4154 6322
376 334 484 398 745

1435 323 1924 400 ΟΗᾸΞΞΤΙΟΝΕΞ
1961 323 2062 382 ΑΒ
2107 321 2614 382 THALASSIUM.

3527 323 3632 387 746

376 449 590 517 πέφυκε
618 444 935 516 λογισμούς.
961 443 1040 497 Ού
1068 443 1175 514 γὰρ
1209 443 1418 511 πέφυκε
1446 443 1611 496 πάθει
1641 438 1947 511 συνεμφαί-

2074 437 2212 504 genio
2239 443 2298 492 et
2335 436 2531 492 vilium
2559 436 2727 492 habet
2752 452 2964 507 parere,
2990 445 3042 493 et
3083 439 3364 494 naturales
3392 439 3633 496 rationes

377 538 565 593 νεσθαι
622 537 685 589 τὸ
731 535 994 606 παράπαν
1022 532 1238 603 φύσεως
1259 533 1415 600 λόγος
1443 532 1576 602 (16),
1605 531 1796 602 ὥσπερ
1826 528 1953 582 οὕτε

377 627 538 699 φύσει
563 624 1054 680 συναποτίκτεσθαι
1082 622 1224 677 κατὰ
1246 622 1344 694 τὴν
1382 623 1594 690 γένεσιν
1618 619 1809 682 πάθος.

450 801 659 858 Οὐκοῦν
697 801 725 855 6
761 799 922 870 μόνου
973 799 1064 851 τοῦ
1107 799 1436 870 γράμματος
1461 799 1558 869 τῆς
1584 797 1806 870 Γραφῆς
1829 798 1956 852 άντ-

295 955 300 958 ,
378 896 638 967 εχόμενος
672 894 814 946 κατὰ
836 893 927 945 τὸν
949 891 1144 956 Σαοὺλ,
1178 893 1272 944 καὶ
1297 892 1422 954 τοὺς
1453 891 1596 945 κατὰ
1625 892 1790 961 φύσιν
1821 890 1958 944 ἀπο-

379 986 659 1058 πέμπεται
688 984 901 1052 λόγους,
933 983 1028 1037 καὶ
1065 984 1162 1054 τὴν
1187 983 1465 1052 μυστικῶς
1497 982 1958 1054 προκεκηρυγμὲ-

379 1096 480 1151 νην
511 1078 620 1134 τῶν
659 1075 830 1131 ὲθνῶν
868 1077 929 1130 οὐ
963 1075 1323 1148 προσδέχεται
1374 1075 1588 1145 κλῆσιν,
1622 1075 1759 1146 πρὸς
1791 1075 1960 1147 μόνην

380 1167 630 1242 κεχηνὼς
668 1168 812 1224 κατὰ
857 1168 1020 1239 νόμον
1046 1208 1062 1232 ,
1097 1167 1173 1230 ὡς
1199 1167 1394 1232 οἴεται,
1445 1168 1543 1236 τῆς
1601 1167 1806 1239 σαρκὸς
1862 1168 1962 1240 τὴν

381 1262 706 1322 ἀπόλαυσιν.
737 1259 954 1331 Ταύτης
983 1257 1076 1314 οὖν
1125 1259 1434 1330 κρατούσης
1460 1259 1569 1313 τῶν
1602 1259 1745 1312 κατὰ
1793 1259 1962 1330 μόνην

381 1353 483 1422 τὴν
512 1352 764 1421 αἴσθησιν
790 1349 1008 1414 ζώντων
1034 1351 1170 1420 (17),
1203 1351 1303 1419 τῆς
1333 1349 1476 1403 κατὰ
1511 1349 1676 1418 νόμον
1718 1366 1961 1419 σωματι-

384 1445 492 1514 κῆς
510 1442 824 1506 διαθέσεως,
853 1444 881 1494 6
903 1442 1061 1512 λιμὸς
1085 1442 1146 1495 οὐ
1178 1442 1544 1495 διαδείκνυται
1573 1441 1675 1510 τῆς
1704 1440 1856 1506 θείας
1905 1443 1965 1494 ὲν

385 1534 662 1605 πνεύματι
709 1534 983 1602 γνώσεως.
1039 1534 1212 1605 Λιμὸς
1241 1533 1351 1603 γάρ
1391 1535 1561 1601 ἐστιν,
1615 1535 1691 1594 ὡς
1725 1533 1962 1604 ἀληθῶς,

385 1627 627 1696 ἔκλειψις
665 1628 773 1681 τῶν
812 1626 935 1681 κατ’
990 1626 1160 1698 αὐτὴν
1212 1625 1314 1696 τὴν
1371 1628 1568 1696 πεῖραν
1609 1625 1965 1696 ἐγνωσμένων

381 1719 627 1787 ἀγαθῶν,
697 1718 790 1773 καὶ
861 1718 1065 1790 ἀπορία
1123 1719 1216 1773 καί
1268 1718 1464 1780 σπάνις
1510 1718 1787 1790 παντελὴς
1851 1718 1963 1771 τῶν

2059 525 2335 593 perimere
2372 534 2430 578 et
2466 539 2813 579 consumere.
2853 524 3008 579 Haud
3043 526 3191 581 enim
3233 535 3632 596 comparatum,

2060 620 2123 666 ut
2171 627 2281 668 una
2321 628 2446 668 cum
2499 611 2653 678 vitio,
2695 621 2906 668 naturae
2959 614 3096 670 ratio
3138 615 3522 683 splendescat;
3555 617 3635 670 uti

2059 717 2240 773 neque
2273 714 2334 760 ut
2360 720 2468 759 una
2505 719 2630 758 cum
2655 712 2872 769 natura,
2897 704 3091 764 vitium
3116 715 3302 762 ortum
3343 706 3565 766 habeat.

2131 792 2236 860 Qui
2284 793 2453 865 igitur
2501 793 2683 850 Saulis
2727 808 2902 858 more,
2953 794 3057 849 soli
3108 794 3408 864 Scriptura:
3438 795 3637 851 littera:

2061 884 2324 949 adhaeret,
2354 893 2473 941 tum
2511 884 2794 942 naturales
2831 884 3042 956 respuit
3069 881 3332 951 rationes,
3367 893 3482 945 tum
3505 887 3635 941 olim

2061 975 2292 1046 mystice
2324 974 2676 1044 praedicatam
2705 976 2950 1046 gentium
3001 975 3348 1032 vocationem
3388 993 3499 1032 non
3537 978 3634 1032 ad-

2062 1065 2274 1132 mittit;
2315 1066 2418 1120 soli
2460 1066 2542 1138 (ut
2582 1065 2878 1132 existimat)
2909 1082 2979 1122 ex
3011 1065 3146 1137 legis
3176 1068 3389 1122 ratione
3419 1068 3637 1122 inhians

2062 1156 2246 1211 carnis
2284 1155 2573 1224 voluptati.
2612 1154 2726 1210 Hac
2757 1156 2923 1226 igitur
2947 1156 3056 1211 illis
3082 1144 3406 1226 imperante,
3437 1159 3532 1227 qui
3569 1173 3634 1213 ex

2065 1248 2180 1303 sola
2211 1261 2406 1303 sensus
2444 1246 2655 1300 ratione
2679 1247 2892 1313 vivunt,
2921 1246 3120 1303 divinae
3155 1247 3210 1304 in
3235 1233 3432 1320 spiritu
3455 1250 3604 1305 scien
3633 1288 3644 1292 -

2065 1337 2155 1391 tiae
2186 1336 2359 1392 fames
2387 1352 2497 1391 non
2544 1337 2816 1407 proditur.
2869 1337 3080 1394 Revera
3120 1340 3268 1393 enim
3311 1341 3484 1397 fames
3530 1351 3633 1402 est.

2064 1443 2261 1485 eorum
2319 1427 2594 1483 bonorum
2646 1427 2916 1494 defectus,
2963 1445 3086 1500 qua:
3136 1430 3252 1501 ipsa
3299 1433 3636 1500 experientia

2067 1521 2286 1590 cognita
2321 1530 2471 1585 sunt,
2514 1529 2836 1591 egestasque
2874 1520 3116 1590 undique
3153 1537 3217 1576 ac
3260 1523 3490 1591 penuria
3530 1525 3639 1592 spi-

2069 1612 2314 1666 ritalium
2381 1627 2666 1676 escarum,
2720 1626 2841 1681 quae
2887 1612 3299 1666 consistentiam
3350 1627 3414 1666 ac
3471 1613 3640 1668 robur

2069 1702 2267 1758 animae
2305 1703 2575 1758 tribuunt.
2617 1701 2738 1769 Quo
2777 1702 2927 1758 enim
2971 1703 3094 1772 quis
3124 1703 3288 1758 modo
3325 1703 3522 1758 famem
3552 1706 3640 1758 ul-

382 1780 482 1880 την
512 1780 692 1880 ψυχὴν
721 1780 1178 1880 συγκρατούντων
1212 1808 1600 1877 πνευματικῶν
1635 1780 1959 1879 βρωμάτων.

2074 1792 2244 1846 lamve
2280 1791 2550 1862 jacturam
2587 1790 3010 1856 existimaverit,
3053 1793 3201 1861 quod
3240 1792 3307 1848 iis
3333 1802 3520 1847 careat
3547 1794 3642 1846 bo-

385 1903 511 1966 Πῶς
539 1901 647 1972 γὰρ
666 1901 824 1970 λιμὸν
845 1900 1114 1972 ἡγήσεταί
1143 1900 1282 1970 τιςῆ
1311 1899 1536 1971 ζημίαν,
1572 1899 1670 1970 τὴν
1696 1899 1805 1953 τῶν
1830 1899 1965 1954 καθ·

385 1993 533 2058 άπαξ
570 1993 718 2062 αύτῷ
751 1991 1018 2063 μηδαμῶς
1063 1991 1422 2062 ἐγνωσμένων
1449 1990 1774 2062 ἀφαίρεσιν;
1803 1990 1966 2046 Ὅθεν

385 2083 587 2150 ζῶντος
623 2083 814 2147 Σαοὺλ,
859 2082 920 2134 ού
965 2081 1176 2150 γίνεται
1215 2082 1410 2152 λιμόςο
1461 2083 1544 2136 ὅτι
1589 2081 1723 2152 μηδὲ
1752 2082 1964 2153 πέφυκε

384 2177 587 2241 ζῶντος
617 2174 711 2228 τοῦ
743 2173 884 2231 κατὰ
907 2173 1072 2244 νόμον
1097 2173 1444 2244 γράμματος,
1466 2172 1561 2228 καὶ
1591 2171 1967 2244 βασιλεύοντος

385 2269 494 2322 τῶν
525 2267 724 2324 ὑλικῶν
747 2266 846 2336 τὴν
867 2266 1104 2323 διάνοιαν
1146 2264 1439 2330 Ἰουδαίων,
1466 2266 1567 2335 τῆς
1592 2264 1966 2338 πνευματικῆς

385 2359 640 2428 γνώσεως
676 2357 1075 2429 διαγνωσθῆναι
1105 2358 1200 2431 τὴν
1235 2357 1444 2414 ινδειαν
1465 2374 1477 2392 ’
1511 2357 1747 2428 ὁπηνίκα
1782 2357 1842 2410 δὲ
1867 2357 1968 2428 τῆς

388 2450 749 2521 εὐαγγελικῆς
788 2449 1011 2521 χάριτος
1043 2449 1322 2522 διαλάμψῃ
1370 2450 1432 2503 τὸ
1472 2449 1655 2514 σέλας,
1694 2450 1788 2504 καὶ
1824 2448 1968 2523 λάΰῃ

386 2544 487 2613 τὴν
524 2541 798 2612 βασιλείαν
835 2540 943 2593 τῶν
977 2540 1364 2611 πνευματικῶν
1411 2541 1510 2610 τὴν
1538 2539 1779 2595 διάνοιαν
1805 2539 1969 2593 Δαδὶδ

387 2636 418 2687 ό
441 2632 822 2702 πανεύφημος,
857 2633 916 2696 ὃς
937 2633 1083 2684 ἐστιν
1111 2634 1140 2685 6
1167 2629 1310 2686 κατὰ
1343 2630 1558 2702 πνεῦμα
1609 2630 1792 2701 νόμος,
1830 2630 1970 2701 μετὰ

388 2725 482 2777 τὸν
513 2724 742 2778 θάνατον
782 2723 979 2789 Σαοὺλ,
1007 2724 1178 2794 ἤγουν
1216 2723 1355 2794 μετὰ
1383 2723 1482 2793 τὴν
1519 2721 1613 2776 τοῦ
1640 2723 1968 2792 γράμματος

390 2816 652 2885 τελευτήν
682 2814 1080 2886 ’ἑρμηνεύεται
1127 2815 1236 2885 γὰρ
1266 2814 1295 2866 6
1324 2814 1509 2880 Δαὸὶδ,
1543 2813 1967 2881 ἐξουδένωσις,

397 2904 494 2956 καὶ
532 2903 774 2972 ἰσχυρὸς
813 2903 1020 2972 δράσει
1039 2921 1052 2934 ·
1078 2903 1139 2956 τὸ
1165 2903 1264 2974 μὲν
1283 2903 1397 2974 γὰρ
1427 2903 1644 2973 λέγεται
1680 2906 1805 2960 κατ’
1834 2905 1968 2960 ’1ου-

396 2994 582 3058 δαίους
601 2994 1041 3058 πλεονεκτούντος
1066 2994 1128 3048 τὸ
1144 2993 1362 3065 πνεῦμα
1381 2993 1473 3048 τοῦ
1492 2995 1818 3066 γράμματος
1836 2995 1968 3065 (18)’

2065 1881 2172 1945 nis,
2195 1895 2318 1950 quae
2343 1895 2446 1935 nec
2465 1896 2690 1951 prorsus
2726 1882 2986 1936 noverit?
3020 1882 3386 1949 Quamobrem
3419 1884 3639 1942 vivente

2066 1973 2229 2029 Saule
2255 1988 2366 2028 non
2403 1974 2672 2045 contingit
2707 1974 2920 2042 fames;
2960 1975 3108 2046 quod
3146 1991 3326 2046 neque
3359 1992 3640 2047 compara-

2067 2074 2186 2120 tum
2207 2065 2279 2121 sit
2305 2074 2389 2132 ut,
2409 2067 2630 2122 vivente
2648 2066 2784 2138 legis
2797 2067 3002 2133 littera,
3033 2083 3098 2122 ac
3123 2063 3438 2124 Iudaeorum
3460 2070 3642 2125 animo

2067 2163 2416 2212 terrenarum
2453 2155 2793 2222 dominante,
2839 2157 3106 2227 spiritalis
3141 2157 3388 2215 scientia}
3412 2161 3642 2230 penuria

2067 2247 2441 2318 dignoscatur.
2472 2247 2577 2304 Ubi
2600 2257 2783 2304 autem
2809 2249 3136 2321 evangelicae
3159 2250 3345 2322 gratiae
3363 2251 3527 2322 iubar
3555 2252 3642 2312 tli-

2067 2338 2243 2408 luxit;
2282 2355 2348 2396 ac
2369 2340 2710 2397 clarissimus
2733 2340 2927 2405 David,
2967 2340 3296 2410 spiritalium
3336 2351 3520 2396 mente
3553 2357 3643 2396 re-

2069 2445 2237 2500 gnum
2285 2430 2579 2500 capessivit
2623 2429 2736 2502 (lex
2775 2431 2987 2486 scilicet
3024 2431 3310 2502 spiritalis)
3360 2431 3522 2488 Saule
3549 2447 3645 2487 ex-

2069 2521 2311 2586 stincto;
2348 2528 2473 2589 post
2511 2530 2745 2574 mortem
2779 2521 2990 2576 scilicet
3027 2523 3226 2578 littera:
3251 2524 3440 2594 (David
3471 2523 3642 2584 enim,

2069 2613 2119 2669 si
2157 2628 2361 2669 nomen
2398 2614 2799 2684 interpreteris,
2841 2616 3035 2684 spretio
3069 2626 3172 2680 est,
3216 2624 3274 2669 et
3308 2617 3419 2672 visu
3444 2616 3593 2685 {ortis
3624 2631 3645 2670 :

2070 2705 2219 2780 quod
2271 2705 2542 2770 alterum,
2595 2705 2912 2762 Judzeorum
2953 2722 3118 2766 sensu
3169 2707 3407 2772 dicitur,
3463 2709 3646 2764 littera

2071 2797 2322 2868 spiritum
2339 2798 2682 2868 opprimente
2701 2815 2716 2865 ;
2737 2798 3317 2864 alterum,Christiano
3333 2815 3484 2855 more
3501 2816 3646 2856 nun-

2072 2901 2325 2962 cupatur,
2363 2893 2562 2962 spiritu
2605 2894 2843 2948 litteram
2897 2893 3170 2967 vincente)
3231 2903 3363 2950 tunc
3402 2895 3648 2951 scientiae

2073 2975 2130 3038 in
2158 2984 2357 3053 spiritu
2387 2982 2559 3038 fames
2591 2984 2972 3055 dignoscitur:
3003 2985 3370 3042 communiter
3400 2987 3644 3057 quidem,

394 3087 457 3139 τὸ
477 3085 556 3152 δὲ,
584 3085 723 3140 κατὰ
744 3086 1107 3159 Χριστιανοὺς
1135 3086 1628 3158 προσαγορεύεται,
1649 3090 1970 3158 νικήσαντος

2075 3073 2131 3128 in
2173 3073 2319 3128 ﬁdeli
2360 3074 2477 3143 ipso
2515 3076 2755 3146 populo;
2785 3077 3038 3146 privatim
3061 3087 3264 3144 autem,
3297 3079 3350 3131 in
3383 3079 3650 3148 cujusque

396 3178 459 3233 τὺ
482 3179 716 3250 γράμμα
753 3179 845 3233 τοῦ
886 3179 1235 3250 πνεύματοςο
1269 3177 1572 3250 τηνικαῦτα
1619 3179 1975 3247 διαγινώσκε-

396 3285 489 3322 ται
518 3267 618 3339 τῆς
646 3269 704 3321 ἐν
731 3268 1002 3339 πνεύματι
1029 3266 1284 3337 γνώσεως
1305 3270 1333 3321 6
1359 3267 1517 3337 λιμός
1536 3283 1550 3298 ο
1578 3268 1773 3332 κοινῶς
1799 3269 1896 3338 μὲν
1918 3269 1976 3324 ἐν

396 3357 477 3429 τῷ
511 3357 687 3429 πιστῷ
729 3358 844 3430 λαῷ
867 3399 883 3425 ,
933 3359 1028 3414 καὶ
1069 3361 1136 3429 τῇ
1167 3358 1314 3429 ψυχῇ
1341 3357 1436 3411 τοῦ
1463 3358 1586 3411 καθ’
1617 3357 1848 3416 ἕκαστον
1882 3359 1976 3415 ιδι-

399 3449 535 3513 κῶς,
582 3450 709 3504 ὅταν
750 3449 852 3515 τῆς
882 3451 960 3504 ὲν·
999 3449 1272 3518 πνεύματι
1304 3449 1573 3520 μυστικῆς
1602 3448 1836 3520 θεωρίας
1879 3449 1976 3520 τὴν

401 3539 557 3603 ἐκτὸς
589 3540 1031 3611 προφαινομένην
1054 3539 1146 3593 τοῦ
1180 3539 1512 3610 γράμματος
1533 3538 1822 3608 προκρίνει
1845 3556 1979 3608 προ·

401 3635 592 3704 ϐολήν·
629 3635 725 3689 καὶ
753 3629 866 3688 οἷον
894 3635 1090 3699 εἰπεῖν,
1120 3635 1220 3703 τὴν
1270 3632 1446 3704 ψυχὴν
1475 3631 1576 3703 τῆς
1608 3633 1832 3704 Γραφῆς
1866 3633 1979 3687 άτι-

405 3730 658 3799 μωτέραν
686 3730 915 3781 ποιεῖται
949 3726 1044 3780 τοῦ
1076 3723 1329 3795 σώματος
1371 3724 1505 3796 (19).
1545 3724 1822 3796 Λιμώττει
1869 3724 1978 3794 γὰρ

401 3823 491 3874 ἐπ’
523 3822 780 3893 ἀληθείας
805 3823 912 3876 τῶν
941 3821 1151 3875 πιστῶν
1173 3822 1268 3874 καὶ
1297 3820 1688 3890 ὲπεγνωκότων
1717 3819 1816 3890 τὴν
1847 3819 1980 3890 ἀλή-

405 3915 555 3966 θειαν
578 3916 606 3966 ό
631 3912 781 3978 λαὸς,
824 3914 919 3968 καὶ
949 3915 982 3983 ή
1011 3913 1159 3984 ψυχὴ
1199 3911 1294 3970 τοῦ
1325 3911 1446 3968 καθ’
1477 3912 1707 3968 ἕκαστον
1730 3911 1977 3982 ἀφεμένη

401 4006 502 4074 τῆς
522 4006 577 4056 ὲν
598 4007 662 4075 τῇ
687 4004 866 4074 χάριτι
898 4003 1274 4073 πνευματικῆς
1301 4002 1558 4073 θεωρίας,
1589 4002 1684 4055 καὶ
1711 4001 1977 4072 γενομένη

405 4097 502 4166 τῆς
528 4096 768 4164 τυπικῆς
820 4098 877 4147 ὲν
905 4096 982 4165 τῷ
1022 4095 1310 4167 γράμματι
1357 4092 1621 4157 δουλείας,
1652 4092 1727 4163 μὴ
1765 4091 1982 4164 διατρέ-

405 4203 584 4255 φουσα
614 4187 702 4238 τὸν
733 4185 856 4240 νοῦν
904 4188 1024 4251 ταῖς
1071 4185 1181 4239 τῶν
1228 4186 1514 4256 νοημάτων
1563 4185 1977 4256 μεγαλονοῒαις’

404 4279 545 4334 ἀλλὰ
603 4277 884 4348 πληροῦσα
923 4277 1020 4347 τὴν
1072 4277 1323 4347 αἴσθησιν
1367 4277 1643 4347 ὲμπαθοῦς
1684 4277 1981 4346 φαντασίας

400 4372 526 4434 ταῖς
557 4372 892 4439 σωματικαῖς
925 4369 1033 4422 τῶν
1066 4368 1355 4439 γραφικῶν
1388 4368 1670 4440 συμϐόλων
1709 4369 1981 4422 διατυπώ-

2077 3163 2417 3233 singulorum
2472 3166 2674 3232 anima,
2735 3181 2860 3219 cum
2913 3167 3154 3237 mysticze
3194 3167 3249 3222 in
3283 3167 3478 3237 spiritu
3517 3183 3650 3221 con-

2078 3253 2445 3323 templationi,
2485 3255 2728 3312 exterius
2768 3256 3175 3323 observantem,
3228 3257 3394 3328 280
3429 3258 3651 3328 primis-

2076 3361 2185 3416 que
2218 3347 2389 3403 radiis
2421 3349 2620 3411 lucem,
2646 3349 2916 3420 objectam
2946 3351 3187 3406 litteram
3223 3353 3528 3421 anteponit,
3572 3360 3648 3414 et,

2077 3449 2140 3494 ut
2176 3439 2254 3495 sic
2289 3440 2504 3510 loquar,
2548 3439 2848 3520 Scriptura:
2885 3443 3125 3497 animam
3165 3457 3396 3512 corpore
3434 3442 3649 3513 ignobi-

2077 3532 2273 3586 liorem
2311 3532 2482 3586 ducit.
2517 3530 2682 3586 Plane
2719 3533 2869 3587 enim
2911 3532 3157 3588 ﬁdelium
3180 3535 3435 3605 populus,
3463 3551 3527 3591 ac
3558 3537 3650 3604 qui

2077 3623 2302 3693 agnovit
2351 3623 2658 3687 veritatem,
2712 3623 2889 3677 esurit
2915 3641 2929 3688 ;
2960 3625 3225 3694 cujusque
3257 3625 3385 3679 item
3414 3625 3657 3697 singulo—

2080 3729 2204 3769 rum
2258 3716 2462 3780 anima,
2524 3715 2756 3784 spiritali
2813 3717 3000 3786 gratiae
3062 3718 3522 3787 contemplatione
3573 3718 3656 3772 di»

2079 3806 2277 3868 missa,
2317 3821 2382 3860 ac
2427 3805 2642 3876 ﬁgurali
2690 3807 2890 3862 litterae
2931 3808 3186 3862 servituti
3239 3809 3492 3872 addicta,
3532 3826 3656 3880 quae

2080 3896 2386 3968 magniﬁcis
2436 3898 2606 3952 animi
2649 3907 3015 3968 conceptuum
3056 3900 3234 3955 sensis
3273 3908 3512 3954 mentem
3542 3917 3652 3954 non

2079 3998 2326 4074 nutriat,
2367 3997 2467 4052 sed
2513 3996 2808 4052 libidinosa
2861 3997 3224 4066 cogitatione,
3281 3999 3654 4067 corporalibus

2081 4089 2452 4162 symbolorum
2507 4089 2806 4158 Scriptura;
2864 4087 3376 4151 informationibus,
3432 4104 3650 4144 sensum

2081 4193 2307 4262 repleat.
2351 4192 2560 4246 Divina:
2603 4191 2788 4260 itaque
2822 4190 3066 4246 scientiae
3105 4191 3425 4261 comprimis
3448 4191 3652 4248 conﬂa-

2083 4293 2170 4338 tur
2205 4283 2389 4354 fames,
2419 4299 2586 4338 annos
2609 4292 2732 4348 tres,
2774 4298 2945 4337 annus
2977 4298 3118 4336 anno
3160 4283 3454 4338 continuus.
3490 4283 3652 4349 Quis-

2081 4375 2206 4445 quis
2243 4374 2390 4430 enim
2430 4374 2731 4444 spiritalem
2787 4373 3086 4442 Scriptum
3131 4375 3651 4444 contemplationem

407 4479 548 4516 σεσι.
578 4438 668 4514 Aab
695 4459 842 4522 θείας
859 4461 1112 4528 γνώσεως
1138 4438 1372 4530 μάλιστα
1401 4438 1608 4529 γίνεται
1629 4461 1825 4528 λιμὸς,
1845 4463 1972 4530 τρία

2083 4483 2193 4522 non
2219 4465 2476 4531 admittit,
2509 4475 2622 4528 tum
2644 4466 2949 4520 naturalem
2973 4465 3283 4526 .ludaeorum
3308 4481 3458 4520 more
3479 4467 3651 4537 legem

405 4553 536 4618 ἐτη,
574 4551 843 4617 ἐνιαυτός
889 4553 1177 4620 ἐχόμενος
1233 4551 1531 4605 ἐνιαυτοῦ.
1567 4553 1681 4614 Πᾶς
1711 4553 1818 4624 γὰρ
1879 4553 1979 4624 τὴν

408 4645 782 4714 πνευματικὴν
812 4646 904 4714 τῆς
933 4643 1080 4707 θείας
1113 4644 1333 4714 Γραφῆς
1368 4644 1599 4716 θεωρίαν
1639 4645 1715 4716 μὴ
1753 4647 1975 4718 προσιέ-

2087 4575 2196 4612 una
2229 4558 2460 4627 respuit,
2504 4566 2617 4612 tum
2651 4557 2840 4626 gratia:
2883 4556 3080 4626 legem,
3122 4573 3230 4626 qua
3279 4557 3389 4612 illis
3448 4558 3544 4628 qui
3591 4574 3654 4612 ea

2081 4657 2340 4720 aguntur,
2370 4646 2647 4704 deiﬁcatio
2673 4657 2986 4718 praestatur,
3027 4649 3279 4704 nescivit.

412 4758 592 4810 μενος,
623 4740 712 4799 τόν
751 4756 810 4791 τε
863 4739 1090 4807 φυσικὸν
1143 4738 1316 4812 ταύτῃ
1380 4740 1520 4793 κατὰ
1585 4744 1712 4808 τοὺς
1775 4745 2058 4812 Ἰουδαίους
2097 4745 2452 4800 συναπώσατο
2497 4746 2694 4816 νόμον
2733 4749 2826 4800 καὶ
2886 4745 2980 4798 τὸν
3033 4747 3090 4798 ἐν
3140 4749 3206 4817 τῇ
3258 4747 3442 4817 χάριτι
3494 4747 3656 4815 νόμον

408 4831 666 4901 ἠγνόησε,
697 4829 816 4883 καθ’
843 4830 901 4884 ὃν
923 4829 1128 4882 δίδοται
1152 4833 1261 4893 τοῖς
1282 4829 1401 4884 κατ’
1434 4831 1596 4883 αὐτὸν
1628 4833 1968 4908 άγομένοιςὴ
2011 4837 2223 4898 θέωσις.

480 4927 690 4980 Οὐκοῦν
718 4926 937 4997 ὁίλιμὸς
961 4927 1069 4980 τῶν
1107 4927 1274 4998 τριῶν
1313 4926 1454 4978 ἑτῶν
1484 4927 1597 4997 (90)
1626 4928 1773 4998 δηλοί
1803 4931 1893 4982 τὸν
1922 4933 1978 4984 ὲν

299 5019 307 5026 ’
408 5021 524 5082 τοῖς
552 5019 697 5090 τρισὶ
723 5018 930 5088 νόμοις,
959 5017 1038 5088 τῷ
1063 5034 1122 5070 τε
1149 5017 1364 5087 φυσικῷ
1399 5017 1560 5084 λέγω,
1605 5020 1700 5071 καὶ⁹
1737 5019 1814 5088 τῷ
1847 5037 1984 5092 γρα-

412 5111 552 5180 πτῷ,
585 5111 679 5164 καὶ
706 5109 782 5178 τῷ
810 5111 909 5180 τῆς
940 5111 1178 5179 χάριτος,
1210 5107 1487 5176 ἀναλόγως
1515 5109 1730 5180 ἑκάστῳ
1757 5111 1983 5182 γενομέ-

412 5220 512 5273 νην
544 5204 640 5271 τῆς
669 5202 922 5269 γνώσεως
971 5202 1197 5266 ἔνδειαν,
1237 5202 1349 5264 τοῖς
1395 5201 1495 5252 οὐκ
1536 5201 1984 5270 ἐπιμελουμένοις

409 5293 512 5363 τῆς
545 5293 721 5346 αὐτῶν
751 5293 890 5346 κατὰ
921 5293 1019 5364 τὴν
1043 5293 1274 5366 θεωρίαν
1318 5293 1630 5362 ἀναγωγῆς.
1676 5295 1985 5364 Ἐπιμελεϊ⁴

410 5384 541 5438 σθαι
569 5386 676 5457 γάρ
705 5385 982 5449 παντελῶς
1011 5387 1071 5439 οὐ
1101 5385 1320 5437 δύναται
1356 5384 1454 5452 τῆς
1487 5386 1593 5437 τῶν
1617 5385 1655 5437 Γ
1661 5386 1846 5456 ραφῶν
1865 5388 1985 5440 tm-

417 5475 651 5547 στήμης,
679 5478 707 5528 6
737 5476 864 5538 τοὺς
916 5474 1016 5544 μὲν
1047 5476 1308 5542 φυσικοὺς
1353 5474 1462 5527 τῶν
1517 5473 1686 5528 ὄντων
1719 5475 1859 5530 κατὰ
1887 5477 1984 5547 τὴν

415 5569 650 5638 θεωρίαν
679 5567 1065 5636 ἀπωθούμενος
1102 5566 1292 5633 λόγους
1314 5583 1327 5597 ⁸
1353 5568 1706 5636 ἀντεχόμενος
1729 5567 1784 5622 δὲ
1810 5568 1986 5637 μόνων

413 5661 522 5717 τῶν
550 5659 750 5713 ὑλικῶν
787 5658 1092 5729 συμϐόλων,
1127 5659 1220 5712 καὶ
1251 5657 1518 5729 μηδεμίαν
1547 5660 1728 5722 αὐτοῖς
1755 5660 1986 5716 ἐπινοῶν

415 5752 724 5825 ὑψηγορίαν
752 5753 1150 5822 πνευματικήν.
1205 5749 1528 5822 Κρατούσης
1557 5751 1664 5821 γὰρ
1698 5751 1864 5820 μόνης
1889 5752 1988 5821 τῆς

732 5851 1000 5908 Ριιτιιοι..
1051 5849 1166 5908 Gn.
1260 5847 1390 5905 XC.

2158 4932 2346 4986 Trium
2389 4946 2518 5000 ergo
2553 4947 2821 4986 annorum
2860 4931 3048 4995 fames,
3093 4922 3654 4998 scicntire'pcnuriam

2088 5024 2144 5078 in
2183 5025 2342 5078 tertia
2383 5037 2600 5090 quaque
2637 5022 2756 5091 lege
2797 5021 3072 5090 (naturali,
3119 5020 3320 5088 scripta
3358 5029 3414 5073 et
3447 5021 3654 5090 gratim)

2088 5131 2190 5185 pro
2229 5117 2496 5184 cujusque
2540 5115 2755 5168 ratione
2799 5114 2866 5166 iis
2902 5112 3192 5168 conﬂatam
3231 5110 3521 5181 signiﬁcat,
3563 5113 3655 5181 qui

2089 5221 2276 5261 earum
2327 5203 2690 5258 institutionis
2745 5201 3150 5272 contemplandi
3204 5217 3434 5256 munere
3469 5218 3661 5257 sensu-

2090 5315 2198 5369 que
2249 5297 2480 5368 spiritali
2541 5311 2726 5350 curam
2767 5310 2877 5350 non
2911 5304 3160 5366 egerunt.
3204 5295 3319 5350 Nec
3363 5295 3509 5349 enim
3550 5295 3662 5348 ullo

2086 5389 2309 5460 penitus
2334 5386 2498 5441 modo
2520 5387 2925 5456 Scripturarum
2955 5387 3206 5456 peritiam
3238 5402 3434 5441 curare
3461 5396 3659 5456 potest.

2087 5480 2182 5548 qui
2224 5477 2506 5532 naturales
2533 5491 2717 5531 rerum
2759 5476 3000 5529 rationes
3035 5474 3394 5543 contemplari
3431 5477 3662 5545 respuit.

2088 5571 2329 5639 solisque
2359 5568 2597 5624 terrenis
2628 5568 2894 5641 symbolis
2924 5567 3167 5622 animum
3192 5566 3418 5629 addicit,
3449 5582 3550 5621 nec
3580 5569 3668 5619 nl-

2090 5663 2199 5716 lam
2229 5663 2286 5715 in
2323 5662 2405 5715 eis
2443 5661 2708 5731 spiritalis
2735 5676 2931 5715 sensus
2964 5659 3359 5714 sublimitatem
3390 5658 3663 5728 intelligit.

2091 5752 2346 5817 Quandiu
2390 5753 2535 5808 enim
2599 5753 2710 5808 sola
2765 5752 3173 5822 Scripturarum
3218 5751 3477 5805 historica
3521 5749 3667 5818 viget

3269 5843 3346 5903 23
