4154 6322
531 357 534 362 ’
553 361 654 426 747

1723 355 1782 415 S.
1823 353 2112 414 MAXIMI
2149 353 2656 414 CONFESSORIS

3696 354 3802 416 748

547 467 808 525 narratio.
857 466 1090 521 necdum
1145 463 1499 535 caducarum‘
1531 472 2119 532 temporanearumque

2236 461 2570 530 ίστοριώδους
2615 462 2721 514 τῶν
2767 461 2999 531 Γραφῶν
3055 460 3386 533 ἀφηγήσεως
3435 460 3570 531 (21),
3601 461 3664 514 τὸ
3694 464 3803 515 τῶν

548 575 734 614 rerum
770 567 1007 628 potestas
1035 571 1098 610 ac
1137 556 1431 625 imperium
1479 555 1664 608 animo
1709 553 1992 617 decessit;
2026 549 2122 606 sed

546 649 726 703 adhuc
759 646 1002 701 defuncti
1041 644 1222 700 Saulis
1259 643 1419 698 liberi
1455 653 1618 713 atque
1649 653 1900 711 nepotes,
1930 653 2123 695 omnes

547 755 773 795 numero
809 746 1040 808 septem,
1082 737 1137 790 in
1177 736 1318 790 vivis
1353 743 1561 806 agunt;
1587 731 1891 803 corporalis
1913 731 2126 786 scilicet

545 839 602 884 et
652 838 1038 898 temporaneus
1083 825 1219 896 legis
1257 825 1456 888 cultus,
1511 839 1579 878 ex
1633 837 1743 892 quo
1800 820 2126 892 voluptariis

549 919 882 983 hominibus,
923 933 1024 987 pro
1058 918 1179 988 ejus
1212 932 1376 986 quam
1411 914 1628 971 reddidi
1669 929 1850 969 causae
1887 915 2123 978 ratione,

548 1012 842 1067 libidinosa
877 1010 1102 1066 conﬂari
1143 1009 1364 1064 aﬂ'ectio
1401 1008 1560 1072 solet,
1592 1006 1798 1061 erroris
1819 1006 2125 1060 fomentum

551 1105 776 1168 habens,
807 1111 1048 1173 apertam
1095 1102 1151 1155 in
1195 1099 1458 1170 symbolis
1503 1097 1763 1168 praecepti
1798 1096 2123 1168 jussionem.

549 1197 702 1250 lianc
737 1194 992 1248 existimo
1023 1206 1268 1256 causam,
1291 1205 1396 1245 cur
1435 1189 1492 1243 in
1521 1189 1718 1244 diebus
1745 1187 1926 1242 Saulis
1954 1187 2127 1242 fames

547 1311 655 1350 non
687 1293 852 1348 fuerit
877 1310 893 1358 ;
925 1293 1032 1346 hoc
1057 1299 1162 1356 est,
1193 1287 1439 1344 scientia:
1467 1287 1727 1358 spiritalis
1755 1286 1986 1356 penuria
2016 1299 2127 1339 non

548 1388 602 1440 in
649 1397 898 1454 tempore
937 1382 1132 1453 legalis
1168 1381 1374 1436 carnali
1420 1380 1634 1433 ratione
1676 1378 1880 1440 cultus,
1926 1377 2020 1431 sed
2071 1377 2128 1429 in

551 1491 796 1546 tempore
824 1473 1028 1544 gratiae,
1065 1471 1372 1526 innotuerit
1405 1487 1419 1523 :
1453 1486 1552 1539 per
1586 1467 1753 1537 quod,
1780 1467 1885 1521 nisi
1911 1481 2131 1520 omnem

549 1565 782 1637 spiritali
820 1579 984 1618 sensu
1025 1562 1364 1631 Scripturam
1406 1559 1800 1628 acceperimus,
1841 1566 2130 1626 postquam

549 1658 749 1711 littcrte
806 1654 1123 1709 dominatus
1169 1650 1454 1714 transivit,
1527 1648 1753 1703 omnino
1822 1647 2133 1701 esurientes

551 1747 721 1800 fames
787 1742 1146 1806 conticimur,
1221 1739 1316 1809 qui
1395 1737 1651 1809 mystico
1683 1736 1916 1806 spiritali
1977 1735 2130 1790 cultu

549 1836 879 1892 Christianis
919 1847 1163 1902 congruo
1210 1839 1374 1900 atque
1424 1829 1630 1893 dedito,
1679 1827 1904 1882 minime
1947 1826 2128 1897 potia-

553 1943 697 1982 mur.
737 1926 839 1981 Ubi
869 1932 1052 1978 autem
1077 1921 1301 1976 Davidis
1327 1935 1481 1975 more
1508 1929 1790 1989 assumpto
1817 1934 2006 1982 sensu,
2038 1932 2131 1971 ex-

551 2017 909 2090 quisierimus
958 2015 1154 2069 faciem
1207 2011 1450 2078 Domini,
1495 2012 1672 2081 palam
1707 2009 2013 2074 discimus;
2043 2007 2131 2061 id-

541 2111 696 2166 circo
718 2107 963 2163 scientiae
990 2105 1221 2177 gratiam
1241 2119 1344 2158 nos
1376 2104 1645 2166 amisisse,
1672 2100 1819 2172 quod
1850 2100 2132 2155 naturales

539 2203 710 2273 -281
745 2201 1008 2262 rationes,
1043 2196 1248 2266 quibus
1276 2195 1438 2250 nobis
1481 2195 1548 2249 ad
1590 2193 1874 2265 mysticam
1913 2190 1968 2244 in
2015 2190 2130 2261 spi-

541 2294 663 2346 ritu
698 2289 1217 2359 contemplationem
1259 2287 1487 2358 gradum
1521 2285 1807 2349 faciamus,
1830 2298 1940 2337 non
1975 2296 2132 2336 rece-

558 2385 756 2455 pimus,
799 2383 894 2438 sed
935 2381 1116 2435 adhuc
1154 2369 1470 2450 corporales
1516 2377 1654 2448 legis
1691 2375 1888 2430 litterae
1923 2373 2133 2445 cogita-

557 2477 738 2532 tiones
770 2471 1171 2544 amplectimur.

624 2678 693 2733 Et
746 2675 982 2748 quwsivit
1034 2671 1224 2734 David,
1277 2667 1476 2737 inquit,
1525 2665 1711 2735 faciem
1762 2663 1995 2718 Domini.
2063 2659 2134 2716 Et

554 2772 685 2826 dixit
712 2769 969 2823 Dominus
998 2781 1017 2822 :
1051 2763 1225 2835 Super
1261 2761 1474 2814 domum
1510 2757 1690 2812 Saulis
1741 2756 2028 2827 injustit‘ia,
2075 2769 2134 2808 eo

555 2863 692 2936 quod
713 2859 1030 2930 interfecerit
1057 2854 1400 2913 Cabaonitas.
1432 2849 1605 2906 David
1636 2858 1740 2914 est,
1774 2863 1930 2903 mens
1955 2845 2136 2901 omnis

556 2959 612 3013 in
642 2956 863 3014 Christo
899 2951 1211 3023 perspicax,
1259 2962 1382 3018 qua:
1429 2959 1649 3014 semper
1685 2942 1878 2996 faciem
1916 2939 2133 2995 Domini

541 3056 784 3119 quaerat.
819 3043 1042 3100 Domini
1079 3040 1250 3096 facies
1281 3049 1386 3104 est,
1416 3052 1548 3092 vera
1574 3035 1887 3090 divinorum
1913 3031 2136 3087 virtutis

2226 551 2580 622 προσ-χαίρων
2608 551 2705 604 καὶ
2751 552 3021 622 χρονικῶν
3058 554 3158 623 τῆς
3190 551 3431 614 διανοίας
3473 551 3571 604 οὐκ
3600 551 3804 620 ἀπεγέ-

2223 656 2345 693 νετο
2367 641 2565 712 κράτος
2587 655 2600 669 ·
2625 640 2743 694 ἀλλ’
2772 641 2850 694 ἐτι
2873 640 3008 704 ζῶσι
3037 640 3106 694 τὰ
3129 642 3295 694 τέκνα
3319 639 3412 695 τοῦ
3441 640 3806 704 ἀποθανόντος

2225 731 2419 797 Σαοὺλ,
2447 732 2630 786 καὶτὰ
2649 733 2865 801 ἔκγονα,
2907 733 3047 787 ἑπτὰ
3073 734 3202 788 ὄντα
3229 733 3322 787 τὸν
3349 733 3583 804 ἀριθμόν
3600 750 3617 764 θ
3652 751 3806 788 τουτ-

2225 823 2374 877 έστιν
2398 825 2429 894 ἡ
2457 827 2745 896 σωματικὴ
2764 827 2860 879 τοῦ
2883 826 3048 897 νόμου
3075 826 3301 898 λατρεία
3321 827 3414 879 καὶ
3441 827 3803 899 πρόσκαιρος,

2226 912 2284 981 ἐξ
2315 906 2386 985 ἦς
2422 916 2456 985 ἡ
2486 916 2740 986 ἐμπαθὴς
2771 915 2962 970 είωθεν
2995 917 3397 982 ἀπογεννᾶσθαι
3429 919 3545 980 τοῖς
3574 916 3807 984 φιλοσω-
3857 949 3861 952 ~

2230 1006 2424 1077 μάτοις
2459 1010 2600 1062 κατά
2632 1009 2734 1078 τὴν
2766 1009 3122 1063 ἀποδοθεῖσαν
3163 1010 3344 1063 αἰτίαν
3393 1009 3652 1075 διάθεσις,
3687 1010 3806 1062 ὲπί-

2227 1117 2423 1170 κουρον
2449 1100 2644 1170 ἔχουσα
2664 1102 2764 1172 τῆς
2788 1101 2997 1172 πλάνης
3025 1101 3123 1172 τὴν
3152 1101 3418 1172 πρόδηλον
3441 1103 3500 1154 ὲν
3520 1105 3635 1166 τοῖς
3668 1119 3810 1173 συμ-

2227 1192 2406 1255 ϐόλοις
2453 1193 2738 1264 διαταγήν.
2788 1195 2886 1248 Διά
2936 1193 3140 1264 ταύτην
3171 1190 3326 1264 οἶμαι
3357 1195 3456 1265 τὴν
3513 1195 3690 1248 αίτίαν
3735 1195 3810 1265 μὴ

2228 1285 2476 1353 γίνεσθαι
2508 1285 2663 1355 λιμὸν
2713 1288 2771 1339 ἐν
2800 1288 2921 1349 ταῖς
2952 1286 3188 1357 ἡμέρα-ις
3216 1287 3389 1340 Σαούλ
3418 1303 3431 1317 ο
3490 1287 3770 1340 τουτέστιν
3791 1329 3805 1353 ,

2229 1378 2287 1428 ὲν
2316 1375 2392 1446 τῷ
2441 1377 2619 1447 χρόνῳ
2673 1378 2772 1446 τῆς
2807 1380 3036 1447 νομικῆς
3099 1379 3237 1432 κατὰ
3299 1380 3472 1447 σάρκα
3511 1379 3806 1450 λατρείας,

2229 1469 2327 1538 τὴν
2351 1469 2557 1523 ἔνδειαν
2597 1472 2670 1540 μὴ
2715 1471 3112 1542 διαγνωσθῆναι
3140 1472 3240 1542 τῆς
3267 1474 3324 1525 ὲν
3348 1472 3621 1543 πνεύματι
3666 1471 3808 1541 γνὼ-

2233 1577 2371 1624 σεως
2390 1577 2403 1590 ·
2458 1561 2575 1614 ἀλλ’
2604 1563 2662 1614 έν
2687 1563 2764 1632 τῷ
2800 1563 2976 1633 χρόνῳ
3005 1563 3106 1632 τῆς
3136 1563 3502 1634 ἐὐαγγελικῆς
3550 1565 3771 1634 χάριτος
3791 1582 3805 1595 ·

2231 1652 2354 1706 καθ’
2381 1652 2463 1716 δν,
2493 1655 2623 1706 ὅταν
2655 1653 2729 1725 μὴ
2782 1655 2962 1708 πᾶσαν
3012 1655 3400 1726 πνευματικῶς
3445 1657 3546 1726 τὴν
3584 1657 3808 1726 Γ-ραιρὴν

2234 1745 2682 1817 ὲκλαμϐάνωμεν,
2728 1747 2864 1817 μετά
2896 1748 2996 1817 τὴν
3025 1748 3257 1819 πάροδον
3289 1747 3389 1818 τῆς
3419 1748 3513 1801 τοῦ
3547 1748 3810 1818 γράμμα-

2232 1854 2324 1900 τος
2366 1839 2704 1902 δυναστείας,
2748 1839 3090 1910 λιμώττομεν
3139 1841 3380 1904 πάντως,
3422 1841 3523 1910 τῆς
3551 1841 3812 1911 Χριστια-

2231 1932 2343 1993 νοῖς
2370 1931 2688 2002 πρεπούσης
2715 1934 2986 2002 μυστικῆς
3013 1933 3158 1985 κατὰ
3190 1933 3409 2003 πνεῦμα
3435 1932 3692 2005 λατρείας
3712 1933 3810 1985 οὐκ

2232 2023 2618 2088 ἀπολαύοντεςι
2674 2025 2845 2077 Ἐπάν
2873 2024 2929 2077 δὲ
2981 2025 3238 2089 λαϐόντες
3265 2025 3513 2096 αἴσθησιν
3546 2025 3689 2078 κατὰ
3721 2025 3812 2079 τὸν

2231 2115 2416 2180 Δαὸὶδ,
2443 2114 2770 2188 ζητήσωμεν
2806 2117 2866 2170 τὸ
2907 2117 3199 2186 πρόσωπον
3242 2118 3447 2189 Κυρίου
3481 2117 3592 2189 (22)
3615 2160 3628 2182 ,
3662 2118 3810 2172 διδα-

2235 2208 2478 2278 σκόμεθα
2536 2209 2742 2276 σαφῶς,
2783 2210 2864 2263 ὅτι
2915 2210 3004 2263 διὰ
3031 2212 3093 2263 τὸ
3124 2211 3197 2282 μὴ
3243 2211 3651 2280 παραδέξασθαι
3685 2211 3811 2273 τοὺς

2233 2301 2374 2354 κατά
2419 2300 2581 2370 φύσιν
2616 2301 2808 2366 λόγους
2830 2303 2968 2373 πρὸς
2996 2303 3248 2356 ἐπίϐασιν
3281 2303 3379 2373 τῆς
3441 2305 3500 2356 έν
3535 2303 3812 2374 πνεύματι

2238 2395 2508 2464 μυστικῆς
2531 2393 2783 2466 θεωρίας,
2812 2395 2928 2448 ἀλλ’
2959 2394 3038 2448 ἑτι
3059 2395 3168 2448 τῶν
3197 2397 3255 2448 ἐν
3289 2393 3366 2465 τῷ
3394 2395 3686 2467 γράμματι
3718 2397 3811 2450 τοῦ

2233 2473 2398 2556 νόμου
2453 2487 2780 2555 σωματικῶν
2827 2487 3150 2558 ἀντέχεσθαι
3203 2487 3502 2560 λογισμῶν,
3565 2489 3598 2558 ἡ
3652 2490 3815 2561 χάρις

2235 2577 2484 2651 ἀφῃρέθη
2518 2579 2618 2649 τῆς
2646 2582 2921 2647 γνώσεως.

2309 2671 2417 2724 Καὶ
2448 2671 2721 2739 ἐζήτησε,
2747 2672 2902 2742 φησι,
2925 2671 3102 2725 Δαϐίδ
3127 2672 3192 2726 τὸ
3219 2675 3545 2742 πρόσωπον
3572 2676 3812 2743 Kvplov.

2235 2765 2343 2819 Καὶ
2367 2762 2500 2818 εἷπε
2529 2765 2770 2832 Κύριος·
2816 2764 2941 2817 Ἐπί
2970 2765 3077 2817 τὸν
3103 2762 3273 2818 οἷκον
3301 2765 3502 2820 Σαοὺλ
3531 2769 3568 2835 ἠ
3592 2767 3813 2832 ἀδικία,

2236 2856 2367 2923 περὶ
2397 2851 2467 2912 οὗ
2490 2856 2830 2911 ἐθανάτωσε
2860 2856 3004 2923 τοὺς
3035 2859 3439 2924 Γαϐαωνίτας.
3481 2860 3646 2912 Δαὸίδ
3675 2861 3814 2926 ἐστι,

2237 2948 2346 3010 πᾶς
2378 2946 2501 3009 νοῦς
2530 2945 2672 2999 κατά
2698 2947 2932 3017 Χριστὸν
2958 2947 3265 3017 διορατικὸς
3308 2947 3441 3019 (25),
3487 2949 3577 3002 ἀεὶ
3633 2949 3815 3019 ζητῶν

2234 3036 2296 3091 τὸ
2318 3038 2606 3108 πρόσωπον
2635 3037 2861 3108 Κυρίου.
2899 3038 3196 3110 Πρόσωπον
3228 3039 3285 3092 δὲ
3316 3039 3521 3110 Κυρίου
3548 3041 3818 3112 καθέστη-

558 3154 785 3196 munere
810 3133 1202 3203 contemplatio
1225 3128 1588 3198 scientiaque,
1613 3141 1777 3196 quam
1801 3124 1894 3194 qui
1915 3123 2133 3195 quaerit,

2237 3146 2332 3184 κεν
2364 3130 2397 3199 ἡ
2433 3128 2573 3184 κατά
2621 3129 2720 3201 τὴν
2767 3129 2967 3202 ἀρετὴν
3019 3129 3127 3184 τῶν
3179 3129 3340 3183 θείων
3374 3130 3580 3202 ἀληθὴς
3613 3130 3817 3202 θεωρία

559 3248 778 3289 causam
805 3230 1036 3285 docetur
1069 3228 1188 3297 ejus
1221 3223 1540 3294 indigentiae
1569 3237 1632 3277 ac
1655 3220 1938 3291 penuriae;
1973 3220 2137 3292 jube-

561 3337 760 3394 turque
780 3322 920 3376 duos
941 3318 1122 3374 Saulis
1151 3316 1291 3370 filios
1321 3329 1386 3368 ex
1427 3313 1686 3383 Rhespha
1719 3313 1913 3382 pellice
1948 3312 2137 3366 subla-

563 3426 666 3478 tos,
700 3411 820 3467 neci
850 3409 1088 3472 tradere,
1139 3414 1194 3461 ct
1238 3405 1483 3474 quinque
1523 3402 1668 3456 filios
1705 3401 1974 3466 Merobes,
2017 3401 2138 3471 ejus

549 3507 704 3562 ‘lilize.
725 3502 852 3558 Saul
879 3509 984 3564 est,
1016 3498 1096 3553 uti
1126 3496 1398 3563 dicebam,
1422 3493 1713 3566 expetibilis
1737 3493 1995 3562 infernus,
2022 3493 2138 3547 sive

551 3594 865 3669 ignorantia
882 3587 1262 3644 desiderabilis.
1281 3587 1465 3642 Palam
1489 3586 1634 3641 enim
1653 3583 1962 3638 desiderata
1985 3583 2140 3654 igno-

553 3686 742 3747 rantia
785 3690 892 3747 est,
939 3681 1073 3752 legis
1112 3679 1317 3745 littera,
1367 3692 1567 3747 nempe
1609 3676 1911 3746 corporalis
1947 3675 2140 3746 legalis

565 3780 748 3834 cultus
786 3773 1121 3839 dominatus,
1166 3769 1312 3840 quod
1359 3769 1570 3823 scilicet
1625 3767 1762 3838 legis
1811 3781 2138 3836 corporeum

564 3876 650 3923 cst
679 3883 695 3932 ;
740 3865 855 3920 sive
883 3876 1062 3926 mens,
1088 3875 1209 3930 quae
1238 3859 1410 3913 solam
1444 3871 1607 3912 sensu
1630 3855 1830 3910 litterae
1854 3854 2138 3909 materiam

564 3955 928 4029 corporaliter
961 3952 1326 4023 amplectatur
1359 3965 1423 4004 ac
1445 3949 1609 4004 colat.
1647 3947 1906 4017 Rhespha
1932 3954 2136 4012 autem,

552 4067 664 4123 pro
687 4050 807 4121 ejus
834 4045 1075 4103 nominis
1092 4043 1400 4108 notatione,
1425 4043 1529 4097 oris
1549 4057 1732 4095 cursus
1754 4048 1834 4094 cst
1860 4057 1875 4106 ;
1903 4039 2019 4109 ipsa
2050 4039 2139 4092 ni-

549 4143 766 4198 mirum
799 4139 935 4210 legis
967 4135 1239 4201 doctrina,
1279 4132 1583 4190 secundum
1629 4129 1776 4202 quod
1823 4129 1975 4184 nudo
2021 4145 2139 4185 ser-

566 4250 728 4291 mone
767 4232 1076 4303 profertur.
1111 4227 1250 4282 Vere
1277 4224 1485 4281 etenim
1511 4223 1625 4279 oris
1667 4237 1912 4286 cursum,
1946 4230 2003 4276 at
2029 4237 2140 4276 non

565 4324 789 4386 mentis,
832 4320 1018 4383 habet,
1063 4316 1159 4387 qui
1197 4329 1227 4369 a
1257 4313 1494 4385 spiritali
1514 4313 1652 4384 legis
1675 4312 2141 4383 contemplatione

562 4415 780 4469 alienus
804 4420 907 4466 est.
947 4409 1118 4463 Porro
1150 4405 1421 4475 Rhesphas
1446 4405 1564 4472 ﬁlii,
1598 4405 1888 4459 Ermontbi
1931 4413 2060 4460 sunt
2085 4415 2142 4461 et

2237 3217 2333 3270 καὶ
2383 3219 2602 3286 γνῶσις,
2635 3221 2703 3288 ἦν
2756 3217 2935 3288 ζητῶν
2971 3219 3281 3274 διδάσκεται
3335 3221 3433 3294 τὴν
3490 3222 3670 3276 αίτίαν
3719 3223 3819 3293 τῆς

2238 3309 2361 3362 κατ’
2390 3308 2559 3378 αὐτὴν
2586 3309 2790 3370 ἐνδείας
2825 3309 2921 3362 καὶ
2950 3309 3184 3381 ἀπορίας
3209 3327 3223 3340 ·
3252 3311 3345 3365 καὶ
3380 3313 3661 3368 κελεύεται
3689 3313 3814 3367 δοῦ-

2237 3417 2326 3454 ναι
2357 3399 2495 3471 πρὸς
2525 3400 2752 3454 θάνατον
2783 3403 2908 3465 τοὺς
2927 3401 3018 3454 δύο
3069 3403 3219 3467 υἱοὺς
3253 3404 3446 3469 Σαοὺλ,
3474 3405 3599 3470 τοὺς
3625 3407 3687 3458 ἐκ
3718 3404 3816 3474 τῆς

2239 3492 2565 3556 παλλακίδος
2612 3493 2877 3562 Ῥεσφᾶς,
2904 3494 2998 3546 καὶ
3029 3495 3154 3558 τοὺς
3193 3495 3358 3548 πέντε
3396 3497 3492 3565 τῆς
3515 3495 3678 3549 αὑτοῦ
3720 3495 3817 3548 θυ-

2237 3583 2439 3653 γατρὸς
2471 3582 2674 3651 Μερὼϐ
2703 3583 2870 3646 υίούς.
2895 3583 3066 3637 Σαούλ
3093 3584 3233 3652 ἐστι,
3275 3583 3457 3649 καθὼς
3477 3586 3633 3657 ἔφην,
3657 3590 3817 3654 αίτηο

2238 3671 2342 3738 τὸς
2367 3671 2540 3739 ᾅδης,
2570 3672 2739 3743 ἤγουν
2768 3672 2980 3742 ἄγνοια
3002 3673 3256 3742 ποθητή.
3295 3676 3615 3747 Ποθουμένη
3639 3678 3692 3730 δὲ
3722 3695 3817 3730 σα-

2240 3764 2355 3833 φῶς
2377 3765 2526 3818 ὲστιν
2555 3765 2746 3832 ἄγνοια
2777 3766 2912 3838 (24),
2946 3765 3008 3819 τδ
3031 3767 3268 3838 γράμμα
3290 3768 3351 3821 τὸ
3379 3769 3622 3839 νομικδν,
3651 3769 3814 3840 ἤγουν

2239 3855 2300 3909 τὸ
2333 3856 2644 3927 σωματικὸν
2693 3858 2793 3929 τῆς
2837 3859 2896 3910 ἐν
2929 3857 3080 3929 νόμῳ
3113 3859 3374 3930 λατρείας
3421 3861 3644 3932 κράτος,
3680 3863 3814 3931 ὅπερ

2241 3947 2358 4000 ἐστὶ
2387 3945 2450 3999 τὸ
2479 3945 2573 4000 τοῦ
2607 3947 2769 4018 νόμου
2795 3949 3109 4018 σωματικόν
3132 3965 3148 3983 ο
3171 3949 3203 4020 ἢ
3227 3950 3351 4015 νοῦς
3392 3952 3562 4022 μόνης
3592 3953 3716 4006 κατ’
3734 3955 3816 4007 αί-

2243 4037 2436 4109 σθησιν
2459 4037 2817 4110 ἀντεχόμενος
2851 4041 3180 4113 σωματικῶς
3212 4042 3310 4113 τῆς
3349 4042 3482 4114 ὕλης
3510 4045 3605 4098 τοῦ
3637 4046 3814 4117 γράμ-

2244 4147 2434 4200 ματος.
2471 4132 2677 4204 Ῥεσφά
2705 4133 2764 4188 δέ
2794 4135 2934 4198 ἐστι,
2978 4137 3121 4192 κατά
3161 4137 3260 4208 τὴν
3291 4137 3459 4210 αὐτῆς
3499 4140 3812 4212 ἑρμηνείαν,

2242 4221 2459 4293 δρόμος
2489 4226 2811 4296 στόματος,
2833 4228 2970 4300 ὅπερ
2995 4229 3143 4284 ἐστὶν
3169 4231 3202 4301 ἢ
3236 4230 3330 4284 τοῦ
3364 4230 3528 4302 νόμου
3556 4233 3698 4286 κατά
3724 4233 3816 4303 μό-

2241 4329 2342 4383 νην
2369 4315 2470 4384 τὴν
2523 4317 2580 4368 ὲν
2618 4314 2764 4385 λόγῳ
2816 4318 3100 4387 προφορὰν
3148 4317 3473 4390 ὲκμάθησις.
3528 4322 3736 4391 Δρόμον
3762 4322 3815 4374 δὲ

2242 4403 2459 4473 άληθῶς
2485 4403 2596 4476 ἔχει
2625 4406 2910 4477 στόματος,
2947 4408 3063 4461 ἀλλ’
3092 4408 3154 4461 ού
3177 4409 3436 4476 διανοίας,
3470 4412 3497 4463 ὁ
3525 4411 3624 4482 τῆς
3653 4430 3816 4465 πνευ-

564 4501 1029 4572 Mempbibosthe.
1077 4500 1176 4554 Est
1219 4507 1402 4552 autem
1450 4495 1761 4559 Ermontlii,
1791 4512 1971 4550 eorum
2003 4513 2134 4550 ana-

2251 4497 2486 4565 ματικῆς
2518 4494 2609 4548 τοῦ
2641 4496 2808 4567 νόμου
2863 4497 3099 4570 Θεωρίας
3129 4501 3426 4572 ἀλλότριος.
3483 4502 3604 4555 Υίοὶ
3633 4503 3688 4555 δὲ
3722 4504 3814 4574 τῆς

557 4597 768 4654 ίιίιεηια,
805 4591 950 4660 quod
988 4598 1074 4646 est
1112 4595 1340 4660 peccato
1375 4586 1568 4642 inclita
1607 4587 1858 4656 corporis
1891 4586 2014 4642 labe
2057 4587 2141 4641 vi-

571 4687 771 4740 tiorum
807 4675 1015 4740 effectu"
1044 4679 1368 4750 corruptio;
1415 4677 1504 4734 vel
1541 4676 1694 4733 locus
1734 4677 1996 4749 (mundus
2032 4679 2143 4734 sci-

569 4771 715 4845 licet)
762 4773 818 4827 in
852 4787 962 4842 quo
1011 4769 1220 4825 inﬂicta
1265 4766 1720 4838 transgressionis
1770 4768 1962 4833 multa,
2016 4782 2144 4823 reus

569 4867 796 4938 punitus
831 4871 960 4930 est;
1011 4863 1128 4918 sive
1162 4859 1456 4914 libidinosa
1503 4858 1671 4912 animi
1702 4874 1828 4930 erga
1877 4860 2142 4914 mundum

566 4957 790 5013 affectio
808 4971 873 5011 ac
890 4952 1241 5010 necessitudo
1272 4957 1403 5005 :aut
1431 4949 1659 5005 forsitan
1688 4958 1940 5006 terrenus
1963 4950 2145 5006 defor-

567 5049 779 5119 misque
831 5055 998 5116 atque
1039 5041 1291 5098 informis
1336 5041 1595 5096 vitiorum
1635 5051 1838 5097 motus.
1871 5041 2142 5112 Memphi-

567 5141 760 5197 bosthe
809 5147 1022 5204 autem,
1069 5136 1237 5208 pudor
1267 5137 1500 5206 corporis
1527 5149 1727 5198 eorum,
1765 5132 1912 5203 quod
1938 5145 2023 5189 est
2055 5134 2141 5189 in-

567 5231 834 5289 naturalis
863 5228 1032 5285 animi
1071 5228 1218 5282 circa
1251 5226 1541 5281 libidinem
1575 5225 1882 5294 vitiumque
1916 5233 2136 5292 motus;

565 5319 824 5388 cogitatio
843 5316 1107 5372 nimirum
1125 5314 1452 5369 libidinosos
1471 5312 1702 5368 allectus
1723 5313 1968 5382 vitiaque
1985 5313 2142 5368 adin-

568 5412 793 5466 veniens
826 5425 840 5462 ι
891 5414 985 5462 aut
1030 5405 1172 5460 forte
1221 5404 1404 5459 saeculi
1445 5419 1512 5459 ac
1545 5403 1793 5474 corporis
1821 5419 2012 5458 amans
2052 5419 2144 5459 ra-

572 5503 777 5556 vionum
805 5497 1107 5553 meditatio.
1139 5497 1248 5550 Aut
1277 5510 1520 5558 rursum,
1551 5510 1675 5564 qua:
1714 5494 2003 5549 affectibus
2031 5493 2143 5548 for-

569 5608 709 5645 mam
749 5589 980 5654 inducit,
1020 5587 1481 5656 libidinosamque
1510 5587 1981 5656 pulchritudinem
2011 5604 2140 5643 sen-

566 5684 650 5738 sui
677 5689 1068 5749 comparatam,
1100 5678 1301 5733 mentis
1333 5678 1556 5749 agitatio
1590 5678 1814 5750 efﬁngit.
1859 5679 1970 5734 Hos
1990 5680 2138 5734 enim

564 5773 788 5838 lzbcros,
827 5785 895 5824 cx
932 5769 1182 5824 doctrina
1216 5783 1338 5837 quae
1381 5768 1495 5823 sola
1525 5771 1798 5825 sermonis
1827 5770 2140 5840 prolatione

2257 4583 2493 4654 Ῥεσφᾶς
2555 4588 2912 4659 ὑπάρχουσιν,
2964 4591 3223 4662 Ἐρμονθὶ
3282 4594 3377 4646 καὶ
3437 4594 3811 4664 Μεμφιϐοσθέ.

2256 4677 2512 4748 Ἐρμονθὶ
2549 4680 2605 4732 δέ
2656 4669 2826 4747 ἐστιν,
2877 4680 3144 4751 ἀνάθεμα
3173 4683 3390 4748 αὐτῶν,
3436 4685 3573 4755 ὅπερ
3611 4685 3814 4755 ὲστὶνή

2246 4770 2372 4822 καθ’
2398 4770 2674 4842 ἁμαρτίαν
2705 4771 2795 4825 διά
2839 4771 3092 4844 σώματος
3129 4773 3304 4846 φθορά
3343 4778 3464 4845 τῆς
3496 4775 3601 4829 τῶν
3631 4776 3816 4830 παθῶν

2245 4862 2526 4932 ἐνεργείας
2546 4879 2560 4894 ι
2592 4864 2625 4935 ἦ
2651 4864 2880 4931 ότόπος,
2919 4867 3196 4921 τουτέστιν
3231 4870 3259 4922 ὁ
3298 4868 3525 4940 κόσμος,
3561 4870 3619 4922 έν
3643 4862 3688 4937 ᾧ
3717 4869 3815 4938 τῆς

2245 4955 2609 5026 παραϐάσεως
2647 4956 2800 5028 ἐδόθη
2827 4959 2888 5010 τὺ
2929 4958 3239 5029 ἐπιτίμιον·
3275 4960 3443 5030 ἤγουν
3473 4964 3505 5031 ἡ
3550 4961 3673 5014 καθ’
3697 4961 3815 5031 ἡδο-

2245 5047 2343 5117 νὴν
2370 5047 2507 5118 πρὸς
2540 5047 2631 5101 τὸν
2659 5049 2862 5119 κόσμον
2903 5049 3210 5114 ἐνδιάθετος
3256 5051 3440 5122 σχέσις
3467 5052 3529 5122 ·ἢ
3561 5052 3742 5123 τυχὸν,
3782 5055 3813 5122 ἡ

2245 5135 2512 5208 πρόσυλος
2553 5137 2646 5190 καὶ
2673 5137 2913 5208 ἀκαλλὴς
2951 5137 3058 5190 τῶν
3095 5138 3283 5192 παθῶν
3325 5140 3419 5192 καὶ
3454 5139 3813 5201 ἀδιάπλαστος

2245 5229 2478 5299 κίνησις.
2509 5228 2865 5298 Μεμφιεοσθὲ
2895 5228 2973 5293 δὲ,
3004 5229 3268 5299 αἰσχύνη
3294 5229 3570 5300 σώματος
3599 5229 3812 5295 αὐτῶν,

2245 5319 2383 5390 ὅπερ
2412 5319 2558 5372 ἐστὶν
2579 5321 2612 5389 ἡ
2647 5319 2799 5388 παρὰ
2833 5319 2997 5387 φύσιν
3030 5320 3125 5373 τοῦ
3165 5319 3254 5374 νοῦ
3288 5322 3417 5392 περὶ
3439 5322 3635 5374 κακίαν
3663 5321 3815 5388 κίνη-

2247 5425 2362 5471 σις’
2413 5410 2582 5479 ἤγουν
2632 5411 2664 5479 ἡ
2696 5409 3016 5478 ὲπινοητικὴ
3045 5408 3151 5463 τῶν
3187 5407 3377 5462 παθῶν
3416 5409 3742 5479 ἐνθύμησις·
3783 5409 3814 5480 ἢ

2245 5499 2428 5574 τυχὸν,
2458 5501 2492 5569 ἡ
2525 5499 2859 5569 φιλόκοσμος
2884 5499 3083 5570 μελέτη
3113 5500 3222 5552 τῶν
3248 5501 3524 5570 λογισμῶν
3553 5499 3648 5553 καὶ
3672 5501 3817 5569 φιλο-

2247 5588 2518 5660 σώματος.
2548 5589 2620 5643 Ἢ
2655 5589 2837 5654 πάλιν,
2869 5591 2902 5661 ἡ
2940 5593 3052 5654 τοῖς
3092 5589 3320 5645 πάθεσιν
3342 5584 3483 5653 εἶδος
3513 5591 3811 5658 ἐπάγουσα,

2245 5681 2416 5736 καὶτὸ
2444 5679 2568 5736 καθ’
2593 5681 2784 5753 ἡδονὴν
2815 5683 2953 5752 πρὸς
2985 5681 3237 5752 αἴσθησιν
3257 5665 3656 5737 διαπλάττουσα
3687 5679 3817 5735 κάλ-

2243 5771 2334 5834 λος
2357 5770 2451 5824 τοῦ
2478 5769 2570 5824 νοῦ
2598 5770 2829 5842 κίνησις.
2872 5770 3107 5835 Τούτους
3143 5771 3252 5842 γὰρ
3293 5771 3488 5842 γεννᾷν
3513 5771 3640 5834 τοὺς
3669 5770 3816 5836 υίοὺς
