4126 6316
355 329 458 396 ’149

353 535 726 607 ἑκμαθήσεως,
759 534 788 586 ὅ
817 549 876 586 τε
903 531 1149 602 γραπτὸς
1170 530 1358 600 νόμος,
1388 530 1484 584 καὶ
1520 531 1548 583 6
1585 530 1734 600 μόνῳ
1761 546 1932 601 προσ-

355 626 660 695 καθήμενος
695 622 774 692 τῷ
795 625 1088 693 γράμματι
1118 619 1214 673 τοῦ
1249 621 1415 692 νόμου
1439 618 1584 684 νοῦς.
1617 619 1820 690 Μερὼϐ
1853 619 1928 685 δὲ,

353 715 490 770 κατά
519 714 614 785 τὴν
637 715 806 784 αὐτῆς
837 713 1140 784 ἑρμηνείαν
1165 713 1314 765 ἐστὶν
1347 711 1403 783 (ἡ
1423 711 1519 765 τοῦ
1560 711 1733 764 Σαοὺλ
1765 710 1934 780 θυγά-

350 809 496 878 τηρ),
528 807 564 874 ἡ
609 802 939 874 πλησμονὴ
986 804 1093 858 τοῦ
1139 801 1448 872 φάρυγγος
1470 820 1484 832 ’
1520 803 1658 873 ὅπερ
1687 801 1838 872 δηλοῖ
1873 801 1934 854 τὸ

315 899 447 970 ,τῆς
496 895 942 968 γαστριμαργίας
981 895 1174 960 πάθος.
1219 895 1404 964 Μόνην
1444 895 1552 964 γὰρ
1599 889 1707 947 οἵδε
1739 895 1934 964 γεννᾷν

353 990 604 1060 σώματος
633 987 864 1060 τρυφὴν,
903 987 1000 1041 καὶ
1026 988 1123 1059 τὴν
1160 989 1268 1040 τῶν
1296 985 1499 1041 ὑλικῶν
1526 986 1936 1055 ἀπολαυστικὴν

347 1082 607 1145 διάθεσιν,
642 1081 671 1134 ὃ
690 1098 749 1134 τε
773 1081 938 1148 νόμος
961 1081 1101 1132 κατά
1131 1080 1194 1130 τὸ
1224 1078 1482 1150 γράμμα,
1509 1081 1620 1142 τοῖς
1643 1077 1935 1147 συμϐόλοις

347 1174 473 1237 τοὺς
499 1175 618 1227 κατ’
647 1173 812 1226 αὐτὸν
831 1171 1194 1244 λατρεύοντας
1222 1171 1580 1241 περιγράφων
1607 1185 1619 1198 ·
1652 1171 1680 1222 ὃ
1701 1187 1761 1224 τε
1787 1169 1933 1237 νοῦς,

347 1266 436 1320 διὰ
475 1266 571 1336 τὴν
603 1265 931 1336 φιλόσαρκον
963 1263 1131 1335 ζωὴν,
1169 1265 1312 1318 κατά
1357 1264 1419 1316 τὸ
1457 1263 1694 1334 γράμμα
1728 1263 1821 1317 τὸν
1851 1263 1937 1316 νό-

352 1373 451 1425 μον
480 1360 594 1418 τοῖς
616 1355 806 1418 τύποις
833 1355 1184 1426 περιορίζων.
1212 1354 1383 1408 Πέντε
1409 1353 1464 1406 δὲ
1489 1353 1588 1422 τῆς
1611 1351 1816 1423 Μερὼϐ
1845 1351 1938 1406 θυ-

348 1448 549 1520 γατρὸς
581 1449 752 1501 Σαοὺλ
784 1449 894 1501 υἱοὶ
922 1447 1346 1517 καθεστήκασιν,
1389 1447 1438 1498 oi
1469 1444 1612 1498 κατά
1643 1445 1938 1516 παράκρη-

350 1557 436 1592 σιν
469 1541 738 1611 ἐμπαθεῖς
789 1539 952 1594 πέντε
996 1537 1190 1608 τρόποι
1220 1536 1329 1589 τῶν
1383 1535 1548 1590 πέντε
1589 1534 1934 1604 αἰσθήσεων·

347 1630 440 1695 οὓς
495 1631 704 1684 τίκτειν
757 1632 974 1694 πάντως
1009 1627 1169 1682 εἴωθε
1204 1626 1283 1697 τῷ
1319 1625 1592 1697 Ἐσδριὴλ,
1635 1627 1805 1697 ἤγουν
1859 1626 1938 1697 τῷ

348 1723 676 1794 θεωρητικῷ
707 1722 885 1794 μέρει,
917 1725 950 1793 ἡ
983 1722 1146 1791 μόνου
1183 1720 1280 1774 τοῦ
1317 1719 1572 1790 σώματος
1607 1718 1747 1774 κατά
1774 1719 1937 1789 νόμον

347 1812 438 1868 διὰ
472 1815 684 1886 τρυφῆς
711 1813 1121 1885 ἐπιμελουμένη
1151 1812 1413 1873 διάθεσις.

420 1907 660 1970 Τούτους
689 1907 811 1970 τοὺς
851 1905 944 1959 δύο
976 1904 1070 1958 τοῦ
1098 1905 1273 1959 Σαοὺλ
1299 1905 1450 1968 υἱοὺς
1483 1903 1595 1974 (25)
1629 1903 1818 1973 (ῆγουν
1839 1901 1940 1972 τὴν

351 1998 486 2070 ὓλην
512 1999 686 2052 καὶτὸ
715 1994 899 2066 εἶδος),
920 1998 1015 2051 καὶ
1041 1998 1166 2060 τοὺς
1189 1998 1351 2050 πέντε
1371 1995 1466 2049 τοῦ
1487 1993 1662 2048 Σαοὺλ
1687 1993 1937 2056 υἱωνοὺς,

349 2093 520 2165 ῆγουν
547 2092 674 2153 τοὺς
705 2091 834 2162 περὶ
861 2091 963 2161 τὴν
991 2089 1124 2162 ὕλην
1157 2089 1253 2144 καὶ
1303 2088 1366 2142 τὸ
1413 2082 1554 2149 εἶδος
1585 2085 1728 2141 κατὰ
1757 2084 1939 2157 παρὰε-

352 2203 554 2258 χρησιν
590 2185 753 2238 πέντε
799 2185 1038 2256 τρόπους
1060 2183 1170 2237 τῶν
1201 2183 1511 2254 αἰσθήσεων
1539 2181 1709 2251 (λέγω
1746 2179 1812 2252 δὴ
1843 2181 1943 2252 τὴν

352 2275 576 2344 ἐμπαθῆ
624 2291 684 2326 τε
729 2275 824 2326 καὶ¹
881 2274 1033 2344 παρά
1082 2274 1245 2344 φύσιν
1300 2273 1438 2344 πρὸς
1470 2272 1542 2325 τὰ
1573 2271 1808 2343 αἰσθητὰ
1833 2271 1943 2324 τῶν

352 2366 666 2436 αἰσθήσεων
698 2367 1040 2439 συμπλοκὴν,
1068 2368 1238 2438 ῆγουν
1259 2366 1328 2420 τὰ
1353 2365 1458 2419 ὑπὸ
1491 2365 1683 2436 χρόνον
1710 2365 1804 2418 καὶ
1827 2365 1946 2436 ρεῦ-

356 2458 491 2527 σιν),
529 2458 666 2528 μετὰ
698 2459 795 2528 τὴν
841 2458 1102 2529 τελευτὴν
1130 2457 1308 2511 Σαοὺλ
1331 2458 1635 2524 (τουτέστι,
1677 2457 1819 2528 μετὰ
1844 2455 1944 2528 τὴν

353 2551 593 2620 πάροδον
624 2551 727 2620 τῆς
776 2553 834 2604 έν
883 2551 1034 2622 νόμῳ
1066 2551 1208 2604 κατά
1237 2553 1299 2604 τὸ
1346 2551 1584 2620 γράμμα
1615 2548 1942 2619 σωματικῆς

352 2642 635 2714 λατρείας,
664 2642 757 2697 καὶ
779 2643 880 2713 τὴν
902 2643 1002 2713 τῆς
1021 2643 1248 2710 ἀγνοίας
1275 2641 1572 2710 διάϐασιν),
1605 2641 1945 2711 παραδίδωσι

355 2732 740 2803 θανατωθῆναι
773 2731 916 2786 κατά
943 2733 1035 2786 τὸν
1083 2733 1228 2787 θεῖον
1267 2732 1676 2803 χρηματισμὸν,
1707 2731 1875 2785 Δαϐὶδ
1917 2732 1947 2783 6

357 2823 663 2894 θαυμάσιος
715 2825 824 2886 τοῖς
881 2823 1256 2887 Γαϐαωνίταις
1309 2823 1604 2892 (τουτέστι,
1649 2826 1764 2887 τοῖς
1802 2823 1945 2876 κατὰ

356 2916 461 2984 τὴν
507 2915 744 2983 φυσικὴν
774 2914 1008 2985 θεωρίαν
1035 2914 1394 2986 ὑψηλοτέροις
1436 2913 1618 2982 λόγοις
1655 2914 1752 2967 καὶ
1795 2914 1946 2981 λογι-

359 3005 542 3075 σμοῖς,
591 3004 619 3056 ὁ
679 3004 1051 3074 πνευματικὸς
1095 3005 1280 3074 νόμος,
1327 3006 1359 3076 ἢ
1402 3005 1546 3072 νοῦς,
1588 3008 1690 3080 τὴν
1740 3011 1800 3063 ὲν
1832 3013 1948 3073 τοῖς

1407 324 1904 396 QUIESTIONES
1940 324 2038 382 AD
2078 319 2587 382 THALASSIUM.

241 436 246 441 ’
357 448 592 514 πέφυκεν
635 446 697 497 ἐκ
725 443 826 512 τῆς
857 443 1000 497 κατὰ
1046 440 1216 512 μόνην
1246 438 1344 509 τὴν
1371 439 1429 491 ὲν
1459 439 1604 510 λόγῳ
1643 439 1926 510 προφορὰν

2050 435 2319 498 :onsistat,
2354 433 2596 503 proclive
2622 434 2870 507 gignant,
2917 443 3032 490 tum
3083 436 3170 491 lex
3220 435 3446 506 scripta,
3504 447 3617 492 tum

3515 323 3620 387 750

2033 542 2156 596 quae
2185 527 2288 581 soli
2312 527 2449 598 legis
2472 527 2669 583 litterae
2693 544 2848 583 mens
2867 528 3128 583 adhaeret.
3161 529 3381 584 Merobe
3411 537 3619 595 autem,

2035 620 2111 674 ita
2134 628 2194 674 ut
2217 621 2336 691 ejus
2356 636 2558 676 nomen
2580 630 2739 676 sonat
2765 621 2968 692 (Saulis
2995 622 3256 678 nimirum
3285 621 3415 694 ﬁlia)
3452 623 3618 677 abun-

2034 707 2170 762 dans
2195 710 2424 778 gutturis
2458 711 2678 762 satietas
2707 719 2825 764 cst:
2868 709 3016 779 quod
3051 711 3190 781 gulae
3221 710 3619 786 vitiumsigni-

2035 798 2183 853 ﬁcat.
2219 799 2311 856 Sic
2341 800 2488 854 enim
2521 809 2923 870 comparatum,
2954 811 3013 854 ιιι
3046 811 3162 855 tum
3205 801 3294 855 lex
3328 802 3484 872 juxta
3528 801 3622 855 lit-

2036 899 2235 955 teram,
2262 906 2332 945 ex
2363 893 2482 962 ejus
2518 892 2732 947 ratione
2771 894 2934 964 282
2970 893 3295 957 servientes,
3322 893 3448 948 unis
3475 909 3622 964 sym-

2035 984 2178 1040 bolis
2217 984 2512 1049 deﬁniens,
2549 995 2665 1041 tum
2693 1002 2848 1042 mens
2869 987 2940 1042 ob
2965 988 3242 1042 carnalem
3267 1003 3331 1041 ac
3362 987 3624 1041 libidino-

2038 1093 2153 1134 sam
2229 1077 2434 1143 vitam,
2497 1093 2565 1132 ex
2640 1078 2841 1134 litterae
2906 1081 3121 1135 ratione
3192 1079 3369 1148 legem
3431 1077 3624 1150 ﬁguris

2037 1169 2408 1234 concludens,
2459 1171 2630 1224 solam
2679 1171 2907 1242 gignant
2956 1171 3208 1242 corporis
3258 1171 3622 1241 voluptatem,

2036 1262 2396 1332 fruendisque
2442 1264 2679 1318 terrenis
2733 1259 3047 1333 impensum
3091 1265 3340 1318 animum
3394 1264 3622 1318 iaciant.

2039 1353 2383 1410 Suntautcm
2411 1353 2659 1425 quinque
2685 1355 2956 1420 Merobes,
3003 1355 3187 1410 Saulis
3234 1355 3376 1419 ﬁliae,
3423 1355 3624 1419 liberi;

2038 1461 2237 1516 nempe
2264 1445 2548 1500 libidinosi
2578 1445 2849 1516 quinque,
2879 1446 3056 1501 abusu
3093 1454 3434 1511 constantes,
3462 1447 3626 1515 quin-

2038 1554 2147 1608 que
2184 1553 2449 1594 sensuum
2479 1538 2630 1592 modi
2662 1557 2674 1592 :
2707 1553 2848 1608 quos
2880 1553 3112 1608 prorsus
3153 1537 3390 1592 Esdrieli
3434 1553 3628 1607 parere

2039 1629 2329 1684 consuevit
2383 1628 2549 1700 (parti
2606 1631 2819 1685 scilicet
2867 1627 3288 1699 contemplanti)
3337 1644 3464 1699 qua:
3524 1629 3626 1683 soli

2041 1723 2259 1792 corpori
2320 1739 2388 1778 ex
2447 1723 2585 1795 legis
2635 1723 2849 1780 ratione
2909 1737 3009 1793 per
3069 1721 3408 1792 voluptatem
3473 1737 3632 1777 mens

1972 1791 2014 1845 Β
2043 1791 2231 1870 dedita
2265 1815 2359 1870 sit.

2116 1908 2298 1964 Hosce
2319 1908 2463 1963 duos
2483 1907 2664 1964 Saulis
2697 1907 2842 1963 ﬁlios
2864 1907 3175 1978 (materiam
3199 1906 3412 1962 scilicet
3435 1915 3490 1962 et
3517 1905 3628 1961 for-

2043 2001 2211 2070 mam)
2237 1998 2532 2070 Saulisque
2559 2000 2807 2070 quinque
2828 2008 3079 2071 nepotes,
3110 2015 3308 2071 nempe
3347 2000 3442 2070 qui
3485 2000 3631 2055 circa

2043 2089 2332 2145 materiam
2370 2100 2426 2145 et
2453 2090 2685 2145 formam
2705 2091 2951 2162 quinque
2980 2107 3242 2147 sensuum
3273 2092 3421 2146 modi
3455 2092 3629 2146 abusu

2043 2191 2337 2240 versantur
2395 2182 2774 2255 (libidinosam
2826 2184 3092 2239 nimirum
3146 2201 3210 2240 ac
3261 2184 3629 2239 innaturalem

2045 2287 2307 2328 sensuum
2339 2289 2465 2328 cum
2489 2274 2810 2340 sensilibus,
2835 2289 2964 2328 cum
3008 2275 3381 2344 temporaneis
3422 2273 3634 2330 scilicet

2045 2362 2320 2434 ﬁuxisque
2354 2365 2523 2420 rebus
2550 2365 3023 2438 congressionem)
3046 2376 3174 2437 post
3195 2365 3378 2420 Saulis
3398 2376 3632 2421 mortem

2049 2455 2166 2527 (ubi
2211 2456 2426 2511 scilicet
2479 2457 2784 2526 corporalis
2840 2458 2978 2528 legis
3035 2473 3104 2512 ex
3171 2457 3370 2512 litterm
3419 2457 3633 2512 ratione

2047 2546 2252 2612 cultus,
2291 2548 2712 2619 ignorantiaque
2745 2547 3059 2620 transierat)
3085 2548 3503 2603 interﬁciendos
3527 2558 3638 2603 tra-

2047 2637 2130 2694 dit
2156 2638 2479 2694 Gabaonitis
2508 2639 2854 2695 admirabilis
2889 2639 3082 2705 David,
3116 2655 3218 2709 pro
3247 2655 3314 2694 eo
3347 2655 3412 2694 ac
3445 2640 3636 2695 divino

2049 2741 2229 2795 fuerat
2275 2741 2595 2797 admonitus
2645 2741 2870 2796 oraculo
2903 2740 3123 2813 (nempe
3147 2742 3416 2796 naturalis
3441 2757 3637 2811 specu-

2048 2831 2270 2886 lationis
2304 2831 2726 2886 sublimioribus
2747 2831 3058 2886 rationibus
3096 2847 3160 2887 ac
3186 2831 3636 2901 cogitationibus,

2047 2921 2137 2978 lex
2169 2923 2456 2993 Spiritalis,
2490 2925 2606 2979 sive
2640 2939 2817 2989 mens,
2866 2923 2935 2978 ad
2996 2924 3527 2978 universalissimam
3580 2924 3638 2978 in

2047 3014 2312 3084 symbolis
2367 3030 2494 3070 cum
2534 3031 2700 3070 sensu
2751 3031 2816 3070 ac
2861 3031 3098 3084 corpore
3161 3025 3639 3085 temporanearum

359 3098 655 3170 συμϐόλοις
687 3099 824 3170 πρὸς
863 3099 1116 3169 αἴσθησιν
1166 3101 1262 3154 καὶ
1302 3100 1462 3172 σῶμα
1497 3101 1947 3176 καθολικωτάτην

2051 3120 2239 3160 rerum
2257 3105 2588 3161 abolendam
2606 3122 2670 3161 ac
2693 3106 3122 3161 interimendam
3146 3106 3638 3177 necessitudinem)

357 3193 472 3246 τῶν
517 3192 624 3245 ὑπὸ
680 3193 870 3263 χρόνον
928 3193 1116 3263 σχέσιν
1165 3193 1428 3260 ἀφανίσαι
1469 3195 1562 3246 καὶ
1592 3193 1948 3267 θανατῶσαι),

361 3283 504 3336 κατά
531 3283 592 3336 τὸ
627 3281 760 3353 ὕψος
789 3283 1099 3353 γινομένοις
1129 3282 1222 3335 τοῦ
1248 3281 1438 3352 βουνοῦ
1464 3284 1665 3338 Σαούλ’
1697 3285 1841 3354 λέγω
1861 3286 1949 3357 δὴ,

359 3375 458 3434 τοῦ
497 3376 662 3446 νόμου
687 3375 789 3444 τῆς
815 3377 1194 3446 πνευματικῆς
1222 3374 1473 3446 θεωρίας.
1511 3376 1573 3429 Ei
1599 3376 1710 3448 γὰρ
1739 3377 1814 3447 μὴ
1847 3395 1951 3447 φυ-

365 3467 537 3531 σικῶς
567 3467 834 3538 πρότερόν
867 3484 950 3531 τις
974 3467 1076 3537 τὴν
1099 3468 1159 3520 έν
1184 3469 1298 3530 τοῖς
1331 3467 1623 3538 συμϐόλοις
1655 3469 1765 3523 τῶν
1793 3467 1953 3524 θείων

364 3559 462 3613 καὶ
486 3559 695 3630 νοητῶν
725 3559 1098 3630 διασκοπήσας
1128 3558 1454 3630 ἀπέμφασιν
1483 3560 1620 3632 (26),
1651 3561 1829 3616 ἐλθεῖν
1855 3581 1955 3616 πο-

367 3650 511 3722 θήσῃ
539 3651 681 3703 κατὰ
729 3649 877 3715 νοῦν,
913 3650 1019 3714 ἔξω
1077 3649 1360 3713 παντελῶς
1388 3649 1498 3703 τῶν
1546 3650 1710 3704 θείων
1743 3651 1954 3718 ἀδύτων

366 3742 467 3810 τὴν
487 3741 738 3810 αἴσθησιν
779 3740 1025 3810 θέμενος,
1073 3740 1211 3810 πρὸς
1237 3740 1339 3810 τὴν
1379 3740 1489 3793 τῶν
1517 3740 1724 3809 νοητῶν
1753 3743 1956 3813 εὐπρέ-

371 3849 552 3897 πειαν,
587 3833 688 3901 τῆς
722 3833 782 3884 ὲν
836 3835 950 3894 τοῖς
973 3831 1167 3893 τύποις
1215 3830 1553 3899 ἀπολυθῆναι
1587 3830 1841 3896 καθάπαξ
1893 3834 1956 3884 οὐ

369 3923 592 3977 δύναται
630 3924 953 3994 σωματικῆς
1004 3921 1278 3984 ποικιλίας
1303 3938 1316 3952 ·
1355 3921 1480 3974 καθ’
1515 3922 1582 3991 ἢν
1612 3922 1720 3983 ἓως
1755 3921 1958 3992 βέϐηκε

369 4015 464 4068 τοῦ
495 4015 822 4086 γράμματος
863 4014 1244 4083 ἀντεχόμενος,
1298 4013 1399 4084 τὴν
1432 4013 1497 4065 ὲκ
1543 4012 1637 4066 τοῦ
1669 4011 1832 4082 λιμοῦ
1861 4013 1960 4083 τῆς

371 4107 630 4177 γνώσεως
685 4107 912 4170 εἰκότως
964 4105 1204 4177 ἀπορίαν
1249 4105 1311 4158 οὐ
1363 4103 1813 4176 παραμυθεῖται·
1859 4104 1961 4176 τῆς

372 4202 596 4273 Γραφῆς
621 4201 720 4270 τὴν
744 4201 868 4271 γῆν,
894 4200 1063 4271 ἦγουν
1089 4197 1150 4251 τὸ
1177 4197 1360 4267 σῶμα,
1391 4196 1532 4250 κατά
1561 4196 1653 4248 τὸν
1675 4195 1960 4267 ἀπατηλὸν

372 4293 494 4364 ὅφιν
525 4292 725 4346 ἐσθίειν
751 4291 943 4345 ἑαυτὸν
971 4289 1376 4352 καταδικάσαςο
1418 4287 1535 4342 ἀλλ’
1565 4289 1626 4341 οὐ
1653 4287 1794 4342 κατὰ
1820 4289 1959 4360 Χρι-

375 4386 497 4440 στὸν
524 4385 616 4439 τὸν
647 4384 793 4449 νοῦν,
822 4386 989 4455 ἤγουν
1019 4386 1122 4454 τῆς
1153 4381 1381 4452 Γραφῆς
1403 4381 1468 4434 τὸ
1491 4379 1712 4450 πνεῦμα
1734 4379 1830 4434 καὶ
1858 4379 1960 4451 τὴν

2057 3199 2144 3253 his
2181 3199 2275 3268 qui
2317 3206 2448 3252 sunt
2491 3198 2546 3251 in
2585 3198 2927 3252 sublimitate
2955 3198 3115 3253 collis
3144 3197 3328 3252 Saulis
3354 3197 3642 3267 (spiritalis

2054 3289 2270 3344 scilicet
2305 3289 2440 3359 legis
2472 3286 3001 3358 contemplationis).
3027 3288 3162 3342 Nam
3193 3287 3300 3342 nisi
3328 3289 3453 3356 quis
3479 3296 3643 3341 natu—

2055 3382 2248 3437 raliter
2283 3382 2442 3452 prius
2472 3380 2722 3451 dispecta
2752 3395 2876 3450 quae
2908 3379 2964 3433 in
3007 3379 3274 3451 symbolis
3310 3387 3396 3434 est
3422 3379 3644 3434 divino—

2054 3490 2178 3529 rum
2209 3489 2274 3529 ac
2307 3473 2644 3545 spiritalium
2673 3472 3149 3537 dissimilitudine,
3187 3487 3353 3526 sensu
3411 3487 3645 3542 prorsus

2053 3576 2209 3622 extra
2230 3565 2392 3637 adyta
2420 3565 2638 3631 relicto,
2665 3573 2849 3620 mente
2880 3565 2996 3619 sola
3026 3564 3091 3618 ad
3118 3563 3448 3634 spiritalium
3477 3564 3644 3619 deco-

2057 3669 2177 3708 rem
2211 3653 2503 3722 pervenire
2530 3654 2843 3723 percupiat,
2882 3666 2944 3708 ut
2979 3669 3010 3708 a
3035 3654 3310 3722 corporali
3343 3653 3643 3725 ﬁgurarum

2057 3733 2324 3799 varietate
2347 3745 2616 3799 liberetur
2633 3761 2984 3815 nequaquam
3008 3756 3240 3815 prorsus
3272 3745 3391 3801 ﬁeri
3423 3757 3606 3817 potest
3629 3765 3643 3812 ;

2058 3847 2128 3886 ex
2162 3834 2325 3902 cujus
2368 3833 2584 3888 ratione
2621 3835 2869 3904 quandiu
2910 3835 3121 3890 incedit
3163 3837 3404 3890 litteram
3437 3839 3647 3903 colens,

2059 3938 2227 3993 quam
2247 3922 2488 3978 sustinet
2519 3939 2590 3978 ex
2637 3924 2882 3979 scientiae
2925 3925 3071 3979 fame
3115 3926 3405 3995 penuriam
3450 3930 3650 3984 merito

2061 4028 2173 4067 non
2201 4013 2433 4077 solatur,
2459 4014 2556 4082 qui
2587 4029 2647 4068 se
2674 4014 2791 4083 ipse
2821 4014 2890 4069 ad
2929 4013 3230 4085 Scriptura:
3265 4025 3469 4072 terram
3495 4034 3648 4074 com-

2060 4104 2332 4160 edendam
2367 4104 2444 4176 (id
2467 4113 2573 4170 est,
2594 4105 2821 4175 corpus)
2852 4105 3163 4161 seductoris
3189 4122 3345 4162 more
3378 4113 3652 4179 serpentis

2062 4196 2382 4263 addixerit;
2427 4212 2538 4251 non
2581 4205 2640 4251 ut
2683 4196 2992 4252 secundum
3024 4197 3306 4254 Christum
3343 4199 3653 4272 intelligen-
3729 4184 3733 4187 ’

2065 4288 2139 4344 tia
2183 4302 2459 4357 sensuque
2499 4288 2827 4360 (Scriptura:
2863 4289 3080 4345 scilicet
3121 4290 3318 4360 spiritu
3361 4300 3419 4346 et
3447 4293 3650 4360 anima,

2064 4396 2205 4451 pane
2235 4379 2498 4434 nimirum
2531 4380 2745 4436 caelesti
2777 4387 2835 4434 et
2858 4381 3130 4453 angelico)
3156 4391 3410 4438 vescatur
3442 4402 3456 4449 ;
3485 4386 3655 4454 spiri-

372 4477 569 4549 ψυχὴν,
618 4477 867 4529 τουτέστι
921 4477 1016 4529 τὸν
1045 4475 1299 4546 οὐράνιον
1331 4475 1424 4528 καὶ
1451 4471 1742 4542 ἀγγελικὸν
1791 4471 1947 4542 ἄρτον

2062 4470 2157 4526 tali
2178 4470 2391 4525 scilicet
2417 4471 2472 4525 in
2501 4469 2722 4525 Christo
2751 4469 3164 4540 Scripturarum
3187 4473 3654 4543 contemplatione

375 4571 537 4642 (λέγω
565 4569 651 4640 δὴ,
681 4571 779 4641 τὴν
814 4570 872 4621 ὲν
905 4567 1131 4638 Χριστῷ
1167 4567 1276 4620 τῶν
1310 4565 1546 4636 Γραφῶν
1574 4563 1957 4636 πνευματικὴν

373 4660 608 4731 θεωρίαν
630 4661 724 4715 καὶ
747 4659 972 4730 γνῶσιν)
1187 4655 1414 4730 βρῶσιν]
1443 4656 1922 4731 βρωματιζόμενος
1942 4672 1957 4685 ·

374 4751 442 4821 ἣν
470 4751 654 4804 δίδωσι
695 4750 939 4819 δαψιλῶς
982 4750 1496 4821 ἐπιχορηγουμένην
1527 4751 1640 4810 τοῖς
1672 4746 1960 4815 ἀγαπῶσιν

2065 4575 2132 4615 ac
2169 4559 2436 4626 scientia;
2485 4575 2650 4630 quam
2706 4560 2857 4632 larga
2909 4561 3426 4620 subministratione
3488 4565 3657 4620 tradit

2066 4655 2234 4719 Deus,
2271 4653 2382 4718 bis,
2407 4653 2503 4723 qui
2525 4654 2705 4723 ipsum
2738 4654 2998 4724 diligunt,
3029 4655 3187 4725 juxta
3227 4657 3364 4711 illud
3398 4675 3412 4710 :
3450 4657 3656 4718 Panem

2067 4744 2184 4799 caeli
2205 4743 2346 4797 dedit
2368 4744 2440 4798 eis
2457 4761 2476 4810 ;
2496 4760 2691 4816 panem
2728 4743 3042 4815 angelorum
3065 4746 3405 4801 manducavit
3421 4749 3653 4802 homo".

372 4845 534 4899 αὑτὸν
555 4847 584 4898 ό
613 4844 765 4910 Θεὸς,
790 4843 932 4897 κατά
957 4843 1018 4896 τὸ
1048 4841 1436 4914 γεγραμμένον
1460 4857 1474 4870 ο
1507 4841 1719 4908 Ἄρτον·
1739 4837 2000 4908 οὐρανοῦ
2029 4837 2253 4893 ἔδωκεν
2279 4835 2485 4903 αὐτοῖς
2505 4850 2519 4866 ο
2557 4835 2742 4904 ἄρτον
2761 4837 3034 4905 ἀγγέλων
3055 4836 3282 4907 ἔφαγεν
3318 4838 3652 4907 ἄνθρωπος,

445 4937 568 5009 Χρὴ
588 4937 876 5008 τοιγαροῦν
897 4934 995 5006 τὴν
1021 4935 1144 4988 κατ’
1173 4931 1427 5003 αἴσθησιν
1465 4931 1603 5004 πρὸς
1657 4929 1818 5002 σῶμα
1857 4931 1956 5001 τῆς

373 5026 598 5097 Γραφῆς
627 5025 878 5096 ἐκδοχὴν,
904 5026 980 5088 ὡς
1012 5025 1200 5078 παθῶν
1231 5023 1512 5094 προδήλως
1548 5023 1642 5076 καὶ
1673 5022 1776 5092 τῆς
1822 5022 1958 5093 πρὸς

372 5116 441 5169 τά
470 5115 699 5186 χρονικά
750 5117 844 5168 καὶ
897 5116 1092 5186 ῥέοντα
1141 5116 1398 5185 σχετικῆς
1450 5113 1745 5176 διαθέσεως
1793 5109 1957 5166 οὖσαν

375 5208 698 5280 γεννητικὴν
751 5209 938 5278 (ἤγουν
967 5209 1066 5279 τῆς
1094 5209 1234 5280 πρὸς
1263 5208 1330 5261 τὰ
1377 5206 1613 5277 αἰσθητὰ
1633 5205 1741 5259 τῶν
1768 5203 1960 5276 αἰσθή-

375 5316 514 5352 σεων
551 5298 834 5368 ἐμπαθοῦς
884 5300 1214 5370 ἐνεργείας),
1249 5298 1325 5362 ὡς
1356 5297 1529 5352 Σαοὺλ
1550 5298 1713 5351 τέκνα
1743 5297 1839 5350 καὶ
1871 5295 1972 5349 ἐκ·

373 5408 528 5460 γονα,
559 5390 648 5443 διὰ
665 5391 763 5460 τῆς
795 5391 1054 5462 φυσικῆς,
1077 5390 1153 5454 ὡς
1181 5393 1240 5444 ὲν
1267 5391 1382 5460 ὄρει
1407 5392 1473 5461 τῇ
1507 5390 1615 5443 τῶν
1646 5388 1807 5442 θείων
1839 5389 1963 5442 ἀνα-

379 5486 536 5553 γωγῇ
566 5480 947 5554 λογίων
983 5482 1205 5556 λόγων],
1232 5481 1503 5552 ἀφανίσας
1527 5481 1783 5554 θεωρίας,
1805 5481 1961 5550 εἴπερ

374 5573 757 5646 ἐμφορηθῆναι
816 5575 970 5640 θείας
1007 5575 1278 5648 ἐφιέμεθα
1329 5575 1572 5644 χάριτος.
1623 5575 1684 5628 Εἰ
1723 5572 1832 5643 γὰρ
1866 5573 1958 5625 ἐπὶ

448 5757 497 5791 ’⁸
527 5759 670 5814 Psal.
709 5776 902 5826 Lxxvn,
934 5760 1022 5816 24.

2135 4927 2328 4999 Operae
2357 4927 2599 4998 pretium
2635 4927 2804 4998 igitur
2825 4928 2921 4992 sit,
2953 4937 3015 4982 ut
3047 4927 3349 4999 Scriptura:
3367 4945 3436 4984 ex
3461 4946 3658 4986 sensus

2065 5021 2288 5092 corpori
2331 5020 2552 5075 addicta
2599 5021 2816 5076 ratione
2861 5020 3025 5090 283
3076 5022 3477 5090 expositionem
3532 5040 3658 5078 sen-

2062 5129 2298 5184 sumque
2330 5128 2432 5167 ccu
2467 5112 2731 5168 vitiorum
2768 5127 2998 5182 prorsus
3045 5128 3109 5167 ac
3150 5114 3656 5183 perturbationum,

2063 5204 2406 5272 aﬁ‘ectusque
2448 5203 2514 5258 ad
2553 5213 2909 5274 temporanea
2954 5203 3211 5273 iluxaque
3235 5205 3519 5260 libidinosi
3554 5209 3657 5278 (vi-

2065 5297 2219 5351 tiosaa
2251 5295 2468 5349 scilicet
2519 5311 2782 5351 sensuum
2830 5311 2960 5366 erga
3014 5297 3237 5352 sensilia
3287 5301 3652 5373 operationis)

2065 5395 2375 5459 parentem,
2422 5387 2576 5442 velut
2607 5386 2785 5442 Saulis
2808 5387 3016 5442 liberos
3045 5402 3109 5442 ac
3133 5398 3385 5460 nepotes,
3413 5393 3570 5462 quasi
3600 5394 3655 5446 in

2069 5489 2256 5537 monte
2285 5477 2624 5548 (divinorum
2655 5480 2870 5536 scilicet
2906 5481 3262 5549 eloquiorum
3316 5484 3654 5541 celsitudine

2065 5587 2164 5642 per
2190 5572 2502 5628 naturalem
2527 5574 2960 5642 speculationem
2979 5574 3302 5651 aboleamus
3327 5594 3343 5645 ;
3383 5578 3659 5650 siquidem
