4154 6322
568 421 674 486 755

1740 429 1799 487 8.
1842 426 2131 487 MAXIM]
2171 424 2681 486 CONFESSORIS

3730 423 3835 488 756

641 534 832 605 igitur,
859 537 902 590 si
928 536 1074 591 hunc
1099 537 1301 602 locum,
1327 553 1393 594 ex
1420 538 1684 596 historica
1714 541 1818 595 fide
1849 555 2143 604 sumamus,

2327 538 2537 591 Οὐκοῦν
2567 537 2710 590 κατά
2738 536 2835 605 μὲν
2864 535 2960 607 τὴν
2985 536 3227 610 ίστορίαν
3247 533 3438 590 τοῦτον
3467 535 3835 607 λαμϐάνοντες

568 627 907 697 Scripturam
939 631 1170 686 veritate
1201 631 1301 685 niti
1332 631 1475 686 haud
1509 632 1874 690 inveniemus.
1915 635 2178 693 Ubinam.

565 724 712 776 enim
744 726 1252 782 exterminaverunt
1289 728 1606 785 Gabaonitte
1639 730 1860 786 Saulem
1889 745 1956 783 ex
1989 727 2152 797 285

565 813 716 865 omni
761 814 1000 869 confinio
1050 817 1296 885 Israelis;
1357 836 1483 874 cum
1536 821 1693 874 multi
1740 830 1929 889 postea
1974 819 2151 873 Saulis

566 904 756 959 affines
802 905 858 958 in
904 908 1110 976 populo
1155 912 1501 966 exsisterent.
1548 910 1642 966 Sin
1693 920 1874 966 autem
1915 909 2151 980 spiritali

565 1013 728 1053 sensu
785 997 1190 1070 intelligamus,
1243 1003 1388 1057 clare
1448 1004 1827 1068 inveniemus,
1882 1002 2151 1058 naturalis

564 1088 958 1157 speculatiouis
1001 1107 1126 1161 ope,
1166 1093 1220 1146 iu
1269 1093 1417 1148 celso
1447 1095 1691 1150 scientiae
1730 1094 1970 1160 vertice,
2015 1095 2151 1150 scri-

563 1187 712 1247 ptam
744 1179 920 1251 legem
959 1182 1321 1253 (corporalem
1352 1187 1561 1242 scilicet
1590 1190 1645 1242 in
1680 1188 1941 1259 symbolis
1968 1190 2150 1245 cultus

565 1268 755 1340 ritum)
780 1287 1008 1340 prorsus
1038 1275 1311 1332 desinere.
1343 1277 1445 1332 Ubi
1474 1279 1621 1332 enim
1653 1280 1955 1334 etiamnum
1984 1281 2150 1336 stabit

563 1363 801 1416 carnalis
831 1363 1202 1432 circumcisio,
1247 1383 1373 1422 cum
1405 1370 1494 1422 lex
1527 1369 1847 1440 spiritaliter
1878 1371 2149 1443 intelliga-

565 1453 690 1506 tur?
739 1453 832 1507 ubi
881 1455 1140 1522 Sabbata,
1181 1459 1565 1532 mensiumque
1611 1461 1804 1516 initia?
1839 1461 1932 1515 ubi
1975 1464 2146 1516 festo-

564 1561 685 1598 rum
715 1545 960 1602 universi
996 1550 1185 1621 populi
1218 1561 1494 1608 conventu
1526 1554 1830 1609 solemnia?
1859 1555 1955 1610 ubi
1984 1557 2146 1612 victi-

565 1653 799 1703 marum,
837 1647 1107 1711 terraequc
1150 1644 1246 1699 otii
1298 1653 1354 1700 et
1395 1647 1619 1716 quietis,
1649 1664 1712 1703 ac
1752 1649 1975 1720 reliquae
2010 1651 2147 1722 legis

563 1731 839 1798 corporali
869 1733 1019 1788 cultu
1055 1735 1418 1792 institutionis
1447 1739 1708 1795 traditio?
1735 1741 1951 1797 Scimus
1972 1745 2141 1813 enim,

562 1821 658 1891 qui
693 1831 904 1879 naturae
935 1826 1054 1895 ipso
1083 1828 1250 1883 ductu
1279 1830 1523 1885 animum
1566 1832 1734 1887 rebus
1775 1835 2142 1902 attendamus,

2255 630 2347 682 τὸν
2374 630 2558 694 τόπον,
2588 630 2685 699 οὐχ
2712 627 3040 698 εὑρίσκομεν
3072 628 3171 698 τὴν
3200 625 3422 697 Γραφὴν
3445 626 3832 695 άληθεύουσαν.

2255 722 2366 776 Ποῦ
2396 722 2506 793 γὰρ
2529 721 2803 791 ἠφάνισαν
2841 723 2889 773 oi
2919 717 3260 774 Γαϐαωνῖται
3309 719 3402 771 τὸν
3425 717 3602 770 Σαοὺλ
3633 718 3832 781 παντὸς

2253 817 2404 886 ὁρίου
2449 816 2687 887 Ἰσραὴλ,
2719 813 2922 890 πολλῆς
2948 812 3085 881 μετὰ
3124 810 3284 864 τοῦτο
3337 809 3660 878 συγγενείας
3691 811 3834 879 εὑρι-

2255 907 2530 976 σκομένης
2555 907 2611 958 ἐν
2638 903 2714 974 τῷ
2739 903 2886 974 λαῶ;
2912 901 3068 956 Κατὰ
3090 902 3148 955 δὲ
3168 901 3268 972 τὴν
3305 900 3539 971 θεωρίαν
3561 900 3829 964 νοοῦντες,

2255 997 2443 1066 σαφῶς
2472 996 2820 1066 εὑρίσκομεν,
2853 995 2937 1047 ὅτι
2959 993 3047 1047 διὰ
3082 995 3256 1062 μέσης
3280 992 3380 1061 τῆς
3421 989 3659 1061 φυσικῆς
3701 992 3832 1044 θεω-

2254 1091 2396 1161 ρίας,
2420 1091 2477 1141 ἐν
2504 1087 2582 1158 τῷ
2610 1086 2734 1156 ὕψει
2773 1087 2874 1156 τῆς
2901 1086 3174 1155 γνώσεως,
3212 1087 3239 1138 ὁ
3273 1085 3516 1154 γραπτὸς
3552 1083 3830 1146 παντελῶς

2251 1180 2573 1250 ἀπογίνεται
2614 1179 2795 1248 νόμος,
2825 1179 2991 1249 ήγουν
3013 1178 3041 1230 ὁ
3075 1175 3383 1246 σωματικὸς
3410 1177 3467 1226 ὲν
3495 1177 3609 1238 τοῖς
3639 1174 3831 1244 συμϐό-

2249 1273 2364 1337 λοις
2397 1271 2536 1325 κατὰ
2557 1270 2655 1342 τὴν
2683 1270 2938 1341 λατρείαν
2966 1268 3188 1338 θεσμός.
3235 1267 3343 1321 Ποῦ
3371 1267 3480 1337 γὰρ
3508 1267 3589 1319 ἔτι
3636 1268 3828 1337 στήσε-

2248 1384 2339 1420 ται
2369 1363 2641 1436 περιτομὴ
2673 1363 2892 1434 σαρκὸς,
2920 1364 3211 1432 νοουμένου
3251 1359 3344 1413 τοῦ
3385 1362 3551 1428 νόμου
3583 1375 3826 1428 πνευμα-

2249 1458 2420 1522 τικῶς
2449 1474 2464 1524 ;
2493 1457 2598 1510 ποῦ
2623 1456 2693 1510 τὰ
2725 1455 3001 1520 Σάϐϐατα,
3026 1454 3123 1508 καὶ
3151 1453 3260 1507 τῶν
3308 1452 3494 1524 μηνῶν
3528 1453 3583 1506 αί
3631 1450 3826 1523 ἀρχαί;

2249 1551 2354 1604 ποῦ
2378 1549 2489 1604 τῶν
2515 1547 2719 1621 ἑορτῶν
2740 1548 2796 1601 ai
2834 1545 3201 1616 πανηγύρεις;
3231 1542 3336 1597 ποῦ
3359 1541 3466 1596 τῶν
3488 1542 3711 1607 θυσιῶν,
3737 1542 3828 1596 καὶ

2247 1641 2348 1712 τῆς
2377 1641 2575 1712 ἀργίας
2609 1639 2709 1710 τῆς
2735 1641 2858 1712 γῆς,
2897 1639 2992 1693 καὶ
3021 1638 3119 1707 τῆς
3143 1637 3336 1706 λοιπῆς
3357 1635 3450 1688 τοῦ
3473 1637 3640 1706 νόμου
3689 1633 3858 1688 κατὰ·

2248 1734 2346 1806 τὴν
2385 1732 2704 1804 σωματικὴν
2736 1731 2992 1802 λατρείαν
3019 1731 3180 1803 [Ῑονι.
3236 1727 3363 1782 add.
3401 1725 3850 1798 καταστάσεως]

2248 1828 2282 1898 ἡ
2310 1825 2640 1899 παράδοσις;
2665 1823 2900 1895 Οἴδαμεν
2917 1823 3026 1896 γὰρ
3049 1821 3295 1891 φυσικῶς
3315 1819 3699 1883 ἐπιϐάλλοντες
3720 1821 3831 1882 τοῖς

564 1930 671 1969 non
723 1917 780 1971 in
831 1935 898 1974 eo
948 1921 1182 1990 positam
1236 1924 1629 1993 perfectionem
1682 1942 1835 1995 esse,
1884 1938 1941 1984 ut
1978 1945 2142 2000 quam

2248 1919 2572 1991 πράγμασιν
2597 1915 2823 1988 (50),ὠς
2854 1916 2954 1970 οὐκ
2976 1916 3090 1968 ἐστι
3120 1914 3395 1983 τελειότης
3417 1916 3450 1984 ἡ
3477 1913 3575 1982 τῆς
3605 1913 3670 1964 ἐκ
3696 1910 3830 1965 Θεοῦ

563 2007 706 2064 Deus
751 2020 944 2066 natura
992 2012 1362 2084 integritatem
1404 2017 1632 2081 indidit,
1677 2020 1981 2076 auferatur.
2021 2023 2143 2079 Non

560 2097 707 2151 enim
744 2110 940 2156 natura
976 2112 1092 2158 arte
1125 2106 1374 2160 mutilata
1409 2108 1800 2177 perfectionem
1832 2111 1980 2178 facit,
2009 2114 2143 2168 sub-

563 2187 755 2258 tilique
794 2192 1020 2248 invento
1047 2195 1101 2249 id
1131 2196 1411 2262 amitlens,
1443 2200 1592 2268 quod
1636 2200 1712 2254 illi
1743 2217 1808 2256 ex
1848 2203 2144 2259 creationis

562 2282 776 2339 ratione
806 2283 978 2352 inest;
1021 2303 1091 2342 ne
1141 2288 1209 2343 ad
1255 2290 1629 2358 praestandum
1676 2292 1900 2364 iustitia:
1948 2295 2140 2361 robur,
2179 2329 2185 2341 -

560 2370 843 2425 fortiorem
880 2373 991 2429 Deo
1029 2387 1202 2432 artem
1251 2377 1596 2444 inducamus,
1631 2396 1695 2434 ac
1727 2390 1938 2437 natura:
1975 2398 2140 2439 exco-

556 2461 788 2529 gitatum
823 2464 1122 2532 defectum,
1155 2467 1407 2524 defectus
1446 2470 1695 2541 iustitiae,
1733 2472 1828 2542 qui
1877 2488 1945 2528 ex
1983 2489 2140 2529 crea-

557 2552 707 2607 tione
761 2553 1010 2621 inolevit,
1057 2562 1504 2630 supplementum
1554 2561 1820 2620 faciamus
1865 2582 1878 2618 :
1925 2566 2021 2622 sed
2074 2583 2142 2623 ex

557 2647 738 2715 typico
766 2645 887 2719 ejus
920 2653 1155 2708 membri
1195 2654 1326 2721 situ,
1367 2656 1514 2726 quod
1559 2657 1999 2726 circumciditur,
2035 2661 2144 2715 cir-

555 2737 973 2795 cumcidendam
1019 2743 1254 2813 spiritali
1294 2761 1360 2800 ac
1404 2746 1648 2802 scientiae
1683 2763 1910 2804 munere
1950 2749 2140 2805 libidi-

553 2839 744 2880 nosam
776 2828 945 2884 animi
977 2831 1327 2888 affectionem
1368 2833 1664 2900 docemur;
1702 2835 1858 2906 cujus
1886 2846 2139 2906 amputa—

553 2916 705 2974 tionc
736 2920 957 2977 animus
985 2926 1361 2994 componitur,
1391 2935 1454 2982 ut
1489 2935 1742 2981 naturam
1773 2927 1960 2997 potius
1989 2943 2140 2983 asse-

554 3018 755 3075 ctetur,
793 3013 1147 3069 libidinosam
1196 3017 1483 3072 adventitii
1525 3028 1681 3074 ortus
1732 3019 1910 3090 legem
1948 3034 2139 3075 emen—

553 3099 710 3154 dans.
769 3101 1048 3172 Spiritalis
1095 3105 1247 3160 enim
1299 3107 1648 3163 circumcisio
1698 3119 1822 3174 est,
1873 3109 2035 3179 plena
2083 3119 2140 3166 et

553 3189 804 3245 absoluta
834 3191 1142 3249 libidinosae
1174 3196 1374 3251 mentis
1406 3197 1714 3253 affectionis
1745 3201 1982 3255 ascititio
2010 3211 2135 3257 ortu

554 3283 861 3350 amputatio
895 3301 909 3336 :
953 3282 1254 3340 Sabbatum
1305 3296 1512 3354 autem,
1552 3289 1799 3359 perfecta
1841 3293 2135 3361 perturba-

557 3373 768 3429 tionum
817 3375 1066 3444 sedatio,
1120 3382 1560 3452 universalisque
1611 3399 1741 3455 erga
1791 3399 1882 3440 res
1926 3394 2140 3441 creatas

555 3476 738 3522 motus
783 3471 986 3524 mentis
1029 3473 1188 3541 quies
1237 3489 1302 3528 ac
1348 3475 1612 3542 cessatio,
1656 3485 1821 3547 atque
1870 3477 1925 3532 in
1965 3477 2139 3533 Deum

554 3559 796 3628 perfecta
843 3563 1261 3635 commigratio;
1320 3565 1376 3620 in
1428 3582 1625 3635 quem,
1677 3569 1774 3638 qui
1829 3570 2033 3625 virtute
2085 3578 2141 3626 ct

555 3650 783 3706 scientia
828 3658 1132 3722 concessit,
1182 3673 1285 3728 pro
1328 3658 1606 3714 facultatis
1649 3661 1902 3727 modulo,
1949 3673 2141 3718 caveat

554 3758 780 3800 necesse
809 3753 914 3813 est,
946 3764 1017 3804 ne
1058 3749 1211 3805 velut
1243 3750 1387 3821 ligna
1423 3752 1490 3817 '°,
1526 3753 1812 3807 materiam
1856 3754 2021 3809 ullam
2053 3755 2138 3809 vi-

555 3836 645 3891 tiis
676 3836 980 3895 fomentum
1007 3842 1344 3910 praebentem
1375 3843 1560 3899 animo
1587 3845 1917 3913 meditetur;
1951 3855 2012 3901 ut
2044 3863 2140 3902 ne-

552 3945 659 3999 que
683 3931 911 3986 omnino
941 3942 1153 3989 naturae
1190 3935 1434 3991 rationes
1459 3937 1696 4008 colligat,
1725 3953 1794 3992 ne
1823 3937 2137 3994 Graecorum

552 4038 732 4088 more,
776 4024 981 4092 Deum,
1023 4027 1109 4080 vel
1155 4027 1450 4083 affectibus
1489 4044 1554 4084 ac
1598 4030 1829 4085 libidine
1875 4031 2139 4088 delectari

551 4127 878 4182 statuamus,
915 4128 1013 4174 aut
1046 4127 1260 4174 naturae
1301 4122 1555 4178 terminis
1588 4138 1964 4178 commensum
2007 4139 2134 4179 eum

549 4222 896 4276 asseramus;
937 4225 1102 4280 quem
1152 4211 1330 4266 solum
1369 4213 1677 4283 perfectum
1717 4215 1997 4270 silentium
2031 4217 2139 4272 cla-

550 4308 685 4364 mat,
719 4315 784 4355 ac
831 4300 993 4371 plena
1035 4302 1344 4358 secundum
1393 4306 1780 4363 excellentiam
1830 4307 2140 4377 ignorantia

553 4401 930 4458 repraesentat.
963 4391 1293 4449 Neomenias
1327 4409 1462 4450 vero
1500 4411 1623 4451 esse
1663 4395 1924 4462 dicimus,
1953 4397 2138 4452 diver-

553 4490 642 4529 sas
687 4477 912 4532 virtutis
962 4494 1026 4534 ac
1079 4480 1325 4537 scientia:
1377 4498 1544 4540 cursu
1604 4485 2032 4553 illustrationes,
2079 4487 2138 4542 in

554 4567 756 4636 quibus
798 4571 995 4624 saecula
1042 4571 1229 4626 omnia
1272 4582 1502 4643 repente
1548 4584 1899 4644 contuentes,
1930 4594 2136 4644 annum
2166 4599 2214 4659 ο

554 4658 774 4735 Domini
829 4662 1223 4730 acceptabilem
1274 4665 1567 4734 implemus
1608 4669 1686 4735 ⁷⁷,
1736 4669 1826 4725 cui
1881 4677 2136 4726 ornatum

553 4767 751 4805 corona
797 4751 1136 4824 benignitatis
1171 4757 1217 4789 ⁷⁸
1252 4765 1495 4826 prazstet.
1549 4759 1646 4815 Est
1691 4771 1876 4817 autem
1931 4777 2137 4817 corona

556 4842 933 4911 benignitatis,
966 4845 1131 4922 286
1155 4846 1292 4907 ﬁdes
1317 4850 1542 4910 munda.
1570 4867 1693 4922 quae
1722 4853 1933 4908 scilicet
1964 4854 2137 4909 instar

554 4934 866 5002 lapillorum
927 4950 1376 5005 gemmarumque
1434 4941 1768 4997 sublimibus
1829 4942 2135 5014 dogmatis,

554 5025 1003 5098 spiritalibusque
1043 5030 1393 5085 sermonibus
1440 5047 1505 5086 ac
1552 5034 1729 5088 sens‘is
1768 5033 2134 5103 interstincta,

554 5116 650 5172 Dei
696 5128 971 5174 amantem
1019 5135 1084 5175 ac
1129 5121 1444 5192 religiosam
1491 5134 1731 5180 mentem
1781 5126 1935 5180 velut
1972 5137 2137 5198 caput

554 5210 841 5280 astringat.
877 5210 1003 5266 Sive
1036 5213 1222 5282 potius
1264 5231 1480 5269 rursum
1520 5230 1724 5270 corona
1761 5217 2134 5290 benignitatis,

558 5299 673 5370 ipse
707 5303 804 5357 Dei
851 5302 1044 5361 Sermo
1075 5314 1179 5371 est,
1225 5305 1320 5374 qui
1355 5307 1525 5361 variis
1566 5303 1926 5377 providentia:
1959 5325 2025 5364 ac
2044 5310 2134 5381 ju-

558 5390 688 5446 dicii
716 5393 894 5448 modis
930 5393 1285 5464 (abstinentia
1315 5396 1530 5452 scilicet
1555 5397 1853 5454 affectuum
1879 5408 1936 5455 et
1959 5401 2136 5456 malo-

561 5494 700 5546 rum,
731 5497 853 5551 quaa
884 5499 951 5537 ex
980 5485 1162 5540 animo
1189 5499 1337 5552 sunt,
1370 5502 1674 5558 eorumque
1703 5490 1986 5559 patientia,
2014 5507 2135 5561 quae

564 5565 763 5625 invitos
812 5571 1075 5645 alliciunt)
1120 5577 1276 5632 velut
1315 5586 1500 5647 caput,
1533 5587 1772 5634 mentem
1805 5581 2132 5647 circumdat,

2246 2012 2386 2067 κατὰ
2404 2011 2563 2081 φύσιν
2579 2011 2895 2083 ἀρτιότητος
2911 2009 3270 2080 περιαίρεσις.
3286 2007 3362 2061 Οὐ
3379 2007 3489 2077 γὰρ
3506 2007 3652 2058 ποιεῖ
3663 2004 3834 2057 τελει-

2243 2104 2415 2174 ότητα
2433 2103 2594 2173 φύσις
2605 2102 2691 2155 διὰ
2712 2101 2907 2172 τέχνης
2932 2101 3322 2170 κολοϐου’μένη,
3343 2099 3438 2152 καὶ
3451 2097 3538 2151 διὰ
3552 2098 3834 2169 περινοίας

2243 2195 2606 2265 ἀποτιθεμένη
2617 2194 2678 2247 τὸ
2694 2194 2893 2265 προσὸν
2905 2193 3041 2262 αὐτῇ
3056 2191 3239 2245 θεόθεν
3254 2191 3394 2245 κατὰ
3409 2191 3564 2258 λόγον
3575 2190 3638 2260 δη
3650 2205 3834 2258 μιουρ-

2242 2289 2495 2357 γίαςοῖνα
2525 2287 2600 2360 μὴ
2635 2287 2734 2355 τὴν
2759 2286 2957 2356 τέχνην
2987 2285 3121 2338 Θεοῦ
3155 2285 3290 2354 πρὸς
3320 2282 3608 2351 βεϐαίωσιν
3625 2281 3829 2332 δικαιο-

2244 2380 2409 2450 σύνης
2429 2377 2782 2449 ἰσχυροτέραν
2795 2377 3198 2445 εἰσαγάγωμεν,
3215 2375 3310 2427 καὶ
3324 2372 3422 2442 τὴν
3435 2389 3501 2424 πε
3510 2388 3719 2444 ρινενοη
3730 2371 3826 2440 μέ-

2241 2491 2339 2544 νην
2356 2473 2456 2544 τῆς
2476 2473 2689 2541 φύσεως
2706 2470 2939 2539 ἔλλειψιν
2953 2466 3828 2540 άναπληρωτικὴνποιώμεθα,τῆς

2241 2568 2300 2622 ἐν
2327 2564 2640 2636 δικαιοσύνῃ
2663 2563 2806 2616 κατὰ
2829 2565 2928 2634 τὴν
2954 2562 3315 2634 δημιουργίαν
3357 2558 3647 2629 ἐλλείψεως
3669 2576 3684 2591 ο
3711 2557 3827 2611 ἀλλ’

2241 2661 2307 2714 ἐκ
2337 2659 2436 2728 τῆς
2466 2657 2702 2728 τυπικῆς
2722 2655 2816 2709 τοῦ
2855 2654 3320 2728 περιτεμνομένου
3357 2650 3549 2724 μυρίου
3597 2649 3819 2712 θέσεως,

2240 2749 2608 2822 διδασκόμεθα
2664 2746 2938 2801 ποιεῖσθαι
2993 2744 3312 2815 γνωστικῶς
3362 2743 3464 2814 τὴν
3519 2740 3826 2812 περιτομὴν

2240 2843 2342 2913 τῆς
2370 2841 2512 2896 κατὰ
2533 2841 2710 2912 ψυχὴν
2746 2837 3028 2911 ἐμπαθοῦς
3055 2837 3351 2899 διαθέσεως
3370 2851 3384 2866 ·
3419 2833 3540 2888 καθ’
3575 2835 3642 2905 ἢν
3681 2833 3819 2903 μᾶλ-

2241 2935 2333 2988 λον
2367 2937 2432 3005 τῇ
2469 2934 2628 3001 φύσει
2679 2931 2993 3002 συντρέχειν
3045 2930 3078 3000 ἠ
3112 2927 3304 2998 γνώμη
3345 2926 3694 2998 ῥυθμίζεται,
3729 2924 3826 2978 τὸν

2244 3025 2470 3096 ἐμπαθῆ
2494 3025 2594 3095 τῆς
2620 3026 2919 3093 ἐπικτήτου
2951 3022 3218 3092 γενέσεως
3243 3019 3409 3090 νόμον
3438 3018 3826 3089 διορθουμένη.

2242 3117 2520 3189 Περιτομὴ
2547 3117 2654 3188 γάρ
2681 3118 2796 3169 ἐστι
2826 3117 3064 3186 μυστικὴ
3097 3113 3233 3184 (51),
3259 3113 3359 3182 τῆς
3382 3109 3666 3182 ἐμπαθοῦς
3686 3109 3833 3163 κατὰ

2241 3210 2366 3264 νοῦν
2403 3209 2530 3280 περὶ
2558 3207 2658 3280 τὴν
2692 3209 3018 3262 ἐπείσακτον
3049 3206 3263 3275 γένεσιν
3292 3204 3531 3274 σχέσεως
3554 3201 3833 3272 παντελὴς

2241 3302 2605 3372 περιαίρεσις.
2652 3300 2726 3352 Τὸ
2779 3299 2834 3352 δὲ
2893 3299 3168 3380 Σάϐϐιατον
3200 3295 3334 3368 (3:2)
3399 3295 3581 3348 τελεία
3637 3293 3835 3348 παθῶν

2239 3394 2388 3446 ἐστιν
2409 3390 2670 3464 ἀπραξία,
2696 3391 2790 3444 καὶ
2819 3393 2918 3460 τῆς
2933 3391 3061 3461 περὶ
3094 3388 3164 3442 τὰ
3189 3387 3532 3457 πεποιημένα
3561 3386 3832 3459 καθολικὴ

2238 3481 2333 3534 τοῦ
2369 3479 2461 3534 νοῦ
2493 3479 2675 3533 παῦλα
2709 3479 2998 3549 κινήσεως,
3033 3478 3127 3530 καὶ
3178 3477 3314 3547 πρὸς
3347 3476 3408 3528 τὸ
3445 3474 3598 3541 Θεῖον
3643 3475 3832 3529 τελεία

2238 3573 2488 3635 διάϐασις
2511 3587 2526 3602 ο
2562 3573 2619 3624 ἐν
2646 3565 2690 3638 ᾧ
2721 3569 2811 3623 τὸν
2835 3569 2902 3622 δι’
2938 3569 3141 3640 ἀρετῆς
3165 3569 3259 3620 καὶ
3289 3567 3541 3636 γνώσεως
3568 3567 3715 3619 κατὰ
3769 3567 3833 3621 τὺ

2240 3664 2462 3736 θεμιτὸν
2491 3664 2844 3733 ἀφικόμενον,
2867 3662 2927 3715 οὐ
2955 3662 3038 3714 δεῖ
3057 3661 3307 3732 καθάπερ
3330 3659 3462 3724 ξύλα
3480 3660 3581 3730 τὴν
3608 3660 3832 3714 οίανοῦν

2241 3753 2524 3819 παντελῶς
2555 3753 2689 3825 ὕλην
2716 3753 3016 3824 ἐξαπτικὴν
3047 3751 3399 3823 ἐνθυμεῖσθαι
3442 3749 3664 3804 παθῶν
3699 3751 3831 3804 οὔτε

2243 3846 2352 3918 μὴν
2397 3846 2614 3916 φύσεως
2650 3846 2712 3898 τὸ
2753 3845 3018 3916 παράπαν
3068 3843 3438 3911 ἀναλέγεσθαι
3487 3841 3701 3910 λόγους,
3739 3843 3833 3896 ἵνα

2243 3937 2317 4009 μὴ
2347 3937 2578 3992 πάθεσιν
2607 3936 2890 4008 ἡδόμενον,
2924 3936 2956 4007 ἢ
2993 3934 3210 4004 φύσεως
3241 3935 3387 4004 ὅροις
3431 3932 3830 4004 μετρούμενον,

2240 4030 2385 4084 κατὰ
2409 4031 2539 4093 τοὺς
2573 4028 2847 4098 Ἕλληνας
2876 4028 2968 4082 τὸν
3001 4027 3135 4081 Θεὸν
3167 4025 3585 4097 δογματίζωμεν
3607 4041 3622 4058 ο
3655 4026 3832 4094 ὅνπερ

2241 4123 2274 4193 ἡ
2302 4121 2486 4174 τελεία
2517 4120 2655 4190 μόνη
2684 4120 2931 4190 κέκραγε
2987 4119 3115 4191 σιγὴ
3169 4118 3306 4188 (55),
3341 4119 3436 4171 καὶ
3483 4119 3515 4187 ἡ
3552 4117 3836 4188 παντελὴς

2239 4212 2364 4267 καθ’
2388 4213 2664 4284 ὑπεροχὴν
2684 4215 2931 4282 ἀγνωσία
2958 4211 3277 4282 παρίστησι.
3306 4210 3418 4274 Τὰς
3443 4210 3500 4264 δὲ
3530 4211 3836 4281 νεομηνίας

2239 4301 2380 4358 εἷναί
2403 4323 2586 4377 φαμεν
2617 4306 2753 4376 (54),
2794 4305 2921 4368 τοὺς
2944 4305 3002 4358 ὲν
3027 4303 3106 4372 τῷ
3127 4303 3314 4375 δρόμῳ
3335 4303 3445 4357 τῶν
3473 4304 3593 4356 κατ’
3625 4303 3837 4374 ἀρετὴν

2239 4398 2336 4451 καὶ
2364 4398 2567 4466 γνῶσιν
2599 4397 2827 4468 ἡμερῶν
2875 4395 3165 4467 διαφόρους
3199 4395 3536 4465 φωτισμοὺς,
3572 4390 3657 4456 οἷς
3689 4411 3838 4464 προ-

2240 4488 2517 4560 τροπάδην
2546 4488 2795 4551 ἅπαντας
2817 4485 3091 4550 ἐνθέοντες
3114 4486 3241 4550 τοὺς
3268 4485 3489 4549 αἰῶνας,
3519 4485 3611 4538 τὸν
3639 4485 3837 4538 δεκτὺν

2238 4575 2484 4628 ἐνιαυτὸν
2500 4575 2594 4629 τοῦ
2619 4576 2821 4645 Κυρίου
2842 4574 3268 4648 πληροῦμεν,τῷ
3283 4574 3395 4642 τῆς
3416 4576 3836 4644 χρηστότητος

2241 4667 2522 4738 στεφάνῳ
2557 4668 2954 4739 κοσμούμενον.
3009 4669 3284 4738 Στέφανος
3337 4667 3396 4720 δέ
3456 4667 3836 4737 χρηστότητός

2239 4759 2359 4812 ἐστι
2403 4758 2514 4827 (55)
2561 4759 2747 4822 πίστις
2792 4759 3010 4827 καθαρὰ
3047 4759 3210 4812 λίθων
3242 4759 3440 4828 τιμίων
3487 4757 3670 4827 δίκην,
3709 4761 3835 4820 ταῖς

2240 4851 2351 4905 τῶν
2401 4851 2690 4921 δογμάτων
2721 4851 3047 4922 ὑψηγορίαις
3105 4852 3202 4904 καὶ
3246 4850 3426 4919 λόγοις
3471 4849 3834 4921 διηνθισμένη

2241 4947 2635 5015 πνευματικοῖς
2677 4945 2770 4997 καὶ
2804 4945 3060 5014 νοήμασι,
3096 4944 3187 4996 τὸν
3211 4942 3431 5013 θεοφιλῆ
3454 4941 3715 5011 καθάπερ
3743 4957 3837 4994 κε-

2245 5035 2422 5107 φαλὴν
2455 5035 2852 5104 διασφίγγουσα
2879 5033 3024 5088 νοῦν.
3065 5035 3134 5086 ’Ἡ
3172 5033 3374 5104 μᾶλλον
3420 5036 3688 5102 στέφανος
3725 5035 3833 5091 πάν

2239 5127 2322 5183 λιν
2356 5127 2727 5199 χρηστότητός
2758 5127 2908 5180 ἐστιν
2943 5125 3058 5198 ('56)
3095 5126 3259 5191 αὐτὸς
3289 5128 3317 5179 ὁ
3351 5126 3443 5180 τοῦ
3474 5126 3608 5179 Θεοῦ
3643 5127 3829 5195 λόγος,

2237 5219 2266 5271 ό
2294 5223 2359 5290 τῇ
2393 5218 2639 5290 ποικιλία
2671 5218 2780 5272 τῶν
2810 5218 2953 5273 κατὰ
2976 5219 3235 5289 πρόνοιαν
3262 5220 3355 5272 καὶ
3380 5219 3562 5290 κρίσιν
3580 5219 3828 5289 τρόπων,

2239 5310 2410 5381 ἤγουν
2463 5311 2759 5383 ἐγκρατείᾳ
2803 5310 2914 5365 τῶν
2969 5310 3234 5364 ἑκουσίων
3270 5310 3382 5381 ('57)
3419 5311 3514 5364 καὶ
3571 5311 3825 5381 ὑπομονῇ

2237 5399 2638 5456 τῶνάκουσίων
2663 5401 2873 5466 παθῶν,
2899 5401 2972 5464 ὡς
3003 5401 3246 5473 κεφαλὴν
3273 5400 3365 5453 τὸν
3394 5399 3518 5454 νοῦν
3551 5402 3828 5471 περιγρά-

2244 5510 2380 5561 φων,
2425 5495 2519 5548 καὶ
2549 5499 2614 5566 τῇ
2659 5497 2859 5566 μετοχῇ
2897 5495 2996 5564 τῆς
3031 5495 3172 5547 κατὰ
3219 5493 3318 5565 τὴν
3349 5493 3547 5549 θέωσιν
3580 5496 3831 5567 χάριτος,

2244 5584 2408 5647 αὐτὸς
2440 5584 2636 5638 ἑαυτοῦ
2665 5585 2756 5641 τὸν
2785 5583 2908 5640 νοῦν
2935 5583 3105 5638 ποιῶν
3136 5583 3491 5654 ὼραιότερον.

561 5676 646 5725 ac,
677 5677 784 5732 qua
820 5665 1049 5721 Deitatis
1083 5669 1251 5739 gratia
1293 5671 1558 5740 impertit,
1594 5672 1765 5743 ipsam
1802 5673 1983 5745 seipsa
2017 5676 2398 5736 formosiorem
2432 5679 2633 5737 reddit.

633 5817 680 5850 "
707 5817 866 5874 Num.
897 5837 984 5887 xv,
1014 5825 1100 5878 3‘2.
1176 5829 1218 5859 ⁷⁷
1252 5829 1352 5882 lsa.
1387 5845 1529 5894 tvm,
1562 5831 1613 5883 5.
1691 5830 1737 5863 ⁷⁸
1762 5831 1902 5886 l’sal.
1928 5837 2138 5898 ulv,2.
