4126 6316
345 396 446 459 757

1398 383 1892 459 QUIESTIONES
1928 383 2038 444 AD
2065 379 2574 441 THALASSIUM.

3491 378 3596 440 758

418 501 536 557 Τῶν
563 499 764 572 ἑορτῶν
789 500 868 565 δὲ,
904 499 1000 570 τὴν
1035 499 1132 571 μὲν
1182 497 1404 570 πρώτην
1425 497 1561 568 (58),
1601 494 1913 567 πρακτικῆς
1941 495 1961 553 Α

2092 492 2169 548 Ad
2224 492 2368 548 festa
2413 501 2598 547 autem
2644 492 2793 562 quod
2833 493 3032 548 attlnet
3076 507 3142 548 ac
3183 492 3598 558 solemnitates,

351 589 487 646 εἶναι
537 590 850 661 φιλοσοφίας
909 590 1198 661 σύμϐολον,
1249 589 1387 658 πρὸς
1448 588 1649 659 ἀρετὴν
1703 587 1778 650 ὠς
1825 584 1918 640 ἀπ’

2021 583 2202 653 prima
2233 583 2456 653 quidem
2484 583 2606 654 ejus
2631 583 2994 653 philosophia:
3021 583 3330 655 symbolum
3352 590 3458 648 est,
3480 597 3603 652 qua:

353 683 628 754 Αἰγύπτου
671 683 770 753 τῆς
805 681 1078 754 ἁμαρτίας
1100 681 1228 743 τοὺς
1285 681 1376 734 ὑπ’
1417 681 1588 748 αὑτῆς
1617 677 1924 749 κρατουμέ-

2063 692 2082 730 ι
2103 675 2317 731 actione
2351 684 2632 740 versatur;
2666 690 2789 744 quae
2829 675 3041 730 scilicet
3076 675 3229 730 velut
3253 690 3322 729 ex
3349 673 3601 745 Egypto,

356 792 475 838 νους
517 771 966 836 διαϐιϐάζουσαν·
1024 772 1120 844 τὴν
1146 773 1203 825 δὲ
1260 771 1516 841 δευτέραν
1561 771 1696 843 (59),
1744 770 1843 841 τῆς
1867 770 1925 822 ἐν

2091 773 2318 835 peccato
2353 764 2420 819 ad
2447 765 2707 819 virtutem
2737 780 2834 820 eos
2861 764 3135 830 traducat,
3163 779 3400 833 quorum
3426 764 3605 819 domi-

359 866 627 936 πνεύματι
681 865 916 935 φυσικῆς
963 863 1132 916 τύπον
1185 864 1447 934 ὑπάρχειν
1514 862 1769 934 θεωρίας,
1827 859 1926 932 τὴν

2067 865 2209 912 atur.
2234 857 2422 912 Altera
2449 871 2603 922 vero,
2629 856 2901 913 naturalis
2923 857 2978 910 in
2999 854 3196 926 spiritu
3218 854 3608 925 speculationis

358 958 486 1028 περὶ
518 957 627 1011 τῶν
653 957 821 1010 ὄντων
849 955 1046 1026 εὑσεϐῆ
1097 954 1272 1020 δόξαν,
1323 955 1399 1018 ὡς
1436 955 1688 1026 ἀπαρχὴν
1738 955 1930 1024 θέρους

359 1050 433 1122 τῷ
462 1050 583 1122 Θεῷ
625 1047 1097 1120 προσκομίζουσαν
1118 1065 1132 1080 ⁸
1164 1049 1261 1120 τὴν
1292 1047 1348 1101 δὲ
1373 1048 1584 1119 τρίτην,
1651 1047 1931 1116 θεολογίας

358 1137 496 1196 εἶναι
532 1141 824 1212 μυστήριον
866 1138 998 1210 (40),
1034 1138 1131 1210 τὴν
1163 1138 1380 1192 πάντων
1409 1137 1518 1190 τῶν
1552 1138 1608 1191 ὲν
1631 1139 1745 1201 τοῖς
1769 1154 1930 1206 γεγο-

359 1233 474 1286 νόσι
516 1229 900 1301 πνευματικῶν
940 1229 1113 1298 λόγων
1145 1229 1453 1298 γνωστικὴν
1499 1227 1636 1295 ἕξιν,
1692 1229 1788 1282 καὶ
1834 1228 1933 1294 τὴν

363 1323 482 1376 κατ’
538 1322 850 1392 οἰκονομίαν
902 1320 997 1374 τοῦ
1039 1319 1412 1392 σαρκωθέντος
1465 1320 1638 1388 Λόγου
1691 1321 1929 1389 παντελῆ

364 1402 450 1464 διὰ
489 1412 588 1481 τῆς
618 1411 836 1482 χάριτος
896 1409 1331 1480 ἀναμαρτησίαν,
1367 1409 1462 1463 καὶ
1489 1411 1587 1479 τὴν
1630 1409 1715 1462 ἐπ’
1749 1411 1936 1474 αὑταῖς

365 1502 424 1556 ὲν
451 1502 528 1573 τῷ
563 1503 752 1574 ἀγαθῷ
786 1502 1000 1556 τελείαν
1033 1490 1128 1556 καὶ
1181 1500 1447 1554 ἀθάνατον
1486 1501 1750 1573 ἀτρεψίαν
1780 1518 1938 1572 περι-

369 1592 620 1662 έχουσαν,
642 1592 717 1657 ὡς
741 1593 1056 1662 σαλπίγγων
1087 1591 1182 1646 καὶ
1201 1591 1429 1663 ἱλασμοῦ
1452 1593 1546 1646 καὶ
1568 1591 1941 1663 σκηνοπηγίας

370 1685 680 1756 ποιητικήν.

2030 957 2221 1021 typum
2265 949 2442 1019 gerit;
2487 963 2610 1018 quae
2651 949 2915 1003 nimirum
2962 947 3155 1019 pietati
3198 947 3499 1002 haerentem
3541 947 3610 1000 de

2030 1048 2198 1102 rebus
2246 1047 2579 1103 sententiam
2627 1054 2888 1116 tanquam
2938 1046 3134 1100 messis
3180 1043 3453 1114 primitias
3495 1041 3612 1096 Deo

2031 1137 2247 1193 oﬁ'erat.
2284 1137 2471 1191 Tertia
2515 1135 2754 1206 denique
2797 1135 3085 1205 theologia:
3129 1132 3454 1204 mysterium
3496 1138 3610 1196 est;

2033 1243 2157 1298 qua:
2182 1226 2442 1282 videlicet
2483 1225 2729 1280 omnium
2768 1225 2824 1279 in
2855 1224 3024 1280 rebus
3056 1221 3260 1278 creatis
3283 1220 3615 1291 spiritalium

2038 1318 2317 1372 rationum
2357 1316 2603 1371 scientia:
2641 1315 2914 1380 habitum,
2951 1314 3279 1384 plenamque
3310 1311 3481 1367 Verbi
3525 1325 3616 1366 se-

2037 1407 2280 1464 cundum
2315 1407 2782 1477 dispensationem
2817 1405 3086 1460 incamati
3113 1404 3302 1474 gratiae
3329 1416 3558 1456 munere
3586 1415 3618 1455 a

2037 1509 2268 1572 peccato
2293 1499 2725 1563 immunitatem;
2757 1512 2821 1552 ac
2849 1504 3149 1566 postremo,
3178 1494 3328 1548 velut
3357 1508 3478 1562 quae
3501 1492 3618 1560 ipsa

2041 1591 2300 1644 tubarum
2339 1599 2395 1645 et
2438 1588 2848 1659 pr0pitiationis
2889 1602 2954 1642 ac
2992 1585 3332 1656 scenopegia:
3371 1582 3620 1638 eﬁ‘ectrix

2041 1681 2290 1747 exsistat,
2322 1679 2622 1750 perfectam
2651 1694 2716 1733 ac
2745 1677 3108 1732 immortalem
3143 1675 3200 1728 in
3230 1673 3378 1728 bono
3419 1673 3620 1726 immu-

2045 1774 2390 1837 tabilitatem,
2427 1771 2623 1826 horum
2653 1771 2878 1826 cumulo
2906 1767 3320 1838 complectatur.

441 1859 661 1934 Ταύτην
694 1861 802 1933 ἔχω
831 1863 969 1928 τέως
996 1865 1136 1919 κατά
1167 1864 1296 1936 μίαν
1317 1864 1575 1937 ἐπιϐολὴν
1621 1864 1684 1918 ὲκ
1709 1866 1808 1935 τῆς
1832 1864 1942 1917 τῶν

2117 1863 2208 1918 Sic
2252 1863 2388 1916 mihi
2447 1863 2716 1917 hactenus
2762 1877 2874 1916 uno
2929 1873 3116 1922 sensu,
3152 1871 3217 1911 ex
3266 1856 3477 1910 honore
3531 1853 3623 1922 qui

371 1953 595 2024 ἡμερῶν
633 1956 795 2025 τιμῆς
851 1956 950 2026 τὴν
994 1956 1268 2013 ὑπόνοιαν.
1320 1959 1395 2012 Οὑ
1437 1956 1546 2028 γάρ
1590 1957 1653 2026 δὴ
1682 1955 1944 2027 τιμᾶσθαι

373 2045 541 2098 θέλων
565 2046 593 2098 ὁ
627 2044 758 2110 Θεὸς
781 2045 992 2116 ἡμέρας
1021 2047 1126 2100 ὑπὸ
1152 2047 1260 2102 τῶν
1286 2047 1608 2119 ἀνθρώπων,
1649 2045 1944 2117 προσέταξε

373 2135 668 2206 τιμηθῆναι
726 2135 788 2189 τό
833 2153 893 2190 τε
927 2136 1221 2203 Σάϐϐατον,
1254 2138 1348 2191 καὶ
1380 2138 1478 2201 τὰς
1515 2137 1822 2209 νεομηνίας,
1852 2135 1947 2190 καὶ⁵

374 2222 472 2286 τὰς
490 2225 702 2296 ἑορτάς.
719 2225 875 2280 Οὕτω
889 2226 996 2298 γὰρ
1017 2227 1083 2281 ἂν
1099 2228 1380 2300 λατρεύειν
1403 2231 1468 2299 τῇ
1490 2229 1663 2282 κτίσει
1693 2229 1843 2298 παρὰ
1858 2227 1948 2280 τὸν

377 2315 637 2370 κτίσαντα
671 2318 812 2372 κατὰ
837 2318 1001 2390 νόμον
1031 2319 1253 2391 ἐντολῆς
1282 2320 1578 2388 ὲξεδίδαξεν
1608 2320 1737 2392 (Μ),
1770 2319 1950 2390 οἰομέ-

377 2420 499 2467 νους
533 2407 734 2470 σεπτάς
790 2406 928 2462 εἶναι
959 2408 1118 2478 φύσει
1147 2410 1244 2473 τὰς
1271 2411 1505 2480 ἡμέρας,
1538 2410 1631 2462 καὶ
1679 2409 1768 2461 διὰ
1795 2407 1952 2462 τοῦτο

379 2498 757 2566 προσκυνητάς
785 2515 798 2528 °
826 2499 940 2552 ἀλλ’
967 2501 1158 2554 ἑαυτὸν
1193 2499 1455 2570 τιμᾶσθαι
1500 2499 1840 2570 συμϐολικῶς
1866 2500 1953 2553 διὰ

379 2581 482 2634 τῶν
525 2583 746 2654 ἡμερῶν
786 2588 1186 2658 παρεδήλωσεν.
1227 2589 1401 2652 Αὐτὸς
1431 2589 1541 2660 γάρ
1569 2592 1684 2642 ἐστι
1734 2587 1955 2642 Σάϐϐα-

379 2689 471 2726 τον
498 2674 596 2744 μὲν
621 2674 756 2746 (42),
807 2677 882 2740 ὡς
912 2678 1020 2729 τῶν
1052 2680 1109 2731 ἐν
1167 2679 1333 2748 σαρκὶ
1371 2680 1470 2749 τῆς
1510 2679 1687 2750 ψυχῆς
1741 2678 1955 2750 μόχθων

383 2765 705 2830 ἀνάπαυσις,
726 2769 818 2820 καὶ
852 2769 959 2822 τῶν
988 2770 1127 2823 κατὰ
1171 2770 1514 2840 δικαιοσύνην
1545 2771 1720 2823 πόνων
1785 2770 1958 2823 κατά-

386 2873 587 2919 παυσις
613 2875 629 2891 ο
665 2860 857 2930 Πάσχα
885 2860 938 2914 δὲ
977 2862 1109 2932 (45),
1138 2861 1212 2923 ὡς
1237 2861 1606 2933 ἐλευθερωτὴς
1633 2862 1739 2916 τῶν
1763 2865 1829 2933 τῇ
1866 2881 1956 2915 πι-

386 2948 493 3017 κρᾷ
534 2947 746 3020 δουλείᾳ
788 2954 1211 3023 κεκρατημένων
1237 2952 1336 3023 τῆς
1390 2953 1686 3024 ἁμαρτίας.
1759 2953 1961 3024 Πεντη-

389 3036 557 3108 κοστὴ
589 3038 646 3092 δὲ
691 3040 826 3112 (44),
863 3041 938 3105 ὡς
973 3043 1113 3113 ἀρχὴ
1166 3044 1259 3098 καὶ
1287 3044 1440 3108 τέλος
1472 3043 1583 3097 τῶν
1625 3043 1816 3109 ὄντων,
1865 3045 1962 3098 καὶ

2045 1955 2244 2011 diebus
2285 1954 2544 2020 habetur,
2595 1953 2932 2024 opinandum
2979 1950 3272 2006 succurrit.
3317 1948 3436 2003 Non
3479 1947 3625 2001 enim

2048 2049 2276 2112 idcirco,
2309 2047 2453 2116 quod
2488 2047 2634 2102 Deus
2671 2046 2880 2100 honore
2921 2044 3026 2099 eoli
3061 2042 3129 2097 ab
3162 2039 3480 2095 hominibus
3511 2038 3628 2092 dies

2047 2142 2262 2210 vellet,
2294 2138 2597 2194 Sabbatum
2640 2137 2848 2208 pariter
2887 2143 2943 2191 et
2985 2133 3334 2196 neomenias,
3384 2129 3628 2200 festaque

2048 2231 2315 2287 solemnia
2348 2229 2576 2286 colenda
2619 2227 2897 2299 praecepit.
2933 2227 3022 2282 Sic
3053 2225 3202 2280 enim
3235 2222 3443 2278 servire
3479 2234 3632 2274 crea-

2051 2333 2196 2378 turae
2216 2325 2288 2386 ’³,
2319 2321 2492 2392 magis
2530 2337 2694 2390 quam
2739 2319 2987 2374 Creatori
3037 2317 3125 2388 (ad
3165 2315 3406 2371 mandati
3458 2315 3630 2383 legem

2052 2414 2201 2485 quod
2250 2411 2467 2481 attinet)
2512 2412 2637 2466 illos
2678 2409 2986 2474 docuisset;
3018 2423 3142 2463 cum
3177 2407 3388 2463 scilicet
3427 2405 3485 2470 ii,
3514 2403 3635 2458 dies

2053 2516 2252 2560 natura
2282 2503 2645 2568 venerabiles,
2685 2517 2748 2556 ac
2782 2510 3072 2571 propterea
3109 2499 3192 2554 eis
3224 2498 3431 2553 cultum
3476 2494 3634 2549 adhi-

2055 2596 2297 2652 bernium
2348 2594 2784 2658 arbitrarentur;
2837 2590 2933 2646 sed
2984 2591 3099 2660 ipse
3146 2589 3250 2644 sibi
3303 2604 3371 2643 ex
3419 2587 3636 2670 dierugi

2057 2687 2272 2742 ratione
2317 2686 2582 2741 honorem
2633 2683 2980 2748 habendum,
3024 2681 3273 2753 symbolo
3315 2677 3634 2734 declaravit.

2058 2780 2179 2850 Ipse
2219 2779 2366 2834 enim
2411 2787 2468 2833 et
2505 2777 2806 2832 Sabbatum
2851 2785 2956 2839 est,
2987 2774 3138 2828 velut
3176 2773 3344 2827 animi
3382 2771 3438 2825 in
3477 2786 3642 2824 carne

2059 2884 2432 2924 aerumnarum
2484 2867 2750 2933 amolitio,
2793 2881 2857 2920 ac
2900 2864 3127 2933 justitiae
3172 2863 3423 2917 laborum
3461 2860 3640 2930 quies.

2061 2957 2272 3012 Pascha
2305 2965 2513 3019 autem,
2541 2963 2600 3009 ut
2632 2969 2827 3009 eorum
2860 2953 3145 3018 liberator,
3173 2951 3267 3022 qui
3298 2965 3481 3008 amara
3513 2963 3642 3018 pce-

2064 3045 2172 3102 cati
2213 3045 2478 3100 servitute
2516 3050 2794 3099 tenentur.
2827 3040 3154 3095 Pentecoste
3184 3055 3338 3104 vero,
3366 3046 3427 3092 ut
3460 3053 3645 3092 rerum

387 3126 564 3197 λόγος,
674 3130 741 3185 τά
791 3131 982 3185 ’πάντα
1016 3133 1173 3201 φύσει
1208 3134 1556 3204 συνέστηκεν.
1588 3136 1651 3188 Εἰ
1682 3135 1792 3207 γάρ
1825 3135 1961 3206 μετά

2063 3136 2400 3208 principium
2449 3143 2506 3190 et
2551 3134 2696 3198 ﬁnis,
2729 3133 3080 3201 Verbumque
3129 3140 3185 3185 et
3237 3130 3399 3195 ratio,
3433 3130 3487 3184 in
3539 3143 3649 3199 qua

387 3221 487 3291 τὴν
503 3224 583 3285 είς
615 3223 815 3294 ἑαυτὴν
848 3225 1212 3296 ἐϐδοματικὴν
1241 3226 1339 3296 τῆς
1390 3227 1682 3297 ἑϐδομάδος
1713 3227 1961 3298 περίοδον

390 3312 536 3365 ἐστιν
563 3314 595 3382 ὴ
623 3313 990 3386 Πεντηκοστὴ,
1041 3315 1335 3386 πενταδικὴ
1382 3317 1439 3370 δὲ
1489 3317 1674 3386 σαφῶς
1726 3319 1960 3389 ὑπάρχει

389 3403 594 3475 δεκάςή
633 3407 978 3479 Πεντηκοστή
993 3425 1008 3440 ο
1033 3406 1313 3479 προδήλως
1325 3408 1431 3480 ἄρα
1448 3407 1555 3462 τῶν
1571 3410 1738 3463 ὅντων
1756 3410 1964 3481 ἡφύσις

391 3496 533 3549 κατὰ
565 3496 654 3550 τὸν
695 3499 896 3570 ἑαυτῆς
955 3500 1112 3569 λόγον
1152 3501 1484 3572 ὑπάρχουσα
1540 3501 1834 3572 πενταδικὴ
1880 3502 1966 3556 διὰ

391 3588 491 3651 τὰς
556 3589 858 3661 αἰσθήσεις,
914 3593 1052 3662 μετά
1105 3593 1204 3664 τὴν
1249 3594 1483 3666 φυσικὴν
1520 3593 1612 3648 τοῦ
1641 3593 1834 3665 χρόνου
1873 3593 1968 3646 καὶ

392 3678 502 3731 τῶν
543 3679 754 3735 αίὼνων
809 3680 1082 3748 διάϐασιν,
1133 3684 1192 3737 ὲν
1234 3683 1311 3754 τῷ
1356 3683 1477 3754 Θεῷ
1509 3682 1682 3746 ἔσται,
1718 3682 1795 3752 τῷ
1828 3683 1970 3736 κατά

399 3768 561 3836 φύσιν
603 3771 702 3836 ἑνὶ,
731 3759 810 3843 μὴ
853 3773 1121 3844 δεχομένη
1147 3774 1350 3845 πέρας·
1398 3775 1458 3827 ὲν
1497 3768 1541 3841 ᾧ
1571 3772 1846 3835 παντελῶς
1869 3774 1969 3825 οὑκ

399 3857 515 3910 ἐστι
573 3859 872 3925 διάστασις.
928 3861 1067 3914 Φασὶ
1102 3863 1211 3932 γάρ
1258 3880 1404 3926 τινες
1440 3859 1579 3916 εἶναι
1621 3861 1822 3932 μονάδα
1853 3860 1967 3931 [Fr.

399 3945 618 4020 δεκάδα]
657 3948 770 4004 τὸν’
795 3951 971 4020 λόγον,
1010 3953 1086 4016 ὠς
1139 3954 1395 4025 πρόνοιαν
1449 3955 1593 4006 κατά
1634 3952 1860 4023 πρόοδον
1903 3955 1972 4022 τῇ

400 4033 583 4088 δεκάδι
646 4035 756 4091 τῶν
817 4039 1048 4092 ἐντολῶν
1093 4040 1512 4111 πλατυνόμενον.
1573 4040 1843 4112 Ὀπηνίκα
1917 4041 1974 4094 δὲ

405 4126 652 4199 συναφθῇ
677 4128 754 4199 τῷ
778 4128 921 4201 λόγῳ
951 4131 1092 4186 κατά
1107 4118 1282 4202 ’χάριν
1310 4133 1343 4204 ἡ
1368 4131 1552 4202 φύσις,
1601 4134 1702 4184 οὑκ
1723 4131 1876 4184 ἔσται
1905 4131 1976 4184 τὰ

403 4210 478 4271 ὧν
500 4219 598 4270 οὑκ
638 4219 790 4286 ἄνευ,
818 4222 918 4290 τῆς
942 4223 1048 4277 τῶν
1079 4223 1240 4293 φύσει
1267 4224 1602 4294 κινουμένων
1621 4224 1976 4292 ἀλλοιωτικῆς

403 4311 810 4386 ἀπογενομένης
858 4316 1144 4387 κινήσεως.
1189 4318 1282 4370 Δεῖ
1319 4317 1429 4389 γὰρ
1466 4321 1566 4388 τὴν
1620 4318 1974 4388 πεπερασμέ-

404 4420 502 4474 νην
525 4405 735 4471 στάσιν,
767 4407 823 4459 ὲν
849 4399 884 4482 ᾖ
913 4406 1158 4476 γίνεσθαι
1190 4409 1434 4480 πέφυκεν
1481 4409 1539 4478 ἐξ
1571 4409 1819 4478 ἀνάγκης
1854 4411 1976 4464 κατ’

2063 3235 2262 3283 cuncta
2303 3234 2503 3280 natura
2545 3223 2877 3278 consistunt.
2934 3221 3071 3277 Cum
3114 3222 3261 3276 enim
3303 3228 3429 3291 post
3472 3229 3651 3290 septe-

2063 3334 2191 3374 nam
2217 3318 2534 3389 septimanae
2557 3317 2611 3371 in
2635 3317 2870 3386 seipsam
2895 3315 3180 3385 periodum
3207 3313 3278 3369 sit
3303 3314 3648 3377 Pentecoste,

2065 3410 2247 3480 sitque
2301 3408 2479 3478 palam
2535 3408 2860 3462 Pentecoste
2921 3405 3082 3475 287
3137 3404 3387 3474 quinaria
3449 3403 3650 3468 decas;

2066 3501 2358 3571 perspicue
2412 3498 2664 3568 sequitur
2700 3513 2886 3552 rerum
2919 3506 3193 3562 naturam,
3225 3512 3346 3566 quae
3376 3495 3492 3567 ipsa
3530 3511 3560 3550 a
3595 3511 3654 3550 sc

2069 3608 2332 3649 sensuum
2370 3593 2586 3646 ratione
2632 3590 2882 3661 quinaria
2919 3589 3009 3654 sit,
3044 3597 3170 3659 post
3203 3599 3522 3658 superatum
3562 3605 3659 3643 na-

2069 3694 2193 3739 tura
2233 3693 2449 3751 tempus
2482 3689 2647 3750 atque
2681 3681 2904 3744 saecula,
2943 3679 2999 3734 in
3037 3681 3150 3735 Deo
3194 3680 3332 3745 fore,
3371 3681 3465 3750 qui
3514 3696 3660 3736 unus

2071 3785 2155 3830 est
2191 3789 2289 3843 per
2319 3781 2594 3835 naturam,
2627 3771 2841 3825 nullum
2879 3771 3190 3825 habituram
3229 3769 3388 3824 ﬁnem
3415 3788 3429 3823 :
3462 3771 3517 3824 in
3549 3787 3660 3840 quo

2073 3862 2285 3916 scilicet
2309 3861 2457 3913 nulla
2481 3874 2710 3929 prorsus
2731 3861 2988 3914 distantia
3017 3875 3112 3914 seu
3141 3861 3372 3914 mutatio
3399 3860 3488 3914 sit.
3521 3860 3662 3915 Sunt

2073 3953 2221 4008 enim
2264 3954 2358 4022 qui
2401 3953 2588 4008 dicant
2650 3969 2776 4009 esse
2821 3953 3111 4008 monadem
3154 3950 3311 4022 λόγον
3349 3953 3660 4023 (sermonem

2077 4045 2290 4100 scilicet
2339 4061 2404 4100 ac
2450 4045 2733 4117 rationem)
2788 4055 3044 4115 tanquam
3090 4045 3511 4116 providentiam,
3542 4061 3664 4115 quae

2077 4137 2459 4207 progressione
2517 4137 2902 4192 mandatorum
2986 4136 3190 4191 decade
3236 4137 3661 4206 multiplicetur.

2077 4227 2183 4285 Ubi
2223 4237 2405 4284 autem
2437 4236 2636 4282 natura
2679 4228 2880 4282 rationi
2916 4227 3120 4299 (Verbo
3150 4227 3409 4281 nimirum
3441 4242 3504 4281 ac
3531 4227 3664 4282 Ser-

2080 4320 2254 4393 moni)
2290 4338 2389 4393 per
2434 4321 2666 4393 gratiam
2716 4322 2970 4392 copulata
3014 4321 3200 4388 fuerit,
3235 4337 3344 4375 non
3381 4330 3546 4376 erunt
3577 4337 3662 4386 ea,

2081 4413 2200 4469 sine
2234 4412 2436 4482 quibus
2469 4427 2600 4476 non,
2632 4409 2781 4481 quod
2817 4425 3014 4479 nempe
3054 4425 3267 4474 eorum,
3301 4425 3424 4479 quze
3469 4418 3663 4465 natura

403 4494 686 4550 ἀλλοίωσιν
710 4498 818 4552 τῶν
844 4499 1175 4570 κινουμένων
1197 4501 1230 4570 ἡ
1271 4502 1504 4572 κίνησις,
1539 4500 1796 4568 δέξασθαι
1824 4499 1961 4565 τέλος

2087 4514 2402 4569 moventur,
2435 4513 2620 4559 motus
2658 4505 2810 4559 varie
2840 4517 3060 4558 sensum
3105 4501 3346 4557 alliciens
3381 4503 3666 4558 deterens-

403 4587 467 4654 τῇ
502 4587 775 4659 παρουσίᾳ
803 4590 904 4661 τῆς
936 4591 1244 4662 ἀπεράντου
1265 4591 1525 4659 στάσεως,
1554 4587 1666 4668 ὲνῇ
1705 4592 1978 4646 παύεσθαι

406 4676 616 4745 πέφυκε
645 4678 753 4734 τῶν
780 4681 1112 4752 κινουμένων
1145 4685 1177 4755 ἡ
1205 4684 1438 4756 κίνησις.
1480 4671 1630 4753 δΕνῷ
1663 4685 1772 4756 γὰρ
1802 4686 1979 4756 πέρας

404 4769 547 4823 κατὰ
585 4770 746 4842 φύσιν
775 4776 912 4839 ἐστὶ,
944 4776 1038 4829 καὶ
1080 4776 1404 4848 ἀλλοιωτικὴ
1452 4780 1668 4842 πάντως
1707 4780 1740 4848 ἡ
1773 4778 1883 4831 τῶν
1924 4781 1981 4832 ὲν

406 4860 554 4931 αὐτῷ
583 4863 891 4937 καθέστηκε
911 4867 1126 4938 κίνησις
1151 4883 1165 4897 ·
1197 4866 1254 4922 ὲν
1285 4862 1330 4935 ᾧ
1357 4867 1416 4921 δὲ
1448 4867 1619 4939 πέρας
1646 4868 1792 4922 κατὰ
1818 4869 1981 4936 φύσιν

407 4951 508 5004 οὑκ
563 4953 730 5021 ἐστιν,
772 4957 999 5028 οὐδεμία
1050 4958 1333 5022 παντελῶς
1393 4959 1717 5031 ἀλλοιωτικὴ
1770 4960 1875 5014 τῶν
1926 4963 1982 5014 ὲν

409 5042 558 5114 αὑτῷ
613 5047 986 5120 γνωσθήσεται
1021 5051 1253 5121 κίνησις.
1296 5049 1504 5105 Οὑκοῦν
1552 5053 1581 5105 ὁ
1631 5052 1732 5121 μὲν
1784 5052 1986 5121 κόσμος

409 5135 572 5198 τόπος
592 5137 709 5190 ἐστὶ
760 5141 1199 5212 πεπερασμένος,
1242 5143 1336 5199 καὶ
1387 5143 1573 5206 στάσις
1609 5124 1986 5215 περιγεγραμ-

413 5225 548 5300 μένη
568 5245 582 5261 ο
607 5229 637 5281 ὁ
664 5227 720 5282 δὲ
737 5231 946 5300 χρόνος,
982 5235 1433 5306 περιγραψαμένη
1466 5233 1769 5306 καθέστηκε
1825 5235 1985 5306 κίνη-

413 5335 530 5383 σιςο
567 5319 690 5374 ὃθεν
712 5323 807 5376 καὶ
840 5323 1166 5397 ἀλλοιωτικὴ
1194 5326 1306 5380 τῶν
1366 5328 1424 5379 ὲν
1468 5325 1616 5396 αὐτῷ
1646 5325 1986 5398 καθέστηκεν

412 5413 612 5484 ἠκατά
661 5415 763 5486 τὴν
818 5415 963 5488 ζωὴν
994 5409 1244 5489 κίνησις.
1293 5419 1561 5487 Ὀπηνίκα
1601 5419 1657 5471 δὲ
1692 5419 1782 5473 τὸν
1828 5418 1993 5472 τόπον

410 5506 717 5575 διελθοῦσα,
769 5509 864 5563 καὶ
889 5511 980 5564 τὸν
1011 5511 1202 5582 χρόνον
1232 5514 1354 5566 κατ’
1387 5513 1667 5583 ἐνέργειαν
1693 5528 1752 5565 τε
1791 5511 1886 5565 καὶ
1910 5510 1996 5564 ἐν·

2087 4613 2196 4668 que
2248 4595 2620 4668 (alterationis
2672 4594 2899 4664 vocant)
2951 4593 3200 4650 desierit.
3252 4594 3485 4649 Necesse
3519 4594 3666 4648 enim

2086 4697 2189 4752 est,
2221 4699 2284 4742 ut
2313 4687 2464 4742 ﬁnita
2501 4687 2661 4756 quies
2689 4685 2767 4758 (in
2805 4701 2910 4756 qua
2943 4685 3256 4741 necessario
3291 4701 3390 4756 per
3420 4685 3671 4740 demuta-

2088 4781 2296 4835 tionem
2337 4779 2444 4834 alia
2481 4794 2549 4834 ex
2583 4777 2688 4834 alia
2723 4777 3008 4848 qualitate,
3042 4791 3257 4842 eorum,
3290 4793 3412 4846 qua:
3448 4791 3671 4829 moven-

2091 4881 2204 4939 tur,
2238 4873 2412 4928 motui
2441 4882 2504 4927 ut
2536 4871 2630 4926 ﬁat
2665 4879 3038 4941 comparatum
3070 4867 3175 4940 est)
3219 4869 3382 4923 ﬁnem
3414 4868 3667 4936 accipiat,

2091 4972 2360 5034 praesente
2395 4964 2506 5034 jam
2552 4959 2948 5016 interminabili
2993 4960 3199 5028 quiete,
3235 4958 3290 5010 in
3333 4972 3440 5025 qua
3477 4969 3670 5009 eorum

2089 5069 2214 5124 quae
2251 5062 2562 5116 moventur,
2592 5059 2777 5105 motus
2815 5058 3030 5104 cessare
3061 5047 3244 5100 habet.
3286 5045 3345 5098 ln
3385 5058 3496 5112 quo
3523 5042 3670 5096 enim

2090 5151 2285 5198 natura
2317 5140 2584 5196 terminus
2612 5146 2718 5204 est,
2740 5137 2966 5193 omnino
2989 5136 3154 5190 etiam
3180 5142 3360 5188 motus
3377 5133 3671 5205 ejusmodi,

2095 5234 2188 5304 qui
2219 5249 2287 5289 ex
2316 5232 2422 5286 alia
2457 5232 2512 5286 in
2545 5228 2712 5284 aliam
2740 5227 3000 5285 transfert
3026 5226 3367 5296 qualitatem,
3401 5225 3478 5279 illi
3508 5224 3670 5281 inest.

2093 5325 2154 5379 In
2184 5339 2295 5395 quo
2319 5329 2501 5377 autem
2525 5329 2723 5375 natura
2749 5319 3021 5374 terminus
3048 5332 3159 5372 non
3188 5325 3289 5381 est,
3320 5316 3376 5370 in
3399 5331 3467 5371 eo
3489 5316 3676 5370 nullus

2091 5415 2316 5471 omnino
2353 5411 2632 5485 ejusmodi“
2669 5419 2853 5466 motus
2890 5415 3162 5463 occurret.
3203 5406 3395 5477 Igitur,
3436 5405 3678 5473 mundus

2093 5507 2317 5578 quidem
2349 5506 2505 5561 locus
2534 5511 2620 5560 est
2642 5501 3026 5558 termi‘nativus
3049 5515 3115 5554 ac
3138 5498 3291 5552 ﬁnita
3318 5499 3506 5569 quies;
3535 5509 3668 5552 tem-

411 5613 583 5663 νοιαν,
609 5599 642 5670 ἡ
693 5599 854 5667 φύσις
881 5601 1069 5672 (ἤγουν
1101 5601 1171 5656 τὰ
1201 5597 1276 5658 ὧν
1325 5603 1424 5656 οὐκ
1453 5599 1605 5669 ἄνευ,
1631 5599 1877 5655 τουτέστι
1901 5597 1961 5671 τὴ

2097 5613 2203 5670 pus
2232 5604 2437 5664 autem,
2468 5603 2649 5652 motus
2675 5602 2762 5651 est
2783 5591 3076 5660 deﬁnitus;
3104 5605 3172 5646 ex
3195 5603 3306 5660 quo
3333 5589 3498 5646 etiam
3532 5587 3593 5642 ﬁt
3621 5600 3681 5642 ut

487 5777 531 5811 "
563 5777 720 5834 Rom.
757 5797 794 5844 ι,
825 5779 913 5834 25.
