4154 6322
553 387 661 460 759

1724 394 1785 455 S.
1824 391 2108 456 ΜΑΧΙΜΙ
2148 397 2656 462 CONFESSORIS

3707 403 3816 473 760'

550 516 745 563 eorum
774 516 897 575 qua:
927 502 978 558 in
1009 503 1104 558 illo
1129 509 1440 566 versantur,
1469 502 1598 558 vita!
1625 513 1827 570 motus,
1861 507 2106 576 ejusmod

2236 512 2659 582 πεπερασμένην
2691 512 2878 567 στάσιν
2907 513 2999 568 καὶ
3029 501 3283 586 κίνησιν),
3313 507 3536 588 etiam"
3565 521 3801 591 συναφθῇ

552 596 646 661 sit,
671 595 764 665 qui
799 609 896 664 per
927 607 1020 647 eas
1047 592 1364 662 qualitates,
1399 605 1520 662 quae
1553 595 1704 648 varie
1743 608 1965 650 sensum
2010 596 2128 650 atil-

551 688 739 751 ciunt,
778 686 1050 738 immutat.
1098 683 1200 740 Ubi
1245 691 1430 738 autem
1471 692 1691 750 natura,
1727 699 1787 739 re
1825 687 2032 755 pariter
2066 703 2130 742 ac

551 779 880 850 cogitatione
925 777 1105 831 locum
1143 788 1494 846 supergressa
1530 785 1586 830 et
1615 785 1828 847 tempus
1865 779 1948 849 (ea
1980 780 2129 834 scili~

550 881 641 926 cet
686 871 804 924 sine
849 869 1053 939 quibus
1099 880 1244 933 non,
1291 877 1352 922 ut
1389 874 1617 934 Vocant,
1672 885 1870 940 nempe
1918 873 2127 927 ﬁnitam

549 962 793 1032 quietem
815 972 878 1014 ac
908 959 1139 1025 motum)
1166 959 1318 1013 nullo
1346 959 1526 1013 medio
1556 960 1921 1015 Providentiae
1952 963 2131 1017 colla:-

549 1053 705 1119 serit,
737 1052 1003 1128 rationem
1034 1059 1229 1105 natura
1255 1051 1561 1120 simplicem
1589 1059 1647 1105 et
1679 1051 1953 1116 stabilem,
1978 1054 2126 1108 omni

547 1145 775 1200 omnino
806 1143 1316 1213 circumscriptione
1339 1144 1430 1214 (ac
1467 1144 1700 1214 proinde
1725 1146 1874 1199 omni
1905 1157 2128 1215 prorsus

550 1237 737 1304 motu)
783 1243 1101 1300 carentem,
1155 1225 1405 1289 offendit.
1466 1235 1838 1300 Quamobrem
1895 1245 2123 1305 natura,

548 1327 794 1400 quandiu
846 1329 1072 1400 quidem
1128 1328 1186 1383 in
1241 1327 1449 1382 mundo
1504 1337 1853 1399 temporanea
1912 1331 2127 1387 ratione

545 1429 819 1484 versatur,
875 1427 1088 1475 motum
1144 1419 1312 1474 habet
1363 1419 1517 1474 varia
1580 1434 1803 1475 sensum
1866 1423 2128 1492 qualitate

547 1520 875 1579 mutantem,
919 1511 992 1565 oh
1029 1509 1222 1564 mundi
1272 1508 1484 1564 ﬁnitam
1529 1510 1792 1581 quietem,
1840 1515 2129 1583 temporis-

545 1618 652 1675 que
682 1606 739 1658 in
769 1605 1050 1659 diversum
1094 1602 1404 1657 trahentem
1443 1604 1878 1673 corruptionem,
1907 1619 1971 1660 ac
2005 1607 2129 1662 labe

2235 605 2299 674 τῇ
2334 604 2583 677 Προνοίᾳ,
2609 605 2769 675 λόγον
2800 607 3038 679 εὑρίσκει
3055 609 3154 678 τὴν
3184 603 3449 682 Πρόνοιαν
3470 607 3614 662 κατὰ
3646 601 3803 679 φύσιν

2233 697 2438 752 ἁπλοῦν
2485 698 2578 753 καὶ
2607 700 2888 771 στάσιμον,
2948 701 3040 754 καὶ
3075 699 3343 774 μηδεμίαν
3393 702 3583 773 ἔχοντα
3629 703 3801 775 πάντη

2233 789 2602 866 περιγραφὴν,
2636 788 2731 844 καὶ
2767 788 2854 844 διὰ
2882 789 3038 844 τοῦτο
3085 791 3364 856 παντελῶς
3389 791 3514 846 οὔτε
3567 793 3800 864 κίνησιν.

2231 879 2430 949 Διόπερ
2471 881 2529 932 ἐν
2564 880 2662 950 μὲν
2713 877 2791 952 τῷ
2840 879 3029 954 κόσμῳ
3065 883 3385 954 ὑπάρχουσα
3435 884 3708 955 χρονικῶς
3768 889 3798 957 ή

2227 969 2411 1038 φύσις,
2461 967 2817 1043 ἀλλοιωτικὴν
2862 975 2974 1047 ἔχει
3007 976 3106 1047 τὴν
3145 977 3380 1050 κίνηύιν,
3442 977 3530 1032 διὰ
3573 981 3673 1048 τὴν
3709 980 3800 1034 τοῦ

2226 1061 2430 1129 κόσμου
2461 1065 2882 1136 πεπερασμένην
2911 1069 3119 1133 στάσιν,
3151 1069 3246 1124 καὶ
3281 1069 3379 1140 τὴν
3397 1069 3523 1121 καθ’
3555 1069 3802 1140 ἑτεροίωο

2223 1165 2312 1201 σιν
2338 1147 2432 1202 τοῦ
2463 1148 2655 1219 χρόνου
2684 1153 2888 1223 φθοράν
2911 1171 2928 1185 ⁸
2959 1153 3017 1208 ἐν
3047 1153 3102 1209 δὲ
3141 1153 3218 1227 τῷ
3262 1156 3380 1226 Θεῷ
3401 1157 3684 1228 γινομένη,
3719 1149 3802 1212 διὰ

2229 1240 2327 1310 τὴν
2359 1242 2595 1313 φυσικὴν
2614 1243 2706 1297 τοῦ
2739 1246 2798 1298 ἐν
2825 1241 2868 1314 ᾧ
2904 1248 3092 1315 γέγονε
3146 1247 3368 1319 μονάδα,
3400 1247 3590 1300 στάσιν
3628 1249 3800 1301 ἀεικί-

2229 1349 2390 1404 νητον
2437 1337 2568 1406 ἔξει,
2629 1342 2724 1395 καὶ
2777 1341 3037 1410 στάσιμον
3089 1339 3530 1410 ταυτοκινησίαν,
3583 1341 3715 1410 περὶ
3747 1340 3802 1394 τὺ

2227 1428 2424 1482 ταυτὸν
2451 1434 2543 1485 καὶ
2565 1433 2623 1486 ἐν
2657 1433 2751 1487 καὶ
2789 1433 2947 1504 μόνον
2983 1429 3168 1494 άῖδίως
3195 1427 3492 1500 γινομένην
3518 1445 3531 1459 ·
3560 1429 3628 1499 ὴν
3668 1425 3800 1482 οἶδεν

2228 1519 2258 1571 δ
2285 1518 2442 1587 λόγος
2489 1523 2694 1593 άμεσον
2726 1523 2865 1577 εἶναι
2900 1523 3030 1594 περὶ
3058 1520 3118 1574 τὸ
3149 1518 3364 1591 πρῶτον
3399 1519 3572 1574 αίτιον
3600 1519 3713 1575 τῶν
3748 1519 3802 1585 ἐξ

2231 1609 2396 1664 αὐτοῦ
2431 1615 2814 1686 πεποιημένων
2860 1613 3086 1684 μόνιμον
3112 1610 3344 1684 ἵδρυσιν.

545 1697 911 1752 deterentem.
937 1696 998 1750 In
1024 1696 1137 1750 Deo
1159 1702 1343 1750 autem
1374 1696 1672 1751 constituta
1691 1711 1930 1768 eumque
1953 1708 2130 1766 nacta,
2172 1717 2274 1772 per
2301 1705 2442 1776 ejus,
2475 1707 2532 1762 in
2566 1723 2678 1778 quo
2715 1707 2935 1763 condita
2967 1714 3072 1772 est,
3142 1706 3450 1760 naturalem
3473 1705 3794 1771 monadem,

544 1790 868 1860 sempiterni
909 1797 1095 1846 motus
1134 1791 1376 1861 quietem
1420 1790 1676 1846 habitura
1717 1797 1822 1856 est,
1859 1792 2218 1866 ejusdemque
2249 1807 2431 1855 motus
2493 1802 2640 1857 circa
2672 1801 2840 1868 idem,
2867 1814 3151 1870 unumque
3174 1814 3240 1854 ac
3269 1799 3469 1864 solum,
3536 1799 3594 1853 in
3659 1813 3802 1853 sem-

545 1885 823 1955 piternum
852 1877 1010 1936 ﬁxam
1036 1881 1393 1938 stabilitatem
1427 1899 1440 1935 :
1473 1897 1638 1952 quam
1673 1881 1855 1938 divina
1880 1885 2122 1956 eloquia,
2163 1889 2308 1945 circa
2339 1895 2578 1962 primum
2613 1894 2930 1958 Auctorem,
2957 1906 3149 1948 eorum
3213 1904 3335 1961 quae
3367 1891 3438 1945 ab
3467 1905 3537 1946 eo
3567 1889 3793 1947 condita

541 1983 689 2040 sunt,
729 1989 1026 2045 perennem
1071 1973 1394 2044 ﬁrmamque
1435 1973 1825 2040 adhtesionem,
1865 1975 2124 2048 velutque
2161 1980 2348 2036 sedem
2381 1999 2446 2040 ac
2476 1985 2915 2049 collocationem,
2953 1994 3151 2039 vocare
3182 1995 3434 2036 suevere.

610 2068 778 2138 288
809 2067 906 2122 Εει
928 2081 1062 2137 ergo
1111 2067 1468 2122 Pentecostes
1518 2067 1867 2138 mysterium,
1922 2069 2107 2126 imme-

2293 2079 2676 2150 Πεντηκοστῆς
2712 2075 2804 2134 οὖν
2854 2079 2968 2131 ἐστι
2996 2077 3058 2130 τὸ
3090 2075 3408 2146 μυστήριον,
3456 2073 3490 2144 ἠ
3521 2071 3659 2144 πρὸς
3699 2073 3804 2145 ’τὴν

539 2161 686 2215 diata
708 2175 926 2224 eorum,
963 2159 1056 2229 qui
1092 2158 1450 2214 Providentia
1483 2169 1775 2230 reguntur,
1808 2176 1935 2216 cum
1983 2163 2119 2219 Pro-

537 2254 781 2308 videntia
815 2253 983 2318 unio;
1014 2253 1122 2308 hoc
1155 2261 1260 2317 εει,
1285 2260 1496 2307 naturae
1526 2266 1651 2307 cum
1683 2254 1896 2310 ratione
1926 2255 2118 2313 divino

539 2345 908 2401 Providentia:
937 2346 1143 2412 alllatu,
1201 2347 1514 2415 copulatio;
1565 2347 1872 2402 secundum
1927 2357 2114 2420 q'uam,

535 2439 686 2494 nulla
716 2453 945 2509 prorsus
963 2438 1228 2509 temporis
1251 2446 1517 2508 ortusque
1540 2440 1916 2509 generationis
1938 2441 2116 2514 imago

532 2539 796 2585 exstatac
825 2529 1264 2600 repraesentatio.
1302 2530 1542 2586 Rursum
1577 2540 1762 2586 autem
1809 2533 1962 2599 tuba,
2007 2550 2113 2590 no-

532 2632 646 2678 stra
684 2623 825 2677 ratio
864 2633 968 2688 est,
995 2639 1060 2678 ac
1089 2638 1310 2690 sermo;
1343 2623 1438 2693 qui
1479 2623 1690 2678 scilicet
1723 2623 1960 2692 divinas,
1995 2641 2112 2681 om-

531 2730 767 2787 nemque
795 2717 904 2771 vim
937 2716 1152 2787 eloquii
1172 2725 1502 2788 superantes
1528 2717 1690 2772 nobis
1714 2717 1937 2774 insonet
1963 2719 2110 2773 noti-

529 2807 656 2863 tias.
695 2808 1024 2879 Propitiatio
1046 2823 1200 2875 vero,
1228 2817 1291 2864 ut
1320 2809 1416 2879 qui
1452 2809 1509 2863 in
1557 2810 1742 2880 seipso
1773 2809 1973 2866 similis
2010 2827 2110 2866 no-

529 2900 615 2956 bis
642 2902 875 2957 ellectus
907 2907 1012 2969 est,
1049 2903 1118 2957 ad
1149 2913 1339 2960 nostra
1362 2903 1717 2958 dissolvenda
1739 2905 1996 2970 crimina,
2051 2914 2107 2959 et

528 2996 673 3050 dono
702 2996 892 3066 gratia:
926 2997 982 3050 in
1011 2996 1236 3066 spiritu,
1263 3005 1520 3052 naturam
1557 2998 1768 3067 peccati
1804 3006 1965 3054 reatu
2001 2998 2103 3052 ob-

527 3087 770 3153 noxiam,
793 3088 997 3143 deitatc
1023 3089 1254 3145 imbuat.
1285 3089 1623 3160 Scenopegia
1666 3099 1874 3155 autem,
1915 3100 1976 3146 ut
2003 3107 2105 3145 no-

527 3188 656 3234 strae
703 3179 923 3235 honesti
984 3183 1138 3236 cultu
1192 3181 1690 3248 immutabilitatis,
1750 3183 1946 3238 habitu
2010 3183 2106 3240 Dei

2222 2171 2486 2242 Πρόνοιαν
2534 2172 2739 2243 άμεσος
2791 2171 2899 2226 τῶν
2947 2168 3360 2240 προνοουμένων
3392 2165 3604 2229 ἐνωσις,
3634 2164 3803 2236 ἤγουν

2222 2263 2255 2332 ἠ
2289 2261 2425 2334 πρὸς
2453 2262 2545 2317 τὸν
2571 2262 2728 2331 λόγον
2753 2261 2894 2316 κατὰ
2922 2261 3020 2332 τὴν
3063 2258 3164 2330 τῆς
3197 2256 3462 2329 Προνοίας
3511 2256 3800 2311 ἐπίπνοιαν

2223 2351 2438 2419 φύσεως
2462 2350 2674 2415 ἐνωσις,
2720 2349 2844 2406 καθ’
2869 2349 2938 2422 ἣν
2968 2347 3195 2418 οὐδεμία
3241 2345 3301 2399 τὸ
3336 2344 3600 2417 παράπαν
3654 2345 3800 2398 ἐστὶν

2222 2443 2415 2513 χρόνου
2435 2444 2528 2497 καὶ
2551 2442 2818 2512 γενέσεως
2846 2440 3101 2513 ἔμφασις.
3131 2437 3374 2508 Σάλπιγξ
3402 2439 3459 2492 δὲ
3491 2437 3660 2492 πάλιν
3691 2438 3798 2508 (45)

2221 2532 2252 2601 ἡ
2263 2530 2380 2600 μῶν
2414 2530 2530 2584 ἐστι
2562 2533 2591 2584 ό
2618 2531 2794 2599 λόγος,
2820 2529 2898 2594 ὡς
2917 2529 3016 2593 τὰς
3054 2528 3205 2592 θείας
3234 2527 3325 2581 καὶ⁵
3354 2529 3634 2598 ἀρρήτους
3668 2529 3798 2596 ἡμῖν

2214 2623 2576 2695 ἐνηχούμενος
2604 2623 2831 2694 γνώσεις
2851 2637 2865 2651 ’
2923 2621 3152 2692 ίλασμδς
3192 2620 3270 2682 δέ,
3325 2619 3400 2682 ὡς
3429 2621 3485 2673 ἐν
3523 2617 3709 2689 ἐαυτῷ
3735 2621 3799 2672 τὰ

2213 2727 2479 2800 ἡμέτερα,
2506 2725 2628 2782 καθ’
2664 2721 2810 2797 ἡμᾶς
2836 2724 3144 2796 γενόμενος,
3178 2721 3406 2776 διαλύων
3448 2722 3794 2792 ἐγκλήματα,

2212 2819 2306 2872 καὶ
2339 2822 2406 2890 τῇ
2443 2819 2623 2889 δωρεᾷ
2662 2818 2761 2888 τῆς
2795 2817 3013 2886 χάριτος
3043 2815 3098 2868 ἐν
3148 2813 3442 2884 πνεύματι,
3482 2813 3582 2883 τὴν
3610 2815 3796 2883 ἀμαρ-

2210 2911 2453 2983 τὴσασαν
2513 2909 2672 2979 φύσιν
2703 2907 2997 2961 Θεοποιῶνσ
3063 2905 3407 2977 σκηνοπηγία
3452 2903 3530 2968 δὲ,
3580 2903 3664 2967 ὡς
3700 2905 3796 2976 τῆς

2213 3001 2368 3073 ἡμῶν
2395 3000 2538 3054 κατὰ
2573 3001 2671 3069 τὴν
2701 2999 3034 3070 θεομίμητον
3058 2997 3169 3063 ἕξιν
3201 2997 3328 3066 περὶ
3352 2997 3413 3050 τὸ
3445 2995 3609 3049 καλὸν
3634 2998 3796 3068 ἀτρε-

2211 3093 2340 3164 ψίας
2373 3092 2556 3162 πῆξις,
2584 3090 2676 3145 καὶ
2722 3075 2822 3158 τῆς
2877 3089 3023 3161 πρὸς,
3053 3087 3348 3142 ἀθανασίαν
3379 3089 3797 3159 μεταποιήσεως

2217 3183 2532 3246 συνεκτικὸς
2561 3181 2820 3250 ὑπάρχων
2853 3177 3072 3250 δεσμός.

525 3273 745 3339 aemulo,
776 3274 1029 3340 ﬁrmitas,
1095 3291 1158 3330 ac
1221 3275 1495 3346 ejusmodi
1547 3276 1851 3341 vinculum,
1896 3277 2044 3348 quod
2106 3293 2171 3332 ea
2211 3275 2429 3331 ratione
2472 3291 2583 3346 qua
2650 3273 2720 3330 ad
2780 3272 3254 3329 immortalitatem
3312 3277 3793 3338 transmutamur,

525 3365 808 3420 contineat
831 3380 895 3419 ac
928 3374 1239 3422 conservet.

594 3459 894 3514 Brutarum
927 3468 1112 3515 autem
1144 3460 1509 3516 animantium
1547 3463 1806 3529 victimis,
1842 3479 2100 3533 asperso-

2276 3465 2516 3533 Σφαγαῖς
2581 3461 2639 3515 δὲ
2701 3459 2852 3526 ζώων
2895 3461 3106 3528 ἀλόγων
3134 3460 3270 3530 (46),
3324 3461 3419 3514 καὶ
3470 3462 3797 3536 ῥαπισμοῖς

524 3569 632 3624 que
685 3568 881 3608 cruore
922 3552 1187 3608 delectari
1247 3554 1441 3621 Deum,
1506 3571 1570 3610 ac
1631 3556 1782 3610 velut
1841 3556 2097 3626 obsequii

523 3641 1160 3716 pricmio,oﬂerentibus
1201 3643 1531 3700 delictorum
1587 3645 1804 3700 veniam
1849 3645 2099 3717 praebere

527 3743 587 3788 ut
639 3733 1047 3800 existimemus,
1101 3750 1168 3788 ex
1213 3744 1413 3791 natura
1481 3735 1791 3804 Scripturis
1849 3737 2096 3791 animum

520 3829 891 3894 attendentes,
948 3829 1087 3884 nulli
1139 3829 1504 3896 adducimur,
1576 3847 1646 3887 ne
1715 3831 2100 3902 imprudentes

518 3921 689 3974 Deum
714 3920 1005 3976 allectibus
1031 3937 1094 3977 ac
1117 3921 1335 3977 libidini
1384 3923 1756 3992 mancipatum
1816 3924 2096 3991 colamus;

518 4013 668 4067 velut
696 4013 790 4084 qui
827 4013 1013 4069 acrius
1038 4013 1319 4084 cupidinis
1343 4023 1516 4071 (nstro
1545 4015 1828 4084 depereat,
1853 4031 1977 4086 quae
2009 4014 2097 4070 vel

516 4102 798 4157 hominem
826 4103 1040 4172 pariter
1083 4103 1485 4173 depereuntem
1538 4102 1810 4169 videntes,
1865 4102 2100 4159 luxuriae

516 4194 840 4249 damnamus
866 4211 929 4249 ac
977 4195 1409 4252 incontinentiae.
1453 4194 1744 4266 Spiritales
1792 4196 1942 4252 enim
1994 4196 2098 4252 ho-

516 4286 650 4341 stias
677 4287 958 4353 novimus,
1006 4285 1209 4343 nedum
1246 4286 1396 4359 quod
1450 4288 1807 4358 perturbatos
1860 4285 2100 4344 allectus

517 4377 936 4444 mortiﬁcamus,
979 4379 1283 4451 jugulando
1312 4379 1548 4450 spiritus
1576 4379 1784 4452 gladio,
1813 4381 1964 4451 quod
2013 4389 2098 4436 εει

513 4469 744 4525 verbum
770 4471 869 4526 Dei
893 4471 960 4538 ⁸ο,
986 4472 1247 4542 omnique
1269 4473 1381 4527 vita
1406 4473 1636 4532 carnali.
1663 4481 1929 4542 tanquam
1971 4488 2098 4529 san-

515 4559 682 4629 guine
711 4560 883 4615 animi
925 4563 1202 4618 sententia
1229 4578 1593 4631 evacuamus;
1621 4560 1727 4618 sed
1758 4564 1907 4634 quod
1927 4564 2096 4618 etiam

515 4653 764 4707 excultos
802 4651 1148 4724 philosophia
1177 4671 1380 4723 mores,
1409 4666 1748 4727 cunctasque
1814 4657 2098 4720 naturales

513 4743 804 4799 facultates
829 4745 941 4799 Dco
972 4758 1322 4804 consecratas
1349 4750 1654 4813 oil'erimus,
1700 4759 1866 4818 atque
1931 4759 1990 4804 ut
2037 4750 2093 4804 in

515 4838 635 4908 ejus
661 4846 875 4909 partem
894 4839 1112 4904 cedant,
1142 4841 1251 4912 igni
1285 4841 1525 4915 Spiritus
1555 4841 1877 4896 holocausto
1929 4841 2094 4896 absu-

518 4927 736 4984 mimus.
766 4929 825 4984 In
857 4946 982 4985 eum
1014 4933 1236 4986 modum
1267 4934 1481 5002 singula
1516 4948 1746 5002 quaeque
1763 4933 1819 4987 in
1849 4931 2100 5004 Scriptu-

514 5019 590 5074 ris
621 5021 892 5076 exstantia
919 5023 1167 5094 symbola
1197 5039 1266 5078 ex
1326 5033 1536 5078 natura:
1593 5022 1905 5079 rationibus
1962 5021 2096 5079 con-4

515 5121 754 5176 tuentes,
780 5114 935 5169 velut
964 5113 1018 5168 in
1047 5123 1234 5170 monte
1281 5115 1364 5184 (in
1397 5116 1546 5170 celso
1598 5117 1844 5187 mysticae
1896 5131 2095 5186 specu-

514 5202 736 5257 lationis
768 5204 998 5276 vertice)
1035 5207 1193 5276 quasi
1216 5207 1366 5262 viros
1389 5215 1600 5278 septem
1633 5223 1700 5262 ex
1738 5207 1918 5263 Saulis
1950 5208 2092 5263 lihe-

517 5290 593 5345 ris
644 5291 1080 5363 (temporaneam
1143 5295 1355 5352 scilicet
1388 5294 1701 5368 ﬂuxamque
1736 5297 1875 5368 legis
1918 5297 2093 5353 tradi-

517 5385 741 5452 tionem)
783 5401 1082 5454 necamus;
1124 5387 1455 5460 Saulemque
1483 5390 1913 5446 exterminamus
1962 5388 2097 5460 (ter-

517 5490 707 5530 renum
733 5477 995 5532 nimirum
1026 5479 1164 5551 legis
1181 5495 1406 5535 sensum
1430 5481 1488 5535 in
1507 5483 1626 5538 solo
1650 5482 1951 5552 Scriptura:
1970 5497 2094 5536 cor-

513 5565 618 5619 tice
651 5576 909 5638 textuquc
943 5571 1143 5626 litterae
1171 5571 1434 5644 positum)
1467 5589 1571 5629 nec
1593 5584 1741 5630 stare
1775 5574 2013 5630 sinimus
2035 5572 2092 5628 in

511 5657 666 5710 omni
699 5660 938 5713 conlinio
964 5661 1218 5728 Israelis;
1267 5664 1535 5733 spiritalis
1588 5667 1800 5722 scilicet
1843 5674 2092 5721 contem-

514 5744 793 5816 plationis.
826 5747 928 5802 llic
951 5751 1099 5805 enim
1123 5768 1316 5810 revera
1349 5755 1476 5811 vitae
1519 5767 1825 5828 superstes,
1887 5771 2091 5814 consu-

585 5857 632 5889 ⁸ο
665 5857 863 5930 Ephcs.
902 5877 972 5925 vn,
1017 5862 1095 5915 l7.

2201 3556 2447 3626 αἱμάτων
2469 3553 2730 3624 ἡδόμενον
2765 3553 2856 3605 τὸν
2883 3551 3039 3618 Θεὸν,
3074 3552 3169 3606 καὶ
3198 3546 3312 3606 οἷον
3338 3552 3441 3622 τῆς
3483 3551 3791 3624 θεραπείας

2203 3645 2417 3716 μισθὸν,
2468 3644 2566 3716 τὴν
2617 3644 2724 3698 τῶν
2788 3643 3200 3715 ἁμαρτημάτων
3247 3643 3628 3716 παρεχόμενον
3680 3648 3793 3709 τοῖς

2199 3739 2600 3810 προσφέρουσιν
2629 3737 2841 3805 ἄφεσιν,
2877 3738 2942 3806 τῇ
2965 3736 3154 3807 Γραφῇ
3185 3735 3426 3804 φυσικῶς
3461 3736 3790 3791 ἐπιϐάλλον-

2197 3847 2310 3893 τες,
2352 3829 2412 3884 οὐ
2461 3827 2810 3898 πιστεύομεν,
2866 3827 2953 3880 ἵνα
2985 3826 3062 3897 μὴ
3089 3826 3220 3880 Θεὸν
3249 3824 3474 3896 ἐμπαθῆ
3528 3827 3793 3898 λάθωμεν

2202 3920 2468 3984 σέϐοντες,
2500 3920 2576 3983 ὡς
2609 3917 2870 3991 ἐμπαθῶς
2893 3917 3116 3972 ἐκείνων
3143 3917 3229 3971 διὰ
3262 3916 3464 3987 πολλῆς
3496 3918 3793 3988 ἐφιέμενον

2199 4015 2297 4084 τῆς
2342 4012 2599 4082 σπουδῆς,
2660 4010 2791 4082 περὶ
2835 4010 2872 4065 ἃ
2937 4009 3028 4063 καὶ
3087 4005 3408 4080 ἀνθρώπους
3450 4009 3790 4078 περιπαθῶς

2198 4103 2420 4173 ἔχοντας
2451 4101 2516 4156 ἂν
2544 4101 2933 4171 θεωρήσωμεν,
2949 4101 3026 4164 ὡς
3043 4099 3378 4163 ἀκολάστους
3404 4099 3497 4152 καὶ
3520 4101 3790 4172 ἀκρατεῖς

2198 4191 2576 4262 ὃιαὸάλλομεν.
2629 4189 2830 4252 Θυσίας
2859 4192 2971 4260 γὰρ
3005 4188 3385 4258 πνευματικὰς
3433 4183 3578 4242 εἶναι
3618 4190 3788 4257 γινώ-

2201 4300 2403 4353 σκομεν
2451 4282 2586 4353 (47),
2639 4281 2701 4334 ού
2747 4280 2906 4352 μόνον
2956 4279 3055 4350 τὴν
3094 4280 3202 4332 τῶν
3248 4271 3434 4332 παθῶν
3487 4279 3788 4350 νέκρωσιν,

2200 4373 2582 4445 σφαττομένων
2618 4375 2686 4444 τῇ
2716 4371 2962 4443 μαχαίρᾳ
2990 4370 3084 4424 τοῦ
3113 4368 3445 4441 πνεύματος,
3481 4370 3627 4442 ὅπερ
3666 4371 3786 4424 ἐστὶ

2200 4477 2350 4548 ῥῆμα
2375 4474 2530 4538 Θεοῦ,
2565 4471 2657 4527 καὶ
2678 4472 2857 4542 πάσης
2877 4471 2976 4541 τῆς
3003 4470 3062 4524 ἐν
3093 4464 3256 4541 σαρκὶ
3276 4464 3423 4540 ζωῆς
3448 4469 3525 4533 ὡς
3546 4470 3784 4542 αἵματος

2197 4567 2295 4640 τὴν
2320 4565 2462 4622 κατὰ
2485 4563 2741 4636 πρόθεσιν
2761 4563 2976 4633 κίνησιν
3001 4559 3278 4634 [κένωσιν]
3303 4575 3318 4592 ·
3346 4562 3366 4581 ‘
3390 4561 3529 4616 ἀλλὰ
3549 4564 3651 4616 καὶ
3680 4561 3790 4616 τῶν

2197 4657 2342 4713 κατὰ
2365 4656 2682 4726 φιλοσοφίαν
2711 4654 2879 4724 ἠθῶν,
2915 4653 3010 4706 καὶ
3057 4653 3250 4708 πασῶν
3295 4653 3406 4706 τῶν
3437 4655 3585 4710 κατὰ
3617 4653 3785 4724 φύσιν

2199 4748 2500 4818 δυνάμεων,
2533 4744 2920 4818 προσαγωγὴν,
2952 4740 3541 4815 ἀφιερουμένωνῖθεῷ,
3578 4747 3679 4799 καὶ
3710 4741 3788 4813 τῷ

2197 4841 2332 4911 πυρὶ
2359 4839 2455 4910 τῆς
2473 4841 2531 4893 ἐν
2561 4836 2828 4908 πνεύματι
2868 4837 3090 4909 χάριτος
3119 4836 3257 4908 πρὸς
3299 4835 3397 4907 τὴν
3449 4835 3604 4889 θείαν
3634 4835 3789 4906 λῆξιν

2195 4929 2689 4999 ὁλοκαυτουμένων.
2745 4927 2933 4992 Οὕτως
2967 4927 3199 4981 ἕκαστον
3237 4926 3348 4980 τῶν
3382 4927 3786 4998 ἐμφερομένων

2195 5024 2261 5092 τῇ
2301 5021 2492 5092 Γραφῇ
2545 5019 2826 5089 συμϐόλων
2859 5017 3105 5088 φυσικῶς
3130 5016 3546 5082 ἐποπτεύοντες,
3599 5018 3679 5081 ὡς
3731 5018 3787 5070 ἐν

2194 5111 2308 5184 δρει
2337 5111 2416 5182 τῷ
2439 5111 2562 5181 ὕψει
2586 5111 2688 5181 τῆς
2716 5110 2982 5181 μυστικῆς
3021 5107 3274 5180 θεωρίας,
3299 5110 3552 5179 καθάπερ
3580 5110 3784 5180 ἄνδρας

2195 5205 2334 5260 ἑπτὰ
2386 5205 2495 5258 τῶν
2545 5204 2676 5257 υίῶν
2735 5202 2930 5266 Σαοὺλ,
2965 5196 3065 5272 τὴν
3102 5200 3360 5272 χρονικὴν
3399 5201 3784 5271 ἀποκτένομεν

2193 5296 2290 5350 καὶ
2327 5295 2660 5368 πρόσκαιρον
2690 5292 2786 5346 τοῦ
2823 5292 2988 5363 νόμου
3023 5291 3320 5361 παράδοσιν
3343 5307 3356 5324 ·
3388 5292 3484 5345 καὶ
3516 5291 3780 5359 άιρανίζο⁴

2197 5405 2296 5459 μεν
2332 5388 2425 5441 τὸν
2451 5387 2641 5452 Σαοὺλ,
2695 5385 2940 5439 τουτέστι
2971 5381 3061 5438 τὸν
3093 5384 3150 5439 ἐν
3191 5384 3336 5454 μόνῳ
3484 5384 3642 5456 ρητῷ
3682 5384 3782 5452 τῆς

2195 5479 2421 5550 Γραφῆς
2465 5479 2648 5549 χοῖκδν
2693 5477 2838 5542 νοῦν,
2886 5476 2993 5530 τοῦ
3039 5475 3125 5545 μὴ
3182 5475 3429 5529 ἑστάναι
3479 5475 3672 5528 αὐτὸν
3714 5473 3781 5526 ἐν

2197 5571 2376 5624 παντὶ
2425 5572 2564 5636 ὀρίῳ
2625 5569 2915 5637 Ἰσραήλ·
2976 5568 3247 5628 τουτέστι,
3296 5567 3484 5637 τρόπῳ
3538 5565 3779 5636 θεωρίας

2202 5664 2592 5733 πνευματικῆς.
2631 5653 2800 5724 Οὗτος
2829 5659 2938 5732 γὰρ
2973 5658 3081 5724 ζῶν
3144 5659 3232 5712 ἐπ’
3270 5657 3549 5728 ἀληθείας,
3585 5674 3777 5738 συντει-

2198 5756 2298 5822 λεῖ,
2326 5756 2423 5811 καὶ
2449 5755 2633 5811 διώκει
2686 5753 2820 5827 (48),
2855 5754 2950 5809 καὶ
2995 5751 3276 5817 ἀπόλλυσι,
3312 5750 3476 5820 σαρκὶ
3508 5747 3653 5822 μόνῃ
3689 5747 3776 5802 τὸν
