4154 6322
378 435 479 504 761

377 634 673 707 λογισμούς
702 649 716 664 ο
746 632 924 704 τιμῶν
968 631 1044 696 ὡς
1080 629 1200 684 θεῖα
1244 627 1314 682 τὰ
1368 627 1516 699 πάθη
1555 630 1655 698 τῆς
1706 626 1950 697 ἀτιμίας,

377 725 522 797 ᾇπερ
554 724 604 777 οἱ
634 722 779 777 κατὰ
830 721 994 791 φύσιν
1045 718 1333 789 λογισμοὶ,
1364 717 1738 787 λαμϐάνοντες
1764 713 1954 770 ἄδειαν

378 818 484 871 ὑπὸ
516 815 610 869 τοῦ
630 815 797 886 νόμου
828 811 924 867 τοῦ
971 810 1303 881 πνεύματος,
1334 807 1727 863 ἀποκτένουσιν
1770 807 1953 859 επιτο-

375 908 507 963 αυτδ
547 906 641 961 καὶ
692 905 1018 960 θανατοῦσιν
1076 905 1139 957 ὲν
1194 902 1336 973 ἀρχῇ
1402 898 1667 970 θερισμοῦ
1722 894 1949 969 κριθῶν.

387 998 557 1071 Ἀρχὴ
589 996 651 1052 δὲ
670 994 934 1068 θερισμοῦ
947 993 1152 1066 κριθῶν
1171 994 1340 1058 ἔστιν,
1375 993 1409 1062 ἡ
1442 990 1586 1045 κατὰ
1602 988 1702 1059 τὴν
1720 1002 1954 1058 πρακτι-

373 1090 480 1163 κὴν
543 1087 861 1160 φιλοσοφίαν
910 1086 1051 1156 μετά
1100 1098 1247 1147 τινος
1286 1082 1602 1152 συμμέτρου
1634 1079 1795 1147 λόγου
1842 1077 1953 1130 τῶν

373 1180 588 1253 ἀρετῶν
641 1178 872 1249 συλλογή
892 1186 907 1209 ⁸
964 1175 1085 1230 καθ’
1113 1176 1183 1247 ἢν
1213 1171 1273 1228 τὸ
1310 1172 1512 1242 γεῶδες
1565 1168 1676 1224 τῶν
1721 1169 1953 1242 Γραφῶν

373 1271 770 1328 ἀποκτένισθαι
827 1269 1062 1338 πέφυκε,
1112 1267 1208 1322 καὶ
1261 1267 1369 1321 πᾶν
1429 1264 1613 1337 χοῖκδν
1669 1262 1952 1325 παντελῶς

372 1361 735 1434 ἀφανίζεσθαι
778 1359 1006 1432 κίνημα.
1043 1358 1197 1429 ’Δμα
1225 1358 1336 1427 γάρ
1357 1373 1442 1421 τις
1469 1356 1570 1427 τὴν
1595 1354 1707 1409 τῶν
1736 1354 1953 1426 ἀρετῶν

372 1452 609 1521 λογικῶς
638 1451 883 1523 μετέλθοι
915 1446 1235 1520 φιλοσοφίαν
1260 1447 1398 1521 με),
1426 1446 1544 1517 αμα
1576 1446 1672 1500 καὶ
1696 1445 1797 1516 τὴν
1843 1443 1954 1499 τῶν

374 1542 609 1617 ι’ραφῶν
626 1542 762 1614 πρὸς
791 1541 854 1595 τδ
883 1540 1102 1612 πνεῦμα
1151 1539 1399 1610 φυσικῶς
1427 1538 1763 1610 μετήνεγκεν
1797 1532 1954 1589 i160-

371 1634 497 1706 χὴν,
550 1636 610 1688 ὲν
668 1633 948 1704 καινότητι
992 1629 1300 1701 πνεύματος
1352 1627 1674 1701 πρακτικῶς
1706 1626 1797 1682 διὰ
1842 1625 1956 1681 τῶν

373 1724 597 1797 ὑψηλῶν
649 1723 1025 1796 θεωρημάτων
1072 1722 1150 1794 τῷ
1200 1720 1322 1793 θεῷ
1375 1718 1676 1792 λατρεύων,
1742 1718 1839 1773 καὶ
1890 1719 1952 1772 οὐ

1435 425 1929 504 ΟΠΑΞΒΤΙΟΝΕΞ
1962 426 2064 487 AD
2100 412 2607 486 THALASSIUM.

378 547 541 617 νόμον
587 541 982 617 περιγράφων,
1030 530 1155 604 τοῦς
1202 537 1345 592 κατά
1390 536 1554 607 φύσιν
1606 536 1796 605 λόγους
1861 532 1951 588 καὶ

2057 532 2159 587 mit
2184 541 2242 587 et
2266 530 2643 602 persequitur,
2668 522 2968 598 perditque
3000 523 3140 597 (sola
3166 520 3432 578 nimirum
3467 528 3637 574 carne
3752 573 3765 579 ,

3529 412 3635 477 763

2053 624 2231 695 legem
2255 619 2545 694 deﬁniens)
2608 619 2894 675 naturales
2932 617 3179 673 rationes
3239 625 3296 670 et
3337 612 3629 685 cogitatio-
3688 656 3696 673 ,

2052 730 2153 771 nes
2180 714 2362 771 :velut
2388 713 2628 778 divinos,
2670 712 2968 783 probrosos
3027 704 3259 764 aﬂ‘ectus
3305 706 3496 762 colens
3538 702 3626 760 ⁸¹ξ

2051 823 2194 880 quos
2220 806 2479 862 videlicet
2506 814 2855 862 assumentes
2872 798 3038 874 289
3054 801 3341 855 naturales
3360 796 3631 866 rationes,

2053 908 2276 970 accepta
2334 898 2559 954 licentia
2616 911 2651 953 a
2703 896 2822 969 lege
2880 894 3134 966 spiritali,
3169 894 3224 948 in
3251 904 3422 947 unum
3468 891 3632 946 simul

2051 988 2442 1049 contrucidant
2465 1004 2529 1047 ac
2554 990 2907 1054 interimunt,
2941 988 3001 1042 in
3037 984 3197 1041 initio
3249 984 3446 1041 messis
3496 980 3635 1038 bor-

2051 1086 2304 1142 deorum.
2350 1084 2689 1140 Est‘autem
2748 1082 2970 1137 initium
3022 1080 3219 1135 messis
3271 1076 3630 1139 bordcorum,

2050 1178 2324 1235 virtutum
2360 1186 2485 1231 cum
2510 1176 2793 1230 moderata
2822 1173 3058 1244 quadam
3088 1166 3303 1227 ratione
3331 1181 3428 1240 per
3452 1168 3633 1240 philo-

2052 1270 2306 1342 sophiam
2336 1268 2650 1324 studentem
2680 1262 2885 1322 actioni
2930 1264 3184 1321 collectio
3220 1281 3234 1318 :
3271 1276 3379 1334 qua
3412 1274 3633 1332 compa-

2051 1370 2235 1418 ratum
2261 1369 2322 1417 ut
2354 1359 2722 1416 internecioni
2773 1359 2937 1414 detur
2988 1353 3259 1428 quidquid
3312 1354 3630 1425 Scriptura-

2052 1466 2176 1511 rum
2209 1462 2490 1511 terrenum
2523 1461 2628 1519 est,
2660 1466 2725 1507 ac
2760 1459 3014 1506 terrenus
3045 1450 3226 1505 omnis
3260 1454 3445 1502 motus
3492 1446 3631 1501 abo-

2050 1549 2252 1605 leatur.
2289 1546 2413 1602 Mox
2441 1545 2590 1601 enim
2613 1560 2681 1601 ac
2697 1542 2899 1613 aliquis
2926 1543 3194 1597 virtutum
3221 1539 3631 1611 philosOpbiam

2051 1654 2122 1694 ex
2146 1639 2361 1695 ratione
2389 1638 2599 1702 inierit,
2625 1652 2734 1692 una
2775 1649 2998 1706 quoque
3041 1633 3454 1704 Scripturarum
3505 1645 3633 1685 sen—

2054 1745 2178 1786 sum
2197 1738 2395 1785 natura
2418 1728 2476 1784 in
2511 1728 2766 1798 spiritum
2804 1727 3085 1791 transfert,
3114 1724 3172 1778 in
3207 1723 3451 1778 novitate
3521 1720 3635 1791 spi-

371 1814 1065 1888 παλαιότητιγράμματος,
1112 1811 1203 1868 διὰ
1228 1812 1327 1883 τῆς
1367 1813 1489 1866 κατ’
1510 1809 1764 1882 αἴσθησιν
1811 1808 1951 1881 πρὸς

2054 1823 2197 1880 ritus
2225 1821 2461 1878 actionis
2494 1821 2647 1877 cultu
2678 1835 2778 1890 per
2805 1818 3066 1874 sublimia
3100 1828 3264 1872 sensa
3321 1822 3487 1885 atque
3534 1808 3635 1869 ob—

373 1905 537 1977 σῶμα
565 1876 956 1978 ταπεινοτέρας.
1002 1876 1101 1959 τοῦ
1159 1876 1325 1977 νόμου
1356 1876 1693 1976 παραδοχῆς,
1716 1876 1951 1976 τροφεὺς

2051 1915 2192 1987 jecta
2218 1912 2333 1970 Deo
2365 1913 2635 1977 serviens,
2669 1876 2726 1967 et
2761 1926 2872 1967 non
2902 1911 2959 1965 in
2995 1914 3273 1965 vetustate
3332 1876 3535 1963 littera:
3558 1903 3629 1971 ⁶¹,

374 2000 566 2055 παθῶν
593 1997 739 2053 κατὰ
770 1999 899 2063 τοὺς
939 1997 1230 2063 Ἰουδαίους
1259 1996 1564 2068 γινόμενος,
1627 1993 1722 2050 καὶ
1773 1995 1954 2067 ἁμαρ-

371 2093 495 2157 τίας
525 2091 887 2164 θεραπευτής.
920 2089 1128 2163 Πράξει
1174 2086 1286 2162 γὰρ
1339 2089 1470 2161 χρὴ.
1508 2086 1596 2142 διὰ
1641 2084 1752 2141 τῶν
1812 2085 1954 2141 κατὰ

373 2182 540 2255 φύσιν
586 2181 883 2254 λογισμῶν,
936 2182 1038 2254 τὴν
1087 2178 1310 2253 ἐμπαθῆ
1366 2180 1459 2235 καὶ
1490 2178 1809 2251 σωματικὴν
1858 2174 1953 2231 τοῦ

372 2277 545 2348 νόμου
574 2272 817 2331 διάνοιαν
846 2272 1298 2348 διαχειρίζεσθαι,
1331 2268 1516 2336 καθὼς
1538 2272 1567 2326 ό
1603 2270 1703 2343 τῆς
1732 2266 1955 2342 Γραφῆς

375 2366 669 2439 ὑφηγεῖται
692 2364 873 2437 λόγος,
914 2366 1140 2439 φάσκων
1160 2376 1177 2396 δ
1219 2362 1329 2420 Kal
1355 2362 1573 2420 ἔλαϐεν
1597 2365 1634 2418 ό
1652 2360 1955 2428 ,βασιλεὺς

373 2456 518 2529 τοὺς
545 2455 657 2516 δύο
703 2455 874 2525 υἱοὺς
910 2455 1167 2527 Ῥωφᾶς
1210 2452 1500 2525 θυγατρὸς
1561 2454 1688 2509 Ἄτα
1719 2454 1955 2508 παλλα-

374 2552 490 2623 κῆς
509 2553 618 2609 τοῦ
653 2548 876 2616 Σαοὺλ,
916 2550 1029 2604 τὸν
1065 2544 1334 2619 Ἕρμον-01
1384 2544 1481 2603 καὶ
1518 2545 1626 2601 τὸν
1659 2546 1956 2616 Μεμφιϐο-

373 2638 524 2703 σθέ·
551 2646 650 2700 καί
698 2642 842 2710 τοὺς
883 2630 1064 2696 πέντε
1104 2639 1277 2707 υἱοὺς
1319 2638 1433 2708 τῆς
1476 2635 1690 2708 Μερὼσ
1715 2636 1827 2708 τῆς
1850 2642 1956 2693 θυα-

372 2735 592 2809 τιιτρὸς
614 2733 835 2802 Σαοὺλ,
850 2732 957 2800 οὓς
971 2730 1137 2787 ἔτεκε
1156 2729 1236 2796 τῷ
1271 2728 1560 2800 Ἐσδριήλ
1579 2745 1592 2761 ·
1614 2728 1712 2785 καί
1733 2728 1958 2785 ἔδωκεν

374 2825 690 2895 αὕτοὺξέν
712 2827 866 2897 χειρί
898 2818 1019 2879 τῶν
1036 2814 1449 2879 Γαόαωσιτῶν.
1502 2818 1638 2893 Χείρ
1681 2818 1798 2876 tot:
1845 2821 1955 2876 τῶν

380 2916 738 2973 Γασαωνιτῶν
804 2914 917 2990 (50)
940 2930 969 2984 ,δ
1003 2914 1039 2987 ἠ
1091 2913 1210 2970 κατ’
1265 2913 1467 2986 ἀρετὴν
1496 2912 1693 2986 πρᾶξις
1716 2914 1825 2968 τῶν
1854 2930 1956 2982 φυ-

381 3009 554 3065 σικῶν
580 3005 869 3081 λογισμῶν,
896 3008 964 3074 δι’
989 2998 1057 3080 ἧς
1086 3007 1136 3060 οἱ
1159 3006 1268 3060 υίοὶ
1302 3005 1536 3075 Ῥεσφᾶς
1576 3007 1832 3078 Ἐρμονθὶ
1862 3007 1956 3062 καὶ

375 3098 751 3172 Μεμφιϐοσθὲ,
790 3099 1088 3166 τουτέστιν,
1135 3098 1171 3170 η
1215 3098 1280 3152 ὲκ
1316 3097 1418 3169 τῆς
1457 3096 1516 3153 ἐν
1553 3099 1691 3169 μόνῃ
1719 3100 1786 3170 τῇ
1816 3115 1953 3170 προ-

2053 2019 2153 2077 per
2180 2003 2533 2060 humiliorem
2573 2000 2712 2074 legis
2746 2012 2977 2073 pronam
3032 1999 3254 2070 corpori
3308 2013 3375 2054 ex
3439 2012 3634 2053 sensus

2053 2097 2271 2153 ratione
2302 2094 2702 2166 acceptionem,
2749 2091 3066 2149 indecorum
3122 2100 3278 2144 more
3332 2084 3629 2143 aﬂectuum

2053 2197 2244 2261 pastor
2278 2203 2343 2244 ac
2370 2185 2691 2253 libidinum,
2721 2196 2828 2240 nec
2865 2192 2978 2238 non
3002 2182 3211 2254 peccati
3241 2192 3386 2235 curae
3420 2179 3604 2249 impen

2054 2299 2169 2351 sus,
2194 2283 2488 2342 exsistens.
2517 2278 2751 2337 Necesse
2783 2278 2933 2334 enim
2961 2285 3047 2332 est
3070 2282 3150 2341 ut,
3182 2272 3521 2329 naturalium
3542 2288 3633 2327 ra-

2055 2371 2266 2428 tionum
2290 2386 2415 2442 ope,
2453 2370 2756 2425 haerentem
2796 2364 3014 2422 libidini
3072 2376 3139 2420 ac
3168 2352 3517 2435 cerporalem
3554 2362 3635 2416 le—

2052 2463 2137 2536 gis
2161 2462 2580 2534 intelligentiam
2609 2462 2969 2533 perimamus,
3004 2459 3080 2515 uti
3106 2456 3404 2527 Scripturae
3452 2461 3634 2511 textus

2052 2562 2278 2612 enarrat
2312 2571 2326 2608 :
2355 2552 2425 2608 Et
2444 2554 2642 2617 accepit
2664 2568 2757 2606 rex
2781 2552 2911 2605 duos
2939 2550 3078 2619 ﬁlios
3102 2549 3354 2617 Rhesplta:
3374 2546 3503 2616 ﬁliae
3530 2547 3631 2602 Aia

2054 2644 2256 2716 pellicis
2283 2643 2484 2710 Saulis,
2517 2641 2797 2698 Ermonthi
2828 2649 2879 2696 et
2895 2639 3334 2710 Memphibosthe;
3383 2647 3431 2692 et
3479 2639 3635 2709 quin-

2054 2753 2154 2809 que
2177 2735 2320 2806 ﬁlios
2339 2734 2572 2792 Herobes
2604 2733 2735 2804 ﬁlim
2757 2731 2959 2801 Saulis,
2982 2750 3112 2805 quos
3145 2733 3344 2804 peperit
3362 2729 3631 2793 Esdrieli;

2055 2839 2105 2884 et
2136 2828 2279 2884 dedit
2302 2845 2387 2882 eos
2413 2827 2470 2882 in
2513 2840 2675 2881 manu
2721 2824 3160 2883 Gabaonitarum.
3199 2822 3631 2880 Gabaonitarum

2056 2934 2270 2981 manus,
2310 2919 2648 2974 naturalium
2680 2917 2956 2973 rationum
2984 2916 3129 2972 actio
3170 2925 3275 2981 est,
3309 2931 3411 2987 per
3465 2931 3630 2986 quam

2057 3006 2331 3081 Rhespha
2358 3008 2457 3065 ﬁlii
2482 3008 2777 3066 Ermonthi
2803 3018 2861 3066 et
2888 3006 3330 3080 Mempbibostbe
3374 3007 3516 3079 (quae
3545 3005 3634 3061 ni-

2057 3099 2260 3156 mirum
2294 3116 2363 3157 ex
2387 3099 2504 3157 sola
2534 3100 2810 3156 sermonis
2847 3099 3184 3171 prolatione,
3233 3096 3509 3166 corporali
3551 3095 3633 3149 leo

374 3192 520 3264 φορᾷ
555 3184 648 3245 τοῦ
699 3188 862 3260 λόγου
899 3187 1217 3261 σωματικῆς
1233 3182 1329 3242 τοῦ
1361 3187 1529 3258 νόμου
1565 3187 1788 3258 διδαχῆς
1827 3203 1951 3256 γενέ

2056 3195 2140 3268 gis
2163 3196 2441 3262 doctrina,
2463 3194 2762 3250 libidinosa
2784 3193 3037 3266 Operatio
3086 3189 3358 3257 nascitur,
3401 3188 3636 3244 lasciva-

371 3284 588 3356 νωμένη
616 3281 727 3338 τῶν
767 3278 956 3337 παθῶν
982 3279 1255 3352 ἐνέργεια,
1289 3281 1387 3334 καὶ
1446 3280 1481 3350 ἠ
1529 3277 1639 3335 τῶν
1674 3277 1954 3349 λογισμῶν

328 3398 345 3409 ·
371 3375 675 3440 ἀκόλαστος
699 3372 935 3446 κίνησις,
980 3370 1399 3428 ἀποκτένονται.
1463 3370 1609 3444 Πρὸς
1664 3369 1722 3425 δὲ
1774 3371 1870 3426 καὶ
1902 3370 1953 3424 oi

372 3466 535 3522 πέντε
564 3466 675 3521 υἱοὶ
696 3464 799 3538 τῆς
823 3458 1049 3537 Μερὼό,
1100 3465 1401 3531 τουτέστιν,
1429 3463 1479 3517 οί
1514 3463 1578 3517 ἐκ
1608 3458 1705 3533 τῆς
1743 3461 1955 3534 τρυφῆς

370 3553 705 3627 γεννώμενοι
760 3553 903 3609 κατὰ
945 3553 1047 3625 τὴν
1108 3553 1263 3627 παρὰ
1312 3553 1474 3623 φύσιν
1518 3551 1617 3623 τῆς
1669 3550 1953 3622 ἐνεργείας

370 3647 571 3720 χρῆσιν
590 3644 881 3700 ἀκόλαστοι
904 3644 1066 3699 πέντε
1088 3644 1282 3716 τρόποι
1301 3643 1411 3698 τῶν
1432 3642 1593 3699 πέντε
1614 3641 1919 3720 αἰσθήσεων
1933 3656 1949 3671 ·

369 3714 479 3802 ὦς’
517 3736 840 3792 ἀποκτένειν
880 3714 1172 3791 ὲπιτοαυτδ
1224 3734 1471 3807 πέφυκεν
1514 3735 1591 3798 ὡς
1621 3714 1682 3789 ὲν
1733 3734 1849 3806 ὄρει
1873 3732 1952 3805 τῷ

370 3825 496 3897 ὕψει
530 3825 631 3897 τῆς
668 3825 1045 3897 πνευματικῆς
1079 3823 1335 3897 θεωρίας,
1379 3824 1438 3879 ιν
1483 3822 1628 3896 ἀρχῇ
1683 3820 1950 3894 θερισμοῦ

369 3916 596 3991 κριθῶν,
629 3918 767 3988 ὅπερ
808 3914 956 3971 ἐστὶν
1007 3916 1065 3971 ὲν
1114 3915 1424 3988 προοιμίοις
1468 3915 1569 3987 τῆς
1606 3914 1727 3970 κατ’
1750 3915 1952 3988 ἀρετὴν

368 4006 641 4081 πράξεως,
668 4006 704 4081 ἢ
730 4007 833 4079 τῆς
868 4007 1011 4062 κατὰ
1055 4005 1217 4077 φύσιν
1250 4005 1511 4070 εὐσεϐοῦς
1541 4005 1798 4078 θεωρίας,
1840 4006 1953 4070 πᾶς

368 4096 496 4164 νοῦς
548 4100 692 4154 κατὰ
746 4098 880 4153 Θεὸν
938 4098 1142 4171 ὑψηλὸς
1194 4101 1288 4153 καὶ
1329 4096 1640 4171 μετέωρος·
1701 4096 1845 4152 κατὰ
1888 4097 1953 4152 τὸ

366 4189 522 4257 αὐτὸ,
573 4191 673 4262 τήν
705 4206 766 4244 τε
803 4187 917 4245 τῶν
962 4189 1150 4245 παθῶν
1197 4188 1594 4260 κατασφάττων
1640 4188 1948 4262 ἐνέργειαν,

364 4280 466 4337 καὶ
499 4282 601 4356 τὴν
634 4281 746 4338 τῶν
789 4282 1070 4354 λογισμῶν
1123 4280 1374 4355 ἄσχημον
1420 4281 1658 4354 κίνησιν.
1708 4278 1853 4355 Πρὸς
1889 4280 1949 4336 δὲ

367 4374 464 4429 καὶ
482 4374 610 4438 τοὺς
633 4373 775 4428 κατὰ
802 4372 1151 4447 παράχρησιν
1178 4372 1281 4445 τῆς
1316 4374 1427 4430 τῶν
1454 4372 1765 4446 αἰσθήσεων
1795 4375 1950 4447 ἐνερ-

367 4464 523 4535 γείας
552 4465 885 4530 ἀκολάστους
920 4465 1178 4536 τρόπους.

2054 3303 2163 3359 que
2184 3303 2249 3343 ac
2266 3284 2553 3343 luxuriosa
2582 3284 2980 3358 cogitationum
3034 3280 3304 3354 incitatio)
3352 3282 3635 3352 perimun-

2056 3390 2164 3438 tur.
2204 3381 2286 3437 Ad
2316 3382 2434 3437 haec
2456 3398 2588 3437 vera
2619 3379 2788 3437 etiam
2812 3375 3058 3451 quinque
3085 3375 3340 3434 Merobes
3367 3370 3466 3431 ﬁlii
3516 3373 3632 3447 (qui

2054 3474 2270 3530 scilicet
2291 3490 2360 3530 ex
2384 3470 2667 3546 voluptate
2722 3484 2821 3544 per
2873 3468 3241 3527 innaluralem
3293 3465 3634 3541 operationis

2053 3582 2239 3633 usum,
2273 3561 2711 3637 intemperantes
2747 3564 3016 3635 quinque,
3065 3562 3311 3634 quinque
3368 3572 3633 3616 sensuum

2051 3661 2360 3711 nascuntur
2393 3652 2567 3727 modi)
2623 3670 2764 3725 quos
2821 3653 2881 3709 in
2934 3664 3110 3709 unum
3157 3650 3353 3717 simul,
3397 3649 3553 3705 velut
3576 3647 3631 3702 in

2052 3756 2240 3803 monte
2261 3744 2340 3820 (in
2361 3747 2510 3803 celso
2535 3746 2801 3816 Spiritalis
2828 3742 3222 3816 speculationis
3246 3741 3476 3814 vertice)
3542 3754 3636 3797 oc-

2053 3837 2239 3895 cidere
2262 3832 2451 3902 babet,
2482 3835 2541 3890 in
2563 3836 2725 3892 initio
2763 3837 2960 3891 messis
3012 3835 3353 3891 hordeorum
3411 3833 3490 3906 (id
3524 3840 3630 3897 est,

2051 3928 2239 4002 primo
2270 3928 2455 3986 statim
2481 3928 2718 3983 actionis
2747 3943 2817 3983 ex
2836 3925 3061 3983 virtutis
3110 3926 3323 3980 ratione
3384 3923 3630 3987 exordio,

2051 4018 2186 4083 sive,
2212 4017 2316 4090 piae
2349 4032 2419 4072 ex
2447 4023 2662 4072 naturae
2689 4015 2995 4071 rationibus
3030 4009 3446 4086 speculationis)
3477 4028 3634 4066 mens

2051 4109 2234 4165 omnis
2260 4107 2570 4164 secundum
2616 4108 2792 4163 Deum
2840 4104 3061 4162 excelsa
3101 4121 3168 4160 ac
3231 4102 3523 4169 sublimis;
3576 4100 3631 4156 in

2051 4212 2223 4253 unum
2254 4196 2419 4252 simul
2443 4211 2672 4262 necans,
2715 4203 2835 4250 tum
2868 4193 3169 4249 aﬂ‘ectuum
3197 4191 3310 4246 vim
3350 4206 3416 4245 ac
3445 4190 3633 4244 libidi-

2049 4303 2206 4355 num,
2231 4296 2349 4343 tum
2403 4293 2621 4357 turpem
2675 4284 3074 4357 cogitationum
3102 4289 3336 4337 motum.
3381 4280 3465 4335 Ad
3515 4281 3633 4335 haec

2048 4380 2241 4446 etiam,
2275 4390 2539 4435 sensuum
2569 4376 2910 4448 operationis
2971 4374 3146 4431 abusu
3185 4381 3504 4443 constantes
3555 4371 3630 4428 la-

2053 4470 2229 4526 scivos
2260 4470 2453 4525 modos
2477 4478 2644 4539 atque
2673 4466 2938 4523 indolem.

436 4556 547 4613 Kal
580 4556 829 4623 ἕπεσον,
873 4556 1062 4628 φησὶν,
1094 4555 1194 4610 ἐπὶ
1228 4556 1297 4610 τὸ
1342 4556 1492 4612 αὐτὸ
1540 4559 1597 4613 ol
1639 4555 1811 4623 ἑπτὰ,
1845 4554 1945 4611 καί

2122 4560 2192 4616 Et
2214 4561 2534 4637 ceciderunt,
2571 4559 2774 4630 inquit,
2825 4558 2881 4614 hi
2935 4562 3131 4628 septem
3180 4554 3237 4608 in
3286 4555 3534 4626 idipsum,
3586 4563 3635 4608 et

364 4646 838 4715 ἐθανατώθησαν
889 4648 960 4702 ἐν
1008 4644 1166 4717 ἀρχῇ
1207 4647 1494 4718 θερισμοῦ
1536 4647 1778 4717 κριθῶν.
1835 4644 1948 4703 Kal

366 4738 549 4793 ἔλασε
593 4736 821 4806 Ῥεσφὰ
852 4735 1120 4806 θυγάτηρ
1153 4735 1279 4790 Ἀΐα
1305 4738 1413 4793 τὸν
1440 4736 1697 4805 σάκκον,
1735 4736 1836 4794 καί
1861 4736 1950 4792 δι-

364 4828 684 4897 έστρωσεν
738 4828 927 4882 αὐτὸν
972 4827 1160 4896 ἑαυτῇ
1203 4828 1302 4883 ἐπι
1362 4828 1481 4897 τὴν
1526 4830 1789 4900 πέτραν,
1834 4830 1948 4898 ἕως

364 4918 632 4983 ἔσταξεν
678 4912 772 4973 ἐπ’
827 4918 1052 4986 αὐτοὺς
1093 4918 1285 4974 ὕδατα
1340 4920 1490 4975 Θεοῦ
1532 4919 1605 4986 ἐξ
1657 4918 1944 4990 οὐρανοῦ.

377 5010 604 5080 Ῥεσφὰ,
637 5010 822 5075 καθὼς
873 5010 1034 5081 ἔφην,
1066 5012 1214 5066 ἐστὶν
1256 5013 1694 5085 έρμηνευομένη,
1724 5011 1948 5082 δρόμος

364 5105 689 5172 στόματος,
718 5104 854 5178 ὅπερ
886 5107 1035 5158 ἐστὶν
1067 5106 1102 5179 ἡ
1130 5105 1272 5159 κατὰ
1305 5107 1473 5177 μόνην
1496 5104 1591 5160 τοῦ
1619 5104 1782 5175 λόγου
1807 5122 1947 5176 προ-

366 5195 544 5265 φορὰν
579 5196 873 5268 σωματικὴ
896 5196 993 5251 τοῦ
1021 5197 1187 5265 νόμου
1225 5197 1437 5270 διδαχὴ,
1485 5198 1519 5270 ἡ
1568 5198 1706 5270 μετὰ
1734 5199 1825 5253 τὸν
1851 5198 1948 5254 0d-

364 5303 529 5341 νατον
551 5286 663 5342 τῶν
689 5288 749 5355 ἐξ
769 5289 943 5359 αὐτῆς
968 5290 1326 5360 γεννωμένων
1357 5286 1569 5356 παθῶν,
1596 5286 1692 5344 καὶ
1716 5287 1817 5362 τὴν
1843 5308 1947 5360 φα-

363 5375 601 5448 νέρωσιν
628 5370 728 5450 τὴν
755 5380 818 5434 ἒν
844 5380 966 5452 ὄρει
985 5378 1065 5450 τῷ
1093 5378 1218 5450 ὕψει
1244 5381 1547 5451 γενομένην
1568 5381 1669 5453 τῆς
1704 5382 1945 5453 φυσικῆς

364 5462 600 5537 θεωρίας
626 5467 740 5538 (5i)
779 5469 842 5521 ὲν
882 5469 949 5538 τῇ
984 5467 1080 5521 τοῦ
1137 5467 1262 5522 καθ’
1304 5467 1538 5522 ἕκαστον
1580 5468 1780 5540 καρδῐᾳ
1834 5466 1943 5521 τῶν

362 5556 505 5628 αὐτῇ
530 5559 1119 5630 προκατειλημμένων,
1136 5559 1391 5632 καθάπερ
1418 5560 1622 5615 σάκκον
1647 5560 1745 5631 τὴν
1776 5561 1944 5631 μετά-

361 5662 517 5701 νοιαν
548 5646 884 5718 στρώννυσιν
914 5651 1007 5704 ἐπὶ
1032 5651 1133 5724 τὴν
1161 5652 1365 5723 πέτραν
1391 5651 1555 5724 (λέγω
1579 5651 1645 5724 δὴ
1668 5652 1760 5707 τὸν
1784 5653 1942 5722 λόγον

361 5735 465 5805 τῆς
497 5734 644 5791 κατὰ
671 5737 879 5810 Κύριον
909 5742 1191 5813 πίστεως),
1211 5743 1307 5796 τὸν
1339 5744 1400 5798 ὲν
1432 5743 1702 5817 πνεύματι
1729 5744 1818 5800 διὰ
1841 5744 1942 5818 τῆς

434 5847 477 5879 ⁶¹
519 5848 680 5906 Rom.
708 5868 747 5921 ι,
771 5853 862 5921 26,
902 5854 990 5911 27.
1069 5857 1113 5889 ⁸³
1141 5855 1301 5913 Rom.
1338 5875 1430 5926 vn,
1461 5860 1513 5916 6.

2049 4648 2163 4705 neci
2196 4641 2383 4703 traditi
2412 4655 2559 4712 sunt,
2581 4647 2637 4701 in
2671 4646 2930 4719 principio
2975 4646 3154 4701 messis
3176 4644 3514 4699 hordeorum.
3566 4641 3636 4696 Et

2046 4742 2168 4797 tulit
2195 4740 2437 4813 Rhespha
2468 4740 2587 4811 ﬁlia
2620 4741 2721 4795 Aia
2745 4756 2981 4806 saccum,
3022 4747 3071 4792 et
3127 4738 3318 4792 stravit
3368 4754 3489 4791 eum
3536 4737 3637 4791 sibi

2047 4840 2209 4903 super
2262 4840 2472 4903 petram
2523 4829 2865 4903 quoadusque
2920 4827 3311 4883 distillaverunt
3368 4844 3528 4898 super
3549 4843 3635 4881 eos

2051 4918 2215 4994 290
2242 4936 2399 4994 aqua:
2421 4921 2518 4976 Dei
2542 4938 2570 4974 e
2616 4920 2762 4976 caelo.
2803 4919 3083 4990 Rhespba,
3118 4919 3197 4974 uti
3258 4919 3532 4981 dicebam,
3587 4918 3633 4972 si

2048 5028 2253 5070 nomen
2268 5013 2675 5083 interpreteris,
2702 5029 2888 5066 cursus
2916 5012 3044 5076 oris,
3071 5017 3186 5075 est;
3218 5008 3365 5077 quod
3390 5016 3474 5062 est
3508 5023 3635 5061 θοι-φ

2049 5104 2258 5176 poralis
2291 5103 2430 5175 legis
2463 5088 2734 5167 doctrina,
2763 5118 2829 5156 ex
2882 5103 2997 5156 sola
3029 5098 3297 5169 prolatitii
3361 5099 3636 5153 sermonis

2048 5197 2262 5256 ratione
2286 5212 2301 5262 ;
2332 5208 2455 5265 qua:
2481 5192 2742 5249 nimirum
2765 5200 2890 5262 post
2915 5192 3214 5247 affectuum
3249 5205 3316 5244 ex
3345 5190 3460 5259 ipsa
3509 5206 3633 5259 pro-

2047 5299 2341 5364 gnatorum
2360 5297 2615 5353 mortem,
2650 5286 2961 5358 factamque
2993 5286 3050 5341 in
3078 5293 3265 5340 monte
3292 5284 3461 5357 (celso
3511 5301 3637 5338 ver-

2048 5382 2157 5440 tice
2179 5378 2451 5439 naturalis
2494 5379 2909 5453 speculationis)
2961 5380 3017 5434 in
3070 5378 3434 5450 singulorum,
3494 5393 3634 5447 quos

2048 5485 2176 5532 ante
2205 5472 2490 5545 complexa
2516 5480 2656 5538 erat,
2689 5470 2857 5527 corde
2882 5470 3382 5527 manifestationem
3406 5487 3422 5537 ;
3479 5471 3633 5524 velut

2048 5582 2292 5632 saccum,
2319 5564 2706 5637 paenitentiam
2756 5565 2990 5630 sternit;
3036 5578 3203 5634 super
3234 5571 3450 5634 petram
3513 5560 3633 5632 (do-
3701 5623 3709 5632 _

2048 5661 2288 5715 ctrinam
2332 5657 2549 5714 scilicet
2599 5657 2723 5712 ‘idei
2770 5656 3088 5723 Dominicte,
3157 5652 3504 5728 spiritalibus
3572 5651 3628 5707 in

2047 5751 2267 5809 Christo
2297 5751 2514 5824 legibus
2540 5766 2609 5807 ac
2658 5749 2813 5807 scitis
2841 5765 2940 5822 per
2978 5747 3364 5822 paenitentiam
3422 5756 3631 5809 navalis
