4154 6322
507 391 613 454 703

1668 392 1729 452 S.
1770 393 2056 454 MAXIMI
2095 392 2602 456 CONFESSORIS

3656 401 3761 464 764

507 499 752 572 cperam)
804 515 928 570 qua“:
981 499 1074 554 diu
1118 507 1431 570 noctuque,
1479 511 1739 571 tanquam
1800 502 1944 557 hlios
1989 519 2088 572 pcr

2209 507 2485 570 ιετανοίας
2547 506 2684 560 κατά
2743 506 2978 578 Χριστὸν
3038 508 3443 580 ὲπιμελουμένη
3508 509 3755 580 θεσμῶν

508 594 828 648 memoriam
855 591 924 646 ob
945 591 1135 645 oculos
1152 590 1374 656 habeat,
1405 592 1643 661 priorem
1677 593 1732 646 in
1769 609 1933 648 carne
1996 593 2080 647 lc-

508 688 594 758 gis
636 685 1086 750 institutionem;
1137 684 1498 753 quoadusque
1542 685 1874 740 stillaverint
1928 701 2084 754 aquae

510 779 607 834 Dei
636 778 703 832 de
742 777 882 830 ccelo
918 775 1117 846 (donec
1145 776 1357 831 scilicet
1395 776 1576 830 missae
1634 775 1841 832 fuerint
1883 777 2085 833 divina:

511 869 922 938 Scripturarum
984 867 1216 930 notitiae,
1276 882 1307 921 e
1370 867 1636 936 spiritalis
1687 867 2085 936 speculationis

512 961 659 1014 celso
693 958 920 1026 vertice)
949 974 1182 1028 quarum
1208 958 1400 1028 utique
1420 974 1483 1012 ea
1513 958 1616 1024 vis,
1643 968 1703 1012 ut
1726 958 1959 1014 aﬂ'ectus
2003 959 2087 1013 vi-

515 1053 695 1121 tiaque
726 1051 1094 1120 exstinguant,
1121 1065 1186 1104 ac
1210 1049 1442 1104 virtutes
1474 1051 1807 1104 instaurent.
1847 1049 1902 1105 Si
1935 1066 2088 1105 nam-

511 1161 620 1214 que
666 1151 985 1214 comparata
1032 1143 1171 1214 legis
1225 1141 1538 1212 disciplina,
1590 1150 1650 1196 ut
1695 1142 1764 1196 ad
1808 1140 2088 1196 Christum

517 1239 724 1304 (veram
763 1235 1086 1305 ﬁrmamque
1115 1232 1350 1304 petram)
1374 1249 1472 1304 per
1496 1232 1881 1302 paenitentiam
1934 1248 2090 1288 acce-

515 1330 672 1393 dens,
711 1327 959 1382 divinum
990 1326 1256 1397 spiritalis
1277 1325 1688 1395 Scripturarum
1716 1324 1960 1379 scicntia:
1987 1325 2090 1378 im-

433 1430 440 1437 '
515 1420 692 1482 brem,
716 1420 870 1490 juxta
887 1417 1110 1473 Davidis
1138 1416 1287 1487 regis
1320 1414 1542 1487 (mentis
1573 1414 1784 1470 scilicet
1807 1414 1957 1481 fortis
2005 1431 2091 1468 as-

517 1511 686 1581 pectu)
712 1518 1068 1580 praeceptum,
1124 1507 1410 1577 suscipiat.
1447 1507 1538 1560 Ait
1578 1507 1726 1561 enim
1785 1523 1800 1558 :
1852 1505 1921 1559 Et
1973 1506 2091 1574 fecit

517 1605 695 1658 omnia
728 1618 1045 1673 quwcunque
1069 1601 1412 1654 mandaverat
1457 1615 1545 1654 rex
1580 1599 1691 1653 :Et
1727 1599 1925 1652 audivit
1952 1596 2090 1651 Deus

520 1706 720 1748 terram
767 1701 945 1763 postea
1002 1692 1066 1745 ⁸³.
1133 1690 1454 1746 Divinarum
1507 1706 1636 1760 ergo
1676 1689 2090 1759 Scripturarum

519 1787 830 1856 disciplina,
870 1785 1026 1856 juxta
1080 1790 1415 1854 praceptum
1478 1782 1702 1836 Davidis
1746 1780 1889 1852 regis
1915 1779 2092 1851 1(legis

2184 598 2393 668 ἔχουσα
2423 599 2546 652 κατ’
2587 598 2895 669 ὀφθαλμοὺς
2936 600 3147 671 ἡμέρας
3189 602 3282 654 καὶ
3312 600 3508 664 νυκτὸς
3539 601 3628 654 διὰ
3659 601 3760 672 τῆς

2186 687 2427 757 μνήμης.
2452 686 2526 751 ώς
2560 686 2746 751 τέκνα,
2781 685 2880 758 τὴν
2907 689 2962 741 ὲν
2993 689 3155 758 σαρκὶ
3178 688 3272 742 τοῦ
3300 689 3464 759 νόμου
3491 690 3760 761 προτέραν

2183 779 2504 849 ἀναγωγὴν,
2539 779 2644 842 ἓως
2684 779 2967 844 στάξουσιν
3002 779 3170 834 ὕδατα
3195 779 3332 832 Θεοῦ
3386 778 3445 845 ἐξ
3491 781 3724 851 οὐρανοῦ
3745 797 3758 812 ·

2183 869 2482 933 τουτέστιν,
2510 870 3112 940 ἓωςκκαταπεμφθῶσιν
3143 871 3199 922 αί
3228 870 3368 924 θεῖαι
3390 870 3500 923 τῶν
3527 871 3763 940 Γραφῶν

2184 963 2415 1032 γνώσεις
2437 966 2498 1016 ὲκ
2521 964 2614 1018 τοῦ
2642 963 2808 1034 ὕψους
2837 963 2938 1034 τῆς
2961 964 3336 1034 πνευματικῆς
3365 963 3599 1034 Θεωρίας
3623 963 3761 1032 (52),

2186 1057 2242 1108 al
2282 1055 2566 1110 σϐεστικαὶ
2614 1057 2711 1127 μὲν
2752 1056 2863 1110 τῶν
2897 1055 3108 1123 παθῶν,
3147 1056 3510 1110 ἀνανεωτικαὶ
3554 1055 3610 1108 δὲ
3653 1053 3765 1107 τῶν

2187 1146 2419 1217 ἀρετῶν.
2462 1147 2683 1216 Πέφυκε
2721 1145 2828 1218 γὰρ
2883 1147 2922 1218 η
2961 1145 3056 1199 τοῦ
3097 1146 3261 1216 νόμου
3317 1146 3576 1216 μάθησις,
3627 1146 3767 1216 πρὸς

2187 1238 2424 1308 Χριστὸν
2461 1237 2559 1308 τὴν
2619 1237 2795 1307 ἀληθῆ
2849 1237 2945 1291 καὶ
2992 1237 3229 1308 στερρὰν
3276 1237 3484 1308 πέτραν
3530 1237 3620 1290 διὰ
3663 1236 3765 1306 τῆς

2191 1329 2480 1400 μετανοίας
2511 1327 2933 1400 προσχωροῦσα,
2964 1327 3056 1381 τὸν
3085 1328 3230 1382 θεῖον
3257 1327 3359 1394 τῆς
3386 1327 3762 1396 πνευματικῆς

2189 1421 2297 1474 τῶν
2335 1421 2568 1492 Γραφῶν
2612 1419 2866 1489 γνώσεως
2891 1419 3042 1474 ὑετὸν
3091 1419 3470 1489 ὑποδέχεσθαι,
3516 1418 3659 1472 κατά
3703 1417 3763 1470 τὸ

2191 1512 2522 1582 πρόσταγμα
2549 1511 2640 1564 τοῦ
2663 1511 2927 1580 βασιλέως
2948 1509 3140 1563 Δαϐίδ·
3169 1509 3434 1574 τουτέστι,
3460 1508 3568 1563 τοῦ
3592 1511 3766 1576 ἰσχυ-

2185 1603 2299 1672 ροῦ
2326 1602 2440 1670 τὴν
2466 1601 2685 1670 ὅρασιν
2701 1600 2814 1655 νοῦ.
2848 1601 2986 1671 Φησὶ
3017 1600 3144 1671 γάρ·
3172 1601 3281 1654 Καὶ
3310 1599 3562 1665 ἐποίησε
3595 1597 3761 1668 (ἄλλ.

2194 1693 2483 1766 ἐποίησαν]
2513 1693 2710 1747 πάντα
2740 1693 2857 1748 ὅσα
2883 1693 3225 1746 ἐνετείλατο
3253 1694 3284 1745 ό
3309 1690 3634 1755 βασιλεὺς.
3659 1690 3764 1742 Kal

2194 1770 2540 1851 ἐπήκουσεν
2569 1786 2602 1837 ό
2636 1782 2780 1848 Θεὸς
2812 1781 2884 1851 τῇ
2926 1781 3000 1850 τῇ
3046 1784 3198 1852 μετὰ
3238 1780 3447 1835 ταῦτα.
3495 1779 3702 1832 Οὐκοῦν
3733 1781 3766 1848 ἡ
3851 1825 3863 1836 .

521 1879 733 1933 scilicet
761 1875 1043 1948 spiritalis,
1083 1883 1180 1929 aut
1205 1873 1406 1928 mentis
1431 1872 1590 1928 fortis
1611 1870 1862 1942 aspectu)
1914 1871 2093 1942 poeni—

2209 1877 2303 1930 ιῶν
2330 1876 2490 1930 θείων
2521 1875 2756 1946 Γραφῶν
2786 1874 3044 1946 μάθησις,
3093 1875 3234 1928 κατά
3266 1873 3365 1944 τὴν
3402 1872 3626 1942 ἐντολὴν
3663 1874 3768 1925 Δα-

524 1968 708 2023 tentias
738 1983 872 2037 opes
902 1966 1083 2037 (cujus
1112 1979 1304 2020 saccus
1333 1965 1548 2036 signum
1572 1961 1808 2035 exsistit)
1840 1963 2095 2018 navando

522 2061 822 2116 virtutibus
848 2075 1096 2130 operam,
1129 2058 1197 2114 ad
1232 2065 1448 2128 petram
1502 2055 1737 2129 (scilicet
1789 2052 2093 2126 Christum)

522 2169 642 2208 sese
672 2152 1030 2216 transferens,
1060 2150 1307 2204 divinum
1332 2147 1578 2203 scientiae
1613 2146 1855 2200 imbrem
1904 2145 2097 2200 excire

523 2245 690 2310 solet;
724 2242 989 2312 novitque
1024 2241 1321 2311 impetrare
1353 2246 1416 2292 ut
1471 2238 1617 2292 Deus
1651 2244 1856 2291 terram
1914 2233 2098 2290 cordis

488 2337 730 2400 audiat,
764 2333 1084 2403 tribuatque
1132 2330 1350 2385 divinos
1391 2329 1693 2400 gratiarum
1746 2327 1976 2392 imbres,
2034 2340 2100 2380 ac

518 2426 746 2499 justitia:
771 2425 972 2480 uberes
1005 2423 1218 2478 fructus
1252 2421 1656 2485 subministret,
1713 2418 1974 2486 velutque
2021 2415 2102 2470 fa-

524 2533 688 2582 mem,
718 2516 1065 2586 superiorem
1111 2514 1288 2569 solvat
1341 2509 1658 2564 divinorum
1711 2507 2098 2579 ignorantiam,

524 2627 589 2667 ac
631 2609 973 2680 spiritalibus
1022 2605 1185 2661 bonis
1213 2605 1494 2675 regionem
1521 2601 1846 2670 adimpleat;
1903 2613 2100 2666 nempe

524 2702 764 2756 animam
798 2697 1007 2763 tritico,
1029 2697 1162 2750 vino
1191 2703 1354 2764 atque
1386 2693 1508 2747 oleo
1525 2691 1840 2745 abluentem
1872 2688 2098 2743 reddat:

527 2790 621 2845 illo
663 2789 923 2860 quidem,
953 2797 1016 2842 ut
1073 2801 1195 2856 quae
1241 2783 1486 2840 scientiae
1540 2781 1796 2850 practicae
1849 2791 2103 2833 sermone

525 2882 884 2938 conﬁrmetur
914 2877 961 2910 ⁸⁸
987 2895 1002 2945 ;
1032 2877 1139 2933 hoc
1169 2884 1376 2940 autem,
1407 2880 1470 2927 ut
1497 2870 1620 2941 quae
1654 2869 1845 2942 divino
1880 2866 2102 2921 deside-

527 2975 633 3040 rio,
666 2973 1008 3041 fervorisque
1040 2967 1211 3024 animi
1262 2967 1376 3022 Deo
1428 2961 1674 3017 unientis
1715 2960 2106 3023 instauratorc,

527 3066 902 3137 splendescat;
943 3063 1049 3118 isto
1081 3076 1232 3125 vero,
1289 3066 1351 3112 ut
1386 3072 1508 3126 quae
1545 3054 1657 3109 leni
1707 3054 1981 3124 planoque
2041 3065 2106 3105 ac

2197 1969 2282 2022 διδ
2317 1967 2411 2021 τοῦ
2447 1967 2708 2038 βασιλέως
2745 1965 3012 2037 (τουτέστι
3043 1964 3139 2020 τοῦ
3171 1963 3546 2034 πνευματικοῦ
3575 1962 3767 2032 νόμου,

2197 2058 2230 2129 ἢ
2253 2057 2346 2111 τοῦ
2385 2056 2605 2129 ἰσχυροῦ
2630 2057 2728 2129 τὴν
2755 2057 2943 2127 ὅρασιν
2980 2055 3119 2128 νοῦ),
3153 2055 3242 2109 διὰ
3269 2055 3441 2126 μέσης
3458 2053 3570 2124 ’τῆς
3589 2055 3771 2124 μετα-

2197 2150 2365 2212 νοίας,
2396 2143 2462 2219 ἧς
2502 2149 2531 2201 ὁ
2587 2148 2788 2211 σάκκος
2839 2147 3073 2218 ὑπάρχει
3119 2145 3419 2218 σύμϐολον,
3467 2144 3609 2198 κατά
3675 2142 3773 2214 τὴν

2199 2240 2398 2312 πρᾶξιν
2457 2239 2563 2292 τῶν
2593 2237 2825 2310 ἀρετῶν,
2868 2238 2963 2291 ἐπὶ
3016 2238 3115 2308 τὴν
3162 2237 3391 2309 πέτραν,
3434 2236 3601 2306 ἤγουν
3634 2235 3775 2306 Χρι·

2201 2334 2361 2396 στὸν,
2409 2331 2861 2403 μεταφερομένη,
2912 2331 3003 2384 τὸν
3057 2329 3199 2383 θεῖον
3262 2327 3614 2382 ἐκκαλεῖσθαι
3675 2325 3778 2396 τῆς

2199 2423 2454 2494 γνώσεως
2484 2425 2727 2493 πέφυκεν
2754 2424 2908 2476 ὑετόν
2932 2439 2946 2452 ·
2993 2419 3299 2475 ἐπακοῦσαι
3333 2437 3393 2472 τε
3421 2419 3513 2472 τὸν
3551 2417 3686 2471 Θεὸν
3706 2418 3776 2486 τῇ

2200 2519 2270 2585 γῇ
2301 2518 2400 2588 τῆς
2426 2515 2657 2586 καρδίας
2693 2513 2852 2567 εἴωθε
2881 2513 3175 2578 δυσωπεῖν,
3224 2514 3320 2565 καὶ
3363 2509 3547 2564 δοῦναι
3595 2507 3774 2569 θείους

2201 2605 2560 2678 χαρισμάτων
2605 2603 2867 2675 ὄμϐρους,
2916 2602 3011 2656 καὶ
3039 2602 3149 2655 τῶν
3188 2601 3246 2653 ὲν
3284 2598 3599 2669 δικαιοσύνῃ
3642 2601 3776 2668 καρ·

2202 2695 2320 2747 πῶν
2351 2694 2656 2765 χορηγῆσαι
2684 2692 2782 2764 τὴν
2839 2691 3124 2761 ἀφθονίαν,
3182 2691 3279 2744 καὶ
3297 2689 3458 2742 λῦσαι
3506 2687 3604 2758 τὴν
3649 2685 3777 2738 καθ-

2204 2787 2348 2856 άπερ
2395 2785 2554 2854 λιμὸν
2583 2785 2682 2854 τὴν
2713 2783 3092 2855 προλαϐοῦσαν
3134 2781 3243 2835 τῶν
3290 2779 3450 2833 θείων
3478 2777 3776 2847 ἀγνωσίαν,

2205 2874 2300 2926 καὶ
2338 2873 2561 2942 ποιῆσαι
2595 2871 2777 2944 χώραν
2827 2872 3005 2942 πλήρη
3051 2870 3160 2925 τῶν
3199 2868 3587 2940 πνευματικῶν
3643 2869 3779 2936 ἀγα-

2206 2963 2342 3016 θῶν·
2407 2963 2505 3033 τὴν
2543 2962 2721 3033 ψυχὴν
2778 2963 2909 3033 σίτῳ
2961 2961 3292 3032 βρίθουσαν,
3341 2961 3438 3015 καὶ
3487 2961 3645 3028 οἴνῳ,
3687 2957 3780 3012 καὶ

2206 3053 2401 3124 ὲλαίῳο
2431 3052 2509 3122 τῷ
2541 3053 2660 3123 μὲν,
2687 3053 2762 3115 ὡς
2790 3053 2934 3124 λόγῳ
2970 3053 3280 3123 πρακτικῆς
3306 3051 3558 3121 γνώσεως
3592 3065 3780 3121 στηρι-

527 3155 830 3228 pellucido,
877 3154 1170 3220 lucemque
1225 3147 1500 3211 all‘erenti,
1559 3161 1624 3200 ac
1673 3151 1899 3197 terreno
1953 3141 2106 3196 omni

2209 3143 2443 3216 ζομένην
2463 3145 2574 3216 (55)
2597 3162 2609 3174 ·
2635 3145 2714 3216 τῷ
2740 3145 2819 3210 δὲ,
2849 3145 2924 3210 ὡς
2945 3145 3075 3217 θείῳ
3107 3146 3274 3216 πόθῳ,
3308 3146 3402 3198 καὶ
3433 3142 3780 3211 ἀνανεωτικῷ

529 3257 680 3304 motu
713 3247 912 3311 libero,
945 3240 1418 3312 tranquillissima-3
1454 3236 1657 3292 mentis
1682 3234 1847 3290 modo
1893 3234 2104 3304 pariter

2209 3236 2307 3307 τῆς
2350 3236 2470 3290 κατ’
2515 3238 2700 3306 ἔφεσιν
2743 3237 2878 3307 πρὸς
2914 3237 3046 3289 Θεὸν
3099 3237 3364 3304 ἑνωτικῆς
3416 3235 3655 3300 ζέσεως,
3691 3235 3780 3286 εὑ-

531 3356 596 3395 ae
626 3339 863 3402 ratione,
898 3337 1168 3390 virtutum
1199 3331 1358 3385 vultu
1390 3329 1700 3400 praeniteat.

2209 3328 2582 3399 φραινομὲνην
2615 3329 2758 3400 (55)·
2805 3329 2882 3399 τῷ
2910 3329 2988 3395 δὲ,
3024 3329 3098 3392 ὡς
3120 3329 3251 3398 λείῳ
3285 3329 3379 3382 καὶ
3419 3326 3607 3398 ὁμαλῷ
3645 3325 3779 3395 (55),
3817 3375 3838 3394 ,

533 3435 626 3488 καὶ
675 3433 886 3500 διαυγεῖ
944 3433 1038 3484 καὶ
1081 3427 1434 3499 φωτιστικῷ,
1516 3424 1612 3480 καὶ
1661 3421 1863 3485 παντὸς
1907 3421 2144 3490 γεώδους
2181 3424 2452 3496 ἐλευθέρῳ
2508 3425 2826 3496 κινήματος,
2893 3426 2992 3496 τῆς
3036 3424 3307 3487 ἀπαθείας
3352 3423 3542 3494 τρόπῳ
3579 3439 3637 3474 τε
3693 3421 3782 3474 καὶ

531 3531 697 3600 λόγῳ,
731 3527 792 3582 τὸ
820 3527 1112 3599 πρόςωπον
1145 3521 1537 3594 ίλαρυνομένην
1567 3519 1676 3572 τῶν
1700 3517 1911 3590 ἀρετῶν
1936 3518 2069 3586 (56).

602 3621 806 3677 Verum
825 3634 925 3672 nos
947 3632 1186 3686 quoque,
1216 3615 1397 3685 magni
1417 3612 1639 3668 Davidis
1669 3625 1843 3675 more,
1875 3625 1941 3664 ex
1963 3610 2113 3664 omni

536 3710 775 3768 conﬁnio
804 3707 1042 3770 lsraelis,
1078 3706 1297 3760 Saulem
1322 3703 1634 3766 deleamus;
1667 3707 1949 3754 terrenum
2001 3698 2112 3752 sci-

537 3806 666 3859 licet
693 3819 756 3858 ac
776 3801 1115 3870 corporalem
1146 3797 1304 3867 291
1331 3795 1468 3866 legis
1497 3794 1700 3858 ritum;
1755 3792 1864 3846 hoc
1902 3796 1987 3845 est
2018 3789 2115 3845 Ju-

537 3894 755 3948 daicum
789 3891 973 3946 cultus
1000 3887 1245 3951 modum,
1279 3899 1612 3954 sensumque
1639 3883 1696 3938 in
1727 3882 1844 3937 solo
1863 3880 2114 3952 Scriptu-

539 3998 613 4038 rte
633 3979 813 4035 omnis
835 3984 1096 4033 contextu
1119 3976 1302 4046 primo
1323 3974 1547 4028 obvium
1571 3971 2031 4041 crassioremque,
2048 3986 2116 4028 ex

539 4073 689 4128 omni
717 4072 882 4126 modo
914 4069 1236 4126 theoreticae
1260 4065 1659 4130 institutionis;
1703 4072 1866 4133 atque
1891 4063 1960 4118 ad
2001 4063 2117 4132 spi-

542 4163 757 4218 ritalem
815 4176 1009 4216 eorum
1073 4175 1194 4229 quae
1245 4157 1626 4225 intelliguntur
1677 4153 1929 4208 deificam
1980 4153 2117 4216 vim,

539 4267 920 4318 transeamus;
1011 4250 1284 4317 nobisque
1357 4245 1691 4302 Gabaonitas
1761 4244 2121 4299 conciliemus

542 4342 843 4414 (naturales
860 4341 1076 4396 scnlicet
1103 4338 1364 4408 rationes)
1411 4351 1550 4407 quos
1606 4336 1914 4390 incolumes
1953 4348 2122 4388 verus

539 4435 846 4489 divinarum
867 4432 1296 4502 promissionum
1331 4429 1659 4483 distributor
1697 4437 1862 4495 atque
1905 4425 2119 4478 arbiter

539 4526 838 4581 Jesusesse
861 4523 1040 4577 voluit
1065 4521 1244 4586 °';ob
1270 4534 1508 4588 quorum
1553 4517 1733 4571 Saulis
1783 4517 1984 4588 injuria
2024 4531 2123 4570 ne-

543 4628 686 4676 cem,
719 4611 968 4666 divinum
995 4611 1142 4665 Deus
1167 4609 1412 4664 scientia:
1443 4609 1678 4662 imbrem
1713 4608 1985 4674 inhibuit;
2027 4623 2122 4661 oc—

501 4714 503 4716 ’
542 4706 902 4774 cidamusque
925 4719 1024 4773 per
1043 4702 1266 4758 eosdem
1296 4701 1629 4756 Gabaonitas
1657 4701 1957 4767 (naturales
2016 4699 2124 4753 sci-

2307 3611 2469 3664 Ἀλλὰ
2503 3611 2596 3665 καὶ
2639 3613 2822 3682 ἡμεῖς,
2866 3610 3006 3665 κατά
3037 3611 3128 3663 τὸν
3161 3609 3331 3680 μέγαν
3361 3606 3548 3672 Δαόὶδ,
3592 3606 3784 3676 ἀφανί-

2221 3719 2404 3770 σωμεν
2433 3703 2525 3755 τὸν
2564 3701 2739 3754 Σαοὺλ
2776 3703 2841 3754 ὲκ
2875 3700 3076 3764 παντὸς
3129 3701 3278 3771 ὁρίου
3344 3697 3564 3770 Ἰσραήλ
3585 3713 3600 3727 ·
3633 3712 3784 3748 τουτ-

2220 3793 2360 3859 έστι,
2395 3795 2486 3848 τὸν
2521 3793 2697 3864 γεώδη
2728 3794 2823 3846 καὶ
2872 3792 3185 3863 σωματικὸν
3217 3789 3310 3844 τοῦ
3352 3791 3519 3860 νόμου
3555 3787 3784 3858 θεσμόν·

2217 3885 2378 3956 ἧτουν
2407 3885 2499 3938 τὸν
2544 3885 2834 3938 Ἰουδαϊκὸν
2866 3884 2968 3952 τῆς
3007 3882 3268 3954 λατρείας
3309 3881 3532 3950 τρόπον,
3568 3880 3663 3932 καὶ
3699 3878 3786 3931 τὸν

2218 3978 2279 4030 ὲν
2311 3977 2457 4048 μόνῳ
2489 3976 2566 4048 τῷ
2611 3976 2759 4048 ρητῷ
2793 3975 3086 4048 πρόχειρον
3137 3975 3239 4044 τῆς
3272 3973 3400 4043 ὅλης
3433 3971 3654 4042 Γραφῆς
3700 3971 3791 4024 καὶ

2221 4069 2676 4138 σωματικώτερον
2707 4066 2854 4128 νοῦν,
2886 4066 2955 4118 ὲκ
2980 4065 3180 4125 παντὸς
3213 4063 3416 4135 τρόπου
3453 4060 3790 4132 θεωρητικῆς

2225 4157 2650 4228 μυσταγωγίαςο
2681 4159 2776 4212 καὶ
2807 4155 3156 4226 μετέλθωμεν
3188 4155 3322 4225 πρὸς
3365 4153 3464 4224 τὴν
3500 4168 3793 4221 πνευματι-

2222 4251 2326 4323 κὴν
2355 4250 2463 4302 τῶν
2495 4250 2805 4320 νοουμένων
2841 4249 3107 4302 ὲκθέωσιν
3131 4261 3146 4278 ⁸
3179 4248 3275 4300 καὶ
3307 4241 3795 4316 περιποιησώμεθα

2221 4342 2349 4406 τοὺς
2395 4341 2782 4406 Γαϐαωνίτας,
2817 4339 3087 4403 τουτέστι,
3130 4339 3257 4401 τοὺς
3309 4336 3451 4390 κατά
3498 4336 3660 4404 φύσιν
3692 4334 3795 4387 τῶν

2221 4433 2391 4488 ὅντων
2433 4432 2658 4501 λόγους·
2713 4431 2808 4495 οὒς
2852 4431 3086 4494 ἀπαθεῖς
3133 4430 3452 4500 διετήρησεν
3491 4429 3521 4480 ὁ
3550 4427 3797 4497 ἀληθινὸς

2225 4525 2562 4596 κληροδότης
2605 4524 2714 4577 τῶν
2743 4523 2905 4576 θείων
2947 4523 3290 4591 ἐπαγγελιῶν
3327 4520 3568 4591 Ἰησοῦς·
3611 4519 3677 4572 δι’
3708 4519 3797 4582 οὒς

2223 4618 2643 4687 ἀναιρουμένους
2673 4615 2777 4668 ὑπὸ
2812 4616 3002 4681 Σαοὺλ,
3030 4617 3121 4668 τὸν
3147 4615 3289 4670 θεῖον
3325 4615 3522 4683 ἀνέσχε
3557 4616 3658 4682 τῆς
3692 4629 3796 4682 μυ-

2226 4708 2419 4778 στικῆς
2465 4707 2720 4775 γνώσεως
2767 4707 2920 4759 ὑετὸν
2963 4709 2991 4758 ὁ
3039 4707 3205 4770 6:26;-
3255 4707 3348 4759 καὶ
3393 4705 3802 4776 ἀποκτείνωμεν

542 4797 675 4852 licet
724 4773 1153 4866 speculationcs)
1189 4794 1342 4848 velut
1396 4794 1550 4848 viros
1606 4801 1818 4862 septem
1871 4808 1941 4847 ex
1992 4791 2106 4846 ﬁlii:

2227 4801 2294 4855 δι’
2341 4773 2520 4854 αθτῶν
2564 4799 2672 4852 τῶν
2732 4798 3116 4864 Γαόαωνιτῶν,
3171 4799 3270 4868 τῆς
3316 4798 3558 4866 φυσικῆς
3605 4773 3835 4867 δηλαδὴ.

545 4889 727 4945 Saulis
751 4887 1032 4960 (nimirum
1058 4885 1418 4940 libidinosam
1449 4885 1610 4955 legis,
1637 4895 2026 4954 terrenamque
2065 4893 2123 4939 et

545 4992 957 5052 temporaneam
983 4977 1424 5050 intelligentiam)
1463 4992 1627 5047 quam
1686 4977 1944 5047 Rhespha
1995 4977 2123 5050 (oris

545 5073 758 5130 scilicet
783 5071 988 5143 cursus)
1033 5087 1231 5142 parere
1269 5069 1438 5124 habet
1482 5067 1808 5139 (corporalis
1858 5069 2126 5123 nimirum

545 5164 682 5236 legis
703 5163 1018 5236 disciplina)
1042 5171 1099 5219 ct
1125 5162 1369 5226 Merobe,
1393 5177 1558 5232 quam
1581 5161 1812 5232 gutturis
1829 5161 2128 5232 affluentem

545 5257 843 5310 satietatem
869 5254 1254 5324 interpreteris
1275 5272 1290 5321 ;
1309 5254 1362 5308 id
1386 5261 1492 5318 est,
1523 5253 1737 5308 ventris
1765 5253 2127 5323 voluptatem.

546 5347 730 5414 Prior,
759 5347 1199 5416 Memphibosthe
1235 5361 1437 5416 parens
1467 5354 1633 5414 atque
1651 5344 1944 5399 Ermonthi
1973 5345 2132 5416 (quo-

549 5453 671 5491 rum
697 5431 983 5501 alter,‘oris
1013 5436 1212 5506 pudor;
1237 5436 1400 5501 alter,
1431 5451 1617 5490 eorum
1642 5437 1931 5489 anathema
1954 5435 2046 5502 sit,
2083 5435 2130 5490 si

549 5543 750 5582 nomen
780 5528 1198 5598 interpreteris;
1260 5543 1460 5598 nempe
1493 5527 1757 5583 vitiorum
1797 5527 2025 5582 habitus
2069 5541 2135 5582 ac

553 5620 820 5689 operatio)
853 5636 1113 5690 sequens,
1143 5621 1390 5690 quinque
1422 5619 1660 5676 Esdrieli
1707 5619 1939 5689 suscipit
1989 5618 2134 5674 ﬁlios

555 5709 974 5781 (contemplanti
1001 5713 1212 5769 scilicet
1235 5713 1380 5783 parti
1411 5713 1601 5779 animi,
1621 5713 1950 5768 libidinosus
1976 5712 2132 5782 quin-

625 5822 674 5858 ⁸⁸
704 5822 878 5880 lCor.
908 5840 961 5893 χ,
988 5827 1039 5881 ι.
1116 5825 1161 5857 ⁸⁸
1201 5825 1346 5882 Psal.
1374 5842 1482 5892 ειη,
1520 5825 1603 5881 15.
1683 5824 1728 5858 ⁸⁸
1755 5825 1919 5881 Josue
1945 5841 2016 5892 Ix,
2050 5824 2140 5880 20.

2232 4892 2486 4964 θεωρίας,
2522 4891 2712 4963 ὥσπερ
2739 4891 2940 4962 ἀνδρας
2971 4891 3112 4944 ὲπτά
3140 4889 3249 4943 τῶν
3306 4889 3442 4942 υἱῶν
3475 4889 3672 4954 Σαοὺλ,
3708 4888 3806 4958 τὴν

2232 4985 2453 5056 ἐμπαθῆ
2486 4985 2578 5038 τοῦ
2609 4985 2799 5054 νόμου,
2832 4983 3101 5053 πρόσυλόν
3133 4999 3192 5036 τε
3229 4983 3324 5035 καὶ
3366 4981 3626 5054 χρονικὴν
3660 4980 3806 5034 ὲκδο-

2232 5078 2354 5150 χὴν,
2386 5079 2453 5147 ἣν
2480 5078 2686 5131 τίκτειν
2722 5077 2965 5146 πέφυκεν
2989 5077 3022 5147 ἡ
3057 5076 3282 5144 Ῥεσφά,
3306 5077 3607 5144 στόματος
3633 5073 3808 5143 ὑπάρ-

2234 5188 2406 5242 χουσα
2436 5170 2654 5240 δρόμος
2685 5170 2842 5241 (ὅπερ
2892 5169 3037 5222 ἐστὶν
3083 5170 3116 5240 ἡ
3179 5168 3467 5239 σωματικὴ
3499 5167 3594 5219 τοῦ
3645 5167 3808 5236 νόμου

2240 5260 2530 5332 μάθησις)’
2585 5260 2678 5311 καὶ
2737 5260 2769 5329 ἡ
2835 5257 3072 5329 Μερὼϐ,
3124 5257 3454 5326 πλησμονὴ
3505 5255 3810 5325 φάρυγγος

2237 5349 2676 5418 ἐρμηνευομένη,
2710 5348 3010 5410 τουτέστιν,
3041 5349 3074 5416 ἡ
3106 5346 3285 5416 τρυφὴ
3329 5347 3428 5416 τῆς
3454 5345 3712 5416 γαστρός.
3750 5343 3811 5395 'H

2245 5442 2346 5512 μὲν
2379 5442 2469 5494 τὸν
2492 5440 2851 5512 Μεμφιϐοσθὲ
2875 5441 3134 5492 τίκτουσα
3173 5439 3268 5492 καὶ
3297 5440 3388 5491 τὸν
3425 5437 3680 5508 Ἐρμονθὶ
3705 5434 3813 5504 (τὸν

2244 5533 2342 5603 μὲν
2363 5534 2628 5602 αἰσχύνη
2652 5533 2950 5602 στόματος
2965 5530 3421 5602 ἑρμηνευόμενον·
3444 5528 3535 5582 τὸν
3563 5528 3644 5593 δὲ,
3665 5528 3814 5581 ἀνά·-

2242 5629 2388 5695 οεμα
2402 5625 2644 5695 αὐτῶν),
2664 5626 2831 5696 ἤγουν
2845 5624 2942 5694 τὴν
2961 5623 3073 5689 ἕξιν
3091 5621 3197 5675 τῶν
3218 5621 3409 5676 παθῶν
3429 5621 3522 5674 καὶ
3549 5619 3648 5690 τὴν
3666 5619 3815 5688 sep.

2244 5720 2469 5790 γειαν·ή
2490 5717 2567 5786 δὲ,
2591 5718 2717 5780 τοὺς
2752 5717 2912 5773 πέντε
2946 5715 3185 5786 υἱοὺςτῷ
3215 5713 3484 5784 Ἐσδριὴλ.
3510 5713 3590 5782 τῷ
3611 5712 3814 5781 θεωρη⁴
