4154 6322
478 388 582 452 ’167

1639 386 1698 446 S.
1737 387 2024 446 MAXIMI
2060 386 2574 448 CONFESSORIS
2594 457 2599 474 Ι

3643 381 3748 448 768

554 493 726 564 Igitur
759 490 969 562 peccati
1005 489 1321 560 imperium,
1357 490 1474 546 sive
1498 491 1683 546 carnis
1709 492 2062 561 prudentiam

2237 491 2448 545 Οὐκοῦν
2480 493 2541 544 τὸ
2571 489 2774 562 κράτος
2814 489 2911 559 τῆς
2956 485 3252 558 ἁμαρτίας,
3288 486 3458 556 ἢγουν
3504 485 3566 540 τδ
3613 491 3742 560 φρό-

482 598 818 653 sensumque
868 589 928 635 ut
968 579 1185 636 aboleat
1209 621 1224 646 ,
1291 582 1464 636 sancti
1492 581 1839 652 baptismatis
1872 582 2061 655 gratiae

483 684 894 746 comparatum;
951 671 1196 743 itemque
1223 672 1573 738 obedientiae,
1626 690 1734 743 qua
1763 674 1944 744 reipsa
1972 673 2060 729 di—

482 766 609 820 vina
641 765 972 834 impleantur
1003 764 1292 830 mandata,
1329 775 1390 820 ut
1415 761 1596 836 gladio
1618 767 1847 837 spiritus
1869 767 2061 838 (verbo

483 857 697 913 scilicet
723 854 925 911 divinat
952 855 1006 910 in
1031 855 1243 926 Spiritu
1267 857 1548 928 scientiae)
1585 857 1902 926 interimat;
1953 859 2064 916 cla-

485 963 639 1002 mans
665 946 891 1017 mystice
923 946 991 1001 ad
1017 948 1229 1016 peccati
1252 947 1540 1002 libidinem
1572 965 1914 1020 pronamque
1938 965 2066 1021 pas-

481 1041 695 1094 sionem
720 1079 735 1104 ,
795 1035 941 1092 haud
981 1055 1141 1094 secus
1179 1053 1244 1094 ac
1268 1056 1498 1110 magnus
1520 1039 1740 1096 Samuel
1767 1043 1834 1096 ad
1864 1043 2011 1114 Agag
2045 1060 2058 1096 :

483 1129 628 1184 Sicut
655 1129 827 1183 liberis
855 1129 1057 1184 orbavit
1084 1130 1326 1185 mulieres
1357 1132 1568 1204 gladius
1593 1145 1733 1198 tuus,
1765 1133 1890 1202 ﬁliis
1911 1133 2064 1188 hodie

483 1222 755 1276 orbabitur
800 1231 972 1276 mater
1015 1231 1107 1275 tua
1157 1239 1220 1276 ex
1255 1223 1634 1278 mulieribus”.
1692 1221 1889 1279 Multas
1915 1225 2062 1279 enim

485 1322 547 1369 ut
570 1315 626 1368 in
648 1313 830 1385 gladio
850 1313 989 1385 gulae
1011 1314 1230 1380 vitium,
1256 1315 1556 1384 voluptatis
1575 1313 1872 1381 lenocinio,
1892 1317 2066 1372 virtu-

487 1419 570 1465 tes
594 1409 787 1464 liberis
816 1409 1054 1464 orbavit.
1088 1407 1492 1479 Temperantia:
1512 1411 1661 1465 enim
1689 1419 1743 1464 et
1770 1411 2061 1477 castitatis,

485 1517 584 1570 per
607 1499 1071 1556 incontinentiam
1119 1517 1183 1556 ac
1207 1502 1334 1555 vitm
1357 1501 1632 1556 luxuriam
1659 1543 1674 1568 ,
1726 1503 1939 1556 semina
1966 1517 2064 1556 ex-

489 1591 689 1663 tinguit
716 1608 730 1644 :
754 1589 985 1662 justitiae
1010 1607 1165 1657 vero,
1202 1606 1302 1663 per
1329 1593 1697 1650 insatiabilem
1729 1593 2067 1664 modumque

487 1683 826 1737 nescientem
878 1683 1118 1738 habendi
1171 1683 1573 1752 cupiditatem,
1633 1685 2065 1756 aequabilitatem

488 1774 798 1844 corrumpit
849 1792 862 1828 :
917 1775 1319 1842 humanitatis,
1380 1793 1480 1847 per
1515 1778 1793 1846 privatum
1819 1778 2066 1848 vitioque

489 1865 787 1920 liazrentem
824 1863 1289 1936 indulgentiorem
1315 1865 1471 1922 illum
1506 1869 1592 1924 sui
1615 1885 1860 1924 amorem
1882 1910 1898 1934 ,
1949 1883 2072 1939 quae
2102 1860 2144 1914 Β

487 1971 555 2010 ex
583 1964 794 2011 naturae
816 1956 1132 2012 rationibus
1151 1957 1369 2014 exsistit
1400 1958 1849 2030 conjunctionem
1869 1957 2072 2014 scindit

486 2062 552 2102 ac
579 2047 1071 2103 necessitudinem.
1133 2051 1334 2119 Atque,
1376 2057 1436 2105 ut
1464 2066 1678 2106 summa
1699 2051 1899 2116 dicam,
1931 2050 2072 2121 gulae

489 2139 685 2193 vitium
730 2139 955 2195 virtutis
987 2143 1172 2196 omnia
1193 2143 1440 2213 germina
1462 2143 1705 2210 perimit.
1744 2139 1859 2197 lloc
1885 2150 2071 2198 autem

487 2229 705 2296 vitium,
743 2231 824 2286 uti
855 2232 1106 2288 dicebam
1130 2273 1144 2298 ,
1204 2234 1320 2288 sola
1345 2234 1508 2299 tollit,
1567 2244 1682 2289 tum
1723 2234 2074 2305 baptismatis

490 2321 666 2390 gratia
691 2362 705 2387 ,
759 2330 874 2377 tum
907 2323 1005 2378 Dei
1039 2325 1426 2379 mandatorum
1453 2325 1772 2380 obedientia
1820 2327 2074 2384 instituta

489 2410 614 2467 vitae
640 2413 801 2468 ratio.
862 2413 993 2481 Quae
1030 2415 1195 2486 igitur
1249 2416 1304 2470 in
1333 2416 1517 2472 littera
1569 2419 1743 2488 legem
1768 2419 1944 2488 posita
1967 2429 2072 2487 est,

489 2504 661 2559 hocce
680 2504 872 2559 vitium
909 2506 1184 2562 foventem
1209 2517 1372 2578 atque
1404 2519 1735 2571 servantem,
1763 2511 1934 2566 Deum
1959 2529 2075 2583 pte—

489 2592 629 2650 uitet
659 2595 710 2649 in
737 2595 957 2652 lsraelis
985 2613 1169 2668 regem
1195 2598 1503 2665 inunxisse,
1537 2602 1931 2672 translatisque
1955 2618 2076 2658 sce-

489 2685 649 2755 ptris,
689 2687 880 2742 Davidi
931 2687 1076 2760 (legi
1102 2690 1316 2745 scilicet
1340 2692 1671 2762 evangelica:
1705 2708 1770 2749 ac
1799 2693 2072 2766 spiritali)

489 2775 783 2847 imperium
810 2777 1013 2846 tradit;
1049 2795 1247 2852 nempe
1277 2781 1390 2836 ﬁlio
1411 2782 1585 2838 Jesse.
1627 2783 1725 2838 Est
1753 2794 1938 2839 autem
1958 2785 2077 2840 Jes—

490 2884 571 2934 se,
596 2868 640 2923 si
663 2884 862 2924 nomen
881 2869 1288 2941 interpreteris,
1314 2873 1642 2944 Dcieﬂ'ectio.
1668 2876 1927 2930 Sanctum
1944 2891 2076 2947 ergo

493 2959 849 3030 Evangelium
876 2976 1104 3031 germen
1131 2969 1218 3016 est
1249 2962 1504 3017 factionis
1527 2963 1657 3030 Dei;
1709 2965 1763 3017 id
1802 2974 1916 3030 est,
1956 2966 2079 3036 ejus

490 3065 591 3120 per
620 3065 842 3106 carnem
876 3051 1116 3122 pr0priae
1142 3051 1456 3109 ell‘ectionis
1477 3095 1491 3119 ,
1546 3071 1669 3124 qua:
1701 3053 1861 3126 293
1898 3055 1952 3109 in
1979 3070 2078 3111 sa:-

493 3141 618 3196 cula
658 3142 872 3198 inﬁnita
920 3159 1092 3214 regno
1125 3144 1370 3214 potitur;
1432 3146 1590 3218 cujus
1615 3148 1878 3217 auspiciis
1911 3157 2076 3218 atque

2168 597 2315 652 νημα
2359 583 2459 654 τῆς
2517 582 2740 655 σαρκὸς,
2787 584 2821 652 ἡ
2867 582 3028 651 χάρις
3079 577 3364 648 ἀφανίζειν
3398 577 3612 648 πέφυκε
3651 581 3744 632 τοῦ

2169 675 2326 744 ἁγίου
2377 674 2772 746 βαπτίσματος,
2819 674 2914 727 καὶ
2966 673 3154 744 ὴκατ⁹
3197 671 3480 740 ἐνέργειαν
3531 673 3745 742 ὑπακοὴ

2159 765 2278 819 ’τῶν
2316 764 2481 820 θείων
2537 763 2800 829 ὲντολῶν,
2847 762 3169 816 ἀποκτένειν
3223 763 3292 833 τῇ
3350 765 3596 834 μαχαίρᾳ
3648 763 3744 816 τοῦ

2169 855 2481 930 πνεύματος
2538 855 2727 926 (ἤγουν
2765 853 2842 925 τῷ
2889 853 3094 925 ῥήματι
3129 851 3231 923 τῆς
3279 853 3430 916 θείας
3477 855 3535 906 ὲν
3583 853 3749 907 πνεύ-

2173 967 2303 1020 ματι
2334 947 2632 1018 γνὼσεως)·
2665 947 2846 1018 βοῶσα
2876 945 3158 1017 μυστικῶς
3191 945 3329 1015 πρὸς
3357 947 3418 998 τὸ
3446 945 3618 1010 πάθος
3649 949 3748 1018 τῆς

2169 1040 2478 1110 ἁμαρτίας,
2523 1039 2598 1102 ὡς
2644 1039 2672 1092 b
2702 1038 2876 1108 μέγας
2924 1036 3060 1107 πρὸς
3090 1037 3183 1091 τὸν
3235 1037 3412 1106 Ἀγάγ
3455 1039 3744 1110 Σαμουήλο

2171 1130 2378 1197 Καθὼς
2439 1131 2750 1198 ἠτέκνωσε
2811 1129 3103 1198 γυναῖκας
3156 1129 3195 1197 ἡ
3259 1128 3528 1198 μάχαιρά
3595 1145 3747 1197 σου,

2171 1223 2653 1292 ἁτεκνωθήσεται
2708 1221 2983 1291 σήμερον
3013 1221 3081 1274 ἐκ
3125 1220 3432 1291 γυναικῶν
3467 1223 3504 1290 ἠ
3550 1221 3751 1292 μήτηρ

2171 1315 2309 1372 σου.
2343 1315 2553 1378 Πολλὰς
2587 1313 2697 1386 γὰρ
2738 1314 2800 1367 τὸ
2832 1311 3002 1376 πάθος
3039 1315 3138 1384 τῆς
3171 1306 3640 1384 γαστριμαργίας,
3677 1315 3751 1378 ὼς

2172 1412 2230 1464 ὲν
2264 1410 2533 1480 μαχαίρᾳ,
2555 1407 2632 1478 τῷ
2665 1408 2792 1478 λείῳ
2821 1407 2922 1477 τῆς
2950 1406 3142 1478 ἡδονῆς
3173 1399 3417 1475 λογισμῷ
3441 1404 3752 1474 ὴτέκνωσεν

2171 1504 2397 1576 ἀρετάς.
2439 1501 2553 1573 Τῆς
2584 1501 2684 1573 μὲν
2713 1501 2824 1572 γὰρ
2857 1498 3212 1570 σωφροσύνης
3237 1497 3324 1550 διά
3347 1497 3449 1564 τῆς
3481 1496 3754 1566 ἀκρασίας

2172 1595 2464 1650 ἀποκτένει
2494 1593 2565 1647 τά
2595 1593 2888 1664 σπέρματα
2913 1607 2928 1622 ο
2963 1591 3064 1663 τῆς
3091 1587 3437 1658 δικαιοσύνης
3458 1587 3513 1640 δὲ
3541 1587 3629 1640 διά
3654 1590 3753 1658 τῆς

2174 1684 2493 1750 πλεονεξίας
2551 1684 2858 1756 διαφθείρει
2910 1683 3012 1755 τὴν
3062 1681 3376 1753 ἰσονομίαν·
3425 1679 3522 1752 τῆς
3563 1679 3757 1749 φιλαν-

2175 1777 2422 1849 θρωπίας
2459 1776 2516 1830 δὲ
2565 1775 2654 1831 διὰ
2682 1777 2783 1848 τῆς
2823 1773 3108 1846 φιλαυτίας
3137 1773 3238 1846 τὴν
3284 1775 3350 1828 ὲκ
3395 1772 3610 1842 φύσεως
3641 1772 3756 1826 δια-

2171 1869 2361 1938 τέμνει
2397 1866 2716 1938 συνέχειαν·
2751 1869 2846 1921 καὶ
2885 1867 3168 1938 συντόμως
3210 1868 3386 1920 είπεῖν
3424 1865 3561 1936 (58),
3614 1867 3755 1920 πάντ-

2173 1977 2283 2015 των
2327 1961 2437 2015 τῶν
2468 1962 2587 2015 κατ’
2620 1960 2821 2032 ἀρετὴν
2853 1957 3209 2030 γεννημάτων
3253 1957 3600 2030 ἀναιρετικὸν
3637 1960 3756 2011 ἐστι

2172 2054 2272 2124 τῆς
2303 2052 2748 2124 γαστριμαργίας
2764 2052 2825 2104 τὸ
2852 2051 3045 2114 πάθος,
3077 2049 3247 2103 Τοῦτο
3273 2048 3331 2101 δὲ
3372 2048 3530 2120 μόνη,
3564 2047 3752 2113 καθὼς

2175 2141 2332 2212 ἔφην,
2358 2139 2574 2212 ἀναιρεῖ
2597 2138 2660 2193 τὸ
2689 2139 2880 2204 πάθος,
2900 2141 2936 2210 ἦ
2958 2156 3018 2193 τε
3041 2138 3136 2192 τοῦ
3166 2137 3541 2208 βαπτίσματος
3571 2137 3754 2208 χάρις,

2173 2234 2270 2288 καὶ
2291 2235 2324 2305 ἠ
2353 2232 2472 2286 καθ’
2497 2231 2746 2304 ὑπακοὴν
2765 2230 2901 2285 Θεοῦ
2923 2231 3031 2285 τῶν
3052 2229 3282 2285 ἐντολῶν
3298 2230 3512 2301 ἀγωγή.
3532 2229 3637 2282 Τὸν
3663 2224 3758 2282 οὖν

2173 2323 2365 2378 τούτου
2411 2321 2507 2376 τοῦ
2538 2323 2744 2388 πάθους
2793 2322 3217 2394 περιποιητικδν
3261 2325 3319 2376 ὲν
3347 2322 3638 2393 γράμματι
3670 2321 3753 2374 νό-

2179 2434 2278 2488 μον
2308 2411 2700 2488 μεταμελεῖται
2763 2413 2960 2487 χρίσας
3001 2415 3083 2480 είς
3133 2412 3364 2486 βασιλέα
3401 2415 3494 2467 τοῦ
3540 2413 3758 2486 Ἰσραὴλ

2175 2511 2202 2562 ὁ
2223 2505 2375 2572 Θεὸς,
2404 2507 2499 2561 καὶ
2534 2507 2835 2578 μεταφέρει
2864 2506 2925 2559 τὸ
2965 2507 3168 2576 κράτος
3207 2507 3306 2578 τῆς
3336 2501 3630 2577 βασιλείας,
3660 2506 3756 2559 καὶ

2173 2599 2359 2654 δίδωσι
2392 2596 2472 2669 τῷ
2515 2597 2681 2652 Δασὶδ
2720 2595 2820 2668 (τῷ
2856 2596 3201 2668 εὐαγγελικῷ
3239 2596 3440 2667 δηλαδὴ
3469 2597 3564 2650 καὶ
3594 2614 3757 2650 πνευ-

2180 2689 2398 2763 ματικῷ
2446 2687 2644 2762 νόμῳ),
2694 2687 2966 2754 τουτέστι,
3011 2686 3090 2759 τῷ
3140 2687 3239 2760 υἱῷ
3289 2687 3507 2742 Ἰεσσαί.
3553 2687 3760 2759 Ἑρμη-

2177 2784 2396 2839 νεύεται
2447 2781 2505 2836 δὲ
2547 2781 2767 2845 Ἰεσσαὶ,
2818 2780 2968 2836 Θεοῦ
3015 2781 3262 2848 ποίησις
3311 2780 3402 2850 (e).
3445 2779 3654 2834 Οὐκοῦν
3695 2781 3760 2834 τὸ

2179 2876 2334 2943 ἆγιον
2361 2873 2715 2943 Εὐαγγέλιον,
2743 2873 2990 2944 γέννημα
3031 2873 3290 2943 τυγχάνει
3316 2873 3416 2944 τῆς
3461 2875 3755 2944 ποιήσεως,

2178 2966 2346 3036 ⁸ἔγγουν
2397 2963 2497 3036 τῆς
2550 2963 2644 3018 τοῦ
2681 2962 2820 3017 Θεοῦ
2878 2965 2966 3018 διὰ
3010 2963 3214 3036 σαρκδς
3263 2964 3627 3036 αὐτουργίας,
3659 2966 3760 3036 τῆς

2179 3054 2416 3126 ἐχούσης
2461 3056 2542 3119 είς
2573 3055 2701 3119 τοὺς
2732 3055 2997 3126 ἀπείρους
3045 3055 3249 3119 αἰῶνας
3285 3055 3385 3128 τὴν
3438 3050 3718 3128 βασιλείαν
3741 3072 3756 3086 ·

2179 3147 2301 3201 καθ’
2328 3148 2395 3220 ἢν
2435 3145 2630 3218 ἔχομεν
2661 3146 2982 3216 ἀγαλλίασιν
3017 3147 3380 3213 ἀκατάλυτον,
3417 3146 3512 3202 καὶ
3536 3147 3634 3220 τὴν
3667 3149 3758 3200 εὐ-

492 3250 719 3289 munere
746 3275 760 3299 ,
798 3234 1239 3292 indissolubilem
1268 3237 1692 3294 exsultationem
1721 3256 1784 3295 ac
1807 3240 2074 3308 laztitiam,

2183 3237 2458 3308 φροσύνην
2491 3239 2568 3302 ὼς
2600 3239 2812 3311 ἡμέραν
2862 3233 3030 3293 οὖσαν
3064 3239 3368 3311 ἀνέσπερον
3407 3239 3501 3293 καὶ
3540 3238 3760 3294 ἀτελεύ-

494 3327 648 3382 velut
675 3327 820 3384 diem
862 3343 1098 3385 occasus
1123 3331 1368 3386 nesciam
1391 3348 1458 3387 ac
1483 3333 1872 3402 immortalem,
1905 3335 2076 3392 habe-

497 3435 640 3474 mus.
676 3419 768 3474 Ait
793 3421 944 3476 enim
993 3439 1007 3475 :
1053 3421 1179 3477 Haec
1207 3433 1281 3478 est
1307 3425 1416 3479 dies
1440 3442 1602 3496 quam
1624 3427 1743 3496 fecit
1766 3426 1941 3494 Deus;
1989 3445 2078 3483 ea:-

492 3507 749 3564 sultemus
777 3551 791 3575 ,
847 3518 898 3564 et
941 3511 1182 3566 laetemur
1204 3513 1258 3566 in
1282 3514 1433 3582 ea";
1473 3530 1670 3585 nempe
1701 3515 1849 3571 diem
1872 3532 2077 3574 vocans

494 3599 867 3670 evangelicam
887 3602 1141 3671 gratiam,
1161 3604 1216 3658 in
1241 3620 1350 3674 qua
1367 3605 1507 3672 vult,
1540 3616 1600 3662 ut
1615 3607 1772 3677 juxta
1794 3608 1940 3678 quod
1962 3624 2080 3664 mo-

497 3697 591 3744 net
609 3689 908 3760 Apostolus
941 3710 954 3745 :
986 3691 1136 3748 Sicut
1151 3696 1205 3748 in
1225 3696 1308 3749 die
1329 3695 1596 3768 (scientim
1611 3713 1675 3752 ac
1697 3698 1968 3770 veritatis)
1999 3701 2092 3754 ho-

499 3789 644 3835 neste
667 3783 1000 3840 ambulemus
1017 3785 1085 3840 ".
1125 3785 1222 3840 Est
1245 3788 1393 3841 enim
1418 3785 1676 3843 Christus
1702 3789 1846 3843 lucis
1868 3789 2075 3858 sempi—

501 3890 673 3931 ternae
688 3875 830 3942 dies,
851 3877 906 3932 in
920 3893 1030 3948 quo
1043 3893 1223 3948 operae
1237 3879 1476 3949 pretium
1487 3922 1500 3945 ,
1518 3888 1582 3934 ut
1597 3879 1716 3950 ejus
1730 3894 1924 3934 omnes
1946 3879 2078 3935 iide-

496 3967 576 4024 les
597 3969 864 4026 virtutum
885 3972 1175 4028 honestate
1195 3980 1251 4027 et
1271 3973 1424 4028 cultu
1450 3973 1556 4028 rite
1571 3974 1740 4030 vitam
1760 3971 2078 4029 instituant.

497 4061 599 4118 llic
646 4080 882 4148 namque
931 4065 1082 4122 solus
1130 4082 1162 4122 a
1198 4065 1311 4122 Deo
1357 4065 1577 4136 (carnis
1595 4064 1806 4120 scilicet
1832 4063 2082 4134 ratione)

2181 3345 2364 3400 τητον.
2397 3331 2536 3402 Φησὶ
2559 3330 2703 3401 γάρ’
2746 3331 2906 3399 Αὕτη
2957 3331 2997 3398 ἠ
3038 3330 3232 3401 ἡμέρα
3266 3331 3347 3400 ἢν
3392 3331 3686 3400 ἐποίησεν
3727 3335 3761 3386 ὁ

2186 3421 2334 3487 986(-
2357 3437 2370 3450 '
2412 3420 2920 3491 ἁγαλλιασώμεθα
2957 3421 3057 3476 καὶ
3097 3421 3524 3492 εὐφρανθῶμεν
3556 3423 3626 3476 ὲν
3651 3423 3758 3476 αὺ-

2183 3511 2258 3582 τῇ
2281 3529 2295 3543 ·
2350 3512 2566 3584 ἡμέραν
2607 3513 2802 3582 λέγων,
2843 3514 2941 3586 τὴν
3001 3513 3364 3586 εὐαγγελικὴν
3411 3515 3593 3586 χάριν,
3627 3513 3660 3586 ἢ
3701 3514 3761 3566 τὸ

2187 3603 2490 3675 μυστήριον
2513 3603 2679 3658 αὐτοῦ
2711 3604 2806 3658 τοῦ
2830 3604 3034 3678 ταύτην
3061 3606 3434 3676 ποιησαμένου
3458 3604 3558 3676 τὴν
3580 3605 3757 3676 χάριν.

2185 3698 2242 3750 ὲν
2286 3690 2330 3764 ᾧ
2364 3696 2613 3768 βούλεται
2650 3699 2860 3762 πάντας
2899 3699 3071 3769 ἡμᾶς,
3111 3698 3254 3753 κατά
3282 3697 3372 3752 τὸν
3417 3698 3560 3752 θεῖον
3601 3696 3760 3750 Ἀπό-

2183 3788 2388 3856 στολον,
2421 3789 2497 3853 ὡς
2543 3792 2603 3843 ὲν
2628 3789 2812 3862 ἡμέρα
2840 3789 3097 3854 γνώσεως
3131 3791 3227 3844 καὶ
3260 3789 3517 3861 ἀληθείας
3568 3789 3762 3859 εὐσχη-

2191 3881 2366 3951 μόνως
2395 3882 2740 3951 περιπατεῖν.
2791 3874 3007 3954 Ἥμέρα
3052 3882 3163 3954 γὰρ
3205 3882 3377 3936 ἀϊδίου
3407 3882 3586 3952 φωτός
3616 3882 3761 3934 ἐστιν

2186 3972 2216 4024 ὁ
2243 3970 2500 4043 Χριστὸς,
2533 3972 2592 4024 ὲν
2625 3965 2669 4040 ᾧ
2699 3970 2780 4024 δεῖ
2819 3972 3027 4037 πάντας
3060 3974 3189 4037 τοὺς
3219 3973 3370 4044 αὐτῷ
3409 3970 3764 4026 πεπιστευκό-

2190 4079 2311 4128 τας,
2337 4063 2428 4118 διά
2455 4064 2556 4134 τῆς
2583 4063 2692 4119 τῶν
2722 4064 2934 4136 ἀρετῶν
2957 4064 3374 4136 εὐσχημοσύνης
3402 4062 3580 4129 καλῶς
3612 4061 3760 4116 πολι-

570 4312 832 4386 "lReg.
867 4330 957 4380 xv,
990 4315 1080 4370 σε.
1158 4291 1687 4380 “Psal.cxvu,24.
1765 4314 1811 4347 σε
1845 4313 2006 4369 Rom.
2031 4329 2150 4379 xm,
2183 4313 2271 4368 ιδ.

504 4547 625 4599 qua:
647 4531 872 4601 eclipsis
899 4531 1104 4589 Graecis
1149 4531 1444 4588 familiaris
1467 4541 1555 4589 est
1588 4549 1602 4587 :
1644 4533 1740 4588 sed
1784 4530 2082 4588 difﬁcultas

503 4610 590 4672 est
619 4601 945 4671 explicanda
983 4618 1120 4658 voce
1147 4603 1418 4672 σπαίρων,
1453 4612 1511 4657 et
1541 4603 1927 4672 componendo
1972 4601 2084 4657 Ma-

2189 4530 2874 4605 signiﬁcareinconditum
2897 4529 3200 4605 quemdam
3251 4531 3593 4605 motu_m._t'ug
3632 4535 3764 4603 ὁρῶ·

2193 4600 2292 4673 μέν
2323 4604 2380 4656 ὲν
2413 4601 2608 4672 ἰχθύσι,
2637 4600 2850 4670 qualem
2881 4600 2990 4672 fere
3023 4602 3257 4673 videmus
3285 4605 3340 4657 in
3355 4603 3580 4672 piscibus
3603 4641 3617 4667 ,
3649 4600 3760 4658 tum

504 4671 926 4754 ximi'etymum,
957 4689 1084 4754 cum
1117 4688 1198 4754 eo.
1218 4671 1392 4754 quod
1425 4673 1540 4742 ipse
1565 4671 1724 4754 sacer
1756 4681 1938 4754 textus
1986 4673 2086 4726 ha-
2120 4699 2162 4754 D
2191 4671 2461 4754 nimirum
2491 4686 2617 4726 cum
2638 4687 2714 4754 ex
2753 4687 2897 4741 aqua
2919 4672 3330 4754 extrahuntur,
3357 4671 3440 4753 et
3486 4673 3545 4726 in
3605 4689 3764 4754 suum

505 4741 620 4804 bet,
651 4740 825 4812 Exod.
882 4758 942 4807 ιι,
1005 4743 1091 4808 10,
1144 4740 1253 4797 ubi
1288 4740 1514 4803 dicitur,
1557 4742 1626 4795 Et
1666 4745 1869 4797 vocavit
1896 4759 2086 4796 nomen
2120 4740 2159 4754 ⁵’
2190 4744 2530 4799 elementum
2567 4741 2783 4812 resilire
2807 4740 3172 4797 contendunt.
3205 4742 3424 4812 Alioqui
3466 4757 3578 4796 non
3615 4743 3767 4798 vide-

507 4816 620 4881 ejus
657 4811 1068 4894 Illose,
1092 4823 1140 4867 et
1196 4812 1349 4894 dixit,
1406 4813 1530 4894 quia
1588 4812 1846 4894 denaqua
1879 4814 2092 4894 {retraxi

511 4897 649 4944 eum,
677 4891 802 4941 τπυ
840 4892 963 4941 wn.
1005 4882 1089 4937 Ab
1148 4893 1356 4938 eventu
1411 4881 1829 4953 itaquedictus
1884 4883 2086 4948 Moses,

506 4953 665 5019 quasi
693 4968 759 5006 ex
789 4968 929 5022 aqua
963 4963 1345 5018 extractus,ct
1383 4964 1446 5008 ut
1491 4952 1634 5023 grati
1663 4953 1836 5007 animi
1879 4968 2084 5007 monu-

507 5031 718 5092 mento,
761 5025 928 5077 etiam
983 5025 1209 5079 nomine
1247 5025 1582 5080 beneﬁcium
1637 5023 1903 5077 continue
1953 5037 2087 5092 pro-

508 5090 688 5148 deret.
722 5093 910 5147 Voluit
938 5095 1079 5150 forte
1124 5095 1410 5159 Maximus,
1469 5095 1585 5150 sive
1642 5093 1737 5164 qui
1787 5093 1873 5164 illi
1920 5090 2088 5164 hujus

505 5164 673 5233 etymi
709 5172 902 5218 auctor
929 5165 1053 5230 fuit,
1088 5169 1157 5221 ad
1190 5165 1536 5221 Homericam
1589 5163 1782 5219 voCem
1813 5163 2086 5230 alludere,

508 5248 614 5320 qua
644 5249 777 5320 usus
811 5243 895 5316 est
923 5236 982 5290 in
1013 5236 1175 5320 bove,
1216 5236 1311 5320 qui
1355 5236 1655 5320 renitentia
1680 5233 1942 5320 quadarn
1969 5241 2088 5315 tra-

511 5308 694 5376 {.atur,
719 5312 781 5376 ut
812 5305 893 5376 sic
923 5308 1082 5376 quasi
1122 5304 1509 5362 obnitentibus
1567 5305 1825 5360 ﬂuctibus
1878 5312 1939 5376 et
1967 5304 2088 5374 ipso

516 5372 568 5456 in
597 5372 802 5456 fiscella
824 5372 1327 5456 illis—obsequente,
1354 5387 1410 5431 et
1438 5376 1590 5456 dum.
1609 5376 1827 5456 illorum
1875 5372 2086 5456 impetu

514 5443 781 5506 trahitur,
835 5443 1179 5516 signiﬁcetur
1213 5447 1394 5502 Moses
1435 5446 1593 5515 quasi
1630 5447 1840 5516 majore
1877 5445 1930 5498 vi
1957 5443 2086 5516 inde

518 5522 811 5586 extractus.
832 5513 926 5586 _lta
955 5516 1126 5573 refert
1159 5518 1344 5571 Variu.
1379 5513 1519 5586 Ὀῥα
1549 5517 1607 5569 δὲ
1633 5513 1806 5586 ὅτιτὸ
1834 5514 2087 5586 σπαίρειν

515 5583 608 5633 ἐπὶ
645 5582 764 5656 βοὸς
802 5579 928 5656 εἷπε
972 5586 1262 5655 σπωμένου
1294 5579 1563 5656 Ὅμηρος,
1593 5585 1688 5639 καὶ
1726 5585 1840 5656 οὐκί
1877 5579 2087 5656 ὲθᾼέλοντ

512 5666 604 5712 τος
655 5653 885 5723 ἕπεσθαι
941 5657 1056 5719 τοῖς
1102 5652 1318 5723 ἄγουσι.
1371 5652 1563 5709 ”1λίἀδ.
1627 5671 1683 5722 γ.
1738 5655 1863 5709 295.
1916 5652 2083 5718 Quasi

513 5722 836 5790 metaphora
867 5723 938 5778 ab
965 5724 1074 5780 illis
1096 5722 1216 5794 qua:
1250 5725 1814 5796 palpitant,motuquc
1841 5739 1905 5778 ac
1932 5733 2085 5792 gestu

514 5800 707 5846 contra
754 5803 989 5850 mortem
1040 5796 1194 5850 velut
1251 5794 1655 5850 obluctantum.
1721 5794 1813 5849 Ait
1863 5809 2083 5862 quoque

2195 4822 2285 4869 tur
2314 4812 2552 4882 ἄμουσος
2575 4811 2822 4882 piscium,
2845 4812 2901 4865 in
2936 4813 3093 4882 aquis
3124 4821 3328 4877 motus,
3352 4811 3448 4867 sed
3484 4813 3603 4880 ipse
3636 4813 3767 4881 satis

2193 4881 2555 4952 compOsitus,
2589 4889 2679 4952 et
2734 4881 2827 4952 qui
2861 4897 2924 4936 ea
2969 4882 3372 4952 compositione
3420 4885 3763 4938 terrestrium

2196 4951 2521 5008 animalium
2545 4951 2685 5006 nihil
2709 4951 3216 5015 cedatmotui,'sed
3260 4952 3374 5007 fere
3399 4953 3606 5018 vincat,
3653 4954 3767 5008 sive

2201 5023 2516 5086 subsiliunt,
2555 5021 2672 5076 sive
2710 5023 2868 5092 aquis
2895 5021 3086 5084 tidant,
3115 5023 3230 5092 sive
3258 5022 3424 5077 etiam
3458 5022 3622 5092 longo
3657 5034 3768 5078 tra-

2194 5095 2352 5160 mite,
2403 5093 2489 5148 vel
2545 5091 2842 5162 gregatim,
2893 5093 2978 5146 vel
3015 5091 3348 5162 Asingulares
3413 5091 3590 5146 maria
3658 5094 3769 5146 sul-

2194 5173 2322 5221 cent
2349 5170 2406 5217 et
2437 5160 2793 5232 adnavigent,
2827 5171 2890 5217 ut
2945 5160 3030 5218 sui
3052 5160 3267 5232 copiam
3290 5163 3508 5218 cunctis
3530 5163 3765 5218 subinde

2233 5243 2475 5289 rsestent.

2194 5251 2475 5306 praesnent.

2268 5305 2336 5374 (ρ)
2375 5304 2525 5358 Θεοῦ
2556 5305 2822 5374 ποίησις.
2857 5301 3042 5359 Voluit
3086 5301 3229 5358 forte
3281 5303 3374 5373 qui
3416 5308 3615 5357 auctor
3654 5301 3766 5374 Ma:-

2192 5371 2374 5430 ximUS
2397 5375 2563 5445 etymi
2593 5371 2696 5431 fuit
2719 5371 2962 5432 scribere
2988 5374 3202 5442 κτῆσις,
3244 5371 3396 5443 quasi
3435 5389 3463 5427 a
3487 5379 3566 5436 nt,
3605 5371 3764 5445 quod

2194 5461 2370 5500 unum
2426 5441 2513 5499 est
2548 5445 2973 5522 ex‘nominihus
3036 5441 3154 5522 Rei,
3215 5441 3401 5522 (δίζω,
3465 5441 3765 5522 quod-est

2194 5531 2374 5587 pecus,
2406 5516 2647 5587 et_quasi
2691 5514 2991 5587 possessio.
3017 5515 3174 5587 ANam
3213 5514 3508 5587 et._Grtecis
3561 5514 3767 5587 urive;

2192 5581 2277 5640 est
2310 5599 2340 5637 a
2387 5581 2626 5654 κτῶμαι.
2668 5581 2764 5640 Vel
2799 5586 2963 5650 forte,
3017 5584 3418 5640 heemanticum
3459 5581 3768 5654 exsistatet

2191 5651 2550 5709 formativum
2571 5657 2812 5710 nominis
2848 5655 3078 5725 proprii,
3111 5655 3270 5723 quasi
3303 5670 3334 5707 a
3375 5663 3483 5725 τω,
3509 5651 3656 5725 quod
3685 5658 3762 5705 est

2193 5741 2404 5796 munus.
2437 5725 2535 5796 vel
2566 5725 2805 5796 denique
2838 5723 2869 5780 εἰ
2897 5723 3045 5793 wh”,
3080 5725 3237 5796 quasi
3271 5741 3429 5779 senex.
3451 5723 3763 5793 decrepitus,

2194 5803 2288 5856 νων
2324 5795 2434 5850 Isai
2455 5795 2636 5852 dictus
2667 5797 2756 5853 sit.
2944 5803 2951 5810 '
