4154 6322
361 359 464 420 τις)
1413 335 1906 428 ρυέεεΤΙοΝΕε

2029 354 2045 405 )
2084 351 2592 419 THALASSIUM.

3515 369 3628 431 ’ΠΟ

355 474 631 532 τεύεσθαι.
663 466 833 538 Οὗτος
857 473 966 545 γάρ
997 475 1143 526 ἐστιν
1167 475 1196 526 6
1227 471 1605 541 πεποιημένος
1641 471 1770 525 ἀνευ
1804 481 1927 518 σπο-

2037 462 2247 535 absque
2276 470 2388 523 ullo
2411 473 2622 528 semine
2646 472 2823 530 factus
2851 490 2915 530 ac
2945 476 3202 534 conditus
3227 486 3312 534 est
3331 519 3344 544 ,
3401 479 3583 534 innov.
3604 508 3635 523 ~

357 571 461 641 ρᾶς
495 569 601 621 ὑπὸ
623 567 762 620 Θεοῦ
800 566 960 637 μόνος
986 566 1046 619 τὸ
1100 565 1242 619 κατὰ
1270 564 1472 635 σάρκα,
1520 563 1617 622 καὶ
1648 561 1759 614 τῶν
1793 560 1934 614 κατὰ

357 661 519 730 φύσιν
549 659 766 730 θεσμῶν
815 659 1223 728 καινοτομήσας
1255 658 1384 720 τοὺς
1418 656 1636 726 νόμους,
1667 654 1766 706 καὶ
1794 651 1937 706 κατὰ

357 754 650 826 πρόσωπον
687 752 904 806 πάντων
932 751 1042 804 τῶν
1076 749 1222 804 λαῶν
1249 748 1675 820 ἡτοιμασμένος,
1698 747 1794 799 καὶ
1821 744 1937 814 φῶς

356 849 437 908 είς
465 843 814 913 ἀποκάλυψιν
849 843 1022 898 ἐθνῶν
1059 843 1154 897 καὶ
1185 842 1345 908 δόξαν
1374 841 1509 894 λαοῦ
1547 840 1788 911 Ἰσραήλ.
1816 837 1935 901 Φῶς

355 935 466 1007 γάρ
506 937 658 988 ἐστιν
687 932 907 1004 ἀληθῶς
936 931 1110 987 ἐθνῶν
1138 933 1167 985 6
1204 930 1411 1001 Κύριος
1439 928 1600 999 ἡμῶν
1629 925 1763 998 (60),
1806 926 1938 980 ἀπο-

352 1027 647 1082 καλύπτων
677 1027 884 1090 αύτοῖς,
911 1025 1000 1078 διά
1024 1024 1126 1094 τῆς
1150 1021 1384 1092 ἀληθοῦς
1410 1019 1781 1088 ἐπιγνώσεως,
1805 1016 1935 1082 τους

351 1119 432 1190 τῷ
469 1117 620 1187 ζόφῳ
647 1117 746 1188 τῆς
776 1115 1000 1185 ἀγνοίας
1038 1113 1454 1184 ἐπιμεμυκότας
1489 1109 1805 1180 ὀφθαλμοὺς
1835 1108 1935 1177 τῆς

354 1213 627 1276 διανοίαςο
661 1212 755 1266 καὶ
804 1211 959 1274 θείας
1006 1209 1229 1278 ἀγωγῆς
1260 1206 1424 1260 πάλιν
1471 1204 1662 1259 ἑαυτὸν
1713 1201 1935 1272 ἑτοιμάρ

355 1325 456 1370 σας
489 1306 601 1377 (6i)
631 1308 745 1368 τοῖς
771 1305 982 1366 πιστοῖς
1013 1303 1162 1364 λαοῖς
1191 1298 1396 1368 ἀγαθὸν
1427 1299 1626 1369 ἀρετῆς
1656 1296 1933 1366 ἐξεμπλά-

358 1417 472 1471 ριον
495 1417 508 1437 ο
540 1399 833 1472 προσώπου
863 1397 956 1451 τοῦ
987 1395 1107 1450 κατ’
1136 1394 1337 1466 ἀρετὴν
1367 1390 1729 1463 ὑπογραμμδς
1749 1390 1936 1453 αὐτοῖς

351 1494 647 1564 γενόμενος
672 1491 770 1546 καὶ
798 1489 1153 1551 ὑποτύπωσις
1177 1508 1190 1520 ο
1220 1489 1360 1557 πρὸς
1392 1484 1451 1538 ὃν
1491 1483 1824 1554 ἀφορῶντες,
1859 1481 1935 1546 ὡς

352 1585 598 1657 ἀρχηγὸν
617 1585 720 1655 τῆς
774 1583 1048 1654 σωτηρίας
1079 1580 1258 1654 ἡμῶν,
1302 1577 1403 1642 τὰς
1425 1578 1628 1648 ἀρετάς
1673 1575 1813 1630 κατὰ
1848 1575 1935 1646 μι-

354 1695 544 1749 μησιν,
573 1677 648 1739 ὡς
675 1677 807 1747 ἡμῖν
836 1677 951 1727 ἐστι
993 1674 1220 1726 δυνατὸν
1239 1711 1254 1738 ,
1288 1670 1666 1742 κατορθοῦμεν
1710 1669 1800 1723 διά
1835 1667 1933 1738 τῆς

350 1767 629 1840 πράξεως.
675 1767 837 1820 Ἀλλά
865 1765 962 1819 καὶ
997 1764 1125 1830 δόξα
1151 1763 1282 1820 λαοῦ
1329 1763 1550 1836 Ἰσραὴλ
1583 1763 1746 1826 αὐτός
1785 1763 1932 1815 ἐστιν

349 1863 380 1916 6
408 1860 541 1924 Θεὸς
569 1847 666 1913 καὶ
719 1860 892 1928 Λόγος
929 1858 1066 1930 (62),
1117 1858 1194 1923 ὡς
1240 1858 1320 1930 τῷ
1350 1857 1480 1930 θείῳ
1530 1857 1631 1927 τῆς
1677 1855 1932 1926 γνώσεως

352 1951 494 2022 φωτὶ
523 1951 612 2006 διὰ
643 1951 744 2021 τῆς
783 1949 1054 2022 μυστικῆς
1085 1948 1322 2020 Θεωρίας
1360 1946 1813 2019 καταφαιδρύνων
1839 1946 1932 2000 τὸν

349 2042 498 2096 νοῦν.
534 2041 606 2095 Ἢ
636 2040 798 2112 τυχὸν
825 2039 988 2104 λαούς
1022 2057 1188 2111 φησιν
1211 2041 1240 2092 6
1267 2038 1426 2109 λόγος
1459 2037 1594 2110 (85),
1625 2037 1754 2102 τοὺς
1791 2038 1933 2092 κατά

351 2136 518 2208 φύσιν
541 2134 733 2206 λόγους
754 2151 770 2167 ο
805 2132 1099 2206 πρόσωπον
1136 2133 1194 2186 δὲ
1229 2132 1456 2195 τούτων,
1499 2131 1599 2202 τὴν
1631 2130 1932 2185 ἄπταιστον

349 2231 531 2295 δόξαν,
566 2224 635 2301 ἧς
689 2228 1013 2300 ἐτοιμασία,
1069 2225 1185 2296 φῶς
1230 2225 1370 2299 πρὸς
1413 2225 1712 2293 ἐπίγνωσιν
1769 2223 1932 2287 αὐτὸς

353 2320 694 2390 καθέστηκεν
723 2321 749 2373 6
777 2319 970 2387 Λόγος,
1003 2317 1080 2382 ῶς
1120 2317 1347 2388 κτίστης
1381 2318 1479 2386 τῆς
1508 2314 1722 2386 φύσεως
1745 2331 1760 2345 ·
1801 2314 1930 2385 ἔθνη

350 2411 430 2477 δὲ,
477 2411 547 2464 τά
605 2408 761 2482 παρὰ
814 2408 978 2480 φύσιν
1028 2407 1175 2478 πάθη
1212 2405 1346 2477 (64),
1383 2406 1527 2476 ἀπερ
1555 2405 1929 2459 ἀποκαλύπτει

350 2503 706 2566 λανθάνοντα,
727 2501 843 2572 φῶς
868 2499 1208 2573 δωρούμενος
1237 2498 1512 2569 γνώσεως,
1536 2497 1630 2552 καὶ
1651 2496 1930 2562 παντελῶς

351 2597 634 2663 ἐξωθεῖται
666 2596 767 2665 τῆς
801 2595 1037 2663 φύσεως.
1073 2592 1212 2660 Δόξα
1243 2591 1300 2646 δὲ
1328 2592 1534 2660 γίνεται
1573 2589 1668 2644 τοῦ
1712 2589 1930 2661 Ἰσραὴλ

350 2693 378 2745 6
409 2689 579 2758 Λόγος
607 2687 741 2758 (65),
762 2687 837 2750 ὡς
861 2685 972 2739 τῶν
1014 2687 1165 2757 παρά
1199 2684 1362 2756 φύσιν
1394 2682 1584 2736 παθῶν
1623 2680 1928 2736 ἀποκαθαί-

354 2801 465 2855 ρων
511 2781 603 2835 τὸν
633 2780 777 2844 νοῦν,
814 2779 1044 2842 καὶτοῖς
1093 2777 1234 2832 κατά
1271 2775 1433 2847 φύσιν
1469 2775 1652 2845 λόγοις
1689 2791 1928 2829 κατακο-

355 2874 512 2945 σμῶν
531 2891 545 2905 ο
578 2873 715 2944 πρὸς
742 2871 819 2936 δὲ,
843 2870 940 2925 καὶ
964 2868 1041 2940 τῷ
1070 2869 1362 2940 διαδήματι
1383 2867 1486 2939 τῆς
1509 2867 1650 2922 κατά
1672 2867 1772 2938 τὴν
1793 2866 1928 2920 θέω-

359 2985 445 3022 σιν
475 2966 732 3038 ἀτρεψίας
774 2963 1136 3033 ἐπισφίγγων.
1171 2963 1307 3027 Δόξα
1336 2962 1446 3034 γὰρ
1485 2959 1706 3034 ἀληθῶς
1746 2961 1927 3030 ὑπάρ-

352 3077 440 3134 χει
486 3057 583 3113 τοῦ
645 3057 1029 3130 Ἰσραὴλ,ἥτε
1058 3055 1170 3108 τῶν
1214 3055 1370 3128 παρά
1421 3054 1585 3125 φύσιν
1635 3053 1927 3126 ἀπαλλαγὴ

2039 560 2226 630 vitque
2258 565 2530 620 naturalis
2565 582 2630 620 ac
2656 570 2906 624 consueti
2939 578 3130 641 partus
3176 572 3357 642 leges;
3411 583 3636 643 paratus

2036 653 2247 709 scilicet
2274 664 2401 711 ante
2427 656 2623 713 faciem
2655 661 2903 716 omnium
2928 664 3262 732 populorum
3282 705 3297 730 ,
3334 664 3634 734 lumenque

2039 745 2109 799 ad
2133 746 2526 802 revelationem
2553 750 2821 820 gentium,
2871 761 2927 807 et
2955 753 3185 824 gloriam
3216 756 3394 825 plebis
3415 756 3633 810 Israeli-

2036 837 2238 892 ticae".
2280 839 2484 898 Verum
2513 843 2719 898 etenim
2761 845 3006 915 gentium
3037 846 3225 900 lumen
3247 855 3332 901 est
3364 847 3634 901 Dominus

2035 941 2226 984 noster
2241 970 2255 995 ,
2279 931 2373 1001 qui
2398 933 2721 1006 ignorantiae
2738 937 2972 1008 caligine
2988 937 3204 993 clausos
3221 940 3422 993 mentis
3441 941 3633 994 oculos

2036 1036 2167 1075 vere
2199 1021 2254 1075 in
2277 1023 2360 1078 eis
2386 1025 2686 1096 agnitionis
2710 1028 2833 1083 luce
2864 1029 3115 1100 deterget
3146 1045 3209 1084 ac
3232 1031 3478 1099 aperiat;
3510 1047 3633 1085 rur—

2035 1129 2242 1183 susque
2271 1116 2437 1171 etiam
2465 1118 2666 1174 divinae
2690 1121 2999 1191 disciplina:
3033 1123 3150 1191 ipse
3174 1138 3232 1177 se
3256 1123 3515 1177 ﬁdelibus
3535 1140 3634 1192 po-

2035 1207 2182 1275 pulis
2203 1207 2438 1275 probum
2461 1249 2475 1273 ,
2530 1210 2752 1265 virtutis
2773 1213 3152 1275 aemulatione,
3206 1213 3422 1282 paravit
3442 1229 3630 1267 exem-

2035 1299 2186 1367 plum
2217 1317 2228 1352 :
2253 1299 2416 1354 faciei
2436 1301 2648 1355 scilicet
2669 1291 2892 1357 virtutis
2915 1303 3038 1358 luce
3061 1304 3328 1359 radiantis
3351 1305 3633 1374 exemplar

2033 1392 2336 1457 exsistens,
2376 1393 2430 1447 in
2457 1408 2623 1463 quem
2650 1404 3000 1461 contuentes,
3031 1396 3184 1450 velut
3209 1406 3410 1452 nostrae
3434 1405 3629 1452 aucto-

2034 1497 2152 1538 rem
2178 1484 2372 1538 salutis
2399 1499 2462 1539 ac
2491 1484 2688 1539 ducem
2713 1527 2728 1551 ,
2787 1485 3024 1540 actionis
3049 1487 3224 1552 cultu,
3259 1488 3440 1557 quoad
3468 1488 3631 1543 nobis

2028 1588 2360 1631 concessum
2385 1585 2488 1642 est,
2523 1577 2644 1648 ejus
2669 1577 2980 1633 imitatione
3016 1578 3195 1633 seduli
3219 1580 3456 1634 virtutes
3486 1595 3628 1649 prae-

2035 1677 2265 1724 stamus.
2303 1667 2410 1722 Sed
2439 1674 2494 1722 et
2519 1669 2693 1739 gloria
2720 1670 2910 1740 populi
2935 1669 3221 1725 lsraelitici
3253 1669 3369 1740 ipse
3396 1671 3542 1726 Deus
3566 1686 3630 1726 ac

2037 1759 2232 1815 Sermo
2263 1768 2379 1826 est,
2445 1761 2599 1815 velut
2625 1761 2837 1816 scilicet
2870 1761 2964 1832 qui
2993 1761 3183 1817 divina
3209 1761 3456 1818 scientiae
3481 1763 3626 1829 luce,

2033 1866 2135 1920 per
2176 1852 2464 1923 mysticam
2503 1854 3051 1924 contemplationem,
3088 1863 3331 1910 mentem
3366 1855 3625 1912 illustret.

2033 1941 2142 1996 Aut
2170 1941 2312 1997 forte
2356 1944 2589 2013 populos
2621 1953 2784 2000 vocat
2819 1945 3107 2017 Scriptura
3143 1948 3426 2003 naturales
3455 1948 3628 2010 ratio-

2032 2050 2132 2089 nes
2168 2052 2182 2088 :
2218 2034 2414 2089 harum
2442 2044 2626 2090 autem
2654 2036 2874 2102 faciem,
2906 2037 3234 2094 inoffensam
3256 2040 3517 2110 omnique
3539 2057 3630 2096 er-

2033 2143 2160 2183 rore
2177 2136 2462 2182 vacantem
2489 2128 2829 2196 claritatem;
2862 2131 3022 2202 cujus
3047 2133 3381 2202 praeparatio
3411 2134 3623 2206 (lumen

2033 2218 2248 2274 scilicet
2294 2219 2631 2290 agnitionis)
2692 2221 2838 2291 ipse,
2897 2223 3051 2278 velut
3094 2235 3308 2281 naturae
3345 2226 3622 2293 conditor,

2031 2308 2227 2364 Sermo
2254 2310 2492 2365 exsistit.
2550 2309 2755 2367 Gentes
2775 2319 2984 2379 autem,
3021 2329 3051 2367 a
3080 2323 3295 2371 natura:
3315 2316 3627 2372 rationibus

2031 2400 2398 2458 abhorrentes
2423 2401 2676 2464 affectus.
2713 2419 2852 2474 quos
2881 2404 3119 2460 latentes
3148 2407 3378 2478 detegit,
3411 2408 3626 2464 donans

2031 2493 2278 2549 scientiae
2303 2494 2448 2558 luce,
2473 2510 2537 2550 ac
2558 2510 2626 2550 ex
2649 2505 2848 2550 natura
2869 2513 3098 2567 prorsus
3120 2499 3394 2571 proﬂigat.
3422 2502 3508 2556 Fit
3527 2518 3626 2557 au—

2032 2593 2145 2640 tem
2177 2585 2372 2640 Sermo
2405 2585 2628 2641 lsraelis
2659 2588 2832 2657 gloria
2863 2598 3028 2659 atque
3056 2591 3297 2655 claritas,
3334 2594 3480 2662 quod
3511 2595 3623 2649 sci-

2029 2676 2160 2731 licet
2196 2677 2266 2731 ab
2307 2677 2714 2732 innaturalibus
2742 2679 2988 2734 animum
3014 2681 3310 2737 affectibus
3333 2686 3620 2751 emundct,

2030 2794 2208 2849 exque
2246 2787 2445 2834 natura
2486 2779 2817 2850 comparatis
2845 2780 3158 2838 rationibus
3214 2795 3499 2853 perornet.
3539 2788 3621 2842 Ad

2029 2869 2150 2926 haec
2167 2886 2300 2926 vero
2322 2871 2487 2926 etiam
2510 2913 2524 2937 ,
2587 2871 2736 2940 quod
2765 2871 3068 2928 immobilis
3104 2887 3372 2946 arrogatm
3398 2877 3622 2934 deitatis

2030 2961 2340 3016 diademate
2369 2961 2659 3032 astringat.
2693 2961 2834 3018 Vere
2855 2965 3060 3020 etenim
3086 2965 3305 3022 lsraelis
3322 2968 3493 3037 gloria
3511 2975 3617 3032 est,

2031 3061 2148 3108 tum
2171 3053 2240 3109 ab
2263 3053 2668 3109 innaturalibus
2689 3053 2982 3111 affectibus
2999 3058 3236 3125 absolvi,
3263 3067 3375 3114 tum
3395 3068 3620 3122 natura-

351 3149 563 3215 παθῶν,
596 3149 692 3204 καὶ
716 3146 826 3202 τῶν
859 3147 1001 3203 κατὰ
1034 3146 1195 3216 φύσιν
1228 3147 1403 3216 λόγων
1436 3143 1796 3216 κατόρθωσις,
1831 3145 1924 3198 καὶ

2029 3145 2107 3200 les
2134 3146 2413 3216 complere
2439 3146 2704 3213 rationes,
2735 3155 2849 3202 tum
2873 3148 3113 3218 denique
3135 3149 3301 3217 bona,
3324 3165 3445 3220 quae
3463 3158 3620 3206 natu-

346 3241 458 3297 τῶν
498 3240 641 3312 ὑπὲρ
690 3239 852 3309 φύσιν
897 3240 1187 3310 ἐπίκτησις
1235 3237 1472 3307 ἀγαθῶν.
1513 3239 1577 3291 '0
1616 3237 1804 3291 τοῦτον
1833 3237 1924 3290 τὸν

349 3335 540 3405 νοητὸν
573 3332 738 3388 Δαόὶδ
768 3331 1218 3404 προσδεχόμενος,
1276 3332 1378 3386 κᾶν
1406 3330 1667 3399 φθονῆται
1690 3330 1794 3382 ὑπὸ
1831 3330 1924 3382 τοῦ

349 3424 544 3491 Σαοὺλ,
575 3425 692 3480 ἀλλ’
721 3425 820 3497 οὐχ
848 3425 1129 3480 ἁλίσκεται
1147 3441 1162 3456 ο
1189 3423 1326 3477 ἀλλά
1357 3423 1452 3478 καὶ
1479 3423 1810 3490 τούναντίον,
1837 3423 1926 3477 διὰ

349 3517 550 3591 πολλὴν
605 3515 1020 3591 φιλανθρωπίαν
1058 3515 1134 3582 ὡς
1171 3515 1423 3588 ἀπαθὴς,
1462 3515 1557 3570 καὶ
1599 3515 1925 3586 μισούμενος

350 3609 644 3682 θεραπεύει
696 3612 764 3682 τῇ
815 3609 1015 3680 κιθάρᾳ
1048 3607 1142 3661 τοῦ
1199 3608 1542 3678 πνεύματος,
1589 3609 1679 3663 τὸν
1731 3607 1924 3679 ἐχθρὸν

349 3697 576 3772 πονηρῷ
621 3698 1094 3769 καταπνιγόμενον
1139 3698 1439 3770 πνεύματιο
1491 3698 1586 3754 καὶ
1641 3701 1786 3752 ποιεῖ
1820 3697 1924 3751 σώ-

349 3810 545 3865 φρονα,
573 3791 717 3845 λύων
739 3790 925 3856 αὑτὸν,
953 3790 1205 3862 καθάπερ
1234 3791 1495 3862 δαίμονος
1529 3791 1789 3863 πονηροῦ,
1824 3791 1925 3870 τῆς

347 3884 524 3956 κακῆς
556 3883 652 3937 τοῦ
685 3884 870 3954 χοϊκοῦ
917 3884 1272 3956 φρονήματος
1318 3881 1632 3952 ἐπιληψίας.
1667 3884 1782 3947 Πᾶς
1815 3883 1924 3955 γὰρ

348 3975 440 4030 διὰ
475 3974 671 4046 φθόνον
709 3975 904 4046 μισῶν,
938 3976 1034 4028 καὶ
1073 3974 1261 4039 κακῶς
1293 3973 1627 4046 διαθρυλλῶν
1653 3977 1776 4038 ταῖς
1805 3973 1923 4027 δια-

345 4067 534 4132 6ολαῖς
561 4066 652 4121 τὸν
679 4069 736 4121 ἐν
769 4069 880 4131 τοῖς
927 4065 1104 4135 ἀγῶσι
1135 4066 1242 4120 τῶν
1271 4067 1507 4139 ἀρετῶν,
1541 4066 1632 4120 καὶ
1661 4069 1728 4138 τῇ
1769 4083 1926 4137 περι-

345 4161 504 4236 ουσίᾳ
535 4159 632 4215 τοῦ
660 4159 817 4229 λόγου
849 4161 949 4232 τῆς
990 4160 1371 4232 πνευματικῆς
1400 4141 1656 4229 γνώσεως
1688 4159 1927 4214 δυνατὼ-

343 4269 524 4328 τερον,
540 4251 713 4308 Σαούλ
733 4253 849 4306 ἐστι
882 4251 1108 4324 πονηρῷ
1131 4252 1604 4322 καταπνιγόμενος
1628 4250 1919 4322 πνεύματι,

345 4341 424 4414 μὴ
453 4341 634 4412 φέρων
662 4342 724 4396 τὸ
753 4341 913 4407 κλέος
933 4343 1032 4412 τῆς
1055 4343 1176 4396 κατ’
1213 4341 1414 4412 ἀρετὴν
1470 4341 1566 4394 καὶ
1595 4339 1798 4409 γνῶσιν
1829 4341 1922 4394 εὐ-

340 4435 623 4505 δαιμονίας
648 4434 742 4491 τοῦ
777 4435 1088 4508 κρείττονος
1113 4454 1126 4466 °
1155 4435 1251 4490 καὶ
1279 4435 1369 4490 διὰ
1399 4433 1558 4488 τοῦτο
1599 4434 1761 4490 πλέον
1793 4453 1919 4506 μαι-

338 4529 587 4599 νόμενος,
619 4529 701 4584 ὅτι
745 4528 821 4600 μὴ
846 4529 1075 4584 δύναται
1121 4527 1212 4582 τὸν
1247 4527 1545 4600 εὐεργέτην
1585 4529 1919 4600 διαχειρίσα-

339 4623 487 4678 σθαι.
529 4622 798 4686 Πολλάκις
842 4622 898 4676 δὲ
933 4622 1026 4676 xui
1078 4621 1240 4676 αὐτὸν
1280 4621 1665 4692 ἀποπέμπεται
1708 4621 1920 4693 πικρῶς

339 4714 432 4768 τὸν
459 4711 716 4782 φίλτατον
744 4713 1000 4768 Ἰωνάθαν
1020 4728 1035 4742 ·
1066 4710 1158 4764 τόν
1185 4711 1426 4782 ἔμφυτον
1461 4711 1606 4781 λέγω
1630 4713 1767 4766 κατὰ
1791 4729 1919 4766 συν-

338 4805 548 4875 είδησιν
585 4803 882 4874 λογισμὸν,
911 4804 1002 4858 τὸν
1044 4803 1226 4856 ἄδικον
1275 4805 1432 4872 μῖσος
1473 4803 1783 4875 ἐλέγχοντα,
1822 4805 1915 4858 καὶ

337 4895 436 4950 τοῦ
480 4895 810 4966 μισουμένου
840 4895 1151 4967 φιλαλήθως
1197 4895 1581 4967 ἀφηγούμενον
1613 4897 1684 4952 τὰ
1723 4913 1924 4967 κατορ-

339 4987 592 5056 θώματα,
628 4987 772 5043 κατὰ
808 4987 900 5041 τὸν
931 4987 1100 5041 πάλαι
1129 4988 1224 5042 καὶ
1254 4987 1483 5056 μάταιον
1512 4987 1682 5050 ὅντως
1715 4987 1922 5041 Σαούλ·

341 5081 479 5151 πρὸς
524 5082 582 5134 ὃν
625 5099 756 5152 φησι
798 5081 1076 5153 Σαμουὴλ,
1107 5081 1182 5144 ῶς
1242 5080 1567 5152 παραϐάτην
1605 5081 1714 5135 τῶν
1763 5080 1922 5136 θείων

337 5173 602 5227 ἐντολῶνο
641 5174 1054 5243 Manut-altum!
1086 5188 1208 5235 σοι.
1255 5171 1344 5226 ὅτι
1379 5173 1643 5242 παρέϐης
1675 5172 1792 5239 τὴν
1821 5174 1920 5227 ἐν·

339 5266 528 5332 τολήν
549 5284 694 5334 μου,
720 5263 802 5332 ἣν
827 5265 1172 5320 ἐνετείλατό
1203 5280 1302 5319 σοι
1330 5267 1362 5318 ὁ
1415 5266 1578 5332 Θεός.
1620 5266 1812 5330 Σαοὺλ,
1843 5266 1917 5330 ὡς

339 5357 611 5429 προέφην,
637 5357 868 5428 ἐστὶν,ἢ
914 5360 943 5411 ό
984 5357 1230 5428 γραπτὸς
1275 5357 1514 5428 νόμος,ἢ
1555 5359 1582 5410 6
1629 5357 1772 5412 κατὰ
1825 5358 1917 5412 τὸν

339 5452 587 5522 γραπτὸν
633 5453 798 5522 νόμον
851 5451 1269 5522 πολιτευόμενος
1312 5450 1439 5514 λαὸς
1475 5451 1584 5504 τῶν
1626 5451 1913 5506 Ἰουδαίων.

350 5543 700 5615 ’Λμςοοτέρων
745 5544 855 5616 γὰρ
878 5542 1021 5598 οὕτω
1051 5542 1249 5614 χοῖκῶς
1282 5542 1532 5613 ἀλλήλοις
1571 5543 1916 5614 συμπεπλεγ-

341 5738 455 5873 xv?
477 5737 616 5862 Ere.
640 5754 700 5807 ιι,
736 5739 824 5798 51.
900 5742 945 5775 ⁸⁵
971 5741 994 5796 Ῑ
1019 5741 1152 5812 Βεθ-
1183 5759 1292 5810 ινιν
1330 5743 1431 5810 1δῖ
1474 5759 1624 5810 “m’
1657 5744 1709 5798 9‘

1817 5745 1906 5799 "l
1937 5744 2071 5814 Reg.
2099 5761 2192 5810 xx,
2233 5742 2301 5799 ὅθ
2362 5757 2518 5811 seqq.

2028 3252 2145 3292 ram
2197 3247 2500 3308 superant,
2548 3238 2800 3308 adipisci.
2869 3239 2973 3307 Qui
3005 3240 3310 3310 spiritalem
3340 3242 3490 3298 hunc
3511 3242 3618 3297 Da-

2024 3332 2207 3386 videm
2237 3331 2453 3401 recipit,
2484 3332 2586 3386 etsi
2615 3334 2670 3386 in
2695 3349 2820 3387 eum
2851 3332 3032 3388 Saulis
3057 3333 3369 3388 inardescat
3391 3333 3616 3397 invidia,

2026 3437 2138 3477 non
2184 3430 2368 3478 tamen
2419 3423 2638 3493 capitur
2705 3433 2871 3494 atquc
2913 3423 3202 3490 vincitur;
3269 3423 3432 3496 295
3485 3425 3620 3494 quin

2025 3529 2057 3568 c
2089 3521 2300 3578 contra,
2355 3529 2477 3584 quae
2505 3514 2626 3586 ejus
2651 3530 2865 3569 summa
2893 3515 3186 3570 clementia
3213 3525 3300 3570 est
3328 3531 3392 3570 ac
3420 3516 3618 3570 huma-

2025 3607 2194 3673 nitas,
2228 3606 2381 3662 velut
2414 3607 2884 3678 tranquillissima:
2915 3609 3138 3675 mentis,
3171 3608 3267 3679 qui
3295 3608 3459 3663 etiam
3491 3608 3619 3689 odio

2027 3698 2319 3764 habeatur,
2357 3699 2596 3769 Spiritus
2624 3699 2840 3756 cithara
2868 3700 3087 3756 hostem
3118 3709 3330 3755 recreat
3365 3715 3427 3754 ac
3451 3699 3623 3755 mole-

2026 3791 2130 3846 stia
2159 3792 2344 3856 levat,
2401 3805 2567 3862 quem
2598 3792 2830 3863 spiritus
2853 3808 3090 3863 nequam
3117 3791 3488 3862 opprimat";
3530 3809 3620 3847 sa-

2025 3897 2221 3951 meque
2244 3882 2448 3936 mentis
2473 3897 2600 3936 eum
2624 3881 2791 3939 etIicit
2809 3924 2825 3949 ,
2878 3883 3032 3937 velut
3063 3898 3094 3936 a
3117 3882 3388 3948 daemone,
3419 3897 3448 3936 a
3479 3883 3620 3937 mala

2027 3973 2233 4028 terreni
2261 3989 2479 4040 sensus,
2505 3975 2661 4044 quasi
2688 3975 2868 4030 morbi
2891 3973 3093 4030 sontici
3116 3974 3262 4038 labe,
3290 3975 3621 4044 prepensius

2024 4066 2288 4121 liberans.
2351 4065 2614 4136 Quisquis
2653 4066 2802 4122 enim
2861 4081 2974 4137 prae
3011 4065 3220 4121 invidia
3266 4065 3397 4121 odio
3425 4067 3615 4133 habet,

2026 4158 2280 4229 maleque
2325 4158 2548 4228 sugillat
2595 4173 2659 4214 ac
2691 4158 2937 4216 detrahit
2967 4159 3019 4213 ei
3052 4159 3170 4229 qui,
3199 4159 3469 4216 virtutum
3500 4175 3620 4216 cer.

2025 4251 2328 4308 taminibus
2351 4251 2535 4306 clarus
2560 4293 2575 4317 ,
2637 4250 2804 4306 etiam
2839 4249 3181 4305 abundantia
3211 4250 3484 4305 sermonis
3508 4251 3620 4321 spi-

2024 4344 2202 4399 ritalis
2233 4342 2481 4398 scientia:
2524 4341 2806 4412 potentior
2834 4348 2918 4396 est
2945 4381 2961 4406 ,
3023 4339 3152 4396 Saul
3177 4348 3282 4405 est,
3317 4355 3482 4411 quem
3509 4341 3621 4412 spi.

2024 4434 2166 4487 ritus
2187 4446 2429 4501 nequam
2452 4432 2748 4503 opprimat,
2785 4431 2908 4503 ejus
2933 4430 3029 4501 qui
3060 4433 3270 4502 majOre
3297 4431 3618 4501 pmstantia

2026 4523 2259 4578 excellat
2301 4521 2526 4576 virtutis
2551 4521 2722 4577 decus
2752 4537 2816 4576 ac
2839 4521 3085 4577 scientiae
3109 4522 3430 4577 felicitatem
3467 4521 3617 4577 ferre

2026 4629 2137 4668 non
2161 4613 2381 4679 valens;
2414 4611 2640 4682 haecque
2669 4612 2747 4666 illi
2770 4613 2912 4669 ratio
2943 4621 3005 4668 ut
3028 4613 3220 4684 majori
3245 4613 3622 4668 feraturinsa—

2025 4717 2137 4781 nia,
2194 4716 2342 4788 quod
2391 4733 2518 4772 eum
2572 4716 2881 4772 demerenti
2921 4732 3112 4772 necem
3158 4717 3459 4788 importare
3506 4734 3617 4772 non

2025 4820 2208 4882 potest
2223 4811 2288 4864 ³⁵.
2347 4809 2558 4881 Saepius
2590 4825 2722 4865 vero
2757 4809 2938 4880 ipsum
2973 4825 3193 4879 quoque
3228 4810 3614 4866 charissimum

2022 4904 2388 4960 Jonathanem
2436 4903 2692 4960 acerbius
2744 4903 3006 4973 repellit,
3045 4904 3351 4958 naturalem
3402 4903 3616 4957 scilicet

2023 4998 2377 5053 conscientia:
2398 4998 2700 5064 rationem;
2727 5012 2849 5065 quae
2868 4995 3129 5050 videlicet
3156 4996 3406 5064 iniquum
3425 4995 3613 5048 odium

2022 5085 2414 5157 reprehendat,
2453 5087 2683 5156 ejusque
2737 5085 2832 5154 qui
2867 5084 2994 5139 odio
3023 5084 3260 5138 habetur
3293 5085 3462 5138 animi
3489 5099 3616 5138 can-

2023 5180 2157 5233 dore
2189 5178 2433 5234 facinora
2467 5185 2631 5246 atque
2663 5177 2900 5230 virtutes
2927 5175 3230 5240 referat”;
3268 5175 3421 5229 velut
3449 5175 3612 5228 etiam

2022 5272 2114 5326 ille
2144 5271 2373 5325 demens
2405 5275 2674 5337 vetusque
2699 5266 2827 5322 Saul
2849 5308 2863 5333 ,
2917 5266 2985 5319 ad
3013 5280 3176 5336 quem
3213 5263 3433 5320 Samuel
3466 5264 3615 5318 velut

2025 5363 2213 5418 divina
2241 5369 2651 5429 transgressum
2675 5357 2932 5413 mandata
2955 5375 2967 5411 :
2987 5357 3181 5420 Stulte,
3210 5357 3410 5427 inquit,
3440 5358 3611 5426 egisti,

2026 5455 2114 5524 qui
2144 5462 2502 5520 transgressus
2526 5465 2577 5503 es
2611 5446 2923 5501 mandatum
2947 5463 3142 5510 meum,
3175 5447 3312 5517 quod
3343 5445 3614 5498 mandavit

2027 5546 2120 5600 tibi
2154 5543 2290 5597 Deus
2309 5542 2376 5596 9".
2417 5540 2570 5606 Saul,
2603 5539 2683 5595 uti
2714 5538 2771 5594 in
2797 5538 3182 5609 superioribus
3210 5537 3483 5602 dicebam,
3518 5545 3615 5592 aut

2615 5740 2661 5773 "
2688 5740 2706 5795 Ι
2738 5740 2870 5810 Reg.
2908 5755 3020 5804 lux,
3051 5739 3084 5794 5
3111 5755 3265 5810 seqq.
3343 5738 3389 5771 ⁸⁷
3419 5737 3440 5792 l
3471 5737 3609 5807 Reg.
