4154 6322
561 345 594 406 τ
607 340 626 403 i
1718 346 1778 404 S.
1819 344 2105 404 ΜΑΧΙΜΙ
2127 343 2653 405 ’(ΖΟΝῈΕΞΞΟΒΙΞ

3699 347 3802 409 772

527 459 616 515 lex
644 457 849 527 scripta
880 464 996 524 est,
1035 466 1149 521 aut,
1181 456 1275 525 qui
1307 471 1376 511 ex
1401 456 1538 528 legis
1562 457 1779 527 scripta:
1801 457 2112 512 rationibus

2221 457 2398 527 μένων
2464 459 2758 526 ἀφίσταται
2814 456 2874 508 τὸ
2926 452 3146 526 πνεῦμα
3206 454 3438 525 Κυρίου,
3481 456 3510 508 ὅ
3567 456 3717 510 ἐστιν
3767 461 3800 528 η

529 548 699 604 vitam
727 546 988 613 instituit,
1013 546 1278 622 Iudaicus
1301 547 1564 617 populus.
1589 547 1671 601 Ab
1691 547 1942 617 utrisque
1964 547 2117 602 enim

529 642 614 698 sic
661 650 884 695 terrene
936 639 1043 693 sibi
1087 646 1284 692 mutuo
1326 639 1582 709 implexis
1617 655 1682 694 ac
1710 639 2118 695 cohaerentibus

529 731 780 788 abscedit
827 729 1060 800 spiritus
1105 730 1324 784 Domini
1382 730 1692 802 (spiritalis
1723 731 1938 787 scilicet
1987 747 2116 802 spe-

531 824 739 879 culatio
788 831 845 877 et
891 822 1204 894 scientia),
1269 822 1593 893 invaditque
1626 822 1856 893 spiritus
1882 839 2118 893 nequam

533 915 754 987 (nempe
787 925 1043 972 terrenus
1069 912 1286 986 sensus)
1321 912 1536 968 crebris
1563 913 1851 979 nimirum,
1883 914 2120 984 aliisque

531 1009 668 1062 alias
699 1007 1108 1076 excipientibus
1127 1047 1142 1072 ,
1201 1021 1388 1061 rerum
1419 1013 1547 1060 ortu
1580 1006 1922 1075 interituque
1948 1007 2118 1061 alter-

535 1101 786 1154 nantium
813 1100 1225 1154 turbationibus
1239 1100 1468 1170 jugique
1487 1098 1781 1170 vertigine,
1805 1098 2123 1168 arreptitio-

536 1207 659 1244 rum
684 1207 837 1246 more
860 1233 874 1257 ,
929 1193 1101 1245 animi
1133 1192 1407 1246 rationum
1436 1191 1794 1246 instabilitate
1821 1189 2116 1246 sulfocans.

536 1282 674 1336 Tum
699 1282 848 1336 enim
893 1282 980 1336 lex
1013 1291 1231 1337 terrene
1252 1322 1268 1346 ,
1323 1298 1389 1336 ex
1418 1283 1532 1336 sola
1562 1282 1761 1336 litterae
1786 1283 2004 1338 ratione
2031 1283 2119 1338 in-

537 1374 776 1438 tellecta,
802 1373 1151 1442 arreptitium
1178 1373 1366 1437 refert,
1392 1389 1456 1428 ac
1475 1388 1634 1428 sacro
1653 1374 1848 1428 morbo
1865 1374 2122 1429 laboran-

537 1470 669 1527 tem,
713 1479 836 1532 quae
863 1463 1142 1517 sexcentis
1166 1465 1407 1533 jactetur
1431 1464 1728 1519 contrariis
1757 1465 1976 1534 sibique
2002 1465 2119 1535 ipsa

537 1555 677 1610 nihil
710 1554 1064 1619 consentiat;
1131 1561 1246 1608 tum
1290 1569 1450 1609 mens
1498 1555 1764 1610 Iudaicos
1791 1565 2122 1612 consectans

538 1659 722 1697 mores
752 1683 766 1708 ,
833 1642 1082 1696 instabili
1129 1650 1481 1697 terrenorum
1513 1644 1924 1700 circumlationi
1959 1659 2103 1701 erro-

539 1737 696 1805 rique
746 1751 950 1790 vesane
995 1735 1240 1801 inhians,
1295 1736 1478 1790 eidem
1517 1751 1737 1806 quoque
1786 1737 2120 1795 inslabiliter

536 1827 852 1882 necessario
882 1827 1142 1882 comitem
1172 1829 1582 1903 circumlationi
1607 1830 1923 1899 errorique,
1946 1831 2117 1884 animi

537 1917 887 1972 affectionem
916 1917 1105 1971 habet.
1162 1917 1254 1983 At,
1290 1918 1385 1972 ubi
1417 1919 1611 1984 David,
1646 1935 1774 1974 vere
1801 1921 1894 1975 ille
1921 1929 2120 1976 natura

539 2008 808 2075 musicus,
854 2009 1123 2064 Dominus
1156 2019 1347 2064 noster
1387 2011 1550 2066 Jesus
1573 2011 1830 2066 Christus
1853 2053 1868 2075 ,
1919 2011 2120 2082 spiritu

538 2101 784 2171 mysticae
810 2101 1298 2170 contemplationis
1326 2102 1502 2172 legem
1529 2103 1737 2171 pariter
1758 2102 2120 2172 Judaeumque

541 2191 950 2257 incantaverit;
990 2201 1106 2246 tum
1138 2191 1286 2244 illam
1317 2208 1383 2245 ex
1411 2200 1629 2247 terrena
1663 2193 1961 2262 spiritalem
1987 2191 2116 2246 red-

537 2282 638 2346 dit,
695 2291 813 2335 tum
847 2282 997 2337 hunc
1032 2297 1063 2335 a
1091 2281 1396 2336 difﬁdentia
1421 2299 1485 2337 ac
1509 2283 1898 2338 incredulitate
1953 2283 2021 2338 ad
2052 2283 2116 2339 fi-

538 2373 662 2428 dem
699 2373 958 2427 traducit.
1030 2372 1192 2443 295
1252 2371 1471 2427 Saulem
1507 2374 1693 2444 itaque
1745 2374 1994 2429 moribus
2028 2391 2117 2430 reo

538 2465 724 2519 ferunt
769 2465 856 2518 lex
901 2464 1108 2533 pariter
1160 2479 1226 2518 ac
1267 2464 1534 2520 Judaieus
1574 2466 1849 2535 populus,
1903 2476 2114 2521 etcum

538 2558 778 2612 fanatico
830 2566 1069 2626 aguntur
1111 2556 1352 2626 spiritu,
1416 2567 1468 2612 et
1517 2573 1643 2614 cum
1696 2566 1882 2613 mente
1930 2560 2116 2614 sobria

2221 549 2569 620 πνευματικὴ
2623 547 2828 619 Θεωρία
2880 547 3041 617 καὶὴ
3087 547 3310 614 γνῶσις,
3371 549 3466 599 καὶ
3507 548 3836 618 ἐπέρχεται.

2220 641 2440 712 πνεῦμα
2468 640 2703 712 πονηρὸν
2733 638 3022 707 (τουτέστι,
3056 639 3118 691 τὸ
3143 637 3326 691 ὑλικὸν
3354 639 3652 708 φρόνημα),
3683 642 3801 704 ταῖς

2221 732 2654 803 ἀλλεπαλλήλοις
2686 729 2794 784 τῶν
2855 729 2962 784 ὑπὸ
3007 730 3222 799 γένεσιν
3251 728 3349 781 καὶ
3389 728 3596 798 φθορὰν
3634 748 3803 801 ταρα-

2220 828 2344 896 χαῖς
2374 826 2468 879 καὶ
2505 823 2800 894 δινήσεσιν,
2824 823 2901 886 ώς
2937 821 3273 892 ἐπιλήπτους
3314 823 3379 892 τῇ
3411 821 3664 894 ἔάστασία
3693 822 3802 874 τῶν

2220 916 2498 986 λογισμῶν
2533 914 2890 982 καταπνίγον.
2926 913 2994 966 Ὅ
3019 929 3079 965 τε
3110 911 3220 982 γὰρ
3251 911 3416 982 νόμος
3439 913 3642 982 χοῖκῶς
3667 912 3817 982 πρὸς.

2225 1007 2386 1077 μόνον
2413 1005 2474 1060 τὸ
2507 1005 2745 1078 γράμμα
2771 1005 3082 1074 νοούμενος,
3107 1003 3407 1070 ἐπίληπτός
3437 1003 3555 1056 ἐστι
3579 1004 3804 1074 μυρίαις

2219 1095 2542 1166 δονούμενος
2587 1093 2962 1158 ἐναντιώσεσι,
3011 1093 3106 1148 καὶ
3151 1093 3425 1165 μηδεμίαν
3470 1092 3608 1163 ἔχων
3664 1094 3804 1165 πρὸς

2221 1187 2414 1242 ἐαυτὸν
2445 1188 2791 1259 συμφωνίαν
2827 1188 2855 1240 ὅ
2875 1204 2936 1240 τε
2969 1187 3278 1252 Ἰουδαῖζων
3316 1186 3464 1252 νοῦς,
3486 1189 3553 1258 τῇ
3582 1188 3804 1256 ἀστάτῳ

2222 1282 2499 1352 περιφορᾷ
2537 1281 2646 1334 τῶν
2686 1279 2888 1334 ὑλικῶν
2937 1279 3389 1350 ἐπιμαινόμενος,
3439 1280 3696 1342 άστάτως
3743 1280 3802 1343 ἐξ

2220 1373 2466 1444 ἀνάγκης
2501 1372 2596 1428 καὶ
2617 1373 2780 1436 αὐτὸς
2811 1372 2910 1444 τὴν
2945 1372 3155 1426 οἰκείαν
3202 1371 3800 1442 συμμεταϐαλλομένην

2221 1465 2335 1536 ἔχει
2369 1465 2629 1520 διάθεσιν.
2680 1464 2950 1534 Ὀπηνίκα
3007 1463 3061 1516 δὲ
3093 1463 3281 1526 Δαϐὶδ,
3315 1466 3343 1517 6
3388 1465 3507 1517 κατ’
3538 1464 3798 1534 ἀλήθειαν

2223 1559 2384 1628 φύσει
2424 1557 2704 1629 μουσικὸς,
2728 1559 2757 1610 6
2786 1555 2992 1626 Κύριος
3019 1556 3182 1626 ήμῶν
3223 1555 3450 1626 Ἰησοῦς,
3492 1557 3688 1626 ἐπᾴσει
3723 1555 3801 1626 τῷ

2222 1650 2497 1720 πνεύματι
2525 1651 2624 1720 τῆς
2657 1651 2927 1720 μυστικῆς
2959 1648 3216 1719 θεωρίας,
3251 1649 3345 1701 τόν
3377 1665 3437 1702 τε
3480 1649 3664 1717 νόμον,
3707 1649 3800 1702 καὶ

2221 1741 2312 1795 τὸν
2351 1741 2632 1794 Ἰουδαῖον·
2685 1739 2778 1792 τὸν
2809 1739 2907 1810 μὲν
2939 1738 3062 1791 ἀντὶ
3100 1735 3285 1808 χοϊκοῦ
3317 1740 3461 1791 ποιεῖ
3496 1755 3800 1806 πνευματι-

2221 1831 2348 1887 κόν·
2379 1832 2473 1886 τὸν
2504 1832 2560 1885 δέ
2584 1830 2821 1902 μετάγειῖ
2845 1830 2982 1901 πρὸς
3013 1830 3197 1883 πίστιν
3238 1829 3298 1894 ἐξ
3325 1830 3800 1893 άπιστίας.Ἕστιν

2221 1919 2315 1978 οῦν
2348 1923 2493 1979 κατὰ
2513 1923 2606 1976 τὸν
2627 1923 2822 1987 Σαοὺλ,
2857 1922 2886 1975 ὅ
2910 1939 2970 1975 τε
2999 1921 3184 1991 νόμος,
3208 1921 3304 1974 καὶ
3329 1923 3357 1974 6
3381 1919 3490 1973 τῶν
3528 1920 3802 1974 Ἰουδαίων

2221 2016 2371 2080 λαὸς,
2405 2016 2495 2069 καὶ
2529 2015 2820 2085 ἐπίληπτος
2873 2013 2970 2067 καὶ
3009 2012 3263 2083 σώφρων.
3326 2012 3655 2081 Ἑπίληπτος
3690 2010 3802 2090 γάρ

2221 2107 2251 2159 6
2278 2109 2440 2176 νόμος
2461 2106 2630 2168 ἐστὶν,
2663 2105 2740 2167 ώς
2783 2104 2942 2175 ἔφην,
2972 2104 3176 2174 χοῖκῶς
3222 2103 3639 2172 λαμϐανόμενος
3659 2121 3672 2133 σ
3707 2103 3803 2156 καὶ

2222 2199 2522 2269 ἐπίληπτος
2551 2201 2578 2252 6
2618 2198 2870 2260 Ἰουδαῖός
2895 2199 3031 2262 ἐστι,
3056 2195 3256 2268 χοῖκῶς
3279 2196 3356 2266 τῷ
3375 2196 3494 2266 Θεῷ
3517 2195 3802 2267 λατρεύειν

2225 2287 2547 2357 βουλόμενος
2573 2304 2587 2316 ·
2637 2287 2734 2340 καὶ
2763 2286 2926 2340 πάλιν
2956 2286 3191 2355 σώφρων
3214 2288 3242 2338 6
3275 2286 3440 2356 νόμος
3471 2285 3609 2350 ἐστὶ,
3640 2301 3805 2337 πνευ-

2226 2379 2470 2448 ματικῶς
2499 2377 2619 2433 νοού
2629 2395 2788 2449 μενος
2804 2395 2817 2408 ·
2843 2379 2937 2432 καὶ
2956 2379 2983 2431 6
3013 2377 3262 2440 Ἰουδαῖος
3285 2377 3545 2440 ὡσαύτως
3569 2377 3801 2447 σώφρων

2222 2471 2394 2534 ἐστὶν,
2421 2473 2486 2524 ἐκ
2511 2471 2610 2542 τῆς
2629 2469 2972 2542 -σωματικῆς
3006 2468 3259 2540 λατρείας
3295 2469 3387 2522 ἐπὶ
3417 2469 3519 2539 τὴν
3563 2485 3808 2538 πνευμειρΔ

2221 2562 2382 2630 τικὴν
2408 2560 2500 2615 τοῦ
2526 2559 2660 2614 Θεοῦ
2697 2560 2996 2630 θεραπείαν
3033 2560 3495 2630 μεταφερόμενος.

539 2656 686 2703 sunt.
712 2648 973 2702 Fanatico
1006 2647 1154 2702 enim
1177 2648 1265 2702 lex
1285 2647 1474 2704 furore
1506 2649 1709 2721 agitur,
1731 2650 1811 2704 uti
1843 2651 2118 2717 dicebam,
2160 2667 2286 2707 cum
2359 2664 2578 2708 terreno
2603 2668 2768 2708 sensu
2827 2653 3136 2722 accipitur:
3196 2651 3530 2720 Judaeusque
3560 2650 3801 2720 arrepti-

540 2738 652 2794 tius
690 2747 775 2794 est
829 2748 885 2793 et
928 2737 1200 2792 fanaticus
1225 2779 1241 2802 ,
1305 2739 1401 2808 qui
1439 2738 1608 2794 Deum
1678 2748 1902 2796 terreno
1957 2757 2126 2797 sensu
2167 2745 2349 2799 colere
2382 2747 2438 2798 in
2465 2745 2708 2799 animum
2739 2743 2973 2799 inducit.
3007 2742 3083 2797 Ac
3104 2756 3299 2796 rursus
3333 2742 3421 2794 lex
3463 2740 3648 2794 sobria
3689 2749 3797 2802 est,

537 2846 661 2900 quae
700 2831 1025 2900 spiritaliter
1059 2830 1450 2902 intelligatur;
1514 2842 1679 2901 atque
1743 2833 1966 2889 Judaeus
2029 2833 2288 2892 similiter
2327 2838 2551 2892 sobrius
2591 2873 2606 2901 .
2645 2837 2740 2903 qui
2809 2851 2841 2890 a
2877 2834 3148 2905 corporali
3177 2835 3327 2889 cultu
3363 2832 3432 2886 ad
3491 2831 3800 2901 spiritalem

538 2920 634 2974 Dei
662 2921 871 2974 cultum
902 2920 1249 2974 traducatur.

608 3011 784 3065 Porro
818 3020 875 3066 et
902 3010 1051 3065 istud
1077 3011 1485 3068 observandum
1507 3053 1521 3078 ,
1560 3013 1876 3069 interﬁcere
1903 3013 2117 3069 Saulem

2299 3015 2644 3084 Σημειωτέον
2664 3015 2739 3081 δὲ,
2757 3015 2838 3067 ὅτι
2857 3014 2982 3075 τοὺς
3006 3009 3110 3066 ὑπὸ
3143 3009 3319 3082 Ἰησοῦ
3340 3007 3797 3080 διασωζομένους,

539 3116 680 3172 quos
716 3101 876 3157 Jesus
915 3113 1102 3156 servet
1142 3104 1388 3173 velitque
1415 3104 1741 3159 incolumes.
1798 3105 1948 3171 Quos
1972 3106 2120 3160 enim

541 3192 842 3262 Scriptura:
882 3195 1112 3264 spiritus
1149 3195 1428 3261 vindicat,
1480 3197 1679 3250 litterae
1721 3205 2118 3267 comparatum,

541 3293 604 3337 ut
634 3284 936 3339 interimat.
975 3284 1186 3341 Idcirco
1220 3287 1363 3340 hanc
1393 3287 1612 3357 (nempe
1636 3288 1812 3358 legem
1833 3288 2118 3360 scriptam)

540 3377 774 3446 paenitet
837 3377 1008 3431 Deum
1061 3377 1116 3430 in
1164 3378 1383 3432 Israelis
1424 3394 1608 3450 regem
1650 3380 1963 3447 inunxisse,
2001 3399 2122 3452 quae

540 3483 571 3521 a
622 3467 826 3522 Judaeis
878 3468 1177 3522 carnaliter
1220 3469 1568 3538 accipiatur;
1635 3471 1839 3542 datque
1888 3472 2120 3543 Spiritui

543 3557 698 3627 regni
730 3564 1089 3625 potestatem,
1127 3557 1223 3626 qui
1256 3557 1456 3612 litterae
1482 3560 1769 3627 proximus
1801 3577 1973 3630 eaque
2008 3578 2122 3616 me-

543 3649 652 3701 lior
676 3648 769 3702 sit.
807 3649 876 3702 Et
899 3649 1053 3714 dabo,
1084 3649 1290 3719 inquit,
1321 3666 1537 3720 regnum
1563 3653 1800 3721 proximo
1827 3662 1935 3716 tuo,
1962 3655 2049 3723 qui
2073 3662 2122 3706 te

546 3739 730 3794 melior
751 3738 897 3793 sit“.
935 3739 1410 3806 Quemadmodum
1433 3741 1582 3796 enim
1606 3742 1775 3797 David
1799 3743 1979 3798 Saulis
1995 3761 2122 3814 pro-

541 3830 722 3884 ximus
743 3838 863 3884 erat
886 3870 900 3895 ,
959 3830 1040 3885 sic
1062 3847 1288 3902 quoque
1311 3832 1447 3886 scite
1479 3831 1722 3901 Spiritus
1756 3833 1958 3888 litteras
1982 3834 2120 3904 legis

539 3923 830 3993 adjunctus
851 3933 974 3989 est;
1036 3924 1242 3993 quippe
1276 3923 1364 3978 cui
1402 3930 1463 3980 ut
1493 3931 1620 3994 post
1648 3934 1881 3980 mortem
1919 3926 2119 3981 litterae

539 4013 867 4069 inclarescat
895 4028 962 4067 ex
989 4014 1151 4084 genio
1174 4022 1297 4072 est..

609 4202 781 4272 Igitur
837 4217 937 4257 nos
969 4217 1188 4272 quoque
1229 4202 1533 4274 spiritalem
1558 4196 1822 4262 Davidem
1853 4207 2115 4263 obsecre-

538 4309 661 4348 mus
683 4333 698 4360 ,
761 4303 821 4347 ut
864 4293 1131 4363 spiritalis
1154 4297 1636 4366 contemplationis
1677 4313 1743 4352 ac
1769 4297 2015 4352 scientiae
2036 4297 2116 4352 ci-

2223 3105 2515 3162 ἁποκτένει
2545 3105 2742 3160 Σαούλ.
2778 3105 2887 3169 Οὓς
2938 3104 3048 3175 γὰρ
3089 3104 3461 3173 περιποιεῖται
3491 3101 3550 3154 τὸ
3578 3101 3802 3171 πνεῦμα

2221 3195 2322 3264 τῆς
2379 3195 2623 3265 Γραφῆς,
2661 3195 2978 3248 ἀπηκτένειν
3026 3193 3086 3246 τὸ
3131 3193 3365 3264 γράμμα
3414 3191 3631 3260 πέφυκε
3659 3231 3675 3246 .
3706 3193 3803 3244 Διὸ

2220 3285 2430 3352 τοῦτον,
2477 3285 2618 3353 λέγω
2665 3285 2729 3356 δὴ
2773 3285 2862 3339 τὸν
2892 3284 3138 3356 γραπτὸν
3180 3283 3365 3354 νόμον,
3409 3282 3804 3354 μεταμελεῖται

2222 3376 2416 3448 χρίσας
2447 3375 2751 3446 βασιλεύειν
2777 3375 2871 3428 τοῦ
2909 3374 3124 3446 Ἰσραὴλ
3152 3378 3180 3428 6
3208 3375 3361 3441 Θεὸς,
3388 3374 3492 3428 ὑπὸ
3531 3374 3801 3427 Ἰουδαίων

2223 3468 2504 3539 σαρκικῶς
2555 3466 2985 3536 λαμϐανόμενον,
3039 3466 3132 3518 καὶ
3172 3465 3355 3518 δίδωσι
3396 3466 3474 3536 τῷ
3523 3465 3799 3536 πνεύματι

2220 3562 2282 3615 τὸ
2306 3563 2504 3632 κράτος
2530 3560 2630 3630 τῆς
2648 3539 2944 3630 βασιλείας,
2974 3559 3052 3630 τῷ
3070 3559 3296 3628 πλησίον
3319 3558 3412 3611 τοῦ
3443 3559 3799 3630 γράμματος,

2221 3655 2318 3707 καὶ
2353 3653 2544 3723 ἀγαθῷ
2576 3654 2714 3722 ὑπὲρ
2744 3651 2804 3705 τὸ
2841 3653 3097 3722 γράμμα.
3134 3652 3242 3704 Καὶ
3269 3649 3462 3714 δώσω,
3492 3651 3647 3720 φησὶ,
3681 3651 3804 3718 τὴν

2214 3744 2548 3807 βασιλείαν
2578 3741 2659 3808 τῷ
2702 3743 2970 3810 πλησίον
3006 3756 3124 3796 σου
3165 3740 3244 3806 τῷ
3285 3741 3485 3810 ἁγαθῷ
3515 3741 3667 3809 ὑπὲρ
3699 3740 3797 3795 σέ-

2219 3835 2421 3900 Καθὼς
2473 3836 2586 3907 γὰρ
2637 3837 2665 3888 6
2702 3835 2866 3888 Δαϐὶδ
2915 3831 2984 3906 ἦν
3015 3834 3244 3903 πλησίον
3284 3832 3379 3886 τοῦ
3434 3833 3626 3898 Σαοὺλ,
3653 3832 3800 3886 οὕτω

2218 3926 2295 3995 τῷ
2323 3928 2613 3997 γράμματι
2639 3925 2731 3980 τοῦ
2758 3926 2924 3996 νόμου
2965 3927 3024 3978 τὸ
3063 3924 3286 3993 πνεῦμα
3334 3924 3514 3993 σοφῶς
3546 3925 3802 3996 παραπέο

2220 4030 2396 4084 πηγεν
2423 4028 2436 4040 ·
2482 4014 2620 4084 ὅπερ
2652 4013 2791 4084 μετὰ
2820 4014 2908 4066 τὸν
2940 4013 3168 4069 θάνατον
3203 4013 3296 4066 τοῦ
3337 4014 3665 4085 γράμματος
3698 4015 3807 4067 πέ-

2220 4116 2360 4168 φυκε
2385 4099 2761 4169 διαφαίνεσθαι
2790 4098 2927 4171 (66).

2292 4191 2772 4261 Παρακαλέσωμεν
2822 4185 2914 4243 οὖν
2973 4191 3069 4245 καὶ
3111 4191 3272 4261 ἡμεῖς
3339 4190 3432 4243 τὸν
3462 4191 3652 4260 νοητὸν
3687 4192 3802 4244 Δα-

2219 4282 2304 4335 ϐὶδ
2327 4283 2460 4353 (67),
2494 4283 2763 4353 ἐπηχῆσαι
2792 4286 2856 4355 τῇ
2876 4281 3079 4354 κιθάρᾳ
3103 4281 3206 4351 τῆς
3240 4283 3622 4353 πνευματικῆς
3652 4283 3791 4335 θεω-

540 4386 696 4439 thara
728 4394 1077 4439 terrenarum
1119 4385 1321 4441 affectu
1375 4387 1624 4443 fanaticre
1668 4388 1874 4444 mentis
1918 4397 2117 4443 nostra.1

2226 4373 2348 4445 ρίας
2373 4373 2464 4426 καὶ
2492 4374 2748 4442 γνώσεως
2796 4374 3294 4444 ἐπιληπτευόμενον
3321 4376 3432 4437 τοῖς
3465 4374 3672 4437 ὑλικοῖς
3703 4375 3805 4428 τὸν

537 4476 766 4529 auribus
787 4475 1025 4541 occinat,
1056 4491 1120 4529 ac
1148 4477 1405 4544 spiritum
1432 4493 1668 4547 nequam
1697 4486 1931 4533 terrena:
1954 4494 2115 4533 sensu

538 4579 660 4620 sese
687 4565 1068 4620 collidentium
1102 4582 1328 4620 casuum
1358 4568 1642 4623 varietatis
1676 4569 1898 4639 abigat;
1958 4577 2017 4624 ut
2043 4571 2120 4624 ita

539 4655 866 4725 spiritaliter
918 4657 1094 4725 legem
1145 4657 1451 4728 intelligere
1480 4699 1495 4724 ,
1552 4659 1722 4729 inque
1755 4677 1820 4715 ea
1856 4663 2118 4718 latentem

539 4745 828 4818 mysticam
880 4746 1147 4800 rationem
1201 4747 1485 4805 offendere
1514 4792 1529 4816 ,
1581 4766 1644 4806 ac
1677 4752 1825 4822 quod
1869 4754 2002 4807 satis
2045 4753 2117 4806 sit

538 4837 592 4892 in
628 4836 757 4892 vitae
783 4845 1005 4892 acterna:
1026 4837 1288 4894 viaticum
1319 4857 1642 4912 comparare
1669 4844 1984 4909 valeamus;
2043 4859 2115 4899 ne

537 4935 732 4982 mutuo
758 4934 1038 4996 acceptam
1061 4930 1116 4982 in
1138 4929 1322 4985 littera
1347 4932 1701 5002 symbolicam
1722 4934 1897 5004 legem
1915 4933 2118 4988 habea-

536 5033 678 5081 mus,
708 5019 802 5088 qui
832 5017 1066 5073 scientia
1089 5020 1279 5089 gratiae
1308 5021 1362 5075 in
1387 5004 1585 5092 spiritu
1611 5025 1768 5093 egeni
1793 5038 2113 5088 careamus;

534 5107 847 5176 solamque,
903 5116 964 5161 ut
994 5109 1171 5164 oculis
1191 5112 1368 5180 capti,
1421 5112 1489 5166 de
1514 5113 1720 5169 divinis
1746 5115 2120 5184 percontatio-

537 5213 661 5252 nem
687 5198 934 5253 colamus
955 5239 968 5263 ,
1025 5199 1133 5254 hoc
1157 5201 1372 5257 scilicet
1398 5203 1649 5258 destituti
1685 5213 1746 5258 ut
1773 5203 2116 5259 lucidissime

536 5304 665 5342 vere
705 5300 932 5358 aspectu
992 5293 1211 5362 eloquia
1256 5295 1441 5348 divina
1483 5312 1668 5350 coram
1706 5296 2113 5350 nanciscamur.

538 5380 712 5433 Ambo
753 5380 901 5434 enim
952 5383 1080 5437 Saul
1126 5384 1369 5449 dicitur,
1431 5386 1477 5440 si
1514 5389 1569 5439 in
1600 5393 1844 5440 nostram
1871 5386 2113 5456 linguam

541 5467 905 5521 transferatur
935 5487 948 5522 :
974 5486 1122 5535 nam,
1159 5483 1355 5540 prteter
1379 5489 1443 5528 ea
1471 5490 1591 5544 qua:
1614 5473 1760 5529 dicta
1780 5483 1929 5538 sunt,
1956 5475 2002 5529 si
2021 5489 2119 5527 no-

540 5569 662 5610 men
720 5557 1136 5628 interpreteris,
1193 5563 1463 5631 fcueratus
1512 5574 1597 5621 est
1645 5581 1708 5621 ac
1757 5565 2118 5636 percontatio;

607 5729 654 5762 οι
679 5731 699 5784 l
725 5732 860 5803 tteg.
887 5751 974 5798 xv,
1005 5737 1096 5792 ~28.

2222 4463 2488 4534 ἡμέτερον
2511 4463 2654 4525 νοῦν,
2688 4465 2780 4516 καὶ
2810 4463 3082 4517 ἀπελάσαι
3114 4463 3172 4515 τὸ
3200 4463 3436 4533 πονηρὸν
3458 4463 3679 4533 πνεῦμα
3695 4464 3802 4533 τῆς

2223 4557 2361 4626 πρὸς
2417 4554 2670 4624 αἴσθησιν
2717 4555 2911 4623 ὑλικῆς
2956 4555 3333 4627 περιπετείας,
3362 4555 3450 4607 ίνα
3476 4555 3800 4626 δυνηθῶμεν

2221 4649 2412 4718 νοῆσαι
2441 4648 2530 4701 τὸν
2562 4648 2724 4719 νόμον
2757 4649 3171 4719 πνευματικῶς,
3203 4649 3296 4703 καὶ
3324 4648 3417 4701 τὸν
3449 4650 3506 4702 ἐν
3538 4647 3684 4718 αὑτῴ
3707 4666 3799 4700 κε-

2225 4740 2538 4811 κρυμμένον
2568 4740 2830 4811 μυστικὸν
2867 4740 3027 4809 λόγον
3056 4741 3257 4811 εὑρεῖν,
3295 4739 3391 4793 καὶ
3422 4740 3611 4809 κτῆμα
3640 4741 3797 4809 ποιή-

2225 4832 2418 4886 σασθαι
2443 4831 2662 4904 διαρκὲς
2697 4830 2834 4902 πρὸς
2863 4832 3075 4900 ἐφόδιον
3105 4831 3280 4886 ἀϊδίου
3316 4829 3462 4899 ζωῆς
3489 4848 3502 4860 ·
3542 4832 3687 4894 ὅπως
3720 4831 3795 4900 μὴ

2223 4921 2313 4974 τὸν
2332 4921 2740 4992 δεδανεισμένον
2771 4923 2828 4974 ἐν
2875 4921 3166 4992 γράμματι
3204 4921 3534 4991 συμϐολικὸν
3578 4921 3792 4990 ἔχωμεν

2225 5011 2390 5080 νόμον
2415 5010 2548 5081 (68),
2576 5011 2910 5080 ἀποροῦντες
2934 5012 3033 5080 τῆς
3067 5012 3210 5064 κατὰ
3241 5011 3400 5082 χάριν
3432 5013 3489 5063 ἐν
3523 5011 3787 5078 πνεύματι

2224 5102 2478 5172 γνώσεως
2501 5119 2513 5133 ·
2550 5103 2645 5156 καὶ
2680 5103 2849 5174 μόνην
2887 5103 3228 5173 στέργωμεν,
3259 5103 3336 5166 ὡς
3379 5103 3455 5173 μὴ
3481 5101 3786 5171 βλέποντες,

2223 5195 2322 5266 τὴν
2353 5196 2482 5267 περὶ
2511 5195 2621 5248 τῶν
2651 5195 2810 5247 Θείων
2849 5193 3142 5265 ἐρώτησιν,
3172 5193 3532 5262 ἐστερημένοι
3558 5194 3660 5262 τῆς
3685 5192 3788 5244 τῶν

2227 5290 2505 5360 μυστικῶν
2539 5289 2733 5358 λογίων
2759 5291 2880 5343 κατ’
2907 5288 3161 5358 ἀλήθειαν
3180 5289 3475 5358 παμφαοῦς
3510 5287 3786 5357 αὐτοψίας.

2226 5384 2429 5452 Ἀμφω
2457 5384 2567 5455 γὰρ
2604 5383 2820 5450 λέγεται
2869 5382 3063 5446 Σαοὺλ,
3107 5383 3243 5453 πρὸς
3276 5383 3377 5451 τὴν
3421 5379 3649 5434 Ἐλλάδα
3680 5396 3789 5450 φω-

2224 5471 2321 5542 νὴν
2377 5474 2832 5544 μεταφερόμενος.
2877 5471 3268 5543 Ἑρμηνεύεται
3327 5471 3436 5542 γὰρ
3487 5469 3624 5541 πρὸς
3683 5470 3790 5530 τοῖς

2227 5563 2556 5633 εἰρημένοις,
2581 5566 2674 5619 καὶ
2692 5563 3171 5631 δεδανεισμένος,
3191 5564 3285 5617 καὶ
3301 5561 3589 5630 ἐρώτησις
3612 5577 3628 5593 ο
3652 5560 3787 5631 ἅπερ
