4126 6316
359 362 462 426 773

1408 342 1898 418 QUIESTIONES
1936 343 2035 401 AD
2071 335 2582 404 THALASSIUM.

3506 353 3612 417 ττι

361 474 425 544 δὴ
473 470 568 524 καὶ
601 469 631 521 ὁ
673 465 920 537 γραπτδς
967 463 1229 533 ὑπάρχων
1275 459 1583 529 καθέστηκε
1628 457 1792 529 νόμος
1817 473 1833 486 ο
1863 455 1925 508 τὸ

2034 467 2150 526 quae
2171 470 2302 510 sane
2321 457 2490 512 etiam
2510 457 2597 512 lcx
2617 459 2821 529 scripta
2843 461 3080 518 exsistit.
3103 461 3347 518 Alterum
3364 464 3581 535 quidem
3595 505 3611 530 ,

366 565 483 635 μὲν,
531 562 605 624 ὡς
635 559 710 631 μὴ
747 558 1079 612 οἰκειότατον
1107 555 1173 625 (ι’)
1218 553 1405 624 κτῆμα
1445 552 1542 622 τῆς
1575 549 1812 619 φύσεως,
1839 547 1936 601 καὶ

361 657 426 726 τῇ
449 653 568 706 κατ’
587 649 760 720 αὐτὴν
783 647 1015 718 ὑπάρξει
1037 643 1315 707 παντελῶς
1338 639 1931 712 συμπαρατεινύμενος·

362 745 421 796 τὸ
462 743 540 808 δὲ,
577 741 653 804 ὡς
683 740 813 810 περὶ
847 737 1052 807 γνῶσιν
1082 735 1256 808 ἀληθῆ
1297 733 1464 788 κινῶν
1489 733 1636 804 ἡμᾶς
1665 732 1759 784 καὶ
1782 747 1936 802 πρω-

361 834 588 887 τότυπον
619 831 831 900 σοφίαν,
851 829 979 892 τοὺς
997 829 1071 899 μὴ
1091 827 1410 898 νομίζοντας
1429 823 1527 895 τὴν
1551 822 1819 894 ἐρώτησιν
1839 839 1937 875 κα-

360 915 592 992 τάληψιν
609 916 748 974 εῖναι
765 921 863 990 τῆς
886 918 1224 989 ζητουμένης
1248 916 1361 970 τῶν
1379 915 1539 970 θείων
1548 911 1894 985 ἀρχετυπίας
1912 929 1929 943 ·

360 1014 493 1068 ἀλλὰ
525 1014 686 1084 μόνον
705 1011 794 1066 διὰ
825 1011 937 1064 τῶν
963 1013 1020 1064 ὲν
1044 1012 1198 1081 νόμῳ
1248 1005 1581 1078 σωματικῶν
1627 1004 1932 1074 συμϐόλων,

360 1107 434 1169 ὡς
459 1105 526 1158 δι’
555 1102 880 1174 ἑρωτήσεώς
910 1119 1057 1165 τινος
1087 1101 1234 1172 πρὸς
1259 1099 1358 1170 τὴν
1381 1098 1486 1152 τῶν
1513 1097 1674 1151 θείων
1703 1096 1927 1164 ἀγαθῶν

362 1197 753 1266 ἐπειγομένους
783 1192 1094 1264 κατάληψιν
1118 1210 1133 1224 ο
1165 1191 1254 1245 ἵνα
1282 1187 1622 1260 παυσώμεθα
1658 1188 1758 1258 τῆς
1791 1189 1933 1242 κατὰ

248 1327 271 1344 .
361 1286 459 1359 τὴν
505 1285 772 1358 ἐρώτησιν
815 1285 1094 1356 φροντίδος
1127 1283 1207 1356 (ὲν
1303 1284 1464 1352 τυχόν
1499 1283 1618 1334 ἐστι
1673 1280 1934 1344 πολλάκις

363 1377 454 1431 καὶ
482 1377 745 1446 πλάνησις
775 1375 915 1449 [67],
948 1378 1007 1428 ὲν
1052 1379 1120 1447 τῇ
1167 1375 1278 1429 τῶν
1324 1373 1671 1444 ζητουμένων
1704 1372 1934 1444 ἀληθείᾳ

361 1468 662 1539 γενόμενοι,
690 1467 786 1519 καὶ
813 1466 916 1536 τῆς
950 1465 1130 1520 αὐτῶν
1169 1465 1633 1536 μεταποιηθῶμεν
1662 1462 1932 1534 μελικοιριό⁴

359 1573 539 1629 τητος,
579 1556 912 1626 φαινομένης
943 1557 1003 1609 ὲν
1053 1555 1187 1626 ἡμῖν
1233 1552 1609 1616 άναλλοιώτως
1654 1551 1798 1605 κατὰ
1831 1549 1932 1621 τὴν

365 1649 581 1720 μέθεξιν
611 1648 742 1720 (70),
775 1648 868 1701 καὶ
892 1647 953 1701 τὸ
985 1645 1103 1699 κατ’
1123 1645 1292 1715 αὐτὴν
1320 1640 1458 1708 εἶδος
1487 1646 1588 1715 τῆς
1606 1640 1766 1714 ἡμῶν
1789 1641 1931 1709 γνώ-

363 1759 534 1811 ρισμα
566 1739 894 1810 ποιουμένης
928 1737 1216 1810 ὑπάρξεως
1243 1752 1256 1767 ·
1291 1736 1350 1788 ἐν
1378 1733 1604 1805 Χριστῷ
1653 1733 1826 1804 Ἰησοῦ
1855 1730 1932 1802 τῷ

361 1807 482 1902 Θεῷ
523 1833 618 1886 καὶ
660 1807 876 1902 Σωτῆρι
911 1807 1091 1900 ἡμῶν,
1126 1821 1170 1897 ᾧ
1198 1829 1232 1899 ἡ
1275 1825 1403 1892 δόξα
1445 1827 1526 1890 είς
1545 1827 1673 1889 τοὺς
1705 1823 1928 1887 αἰῶνας.
1961 1807 2006 1863 Β

375 1923 568 1995 Ἀμήν.

1025 2113 1299 2172 ΣΧΟΛΙΔ.

433 2219 502 2267 α’.
543 2211 688 2275 Νοῦς
727 2211 808 2274 εἰς
835 2210 1002 2281 ἄκρον
1043 2207 1133 2262 διὰ
1175 2207 1287 2260 τῶν
1343 2205 1554 2278 ἀρετῶν
1602 2203 1935 2275 καθαιρόμε-

361 2321 470 2369 νος,
489 2303 615 2366 τοὺς
641 2301 750 2355 τῶν
785 2299 996 2370 ἀρετῶν
1046 2298 1293 2368 πέφυκεν
1340 2298 1567 2360 εἰκότως
1617 2295 1935 2350 ἐκδιδάσκε-

362 2394 485 2448 σθαι
508 2395 699 2462 λόγους
724 2410 738 2425 ·
769 2393 868 2462 τὴν
897 2390 956 2456 ἐξ
989 2389 1172 2444 αὐτῶν
1205 2388 1442 2452 θειωδῶς
1479 2385 1936 2459 χαρακτηρισθεῖ-

363 2503 462 2539 σαν
519 2484 742 2552 γνῶσιν,
794 2485 996 2536 οἰκεῖον
1061 2479 1388 2550 ποιούμενος
1431 2480 1748 2550 πρόσωπον.
1792 2476 1932 2530 Καθ’

361 2577 550 2630 ἑαυτὸν
603 2576 713 2646 γὰρ
759 2573 999 2636 ἀνείδεός
1044 2589 1105 2625 τε
1161 2572 1259 2624 καὶ
1302 2571 1779 2642 ἀχαρακτήριστος
1825 2571 1935 2633 πᾶς

361 2669 666 2737 καθέστηκε
696 2666 840 2731 νοῦς,
881 2664 1094 2737 μορφὴν
1138 2663 1278 2733 ἔχων
1335 2661 1648 2732 ἐπίκτητον,
1675 2661 1708 2732 ἢ
1739 2660 1839 2730 τὴν
1869 2663 1934 2714 ἐκ

359 2759 468 2812 τῶν
493 2756 705 2828 ἀρετῶν
755 2756 1068 2808 ὑποστᾶσαν
1107 2755 1165 2806 ὲν
1220 2752 1494 2823 πνεύματι
1522 2752 1746 2821 γνῶσιν,
1779 2753 1813 2822 ἢ
1834 2751 1934 2823 τὴν

363 2852 428 2903 ὲκ
451 2849 560 2902 τῶν
589 2846 779 2901 παθῶν
817 2843 1320 2914 ὲπισυμσαίνουσαν
1367 2843 1610 2911 ἄγνοιαν.

445 2940 506 3010 β’.
549 2940 607 2994 '0
630 2939 728 3010 τὴν
753 2937 846 2992 νοῦ
883 2937 1096 3010 μορφὴν
1117 2935 1214 3005 τὴν
1240 2934 1299 2998 ἐξ
1323 2933 1534 3005 ἀρετῶν
1563 2936 1622 2987 ἐν
1656 2933 1934 3005 πνεύματι

365 3031 514 3086 θείαν
560 3029 854 3100 δεξάμενος
897 3029 1121 3096 γνῶσιν,
1157 3028 1228 3081 τὰ
1267 3027 1387 3080 θεῖα
1428 3027 1649 3094 λέγεται
1703 3026 1922 3093 παθεῖν,

2038 553 2099 598 ut
2138 561 2250 599 non
2295 560 2508 602 summe
2555 551 2778 619 propria
2807 553 3229 622 necessariaque
3251 563 3464 609 naturae
3487 571 3617 626 pos-

2038 636 2233 703 sessio,
2254 639 2482 709 ejusque
2505 655 2734 709 prorsus
2758 642 3095 697 exsistentiae
3112 659 3327 711 comes;
3357 647 3614 716 alterum,

2036 734 2098 780 ut
2148 742 2270 796 quae
2309 743 2412 782 nos
2461 730 2530 784 ad
2571 745 2760 786 veram
2795 733 3081 786 scientiam
3107 743 3327 788 moveat
3356 735 3617 806 primige-

2035 817 2297 888 niamque
2332 820 2660 890 sapientiam
2699 841 2712 876 :
2751 825 2846 893 qui
2878 825 3094 880 scilicet
3140 827 3614 894 percontationem

2036 909 2186 965 haud
2217 912 2624 979 existimemus,
2658 917 2778 985 ejus
2807 932 2972 986 quam
2999 918 3319 986 quaerimus,
3353 919 3616 990 primige-

2035 1001 2142 1054 nize
2171 1017 2236 1056 ac
2261 1005 2596 1073 exemplaris
2643 1006 2962 1061 divinorum
2987 1008 3220 1062 rationis
3251 1009 3416 1080 296
3468 1025 3618 1064 com-

2037 1094 2469 1162 prehensionem
2495 1115 2510 1164 ;
2578 1099 2676 1152 sed
2703 1100 2796 1169 qui
2827 1100 3004 1155 solum
3035 1116 3134 1170 per
3153 1103 3462 1171 corporalia
3481 1103 3617 1174 legis

2034 1185 2305 1256 symbola,
2331 1188 2485 1242 velut
2507 1191 2903 1258 percontando,
2936 1191 3003 1246 ad
3026 1193 3340 1247 divinorum
3363 1210 3616 1264 compre-

2034 1275 2361 1333 hensionem
2416 1279 2688 1335 bonorum
2726 1282 3004 1337 enitamur
3029 1323 3046 1349 ,
3103 1300 3215 1354 quo
3245 1285 3464 1340 demum
3489 1303 3613 1356 per-

2034 1369 2295 1424 contandi
2321 1387 2453 1426 cura
2485 1372 2623 1443 (qua
2647 1373 2792 1428 forte
2823 1375 2990 1429 etiam
3027 1391 3138 1430 non
3171 1391 3300 1431 raro
3331 1393 3490 1432 error
3513 1378 3613 1433 ob-

2034 1460 2208 1529 repat)
2238 1460 2562 1530 liberemur,
2592 1462 2776 1534 adepti
2802 1479 2998 1519 eorum
3018 1466 3310 1522 veritatem
3329 1468 3396 1523 de
3409 1469 3612 1538 quibus

2031 1553 2388 1609 incumbebat
2411 1566 2472 1611 ut
2491 1558 2924 1623 sciscitaremur,
2958 1567 3312 1630 nostramque
3331 1563 3609 1616 nancisca-

2032 1660 2158 1700 mur
2182 1646 2583 1704 beatitudinem
2601 1691 2616 1716 ,
2673 1652 2983 1706 invariabili
3015 1652 3068 1706 in
3094 1653 3256 1707 nobis
3279 1655 3614 1708 commercio

2032 1739 2369 1806 elucentem,
2404 1757 2469 1796 ac
2492 1751 2697 1798 nostrae
2729 1745 3052 1800 substantia;
3081 1745 3290 1815 insigne
3316 1753 3613 1818 notamque

2034 1831 2334 1901 prepriam,
2352 1833 2522 1902 ipsam
2548 1849 2704 1888 suam
2723 1835 2952 1890 formam
2979 1845 3365 1906 praestantem:
3387 1839 3442 1890 in
3453 1836 3531 1892 Ch
3541 1839 3614 1891 ri-

2034 1929 2123 1974 sto
2141 1921 2273 1976 Jesu
2295 1922 2408 1978 Deo
2435 1931 2493 1979 ct
2523 1923 2819 1982 Servatore
2842 1934 3033 1982 nostro
3051 1968 3066 1993 ,
3119 1928 3208 1984 cui
3236 1928 3410 2000 gloria
3434 1929 3490 1983 in
3514 1944 3613 1984 saa—

2033 2010 2176 2066 cula.
2212 2010 2409 2068 Amen.

2670 2127 2984 2185 SCHOLIA.
3020 2156 3024 2160 η

2105 2215 2156 2269 1.
2186 2216 2360 2284 Mens,
2391 2217 2662 2274 virtutum
2679 2223 2833 2276 cultu
2856 2238 3068 2279 summe
3086 2234 3337 2297 purgata,
3365 2235 3426 2281 ut
3439 2225 3614 2280 virtu-

2032 2311 2149 2360 tum
2179 2307 2423 2363 rationes
2453 2310 2758 2377 condiscat,
2793 2314 2993 2368 merito
3017 2323 3461 2385 comparatavest,
3491 2333 3613 2386 quae

2033 2395 2102 2450 iis
2131 2397 2318 2454 divine
2346 2401 2664 2470 insignitum
2685 2404 2974 2458 scientiam
2999 2405 3104 2460 sibi
3125 2407 3322 2461 faciem
3346 2407 3608 2461 vindicet.

2033 2485 2114 2540 Ex
2136 2503 2194 2542 se
2214 2503 2452 2559 namque
2481 2492 2706 2561 suisque
2729 2495 2945 2549 meritis
2969 2535 2984 2559 ,
3036 2511 3193 2549 mens
3219 2497 3398 2549 omnis
3424 2497 3612 2551 forma:

2033 2593 2098 2632 ac
2140 2579 2480 2636 cliaracteris
2517 2598 2715 2652 expers
2752 2585 3013 2652 exsistit;
3071 2586 3363 2641 ascititiam
3402 2587 3612 2641 habens

2032 2671 2263 2727 formam
2284 2714 2298 2738 ,
2354 2675 2440 2728 vel
2471 2690 2594 2745 quae
2621 2676 2888 2730 virtutum
2911 2677 3034 2732 luce
3061 2678 3294 2732 scientia
3325 2678 3378 2731 in
3407 2677 3607 2747 spiritu

2033 2765 2328 2834 clarescit,
2380 2769 2466 2824 vel
2499 2783 2621 2838 qua:
2654 2768 2952 2824 affectuum
2977 2770 3100 2825 labe
3136 2785 3204 2825 ex
3226 2770 3532 2840 ignorantia
3558 2769 3609 2826 ei

2032 2855 2253 2910 accidit.
3257 2885 3260 2888 η

2105 2946 2159 3000 2.
2197 2946 2300 3012 Qui
2330 2947 2601 3001 virtutum
2625 2947 2858 3002 formam
2886 2949 3119 3018 adeptus
3143 2958 3228 3005 est
3246 2991 3261 3016 ,
3303 2964 3410 3019 qua
3435 2948 3611 3004 virtu-

2033 3047 2152 3094 tum
2185 3039 2310 3094 luce
2362 3040 2416 3093 in
2455 3040 2658 3110 spiritu
2688 3040 2876 3094 divina
2901 3039 3130 3096 scientia
3157 3040 3402 3105 nitescit,
3448 3041 3496 3095 is
3523 3041 3610 3095 di-

363 3125 442 3177 ὅτι
485 3123 558 3194 μὴ
593 3119 751 3192 φύσει
779 3119 919 3173 κατὰ
945 3117 1046 3188 τὴν
1077 3117 1330 3187 ὓπαρξιν,
1367 3116 1502 3170 ἀλλὰ
1567 3117 1750 3188 χάριτι
1792 3117 1933 3172 κατὰ

2037 3131 2166 3185 vina
2183 3131 2298 3201 pati
2319 3131 2547 3198 dicitur,
2576 3132 2724 3202 quod
2749 3146 2861 3187 non
2882 3141 3080 3188 natura
3103 3149 3202 3204 per
3219 3133 3606 3199 substantiam,

359 3219 460 3287 τὴν
498 3212 717 3286 μέθεξιν
781 3212 988 3287 ταύτην
1019 3209 1374 3282 προσέλαϐεν.
1431 3209 1489 3262 '0
1523 3209 1580 3261 δὲ
1619 3210 1715 3279 τὴν
1753 3211 1818 3262 ἐκ
1838 3209 1937 3280 χά-

367 3324 511 3380 ριτος
539 3306 614 3376 μὴ
641 3305 934 3375 δεξάμενος
965 3304 1186 3371 γνῶσιν,
1218 3302 1322 3355 κᾶν
1367 3301 1502 3372 λέγῃ
1526 3319 1577 3354 τι
1614 3302 1932 3371 γνωστικὺν,

364 3397 461 3452 οὐκ
487 3397 594 3451 οἶδε
626 3396 766 3450 κατὰ
801 3395 900 3465 τὴν
950 3395 1145 3463 πεῖραν
1184 3391 1278 3444 τοῦ
1318 3391 1614 3463 λεγομένου
1647 3391 1746 3462 τὴν
1773 3391 1934 3445 δύναι-

369 3506 478 3559 μιν.
523 3487 672 3558 Ψιλὴ
721 3485 830 3557 γὰρ
875 3485 1134 3556 μάθησις,
1168 3485 1267 3554 τὴν
1308 3483 1432 3538 καθ’
1469 3484 1584 3550 ἕξιν
1627 3483 1832 3553 γνῶσιν
1869 3484 1930 3537 οὐ

363 3578 597 3633 δίδωσιν.

431 3767 503 3830 γ’.
536 3757 733 3820 Καλῶς
773 3755 918 3810 κατὰ
957 3754 1106 3807 τόνδε
1148 3753 1252 3822 τῆς
1293 3753 1518 3824 Γραφῆς
1565 3751 1688 3806 εἷπε
1723 3753 1817 3806 τὸν
1844 3752 1935 3805 τό-

370 3869 468 3904 πον
499 3848 872 3921 λαμϐάνεσθαι
911 3846 1000 3898 τὸν
1039 3844 1218 3898 Σαούλ
1242 3861 1256 3873 ·
1283 3843 1372 3896 διὰ
1416 3843 1478 3895 τὸ
1512 3843 1654 3896 κατὰ
1707 3841 1936 3905 πολλοὺς

368 3944 425 3994 ὲν
455 3942 635 4001 ἄλλοις
666 3939 852 3999 τόποις
881 3934 1256 4004 λαμϐάνεσθαι
1294 3934 1553 4004 τρόπους,
1585 3931 1724 4003 πρὸς
1751 3931 1848 4002 τὴν
1873 3935 1936 3984 ὲκ

366 4033 467 4105 τῆς
495 4030 734 4103 ἱστορίας
760 4027 1226 4098 ἁναδεικνυμὲνην
1253 4025 1491 4096 θεωρίαν
1520 4023 1818 4096 προσφυῶς
1836 4025 1937 4095 ἅρ-

370 4124 687 4196 μοζόμενον.

2035 3221 2134 3277 sed
2164 3223 2362 3293 gratia,
2399 3223 2727 3292 participato
2763 3238 2885 3277 eam
2923 3239 3152 3278 munere
3182 3225 3325 3278 iniit.
3380 3223 3484 3290 Qui
3513 3239 3611 3278 au-

2037 3321 2147 3366 tem
2198 3329 2310 3368 non
2353 3328 2422 3367 ex
2444 3314 2618 3383 gratia
2665 3322 2866 3369 nactus
2896 3322 2980 3368 est
3005 3312 3316 3379 scientiam,
3369 3313 3474 3368 etsi
3499 3313 3610 3382 spi-

2033 3403 2195 3458 ritale
2213 3404 2423 3474 aliquid
2445 3404 2532 3477 (ad
2552 3403 2841 3460 scientiam
2859 3404 3072 3460 scilicet
3089 3403 3366 3474 spectans)
3385 3404 3605 3470 dixerit,

2033 3497 2183 3552 haud
2235 3507 2417 3578 tamen
2476 3498 2596 3566 ipsa
2638 3495 2982 3567 experientia
3032 3497 3152 3567 ejus
3189 3495 3335 3565 quod
3365 3495 3610 3564 loquitur

2032 3589 2145 3643 vim
2173 3589 2346 3643 novit.
2382 3589 2539 3643 Nuda
2561 3588 2708 3643 enim
2738 3587 3030 3657 disciplina
3061 3586 3349 3642 scientiam
3379 3601 3500 3656 quae
3524 3594 3610 3642 est

2035 3681 2227 3735 habitu
2265 3680 2579 3750 eﬂ‘cctuque
2612 3696 2722 3735 non
2753 3679 2972 3734 tribuit.

2105 3771 2161 3824 5.
2215 3769 2361 3825 Bene
2406 3771 2548 3824 dixit
2598 3771 2776 3840 accipi
2818 3771 3072 3836 Saulem,
3129 3770 3276 3840 quod
3315 3771 3513 3825 attinet
3539 3772 3608 3825 ad

2036 3859 2188 3912 hunc
2233 3858 2537 3927 Scriptura:
2572 3859 2797 3926 locum;
2853 3859 3001 3929 quod
3041 3859 3163 3914 aliis
3184 3860 3322 3916 locis
3346 3862 3496 3915 varie
3519 3877 3612 3915 ac-

2035 3946 2275 4016 cipiatur
2293 3986 2308 4010 ,
2353 3961 2454 4016 pro
2486 3962 2553 4000 eo
2585 3963 2650 4002 ac
2682 3963 2877 4004 sensus
2904 3947 3165 4020 spiritalis
3193 3957 3320 4019 apte
3346 3965 3414 4004 ex
3437 3950 3610 4005 histo-

2040 4037 2122 4090 ria
2151 4037 2516 4093 concinnatus
2533 4038 2774 4094 elicitur.

436 4215 499 4271 δ’.
537 4215 770 4284 Ὥσπερ,
809 4211 994 4282 φησὶν,
1029 4210 1058 4263 ό
1091 4208 1346 4280 παλλακῇ
1402 4205 1937 4276 συναπτόμενος,νό-

371 4325 536 4381 μιμον
574 4307 635 4359 οὐ
658 4305 922 4375 κέκτηται
949 4303 1040 4357 τὸν
1074 4305 1253 4374 γάμον
1272 4318 1286 4334 ·
1321 4300 1496 4365 οὕτως
1523 4301 1551 4352 ὁ
1604 4298 1936 4366 σωματικῶς

362 4399 462 4470 τὴν
521 4397 752 4467 νομικὴν
808 4392 1208 4464 ὲξασκούμενος
1257 4390 1516 4462 μάθησιν,
1555 4387 1789 4459 νόμιμον
1835 4387 1933 4456 τὴν

2039 4391 2313 4460 corporali
2357 4391 2578 4446 ratione
2624 4393 2854 4464 legalem
2888 4394 3236 4465 disciplinam
3266 4395 3399 4452 colit
3436 4398 3613 4467 legiti-

2107 4211 2159 4263 4.
2218 4210 2695 4276 Quemadmodum
2717 4252 2732 4277 ,
2771 4213 2984 4282 inquit,
3019 4212 3114 4283 qui
3148 4213 3330 4284 pellici
3361 4216 3612 4286 jungitur

2037 4300 2344 4369 legitimum
2371 4302 2788 4357 matrimonium
2817 4319 2928 4359 non
2951 4305 3118 4360 habet
3155 4304 3286 4358 :‘sic
3310 4320 3492 4375 neque
3515 4302 3610 4376 qui

257 4559 260 4562 γ
365 4469 502 4563 πρὸς
549 4487 718 4560 αὐτὴν
759 4486 860 4541 οὑκ
898 4486 1013 4557 ἔχει
1063 4485 1398 4557 συμϐίωσιν⁸
1442 4481 1573 4535 νόθα
1618 4479 1824 4550 γεννῶν
1871 4480 1932 4548 ἐξ

2041 4498 2184 4536 mam
2232 4498 2358 4537 cum
2401 4498 2466 4537 ea
2507 4484 2634 4539 vita;
2660 4485 2984 4542 societatem
3006 4487 3146 4553 init;
3209 4491 3394 4559 spuria
3426 4505 3494 4544 ex
3519 4491 3613 4546 illa

365 4583 532 4654 αὐτῆς
553 4582 819 4652 δόγματα,
850 4579 945 4634 καὶ
971 4581 1036 4649 τῇ
1078 4579 1176 4649 τῆς
1207 4575 1408 4650 σαρκὸς
1446 4573 1560 4644 ζωῇ
1609 4572 1935 4644 συμφθειρό·

2039 4573 2268 4643 gignens
2305 4573 2578 4645 dogmata,
2621 4583 2680 4630 et
2727 4592 2849 4648 quae
2874 4593 2985 4633 una
3015 4593 3142 4633 cum
3169 4581 3354 4636 carnis
3384 4581 3500 4636 vita
3530 4582 3614 4638 in-

409 4689 523 4725 ενα.

2039 4670 2273 4718 tereant.
3302 4713 3306 4716 .

368 4691 600 4818 μῖῗύ
634 4761 768 4832 πρὸς
803 4761 984 4831 σῶμα,
1021 4759 1208 4831 φησιν,
1252 4755 1352 4826 τὴν
1403 4752 1686 4825 Γραφικὴν
1716 4752 1935 4822 ἐκδεχό-

2041 4691 2273 4718 ιυιυᾶιιι.
3302 4713 3306 4716 -
3441 4709 3456 4724 ο

2103 4755 2156 4809 5.
2192 4755 2296 4822 Qui
2319 4771 2386 4810 ex
2405 4758 2674 4827 corporis,
2699 4757 2901 4829 inquit,
2929 4760 3144 4817 ratione
3201 4761 3611 4834 Scripturarum

367 4868 525 4919 μενος
557 4851 810 4921 μάθησιν,
845 4851 945 4921 τὴν
975 4849 1096 4904 κατ’
1143 4847 1429 4920 ἐνέργειαν
1460 4845 1519 4910 ἐξ
1563 4845 1736 4916 αὐτῆς
1763 4845 1935 4916 ἀμαρ-

2034 4845 2345 4902 doctrinam
2376 4849 2580 4920 accipit
2615 4859 2781 4920 atque
2806 4854 3068 4922 exponit,
3125 4865 3413 4924 peccatum
3445 4872 3610 4924 opere

362 4939 484 4993 τίαν
525 4938 862 5002 διδάσκεται,
902 4939 997 4992 καὶ
1031 4938 1131 5010 τὴν
1166 4937 1309 4990 κατὰ
1359 4934 1483 4989 νοῦν
1521 4934 1620 5004 τῆς
1662 4934 1935 5004 ἁμαρτίας

2034 4936 2268 4994 docetur
2290 4979 2305 5003 ,
2366 4947 2424 4994 et
2452 4948 2515 4994 ut
2538 4940 2672 4994 illud
2704 4951 2893 4998 mente
2917 4943 3238 5009 meditetur,
3272 4945 3611 5014 voluptatem

368 5029 596 5102 μελέτην
622 5048 637 5062 ο
667 5032 902 5102 τρυφὴν,
934 5033 1030 5084 καὶ
1070 5027 1363 5090 συνουσίας
1388 5027 1674 5098 δικρατεῖς,
1705 5026 1800 5078 καὶ
1838 5025 1935 5094 φό-

2035 5029 2267 5096 scilicet,
2300 5031 2609 5101 impudicos
2633 5033 2836 5101 coitus,
2868 5035 3045 5090 caedes
3077 5052 3093 5089 :
3126 5050 3347 5090 omnem
3370 5035 3610 5107 denique

437 5184 456 5256 (
473 5184 526 5254 f)
559 5185 659 5250 Ὠς
684 5185 767 5254 μὴ
803 5187 1188 5258 οἰκειότατονἸ
1212 5181 1532 5258 Necessario
1555 5179 1728 5258 adieci
1757 5193 1922 5258 nega-

2034 5182 2133 5246 sio,
2191 5199 2288 5238 seu
2326 5183 2502 5258 magis
2527 5200 2682 5239 usus.
2713 5183 2805 5239 Sic
2843 5185 3030 5258 itaque
3056 5185 3610 5258 lexquasipaedago—

366 5250 554 5328 tivam,
587 5250 708 5328 quae
734 5254 819 5308 vel
857 5254 1191 5328 exscribcnti
1225 5252 1518 5316 exciderit,
1550 5251 1634 5304 vel
1662 5250 1925 5328 An_tiqua-
2029 5268 2129 5328 gus
2160 5254 2402 5328 parvulis
2425 5250 2560 5308 data
2583 5263 2716 5328 ‘est,
2765 5269 2829 5308 ac
2860 5250 3038 5310 donec
3086 5250 3259 5328 adulti
3323 5250 3434 5326 jam
3501 5250 3607 5328 lcgi

367 5269 554 5320 tivam,
587 5270 708 5324 quas
734 5269 819 5308 vel
857 5269 1191 5310 exscriucnti
1225 5269 1518 5316 exemerit,
1550 5269 1634 5304 vei
1662 5269 1925 5320 antiqua-
2029 5269 2129 5377 gus
2160 5269 2402 5322 parvuns
2433 5269 2560 5308 aata
2610 5269 2716 5319 est,
2765 5269 2829 5308 ac
2860 5269 3038 5310 donec
3086 5269 3259 5309 aautti
3323 5273 3434 5326 1am
3501 5269 3607 5328 tegi

367 5327 470 5391 rio,
501 5342 568 5382 ex
597 5326 754 5395 cujus
773 5325 1074 5395 exemplari
1098 5325 1203 5380 alia
1232 5327 1530 5393 propagata
1559 5337 1575 5395 :_
1606 5321 1751 5395 quod
1809 5321 1926 5395 haec
2072 5323 2273 5392 piritus
2294 5323 2596 5391 comparati
2619 5339 2867 5395 essemus
2891 5341 2903 5378 :
2929 5340 3048 5395 quo
3080 5325 3245 5395 etiam
3278 5329 3607 5395 percontatio

364 5390 682 5453 sit’natura
731 5390 952 5458 mutui;
965 5395 1077 5464 jam
1131 5390 1355 5464 quoque
1391 5390 1648 5464 superius
1693 5391 1926 5464 Maximo
1966 5403 1971 5409 '
2033 5390 2136 5456 est,
2164 5401 2220 5447 et
2251 5400 2311 5446 ut
2342 5390 2687 5464 percontatio
2725 5390 3299 5458 habenda,desiderio
3335 5405 3608 5464 praestans

363 5470 656 5538 explicata,
698 5473 760 5518 ut
796 5459 1071 5528 mutuum,
1100 5459 1356 5538 non__rata
1393 5459 1672 5538 possessio
1708 5460 1925 5538 sit,.sed
2034 5477 2322 5538 assurgere
2343 5459 2426 5538 ad
2473 5462 2640 5538 bona
2687 5479 2810 5538 quae
2849 5464 3083 5538 indicat,
3109 5478 3227 5538 non
3272 5459 3430 5535 quasi
3469 5466 3606 5538 ipsa

365 5529 452 5592 ad'
473 5547 690 5606 tempus
707 5551 819 5590 non
859 5549 1089 5606 prorsus
1121 5534 1374 5606 abdicato
1394 5529 1498 5586 ’rei
1525 5529 1771 5606 dominio
1821 5529 1925 5600 ipsi
2031 5529 2544 5606 ilgloruinuadeptio.
2589 5529 2895 5606 Sic:brevi
2943 5529 3306 5606 medicamine
3353 5529 3609 5593 restituta

365 5600 818 5677 feneran'tipaut
859 5600 943 5658 'in
1002 5621 1130 5660 eum
1180 5603 1464 5665 translato,
1513 5600 1608 5670 qui
1671 5611 1929 5677 mutuum
2029 5600 2473 5677 Maximilittcfa,
2509 5603 2719 5677 tota‘ad
2754 5605 2959 5659 calcem
2996 5604 3075 5677 sic
3107 5605 3284 5677 spisso
3325 5607 3597 5677 varioque

366 5677 586 5751 accipit,
621 5671 716 5751 sed
751 5675 1259 5751 ad___su_mmum_per
1293 5681 1531 5751 tempus;
1561 5685 1672 5751 quo
1695 5671 1928 5740 perejus
2030 5689 2200 5744 opere
2235 5675 2533 5738 ἄπταιστος
2574 5673 2830 5744 labisque
2859 5691 2996 5746 pura
3027 5671 3294 5730 decurrit.

368 5744 765 5820 indulgentiam
791 5744 873 5802 illi
901 5745 1085 5813 durat,
1116 5745 1209 5802 illa
1223 5744 1386 5816 quasi
1419 5744 1669 5814 precaria
1708 5753 1927 5810 posses-
