4154 6322
549 345 653 411 775

1732 331 1791 391 s.
1828 329 2114 390 MAXIMI
2154 317 2660 394 CONFESSORIS

3697 359 3794 425 776

545 449 643 506 Dei
707 454 1017 504 creaturam
1076 463 1141 504 ex
1205 449 1341 520 legis
1399 448 1584 504 littera
1633 447 1941 503 abominari
1993 461 2127 501 con—

2232 465 2378 512 νους,
2411 450 2506 503 καὶ
2536 451 2718 506 πᾶσαν
2743 450 2837 506 τοῦ
2883 450 3018 504 Θεοῦ
3053 450 3464 522 βεδελύττεσθαι
3499 453 3596 525 τὴν
3628 455 3798 510 κτίσιν

547 544 734 600 discit.

621 637 674 691 6.
721 635 998 705 Spiritalis
1032 635 1144 689 alio
1170 649 1334 690 sensu
1367 632 1762 688 consideratio.
1797 631 2121 698 Anathema,

547 727 641 784 hic
674 741 894 798 quoque
934 727 1176 781 mundus
1224 727 1430 782 dicitur
1455 767 1470 793 ,
1511 736 1570 780 ut
1595 727 1692 795 qui
1718 723 2126 780 maledictionis

546 821 706 876 locus
726 821 817 875 sit.
854 820 1015 875 Hunc
1042 819 1276 875 libidine
1308 828 1371 874 ut
1399 819 1585 890 gignat
1614 824 1997 888 comparatum
2031 821 2126 871 ha-

547 913 660 978 bet,
697 913 793 983 qui
828 921 1013 968 mente
1044 913 1114 968 ad
1146 913 1286 984 legis
1315 911 1577 982 spiritum
1607 925 1720 965 non
1743 913 1959 966 transit.

613 1005 666 1058 7.
734 1004 795 1063 In
826 1019 957 1074 quo,
1007 1005 1210 1075 inquit,
1259 1003 1555 1059 affectione
1581 1003 1890 1069 trahimur,
1929 1003 1998 1060 de
2029 1005 2126 1060 illo

547 1111 770 1166 quoque
807 1104 992 1152 mente
1019 1096 1347 1167 cogitamus.

618 1189 670 1243 8.
721 1189 844 1243 Alio
880 1190 1011 1244 item
1061 1189 1298 1260 spiritali
1331 1204 1500 1245 sensu
1532 1188 1826 1244 anathema
1847 1196 1967 1254 est,
2002 1188 2130 1247 libi—

549 1279 739 1335 dinum
771 1289 954 1336 motus
985 1281 1298 1338 simulacris
1319 1297 1522 1337 vacans
1571 1299 1585 1334 :
1629 1279 1756 1336 Oris
1776 1281 1980 1350 pudor,
2012 1297 2131 1336 mo—

550 1380 639 1426 tus
683 1371 884 1426 mentis
938 1386 1006 1425 ex
1039 1387 1238 1427 sensus
1272 1372 1486 1428 ratione
1531 1371 1822 1431 lib'idinem
1861 1371 2125 1439 formans,

551 1463 856 1533 subtilique
898 1463 1140 1534 cogitatu
1190 1479 1255 1519 ac
1285 1463 1594 1519 rationibus
1626 1462 2045 1522 convenientem
2076 1463 2129 1518 ei

549 1556 838 1612 materiam
863 1555 1210 1613 ministrans.

622 1647 677 1702 9.
729 1648 835 1703 Per
863 1648 1184 1719 synaeresin,
1219 1663 1384 1717 quam
1413 1656 1644 1713 vocant,
1680 1657 1794 1703 tres
1813 1655 1996 1703 textus
2019 1646 2130 1716 spi-

552 1739 738 1795 ritales
766 1755 962 1796 sensus
994 1756 1059 1796 ac
1083 1739 1561 1795 considerationes
1589 1742 1867 1810 exposuit.

621 1832 707 1887 10.
742 1831 848 1899 Qui
876 1833 933 1887 in
959 1834 1203 1891 animum
1230 1833 1448 1888 induxit
1474 1842 1770 1903 ratumque
1798 1833 1969 1888 habet
1989 1832 2130 1887 divi-

550 1939 675 1978 nam
711 1938 834 1980 esse
867 1925 1322 1984 constitutionem
1374 1939 1609 1994 corpore
1645 1939 1714 1978 ex
1747 1923 1882 1994 legis
1915 1923 2130 1978 ratione

549 2017 796 2072 deliciari
827 2017 1034 2088 gulam.
1063 2020 1220 2089 quasi
1250 2017 1344 2072 Dei
1369 2016 1576 2071 donum
1610 2032 1736 2071 cum
1755 2016 1960 2088 gaudio
1975 2016 2030 2069 in
2049 2015 2131 2069 vi-

550 2115 617 2162 ta:
643 2108 963 2163 societatem
996 2108 1225 2178 recipit,
1282 2107 1589 2177 modosque
1618 2121 1884 2162 sensuum
1919 2107 2032 2160 vim
2064 2119 2130 2160 ac

546 2203 926 2272 operationem
951 2203 1127 2258 abusu
1148 2203 1462 2272 polluentes
1489 2217 1558 2262 ex
1580 2217 1646 2258 ea
1669 2200 1921 2272 suscipit.

619 2294 708 2348 11.
769 2293 1066 2351 Succincta
1107 2309 1300 2349 eorum
1335 2310 1457 2364 quae
1489 2293 1747 2364 superius
1788 2293 1845 2350 in
1876 2292 2132 2352 conside-

549 2385 817 2442 rationem
841 2395 1119 2445 venerunt
1144 2387 1472 2456 resumptio,
1500 2401 1609 2457 qua
1625 2385 1886 2451 catendit,
1901 2386 1995 2456 qui
2009 2401 2131 2444 cor-

546 2477 722 2546 porali
768 2477 980 2532 ratione
1035 2477 1214 2546 legem
1262 2484 1542 2546 exponat,
1609 2477 1730 2546 ejus
1781 2473 2128 2544 disciplinam

549 2566 761 2636 pellicis
788 2566 911 2621 loco
935 2566 1168 2633 habere;
1211 2565 1618 2636 libidinumque
1642 2565 1893 2622 habitum
1923 2564 2131 2634 pariter

547 2666 840 2728 actumque
869 2658 1094 2730 gignere
1120 2701 1136 2726 ,
1202 2674 1287 2726 ac,
1321 2659 1481 2730 quasi
1513 2657 1779 2721 divinam,
1817 2657 1874 2716 in
1902 2657 2129 2715 domum

545 2750 728 2819 gulam
784 2750 1086 2816 inducere,
1155 2766 1225 2806 ex
1261 2766 1370 2820 qua
1416 2749 1564 2805 modi
1599 2765 1697 2819 per
1725 2747 1959 2802 abusum
1992 2763 2130 2806 con-

545 2841 871 2910 spurcandis
895 2842 1156 2897 sensibus
1177 2842 1451 2907 oriantur,
1474 2840 1867 2909 naturalesque
1887 2837 1947 2898 in
1962 2839 2131 2899 rebus

546 2937 790 2992 rationes
822 2952 888 2994 ac
915 2937 1128 2993 semina
1152 2935 1516 3005 perimantur.

619 3027 706 3084 12.
745 3028 854 3094 Qui
889 3027 944 3084 in
977 3028 1116 3098 legis
1138 3028 1405 3099 symbolis
1429 3036 1699 3093 moratur,
1737 3044 1924 3084 rerum
1950 3044 2020 3086 ex
2044 3041 2130 3084 ra-

2229 540 2293 594 ἑκ
2315 539 2412 596 τοῦ
2442 543 2770 612 γράμματος
2796 543 2890 596 τοῦ
2932 545 3100 614 νόμου
3140 545 3490 613 μινθάνεται.

2301 639 2376 696 ς’.
2405 632 2626 706 Θεωρία
2655 638 2776 690 κατ’
2808 636 2978 707 ἄλλην
3009 637 3292 709 ἐπιϐολήν.
3338 639 3612 710 Ἀνάθεμα
3649 640 3800 712 λέγε-

2227 738 2319 776 ται
2369 725 2462 778 καὶ
2494 727 2522 779 ὀ
2555 727 2762 795 κόσμος
2812 723 2989 792 οὗτος,
3035 732 3063 782 ὁ
3119 731 3422 801 καταδίκης
3469 733 3703 802 χωρίον’
3745 734 3801 787 ὃν

2228 816 2428 885 γεννᾷν
2447 818 2513 886 τῇ
2539 818 2884 890 προσπαθείᾳ
2909 821 3176 889 πέφυκεν,
3197 823 3226 877 6
3252 823 3328 893 μὴ
3349 822 3484 895 πρὸς
3507 825 3570 879 τὸ
3587 825 3801 897 πνεῦμα

2229 905 2326 962 τοῦ
2359 909 2528 978 νόμου
2565 909 2708 964 κατὰ
2733 911 2860 965 νοῦν
2888 911 3203 970 διαϐαίνων.

2301 1000 2366 1063 ζ’.
2398 999 2522 1054 Ὅτι
2547 1003 2686 1073 πρὸς
2711 1003 2740 1056 ὃ
2766 1005 3053 1073 σχετικῶς,
3087 1009 3244 1077 φησὶ,
3272 1007 3618 1078 διακείμεθα,
3661 1010 3796 1080 πρὸς

2229 1091 2408 1145 ἐκεῖνο
2433 1093 2529 1146 καὶ
2554 1093 2658 1164 τὴν
2689 1093 2832 1148 κατὰ
2857 1095 2982 1150 ναῦν
3029 1097 3261 1168 μελέτην
3287 1098 3624 1170 κεκτήμεθα.

2303 1191 2372 1254 η’.
2414 1186 2551 1238 Κατ’
2595 1184 2762 1256 ἄλλην
2803 1186 3060 1258 Θεωρίαν,
3113 1190 3197 1243 ὃτι
3243 1190 3499 1260 ἀνάθεμά
3529 1192 3672 1256 ἔστι,
3710 1194 3803 1246 καὶ

2228 1278 2262 1346 ἡ
2301 1276 2411 1332 τῶν
2439 1277 2630 1333 παθῶν
2677 1277 2964 1344 ἁνείδωλος
3013 1281 3266 1351 κίνησις·
3301 1284 3530 1354 αἰσχύνη
3578 1284 3636 1339 δὲ
3682 1285 3804 1338 στό-
3852 1328 3874 1346 ,

2234 1383 2423 1436 ματος,
2448 1370 2481 1438 ἡ
2515 1368 2575 1422 τὸ
2609 1367 2780 1433 πάθος
2831 1370 3176 1426 είδοποιοῦσα
3218 1373 3356 1443 πρὸς
3408 1373 3664 1444 αἴσθησιν
3712 1374 3806 1428 τοῦ

2231 1459 2324 1514 νοῦ
2353 1461 2592 1533 κίνησις,
2627 1463 2724 1517 καὶ
2770 1466 2894 1527 ταῖς
2939 1465 3205 1529 ἐπινοίαις
3253 1465 3387 1537 ὕλην
3421 1468 3686 1539 ἁρμόδιον
3731 1467 3808 1538 τῷ

2233 1554 2398 1608 πάθει
2432 1555 2754 1626 πορίζουσα.

2302 1647 2368 1704 θ’.
2397 1647 2554 1702 Κατά
2594 1647 2905 1719 συναίρεσιν
2949 1649 3048 1713 τὰς
3077 1651 3227 1720 τρεῖς
3266 1650 3503 1722 θεωρίας
3537 1649 3631 1706 τοῦ
3687 1669 3807 1705 κει-

2158 1791 2203 1848 B
2235 1739 2395 1810 μένου
2420 1739 2707 1805 ἐξέδωκεν.

2305 1836 2358 1884 ι’.
2407 1830 2466 1883 '0
2497 1829 2743 1894 πεισθεὶς
2780 1830 2932 1886 θείαν
2972 1825 3112 1890 εἶναι
3149 1832 3414 1904 διαταγὴν
3461 1835 3524 1888 τὸ
3573 1852 3812 1906 σωματι-

2232 1919 2344 1983 κῶς
2389 1921 2530 1974 κατὰ
2574 1921 2738 1990 νόμον
2799 1925 3035 1994 τρυφᾷν,
3083 1923 3182 1994 τὴν
3243 1926 3688 1995 γαστριμαργίαν
3735 1927 3810 1990 ὡς

2230 2012 2366 2065 Θεοῦ
2399 2012 2572 2084 δῶρον
2604 2012 2873 2084 λαμϐάνει
2902 2015 3041 2084 μετὰ
3068 2017 3247 2087 χαρᾶς
3295 2017 3431 2088 πρὸς
3461 2019 3772 2088 συμϐίωσιν
3792 2035 3805 2047 ·

2230 2103 2291 2166 ἐξ
2322 2099 2389 2176 ἦς
2422 2105 2584 2174 γεννᾷ
2639 2106 2765 2167 τοὺς
2823 2105 3156 2175 μολύνοντας
3201 2109 3267 2178 τῇ
3309 2095 3662 2180 παραχρήσει
3711 2111 3813 2180 τὴν

2231 2195 2516 2266 ἐνέργειαν
2543 2195 2650 2250 τῶν
2689 2196 2996 2268 αἰσθήσεων
3025 2200 3278 2269 τρόπους.

2313 2294 2402 2342 ια’.
2447 2287 2736 2358 Ἐπίτομος
2765 2289 2874 2342 τῶν
2907 2289 3401 2362 προθεωρηθέντων
3438 2293 3809 2366 ἐπανάληψις,

2229 2382 2296 2436 δι’
2326 2377 2395 2454 ἧς
2423 2380 2700 2436 δείκνυσιν
2747 2383 2879 2436 ὄτιό
2925 2383 3257 2453 σωματικῶς
3303 2385 3671 2458 ἐκλαμϐάνων
3721 2389 3812 2442 τὸν

2230 2472 2415 2541 νόμον,
2444 2473 2544 2543 τὴν
2567 2473 2734 2526 αὐτοῦ
2766 2475 3171 2529 παλλακεύεται
3198 2476 3440 2546 μάθησιν
3463 2495 3476 2509 ι
3511 2479 3608 2532 καὶ
3642 2483 3813 2551 γεννᾷ

2231 2564 2333 2634 τήν
2355 2580 2417 2618 τε
2444 2563 2552 2617 τῶν
2576 2563 2765 2620 παθῶν
2804 2565 2918 2630 ἕξιν
2959 2567 3054 2620 καὶ
3091 2568 3192 2639 τὴν
3230 2569 3516 2640 ἐνέργειαν
3538 2586 3553 2601 ⁸
3591 2573 3690 2629 καὶ
3740 2573 3813 2636 ὡς

2231 2654 2384 2709 θείαν
2405 2655 2758 2720 είαοικίζεται
2788 2657 2886 2729 τὴν
2915 2660 3386 2732 γαστριμαργίαν,
3421 2663 3559 2733 πρὸς
3587 2663 3814 2732 γένεσιν

2229 2745 2344 2800 τῶν
2370 2748 2742 2815 ρυπαινόντων
2771 2752 2836 2820 τῇ
2876 2752 3226 2821 παραχρήσει
3251 2753 3347 2816 τὰς
3374 2753 3658 2824 αἰσθήσεις
3681 2758 3816 2827 τρό-

2231 2852 2349 2889 πων
2367 2852 2380 2865 ο
2413 2837 2496 2900 είς
2525 2838 2808 2907 ἀναίρεσιν
2836 2838 2945 2897 τῶν
2975 2842 3034 2894 ὲν
3063 2843 3175 2904 τοῖς
3199 2837 3318 2898 οὖσι
3349 2844 3598 2912 φυσικῶν
3631 2843 3813 2915 λόγων

2228 2945 2289 2984 τε
2323 2930 2418 2984 καὶ
2451 2930 2808 3001 σπερμάτων.

2306 3017 2395 3088 ιβ’.
2453 3020 2513 3075 '0
2531 3023 2644 3084 τοῖς
2675 3020 2966 3090 συμϐόλοις
2997 3023 3094 3078 τοῦ
3137 3023 3328 3096 νόμου,
3358 3025 3554 3098 φησὶν,
3606 3027 3814 3086 ἐναπο-

547 3118 698 3174 tione
730 3117 891 3188 297
927 3127 1181 3178 naturam
1214 3117 1425 3182 videre,
1461 3118 1774 3187 inditasque
1793 3119 2128 3176 substantia-

2238 3111 2436 3180 μένων,
2465 3109 2528 3164 οὐ
2557 3109 2782 3166 δύναται
2808 3110 2951 3167 κατὰ
2979 3111 3139 3181 λόγον
3160 3113 3261 3184 τὴν
3297 3115 3408 3172 τῶν
3439 3118 3610 3171 ὄντων
3643 3119 3816 3186 φύσιν

547 3208 676 3262 liter
703 3222 734 3262 a
752 3207 1012 3266 Creatore
1038 3207 1205 3268 rebus
1236 3207 1480 3266 rationes
1512 3208 1754 3267 nancisci
1782 3225 1893 3270 non
1919 3216 2123 3279 potest,

545 3297 622 3354 ob
639 3297 922 3369 signorum
952 3313 985 3357 a
1012 3313 1199 3359 rerum
1231 3307 1432 3358 natura
1457 3297 1778 3358 discrimen.

621 3475 707 3530 t5.
732 3473 1028 3530 Naturales
1048 3474 1294 3532 rationes
1339 3473 1486 3548 ligna
1513 3483 1880 3544 comportant,
1908 3490 2029 3546 quae
2058 3476 2126 3534 ad

549 3565 864 3622 divinorum
934 3563 1222 3624 scientiam
1283 3579 1559 3635 propense
1640 3567 1870 3624 materia
1935 3565 2124 3622 ﬁant:

551 3670 748 3725 aquam
803 3669 936 3710 vero
987 3655 1230 3710 afferunt
1277 3655 1516 3710 eluendo
1561 3654 1795 3711 allectus
1822 3697 1837 3722 ,
1884 3666 1948 3710 ut
2003 3672 2128 3727 qua:

550 3744 735 3800 vitalis
789 3745 846 3799 in
915 3745 1116 3815 spiritu
1182 3747 1525 3816 operationis
1571 3759 1927 3819 augmentum
1989 3764 2129 3820 prae-

549 3838 737 3893 beant.

622 3933 713 3987 M.
763 3933 885 3990 Alia
915 3931 1239 3992 eommdem
1284 3929 1552 4001 spiritalis
1603 3931 1994 4000 consideratio,
2018 3947 2126 4002 qua

549 4039 650 4095 per
666 4010 997 4079 Gabaonitas
1016 4023 1262 4094 gentium
1285 4023 1502 4082 voeatio
1519 4031 1748 4092 exponat
1761 4039 1844 4078 ur.

625 4116 710 4169 15.
738 4116 1021 4170 Materiam
1047 4123 1104 4168 et
1128 4113 1361 4168 formam
1381 4113 1614 4184 spiritali
1641 4129 1809 4168 sensu
1836 4113 2126 4169 Ermonthi

548 4211 608 4260 et
629 4201 1109 4272 Memphibosthe;
1153 4203 1400 4272 quinque
1442 4217 1580 4261 vero
1605 4217 1868 4258 sensuum
1902 4203 2126 4259 abusio-

551 4311 702 4361 nem,
744 4295 998 4354 Merobes
1045 4295 1297 4365 quinque
1338 4295 1482 4354 ﬁlios
1532 4296 1787 4362 vocavit;
1823 4310 1964 4365 quos
1989 4295 2128 4352 alios

2231 3203 2383 3272 ὁρᾷν,
2417 3203 2511 3256 καὶ
2557 3204 2684 3265 τοὺς
2712 3203 2968 3268 τεθέντας
3012 3206 3287 3288 οὐσιωδῶς
3334 3209 3440 3262 ὑπὸ
3467 3210 3814 3283 δημιουργοῦ

2231 3294 2344 3355 τοῖς
2369 3288 2487 3348 οὖσι
2520 3292 2715 3361 λόγους
2755 3295 3184 3366 περιποιεῖσθαι,
3220 3297 3310 3352 διὰ
3349 3298 3412 3352 τὸ
3459 3301 3572 3354 τῶν
3603 3303 3816 3372 συμβό-

2233 3382 2342 3440 λων
2367 3383 2502 3454 πρὸς
2525 3383 2622 3453 τὴν
2647 3384 2757 3438 τῶν
2787 3387 2956 3441 ὄντων
3000 3386 3164 3455 φύσιν
3191 3388 3472 3458 διάφορον.

2307 3480 2394 3541 ιγ’.
2435 3472 2798 3546 Ξυλοφοροῦσι
2834 3477 2935 3546 μὲν
2987 3480 3036 3532 oi
3088 3476 3233 3546 λόγοι
3283 3480 3382 3548 τῆς
3420 3480 3674 3548 φύσεως,
3716 3483 3814 3552 ὕλη

2233 3565 2367 3635 πρὸς
2386 3567 2484 3636 τὴν
2510 3567 2710 3634 γνῶσιν
2754 3567 2862 3620 τῶν
2909 3569 3069 3621 θείων
3107 3569 3384 3637 γινόμενοι
3404 3587 3420 3602 ο
3447 3570 3812 3642 ὑδροφοροῦσι

2231 3659 2289 3711 δὲ
2322 3658 2482 3730 ptitva
2512 3658 2794 3722 ποιοῦντες
2819 3658 3031 3727 παθῶν,
3054 3661 3149 3714 καὶ
3172 3661 3409 3715 διάδοσιν
3430 3663 3530 3732 τῆς
3552 3665 3613 3717 ὲν
3648 3665 3814 3718 πνεύ-

2235 3767 2368 3820 ματι
2396 3748 2632 3821 ζωτικῆς
2659 3751 2960 3822 ἐναργείας.

2304 3920 2385 3976 ιδ’.
2426 3921 2596 3994 ’Ἄλλη
2623 3923 2828 3996 θεωρία
2854 3924 2962 3989 τῶν
2983 3926 3564 4002 αὐτῶν,είσηγουμένη
3584 3929 3681 3986 διὰ
3703 3933 3809 3986 τῶν

2231 4013 2595 4070 Γαδαωνιτῶν
2623 4016 2722 4086 τὴν
2749 4017 2944 4086 κλῆσιν
2974 4018 3083 4073 τῶν
3119 4019 3312 4076 ἐθνῶν.

2306 4104 2386 4157 ιε’.
2425 4103 2600 4174 ’Ὑλην
2621 4099 2741 4158 εἷπε
2782 4107 2876 4160 καὶ
2921 4102 3060 4173 εῐδος
3103 4110 3245 4164 κατὰ
3284 4110 3516 4182 θεωρίαν
3551 4112 3648 4169 τὸν
3687 4115 3808 4187 Ἐρ-

2234 4193 2392 4263 μονθὶ⁸
2439 4193 2534 4248 καὶ
2563 4193 2656 4248 τὸν
2693 4195 3044 4266 Μεμφιὸοσθὲ
3064 4240 3080 4266 ,
3114 4203 3212 4254 καὶ
3268 4203 3585 4273 πενταπλῆν
3633 4209 3811 4278 παρά-

2231 4301 2426 4357 χρησιν
2449 4286 2558 4342 τῶν
2586 4289 3052 4362 αἰσθήσεων,τοὺς
3085 4293 3245 4348 πέντε
3274 4295 3372 4364 τῆς
3401 4295 3608 4366 Μερὼό
3639 4299 3806 4361 υἱούς·

550 4387 678 4443 aliis
725 4388 1066 4458 coniungens
1095 4387 1139 4459 ι(
1157 4402 1380 4444 sensum
1429 4387 1642 4442 scilicet
1697 4401 1824 4444 cum
1898 4387 2126 4441 materia

2231 4377 2325 4441 οὓς
2370 4379 2624 4450 ἀλλήλοις
2661 4385 2924 4454 συνάψας,
2977 4388 3144 4456 ἤγουν
3185 4387 3284 4460 ὓλῃ
3320 4387 3415 4444 καὶ
3451 4389 3581 4442 εῖδει
3641 4408 3805 4462 προσ-

549 4486 608 4534 et
654 4477 832 4534 forma
871 4479 941 4534 ad
989 4478 1126 4548 legis
1160 4493 1286 4536 cum
1331 4491 1498 4536 carne
1541 4477 1887 4534 conﬂandam
1935 4493 2128 4533 neces-

2236 4471 2436 4536 πλέξας
2478 4473 2578 4544 τὴν
2608 4473 2860 4545 αἴσθησιν
2893 4476 2979 4535 διὰ
2999 4479 3098 4547 τὴν
3135 4478 3270 4552 πρὸς
3296 4479 3474 4548 σάρκα
3511 4477 3606 4532 τοῦ
3643 4481 3807 4551 νόμου

550 4567 857 4626 situdiuem
917 4568 1249 4639 innectens)
1310 4568 1406 4637 qui
1483 4569 1600 4624 sola
1661 4569 1849 4623 littera
1907 4584 2128 4624 sensum

2233 4563 2511 4631 σύστασιν,
2529 4567 2557 4618 ὁ
2574 4571 2733 4638 μόνον
2753 4567 2844 4622 τὸν
2867 4569 2990 4622 νοῦν
3012 4570 3366 4641 περιγράφων
3393 4569 3472 4640 τῷ
3493 4571 3805 4643 γράμματι,

551 4659 1001 4722 circumscribit,
1057 4659 1332 4713 carnalem
1391 4660 1438 4714 is
1491 4659 1715 4729 quidem
1764 4659 2022 4715 allectum
2065 4676 2132 4716 ac

551 4750 862 4808 libidinem"
899 4749 1097 4816 ellicit;
1143 4758 1200 4808 at
1238 4751 1521 4808 naturales
1575 4751 1822 4807 rationes
1872 4765 2128 4807 corrum-

549 4840 650 4911 pit.

624 4933 710 4988 16.
769 4932 973 4990 Vitium
1025 4931 1143 5004 (seu
1207 4929 1412 5000 passio)
1468 4940 1526 4990 et
1583 4938 1783 4988 natura
1822 4934 2128 4989 secundum

549 5025 802 5148 eamdem
849 5024 1069 5085 essendi
1112 5025 1384 5100 rationem
1428 5023 1574 5080 inter
1616 5038 1676 5080 se
1720 5023 1868 5082 haud
1913 5030 2130 5085 coexsi-

550 5105 675 5148 stun
709 5135 723 5148 .

549 5105 723 5152 stunt.

622 5187 710 5240 17.
750 5185 851 5240 Cui
882 5202 994 5240 non
1037 5185 1222 5240 animo
1275 5199 1604 5253 persuasum
1659 5200 1744 5246 est
1785 5191 2130 5264 Scripturam

549 5280 855 5351 spiritalem
899 5295 1044 5346 esse,
1079 5293 1187 5349 qua
1239 5277 1472 5345 laborat,
1527 5297 1637 5336 non
1667 5287 1838 5339 sentit
1883 5287 2130 5344 scientia:

546 5382 867 5444 egestatem.

623 5462 708 5515 18.
731 5462 868 5516 Cum
893 5464 1086 5528 David,
1119 5465 1437 5525 Judzeorum
1469 5484 1636 5524 sensu
1660 5479 1722 5524 ut
1750 5470 1924 5540 legem
1963 5473 2128 5544 signi-

555 5549 698 5616 ﬁcet,
726 5554 987 5620 sumitur,
1020 5559 1216 5625 spretio
1253 5560 1498 5614 nominis
1542 5571 1726 5632 etymo
1773 5563 1997 5627 dicitur,
2057 5565 2128 5619 ob

557 5643 831 5696 carnalem
854 5643 1165 5700 divinorum
1181 5648 1553 5719 legitimorum
1582 5653 1966 5708 traditionem:
2003 5671 2127 5710 cum

555 5740 686 5786 vero
709 5730 1028 5788 Christiano
1053 5736 1163 5790 ritu
1196 5739 1457 5808 spiritum
1480 5741 1770 5811 signiﬁcat,
1807 5746 1962 5814 fortis
2013 5749 2127 5802 visu

2229 4655 2290 4706 τὸ
2323 4656 2421 4725 μὲν
2453 4659 2714 4727 σαρκικὸν
2747 4659 2919 4724 πάθος
2955 4663 3211 4714 ἀποτελεῖ
3249 4679 3259 4691 ·
3292 4663 3419 4725 τοὺς
3455 4662 3512 4715 δὲ
3542 4664 3805 4731 φυσικοὺς

2229 4744 2532 4819 διαφθείρει
2563 4748 2768 4818 λόγους.

2305 4934 2401 4992 ις’.
2442 4928 2562 4984 Ὀτι
2597 4930 2766 4994 πάθος
2792 4932 2886 4988 καὶ
2939 4933 3101 5000 φύσις
3133 4933 3275 4993 κατὰ
3306 4934 3396 4988 τὸν
3424 4935 3521 4990 τοῦ
3546 4931 3690 4992 εἶναι
3718 4933 3804 4988 λό-

2231 5035 2352 5088 γον,
2378 5021 2630 5093 οὐδαμῶς
2653 5023 2904 5096 άλλήλοις
2934 5027 3362 5097 συνυπάρχουσι.

2306 5193 2390 5260 ις’.
2439 5196 2499 5249 '0
2544 5195 2618 5268 μὴ
2669 5198 2974 5264 πιστεύων,
3028 5202 3199 5271 φησὶ,
3234 5200 3333 5272 τὴν
3385 5201 3606 5274 Γραφὴν
3665 5199 3805 5255 εἶναι

2230 5289 2635 5361 πνευματικὴν,
2671 5291 2772 5362 τὴν
2819 5293 3027 5348 οἰκείαν
3060 5294 3202 5348 κατὰ
3233 5295 3332 5366 τὴν
3374 5295 3575 5364 γνῶσιν
3613 5294 3800 5346 πενίαν

2229 5382 2329 5436 οὐκ
2355 5383 2690 5438 αἰσθάνεται.

2311 5482 2400 5544 ιη’.
2433 5475 2625 5542 Ὅταν,
2655 5481 2842 5551 φησὶν,
2881 5482 2910 5532 ὁ
2949 5481 3115 5534 Δαδὶδ
3143 5483 3222 5545 εἰς
3255 5481 3346 5533 τὸν
3384 5482 3550 5551 νόμον
3585 5478 3795 5550 λαμϐά-

2230 5582 2403 5632 νεται,
2428 5571 2549 5621 κατ’
2591 5569 2897 5637 Ἰουδαίους,
2928 5573 2988 5624 τὸ
3023 5573 3256 5645 γράμμα
3284 5573 3477 5645 δηλῶν,
3505 5571 3794 5644 ἑρμηνεύε-

2228 5675 2319 5712 ται
2351 5659 2770 5730 ἐξουδένωσις,
2789 5663 2878 5720 διὰ
2898 5665 2994 5735 τὴν
3021 5666 3155 5737 πρὸς
3183 5669 3360 5737 σάρκα
3387 5666 3495 5721 τῶν
3520 5666 3676 5719 θείων
3709 5678 3794 5714 νο-

2233 5751 2412 5822 μίμων
2443 5755 2739 5824 παράδοσιν
2770 5772 2782 5784 ·
2816 5758 2954 5815 κατὰ
2992 5759 3047 5811 δὲ
3087 5761 3445 5828 Χριστιανοὺς
3482 5760 3542 5811 τὸ
3579 5756 3795 5824 πνεῦμα
