4154 6322
338 291 346 299 ⁷
374 343 480 409 ττι

1406 334 1896 407 ΟΠᾸΞΒΤΙΟΝΕΞ
1935 335 2034 395 ΑΙ)
2069 338 2575 401 THALASSIUM.

3510 335 3619 399 778

376 448 679 520 σημαίνων,
704 441 1063 514 ἑρμηνεύεται
1097 442 1313 512 ἰσχυρὸς
1336 441 1547 511 ὁράσει,
1565 441 1656 495 διὰ
1680 441 1781 509 τὴν
1807 438 1950 494 κατὰ

2053 443 2240 498 eodem
2266 445 2539 511 redditur,
2574 446 2647 501 ob
2672 445 2974 516 spiritalem
3000 453 3185 500 mente
3209 443 3451 499 scientia:
3479 460 3616 500 con-

378 538 502 593 νοῦν
527 535 766 604 θεωρίαν
807 532 907 601 τῆς
935 530 1213 599 γνώσεως.

450 629 539 683 ιθ’.
574 626 767 696 Ψυχὴν
794 627 893 695 τῆς
915 624 1138 695 Γραφῆς
1162 620 1381 687 elusum
1409 622 1627 693 πνεῦμα
1647 637 1662 655 ο
1682 621 1841 692 σῶμα
1869 621 1948 686 δὲ,

379 725 442 777 εδ
469 724 725 794 γράμμα·

450 821 519 869 κ’.
558 815 695 876 Τοὺς
724 812 873 881 τρεῖς
896 809 1176 871 ἐνιαυτοὺς
1199 806 1371 875 λέγει,
1398 806 1525 869 τοὺς
1558 807 1705 875 τρεῖς
1729 805 1948 875 νόμους,

292 966 299 970 _
380 904 469 956 τόν
497 919 558 955 τε
584 901 830 971 γραπτὸν
850 939 866 963 ,
896 899 989 951 καὶ
1018 897 1109 949 τὸν
1154 896 1402 965 φυσικὸν,
1437 895 1531 947 καὶ
1576 895 1667 946 τὸν
1708 893 1949 964 χάριτος,

381 995 678 1065 ἐχομένους
713 990 984 1062 ἀλλήλων.
1030 990 1090 1041 ’0
1137 988 1314 1041 τοίνυν
1362 987 1455 1051 τὸν
1496 986 1740 1056 γραπτὸν
1790 985 1953 1053 νόμον

378 1084 670 1157 λαμϐάνων
696 1081 1046 1152 σωματικῶς,
1070 1081 1291 1150 ἀρεταῖς
1315 1079 1415 1148 τὴν
1440 1078 1618 1148 ψυχὴν
1646 1077 1707 1131 οὐ
1740 1075 1952 1144 διατρέ-

372 1193 473 1245 φει
497 1192 511 1206 ’
548 1178 642 1228 καὶ
671 1175 702 1228 ὁ
732 1177 844 1237 τοῖς
865 1172 1041 1240 λόγοις
1060 1171 1170 1224 τῶν
1202 1170 1372 1224 ὄντων
1404 1169 1505 1223 οὑκ
1535 1166 1861 1232 ἑπιϐάλλων,
1883 1167 1949 1235 τῇ

266 1336 273 1343 ,
380 1267 604 1339 ποικίλῃ
634 1265 729 1319 τοῦ
763 1264 902 1321 Θεοῦ
936 1264 1099 1333 σοφία
1140 1264 1234 1316 τὸν
1276 1262 1400 1315 νοῦν
1431 1262 1532 1330 οὐχ
1559 1256 1952 1329 ἑστιᾷ-φιλοτί-

376 1376 503 1431 μως
523 1373 538 1387 ’
570 1359 712 1412 καὶὸ
733 1356 794 1409 τὸ
820 1355 972 1426 μέγα
1022 1354 1123 1425 τῆς
1176 1352 1375 1422 καινῆς
1424 1354 1645 1423 χάριτος
1684 1352 1759 1421 μὴ
1792 1352 1953 1419 γινώ-

386 1467 533 1505 σκων
562 1449 861 1518 μυστήριον
881 1486 897 1511 ,
928 1450 994 1516 τῇ
1030 1445 1207 1513 sine.
1244 1445 1342 1514 τῆς
1375 1442 1673 1514 μελλούσης
1705 1440 1953 1503 θεώσεως

376 1542 485 1595 οὐκ
504 1538 817 1608 ἀγάλλεται.
850 1535 1056 1589 Οὐκοῦν
1085 1537 1119 1605 ἡ
1148 1533 1381 1604 ἔλλειψις
1407 1534 1505 1603 τῆς
1534 1532 1672 1585 κατὰ
1698 1531 1788 1583 τὸν
1817 1546 1954 1599 γρα-

386 1631 519 1683 πτὸν
542 1630 704 1698 νόμον
731 1627 1107 1697 πνευματικῆς
1128 1626 1360 1695 θεωρίας
1404 1624 1520 1693 ἔχει
1559 1621 1952 1693 παρεπομένην

374 1723 523 1792 αὐτῇ
555 1719 654 1790 τὴν
668 1718 879 1772 ἔνδειαν
906 1720 1004 1790 τῆς
1034 1718 1176 1771 κατὰ
1223 1718 1313 1771 τδν
1345 1716 1575 1785 φυσικὸν
1608 1716 1771 1783 νόμον
1801 1729 1953 1766 νοου-

380 1786 553 1882 μένης
578 1786 825 1881 ποικίλης
847 1786 1036 1879 σοφίας
1063 1808 1157 1862 τοῦ
1182 1809 1338 1873 Θεοῦ,
1358 1807 1701 1878 ὲφεπομένην
1726 1805 1956 1875 ἔχουσαν
1986 1786 2028 1843 Β

386 1903 487 1971 τῆς
515 1903 655 1956 κατὰ
689 1902 752 1955 τὸ
796 1901 982 1956 καινὸν
1029 1902 1326 1971 μυστήριον
1365 1899 1550 1969 χάριτι
1589 1896 1956 1967 δοθησομένης

385 1992 635 2055 θεὼσεως
666 1992 882 2055 πάντως
904 1991 1003 2060 τὴν
1040 1991 1288 2058 ἄγνοιαν.

457 2090 564 2137 κα’.
605 2083 664 2138 ’0
698 2081 1080 2153 πνευματικῶς
1114 2080 1190 2151 μὴ
1212 2080 1348 2135 νοῶν
1369 2079 1461 2135 τὸν
1480 2080 1665 2150 νόμον,
1686 2078 1791 2162 κᾶν
1818 2080 1957 2134 ἀπο-

378 2172 618 2226 θανόντα
644 2170 745 2242 ἔχῃ
773 2172 866 2225 τὸν
898 2170 1065 2241 νόμον
1098 2169 1186 2223 διὰ
1215 2168 1275 2221 τὸ
1326 2168 1402 2239 μὴ
1442 2168 1728 2239 λατρεύειν
1769 2183 1954 2238 σωμα·

384 2248 574 2326 τικῶς,
594 2261 730 2315 ἀλλὰ
752 2260 821 2315 τὰ
853 2258 1165 2330 χαμαίζηλα
1201 2258 1316 2329 ἔχει
1350 2257 1446 2310 τοῦ
1469 2258 1636 2328 νόμου
1668 2258 1916 2328 νοήματα
1939 2273 1954 2288 ο

384 2353 456 2406 τὰ
483 2352 653 2407 τέκνα
674 2350 768 2405 τοῦ
799 2351 971 2404 Σαοὺλ
1002 2351 1254 2421 περιέπει
1281 2349 1374 2403 καὶ
1404 2348 1474 2402 τὰ
1510 2348 1741 2417 ἔκγονα·
1770 2349 1852 2401 διὸ
1879 2349 1958 2420 τῷ

384 2444 531 2516 λιμῷ
551 2445 649 2514 τῆς
670 2442 922 2511 γνώσεως
951 2442 1320 2512 βασανίζεται.
1810 2452 1816 2457 ’

454 2534 567 2606 κβ’.
612 2534 820 2605 Ὠσπερ
864 2533 926 2585 τὸ
976 2533 1272 2605 πρόσωπον
1314 2530 1812 2603 χαρακτηριστικόν
1838 2531 1957 2585 ἔστι

384 2623 480 2679 τοῦ
530 2623 652 2678 καθ’
691 2624 922 2677 ἕκαστον
953 2639 968 2654 ·
992 2621 1137 2675 οὓτω
1179 2621 1274 2676 καὶ
1310 2624 1347 2692 η
1375 2621 1726 2692 πνευματικὴ
1757 2620 1958 2688 γνῶσις

385 2710 707 2782 ἐμφατικῶς
731 2712 1128 2785 χαρακτηρίζει
1168 2710 1229 2765 τό
1258 2711 1416 2765 Θεῖον
1436 2726 1449 2740 ο
1478 2713 1544 2781 ἣν
1570 2712 1598 2764 ὁ
1625 2709 1806 2781 ζητῶν
1823 2747 1842 2777 ,
1870 2710 1958 2765 λί-

385 2820 546 2871 γεται
571 2804 754 2874 ζητεῖν
780 2803 841 2855 τὸ
864 2803 1157 2873 πρόσωπον
1183 2802 1412 2873 Κυρίου.

462 2982 569 3051 κγ’.
614 2984 699 3047 Ὦς
734 2983 986 3053 ἰσχυρὸς
1011 2983 1240 3052 ὁράσει,
1267 2984 1362 3038 καὶ
1389 2986 1539 3049 νοῦς
1564 2983 1904 3051 ὄιορατικὸς
1929 2989 1957 3041 ὁ

385 3073 555 3127 Δαϐὶδ
581 3074 960 3147 ἑρμηνεύεται.

460 3165 555 3219 κδ’.
605 3167 663 3219 '0
692 3165 1208 3237 κατασαρκούμενος
1234 3166 1375 3220 κατὰ
1402 3166 1463 3219 τὸ
1486 3167 1721 3238 γράμμα
1747 3166 1844 3221 τοῦ
1875 3166 1958 3219 νὸ-

386 3274 494 3327 μου
519 3259 638 3322 ταῖς
667 3259 911 3328 ὲναίμοις
935 3258 1167 3324 θυσίαις,
1192 3258 1535 3331 ποθουμένην
1569 3260 1793 3330 ἄγνοιαν
1822 3261 1955 3332 ἔχει,

387 3351 525 3419 πρὸς
554 3352 726 3421 μόνην
773 3352 970 3422 σαρκὸς
1014 3353 1210 3423 ἠίονὴν
1250 3353 1349 3424 τὴν
1404 3353 1625 3425 ἐντολὴν
1666 3355 1957 3426 ἐκδεχόμε-

387 3457 497 3505 νος.

457 3537 557 3587 κε’.
601 3532 658 3587 '0
706 3533 805 3600 μὲν
861 3532 1210 3603 σωματικῶς,
1247 3533 1418 3604 φησὶ,
1450 3533 1597 3588 κατὰ
1652 3534 1816 3606 νόμον
1859 3534 1957 3587 λα-

386 3625 628 3696 τρεύων,
676 3625 927 3694 καθάπερ
971 3624 1103 3695 ὃλην
1152 3626 1321 3696 γεννᾷ
1367 3624 1467 3696 τὴν
1522 3627 1642 3680 κατ’
1676 3626 1958 3697 ἐνέργειαν

388 3713 665 3784 ἁμαρτίαν
692 3728 706 3742 °
735 3712 831 3775 καὶ
872 3711 953 3775 ὡς
1002 3707 1164 3776 εἶδος,
1201 3712 1302 3785 τὴν
1343 3714 1432 3768 ἐπ’
1460 3715 1600 3786 αὐτῇ
1644 3715 1787 3768 κατὰ
1833 3715 1958 3768 νοῦν

389 3802 784 3871 συγκατάθεσιν
823 3804 942 3867 ταῖς
1001 3803 1331 3875 προσφόροις
1360 3805 1578 3875 ἡδοναῖς
1621 3806 1733 3858 τῶν
1763 3807 1959 3877 αἰσθή-

388 3909 527 3945 σεων
579 3891 775 3954 ὑλικῶς
804 3890 1209 3946 διαπλάττεται.
1248 3894 1307 3946 '0
1331 3894 1388 3947 δὲ
1433 3895 1824 3964 πνευματικῶς
1854 3896 1955 3967 τὴν

386 3982 610 4054 Γραφὴν
658 3982 1025 4052 ἐκδεχόμενος,
1056 3982 1133 4045 ὡς
1177 3983 1277 4053 μὲν
1319 3982 1472 4053 ὓλην,
1496 3986 1595 4054 τὴν
1627 3985 1910 4055 ἐνέργειαν
1936 4001 1951 4016 ·

383 4074 465 4137 ὡς
515 4070 650 4136 εἶδος
676 4074 755 4139 δὲ,
785 4074 883 4142 τῆς
929 4073 1203 4144 ἁμαρτίας
1237 4074 1335 4145 τὴν
1376 4075 1774 4144 συγκατάθεσιν
1817 4078 1954 4145 μετὰ

384 4165 497 4217 τῶν
543 4166 683 4219 κατὰ
725 4165 1072 4237 παράχρησιν
1104 4166 1241 4238 πρὸς
1282 4169 1477 4239 ἡδονὴν
1521 4169 1620 4238 τῆς
1648 4167 1953 4239 αἰσθήσεως

383 4256 604 4328 τρόπων
626 4296 640 4320 ,
670 4257 746 4320 ὼς
790 4258 936 4320 υίοὺς
976 4258 1070 4310 καὶ
1114 4259 1337 4322 υἱωνοὺς
1374 4259 1469 4312 τοῦ
1517 4258 1741 4330 νομικοῦ
1777 4260 1954 4329 γράμ-

389 4362 560 4414 ματος
599 4343 817 4398 θανατοί
866 4345 952 4397 διὰ
994 4346 1104 4400 τῶν
1146 4347 1391 4415 φυσικῶν
1443 4348 1719 4419 λογισμῶν
1765 4350 1822 4402 ἐν
1876 4348 1954 4418 τῷ

378 4440 515 4510 ὕψει
536 4441 634 4511 τῆς
660 4440 915 4512 Θεωρίας.
1304 4472 1309 4481 ι

458 4540 572 4597 κς.
607 4535 729 4588 ὀτι
754 4535 921 4606 χωρὶς
947 4534 1182 4604 φυσικῆς
1211 4532 1464 4606 θεωρίας,
1484 4532 1662 4595 οὐδεὶς
1686 4531 1785 4601 τὴν
1816 4530 1950 4600 πρὸς

385 4627 456 4683 τὰ
484 4628 602 4682 θεῖα
631 4628 740 4681 τῶν
767 4629 1007 4699 νομικῶν
1038 4627 1324 4697 συμϐόλων
1352 4626 1672 4695 ἀπέμφασιν
1699 4625 1953 4693 διαγινώς

388 4735 533 4775 ιτδιει.

457 4811 560 4875 κζ’.
594 4812 666 4864 Τὸ
705 4810 987 4882 ὲξηλιάσαι
1028 4809 1301 4878 νενόηκεν,
1336 4809 1456 4863 ἀντὶ
1508 4808 1604 4861 τοῦ
1639 4806 1951 4878 φανερῶσαι

385 4903 529 4957 κατὰ
556 4904 615 4955 τὸ
640 4903 769 4971 ὕψος
806 4903 905 4972 τῆς
936 4901 1169 4970 θεωρίας
1203 4901 1264 4953 τὸ
1289 4903 1525 4971 γράμμα
1548 4898 1642 4952 τοῦ
1671 4899 1835 4967 νόμου
1862 4916 1918 4950 νε
1936 4927 1951 4937 -

386 4996 539 5066 κρὸν,
568 4995 655 5048 διὰ
675 4996 774 5064 τῆς
802 4997 859 5048 ὲν
893 4993 1164 5065 πνεύματι
1209 4991 1481 5062 γνώσεως.

457 5178 564 5244 κη’.
597 5173 784 5244 Ὅριον
821 5150 1037 5242 Ἰσραὴλ
1067 5170 1311 5240 νενόηκε,
1348 5169 1525 5222 πάντα
1567 5169 1724 5237 λόγον
1766 5185 1825 5220 τε
1863 5170 1954 5221 καὶ

384 5265 583 5335 τρόπον
609 5265 985 5334 πνευματικῆς
1009 5262 1239 5332 θεωρίας
1271 5279 1287 5293 ·
1319 5265 1376 5315 ὲν
1401 5255 1445 5328 ᾧ
1479 5261 1672 5330 στῆναι
1705 5262 1767 5312 ού
1793 5260 1954 5314 δύνα-

385 5375 475 5411 ται
505 5357 785 5421 παντελῶς
814 5358 848 5428 ἡ
872 5357 1156 5428 σωματικὴ
1186 5356 1279 5409 τοῦ
1309 5356 1475 5424 νόμου
1524 5352 1843 5428 παράδοσις.

454 5532 561 5588 κθ’.
594 5534 668 5587 Τὸ
719 5535 817 5603 μὲν
849 5536 1067 5603 πνεῦμα
1089 5578 1105 5598 ,
1135 5533 1299 5602 φησὶ,
1349 5533 1494 5603 ζωῆς
1541 5532 1776 5603 ὑπάρχει
1818 5548 1958 5606 παρ-

384 5625 637 5681 ικτικόνο
677 5626 738 5677 τὸ
777 5626 832 5678 δὲ
882 5627 1116 5695 γράμμα
1140 5663 1155 5686 ,
1182 5625 1326 5694 ζωῆς
1376 5626 1525 5677 ἐστιν
1580 5623 1954 5694 ἁφαιρετικόν.

387 5714 598 5770 οὐκοῦν
624 5714 684 5767 οὐ
713 5714 939 5767 δύναται
966 5715 1059 5766 καὶ
1084 5717 1144 5769 τὸ
1174 5716 1408 5785 γράμμα
1442 5715 1706 5785 πράττειν
1735 5715 1877 5770 κατὰ
1897 5717 1959 5770 τὺ

718 5804 988 5866 ΡΑτιιοι..
1020 5806 1135 5865 (in.
1180 5808 1299 5868 XC.

2049 533 2456 591 siderationem.

2123 622 2214 678 l9.
2239 623 2494 680 Animam
2524 626 2825 696 Scriptum
2846 627 3097 697 spiritum
3130 626 3423 695 appellavit
3447 642 3461 691 ;
3504 639 3620 681 cor-

2044 718 2155 782 pus
2181 729 2336 779 vero,
2365 717 2585 771 vocavit
2616 718 2877 771 litteram.

2118 804 2208 859 2θ.
2234 804 2424 860 Annos
2460 815 2589 873 tres,
2621 816 2738 862 tres
2757 817 2916 861 vocat
2941 808 3106 877 leges,
3151 805 3433 875 scriptam,
3460 814 3623 858 natu-

2051 893 2224 949 ralem
2252 903 2312 949 et
2332 897 2543 965 gratia),
2574 897 2681 951 sibi
2713 897 2849 951 alias
2884 898 3011 951 aliis
3055 896 3367 951 continuas.
3399 895 3616 964 Itaque,

2048 984 2101 1038 is
2121 986 2216 1053 qui
2237 985 2412 1055 legem
2440 988 2699 1057 scriptam
2724 988 3000 1057 corporali
3026 988 3237 1041 ratione
3253 987 3473 1056 accipit,
3501 987 3622 1040 ani-

2051 1089 2197 1128 mam
2227 1076 2527 1135 virtutibus
2553 1093 2666 1134 non
2687 1079 2801 1134 alit.
2828 1080 3075 1146 Quiitem
3100 1079 3409 1135 rationibus
3434 1094 3617 1134 rerum

2052 1167 2297 1221 animum
2332 1183 2443 1223 non
2458 1170 2720 1236 attendit,
2745 1173 2897 1226 varia
2918 1172 3013 1227 Dei
3047 1173 3332 1242 sapientiae
3378 1183 3618 1228 mentem

2050 1258 2347 1315 ambitiose
2373 1275 2481 1314 non
2508 1263 2726 1332 accipit.
2760 1262 2864 1329 Qui
2888 1264 3126 1332 denique
3159 1279 3413 1335 magnum
3462 1280 3621 1320 novae
3674 1296 3681 1303 ι

2044 1350 2242 1419 gratias
2267 1365 2382 1406 non
2414 1354 2569 1407 novit
2597 1355 2941 1424 mysterium,
2990 1370 3099 1409 non
3135 1356 3348 1410 exsulat
3381 1372 3445 1412 ea
3498 1372 3617 1427 spe,

2050 1441 2198 1509 quod
2223 1441 2556 1499 imbuendus
2580 1445 2787 1500 deitate
2815 1445 2907 1499 sit.
2926 1446 3096 1515 Igitur
3121 1446 3386 1515 spiritalis
3422 1464 3621 1517 specu-

2050 1530 2275 1587 lationis
2304 1548 2404 1602 pro
2450 1534 2588 1604 legis
2626 1536 2845 1605 scriptae
2882 1535 3096 1591 ratione
3145 1536 3386 1592 defectui
3437 1553 3623 1593 comes

2046 1629 2159 1686 est,
2190 1624 2354 1679 variae
2378 1624 2473 1679 Dei
2496 1625 2800 1695 sapientiae,
2826 1642 2927 1696 pro
2942 1626 3078 1697 legis
3113 1629 3380 1683 naturalis
3411 1629 3623 1684 ratione

2057 1714 2370 1777 intellectae,
2400 1716 2662 1785 penuria;
2706 1732 2871 1785 quam
2895 1718 3124 1773 omnino
3174 1727 3438 1788 sequatur
3486 1734 3626 1789 prm-

2059 1812 2238 1860 stante
2270 1805 2635 1861 deiﬁcationis
2660 1806 2990 1876 ignorantia,
3036 1822 3140 1877 pro
3191 1808 3319 1863 novi
3374 1796 3620 1879 mysterii

2046 1896 2241 1965 gratiae
2270 1911 2519 1952 munere.

2124 2077 2348 2145 2|.Qui
2385 2092 2496 2134 non
2546 2078 2872 2148 spiritaliter
2895 2078 3071 2149 legem
3116 2079 3399 2150 intelligit,
3452 2096 3626 2150 quan-

2047 2186 2217 2241 quam
2235 2179 2508 2226 mortuam
2539 2171 2715 2241 legem
2764 2171 2986 2237 habeat,
3034 2187 3097 2226 ea
3146 2172 3361 2227 scilicet
3410 2176 3625 2229 ratione

2054 2262 2201 2331 quod
2224 2263 2585 2331 corporaliter
2615 2278 2725 2317 non
2760 2263 2933 2317 servit
2957 2280 2973 2327 ;
3027 2262 3254 2317 humilia
3277 2272 3461 2319 tamen
3490 2265 3628 2335 legis

2055 2352 2261 2423 sensa(
2292 2352 2479 2408 Saulis
2502 2352 2646 2408 ﬁlios
2677 2361 2735 2407 et
2773 2352 3021 2424 nepotes)
3048 2354 3210 2419 colit;
3242 2369 3308 2407 ex
3339 2369 3450 2425 quo
3497 2371 3627 2411 eum

2056 2444 2198 2500 fame
2223 2444 2466 2499 scientia
2500 2444 2748 2513 torqueri
2775 2445 3064 2515 contingit.

2124 2536 2216 2592 22.
2240 2534 2714 2602 Quemadmodum
2749 2536 2918 2591 facies
2941 2537 3186 2606 singulos
3198 2552 3450 2607 quosque
3479 2538 3629 2591 velut

2056 2634 2186 2681 nota
2208 2626 2434 2695 propria
2465 2625 2755 2695 distinguit
2777 2632 2943 2694 atque
2973 2625 3235 2695 insignit;
3266 2625 3347 2680 sic
3376 2634 3433 2680 et
3461 2625 3593 2695 spiri
3613 2656 3629 2669 -

2059 2716 2186 2771 talis
2211 2717 2464 2773 scientia.
2497 2716 2645 2786 quod
2674 2715 2921 2771 divinum
2943 2724 3030 2771 est
3063 2732 3321 2786 expresse
3377 2717 3630 2788 obsignat

2061 2823 2126 2864 ac
2151 2817 2538 2878 repraesentat;
2572 2822 2736 2879 quam
2773 2809 2865 2877 qui
2914 2808 3131 2877 quaerit,
3178 2808 3393 2863 Domini
3430 2808 3629 2863 [aciem

2058 2915 2306 2969 quierere
2332 2900 2553 2977 dicitur.

2133 2991 2225 3044 25.
2268 2992 2456 3053 David,
2479 2994 2524 3046 si
2559 3008 2755 3046 nomen
2793 2992 3191 3060 interpreteris.
3222 2999 3433 3062 aspectu
3459 2991 3630 3062 fortis,

2063 3098 2125 3137 ac
2147 3100 2289 3137 mens
2307 3085 2579 3154 perspicax
2602 3084 2826 3137 dicitur.

2134 3175 2224 3229 2t.
2251 3175 2352 3241 Qui
2376 3191 2443 3229 ex
2465 3192 2521 3231 sc
2535 3176 2693 3245 riptae
2717 3176 2851 3245 legis
2872 3174 3085 3229 ratione
3135 3176 3385 3229 cruentis
3435 3172 3631 3229 hostiis

2060 3268 2297 3322 carnalis
2320 3267 2557 3331 exsistit,
2584 3267 2947 3338 ignorantiam
2983 3275 3132 3321 amat
3179 3281 3244 3320 ac
3268 3267 3498 3336 expetit,
3536 3266 3630 3335 qui

2060 3369 2393 3431 prmceptum
2421 3373 2479 3416 ut
2503 3361 2570 3414 ad
2590 3361 2759 3415 solam
2795 3369 3004 3430 spectet
3034 3360 3219 3416 carnis
3269 3360 3630 3432 voluptatem,

2058 3455 2301 3524 exponit.

2127 3545 2219 3599 25.
2242 3544 2344 3611 Qui
2376 3544 2739 3614 corporaliter
2767 3560 2831 3598 ex
2859 3545 2995 3616 legis
3038 3547 3252 3601 ratione
3285 3549 3474 3614 servit,
3514 3555 3632 3603 lan-

2057 3653 2221 3707 quam
2260 3638 2573 3693 materiam;
2602 3645 2885 3707 peccatum
2909 3652 3077 3706 opere
3112 3639 3284 3710 gignit
3311 3657 3324 3693 :
3355 3651 3417 3694 ut
3442 3650 3630 3696 autem

2059 3730 2253 3793 forma,
2292 3730 2493 3784 mentis
2526 3729 2581 3782 in
2615 3729 2793 3800 ipsum
2820 3745 3113 3792 consensu,
3173 3731 3631 3787 convenientibus

2058 3836 2320 3875 sensuum
2370 3820 2645 3874 illecebris
2693 3820 2982 3874 formatur.
3023 3822 3113 3885 At,
3162 3822 3255 3891 qui
3304 3823 3629 3892 spiritaliter

2055 3912 2231 3982 legem
2267 3911 2453 3975 sumit,
2504 3918 2563 3964 ut
2595 3911 2816 3980 quidem
2866 3911 3173 3976 materiam,
3209 3913 3622 3983 operationem;

2056 3994 2117 4055 ut
2151 4009 2333 4054 autem
2395 3999 2648 4066 formam,
2691 4000 2903 4069 peccati
2940 4015 3294 4066 consensum,
3357 4016 3461 4055 una
3498 4016 3622 4056 cum

2055 4107 2251 4148 sensus
2274 4091 2588 4147 libidinosis
2632 4107 2732 4161 per
2771 4091 3004 4146 abusum
3048 4091 3247 4156 modis,
3304 4093 3455 4147 velut
3487 4093 3626 4165 legis

2053 4179 2252 4234 littera:
2282 4178 2423 4234 ﬁlios
2452 4194 2516 4233 ac
2550 4189 2801 4250 nepotes,
2833 4196 2931 4249 per
2968 4181 3249 4236 naturales
3273 4182 3518 4238 rationes
3568 4183 3624 4238 in

2054 4270 2444 4340 speculationis
2462 4270 2572 4326 alto
2604 4270 2809 4327 vertice
2842 4271 3062 4326 occidit.

2120 4538 2210 4594 26.
2244 4537 2463 4607 Absque
2498 4535 2735 4592 naturali
2763 4537 3142 4605 speculatione
3170 4537 3441 4594 dissidere
3485 4554 3513 4594 a
3537 4538 3623 4594 dio

2052 4624 2198 4678 vinis
2220 4624 2413 4695 legalia
2432 4624 2699 4695 symbola,
2731 4639 2894 4678 nemo
2925 4624 3218 4696 dignoscit.

2123 4802 2213 4857 27.
2300 4801 2381 4857 Ad
2444 4804 2617 4857 solem
2691 4803 3037 4874 suspendere.
3071 4845 3085 4869 ,
3143 4803 3250 4858 hoc
3321 4805 3622 4873 intellexit;

2053 4904 2359 4949 emortuam
2420 4896 2634 4950 scilicet
2680 4896 2820 4965 legis
2876 4896 3119 4950 litteram
3178 4911 3277 4964 per
3337 4897 3622 4951 scientiam

2054 4987 2111 5039 in
2166 4988 2366 5056 spiritu
2422 4988 2771 5043 manifestare
2839 4988 2896 5041 in
2962 4987 3298 5041 sublimitate
3374 4989 3626 5055 specula-

2054 5076 2237 5132 tionis.

2149 5169 2237 5222 28.
2317 5169 2539 5222 lsraelis
2615 5168 2912 5222 terminum
2977 5169 3295 5233 intellexit,
3352 5170 3625 5227 rationem

2054 5275 2273 5314 onmem
2302 5259 2631 5329 modumque
2660 5259 2923 5328 spiritalis
2972 5260 3384 5329 spcculationis,
3418 5263 3473 5315 in
3516 5278 3628 5333 quo

2038 5351 2356 5421 .corporalis
2410 5351 2547 5421 legis
2599 5351 2825 5404 traditio
2884 5352 3109 5406 omnino
3171 5353 3473 5408 consistere
3529 5370 3629 5410 ne-

2097 5444 2198 5496 uit.

2097 5458 2198 5496 ιιιι.

2058 5458 2090 5513 q
2128 5535 2217 5589 29.
2260 5533 2494 5603 Spiritui
2521 5533 2745 5602 quidem
2776 5540 2845 5588 ex
2889 5532 3075 5588 indole
3106 5543 3189 5588 est
3217 5541 3279 5588 ut
3322 5533 3488 5589 vitam
3527 5534 3629 5590 tri-

2058 5629 2229 5690 buat;
2271 5627 2469 5681 littera:
2493 5642 2647 5691 vero,
2695 5633 2755 5680 ut
2812 5641 2930 5682 eam
2967 5625 3189 5680 adimat.
3219 5625 3338 5681 Non
3368 5642 3499 5698 ergo
3539 5641 3629 5683 se-

2058 5719 2299 5776 cundum
2333 5717 2479 5772 idem
2514 5719 2696 5773 littera
2725 5726 2780 5774 et
2800 5717 3026 5787 spiritus
3060 5717 3275 5788 operari
3312 5719 3533 5785 valent;
3569 5727 3629 5773 ut

3224 5811 3304 5872 25
