4154 6322
536 341 644 409 779

1709 338 1767 396 S.
1809 337 2093 397 ΜΑΧΙΜΙ
2132 338 2633 400 CONFESSORIS

3655 341 3783 408 '780

539 467 720 525 neque
748 452 896 524 quod
933 452 1098 507 vitam
1139 450 1336 504 tribuit
1357 460 1412 504 et
1435 448 1582 519 quod
1610 449 1833 519 perimit
1856 466 1963 504 una
1984 463 2108 520 pos-

2213 452 2366 514 αὐτὸς
2405 453 2498 506 καὶ
2524 452 2586 506 τὸ
2619 451 2837 524 πνεῦμα
2872 470 2884 482 ·
2923 453 3111 523 ὥσπερ
3142 455 3260 506 οὐδὲ
3305 455 3364 506 τὸ
3402 447 3664 519 ξωοποιδν
3704 454 3782 525 τῷ

541 553 670 601 sunt
695 546 976 600 exsistere.

603 637 699 691 50.
731 635 1086 706 Praeputium,
1119 633 1250 703 quid
1286 633 1536 688 naturale
1570 644 1672 689 est.
1713 634 1986 704 Quidquid
2013 651 2112 690 au-

540 738 648 784 tem
675 738 760 782 est
790 728 1058 791 naturale,
1089 725 1289 780 divinae
1324 724 1623 780 creationis
1664 741 1805 795 opus
1832 736 1934 781 est.
1959 726 2111 797 Opus

543 817 970 872 autem'divinae
998 817 1315 880 creationis,
1365 817 1533 870 etiam
1592 817 1751 871 valde
1791 817 1996 870 bonum
2045 833 2110 871 ac

539 908 830 976 pulchrum
863 915 966 972 est,
995 909 1148 976 juxta
1193 923 1406 972 vocem,
1453 923 1575 976 quae
1615 909 1692 962 ait
1727 925 1739 960 ε
1798 908 1931 962 Vidit
1969 908 2109 962 Deus

539 1007 729 1052 cuncta
760 1015 878 1068 qua:
917 999 1082 1068 298
1107 999 1328 1068 fecerat,
1372 1008 1420 1052 et
1460 1014 1576 1052 ecce
1627 999 1764 1053 bona
1800 997 1973 1064 valde,
2005 1014 2106 1054 seu

539 1091 760 1162 pulchra
783 1091 851 1144 ⁸⁸.
875 1091 986 1146 Lex
1006 1099 1212 1155 autem,
1245 1107 1369 1145 cum
1393 1092 1548 1146 velut
1597 1091 1961 1155 immundum,
2007 1105 2109 1160 per

539 1182 1042 1246 circumcisionem,
1098 1183 1425 1252 praeputium
1469 1182 1864 1252 amphtandum
1896 1183 2108 1252 jubeat,

538 1276 708 1329 Deum
746 1290 886 1344 opus
914 1289 1075 1328 suum
1105 1283 1224 1328 arte
1246 1274 1627 1328 emendantem
1676 1272 1920 1339 inducit;
1961 1273 2109 1342 quod

538 1367 623 1422 vel
661 1366 901 1436 cogitatu
933 1366 1319 1435 impiissimum
1347 1372 1451 1420 est.
1509 1365 1682 1434 Igitur
1714 1365 1809 1434 qui
1842 1365 2110 1434 legalibus

538 1459 709 1530 signis
738 1467 930 1513 natura
951 1459 1191 1513 animum
1207 1456 1451 1516 adhibet.
1475 1456 1579 1511 hoc
1599 1457 1770 1519 novit,
1789 1456 1980 1519 Deum,
1998 1467 2111 1509 non

2213 541 2521 614 φθοροποιῷ
2561 544 2913 614 συνυπάρχει.

2283 636 2347 688 λ’.
2383 636 2616 690 Φυσικὸν
2656 638 2689 706 ὴ
2711 637 3068 707 ἀκροϐυστία,
3105 637 3258 706 φησί’
3286 637 3393 688 πᾶν
3415 635 3472 688 δὲ
3524 637 3779 704 φυσικὸν,

2213 724 2363 787 θείας
2392 725 2552 797 ἔργον
2579 726 2941 796 δημιουργίας
2967 725 3134 779 ἐστίν.
3161 727 3316 779 Ἐστι
3353 727 3408 779 δὲ
3435 726 3588 790 θείας
3622 727 3780 798 ἔργον

2213 817 2573 887 δημιουργίας
2627 818 2721 870 καὶ
2768 817 2884 871 λίαν
2935 816 3120 881 καλὸν,
3153 817 3294 872 κατά
3335 818 3435 888 τὴν
3467 818 3782 887 φάσκουσαν

2213 910 2394 978 φωνήν
2420 925 2434 938 ·
2474 905 2651 962 Εἷδεν
2682 912 2716 963 ὁ
2746 909 2889 975 Θεὸς
2931 909 3129 962 πάντα
3188 909 3306 962 ὅσα
3362 911 3647 976 ἐποίησε,
3677 912 3777 963 καὶ

2213 999 2342 1052 ἰδοὺ
2375 999 2530 1052 καλὰ
2554 1000 2714 1053 λίαν.
2775 1001 2834 1053 '0
2861 1000 2917 1053 δὲ
2962 1001 3123 1069 νόμος
3143 1041 3157 1066 ,
3181 1002 3257 1064 ὼς
3286 999 3594 1070 ἀκάθαρτον
3630 1018 3785 1070 περι-

2212 1091 2484 1161 αιρεῖσθαι
2513 1089 2752 1143 κελεύων
2789 1091 2889 1161 τὴν
2920 1091 3289 1162 ἀκροϐυστίαν
3324 1090 3414 1143 διὰ
3451 1091 3782 1161 περιτομῆς,

2208 1180 2302 1233 τὸν
2327 1181 2460 1233 Θεὸν
2486 1183 2698 1248 εἰσάγει
2725 1181 2816 1234 διὰ
2843 1182 3038 1252 τέχνης
3067 1181 3130 1234 τὸ
3168 1182 3367 1234 οἰκεῖον
3399 1181 3783 1251 διορθούμενον

2211 1271 2371 1343 ἔργον
2393 1288 2408 1302 θ
2435 1273 2571 1344 ὅπερ
2608 1273 2702 1326 καὶ
2730 1274 2926 1326 ἐννοεῖν
2959 1273 3338 1328 ἀσεϐέστατον.
3372 1272 3581 1326 Οὐκοῦν
3613 1276 3643 1326 ό
3669 1275 3782 1336 τοῖς

2207 1363 2497 1433 συμϐόλοις
2528 1363 2622 1416 τοῦ
2672 1364 2836 1434 νόμου
2877 1363 3122 1433 φυσικῶς
3165 1364 3494 1427 ἐπιϐάλλων,
3531 1360 3676 1417 οἶδεν
3706 1365 3783 1427 ὡς

2209 1453 2272 1506 οὐ
2299 1453 2397 1524 τὴν
2432 1453 2592 1521 φύσιν
2617 1455 2646 1506 ὁ
2673 1454 2804 1517 Θεὸς
2827 1455 3129 1525 διορθοῦται
3155 1455 3244 1508 διὰ
3271 1456 3370 1525 τῆς
3399 1455 3615 1526 τέχνης,
3647 1456 3782 1508 ἀλλὰ

537 1560 654 1605 arte
687 1552 980 1606 emendare
1011 1560 1280 1614 naturam,
1306 1549 1402 1604 sed
1436 1549 1626 1620 jubere
1657 1555 1717 1602 ut
1739 1557 1949 1618 partem
1972 1546 2107 1601 affe-

2211 1545 2271 1599 τδ
2298 1547 2578 1608 ὲπιπειθὲς
2601 1547 2743 1617 λόγῳ
2765 1548 2867 1615 τῆς
2914 1548 3090 1618 ψυχῆς
3119 1549 3421 1619 παθητικὸν
3460 1549 3782 1619 περιτέμνε⁴

539 1643 721 1698 ctibus
736 1644 1049 1707 obnoxiam,
1069 1657 1190 1712 qua:
1212 1641 1408 1696 rationi
1426 1647 1600 1711 paret,
1615 1640 2105 1705 circumcidamus;

2215 1636 2336 1689 σθαι
2359 1637 2589 1703 κελεύει,
2622 1638 2682 1690 τὸ
2711 1637 2796 1693 διὰ
2826 1641 2922 1692 τοῦ
2949 1641 3263 1708 σωματικοῦ
3298 1641 3488 1710 μορίου
3529 1642 3781 1704 τυπικῶς

543 1735 702 1804 cujus
738 1735 792 1788 id
818 1734 1126 1789 membrum
1182 1733 1354 1803 ﬁgura
1401 1739 1506 1786 est.
1545 1729 1697 1785 Hanc
1751 1729 2015 1795 scientiae,
2047 1737 2108 1783 ut

2212 1726 2536 1798 δηλούμενον
2557 1745 2572 1758 ·
2598 1728 2736 1800 ὅπερ
2787 1727 2986 1796 γνῶσις
3015 1730 3105 1784 διά
3134 1732 3231 1801 τῆς
3274 1731 3416 1784 κατὰ
3454 1732 3552 1801 τὴν
3581 1733 3780 1802 πρᾶξιν

539 1823 700 1878 fortis
760 1823 932 1878 animi
970 1823 1186 1878 actione
1233 1823 1504 1891 deponat,
1558 1829 1939 1888 comparatum
1996 1826 2104 1874 est.

2211 1819 2462 1889 ἀνδρείας
2509 1819 2608 1890 τῆς
2637 1820 2863 1891 γνώμης
2889 1821 3244 1876 ἀποτίθεσθαι
3277 1823 3540 1888 πέφυκεν.
3587 1823 3644 1875 '0
3671 1822 3784 1892 γὰρ

539 1913 808 1968 Sacerdos
839 1913 986 1968 enim
1014 1911 1436 1976 circumcidens,
1487 1912 1774 1966 scientiam
1813 1908 2104 1980 signiﬁcat,

2211 1909 2551 1979 περιτέμνων
2583 1911 2793 1980 ἱερεὺς,
2835 1912 3090 1982 σημαίνει
3117 1914 3216 1982 τὴν
3249 1913 3471 1981 γνῶσιν,
3494 1913 3597 1983 τὴν
3626 1913 3782 1981 ἐχου-

538 2006 690 2059 velut
731 2003 899 2068 ferro,
937 2003 1092 2057 verbi
1126 2002 1361 2057 actionis
1408 2001 1605 2056 robore
1657 2001 1950 2055 adversum
1979 2015 2108 2070 pas-

2211 2015 2310 2052 σαν
2344 1999 2597 2068 καθάπερ
2620 2000 2735 2069 σίδη
2747 2017 2836 2070 ρον
2858 2001 2998 2054 κατὰ
3020 2001 3114 2054 τοῦ
3143 2003 3348 2064 πάθους
3369 2002 3465 2072 τὴν
3496 2001 3590 2054 τοῦ
3620 2002 3782 2069 λόγου

539 2097 748 2151 sionem
810 2111 874 2150 ac
927 2094 1215 2149 libidinem
1265 2093 1586 2148 accinctam.
1641 2091 1909 2146 Aboletur
1962 2091 2108 2146 enim

2211 2089 2352 2144 κατὰ
2380 2089 2479 2166 τὴν
2518 2087 2717 2158 πρᾶξιν
2749 2091 3020 2160 ἀνδρείαν.
3064 2092 3411 2159 ’Δφανίζεται
3445 2091 3572 2161 γοῦν
3607 2095 3640 2163 ὴ
3672 2110 3780 2146 σω-

536 2187 838 2258 corporalis
867 2187 1004 2258 legis
1035 2186 1278 2251 traditio,
1308 2187 1437 2240 dum
1461 2184 1694 2255 spiritus
1732 2184 1932 2238 litterae
1974 2197 2113 2253 prte-

536 2279 700 2334 valet.

604 2371 694 2425 51.
722 2369 977 2425 Deﬁnitio
1007 2369 1246 2440 mysticm
1289 2367 1731 2423 circumcisionis
1782 2365 2112 2436 speculatio-

536 2462 645 2516 nis.

609 2553 698 2609 52.
733 2552 990 2608 Deﬁnitio
1029 2552 1274 2624 mystica:
1335 2550 1558 2606 Sabbati
1601 2549 2010 2620 legislationis;
2054 2549 2112 2602 in

537 2660 645 2715 qua
669 2645 798 2714 quid
825 2643 1126 2700 Sabbatum
1174 2644 1248 2697 sit
1296 2641 1525 2714 mystice
1559 2640 1824 2706 ostendit,
1885 2647 1941 2694 et
1992 2653 2115 2708 quae

537 2735 658 2805 ejus
684 2734 953 2804 spiritalis
981 2735 1160 2799 ratio;
1192 2747 1389 2802 nempe
1410 2730 1656 2800 requiem
1696 2743 1820 2784 esse
1878 2729 1947 2783 ab
1976 2728 2113 2784 affe-

537 2824 742 2890 ctibus,
777 2825 1088 2894 mentisque
1124 2824 1271 2878 circa
1288 2837 1474 2877 rerum
1499 2830 1752 2876 naturam
1779 2819 2112 2890 agitationis,

536 2916 723 2970 tradit.

611 3007 698 3061 55.
733 3006 938 3074 Nempe
969 3005 1164 3058 Deum.

605 3099 694 3152 54.
723 3097 865 3164 Quid
888 3094 1197 3165 signiﬁcent
1227 3090 1553 3146 neomeniaa.

608 3173 699 3244 55.
729 3188 984 3242 Deﬁnitio
1002 3189 1220 3240 coronae
1242 3183 1616 3251 benignitatis.

605 3280 695 3335 56.
722 3277 978 3334 Deﬁnitio
1001 3277 1110 3331 alia
1124 3275 1372 3347 ejusdem
1400 3274 1659 3330 subtilior
1682 3290 1747 3330 ac
1777 3275 1951 3345 magis
1997 3273 2109 3342 spi-

540 3371 835 3496 mg'lil.s.l-lic
895 3437 1000 3492 loci
1065 3435 1454 3492 abstinentiam
1524 3433 1891 3489 Providentiae
1969 3447 2110 3501 opus

539 3545 660 3584 esse
703 3528 875 3590 dicit,
907 3527 1110 3596 quippe
1173 3525 1263 3579 cui
1311 3532 1688 3594 comparatum
1740 3533 1801 3576 ut
1847 3521 2111 3576 emundet

538 3619 705 3675 animi
769 3619 922 3673 vitia.
979 3616 1303 3670 Patientiam
1356 3629 1489 3669 vero
1525 3613 1720 3684 judicii
1783 3628 1923 3680 opus
1965 3626 2108 3675 esse,

537 3710 687 3781 quod
765 3707 977 3764 scilicet
1031 3705 1417 3762 involuntariis
1488 3701 1886 3760 tentationibus
1961 3701 2112 3755 obsi-

535 3810 662 3860 stat.

604 3896 692 3950 58.
758 3894 1001 3948 Primum
1043 3891 1245 3947 festum
1289 3906 1353 3946 ac
1413 3889 1854 3950 solemnitatem,
1901 3887 2109 3941 Pascha

538 3985 688 4041 dicit.
1296 4025 1300 4031 .
1709 3979 1716 3986 '

604 4075 692 4131 59.
749 4075 1064 4130 Secundum
1097 4074 1298 4129 festum
1372 4087 1436 4126 ac
1491 4070 1938 4131 solemnitatem,
1975 4066 2113 4121 dicit

533 4167 930 4222 Pcntccostem.

605 4257 693 4311 40.
722 4257 964 4311 Tertium
982 4264 1162 4320 vocat,
1202 4271 1324 4325 qua:
1359 4269 1545 4310 mense
1579 4253 1812 4322 septimo
1847 4251 2113 4322 prepitia-

533 4351 699 4406 tionis
732 4350 1024 4403 celebritas
1058 4349 1341 4417 agebatur.

605 4439 693 4491 41.
729 4436 972 4492 Observa
997 4436 1459 4505 quemadmodum
1495 4435 1583 4490 lex
1609 4450 1726 4498 eos,
1787 4433 1881 4503 qui
1917 4447 2111 4502 corpo—

2213 2181 2414 2253 ματικὴ
2468 2179 2562 2234 τοῦ
2617 2181 2780 2252 νόμου
2833 2182 3170 2253 παράδοσις,

2210 2271 2442 2342 γράμμα
2477 2270 2572 2325 τοῦ
2611 2274 2943 2341 πνεύματος.

2281 2359 2582 2450 λαἠὊρος
2635 2361 2733 2432 τῆς
2772 2363 2913 2416 κατὰ
2963 2364 3268 2434 περιτομὴν
3327 2365 3596 2435 μυστικῆς
3639 2366 3780 2419 θεω-

2216 2449 2357 2522 ρίας.

2281 2540 2382 2612 λβ’.
2421 2543 2584 2614 Ὄρος
2612 2543 2710 2614 τῆς
2758 2544 2902 2598 κατά
2937 2543 3214 2598 Σάϐϐατον
3258 2546 3526 2618 μυστικῆς
3567 2549 3783 2616 νομοθε-

2218 2635 2362 2700 σίας,
2395 2637 2453 2688 ὲν
2483 2629 2547 2704 ᾧ,
2571 2636 2622 2688 τί
2662 2636 2723 2689 τὸ
2755 2637 3029 2690 Σάϐϐατόν
3091 2638 3226 2700 ἐστι,
3259 2638 3555 2707 παρίστησι
3592 2655 3782 2709 μυστι-

2213 2725 2346 2788 κῶς,
2381 2726 2474 2777 καὶ
2503 2725 2587 2787 τίς
2615 2727 2644 2777 ὁ
2682 2726 2804 2777 κατ’
2826 2725 2960 2779 αὐτὸ
3015 2724 3382 2792 πνευματικὸς
3423 2724 3579 2790 λόγος
3613 2727 3780 2788 ἐστὶν,

2214 2816 2293 2869 ὅτι
2316 2815 2502 2870 παθῶν
2532 2817 2625 2870 καὶ
2652 2817 2752 2887 τῆς
2776 2817 2903 2886 περὶ
2933 2815 3030 2887 τὴν
3058 2815 3222 2885 φύσιν
3247 2817 3354 2870 τῶν
3378 2817 3546 2870 ὄντων
3571 2816 3666 2871 τοῦ
3689 2817 3782 2870 νοῦ

3215 2185 3666 2248 πλεονεκτοῦν-σος
3719 2185 3783 2238 τὸ

2214 2905 2482 2976 κινήσεώς
2514 2909 2658 2958 ἐστιν
2697 2907 3020 2970 ἀνάπαυσις.

2279 2997 2378 3064 ὶγθ.
2414 2997 2546 3050 Θεὸν
2569 2997 2727 3068 δῆλον
2751 2998 2854 3052 ὅτι.

2289 3086 2378 3140 λδ⁹.
2417 3086 2482 3139 Τί
2517 3089 2873 3158 σημαίνουσιν
2909 3091 2964 3142 αί
2989 3091 3293 3161 νεομηνίαι.

2135 3165 2176 3221 C
2277 3177 2370 3231 λε’.
2414 3178 2578 3249 Ὅρος
2600 3179 2696 3232 τοῦ
2735 3180 3002 3246 στεφάνου
3027 3182 3127 3246 τῆς
3151 3183 3535 3253 χρηστότητος.

2280 3268 2388 3332 λς’.
2432 3270 2622 3332 ’Ἄλλος
2649 3271 2774 3340 ὄρος
2798 3271 2891 3324 τοῦ
2922 3270 3088 3326 αὑτοῦ
3115 3271 3537 3344 μυστικώτερος.

2281 3445 2379 3508 λζ’.
2433 3445 2697 3500 Ἐνταῦθα
2751 3445 2847 3516 τὴν
2881 3447 3207 3517 ἐγκράτειαν
3249 3446 3408 3517 ἔργον
3461 3443 3602 3502 εἶναι
3633 3449 3780 3518 λὲγει

2210 3537 2308 3606 τῆς
2340 3538 2620 3606 Προνοίας,
2640 3538 2715 3601 ὡς
2737 3538 2844 3591 τῶν
2873 3539 3168 3608 γνωμικῶν
3192 3541 3526 3612 καθαρτικὴν
3558 3541 3774 3594 παθῶν⁸

2209 3627 2307 3697 τὴν
2337 3628 2614 3697 ὑπομονὴν
2639 3628 2694 3680 δὲ
2729 3630 2827 3698 τῆς
2866 3631 3102 3699 κρίσεως
3149 3626 3286 3684 εἶναι
3319 3631 3650 3703 κατόρθωμά
3679 3647 3779 3702 φη-

2212 3737 2296 3774 σιν
2319 3761 2336 3785 ,
2365 3720 2441 3784 ὡς
2487 3723 2600 3783 τοῖς
2627 3721 2900 3785 ἀκουσίοις
2931 3723 3396 3792 ἀντιτασσομένην
3431 3727 3772 3796 πειρασμοῖς.

2279 3897 2382 3953 λη’.
2417 3895 2648 3967 Πρώτην
2679 3896 2892 3968 ἑορτὴν,
2922 3896 2980 3949 τὸ
3008 3897 3200 3966 Πάσχα
3223 3898 3391 3965 λέγει.

2281 4067 2377 4123 λθ’.
2410 4069 2678 4140 Δευτέραν
2699 4072 2892 4142 ἑορτὴν
2914 4070 3059 4140 λέγει
3085 4073 3182 4144 τὴν
3206 4074 3600 4143 Πεντηκοστήν.

2284 4246 2358 4316 μ’.
2392 4247 2594 4318 Τρίτην
2631 4246 2778 4314 λέγει
2807 4285 2821 4310 ,
2864 4246 2963 4317 τὴν
3011 4248 3067 4300 ὲν
3102 4246 3314 4317 ἑϐδόμῳ
3365 4248 3514 4318 μηνὶ,
3550 4246 3648 4318 τὴν
3684 4248 3776 4303 τοῦ

2223 4339 2498 4392 Ἱλασμοῦ.

2286 4357 2364 4392 ιασ
2415 4357 2498 4392 ου.

2286 4357 2412 4499 pa"?
2436 4429 2656 4496 Σκόπει,
2683 4428 2799 4493 πῶς
2826 4429 2854 4480 ὁ
2892 4430 3053 4502 νόμος
3084 4429 3345 4484 ἀπόλλυσι
3377 4431 3502 4495 τοὺς
3523 4430 3781 4493 νοοῦντας

536 4528 725 4581 raliter
762 4543 880 4581 eam
904 4527 1238 4597 intelligunt,
1272 4527 1496 4581 interitu
1529 4533 1760 4595 mergat,
1804 4541 1924 4593 qua:
1952 4523 2108 4577 vidc-

2212 4521 2372 4574 οιύτδν
2433 4521 2781 4591 σωματικῶς,
2812 4523 2877 4590 τῇ
2935 4521 3109 4574 κτίσει
3154 4520 3438 4591 λατρεύειν
3499 4522 3650 4590 παρὰ
3684 4522 3772 4575 τὸν

536 4618 664 4671 licet
691 4625 884 4670 auctor
906 4619 1156 4682 exsistat,
1185 4619 1430 4687 utmagis
1451 4629 1912 4685 creaturae,quam
1944 4617 2108 4670 Crea-

538 4710 642 4762 tori
689 4710 993 4774 serviatur;
1030 4717 1081 4762 et
1126 4718 1185 4762 ut
1232 4710 1586 4764 veneratione
1638 4709 1896 4776 cultuque
1943 4705 2105 4776 digna

536 4799 874 4863 existiment,
935 4815 1059 4869 quae
1117 4808 1342 4868 propter
1382 4799 1507 4853 illos
1560 4807 1745 4852 creata
1774 4803 1920 4860 sunt,
1951 4795 2106 4849 illum

536 4888 878 4958 ignorantes,
921 4898 1146 4958 propter
1169 4905 1334 4958 quem
1380 4889 1481 4958 ipsi
1514 4888 1862 4941 exstiterunt.

607 4980 699 5034 4'2.
727 4981 1016 5046 Quomodo
1047 4982 1190 5036 Deus
1226 4981 1528 5035 Sabbatum
1559 4988 1662 5032 est.

619 5068 708 5120 45.
786 5067 1069 5132 Quomodo
1140 5069 1286 5122 Deus
1333 5067 1498 5128 etiam
1556 5066 1761 5120 Pascha
1818 5065 2107 5134 mysticum

533 5167 640 5211 CSl.

606 5248 694 5301 44.
721 5247 868 5301 Festi
896 5248 1251 5302 Pentecostcs
1279 5247 1622 5318 mysterium,
1657 5247 1712 5300 in
1739 5263 1850 5316 quo
1883 5248 2109 5317 mystice

534 5352 724 5390 eorum
746 5353 866 5406 quae
901 5338 1282 5408 signiﬁcantur
1315 5338 1618 5408 spiritalem
1653 5339 1762 5391 vim
1789 5337 2102 5392 abstrusius

533 5425 740 5490 docuit,
766 5427 895 5480 dum
931 5429 1311 5484 Pcntecostem
1351 5430 1520 5484 Deum
1549 5429 1858 5499 appellavit.
1897 5429 2102 5494 Quem-

534 5516 826 5571 admodum
898 5520 1046 5573 enim
1097 5536 1311 5586 monas,
1378 5537 1499 5590 qua:
1588 5521 1802 5576 stabilis
1859 5530 2098 5586 maneat,

593 5684 635 5758 ῗδ
676 5686 810 5741 Cen.
840 5706 878 5753 ι,
913 5691 1002 5745 Si.

2211 4612 2472 4666 κτίσαντα
2513 4611 2714 4665 πείθων
2738 4629 2751 4642 ο
2782 4613 2877 4664 καὶ
2919 4611 3167 4682 ἡγεῖσθαι
3207 4611 3364 4679 φύσει
3407 4613 3580 4666 σεπτὰ
3608 4611 3678 4666 τὰ
3705 4613 3771 4666 δι’

2211 4704 2404 4765 αὐτοὺς
2438 4703 2719 4770 γεγονότα,
2745 4703 2832 4756 τὸν
2857 4703 2924 4755 δι’
2958 4703 3016 4756 ὃν
3065 4703 3218 4756 αὐτοὶ
3263 4704 3552 4772 γεγόνασιν
3583 4705 3773 4772 άγνοὴξ

2213 4814 2427 4859 σαντας.

2284 4974 2392 5044 μβκ
2431 4973 2554 5035 Πῶς
2589 4975 2702 5024 ἐστι
2734 4972 3009 5024 Σάϐϐατον
3041 4973 3066 5024 ὁ
3104 4971 3254 5035 Θεός.

2287 5073 2395 5134 μετ’.
2435 5066 2557 5127 Πῶς
2583 5067 2608 5117 ὸ
2635 5064 2765 5125 Θεὸς
2809 5063 2899 5115 καὶ
2924 5064 3112 5133 Πάσχα
3135 5066 3250 5116 ἐστὶ
3282 5066 3564 5136 μυστικόν.

2284 5247 2386 5315 μδκ
2422 5247 2733 5316 Μυστὴριον
2760 5247 2857 5316 τῆς
2884 5246 3022 5300 κατὰ
3047 5246 3145 5316 τὴν
3160 5249 3538 5320 Πεντηκοστὴν
3561 5251 3775 5322 ἑορτῆς,

2211 5339 2267 5389 ἐν
2298 5330 2340 5402 ᾧ
2392 5338 2666 5405 μυστικῶς
2703 5336 2799 5408 τὴν
2845 5337 2952 5388 τῶν
2994 5338 3340 5408 δηλουμένων
3402 5341 3777 5414 πνευματικὴν

2209 5429 2634 5498 ἐμυσταγώγησε
2662 5428 3015 5499 animum,th
3047 5430 3176 5483 Θεὸν
3207 5432 3582 5503 Πεντηκοστὴν
3610 5448 3775 5502 προσ-

2207 5522 2531 5591 αγορεύσας.
2565 5523 2651 5586 Ὠς
2680 5523 2787 5594 γὰρ
2816 5525 2847 5592 ἡ
2882 5524 3050 5592 μονὰς
3087 5527 3349 5596 στάσιμος
3375 5526 3610 5596 μένουσα
3639 5523 3780 5595 μετὰ
