  <div class='ocr_page' id='page_1' title='image "/cluster/home/n/w/nwhite01/storage/ocr_20150623/90/mdp.39015022223161/396.png"; bbox 0 0 4154 6322; ppageno 0'>
   <div class='ocr_carea' id='block_1_1' title="bbox 387 345 488 414">
    <p class='ocr_par' dir='ltr' id='par_1_1' title="bbox 387 345 488 414">
     <span class='ocr_line' id='line_1_1' title="bbox 387 345 488 414; baseline 0 -2"><span class='ocrx_word' id='word_1_1' title='bbox 387 345 488 414; x_wconf 69' lang='grc' dir='ltr'><strong>’Πςί</strong></span> 
     </span>
    </p>
   </div>
   <div class='ocr_carea' id='block_1_2' title="bbox 1442 340 2607 413">
    <p class='ocr_par' dir='ltr' id='par_1_2' title="bbox 1442 340 2607 413">
     <span class='ocr_line' id='line_1_2' title="bbox 1442 340 2607 413; baseline 0.003 -12"><span class='ocrx_word' id='word_1_2' title='bbox 1442 340 1930 413; x_wconf 59' lang='lat' dir='ltr'><strong>QUESTIONES</strong></span> <span class='ocrx_word' id='word_1_3' title='bbox 1967 341 2066 399; x_wconf 83' lang='lat' dir='ltr'><strong>AD</strong></span> <span class='ocrx_word' id='word_1_4' title='bbox 2102 341 2607 403; x_wconf 81' lang='lat' dir='ltr'><strong>THALASSIUM.</strong></span> 
     </span>
    </p>
   </div>
   <div class='ocr_carea' id='block_1_3' title="bbox 3525 341 3632 406">
    <p class='ocr_par' dir='ltr' id='par_1_3' title="bbox 3525 341 3632 406">
     <span class='ocr_line' id='line_1_3' title="bbox 3525 341 3632 406; baseline 0 -1"><span class='ocrx_word' id='word_1_5' title='bbox 3525 341 3632 406; x_wconf 74' lang='lat'><strong>782</strong></span> 
     </span>
    </p>
   </div>
   <div class='ocr_carea' id='block_1_4' title="bbox 392 446 1970 527">
    <p class='ocr_par' dir='ltr' id='par_1_4' title="bbox 392 446 1964 527">
     <span class='ocr_line' id='line_1_4' title="bbox 392 446 1964 527; baseline -0.007 -18"><span class='ocrx_word' id='word_1_6' title='bbox 392 457 492 527; x_wconf 72' lang='grc' dir='ltr'><strong>τήν</strong></span> <span class='ocrx_word' id='word_1_7' title='bbox 519 454 601 518; x_wconf 78' lang='grc' dir='ltr'><strong>είς</strong></span> <span class='ocrx_word' id='word_1_8' title='bbox 633 450 834 522; x_wconf 72' lang='grc' dir='ltr'>ἑαυτήν</span> <span class='ocrx_word' id='word_1_9' title='bbox 872 447 1234 520; x_wconf 54' lang='lat' dir='ltr'><strong>assume-.qu</strong></span> <span class='ocrx_word' id='word_1_10' title='bbox 1287 446 1386 516; x_wconf 81' lang='grc' dir='ltr'>τῆς</span> <span class='ocrx_word' id='word_1_11' title='bbox 1435 447 1726 516; x_wconf 82' lang='grc' dir='ltr'>ἑϐδομάδος</span> <span class='ocrx_word' id='word_1_12' title='bbox 1761 447 1964 500; x_wconf 86' lang='grc' dir='ltr'>συνέλι-</span> 
     </span>
    </p>
   </div>
   <div class='ocr_carea' id='block_1_5' title="bbox 2070 446 3634 527">
    <p class='ocr_par' dir='ltr' id='par_1_5' title="bbox 2070 450 3634 520">
     <span class='ocr_line' id='line_1_5' title="bbox 2070 450 3634 520; baseline 0.003 -17"><span class='ocrx_word' id='word_1_13' title='bbox 2070 459 2194 518; x_wconf 89' lang='lat' dir='ltr'><strong>post</strong></span> <span class='ocrx_word' id='word_1_14' title='bbox 2225 450 2585 519; x_wconf 92' lang='lat' dir='ltr'><strong>septimanam</strong></span> <span class='ocrx_word' id='word_1_15' title='bbox 2615 450 2928 520; x_wconf 74' lang='lat' dir='ltr'><strong>septenario</strong></span> <span class='ocrx_word' id='word_1_16' title='bbox 2951 451 3320 514; x_wconf 70' lang='lat' dir='ltr'><strong>convolutum,</strong></span> <span class='ocrx_word' id='word_1_17' title='bbox 3371 450 3634 507; x_wconf 83' lang='lat' dir='ltr'><strong>Penteco-</strong></span> 
     </span>
    </p>
   </div>
   <div class='ocr_carea' id='block_1_6' title="bbox 393 539 1964 612">
    <p class='ocr_par' dir='ltr' id='par_1_6' title="bbox 393 539 1964 612">
     <span class='ocr_line' id='line_1_6' title="bbox 393 539 1964 612; baseline -0.006 -12"><span class='ocrx_word' id='word_1_18' title='bbox 393 547 498 612; x_wconf 80' lang='grc' dir='ltr'>ξιν,</span> <span class='ocrx_word' id='word_1_19' title='bbox 532 543 874 599; x_wconf 86' lang='grc' dir='ltr'>ἀποτελοῦσα</span> <span class='ocrx_word' id='word_1_20' title='bbox 915 541 1015 610; x_wconf 84' lang='grc' dir='ltr'>τὴν</span> <span class='ocrx_word' id='word_1_21' title='bbox 1053 539 1438 610; x_wconf 82' lang='grc' dir='ltr'>’Πεντήκοστήν</span> <span class='ocrx_word' id='word_1_22' title='bbox 1462 554 1476 568; x_wconf 78' lang='grc'><strong><em>⁸</em></strong></span> <span class='ocrx_word' id='word_1_23' title='bbox 1520 539 1614 592; x_wconf 77' lang='grc' dir='ltr'><strong>καὶ</strong></span> <span class='ocrx_word' id='word_1_24' title='bbox 1645 539 1805 592; x_wconf 87' lang='grc' dir='ltr'>πάλιν</span> <span class='ocrx_word' id='word_1_25' title='bbox 1845 541 1964 601; x_wconf 87' lang='grc' dir='ltr'>ταῖς</span> 
     </span>
    </p>
   </div>
   <div class='ocr_carea' id='block_1_7' title="bbox 397 630 1966 706">
    <p class='ocr_par' dir='ltr' id='par_1_7' title="bbox 397 630 1966 706">
     <span class='ocr_line' id='line_1_7' title="bbox 397 630 1966 706; baseline -0.006 -16"><span class='ocrx_word' id='word_1_26' title='bbox 397 639 478 701; x_wconf 83' lang='grc' dir='ltr'><strong>είς</strong></span> <span class='ocrx_word' id='word_1_27' title='bbox 535 635 709 706; x_wconf 82' lang='grc' dir='ltr'>αὐτὴν</span> <span class='ocrx_word' id='word_1_28' title='bbox 756 633 1039 704; x_wconf 81' lang='grc' dir='ltr'><strong>προσόδοις</strong></span> <span class='ocrx_word' id='word_1_29' title='bbox 1091 631 1349 700; x_wconf 76' lang='grc' dir='ltr'><strong>γινομένη</strong></span> <span class='ocrx_word' id='word_1_30' title='bbox 1404 630 1564 694; x_wconf 80' lang='grc' dir='ltr'>δεκὰς</span> <span class='ocrx_word' id='word_1_31' title='bbox 1590 630 1676 683; x_wconf 72' lang='grc' dir='ltr'><strong>διὰ</strong></span> <span class='ocrx_word' id='word_1_32' title='bbox 1708 630 1966 692; x_wconf 79' lang='grc' dir='ltr'><strong>πεντάδος</strong></span> 
     </span>
    </p>
   </div>
   <div class='ocr_carea' id='block_1_8' title="bbox 397 720 1963 796">
    <p class='ocr_par' dir='ltr' id='par_1_8' title="bbox 397 720 1963 796">
     <span class='ocr_line' id='line_1_8' title="bbox 397 720 1963 796; baseline -0.007 -14"><span class='ocrx_word' id='word_1_33' title='bbox 397 725 918 796; x_wconf 78' lang='grc' dir='ltr'>ίσοπλασιασθείσης</span> <span class='ocrx_word' id='word_1_34' title='bbox 965 724 1103 792; x_wconf 83' lang='grc' dir='ltr'>αὑτῇ</span> <span class='ocrx_word' id='word_1_35' title='bbox 1163 723 1391 774; x_wconf 84' lang='grc' dir='ltr'>ποιοῦσα</span> <span class='ocrx_word' id='word_1_36' title='bbox 1425 721 1523 790; x_wconf 81' lang='grc' dir='ltr'><strong>τὴν</strong></span> <span class='ocrx_word' id='word_1_37' title='bbox 1563 720 1963 791; x_wconf 83' lang='grc' dir='ltr'>Πεντήκοστὴν,</span> 
     </span>
    </p>
   </div>
   <div class='ocr_carea' id='block_1_9' title="bbox 393 807 1966 889">
    <p class='ocr_par' dir='ltr' id='par_1_9' title="bbox 393 807 1966 889">
     <span class='ocr_line' id='line_1_9' title="bbox 393 807 1966 889; baseline -0.009 -17"><span class='ocrx_word' id='word_1_38' title='bbox 393 817 542 889; x_wconf 80' lang='grc' dir='ltr'><strong>ἀρχὴ</strong></span> <span class='ocrx_word' id='word_1_39' title='bbox 567 817 663 870; x_wconf 72' lang='grc' dir='ltr'><strong>καὶ</strong></span> <span class='ocrx_word' id='word_1_40' title='bbox 701 810 852 878; x_wconf 80' lang='grc' dir='ltr'><strong>τέλος</strong></span> <span class='ocrx_word' id='word_1_41' title='bbox 901 813 1019 865; x_wconf 77' lang='grc' dir='ltr'>ἐστὶ</span> <span class='ocrx_word' id='word_1_42' title='bbox 1070 810 1176 863; x_wconf 88' lang='grc' dir='ltr'><strong>τῶν</strong></span> <span class='ocrx_word' id='word_1_43' title='bbox 1223 810 1421 880; x_wconf 77' lang='grc' dir='ltr'>ἑαυτῆς</span> <span class='ocrx_word' id='word_1_44' title='bbox 1452 825 1465 838; x_wconf 69' lang='grc' dir='ltr'><strong>ο</strong></span> <span class='ocrx_word' id='word_1_45' title='bbox 1495 809 1554 872; x_wconf 81' lang='grc' dir='ltr'><strong>τὸ</strong></span> <span class='ocrx_word' id='word_1_46' title='bbox 1589 809 1717 878; x_wconf 80' lang='grc' dir='ltr'>μὲν,</span> <span class='ocrx_word' id='word_1_47' title='bbox 1744 809 1820 870; x_wconf 81' lang='grc' dir='ltr'>ὡς</span> <span class='ocrx_word' id='word_1_48' title='bbox 1861 807 1966 876; x_wconf 85' lang='grc' dir='ltr'><strong>πρὸ</strong></span> 
     </span>
    </p>
   </div>
   <div class='ocr_carea' id='block_1_10' title="bbox 400 897 1966 970">
    <p class='ocr_par' dir='ltr' id='par_1_10' title="bbox 400 897 1966 970">
     <span class='ocr_line' id='line_1_10' title="bbox 400 897 1966 970; baseline -0.008 -8"><span class='ocrx_word' id='word_1_49' title='bbox 400 908 602 970; x_wconf 87' lang='grc' dir='ltr'>παντὸς</span> <span class='ocrx_word' id='word_1_50' title='bbox 647 905 816 958; x_wconf 89' lang='grc' dir='ltr'>ποσοῦ</span> <span class='ocrx_word' id='word_1_51' title='bbox 839 921 851 933; x_wconf 90' lang='grc'><strong>·</strong></span> <span class='ocrx_word' id='word_1_52' title='bbox 888 903 948 955; x_wconf 91' lang='grc' dir='ltr'><strong>τὸ</strong></span> <span class='ocrx_word' id='word_1_53' title='bbox 987 901 1065 965; x_wconf 82' lang='grc' dir='ltr'><strong>δὲ,</strong></span> <span class='ocrx_word' id='word_1_54' title='bbox 1091 901 1166 963; x_wconf 85' lang='grc' dir='ltr'>ὡς</span> <span class='ocrx_word' id='word_1_55' title='bbox 1201 900 1343 970; x_wconf 81' lang='grc' dir='ltr'>ὑπὲρ</span> <span class='ocrx_word' id='word_1_56' title='bbox 1390 899 1555 951; x_wconf 87' lang='grc' dir='ltr'>ποσόν</span> <span class='ocrx_word' id='word_1_57' title='bbox 1583 916 1595 928; x_wconf 90' lang='grc'><strong>·</strong></span> <span class='ocrx_word' id='word_1_58' title='bbox 1630 898 1769 950; x_wconf 86' lang='grc' dir='ltr'>οῦτω</span> <span class='ocrx_word' id='word_1_59' title='bbox 1809 898 1902 951; x_wconf 75' lang='grc' dir='ltr'><strong>καὶ</strong></span> <span class='ocrx_word' id='word_1_60' title='bbox 1937 897 1966 950; x_wconf 83' lang='grc' dir='ltr'>ὁ</span> 
     </span>
    </p>
   </div>
   <div class='ocr_carea' id='block_1_11' title="bbox 397 988 1968 1067">
    <p class='ocr_par' dir='ltr' id='par_1_11' title="bbox 397 988 1968 1067">
     <span class='ocr_line' id='line_1_11' title="bbox 397 988 1968 1067; baseline -0.008 -14"><span class='ocrx_word' id='word_1_61' title='bbox 397 999 552 1063; x_wconf 84' lang='grc' dir='ltr'>Θεὸς,</span> <span class='ocrx_word' id='word_1_62' title='bbox 573 993 618 1064; x_wconf 78' lang='grc' dir='ltr'><strong>ᾧ</strong></span> <span class='ocrx_word' id='word_1_63' title='bbox 639 996 736 1067; x_wconf 79' lang='grc' dir='ltr'>τὴν</span> <span class='ocrx_word' id='word_1_64' title='bbox 758 994 961 1066; x_wconf 76' lang='grc' dir='ltr'>μονάδα</span> <span class='ocrx_word' id='word_1_65' title='bbox 990 990 1375 1046; x_wconf 82' lang='grc' dir='ltr'>κατέίκασίαν</span> <span class='ocrx_word' id='word_1_66' title='bbox 1404 988 1635 1060; x_wconf 81' lang='grc' dir='ltr'>τυπικήν</span> <span class='ocrx_word' id='word_1_67' title='bbox 1685 989 1968 1056; x_wconf 84' lang='grc' dir='ltr'>ἀναλογεῖν</span> 
     </span>
    </p>
   </div>
   <div class='ocr_carea' id='block_1_12' title="bbox 398 1079 1965 1160">
    <p class='ocr_par' dir='ltr' id='par_1_12' title="bbox 398 1079 1965 1160">
     <span class='ocr_line' id='line_1_12' title="bbox 398 1079 1965 1160; baseline -0.008 -17"><span class='ocrx_word' id='word_1_68' title='bbox 398 1091 622 1160; x_wconf 78' lang='grc' dir='ltr'>ἔφησεν,</span> <span class='ocrx_word' id='word_1_69' title='bbox 657 1085 800 1157; x_wconf 81' lang='grc' dir='ltr'><strong>ἀρχὴ</strong></span> <span class='ocrx_word' id='word_1_70' title='bbox 833 1086 928 1136; x_wconf 77' lang='grc' dir='ltr'>καὶ</span> <span class='ocrx_word' id='word_1_71' title='bbox 981 1083 1134 1146; x_wconf 82' lang='grc' dir='ltr'>τέλος</span> <span class='ocrx_word' id='word_1_72' title='bbox 1166 1082 1284 1134; x_wconf 75' lang='grc' dir='ltr'>ἐστὶ</span> <span class='ocrx_word' id='word_1_73' title='bbox 1313 1080 1421 1134; x_wconf 87' lang='grc' dir='ltr'><strong>τῶν</strong></span> <span class='ocrx_word' id='word_1_74' title='bbox 1451 1080 1642 1144; x_wconf 77' lang='grc' dir='ltr'>ὅντων,</span> <span class='ocrx_word' id='word_1_75' title='bbox 1671 1080 1766 1132; x_wconf 76' lang='grc' dir='ltr'>καὶ</span> <span class='ocrx_word' id='word_1_76' title='bbox 1788 1079 1965 1147; x_wconf 83' lang='grc' dir='ltr'>λόγος,</span> 
     </span>
    </p>
   </div>
   <div class='ocr_carea' id='block_1_13' title="bbox 393 1169 1969 1249">
    <p class='ocr_par' dir='ltr' id='par_1_13' title="bbox 393 1169 1969 1249">
     <span class='ocr_line' id='line_1_13' title="bbox 393 1169 1969 1249; baseline -0.009 -14"><span class='ocrx_word' id='word_1_77' title='bbox 393 1175 444 1249; x_wconf 81' lang='grc' dir='ltr'><strong>ᾧ</strong></span> <span class='ocrx_word' id='word_1_78' title='bbox 469 1181 538 1234; x_wconf 81' lang='grc' dir='ltr'>τὰ</span> <span class='ocrx_word' id='word_1_79' title='bbox 571 1179 748 1232; x_wconf 85' lang='grc' dir='ltr'>πάντα</span> <span class='ocrx_word' id='word_1_80' title='bbox 798 1175 1126 1244; x_wconf 71' lang='grc' dir='ltr'><strong>συνέστηκεν</strong></span> <span class='ocrx_word' id='word_1_81' title='bbox 1148 1189 1160 1203; x_wconf 82' lang='grc'><strong>’</strong></span> <span class='ocrx_word' id='word_1_82' title='bbox 1195 1172 1339 1242; x_wconf 76' lang='grc' dir='ltr'><strong>ἀρχὴ</strong></span> <span class='ocrx_word' id='word_1_83' title='bbox 1377 1171 1498 1242; x_wconf 81' lang='grc' dir='ltr'>μὲν,</span> <span class='ocrx_word' id='word_1_84' title='bbox 1533 1173 1615 1225; x_wconf 84' lang='grc' dir='ltr'>ὅτι</span> <span class='ocrx_word' id='word_1_85' title='bbox 1651 1172 1767 1240; x_wconf 15' lang='grc' dir='ltr'>πρὸ,</span> <span class='ocrx_word' id='word_1_86' title='bbox 1786 1169 1969 1238; x_wconf 88' lang='grc' dir='ltr'>πάσης</span> 
     </span>
    </p>
   </div>
   <div class='ocr_carea' id='block_1_14' title="bbox 397 1263 1967 1336">
    <p class='ocr_par' dir='ltr' id='par_1_14' title="bbox 397 1263 1967 1336">
     <span class='ocr_line' id='line_1_14' title="bbox 397 1263 1967 1336; baseline -0.006 -12"><span class='ocrx_word' id='word_1_87' title='bbox 397 1272 588 1334; x_wconf 80' lang='grc' dir='ltr'>οὐσίας</span> <span class='ocrx_word' id='word_1_88' title='bbox 623 1269 739 1322; x_wconf 78' lang='grc' dir='ltr'>ἐστὶ</span> <span class='ocrx_word' id='word_1_89' title='bbox 770 1269 865 1322; x_wconf 75' lang='grc' dir='ltr'><strong>καὶ</strong></span> <span class='ocrx_word' id='word_1_90' title='bbox 889 1268 1188 1336; x_wconf 76' lang='grc' dir='ltr'>κινήσεως·</span> <span class='ocrx_word' id='word_1_91' title='bbox 1213 1264 1366 1327; x_wconf 84' lang='grc' dir='ltr'>τέλος</span> <span class='ocrx_word' id='word_1_92' title='bbox 1392 1263 1468 1329; x_wconf 86' lang='grc' dir='ltr'>δὲ,</span> <span class='ocrx_word' id='word_1_93' title='bbox 1499 1264 1581 1316; x_wconf 85' lang='grc' dir='ltr'>ὅτι</span> <span class='ocrx_word' id='word_1_94' title='bbox 1609 1263 1748 1332; x_wconf 78' lang='grc' dir='ltr'>ὑπὲρ</span> <span class='ocrx_word' id='word_1_95' title='bbox 1786 1264 1967 1316; x_wconf 81' lang='grc' dir='ltr'>πᾶσαν</span> 
     </span>
    </p>
   </div>
   <div class='ocr_carea' id='block_1_15' title="bbox 399 1352 1967 1430">
    <p class='ocr_par' dir='ltr' id='par_1_15' title="bbox 399 1352 1967 1430">
     <span class='ocr_line' id='line_1_15' title="bbox 399 1352 1967 1430; baseline -0.006 -12"><span class='ocrx_word' id='word_1_96' title='bbox 399 1364 586 1418; x_wconf 85' lang='grc' dir='ltr'>οὐσίαν</span> <span class='ocrx_word' id='word_1_97' title='bbox 618 1361 711 1415; x_wconf 76' lang='grc' dir='ltr'>καὶ</span> <span class='ocrx_word' id='word_1_98' title='bbox 740 1361 979 1430; x_wconf 82' lang='grc' dir='ltr'>κίνησιν·</span> <span class='ocrx_word' id='word_1_99' title='bbox 1001 1358 1155 1425; x_wconf 83' lang='grc' dir='ltr'>λόγος</span> <span class='ocrx_word' id='word_1_100' title='bbox 1183 1356 1262 1424; x_wconf 69' lang='grc' dir='ltr'>δὲ,</span> <span class='ocrx_word' id='word_1_101' title='bbox 1284 1357 1366 1409; x_wconf 83' lang='grc' dir='ltr'><strong>ὅτι</strong></span> <span class='ocrx_word' id='word_1_102' title='bbox 1394 1355 1612 1409; x_wconf 82' lang='grc' dir='ltr'>πάντων</span> <span class='ocrx_word' id='word_1_103' title='bbox 1637 1353 1754 1406; x_wconf 86' lang='grc' dir='ltr'>κατ’</span> <span class='ocrx_word' id='word_1_104' title='bbox 1788 1352 1967 1408; x_wconf 79' lang='grc' dir='ltr'><strong>αἰτίαν</strong></span> 
     </span>
    </p>
   </div>
   <div class='ocr_carea' id='block_1_16' title="bbox 398 1441 1970 1524">
    <p class='ocr_par' dir='ltr' id='par_1_16' title="bbox 398 1441 1970 1524">
     <span class='ocr_line' id='line_1_16' title="bbox 398 1441 1970 1524; baseline -0.007 -16"><span class='ocrx_word' id='word_1_105' title='bbox 398 1453 755 1524; x_wconf 72' lang='grc' dir='ltr'>προνοητικός</span> <span class='ocrx_word' id='word_1_106' title='bbox 800 1455 966 1513; x_wconf 74' lang='grc' dir='ltr'>ἐστιν,</span> <span class='ocrx_word' id='word_1_107' title='bbox 1009 1449 1084 1511; x_wconf 80' lang='grc' dir='ltr'>ὼς</span> <span class='ocrx_word' id='word_1_108' title='bbox 1129 1448 1264 1518; x_wconf 87' lang='grc' dir='ltr'>πρὸς</span> <span class='ocrx_word' id='word_1_109' title='bbox 1293 1447 1654 1516; x_wconf 76' lang='grc' dir='ltr'>ὑποκείμενον</span> <span class='ocrx_word' id='word_1_110' title='bbox 1684 1441 1820 1508; x_wconf 75' lang='grc' dir='ltr'>εἶδος</span> <span class='ocrx_word' id='word_1_111' title='bbox 1848 1461 1970 1497; x_wconf 87' lang='grc' dir='ltr'>συν-</span> 
     </span>
    </p>
   </div>
   <div class='ocr_carea' id='block_1_17' title="bbox 393 1534 1971 1617">
    <p class='ocr_par' dir='ltr' id='par_1_17' title="bbox 393 1534 1971 1617">
     <span class='ocr_line' id='line_1_17' title="bbox 393 1534 1971 1617; baseline -0.008 -17"><span class='ocrx_word' id='word_1_112' title='bbox 393 1547 520 1617; x_wconf 80' lang='grc' dir='ltr'>υχὴ,</span> <span class='ocrx_word' id='word_1_113' title='bbox 554 1543 676 1598; x_wconf 83' lang='grc' dir='ltr'>καθ’</span> <span class='ocrx_word' id='word_1_114' title='bbox 717 1543 785 1614; x_wconf 83' lang='grc' dir='ltr'>ἥν</span> <span class='ocrx_word' id='word_1_115' title='bbox 814 1541 922 1594; x_wconf 89' lang='grc' dir='ltr'><strong>τῶν</strong></span> <span class='ocrx_word' id='word_1_116' title='bbox 944 1541 1110 1594; x_wconf 79' lang='grc' dir='ltr'>ὄντων</span> <span class='ocrx_word' id='word_1_117' title='bbox 1133 1540 1360 1592; x_wconf 73' lang='grc' dir='ltr'>ἕκαστον</span> <span class='ocrx_word' id='word_1_118' title='bbox 1385 1538 1497 1607; x_wconf 74' lang='grc' dir='ltr'>ἔχει</span> <span class='ocrx_word' id='word_1_119' title='bbox 1529 1537 1625 1608; x_wconf 82' lang='grc' dir='ltr'>τὴν</span> <span class='ocrx_word' id='word_1_120' title='bbox 1653 1538 1711 1589; x_wconf 80' lang='grc' dir='ltr'>ἐν</span> <span class='ocrx_word' id='word_1_121' title='bbox 1740 1534 1816 1606; x_wconf 82' lang='grc' dir='ltr'>τῷ</span> <span class='ocrx_word' id='word_1_122' title='bbox 1843 1537 1971 1588; x_wconf 83' lang='grc' dir='ltr'>ὲαυ-</span> 
     </span>
    </p>
   </div>
   <div class='ocr_carea' id='block_1_18' title="bbox 400 1626 1967 1707">
    <p class='ocr_par' dir='ltr' id='par_1_18' title="bbox 400 1626 1967 1707">
     <span class='ocr_line' id='line_1_18' title="bbox 400 1626 1967 1707; baseline -0.01 -13"><span class='ocrx_word' id='word_1_123' title='bbox 400 1641 494 1695; x_wconf 89' lang='grc' dir='ltr'><strong>τοῦ</strong></span> <span class='ocrx_word' id='word_1_124' title='bbox 555 1637 699 1707; x_wconf 82' lang='grc' dir='ltr'>λόγῳ</span> <span class='ocrx_word' id='word_1_125' title='bbox 755 1631 1032 1704; x_wconf 78' lang='grc' dir='ltr'>διαμονήν.</span> <span class='ocrx_word' id='word_1_126' title='bbox 1071 1634 1238 1684; x_wconf 85' lang='grc' dir='ltr'>Ὅταν</span> <span class='ocrx_word' id='word_1_127' title='bbox 1288 1626 1381 1688; x_wconf 80' lang='grc' dir='ltr'>οὖν</span> <span class='ocrx_word' id='word_1_128' title='bbox 1432 1628 1639 1682; x_wconf 82' lang='grc' dir='ltr'>λάϐωσι</span> <span class='ocrx_word' id='word_1_129' title='bbox 1694 1627 1870 1697; x_wconf 80' lang='grc' dir='ltr'><strong>πέρας</strong></span> <span class='ocrx_word' id='word_1_130' title='bbox 1918 1628 1967 1679; x_wconf 70' lang='lat' dir='ltr'><strong>oi</strong></span> 
     </span>
    </p>
   </div>
   <div class='ocr_carea' id='block_1_19' title="bbox 402 1715 1969 1802">
    <p class='ocr_par' dir='ltr' id='par_1_19' title="bbox 402 1715 1969 1802">
     <span class='ocr_line' id='line_1_19' title="bbox 402 1715 1969 1802; baseline -0.01 -18"><span class='ocrx_word' id='word_1_131' title='bbox 402 1731 582 1802; x_wconf 81' lang='grc' dir='ltr'>χρόνοι</span> <span class='ocrx_word' id='word_1_132' title='bbox 630 1728 722 1782; x_wconf 74' lang='grc' dir='ltr'>καὶ</span> <span class='ocrx_word' id='word_1_133' title='bbox 755 1727 806 1779; x_wconf 83' lang='grc' dir='ltr'>οἱ</span> <span class='ocrx_word' id='word_1_134' title='bbox 843 1722 1038 1786; x_wconf 81' lang='grc' dir='ltr'>αἰῶνες</span> <span class='ocrx_word' id='word_1_135' title='bbox 1059 1762 1072 1783; x_wconf 86' lang='grc'><strong>,</strong></span> <span class='ocrx_word' id='word_1_136' title='bbox 1109 1715 1191 1786; x_wconf 75' lang='grc' dir='ltr'>οἷς</span> <span class='ocrx_word' id='word_1_137' title='bbox 1241 1720 1524 1787; x_wconf 81' lang='grc' dir='ltr'>ἀναλογεῖν</span> <span class='ocrx_word' id='word_1_138' title='bbox 1566 1718 1664 1788; x_wconf 80' lang='grc' dir='ltr'><strong>τήν</strong></span> <span class='ocrx_word' id='word_1_139' title='bbox 1697 1716 1969 1787; x_wconf 77' lang='grc' dir='ltr'>ὲὸδομάδα</span> 
     </span>
    </p>
   </div>
   <div class='ocr_carea' id='block_1_20' title="bbox 399 1808 1968 1888">
    <p class='ocr_par' dir='ltr' id='par_1_20' title="bbox 399 1808 1968 1888">
     <span class='ocr_line' id='line_1_20' title="bbox 399 1808 1968 1888; baseline -0.006 -16"><span class='ocrx_word' id='word_1_140' title='bbox 399 1819 570 1888; x_wconf 70' lang='grc' dir='ltr'>φησιν</span> <span class='ocrx_word' id='word_1_141' title='bbox 597 1857 611 1882; x_wconf 97' lang='grc'><strong>,</strong></span> <span class='ocrx_word' id='word_1_142' title='bbox 643 1817 805 1878; x_wconf 82' lang='grc' dir='ltr'>αὐτὸς</span> <span class='ocrx_word' id='word_1_143' title='bbox 858 1813 1012 1866; x_wconf 73' lang='grc' dir='ltr'>ἔσται</span> <span class='ocrx_word' id='word_1_144' title='bbox 1060 1812 1183 1864; x_wconf 88' lang='grc' dir='ltr'>τότε</span> <span class='ocrx_word' id='word_1_145' title='bbox 1245 1810 1550 1882; x_wconf 77' lang='grc' dir='ltr'>μονώτατος</span> <span class='ocrx_word' id='word_1_146' title='bbox 1592 1812 1620 1863; x_wconf 91' lang='grc' dir='ltr'><strong>ό</strong></span> <span class='ocrx_word' id='word_1_147' title='bbox 1659 1809 1810 1873; x_wconf 82' lang='grc' dir='ltr'>Θεὸς,</span> <span class='ocrx_word' id='word_1_148' title='bbox 1843 1808 1968 1878; x_wconf 86' lang='grc' dir='ltr'>δίχα</span> 
     </span>
    </p>
   </div>
   <div class='ocr_carea' id='block_1_21' title="bbox 401 1900 1970 1978">
    <p class='ocr_par' dir='ltr' id='par_1_21' title="bbox 401 1900 1970 1978">
     <span class='ocr_line' id='line_1_21' title="bbox 401 1900 1970 1978; baseline -0.005 -18"><span class='ocrx_word' id='word_1_149' title='bbox 401 1908 500 1978; x_wconf 79' lang='grc' dir='ltr'>τῆς</span> <span class='ocrx_word' id='word_1_150' title='bbox 519 1905 628 1959; x_wconf 86' lang='grc' dir='ltr'><strong>τῶν</strong></span> <span class='ocrx_word' id='word_1_151' title='bbox 654 1906 754 1975; x_wconf 80' lang='grc' dir='ltr'><strong>οὐκ</strong></span> <span class='ocrx_word' id='word_1_152' title='bbox 782 1904 934 1966; x_wconf 73' lang='grc' dir='ltr'>ἄνευ,</span> <span class='ocrx_word' id='word_1_153' title='bbox 965 1901 1229 1965; x_wconf 78' lang='grc' dir='ltr'>τουτέστι,</span> <span class='ocrx_word' id='word_1_154' title='bbox 1255 1901 1433 1953; x_wconf 87' lang='grc' dir='ltr'>τόπων</span> <span class='ocrx_word' id='word_1_155' title='bbox 1459 1901 1555 1956; x_wconf 71' lang='grc' dir='ltr'>καὶ</span> <span class='ocrx_word' id='word_1_156' title='bbox 1585 1900 1790 1970; x_wconf 87' lang='grc' dir='ltr'>χρόνων</span> <span class='ocrx_word' id='word_1_157' title='bbox 1815 1915 1970 1967; x_wconf 73' lang='grc' dir='ltr'>μεσιιο</span> 
     </span>
    </p>
   </div>
   <div class='ocr_carea' id='block_1_22' title="bbox 401 1989 1969 2065">
    <p class='ocr_par' dir='ltr' id='par_1_22' title="bbox 401 1989 1969 2065">
     <span class='ocr_line' id='line_1_22' title="bbox 401 1989 1969 2065; baseline -0.006 -13"><span class='ocrx_word' id='word_1_158' title='bbox 401 2000 575 2062; x_wconf 82' lang='grc' dir='ltr'>τείας,</span> <span class='ocrx_word' id='word_1_159' title='bbox 602 1995 924 2065; x_wconf 67' lang='grc' dir='ltr'>συγκροτῶν</span> <span class='ocrx_word' id='word_1_160' title='bbox 958 1995 1026 2047; x_wconf 84' lang='grc' dir='ltr'>δι’</span> <span class='ocrx_word' id='word_1_161' title='bbox 1055 1997 1153 2050; x_wconf 79' lang='grc' dir='ltr'>ὲαυ</span> <span class='ocrx_word' id='word_1_162' title='bbox 1167 1990 1252 2046; x_wconf 76' lang='grc' dir='ltr'><strong>τοῦ</strong></span> <span class='ocrx_word' id='word_1_163' title='bbox 1276 1990 1400 2044; x_wconf 84' lang='grc' dir='ltr'>καθ’</span> <span class='ocrx_word' id='word_1_164' title='bbox 1433 1991 1625 2044; x_wconf 75' lang='grc' dir='ltr'>ἕνωσιν</span> <span class='ocrx_word' id='word_1_165' title='bbox 1661 1989 1836 2060; x_wconf 76' lang='grc' dir='ltr'>ἀληθῆ</span> <span class='ocrx_word' id='word_1_166' title='bbox 1859 1989 1969 2042; x_wconf 87' lang='grc' dir='ltr'><strong>τῶν</strong></span> 
     </span>
    </p>
   </div>
   <div class='ocr_carea' id='block_1_23' title="bbox 395 2079 1970 2155">
    <p class='ocr_par' dir='ltr' id='par_1_23' title="bbox 395 2079 1970 2155">
     <span class='ocr_line' id='line_1_23' title="bbox 395 2079 1970 2155; baseline -0.006 -11"><span class='ocrx_word' id='word_1_167' title='bbox 395 2091 569 2144; x_wconf 75' lang='grc' dir='ltr'>ὄντων</span> <span class='ocrx_word' id='word_1_168' title='bbox 597 2090 653 2142; x_wconf 82' lang='grc' dir='ltr'>ὲν</span> <span class='ocrx_word' id='word_1_169' title='bbox 689 2089 797 2150; x_wconf 80' lang='grc' dir='ltr'>τοῖς</span> <span class='ocrx_word' id='word_1_170' title='bbox 834 2084 1159 2155; x_wconf 75' lang='grc' dir='ltr'>σωζομένοις</span> <span class='ocrx_word' id='word_1_171' title='bbox 1190 2082 1452 2154; x_wconf 74' lang='grc' dir='ltr'>ὕπαρξιν·</span> <span class='ocrx_word' id='word_1_172' title='bbox 1483 2083 1650 2152; x_wconf 78' lang='grc' dir='ltr'>ήγουν</span> <span class='ocrx_word' id='word_1_173' title='bbox 1682 2080 1779 2152; x_wconf 78' lang='grc' dir='ltr'><strong>τήν</strong></span> <span class='ocrx_word' id='word_1_174' title='bbox 1808 2079 1970 2150; x_wconf 81' lang='grc' dir='ltr'>φύσιν</span> 
     </span>
    </p>
   </div>
   <div class='ocr_carea' id='block_1_24' title="bbox 398 2175 1970 2255">
    <p class='ocr_par' dir='ltr' id='par_1_24' title="bbox 398 2175 1970 2255">
     <span class='ocr_line' id='line_1_24' title="bbox 398 2175 1970 2255; baseline -0.006 -17"><span class='ocrx_word' id='word_1_175' title='bbox 398 2187 503 2255; x_wconf 80' lang='grc' dir='ltr'>τὴν</span> <span class='ocrx_word' id='word_1_176' title='bbox 556 2183 808 2252; x_wconf 84' lang='grc' dir='ltr'>γενητὴν,</span> <span class='ocrx_word' id='word_1_177' title='bbox 833 2181 896 2249; x_wconf 86' lang='grc' dir='ltr'>ἣν</span> <span class='ocrx_word' id='word_1_178' title='bbox 931 2182 997 2250; x_wconf 83' lang='grc' dir='ltr'>τῇ</span> <span class='ocrx_word' id='word_1_179' title='bbox 1031 2177 1248 2231; x_wconf 86' lang='grc' dir='ltr'>πεντάδι</span> <span class='ocrx_word' id='word_1_180' title='bbox 1295 2177 1660 2248; x_wconf 84' lang='grc' dir='ltr'>παρείκασεν,</span> <span class='ocrx_word' id='word_1_181' title='bbox 1696 2175 1756 2228; x_wconf 82' lang='grc' dir='ltr'><strong>ού</strong></span> <span class='ocrx_word' id='word_1_182' title='bbox 1810 2175 1970 2244; x_wconf 82' lang='grc' dir='ltr'>μόνον</span> 
     </span>
    </p>
   </div>
   <div class='ocr_carea' id='block_1_25' title="bbox 398 2263 1970 2340">
    <p class='ocr_par' dir='ltr' id='par_1_25' title="bbox 398 2263 1970 2340">
     <span class='ocr_line' id='line_1_25' title="bbox 398 2263 1970 2340; baseline -0.003 -17"><span class='ocrx_word' id='word_1_183' title='bbox 398 2273 490 2326; x_wconf 78' lang='grc' dir='ltr'>διὰ</span> <span class='ocrx_word' id='word_1_184' title='bbox 517 2274 615 2335; x_wconf 83' lang='grc' dir='ltr'>τὰς</span> <span class='ocrx_word' id='word_1_185' title='bbox 644 2270 943 2340; x_wconf 83' lang='grc' dir='ltr'>αἰσθήσεις,</span> <span class='ocrx_word' id='word_1_186' title='bbox 963 2263 1050 2332; x_wconf 73' lang='grc' dir='ltr'>αἷς</span> <span class='ocrx_word' id='word_1_187' title='bbox 1081 2269 1414 2321; x_wconf 81' lang='grc' dir='ltr'>ὑποπίπτειν</span> <span class='ocrx_word' id='word_1_188' title='bbox 1437 2267 1702 2335; x_wconf 84' lang='grc' dir='ltr'>πέφυκεν,</span> <span class='ocrx_word' id='word_1_189' title='bbox 1722 2265 1855 2320; x_wconf 81' lang='grc' dir='ltr'>ἀλλὰ</span> <span class='ocrx_word' id='word_1_190' title='bbox 1883 2265 1970 2320; x_wconf 80' lang='grc' dir='ltr'><strong>διὰ</strong></span> 
     </span>
    </p>
   </div>
   <div class='ocr_carea' id='block_1_26' title="bbox 400 2355 1970 2435">
    <p class='ocr_par' dir='ltr' id='par_1_26' title="bbox 400 2355 1970 2435">
     <span class='ocr_line' id='line_1_26' title="bbox 400 2355 1970 2435; baseline -0.006 -19"><span class='ocrx_word' id='word_1_191' title='bbox 400 2365 503 2435; x_wconf 84' lang='grc' dir='ltr'>τὴν</span> <span class='ocrx_word' id='word_1_192' title='bbox 524 2362 816 2431; x_wconf 78' lang='grc' dir='ltr'>καθολικὴν</span> <span class='ocrx_word' id='word_1_193' title='bbox 845 2361 1174 2431; x_wconf 70' lang='grc' dir='ltr'>ἐπιστήμην,</span> <span class='ocrx_word' id='word_1_194' title='bbox 1205 2359 1328 2430; x_wconf 73' lang='grc' dir='ltr'>ἣτις</span> <span class='ocrx_word' id='word_1_195' title='bbox 1374 2361 1431 2411; x_wconf 81' lang='grc' dir='ltr'>ὲν</span> <span class='ocrx_word' id='word_1_196' title='bbox 1456 2360 1522 2427; x_wconf 82' lang='grc' dir='ltr'>τῇ</span> <span class='ocrx_word' id='word_1_197' title='bbox 1552 2355 1839 2427; x_wconf 76' lang='grc' dir='ltr'>περιλήψει</span> <span class='ocrx_word' id='word_1_198' title='bbox 1871 2359 1970 2426; x_wconf 79' lang='grc' dir='ltr'><strong>τῆς</strong></span> 
     </span>
    </p>
   </div>
   <div class='ocr_carea' id='block_1_27' title="bbox 396 2448 1972 2526">
    <p class='ocr_par' dir='ltr' id='par_1_27' title="bbox 396 2448 1972 2526">
     <span class='ocr_line' id='line_1_27' title="bbox 396 2448 1972 2526; baseline -0.006 -17"><span class='ocrx_word' id='word_1_199' title='bbox 396 2455 510 2509; x_wconf 83' lang='grc' dir='ltr'><strong>τῶν</strong></span> <span class='ocrx_word' id='word_1_200' title='bbox 531 2453 730 2526; x_wconf 81' lang='grc' dir='ltr'>νοερῶν</span> <span class='ocrx_word' id='word_1_201' title='bbox 763 2471 822 2506; x_wconf 86' lang='grc' dir='ltr'><strong>τε</strong></span> <span class='ocrx_word' id='word_1_202' title='bbox 848 2453 942 2506; x_wconf 77' lang='grc' dir='ltr'><strong>καὶ</strong></span> <span class='ocrx_word' id='word_1_203' title='bbox 973 2451 1225 2520; x_wconf 82' lang='grc' dir='ltr'>λογικῶν,</span> <span class='ocrx_word' id='word_1_204' title='bbox 1268 2449 1600 2520; x_wconf 77' lang='grc' dir='ltr'>αἰσθητικῶν</span> <span class='ocrx_word' id='word_1_205' title='bbox 1629 2465 1689 2520; x_wconf 82' lang='grc' dir='ltr'><strong>τε</strong></span> <span class='ocrx_word' id='word_1_206' title='bbox 1713 2449 1808 2502; x_wconf 77' lang='grc' dir='ltr'><strong>καὶ</strong></span> <span class='ocrx_word' id='word_1_207' title='bbox 1843 2448 1972 2511; x_wconf 80' lang='grc' dir='ltr'><strong>ζών-</strong></span> 
     </span>
    </p>
   </div>
   <div class='ocr_carea' id='block_1_28' title="bbox 403 2539 1971 2612">
    <p class='ocr_par' dir='ltr' id='par_1_28' title="bbox 403 2539 1971 2612">
     <span class='ocr_line' id='line_1_28' title="bbox 403 2539 1971 2612; baseline -0.005 -12"><span class='ocrx_word' id='word_1_208' title='bbox 403 2565 534 2612; x_wconf 89' lang='grc' dir='ltr'>των,</span> <span class='ocrx_word' id='word_1_209' title='bbox 563 2549 654 2600; x_wconf 77' lang='grc' dir='ltr'><strong>καὶ</strong></span> <span class='ocrx_word' id='word_1_210' title='bbox 676 2546 842 2598; x_wconf 76' lang='grc' dir='ltr'>ὄντων</span> <span class='ocrx_word' id='word_1_211' title='bbox 871 2545 1171 2598; x_wconf 77' lang='grc' dir='ltr'>ἄπταιστον</span> <span class='ocrx_word' id='word_1_212' title='bbox 1198 2542 1505 2611; x_wconf 83' lang='grc' dir='ltr'>καθέστηκε</span> <span class='ocrx_word' id='word_1_213' title='bbox 1530 2539 1805 2609; x_wconf 85' lang='grc' dir='ltr'>γνώσεως.</span> <span class='ocrx_word' id='word_1_214' title='bbox 1822 2541 1971 2593; x_wconf 79' lang='grc' dir='ltr'>Οὐκ-</span> 
     </span>
    </p>
   </div>
   <div class='ocr_carea' id='block_1_29' title="bbox 401 2631 1972 2705">
    <p class='ocr_par' dir='ltr' id='par_1_29' title="bbox 401 2631 1972 2705">
     <span class='ocr_line' id='line_1_29' title="bbox 401 2631 1972 2705; baseline -0.006 -13"><span class='ocrx_word' id='word_1_215' title='bbox 401 2639 498 2692; x_wconf 85' lang='grc' dir='ltr'><strong>οῦν</strong></span> <span class='ocrx_word' id='word_1_216' title='bbox 529 2636 796 2692; x_wconf 84' lang='grc' dir='ltr'>παύσεταί</span> <span class='ocrx_word' id='word_1_217' title='bbox 823 2653 975 2700; x_wconf 89' lang='grc' dir='ltr'>ποτε,</span> <span class='ocrx_word' id='word_1_218' title='bbox 1005 2635 1104 2705; x_wconf 86' lang='grc' dir='ltr'><strong>τῆς</strong></span> <span class='ocrx_word' id='word_1_219' title='bbox 1138 2651 1197 2687; x_wconf 89' lang='grc' dir='ltr'><strong>τε</strong></span> <span class='ocrx_word' id='word_1_220' title='bbox 1228 2634 1368 2687; x_wconf 78' lang='grc' dir='ltr'>κατὰ</span> <span class='ocrx_word' id='word_1_221' title='bbox 1396 2634 1556 2688; x_wconf 84' lang='grc' dir='ltr'>τόπον</span> <span class='ocrx_word' id='word_1_222' title='bbox 1586 2633 1850 2696; x_wconf 85' lang='grc' dir='ltr'>στάσεως,</span> <span class='ocrx_word' id='word_1_223' title='bbox 1880 2631 1972 2684; x_wconf 75' lang='grc' dir='ltr'>καὶ</span> 
     </span>
    </p>
   </div>
   <div class='ocr_carea' id='block_1_30' title="bbox 401 2721 1971 2800">
    <p class='ocr_par' dir='ltr' id='par_1_30' title="bbox 401 2721 1971 2800">
     <span class='ocr_line' id='line_1_30' title="bbox 401 2721 1971 2800; baseline -0.007 -16"><span class='ocrx_word' id='word_1_224' title='bbox 401 2730 504 2800; x_wconf 85' lang='grc' dir='ltr'>τῆς</span> <span class='ocrx_word' id='word_1_225' title='bbox 530 2731 669 2782; x_wconf 81' lang='grc' dir='ltr'>κατὰ</span> <span class='ocrx_word' id='word_1_226' title='bbox 697 2727 886 2799; x_wconf 84' lang='grc' dir='ltr'>χρόνον</span> <span class='ocrx_word' id='word_1_227' title='bbox 916 2725 1199 2795; x_wconf 83' lang='grc' dir='ltr'>κινήσεως,</span> <span class='ocrx_word' id='word_1_228' title='bbox 1225 2722 1302 2785; x_wconf 82' lang='grc' dir='ltr'>ὡς</span> <span class='ocrx_word' id='word_1_229' title='bbox 1329 2724 1467 2794; x_wconf 87' lang='grc' dir='ltr'>ὑπὲρ</span> <span class='ocrx_word' id='word_1_230' title='bbox 1490 2723 1559 2776; x_wconf 85' lang='grc' dir='ltr'>τὰ</span> <span class='ocrx_word' id='word_1_231' title='bbox 1582 2723 1650 2778; x_wconf 84' lang='grc' dir='ltr'>δι’</span> <span class='ocrx_word' id='word_1_232' title='bbox 1683 2721 1852 2792; x_wconf 76' lang='grc' dir='ltr'>αὐτὴν</span> <span class='ocrx_word' id='word_1_233' title='bbox 1877 2739 1971 2790; x_wconf 88' lang='grc' dir='ltr'>γε-</span> 
     </span>
    </p>
   </div>
   <div class='ocr_carea' id='block_1_31' title="bbox 405 2806 1972 2889">
    <p class='ocr_par' dir='ltr' id='par_1_31' title="bbox 405 2806 1972 2889">
     <span class='ocr_line' id='line_1_31' title="bbox 405 2806 1972 2889; baseline -0.004 -16"><span class='ocrx_word' id='word_1_234' title='bbox 405 2819 601 2888; x_wconf 86' lang='grc' dir='ltr'>γονότα</span> <span class='ocrx_word' id='word_1_235' title='bbox 623 2806 908 2889; x_wconf 75' lang='grc' dir='ltr'>(τουτέστι,</span> <span class='ocrx_word' id='word_1_236' title='bbox 935 2816 1100 2869; x_wconf 87' lang='grc' dir='ltr'>τόπον</span> <span class='ocrx_word' id='word_1_237' title='bbox 1127 2816 1223 2868; x_wconf 76' lang='grc' dir='ltr'>καὶ</span> <span class='ocrx_word' id='word_1_238' title='bbox 1253 2813 1466 2885; x_wconf 87' lang='grc' dir='ltr'>χρόνον)</span> <span class='ocrx_word' id='word_1_239' title='bbox 1489 2814 1578 2870; x_wconf 77' lang='grc' dir='ltr'>διὰ</span> <span class='ocrx_word' id='word_1_240' title='bbox 1603 2814 1701 2883; x_wconf 81' lang='grc' dir='ltr'>τῆς</span> <span class='ocrx_word' id='word_1_241' title='bbox 1722 2813 1857 2882; x_wconf 88' lang='grc' dir='ltr'>πρὸς</span> <span class='ocrx_word' id='word_1_242' title='bbox 1880 2811 1972 2866; x_wconf 88' lang='grc' dir='ltr'><strong>τὸν</strong></span> 
     </span>
    </p>
   </div>
   <div class='ocr_carea' id='block_1_32' title="bbox 404 2889 1973 2975">
    <p class='ocr_par' dir='ltr' id='par_1_32' title="bbox 404 2889 1973 2975">
     <span class='ocr_line' id='line_1_32' title="bbox 404 2889 1973 2975; baseline -0.008 -10"><span class='ocrx_word' id='word_1_243' title='bbox 404 2911 563 2974; x_wconf 85' lang='grc' dir='ltr'>Θεὸν,</span> <span class='ocrx_word' id='word_1_244' title='bbox 589 2909 654 2964; x_wconf 85' lang='grc' dir='ltr'>δι’</span> <span class='ocrx_word' id='word_1_245' title='bbox 687 2909 745 2962; x_wconf 81' lang='grc' dir='ltr'>ὃν</span> <span class='ocrx_word' id='word_1_246' title='bbox 768 2909 862 2962; x_wconf 76' lang='grc' dir='ltr'>καὶ</span> <span class='ocrx_word' id='word_1_247' title='bbox 889 2889 1132 2975; x_wconf 73' lang='grc' dir='ltr'>γέγονεν,</span> <span class='ocrx_word' id='word_1_248' title='bbox 1158 2903 1390 2974; x_wconf 77' lang='grc' dir='ltr'>ἀληθοῦς</span> <span class='ocrx_word' id='word_1_249' title='bbox 1433 2903 1727 2971; x_wconf 83' lang='grc' dir='ltr'>συναφείας</span> <span class='ocrx_word' id='word_1_250' title='bbox 1764 2904 1821 2956; x_wconf 73' lang='grc' dir='ltr'>ἐν</span> <span class='ocrx_word' id='word_1_251' title='bbox 1859 2904 1973 2964; x_wconf 85' lang='grc' dir='ltr'>τοῖς</span> 
     </span>
    </p>
   </div>
   <div class='ocr_carea' id='block_1_33' title="bbox 409 2991 1973 3068">
    <p class='ocr_par' dir='ltr' id='par_1_33' title="bbox 409 2991 1973 3068">
     <span class='ocr_line' id='line_1_33' title="bbox 409 2991 1973 3068; baseline -0.006 -16"><span class='ocrx_word' id='word_1_252' title='bbox 409 2998 734 3068; x_wconf 74' lang='grc' dir='ltr'>σωζομένοις</span> <span class='ocrx_word' id='word_1_253' title='bbox 761 2996 1027 3064; x_wconf 83' lang='grc' dir='ltr'>γενομένη</span> <span class='ocrx_word' id='word_1_254' title='bbox 1052 2994 1161 3046; x_wconf 86' lang='grc' dir='ltr'><strong>τῶν</strong></span> <span class='ocrx_word' id='word_1_255' title='bbox 1188 2994 1354 3046; x_wconf 70' lang='grc' dir='ltr'>ὄντων</span> <span class='ocrx_word' id='word_1_256' title='bbox 1387 2995 1419 3064; x_wconf 85' lang='grc' dir='ltr'><strong>ή</strong></span> <span class='ocrx_word' id='word_1_257' title='bbox 1454 2991 1632 3062; x_wconf 86' lang='grc' dir='ltr'>φύσις.</span> <span class='ocrx_word' id='word_1_258' title='bbox 1663 2991 1836 3044; x_wconf 77' lang='grc' dir='ltr'>Αὑτὸν</span> <span class='ocrx_word' id='word_1_259' title='bbox 1865 2991 1973 3060; x_wconf 80' lang='grc' dir='ltr'><strong>γὰρ</strong></span> 
     </span>
    </p>
   </div>
   <div class='ocr_carea' id='block_1_34' title="bbox 2066 542 3636 612">
    <p class='ocr_par' dir='ltr' id='par_1_34' title="bbox 2066 542 3636 612">
     <span class='ocr_line' id='line_1_34' title="bbox 2066 542 3636 612; baseline 0.001 -16"><span class='ocrx_word' id='word_1_260' title='bbox 2066 551 2204 597; x_wconf 84' lang='lat' dir='ltr'><strong>stem</strong></span> <span class='ocrx_word' id='word_1_261' title='bbox 2240 542 2515 609; x_wconf 83' lang='lat' dir='ltr'><strong>elIiciens;</strong></span> <span class='ocrx_word' id='word_1_262' title='bbox 2556 559 2621 598; x_wconf 92' lang='lat' dir='ltr'><strong>ac</strong></span> <span class='ocrx_word' id='word_1_263' title='bbox 2665 558 2877 608; x_wconf 85' lang='lat' dir='ltr'><strong>rursus,</strong></span> <span class='ocrx_word' id='word_1_264' title='bbox 2936 543 3052 597; x_wconf 84' lang='lat' dir='ltr'><strong>suis</strong></span> <span class='ocrx_word' id='word_1_265' title='bbox 3102 542 3219 612; x_wconf 89' lang='lat' dir='ltr'><strong>ipsa</strong></span> <span class='ocrx_word' id='word_1_266' title='bbox 3280 543 3516 596; x_wconf 87' lang='lat' dir='ltr'><strong>cumulis</strong></span> <span class='ocrx_word' id='word_1_267' title='bbox 3565 545 3636 598; x_wconf 86' lang='lat' dir='ltr'><strong>ad</strong></span> 
     </span>
    </p>
   </div>
   <div class='ocr_carea' id='block_1_35' title="bbox 2061 635 3637 705">
    <p class='ocr_par' dir='ltr' id='par_1_35' title="bbox 2061 635 3637 705">
     <span class='ocr_line' id='line_1_35' title="bbox 2061 635 3637 705; baseline 0 -15"><span class='ocrx_word' id='word_1_268' title='bbox 2061 650 2296 704; x_wconf 80' lang='lat' dir='ltr'><strong>eamque</strong></span> <span class='ocrx_word' id='word_1_269' title='bbox 2313 636 2727 691; x_wconf 85' lang='lat' dir='ltr'><strong>accessionibus</strong></span> <span class='ocrx_word' id='word_1_270' title='bbox 2761 635 2926 690; x_wconf 86' lang='lat' dir='ltr'><strong>decas</strong></span> <span class='ocrx_word' id='word_1_271' title='bbox 2961 635 3176 700; x_wconf 79' lang='lat' dir='ltr'><strong>effecta,</strong></span> <span class='ocrx_word' id='word_1_272' title='bbox 3196 649 3295 704; x_wconf 86' lang='lat' dir='ltr'><strong>per</strong></span> <span class='ocrx_word' id='word_1_273' title='bbox 3322 635 3637 705; x_wconf 87' lang='lat' dir='ltr'><strong>quinarium</strong></span> 
     </span>
    </p>
   </div>
   <div class='ocr_carea' id='block_1_36' title="bbox 2061 725 3642 795">
    <p class='ocr_par' dir='ltr' id='par_1_36' title="bbox 2061 725 3642 795">
     <span class='ocr_line' id='line_1_36' title="bbox 2061 725 3642 795; baseline 0 -17"><span class='ocrx_word' id='word_1_274' title='bbox 2061 725 2240 795; x_wconf 66' lang='lat' dir='ltr'><strong>requis</strong></span> <span class='ocrx_word' id='word_1_275' title='bbox 2265 725 2343 778; x_wconf 82' lang='lat' dir='ltr'><strong>illi</strong></span> <span class='ocrx_word' id='word_1_276' title='bbox 2375 725 2627 794; x_wconf 88' lang='lat' dir='ltr'><strong>partibus</strong></span> <span class='ocrx_word' id='word_1_277' title='bbox 2655 725 3104 794; x_wconf 87' lang='lat' dir='ltr'><strong>multiplicatum,</strong></span> <span class='ocrx_word' id='word_1_278' title='bbox 3137 725 3517 780; x_wconf 83' lang='lat' dir='ltr'><strong>Pentecostem</strong></span> <span class='ocrx_word' id='word_1_279' title='bbox 3549 725 3642 779; x_wconf 80' lang='lat' dir='ltr'><strong>iti-</strong></span> 
     </span>
    </p>
   </div>
   <div class='ocr_carea' id='block_1_37' title="bbox 2010 816 3637 887">
    <p class='ocr_par' dir='ltr' id='par_1_37' title="bbox 2010 816 3637 887">
     <span class='ocr_line' id='line_1_37' title="bbox 2010 816 3637 887; baseline -0.001 -16"><span class='ocrx_word' id='word_1_280' title='bbox 2010 883 2013 887; x_wconf 12' lang='grc' dir='ltr'><strong>γ</strong></span> <span class='ocrx_word' id='word_1_281' title='bbox 2067 817 2191 872; x_wconf 90' lang='lat' dir='ltr'><strong>dem</strong></span> <span class='ocrx_word' id='word_1_282' title='bbox 2233 818 2491 883; x_wconf 85' lang='lat' dir='ltr'><strong>reddens,</strong></span> <span class='ocrx_word' id='word_1_283' title='bbox 2519 833 2745 872; x_wconf 90' lang='lat' dir='ltr'><strong>suorum</strong></span> <span class='ocrx_word' id='word_1_284' title='bbox 2778 817 3115 887; x_wconf 86' lang='lat' dir='ltr'><strong>principium</strong></span> <span class='ocrx_word' id='word_1_285' title='bbox 3149 832 3212 872; x_wconf 89' lang='lat' dir='ltr'><strong>ac</strong></span> <span class='ocrx_word' id='word_1_286' title='bbox 3234 816 3360 871; x_wconf 85' lang='lat' dir='ltr'><strong>finis</strong></span> <span class='ocrx_word' id='word_1_287' title='bbox 3379 817 3592 872; x_wconf 72' lang='lat' dir='ltr'><strong>exsistit</strong></span> <span class='ocrx_word' id='word_1_288' title='bbox 3619 837 3637 882; x_wconf 86' lang='lat'><strong>;</strong></span> 
     </span>
    </p>
   </div>
   <div class='ocr_carea' id='block_1_38' title="bbox 2067 909 3638 978">
    <p class='ocr_par' dir='ltr' id='par_1_38' title="bbox 2067 909 3638 978">
     <span class='ocr_line' id='line_1_38' title="bbox 2067 909 3638 978; baseline 0.001 -16"><span class='ocrx_word' id='word_1_289' title='bbox 2067 910 2326 974; x_wconf 82' lang='lat' dir='ltr'><strong>alterum,</strong></span> <span class='ocrx_word' id='word_1_290' title='bbox 2359 917 2420 963; x_wconf 90' lang='lat' dir='ltr'><strong>ut</strong></span> <span class='ocrx_word' id='word_1_291' title='bbox 2454 919 2664 978; x_wconf 90' lang='lat' dir='ltr'><strong>quanto</strong></span> <span class='ocrx_word' id='word_1_292' title='bbox 2711 909 2860 964; x_wconf 90' lang='lat' dir='ltr'><strong>omni</strong></span> <span class='ocrx_word' id='word_1_293' title='bbox 2895 909 3175 974; x_wconf 87' lang='lat' dir='ltr'><strong>anterior;</strong></span> <span class='ocrx_word' id='word_1_294' title='bbox 3205 909 3437 963; x_wconf 90' lang='lat' dir='ltr'><strong>alterum</strong></span> <span class='ocrx_word' id='word_1_295' title='bbox 3482 925 3638 975; x_wconf 90' lang='lat' dir='ltr'><strong>vero,</strong></span> 
     </span>
    </p>
   </div>
   <div class='ocr_carea' id='block_1_39' title="bbox 2065 999 3642 1069">
    <p class='ocr_par' dir='ltr' id='par_1_39' title="bbox 2065 999 3642 1069">
     <span class='ocr_line' id='line_1_39' title="bbox 2065 999 3642 1069; baseline 0 -16"><span class='ocrx_word' id='word_1_296' title='bbox 2065 1007 2128 1053; x_wconf 83' lang='lat' dir='ltr'><strong>ut</strong></span> <span class='ocrx_word' id='word_1_297' title='bbox 2155 1014 2224 1053; x_wconf 91' lang='lat' dir='ltr'><strong>eo</strong></span> <span class='ocrx_word' id='word_1_298' title='bbox 2247 1001 2517 1069; x_wconf 85' lang='lat' dir='ltr'><strong>superior.</strong></span> <span class='ocrx_word' id='word_1_299' title='bbox 2550 1001 2628 1056; x_wconf 86' lang='lat' dir='ltr'><strong>Ita</strong></span> <span class='ocrx_word' id='word_1_300' title='bbox 2653 1007 2729 1056; x_wconf 89' lang='lat' dir='ltr'><strong>&#39;et</strong></span> <span class='ocrx_word' id='word_1_301' title='bbox 2770 1001 2936 1066; x_wconf 85' lang='lat' dir='ltr'><strong>Deus,</strong></span> <span class='ocrx_word' id='word_1_302' title='bbox 2973 1000 3062 1055; x_wconf 92' lang='lat' dir='ltr'><strong>cui</strong></span> <span class='ocrx_word' id='word_1_303' title='bbox 3089 999 3261 1069; x_wconf 81' lang='lat' dir='ltr'><strong>ﬁgura</strong></span> <span class='ocrx_word' id='word_1_304' title='bbox 3295 999 3532 1068; x_wconf 88' lang='lat' dir='ltr'><strong>quadam</strong></span> <span class='ocrx_word' id='word_1_305' title='bbox 3576 1015 3642 1053; x_wconf 89' lang='lat' dir='ltr'><strong>ac</strong></span> 
     </span>
    </p>
   </div>
   <div class='ocr_carea' id='block_1_40' title="bbox 2066 1090 3641 1162">
    <p class='ocr_par' dir='ltr' id='par_1_40' title="bbox 2066 1090 3641 1162">
     <span class='ocr_line' id='line_1_40' title="bbox 2066 1090 3641 1162; baseline -0.001 -16"><span class='ocrx_word' id='word_1_306' title='bbox 2066 1090 2432 1147; x_wconf 87' lang='lat' dir='ltr'><strong>similitudine</strong></span> <span class='ocrx_word' id='word_1_307' title='bbox 2453 1092 2743 1147; x_wconf 84' lang='lat' dir='ltr'><strong>monadem</strong></span> <span class='ocrx_word' id='word_1_308' title='bbox 2787 1092 3146 1162; x_wconf 88' lang='lat' dir='ltr'><strong>proportione</strong></span> <span class='ocrx_word' id='word_1_309' title='bbox 3189 1091 3524 1161; x_wconf 88' lang='lat' dir='ltr'><strong>respondere</strong></span> <span class='ocrx_word' id='word_1_310' title='bbox 3555 1090 3641 1145; x_wconf 92' lang='lat' dir='ltr'><strong>di-</strong></span> 
     </span>
    </p>
   </div>
   <div class='ocr_carea' id='block_1_41' title="bbox 2067 1180 3639 1251">
    <p class='ocr_par' dir='ltr' id='par_1_41' title="bbox 2067 1180 3639 1251">
     <span class='ocr_line' id='line_1_41' title="bbox 2067 1180 3639 1251; baseline -0.001 -17"><span class='ocrx_word' id='word_1_311' title='bbox 2067 1181 2167 1244; x_wconf 76' lang='lat' dir='ltr'><strong>xit,</strong></span> <span class='ocrx_word' id='word_1_312' title='bbox 2199 1195 2384 1234; x_wconf 88' lang='lat' dir='ltr'><strong>rerum</strong></span> <span class='ocrx_word' id='word_1_313' title='bbox 2413 1180 2745 1251; x_wconf 85' lang='lat' dir='ltr'><strong>principium</strong></span> <span class='ocrx_word' id='word_1_314' title='bbox 2774 1196 2838 1236; x_wconf 90' lang='lat' dir='ltr'><strong>ac</strong></span> <span class='ocrx_word' id='word_1_315' title='bbox 2869 1181 2996 1236; x_wconf 80' lang='lat' dir='ltr'><strong>finis</strong></span> <span class='ocrx_word' id='word_1_316' title='bbox 3025 1181 3263 1246; x_wconf 79' lang='lat' dir='ltr'><strong>exsistit,</strong></span> <span class='ocrx_word' id='word_1_317' title='bbox 3288 1196 3353 1235; x_wconf 89' lang='lat' dir='ltr'><strong>ac</strong></span> <span class='ocrx_word' id='word_1_318' title='bbox 3375 1181 3639 1247; x_wconf 74' lang='lat' dir='ltr'><strong>Verbum,</strong></span> 
     </span>
    </p>
   </div>
   <div class='ocr_carea' id='block_1_42' title="bbox 2064 1270 3642 1340">
    <p class='ocr_par' dir='ltr' id='par_1_42' title="bbox 2064 1270 3642 1340">
     <span class='ocr_line' id='line_1_42' title="bbox 2064 1270 3642 1340; baseline 0.002 -18"><span class='ocrx_word' id='word_1_319' title='bbox 2064 1283 2178 1338; x_wconf 86' lang='lat' dir='ltr'><strong>quo</strong></span> <span class='ocrx_word' id='word_1_320' title='bbox 2203 1276 2400 1323; x_wconf 87' lang='lat' dir='ltr'><strong>cuncta</strong></span> <span class='ocrx_word' id='word_1_321' title='bbox 2419 1270 2732 1325; x_wconf 86' lang='lat' dir='ltr'><strong>consistunt</strong></span> <span class='ocrx_word' id='word_1_322' title='bbox 2761 1285 2826 1324; x_wconf 89' lang='lat' dir='ltr'><strong>ac</strong></span> <span class='ocrx_word' id='word_1_323' title='bbox 2854 1270 3075 1324; x_wconf 86' lang='lat' dir='ltr'><strong>condita</strong></span> <span class='ocrx_word' id='word_1_324' title='bbox 3109 1279 3260 1325; x_wconf 89' lang='lat' dir='ltr'><strong>sunt.</strong></span> <span class='ocrx_word' id='word_1_325' title='bbox 3301 1270 3642 1340; x_wconf 83' lang='lat' dir='ltr'><strong>Principium</strong></span> 
     </span>
    </p>
   </div>
   <div class='ocr_carea' id='block_1_43' title="bbox 2068 1361 3642 1432">
    <p class='ocr_par' dir='ltr' id='par_1_43' title="bbox 2068 1361 3642 1432">
     <span class='ocr_line' id='line_1_43' title="bbox 2068 1361 3642 1432; baseline 0.001 -17"><span class='ocrx_word' id='word_1_326' title='bbox 2068 1361 2310 1432; x_wconf 89' lang='lat' dir='ltr'><strong>quidem,</strong></span> <span class='ocrx_word' id='word_1_327' title='bbox 2343 1361 2490 1430; x_wconf 92' lang='lat' dir='ltr'><strong>quod</strong></span> <span class='ocrx_word' id='word_1_328' title='bbox 2519 1371 2646 1418; x_wconf 87' lang='lat' dir='ltr'><strong>ante</strong></span> <span class='ocrx_word' id='word_1_329' title='bbox 2680 1377 2898 1418; x_wconf 87' lang='lat' dir='ltr'><strong>omnem</strong></span> <span class='ocrx_word' id='word_1_330' title='bbox 2937 1363 3298 1418; x_wconf 86' lang='lat' dir='ltr'><strong>substantiam</strong></span> <span class='ocrx_word' id='word_1_331' title='bbox 3325 1373 3642 1432; x_wconf 88' lang='lat' dir='ltr'><strong>motumque</strong></span> 
     </span>
    </p>
   </div>
   <div class='ocr_carea' id='block_1_44' title="bbox 2067 1454 3644 1525">
    <p class='ocr_par' dir='ltr' id='par_1_44' title="bbox 2067 1454 3644 1525">
     <span class='ocr_line' id='line_1_44' title="bbox 2067 1454 3644 1525; baseline 0.001 -16"><span class='ocrx_word' id='word_1_332' title='bbox 2067 1462 2182 1520; x_wconf 85' lang='lat' dir='ltr'><strong>est;</strong></span> <span class='ocrx_word' id='word_1_333' title='bbox 2214 1454 2340 1509; x_wconf 86' lang='lat' dir='ltr'><strong>ﬁnis</strong></span> <span class='ocrx_word' id='word_1_334' title='bbox 2365 1462 2572 1518; x_wconf 86' lang='lat' dir='ltr'><strong>autem,</strong></span> <span class='ocrx_word' id='word_1_335' title='bbox 2600 1456 2750 1525; x_wconf 84' lang='lat' dir='ltr'><strong>quod</strong></span> <span class='ocrx_word' id='word_1_336' title='bbox 2811 1455 3124 1510; x_wconf 85' lang='lat' dir='ltr'><strong>substantia</strong></span> <span class='ocrx_word' id='word_1_337' title='bbox 3177 1457 3326 1510; x_wconf 85' lang='lat' dir='ltr'><strong>omni</strong></span> <span class='ocrx_word' id='word_1_338' title='bbox 3377 1466 3644 1525; x_wconf 87' lang='lat' dir='ltr'><strong>motuque</strong></span> 
     </span>
    </p>
   </div>
   <div class='ocr_carea' id='block_1_45' title="bbox 2070 1545 3644 1618">
    <p class='ocr_par' dir='ltr' id='par_1_45' title="bbox 2070 1545 3644 1618">
     <span class='ocr_line' id='line_1_45' title="bbox 2070 1545 3644 1618; baseline 0.002 -19"><span class='ocrx_word' id='word_1_339' title='bbox 2070 1545 2324 1614; x_wconf 86' lang='lat' dir='ltr'><strong>superior</strong></span> <span class='ocrx_word' id='word_1_340' title='bbox 2345 1555 2449 1600; x_wconf 85' lang='lat' dir='ltr'><strong>est.</strong></span> <span class='ocrx_word' id='word_1_341' title='bbox 2485 1545 2725 1600; x_wconf 87' lang='lat' dir='ltr'><strong>Verbum</strong></span> <span class='ocrx_word' id='word_1_342' title='bbox 2782 1553 2964 1601; x_wconf 90' lang='lat' dir='ltr'><strong>autem</strong></span> <span class='ocrx_word' id='word_1_343' title='bbox 3011 1561 3076 1601; x_wconf 89' lang='lat' dir='ltr'><strong>ac</strong></span> <span class='ocrx_word' id='word_1_344' title='bbox 3123 1547 3286 1611; x_wconf 89' lang='lat' dir='ltr'><strong>ratio,</strong></span> <span class='ocrx_word' id='word_1_345' title='bbox 3326 1547 3472 1618; x_wconf 88' lang='lat' dir='ltr'><strong>quod</strong></span> <span class='ocrx_word' id='word_1_346' title='bbox 3519 1549 3644 1602; x_wconf 89' lang='lat' dir='ltr'><strong>uni-</strong></span> 
     </span>
    </p>
   </div>
   <div class='ocr_carea' id='block_1_46' title="bbox 2066 1635 3642 1708">
    <p class='ocr_par' dir='ltr' id='par_1_46' title="bbox 2066 1635 3642 1708">
     <span class='ocr_line' id='line_1_46' title="bbox 2066 1635 3642 1708; baseline 0.002 -19"><span class='ocrx_word' id='word_1_347' title='bbox 2066 1635 2246 1690; x_wconf 80' lang='lat' dir='ltr'><strong>versis</strong></span> <span class='ocrx_word' id='word_1_348' title='bbox 2279 1645 2340 1689; x_wconf 91' lang='lat' dir='ltr'><strong>ut</strong></span> <span class='ocrx_word' id='word_1_349' title='bbox 2386 1645 2590 1691; x_wconf 78' lang='lat' dir='ltr'><strong>auctor.</strong></span> <span class='ocrx_word' id='word_1_350' title='bbox 2627 1639 2936 1707; x_wconf 81' lang='lat' dir='ltr'><strong>provideat,</strong></span> <span class='ocrx_word' id='word_1_351' title='bbox 2997 1638 3255 1708; x_wconf 85' lang='lat' dir='ltr'><strong>quodque</strong></span> <span class='ocrx_word' id='word_1_352' title='bbox 3301 1639 3354 1691; x_wconf 87' lang='lat' dir='ltr'><strong>in</strong></span> <span class='ocrx_word' id='word_1_353' title='bbox 3397 1639 3642 1708; x_wconf 84' lang='lat' dir='ltr'><strong>subjecta</strong></span> 
     </span>
    </p>
   </div>
   <div class='ocr_carea' id='block_1_47' title="bbox 2067 1727 3644 1798">
    <p class='ocr_par' dir='ltr' id='par_1_47' title="bbox 2067 1727 3644 1798">
     <span class='ocr_line' id='line_1_47' title="bbox 2067 1727 3644 1798; baseline 0.001 -17"><span class='ocrx_word' id='word_1_354' title='bbox 2067 1728 2254 1797; x_wconf 84' lang='lat' dir='ltr'><strong>specie</strong></span> <span class='ocrx_word' id='word_1_355' title='bbox 2282 1727 2568 1798; x_wconf 82' lang='lat' dir='ltr'><strong>formaque</strong></span> <span class='ocrx_word' id='word_1_356' title='bbox 2602 1731 2883 1784; x_wconf 89' lang='lat' dir='ltr'><strong>contineat</strong></span> <span class='ocrx_word' id='word_1_357' title='bbox 2911 1746 2974 1784; x_wconf 90' lang='lat' dir='ltr'><strong>ac</strong></span> <span class='ocrx_word' id='word_1_358' title='bbox 3003 1739 3290 1784; x_wconf 84' lang='lat' dir='ltr'><strong>conservet</strong></span> <span class='ocrx_word' id='word_1_359' title='bbox 3313 1743 3327 1793; x_wconf 91' lang='lat'>;</span> <span class='ocrx_word' id='word_1_360' title='bbox 3363 1743 3471 1798; x_wconf 92' lang='lat' dir='ltr'><strong>quo</strong></span> <span class='ocrx_word' id='word_1_361' title='bbox 3497 1729 3644 1783; x_wconf 86' lang='lat' dir='ltr'><strong>illius</strong></span> 
     </span>
    </p>
   </div>
   <div class='ocr_carea' id='block_1_48' title="bbox 2069 1820 3643 1889">
    <p class='ocr_par' dir='ltr' id='par_1_48' title="bbox 2069 1820 3643 1889">
     <span class='ocr_line' id='line_1_48' title="bbox 2069 1820 3643 1889; baseline 0 -19"><span class='ocrx_word' id='word_1_362' title='bbox 2069 1832 2300 1872; x_wconf 88' lang='lat' dir='ltr'><strong>munere</strong></span> <span class='ocrx_word' id='word_1_363' title='bbox 2323 1834 2412 1873; x_wconf 90' lang='lat' dir='ltr'><strong>res</strong></span> <span class='ocrx_word' id='word_1_364' title='bbox 2441 1820 2671 1889; x_wconf 64' lang='lat' dir='ltr'><strong>singulm</strong></span> <span class='ocrx_word' id='word_1_365' title='bbox 2717 1821 2773 1873; x_wconf 84' lang='lat' dir='ltr'><strong>in</strong></span> <span class='ocrx_word' id='word_1_366' title='bbox 2815 1836 2914 1873; x_wconf 90' lang='lat' dir='ltr'><strong>sua</strong></span> <span class='ocrx_word' id='word_1_367' title='bbox 2977 1820 3189 1875; x_wconf 86' lang='lat' dir='ltr'><strong>ratione</strong></span> <span class='ocrx_word' id='word_1_368' title='bbox 3245 1821 3643 1888; x_wconf 84' lang='lat' dir='ltr'><strong>perennitatem</strong></span> 
     </span>
    </p>
   </div>
   <div class='ocr_carea' id='block_1_49' title="bbox 2073 1908 3646 1980">
    <p class='ocr_par' dir='ltr' id='par_1_49' title="bbox 2073 1908 3646 1980">
     <span class='ocr_line' id='line_1_49' title="bbox 2073 1908 3646 1980; baseline 0.002 -19"><span class='ocrx_word' id='word_1_369' title='bbox 2073 1908 2294 1962; x_wconf 84' lang='lat' dir='ltr'><strong>habent.</strong></span> <span class='ocrx_word' id='word_1_370' title='bbox 2320 1909 2426 1965; x_wconf 91' lang='lat' dir='ltr'><strong>Ubi</strong></span> <span class='ocrx_word' id='word_1_371' title='bbox 2458 1910 2626 1980; x_wconf 80' lang='lat' dir='ltr'><strong>igitur</strong></span> <span class='ocrx_word' id='word_1_372' title='bbox 2655 1919 2903 1980; x_wconf 83' lang='lat' dir='ltr'><strong>tempora</strong></span> <span class='ocrx_word' id='word_1_373' title='bbox 2932 1926 2996 1966; x_wconf 89' lang='lat' dir='ltr'><strong>ac</strong></span> <span class='ocrx_word' id='word_1_374' title='bbox 3023 1911 3220 1965; x_wconf 67' lang='lat' dir='ltr'><strong>swcula</strong></span> <span class='ocrx_word' id='word_1_375' title='bbox 3269 1912 3433 1964; x_wconf 87' lang='lat' dir='ltr'><strong>finem</strong></span> <span class='ocrx_word' id='word_1_376' title='bbox 3484 1925 3646 1964; x_wconf 90' lang='lat' dir='ltr'><strong>acce-</strong></span> 
     </span>
    </p>
   </div>
   <div class='ocr_carea' id='block_1_50' title="bbox 2067 2000 3643 2072">
    <p class='ocr_par' dir='ltr' id='par_1_50' title="bbox 2067 2000 3643 2072">
     <span class='ocr_line' id='line_1_50' title="bbox 2067 2000 3643 2072; baseline 0.001 -19"><span class='ocrx_word' id='word_1_377' title='bbox 2067 2000 2271 2070; x_wconf 82' lang='lat' dir='ltr'><strong>perint,</strong></span> <span class='ocrx_word' id='word_1_378' title='bbox 2297 2002 2500 2070; x_wconf 85' lang='lat' dir='ltr'><strong>quibus</strong></span> <span class='ocrx_word' id='word_1_379' title='bbox 2524 2011 2672 2057; x_wconf 90' lang='lat' dir='ltr'><strong>certa</strong></span> <span class='ocrx_word' id='word_1_380' title='bbox 2721 2001 2955 2072; x_wconf 89' lang='lat' dir='ltr'><strong>quadam</strong></span> <span class='ocrx_word' id='word_1_381' title='bbox 3013 2002 3224 2056; x_wconf 85' lang='lat' dir='ltr'><strong>ratione</strong></span> <span class='ocrx_word' id='word_1_382' title='bbox 3283 2001 3643 2071; x_wconf 86' lang='lat' dir='ltr'><strong>septimanam</strong></span> 
     </span>
    </p>
   </div>
   <div class='ocr_carea' id='block_1_51' title="bbox 2069 2091 3647 2163">
    <p class='ocr_par' dir='ltr' id='par_1_51' title="bbox 2069 2091 3647 2163">
     <span class='ocr_line' id='line_1_51' title="bbox 2069 2091 3647 2163; baseline 0.001 -19"><span class='ocrx_word' id='word_1_383' title='bbox 2069 2091 2405 2160; x_wconf 74' lang='lat' dir='ltr'><strong>reSpondere</strong></span> <span class='ocrx_word' id='word_1_384' title='bbox 2425 2091 2580 2157; x_wconf 89' lang='lat' dir='ltr'><strong>dicit,</strong></span> <span class='ocrx_word' id='word_1_385' title='bbox 2605 2092 2720 2162; x_wconf 90' lang='lat' dir='ltr'><strong>ipse</strong></span> <span class='ocrx_word' id='word_1_386' title='bbox 2743 2101 2856 2146; x_wconf 91' lang='lat' dir='ltr'><strong>tum</strong></span> <span class='ocrx_word' id='word_1_387' title='bbox 2882 2094 3025 2147; x_wconf 86' lang='lat' dir='ltr'><strong>Deus</strong></span> <span class='ocrx_word' id='word_1_388' title='bbox 3049 2091 3517 2163; x_wconf 82' lang='lat' dir='ltr'><strong>singularissimus</strong></span> <span class='ocrx_word' id='word_1_389' title='bbox 3539 2091 3647 2146; x_wconf 81' lang='lat' dir='ltr'><strong>erit</strong></span> 
     </span>
    </p>
   </div>
   <div class='ocr_carea' id='block_1_52' title="bbox 2068 2181 3644 2255">
    <p class='ocr_par' dir='ltr' id='par_1_52' title="bbox 2068 2181 3644 2255">
     <span class='ocr_line' id='line_1_52' title="bbox 2068 2181 3644 2255; baseline 0.001 -20"><span class='ocrx_word' id='word_1_390' title='bbox 2068 2181 2279 2251; x_wconf 86' lang='lat' dir='ltr'><strong>absque</strong></span> <span class='ocrx_word' id='word_1_391' title='bbox 2302 2182 2392 2248; x_wconf 89' lang='lat' dir='ltr'><strong>iis,</strong></span> <span class='ocrx_word' id='word_1_392' title='bbox 2427 2183 2546 2238; x_wconf 90' lang='lat' dir='ltr'><strong>sine</strong></span> <span class='ocrx_word' id='word_1_393' title='bbox 2589 2183 2792 2253; x_wconf 90' lang='lat' dir='ltr'><strong>quibus</strong></span> <span class='ocrx_word' id='word_1_394' title='bbox 2841 2200 2950 2238; x_wconf 92' lang='lat' dir='ltr'><strong>non</strong></span> <span class='ocrx_word' id='word_1_395' title='bbox 2984 2184 3191 2255; x_wconf 89' lang='lat' dir='ltr'><strong>(nullis</strong></span> <span class='ocrx_word' id='word_1_396' title='bbox 3243 2184 3453 2238; x_wconf 90' lang='lat' dir='ltr'><strong>scilicet</strong></span> <span class='ocrx_word' id='word_1_397' title='bbox 3483 2183 3644 2248; x_wconf 89' lang='lat' dir='ltr'><strong>locis,</strong></span> 
     </span>
    </p>
   </div>
   <div class='ocr_carea' id='block_1_53' title="bbox 2069 2273 3648 2347">
    <p class='ocr_par' dir='ltr' id='par_1_53' title="bbox 2069 2273 3648 2347">
     <span class='ocr_line' id='line_1_53' title="bbox 2069 2273 3648 2347; baseline 0.001 -21"><span class='ocrx_word' id='word_1_398' title='bbox 2069 2273 2678 2345; x_wconf 90' lang='lat' dir='ltr'><strong>nullisqueinterjectis</strong></span> <span class='ocrx_word' id='word_1_399' title='bbox 2720 2274 3105 2347; x_wconf 89' lang='lat' dir='ltr'><strong>temporibus)</strong></span> <span class='ocrx_word' id='word_1_400' title='bbox 3154 2291 3184 2330; x_wconf 89' lang='lat' dir='ltr'><strong>a</strong></span> <span class='ocrx_word' id='word_1_401' title='bbox 3239 2291 3297 2330; x_wconf 90' lang='lat' dir='ltr'><strong>se</strong></span> <span class='ocrx_word' id='word_1_402' title='bbox 3347 2277 3492 2345; x_wconf 84' lang='lat' dir='ltr'><strong>ipse,</strong></span> <span class='ocrx_word' id='word_1_403' title='bbox 3547 2290 3648 2344; x_wconf 89' lang='lat' dir='ltr'><strong>per</strong></span> 
     </span>
    </p>
   </div>
   <div class='ocr_carea' id='block_1_54' title="bbox 2069 2367 3645 2436">
    <p class='ocr_par' dir='ltr' id='par_1_54' title="bbox 2069 2367 3645 2436">
     <span class='ocr_line' id='line_1_54' title="bbox 2069 2367 3645 2436; baseline 0.002 -20"><span class='ocrx_word' id='word_1_404' title='bbox 2069 2379 2258 2418; x_wconf 82' lang='lat' dir='ltr'><strong>veram</strong></span> <span class='ocrx_word' id='word_1_405' title='bbox 2297 2380 2484 2419; x_wconf 90' lang='lat' dir='ltr'><strong>rerum</strong></span> <span class='ocrx_word' id='word_1_406' title='bbox 2513 2367 2796 2431; x_wconf 89' lang='lat' dir='ltr'><strong>unionem,</strong></span> <span class='ocrx_word' id='word_1_407' title='bbox 2822 2367 2876 2420; x_wconf 91' lang='lat' dir='ltr'><strong>in</strong></span> <span class='ocrx_word' id='word_1_408' title='bbox 2923 2367 2990 2421; x_wconf 89' lang='lat' dir='ltr'><strong>iis</strong></span> <span class='ocrx_word' id='word_1_409' title='bbox 3019 2368 3112 2436; x_wconf 89' lang='lat' dir='ltr'><strong>qui</strong></span> <span class='ocrx_word' id='word_1_410' title='bbox 3143 2367 3320 2421; x_wconf 89' lang='lat' dir='ltr'><strong>salute</strong></span> <span class='ocrx_word' id='word_1_411' title='bbox 3349 2368 3645 2429; x_wconf 87' lang='lat' dir='ltr'><strong>donantur,</strong></span> 
     </span>
    </p>
   </div>
   <div class='ocr_carea' id='block_1_55' title="bbox 2072 2454 3647 2523">
    <p class='ocr_par' dir='ltr' id='par_1_55' title="bbox 2072 2454 3647 2523">
     <span class='ocr_line' id='line_1_55' title="bbox 2072 2454 3647 2523; baseline 0.001 -16"><span class='ocrx_word' id='word_1_412' title='bbox 2072 2454 2127 2507; x_wconf 88' lang='lat' dir='ltr'><strong>id</strong></span> <span class='ocrx_word' id='word_1_413' title='bbox 2149 2456 2296 2523; x_wconf 89' lang='lat' dir='ltr'><strong>quod</strong></span> <span class='ocrx_word' id='word_1_414' title='bbox 2346 2457 2621 2512; x_wconf 80' lang='lat' dir='ltr'><strong>exsistunt</strong></span> <span class='ocrx_word' id='word_1_415' title='bbox 2672 2471 3007 2513; x_wconf 84' lang='lat' dir='ltr'><strong>conservans</strong></span> <span class='ocrx_word' id='word_1_416' title='bbox 3049 2472 3114 2510; x_wconf 93' lang='lat' dir='ltr'><strong>ac</strong></span> <span class='ocrx_word' id='word_1_417' title='bbox 3166 2466 3362 2512; x_wconf 88' lang='lat' dir='ltr'><strong>tuens:</strong></span> <span class='ocrx_word' id='word_1_418' title='bbox 3395 2466 3647 2511; x_wconf 90' lang='lat' dir='ltr'><strong>naturam</strong></span> 
     </span>
    </p>
   </div>
   <div class='ocr_carea' id='block_1_56' title="bbox 2072 2545 3650 2617">
    <p class='ocr_par' dir='ltr' id='par_1_56' title="bbox 2072 2545 3650 2617">
     <span class='ocr_line' id='line_1_56' title="bbox 2072 2545 3650 2617; baseline 0.001 -19"><span class='ocrx_word' id='word_1_419' title='bbox 2072 2545 2282 2600; x_wconf 88' lang='lat' dir='ltr'><strong>scilicet</strong></span> <span class='ocrx_word' id='word_1_420' title='bbox 2306 2555 2566 2611; x_wconf 87' lang='lat' dir='ltr'><strong>creatam,</strong></span> <span class='ocrx_word' id='word_1_421' title='bbox 2603 2562 2768 2615; x_wconf 89' lang='lat' dir='ltr'><strong>quam</strong></span> <span class='ocrx_word' id='word_1_422' title='bbox 2791 2547 3053 2616; x_wconf 86' lang='lat' dir='ltr'><strong>quinario</strong></span> <span class='ocrx_word' id='word_1_423' title='bbox 3085 2562 3315 2601; x_wconf 90' lang='lat' dir='ltr'><strong>numero</strong></span> <span class='ocrx_word' id='word_1_424' title='bbox 3361 2563 3650 2617; x_wconf 88' lang='lat' dir='ltr'><strong>compara-</strong></span> 
     </span>
    </p>
   </div>
   <div class='ocr_carea' id='block_1_57' title="bbox 2071 2635 3647 2708">
    <p class='ocr_par' dir='ltr' id='par_1_57' title="bbox 2071 2635 3647 2708">
     <span class='ocr_line' id='line_1_57' title="bbox 2071 2635 3647 2708; baseline 0.002 -19"><span class='ocrx_word' id='word_1_425' title='bbox 2071 2635 2174 2698; x_wconf 85' lang='lat' dir='ltr'><strong>vit,</strong></span> <span class='ocrx_word' id='word_1_426' title='bbox 2200 2651 2308 2690; x_wconf 94' lang='lat' dir='ltr'><strong>non</strong></span> <span class='ocrx_word' id='word_1_427' title='bbox 2331 2637 2509 2691; x_wconf 91' lang='lat' dir='ltr'><strong>solum</strong></span> <span class='ocrx_word' id='word_1_428' title='bbox 2541 2645 2767 2707; x_wconf 87' lang='lat' dir='ltr'><strong>propter</strong></span> <span class='ocrx_word' id='word_1_429' title='bbox 2792 2653 3006 2702; x_wconf 87' lang='lat' dir='ltr'><strong>sensus,</strong></span> <span class='ocrx_word' id='word_1_430' title='bbox 3037 2637 3092 2691; x_wconf 90' lang='lat' dir='ltr'><strong>in</strong></span> <span class='ocrx_word' id='word_1_431' title='bbox 3146 2653 3285 2706; x_wconf 90' lang='lat' dir='ltr'><strong>quos</strong></span> <span class='ocrx_word' id='word_1_432' title='bbox 3314 2638 3392 2691; x_wconf 88' lang='lat' dir='ltr'><strong>illi</strong></span> <span class='ocrx_word' id='word_1_433' title='bbox 3423 2653 3647 2708; x_wconf 89' lang='lat' dir='ltr'><strong>compa-</strong></span> 
     </span>
    </p>
   </div>
   <div class='ocr_carea' id='block_1_58' title="bbox 2073 2727 3648 2797">
    <p class='ocr_par' dir='ltr' id='par_1_58' title="bbox 2073 2727 3648 2797">
     <span class='ocr_line' id='line_1_58' title="bbox 2073 2727 3648 2797; baseline 0 -17"><span class='ocrx_word' id='word_1_434' title='bbox 2073 2733 2249 2780; x_wconf 87' lang='lat' dir='ltr'><strong>ratum</strong></span> <span class='ocrx_word' id='word_1_435' title='bbox 2278 2735 2338 2781; x_wconf 91' lang='lat' dir='ltr'><strong>ut</strong></span> <span class='ocrx_word' id='word_1_436' title='bbox 2391 2727 2586 2791; x_wconf 85' lang='lat' dir='ltr'><strong>cadat,</strong></span> <span class='ocrx_word' id='word_1_437' title='bbox 2638 2727 2734 2783; x_wconf 90' lang='lat' dir='ltr'><strong>sed</strong></span> <span class='ocrx_word' id='word_1_438' title='bbox 2776 2729 2941 2781; x_wconf 88' lang='lat' dir='ltr'><strong>etiam</strong></span> <span class='ocrx_word' id='word_1_439' title='bbox 3001 2737 3226 2797; x_wconf 87' lang='lat' dir='ltr'><strong>propter</strong></span> <span class='ocrx_word' id='word_1_440' title='bbox 3279 2728 3648 2783; x_wconf 86' lang='lat' dir='ltr'><strong>universalem</strong></span> 
     </span>
    </p>
   </div>
   <div class='ocr_carea' id='block_1_59' title="bbox 2071 2815 3648 2887">
    <p class='ocr_par' dir='ltr' id='par_1_59' title="bbox 2071 2815 3648 2887">
     <span class='ocr_line' id='line_1_59' title="bbox 2071 2815 3648 2887; baseline 0.003 -18"><span class='ocrx_word' id='word_1_441' title='bbox 2071 2815 2383 2880; x_wconf 89' lang='lat' dir='ltr'><strong>scientiam,</strong></span> <span class='ocrx_word' id='word_1_442' title='bbox 2415 2817 2607 2886; x_wconf 64' lang='lat' dir='ltr'><strong>quaain</strong></span> <span class='ocrx_word' id='word_1_443' title='bbox 2638 2817 2906 2873; x_wconf 71' lang='lat' dir='ltr'><strong>inoffensa</strong></span> <span class='ocrx_word' id='word_1_444' title='bbox 2934 2827 3190 2887; x_wconf 89' lang='lat' dir='ltr'><strong>certaque</strong></span> <span class='ocrx_word' id='word_1_445' title='bbox 3218 2819 3435 2885; x_wconf 87' lang='lat' dir='ltr'><strong>notitia,</strong></span> <span class='ocrx_word' id='word_1_446' title='bbox 3484 2818 3648 2873; x_wconf 77' lang='lat' dir='ltr'><strong>intel-</strong></span> 
     </span>
    </p>
   </div>
   <div class='ocr_carea' id='block_1_60' title="bbox 2073 2907 3648 2978">
    <p class='ocr_par' dir='ltr' id='par_1_60' title="bbox 2073 2907 3648 2978">
     <span class='ocr_line' id='line_1_60' title="bbox 2073 2907 3648 2978; baseline 0.002 -18"><span class='ocrx_word' id='word_1_447' title='bbox 2073 2907 2238 2971; x_wconf 89' lang='lat' dir='ltr'><strong>lectu,</strong></span> <span class='ocrx_word' id='word_1_448' title='bbox 2263 2909 2496 2972; x_wconf 88' lang='lat' dir='ltr'><strong>ratione,</strong></span> <span class='ocrx_word' id='word_1_449' title='bbox 2528 2924 2689 2963; x_wconf 88' lang='lat' dir='ltr'><strong>sensu</strong></span> <span class='ocrx_word' id='word_1_450' title='bbox 2751 2909 2972 2976; x_wconf 75' lang='lat' dir='ltr'><strong>vitaque</strong></span> <span class='ocrx_word' id='word_1_451' title='bbox 3018 2909 3269 2978; x_wconf 61' lang='lat' dir='ltr'><strong>praedita,</strong></span> <span class='ocrx_word' id='word_1_452' title='bbox 3305 2924 3369 2964; x_wconf 90' lang='lat' dir='ltr'><strong>ac</strong></span> <span class='ocrx_word' id='word_1_453' title='bbox 3417 2925 3480 2964; x_wconf 88' lang='lat' dir='ltr'><strong>ea</strong></span> <span class='ocrx_word' id='word_1_454' title='bbox 3528 2925 3648 2978; x_wconf 77' lang='lat' dir='ltr'><strong>quae</strong></span> 
     </span>
    </p>
   </div>
   <div class='ocr_carea' id='block_1_61' title="bbox 2075 2999 3650 3070">
    <p class='ocr_par' dir='ltr' id='par_1_61' title="bbox 2075 2999 3650 3070">
     <span class='ocr_line' id='line_1_61' title="bbox 2075 2999 3650 3070; baseline 0.001 -17"><span class='ocrx_word' id='word_1_455' title='bbox 2075 3000 2252 3054; x_wconf 91' lang='lat' dir='ltr'><strong>solum</strong></span> <span class='ocrx_word' id='word_1_456' title='bbox 2313 3000 2597 3062; x_wconf 78' lang='lat' dir='ltr'><strong>exsistant,</strong></span> <span class='ocrx_word' id='word_1_457' title='bbox 2640 3001 3057 3069; x_wconf 89' lang='lat' dir='ltr'><strong>complectente,</strong></span> <span class='ocrx_word' id='word_1_458' title='bbox 3110 3008 3194 3054; x_wconf 89' lang='lat' dir='ltr'><strong>est</strong></span> <span class='ocrx_word' id='word_1_459' title='bbox 3239 2999 3438 3070; x_wconf 80' lang='lat' dir='ltr'><strong>posita.</strong></span> <span class='ocrx_word' id='word_1_460' title='bbox 3472 3000 3650 3055; x_wconf 89' lang='lat' dir='ltr'><strong>Futu-</strong></span> 
     </span>
    </p>
   </div>
   <div class='ocr_carea' id='block_1_62' title="bbox 404 3080 1970 3168">
    <p class='ocr_par' dir='ltr' id='par_1_62' title="bbox 404 3080 1970 3154">
     <span class='ocr_line' id='line_1_62' title="bbox 404 3080 1970 3154; baseline -0.006 -12"><span class='ocrx_word' id='word_1_461' title='bbox 404 3089 498 3142; x_wconf 85' lang='grc' dir='ltr'><strong>τὸν</strong></span> <span class='ocrx_word' id='word_1_462' title='bbox 525 3088 674 3150; x_wconf 86' lang='grc' dir='ltr'>Θεὸν,</span> <span class='ocrx_word' id='word_1_463' title='bbox 699 3087 840 3139; x_wconf 82' lang='grc' dir='ltr'>κατὰ</span> <span class='ocrx_word' id='word_1_464' title='bbox 872 3085 960 3137; x_wconf 87' lang='grc' dir='ltr'><strong>τὸν</strong></span> <span class='ocrx_word' id='word_1_465' title='bbox 1006 3085 1105 3152; x_wconf 82' lang='grc' dir='ltr'>τῆς</span> <span class='ocrx_word' id='word_1_466' title='bbox 1148 3083 1405 3154; x_wconf 74' lang='grc' dir='ltr'>Προνοίας</span> <span class='ocrx_word' id='word_1_467' title='bbox 1456 3081 1613 3148; x_wconf 86' lang='grc' dir='ltr'>λόγον</span> <span class='ocrx_word' id='word_1_468' title='bbox 1635 3120 1649 3146; x_wconf 91' lang='grc'><strong>,</strong></span> <span class='ocrx_word' id='word_1_469' title='bbox 1683 3083 1750 3150; x_wconf 82' lang='grc' dir='ltr'>τῇ</span> <span class='ocrx_word' id='word_1_470' title='bbox 1792 3080 1970 3140; x_wconf 82' lang='grc' dir='ltr'>δεκάδι</span> 
     </span>
    </p>
   </div>
   <div class='ocr_carea' id='block_1_63' title="bbox 2070 3080 3649 3168">
    <p class='ocr_par' dir='ltr' id='par_1_63' title="bbox 2077 3088 3649 3160">
     <span class='ocr_line' id='line_1_63' title="bbox 2077 3088 3649 3160; baseline 0.002 -18"><span class='ocrx_word' id='word_1_471' title='bbox 2077 3105 2199 3142; x_wconf 86' lang='lat' dir='ltr'><strong>rum</strong></span> <span class='ocrx_word' id='word_1_472' title='bbox 2266 3088 2435 3158; x_wconf 82' lang='lat' dir='ltr'><strong>igitur</strong></span> <span class='ocrx_word' id='word_1_473' title='bbox 2460 3097 2543 3142; x_wconf 87' lang='lat' dir='ltr'><strong>est</strong></span> <span class='ocrx_word' id='word_1_474' title='bbox 2589 3097 2650 3142; x_wconf 85' lang='lat' dir='ltr'><strong>ut</strong></span> <span class='ocrx_word' id='word_1_475' title='bbox 2691 3089 3022 3159; x_wconf 88' lang='lat' dir='ltr'><strong>quandoque</strong></span> <span class='ocrx_word' id='word_1_476' title='bbox 3053 3098 3231 3143; x_wconf 90' lang='lat' dir='ltr'><strong>cesset</strong></span> <span class='ocrx_word' id='word_1_477' title='bbox 3283 3107 3311 3143; x_wconf 90' lang='lat' dir='ltr'><strong>a</strong></span> <span class='ocrx_word' id='word_1_478' title='bbox 3369 3090 3556 3160; x_wconf 81' lang='lat' dir='ltr'><strong>quiete</strong></span> <span class='ocrx_word' id='word_1_479' title='bbox 3593 3091 3649 3144; x_wconf 90' lang='lat' dir='ltr'><strong>in</strong></span> 
     </span>
    </p>
   </div>
   <div class='ocr_carea' id='block_1_64' title="bbox 401 3173 1977 3248">
    <p class='ocr_par' dir='ltr' id='par_1_64' title="bbox 401 3173 1977 3248">
     <span class='ocr_line' id='line_1_64' title="bbox 401 3173 1977 3248; baseline -0.009 -9"><span class='ocrx_word' id='word_1_480' title='bbox 401 3185 511 3240; x_wconf 81' lang='grc' dir='ltr'><strong>τῶν</strong></span> <span class='ocrx_word' id='word_1_481' title='bbox 563 3183 790 3236; x_wconf 77' lang='grc' dir='ltr'>ἐντολῶν</span> <span class='ocrx_word' id='word_1_482' title='bbox 823 3182 951 3234; x_wconf 87' lang='grc' dir='ltr'>ἴδιον</span> <span class='ocrx_word' id='word_1_483' title='bbox 987 3177 1326 3248; x_wconf 81' lang='grc' dir='ltr'>ποιησαμένη</span> <span class='ocrx_word' id='word_1_484' title='bbox 1370 3176 1519 3230; x_wconf 86' lang='grc' dir='ltr'>ποιὸν</span> <span class='ocrx_word' id='word_1_485' title='bbox 1555 3173 1853 3246; x_wconf 85' lang='grc' dir='ltr'>(τουτέστι,</span> <span class='ocrx_word' id='word_1_486' title='bbox 1878 3174 1977 3243; x_wconf 83' lang='grc' dir='ltr'>τῆς</span> 
     </span>
    </p>
   </div>
   <div class='ocr_carea' id='block_1_65' title="bbox 401 3263 1974 3344">
    <p class='ocr_par' dir='ltr' id='par_1_65' title="bbox 401 3263 1974 3344">
     <span class='ocr_line' id='line_1_65' title="bbox 401 3263 1974 3344; baseline -0.008 -15"><span class='ocrx_word' id='word_1_487' title='bbox 401 3279 468 3329; x_wconf 85' lang='grc' dir='ltr'>ὲκ</span> <span class='ocrx_word' id='word_1_488' title='bbox 496 3275 716 3344; x_wconf 87' lang='grc' dir='ltr'>χάριτος</span> <span class='ocrx_word' id='word_1_489' title='bbox 769 3275 909 3326; x_wconf 73' lang='grc' dir='ltr'>κατὰ</span> <span class='ocrx_word' id='word_1_490' title='bbox 939 3271 1036 3342; x_wconf 85' lang='grc' dir='ltr'><strong>τὴν</strong></span> <span class='ocrx_word' id='word_1_491' title='bbox 1095 3269 1287 3322; x_wconf 82' lang='grc' dir='ltr'>θέωσιν</span> <span class='ocrx_word' id='word_1_492' title='bbox 1335 3267 1592 3337; x_wconf 84' lang='grc' dir='ltr'>ἰδιότητος</span> <span class='ocrx_word' id='word_1_493' title='bbox 1645 3263 1974 3334; x_wconf 85' lang='grc' dir='ltr'>γνώρισμα),</span> 
     </span>
    </p>
   </div>
   <div class='ocr_carea' id='block_1_66' title="bbox 401 3355 1976 3438">
    <p class='ocr_par' dir='ltr' id='par_1_66' title="bbox 401 3355 1976 3438">
     <span class='ocr_line' id='line_1_66' title="bbox 401 3355 1976 3438; baseline -0.01 -18"><span class='ocrx_word' id='word_1_494' title='bbox 401 3369 501 3438; x_wconf 83' lang='grc' dir='ltr'>τῆς</span> <span class='ocrx_word' id='word_1_495' title='bbox 532 3383 593 3419; x_wconf 84' lang='grc' dir='ltr'><strong>τε</strong></span> <span class='ocrx_word' id='word_1_496' title='bbox 632 3364 773 3418; x_wconf 75' lang='grc' dir='ltr'>κατὰ</span> <span class='ocrx_word' id='word_1_497' title='bbox 806 3363 904 3434; x_wconf 83' lang='grc' dir='ltr'><strong>τὴν</strong></span> <span class='ocrx_word' id='word_1_498' title='bbox 957 3363 1144 3416; x_wconf 86' lang='grc' dir='ltr'>στάσιν</span> <span class='ocrx_word' id='word_1_499' title='bbox 1184 3362 1240 3412; x_wconf 85' lang='grc' dir='ltr'>ὲν</span> <span class='ocrx_word' id='word_1_500' title='bbox 1286 3359 1437 3426; x_wconf 82' lang='grc' dir='ltr'>τόπῳ</span> <span class='ocrx_word' id='word_1_501' title='bbox 1483 3355 1855 3429; x_wconf 75' lang='grc' dir='ltr'>περιγραφῆς,</span> <span class='ocrx_word' id='word_1_502' title='bbox 1881 3355 1976 3408; x_wconf 71' lang='grc' dir='ltr'><strong>καὶ</strong></span> 
     </span>
    </p>
   </div>
   <div class='ocr_carea' id='block_1_67' title="bbox 401 3448 1972 3530">
    <p class='ocr_par' dir='ltr' id='par_1_67' title="bbox 401 3448 1972 3530">
     <span class='ocr_line' id='line_1_67' title="bbox 401 3448 1972 3530; baseline -0.007 -20"><span class='ocrx_word' id='word_1_503' title='bbox 401 3459 500 3530; x_wconf 85' lang='grc' dir='ltr'>τῆς</span> <span class='ocrx_word' id='word_1_504' title='bbox 531 3460 588 3512; x_wconf 83' lang='grc' dir='ltr'>ἐν</span> <span class='ocrx_word' id='word_1_505' title='bbox 623 3456 800 3527; x_wconf 81' lang='grc' dir='ltr'>χρόνῳ</span> <span class='ocrx_word' id='word_1_506' title='bbox 838 3455 978 3510; x_wconf 82' lang='grc' dir='ltr'>κατὰ</span> <span class='ocrx_word' id='word_1_507' title='bbox 1028 3454 1126 3523; x_wconf 83' lang='grc' dir='ltr'>τὴν</span> <span class='ocrx_word' id='word_1_508' title='bbox 1159 3452 1373 3523; x_wconf 87' lang='grc' dir='ltr'>κίνησιν</span> <span class='ocrx_word' id='word_1_509' title='bbox 1422 3448 1921 3518; x_wconf 83' lang='grc' dir='ltr'>ἐλευθερωθήσεται</span> <span class='ocrx_word' id='word_1_510' title='bbox 1956 3461 1972 3478; x_wconf 85' lang='grc'><strong>·</strong></span> 
     </span>
    </p>
   </div>
   <div class='ocr_carea' id='block_1_68' title="bbox 403 3539 1969 3618">
    <p class='ocr_par' dir='ltr' id='par_1_68' title="bbox 403 3539 1969 3618">
     <span class='ocr_line' id='line_1_68' title="bbox 403 3539 1969 3618; baseline -0.009 -14"><span class='ocrx_word' id='word_1_511' title='bbox 403 3550 592 3605; x_wconf 80' lang='grc' dir='ltr'>στάσιν</span> <span class='ocrx_word' id='word_1_512' title='bbox 616 3548 926 3618; x_wconf 80' lang='grc' dir='ltr'>ἀεικίνητον</span> <span class='ocrx_word' id='word_1_513' title='bbox 945 3545 1202 3609; x_wconf 76' lang='grc' dir='ltr'>λαϐοῦσα,</span> <span class='ocrx_word' id='word_1_514' title='bbox 1225 3545 1324 3614; x_wconf 79' lang='grc' dir='ltr'>τὴν</span> <span class='ocrx_word' id='word_1_515' title='bbox 1349 3543 1652 3615; x_wconf 84' lang='grc' dir='ltr'>ἀπέραντον</span> <span class='ocrx_word' id='word_1_516' title='bbox 1679 3542 1786 3594; x_wconf 82' lang='grc' dir='ltr'><strong>τῶν</strong></span> <span class='ocrx_word' id='word_1_517' title='bbox 1809 3539 1969 3592; x_wconf 83' lang='grc' dir='ltr'>θείων</span> 
     </span>
    </p>
   </div>
   <div class='ocr_carea' id='block_1_69' title="bbox 402 3633 1970 3707">
    <p class='ocr_par' dir='ltr' id='par_1_69' title="bbox 402 3633 1970 3707">
     <span class='ocr_line' id='line_1_69' title="bbox 402 3633 1970 3707; baseline -0.007 -13"><span class='ocrx_word' id='word_1_518' title='bbox 402 3640 740 3703; x_wconf 77' lang='grc' dir='ltr'>ἀπόλαυσιν,</span> <span class='ocrx_word' id='word_1_519' title='bbox 771 3640 865 3690; x_wconf 78' lang='grc' dir='ltr'><strong>καὶ</strong></span> <span class='ocrx_word' id='word_1_520' title='bbox 915 3638 1127 3707; x_wconf 85' lang='grc' dir='ltr'>κίνησιν</span> <span class='ocrx_word' id='word_1_521' title='bbox 1173 3636 1469 3706; x_wconf 81' lang='grc' dir='ltr'>στάσιμον,</span> <span class='ocrx_word' id='word_1_522' title='bbox 1504 3635 1602 3704; x_wconf 77' lang='grc' dir='ltr'><strong>τὴν</strong></span> <span class='ocrx_word' id='word_1_523' title='bbox 1655 3634 1742 3686; x_wconf 74' lang='grc' dir='ltr'><strong>ἐπ’</strong></span> <span class='ocrx_word' id='word_1_524' title='bbox 1787 3633 1970 3695; x_wconf 74' lang='grc' dir='ltr'>αὐτοῖς</span> 
     </span>
    </p>
   </div>
   <div class='ocr_carea' id='block_1_70' title="bbox 401 3729 928 3802">
    <p class='ocr_par' dir='ltr' id='par_1_70' title="bbox 401 3729 928 3802">
     <span class='ocr_line' id='line_1_70' title="bbox 401 3729 928 3802; baseline -0.004 -16"><span class='ocrx_word' id='word_1_525' title='bbox 401 3733 698 3802; x_wconf 81' lang='grc' dir='ltr'>ἀκόρεστον</span> <span class='ocrx_word' id='word_1_526' title='bbox 727 3729 928 3800; x_wconf 75' lang='grc' dir='ltr'>ὄρεξιν.</span> 
     </span>
    </p>
   </div>
   <div class='ocr_carea' id='block_1_71' title="bbox 2076 3181 3649 3251">
    <p class='ocr_par' dir='ltr' id='par_1_71' title="bbox 2076 3181 3649 3251">
     <span class='ocr_line' id='line_1_71' title="bbox 2076 3181 3649 3251; baseline 0.001 -17"><span class='ocrx_word' id='word_1_527' title='bbox 2076 3181 2220 3244; x_wconf 92' lang='lat' dir='ltr'><strong>loco,</strong></span> <span class='ocrx_word' id='word_1_528' title='bbox 2249 3195 2313 3233; x_wconf 93' lang='lat' dir='ltr'><strong>ac</strong></span> <span class='ocrx_word' id='word_1_529' title='bbox 2348 3188 2497 3233; x_wconf 91' lang='lat' dir='ltr'><strong>motu</strong></span> <span class='ocrx_word' id='word_1_530' title='bbox 2530 3181 2583 3232; x_wconf 92' lang='lat' dir='ltr'><strong>in</strong></span> <span class='ocrx_word' id='word_1_531' title='bbox 2621 3189 2884 3250; x_wconf 88' lang='lat' dir='ltr'><strong>tempore,</strong></span> <span class='ocrx_word' id='word_1_532' title='bbox 2923 3189 3178 3250; x_wconf 85' lang='lat' dir='ltr'><strong>tanquam</strong></span> <span class='ocrx_word' id='word_1_533' title='bbox 3226 3181 3334 3235; x_wconf 91' lang='lat' dir='ltr'><strong>illis</strong></span> <span class='ocrx_word' id='word_1_534' title='bbox 3377 3183 3649 3251; x_wconf 89' lang='lat' dir='ltr'><strong>superior,</strong></span> 
     </span>
    </p>
   </div>
   <div class='ocr_carea' id='block_1_72' title="bbox 2073 3271 3655 3343">
    <p class='ocr_par' dir='ltr' id='par_1_72' title="bbox 2073 3271 3655 3343">
     <span class='ocr_line' id='line_1_72' title="bbox 2073 3271 3655 3343; baseline 0.001 -19"><span class='ocrx_word' id='word_1_535' title='bbox 2073 3287 2195 3340; x_wconf 72' lang='lat' dir='ltr'><strong>qure</strong></span> <span class='ocrx_word' id='word_1_536' title='bbox 2216 3281 2440 3340; x_wconf 88' lang='lat' dir='ltr'><strong>propter</strong></span> <span class='ocrx_word' id='word_1_537' title='bbox 2460 3271 2630 3340; x_wconf 86' lang='lat' dir='ltr'><strong>ipsam</strong></span> <span class='ocrx_word' id='word_1_538' title='bbox 2666 3281 2847 3326; x_wconf 88' lang='lat' dir='ltr'><strong>creata</strong></span> <span class='ocrx_word' id='word_1_539' title='bbox 2871 3282 2999 3326; x_wconf 91' lang='lat' dir='ltr'><strong>sunt</strong></span> <span class='ocrx_word' id='word_1_540' title='bbox 3025 3273 3162 3343; x_wconf 89' lang='lat' dir='ltr'><strong>(loca</strong></span> <span class='ocrx_word' id='word_1_541' title='bbox 3187 3272 3395 3327; x_wconf 87' lang='lat' dir='ltr'><strong>scilicet</strong></span> <span class='ocrx_word' id='word_1_542' title='bbox 3424 3288 3489 3327; x_wconf 93' lang='lat' dir='ltr'><strong>ac</strong></span> <span class='ocrx_word' id='word_1_543' title='bbox 3517 3281 3655 3328; x_wconf 83' lang='lat' dir='ltr'><strong>tern-</strong></span> 
     </span>
    </p>
   </div>
   <div class='ocr_carea' id='block_1_73' title="bbox 2075 3361 3652 3434">
    <p class='ocr_par' dir='ltr' id='par_1_73' title="bbox 2075 3361 3652 3434">
     <span class='ocr_line' id='line_1_73' title="bbox 2075 3361 3652 3434; baseline 0.002 -19"><span class='ocrx_word' id='word_1_544' title='bbox 2075 3361 2229 3430; x_wconf 86' lang='lat' dir='ltr'><strong>pora)</strong></span> <span class='ocrx_word' id='word_1_545' title='bbox 2277 3377 2378 3430; x_wconf 91' lang='lat' dir='ltr'><strong>per</strong></span> <span class='ocrx_word' id='word_1_546' title='bbox 2409 3377 2593 3416; x_wconf 83' lang='lat' dir='ltr'><strong>veram</strong></span> <span class='ocrx_word' id='word_1_547' title='bbox 2625 3378 2748 3416; x_wconf 91' lang='lat' dir='ltr'><strong>cum</strong></span> <span class='ocrx_word' id='word_1_548' title='bbox 2780 3363 2893 3416; x_wconf 91' lang='lat' dir='ltr'><strong>Deo</strong></span> <span class='ocrx_word' id='word_1_549' title='bbox 2941 3363 3199 3417; x_wconf 88' lang='lat' dir='ltr'><strong>unionem</strong></span> <span class='ocrx_word' id='word_1_550' title='bbox 3243 3377 3305 3417; x_wconf 87' lang='lat' dir='ltr'><strong>ac</strong></span> <span class='ocrx_word' id='word_1_551' title='bbox 3346 3363 3652 3434; x_wconf 56' lang='lat' dir='ltr'><strong>copulatio-</strong></span> 
     </span>
    </p>
   </div>
   <div class='ocr_carea' id='block_1_74' title="bbox 2073 3455 3652 3524">
    <p class='ocr_par' dir='ltr' id='par_1_74' title="bbox 2073 3455 3652 3524">
     <span class='ocr_line' id='line_1_74' title="bbox 2073 3455 3652 3524; baseline 0.003 -20"><span class='ocrx_word' id='word_1_552' title='bbox 2073 3467 2224 3514; x_wconf 87' lang='lat' dir='ltr'><strong>nem,</strong></span> <span class='ocrx_word' id='word_1_553' title='bbox 2259 3462 2484 3522; x_wconf 87' lang='lat' dir='ltr'><strong>propter</strong></span> <span class='ocrx_word' id='word_1_554' title='bbox 2508 3470 2673 3524; x_wconf 85' lang='lat' dir='ltr'><strong>quem</strong></span> <span class='ocrx_word' id='word_1_555' title='bbox 2706 3464 2762 3508; x_wconf 91' lang='lat' dir='ltr'><strong>et</strong></span> <span class='ocrx_word' id='word_1_556' title='bbox 2791 3455 3012 3509; x_wconf 86' lang='lat' dir='ltr'><strong>condita</strong></span> <span class='ocrx_word' id='word_1_557' title='bbox 3057 3466 3159 3519; x_wconf 88' lang='lat' dir='ltr'><strong>est,</strong></span> <span class='ocrx_word' id='word_1_558' title='bbox 3194 3455 3248 3508; x_wconf 91' lang='lat' dir='ltr'><strong>in</strong></span> <span class='ocrx_word' id='word_1_559' title='bbox 3285 3455 3352 3508; x_wconf 91' lang='lat' dir='ltr'><strong>iis</strong></span> <span class='ocrx_word' id='word_1_560' title='bbox 3380 3455 3652 3509; x_wconf 74' lang='lat' dir='ltr'><strong>exsistens</strong></span> 
     </span>
    </p>
   </div>
   <div class='ocr_carea' id='block_1_75' title="bbox 2075 3542 3651 3612">
    <p class='ocr_par' dir='ltr' id='par_1_75' title="bbox 2075 3542 3651 3612">
     <span class='ocr_line' id='line_1_75' title="bbox 2075 3542 3651 3612; baseline 0 -17"><span class='ocrx_word' id='word_1_561' title='bbox 2075 3558 2262 3596; x_wconf 89' lang='lat' dir='ltr'><strong>rerum</strong></span> <span class='ocrx_word' id='word_1_562' title='bbox 2289 3552 2506 3608; x_wconf 89' lang='lat' dir='ltr'><strong>natura,</strong></span> <span class='ocrx_word' id='word_1_563' title='bbox 2527 3543 2618 3612; x_wconf 87' lang='lat' dir='ltr'><strong>qui</strong></span> <span class='ocrx_word' id='word_1_564' title='bbox 2646 3544 2820 3598; x_wconf 87' lang='lat' dir='ltr'><strong>salute</strong></span> <span class='ocrx_word' id='word_1_565' title='bbox 2855 3544 3094 3598; x_wconf 89' lang='lat' dir='ltr'><strong>donandi</strong></span> <span class='ocrx_word' id='word_1_566' title='bbox 3129 3552 3313 3599; x_wconf 88' lang='lat' dir='ltr'><strong>erunt.</strong></span> <span class='ocrx_word' id='word_1_567' title='bbox 3345 3542 3474 3609; x_wconf 78' lang='lat' dir='ltr'><strong>Qua:</strong></span> <span class='ocrx_word' id='word_1_568' title='bbox 3504 3544 3651 3597; x_wconf 89' lang='lat' dir='ltr'><strong>enim</strong></span> 
     </span>
    </p>
   </div>
   <div class='ocr_carea' id='block_1_76' title="bbox 2077 3628 3651 3704">
    <p class='ocr_par' dir='ltr' id='par_1_76' title="bbox 2077 3628 3651 3704">
     <span class='ocr_line' id='line_1_76' title="bbox 2077 3628 3651 3704; baseline -0.002 -14"><span class='ocrx_word' id='word_1_569' title='bbox 2077 3636 2255 3704; x_wconf 88' lang='lat' dir='ltr'><strong>ipsum</strong></span> <span class='ocrx_word' id='word_1_570' title='bbox 2286 3636 2457 3690; x_wconf 91' lang='lat' dir='ltr'><strong>Deum</strong></span> <span class='ocrx_word' id='word_1_571' title='bbox 2479 3636 2783 3690; x_wconf 85' lang='lat' dir='ltr'><strong>secundum</strong></span> <span class='ocrx_word' id='word_1_572' title='bbox 2817 3628 3182 3691; x_wconf 66' lang='lat' dir='ltr'><strong>Providentiae</strong></span> <span class='ocrx_word' id='word_1_573' title='bbox 3203 3636 3472 3690; x_wconf 89' lang='lat' dir='ltr'><strong>rationem</strong></span> <span class='ocrx_word' id='word_1_574' title='bbox 3497 3651 3651 3689; x_wconf 87' lang='lat' dir='ltr'><strong>mar.-</strong></span> 
     </span>
    </p>
   </div>
   <div class='ocr_carea' id='block_1_77' title="bbox 2077 3721 3654 3793">
    <p class='ocr_par' dir='ltr' id='par_1_77' title="bbox 2077 3721 3654 3793">
     <span class='ocr_line' id='line_1_77' title="bbox 2077 3721 3654 3793; baseline -0.001 -16"><span class='ocrx_word' id='word_1_575' title='bbox 2077 3724 2330 3778; x_wconf 83' lang='lat' dir='ltr'><strong>datorum</strong></span> <span class='ocrx_word' id='word_1_576' title='bbox 2362 3724 2566 3778; x_wconf 90' lang='lat' dir='ltr'><strong>dccade</strong></span> <span class='ocrx_word' id='word_1_577' title='bbox 2596 3725 2874 3793; x_wconf 89' lang='lat' dir='ltr'><strong>propriam</strong></span> <span class='ocrx_word' id='word_1_578' title='bbox 2902 3724 3007 3779; x_wconf 89' lang='lat' dir='ltr'><strong>sibi</strong></span> <span class='ocrx_word' id='word_1_579' title='bbox 3037 3725 3354 3793; x_wconf 89' lang='lat' dir='ltr'><strong>qualitatem</strong></span> <span class='ocrx_word' id='word_1_580' title='bbox 3389 3721 3654 3776; x_wconf 88' lang='lat' dir='ltr'><strong>indiderit</strong></span> 
     </span>
    </p>
   </div>
   <div class='ocr_carea' id='block_1_78' title="bbox 402 3811 3648 3896">
    <p class='ocr_par' dir='ltr' id='par_1_78' title="bbox 402 3811 3648 3896">
     <span class='ocr_line' id='line_1_78' title="bbox 402 3811 3648 3896; baseline -0.005 -17"><span class='ocrx_word' id='word_1_581' title='bbox 402 3825 547 3896; x_wconf 86' lang='lat' dir='ltr'><strong>(ejus</strong></span> <span class='ocrx_word' id='word_1_582' title='bbox 571 3821 779 3878; x_wconf 86' lang='lat' dir='ltr'><strong>scilicet</strong></span> <span class='ocrx_word' id='word_1_583' title='bbox 799 3835 920 3888; x_wconf 72' lang='lat' dir='ltr'><strong>quae</strong></span> <span class='ocrx_word' id='word_1_584' title='bbox 967 3834 1037 3872; x_wconf 76' lang='lat' dir='ltr'><strong>ex</strong></span> <span class='ocrx_word' id='word_1_585' title='bbox 1077 3816 1248 3886; x_wconf 79' lang='lat' dir='ltr'><strong>gratia</strong></span> <span class='ocrx_word' id='word_1_586' title='bbox 1284 3831 1383 3884; x_wconf 84' lang='lat' dir='ltr'><strong>per</strong></span> <span class='ocrx_word' id='word_1_587' title='bbox 1423 3813 1827 3868; x_wconf 85' lang='lat' dir='ltr'><strong>deificationem</strong></span> <span class='ocrx_word' id='word_1_588' title='bbox 1870 3821 1976 3875; x_wconf 90' lang='lat' dir='ltr'><strong>est,</strong></span> <span class='ocrx_word' id='word_1_589' title='bbox 2015 3813 2372 3882; x_wconf 81' lang='lat' dir='ltr'><strong>proprietatis</strong></span> <span class='ocrx_word' id='word_1_590' title='bbox 2430 3821 2615 3865; x_wconf 90' lang='lat' dir='ltr'><strong>notam</strong></span> <span class='ocrx_word' id='word_1_591' title='bbox 2641 3821 2806 3880; x_wconf 89' lang='lat' dir='ltr'><strong>atque</strong></span> <span class='ocrx_word' id='word_1_592' title='bbox 2844 3812 3078 3881; x_wconf 86' lang='lat' dir='ltr'><strong>insigne)</strong></span> <span class='ocrx_word' id='word_1_593' title='bbox 3130 3821 3241 3865; x_wconf 90' lang='lat' dir='ltr'><strong>tum</strong></span> <span class='ocrx_word' id='word_1_594' title='bbox 3274 3829 3302 3864; x_wconf 91' lang='lat' dir='ltr'><strong>a</strong></span> <span class='ocrx_word' id='word_1_595' title='bbox 3333 3811 3536 3880; x_wconf 89' lang='lat' dir='ltr'><strong>quietis</strong></span> <span class='ocrx_word' id='word_1_596' title='bbox 3595 3811 3648 3864; x_wconf 92' lang='lat' dir='ltr'><strong>in</strong></span> 
     </span>
    </p>
   </div>
   <div class='ocr_carea' id='block_1_79' title="bbox 401 3902 3651 3978">
    <p class='ocr_par' dir='ltr' id='par_1_79' title="bbox 401 3902 3651 3978">
     <span class='ocr_line' id='line_1_79' title="bbox 401 3902 3651 3978; baseline -0.003 -10"><span class='ocrx_word' id='word_1_597' title='bbox 401 3913 526 3968; x_wconf 90' lang='lat' dir='ltr'><strong>loco</strong></span> <span class='ocrx_word' id='word_1_598' title='bbox 557 3908 1087 3978; x_wconf 86' lang='lat' dir='ltr'><strong>circumscriptione,</strong></span> <span class='ocrx_word' id='word_1_599' title='bbox 1115 3916 1229 3961; x_wconf 87' lang='lat' dir='ltr'><strong>tum</strong></span> <span class='ocrx_word' id='word_1_600' title='bbox 1250 3922 1281 3960; x_wconf 90' lang='lat' dir='ltr'><strong>a</strong></span> <span class='ocrx_word' id='word_1_601' title='bbox 1301 3915 1451 3959; x_wconf 88' lang='lat' dir='ltr'><strong>motu</strong></span> <span class='ocrx_word' id='word_1_602' title='bbox 1487 3905 1542 3957; x_wconf 93' lang='lat' dir='ltr'><strong>in</strong></span> <span class='ocrx_word' id='word_1_603' title='bbox 1568 3914 1814 3972; x_wconf 88' lang='lat' dir='ltr'><strong>tempore</strong></span> <span class='ocrx_word' id='word_1_604' title='bbox 1841 3903 2123 3957; x_wconf 86' lang='lat' dir='ltr'><strong>liberanda</strong></span> <span class='ocrx_word' id='word_1_605' title='bbox 2149 3913 2251 3968; x_wconf 90' lang='lat' dir='ltr'><strong>est,</strong></span> <span class='ocrx_word' id='word_1_606' title='bbox 2280 3903 2427 3974; x_wconf 74' lang='lat' dir='ltr'><strong>jugis</strong></span> <span class='ocrx_word' id='word_1_607' title='bbox 2486 3912 2668 3956; x_wconf 90' lang='lat' dir='ltr'><strong>motus</strong></span> <span class='ocrx_word' id='word_1_608' title='bbox 2697 3903 2940 3971; x_wconf 85' lang='lat' dir='ltr'><strong>quietem</strong></span> <span class='ocrx_word' id='word_1_609' title='bbox 3003 3913 3161 3957; x_wconf 88' lang='lat' dir='ltr'><strong>nacta</strong></span> <span class='ocrx_word' id='word_1_610' title='bbox 3181 3943 3195 3967; x_wconf 93' lang='lat'><strong>,</strong></span> <span class='ocrx_word' id='word_1_611' title='bbox 3265 3902 3651 3959; x_wconf 75' lang='lat' dir='ltr'><strong>interminabi-</strong></span> 
     </span>
    </p>
   </div>
   <div class='ocr_carea' id='block_1_80' title="bbox 401 3993 3172 4063">
    <p class='ocr_par' dir='ltr' id='par_1_80' title="bbox 401 3993 3172 4063">
     <span class='ocr_line' id='line_1_80' title="bbox 401 3993 3172 4063; baseline -0.005 -4"><span class='ocrx_word' id='word_1_612' title='bbox 401 4006 512 4060; x_wconf 82' lang='lat' dir='ltr'><strong>lem</strong></span> <span class='ocrx_word' id='word_1_613' title='bbox 563 4001 879 4056; x_wconf 86' lang='lat' dir='ltr'><strong>divinorum</strong></span> <span class='ocrx_word' id='word_1_614' title='bbox 929 3998 1247 4053; x_wconf 81' lang='lat' dir='ltr'><strong>fruitionem</strong></span> <span class='ocrx_word' id='word_1_615' title='bbox 1273 4036 1289 4061; x_wconf 93' lang='lat'><strong>,</strong></span> <span class='ocrx_word' id='word_1_616' title='bbox 1345 4004 1665 4063; x_wconf 87' lang='lat' dir='ltr'><strong>motumque</strong></span> <span class='ocrx_word' id='word_1_617' title='bbox 1689 3994 1964 4057; x_wconf 85' lang='lat' dir='ltr'><strong>stabilem,</strong></span> <span class='ocrx_word' id='word_1_618' title='bbox 2007 3993 2376 4048; x_wconf 83' lang='lat' dir='ltr'><strong>insatiabilem</strong></span> <span class='ocrx_word' id='word_1_619' title='bbox 2415 3993 2526 4046; x_wconf 90' lang='lat' dir='ltr'><strong>illis</strong></span> <span class='ocrx_word' id='word_1_620' title='bbox 2555 3993 2806 4046; x_wconf 83' lang='lat' dir='ltr'><strong>fruendis</strong></span> <span class='ocrx_word' id='word_1_621' title='bbox 2832 3993 3172 4047; x_wconf 87' lang='lat' dir='ltr'><strong>aviditatem.</strong></span> 
     </span>
    </p>
   </div>
   <div class='ocr_carea' id='block_1_81' title="bbox 479 4110 1974 4192">
    <p class='ocr_par' dir='ltr' id='par_1_81' title="bbox 479 4110 1974 4192">
     <span class='ocr_line' id='line_1_81' title="bbox 479 4110 1974 4192; baseline -0.008 -18"><span class='ocrx_word' id='word_1_622' title='bbox 479 4139 543 4192; x_wconf 87' lang='grc' dir='ltr'><strong>με</strong></span> <span class='ocrx_word' id='word_1_623' title='bbox 563 4160 577 4174; x_wconf 89' lang='grc'><strong>.</strong></span> <span class='ocrx_word' id='word_1_624' title='bbox 611 4119 702 4190; x_wconf 84' lang='grc' dir='ltr'><strong>Τῷ</strong></span> <span class='ocrx_word' id='word_1_625' title='bbox 737 4118 944 4187; x_wconf 76' lang='grc' dir='ltr'>ἑϐδόμῳ</span> <span class='ocrx_word' id='word_1_626' title='bbox 981 4115 1112 4185; x_wconf 72' lang='grc' dir='ltr'>μηνὶ</span> <span class='ocrx_word' id='word_1_627' title='bbox 1145 4117 1292 4185; x_wconf 87' lang='grc' dir='ltr'>τρεῖς</span> <span class='ocrx_word' id='word_1_628' title='bbox 1329 4113 1464 4165; x_wconf 77' lang='grc' dir='ltr'>εἰσιν</span> <span class='ocrx_word' id='word_1_629' title='bbox 1495 4110 1712 4180; x_wconf 70' lang='grc' dir='ltr'>ἑορταί*</span> <span class='ocrx_word' id='word_1_630' title='bbox 1735 4110 1974 4178; x_wconf 59' lang='grc' dir='ltr'>σαλπίγί</span> 
     </span>
    </p>
   </div>
   <div class='ocr_carea' id='block_1_82' title="bbox 400 4197 1968 4281">
    <p class='ocr_par' dir='ltr' id='par_1_82' title="bbox 400 4197 1968 4281">
     <span class='ocr_line' id='line_1_82' title="bbox 400 4197 1968 4281; baseline -0.008 -15"><span class='ocrx_word' id='word_1_631' title='bbox 400 4230 518 4281; x_wconf 82' lang='grc' dir='ltr'><strong>γων</strong></span> <span class='ocrx_word' id='word_1_632' title='bbox 547 4212 642 4264; x_wconf 70' lang='grc' dir='ltr'>καὶ</span> <span class='ocrx_word' id='word_1_633' title='bbox 680 4207 904 4278; x_wconf 83' lang='grc' dir='ltr'>ἱλασμοῦ</span> <span class='ocrx_word' id='word_1_634' title='bbox 941 4208 1034 4261; x_wconf 69' lang='grc' dir='ltr'>καὶ</span> <span class='ocrx_word' id='word_1_635' title='bbox 1091 4203 1494 4275; x_wconf 83' lang='grc' dir='ltr'>σκηνοπηγίας·</span> <span class='ocrx_word' id='word_1_636' title='bbox 1525 4197 1656 4273; x_wconf 84' lang='grc' dir='ltr'>ὦνή</span> <span class='ocrx_word' id='word_1_637' title='bbox 1709 4202 1806 4272; x_wconf 83' lang='grc' dir='ltr'>μὲν</span> <span class='ocrx_word' id='word_1_638' title='bbox 1842 4203 1968 4254; x_wconf 78' lang='grc' dir='ltr'>σάλ-</span> 
     </span>
    </p>
   </div>
   <div class='ocr_carea' id='block_1_83' title="bbox 400 4293 1970 4371">
    <p class='ocr_par' dir='ltr' id='par_1_83' title="bbox 400 4293 1970 4371">
     <span class='ocr_line' id='line_1_83' title="bbox 400 4293 1970 4371; baseline -0.008 -15"><span class='ocrx_word' id='word_1_639' title='bbox 400 4303 558 4371; x_wconf 81' lang='grc' dir='ltr'>πιγξ,</span> <span class='ocrx_word' id='word_1_640' title='bbox 590 4302 753 4371; x_wconf 88' lang='grc' dir='ltr'>νόμου</span> <span class='ocrx_word' id='word_1_641' title='bbox 787 4300 881 4353; x_wconf 81' lang='grc' dir='ltr'>καὶ</span> <span class='ocrx_word' id='word_1_642' title='bbox 935 4296 1250 4368; x_wconf 80' lang='grc' dir='ltr'>προφητῶν,</span> <span class='ocrx_word' id='word_1_643' title='bbox 1284 4296 1376 4349; x_wconf 71' lang='grc' dir='ltr'><strong>καὶ</strong></span> <span class='ocrx_word' id='word_1_644' title='bbox 1406 4295 1506 4365; x_wconf 81' lang='grc' dir='ltr'><strong>τῆς</strong></span> <span class='ocrx_word' id='word_1_645' title='bbox 1548 4293 1606 4358; x_wconf 75' lang='grc' dir='ltr'><strong>ἐξ</strong></span> <span class='ocrx_word' id='word_1_646' title='bbox 1636 4293 1816 4346; x_wconf 79' lang='grc' dir='ltr'>αὐτῶν</span> <span class='ocrx_word' id='word_1_647' title='bbox 1867 4310 1970 4364; x_wconf 82' lang='grc' dir='ltr'>κη·-</span> 
     </span>
    </p>
   </div>
   <div class='ocr_carea' id='block_1_84' title="bbox 2145 4109 3645 4181">
    <p class='ocr_par' dir='ltr' id='par_1_84' title="bbox 2145 4109 3645 4181">
     <span class='ocr_line' id='line_1_84' title="bbox 2145 4109 3645 4181; baseline 0.002 -17"><span class='ocrx_word' id='word_1_648' title='bbox 2145 4110 2308 4181; x_wconf 73' lang='lat'><strong>299</strong></span> <span class='ocrx_word' id='word_1_649' title='bbox 2340 4111 2426 4164; x_wconf 73' lang='grc'><strong>45.</strong></span> <span class='ocrx_word' id='word_1_650' title='bbox 2467 4109 2650 4163; x_wconf 82' lang='lat' dir='ltr'><strong>Mense</strong></span> <span class='ocrx_word' id='word_1_651' title='bbox 2696 4109 2931 4178; x_wconf 90' lang='lat' dir='ltr'><strong>septimo</strong></span> <span class='ocrx_word' id='word_1_652' title='bbox 2956 4119 3068 4164; x_wconf 91' lang='lat' dir='ltr'><strong>tres</strong></span> <span class='ocrx_word' id='word_1_653' title='bbox 3090 4118 3218 4163; x_wconf 87' lang='lat' dir='ltr'><strong>sunt</strong></span> <span class='ocrx_word' id='word_1_654' title='bbox 3247 4110 3645 4168; x_wconf 84' lang='lat' dir='ltr'><strong>solemnitates.</strong></span> 
     </span>
    </p>
   </div>
   <div class='ocr_carea' id='block_1_85' title="bbox 2076 4201 3647 4271">
    <p class='ocr_par' dir='ltr' id='par_1_85' title="bbox 2076 4201 3647 4271">
     <span class='ocr_line' id='line_1_85' title="bbox 2076 4201 3647 4271; baseline -0.001 -15"><span class='ocrx_word' id='word_1_655' title='bbox 2076 4204 2352 4267; x_wconf 89' lang='lat' dir='ltr'><strong>tubarum,</strong></span> <span class='ocrx_word' id='word_1_656' title='bbox 2402 4201 2809 4271; x_wconf 87' lang='lat' dir='ltr'><strong>propitiationis</strong></span> <span class='ocrx_word' id='word_1_657' title='bbox 2853 4211 2909 4256; x_wconf 90' lang='lat' dir='ltr'><strong>ct</strong></span> <span class='ocrx_word' id='word_1_658' title='bbox 2956 4201 3294 4271; x_wconf 71' lang='lat' dir='ltr'><strong>scenoprgiaa</strong></span> <span class='ocrx_word' id='word_1_659' title='bbox 3328 4218 3340 4253; x_wconf 93' lang='lat'>:</span> <span class='ocrx_word' id='word_1_660' title='bbox 3371 4217 3402 4254; x_wconf 90' lang='lat' dir='ltr'><strong>e</strong></span> <span class='ocrx_word' id='word_1_661' title='bbox 3445 4201 3647 4269; x_wconf 87' lang='lat' dir='ltr'><strong>quibus</strong></span> 
     </span>
    </p>
   </div>
   <div class='ocr_carea' id='block_1_86' title="bbox 2075 4292 3646 4364">
    <p class='ocr_par' dir='ltr' id='par_1_86' title="bbox 2075 4292 3646 4364">
     <span class='ocr_line' id='line_1_86' title="bbox 2075 4292 3646 4364; baseline -0.003 -15"><span class='ocrx_word' id='word_1_662' title='bbox 2075 4295 2228 4358; x_wconf 92' lang='lat' dir='ltr'><strong>tuba,</strong></span> <span class='ocrx_word' id='word_1_663' title='bbox 2261 4293 2398 4364; x_wconf 82' lang='lat' dir='ltr'><strong>legis</strong></span> <span class='ocrx_word' id='word_1_664' title='bbox 2423 4309 2485 4347; x_wconf 91' lang='lat' dir='ltr'><strong>ac</strong></span> <span class='ocrx_word' id='word_1_665' title='bbox 2500 4293 2912 4362; x_wconf 89' lang='lat' dir='ltr'><strong>prophetarum,</strong></span> <span class='ocrx_word' id='word_1_666' title='bbox 2932 4292 3105 4361; x_wconf 85' lang='lat' dir='ltr'><strong>iisque</strong></span> <span class='ocrx_word' id='word_1_667' title='bbox 3137 4293 3442 4362; x_wconf 67' lang='lat' dir='ltr'><strong>praedicam</strong></span> <span class='ocrx_word' id='word_1_668' title='bbox 3465 4293 3646 4347; x_wconf 83' lang='lat' dir='ltr'><strong>scien-</strong></span> 
     </span>
    </p>
   </div>
   <div class='ocr_carea' id='block_1_87' title="bbox 405 4383 1970 4482">
    <p class='ocr_par' dir='ltr' id='par_1_87' title="bbox 405 4385 1970 4468">
     <span class='ocr_line' id='line_1_87' title="bbox 405 4385 1970 4468; baseline -0.008 -21"><span class='ocrx_word' id='word_1_669' title='bbox 405 4394 738 4468; x_wconf 83' lang='grc' dir='ltr'>ρυττομένης</span> <span class='ocrx_word' id='word_1_670' title='bbox 758 4391 1007 4459; x_wconf 86' lang='grc' dir='ltr'>γνώσεως</span> <span class='ocrx_word' id='word_1_671' title='bbox 1033 4389 1200 4452; x_wconf 83' lang='grc' dir='ltr'>τύπος</span> <span class='ocrx_word' id='word_1_672' title='bbox 1226 4386 1394 4454; x_wconf 75' lang='grc' dir='ltr'>ἐστίν,</span> <span class='ocrx_word' id='word_1_673' title='bbox 1434 4389 1462 4439; x_wconf 92' lang='grc' dir='ltr'><strong>ό</strong></span> <span class='ocrx_word' id='word_1_674' title='bbox 1505 4386 1562 4438; x_wconf 79' lang='grc' dir='ltr'>δὲ</span> <span class='ocrx_word' id='word_1_675' title='bbox 1601 4385 1845 4454; x_wconf 85' lang='grc' dir='ltr'>ίλασμὸς,</span> <span class='ocrx_word' id='word_1_676' title='bbox 1873 4386 1970 4455; x_wconf 81' lang='grc' dir='ltr'>τῆς</span> 
     </span>
    </p>
   </div>
   <div class='ocr_carea' id='block_1_88' title="bbox 2070 4383 3646 4482">
    <p class='ocr_par' dir='ltr' id='par_1_88' title="bbox 2078 4383 3646 4457">
     <span class='ocr_line' id='line_1_88' title="bbox 2078 4383 3646 4457; baseline -0.003 -17"><span class='ocrx_word' id='word_1_677' title='bbox 2078 4387 2184 4450; x_wconf 84' lang='lat' dir='ltr'><strong>tiae,</strong></span> <span class='ocrx_word' id='word_1_678' title='bbox 2201 4393 2361 4457; x_wconf 89' lang='lat' dir='ltr'><strong>typus</strong></span> <span class='ocrx_word' id='word_1_679' title='bbox 2380 4391 2482 4438; x_wconf 89' lang='lat' dir='ltr'><strong>est.</strong></span> <span class='ocrx_word' id='word_1_680' title='bbox 2503 4383 2826 4452; x_wconf 90' lang='lat' dir='ltr'><strong>Propitiatio</strong></span> <span class='ocrx_word' id='word_1_681' title='bbox 2850 4391 3051 4440; x_wconf 84' lang='lat' dir='ltr'><strong>autem.</strong></span> <span class='ocrx_word' id='word_1_682' title='bbox 3073 4383 3166 4436; x_wconf 88' lang='lat' dir='ltr'><strong>Dei</strong></span> <span class='ocrx_word' id='word_1_683' title='bbox 3189 4399 3310 4437; x_wconf 88' lang='lat' dir='ltr'><strong>cum</strong></span> <span class='ocrx_word' id='word_1_684' title='bbox 3329 4383 3646 4437; x_wconf 84' lang='lat' dir='ltr'><strong>hominibus</strong></span> 
     </span>
    </p>
   </div>
   <div class='ocr_carea' id='block_1_89' title="bbox 403 4475 1964 4554">
    <p class='ocr_par' dir='ltr' id='par_1_89' title="bbox 403 4475 1964 4554">
     <span class='ocr_line' id='line_1_89' title="bbox 403 4475 1964 4554; baseline -0.008 -15"><span class='ocrx_word' id='word_1_685' title='bbox 403 4485 498 4540; x_wconf 88' lang='grc' dir='ltr'><strong>τοῦ</strong></span> <span class='ocrx_word' id='word_1_686' title='bbox 527 4484 662 4538; x_wconf 83' lang='grc' dir='ltr'>Θεοῦ</span> <span class='ocrx_word' id='word_1_687' title='bbox 695 4483 829 4554; x_wconf 90' lang='grc' dir='ltr'>πρὸς</span> <span class='ocrx_word' id='word_1_688' title='bbox 847 4483 937 4535; x_wconf 86' lang='grc' dir='ltr'><strong>τὸν</strong></span> <span class='ocrx_word' id='word_1_689' title='bbox 965 4479 1249 4550; x_wconf 74' lang='grc' dir='ltr'>ἄνθρωπον</span> <span class='ocrx_word' id='word_1_690' title='bbox 1280 4479 1371 4531; x_wconf 84' lang='grc' dir='ltr'>διὰ</span> <span class='ocrx_word' id='word_1_691' title='bbox 1413 4475 1737 4548; x_wconf 77' lang='grc' dir='ltr'>σαρκώσεως</span> <span class='ocrx_word' id='word_1_692' title='bbox 1765 4475 1964 4544; x_wconf 77' lang='grc' dir='ltr'>σύμϐο-</span> 
     </span>
    </p>
   </div>
   <div class='ocr_carea' id='block_1_90' title="bbox 402 4563 1974 4646">
    <p class='ocr_par' dir='ltr' id='par_1_90' title="bbox 402 4563 1974 4646">
     <span class='ocr_line' id='line_1_90' title="bbox 402 4563 1974 4646; baseline -0.009 -17"><span class='ocrx_word' id='word_1_693' title='bbox 402 4563 492 4629; x_wconf 81' lang='grc' dir='ltr'><strong>λόν</strong></span> <span class='ocrx_word' id='word_1_694' title='bbox 524 4575 757 4646; x_wconf 82' lang='grc' dir='ltr'>ὑπάρχει</span> <span class='ocrx_word' id='word_1_695' title='bbox 803 4571 1169 4639; x_wconf 77' lang='grc' dir='ltr'>καταλλαγῆς.</span> <span class='ocrx_word' id='word_1_696' title='bbox 1214 4571 1269 4622; x_wconf 83' lang='grc'><strong>’0</strong></span> <span class='ocrx_word' id='word_1_697' title='bbox 1313 4569 1422 4638; x_wconf 81' lang='grc' dir='ltr'>γὰρ</span> <span class='ocrx_word' id='word_1_698' title='bbox 1473 4567 1670 4629; x_wconf 83' lang='grc' dir='ltr'>ὑποδὺς</span> <span class='ocrx_word' id='word_1_699' title='bbox 1714 4566 1974 4628; x_wconf 80' lang='grc' dir='ltr'>ἑκουσίως</span> 
     </span>
    </p>
   </div>
   <div class='ocr_carea' id='block_1_91' title="bbox 403 4656 1973 4736">
    <p class='ocr_par' dir='ltr' id='par_1_91' title="bbox 403 4656 1973 4736">
     <span class='ocr_line' id='line_1_91' title="bbox 403 4656 1973 4736; baseline -0.009 -16"><span class='ocrx_word' id='word_1_700' title='bbox 403 4669 503 4736; x_wconf 78' lang='grc' dir='ltr'>τὴν</span> <span class='ocrx_word' id='word_1_701' title='bbox 547 4665 641 4718; x_wconf 84' lang='grc' dir='ltr'><strong>τοῦ</strong></span> <span class='ocrx_word' id='word_1_702' title='bbox 677 4663 1095 4736; x_wconf 82' lang='grc' dir='ltr'>κατακριθέντος</span> <span class='ocrx_word' id='word_1_703' title='bbox 1151 4660 1497 4728; x_wconf 85' lang='grc' dir='ltr'>κατάκρισιν,</span> <span class='ocrx_word' id='word_1_704' title='bbox 1549 4656 1827 4709; x_wconf 80' lang='grc' dir='ltr'>διελύσατο</span> <span class='ocrx_word' id='word_1_705' title='bbox 1873 4656 1973 4724; x_wconf 81' lang='grc' dir='ltr'><strong>τήν</strong></span> 
     </span>
    </p>
   </div>
   <div class='ocr_carea' id='block_1_92' title="bbox 408 4748 1977 4828">
    <p class='ocr_par' dir='ltr' id='par_1_92' title="bbox 408 4748 1977 4828">
     <span class='ocr_line' id='line_1_92' title="bbox 408 4748 1977 4828; baseline -0.009 -17"><span class='ocrx_word' id='word_1_706' title='bbox 408 4776 539 4811; x_wconf 87' lang='grc' dir='ltr'>ποτε</span> <span class='ocrx_word' id='word_1_707' title='bbox 573 4759 708 4828; x_wconf 87' lang='grc' dir='ltr'>πρὸς</span> <span class='ocrx_word' id='word_1_708' title='bbox 737 4756 899 4809; x_wconf 78' lang='grc' dir='ltr'>αὑτὸν</span> <span class='ocrx_word' id='word_1_709' title='bbox 943 4753 1288 4824; x_wconf 87' lang='grc' dir='ltr'>κυρωθεῖσαν</span> <span class='ocrx_word' id='word_1_710' title='bbox 1335 4751 1552 4821; x_wconf 73' lang='grc' dir='ltr'>ἔχθραν.</span> <span class='ocrx_word' id='word_1_711' title='bbox 1599 4749 1662 4801; x_wconf 80' lang='grc' dir='ltr'><strong>Ἠ</strong></span> <span class='ocrx_word' id='word_1_712' title='bbox 1705 4748 1760 4800; x_wconf 87' lang='grc' dir='ltr'>δὲ</span> <span class='ocrx_word' id='word_1_713' title='bbox 1793 4764 1977 4818; x_wconf 85' lang='grc' dir='ltr'>σκηνο-</span> 
     </span>
    </p>
   </div>
   <div class='ocr_carea' id='block_1_93' title="bbox 408 4839 1974 4920">
    <p class='ocr_par' dir='ltr' id='par_1_93' title="bbox 408 4839 1974 4920">
     <span class='ocr_line' id='line_1_93' title="bbox 408 4839 1974 4920; baseline -0.008 -18"><span class='ocrx_word' id='word_1_714' title='bbox 408 4853 600 4920; x_wconf 80' lang='grc' dir='ltr'>πηγία,</span> <span class='ocrx_word' id='word_1_715' title='bbox 621 4849 965 4920; x_wconf 82' lang='grc' dir='ltr'>προτύπωσίς</span> <span class='ocrx_word' id='word_1_716' title='bbox 1001 4848 1146 4899; x_wconf 78' lang='grc' dir='ltr'>ἐστιν</span> <span class='ocrx_word' id='word_1_717' title='bbox 1172 4843 1519 4903; x_wconf 83' lang='grc' dir='ltr'>ἀναστάσεως</span> <span class='ocrx_word' id='word_1_718' title='bbox 1539 4879 1552 4904; x_wconf 91' lang='grc'><strong>,</strong></span> <span class='ocrx_word' id='word_1_719' title='bbox 1579 4839 1673 4893; x_wconf 72' lang='grc' dir='ltr'>καὶ</span> <span class='ocrx_word' id='word_1_720' title='bbox 1707 4840 1804 4908; x_wconf 80' lang='grc' dir='ltr'>τῆς</span> <span class='ocrx_word' id='word_1_721' title='bbox 1837 4839 1974 4891; x_wconf 84' lang='grc' dir='ltr'>πάν-</span> 
     </span>
    </p>
   </div>
   <div class='ocr_carea' id='block_1_94' title="bbox 405 4936 1457 5012">
    <p class='ocr_par' dir='ltr' id='par_1_94' title="bbox 405 4936 1457 5012">
     <span class='ocr_line' id='line_1_94' title="bbox 405 4936 1457 5012; baseline -0.009 -16"><span class='ocrx_word' id='word_1_722' title='bbox 405 4961 513 4996; x_wconf 87' lang='grc' dir='ltr'><strong>των</strong></span> <span class='ocrx_word' id='word_1_723' title='bbox 549 4942 684 5012; x_wconf 86' lang='grc' dir='ltr'>πρὸς</span> <span class='ocrx_word' id='word_1_724' title='bbox 713 4938 980 5008; x_wconf 76' lang='grc' dir='ltr'>ἀτρεψίαν</span> <span class='ocrx_word' id='word_1_725' title='bbox 1031 4936 1457 5005; x_wconf 77' lang='grc' dir='ltr'>μεταποιήσεως.</span> 
     </span>
    </p>
   </div>
   <div class='ocr_carea' id='block_1_95' title="bbox 484 5041 1971 5124">
    <p class='ocr_par' dir='ltr' id='par_1_95' title="bbox 484 5041 1971 5124">
     <span class='ocr_line' id='line_1_95' title="bbox 484 5041 1971 5124; baseline -0.01 -18"><span class='ocrx_word' id='word_1_726' title='bbox 484 5054 600 5124; x_wconf 71' lang='grc' dir='ltr'>μές’.</span> <span class='ocrx_word' id='word_1_727' title='bbox 636 5054 693 5105; x_wconf 87' lang='grc' dir='ltr'>Ὀ</span> <span class='ocrx_word' id='word_1_728' title='bbox 709 5052 887 5120; x_wconf 68' lang='grc' dir='ltr'>ψιλαῖς</span> <span class='ocrx_word' id='word_1_729' title='bbox 913 5051 1033 5110; x_wconf 87' lang='grc' dir='ltr'>ταῖς</span> <span class='ocrx_word' id='word_1_730' title='bbox 1063 5045 1305 5113; x_wconf 83' lang='grc' dir='ltr'>ὲναίμοις</span> <span class='ocrx_word' id='word_1_731' title='bbox 1334 5047 1538 5113; x_wconf 80' lang='grc' dir='ltr'>χαίρων</span> <span class='ocrx_word' id='word_1_732' title='bbox 1566 5042 1798 5104; x_wconf 73' lang='grc' dir='ltr'>θυσίαις,</span> <span class='ocrx_word' id='word_1_733' title='bbox 1820 5041 1971 5110; x_wconf 64' lang='grc' dir='ltr'>φησι,</span> 
     </span>
    </p>
   </div>
   <div class='ocr_carea' id='block_1_96' title="bbox 408 5131 1972 5216">
    <p class='ocr_par' dir='ltr' id='par_1_96' title="bbox 408 5131 1972 5216">
     <span class='ocr_line' id='line_1_96' title="bbox 408 5131 1972 5216; baseline -0.011 -17"><span class='ocrx_word' id='word_1_734' title='bbox 408 5148 535 5216; x_wconf 78' lang='grc' dir='ltr'>περὶ</span> <span class='ocrx_word' id='word_1_735' title='bbox 561 5146 625 5197; x_wconf 76' lang='grc' dir='ltr'><strong>τὰ</strong></span> <span class='ocrx_word' id='word_1_736' title='bbox 655 5142 800 5212; x_wconf 76' lang='grc' dir='ltr'>πάθη</span> <span class='ocrx_word' id='word_1_737' title='bbox 844 5138 1161 5200; x_wconf 79' lang='grc' dir='ltr'>σπουδάζειν</span> <span class='ocrx_word' id='word_1_738' title='bbox 1185 5136 1258 5198; x_wconf 85' lang='grc' dir='ltr'>ὡς</span> <span class='ocrx_word' id='word_1_739' title='bbox 1293 5134 1544 5204; x_wconf 74' lang='grc' dir='ltr'>ἐμπαθὴς</span> <span class='ocrx_word' id='word_1_740' title='bbox 1567 5131 1972 5202; x_wconf 78' lang='grc' dir='ltr'>παρασκευάζει</span> 
     </span>
    </p>
   </div>
   <div class='ocr_carea' id='block_1_97' title="bbox 407 5223 1970 5299">
    <p class='ocr_par' dir='ltr' id='par_1_97' title="bbox 407 5223 1970 5299">
     <span class='ocr_line' id='line_1_97' title="bbox 407 5223 1970 5299; baseline -0.011 -9"><span class='ocrx_word' id='word_1_741' title='bbox 407 5240 530 5298; x_wconf 76' lang='grc' dir='ltr'>τοὺς</span> <span class='ocrx_word' id='word_1_742' title='bbox 559 5235 814 5296; x_wconf 83' lang='grc' dir='ltr'>θύοντας·</span> <span class='ocrx_word' id='word_1_743' title='bbox 853 5233 997 5299; x_wconf 59' lang='grc' dir='ltr'>φιλεῖ</span> <span class='ocrx_word' id='word_1_744' title='bbox 1042 5229 1148 5297; x_wconf 77' lang='grc' dir='ltr'>γὰρ</span> <span class='ocrx_word' id='word_1_745' title='bbox 1179 5228 1389 5297; x_wconf 81' lang='grc' dir='ltr'>χαίρειν</span> <span class='ocrx_word' id='word_1_746' title='bbox 1420 5225 1480 5277; x_wconf 87' lang='grc' dir='ltr'><strong>τὸ</strong></span> <span class='ocrx_word' id='word_1_747' title='bbox 1516 5224 1756 5293; x_wconf 62' lang='grc' dir='ltr'>’γνησίως</span> <span class='ocrx_word' id='word_1_748' title='bbox 1795 5223 1970 5285; x_wconf 78' lang='grc' dir='ltr'>σέϐον,</span> 
     </span>
    </p>
   </div>
   <div class='ocr_carea' id='block_1_98' title="bbox 407 5320 1298 5397">
    <p class='ocr_par' dir='ltr' id='par_1_98' title="bbox 407 5320 1298 5397">
     <span class='ocr_line' id='line_1_98' title="bbox 407 5320 1298 5397; baseline -0.007 -19"><span class='ocrx_word' id='word_1_749' title='bbox 407 5323 486 5391; x_wconf 76' lang='grc' dir='ltr'>οἷς</span> <span class='ocrx_word' id='word_1_750' title='bbox 510 5328 688 5397; x_wconf 87' lang='grc' dir='ltr'>χαίρει</span> <span class='ocrx_word' id='word_1_751' title='bbox 715 5328 772 5377; x_wconf 83' lang='grc' dir='ltr'><strong>τὸ</strong></span> <span class='ocrx_word' id='word_1_752' title='bbox 809 5320 1298 5392; x_wconf 78' lang='grc' dir='ltr'>προσκυνούμενον.</span> 
     </span>
    </p>
   </div>
   <div class='ocr_carea' id='block_1_99' title="bbox 483 5517 1972 5596">
    <p class='ocr_par' dir='ltr' id='par_1_99' title="bbox 483 5517 1972 5596">
     <span class='ocr_line' id='line_1_99' title="bbox 483 5517 1972 5596; baseline -0.007 -17"><span class='ocrx_word' id='word_1_753' title='bbox 483 5527 590 5596; x_wconf 49' lang='grc' dir='ltr'><strong>μζ.</strong></span> <span class='ocrx_word' id='word_1_754' title='bbox 629 5527 752 5577; x_wconf 79' lang='grc' dir='ltr'>Ὅτι</span> <span class='ocrx_word' id='word_1_755' title='bbox 787 5523 973 5585; x_wconf 81' lang='grc' dir='ltr'>θυσίας</span> <span class='ocrx_word' id='word_1_756' title='bbox 1000 5517 1136 5573; x_wconf 76' lang='grc' dir='ltr'>οἶδεν</span> <span class='ocrx_word' id='word_1_757' title='bbox 1162 5523 1190 5572; x_wconf 90' lang='grc' dir='ltr'>ὁ</span> <span class='ocrx_word' id='word_1_758' title='bbox 1218 5519 1389 5587; x_wconf 86' lang='grc' dir='ltr'>λόγος,</span> <span class='ocrx_word' id='word_1_759' title='bbox 1437 5519 1588 5588; x_wconf 69' lang='grc' dir='ltr'>φησὶ,</span> <span class='ocrx_word' id='word_1_760' title='bbox 1613 5518 1710 5587; x_wconf 75' lang='grc' dir='ltr'><strong>τὴν</strong></span> <span class='ocrx_word' id='word_1_761' title='bbox 1737 5519 1843 5570; x_wconf 82' lang='grc' dir='ltr'><strong>τῶν</strong></span> <span class='ocrx_word' id='word_1_762' title='bbox 1868 5537 1972 5571; x_wconf 87' lang='grc' dir='ltr'>πα-</span> 
     </span>
    </p>
   </div>
   <div class='ocr_carea' id='block_1_100' title="bbox 409 5610 1973 5685">
    <p class='ocr_par' dir='ltr' id='par_1_100' title="bbox 409 5610 1973 5685">
     <span class='ocr_line' id='line_1_100' title="bbox 409 5610 1973 5685; baseline -0.006 -15"><span class='ocrx_word' id='word_1_763' title='bbox 409 5618 516 5671; x_wconf 86' lang='grc' dir='ltr'><strong>θῶν</strong></span> <span class='ocrx_word' id='word_1_764' title='bbox 541 5616 770 5685; x_wconf 72' lang='grc' dir='ltr'>σφαγὴν,</span> <span class='ocrx_word' id='word_1_765' title='bbox 800 5615 892 5666; x_wconf 77' lang='grc' dir='ltr'><strong>καὶ</strong></span> <span class='ocrx_word' id='word_1_766' title='bbox 920 5614 1016 5682; x_wconf 85' lang='grc' dir='ltr'>τὴν</span> <span class='ocrx_word' id='word_1_767' title='bbox 1051 5611 1159 5664; x_wconf 85' lang='grc' dir='ltr'><strong>τῶν</strong></span> <span class='ocrx_word' id='word_1_768' title='bbox 1210 5610 1453 5680; x_wconf 80' lang='grc' dir='ltr'>φυσικῶν</span> <span class='ocrx_word' id='word_1_769' title='bbox 1491 5610 1772 5679; x_wconf 86' lang='grc' dir='ltr'>δυνάμεων</span> <span class='ocrx_word' id='word_1_770' title='bbox 1805 5627 1973 5677; x_wconf 87' lang='grc' dir='ltr'>προσ-</span> 
     </span>
    </p>
   </div>
   <div class='ocr_carea' id='block_1_101' title="bbox 401 5701 1971 5780">
    <p class='ocr_par' dir='ltr' id='par_1_101' title="bbox 401 5701 1971 5780">
     <span class='ocr_line' id='line_1_101' title="bbox 401 5701 1971 5780; baseline -0.005 -18"><span class='ocrx_word' id='word_1_771' title='bbox 401 5709 656 5780; x_wconf 71' lang='grc' dir='ltr'>αγωγὴν·</span> <span class='ocrx_word' id='word_1_772' title='bbox 688 5701 762 5759; x_wconf 82' lang='grc' dir='ltr'>ὧν</span> <span class='ocrx_word' id='word_1_773' title='bbox 793 5706 884 5758; x_wconf 87' lang='grc' dir='ltr'><strong>τοῦ</strong></span> <span class='ocrx_word' id='word_1_774' title='bbox 918 5707 1013 5775; x_wconf 80' lang='grc' dir='ltr'><strong>μὲν</strong></span> <span class='ocrx_word' id='word_1_775' title='bbox 1049 5704 1206 5770; x_wconf 82' lang='grc' dir='ltr'>λόγου</span> <span class='ocrx_word' id='word_1_776' title='bbox 1237 5703 1404 5766; x_wconf 87' lang='grc' dir='ltr'>τύπος</span> <span class='ocrx_word' id='word_1_777' title='bbox 1443 5704 1587 5756; x_wconf 72' lang='grc' dir='ltr'>ἐστὶν</span> <span class='ocrx_word' id='word_1_778' title='bbox 1619 5703 1813 5774; x_wconf 79' lang='grc' dir='ltr'>ὁκριός</span> <span class='ocrx_word' id='word_1_779' title='bbox 1843 5719 1854 5732; x_wconf 90' lang='grc'><strong>·</strong></span> <span class='ocrx_word' id='word_1_780' title='bbox 1879 5703 1971 5755; x_wconf 80' lang='grc' dir='ltr'><strong>τοῦ</strong></span> 
     </span>
    </p>
   </div>
   <div class='ocr_carea' id='block_1_102' title="bbox 2080 4473 3642 4548">
    <p class='ocr_par' dir='ltr' id='par_1_102' title="bbox 2080 4473 3642 4548">
     <span class='ocr_line' id='line_1_102' title="bbox 2080 4473 3642 4548; baseline -0.004 -15"><span class='ocrx_word' id='word_1_781' title='bbox 2080 4493 2178 4548; x_wconf 88' lang='lat' dir='ltr'><strong>per</strong></span> <span class='ocrx_word' id='word_1_782' title='bbox 2205 4475 2641 4531; x_wconf 84' lang='lat' dir='ltr'><strong>incarnationem</strong></span> <span class='ocrx_word' id='word_1_783' title='bbox 2667 4474 3138 4529; x_wconf 88' lang='lat' dir='ltr'><strong>reconciliationis</strong></span> <span class='ocrx_word' id='word_1_784' title='bbox 3162 4476 3488 4546; x_wconf 82' lang='lat' dir='ltr'><strong>symbolum.</strong></span> <span class='ocrx_word' id='word_1_785' title='bbox 3539 4473 3642 4540; x_wconf 81' lang='lat' dir='ltr'><strong>Qui</strong></span> 
     </span>
    </p>
   </div>
   <div class='ocr_carea' id='block_1_103' title="bbox 2076 4565 3649 4636">
    <p class='ocr_par' dir='ltr' id='par_1_103' title="bbox 2076 4565 3649 4636">
     <span class='ocr_line' id='line_1_103' title="bbox 2076 4565 3649 4636; baseline -0.002 -14"><span class='ocrx_word' id='word_1_786' title='bbox 2076 4568 2225 4622; x_wconf 89' lang='lat' dir='ltr'><strong>enim</strong></span> <span class='ocrx_word' id='word_1_787' title='bbox 2255 4577 2470 4636; x_wconf 90' lang='lat' dir='ltr'><strong>sponte,</strong></span> <span class='ocrx_word' id='word_1_788' title='bbox 2497 4566 2617 4635; x_wconf 88' lang='lat' dir='ltr'><strong>ejus</strong></span> <span class='ocrx_word' id='word_1_789' title='bbox 2640 4566 2734 4635; x_wconf 90' lang='lat' dir='ltr'><strong>qui</strong></span> <span class='ocrx_word' id='word_1_790' title='bbox 2774 4581 2903 4619; x_wconf 89' lang='lat' dir='ltr'><strong>reus</strong></span> <span class='ocrx_word' id='word_1_791' title='bbox 2941 4565 3193 4620; x_wconf 87' lang='lat' dir='ltr'><strong>criminis</strong></span> <span class='ocrx_word' id='word_1_792' title='bbox 3233 4576 3372 4630; x_wconf 85' lang='lat' dir='ltr'><strong>erat,</strong></span> <span class='ocrx_word' id='word_1_793' title='bbox 3421 4567 3649 4620; x_wconf 83' lang='lat' dir='ltr'><strong>damna-</strong></span> 
     </span>
    </p>
   </div>
   <div class='ocr_carea' id='block_1_104' title="bbox 2077 4657 3644 4726">
    <p class='ocr_par' dir='ltr' id='par_1_104' title="bbox 2077 4657 3644 4726">
     <span class='ocr_line' id='line_1_104' title="bbox 2077 4657 3644 4726; baseline 0 -14"><span class='ocrx_word' id='word_1_794' title='bbox 2077 4660 2280 4713; x_wconf 91' lang='lat' dir='ltr'><strong>tionem</strong></span> <span class='ocrx_word' id='word_1_795' title='bbox 2305 4659 2494 4724; x_wconf 89' lang='lat' dir='ltr'><strong>subiit,</strong></span> <span class='ocrx_word' id='word_1_796' title='bbox 2516 4658 2661 4726; x_wconf 88' lang='lat' dir='ltr'><strong>quod</strong></span> <span class='ocrx_word' id='word_1_797' title='bbox 2692 4657 2746 4711; x_wconf 93' lang='lat' dir='ltr'><strong>in</strong></span> <span class='ocrx_word' id='word_1_798' title='bbox 2774 4674 2900 4712; x_wconf 90' lang='lat' dir='ltr'><strong>eum</strong></span> <span class='ocrx_word' id='word_1_799' title='bbox 2928 4658 3139 4726; x_wconf 85' lang='lat' dir='ltr'><strong>pridem</strong></span> <span class='ocrx_word' id='word_1_800' title='bbox 3163 4657 3434 4712; x_wconf 85' lang='lat' dir='ltr'><strong>firmatum</strong></span> <span class='ocrx_word' id='word_1_801' title='bbox 3459 4659 3644 4713; x_wconf 87' lang='lat' dir='ltr'><strong>odium</strong></span> 
     </span>
    </p>
   </div>
   <div class='ocr_carea' id='block_1_105' title="bbox 2075 4748 3648 4819">
    <p class='ocr_par' dir='ltr' id='par_1_105' title="bbox 2075 4748 3648 4819">
     <span class='ocr_line' id='line_1_105' title="bbox 2075 4748 3648 4819; baseline -0.002 -14"><span class='ocrx_word' id='word_1_802' title='bbox 2075 4759 2210 4814; x_wconf 88' lang='lat' dir='ltr'><strong>erat,</strong></span> <span class='ocrx_word' id='word_1_803' title='bbox 2244 4749 2515 4803; x_wconf 83' lang='lat' dir='ltr'><strong>dissolvit.</strong></span> <span class='ocrx_word' id='word_1_804' title='bbox 2549 4748 2885 4818; x_wconf 83' lang='lat' dir='ltr'><strong>Sccnopcgia</strong></span> <span class='ocrx_word' id='word_1_805' title='bbox 2918 4765 3070 4813; x_wconf 86' lang='lat' dir='ltr'><strong>vero,</strong></span> <span class='ocrx_word' id='word_1_806' title='bbox 3107 4749 3304 4804; x_wconf 73' lang='lat' dir='ltr'><strong>fotum</strong></span> <span class='ocrx_word' id='word_1_807' title='bbox 3344 4750 3648 4819; x_wconf 78' lang='lat' dir='ltr'><strong>designatio</strong></span> 
     </span>
    </p>
   </div>
   <div class='ocr_carea' id='block_1_106' title="bbox 2076 4841 3643 4910">
    <p class='ocr_par' dir='ltr' id='par_1_106' title="bbox 2076 4841 3643 4910">
     <span class='ocr_line' id='line_1_106' title="bbox 2076 4841 3643 4910; baseline -0.003 -14"><span class='ocrx_word' id='word_1_808' title='bbox 2076 4841 2520 4906; x_wconf 86' lang='lat' dir='ltr'><strong>resurrectionis,</strong></span> <span class='ocrx_word' id='word_1_809' title='bbox 2549 4841 2907 4910; x_wconf 88' lang='lat' dir='ltr'><strong>omniumque</strong></span> <span class='ocrx_word' id='word_1_810' title='bbox 2933 4841 2986 4893; x_wconf 88' lang='lat' dir='ltr'><strong>in</strong></span> <span class='ocrx_word' id='word_1_811' title='bbox 3017 4841 3414 4895; x_wconf 85' lang='lat' dir='ltr'><strong>immutabilem</strong></span> <span class='ocrx_word' id='word_1_812' title='bbox 3445 4851 3643 4894; x_wconf 88' lang='lat' dir='ltr'><strong>statum</strong></span> 
     </span>
    </p>
   </div>
   <div class='ocr_carea' id='block_1_107' title="bbox 2076 4931 2566 4985">
    <p class='ocr_par' dir='ltr' id='par_1_107' title="bbox 2076 4931 2566 4985">
     <span class='ocr_line' id='line_1_107' title="bbox 2076 4931 2566 4985; baseline -0.004 -1"><span class='ocrx_word' id='word_1_813' title='bbox 2076 4931 2566 4985; x_wconf 87' lang='lat' dir='ltr'><strong>transmutationis.</strong></span> 
     </span>
    </p>
   </div>
   <div class='ocr_carea' id='block_1_108' title="bbox 2146 5046 3649 5114">
    <p class='ocr_par' dir='ltr' id='par_1_108' title="bbox 2146 5046 3649 5114">
     <span class='ocr_line' id='line_1_108' title="bbox 2146 5046 3649 5114; baseline -0.003 -8"><span class='ocrx_word' id='word_1_814' title='bbox 2146 5051 2234 5106; x_wconf 67' lang='lat' dir='ltr'><strong>Mi.</strong></span> <span class='ocrx_word' id='word_1_815' title='bbox 2281 5049 2383 5114; x_wconf 85' lang='lat' dir='ltr'><strong>Qui</strong></span> <span class='ocrx_word' id='word_1_816' title='bbox 2424 5049 2588 5102; x_wconf 89' lang='lat' dir='ltr'><strong>nudis</strong></span> <span class='ocrx_word' id='word_1_817' title='bbox 2630 5049 2875 5101; x_wconf 87' lang='lat' dir='ltr'><strong>cruentis</strong></span> <span class='ocrx_word' id='word_1_818' title='bbox 2916 5046 3111 5101; x_wconf 81' lang='lat' dir='ltr'><strong>hostiis</strong></span> <span class='ocrx_word' id='word_1_819' title='bbox 3164 5047 3490 5109; x_wconf 87' lang='lat' dir='ltr'><strong>delectatur,</strong></span> <span class='ocrx_word' id='word_1_820' title='bbox 3543 5046 3649 5103; x_wconf 83' lang='lat' dir='ltr'><strong>hoc</strong></span> 
     </span>
    </p>
   </div>
   <div class='ocr_carea' id='block_1_109' title="bbox 2075 5137 3646 5210">
    <p class='ocr_par' dir='ltr' id='par_1_109' title="bbox 2075 5137 3646 5210">
     <span class='ocr_line' id='line_1_109' title="bbox 2075 5137 3646 5210; baseline -0.002 -17"><span class='ocrx_word' id='word_1_821' title='bbox 2075 5149 2299 5210; x_wconf 74' lang='lat' dir='ltr'><strong>prtestat</strong></span> <span class='ocrx_word' id='word_1_822' title='bbox 2329 5148 2586 5208; x_wconf 83' lang='lat' dir='ltr'><strong>tanquam</strong></span> <span class='ocrx_word' id='word_1_823' title='bbox 2632 5139 2960 5191; x_wconf 83' lang='lat' dir='ltr'><strong>libidinosus</strong></span> <span class='ocrx_word' id='word_1_824' title='bbox 2989 5179 3002 5200; x_wconf 94' lang='lat'><strong>,</strong></span> <span class='ocrx_word' id='word_1_825' title='bbox 3035 5148 3096 5191; x_wconf 88' lang='lat' dir='ltr'><strong>ut</strong></span> <span class='ocrx_word' id='word_1_826' title='bbox 3140 5139 3233 5204; x_wconf 91' lang='lat' dir='ltr'><strong>qui</strong></span> <span class='ocrx_word' id='word_1_827' title='bbox 3283 5137 3507 5202; x_wconf 81' lang='lat' dir='ltr'><strong>faciunt,</strong></span> <span class='ocrx_word' id='word_1_828' title='bbox 3545 5139 3646 5206; x_wconf 85' lang='lat' dir='ltr'><strong>ipsi</strong></span> 
     </span>
    </p>
   </div>
   <div class='ocr_carea' id='block_1_110' title="bbox 2077 5225 3648 5298">
    <p class='ocr_par' dir='ltr' id='par_1_110' title="bbox 2077 5225 3648 5298">
     <span class='ocr_line' id='line_1_110' title="bbox 2077 5225 3648 5298; baseline -0.006 -16"><span class='ocrx_word' id='word_1_829' title='bbox 2077 5244 2294 5298; x_wconf 88' lang='lat' dir='ltr'><strong>quoque</strong></span> <span class='ocrx_word' id='word_1_830' title='bbox 2325 5227 2539 5279; x_wconf 80' lang='lat' dir='ltr'><strong>libidini</strong></span> <span class='ocrx_word' id='word_1_831' title='bbox 2568 5227 2845 5279; x_wconf 82' lang='lat' dir='ltr'><strong>studeant.</strong></span> <span class='ocrx_word' id='word_1_832' title='bbox 2889 5225 2988 5290; x_wconf 81' lang='lat' dir='ltr'><strong>Qui</strong></span> <span class='ocrx_word' id='word_1_833' title='bbox 3016 5225 3160 5277; x_wconf 91' lang='lat' dir='ltr'><strong>enim</strong></span> <span class='ocrx_word' id='word_1_834' title='bbox 3210 5225 3422 5278; x_wconf 87' lang='lat' dir='ltr'><strong>sincere</strong></span> <span class='ocrx_word' id='word_1_835' title='bbox 3472 5242 3648 5294; x_wconf 75' lang='lat' dir='ltr'><strong>exque</strong></span> 
     </span>
    </p>
   </div>
   <div class='ocr_carea' id='block_1_111' title="bbox 2076 5317 3649 5385">
    <p class='ocr_par' dir='ltr' id='par_1_111' title="bbox 2076 5317 3649 5385">
     <span class='ocr_line' id='line_1_111' title="bbox 2076 5317 3649 5385; baseline -0.001 -12"><span class='ocrx_word' id='word_1_836' title='bbox 2076 5321 2260 5374; x_wconf 87' lang='lat' dir='ltr'><strong>animo</strong></span> <span class='ocrx_word' id='word_1_837' title='bbox 2283 5319 2433 5382; x_wconf 81' lang='lat' dir='ltr'><strong>colit,</strong></span> <span class='ocrx_word' id='word_1_838' title='bbox 2466 5319 2532 5370; x_wconf 88' lang='lat' dir='ltr'><strong>iis</strong></span> <span class='ocrx_word' id='word_1_839' title='bbox 2558 5317 2739 5371; x_wconf 86' lang='lat' dir='ltr'><strong>libens</strong></span> <span class='ocrx_word' id='word_1_840' title='bbox 2771 5317 2991 5385; x_wconf 75' lang='lat' dir='ltr'><strong>gaudet,</strong></span> <span class='ocrx_word' id='word_1_841' title='bbox 3019 5317 3221 5384; x_wconf 82' lang='lat' dir='ltr'><strong>quibus</strong></span> <span class='ocrx_word' id='word_1_842' title='bbox 3267 5317 3401 5385; x_wconf 83' lang='lat' dir='ltr'><strong>ipse,</strong></span> <span class='ocrx_word' id='word_1_843' title='bbox 3435 5319 3524 5370; x_wconf 89' lang='lat' dir='ltr'><strong>cui</strong></span> <span class='ocrx_word' id='word_1_844' title='bbox 3558 5335 3649 5371; x_wconf 84' lang='lat' dir='ltr'><strong>ve-</strong></span> 
     </span>
    </p>
   </div>
   <div class='ocr_carea' id='block_1_112' title="bbox 2077 5408 2985 5465">
    <p class='ocr_par' dir='ltr' id='par_1_112' title="bbox 2077 5408 2985 5465">
     <span class='ocr_line' id='line_1_112' title="bbox 2077 5408 2985 5465; baseline -0.004 0"><span class='ocrx_word' id='word_1_845' title='bbox 2077 5411 2418 5465; x_wconf 85' lang='lat' dir='ltr'><strong>nerationem</strong></span> <span class='ocrx_word' id='word_1_846' title='bbox 2455 5426 2517 5462; x_wconf 87' lang='lat' dir='ltr'><strong>ac</strong></span> <span class='ocrx_word' id='word_1_847' title='bbox 2538 5410 2743 5462; x_wconf 90' lang='lat' dir='ltr'><strong>cultum</strong></span> <span class='ocrx_word' id='word_1_848' title='bbox 2773 5408 2985 5461; x_wconf 79' lang='lat' dir='ltr'><strong>tribuit.</strong></span> 
     </span>
    </p>
   </div>
   <div class='ocr_carea' id='block_1_113' title="bbox 2146 5520 3648 5589">
    <p class='ocr_par' dir='ltr' id='par_1_113' title="bbox 2146 5520 3648 5589">
     <span class='ocr_line' id='line_1_113' title="bbox 2146 5520 3648 5589; baseline -0.002 -11"><span class='ocrx_word' id='word_1_849' title='bbox 2146 5525 2234 5578; x_wconf 71' lang='grc'><strong>47.</strong></span> <span class='ocrx_word' id='word_1_850' title='bbox 2266 5523 2486 5576; x_wconf 86' lang='lat' dir='ltr'><strong>llostias</strong></span> <span class='ocrx_word' id='word_1_851' title='bbox 2505 5521 2810 5589; x_wconf 76' lang='lat' dir='ltr'><strong>Scriptura,</strong></span> <span class='ocrx_word' id='word_1_852' title='bbox 2849 5520 3146 5574; x_wconf 70' lang='lat' dir='ltr'><strong>allectuum</strong></span> <span class='ocrx_word' id='word_1_853' title='bbox 3201 5520 3648 5583; x_wconf 82' lang='lat' dir='ltr'><strong>immolationem.</strong></span> 
     </span>
    </p>
   </div>
   <div class='ocr_carea' id='block_1_114' title="bbox 2076 5610 3649 5680">
    <p class='ocr_par' dir='ltr' id='par_1_114' title="bbox 2076 5610 3649 5680">
     <span class='ocr_line' id='line_1_114' title="bbox 2076 5610 3649 5680; baseline -0.003 -12"><span class='ocrx_word' id='word_1_854' title='bbox 2076 5613 2520 5680; x_wconf 88' lang='lat' dir='ltr'><strong>naturaliumque</strong></span> <span class='ocrx_word' id='word_1_855' title='bbox 2559 5610 2877 5664; x_wconf 78' lang='lat' dir='ltr'><strong>facultatum</strong></span> <span class='ocrx_word' id='word_1_856' title='bbox 2918 5611 3276 5678; x_wconf 85' lang='lat' dir='ltr'><strong>oblationem,</strong></span> <span class='ocrx_word' id='word_1_857' title='bbox 3298 5627 3495 5667; x_wconf 80' lang='lat' dir='ltr'><strong>vocare</strong></span> <span class='ocrx_word' id='word_1_858' title='bbox 3521 5627 3649 5669; x_wconf 79' lang='lat' dir='ltr'><strong>con-</strong></span> 
     </span>
    </p>
   </div>
   <div class='ocr_carea' id='block_1_115' title="bbox 2078 5699 3649 5770">
    <p class='ocr_par' dir='ltr' id='par_1_115' title="bbox 2078 5699 3649 5770">
     <span class='ocr_line' id='line_1_115' title="bbox 2078 5699 3649 5770; baseline 0 -13"><span class='ocrx_word' id='word_1_859' title='bbox 2078 5703 2292 5768; x_wconf 75' lang='lat' dir='ltr'><strong>suevit;</strong></span> <span class='ocrx_word' id='word_1_860' title='bbox 2321 5717 2350 5755; x_wconf 90' lang='lat' dir='ltr'><strong>e</strong></span> <span class='ocrx_word' id='word_1_861' title='bbox 2379 5701 2582 5770; x_wconf 87' lang='lat' dir='ltr'><strong>quibus</strong></span> <span class='ocrx_word' id='word_1_862' title='bbox 2628 5700 2792 5764; x_wconf 72' lang='lat' dir='ltr'><strong>aries,</strong></span> <span class='ocrx_word' id='word_1_863' title='bbox 2841 5699 3072 5754; x_wconf 83' lang='lat' dir='ltr'><strong>rationis</strong></span> <span class='ocrx_word' id='word_1_864' title='bbox 3131 5700 3299 5770; x_wconf 77' lang='lat' dir='ltr'><strong>ﬁgura</strong></span> <span class='ocrx_word' id='word_1_865' title='bbox 3359 5709 3473 5767; x_wconf 87' lang='lat' dir='ltr'><strong>est;</strong></span> <span class='ocrx_word' id='word_1_866' title='bbox 3532 5715 3649 5762; x_wconf 85' lang='lat' dir='ltr'><strong>tan-</strong></span> 
     </span>
    </p>
   </div>
  </div>
