4154 6322
503 333 608 399 783

1627 339 1723 398 'S.
1764 339 2049 399 MAXIMI
2087 339 2592 403 CONFESSOBIS

3626 339 3742 404 784

502 467 617 515 rus,
645 449 749 506 ira!
766 449 872 505 fert
901 450 1192 523 imaginem
1215 466 1463 521 :wcapra,
1506 451 1720 522 signum
1752 450 2071 520 cupiditatis

2180 451 2226 505 δὲ
2256 452 2430 523 θυμοῦ
2486 455 2641 523 φέρει
2686 452 3019 523 σύμϐολονεό
3047 449 3245 520 ταῦρος
3272 468 3286 486 ο
3315 450 3415 519 τῆς
3438 448 3505 503 δὲ
3529 444 3740 505 17:100-

501 542 743 599 exsistit.
908 594 915 608 ,

570 633 662 698 48,
720 631 995 701 Terr-enus
1058 633 1271 689 scilicet
1332 635 1631 704 Scriptum
1704 634 2020 690 intellectus
2051 672 2068 697 ,

500 723 738 777 animam
759 721 990 791 imperio
1020 738 1218 793 regens
1264 724 1546 781 naturales
1585 724 2068 795 abjicitrationes;

501 812 833 869 naturalium
857 812 1034 869 abusu
1060 814 1386 870 facultatum
1406 830 1501 871 eas
1530 814 1779 870 abolens.

569 991 658 1046 49.
685 990 808 1045 Mox
830 1005 895 1046 ac
916 990 1114 1060 aliquis
1140 990 1590 1062 Scripturam,ex
1621 1007 1815 1048 sensus
1838 992 2069 1057 ratione,

501 1099 602 1154 pro
628 1098 695 1138 eo
724 1098 790 1138 ac
815 1083 1032 1153 corpori
1057 1095 1431 1154 comparatum
1455 1093 1560 1150 est,
1577 1100 1794 1141 sumere
1822 1083 2067 1151 desierit,

505 1192 613 1231 una
634 1178 801 1232 etiam
829 1176 898 1230 ad
933 1176 1188 1246 spiritum
1230 1185 1436 1241 mente,
1484 1186 1682 1231 natura
1706 1175 2068 1242 .intermedia,

511 1267 772 1334 recurrit,
797 1267 888 1321 illa
914 1267 1236 1337 spiritaliter
1262 1282 1456 1338 agens,
1506 1284 1629 1337 quae
1664 1267 1891 1324 Judaeus
1952 1283 2073 1338 per-

502 1358 715 1431 agendo
738 1358 953 1414 iraeDei
977 1359 1249 1414 obnoxius
1276 1360 1511 1415 exsistit.

571 1450 640 1506 50
664 1450 924 1516 Quaenam
950 1450 1022 1505 sit
1052 1450 1481 1506 Gabaonitarum
1504 1465 1720 1517 manus,
1763 1451 1855 1506 cui
1900 1450 2071 1506 David

500 1552 571 1598 ex
592 1541 773 1597 Saulis
791 1550 945 1596 ortos
978 1542 1236 1612 prosapia
1259 1542 1447 1597 tradit.

574 1629 663 1683 51.
716 1628 800 1684 Διὶ
843 1629 1015 1685 solem
1064 1629 1424 1700 suspendium
1485 1629 1766 1699 appellat,
1838 1630 2072 1685 manifeo

504 1718 820 1782 stationem,
862 1735 1026 1789 quam
1065 1735 1096 1775 a
1145 1718 1471 1774 sublimibus
1515 1727 1726 1775 naturae
1767 1721 2073 1778 rationibus

2173 545 2321 616 μίας,
2345 549 2377 617 ή
2408 547 2509 611 αἲξ
2531 547 2763 617 ὑπάρχει
2785 545 3038 614 δήλωσις.
3063 542 3070 550 ’

2243 644 2353 709 pa".
2399 638 2457 689 '0
2471 637 2653 707 χοῖκδς
2678 636 2836 707 δῆλον
2860 636 2942 689 ὅτι
2980 635 3104 699 νοῦς
3133 635 3233 703 τῆς
3256 633 3497 705 Γραφῆς,
3522 632 3740 704 κρατῶν

2168 728 2266 799 τῆς
2299 726 2477 798 ψυχῆς
2499 767 2515 793 ,
2540 728 2666 791 τοὺς
2724 727 2987 797 φυσικοὺς
3027 724 3396 779 ἀποὸάλλεται
3429 726 3639 792 λόγους,
3667 727 3737 796 τῇ

2171 821 2521 891 παραχρήσει
2566 819 2676 874 τῶν
2712 812 2861 874 κατᾶ
2900 819 3062 888 φύσιν
3092 817 3374 888 δυνάμεων
3425 818 3622 881 αὐτοὺς
3655 818 3740 884 ἰξ-

2164 912 2468 981 αφανίζων.

2244 1001 2352 1072 μθ¹.
2374 1002 2529 1073 Ἅμα
2557 1019 2661 1066 τις,
2692 1000 2847 1071 φησὶ,
2869 1000 3146 1070 παύσηται
3176 1000 3298 1052 κατ’
3319 998 3574 1068 αἴσθησιν
3603 995 3740 1066 πρὸς

2171 1093 2334 1164 σῶμα
2360 1095 2460 1163 τὴν
2477 1095 2703 1165 Γραφὴν
2725 1092 3096 1163 ἐκδεχόμενος,
3111 1090 3227 1161 ἅμα
3247 1092 3340 1145 καὶ
3370 1090 3505 1161 πρὸς
3524 1088 3738 1160 πνεῦμα

2169 1184 2313 1239 κατᾶ
2349 1183 2473 1237 νοῦν
2502 1184 2590 1237 διὰ
2629 1184 2801 1255 μέσης
2835 1183 3124 1255 ἀνατρέχει
3157 1183 3256 1253 τῆς
3287 1181 3521 1251 φύσεως.
3556 1182 3742 1235 ἐκεῖνα

2170 1275 2426 1345 πράττων
2474 1275 2861 1346 πνευματικῶς
2879 1316 2895 1340 ,
2930 1275 3072 1346 άπερ
3100 1276 3134 1329 ὁ
3188 1274 3441 1337 Ἰουδαῖος
3479 1272 3741 1327 ἐπιτελῶν

2173 1367 2285 1436 ἔχει
2309 1367 2400 1420 τὸν
2427 1365 2564 1421 Θεὸν
2586 1368 2966 1438 ὀργιζόμενον.

2241 1463 2307 1511 ν’.
2343 1457 2439 1521 Τίς
2466 1459 2616 1512 ἐστιν
2638 1458 2759 1529 χεὶρ
2777 1458 2887 1513 τῶν
2919 1457 3302 1525 Γαϐαωνιτῶν,
3339 1451 3743 1530 παραδίδωσι

2171 1548 2335 1603 Δασὶδ
2356 1549 2483 1613 τοὺς
2506 1550 2570 1602 ἐκ
2604 1550 2915 1621 σπέρματος
2954 1549 3144 1605 Σαούλ.

2240 1644 2343 1694 ναν.
2378 1639 2482 1693 Τδν
2513 1637 2842 1710 ἐξηλιασμδν
2879 1636 3018 1694 εἶναι
3062 1640 3243 1708 λέγει,
3271 1638 3374 1709 τὴν
3413 1637 3740 1708 φανέρωσιν,

2172 1733 2241 1803 ἢν
2269 1732 2500 1802 τὰπάθη
2530 1733 2850 1803 πάσχουσιν,
2886 1730 2992 1784 ὑπὸ
3021 1730 3129 1785 τῶν
3156 1729 3375 1800 ὕψηλῶν
3406 1729 3505 1798 τῆς
3530 1727 3744 1797 φύσεως

502 1807 738 1863 affectus
765 1808 1217 1879 patiuntur,dum
1236 1810 1345 1865 alta
1370 1810 1750 1880 speculatione
1778 1810 2078 1866 traducun-

2180 1824 2452 1895 λογισμῶν
2510 1824 2651 1878 κατὰ
2713 1823 2812 1894 τὴν
2870 1821 3082 1894 ὑψηλήν
3132 1822 3367 1893 θεωρίαν
3417 1819 3745 1891 θριαμϐευό-

507 1909 618 1956 tur.

574 1988 663 2044 52.
693 1987 1004 2059 Corporalis
1021 1988 1158 2060 legis
1185 1982 1456 2053 doctrina,
1482 1988 1553 2044 ob
1571 1987 1760 2045 oculos
1774 2004 1880 2059 per
1899 1989 2078 2059 poeni.-

505 2079 737 2135 tentiam
776 2079 1083 2150 corporalia
1129 2078 1268 2150 legis
1329 2094 1489 2134 sensa
1565 2089 1781 2135 mortua
1828 2079 2076 2146 habens,

504 2166 831 2224 Christianae
851 2168 1101 2224 assidens
1116 2168 1555 2235 doctrinm,velut
1578 2168 1806 2236 imbres,
1830 2170 2081 2227 caelestes

507 2260 752 2317 scientiae
780 2261 983 2341 recipit.
1006 2261 1426 2331 illustrationes.

578 2437 668 2491 55.
692 2436 900 2509 Nempe
930 2439 1133 2495 tritico.

576 2528 664 2581 54.
692 2527 832 2582 Vino
868 2527 1102 2584 scilicet.

578 2619 666 2673 55.
698 2618 971 2675 Nimirum
1006 2621 1151 2676 oleo.

576 2708 665 2764 56.
689 2709 957 2765 Triticum
975 2711 1172 2767 animae
1195 2712 1599 2769 firmamentum
1618 2713 1852 2777 vocavit,
1876 2714 2080 2782 quippe

506 2802 658 2871 quod
697 2802 929 2858 scientia
952 2803 1327 2875 sitspiritalis.
1348 2804 1547 2860 Vinum
1576 2821 1710 2860 vero
1758 2821 1855 2860 cor
1898 2805 2083 2860 laetiti-

510 2909 662 2959 cans,
691 2904 753 2948 ut
779 2895 927 2967 quod
959 2897 1165 2951 amoris
1208 2912 1335 2951 cum
1368 2897 1480 2953 Deo
1538 2898 1802 2953 unionem
1858 2897 2077 2953 efficiat.

508 2983 702 3040 Oleum
736 2998 921 3041 autem
957 2987 1155 3043 faciem
1204 2988 1438 3057 implens
1469 2988 1746 3043 hilaritate
1793 2988 1942 3057 quod
1992 2987 2081 3042 ni-

473 3092 477 3097 “
510 3077 716 3130 mirum
739 3077 1003 3148 spiritalis
1032 3077 1238 3148 gratiae,
1272 3078 1726 3147 tranquillissimo
1752 3085 1899 3132 statu
1925 3092 2079 3131 men-
2108 3132 2151 3190 Ο

512 3177 622 3222 tem
647 3168 975 3223 illustrantis
997 3168 1211 3241 insigne
1248 3170 1499 3225 exsistat.

584 3344 676 3399 57.
711 3345 955 3409 Amalec,
982 3346 1108 3417 gula
1128 3355 1234 3401 est.
1266 3347 1399 3419 Ejus
1433 3363 1546 3410 rex,
1584 3356 1837 3403 terrenus
1863 3362 2079 3403 sensus.

513 3435 773 3491 Armenta
810 3436 959 3492 illius
1008 3453 1327 3510 ac‘greges,
1402 3455 1525 3509 quae
1560 3440 1792 3495 affectus
1841 3441 2084 3510 vitiague

514 3525 671 3581 alunt
692 3527 957 3581 materiae.
980 3527 1142 3592 Vitis,
1198 3529 1367 3584 animi
1396 3545 1640 3601 praeceps
1669 3541 1871 3586 motus.
1905 3530 2082 3596 Oliva,

515 3618 851 3688 voluptatem
878 3620 1180 3676 incendens
1199 3621 1518 3691 cupiditatis
1539 3623 1695 3678 levor
1719 3638 1783 3678 ac
1803 3623 2082 3679 illecebra.

515 3709 642 3765 llaec
674 3711 823 3765 velut
845 3712 902 3766 in
926 3723 1124 3767 terram
1149 3724 1390 3769 sanctam
1424 3714 1650 3786 (cultus
1683 3716 1893 3771 scilicet
1961 3717 2088 3770 reli-

514 3800 945 3875 giosihabitum}
992 3804 1271 3870 transfert,
1305 3806 1400 3874 qui
1448 3806 1521 3870 ei,
1560 3807 1706 3876 quod
1727 3806 1864 3877 legis
1888 3822 2087 3876 corpo-

516 3909 673 3952 reum
702 3904 807 3957 est.
841 3895 1049 3953 assidet
1082 3913 1096 3950 :
1126 3912 1362 3967 quorum
1386 3900 1561 3969 gratia
1594 3902 1747 3959 velut
1772 3901 2086 3956 mercedem

514 3986 735 4058 accipit,
767 3988 863 4042 Dei
886 3988 956 4043 ab
976 4002 1045 4043 eo
1072 3988 1419 4045 aversionem
1442 3993 1483 4045 ί.

584 4165 673 4222 58.
728 4164 931 4221 Stultus
952 4175 1180 4222 vocatus
1222 4176 1327 4232 est,
1363 4169 1517 4224 velut
1563 4169 1786 4240 impius,
1821 4169 2088 4225 Judaieus

514 4257 774 4326 populus;
800 4259 1052 4329 insipiens
1074 4262 1303 4326 autem”,
1336 4269 1396 4316 ut
1428 4260 1960 4333 facinorosus,.quod
1982 4276 2086 4329 est,

512 4348 703 4419 impius
731 4358 781 4403 et
800 4362 1042 4420 peccator
1064 4350 1105 4406 ³.

583 4484 670 4539 59.
698 4484 851 4540 Gula:
872 4487 1010 4543 vitio
1032 4498 1405 4559 comparatum
1433 4497 1538 4554 est,
1578 4501 1639 4544 ut
1667 4489 1853 4544 div-ina
1906 4491 2085 4545 virtu-

512 4581 631 4628 tum
667 4575 917 4643 germina
942 4585 1137 4632 necet:
1175 4578 1352 4647 ipsum
1392 4594 1523 4634 vero
1573 4587 1688 4633 tum
1726 4579 1851 4634 fidei
1888 4578 2081 4649 gratia,

515 4675 630 4721 tum
663 4666 978 4723 divinorum
1006 4669 1294 4726 obsecutio
1324 4671 1709 4727 mandatorum
1754 4688 1853 4742 per
1901 4673 2083 4727 scien-

511 4756 604 4812 tia:
630 4772 944 4813 sermonem
967 4760 1193 4816 occidit.

580 4894 667 4949 60.
694 4895 980 4963 Quomodo
1002 4901 1210 4955 lumen.

580 4985 669 5041 6|.
696 4986 984 5053 Quomodo
1013 4993 1340 5061 prmparatio
1378 4994 1644 5051 Dominus
1690 5007 1815 5053 ante
1890 4998 2084 5054 faciem

508 5079 754 5133 omnium
788 5083 1140 5152 populorum.

579 5170 668 5225 62.
701 5172 987 5238 Quomodo
1013 5177 1279 5235 Dominus
1316 5180 1489 5252 gloria
1514 5181 1753 5237 lsraelis.

577 5262 664 5317 63.
720 5264 845 5319 Alio
907 5267 1135 5334 spiritali
1212 5285 1416 5335 sensu,
1476 5272 1701 5342 quinam
1753 5273 1977 5342 populi,
2031 5284 2085 5326 et

507 5369 757 5424 quaenam
832 5368 960 5414 ante
1045 5360 1240 5417 faciem
1333 5377 1529 5418 eorum
1597 5365 1928 5433 praeparatio
1991 5381 2089 5435 po-

511 5444 649 5511 puli.

576 5533 667 5589 64.
699 5534 832 5601 Quae
858 5554 1050 5595 rursus
1078 5553 1293 5611 gentes,
1313 5557 1453 5611 quas
1500 5543 1697 5599 Sermo
1718 5545 1949 5601 veniens
2001 5561 2087 5599 re-

502 5623 655 5680 velat
686 5642 782 5681 seu
808 5631 1149 5687 manifestat.

2117 4457 2164 4515 Π

2178 1933 2339 1988 μενα.

2245 2009 2347 2081 νβ’.
2397 2009 2466 2063 Ἥ
2496 2008 2633 2081 πρὸς
2674 2008 2833 2078 σῶμα
2865 2006 2960 2061 τοῦ
2994 2006 3160 2078 νόμου
3193 2006 3403 2078 διδαχὴ,
3442 2006 3598 2076 φησι,
3625 2007 3746 2059 κατ’

2176 2100 2489 2171 ὀφθαλμοὺς
2545 2100 2741 2170 ἔχουσα
2797 2097 2886 2153 διὰ
2936 2098 3224 2170 μετανοίας
3248 2097 3417 2169 νεκρὰ
3458 2099 3525 2151 τὰ
3563 2114 3746 2167 σωμα-

2174 2171 2303 2244 τικᾶ
2337 2188 2432 2243 τοῦ
2461 2189 2625 2259 νόμου
2666 2189 2946 2259 νοήματα,
2994 2186 3073 2257 τῷ
3129 2186 3273 2240 κατὰ
3327 2186 3560 2257 Χριστὸν
3604 2186 3747 2256 λόγῳ

2176 2278 2638 2352 παρακαθημένη,
2661 2279 2818 2350 δίκην
2855 2278 3028 2332 ὑετῶν
3050 2277 3177 2341 τοὺς
3218 2277 3505 2347 οὐρανίους
3531 2276 3746 2347 δέχεται

2179 2371 2276 2441 τῆς
2304 2371 2558 2440 γνώσεως
2577 2370 2909 2441 φωτισμοῦς.

2234 2469 2349 2529 ινγ’.
2378 2462 2516 2533 Σίτῳ
2538 2462 2697 2532 δῆλον
2724 2462 2834 2515 ὃτι.

2254 2553 2349 2607 νϐ’.
2372 2553 2525 2623 ροίνῳ
2551 2553 2709 2622 δῆλον
2727 2554 2832 2606 ὅτι.

2248 2650 2346 2698 νε’.
2393 2643 2590 2712 Ἑλαίῳ
2621 2642 2777 2713 δῆλον
2807 2644 2909 2699 δτι.

2218 2741 2358 2799 «νςη
2391 2732 2494 2788 Τὸν
2556 2735 2700 2787 σῖτον
2749 2733 2851 2805 ἔφη
2913 2734 3092 2805 ψυχῆς
3133 2731 3270 2788 εἶναι
3325 2736 3602 2806 στήριγμα
3626 2773 3640 2798 ,
3670 2736 3749 2797 ὡς

2180 2824 2382 2893 γνῶσιν
2407 2823 2538 2877 ὄντα
2567 2824 2942 2893 πνευματικήν
2964 2839 2979 2853 ⁸
3004 2823 3095 2877 τὸν
3127 2818 3268 2878 οἶνον
3294 2822 3371 2887 δὲ,
3404 2824 3632 2894 καρδίας
3660 2824 3749 2876 εὖ.

2181 2914 2479 2985 φραντικδν
2503 2954 2517 2979 ,
2548 2915 2625 2976 ὡς
2674 2914 2778 2983 τῆς
2823 2914 2957 2985 πρὸς
3006 2913 3139 2968 Θεὸν
3191 2915 3460 2986 ἐρωτικῆς
3506 2916 3749 2977 ἐνώσεως

2183 3003 2579 3073 ποιητικόνοώ
2602 3003 2660 3055 δὲ
2703 3003 2899 3069 ἔλαιον,
2937 3002 3228 3075 προσώπου
3268 3006 3750 3077 πληρωτικδνλίλα-

2187 3094 2409 3164 ρότητος
2444 3093 2700 3166 εἴρηκεν,
2731 3095 2807 3159 ῶς
2863 3097 2961 3166 τῆς
2994 3096 3435 3170 -λαμπρυνούσης
3489 3098 3579 3153 τὸν
3627 3096 3749 3150 νοῦν

2184 3187 2326 3239 κατὰ
2362 3185 2461 3256 τὴν
2491 3185 2759 3241 ἀπάθειαν
2806 3191 3183 3260 πνευματικῆς
3223 3187 3445 3259 χάριτος
3472 3204 3749 3260 χαρακτη-

2186 3276 2450 3347 ριστικόν.

2252 3368 2350 3431 νζ’.
2399 3367 2457 3421 '0
2508 3368 2756 3439 Ἀμαλήκ
2786 3369 3015 3441 ἐστινὴ
3046 3369 3505 3442 γαστριμαργία·
3552 3369 3750 3440 ταύτης

2185 3458 2302 3511 ἐστὶ
2335 3457 2607 3528 βασιλεὺς,
2627 3460 2689 3513 τὸ
2714 3461 2969 3530 φρόνημα
3001 3459 3062 3512 τὸ
3094 3461 3275 3530 χοῖκόν
3293 3474 3312 3490 ⁸
3343 3460 3535 3512 τούτου
3564 3458 3750 3527 βουκό-

2184 3550 2275 3603 λιά
2301 3551 2416 3603 ἐστι
2445 3550 2536 3604 καὶ
2556 3551 2800 3620 ποίμνια,
2841 3552 2898 3604 αἱ
2926 3550 3219 3621 θρεπτικαί.
3244 3550 3356 3603 τῶν
3383 3548 3573 3603 παθῶν
3598 3548 3745 3601 ὕλαι³

2185 3641 2430 3711 ἄμπελος
2482 3641 2578 3705 δὲ,
2626 3643 2661 3713 ή
2691 3642 2985 3712 ιπροπετὴς
3036 3640 3134 3695 τοῦ
3183 3640 3448 3711 λογισμοῦ
3500 3639 3747 3710 κῖνησιςο

2186 3733 2340 3786 ἐλαία
2367 3733 2446 3797 δὲ,
2479 3735 2513 3803 ή
2555 3732 2680 3785 καθ’
2718 3733 2911 3803 ἡδονὴν
2949 3731 3303 3803 ἐκπυρωτικὴ
3332 3731 3432 3800 τῆς
3461 3730 3752 3801 ἐπιθυμίας

2188 3826 2418 3894 λειότης,
2450 3826 2597 3896 άπερ
2630 3825 2929 3896 μεταφέρει
2954 3825 3028 3895 ᾡς
3073 3826 3155 3888 είς
3181 3824 3287 3894 γῆν
3311 3822 3497 3890 ἁγίαν,
3519 3822 3622 3891 τὴν
3643 3820 3752 3886 ἐξιν

2185 3917 2286 3987 τῆς
2333 3917 2665 3981 θεοσεϐείας,
2695 3918 2724 3969 ὀ
2773 3916 2852 3987 τῷ
2895 3915 3192 3986 σωματικῷ
3235 3914 3331 3968 τοῦ
3376 3916 3545 3984 νόμου
3577 3929 3754 3983 παρα-

2186 4009 2520 4079 καθήμενος·
2551 4008 2693 4078 ὐπέρ
2745 4000 2819 4060 ὧν
2866 4007 3119 4077 καθάπερ
3168 4006 3361 4077 μισθὸν
3391 4005 3609 4076 δέχεται
3656 4003 3755 4074 τὴν

2188 4101 2341 4155 θείαν
2370 4103 2740 4172 ἀποστροφήν.

2257 4200 2358 4264 vr".
2400 4192 2609 4261 Μωρός
2658 4192 2733 4257 ὡς
2784 4191 2946 4256 ἄθεος
3003 4190 3207 4261 ἐκλήθη
3259 4192 3288 4244 ὁ
3335 4188 3445 4242 τῶν
3491 4186 3756 4241 Ἰουδαίων

2187 4284 2314 4348 λαός
2346 4300 2360 4314 ·
2390 4285 2685 4350 ἀσύνετος
2710 4284 2903 4348 δὲ,“ὼς
2950 4283 3374 4354 κακοπράττων,
3423 4280 3562 4350 ὅπερ
3616 4277 3756 4330 ἐστὶν

2188 4374 2416 4442 ἀσεϐὴς
2444 4374 2540 4428 καί
2572 4374 2937 4445 ἁμαρτωλός.
3038 4425 3044 4429 .

2258 4467 2356 4521 νθ’.
2392 4466 2466 4519 Τὸ
2495 4465 2600 4536 τῆς
2640 4468 3086 4538 γαστριμαργίας
3119 4466 3309 4530 πάθος,
3346 4467 3507 4536 φησὶ,
3538 4464 3607 4518 τὰ
3642 4463 3754 4517 θεῖα

2189 4559 2298 4613 τῶν
2319 4558 2529 4631 ἀρετῶν
2551 4558 2870 4613 ἀποκτένειν
2911 4561 3229 4630 γεννήματα
3261 4558 3473 4628 πέφυκε
3494 4574 3509 4589 ·
3530 4558 3662 4611 αὐτὸ
3683 4557 3756 4621 δὲ,

2188 4650 2223 4721 ἦ
2249 4667 2307 4704 τε
2336 4651 2497 4722 χάρις
2527 4651 2626 4721 τῆς
2680 4650 2918 4714 πίστεως
2943 4691 2958 4715 ,
3012 4651 3106 4704 καὶ
3138 4653 3171 4721 ἡ
3216 4650 3430 4721 ὑπακοὴ
3459 4649 3567 4702 τῶν
3602 4648 3758 4702 θείων

2188 4742 2441 4805 ἐντολῶν,
2480 4740 2569 4795 διὰ
2612 4741 2706 4795 τοῦ
2751 4742 2896 4798 κατὰ
2949 4743 3049 4815 τὴν
3094 4741 3297 4810 γνῶσιν
3345 4740 3629 4794 ἀποκτένει
3671 4738 3758 4791 λό-

2196 4851 2312 4902 γου.
3158 4836 3165 4840 ’

2266 4926 2330 4993 ξ’.
2368 4927 2491 4990 Πῶς
2528 4927 2643 4980 ἐστι
2669 4926 2807 4995 φῶς.

2266 5015 2368 5079 ξα’.
2397 5017 2520 5081 Πῶς
2552 5019 2698 5070 ἐστιν
2730 5017 3016 5087 ἐτοιμασία
3050 5015 3191 5070 κατὰ
3230 5015 3521 5087 πρόσωπον
3544 5012 3762 5067 πάντων

2201 5107 2301 5160 τῶν
2322 5108 2467 5162 λαῶν
2490 5111 2517 5162 ό
2540 5108 2761 5181 Κύριος.

2264 5199 2362 5268 ξβν.
2393 5201 2517 5264 Πῶς
2546 5202 2663 5253 ἐστι
2706 5201 2803 5254 καὶ
2840 5199 2968 5265 δόξα
2993 5199 3088 5253 τοῦ
3127 5198 3344 5270 Ἰσραὴλ
3373 5198 3401 5250 ὁ
3429 5196 3654 5268 Κύριος.

2265 5289 2362 5359 gf.
2396 5291 2533 5344 κατ’
2562 5290 2727 5361 ἀλλην
2757 5290 3012 5362 θεωρίαν,
3039 5290 3180 5353 τίνες
3209 5293 3258 5343 οί
3295 5289 3433 5352 λαοὶ,
3469 5289 3564 5343 καὶ
3607 5287 3691 5352 τίς
3732 5288 3767 5359 ή

2190 5382 2331 5434 κατὰ
2356 5382 2647 5452 πρόσωπον
2675 5382 2855 5435 αὐτῶν
2885 5384 3170 5453 ἐτοιμασία
3197 5382 3291 5436 τοῦ
3320 5381 3472 5435 λαοῦ.

2263 5551 2352 5617 ξδ’.
2393 5554 2525 5608 Τίνα
2569 5556 2731 5610 πάλιν
2760 5556 2827 5612 τὰ
2873 5556 2998 5629 ἔθνη
3036 5559 3416 5629 τυγχάνουσιν,
3446 5557 3586 5627 ειπερ
3622 5556 3763 5607 ἁπο-

2187 5644 2451 5699 καλύπτει
2483 5650 2915 5721 παραγινόμενος
2939 5651 2967 5704 ό
2994 5652 3182 5719 Λόγος.

581 5744 597 5781 ⁸
626 5745 787 5801 Deut.
832 5764 975 5814 xxxx,
1006 5752 1093 5806 l8.
1173 5755 1194 5784 ²
1226 5753 1362 5809 Deut
1411 5772 1576 5824 χχχιι,
1605 5758 1658 5813 6.
1735 5760 1756 5791 ³
1793 5760 1812 5814 1
1842 5760 1989 5815 Pelr.
2021 5778 2092 5831 iv,
2125 5763 2210 5817 18.
