  <div class='ocr_page' id='page_1' title='image "/cluster/home/n/w/nwhite01/storage/ocr_20150623/90/mdp.39015022223161/398.png"; bbox 0 0 4126 6316; ppageno 0'>
   <div class='ocr_carea' id='block_1_1' title="bbox 320 407 432 471">
    <p class='ocr_par' dir='ltr' id='par_1_1' title="bbox 320 407 432 471">
     <span class='ocr_line' id='line_1_1' title="bbox 320 407 432 471; baseline 0.009 -1"><span class='ocrx_word' id='word_1_1' title='bbox 320 407 432 471; x_wconf 81' lang='lat'><strong>785</strong></span> 
     </span>
    </p>
   </div>
   <div class='ocr_carea' id='block_1_2' title="bbox 1505 399 2425 474">
    <p class='ocr_par' dir='ltr' id='par_1_2' title="bbox 1505 399 2425 474">
     <span class='ocr_line' id='line_1_2' title="bbox 1505 399 2425 474; baseline -0.003 -10"><span class='ocrx_word' id='word_1_2' title='bbox 1505 401 1997 474; x_wconf 59' lang='lat' dir='ltr'><strong>QUESTIONES</strong></span> <span class='ocrx_word' id='word_1_3' title='bbox 2034 403 2130 462; x_wconf 86' lang='lat' dir='ltr'><strong>ET</strong></span> <span class='ocrx_word' id='word_1_4' title='bbox 2169 399 2425 462; x_wconf 68' lang='lat' dir='ltr'><strong>DUBIA.</strong></span> 
     </span>
    </p>
   </div>
   <div class='ocr_carea' id='block_1_3' title="bbox 3490 398 3596 464">
    <p class='ocr_par' dir='ltr' id='par_1_3' title="bbox 3490 398 3596 464">
     <span class='ocr_line' id='line_1_3' title="bbox 3490 398 3596 464; baseline 0 0"><span class='ocrx_word' id='word_1_5' title='bbox 3490 398 3596 464; x_wconf 76' lang='lat'><strong>786</strong></span> 
     </span>
    </p>
   </div>
   <div class='ocr_carea' id='block_1_4' title="bbox 399 491 1973 592">
    <p class='ocr_par' dir='ltr' id='par_1_4' title="bbox 399 491 1973 592">
     <span class='ocr_line' id='line_1_4' title="bbox 399 491 1973 592; baseline -0.001 -22"><span class='ocrx_word' id='word_1_6' title='bbox 399 519 493 583; x_wconf 53' lang='lat' dir='ltr'><strong>es.</strong></span> <span class='ocrx_word' id='word_1_7' title='bbox 531 513 656 580; x_wconf 86' lang='grc' dir='ltr'><strong>Πῶς</strong></span> <span class='ocrx_word' id='word_1_8' title='bbox 711 515 869 581; x_wconf 79' lang='grc' dir='ltr'><strong>Δόξα</strong></span> <span class='ocrx_word' id='word_1_9' title='bbox 927 515 1147 585; x_wconf 80' lang='grc' dir='ltr'>λέγεται</span> <span class='ocrx_word' id='word_1_10' title='bbox 1203 515 1368 570; x_wconf 81' lang='grc' dir='ltr'>πάλιν</span> <span class='ocrx_word' id='word_1_11' title='bbox 1427 517 1533 592; x_wconf 72' lang='grc' dir='ltr'>τοῦ</span> <span class='ocrx_word' id='word_1_12' title='bbox 1591 491 1849 585; x_wconf 66' lang='grc' dir='ltr'><strong>Ἰσραὴλ</strong></span> <span class='ocrx_word' id='word_1_13' title='bbox 1880 517 1908 569; x_wconf 70' lang='grc' dir='ltr'>δ</span> <span class='ocrx_word' id='word_1_14' title='bbox 1939 522 1973 576; x_wconf 73' lang='grc' dir='ltr'>Α</span> 
     </span>
    </p>
   </div>
   <div class='ocr_carea' id='block_1_5' title="bbox 2033 491 3600 592">
    <p class='ocr_par' dir='ltr' id='par_1_5' title="bbox 2085 513 3600 582">
     <span class='ocr_line' id='line_1_5' title="bbox 2085 513 3600 582; baseline -0.002 -11"><span class='ocrx_word' id='word_1_15' title='bbox 2085 516 2173 571; x_wconf 83' lang='grc'><strong>65.</strong></span> <span class='ocrx_word' id='word_1_16' title='bbox 2201 515 2492 582; x_wconf 84' lang='lat' dir='ltr'><strong>Quomodo</strong></span> <span class='ocrx_word' id='word_1_17' title='bbox 2539 531 2732 571; x_wconf 88' lang='lat' dir='ltr'><strong>rursus</strong></span> <span class='ocrx_word' id='word_1_18' title='bbox 2787 515 2981 572; x_wconf 89' lang='lat' dir='ltr'><strong>Sermo</strong></span> <span class='ocrx_word' id='word_1_19' title='bbox 3036 515 3253 570; x_wconf 76' lang='lat' dir='ltr'><strong>dicatur</strong></span> <span class='ocrx_word' id='word_1_20' title='bbox 3287 513 3468 572; x_wconf 77' lang='lat' dir='ltr'><strong>Gloria</strong></span> <span class='ocrx_word' id='word_1_21' title='bbox 3518 514 3600 570; x_wconf 72' lang='lat' dir='ltr'><strong>Is-</strong></span> 
     </span>
    </p>
   </div>
   <div class='ocr_carea' id='block_1_6' title="bbox 327 612 528 678">
    <p class='ocr_par' dir='ltr' id='par_1_6' title="bbox 327 612 528 678">
     <span class='ocr_line' id='line_1_6' title="bbox 327 612 528 678; baseline -0.02 -11"><span class='ocrx_word' id='word_1_22' title='bbox 327 612 528 678; x_wconf 76' lang='grc' dir='ltr'><strong>Λόγος.</strong></span> 
     </span>
    </p>
   </div>
   <div class='ocr_carea' id='block_1_7' title="bbox 399 699 1914 771">
    <p class='ocr_par' dir='ltr' id='par_1_7' title="bbox 399 699 1914 771">
     <span class='ocr_line' id='line_1_7' title="bbox 399 699 1914 771; baseline -0.01 -14"><span class='ocrx_word' id='word_1_23' title='bbox 399 704 510 768; x_wconf 81' lang='grc' dir='ltr'>ξς¹.</span> <span class='ocrx_word' id='word_1_24' title='bbox 543 700 719 770; x_wconf 71' lang='grc' dir='ltr'>Ἅμα,</span> <span class='ocrx_word' id='word_1_25' title='bbox 743 700 931 771; x_wconf 74' lang='grc' dir='ltr'>φησὶν,</span> <span class='ocrx_word' id='word_1_26' title='bbox 961 700 1276 755; x_wconf 78' lang='grc' dir='ltr'>ἀποκτείνει</span> <span class='ocrx_word' id='word_1_27' title='bbox 1310 717 1398 764; x_wconf 82' lang='grc' dir='ltr'><strong>τις</strong></span> <span class='ocrx_word' id='word_1_28' title='bbox 1425 699 1515 753; x_wconf 79' lang='grc' dir='ltr'><strong>τὸν</strong></span> <span class='ocrx_word' id='word_1_29' title='bbox 1545 703 1602 753; x_wconf 82' lang='grc' dir='ltr'>ὲν</span> <span class='ocrx_word' id='word_1_30' title='bbox 1626 700 1704 770; x_wconf 84' lang='grc' dir='ltr'>τῷ</span> <span class='ocrx_word' id='word_1_31' title='bbox 1733 699 1914 771; x_wconf 85' lang='grc' dir='ltr'>γράμ.</span> 
     </span>
    </p>
   </div>
   <div class='ocr_carea' id='block_1_8' title="bbox 327 791 1917 864">
    <p class='ocr_par' dir='ltr' id='par_1_8' title="bbox 327 791 1917 864">
     <span class='ocr_line' id='line_1_8' title="bbox 327 791 1917 864; baseline -0.001 -19"><span class='ocrx_word' id='word_1_32' title='bbox 327 810 464 862; x_wconf 87' lang='grc' dir='ltr'>ματι</span> <span class='ocrx_word' id='word_1_33' title='bbox 508 791 603 845; x_wconf 80' lang='grc' dir='ltr'>τοῦ</span> <span class='ocrx_word' id='word_1_34' title='bbox 640 792 806 861; x_wconf 83' lang='grc' dir='ltr'>νόμου</span> <span class='ocrx_word' id='word_1_35' title='bbox 853 793 1164 863; x_wconf 80' lang='grc' dir='ltr'>σωματικὸν</span> <span class='ocrx_word' id='word_1_36' title='bbox 1194 792 1340 858; x_wconf 80' lang='grc' dir='ltr'>νοῦν,</span> <span class='ocrx_word' id='word_1_37' title='bbox 1380 792 1732 864; x_wconf 79' lang='grc' dir='ltr'><strong>βασιλεύοντα</strong></span> <span class='ocrx_word' id='word_1_38' title='bbox 1766 791 1917 862; x_wconf 86' lang='grc' dir='ltr'>δέχε-</span> 
     </span>
    </p>
   </div>
   <div class='ocr_carea' id='block_1_9' title="bbox 323 883 1248 956">
    <p class='ocr_par' dir='ltr' id='par_1_9' title="bbox 323 883 1248 956">
     <span class='ocr_line' id='line_1_9' title="bbox 323 883 1248 956; baseline 0.002 -19"><span class='ocrx_word' id='word_1_39' title='bbox 323 903 419 938; x_wconf 85' lang='grc' dir='ltr'><strong>ται</strong></span> <span class='ocrx_word' id='word_1_40' title='bbox 459 885 552 938; x_wconf 77' lang='grc' dir='ltr'><strong>τὸν</strong></span> <span class='ocrx_word' id='word_1_41' title='bbox 583 885 642 938; x_wconf 77' lang='grc' dir='ltr'>ἐν</span> <span class='ocrx_word' id='word_1_42' title='bbox 664 883 741 955; x_wconf 83' lang='grc' dir='ltr'>τῷ</span> <span class='ocrx_word' id='word_1_43' title='bbox 769 885 1044 956; x_wconf 85' lang='grc' dir='ltr'>πνεύματι</span> <span class='ocrx_word' id='word_1_44' title='bbox 1069 885 1248 953; x_wconf 82' lang='grc' dir='ltr'>λόγον.</span> 
     </span>
    </p>
   </div>
   <div class='ocr_carea' id='block_1_10' title="bbox 402 976 1914 1048">
    <p class='ocr_par' dir='ltr' id='par_1_10' title="bbox 402 976 1914 1048">
     <span class='ocr_line' id='line_1_10' title="bbox 402 976 1914 1048; baseline -0.003 -15"><span class='ocrx_word' id='word_1_45' title='bbox 402 977 502 1043; x_wconf 66' lang='grc' dir='ltr'>ξς.</span> <span class='ocrx_word' id='word_1_46' title='bbox 535 978 640 1030; x_wconf 88' lang='grc' dir='ltr'>Τὸν</span> <span class='ocrx_word' id='word_1_47' title='bbox 674 977 838 1030; x_wconf 73' lang='grc' dir='ltr'>Δαϐιδ</span> <span class='ocrx_word' id='word_1_48' title='bbox 867 976 1027 1030; x_wconf 75' lang='grc' dir='ltr'>ἔλαϐε</span> <span class='ocrx_word' id='word_1_49' title='bbox 1075 977 1174 1032; x_wconf 80' lang='grc' dir='ltr'>καὶ</span> <span class='ocrx_word' id='word_1_50' title='bbox 1209 979 1292 1041; x_wconf 82' lang='grc' dir='ltr'><strong>είς</strong></span> <span class='ocrx_word' id='word_1_51' title='bbox 1323 977 1417 1031; x_wconf 72' lang='grc' dir='ltr'><strong>τὸν</strong></span> <span class='ocrx_word' id='word_1_52' title='bbox 1448 976 1678 1048; x_wconf 80' lang='grc' dir='ltr'><strong>Κύριον,</strong></span> <span class='ocrx_word' id='word_1_53' title='bbox 1707 976 1802 1030; x_wconf 75' lang='grc' dir='ltr'><strong>καὶ</strong></span> <span class='ocrx_word' id='word_1_54' title='bbox 1837 977 1914 1039; x_wconf 84' lang='grc' dir='ltr'><strong>είς</strong></span> 
     </span>
    </p>
   </div>
   <div class='ocr_carea' id='block_1_11' title="bbox 327 1070 1920 1142">
    <p class='ocr_par' dir='ltr' id='par_1_11' title="bbox 327 1070 1920 1142">
     <span class='ocr_line' id='line_1_11' title="bbox 327 1070 1920 1142; baseline -0.001 -18"><span class='ocrx_word' id='word_1_55' title='bbox 327 1075 391 1125; x_wconf 76' lang='grc' dir='ltr'>τὸ</span> <span class='ocrx_word' id='word_1_56' title='bbox 419 1073 771 1142; x_wconf 80' lang='grc' dir='ltr'>Εὐαγγέλιον,</span> <span class='ocrx_word' id='word_1_57' title='bbox 809 1071 907 1125; x_wconf 80' lang='grc' dir='ltr'><strong>καὶ</strong></span> <span class='ocrx_word' id='word_1_58' title='bbox 944 1073 1025 1136; x_wconf 87' lang='grc' dir='ltr'><strong>είς</strong></span> <span class='ocrx_word' id='word_1_59' title='bbox 1058 1071 1168 1126; x_wconf 67' lang='grc' dir='ltr'>τδνρ</span> <span class='ocrx_word' id='word_1_60' title='bbox 1193 1071 1560 1141; x_wconf 76' lang='grc' dir='ltr'>πνευματικὸν</span> <span class='ocrx_word' id='word_1_61' title='bbox 1601 1070 1796 1138; x_wconf 80' lang='grc' dir='ltr'>νόμον·</span> <span class='ocrx_word' id='word_1_62' title='bbox 1826 1070 1920 1122; x_wconf 77' lang='grc' dir='ltr'>καὶ</span> 
     </span>
    </p>
   </div>
   <div class='ocr_carea' id='block_1_12' title="bbox 329 1162 1920 1237">
    <p class='ocr_par' dir='ltr' id='par_1_12' title="bbox 329 1162 1920 1237">
     <span class='ocr_line' id='line_1_12' title="bbox 329 1162 1920 1237; baseline -0.001 -19"><span class='ocrx_word' id='word_1_63' title='bbox 329 1169 413 1229; x_wconf 77' lang='grc' dir='ltr'>εἰς</span> <span class='ocrx_word' id='word_1_64' title='bbox 447 1166 545 1237; x_wconf 77' lang='grc' dir='ltr'>τὴν</span> <span class='ocrx_word' id='word_1_65' title='bbox 574 1165 800 1234; x_wconf 86' lang='grc' dir='ltr'>γνῶσιν,</span> <span class='ocrx_word' id='word_1_66' title='bbox 837 1165 932 1218; x_wconf 67' lang='grc' dir='ltr'><strong>καὶ</strong></span> <span class='ocrx_word' id='word_1_67' title='bbox 985 1165 1066 1228; x_wconf 86' lang='grc' dir='ltr'><strong>είς</strong></span> <span class='ocrx_word' id='word_1_68' title='bbox 1111 1164 1211 1235; x_wconf 80' lang='grc' dir='ltr'>τὴν</span> <span class='ocrx_word' id='word_1_69' title='bbox 1263 1163 1518 1235; x_wconf 85' lang='grc' dir='ltr'>θεωρίαν,</span> <span class='ocrx_word' id='word_1_70' title='bbox 1559 1164 1654 1215; x_wconf 79' lang='grc' dir='ltr'>καὶ</span> <span class='ocrx_word' id='word_1_71' title='bbox 1705 1163 1786 1226; x_wconf 86' lang='grc' dir='ltr'>εἰς</span> <span class='ocrx_word' id='word_1_72' title='bbox 1820 1162 1920 1231; x_wconf 83' lang='grc' dir='ltr'>τὴν</span> 
     </span>
    </p>
   </div>
   <div class='ocr_carea' id='block_1_13' title="bbox 329 1252 1921 1327">
    <p class='ocr_par' dir='ltr' id='par_1_13' title="bbox 329 1252 1921 1327">
     <span class='ocr_line' id='line_1_13' title="bbox 329 1252 1921 1327; baseline -0.004 -17"><span class='ocrx_word' id='word_1_73' title='bbox 329 1258 641 1327; x_wconf 67' lang='grc' dir='ltr'>ὶεγομένην</span> <span class='ocrx_word' id='word_1_74' title='bbox 669 1255 892 1326; x_wconf 80' lang='grc' dir='ltr'>πρᾶξιν,</span> <span class='ocrx_word' id='word_1_75' title='bbox 929 1255 1026 1308; x_wconf 81' lang='grc' dir='ltr'><strong>καὶ</strong></span> <span class='ocrx_word' id='word_1_76' title='bbox 1055 1256 1148 1318; x_wconf 84' lang='grc' dir='ltr'>είς.</span> <span class='ocrx_word' id='word_1_77' title='bbox 1182 1253 1274 1308; x_wconf 77' lang='grc' dir='ltr'><strong>τὸν</strong></span> <span class='ocrx_word' id='word_1_78' title='bbox 1311 1255 1430 1308; x_wconf 83' lang='grc' dir='ltr'>νέον</span> <span class='ocrx_word' id='word_1_79' title='bbox 1461 1253 1614 1306; x_wconf 76' lang='grc' dir='ltr'>λαόνο</span> <span class='ocrx_word' id='word_1_80' title='bbox 1650 1254 1743 1306; x_wconf 71' lang='grc' dir='ltr'><strong>καὶ</strong></span> <span class='ocrx_word' id='word_1_81' title='bbox 1779 1252 1921 1306; x_wconf 81' lang='grc' dir='ltr'><strong>κατά</strong></span> 
     </span>
    </p>
   </div>
   <div class='ocr_carea' id='block_1_14' title="bbox 331 1343 1922 1417">
    <p class='ocr_par' dir='ltr' id='par_1_14' title="bbox 331 1343 1922 1417">
     <span class='ocr_line' id='line_1_14' title="bbox 331 1343 1922 1417; baseline -0.003 -17"><span class='ocrx_word' id='word_1_82' title='bbox 331 1348 572 1411; x_wconf 78' lang='grc' dir='ltr'>πολλοὺς</span> <span class='ocrx_word' id='word_1_83' title='bbox 616 1347 849 1417; x_wconf 79' lang='grc' dir='ltr'><strong>Θεωρίας</strong></span> <span class='ocrx_word' id='word_1_84' title='bbox 903 1346 1163 1416; x_wconf 82' lang='grc' dir='ltr'>τρόπους,</span> <span class='ocrx_word' id='word_1_85' title='bbox 1209 1345 1538 1416; x_wconf 73' lang='grc' dir='ltr'>προσφόρως</span> <span class='ocrx_word' id='word_1_86' title='bbox 1572 1347 1684 1407; x_wconf 84' lang='grc' dir='ltr'>τοῖς</span> <span class='ocrx_word' id='word_1_87' title='bbox 1735 1343 1922 1406; x_wconf 82' lang='grc' dir='ltr'>τόποις</span> 
     </span>
    </p>
   </div>
   <div class='ocr_carea' id='block_1_15' title="bbox 332 1436 1499 1509">
    <p class='ocr_par' dir='ltr' id='par_1_15' title="bbox 332 1436 1499 1509">
     <span class='ocr_line' id='line_1_15' title="bbox 332 1436 1499 1509; baseline -0.001 -18"><span class='ocrx_word' id='word_1_88' title='bbox 332 1440 476 1508; x_wconf 71' lang='grc' dir='ltr'>πρὸς</span> <span class='ocrx_word' id='word_1_89' title='bbox 513 1439 610 1509; x_wconf 84' lang='grc' dir='ltr'>τὴν</span> <span class='ocrx_word' id='word_1_90' title='bbox 642 1436 1016 1508; x_wconf 74' lang='grc' dir='ltr'>ὑποκειμένην</span> <span class='ocrx_word' id='word_1_91' title='bbox 1042 1437 1254 1507; x_wconf 77' lang='grc' dir='ltr'>ἥρμοσε</span> <span class='ocrx_word' id='word_1_92' title='bbox 1287 1438 1499 1508; x_wconf 82' lang='grc' dir='ltr'>χρείαν.</span> 
     </span>
    </p>
   </div>
   <div class='ocr_carea' id='block_1_16' title="bbox 411 1528 1926 1600">
    <p class='ocr_par' dir='ltr' id='par_1_16' title="bbox 411 1528 1926 1600">
     <span class='ocr_line' id='line_1_16' title="bbox 411 1528 1926 1600; baseline -0.003 -15"><span class='ocrx_word' id='word_1_93' title='bbox 411 1529 514 1600; x_wconf 80' lang='grc' dir='ltr'>ξη’.</span> <span class='ocrx_word' id='word_1_94' title='bbox 559 1531 618 1584; x_wconf 90' lang='lat'><strong>&#39;0</strong></span> <span class='ocrx_word' id='word_1_95' title='bbox 636 1529 762 1594; x_wconf 84' lang='grc' dir='ltr'>τοὺς</span> <span class='ocrx_word' id='word_1_96' title='bbox 786 1529 990 1592; x_wconf 84' lang='grc' dir='ltr'><strong>τύπους</strong></span> <span class='ocrx_word' id='word_1_97' title='bbox 1024 1529 1159 1589; x_wconf 79' lang='grc' dir='ltr'>ἀλλά</span> <span class='ocrx_word' id='word_1_98' title='bbox 1187 1528 1262 1600; x_wconf 85' lang='grc' dir='ltr'>μὴ</span> <span class='ocrx_word' id='word_1_99' title='bbox 1287 1529 1352 1582; x_wconf 82' lang='grc' dir='ltr'>τὰ</span> <span class='ocrx_word' id='word_1_100' title='bbox 1379 1529 1663 1600; x_wconf 81' lang='grc' dir='ltr'><strong>ἀρχέτυπα</strong></span> <span class='ocrx_word' id='word_1_101' title='bbox 1684 1529 1795 1582; x_wconf 82' lang='grc' dir='ltr'><strong>τῶν</strong></span> <span class='ocrx_word' id='word_1_102' title='bbox 1825 1547 1926 1598; x_wconf 84' lang='grc' dir='ltr'>μυ-</span> 
     </span>
    </p>
   </div>
   <div class='ocr_carea' id='block_1_17' title="bbox 337 1613 1927 1692">
    <p class='ocr_par' dir='ltr' id='par_1_17' title="bbox 337 1613 1927 1692">
     <span class='ocr_line' id='line_1_17' title="bbox 337 1613 1927 1692; baseline 0 -18"><span class='ocrx_word' id='word_1_103' title='bbox 337 1621 584 1690; x_wconf 81' lang='grc' dir='ltr'>στηρίων</span> <span class='ocrx_word' id='word_1_104' title='bbox 617 1619 777 1690; x_wconf 78' lang='grc' dir='ltr'>ἔχων,</span> <span class='ocrx_word' id='word_1_105' title='bbox 811 1613 906 1674; x_wconf 80' lang='grc' dir='ltr'><strong>καὶ</strong></span> <span class='ocrx_word' id='word_1_106' title='bbox 933 1619 1038 1690; x_wconf 81' lang='grc' dir='ltr'>τὴν</span> <span class='ocrx_word' id='word_1_107' title='bbox 1069 1619 1361 1692; x_wconf 72' lang='grc' dir='ltr'>ἐρώτησιν,</span> <span class='ocrx_word' id='word_1_108' title='bbox 1390 1620 1527 1674; x_wconf 85' lang='grc' dir='ltr'><strong>ἀλλά</strong></span> <span class='ocrx_word' id='word_1_109' title='bbox 1553 1620 1627 1691; x_wconf 86' lang='grc' dir='ltr'>μὴ</span> <span class='ocrx_word' id='word_1_110' title='bbox 1656 1620 1754 1690; x_wconf 80' lang='grc' dir='ltr'>τὴν</span> <span class='ocrx_word' id='word_1_111' title='bbox 1786 1620 1927 1688; x_wconf 83' lang='grc' dir='ltr'><strong>γνῶ-</strong></span> 
     </span>
    </p>
   </div>
   <div class='ocr_carea' id='block_1_18' title="bbox 337 1709 1928 1780">
    <p class='ocr_par' dir='ltr' id='par_1_18' title="bbox 337 1709 1928 1780">
     <span class='ocr_line' id='line_1_18' title="bbox 337 1709 1928 1780; baseline 0.001 -18"><span class='ocrx_word' id='word_1_112' title='bbox 337 1727 424 1762; x_wconf 79' lang='grc' dir='ltr'><strong>σιν</strong></span> <span class='ocrx_word' id='word_1_113' title='bbox 455 1709 563 1763; x_wconf 84' lang='grc' dir='ltr'><strong>τῶν</strong></span> <span class='ocrx_word' id='word_1_114' title='bbox 599 1711 656 1762; x_wconf 79' lang='grc' dir='ltr'>ὲν</span> <span class='ocrx_word' id='word_1_115' title='bbox 695 1709 967 1780; x_wconf 83' lang='grc' dir='ltr'>πνεύματι</span> <span class='ocrx_word' id='word_1_116' title='bbox 1003 1709 1321 1780; x_wconf 84' lang='grc' dir='ltr'>φωτισμῶν,</span> <span class='ocrx_word' id='word_1_117' title='bbox 1353 1709 1592 1780; x_wconf 72' lang='grc' dir='ltr'>εἰληφὼς</span> <span class='ocrx_word' id='word_1_118' title='bbox 1613 1711 1844 1774; x_wconf 83' lang='grc' dir='ltr'>δάνειον,</span> <span class='ocrx_word' id='word_1_119' title='bbox 1865 1710 1928 1764; x_wconf 81' lang='grc' dir='ltr'><strong>τὸ</strong></span> 
     </span>
    </p>
   </div>
   <div class='ocr_carea' id='block_1_19' title="bbox 332 1799 1926 1873">
    <p class='ocr_par' dir='ltr' id='par_1_19' title="bbox 332 1799 1926 1873">
     <span class='ocr_line' id='line_1_19' title="bbox 332 1799 1926 1873; baseline 0.002 -22"><span class='ocrx_word' id='word_1_120' title='bbox 332 1799 774 1871; x_wconf 64' lang='grc' dir='ltr'>ὁμολογούμενον</span> <span class='ocrx_word' id='word_1_121' title='bbox 816 1802 928 1862; x_wconf 85' lang='grc' dir='ltr'>τοῖς</span> <span class='ocrx_word' id='word_1_122' title='bbox 964 1800 1386 1873; x_wconf 82' lang='grc' dir='ltr'>προειρημένοις</span> <span class='ocrx_word' id='word_1_123' title='bbox 1406 1842 1420 1863; x_wconf 91' lang='grc'><strong>,</strong></span> <span class='ocrx_word' id='word_1_124' title='bbox 1446 1802 1544 1872; x_wconf 80' lang='grc' dir='ltr'><strong>τὴν</strong></span> <span class='ocrx_word' id='word_1_125' title='bbox 1577 1803 1694 1854; x_wconf 86' lang='grc' dir='ltr'>κατ’</span> <span class='ocrx_word' id='word_1_126' title='bbox 1735 1801 1926 1871; x_wconf 78' lang='grc' dir='ltr'>αἴσθη-</span> 
     </span>
    </p>
   </div>
   <div class='ocr_carea' id='block_1_20' title="bbox 334 1891 1924 1965">
    <p class='ocr_par' dir='ltr' id='par_1_20' title="bbox 334 1891 1924 1965">
     <span class='ocr_line' id='line_1_20' title="bbox 334 1891 1924 1965; baseline 0.002 -21"><span class='ocrx_word' id='word_1_127' title='bbox 334 1910 427 1946; x_wconf 76' lang='grc' dir='ltr'><strong>σιν</strong></span> <span class='ocrx_word' id='word_1_128' title='bbox 459 1894 516 1946; x_wconf 85' lang='grc' dir='ltr'>ὲν</span> <span class='ocrx_word' id='word_1_129' title='bbox 545 1895 656 1955; x_wconf 82' lang='grc' dir='ltr'>τοῖς</span> <span class='ocrx_word' id='word_1_130' title='bbox 687 1891 977 1963; x_wconf 64' lang='grc' dir='ltr'>συμὸὣιοις</span> <span class='ocrx_word' id='word_1_131' title='bbox 1001 1891 1096 1945; x_wconf 81' lang='grc' dir='ltr'>τοῦ</span> <span class='ocrx_word' id='word_1_132' title='bbox 1119 1893 1285 1963; x_wconf 88' lang='grc' dir='ltr'>νόμου</span> <span class='ocrx_word' id='word_1_133' title='bbox 1308 1895 1534 1963; x_wconf 79' lang='grc' dir='ltr'>πεῖραν·</span> <span class='ocrx_word' id='word_1_134' title='bbox 1565 1891 1710 1947; x_wconf 86' lang='grc' dir='ltr'><strong>κατά</strong></span> <span class='ocrx_word' id='word_1_135' title='bbox 1746 1893 1924 1965; x_wconf 77' lang='grc' dir='ltr'>ψυχὴν</span> 
     </span>
    </p>
   </div>
   <div class='ocr_carea' id='block_1_21' title="bbox 332 1979 1924 2054">
    <p class='ocr_par' dir='ltr' id='par_1_21' title="bbox 332 1979 1924 2054">
     <span class='ocr_line' id='line_1_21' title="bbox 332 1979 1924 2054; baseline 0.003 -22"><span class='ocrx_word' id='word_1_136' title='bbox 332 1979 626 2052; x_wconf 70' lang='grc' dir='ltr'>ὶιμὼττων</span> <span class='ocrx_word' id='word_1_137' title='bbox 664 1981 760 2035; x_wconf 85' lang='grc' dir='ltr'>τοῦ</span> <span class='ocrx_word' id='word_1_138' title='bbox 810 1980 1157 2052; x_wconf 84' lang='grc' dir='ltr'>πνεύματος,</span> <span class='ocrx_word' id='word_1_139' title='bbox 1193 1983 1288 2036; x_wconf 81' lang='grc' dir='ltr'><strong>καὶ</strong></span> <span class='ocrx_word' id='word_1_140' title='bbox 1322 1983 1421 2053; x_wconf 82' lang='grc' dir='ltr'>τὴν</span> <span class='ocrx_word' id='word_1_141' title='bbox 1471 1983 1660 2054; x_wconf 84' lang='grc' dir='ltr'>ὥσπερ</span> <span class='ocrx_word' id='word_1_142' title='bbox 1703 1983 1924 2054; x_wconf 85' lang='grc' dir='ltr'>ὁδηγίαν</span> 
     </span>
    </p>
   </div>
   <div class='ocr_carea' id='block_1_22' title="bbox 333 2071 1920 2148">
    <p class='ocr_par' dir='ltr' id='par_1_22' title="bbox 333 2071 1920 2148">
     <span class='ocr_line' id='line_1_22' title="bbox 333 2071 1920 2148; baseline 0.006 -25"><span class='ocrx_word' id='word_1_143' title='bbox 333 2071 610 2144; x_wconf 79' lang='grc' dir='ltr'>ἐρώτησιν</span> <span class='ocrx_word' id='word_1_144' title='bbox 638 2075 738 2145; x_wconf 80' lang='grc' dir='ltr'>τῆς</span> <span class='ocrx_word' id='word_1_145' title='bbox 784 2075 926 2130; x_wconf 88' lang='grc' dir='ltr'><strong>κατά</strong></span> <span class='ocrx_word' id='word_1_146' title='bbox 974 2074 1235 2148; x_wconf 82' lang='grc' dir='ltr'>ἀλήθειαν</span> <span class='ocrx_word' id='word_1_147' title='bbox 1283 2075 1537 2146; x_wconf 73' lang='grc' dir='ltr'>γνώσεως</span> <span class='ocrx_word' id='word_1_148' title='bbox 1582 2076 1920 2146; x_wconf 76' lang='grc' dir='ltr'>μυωπάζων.</span> 
     </span>
    </p>
   </div>
   <div class='ocr_carea' id='block_1_23' title="bbox 417 2230 1925 2312">
    <p class='ocr_par' dir='ltr' id='par_1_23' title="bbox 417 2230 1925 2312">
     <span class='ocr_line' id='line_1_23' title="bbox 417 2230 1925 2312; baseline 0.004 -21"><span class='ocrx_word' id='word_1_149' title='bbox 417 2237 515 2303; x_wconf 83' lang='grc' dir='ltr'>ξθ’.</span> <span class='ocrx_word' id='word_1_150' title='bbox 548 2238 933 2309; x_wconf 79' lang='grc' dir='ltr'>Μεταξυλογία</span> <span class='ocrx_word' id='word_1_151' title='bbox 960 2239 1100 2306; x_wconf 70' lang='grc' dir='ltr'>ἐστὶ,</span> <span class='ocrx_word' id='word_1_152' title='bbox 1131 2240 1194 2294; x_wconf 83' lang='grc' dir='ltr'>τὸ</span> <span class='ocrx_word' id='word_1_153' title='bbox 1225 2242 1282 2295; x_wconf 79' lang='grc' dir='ltr'>ὲν</span> <span class='ocrx_word' id='word_1_154' title='bbox 1374 2242 1536 2312; x_wconf 80' lang='grc' dir='ltr'>τυχόν</span> <span class='ocrx_word' id='word_1_155' title='bbox 1573 2242 1691 2296; x_wconf 81' lang='grc' dir='ltr'>ἐστι</span> <span class='ocrx_word' id='word_1_156' title='bbox 1725 2243 1925 2297; x_wconf 80' lang='grc' dir='ltr'>πο).λά-</span> 
     </span>
    </p>
   </div>
   <div class='ocr_carea' id='block_1_24' title="bbox 339 2331 877 2403">
    <p class='ocr_par' dir='ltr' id='par_1_24' title="bbox 339 2331 877 2403">
     <span class='ocr_line' id='line_1_24' title="bbox 339 2331 877 2403; baseline 0.004 -19"><span class='ocrx_word' id='word_1_157' title='bbox 339 2349 436 2395; x_wconf 83' lang='grc' dir='ltr'><strong>κις</strong></span> <span class='ocrx_word' id='word_1_158' title='bbox 465 2332 561 2385; x_wconf 67' lang='grc' dir='ltr'>καὶ</span> <span class='ocrx_word' id='word_1_159' title='bbox 589 2331 764 2403; x_wconf 81' lang='grc' dir='ltr'>πλάνη</span> <span class='ocrx_word' id='word_1_160' title='bbox 774 2350 877 2396; x_wconf 89' lang='grc' dir='ltr'>σις.</span> 
     </span>
    </p>
   </div>
   <div class='ocr_carea' id='block_1_25' title="bbox 409 2426 1929 2499">
    <p class='ocr_par' dir='ltr' id='par_1_25' title="bbox 409 2426 1929 2499">
     <span class='ocr_line' id='line_1_25' title="bbox 409 2426 1929 2499; baseline 0.005 -22"><span class='ocrx_word' id='word_1_161' title='bbox 409 2431 474 2478; x_wconf 93' lang='lat' dir='ltr'><strong>o&#39;.</strong></span> <span class='ocrx_word' id='word_1_162' title='bbox 507 2426 927 2497; x_wconf 79' lang='grc' dir='ltr'>Μακαριότητος</span> <span class='ocrx_word' id='word_1_163' title='bbox 975 2427 1132 2498; x_wconf 80' lang='grc' dir='ltr'>δῆλον</span> <span class='ocrx_word' id='word_1_164' title='bbox 1190 2429 1311 2492; x_wconf 86' lang='grc' dir='ltr'>ὄτι,</span> <span class='ocrx_word' id='word_1_165' title='bbox 1343 2430 1472 2493; x_wconf 82' lang='grc' dir='ltr'>τοὺς</span> <span class='ocrx_word' id='word_1_166' title='bbox 1518 2429 1658 2483; x_wconf 89' lang='grc' dir='ltr'><strong>κατά</strong></span> <span class='ocrx_word' id='word_1_167' title='bbox 1709 2429 1929 2499; x_wconf 78' lang='grc' dir='ltr'>μέθεξιν</span> 
     </span>
    </p>
   </div>
   <div class='ocr_carea' id='block_1_26' title="bbox 340 2517 1929 2594">
    <p class='ocr_par' dir='ltr' id='par_1_26' title="bbox 340 2517 1929 2594">
     <span class='ocr_line' id='line_1_26' title="bbox 340 2517 1929 2594; baseline 0.004 -25"><span class='ocrx_word' id='word_1_168' title='bbox 340 2517 518 2588; x_wconf 72' lang='grc' dir='ltr'>αὐτῆς</span> <span class='ocrx_word' id='word_1_169' title='bbox 559 2517 893 2585; x_wconf 79' lang='grc' dir='ltr'>ἀξιωθέντας</span> <span class='ocrx_word' id='word_1_170' title='bbox 940 2521 1492 2594; x_wconf 77' lang='grc' dir='ltr'>χαρακτηριζούσης,</span> <span class='ocrx_word' id='word_1_171' title='bbox 1525 2522 1620 2575; x_wconf 73' lang='grc' dir='ltr'><strong>καὶ</strong></span> <span class='ocrx_word' id='word_1_172' title='bbox 1661 2522 1723 2587; x_wconf 81' lang='grc' dir='ltr'>ἐξ</span> <span class='ocrx_word' id='word_1_173' title='bbox 1758 2522 1929 2591; x_wconf 80' lang='grc' dir='ltr'>αὐτῆς</span> 
     </span>
    </p>
   </div>
   <div class='ocr_carea' id='block_1_27' title="bbox 341 2609 1260 2680">
    <p class='ocr_par' dir='ltr' id='par_1_27' title="bbox 341 2609 1260 2680">
     <span class='ocr_line' id='line_1_27' title="bbox 341 2609 1260 2680; baseline 0.008 -20"><span class='ocrx_word' id='word_1_174' title='bbox 341 2609 664 2680; x_wconf 84' lang='grc' dir='ltr'>γνωρίμους</span> <span class='ocrx_word' id='word_1_175' title='bbox 697 2611 895 2676; x_wconf 79' lang='grc' dir='ltr'>αὐτοὺς</span> <span class='ocrx_word' id='word_1_176' title='bbox 922 2612 1260 2667; x_wconf 81' lang='grc' dir='ltr'>καθιστῶσα.</span> 
     </span>
    </p>
   </div>
   <div class='ocr_carea' id='block_1_28' title="bbox 354 2795 3390 2837">
    <p class='ocr_par' dir='ltr' id='par_1_28' title="bbox 354 2795 3390 2837">
     <span class='ocr_line' id='line_1_28' title="bbox 354 2795 3390 2837; baseline 0.002 -9"><span class='ocrx_word' id='word_1_177' title='bbox 354 2795 3390 2837; x_wconf 51' lang='lat' dir='ltr'><strong>m</strong></span> 
     </span>
    </p>
   </div>
   <div class='ocr_carea' id='block_1_29' title="bbox 2014 609 2192 662">
    <p class='ocr_par' dir='ltr' id='par_1_29' title="bbox 2014 609 2192 662">
     <span class='ocr_line' id='line_1_29' title="bbox 2014 609 2192 662; baseline 0.006 -1"><span class='ocrx_word' id='word_1_178' title='bbox 2014 609 2192 662; x_wconf 73' lang='lat' dir='ltr'><strong>melis.</strong></span> 
     </span>
    </p>
   </div>
   <div class='ocr_carea' id='block_1_30' title="bbox 2086 698 3596 772">
    <p class='ocr_par' dir='ltr' id='par_1_30' title="bbox 2086 698 3596 772">
     <span class='ocr_line' id='line_1_30' title="bbox 2086 698 3596 772; baseline 0.001 -17"><span class='ocrx_word' id='word_1_179' title='bbox 2086 698 2304 756; x_wconf 77' lang='lat' dir='ltr'><strong>66.Mox</strong></span> <span class='ocrx_word' id='word_1_180' title='bbox 2330 716 2395 755; x_wconf 89' lang='lat' dir='ltr'><strong>ac</strong></span> <span class='ocrx_word' id='word_1_181' title='bbox 2415 700 2613 772; x_wconf 85' lang='lat' dir='ltr'><strong>aliquis</strong></span> <span class='ocrx_word' id='word_1_182' title='bbox 2636 703 2990 766; x_wconf 82' lang='lat' dir='ltr'><strong>exsistentem</strong></span> <span class='ocrx_word' id='word_1_183' title='bbox 3021 702 3074 755; x_wconf 92' lang='lat' dir='ltr'><strong>in</strong></span> <span class='ocrx_word' id='word_1_184' title='bbox 3101 701 3238 771; x_wconf 86' lang='lat' dir='ltr'><strong>legis</strong></span> <span class='ocrx_word' id='word_1_185' title='bbox 3268 700 3450 756; x_wconf 76' lang='lat' dir='ltr'><strong>littera</strong></span> <span class='ocrx_word' id='word_1_186' title='bbox 3475 716 3596 756; x_wconf 87' lang='lat' dir='ltr'><strong>cor-</strong></span> 
     </span>
    </p>
   </div>
   <div class='ocr_carea' id='block_1_31' title="bbox 2016 792 3603 864">
    <p class='ocr_par' dir='ltr' id='par_1_31' title="bbox 2016 792 3603 864">
     <span class='ocr_line' id='line_1_31' title="bbox 2016 792 3603 864; baseline 0.001 -18"><span class='ocrx_word' id='word_1_187' title='bbox 2016 793 2263 862; x_wconf 89' lang='lat' dir='ltr'><strong>poralem</strong></span> <span class='ocrx_word' id='word_1_188' title='bbox 2286 808 2511 848; x_wconf 91' lang='lat' dir='ltr'><strong>sensum</strong></span> <span class='ocrx_word' id='word_1_189' title='bbox 2533 793 2756 859; x_wconf 89' lang='lat' dir='ltr'><strong>occidit,</strong></span> <span class='ocrx_word' id='word_1_190' title='bbox 2790 802 3111 864; x_wconf 84' lang='lat' dir='ltr'><strong>regnantem</strong></span> <span class='ocrx_word' id='word_1_191' title='bbox 3143 793 3197 848; x_wconf 91' lang='lat' dir='ltr'><strong>in</strong></span> <span class='ocrx_word' id='word_1_192' title='bbox 3249 792 3445 862; x_wconf 81' lang='lat' dir='ltr'><strong>spiritu</strong></span> <span class='ocrx_word' id='word_1_193' title='bbox 3475 793 3603 850; x_wconf 85' lang='lat' dir='ltr'><strong>Ser-</strong></span> 
     </span>
    </p>
   </div>
   <div class='ocr_carea' id='block_1_32' title="bbox 2018 885 2478 955">
    <p class='ocr_par' dir='ltr' id='par_1_32' title="bbox 2018 885 2478 955">
     <span class='ocr_line' id='line_1_32' title="bbox 2018 885 2478 955; baseline 0.004 -17"><span class='ocrx_word' id='word_1_194' title='bbox 2018 901 2238 940; x_wconf 89' lang='lat' dir='ltr'><strong>monem</strong></span> <span class='ocrx_word' id='word_1_195' title='bbox 2261 885 2478 955; x_wconf 83' lang='lat' dir='ltr'><strong>recipit.</strong></span> 
     </span>
    </p>
   </div>
   <div class='ocr_carea' id='block_1_33' title="bbox 2089 975 3603 1047">
    <p class='ocr_par' dir='ltr' id='par_1_33' title="bbox 2089 975 3603 1047">
     <span class='ocr_line' id='line_1_33' title="bbox 2089 975 3603 1047; baseline 0 -15"><span class='ocrx_word' id='word_1_196' title='bbox 2089 977 2179 1032; x_wconf 90' lang='lat'><strong>67.</strong></span> <span class='ocrx_word' id='word_1_197' title='bbox 2218 976 2579 1042; x_wconf 76' lang='lat' dir='ltr'><strong>Davidem,et</strong></span> <span class='ocrx_word' id='word_1_198' title='bbox 2607 976 2824 1032; x_wconf 88' lang='lat' dir='ltr'><strong>Domini</strong></span> <span class='ocrx_word' id='word_1_199' title='bbox 2853 985 2910 1032; x_wconf 92' lang='lat' dir='ltr'><strong>et</strong></span> <span class='ocrx_word' id='word_1_200' title='bbox 2946 975 3228 1047; x_wconf 76' lang='lat' dir='ltr'><strong>Evangelii</strong></span> <span class='ocrx_word' id='word_1_201' title='bbox 3264 987 3321 1030; x_wconf 90' lang='lat' dir='ltr'><strong>et</strong></span> <span class='ocrx_word' id='word_1_202' title='bbox 3358 977 3603 1032; x_wconf 71' lang='lat' dir='ltr'><strong>scientia:</strong></span> 
     </span>
    </p>
   </div>
   <div class='ocr_carea' id='block_1_34' title="bbox 2019 1062 3605 1137">
    <p class='ocr_par' dir='ltr' id='par_1_34' title="bbox 2019 1062 3605 1137">
     <span class='ocr_line' id='line_1_34' title="bbox 2019 1062 3605 1137; baseline -0.002 -14"><span class='ocrx_word' id='word_1_203' title='bbox 2019 1076 2078 1123; x_wconf 87' lang='lat' dir='ltr'><strong>et</strong></span> <span class='ocrx_word' id='word_1_204' title='bbox 2105 1066 2614 1136; x_wconf 83' lang='lat' dir='ltr'><strong>contemplationis,</strong></span> <span class='ocrx_word' id='word_1_205' title='bbox 2641 1075 2698 1121; x_wconf 92' lang='lat' dir='ltr'><strong>et</strong></span> <span class='ocrx_word' id='word_1_206' title='bbox 2729 1066 2965 1120; x_wconf 87' lang='lat' dir='ltr'><strong>actionis</strong></span> <span class='ocrx_word' id='word_1_207' title='bbox 2993 1065 3178 1137; x_wconf 87' lang='lat' dir='ltr'><strong>(quam</strong></span> <span class='ocrx_word' id='word_1_208' title='bbox 3199 1062 3417 1135; x_wconf 81' lang='lat' dir='ltr'><strong>vocant)</strong></span> <span class='ocrx_word' id='word_1_209' title='bbox 3447 1064 3605 1120; x_wconf 60' lang='lat' dir='ltr'><strong>novi.</strong></span> 
     </span>
    </p>
   </div>
   <div class='ocr_carea' id='block_1_35' title="bbox 2023 1155 3606 1231">
    <p class='ocr_par' dir='ltr' id='par_1_35' title="bbox 2023 1155 3606 1231">
     <span class='ocr_line' id='line_1_35' title="bbox 2023 1155 3606 1231; baseline -0.001 -18"><span class='ocrx_word' id='word_1_210' title='bbox 2023 1175 2131 1231; x_wconf 90' lang='lat' dir='ltr'><strong>que</strong></span> <span class='ocrx_word' id='word_1_211' title='bbox 2167 1159 2354 1230; x_wconf 83' lang='lat' dir='ltr'><strong>pepuli</strong></span> <span class='ocrx_word' id='word_1_212' title='bbox 2405 1166 2533 1229; x_wconf 83' lang='lat' dir='ltr'><strong>typo</strong></span> <span class='ocrx_word' id='word_1_213' title='bbox 2559 1158 2807 1228; x_wconf 85' lang='lat' dir='ltr'><strong>accepit;</strong></span> <span class='ocrx_word' id='word_1_214' title='bbox 2862 1158 3127 1227; x_wconf 84' lang='lat' dir='ltr'><strong>juxtaque</strong></span> <span class='ocrx_word' id='word_1_215' title='bbox 3177 1155 3361 1210; x_wconf 77' lang='lat' dir='ltr'><strong>varios</strong></span> <span class='ocrx_word' id='word_1_216' title='bbox 3410 1169 3606 1211; x_wconf 88' lang='lat' dir='ltr'><strong>sensus</strong></span> 
     </span>
    </p>
   </div>
   <div class='ocr_carea' id='block_1_36' title="bbox 2027 1244 3606 1320">
    <p class='ocr_par' dir='ltr' id='par_1_36' title="bbox 2027 1244 3606 1320">
     <span class='ocr_line' id='line_1_36' title="bbox 2027 1244 3606 1320; baseline -0.004 -16"><span class='ocrx_word' id='word_1_217' title='bbox 2027 1248 2299 1320; x_wconf 76' lang='lat' dir='ltr'><strong>Spiritalis</strong></span> <span class='ocrx_word' id='word_1_218' title='bbox 2323 1248 2539 1312; x_wconf 90' lang='lat' dir='ltr'><strong>modos,</strong></span> <span class='ocrx_word' id='word_1_219' title='bbox 2579 1263 2681 1317; x_wconf 92' lang='lat' dir='ltr'><strong>pro</strong></span> <span class='ocrx_word' id='word_1_220' title='bbox 2711 1247 3242 1311; x_wconf 88' lang='lat' dir='ltr'><strong>locorumratione,</strong></span> <span class='ocrx_word' id='word_1_221' title='bbox 3305 1245 3438 1316; x_wconf 89' lang='lat' dir='ltr'><strong>quid</strong></span> <span class='ocrx_word' id='word_1_222' title='bbox 3489 1244 3606 1300; x_wconf 89' lang='lat' dir='ltr'><strong>cui—</strong></span> 
     </span>
    </p>
   </div>
   <div class='ocr_carea' id='block_1_37' title="bbox 2023 1339 3606 1411">
    <p class='ocr_par' dir='ltr' id='par_1_37' title="bbox 2023 1339 3606 1411">
     <span class='ocr_line' id='line_1_37' title="bbox 2023 1339 3606 1411; baseline -0.003 -15"><span class='ocrx_word' id='word_1_223' title='bbox 2023 1356 2133 1411; x_wconf 86' lang='lat' dir='ltr'><strong>que</strong></span> <span class='ocrx_word' id='word_1_224' title='bbox 2167 1356 2236 1396; x_wconf 79' lang='lat' dir='ltr'><strong>ex</strong></span> <span class='ocrx_word' id='word_1_225' title='bbox 2262 1339 2524 1410; x_wconf 63' lang='lat' dir='ltr'><strong>subjectae</strong></span> <span class='ocrx_word' id='word_1_226' title='bbox 2549 1339 2795 1394; x_wconf 63' lang='lat' dir='ltr'><strong>materiae</strong></span> <span class='ocrx_word' id='word_1_227' title='bbox 2825 1355 2927 1394; x_wconf 91' lang='lat' dir='ltr'><strong>usu</strong></span> <span class='ocrx_word' id='word_1_228' title='bbox 2958 1339 3052 1402; x_wconf 90' lang='lat' dir='ltr'><strong>sit,</strong></span> <span class='ocrx_word' id='word_1_229' title='bbox 3085 1339 3482 1394; x_wconf 86' lang='lat' dir='ltr'><strong>convenienter</strong></span> <span class='ocrx_word' id='word_1_230' title='bbox 3506 1353 3606 1408; x_wconf 88' lang='lat' dir='ltr'><strong>ap-</strong></span> 
     </span>
    </p>
   </div>
   <div class='ocr_carea' id='block_1_38' title="bbox 2027 1433 2180 1487">
    <p class='ocr_par' dir='ltr' id='par_1_38' title="bbox 2027 1433 2180 1487">
     <span class='ocr_line' id='line_1_38' title="bbox 2027 1433 2180 1487; baseline -0.007 -1"><span class='ocrx_word' id='word_1_231' title='bbox 2027 1433 2180 1487; x_wconf 78' lang='lat' dir='ltr'><strong>tavit.</strong></span> 
     </span>
    </p>
   </div>
   <div class='ocr_carea' id='block_1_39' title="bbox 2096 1521 3606 1599">
    <p class='ocr_par' dir='ltr' id='par_1_39' title="bbox 2096 1521 3606 1599">
     <span class='ocr_line' id='line_1_39' title="bbox 2096 1521 3606 1599; baseline -0.002 -21"><span class='ocrx_word' id='word_1_232' title='bbox 2096 1524 2186 1578; x_wconf 87' lang='lat'><strong>68.</strong></span> <span class='ocrx_word' id='word_1_233' title='bbox 2223 1521 2326 1589; x_wconf 87' lang='lat' dir='ltr'><strong>Qui</strong></span> <span class='ocrx_word' id='word_1_234' title='bbox 2351 1521 2573 1593; x_wconf 86' lang='lat' dir='ltr'><strong>ﬁguras,</strong></span> <span class='ocrx_word' id='word_1_235' title='bbox 2608 1539 2719 1578; x_wconf 91' lang='lat' dir='ltr'><strong>non</strong></span> <span class='ocrx_word' id='word_1_236' title='bbox 2748 1523 2892 1593; x_wconf 88' lang='lat' dir='ltr'><strong>ipsas</strong></span> <span class='ocrx_word' id='word_1_237' title='bbox 2915 1521 3196 1592; x_wconf 87' lang='lat' dir='ltr'><strong>principes</strong></span> <span class='ocrx_word' id='word_1_238' title='bbox 3219 1521 3606 1599; x_wconf 80' lang='lat' dir='ltr'><strong>mysteriorum</strong></span> 
     </span>
    </p>
   </div>
   <div class='ocr_carea' id='block_1_40' title="bbox 2030 1612 3609 1685">
    <p class='ocr_par' dir='ltr' id='par_1_40' title="bbox 2030 1612 3609 1685">
     <span class='ocr_line' id='line_1_40' title="bbox 2030 1612 3609 1685; baseline -0.001 -17"><span class='ocrx_word' id='word_1_239' title='bbox 2030 1614 2195 1685; x_wconf 82' lang='lat'><strong>300</strong></span> <span class='ocrx_word' id='word_1_240' title='bbox 2224 1613 2451 1680; x_wconf 78' lang='lat' dir='ltr'><strong>formas,</strong></span> <span class='ocrx_word' id='word_1_241' title='bbox 2510 1630 2574 1669; x_wconf 88' lang='lat' dir='ltr'><strong>ac</strong></span> <span class='ocrx_word' id='word_1_242' title='bbox 2609 1615 3106 1685; x_wconf 89' lang='lat' dir='ltr'><strong>percontationem,</strong></span> <span class='ocrx_word' id='word_1_243' title='bbox 3145 1629 3256 1669; x_wconf 89' lang='lat' dir='ltr'><strong>non</strong></span> <span class='ocrx_word' id='word_1_244' title='bbox 3291 1612 3609 1668; x_wconf 65' lang='lat' dir='ltr'><strong>illustratio-</strong></span> 
     </span>
    </p>
   </div>
   <div class='ocr_carea' id='block_1_41' title="bbox 2029 1702 3610 1774">
    <p class='ocr_par' dir='ltr' id='par_1_41' title="bbox 2029 1702 3610 1774">
     <span class='ocr_line' id='line_1_41' title="bbox 2029 1702 3610 1774; baseline -0.001 -16"><span class='ocrx_word' id='word_1_245' title='bbox 2029 1719 2161 1758; x_wconf 90' lang='lat' dir='ltr'><strong>num</strong></span> <span class='ocrx_word' id='word_1_246' title='bbox 2187 1702 2244 1756; x_wconf 91' lang='lat' dir='ltr'><strong>in</strong></span> <span class='ocrx_word' id='word_1_247' title='bbox 2268 1703 2464 1774; x_wconf 87' lang='lat' dir='ltr'><strong>spiritu</strong></span> <span class='ocrx_word' id='word_1_248' title='bbox 2503 1705 2790 1759; x_wconf 90' lang='lat' dir='ltr'><strong>scientiam</strong></span> <span class='ocrx_word' id='word_1_249' title='bbox 2830 1714 3026 1759; x_wconf 90' lang='lat' dir='ltr'><strong>nactus</strong></span> <span class='ocrx_word' id='word_1_250' title='bbox 3047 1712 3169 1769; x_wconf 89' lang='lat' dir='ltr'><strong>est;</strong></span> <span class='ocrx_word' id='word_1_251' title='bbox 3214 1710 3440 1773; x_wconf 87' lang='lat' dir='ltr'><strong>accepto</strong></span> <span class='ocrx_word' id='word_1_252' title='bbox 3484 1718 3610 1756; x_wconf 58' lang='lat' dir='ltr'><strong>mu.</strong></span> 
     </span>
    </p>
   </div>
   <div class='ocr_carea' id='block_1_42' title="bbox 2030 1795 3613 1866">
    <p class='ocr_par' dir='ltr' id='par_1_42' title="bbox 2030 1795 3613 1866">
     <span class='ocr_line' id='line_1_42' title="bbox 2030 1795 3613 1866; baseline 0 -16"><span class='ocrx_word' id='word_1_253' title='bbox 2030 1803 2149 1861; x_wconf 92' lang='lat' dir='ltr'><strong>tuo,</strong></span> <span class='ocrx_word' id='word_1_254' title='bbox 2184 1811 2284 1865; x_wconf 90' lang='lat' dir='ltr'><strong>pro</strong></span> <span class='ocrx_word' id='word_1_255' title='bbox 2304 1812 2372 1850; x_wconf 90' lang='lat' dir='ltr'><strong>eo</strong></span> <span class='ocrx_word' id='word_1_256' title='bbox 2401 1811 2464 1850; x_wconf 87' lang='lat' dir='ltr'><strong>ac</strong></span> <span class='ocrx_word' id='word_1_257' title='bbox 2499 1796 2883 1866; x_wconf 85' lang='lat' dir='ltr'><strong>superioribus</strong></span> <span class='ocrx_word' id='word_1_258' title='bbox 2915 1796 3198 1866; x_wconf 83' lang='lat' dir='ltr'><strong>explorate</strong></span> <span class='ocrx_word' id='word_1_259' title='bbox 3244 1795 3493 1849; x_wconf 85' lang='lat' dir='ltr'><strong>habitum</strong></span> <span class='ocrx_word' id='word_1_260' title='bbox 3528 1801 3613 1850; x_wconf 87' lang='lat' dir='ltr'><strong>est</strong></span> 
     </span>
    </p>
   </div>
   <div class='ocr_carea' id='block_1_43' title="bbox 2033 1886 3615 1966">
    <p class='ocr_par' dir='ltr' id='par_1_43' title="bbox 2033 1886 3615 1966">
     <span class='ocr_line' id='line_1_43' title="bbox 2033 1886 3615 1966; baseline -0.002 -23"><span class='ocrx_word' id='word_1_261' title='bbox 2033 1889 2194 1961; x_wconf 81' lang='lat' dir='ltr'><strong>(legis</strong></span> <span class='ocrx_word' id='word_1_262' title='bbox 2233 1890 2530 1966; x_wconf 76' lang='lat' dir='ltr'><strong>scilicetex</strong></span> <span class='ocrx_word' id='word_1_263' title='bbox 2574 1904 2768 1944; x_wconf 90' lang='lat' dir='ltr'><strong>sensus</strong></span> <span class='ocrx_word' id='word_1_264' title='bbox 2813 1888 3028 1943; x_wconf 86' lang='lat' dir='ltr'><strong>ratione</strong></span> <span class='ocrx_word' id='word_1_265' title='bbox 3077 1888 3131 1941; x_wconf 93' lang='lat' dir='ltr'><strong>in</strong></span> <span class='ocrx_word' id='word_1_266' title='bbox 3160 1886 3423 1959; x_wconf 78' lang='lat' dir='ltr'><strong>symbolis</strong></span> <span class='ocrx_word' id='word_1_267' title='bbox 3449 1899 3615 1954; x_wconf 80' lang='lat' dir='ltr'><strong>expe-</strong></span> 
     </span>
    </p>
   </div>
   <div class='ocr_carea' id='block_1_44' title="bbox 2030 1976 3616 2051">
    <p class='ocr_par' dir='ltr' id='par_1_44' title="bbox 2030 1976 3616 2051">
     <span class='ocr_line' id='line_1_44' title="bbox 2030 1976 3616 2051; baseline -0.003 -18"><span class='ocrx_word' id='word_1_268' title='bbox 2030 1979 2306 2051; x_wconf 89' lang='lat' dir='ltr'><strong>rimento)</strong></span> <span class='ocrx_word' id='word_1_269' title='bbox 2341 1980 2571 2050; x_wconf 90' lang='lat' dir='ltr'><strong>spiritus</strong></span> <span class='ocrx_word' id='word_1_270' title='bbox 2615 1978 2759 2034; x_wconf 84' lang='lat' dir='ltr'><strong>fame</strong></span> <span class='ocrx_word' id='word_1_271' title='bbox 2801 1980 2988 2034; x_wconf 87' lang='lat' dir='ltr'><strong>animo</strong></span> <span class='ocrx_word' id='word_1_272' title='bbox 3049 1977 3415 2042; x_wconf 84' lang='lat' dir='ltr'><strong>contabescit,</strong></span> <span class='ocrx_word' id='word_1_273' title='bbox 3461 1976 3616 2032; x_wconf 80' lang='lat' dir='ltr'><strong>velut</strong></span> 
     </span>
    </p>
   </div>
   <div class='ocr_carea' id='block_1_45' title="bbox 2027 2066 3614 2140">
    <p class='ocr_par' dir='ltr' id='par_1_45' title="bbox 2027 2066 3614 2140">
     <span class='ocr_line' id='line_1_45' title="bbox 2027 2066 3614 2140; baseline -0.002 -16"><span class='ocrx_word' id='word_1_274' title='bbox 2027 2070 2132 2124; x_wconf 71' lang='lat' dir='ltr'><strong>vite</strong></span> <span class='ocrx_word' id='word_1_275' title='bbox 2151 2069 2372 2134; x_wconf 87' lang='lat' dir='ltr'><strong>ducem,</strong></span> <span class='ocrx_word' id='word_1_276' title='bbox 2409 2086 2554 2125; x_wconf 71' lang='lat' dir='ltr'><strong>vera:</strong></span> <span class='ocrx_word' id='word_1_277' title='bbox 2589 2069 2836 2125; x_wconf 66' lang='lat' dir='ltr'><strong>scientiae</strong></span> <span class='ocrx_word' id='word_1_278' title='bbox 2860 2068 3335 2140; x_wconf 89' lang='lat' dir='ltr'><strong>percontationem</strong></span> <span class='ocrx_word' id='word_1_279' title='bbox 3373 2066 3614 2122; x_wconf 81' lang='lat' dir='ltr'><strong>luseiose</strong></span> 
     </span>
    </p>
   </div>
   <div class='ocr_carea' id='block_1_46' title="bbox 2029 2159 2339 2215">
    <p class='ocr_par' dir='ltr' id='par_1_46' title="bbox 2029 2159 2339 2215">
     <span class='ocr_line' id='line_1_46' title="bbox 2029 2159 2339 2215; baseline -0.006 0"><span class='ocrx_word' id='word_1_280' title='bbox 2029 2159 2339 2215; x_wconf 80' lang='lat' dir='ltr'><strong>attendens.</strong></span> 
     </span>
    </p>
   </div>
   <div class='ocr_carea' id='block_1_47' title="bbox 2104 2251 3615 2324">
    <p class='ocr_par' dir='ltr' id='par_1_47' title="bbox 2104 2251 3615 2324">
     <span class='ocr_line' id='line_1_47' title="bbox 2104 2251 3615 2324; baseline 0 -18"><span class='ocrx_word' id='word_1_281' title='bbox 2104 2251 2193 2306; x_wconf 88' lang='lat'><strong>69.</strong></span> <span class='ocrx_word' id='word_1_282' title='bbox 2217 2251 2580 2307; x_wconf 79' lang='lat' dir='ltr'><strong>lnterlocutio</strong></span> <span class='ocrx_word' id='word_1_283' title='bbox 2605 2259 2710 2320; x_wconf 90' lang='lat' dir='ltr'><strong>est,</strong></span> <span class='ocrx_word' id='word_1_284' title='bbox 2730 2251 2875 2324; x_wconf 90' lang='lat' dir='ltr'><strong>quod</strong></span> <span class='ocrx_word' id='word_1_285' title='bbox 2899 2253 2970 2307; x_wconf 91' lang='lat' dir='ltr'><strong>ita</strong></span> <span class='ocrx_word' id='word_1_286' title='bbox 3003 2251 3228 2317; x_wconf 92' lang='lat' dir='ltr'><strong>dicitur,</strong></span> <span class='ocrx_word' id='word_1_287' title='bbox 3262 2251 3318 2307; x_wconf 92' lang='lat' dir='ltr'><strong>in</strong></span> <span class='ocrx_word' id='word_1_288' title='bbox 3342 2265 3451 2323; x_wconf 89' lang='lat' dir='ltr'><strong>qua</strong></span> <span class='ocrx_word' id='word_1_289' title='bbox 3473 2251 3615 2307; x_wconf 79' lang='lat' dir='ltr'><strong>forte</strong></span> 
     </span>
    </p>
   </div>
   <div class='ocr_carea' id='block_1_48' title="bbox 2031 2341 3082 2416">
    <p class='ocr_par' dir='ltr' id='par_1_48' title="bbox 2031 2341 3082 2416">
     <span class='ocr_line' id='line_1_48' title="bbox 2031 2341 3082 2416; baseline 0.004 -20"><span class='ocrx_word' id='word_1_290' title='bbox 2031 2358 2177 2412; x_wconf 69' lang='lat' dir='ltr'><strong>saepe</strong></span> <span class='ocrx_word' id='word_1_291' title='bbox 2213 2341 2381 2397; x_wconf 87' lang='lat' dir='ltr'><strong>etiam</strong></span> <span class='ocrx_word' id='word_1_292' title='bbox 2421 2358 2579 2398; x_wconf 90' lang='lat' dir='ltr'><strong>error</strong></span> <span class='ocrx_word' id='word_1_293' title='bbox 2609 2353 2694 2400; x_wconf 90' lang='lat' dir='ltr'><strong>est</strong></span> <span class='ocrx_word' id='word_1_294' title='bbox 2722 2360 2786 2400; x_wconf 89' lang='lat' dir='ltr'><strong>ac</strong></span> <span class='ocrx_word' id='word_1_295' title='bbox 2808 2345 3082 2416; x_wconf 89' lang='lat' dir='ltr'><strong>deceptio.</strong></span> 
     </span>
    </p>
   </div>
   <div class='ocr_carea' id='block_1_49' title="bbox 2102 2431 3616 2506">
    <p class='ocr_par' dir='ltr' id='par_1_49' title="bbox 2102 2431 3616 2506">
     <span class='ocr_line' id='line_1_49' title="bbox 2102 2431 3616 2506; baseline 0.004 -22"><span class='ocrx_word' id='word_1_296' title='bbox 2102 2431 2192 2485; x_wconf 90' lang='lat'><strong>70.</strong></span> <span class='ocrx_word' id='word_1_297' title='bbox 2234 2432 2646 2487; x_wconf 89' lang='lat' dir='ltr'><strong>Beatitudinem</strong></span> <span class='ocrx_word' id='word_1_298' title='bbox 2673 2435 2908 2499; x_wconf 88' lang='lat' dir='ltr'><strong>scilicet,</strong></span> <span class='ocrx_word' id='word_1_299' title='bbox 2941 2450 3063 2504; x_wconf 76' lang='lat' dir='ltr'><strong>quae</strong></span> <span class='ocrx_word' id='word_1_300' title='bbox 3087 2449 3184 2489; x_wconf 92' lang='lat' dir='ltr'><strong>eos</strong></span> <span class='ocrx_word' id='word_1_301' title='bbox 3211 2434 3306 2504; x_wconf 89' lang='lat' dir='ltr'><strong>qui</strong></span> <span class='ocrx_word' id='word_1_302' title='bbox 3339 2435 3460 2506; x_wconf 87' lang='lat' dir='ltr'><strong>ejus</strong></span> <span class='ocrx_word' id='word_1_303' title='bbox 3490 2450 3616 2506; x_wconf 84' lang='lat' dir='ltr'><strong>par-</strong></span> 
     </span>
    </p>
   </div>
   <div class='ocr_carea' id='block_1_50' title="bbox 2031 2521 3614 2596">
    <p class='ocr_par' dir='ltr' id='par_1_50' title="bbox 2031 2521 3614 2596">
     <span class='ocr_line' id='line_1_50' title="bbox 2031 2521 3614 2596; baseline 0.003 -20"><span class='ocrx_word' id='word_1_304' title='bbox 2031 2521 2227 2593; x_wconf 89' lang='lat' dir='ltr'><strong>ticipes</strong></span> <span class='ocrx_word' id='word_1_305' title='bbox 2255 2523 2394 2588; x_wconf 84' lang='lat' dir='ltr'><strong>etIici</strong></span> <span class='ocrx_word' id='word_1_306' title='bbox 2421 2533 2748 2580; x_wconf 88' lang='lat' dir='ltr'><strong>meruerunt</strong></span> <span class='ocrx_word' id='word_1_307' title='bbox 2766 2526 2920 2580; x_wconf 73' lang='lat' dir='ltr'><strong>velut</strong></span> <span class='ocrx_word' id='word_1_308' title='bbox 2943 2533 3073 2580; x_wconf 87' lang='lat' dir='ltr'><strong>nota</strong></span> <span class='ocrx_word' id='word_1_309' title='bbox 3094 2525 3373 2596; x_wconf 85' lang='lat' dir='ltr'><strong>insigniat,</strong></span> <span class='ocrx_word' id='word_1_310' title='bbox 3408 2534 3466 2580; x_wconf 86' lang='lat' dir='ltr'><strong>et</strong></span> <span class='ocrx_word' id='word_1_311' title='bbox 3493 2541 3525 2580; x_wconf 88' lang='lat' dir='ltr'><strong>a</strong></span> <span class='ocrx_word' id='word_1_312' title='bbox 3554 2540 3614 2581; x_wconf 78' lang='lat' dir='ltr'><strong>se</strong></span> 
     </span>
    </p>
   </div>
   <div class='ocr_carea' id='block_1_51' title="bbox 2028 2615 2598 2672">
    <p class='ocr_par' dir='ltr' id='par_1_51' title="bbox 2028 2615 2598 2672">
     <span class='ocr_line' id='line_1_51' title="bbox 2028 2615 2598 2672; baseline -0.002 -2"><span class='ocrx_word' id='word_1_313' title='bbox 2028 2624 2197 2670; x_wconf 89' lang='lat' dir='ltr'><strong>notos</strong></span> <span class='ocrx_word' id='word_1_314' title='bbox 2219 2615 2347 2671; x_wconf 90' lang='lat' dir='ltr'><strong>illos</strong></span> <span class='ocrx_word' id='word_1_315' title='bbox 2373 2615 2598 2672; x_wconf 78' lang='lat' dir='ltr'><strong>eﬂiciat.</strong></span> 
     </span>
    </p>
   </div>
   <div class='ocr_carea' id='block_1_52' title="bbox 3393 2811 3543 2821">
    <p class='ocr_par' dir='ltr' id='par_1_52' title="bbox 3393 2811 3543 2821">
     <span class='ocr_line' id='line_1_52' title="bbox 3393 2811 3543 2821; baseline -0.007 0"><span class='ocrx_word' id='word_1_316' title='bbox 3393 2811 3543 2821; x_wconf 68' lang='grc' dir='ltr'><strong>...ι-..ο-</strong></span> 
     </span>
    </p>
   </div>
   <div class='ocr_carea' id='block_1_53' title="bbox 3339 2812 3572 2837">
    <p class='ocr_par' dir='ltr' id='par_1_53' title="bbox 3339 2812 3572 2837">
     <span class='ocr_line' id='line_1_53' title="bbox 3339 2812 3572 2837; baseline 0.013 -3"><span class='ocrx_word' id='word_1_317' title='bbox 3339 2812 3572 2837; x_wconf 61' lang='lat' dir='ltr'><strong>m4</strong></span> 
     </span>
    </p>
   </div>
   <div class='ocr_carea' id='block_1_54' title="bbox 771 3213 3191 3311">
    <p class='ocr_par' dir='ltr' id='par_1_54' title="bbox 771 3213 3191 3311">
     <span class='ocr_line' id='line_1_54' title="bbox 771 3213 3191 3311; baseline 0.001 -10"><span class='ocrx_word' id='word_1_318' title='bbox 771 3213 1276 3311; x_wconf 84' lang='grc' dir='ltr'><strong>ΠΕΥΣΕΙΣ.</strong></span> <span class='ocrx_word' id='word_1_319' title='bbox 1338 3216 1534 3302; x_wconf 89' lang='grc' dir='ltr'><strong>ΚΑΙ</strong></span> <span class='ocrx_word' id='word_1_320' title='bbox 1605 3215 2274 3304; x_wconf 87' lang='grc' dir='ltr'><strong>ΑΠΟΚΡΙΣΕΙΣ</strong></span> <span class='ocrx_word' id='word_1_321' title='bbox 2333 3219 2530 3303; x_wconf 84' lang='grc' dir='ltr'><strong>ΚΑΙ</strong></span> <span class='ocrx_word' id='word_1_322' title='bbox 2581 3217 3191 3304; x_wconf 79' lang='grc' dir='ltr'><strong>ΕΡΩΤΗΣΕΙΣ</strong></span> 
     </span>
    </p>
   </div>
   <div class='ocr_carea' id='block_1_55' title="bbox 1753 3394 2208 3452">
    <p class='ocr_par' dir='ltr' id='par_1_55' title="bbox 1753 3394 2208 3452">
     <span class='ocr_line' id='line_1_55' title="bbox 1753 3394 2208 3452; baseline 0.002 -1"><span class='ocrx_word' id='word_1_323' title='bbox 1753 3394 1874 3451; x_wconf 82' lang='grc' dir='ltr'><strong>ΚΑΙ</strong></span> <span class='ocrx_word' id='word_1_324' title='bbox 1908 3397 2208 3452; x_wconf 78' lang='grc' dir='ltr'><strong>ΕΚΛΟΓΑῙ</strong></span> 
     </span>
    </p>
   </div>
   <div class='ocr_carea' id='block_1_56' title="bbox 1394 3549 2572 3622">
    <p class='ocr_par' dir='ltr' id='par_1_56' title="bbox 1394 3549 2572 3622">
     <span class='ocr_line' id='line_1_56' title="bbox 1394 3549 2572 3622; baseline 0.002 -18"><span class='ocrx_word' id='word_1_325' title='bbox 1394 3549 1697 3619; x_wconf 61' lang='grc' dir='ltr'>Διαέςόρων</span> <span class='ocrx_word' id='word_1_326' title='bbox 1723 3551 2068 3620; x_wconf 69' lang='grc' dir='ltr'>κεφαλαίων</span> <span class='ocrx_word' id='word_1_327' title='bbox 2094 3551 2521 3622; x_wconf 76' lang='grc' dir='ltr'>ἀπορουμένων</span> <span class='ocrx_word' id='word_1_328' title='bbox 2537 3555 2572 3614; x_wconf 82' lang='grc'>⁸,</span> 
     </span>
    </p>
   </div>
   <div class='ocr_carea' id='block_1_57' title="bbox 2004 3689 2042 3702">
    <p class='ocr_par' dir='ltr' id='par_1_57' title="bbox 2004 3689 2042 3702">
     <span class='ocr_line' id='line_1_57' title="bbox 2004 3689 2042 3702; baseline 0 0"><span class='ocrx_word' id='word_1_329' title='bbox 2004 3689 2042 3702; x_wconf 64' lang='grc'><strong><em>“</em></strong></span> 
     </span>
    </p>
   </div>
   <div class='ocr_carea' id='block_1_58' title="bbox 1671 3819 2307 3951">
    <p class='ocr_par' dir='ltr' id='par_1_58' title="bbox 1671 3819 2307 3951">
     <span class='ocr_line' id='line_1_58' title="bbox 1671 3819 2307 3951; baseline 0.003 -3"><span class='ocrx_word' id='word_1_330' title='bbox 1671 3819 2307 3951; x_wconf 86' lang='lat' dir='ltr'><strong>EJUSDEM</strong></span> 
     </span>
    </p>
   </div>
   <div class='ocr_carea' id='block_1_59' title="bbox 985 4057 3006 4134">
    <p class='ocr_par' dir='ltr' id='par_1_59' title="bbox 985 4057 3006 4134">
     <span class='ocr_line' id='line_1_59' title="bbox 985 4057 3006 4134; baseline 0 -12"><span class='ocrx_word' id='word_1_331' title='bbox 985 4058 1499 4134; x_wconf 80' lang='lat' dir='ltr'><strong>QU/ESTIONES,</strong></span> <span class='ocrx_word' id='word_1_332' title='bbox 1541 4057 2264 4121; x_wconf 84' lang='lat' dir='ltr'><strong>INTERROGATIONES</strong></span> <span class='ocrx_word' id='word_1_333' title='bbox 2302 4062 2399 4122; x_wconf 86' lang='lat' dir='ltr'><strong>ET</strong></span> <span class='ocrx_word' id='word_1_334' title='bbox 2438 4061 3006 4122; x_wconf 83' lang='lat' dir='ltr'><strong>RESPONSIONES</strong></span> 
     </span>
    </p>
   </div>
   <div class='ocr_carea' id='block_1_60' title="bbox 1213 4211 2769 4295">
    <p class='ocr_par' dir='ltr' id='par_1_60' title="bbox 1213 4211 2769 4295">
     <span class='ocr_line' id='line_1_60' title="bbox 1213 4211 2769 4295; baseline 0.001 -20"><span class='ocrx_word' id='word_1_335' title='bbox 1213 4214 1738 4294; x_wconf 86' lang='lat' dir='ltr'><strong>Diversorumque</strong></span> <span class='ocrx_word' id='word_1_336' title='bbox 1776 4211 2194 4278; x_wconf 75' lang='lat' dir='ltr'><strong>difﬁciliorum</strong></span> <span class='ocrx_word' id='word_1_337' title='bbox 2229 4215 2502 4295; x_wconf 83' lang='lat' dir='ltr'><strong>capitum</strong></span> <span class='ocrx_word' id='word_1_338' title='bbox 2549 4213 2769 4276; x_wconf 82' lang='lat' dir='ltr'><strong>electa-</strong></span> 
     </span>
    </p>
   </div>
   <div class='ocr_carea' id='block_1_61' title="bbox 924 4515 1368 4568">
    <p class='ocr_par' dir='ltr' id='par_1_61' title="bbox 924 4515 1368 4568">
     <span class='ocr_line' id='line_1_61' title="bbox 924 4515 1368 4568; baseline 0 0"><span class='ocrx_word' id='word_1_339' title='bbox 924 4515 1259 4568; x_wconf 79' lang='grc' dir='ltr'><strong>ΕΡΩΤΗΣΙΣ</strong></span> <span class='ocrx_word' id='word_1_340' title='bbox 1288 4515 1368 4568; x_wconf 76' lang='lat' dir='ltr'><strong>A’.</strong></span> 
     </span>
    </p>
   </div>
   <div class='ocr_carea' id='block_1_62' title="bbox 437 4604 1753 4678">
    <p class='ocr_par' dir='ltr' id='par_1_62' title="bbox 437 4604 1753 4678">
     <span class='ocr_line' id='line_1_62' title="bbox 437 4604 1753 4678; baseline -0.001 -15"><span class='ocrx_word' id='word_1_341' title='bbox 437 4609 605 4674; x_wconf 77' lang='grc' dir='ltr'>Τίνες</span> <span class='ocrx_word' id='word_1_342' title='bbox 636 4604 838 4676; x_wconf 76' lang='grc' dir='ltr'>ἀρεταί</span> <span class='ocrx_word' id='word_1_343' title='bbox 869 4606 1098 4676; x_wconf 76' lang='grc' dir='ltr'><strong>ψυχῆς,</strong></span> <span class='ocrx_word' id='word_1_344' title='bbox 1128 4606 1225 4661; x_wconf 80' lang='grc' dir='ltr'><strong>καί</strong></span> <span class='ocrx_word' id='word_1_345' title='bbox 1251 4609 1413 4674; x_wconf 81' lang='grc' dir='ltr'>τίνες</span> <span class='ocrx_word' id='word_1_346' title='bbox 1437 4607 1710 4678; x_wconf 75' lang='grc' dir='ltr'>σώματος</span> <span class='ocrx_word' id='word_1_347' title='bbox 1734 4627 1753 4675; x_wconf 89' lang='grc'><strong><em>;</em></strong></span> 
     </span>
    </p>
   </div>
   <div class='ocr_carea' id='block_1_63' title="bbox 981 4798 1459 4876">
    <p class='ocr_par' dir='ltr' id='par_1_63' title="bbox 981 4798 1459 4876">
     <span class='ocr_line' id='line_1_63' title="bbox 981 4798 1459 4876; baseline 0 -14"><span class='ocrx_word' id='word_1_348' title='bbox 981 4808 1346 4876; x_wconf 78' lang='grc' dir='ltr'>Ἀπόκρισις.</span> <span class='ocrx_word' id='word_1_349' title='bbox 1456 4798 1459 4802; x_wconf 47' lang='grc'><em>’</em></span> 
     </span>
    </p>
   </div>
   <div class='ocr_carea' id='block_1_64' title="bbox 433 4894 1938 4969">
    <p class='ocr_par' dir='ltr' id='par_1_64' title="bbox 433 4894 1938 4969">
     <span class='ocr_line' id='line_1_64' title="bbox 433 4894 1938 4969; baseline 0.003 -20"><span class='ocrx_word' id='word_1_350' title='bbox 433 4898 652 4968; x_wconf 71' lang='grc' dir='ltr'>’Δρεταὶ</span> <span class='ocrx_word' id='word_1_351' title='bbox 691 4897 873 4969; x_wconf 73' lang='grc' dir='ltr'>ψυχῆς</span> <span class='ocrx_word' id='word_1_352' title='bbox 923 4900 1060 4952; x_wconf 81' lang='grc' dir='ltr'>εἰσιν</span> <span class='ocrx_word' id='word_1_353' title='bbox 1111 4894 1302 4954; x_wconf 72' lang='grc' dir='ltr'>αὗταιο</span> <span class='ocrx_word' id='word_1_354' title='bbox 1337 4900 1558 4968; x_wconf 77' lang='grc' dir='ltr'>ἀγάπη,</span> <span class='ocrx_word' id='word_1_355' title='bbox 1586 4900 1938 4968; x_wconf 85' lang='grc' dir='ltr'>ταπείνωσις,</span> 
     </span>
    </p>
   </div>
   <div class='ocr_carea' id='block_1_65' title="bbox 361 4987 1938 5063">
    <p class='ocr_par' dir='ltr' id='par_1_65' title="bbox 361 4987 1938 5063">
     <span class='ocr_line' id='line_1_65' title="bbox 361 4987 1938 5063; baseline 0.006 -25"><span class='ocrx_word' id='word_1_356' title='bbox 361 4987 634 5060; x_wconf 70' lang='grc' dir='ltr'>πραΰτης,</span> <span class='ocrx_word' id='word_1_357' title='bbox 690 4991 1063 5062; x_wconf 86' lang='grc' dir='ltr'>μακροθυμία,</span> <span class='ocrx_word' id='word_1_358' title='bbox 1128 4991 1485 5056; x_wconf 78' lang='grc' dir='ltr'>ἀνεξικακία,</span> <span class='ocrx_word' id='word_1_359' title='bbox 1540 4994 1938 5063; x_wconf 83' lang='grc' dir='ltr'>ἀμνησικακία,</span> 
     </span>
    </p>
   </div>
   <div class='ocr_carea' id='block_1_66' title="bbox 361 5080 1943 5156">
    <p class='ocr_par' dir='ltr' id='par_1_66' title="bbox 361 5080 1943 5156">
     <span class='ocr_line' id='line_1_66' title="bbox 361 5080 1943 5156; baseline 0.006 -25"><span class='ocrx_word' id='word_1_360' title='bbox 361 5080 656 5150; x_wconf 80' lang='grc' dir='ltr'>ἀοργησία,</span> <span class='ocrx_word' id='word_1_361' title='bbox 684 5082 744 5136; x_wconf 82' lang='grc' dir='ltr'><strong>τὸ</strong></span> <span class='ocrx_word' id='word_1_362' title='bbox 791 5083 1029 5154; x_wconf 83' lang='grc' dir='ltr'>ἄθυμον.</span> <span class='ocrx_word' id='word_1_363' title='bbox 1062 5085 1122 5138; x_wconf 80' lang='grc' dir='ltr'><strong>τὸ</strong></span> <span class='ocrx_word' id='word_1_364' title='bbox 1174 5085 1428 5153; x_wconf 71' lang='grc' dir='ltr'>ἄφθονον,</span> <span class='ocrx_word' id='word_1_365' title='bbox 1479 5084 1540 5139; x_wconf 80' lang='grc' dir='ltr'>τὸ</span> <span class='ocrx_word' id='word_1_366' title='bbox 1588 5085 1847 5156; x_wconf 84' lang='grc' dir='ltr'>ἄκριτον,</span> <span class='ocrx_word' id='word_1_367' title='bbox 1881 5088 1943 5143; x_wconf 80' lang='grc' dir='ltr'><strong>τὸ</strong></span> 
     </span>
    </p>
   </div>
   <div class='ocr_carea' id='block_1_67' title="bbox 365 5171 1938 5248">
    <p class='ocr_par' dir='ltr' id='par_1_67' title="bbox 365 5171 1938 5248">
     <span class='ocr_line' id='line_1_67' title="bbox 365 5171 1938 5248; baseline 0.004 -24"><span class='ocrx_word' id='word_1_368' title='bbox 365 5171 689 5238; x_wconf 80' lang='grc' dir='ltr'>ἁκενόδοξον</span> <span class='ocrx_word' id='word_1_369' title='bbox 709 5213 724 5238; x_wconf 92' lang='grc'><strong>,</strong></span> <span class='ocrx_word' id='word_1_370' title='bbox 758 5174 1122 5246; x_wconf 73' lang='grc' dir='ltr'>ἐλεημοσύνη,</span> <span class='ocrx_word' id='word_1_371' title='bbox 1167 5173 1516 5246; x_wconf 83' lang='grc' dir='ltr'>σωφροσύνη,</span> <span class='ocrx_word' id='word_1_372' title='bbox 1544 5175 1938 5248; x_wconf 81' lang='grc' dir='ltr'>ἀφιλαργυρία,</span> 
     </span>
    </p>
   </div>
   <div class='ocr_carea' id='block_1_68' title="bbox 363 5257 1939 5339">
    <p class='ocr_par' dir='ltr' id='par_1_68' title="bbox 363 5257 1939 5339">
     <span class='ocr_line' id='line_1_68' title="bbox 363 5257 1939 5339; baseline 0.008 -26"><span class='ocrx_word' id='word_1_373' title='bbox 363 5263 699 5332; x_wconf 78' lang='grc' dir='ltr'>συμπάθεια,</span> <span class='ocrx_word' id='word_1_374' title='bbox 751 5265 992 5335; x_wconf 79' lang='grc' dir='ltr'>ἄτυφον,</span> <span class='ocrx_word' id='word_1_375' title='bbox 1033 5257 1472 5339; x_wconf 81' lang='grc' dir='ltr'>ἀνυπερήφανον,</span> <span class='ocrx_word' id='word_1_376' title='bbox 1525 5270 1939 5325; x_wconf 82' lang='grc' dir='ltr'>κατανυκτικόν.</span> 
     </span>
    </p>
   </div>
   <div class='ocr_carea' id='block_1_69' title="bbox 374 5355 1942 5432">
    <p class='ocr_par' dir='ltr' id='par_1_69' title="bbox 374 5355 1942 5432">
     <span class='ocr_line' id='line_1_69' title="bbox 374 5355 1942 5432; baseline 0.006 -26"><span class='ocrx_word' id='word_1_377' title='bbox 374 5355 591 5424; x_wconf 76' lang='grc' dir='ltr'>Ἀρεταὶ</span> <span class='ocrx_word' id='word_1_378' title='bbox 624 5355 680 5410; x_wconf 83' lang='grc' dir='ltr'>δὲ</span> <span class='ocrx_word' id='word_1_379' title='bbox 721 5355 974 5428; x_wconf 79' lang='grc' dir='ltr'>σώματός</span> <span class='ocrx_word' id='word_1_380' title='bbox 1027 5360 1164 5412; x_wconf 75' lang='grc' dir='ltr'>εἰσιν</span> <span class='ocrx_word' id='word_1_381' title='bbox 1218 5356 1376 5414; x_wconf 76' lang='grc' dir='ltr'>αὗται</span> <span class='ocrx_word' id='word_1_382' title='bbox 1401 5377 1414 5391; x_wconf 75' lang='grc' dir='ltr'><strong>ο</strong></span> <span class='ocrx_word' id='word_1_383' title='bbox 1452 5362 1700 5431; x_wconf 80' lang='grc' dir='ltr'>νηστεία,</span> <span class='ocrx_word' id='word_1_384' title='bbox 1736 5379 1942 5432; x_wconf 81' lang='grc' dir='ltr'>χαμευ-</span> 
     </span>
    </p>
   </div>
   <div class='ocr_carea' id='block_1_70' title="bbox 365 5446 1941 5526">
    <p class='ocr_par' dir='ltr' id='par_1_70' title="bbox 365 5446 1941 5526">
     <span class='ocr_line' id='line_1_70' title="bbox 365 5446 1941 5526; baseline 0.006 -28"><span class='ocrx_word' id='word_1_385' title='bbox 365 5446 470 5508; x_wconf 76' lang='grc' dir='ltr'>νία,</span> <span class='ocrx_word' id='word_1_386' title='bbox 517 5449 814 5518; x_wconf 87' lang='grc' dir='ltr'>ἀγρυπνία,</span> <span class='ocrx_word' id='word_1_387' title='bbox 857 5452 1156 5523; x_wconf 78' lang='grc' dir='ltr'>ἐγκράτεια</span> <span class='ocrx_word' id='word_1_388' title='bbox 1180 5495 1195 5520; x_wconf 96' lang='grc'><strong>,</strong></span> <span class='ocrx_word' id='word_1_389' title='bbox 1231 5453 1606 5524; x_wconf 79' lang='grc' dir='ltr'>ἀκτημοσύνη,</span> <span class='ocrx_word' id='word_1_390' title='bbox 1646 5454 1707 5506; x_wconf 76' lang='grc' dir='ltr'>τὸ</span> <span class='ocrx_word' id='word_1_391' title='bbox 1744 5455 1941 5526; x_wconf 80' lang='grc' dir='ltr'>ἀπερί-</span> 
     </span>
    </p>
   </div>
   <div class='ocr_carea' id='block_1_71' title="bbox 361 5553 619 5595">
    <p class='ocr_par' dir='ltr' id='par_1_71' title="bbox 361 5553 619 5595">
     <span class='ocr_line' id='line_1_71' title="bbox 361 5553 619 5595; baseline 0.019 -6"><span class='ocrx_word' id='word_1_392' title='bbox 361 5553 471 5590; x_wconf 70' lang='grc' dir='ltr'><strong>σπα</strong></span> <span class='ocrx_word' id='word_1_393' title='bbox 480 5555 619 5595; x_wconf 77' lang='grc' dir='ltr'>στον.</span> 
     </span>
    </p>
   </div>
   <div class='ocr_carea' id='block_1_72' title="bbox 2513 4511 3127 4569">
    <p class='ocr_par' dir='ltr' id='par_1_72' title="bbox 2513 4511 3127 4569">
     <span class='ocr_line' id='line_1_72' title="bbox 2513 4511 3127 4569; baseline -0.003 0"><span class='ocrx_word' id='word_1_394' title='bbox 2513 4511 3034 4569; x_wconf 74' lang='lat' dir='ltr'><strong>INTERROGATIO</strong></span> <span class='ocrx_word' id='word_1_395' title='bbox 3084 4513 3127 4568; x_wconf 88' lang='grc' dir='ltr'><strong>Ι.</strong></span> 
     </span>
    </p>
   </div>
   <div class='ocr_carea' id='block_1_73' title="bbox 2120 4606 3628 4677">
    <p class='ocr_par' dir='ltr' id='par_1_73' title="bbox 2120 4606 3628 4677">
     <span class='ocr_line' id='line_1_73' title="bbox 2120 4606 3628 4677; baseline 0.003 -18"><span class='ocrx_word' id='word_1_396' title='bbox 2120 4606 2380 4672; x_wconf 76' lang='lat' dir='ltr'><strong>Quantam</strong></span> <span class='ocrx_word' id='word_1_397' title='bbox 2429 4607 2633 4672; x_wconf 60' lang='lat' dir='ltr'><strong>animi,</strong></span> <span class='ocrx_word' id='word_1_398' title='bbox 2674 4624 2736 4660; x_wconf 86' lang='lat' dir='ltr'><strong>ac</strong></span> <span class='ocrx_word' id='word_1_399' title='bbox 2795 4623 3042 4676; x_wconf 80' lang='lat' dir='ltr'><strong>quamam</strong></span> <span class='ocrx_word' id='word_1_400' title='bbox 3084 4607 3189 4660; x_wconf 71' lang='lat' dir='ltr'><strong>sint</strong></span> <span class='ocrx_word' id='word_1_401' title='bbox 3245 4611 3476 4677; x_wconf 68' lang='lat' dir='ltr'><strong>corporis</strong></span> <span class='ocrx_word' id='word_1_402' title='bbox 3525 4609 3628 4663; x_wconf 76' lang='lat' dir='ltr'><strong>vir-</strong></span> 
     </span>
    </p>
   </div>
   <div class='ocr_carea' id='block_1_74' title="bbox 2047 4699 2246 4752">
    <p class='ocr_par' dir='ltr' id='par_1_74' title="bbox 2047 4699 2246 4752">
     <span class='ocr_line' id='line_1_74' title="bbox 2047 4699 2246 4752; baseline 0.005 -1"><span class='ocrx_word' id='word_1_403' title='bbox 2047 4707 2180 4752; x_wconf 76' lang='lat' dir='ltr'><strong>tutes</strong></span> <span class='ocrx_word' id='word_1_404' title='bbox 2205 4699 2246 4752; x_wconf 65' lang='lat'><strong>?‘</strong></span> 
     </span>
    </p>
   </div>
   <div class='ocr_carea' id='block_1_75' title="bbox 2681 4809 2982 4882">
    <p class='ocr_par' dir='ltr' id='par_1_75' title="bbox 2681 4809 2982 4882">
     <span class='ocr_line' id='line_1_75' title="bbox 2681 4809 2982 4882; baseline 0.003 -18"><span class='ocrx_word' id='word_1_405' title='bbox 2681 4809 2982 4882; x_wconf 72' lang='lat' dir='ltr'><strong>Responsio.</strong></span> 
     </span>
    </p>
   </div>
   <div class='ocr_carea' id='block_1_76' title="bbox 2113 4902 3625 4971">
    <p class='ocr_par' dir='ltr' id='par_1_76' title="bbox 2113 4902 3625 4971">
     <span class='ocr_line' id='line_1_76' title="bbox 2113 4902 3625 4971; baseline 0.001 -12"><span class='ocrx_word' id='word_1_406' title='bbox 2113 4904 2296 4959; x_wconf 90' lang='lat' dir='ltr'><strong>Animi</strong></span> <span class='ocrx_word' id='word_1_407' title='bbox 2323 4903 2558 4958; x_wconf 87' lang='lat' dir='ltr'><strong>virtutes</strong></span> <span class='ocrx_word' id='word_1_408' title='bbox 2583 4912 2714 4957; x_wconf 90' lang='lat' dir='ltr'><strong>sunt</strong></span> <span class='ocrx_word' id='word_1_409' title='bbox 2749 4903 2876 4958; x_wconf 74' lang='lat' dir='ltr'><strong>lue:</strong></span> <span class='ocrx_word' id='word_1_410' title='bbox 2938 4904 3180 4958; x_wconf 85' lang='lat' dir='ltr'><strong>charitas</strong></span> <span class='ocrx_word' id='word_1_411' title='bbox 3226 4919 3324 4958; x_wconf 89' lang='lat' dir='ltr'><strong>seu</strong></span> <span class='ocrx_word' id='word_1_412' title='bbox 3378 4902 3625 4971; x_wconf 88' lang='lat' dir='ltr'><strong>dilectio,</strong></span> 
     </span>
    </p>
   </div>
   <div class='ocr_carea' id='block_1_77' title="bbox 2045 4995 3625 5066">
    <p class='ocr_par' dir='ltr' id='par_1_77' title="bbox 2045 4995 3625 5066">
     <span class='ocr_line' id='line_1_77' title="bbox 2045 4995 3625 5066; baseline 0 -15"><span class='ocrx_word' id='word_1_413' title='bbox 2045 4997 2354 5059; x_wconf 83' lang='lat' dir='ltr'><strong>humilitas,</strong></span> <span class='ocrx_word' id='word_1_414' title='bbox 2404 4995 2798 5060; x_wconf 89' lang='lat' dir='ltr'><strong>mansuetudo,</strong></span> <span class='ocrx_word' id='word_1_415' title='bbox 2853 4995 3284 5066; x_wconf 82' lang='lat' dir='ltr'><strong>longanimitas,</strong></span> <span class='ocrx_word' id='word_1_416' title='bbox 3335 4995 3625 5066; x_wconf 84' lang='lat' dir='ltr'><strong>patientia.</strong></span> 
     </span>
    </p>
   </div>
   <div class='ocr_carea' id='block_1_78' title="bbox 2045 5083 3632 5157">
    <p class='ocr_par' dir='ltr' id='par_1_78' title="bbox 2045 5083 3632 5157">
     <span class='ocr_line' id='line_1_78' title="bbox 2045 5083 3632 5157; baseline 0.001 -17"><span class='ocrx_word' id='word_1_417' title='bbox 2045 5087 2370 5157; x_wconf 89' lang='lat' dir='ltr'><strong>injuriarum</strong></span> <span class='ocrx_word' id='word_1_418' title='bbox 2436 5085 2668 5149; x_wconf 82' lang='lat' dir='ltr'><strong>oblivio,</strong></span> <span class='ocrx_word' id='word_1_419' title='bbox 2703 5083 2772 5138; x_wconf 86' lang='lat' dir='ltr'><strong>ab</strong></span> <span class='ocrx_word' id='word_1_420' title='bbox 2803 5083 2906 5148; x_wconf 87' lang='lat' dir='ltr'><strong>ira,</strong></span> <span class='ocrx_word' id='word_1_421' title='bbox 2931 5085 3141 5150; x_wconf 83' lang='lat' dir='ltr'><strong>furore,</strong></span> <span class='ocrx_word' id='word_1_422' title='bbox 3184 5084 3391 5139; x_wconf 87' lang='lat' dir='ltr'><strong>invidia</strong></span> <span class='ocrx_word' id='word_1_423' title='bbox 3430 5085 3632 5142; x_wconf 86' lang='lat' dir='ltr'><strong>immu-</strong></span> 
     </span>
    </p>
   </div>
   <div class='ocr_carea' id='block_1_79' title="bbox 2047 5176 3628 5248">
    <p class='ocr_par' dir='ltr' id='par_1_79' title="bbox 2047 5176 3628 5248">
     <span class='ocr_line' id='line_1_79' title="bbox 2047 5176 3628 5248; baseline -0.001 -13"><span class='ocrx_word' id='word_1_424' title='bbox 2047 5196 2175 5235; x_wconf 91' lang='lat' dir='ltr'><strong>nem</strong></span> <span class='ocrx_word' id='word_1_425' title='bbox 2209 5194 2354 5243; x_wconf 89' lang='lat' dir='ltr'><strong>esse,</strong></span> <span class='ocrx_word' id='word_1_426' title='bbox 2389 5193 2501 5232; x_wconf 90' lang='lat' dir='ltr'><strong>non</strong></span> <span class='ocrx_word' id='word_1_427' title='bbox 2520 5176 2794 5248; x_wconf 90' lang='lat' dir='ltr'><strong>judicare,</strong></span> <span class='ocrx_word' id='word_1_428' title='bbox 2822 5177 2973 5231; x_wconf 87' lang='lat' dir='ltr'><strong>inani</strong></span> <span class='ocrx_word' id='word_1_429' title='bbox 3002 5178 3190 5248; x_wconf 83' lang='lat' dir='ltr'><strong>gloriae</strong></span> <span class='ocrx_word' id='word_1_430' title='bbox 3211 5193 3324 5232; x_wconf 89' lang='lat' dir='ltr'><strong>non</strong></span> <span class='ocrx_word' id='word_1_431' title='bbox 3378 5177 3628 5247; x_wconf 88' lang='lat' dir='ltr'><strong>studere,</strong></span> 
     </span>
    </p>
   </div>
   <div class='ocr_carea' id='block_1_80' title="bbox 2045 5270 3627 5344">
    <p class='ocr_par' dir='ltr' id='par_1_80' title="bbox 2045 5270 3627 5344">
     <span class='ocr_line' id='line_1_80' title="bbox 2045 5270 3627 5344; baseline -0.001 -14"><span class='ocrx_word' id='word_1_432' title='bbox 2045 5275 2422 5344; x_wconf 87' lang='lat' dir='ltr'><strong>eleemosyna,</strong></span> <span class='ocrx_word' id='word_1_433' title='bbox 2452 5270 2680 5326; x_wconf 87' lang='lat' dir='ltr'><strong>castitas</strong></span> <span class='ocrx_word' id='word_1_434' title='bbox 2706 5270 2985 5340; x_wconf 88' lang='lat' dir='ltr'><strong>animique</strong></span> <span class='ocrx_word' id='word_1_435' title='bbox 3011 5271 3302 5336; x_wconf 85' lang='lat' dir='ltr'><strong>sobrietas,</strong></span> <span class='ocrx_word' id='word_1_436' title='bbox 3325 5288 3440 5328; x_wconf 90' lang='lat' dir='ltr'><strong>non</strong></span> <span class='ocrx_word' id='word_1_437' title='bbox 3473 5273 3627 5329; x_wconf 87' lang='lat' dir='ltr'><strong>avari</strong></span> 
     </span>
    </p>
   </div>
   <div class='ocr_carea' id='block_1_81' title="bbox 2048 5359 3628 5427">
    <p class='ocr_par' dir='ltr' id='par_1_81' title="bbox 2048 5359 3628 5427">
     <span class='ocr_line' id='line_1_81' title="bbox 2048 5359 3628 5427; baseline 0 -9"><span class='ocrx_word' id='word_1_438' title='bbox 2048 5379 2256 5426; x_wconf 89' lang='lat' dir='ltr'><strong>mores,</strong></span> <span class='ocrx_word' id='word_1_439' title='bbox 2291 5361 2462 5416; x_wconf 89' lang='lat' dir='ltr'><strong>animi</strong></span> <span class='ocrx_word' id='word_1_440' title='bbox 2506 5359 2824 5415; x_wconf 87' lang='lat' dir='ltr'><strong>miserantis</strong></span> <span class='ocrx_word' id='word_1_441' title='bbox 2852 5360 3094 5427; x_wconf 84' lang='lat' dir='ltr'><strong>aﬂ&#39;ectio,</strong></span> <span class='ocrx_word' id='word_1_442' title='bbox 3130 5377 3328 5418; x_wconf 89' lang='lat' dir='ltr'><strong>sensus</strong></span> <span class='ocrx_word' id='word_1_443' title='bbox 3365 5363 3434 5418; x_wconf 86' lang='lat' dir='ltr'><strong>ab</strong></span> <span class='ocrx_word' id='word_1_444' title='bbox 3477 5363 3628 5418; x_wconf 88' lang='lat' dir='ltr'><strong>omni</strong></span> 
     </span>
    </p>
   </div>
   <div class='ocr_carea' id='block_1_82' title="bbox 2048 5453 3630 5525">
    <p class='ocr_par' dir='ltr' id='par_1_82' title="bbox 2048 5453 3630 5525">
     <span class='ocr_line' id='line_1_82' title="bbox 2048 5453 3630 5525; baseline -0.001 -14"><span class='ocrx_word' id='word_1_445' title='bbox 2048 5455 2362 5525; x_wconf 87' lang='lat' dir='ltr'><strong>arrogantia</strong></span> <span class='ocrx_word' id='word_1_446' title='bbox 2397 5468 2461 5508; x_wconf 88' lang='lat' dir='ltr'><strong>ac</strong></span> <span class='ocrx_word' id='word_1_447' title='bbox 2493 5453 2754 5522; x_wconf 90' lang='lat' dir='ltr'><strong>superbia</strong></span> <span class='ocrx_word' id='word_1_448' title='bbox 2777 5455 3014 5522; x_wconf 87' lang='lat' dir='ltr'><strong>alienus,</strong></span> <span class='ocrx_word' id='word_1_449' title='bbox 3065 5455 3441 5525; x_wconf 88' lang='lat' dir='ltr'><strong>compunctio.</strong></span> <span class='ocrx_word' id='word_1_450' title='bbox 3495 5454 3630 5510; x_wconf 90' lang='lat' dir='ltr'><strong>Cor-</strong></span> 
     </span>
    </p>
   </div>
   <div class='ocr_carea' id='block_1_83' title="bbox 2048 5544 3634 5619">
    <p class='ocr_par' dir='ltr' id='par_1_83' title="bbox 2048 5544 3634 5619">
     <span class='ocr_line' id='line_1_83' title="bbox 2048 5544 3634 5619; baseline 0.001 -18"><span class='ocrx_word' id='word_1_451' title='bbox 2048 5547 2200 5619; x_wconf 90' lang='lat' dir='ltr'><strong>poris</strong></span> <span class='ocrx_word' id='word_1_452' title='bbox 2221 5553 2404 5599; x_wconf 91' lang='lat' dir='ltr'><strong>autem</strong></span> <span class='ocrx_word' id='word_1_453' title='bbox 2428 5544 2667 5598; x_wconf 74' lang='lat' dir='ltr'><strong>virtutes</strong></span> <span class='ocrx_word' id='word_1_454' title='bbox 2697 5555 2826 5602; x_wconf 90' lang='lat' dir='ltr'><strong>sunt</strong></span> <span class='ocrx_word' id='word_1_455' title='bbox 2857 5565 2870 5600; x_wconf 94' lang='lat'>:</span> <span class='ocrx_word' id='word_1_456' title='bbox 2909 5546 3202 5618; x_wconf 80' lang='lat' dir='ltr'><strong>jejunium,</strong></span> <span class='ocrx_word' id='word_1_457' title='bbox 3231 5546 3361 5605; x_wconf 90' lang='lat' dir='ltr'><strong>lecti</strong></span> <span class='ocrx_word' id='word_1_458' title='bbox 3398 5545 3634 5602; x_wconf 80' lang='lat' dir='ltr'><strong>durities</strong></span> 
     </span>
    </p>
   </div>
   <div class='ocr_carea' id='block_1_84' title="bbox 358 5624 3194 5712">
    <p class='ocr_par' dir='ltr' id='par_1_84' title="bbox 358 5624 3194 5712">
     <span class='ocr_line' id='line_1_84' title="bbox 358 5624 3194 5712; baseline 0.003 -28"><span class='ocrx_word' id='word_1_459' title='bbox 358 5629 615 5702; x_wconf 87' lang='lat' dir='ltr'><strong>nudaque</strong></span> <span class='ocrx_word' id='word_1_460' title='bbox 647 5635 801 5692; x_wconf 89' lang='lat' dir='ltr'><strong>humi</strong></span> <span class='ocrx_word' id='word_1_461' title='bbox 836 5638 1081 5705; x_wconf 89' lang='lat' dir='ltr'><strong>cubatio,</strong></span> <span class='ocrx_word' id='word_1_462' title='bbox 1109 5641 1329 5712; x_wconf 63' lang='lat' dir='ltr'><strong>vigilite,</strong></span> <span class='ocrx_word' id='word_1_463' title='bbox 1365 5641 1726 5708; x_wconf 85' lang='lat' dir='ltr'><strong>continentia,</strong></span> <span class='ocrx_word' id='word_1_464' title='bbox 1760 5658 1945 5698; x_wconf 90' lang='lat' dir='ltr'><strong>rerum</strong></span> <span class='ocrx_word' id='word_1_465' title='bbox 1983 5640 2280 5704; x_wconf 79' lang='lat' dir='ltr'><strong>abdicatio,</strong></span> <span class='ocrx_word' id='word_1_466' title='bbox 2306 5655 2414 5693; x_wconf 91' lang='lat' dir='ltr'><strong>non</strong></span> <span class='ocrx_word' id='word_1_467' title='bbox 2448 5638 2720 5708; x_wconf 80' lang='lat' dir='ltr'><strong>divagatio</strong></span> <span class='ocrx_word' id='word_1_468' title='bbox 2756 5658 2854 5698; x_wconf 87' lang='lat' dir='ltr'><strong>seu</strong></span> <span class='ocrx_word' id='word_1_469' title='bbox 2884 5624 3194 5698; x_wconf 79' lang='lat' dir='ltr'><strong>distractio.</strong></span> 
     </span>
    </p>
   </div>
   <div class='ocr_carea' id='block_1_85' title="bbox 427 5791 2706 5876">
    <p class='ocr_par' dir='ltr' id='par_1_85' title="bbox 427 5791 2706 5876">
     <span class='ocr_line' id='line_1_85' title="bbox 427 5791 2706 5876; baseline 0.006 -31"><span class='ocrx_word' id='word_1_470' title='bbox 427 5791 448 5814; x_wconf 83' lang='lat'><strong><em>‘</em></strong></span> <span class='ocrx_word' id='word_1_471' title='bbox 483 5791 560 5846; x_wconf 77' lang='lat' dir='ltr'><strong>Ex</strong></span> <span class='ocrx_word' id='word_1_472' title='bbox 612 5793 781 5866; x_wconf 80' lang='lat' dir='ltr'><strong>Regio</strong></span> <span class='ocrx_word' id='word_1_473' title='bbox 826 5799 950 5854; x_wconf 90' lang='lat' dir='ltr'><strong>cod.</strong></span> <span class='ocrx_word' id='word_1_474' title='bbox 982 5801 1264 5874; x_wconf 81' lang='lat' dir='ltr'><strong>alteroque</strong></span> <span class='ocrx_word' id='word_1_475' title='bbox 1313 5805 1486 5860; x_wconf 76' lang='lat' dir='ltr'><strong>excel.</strong></span> <span class='ocrx_word' id='word_1_476' title='bbox 1527 5805 1590 5860; x_wconf 72' lang='grc' dir='ltr'>ν.</span> <span class='ocrx_word' id='word_1_477' title='bbox 1631 5806 1778 5862; x_wconf 88' lang='lat' dir='ltr'><strong>Petri</strong></span> <span class='ocrx_word' id='word_1_478' title='bbox 1826 5805 2076 5876; x_wconf 85' lang='lat' dir='ltr'><strong>Seguier,</strong></span> <span class='ocrx_word' id='word_1_479' title='bbox 2101 5805 2344 5861; x_wconf 72' lang='lat' dir='ltr'><strong>Francia:</strong></span> <span class='ocrx_word' id='word_1_480' title='bbox 2371 5803 2706 5862; x_wconf 86' lang='lat' dir='ltr'><strong>cancellarii.</strong></span> 
     </span>
    </p>
   </div>
  </div>
