  <div class='ocr_page' id='page_1' title='image "/cluster/home/n/w/nwhite01/storage/ocr_20150623/90/mdp.39015022223161/406.png"; bbox 0 0 4126 6316; ppageno 0'>
   <div class='ocr_carea' id='block_1_1' title="bbox 254 362 352 426">
    <p class='ocr_par' dir='ltr' id='par_1_1' title="bbox 254 362 352 426">
     <span class='ocr_line' id='line_1_1' title="bbox 254 362 352 426; baseline -0.02 0"><span class='ocrx_word' id='word_1_1' title='bbox 254 362 352 426; x_wconf 83' lang='grc'><strong>801</strong></span> 
     </span>
    </p>
   </div>
   <div class='ocr_carea' id='block_1_2' title="bbox 1426 353 2320 426">
    <p class='ocr_par' dir='ltr' id='par_1_2' title="bbox 1426 353 2320 426">
     <span class='ocr_line' id='line_1_2' title="bbox 1426 353 2320 426; baseline -0.002 -11"><span class='ocrx_word' id='word_1_2' title='bbox 1426 353 1916 426; x_wconf 70' lang='grc' dir='ltr'><strong>ΟΙΜΞΞΤΙΟΝΕΞ</strong></span> <span class='ocrx_word' id='word_1_3' title='bbox 1954 353 2047 414; x_wconf 90' lang='grc' dir='ltr'><strong>ΕΤ</strong></span> <span class='ocrx_word' id='word_1_4' title='bbox 2087 355 2320 415; x_wconf 81' lang='lat' dir='ltr'><strong>DUBIA</strong></span> 
     </span>
    </p>
   </div>
   <div class='ocr_carea' id='block_1_3' title="bbox 3406 363 3512 428">
    <p class='ocr_par' dir='ltr' id='par_1_3' title="bbox 3406 363 3512 428">
     <span class='ocr_line' id='line_1_3' title="bbox 3406 363 3512 428; baseline 0.009 -1"><span class='ocrx_word' id='word_1_5' title='bbox 3406 363 3512 428; x_wconf 78' lang='lat'><strong>802</strong></span> 
     </span>
    </p>
   </div>
   <div class='ocr_carea' id='block_1_4' title="bbox 255 466 1831 552">
    <p class='ocr_par' dir='ltr' id='par_1_4' title="bbox 255 466 1830 545">
     <span class='ocr_line' id='line_1_4' title="bbox 255 466 1830 545; baseline -0.003 -20"><span class='ocrx_word' id='word_1_6' title='bbox 255 488 375 545; x_wconf 85' lang='grc' dir='ltr'>μον.</span> <span class='ocrx_word' id='word_1_7' title='bbox 404 471 503 525; x_wconf 65' lang='grc' dir='ltr'><strong>καὶ</strong></span> <span class='ocrx_word' id='word_1_8' title='bbox 522 469 709 524; x_wconf 73' lang='grc' dir='ltr'>ἔλασεν</span> <span class='ocrx_word' id='word_1_9' title='bbox 725 469 794 534; x_wconf 55' lang='grc' dir='ltr'>ἑξ</span> <span class='ocrx_word' id='word_1_10' title='bbox 826 467 991 521; x_wconf 75' lang='grc' dir='ltr'>αὐτοῦ</span> <span class='ocrx_word' id='word_1_11' title='bbox 1022 466 1244 539; x_wconf 54' lang='lat' dir='ltr'><strong>[nimim]</strong></span> <span class='ocrx_word' id='word_1_12' title='bbox 1274 467 1370 537; x_wconf 76' lang='grc' dir='ltr'>τὴν</span> <span class='ocrx_word' id='word_1_13' title='bbox 1395 467 1652 532; x_wconf 79' lang='grc' dir='ltr'>διάνοιαν,</span> <span class='ocrx_word' id='word_1_14' title='bbox 1684 469 1830 531; x_wconf 82' lang='grc' dir='ltr'>ὅπως</span> 
     </span>
    </p>
   </div>
   <div class='ocr_carea' id='block_1_5' title="bbox 1933 466 3514 552">
    <p class='ocr_par' dir='ltr' id='par_1_5' title="bbox 1936 468 3514 552">
     <span class='ocr_line' id='line_1_5' title="bbox 1936 468 3514 552; baseline 0.012 -30"><span class='ocrx_word' id='word_1_15' title='bbox 1936 470 2022 523; x_wconf 73' lang='lat' dir='ltr'><strong>tiae</strong></span> <span class='ocrx_word' id='word_1_16' title='bbox 2050 479 2196 524; x_wconf 88' lang='lat' dir='ltr'><strong>actu.</strong></span> <span class='ocrx_word' id='word_1_17' title='bbox 2225 468 2441 524; x_wconf 85' lang='lat' dir='ltr'><strong>Occidit</strong></span> <span class='ocrx_word' id='word_1_18' title='bbox 2463 471 2612 526; x_wconf 88' lang='lat' dir='ltr'><strong>enim</strong></span> <span class='ocrx_word' id='word_1_19' title='bbox 2643 472 2699 528; x_wconf 91' lang='lat' dir='ltr'><strong>in</strong></span> <span class='ocrx_word' id='word_1_20' title='bbox 2727 475 2887 531; x_wconf 89' lang='lat' dir='ltr'><strong>nobis</strong></span> <span class='ocrx_word' id='word_1_21' title='bbox 2911 477 3088 532; x_wconf 85' lang='lat' dir='ltr'><strong>virum</strong></span> <span class='ocrx_word' id='word_1_22' title='bbox 3114 479 3281 552; x_wconf 80' lang='lat' dir='ltr'><strong>(leget</strong></span> <span class='ocrx_word' id='word_1_23' title='bbox 3299 483 3514 541; x_wconf 83' lang='lat' dir='ltr'><strong>scilicet</strong></span> 
     </span>
    </p>
   </div>
   <div class='ocr_carea' id='block_1_6' title="bbox 250 559 1833 634">
    <p class='ocr_par' dir='ltr' id='par_1_6' title="bbox 250 559 1833 634">
     <span class='ocr_line' id='line_1_6' title="bbox 250 559 1833 634; baseline -0.003 -18"><span class='ocrx_word' id='word_1_24' title='bbox 250 564 424 634; x_wconf 75' lang='grc' dir='ltr'><em>ταύτῃ</em></span> <span class='ocrx_word' id='word_1_25' title='bbox 460 560 835 630; x_wconf 70' lang='grc' dir='ltr'>μιγνύμενοςνὸ</span> <span class='ocrx_word' id='word_1_26' title='bbox 867 561 965 629; x_wconf 80' lang='grc' dir='ltr'><strong>τῆς</strong></span> <span class='ocrx_word' id='word_1_27' title='bbox 1015 559 1209 620; x_wconf 80' lang='grc' dir='ltr'><strong>κακίας</strong></span> <span class='ocrx_word' id='word_1_28' title='bbox 1259 559 1515 629; x_wconf 80' lang='grc' dir='ltr'>σπορεὺς,</span> <span class='ocrx_word' id='word_1_29' title='bbox 1544 563 1833 613; x_wconf 71' lang='grc' dir='ltr'>ἀποτεκεῖν</span> 
     </span>
    </p>
   </div>
   <div class='ocr_carea' id='block_1_7' title="bbox 251 645 1833 724">
    <p class='ocr_par' dir='ltr' id='par_1_7' title="bbox 251 645 1833 724">
     <span class='ocr_line' id='line_1_7' title="bbox 251 645 1833 724; baseline -0.003 -18"><span class='ocrx_word' id='word_1_30' title='bbox 251 654 455 724; x_wconf 64' lang='grc' dir='ltr'>ποιήσῃ</span> <span class='ocrx_word' id='word_1_31' title='bbox 496 650 595 721; x_wconf 79' lang='grc' dir='ltr'><strong>τὴν</strong></span> <span class='ocrx_word' id='word_1_32' title='bbox 625 649 920 722; x_wconf 80' lang='grc' dir='ltr'>ἁμαρτία-ν.</span> <span class='ocrx_word' id='word_1_33' title='bbox 968 650 1064 702; x_wconf 80' lang='grc' dir='ltr'>Ἐκ</span> <span class='ocrx_word' id='word_1_34' title='bbox 1111 649 1303 701; x_wconf 76' lang='grc' dir='ltr'>τούτου</span> <span class='ocrx_word' id='word_1_35' title='bbox 1359 645 1451 702; x_wconf 78' lang='grc' dir='ltr'><strong>οὖν</strong></span> <span class='ocrx_word' id='word_1_36' title='bbox 1498 647 1592 701; x_wconf 83' lang='grc' dir='ltr'><strong>τοῦ</strong></span> <span class='ocrx_word' id='word_1_37' title='bbox 1641 648 1833 718; x_wconf 82' lang='grc' dir='ltr'><strong>Λάμεχ</strong></span> 
     </span>
    </p>
   </div>
   <div class='ocr_carea' id='block_1_8' title="bbox 253 738 1833 809">
    <p class='ocr_par' dir='ltr' id='par_1_8' title="bbox 253 738 1833 809">
     <span class='ocr_line' id='line_1_8' title="bbox 253 738 1833 809; baseline -0.003 -15"><span class='ocrx_word' id='word_1_38' title='bbox 253 740 713 809; x_wconf 73' lang='grc' dir='ltr'>ἑϐδομηκοντάκις</span> <span class='ocrx_word' id='word_1_39' title='bbox 743 738 884 791; x_wconf 76' lang='grc' dir='ltr'>ἑπτὰ</span> <span class='ocrx_word' id='word_1_40' title='bbox 913 739 1230 791; x_wconf 82' lang='grc' dir='ltr'>ὲκδικείται·</span> <span class='ocrx_word' id='word_1_41' title='bbox 1257 738 1399 808; x_wconf 82' lang='grc' dir='ltr'>ὑπὲρ</span> <span class='ocrx_word' id='word_1_42' title='bbox 1433 739 1532 806; x_wconf 76' lang='grc' dir='ltr'><strong>τῆς</strong></span> <span class='ocrx_word' id='word_1_43' title='bbox 1563 755 1833 806; x_wconf 83' lang='grc' dir='ltr'>συγκατα-</span> 
     </span>
    </p>
   </div>
   <div class='ocr_carea' id='block_1_9' title="bbox 253 829 1832 900">
    <p class='ocr_par' dir='ltr' id='par_1_9' title="bbox 253 829 1832 900">
     <span class='ocr_line' id='line_1_9' title="bbox 253 829 1832 900; baseline -0.001 -17"><span class='ocrx_word' id='word_1_44' title='bbox 253 830 452 891; x_wconf 77' lang='grc' dir='ltr'><strong>θέσεως</strong></span> <span class='ocrx_word' id='word_1_45' title='bbox 473 830 567 882; x_wconf 76' lang='grc' dir='ltr'><strong>καὶ</strong></span> <span class='ocrx_word' id='word_1_46' title='bbox 602 830 883 900; x_wconf 76' lang='grc' dir='ltr'><strong>ἐνεργείας</strong></span> <span class='ocrx_word' id='word_1_47' title='bbox 924 829 1081 892; x_wconf 84' lang='grc' dir='ltr'>δίκας</span> <span class='ocrx_word' id='word_1_48' title='bbox 1104 830 1514 900; x_wconf 74' lang='grc' dir='ltr'>εἰσπράττεται.</span> <span class='ocrx_word' id='word_1_49' title='bbox 1548 829 1712 882; x_wconf 83' lang='grc' dir='ltr'>Ὅθεν</span> <span class='ocrx_word' id='word_1_50' title='bbox 1738 832 1832 882; x_wconf 78' lang='grc' dir='ltr'><strong>καὶ</strong></span> 
     </span>
    </p>
   </div>
   <div class='ocr_carea' id='block_1_10' title="bbox 251 920 1830 992">
    <p class='ocr_par' dir='ltr' id='par_1_10' title="bbox 251 920 1830 992">
     <span class='ocr_line' id='line_1_10' title="bbox 251 920 1830 992; baseline 0 -18"><span class='ocrx_word' id='word_1_51' title='bbox 251 923 279 974; x_wconf 84' lang='grc' dir='ltr'>ὀ</span> <span class='ocrx_word' id='word_1_52' title='bbox 305 921 510 992; x_wconf 79' lang='grc' dir='ltr'>Κύριος</span> <span class='ocrx_word' id='word_1_53' title='bbox 542 921 788 988; x_wconf 80' lang='grc' dir='ltr'>λέγοντος</span> <span class='ocrx_word' id='word_1_54' title='bbox 851 920 1094 991; x_wconf 81' lang='grc' dir='ltr'>Πέτρον,</span> <span class='ocrx_word' id='word_1_55' title='bbox 1134 922 1403 986; x_wconf 70' lang='grc' dir='ltr'><strong>Ποσάιιις</strong></span> <span class='ocrx_word' id='word_1_56' title='bbox 1446 922 1556 974; x_wconf 82' lang='grc' dir='ltr'><strong>ἐὰν</strong></span> <span class='ocrx_word' id='word_1_57' title='bbox 1599 921 1830 990; x_wconf 77' lang='grc' dir='ltr'><strong>ἁμάρτῃ</strong></span> 
     </span>
    </p>
   </div>
   <div class='ocr_carea' id='block_1_11' title="bbox 252 1010 1829 1080">
    <p class='ocr_par' dir='ltr' id='par_1_11' title="bbox 252 1010 1829 1080">
     <span class='ocr_line' id='line_1_11' title="bbox 252 1010 1829 1080; baseline -0.001 -16"><span class='ocrx_word' id='word_1_58' title='bbox 252 1014 339 1078; x_wconf 85' lang='grc' dir='ltr'>εις</span> <span class='ocrx_word' id='word_1_59' title='bbox 368 1013 472 1080; x_wconf 80' lang='grc' dir='ltr'><strong>ἐμὲ</strong></span> <span class='ocrx_word' id='word_1_60' title='bbox 519 1015 552 1065; x_wconf 84' lang='grc' dir='ltr'><em>ό</em></span> <span class='ocrx_word' id='word_1_61' title='bbox 599 1011 860 1080; x_wconf 63' lang='grc' dir='ltr'>ἁδελφός</span> <span class='ocrx_word' id='word_1_62' title='bbox 882 1028 1021 1079; x_wconf 86' lang='grc' dir='ltr'>μου,</span> <span class='ocrx_word' id='word_1_63' title='bbox 1053 1010 1269 1079; x_wconf 59' lang='grc' dir='ltr'><em>ἀφήσω</em></span> <span class='ocrx_word' id='word_1_64' title='bbox 1297 1011 1477 1076; x_wconf 79' lang='grc' dir='ltr'><strong>αὐτῷ’</strong></span> <span class='ocrx_word' id='word_1_65' title='bbox 1509 1010 1619 1076; x_wconf 78' lang='grc' dir='ltr'><strong>ἕως</strong></span> <span class='ocrx_word' id='word_1_66' title='bbox 1651 1011 1829 1064; x_wconf 77' lang='grc' dir='ltr'><em>ἑπτά-</em></span> 
     </span>
    </p>
   </div>
   <div class='ocr_carea' id='block_1_12' title="bbox 252 1103 1829 1175">
    <p class='ocr_par' dir='ltr' id='par_1_12' title="bbox 252 1103 1829 1175">
     <span class='ocr_line' id='line_1_12' title="bbox 252 1103 1829 1175; baseline 0 -19"><span class='ocrx_word' id='word_1_67' title='bbox 252 1121 344 1170; x_wconf 78' lang='grc' dir='ltr'><strong>κις</strong></span> <span class='ocrx_word' id='word_1_68' title='bbox 363 1121 383 1168; x_wconf 89' lang='grc'><strong><em>;</em></strong></span> <span class='ocrx_word' id='word_1_69' title='bbox 415 1103 713 1175; x_wconf 72' lang='grc' dir='ltr'><strong>Ἀπεκρίθη</strong></span> <span class='ocrx_word' id='word_1_70' title='bbox 744 1103 914 1173; x_wconf 75' lang='grc' dir='ltr'>αὐτῷ.</span> <span class='ocrx_word' id='word_1_71' title='bbox 935 1106 1016 1156; x_wconf 80' lang='grc' dir='ltr'><strong>οὐ</strong></span> <span class='ocrx_word' id='word_1_72' title='bbox 1032 1104 1224 1171; x_wconf 73' lang='grc' dir='ltr'><em>μόνον</em></span> <span class='ocrx_word' id='word_1_73' title='bbox 1385 1104 1652 1170; x_wconf 74' lang='grc' dir='ltr'><strong>ἑπτάκις,</strong></span> <span class='ocrx_word' id='word_1_74' title='bbox 1693 1105 1829 1157; x_wconf 72' lang='grc' dir='ltr'>ἀλλ’</span> 
     </span>
    </p>
   </div>
   <div class='ocr_carea' id='block_1_13' title="bbox 250 1193 1831 1265">
    <p class='ocr_par' dir='ltr' id='par_1_13' title="bbox 250 1193 1831 1265">
     <span class='ocr_line' id='line_1_13' title="bbox 250 1193 1831 1265; baseline 0.001 -19"><span class='ocrx_word' id='word_1_75' title='bbox 250 1193 360 1258; x_wconf 79' lang='grc' dir='ltr'><strong>ἕως</strong></span> <span class='ocrx_word' id='word_1_76' title='bbox 377 1193 887 1262; x_wconf 76' lang='grc' dir='ltr'><strong>ἑϐδομηκοντάκις</strong></span> <span class='ocrx_word' id='word_1_77' title='bbox 906 1193 1076 1247; x_wconf 82' lang='grc' dir='ltr'><em>ἑπτά.</em></span> <span class='ocrx_word' id='word_1_78' title='bbox 1107 1195 1383 1259; x_wconf 80' lang='grc' dir='ltr'><strong>Τουτέστι,</strong></span> <span class='ocrx_word' id='word_1_79' title='bbox 1411 1195 1488 1265; x_wconf 84' lang='grc' dir='ltr'><em>τῷ</em></span> <span class='ocrx_word' id='word_1_80' title='bbox 1513 1196 1831 1265; x_wconf 74' lang='grc' dir='ltr'>μετανοοῦνρ</span> 
     </span>
    </p>
   </div>
   <div class='ocr_carea' id='block_1_14' title="bbox 251 1287 1831 1359">
    <p class='ocr_par' dir='ltr' id='par_1_14' title="bbox 251 1287 1831 1359">
     <span class='ocr_line' id='line_1_14' title="bbox 251 1287 1831 1359; baseline -0.001 -17"><span class='ocrx_word' id='word_1_81' title='bbox 251 1287 303 1342; x_wconf 82' lang='grc' dir='ltr'><em>τί</em></span> <span class='ocrx_word' id='word_1_82' title='bbox 335 1303 440 1351; x_wconf 89' lang='grc' dir='ltr'>σοι,</span> <span class='ocrx_word' id='word_1_83' title='bbox 483 1288 558 1358; x_wconf 84' lang='grc' dir='ltr'>μὴ</span> <span class='ocrx_word' id='word_1_84' title='bbox 597 1288 758 1357; x_wconf 85' lang='grc' dir='ltr'>μόνον</span> <span class='ocrx_word' id='word_1_85' title='bbox 794 1288 866 1341; x_wconf 83' lang='grc' dir='ltr'><em>τὰ</em></span> <span class='ocrx_word' id='word_1_86' title='bbox 906 1287 1079 1359; x_wconf 74' lang='grc' dir='ltr'>μικρὰ</span> <span class='ocrx_word' id='word_1_87' title='bbox 1115 1289 1180 1339; x_wconf 74' lang='grc' dir='ltr'><em>τὰ</em></span> <span class='ocrx_word' id='word_1_88' title='bbox 1228 1289 1286 1340; x_wconf 81' lang='grc' dir='ltr'>ὲν</span> <span class='ocrx_word' id='word_1_89' title='bbox 1317 1289 1716 1355; x_wconf 75' lang='grc' dir='ltr'>συγκαταθέσει</span> <span class='ocrx_word' id='word_1_90' title='bbox 1746 1305 1831 1356; x_wconf 88' lang='grc' dir='ltr'>γι-</span> 
     </span>
    </p>
   </div>
   <div class='ocr_carea' id='block_1_15' title="bbox 222 1379 1516 1451">
    <p class='ocr_par' dir='ltr' id='par_1_15' title="bbox 222 1379 1516 1451">
     <span class='ocr_line' id='line_1_15' title="bbox 222 1379 1516 1451; baseline 0.002 -20"><span class='ocrx_word' id='word_1_91' title='bbox 222 1405 224 1408; x_wconf 56' lang='grc' dir='ltr'><strong>ν</strong></span> <span class='ocrx_word' id='word_1_92' title='bbox 251 1379 472 1449; x_wconf 75' lang='grc' dir='ltr'>νόμενα,</span> <span class='ocrx_word' id='word_1_93' title='bbox 509 1379 646 1434; x_wconf 80' lang='grc' dir='ltr'>ἀλλὰ</span> <span class='ocrx_word' id='word_1_94' title='bbox 689 1381 911 1444; x_wconf 73' lang='grc' dir='ltr'>καὶτὰς</span> <span class='ocrx_word' id='word_1_95' title='bbox 951 1381 1231 1451; x_wconf 77' lang='grc' dir='ltr'>ἐνεργείας</span> <span class='ocrx_word' id='word_1_96' title='bbox 1262 1380 1516 1450; x_wconf 74' lang='grc' dir='ltr'>ἀφήσεις.</span> 
     </span>
    </p>
   </div>
   <div class='ocr_carea' id='block_1_16' title="bbox 873 1676 1200 1731">
    <p class='ocr_par' dir='ltr' id='par_1_16' title="bbox 873 1676 1200 1731">
     <span class='ocr_line' id='line_1_16' title="bbox 873 1676 1200 1731; baseline 0.003 -1"><span class='ocrx_word' id='word_1_97' title='bbox 873 1676 1068 1731; x_wconf 80' lang='grc' dir='ltr'><strong>ΕΡΩΤ.</strong></span> <span class='ocrx_word' id='word_1_98' title='bbox 1116 1679 1200 1731; x_wconf 82' lang='lat' dir='ltr'><strong>K&#39;.</strong></span> 
     </span>
    </p>
   </div>
   <div class='ocr_carea' id='block_1_17' title="bbox 319 1770 1368 1841">
    <p class='ocr_par' dir='ltr' id='par_1_17' title="bbox 319 1770 1368 1841">
     <span class='ocr_line' id='line_1_17' title="bbox 319 1770 1368 1841; baseline 0.002 -15"><span class='ocrx_word' id='word_1_99' title='bbox 319 1771 458 1841; x_wconf 81' lang='grc' dir='ltr'>Περὶ</span> <span class='ocrx_word' id='word_1_100' title='bbox 487 1770 789 1840; x_wconf 66' lang='grc' dir='ltr'><strong>διαφόρων</strong></span> <span class='ocrx_word' id='word_1_101' title='bbox 817 1771 1171 1840; x_wconf 74' lang='grc' dir='ltr'><strong>θελημὰτων</strong></span> <span class='ocrx_word' id='word_1_102' title='bbox 1199 1773 1368 1828; x_wconf 79' lang='grc' dir='ltr'><strong>Θεοῦ.</strong></span> 
     </span>
    </p>
   </div>
   <div class='ocr_carea' id='block_1_18' title="bbox 916 1885 1158 1954">
    <p class='ocr_par' dir='ltr' id='par_1_18' title="bbox 916 1885 1158 1954">
     <span class='ocr_line' id='line_1_18' title="bbox 916 1885 1158 1954; baseline 0.017 -16"><span class='ocrx_word' id='word_1_103' title='bbox 916 1885 1158 1954; x_wconf 80' lang='grc' dir='ltr'><strong>Ἀπόκρ.</strong></span> 
     </span>
    </p>
   </div>
   <div class='ocr_carea' id='block_1_19' title="bbox 323 1976 1829 2050">
    <p class='ocr_par' dir='ltr' id='par_1_19' title="bbox 323 1976 1829 2050">
     <span class='ocr_line' id='line_1_19' title="bbox 323 1976 1829 2050; baseline 0.001 -21"><span class='ocrx_word' id='word_1_104' title='bbox 323 1977 463 2047; x_wconf 88' lang='grc' dir='ltr'>Τρία</span> <span class='ocrx_word' id='word_1_105' title='bbox 493 1976 777 2046; x_wconf 81' lang='grc' dir='ltr'>θελήματα</span> <span class='ocrx_word' id='word_1_106' title='bbox 815 1977 908 2030; x_wconf 79' lang='grc' dir='ltr'><strong>ἐπὶ</strong></span> <span class='ocrx_word' id='word_1_107' title='bbox 933 1977 1069 2030; x_wconf 77' lang='grc' dir='ltr'>Θεοῦ</span> <span class='ocrx_word' id='word_1_108' title='bbox 1104 1977 1210 2049; x_wconf 81' lang='grc' dir='ltr'><strong>χρὴ</strong></span> <span class='ocrx_word' id='word_1_109' title='bbox 1245 1977 1671 2050; x_wconf 78' lang='grc' dir='ltr'>ὑπολαμϐάνειν·</span> <span class='ocrx_word' id='word_1_110' title='bbox 1709 1979 1829 2031; x_wconf 75' lang='grc' dir='ltr'>κατ’</span> 
     </span>
    </p>
   </div>
   <div class='ocr_carea' id='block_1_20' title="bbox 253 2053 1831 2140">
    <p class='ocr_par' dir='ltr' id='par_1_20' title="bbox 253 2053 1831 2140">
     <span class='ocr_line' id='line_1_20' title="bbox 253 2053 1831 2140; baseline 0.002 -20"><span class='ocrx_word' id='word_1_111' title='bbox 253 2068 520 2130; x_wconf 78' lang='grc' dir='ltr'>εὐδοκίαν,</span> <span class='ocrx_word' id='word_1_112' title='bbox 566 2068 686 2120; x_wconf 83' lang='grc' dir='ltr'>κατ’</span> <span class='ocrx_word' id='word_1_113' title='bbox 716 2068 1032 2140; x_wconf 76' lang='grc' dir='ltr'><strong>οἰκονομίαν</strong></span> <span class='ocrx_word' id='word_1_114' title='bbox 1057 2109 1073 2134; x_wconf 91' lang='grc'><strong>,</strong></span> <span class='ocrx_word' id='word_1_115' title='bbox 1113 2072 1262 2124; x_wconf 78' lang='grc' dir='ltr'>κατὰ</span> <span class='ocrx_word' id='word_1_116' title='bbox 1305 2053 1676 2140; x_wconf 83' lang='grc' dir='ltr'>συγχώρησιν.</span> <span class='ocrx_word' id='word_1_117' title='bbox 1722 2071 1831 2123; x_wconf 76' lang='grc' dir='ltr'><strong>Καὶ</strong></span> 
     </span>
    </p>
   </div>
   <div class='ocr_carea' id='block_1_21' title="bbox 251 2161 1828 2234">
    <p class='ocr_par' dir='ltr' id='par_1_21' title="bbox 251 2161 1828 2234">
     <span class='ocr_line' id='line_1_21' title="bbox 251 2161 1828 2234; baseline 0.001 -21"><span class='ocrx_word' id='word_1_118' title='bbox 251 2161 312 2213; x_wconf 75' lang='grc' dir='ltr'><strong>τὺ</strong></span> <span class='ocrx_word' id='word_1_119' title='bbox 348 2161 444 2232; x_wconf 74' lang='grc' dir='ltr'>μὲν</span> <span class='ocrx_word' id='word_1_120' title='bbox 473 2161 594 2214; x_wconf 84' lang='grc' dir='ltr'>κατ’</span> <span class='ocrx_word' id='word_1_121' title='bbox 629 2161 878 2214; x_wconf 75' lang='grc' dir='ltr'>εὐδοκίαν</span> <span class='ocrx_word' id='word_1_122' title='bbox 922 2161 1092 2232; x_wconf 81' lang='grc' dir='ltr'>δηλοῖ,</span> <span class='ocrx_word' id='word_1_123' title='bbox 1127 2161 1197 2215; x_wconf 71' lang='grc' dir='ltr'><em>τὰ</em></span> <span class='ocrx_word' id='word_1_124' title='bbox 1239 2163 1379 2215; x_wconf 82' lang='grc' dir='ltr'><strong>κατά</strong></span> <span class='ocrx_word' id='word_1_125' title='bbox 1412 2163 1504 2214; x_wconf 81' lang='grc' dir='ltr'>τὸν</span> <span class='ocrx_word' id='word_1_126' title='bbox 1552 2163 1828 2234; x_wconf 79' lang='grc' dir='ltr'>Ἃὸραὰμ,</span> 
     </span>
    </p>
   </div>
   <div class='ocr_carea' id='block_1_22' title="bbox 251 2252 1832 2324">
    <p class='ocr_par' dir='ltr' id='par_1_22' title="bbox 251 2252 1832 2324">
     <span class='ocr_line' id='line_1_22' title="bbox 251 2252 1832 2324; baseline 0.001 -19"><span class='ocrx_word' id='word_1_127' title='bbox 251 2253 501 2320; x_wconf 80' lang='grc' dir='ltr'>λέγοντος</span> <span class='ocrx_word' id='word_1_128' title='bbox 533 2252 670 2324; x_wconf 82' lang='grc' dir='ltr'>πρὸς</span> <span class='ocrx_word' id='word_1_129' title='bbox 713 2253 896 2312; x_wconf 78' lang='grc' dir='ltr'>αὐτὸν.</span> <span class='ocrx_word' id='word_1_130' title='bbox 936 2254 1182 2318; x_wconf 78' lang='grc' dir='ltr'>Ἔξελθε</span> <span class='ocrx_word' id='word_1_131' title='bbox 1212 2253 1280 2306; x_wconf 85' lang='grc' dir='ltr'>ἐκ</span> <span class='ocrx_word' id='word_1_132' title='bbox 1311 2253 1421 2321; x_wconf 81' lang='grc' dir='ltr'><strong>τῆς</strong></span> <span class='ocrx_word' id='word_1_133' title='bbox 1451 2253 1563 2322; x_wconf 70' lang='grc' dir='ltr'>γῆς</span> <span class='ocrx_word' id='word_1_134' title='bbox 1592 2271 1728 2308; x_wconf 86' lang='grc' dir='ltr'><strong>σου.</strong></span> <span class='ocrx_word' id='word_1_135' title='bbox 1759 2255 1832 2306; x_wconf 82' lang='grc' dir='ltr'>Τὸ</span> 
     </span>
    </p>
   </div>
   <div class='ocr_carea' id='block_1_23' title="bbox 249 2339 1829 2413">
    <p class='ocr_par' dir='ltr' id='par_1_23' title="bbox 249 2339 1829 2413">
     <span class='ocr_line' id='line_1_23' title="bbox 249 2339 1829 2413; baseline 0.002 -20"><span class='ocrx_word' id='word_1_136' title='bbox 249 2339 308 2393; x_wconf 81' lang='grc' dir='ltr'>δὲ</span> <span class='ocrx_word' id='word_1_137' title='bbox 355 2342 475 2394; x_wconf 80' lang='grc' dir='ltr'>κατ’</span> <span class='ocrx_word' id='word_1_138' title='bbox 509 2343 841 2412; x_wconf 76' lang='grc' dir='ltr'>οἰκονομίαν,</span> <span class='ocrx_word' id='word_1_139' title='bbox 877 2342 1029 2412; x_wconf 80' lang='grc' dir='ltr'><strong>δηλοῖ</strong></span> <span class='ocrx_word' id='word_1_140' title='bbox 1053 2343 1120 2396; x_wconf 75' lang='grc' dir='ltr'><strong>τὰ</strong></span> <span class='ocrx_word' id='word_1_141' title='bbox 1152 2342 1294 2396; x_wconf 82' lang='grc' dir='ltr'>κατὰ</span> <span class='ocrx_word' id='word_1_142' title='bbox 1321 2343 1412 2395; x_wconf 72' lang='grc' dir='ltr'>τὸν</span> <span class='ocrx_word' id='word_1_143' title='bbox 1455 2344 1652 2413; x_wconf 78' lang='grc' dir='ltr'><strong>Ἰωσὴφ</strong></span> <span class='ocrx_word' id='word_1_144' title='bbox 1683 2347 1829 2396; x_wconf 77' lang='grc' dir='ltr'>οἰκο-</span> 
     </span>
    </p>
   </div>
   <div class='ocr_carea' id='block_1_24' title="bbox 252 2431 1830 2505">
    <p class='ocr_par' dir='ltr' id='par_1_24' title="bbox 252 2431 1830 2505">
     <span class='ocr_line' id='line_1_24' title="bbox 252 2431 1830 2505; baseline 0.002 -20"><span class='ocrx_word' id='word_1_145' title='bbox 252 2431 579 2502; x_wconf 65' lang='grc' dir='ltr'>ωμηθὲντα,</span> <span class='ocrx_word' id='word_1_146' title='bbox 624 2435 760 2502; x_wconf 59' lang='grc' dir='ltr'>πρδς</span> <span class='ocrx_word' id='word_1_147' title='bbox 799 2435 894 2502; x_wconf 82' lang='grc' dir='ltr'>τὴν</span> <span class='ocrx_word' id='word_1_148' title='bbox 926 2435 1033 2487; x_wconf 84' lang='grc' dir='ltr'><strong>τῶν</strong></span> <span class='ocrx_word' id='word_1_149' title='bbox 1067 2434 1370 2505; x_wconf 81' lang='grc' dir='ltr'>μελλόντων</span> <span class='ocrx_word' id='word_1_150' title='bbox 1408 2433 1654 2500; x_wconf 78' lang='grc' dir='ltr'>ἔκϐασιν,</span> <span class='ocrx_word' id='word_1_151' title='bbox 1682 2437 1741 2487; x_wconf 79' lang='grc' dir='ltr'><em>τὸ</em></span> <span class='ocrx_word' id='word_1_152' title='bbox 1769 2435 1830 2488; x_wconf 81' lang='grc' dir='ltr'>δὲ</span> 
     </span>
    </p>
   </div>
   <div class='ocr_carea' id='block_1_25' title="bbox 248 2525 1826 2596">
    <p class='ocr_par' dir='ltr' id='par_1_25' title="bbox 248 2525 1826 2596">
     <span class='ocr_line' id='line_1_25' title="bbox 248 2525 1826 2596; baseline 0.001 -18"><span class='ocrx_word' id='word_1_153' title='bbox 248 2525 394 2578; x_wconf 73' lang='grc' dir='ltr'>κατὰ</span> <span class='ocrx_word' id='word_1_154' title='bbox 425 2525 790 2595; x_wconf 73' lang='grc' dir='ltr'><strong>συγχώρησιν,</strong></span> <span class='ocrx_word' id='word_1_155' title='bbox 820 2525 970 2596; x_wconf 72' lang='grc' dir='ltr'><strong>δηλοί</strong></span> <span class='ocrx_word' id='word_1_156' title='bbox 993 2525 1060 2578; x_wconf 84' lang='grc' dir='ltr'><em>τὰ</em></span> <span class='ocrx_word' id='word_1_157' title='bbox 1087 2526 1228 2580; x_wconf 80' lang='grc' dir='ltr'>κατὰ</span> <span class='ocrx_word' id='word_1_158' title='bbox 1253 2527 1346 2579; x_wconf 85' lang='grc' dir='ltr'>τὸν</span> <span class='ocrx_word' id='word_1_159' title='bbox 1387 2525 1506 2579; x_wconf 75' lang='grc' dir='ltr'><strong>Ἰὼϐ</strong></span> <span class='ocrx_word' id='word_1_160' title='bbox 1537 2527 1826 2596; x_wconf 79' lang='grc' dir='ltr'>γενόμενα.</span> 
     </span>
    </p>
   </div>
   <div class='ocr_carea' id='block_1_26' title="bbox 847 2815 1227 2868">
    <p class='ocr_par' dir='ltr' id='par_1_26' title="bbox 847 2815 1227 2868">
     <span class='ocr_line' id='line_1_26' title="bbox 847 2815 1227 2868; baseline 0.005 -2"><span class='ocrx_word' id='word_1_161' title='bbox 847 2815 1041 2867; x_wconf 81' lang='grc' dir='ltr'><strong>ΕΡΩΤ.</strong></span> <span class='ocrx_word' id='word_1_162' title='bbox 1099 2817 1227 2868; x_wconf 77' lang='lat' dir='ltr'><strong>KA&quot;.</strong></span> 
     </span>
    </p>
   </div>
   <div class='ocr_carea' id='block_1_27' title="bbox 327 2905 1825 2976">
    <p class='ocr_par' dir='ltr' id='par_1_27' title="bbox 327 2905 1825 2976">
     <span class='ocr_line' id='line_1_27' title="bbox 327 2905 1825 2976; baseline 0.008 -17"><span class='ocrx_word' id='word_1_163' title='bbox 327 2905 387 2960; x_wconf 76' lang='grc' dir='ltr'>Τί</span> <span class='ocrx_word' id='word_1_164' title='bbox 414 2905 695 2972; x_wconf 81' lang='grc' dir='ltr'>σημαίνει</span> <span class='ocrx_word' id='word_1_165' title='bbox 724 2909 756 2959; x_wconf 84' lang='grc' dir='ltr'><strong><em>ό</em></strong></span> <span class='ocrx_word' id='word_1_166' title='bbox 804 2907 1132 2975; x_wconf 68' lang='grc' dir='ltr'>Ψαλμῳδὸς</span> <span class='ocrx_word' id='word_1_167' title='bbox 1161 2908 1294 2976; x_wconf 79' lang='grc' dir='ltr'>περὶ</span> <span class='ocrx_word' id='word_1_168' title='bbox 1341 2907 1569 2976; x_wconf 70' lang='grc' dir='ltr'><strong>ἐχθρῶν</strong></span> <span class='ocrx_word' id='word_1_169' title='bbox 1600 2907 1825 2976; x_wconf 68' lang='grc' dir='ltr'><strong>λέγωνὶ</strong></span> 
     </span>
    </p>
   </div>
   <div class='ocr_carea' id='block_1_28' title="bbox 255 2995 1257 3068">
    <p class='ocr_par' dir='ltr' id='par_1_28' title="bbox 255 2995 1257 3068">
     <span class='ocr_line' id='line_1_28' title="bbox 255 2995 1257 3068; baseline 0.003 -20"><span class='ocrx_word' id='word_1_170' title='bbox 255 3014 276 3048; x_wconf 72' lang='grc' dir='ltr'><strong>ε</strong></span> <span class='ocrx_word' id='word_1_171' title='bbox 327 2995 450 3049; x_wconf 77' lang='grc' dir='ltr'><strong>Τῶν</strong></span> <span class='ocrx_word' id='word_1_172' title='bbox 478 2997 681 3064; x_wconf 76' lang='grc' dir='ltr'>κύκλῳ</span> <span class='ocrx_word' id='word_1_173' title='bbox 710 2997 1133 3068; x_wconf 71' lang='grc' dir='ltr'><strong>ἐπιτιθεμένων</strong></span> <span class='ocrx_word' id='word_1_174' title='bbox 1161 3004 1197 3053; x_wconf 83' lang='lat'><strong>&#39;.</strong></span> <span class='ocrx_word' id='word_1_175' title='bbox 1237 3018 1257 3051; x_wconf 74' lang='grc' dir='ltr'>ι</span> 
     </span>
    </p>
   </div>
   <div class='ocr_carea' id='block_1_29' title="bbox 926 3110 1160 3180">
    <p class='ocr_par' dir='ltr' id='par_1_29' title="bbox 926 3110 1160 3180">
     <span class='ocr_line' id='line_1_29' title="bbox 926 3110 1160 3180; baseline 0.009 -16"><span class='ocrx_word' id='word_1_176' title='bbox 926 3110 1160 3180; x_wconf 79' lang='grc' dir='ltr'><strong>Ἀπόκρ.</strong></span> 
     </span>
    </p>
   </div>
   <div class='ocr_carea' id='block_1_30' title="bbox 319 3197 1821 3271">
    <p class='ocr_par' dir='ltr' id='par_1_30' title="bbox 319 3197 1821 3271">
     <span class='ocr_line' id='line_1_30' title="bbox 319 3197 1821 3271; baseline 0.002 -20"><span class='ocrx_word' id='word_1_177' title='bbox 319 3199 392 3251; x_wconf 86' lang='grc' dir='ltr'>Τὸ</span> <span class='ocrx_word' id='word_1_178' title='bbox 448 3197 635 3268; x_wconf 81' lang='grc' dir='ltr'>κύκλῳ</span> <span class='ocrx_word' id='word_1_179' title='bbox 688 3200 805 3250; x_wconf 78' lang='grc' dir='ltr'>ἐστὶ</span> <span class='ocrx_word' id='word_1_180' title='bbox 849 3199 908 3251; x_wconf 83' lang='grc' dir='ltr'><em>τὸ</em></span> <span class='ocrx_word' id='word_1_181' title='bbox 963 3202 1210 3271; x_wconf 78' lang='grc' dir='ltr'>ὲμπρὸς,</span> <span class='ocrx_word' id='word_1_182' title='bbox 1266 3202 1478 3266; x_wconf 82' lang='grc' dir='ltr'><strong>ὀπίσω,</strong></span> <span class='ocrx_word' id='word_1_183' title='bbox 1534 3204 1592 3255; x_wconf 73' lang='grc' dir='ltr'><em>τὸ</em></span> <span class='ocrx_word' id='word_1_184' title='bbox 1632 3202 1821 3269; x_wconf 74' lang='grc' dir='ltr'>δεξιὸν,</span> 
     </span>
    </p>
   </div>
   <div class='ocr_carea' id='block_1_31' title="bbox 249 3290 1830 3367">
    <p class='ocr_par' dir='ltr' id='par_1_31' title="bbox 249 3290 1830 3367">
     <span class='ocr_line' id='line_1_31' title="bbox 249 3290 1830 3367; baseline 0.004 -25"><span class='ocrx_word' id='word_1_185' title='bbox 249 3290 308 3342; x_wconf 86' lang='grc' dir='ltr'><em>τὸ</em></span> <span class='ocrx_word' id='word_1_186' title='bbox 337 3291 645 3362; x_wconf 73' lang='grc' dir='ltr'>ἀριστερόν.</span> <span class='ocrx_word' id='word_1_187' title='bbox 692 3291 1051 3345; x_wconf 81' lang='grc' dir='ltr'>Ἐπιτίθενται</span> <span class='ocrx_word' id='word_1_188' title='bbox 1076 3290 1169 3346; x_wconf 77' lang='grc' dir='ltr'><strong>οὖν</strong></span> <span class='ocrx_word' id='word_1_189' title='bbox 1194 3296 1324 3365; x_wconf 82' lang='grc' dir='ltr'>ἡμῖν</span> <span class='ocrx_word' id='word_1_190' title='bbox 1353 3296 1401 3348; x_wconf 79' lang='lat' dir='ltr'><strong>oi</strong></span> <span class='ocrx_word' id='word_1_191' title='bbox 1425 3295 1694 3364; x_wconf 79' lang='grc' dir='ltr'>δαίμονες,</span> <span class='ocrx_word' id='word_1_192' title='bbox 1734 3295 1830 3367; x_wconf 77' lang='grc' dir='ltr'><strong>ἔμ-</strong></span> 
     </span>
    </p>
   </div>
   <div class='ocr_carea' id='block_1_32' title="bbox 252 3382 1830 3456">
    <p class='ocr_par' dir='ltr' id='par_1_32' title="bbox 252 3382 1830 3456">
     <span class='ocr_line' id='line_1_32' title="bbox 252 3382 1830 3456; baseline 0.003 -21"><span class='ocrx_word' id='word_1_193' title='bbox 252 3382 486 3452; x_wconf 84' lang='grc' dir='ltr'>προσθεν</span> <span class='ocrx_word' id='word_1_194' title='bbox 540 3384 657 3451; x_wconf 85' lang='grc' dir='ltr'>μὲν,</span> <span class='ocrx_word' id='word_1_195' title='bbox 711 3386 838 3437; x_wconf 80' lang='grc' dir='ltr'>ὅταν</span> <span class='ocrx_word' id='word_1_196' title='bbox 875 3383 964 3436; x_wconf 76' lang='grc' dir='ltr'>διὰ</span> <span class='ocrx_word' id='word_1_197' title='bbox 1010 3383 1120 3438; x_wconf 81' lang='grc' dir='ltr'><strong>τῶν</strong></span> <span class='ocrx_word' id='word_1_198' title='bbox 1174 3385 1274 3454; x_wconf 83' lang='grc' dir='ltr'><strong>τῆς</strong></span> <span class='ocrx_word' id='word_1_199' title='bbox 1326 3386 1455 3454; x_wconf 79' lang='grc' dir='ltr'>ὕλης</span> <span class='ocrx_word' id='word_1_200' title='bbox 1499 3389 1830 3456; x_wconf 78' lang='grc' dir='ltr'>ἐπιφανειῶν</span> 
     </span>
    </p>
   </div>
   <div class='ocr_carea' id='block_1_33' title="bbox 249 3473 1831 3549">
    <p class='ocr_par' dir='ltr' id='par_1_33' title="bbox 249 3473 1831 3549">
     <span class='ocr_line' id='line_1_33' title="bbox 249 3473 1831 3549; baseline 0.003 -23"><span class='ocrx_word' id='word_1_201' title='bbox 249 3473 594 3537; x_wconf 77' lang='grc' dir='ltr'>δελεάζωσιν·</span> <span class='ocrx_word' id='word_1_202' title='bbox 657 3474 832 3528; x_wconf 77' lang='grc' dir='ltr'>ὀπίσω</span> <span class='ocrx_word' id='word_1_203' title='bbox 882 3476 937 3528; x_wconf 76' lang='grc' dir='ltr'>δὲ</span> <span class='ocrx_word' id='word_1_204' title='bbox 967 3517 980 3540; x_wconf 91' lang='grc'><strong>,</strong></span> <span class='ocrx_word' id='word_1_205' title='bbox 1036 3478 1161 3529; x_wconf 79' lang='grc' dir='ltr'>ὅταν</span> <span class='ocrx_word' id='word_1_206' title='bbox 1200 3477 1289 3530; x_wconf 74' lang='grc' dir='ltr'>διὰ</span> <span class='ocrx_word' id='word_1_207' title='bbox 1347 3478 1457 3530; x_wconf 83' lang='grc' dir='ltr'>τῶν</span> <span class='ocrx_word' id='word_1_208' title='bbox 1507 3478 1831 3549; x_wconf 68' lang='grc' dir='ltr'>προλήψεων</span> 
     </span>
    </p>
   </div>
   <div class='ocr_carea' id='block_1_34' title="bbox 250 3563 1834 3640">
    <p class='ocr_par' dir='ltr' id='par_1_34' title="bbox 250 3563 1834 3640">
     <span class='ocr_line' id='line_1_34' title="bbox 250 3563 1834 3640; baseline 0.003 -25"><span class='ocrx_word' id='word_1_209' title='bbox 250 3563 359 3617; x_wconf 83' lang='grc' dir='ltr'><strong>τῶν</strong></span> <span class='ocrx_word' id='word_1_210' title='bbox 387 3565 662 3633; x_wconf 81' lang='grc' dir='ltr'>λογισμῶν</span> <span class='ocrx_word' id='word_1_211' title='bbox 685 3566 782 3633; x_wconf 78' lang='grc' dir='ltr'><strong>τῆς</strong></span> <span class='ocrx_word' id='word_1_212' title='bbox 809 3566 1004 3627; x_wconf 80' lang='grc' dir='ltr'>κακίας</span> <span class='ocrx_word' id='word_1_213' title='bbox 1029 3567 1124 3636; x_wconf 81' lang='grc' dir='ltr'><strong>τὴν</strong></span> <span class='ocrx_word' id='word_1_214' title='bbox 1162 3569 1384 3638; x_wconf 81' lang='grc' dir='ltr'>μνήμην</span> <span class='ocrx_word' id='word_1_215' title='bbox 1416 3568 1506 3640; x_wconf 67' lang='lat' dir='ltr'><strong>[IL</strong></span> <span class='ocrx_word' id='word_1_216' title='bbox 1557 3569 1646 3621; x_wconf 69' lang='grc' dir='ltr'><strong>τὸν</strong></span> <span class='ocrx_word' id='word_1_217' title='bbox 1687 3571 1834 3635; x_wconf 76' lang='grc' dir='ltr'>λογι-</span> 
     </span>
    </p>
   </div>
   <div class='ocr_carea' id='block_1_35' title="bbox 253 3651 1830 3729">
    <p class='ocr_par' dir='ltr' id='par_1_35' title="bbox 253 3651 1830 3729">
     <span class='ocr_line' id='line_1_35' title="bbox 253 3651 1830 3729; baseline 0.006 -28"><span class='ocrx_word' id='word_1_218' title='bbox 253 3651 388 3720; x_wconf 75' lang='grc' dir='ltr'>σμὸν</span> <span class='ocrx_word' id='word_1_219' title='bbox 411 3653 506 3721; x_wconf 79' lang='grc' dir='ltr'><strong>τῆς</strong></span> <span class='ocrx_word' id='word_1_220' title='bbox 543 3654 738 3714; x_wconf 77' lang='grc' dir='ltr'>κακίας</span> <span class='ocrx_word' id='word_1_221' title='bbox 769 3655 910 3706; x_wconf 73' lang='grc' dir='ltr'>κατὰ</span> <span class='ocrx_word' id='word_1_222' title='bbox 931 3655 1081 3726; x_wconf 80' lang='grc' dir='ltr'>μνή.]</span> <span class='ocrx_word' id='word_1_223' title='bbox 1099 3658 1444 3710; x_wconf 78' lang='grc' dir='ltr'>ἁνακινῶσιν·</span> <span class='ocrx_word' id='word_1_224' title='bbox 1469 3660 1731 3729; x_wconf 77' lang='grc' dir='ltr'>ἀριστερὰ</span> <span class='ocrx_word' id='word_1_225' title='bbox 1752 3659 1830 3720; x_wconf 83' lang='grc' dir='ltr'>δὲ,</span> 
     </span>
    </p>
   </div>
   <div class='ocr_carea' id='block_1_36' title="bbox 252 3742 1832 3817">
    <p class='ocr_par' dir='ltr' id='par_1_36' title="bbox 252 3742 1832 3817">
     <span class='ocr_line' id='line_1_36' title="bbox 252 3742 1832 3817; baseline 0.005 -25"><span class='ocrx_word' id='word_1_226' title='bbox 252 3742 384 3792; x_wconf 71' lang='grc' dir='ltr'>ὅταν</span> <span class='ocrx_word' id='word_1_227' title='bbox 412 3742 500 3793; x_wconf 83' lang='grc' dir='ltr'>διὰ</span> <span class='ocrx_word' id='word_1_228' title='bbox 537 3743 644 3793; x_wconf 81' lang='grc' dir='ltr'><strong>τῶν</strong></span> <span class='ocrx_word' id='word_1_229' title='bbox 684 3745 962 3812; x_wconf 79' lang='grc' dir='ltr'>σαρκικῶν</span> <span class='ocrx_word' id='word_1_230' title='bbox 1011 3749 1103 3798; x_wconf 74' lang='grc' dir='ltr'><strong>καὶ</strong></span> <span class='ocrx_word' id='word_1_231' title='bbox 1145 3748 1462 3800; x_wconf 82' lang='grc' dir='ltr'>ἀκολάστων</span> <span class='ocrx_word' id='word_1_232' title='bbox 1495 3749 1704 3810; x_wconf 80' lang='grc' dir='ltr'>παθῶν,</span> <span class='ocrx_word' id='word_1_233' title='bbox 1736 3751 1832 3817; x_wconf 78' lang='grc' dir='ltr'><strong>τὴν</strong></span> 
     </span>
    </p>
   </div>
   <div class='ocr_carea' id='block_1_37' title="bbox 254 3829 1834 3902">
    <p class='ocr_par' dir='ltr' id='par_1_37' title="bbox 254 3829 1834 3902">
     <span class='ocr_line' id='line_1_37' title="bbox 254 3829 1834 3902; baseline 0.004 -19"><span class='ocrx_word' id='word_1_234' title='bbox 254 3829 434 3899; x_wconf 74' lang='grc' dir='ltr'>ψυχὴν</span> <span class='ocrx_word' id='word_1_235' title='bbox 479 3834 871 3901; x_wconf 74' lang='grc' dir='ltr'>ὲκμοχλεύωσιο</span> <span class='ocrx_word' id='word_1_236' title='bbox 923 3837 1069 3900; x_wconf 71' lang='grc' dir='ltr'>δεξιὰ</span> <span class='ocrx_word' id='word_1_237' title='bbox 1111 3839 1183 3892; x_wconf 79' lang='grc' dir='ltr'><strong>δὲ,</strong></span> <span class='ocrx_word' id='word_1_238' title='bbox 1224 3840 1351 3890; x_wconf 82' lang='grc' dir='ltr'>ὅταν</span> <span class='ocrx_word' id='word_1_239' title='bbox 1402 3839 1488 3890; x_wconf 73' lang='grc' dir='ltr'>διὰ</span> <span class='ocrx_word' id='word_1_240' title='bbox 1530 3839 1834 3902; x_wconf 79' lang='grc' dir='ltr'>κενοδοξίας</span> 
     </span>
    </p>
   </div>
   <div class='ocr_carea' id='block_1_38' title="bbox 256 3919 1453 3998">
    <p class='ocr_par' dir='ltr' id='par_1_38' title="bbox 256 3919 1453 3998">
     <span class='ocr_line' id='line_1_38' title="bbox 256 3919 1453 3998; baseline 0.009 -29"><span class='ocrx_word' id='word_1_241' title='bbox 256 3919 354 3971; x_wconf 75' lang='grc' dir='ltr'>καὶ</span> <span class='ocrx_word' id='word_1_242' title='bbox 395 3921 772 3991; x_wconf 72' lang='grc' dir='ltr'>ὑπερηφανίας</span> <span class='ocrx_word' id='word_1_243' title='bbox 809 3929 875 3995; x_wconf 81' lang='grc' dir='ltr'><em>τῇ</em></span> <span class='ocrx_word' id='word_1_244' title='bbox 917 3927 1061 3998; x_wconf 69' lang='grc' dir='ltr'>ψυχῇ</span> <span class='ocrx_word' id='word_1_245' title='bbox 1097 3929 1453 3983; x_wconf 79' lang='grc' dir='ltr'>ἐπιτίθενται.</span> 
     </span>
    </p>
   </div>
   <div class='ocr_carea' id='block_1_39' title="bbox 858 4130 1218 4185">
    <p class='ocr_par' dir='ltr' id='par_1_39' title="bbox 858 4130 1218 4185">
     <span class='ocr_line' id='line_1_39' title="bbox 858 4130 1218 4185; baseline 0.014 -5"><span class='ocrx_word' id='word_1_246' title='bbox 858 4130 1050 4184; x_wconf 84' lang='grc' dir='ltr'><strong>ΕΡΩΤ.</strong></span> <span class='ocrx_word' id='word_1_247' title='bbox 1090 4133 1218 4185; x_wconf 83' lang='grc' dir='ltr'><strong>ΚΒ’.</strong></span> 
     </span>
    </p>
   </div>
   <div class='ocr_carea' id='block_1_40' title="bbox 330 4217 1838 4292">
    <p class='ocr_par' dir='ltr' id='par_1_40' title="bbox 330 4217 1838 4292">
     <span class='ocr_line' id='line_1_40' title="bbox 330 4217 1838 4292; baseline 0.004 -22"><span class='ocrx_word' id='word_1_248' title='bbox 330 4219 394 4274; x_wconf 84' lang='grc' dir='ltr'>Τί</span> <span class='ocrx_word' id='word_1_249' title='bbox 420 4217 551 4272; x_wconf 84' lang='grc' dir='ltr'><em>ἐστι</em></span> <span class='ocrx_word' id='word_1_250' title='bbox 583 4219 650 4271; x_wconf 83' lang='grc' dir='ltr'><em>τό</em></span> <span class='ocrx_word' id='word_1_251' title='bbox 666 4235 685 4282; x_wconf 90' lang='lat'><strong><em>;</em></strong></span> <span class='ocrx_word' id='word_1_252' title='bbox 718 4235 736 4268; x_wconf 78' lang='grc' dir='ltr'>ι</span> <span class='ocrx_word' id='word_1_253' title='bbox 769 4218 988 4280; x_wconf 77' lang='grc' dir='ltr'>Λάϐετε</span> <span class='ocrx_word' id='word_1_254' title='bbox 1013 4225 1282 4292; x_wconf 66' lang='grc' dir='ltr'>ψαλμὸν,</span> <span class='ocrx_word' id='word_1_255' title='bbox 1317 4223 1413 4276; x_wconf 80' lang='grc' dir='ltr'>καὶ</span> <span class='ocrx_word' id='word_1_256' title='bbox 1445 4223 1580 4276; x_wconf 81' lang='grc' dir='ltr'>δότε</span> <span class='ocrx_word' id='word_1_257' title='bbox 1608 4223 1838 4292; x_wconf 78' lang='grc' dir='ltr'><strong>τύμπα-</strong></span> 
     </span>
    </p>
   </div>
   <div class='ocr_carea' id='block_1_41' title="bbox 255 4309 1582 4392">
    <p class='ocr_par' dir='ltr' id='par_1_41' title="bbox 255 4309 1582 4392">
     <span class='ocr_line' id='line_1_41' title="bbox 255 4309 1582 4392; baseline 0.005 -32"><span class='ocrx_word' id='word_1_258' title='bbox 255 4325 386 4361; x_wconf 84' lang='grc' dir='ltr'><em>νον·</em></span> <span class='ocrx_word' id='word_1_259' title='bbox 416 4309 754 4380; x_wconf 61' lang='grc' dir='ltr'><em>ψαλτήριον</em></span> <span class='ocrx_word' id='word_1_260' title='bbox 789 4313 1049 4378; x_wconf 78' lang='grc' dir='ltr'><em>τερπνὸν</em></span> <span class='ocrx_word' id='word_1_261' title='bbox 1072 4319 1224 4382; x_wconf 78' lang='grc' dir='ltr'>μετά</span> <span class='ocrx_word' id='word_1_262' title='bbox 1253 4315 1522 4384; x_wconf 82' lang='grc' dir='ltr'>κιθάρας.</span> <span class='ocrx_word' id='word_1_263' title='bbox 1565 4335 1582 4392; x_wconf 62' lang='grc' dir='ltr'>ι</span> 
     </span>
    </p>
   </div>
   <div class='ocr_carea' id='block_1_42' title="bbox 929 4425 1165 4494">
    <p class='ocr_par' dir='ltr' id='par_1_42' title="bbox 929 4425 1165 4494">
     <span class='ocr_line' id='line_1_42' title="bbox 929 4425 1165 4494; baseline 0.004 -17"><span class='ocrx_word' id='word_1_264' title='bbox 929 4425 984 4477; x_wconf 82' lang='grc' dir='ltr'><em>Ἀ</em></span> <span class='ocrx_word' id='word_1_265' title='bbox 993 4428 1165 4494; x_wconf 80' lang='grc' dir='ltr'>πόκρ.</span> 
     </span>
    </p>
   </div>
   <div class='ocr_carea' id='block_1_43' title="bbox 325 4515 1836 4589">
    <p class='ocr_par' dir='ltr' id='par_1_43' title="bbox 325 4515 1836 4589">
     <span class='ocr_line' id='line_1_43' title="bbox 325 4515 1836 4589; baseline 0.003 -23"><span class='ocrx_word' id='word_1_266' title='bbox 325 4515 534 4566; x_wconf 75' lang='grc' dir='ltr'>Λάϐετε</span> <span class='ocrx_word' id='word_1_267' title='bbox 581 4515 927 4570; x_wconf 80' lang='grc' dir='ltr'>διδασκαλίαν</span> <span class='ocrx_word' id='word_1_268' title='bbox 954 4517 1155 4583; x_wconf 65' lang='grc' dir='ltr'>ἔνθεον,</span> <span class='ocrx_word' id='word_1_269' title='bbox 1187 4521 1279 4573; x_wconf 72' lang='grc' dir='ltr'><strong>καὶ</strong></span> <span class='ocrx_word' id='word_1_270' title='bbox 1321 4519 1439 4572; x_wconf 80' lang='grc' dir='ltr'>δότε</span> <span class='ocrx_word' id='word_1_271' title='bbox 1507 4518 1708 4589; x_wconf 78' lang='grc' dir='ltr'>πρᾶξιν</span> <span class='ocrx_word' id='word_1_272' title='bbox 1749 4521 1836 4571; x_wconf 84' lang='grc' dir='ltr'>ὲν-</span> 
     </span>
    </p>
   </div>
   <div class='ocr_carea' id='block_1_44' title="bbox 256 4604 1836 4680">
    <p class='ocr_par' dir='ltr' id='par_1_44' title="bbox 256 4604 1836 4680">
     <span class='ocr_line' id='line_1_44' title="bbox 256 4604 1836 4680; baseline 0.006 -26"><span class='ocrx_word' id='word_1_273' title='bbox 256 4604 449 4674; x_wconf 85' lang='grc' dir='ltr'>ἁρετον</span> <span class='ocrx_word' id='word_1_274' title='bbox 473 4606 562 4658; x_wconf 76' lang='grc' dir='ltr'>διὰ</span> <span class='ocrx_word' id='word_1_275' title='bbox 586 4606 688 4675; x_wconf 77' lang='grc' dir='ltr'>τῆς</span> <span class='ocrx_word' id='word_1_276' title='bbox 714 4608 1031 4678; x_wconf 84' lang='grc' dir='ltr'>νεκρὼσεω;</span> <span class='ocrx_word' id='word_1_277' title='bbox 1061 4609 1154 4662; x_wconf 75' lang='grc' dir='ltr'><strong>τοῦ</strong></span> <span class='ocrx_word' id='word_1_278' title='bbox 1194 4610 1465 4680; x_wconf 80' lang='grc' dir='ltr'>σώματος.</span> <span class='ocrx_word' id='word_1_279' title='bbox 1498 4611 1570 4663; x_wconf 80' lang='grc' dir='ltr'>Τὸ</span> <span class='ocrx_word' id='word_1_280' title='bbox 1599 4611 1655 4662; x_wconf 87' lang='grc' dir='ltr'>δὲ</span> <span class='ocrx_word' id='word_1_281' title='bbox 1678 4613 1836 4677; x_wconf 70' lang='grc' dir='ltr'>ψαλ-</span> 
     </span>
    </p>
   </div>
   <div class='ocr_carea' id='block_1_45' title="bbox 256 4694 1836 4772">
    <p class='ocr_par' dir='ltr' id='par_1_45' title="bbox 256 4694 1836 4772">
     <span class='ocr_line' id='line_1_45' title="bbox 256 4694 1836 4772; baseline 0.004 -26"><span class='ocrx_word' id='word_1_282' title='bbox 256 4694 464 4762; x_wconf 78' lang='grc' dir='ltr'><em>τήριον</em></span> <span class='ocrx_word' id='word_1_283' title='bbox 499 4697 756 4763; x_wconf 67' lang='grc' dir='ltr'><strong>τερπνὸν</strong></span> <span class='ocrx_word' id='word_1_284' title='bbox 789 4699 940 4766; x_wconf 83' lang='grc' dir='ltr'>μετὰ</span> <span class='ocrx_word' id='word_1_285' title='bbox 993 4701 1274 4766; x_wconf 50' lang='grc' dir='ltr'>κιθάρας)</span> <span class='ocrx_word' id='word_1_286' title='bbox 1319 4700 1621 4772; x_wconf 70' lang='grc' dir='ltr'>ψαλτήριον</span> <span class='ocrx_word' id='word_1_287' title='bbox 1667 4701 1836 4769; x_wconf 81' lang='grc' dir='ltr'>λέγει,</span> 
     </span>
    </p>
   </div>
   <div class='ocr_carea' id='block_1_46' title="bbox 255 4786 1838 4862">
    <p class='ocr_par' dir='ltr' id='par_1_46' title="bbox 255 4786 1838 4862">
     <span class='ocr_line' id='line_1_46' title="bbox 255 4786 1838 4862; baseline 0.012 -25"><span class='ocrx_word' id='word_1_288' title='bbox 255 4786 317 4838; x_wconf 80' lang='grc' dir='ltr'><em>τὸ</em></span> <span class='ocrx_word' id='word_1_289' title='bbox 361 4787 600 4857; x_wconf 74' lang='grc' dir='ltr'>πνεῦμαο</span> <span class='ocrx_word' id='word_1_290' title='bbox 650 4788 878 4858; x_wconf 78' lang='grc' dir='ltr'>κιθάραν</span> <span class='ocrx_word' id='word_1_291' title='bbox 909 4789 965 4842; x_wconf 84' lang='grc' dir='ltr'>δὲ</span> <span class='ocrx_word' id='word_1_292' title='bbox 995 4790 1093 4862; x_wconf 85' lang='grc' dir='ltr'><strong>τὴν</strong></span> <span class='ocrx_word' id='word_1_293' title='bbox 1120 4792 1317 4861; x_wconf 62' lang='grc' dir='ltr'>ψυχὴνσ</span> <span class='ocrx_word' id='word_1_294' title='bbox 1355 4791 1635 4861; x_wconf 71' lang='grc' dir='ltr'>τύμπανον</span> <span class='ocrx_word' id='word_1_295' title='bbox 1666 4792 1742 4855; x_wconf 63' lang='grc' dir='ltr'><strong>δὲ,</strong></span> <span class='ocrx_word' id='word_1_296' title='bbox 1778 4792 1838 4845; x_wconf 76' lang='grc' dir='ltr'>τδ</span> 
     </span>
    </p>
   </div>
   <div class='ocr_carea' id='block_1_47' title="bbox 260 4890 441 4943">
    <p class='ocr_par' dir='ltr' id='par_1_47' title="bbox 260 4890 441 4943">
     <span class='ocr_line' id='line_1_47' title="bbox 260 4890 441 4943; baseline 0.011 -18"><span class='ocrx_word' id='word_1_297' title='bbox 260 4890 336 4925; x_wconf 85' lang='grc' dir='ltr'><em>σω</em></span> <span class='ocrx_word' id='word_1_298' title='bbox 343 4891 441 4943; x_wconf 87' lang='grc' dir='ltr'>μα.</span> 
     </span>
    </p>
   </div>
   <div class='ocr_carea' id='block_1_48' title="bbox 875 4991 1234 5044">
    <p class='ocr_par' dir='ltr' id='par_1_48' title="bbox 875 4991 1234 5044">
     <span class='ocr_line' id='line_1_48' title="bbox 875 4991 1234 5044; baseline 0.008 -3"><span class='ocrx_word' id='word_1_299' title='bbox 875 4991 1090 5042; x_wconf 80' lang='grc' dir='ltr'><strong>ΕΡΩΤ.-</strong></span> <span class='ocrx_word' id='word_1_300' title='bbox 1109 4993 1150 5042; x_wconf 79' lang='grc' dir='ltr'>Κ</span> <span class='ocrx_word' id='word_1_301' title='bbox 1160 4992 1234 5044; x_wconf 84' lang='grc' dir='ltr'><strong>Γ’.</strong></span> 
     </span>
    </p>
   </div>
   <div class='ocr_carea' id='block_1_49' title="bbox 334 5078 1836 5154">
    <p class='ocr_par' dir='ltr' id='par_1_49' title="bbox 334 5078 1836 5154">
     <span class='ocr_line' id='line_1_49' title="bbox 334 5078 1836 5154; baseline 0.005 -23"><span class='ocrx_word' id='word_1_302' title='bbox 334 5078 395 5131; x_wconf 86' lang='grc' dir='ltr'><strong>Τι’</strong></span> <span class='ocrx_word' id='word_1_303' title='bbox 421 5078 586 5140; x_wconf 62' lang='lat' dir='ltr'><strong>dare;</strong></span> <span class='ocrx_word' id='word_1_304' title='bbox 625 5099 643 5129; x_wconf 81' lang='grc'><em>‹</em></span> <span class='ocrx_word' id='word_1_305' title='bbox 675 5081 957 5150; x_wconf 72' lang='grc' dir='ltr'>Κιὶλαμον</span> <span class='ocrx_word' id='word_1_306' title='bbox 984 5083 1494 5154; x_wconf 59' lang='grc' dir='ltr'>συντετριμμένον</span> <span class='ocrx_word' id='word_1_307' title='bbox 1524 5089 1595 5140; x_wconf 86' lang='grc' dir='ltr'><strong>οὐ</strong></span> <span class='ocrx_word' id='word_1_308' title='bbox 1627 5084 1836 5138; x_wconf 79' lang='grc' dir='ltr'>κατεά-</span> 
     </span>
    </p>
   </div>
   <div class='ocr_carea' id='block_1_50' title="bbox 259 5170 1616 5243">
    <p class='ocr_par' dir='ltr' id='par_1_50' title="bbox 259 5170 1616 5243">
     <span class='ocr_line' id='line_1_50' title="bbox 259 5170 1616 5243; baseline 0.005 -23"><span class='ocrx_word' id='word_1_309' title='bbox 259 5170 347 5233; x_wconf 72' lang='grc' dir='ltr'><strong>ξει</strong></span> <span class='ocrx_word' id='word_1_310' title='bbox 375 5209 388 5232; x_wconf 91' lang='grc'><strong>,</strong></span> <span class='ocrx_word' id='word_1_311' title='bbox 423 5170 517 5221; x_wconf 82' lang='grc' dir='ltr'>καὶ</span> <span class='ocrx_word' id='word_1_312' title='bbox 553 5171 730 5223; x_wconf 61' lang='grc' dir='ltr'>λῖν-ον</span> <span class='ocrx_word' id='word_1_313' title='bbox 760 5176 1174 5243; x_wconf 53' lang='grc' dir='ltr'><em>τετυφωμένον</em></span> <span class='ocrx_word' id='word_1_314' title='bbox 1219 5179 1292 5229; x_wconf 87' lang='grc' dir='ltr'><strong>οὑ</strong></span> <span class='ocrx_word' id='word_1_315' title='bbox 1340 5175 1566 5230; x_wconf 79' lang='grc' dir='ltr'>σϐέσει.</span> <span class='ocrx_word' id='word_1_316' title='bbox 1599 5196 1616 5227; x_wconf 73' lang='grc' dir='ltr'>ι</span> 
     </span>
    </p>
   </div>
   <div class='ocr_carea' id='block_1_51' title="bbox 924 5287 1159 5341">
    <p class='ocr_par' dir='ltr' id='par_1_51' title="bbox 924 5287 1159 5341">
     <span class='ocr_line' id='line_1_51' title="bbox 924 5287 1159 5341; baseline 0.013 -3"><span class='ocrx_word' id='word_1_317' title='bbox 924 5287 1159 5341; x_wconf 72' lang='grc' dir='ltr'><strong>Ἀπόκο.</strong></span> 
     </span>
    </p>
   </div>
   <div class='ocr_carea' id='block_1_52' title="bbox 339 5305 1840 5453">
    <p class='ocr_par' dir='ltr' id='par_1_52' title="bbox 339 5305 1840 5453">
     <span class='ocr_line' id='line_1_52' title="bbox 930 5305 1159 5341; baseline 0.013 -3"><span class='ocrx_word' id='word_1_318' title='bbox 930 5305 1096 5339; x_wconf 67' lang='grc' dir='ltr'>,λιποκ</span> <span class='ocrx_word' id='word_1_319' title='bbox 1147 5327 1159 5341; x_wconf 90' lang='grc'><strong>.</strong></span> 
     </span>
     <span class='ocr_line' id='line_1_53' title="bbox 339 5305 1840 5453; baseline 0 -21"><span class='ocrx_word' id='word_1_320' title='bbox 339 5379 399 5432; x_wconf 86' lang='lat'><strong>&#39;0</strong></span> <span class='ocrx_word' id='word_1_321' title='bbox 444 5378 584 5430; x_wconf 81' lang='grc' dir='ltr'>κατὰ</span> <span class='ocrx_word' id='word_1_322' title='bbox 633 5375 863 5448; x_wconf 76' lang='grc' dir='ltr'>μίμησιν</span> <span class='ocrx_word' id='word_1_323' title='bbox 901 5377 995 5431; x_wconf 82' lang='grc' dir='ltr'><strong>τοῦ</strong></span> <span class='ocrx_word' id='word_1_324' title='bbox 1043 5305 1248 5450; x_wconf 54' lang='grc' dir='ltr'>Κςρίου</span> <span class='ocrx_word' id='word_1_325' title='bbox 1303 5381 1648 5451; x_wconf 83' lang='grc' dir='ltr'>συμπαθείας</span> <span class='ocrx_word' id='word_1_326' title='bbox 1696 5379 1840 5453; x_wconf 77' lang='grc' dir='ltr'>λόγῳ</span> 
     </span>
    </p>
   </div>
   <div class='ocr_carea' id='block_1_53' title="bbox 333 5533 894 5597">
    <p class='ocr_par' dir='ltr' id='par_1_53' title="bbox 333 5533 894 5597">
     <span class='ocr_line' id='line_1_54' title="bbox 333 5533 894 5597; baseline 0 -11"><span class='ocrx_word' id='word_1_327' title='bbox 333 5537 376 5566; x_wconf 83' lang='grc'><strong>¹⁶</strong></span> <span class='ocrx_word' id='word_1_328' title='bbox 405 5533 594 5586; x_wconf 84' lang='lat' dir='ltr'><strong>Matth.</strong></span> <span class='ocrx_word' id='word_1_329' title='bbox 625 5549 771 5597; x_wconf 86' lang='lat' dir='ltr'><strong>xvtu,</strong></span> <span class='ocrx_word' id='word_1_330' title='bbox 805 5533 894 5587; x_wconf 74' lang='lat'><strong>2|.</strong></span> 
     </span>
    </p>
   </div>
   <div class='ocr_carea' id='block_1_54' title="bbox 262 5603 701 5666">
    <p class='ocr_par' dir='ltr' id='par_1_54' title="bbox 262 5603 701 5666">
     <span class='ocr_line' id='line_1_55' title="bbox 262 5603 701 5666; baseline -0.005 -8"><span class='ocrx_word' id='word_1_331' title='bbox 262 5605 451 5658; x_wconf 47' lang='lat' dir='ltr'><strong>fault.</strong></span> <span class='ocrx_word' id='word_1_332' title='bbox 487 5620 580 5666; x_wconf 85' lang='lat' dir='ltr'><strong>xu,</strong></span> <span class='ocrx_word' id='word_1_333' title='bbox 612 5603 701 5656; x_wconf 70' lang='lat'><strong>20.</strong></span> 
     </span>
    </p>
   </div>
   <div class='ocr_carea' id='block_1_55' title="bbox 972 5535 1831 5599">
    <p class='ocr_par' dir='ltr' id='par_1_55' title="bbox 972 5535 1831 5599">
     <span class='ocr_line' id='line_1_56' title="bbox 972 5535 1831 5599; baseline 0.001 -11"><span class='ocrx_word' id='word_1_334' title='bbox 972 5535 1013 5566; x_wconf 84' lang='grc'><strong>¹⁷</strong></span> <span class='ocrx_word' id='word_1_335' title='bbox 1041 5535 1178 5592; x_wconf 88' lang='lat' dir='ltr'><strong>ibid.</strong></span> <span class='ocrx_word' id='word_1_336' title='bbox 1210 5537 1301 5590; x_wconf 70' lang='lat'><strong>22.</strong></span> <span class='ocrx_word' id='word_1_337' title='bbox 1417 5537 1459 5567; x_wconf 78' lang='lat'><strong>‘-‘</strong></span> <span class='ocrx_word' id='word_1_338' title='bbox 1485 5536 1619 5592; x_wconf 87' lang='lat' dir='ltr'><strong>Gen.</strong></span> <span class='ocrx_word' id='word_1_339' title='bbox 1651 5552 1744 5599; x_wconf 88' lang='lat' dir='ltr'><strong>xu,</strong></span> <span class='ocrx_word' id='word_1_340' title='bbox 1783 5536 1831 5590; x_wconf 86' lang='lat' dir='ltr'><strong>-l.</strong></span> 
     </span>
    </p>
   </div>
   <div class='ocr_carea' id='block_1_56' title="bbox 327 5757 1298 5829">
    <p class='ocr_par' dir='ltr' id='par_1_56' title="bbox 327 5757 1298 5829">
     <span class='ocr_line' id='line_1_57' title="bbox 327 5757 1298 5829; baseline 0.002 -16"><span class='ocrx_word' id='word_1_341' title='bbox 327 5760 347 5782; x_wconf 83' lang='lat'>&#39;</span> <span class='ocrx_word' id='word_1_342' title='bbox 373 5759 454 5814; x_wconf 87' lang='lat' dir='ltr'><strong>lla</strong></span> <span class='ocrx_word' id='word_1_343' title='bbox 477 5758 642 5813; x_wconf 84' lang='lat' dir='ltr'><strong>etiam</strong></span> <span class='ocrx_word' id='word_1_344' title='bbox 679 5757 804 5828; x_wconf 76' lang='lat' dir='ltr'><strong>Syx.</strong></span> <span class='ocrx_word' id='word_1_345' title='bbox 833 5758 966 5829; x_wconf 80' lang='lat' dir='ltr'><strong>Reg.</strong></span> <span class='ocrx_word' id='word_1_346' title='bbox 1003 5759 1298 5815; x_wconf 78' lang='grc' dir='ltr'>συνεπιτιθ.</span> 
     </span>
    </p>
   </div>
   <div class='ocr_carea' id='block_1_57' title="bbox 1932 559 3582 646">
    <p class='ocr_par' dir='ltr' id='par_1_57' title="bbox 1932 559 3582 646">
     <span class='ocr_line' id='line_1_58' title="bbox 1932 559 3582 646; baseline 0.013 -35"><span class='ocrx_word' id='word_1_347' title='bbox 1932 559 2259 630; x_wconf 74' lang='lat' dir='ltr'><strong>naturalem)</strong></span> <span class='ocrx_word' id='word_1_348' title='bbox 2291 569 2346 616; x_wconf 87' lang='lat' dir='ltr'><strong>et</strong></span> <span class='ocrx_word' id='word_1_349' title='bbox 2374 561 2778 619; x_wconf 78' lang='lat' dir='ltr'><strong>adolescentem</strong></span> <span class='ocrx_word' id='word_1_350' title='bbox 2815 567 3100 637; x_wconf 86' lang='lat' dir='ltr'><strong>(nimirum</strong></span> <span class='ocrx_word' id='word_1_351' title='bbox 3129 571 3305 643; x_wconf 78' lang='lat' dir='ltr'><strong>legem</strong></span> <span class='ocrx_word' id='word_1_352' title='bbox 3351 577 3514 646; x_wconf 85' lang='lat' dir='ltr'><strong>spiri-</strong></span> <span class='ocrx_word' id='word_1_353' title='bbox 3576 569 3582 574; x_wconf 75' lang='grc'><em>’</em></span> 
     </span>
    </p>
   </div>
   <div class='ocr_carea' id='block_1_58' title="bbox 1935 651 3511 729">
    <p class='ocr_par' dir='ltr' id='par_1_58' title="bbox 1935 651 3511 729">
     <span class='ocr_line' id='line_1_59' title="bbox 1935 651 3511 729; baseline 0.011 -25"><span class='ocrx_word' id='word_1_354' title='bbox 1935 651 2119 722; x_wconf 82' lang='lat' dir='ltr'><strong>talem)</strong></span> <span class='ocrx_word' id='word_1_355' title='bbox 2152 653 2384 722; x_wconf 86' lang='lat' dir='ltr'><strong>tulitque</strong></span> <span class='ocrx_word' id='word_1_356' title='bbox 2411 669 2478 708; x_wconf 83' lang='lat' dir='ltr'><strong>ex</strong></span> <span class='ocrx_word' id='word_1_357' title='bbox 2508 655 2616 710; x_wconf 90' lang='lat' dir='ltr'><strong>illis</strong></span> <span class='ocrx_word' id='word_1_358' title='bbox 2651 657 3090 729; x_wconf 83' lang='lat' dir='ltr'><strong>intelligentiam,</strong></span> <span class='ocrx_word' id='word_1_359' title='bbox 3141 673 3202 718; x_wconf 91' lang='lat' dir='ltr'><strong>ut</strong></span> <span class='ocrx_word' id='word_1_360' title='bbox 3241 666 3318 720; x_wconf 93' lang='lat' dir='ltr'><strong>illi</strong></span> <span class='ocrx_word' id='word_1_361' title='bbox 3355 683 3511 722; x_wconf 91' lang='lat' dir='ltr'><strong>com-</strong></span> 
     </span>
    </p>
   </div>
   <div class='ocr_carea' id='block_1_59' title="bbox 1932 743 3513 833">
    <p class='ocr_par' dir='ltr' id='par_1_59' title="bbox 1932 743 3513 833">
     <span class='ocr_line' id='line_1_60' title="bbox 1932 743 3513 833; baseline 0.011 -38"><span class='ocrx_word' id='word_1_362' title='bbox 1932 743 2128 798; x_wconf 89' lang='lat' dir='ltr'><strong>mistus</strong></span> <span class='ocrx_word' id='word_1_363' title='bbox 2162 745 2383 798; x_wconf 68' lang='lat' dir='ltr'><strong>malitia:</strong></span> <span class='ocrx_word' id='word_1_364' title='bbox 2428 756 2604 812; x_wconf 82' lang='lat' dir='ltr'><strong>sator,</strong></span> <span class='ocrx_word' id='word_1_365' title='bbox 2652 750 2860 817; x_wconf 84' lang='lat' dir='ltr'><strong>peccati</strong></span> <span class='ocrx_word' id='word_1_366' title='bbox 2898 763 3118 819; x_wconf 86' lang='lat' dir='ltr'><strong>partum</strong></span> <span class='ocrx_word' id='word_1_367' title='bbox 3173 755 3378 812; x_wconf 84' lang='lat' dir='ltr'><strong>eliciat.</strong></span> <span class='ocrx_word' id='word_1_368' title='bbox 3435 759 3513 833; x_wconf 67' lang='lat' dir='ltr'><strong>Dp</strong></span> 
     </span>
    </p>
   </div>
   <div class='ocr_carea' id='block_1_60' title="bbox 1932 835 3512 916">
    <p class='ocr_par' dir='ltr' id='par_1_60' title="bbox 1932 835 3512 916">
     <span class='ocr_line' id='line_1_61' title="bbox 1932 835 3512 916; baseline 0.009 -28"><span class='ocrx_word' id='word_1_369' title='bbox 1932 835 2039 890; x_wconf 85' lang='lat' dir='ltr'><strong>hoc</strong></span> <span class='ocrx_word' id='word_1_370' title='bbox 2089 835 2256 906; x_wconf 83' lang='lat' dir='ltr'><strong>igitur</strong></span> <span class='ocrx_word' id='word_1_371' title='bbox 2308 837 2583 892; x_wconf 86' lang='lat' dir='ltr'><strong>Lameche</strong></span> <span class='ocrx_word' id='word_1_372' title='bbox 2613 841 2853 895; x_wconf 88' lang='lat' dir='ltr'><strong>sumitur</strong></span> <span class='ocrx_word' id='word_1_373' title='bbox 2891 845 3028 898; x_wconf 88' lang='lat' dir='ltr'><strong>ultio</strong></span> <span class='ocrx_word' id='word_1_374' title='bbox 3076 847 3389 916; x_wconf 78' lang='lat' dir='ltr'><strong>septuagies</strong></span> <span class='ocrx_word' id='word_1_375' title='bbox 3423 864 3512 903; x_wconf 89' lang='lat' dir='ltr'><strong>se-</strong></span> 
     </span>
    </p>
   </div>
   <div class='ocr_carea' id='block_1_61' title="bbox 1931 925 3514 1006">
    <p class='ocr_par' dir='ltr' id='par_1_61' title="bbox 1931 925 3514 1006">
     <span class='ocr_line' id='line_1_62' title="bbox 1931 925 3514 1006; baseline 0.009 -30"><span class='ocrx_word' id='word_1_376' title='bbox 1931 926 2102 993; x_wconf 82' lang='lat' dir='ltr'><strong>pties;</strong></span> <span class='ocrx_word' id='word_1_377' title='bbox 2141 925 2246 980; x_wconf 89' lang='lat' dir='ltr'><strong>hoc</strong></span> <span class='ocrx_word' id='word_1_378' title='bbox 2275 935 2380 988; x_wconf 88' lang='lat' dir='ltr'><strong>est,</strong></span> <span class='ocrx_word' id='word_1_379' title='bbox 2409 942 2603 996; x_wconf 60' lang='lat' dir='ltr'><strong>pugnas</strong></span> <span class='ocrx_word' id='word_1_380' title='bbox 2631 930 2732 985; x_wconf 89' lang='lat' dir='ltr'><strong>luit</strong></span> <span class='ocrx_word' id='word_1_381' title='bbox 2771 941 2884 984; x_wconf 91' lang='lat' dir='ltr'><strong>tum</strong></span> <span class='ocrx_word' id='word_1_382' title='bbox 2926 934 3135 988; x_wconf 82' lang='lat' dir='ltr'><strong>ratione</strong></span> <span class='ocrx_word' id='word_1_383' title='bbox 3164 944 3320 989; x_wconf 89' lang='lat' dir='ltr'><strong>actus</strong></span> <span class='ocrx_word' id='word_1_384' title='bbox 3347 945 3514 1006; x_wconf 81' lang='lat' dir='ltr'><strong>atque</strong></span> 
     </span>
    </p>
   </div>
   <div class='ocr_carea' id='block_1_62' title="bbox 1929 1014 3508 1095">
    <p class='ocr_par' dir='ltr' id='par_1_62' title="bbox 1929 1014 3508 1095">
     <span class='ocr_line' id='line_1_63' title="bbox 1929 1014 3508 1095; baseline 0.008 -28"><span class='ocrx_word' id='word_1_385' title='bbox 1929 1014 2132 1082; x_wconf 79' lang='lat' dir='ltr'><strong>aperis.</strong></span> <span class='ocrx_word' id='word_1_386' title='bbox 2165 1015 2320 1070; x_wconf 89' lang='lat' dir='ltr'><strong>Unde</strong></span> <span class='ocrx_word' id='word_1_387' title='bbox 2352 1026 2409 1071; x_wconf 94' lang='lat' dir='ltr'><strong>et</strong></span> <span class='ocrx_word' id='word_1_388' title='bbox 2432 1018 2720 1083; x_wconf 90' lang='lat' dir='ltr'><strong>Dominus,</strong></span> <span class='ocrx_word' id='word_1_389' title='bbox 2747 1021 2965 1075; x_wconf 88' lang='lat' dir='ltr'><strong>dicente</strong></span> <span class='ocrx_word' id='word_1_390' title='bbox 2992 1023 3154 1077; x_wconf 86' lang='lat' dir='ltr'><strong>Petro</strong></span> <span class='ocrx_word' id='word_1_391' title='bbox 3183 1043 3195 1077; x_wconf 93' lang='lat'>:</span> <span class='ocrx_word' id='word_1_392' title='bbox 3230 1024 3288 1079; x_wconf 85' lang='lat' dir='ltr'><strong>Si</strong></span> <span class='ocrx_word' id='word_1_393' title='bbox 3321 1042 3508 1095; x_wconf 85' lang='lat' dir='ltr'><strong>pecca-</strong></span> 
     </span>
    </p>
   </div>
   <div class='ocr_carea' id='block_1_63' title="bbox 1929 1106 3514 1187">
    <p class='ocr_par' dir='ltr' id='par_1_63' title="bbox 1929 1106 3514 1187">
     <span class='ocr_line' id='line_1_64' title="bbox 1929 1106 3514 1187; baseline 0.008 -30"><span class='ocrx_word' id='word_1_394' title='bbox 1929 1106 2059 1158; x_wconf 75' lang='lat' dir='ltr'><strong>verit</strong></span> <span class='ocrx_word' id='word_1_395' title='bbox 2086 1108 2140 1187; x_wconf 78' lang='lat' dir='ltr'><strong>iu</strong></span> <span class='ocrx_word' id='word_1_396' title='bbox 2178 1123 2260 1158; x_wconf 87' lang='lat' dir='ltr'><strong>me</strong></span> <span class='ocrx_word' id='word_1_397' title='bbox 2284 1108 2451 1176; x_wconf 78' lang='lat' dir='ltr'><strong>frater</strong></span> <span class='ocrx_word' id='word_1_398' title='bbox 2493 1127 2657 1173; x_wconf 83' lang='lat' dir='ltr'><strong>meus,</strong></span> <span class='ocrx_word' id='word_1_399' title='bbox 2687 1115 2885 1182; x_wconf 84' lang='lat' dir='ltr'><strong>quoties</strong></span> <span class='ocrx_word' id='word_1_400' title='bbox 2925 1113 3192 1168; x_wconf 79' lang='lat' dir='ltr'><strong>dimittam</strong></span> <span class='ocrx_word' id='word_1_401' title='bbox 3229 1119 3276 1168; x_wconf 87' lang='lat' dir='ltr'><strong>ei</strong></span> <span class='ocrx_word' id='word_1_402' title='bbox 3301 1117 3325 1169; x_wconf 77' lang='lat'><strong><em>7</em></strong></span> <span class='ocrx_word' id='word_1_403' title='bbox 3348 1134 3514 1187; x_wconf 82' lang='lat' dir='ltr'><strong>usque</strong></span> 
     </span>
    </p>
   </div>
   <div class='ocr_carea' id='block_1_64' title="bbox 1927 1185 3512 1276">
    <p class='ocr_par' dir='ltr' id='par_1_64' title="bbox 1927 1185 3512 1276">
     <span class='ocr_line' id='line_1_65' title="bbox 1927 1185 3512 1276; baseline 0.008 -29"><span class='ocrx_word' id='word_1_404' title='bbox 1927 1185 2224 1264; x_wconf 38' lang='lat' dir='ltr'><strong>septiesﬁs?</strong></span> <span class='ocrx_word' id='word_1_405' title='bbox 2253 1199 2558 1266; x_wconf 88' lang='lat' dir='ltr'><strong>Respondit</strong></span> <span class='ocrx_word' id='word_1_406' title='bbox 2602 1202 2679 1255; x_wconf 91' lang='lat' dir='ltr'><strong>illi</strong></span> <span class='ocrx_word' id='word_1_407' title='bbox 2718 1220 2730 1254; x_wconf 91' lang='lat'><strong>:</strong></span> <span class='ocrx_word' id='word_1_408' title='bbox 2758 1203 2876 1256; x_wconf 81' lang='lat' dir='ltr'><strong>Non</strong></span> <span class='ocrx_word' id='word_1_409' title='bbox 2900 1204 3070 1257; x_wconf 82' lang='lat' dir='ltr'><strong>solum</strong></span> <span class='ocrx_word' id='word_1_410' title='bbox 3111 1223 3274 1276; x_wconf 86' lang='lat' dir='ltr'><strong>usque</strong></span> <span class='ocrx_word' id='word_1_411' title='bbox 3298 1185 3512 1276; x_wconf 79' lang='lat' dir='ltr'><strong>septies,</strong></span> 
     </span>
    </p>
   </div>
   <div class='ocr_carea' id='block_1_65' title="bbox 1927 1288 3512 1368">
    <p class='ocr_par' dir='ltr' id='par_1_65' title="bbox 1927 1288 3512 1368">
     <span class='ocr_line' id='line_1_66' title="bbox 1927 1288 3512 1368; baseline 0.008 -28"><span class='ocrx_word' id='word_1_412' title='bbox 1927 1288 2018 1340; x_wconf 84' lang='lat' dir='ltr'><strong>sed</strong></span> <span class='ocrx_word' id='word_1_413' title='bbox 2042 1304 2208 1359; x_wconf 76' lang='lat' dir='ltr'><strong>usque</strong></span> <span class='ocrx_word' id='word_1_414' title='bbox 2230 1293 2526 1361; x_wconf 79' lang='lat' dir='ltr'><strong>septuagies</strong></span> <span class='ocrx_word' id='word_1_415' title='bbox 2562 1293 2721 1362; x_wconf 85' lang='lat'><strong>307</strong></span> <span class='ocrx_word' id='word_1_416' title='bbox 2754 1297 2942 1363; x_wconf 76' lang='lat' dir='ltr'><strong>septies</strong></span> <span class='ocrx_word' id='word_1_417' title='bbox 2961 1298 3022 1350; x_wconf 88' lang='grc'><strong>¹⁷.</strong></span> <span class='ocrx_word' id='word_1_418' title='bbox 3052 1297 3167 1351; x_wconf 86' lang='lat' dir='ltr'><strong>lloe</strong></span> <span class='ocrx_word' id='word_1_419' title='bbox 3197 1307 3300 1362; x_wconf 85' lang='lat' dir='ltr'><strong>est,</strong></span> <span class='ocrx_word' id='word_1_420' title='bbox 3329 1299 3379 1354; x_wconf 89' lang='lat' dir='ltr'><strong>ei</strong></span> <span class='ocrx_word' id='word_1_421' title='bbox 3415 1299 3512 1368; x_wconf 85' lang='lat' dir='ltr'><strong>qui</strong></span> 
     </span>
    </p>
   </div>
   <div class='ocr_carea' id='block_1_66' title="bbox 1929 1378 3513 1451">
    <p class='ocr_par' dir='ltr' id='par_1_66' title="bbox 1929 1378 3513 1451">
     <span class='ocr_line' id='line_1_67' title="bbox 1929 1378 3513 1451; baseline 0.008 -22"><span class='ocrx_word' id='word_1_422' title='bbox 1929 1378 2273 1446; x_wconf 61' lang='lat' dir='ltr'><strong>paenitudine</strong></span> <span class='ocrx_word' id='word_1_423' title='bbox 2302 1381 2501 1434; x_wconf 90' lang='lat' dir='ltr'><strong>ductus</strong></span> <span class='ocrx_word' id='word_1_424' title='bbox 2529 1382 2826 1439; x_wconf 70' lang='lat' dir='ltr'><strong>oll‘endisse</strong></span> <span class='ocrx_word' id='word_1_425' title='bbox 2862 1386 3031 1451; x_wconf 89' lang='lat' dir='ltr'><strong>dolet,</strong></span> <span class='ocrx_word' id='word_1_426' title='bbox 3059 1403 3170 1442; x_wconf 89' lang='lat' dir='ltr'><strong>non</strong></span> <span class='ocrx_word' id='word_1_427' title='bbox 3193 1391 3367 1442; x_wconf 90' lang='lat' dir='ltr'><strong>solum</strong></span> <span class='ocrx_word' id='word_1_428' title='bbox 3407 1391 3513 1442; x_wconf 85' lang='lat' dir='ltr'><strong>mi—</strong></span> 
     </span>
    </p>
   </div>
   <div class='ocr_carea' id='block_1_67' title="bbox 1930 1469 3600 1541">
    <p class='ocr_par' dir='ltr' id='par_1_67' title="bbox 1930 1469 3600 1541">
     <span class='ocr_line' id='line_1_68' title="bbox 1930 1469 3600 1541; baseline 0.009 -23"><span class='ocrx_word' id='word_1_429' title='bbox 1930 1483 2064 1521; x_wconf 82' lang='lat' dir='ltr'><strong>nora</strong></span> <span class='ocrx_word' id='word_1_430' title='bbox 2112 1469 2379 1534; x_wconf 84' lang='lat' dir='ltr'><strong>dimittes,</strong></span> <span class='ocrx_word' id='word_1_431' title='bbox 2427 1487 2548 1541; x_wconf 77' lang='lat' dir='ltr'><strong>qua:</strong></span> <span class='ocrx_word' id='word_1_432' title='bbox 2580 1488 2853 1528; x_wconf 87' lang='lat' dir='ltr'><strong>consensu</strong></span> <span class='ocrx_word' id='word_1_433' title='bbox 2907 1475 3083 1541; x_wconf 72' lang='lat' dir='ltr'><strong>fiunt,</strong></span> <span class='ocrx_word' id='word_1_434' title='bbox 3112 1494 3302 1532; x_wconf 85' lang='lat' dir='ltr'><strong>verum</strong></span> <span class='ocrx_word' id='word_1_435' title='bbox 3344 1480 3512 1533; x_wconf 87' lang='lat' dir='ltr'><strong>etiam</strong></span> <span class='ocrx_word' id='word_1_436' title='bbox 3579 1517 3600 1541; x_wconf 78' lang='lat'><strong>.</strong></span> 
     </span>
    </p>
   </div>
   <div class='ocr_carea' id='block_1_68' title="bbox 1933 1571 2410 1630">
    <p class='ocr_par' dir='ltr' id='par_1_68' title="bbox 1933 1571 2410 1630">
     <span class='ocr_line' id='line_1_69' title="bbox 1933 1571 2410 1630; baseline 0.01 -21"><span class='ocrx_word' id='word_1_437' title='bbox 1933 1572 2096 1627; x_wconf 84' lang='lat' dir='ltr'><strong>Opera</strong></span> <span class='ocrx_word' id='word_1_438' title='bbox 2126 1571 2410 1630; x_wconf 87' lang='lat' dir='ltr'><strong>actusque.</strong></span> 
     </span>
    </p>
   </div>
   <div class='ocr_carea' id='block_1_69' title="bbox 2510 1674 2949 1730">
    <p class='ocr_par' dir='ltr' id='par_1_69' title="bbox 2510 1674 2949 1730">
     <span class='ocr_line' id='line_1_70' title="bbox 2510 1674 2949 1730; baseline 0.005 -2"><span class='ocrx_word' id='word_1_439' title='bbox 2510 1674 2791 1730; x_wconf 77' lang='lat' dir='ltr'><strong>INTERR.</strong></span> <span class='ocrx_word' id='word_1_440' title='bbox 2834 1677 2949 1730; x_wconf 80' lang='lat' dir='ltr'>XX.</span> 
     </span>
    </p>
   </div>
   <div class='ocr_carea' id='block_1_70' title="bbox 2009 1765 2892 1823">
    <p class='ocr_par' dir='ltr' id='par_1_70' title="bbox 2009 1765 2892 1823">
     <span class='ocr_line' id='line_1_71' title="bbox 2009 1765 2892 1823; baseline 0.006 -5"><span class='ocrx_word' id='word_1_441' title='bbox 2009 1765 2086 1818; x_wconf 85' lang='lat' dir='ltr'><strong>Dc</strong></span> <span class='ocrx_word' id='word_1_442' title='bbox 2119 1765 2334 1819; x_wconf 70' lang='lat' dir='ltr'><strong>diversis</strong></span> <span class='ocrx_word' id='word_1_443' title='bbox 2385 1765 2477 1819; x_wconf 89' lang='lat' dir='ltr'><strong>Dei</strong></span> <span class='ocrx_word' id='word_1_444' title='bbox 2512 1769 2892 1823; x_wconf 75' lang='lat' dir='ltr'><strong>voluntatibus-</strong></span> 
     </span>
    </p>
   </div>
   <div class='ocr_carea' id='block_1_71' title="bbox 2648 1878 2800 1949">
    <p class='ocr_par' dir='ltr' id='par_1_71' title="bbox 2648 1878 2800 1949">
     <span class='ocr_line' id='line_1_72' title="bbox 2648 1878 2800 1949; baseline 0 -18"><span class='ocrx_word' id='word_1_445' title='bbox 2648 1878 2800 1949; x_wconf 74' lang='lat' dir='ltr'><strong>Resp.</strong></span> 
     </span>
    </p>
   </div>
   <div class='ocr_carea' id='block_1_72' title="bbox 2001 1963 3512 2038">
    <p class='ocr_par' dir='ltr' id='par_1_72' title="bbox 2001 1963 3512 2038">
     <span class='ocr_line' id='line_1_73' title="bbox 2001 1963 3512 2038; baseline 0.005 -16"><span class='ocrx_word' id='word_1_446' title='bbox 2001 1969 2298 2038; x_wconf 83' lang='lat' dir='ltr'><strong>Triplicetn</strong></span> <span class='ocrx_word' id='word_1_447' title='bbox 2352 1972 2446 2025; x_wconf 90' lang='lat' dir='ltr'><strong>Dei</strong></span> <span class='ocrx_word' id='word_1_448' title='bbox 2483 1972 2819 2026; x_wconf 87' lang='lat' dir='ltr'><strong>voluntatem</strong></span> <span class='ocrx_word' id='word_1_449' title='bbox 2869 1974 3247 2029; x_wconf 87' lang='lat' dir='ltr'><strong>existimemus</strong></span> <span class='ocrx_word' id='word_1_450' title='bbox 3287 1963 3512 2030; x_wconf 77' lang='lat' dir='ltr'><strong>necesse</strong></span> 
     </span>
    </p>
   </div>
   <div class='ocr_carea' id='block_1_73' title="bbox 1931 2062 3512 2135">
    <p class='ocr_par' dir='ltr' id='par_1_73' title="bbox 1931 2062 3512 2135">
     <span class='ocr_line' id='line_1_74' title="bbox 1931 2062 3512 2135; baseline 0.004 -22"><span class='ocrx_word' id='word_1_451' title='bbox 1931 2069 2047 2124; x_wconf 89' lang='lat' dir='ltr'><strong>est;</strong></span> <span class='ocrx_word' id='word_1_452' title='bbox 2097 2077 2383 2130; x_wconf 66' lang='lat' dir='ltr'><strong>propensae</strong></span> <span class='ocrx_word' id='word_1_453' title='bbox 2419 2062 2718 2116; x_wconf 80' lang='lat' dir='ltr'><strong>voluntatis</strong></span> <span class='ocrx_word' id='word_1_454' title='bbox 2745 2078 2839 2116; x_wconf 91' lang='lat' dir='ltr'><strong>seu</strong></span> <span class='ocrx_word' id='word_1_455' title='bbox 2887 2065 3238 2133; x_wconf 80' lang='lat' dir='ltr'><strong>Deneplaciti,</strong></span> <span class='ocrx_word' id='word_1_456' title='bbox 3286 2065 3512 2135; x_wconf 81' lang='lat' dir='ltr'><strong>dispen-</strong></span> 
     </span>
    </p>
   </div>
   <div class='ocr_carea' id='block_1_74' title="bbox 1931 2152 3514 2224">
    <p class='ocr_par' dir='ltr' id='par_1_74' title="bbox 1931 2152 3514 2224">
     <span class='ocr_line' id='line_1_75' title="bbox 1931 2152 3514 2224; baseline 0.005 -20"><span class='ocrx_word' id='word_1_457' title='bbox 1931 2152 2159 2206; x_wconf 83' lang='lat' dir='ltr'><strong>sationis</strong></span> <span class='ocrx_word' id='word_1_458' title='bbox 2184 2168 2248 2206; x_wconf 84' lang='lat' dir='ltr'><strong>ae</strong></span> <span class='ocrx_word' id='word_1_459' title='bbox 2275 2153 2673 2222; x_wconf 89' lang='lat' dir='ltr'><strong>permissionis.</strong></span> <span class='ocrx_word' id='word_1_460' title='bbox 2714 2155 3007 2224; x_wconf 79' lang='lat' dir='ltr'><strong>Propensa:</strong></span> <span class='ocrx_word' id='word_1_461' title='bbox 3049 2157 3367 2219; x_wconf 80' lang='lat' dir='ltr'><strong>voluntatis,</strong></span> <span class='ocrx_word' id='word_1_462' title='bbox 3417 2174 3514 2212; x_wconf 66' lang='grc' dir='ltr'>εσυ</span> 
     </span>
    </p>
   </div>
   <div class='ocr_carea' id='block_1_75' title="bbox 1932 2242 3514 2317">
    <p class='ocr_par' dir='ltr' id='par_1_75' title="bbox 1932 2242 3514 2317">
     <span class='ocr_line' id='line_1_76' title="bbox 1932 2242 3514 2317; baseline 0.005 -23"><span class='ocrx_word' id='word_1_463' title='bbox 1932 2242 2257 2311; x_wconf 88' lang='lat' dir='ltr'><strong>beneplaciti</strong></span> <span class='ocrx_word' id='word_1_464' title='bbox 2312 2246 2672 2310; x_wconf 83' lang='lat' dir='ltr'><strong>voluntatem,</strong></span> <span class='ocrx_word' id='word_1_465' title='bbox 2717 2245 3019 2309; x_wconf 85' lang='lat' dir='ltr'><strong>declarant,</strong></span> <span class='ocrx_word' id='word_1_466' title='bbox 3071 2264 3194 2317; x_wconf 85' lang='lat' dir='ltr'><strong>quae</strong></span> <span class='ocrx_word' id='word_1_467' title='bbox 3221 2249 3286 2301; x_wconf 86' lang='lat' dir='ltr'><strong>in</strong></span> <span class='ocrx_word' id='word_1_468' title='bbox 3340 2250 3514 2302; x_wconf 77' lang='lat' dir='ltr'><strong>Abra—</strong></span> 
     </span>
    </p>
   </div>
   <div class='ocr_carea' id='block_1_76' title="bbox 1931 2333 3517 2408">
    <p class='ocr_par' dir='ltr' id='par_1_76' title="bbox 1931 2333 3517 2408">
     <span class='ocr_line' id='line_1_77' title="bbox 1931 2333 3517 2408; baseline 0.004 -21"><span class='ocrx_word' id='word_1_469' title='bbox 1931 2333 2095 2388; x_wconf 86' lang='lat' dir='ltr'><strong>hamo</strong></span> <span class='ocrx_word' id='word_1_470' title='bbox 2129 2345 2278 2404; x_wconf 79' lang='lat' dir='ltr'><strong>gesta</strong></span> <span class='ocrx_word' id='word_1_471' title='bbox 2313 2346 2461 2400; x_wconf 90' lang='lat' dir='ltr'><strong>sunt,</strong></span> <span class='ocrx_word' id='word_1_472' title='bbox 2492 2338 2711 2392; x_wconf 88' lang='lat' dir='ltr'><strong>dicente</strong></span> <span class='ocrx_word' id='word_1_473' title='bbox 2740 2339 2806 2392; x_wconf 89' lang='lat' dir='ltr'><strong>ad</strong></span> <span class='ocrx_word' id='word_1_474' title='bbox 2841 2355 2966 2391; x_wconf 89' lang='lat' dir='ltr'><strong>cum</strong></span> <span class='ocrx_word' id='word_1_475' title='bbox 3005 2339 3135 2400; x_wconf 91' lang='lat' dir='ltr'><strong>Deo,</strong></span> <span class='ocrx_word' id='word_1_476' title='bbox 3166 2339 3429 2408; x_wconf 76' lang='lat' dir='ltr'><strong>Egredere</strong></span> <span class='ocrx_word' id='word_1_477' title='bbox 3452 2342 3517 2394; x_wconf 74' lang='lat' dir='ltr'><strong>de</strong></span> 
     </span>
    </p>
   </div>
   <div class='ocr_carea' id='block_1_77' title="bbox 1932 2426 3514 2497">
    <p class='ocr_par' dir='ltr' id='par_1_77' title="bbox 1932 2426 3514 2497">
     <span class='ocr_line' id='line_1_78' title="bbox 1932 2426 3514 2497; baseline 0.005 -21"><span class='ocrx_word' id='word_1_478' title='bbox 1932 2431 2073 2476; x_wconf 83' lang='lat' dir='ltr'><strong>terra</strong></span> <span class='ocrx_word' id='word_1_479' title='bbox 2107 2435 2196 2478; x_wconf 87' lang='lat' dir='ltr'><strong>tua</strong></span> <span class='ocrx_word' id='word_1_480' title='bbox 2218 2426 2276 2477; x_wconf 80' lang='grc'><strong>¹⁸.</strong></span> <span class='ocrx_word' id='word_1_481' title='bbox 2315 2427 2775 2495; x_wconf 82' lang='lat' dir='ltr'><strong>Dispensationis,</strong></span> <span class='ocrx_word' id='word_1_482' title='bbox 2806 2445 2928 2497; x_wconf 77' lang='lat' dir='ltr'><strong>qua:</strong></span> <span class='ocrx_word' id='word_1_483' title='bbox 2962 2441 3110 2482; x_wconf 89' lang='lat' dir='ltr'><strong>certa</strong></span> <span class='ocrx_word' id='word_1_484' title='bbox 3159 2430 3376 2484; x_wconf 88' lang='lat' dir='ltr'><strong>consilii</strong></span> <span class='ocrx_word' id='word_1_485' title='bbox 3421 2447 3514 2484; x_wconf 84' lang='lat' dir='ltr'><strong>ra-</strong></span> 
     </span>
    </p>
   </div>
   <div class='ocr_carea' id='block_1_78' title="bbox 1931 2515 3514 2587">
    <p class='ocr_par' dir='ltr' id='par_1_78' title="bbox 1931 2515 3514 2587">
     <span class='ocr_line' id='line_1_79' title="bbox 1931 2515 3514 2587; baseline 0.005 -20"><span class='ocrx_word' id='word_1_486' title='bbox 1931 2515 2080 2569; x_wconf 90' lang='lat' dir='ltr'><strong>tione</strong></span> <span class='ocrx_word' id='word_1_487' title='bbox 2111 2516 2164 2569; x_wconf 90' lang='lat' dir='ltr'><strong>in</strong></span> <span class='ocrx_word' id='word_1_488' title='bbox 2192 2517 2431 2584; x_wconf 81' lang='lat' dir='ltr'><strong>Josepho</strong></span> <span class='ocrx_word' id='word_1_489' title='bbox 2461 2519 2830 2587; x_wconf 79' lang='lat' dir='ltr'><strong>contigerunt,</strong></span> <span class='ocrx_word' id='word_1_490' title='bbox 2859 2520 2924 2571; x_wconf 86' lang='lat' dir='ltr'><strong>ad</strong></span> <span class='ocrx_word' id='word_1_491' title='bbox 2960 2521 3397 2587; x_wconf 56' lang='lat' dir='ltr'><strong>prastruendum</strong></span> <span class='ocrx_word' id='word_1_492' title='bbox 3424 2538 3514 2575; x_wconf 77' lang='lat' dir='ltr'><strong>re-</strong></span> 
     </span>
    </p>
   </div>
   <div class='ocr_carea' id='block_1_79' title="bbox 1931 2609 3514 2682">
    <p class='ocr_par' dir='ltr' id='par_1_79' title="bbox 1931 2609 3514 2682">
     <span class='ocr_line' id='line_1_80' title="bbox 1931 2609 3514 2682; baseline 0.004 -22"><span class='ocrx_word' id='word_1_493' title='bbox 1931 2624 2052 2661; x_wconf 87' lang='lat' dir='ltr'><strong>rum</strong></span> <span class='ocrx_word' id='word_1_494' title='bbox 2114 2609 2424 2662; x_wconf 81' lang='lat' dir='ltr'><strong>futurarum</strong></span> <span class='ocrx_word' id='word_1_495' title='bbox 2476 2619 2766 2673; x_wconf 85' lang='lat' dir='ltr'><strong>eventum;</strong></span> <span class='ocrx_word' id='word_1_496' title='bbox 2827 2611 3206 2678; x_wconf 85' lang='lat' dir='ltr'><strong>permissionis</strong></span> <span class='ocrx_word' id='word_1_497' title='bbox 3253 2611 3514 2682; x_wconf 86' lang='lat' dir='ltr'><strong>denique,</strong></span> 
     </span>
    </p>
   </div>
   <div class='ocr_carea' id='block_1_80' title="bbox 1928 2699 2670 2768">
    <p class='ocr_par' dir='ltr' id='par_1_80' title="bbox 1928 2699 2670 2768">
     <span class='ocr_line' id='line_1_81' title="bbox 1928 2699 2670 2768; baseline 0.003 -17"><span class='ocrx_word' id='word_1_498' title='bbox 1928 2715 2050 2768; x_wconf 76' lang='lat' dir='ltr'><strong>qua:</strong></span> <span class='ocrx_word' id='word_1_499' title='bbox 2084 2699 2138 2752; x_wconf 91' lang='lat' dir='ltr'><strong>in</strong></span> <span class='ocrx_word' id='word_1_500' title='bbox 2173 2699 2313 2755; x_wconf 72' lang='grc' dir='ltr'><strong>«ἰοὺο</strong></span> <span class='ocrx_word' id='word_1_501' title='bbox 2343 2709 2670 2755; x_wconf 86' lang='lat' dir='ltr'><strong>evenerunt.</strong></span> 
     </span>
    </p>
   </div>
   <div class='ocr_carea' id='block_1_81' title="bbox 2485 2811 2952 2866">
    <p class='ocr_par' dir='ltr' id='par_1_81' title="bbox 2485 2811 2952 2866">
     <span class='ocr_line' id='line_1_82' title="bbox 2485 2811 2952 2866; baseline 0.002 -2"><span class='ocrx_word' id='word_1_502' title='bbox 2485 2811 2765 2866; x_wconf 82' lang='lat' dir='ltr'><strong>INTERR.</strong></span> <span class='ocrx_word' id='word_1_503' title='bbox 2807 2811 2952 2866; x_wconf 77' lang='lat' dir='ltr'>XXI.</span> 
     </span>
    </p>
   </div>
   <div class='ocr_carea' id='block_1_82' title="bbox 1999 2900 3513 2976">
    <p class='ocr_par' dir='ltr' id='par_1_82' title="bbox 1999 2900 3513 2976">
     <span class='ocr_line' id='line_1_83' title="bbox 1999 2900 3513 2976; baseline 0.005 -22"><span class='ocrx_word' id='word_1_504' title='bbox 1999 2900 2136 2966; x_wconf 80' lang='lat' dir='ltr'><strong>Quid</strong></span> <span class='ocrx_word' id='word_1_505' title='bbox 2165 2903 2262 2955; x_wconf 87' lang='lat' dir='ltr'><strong>sibi</strong></span> <span class='ocrx_word' id='word_1_506' title='bbox 2290 2902 2399 2955; x_wconf 84' lang='lat' dir='ltr'><strong>vult</strong></span> <span class='ocrx_word' id='word_1_507' title='bbox 2425 2901 2760 2957; x_wconf 65' lang='lat' dir='ltr'><strong>Psalmorum</strong></span> <span class='ocrx_word' id='word_1_508' title='bbox 2790 2905 3112 2968; x_wconf 76' lang='lat' dir='ltr'><strong>modulator,</strong></span> <span class='ocrx_word' id='word_1_509' title='bbox 3137 2905 3258 2958; x_wconf 86' lang='lat' dir='ltr'><strong>dum</strong></span> <span class='ocrx_word' id='word_1_510' title='bbox 3299 2905 3513 2976; x_wconf 76' lang='lat' dir='ltr'><strong>laqueus</strong></span> 
     </span>
    </p>
   </div>
   <div class='ocr_carea' id='block_1_83' title="bbox 1925 2992 3400 3067">
    <p class='ocr_par' dir='ltr' id='par_1_83' title="bbox 1925 2992 3400 3067">
     <span class='ocr_line' id='line_1_84' title="bbox 1925 2992 3400 3067; baseline 0.001 -20"><span class='ocrx_word' id='word_1_511' title='bbox 1925 2994 1988 3047; x_wconf 79' lang='lat' dir='ltr'><strong>de</strong></span> <span class='ocrx_word' id='word_1_512' title='bbox 2017 2995 2245 3048; x_wconf 84' lang='lat' dir='ltr'><strong>inimicis</strong></span> <span class='ocrx_word' id='word_1_513' title='bbox 2269 2993 2294 3046; x_wconf 86' lang='lat'><strong><em>?</em></strong></span> <span class='ocrx_word' id='word_1_514' title='bbox 2318 2995 2398 3047; x_wconf 86' lang='lat' dir='ltr'><strong>ait</strong></span> <span class='ocrx_word' id='word_1_515' title='bbox 2425 3009 2442 3047; x_wconf 92' lang='lat'><em>:</em></span> <span class='ocrx_word' id='word_1_516' title='bbox 2482 3013 2499 3044; x_wconf 87' lang='grc'><strong><em>‹</em></strong></span> <span class='ocrx_word' id='word_1_517' title='bbox 2533 2992 2634 3058; x_wconf 90' lang='lat' dir='ltr'><strong>Qui</strong></span> <span class='ocrx_word' id='word_1_518' title='bbox 2665 2996 2720 3049; x_wconf 88' lang='lat' dir='ltr'><strong>in</strong></span> <span class='ocrx_word' id='word_1_519' title='bbox 2751 2997 2968 3049; x_wconf 80' lang='lat' dir='ltr'><strong>circuitu</strong></span> <span class='ocrx_word' id='word_1_520' title='bbox 3001 2999 3256 3067; x_wconf 83' lang='lat' dir='ltr'><strong>ingruqu</strong></span> <span class='ocrx_word' id='word_1_521' title='bbox 3277 3001 3338 3049; x_wconf 83' lang='lat'><strong>&quot;&#39;.</strong></span> <span class='ocrx_word' id='word_1_522' title='bbox 3367 3019 3400 3048; x_wconf 68' lang='grc' dir='ltr'><strong>η›</strong></span> 
     </span>
    </p>
   </div>
   <div class='ocr_carea' id='block_1_84' title="bbox 2635 3108 2790 3179">
    <p class='ocr_par' dir='ltr' id='par_1_84' title="bbox 2635 3108 2790 3179">
     <span class='ocr_line' id='line_1_85' title="bbox 2635 3108 2790 3179; baseline 0.006 -16"><span class='ocrx_word' id='word_1_523' title='bbox 2635 3108 2790 3179; x_wconf 88' lang='lat' dir='ltr'><strong>Resp.</strong></span> 
     </span>
    </p>
   </div>
   <div class='ocr_carea' id='block_1_85' title="bbox 2003 3196 3516 3271">
    <p class='ocr_par' dir='ltr' id='par_1_85' title="bbox 2003 3196 3516 3271">
     <span class='ocr_line' id='line_1_86' title="bbox 2003 3196 3516 3271; baseline 0.003 -21"><span class='ocrx_word' id='word_1_524' title='bbox 2003 3196 2060 3250; x_wconf 91' lang='lat' dir='ltr'><strong>In</strong></span> <span class='ocrx_word' id='word_1_525' title='bbox 2093 3196 2350 3262; x_wconf 86' lang='lat' dir='ltr'><strong>circuitu,</strong></span> <span class='ocrx_word' id='word_1_526' title='bbox 2380 3209 2504 3253; x_wconf 89' lang='lat' dir='ltr'><strong>ante</strong></span> <span class='ocrx_word' id='word_1_527' title='bbox 2533 3211 2618 3252; x_wconf 90' lang='lat' dir='ltr'><strong>est</strong></span> <span class='ocrx_word' id='word_1_528' title='bbox 2659 3207 2716 3252; x_wconf 91' lang='lat' dir='ltr'><strong>et</strong></span> <span class='ocrx_word' id='word_1_529' title='bbox 2746 3208 2914 3264; x_wconf 73' lang='lat' dir='ltr'><strong>retro,</strong></span> <span class='ocrx_word' id='word_1_530' title='bbox 2947 3216 2976 3253; x_wconf 90' lang='lat' dir='ltr'><strong>a</strong></span> <span class='ocrx_word' id='word_1_531' title='bbox 3022 3200 3339 3271; x_wconf 77' lang='lat' dir='ltr'><strong>dextrisque</strong></span> <span class='ocrx_word' id='word_1_532' title='bbox 3387 3214 3443 3257; x_wconf 87' lang='lat' dir='ltr'><strong>et</strong></span> <span class='ocrx_word' id='word_1_533' title='bbox 3489 3219 3516 3254; x_wconf 88' lang='lat' dir='ltr'><strong>a</strong></span> 
     </span>
    </p>
   </div>
   <div class='ocr_carea' id='block_1_86' title="bbox 1931 3287 3515 3364">
    <p class='ocr_par' dir='ltr' id='par_1_86' title="bbox 1931 3287 3515 3364">
     <span class='ocr_line' id='line_1_87' title="bbox 1931 3287 3515 3364; baseline 0.003 -20"><span class='ocrx_word' id='word_1_534' title='bbox 1931 3287 2190 3344; x_wconf 77' lang='lat' dir='ltr'><strong>sinistris.</strong></span> <span class='ocrx_word' id='word_1_535' title='bbox 2227 3290 2496 3360; x_wconf 80' lang='lat' dir='ltr'><strong>lngruunt</strong></span> <span class='ocrx_word' id='word_1_536' title='bbox 2526 3291 2696 3360; x_wconf 73' lang='lat' dir='ltr'><strong>igitur</strong></span> <span class='ocrx_word' id='word_1_537' title='bbox 2721 3291 2882 3346; x_wconf 79' lang='lat' dir='ltr'><strong>nobis</strong></span> <span class='ocrx_word' id='word_1_538' title='bbox 2906 3291 3202 3357; x_wconf 66' lang='lat' dir='ltr'><strong>daemones,</strong></span> <span class='ocrx_word' id='word_1_539' title='bbox 3227 3303 3355 3348; x_wconf 90' lang='lat' dir='ltr'><strong>ante</strong></span> <span class='ocrx_word' id='word_1_540' title='bbox 3388 3295 3515 3364; x_wconf 90' lang='lat' dir='ltr'><strong>qui-</strong></span> 
     </span>
    </p>
   </div>
   <div class='ocr_carea' id='block_1_87' title="bbox 1931 3382 3519 3455">
    <p class='ocr_par' dir='ltr' id='par_1_87' title="bbox 1931 3382 3519 3455">
     <span class='ocr_line' id='line_1_88' title="bbox 1931 3382 3519 3455; baseline 0.001 -19"><span class='ocrx_word' id='word_1_541' title='bbox 1931 3382 2078 3446; x_wconf 86' lang='lat' dir='ltr'><strong>dem,</strong></span> <span class='ocrx_word' id='word_1_542' title='bbox 2104 3398 2228 3437; x_wconf 91' lang='lat' dir='ltr'><strong>cum</strong></span> <span class='ocrx_word' id='word_1_543' title='bbox 2261 3391 2488 3437; x_wconf 87' lang='lat' dir='ltr'><strong>externa</strong></span> <span class='ocrx_word' id='word_1_544' title='bbox 2522 3398 2914 3453; x_wconf 85' lang='lat' dir='ltr'><strong>corporearum</strong></span> <span class='ocrx_word' id='word_1_545' title='bbox 2949 3399 3132 3438; x_wconf 88' lang='lat' dir='ltr'><strong>rerum</strong></span> <span class='ocrx_word' id='word_1_546' title='bbox 3171 3385 3376 3455; x_wconf 88' lang='lat' dir='ltr'><strong>specie,</strong></span> <span class='ocrx_word' id='word_1_547' title='bbox 3398 3389 3519 3440; x_wconf 84' lang='lat' dir='ltr'><strong>vel-</strong></span> 
     </span>
    </p>
   </div>
   <div class='ocr_carea' id='block_1_88' title="bbox 1933 3474 3517 3544">
    <p class='ocr_par' dir='ltr' id='par_1_88' title="bbox 1933 3474 3517 3544">
     <span class='ocr_line' id='line_1_89' title="bbox 1933 3474 3517 3544; baseline 0.001 -18"><span class='ocrx_word' id='word_1_548' title='bbox 1933 3483 1994 3526; x_wconf 91' lang='lat' dir='ltr'><strong>ut</strong></span> <span class='ocrx_word' id='word_1_549' title='bbox 2029 3488 2154 3526; x_wconf 85' lang='lat' dir='ltr'><strong>esca</strong></span> <span class='ocrx_word' id='word_1_550' title='bbox 2205 3487 2308 3526; x_wconf 90' lang='lat' dir='ltr'><strong>nos</strong></span> <span class='ocrx_word' id='word_1_551' title='bbox 2331 3474 2596 3542; x_wconf 88' lang='lat' dir='ltr'><strong>capiunt:</strong></span> <span class='ocrx_word' id='word_1_552' title='bbox 2635 3480 2783 3527; x_wconf 85' lang='lat' dir='ltr'><strong>retro</strong></span> <span class='ocrx_word' id='word_1_553' title='bbox 2808 3481 3014 3537; x_wconf 88' lang='lat' dir='ltr'><strong>autem,</strong></span> <span class='ocrx_word' id='word_1_554' title='bbox 3041 3489 3166 3528; x_wconf 92' lang='lat' dir='ltr'><strong>cum</strong></span> <span class='ocrx_word' id='word_1_555' title='bbox 3210 3489 3311 3544; x_wconf 87' lang='lat' dir='ltr'><strong>per</strong></span> <span class='ocrx_word' id='word_1_556' title='bbox 3353 3489 3517 3528; x_wconf 77' lang='lat' dir='ltr'><strong>occu-</strong></span> 
     </span>
    </p>
   </div>
   <div class='ocr_carea' id='block_1_89' title="bbox 1933 3565 3515 3635">
    <p class='ocr_par' dir='ltr' id='par_1_89' title="bbox 1933 3565 3515 3635">
     <span class='ocr_line' id='line_1_90' title="bbox 1933 3565 3515 3635; baseline 0.002 -18"><span class='ocrx_word' id='word_1_557' title='bbox 1933 3575 2088 3634; x_wconf 86' lang='lat' dir='ltr'><strong>patas</strong></span> <span class='ocrx_word' id='word_1_558' title='bbox 2147 3565 2437 3633; x_wconf 86' lang='lat' dir='ltr'><strong>opiniones</strong></span> <span class='ocrx_word' id='word_1_559' title='bbox 2489 3581 2776 3634; x_wconf 88' lang='lat' dir='ltr'><strong>pravarum</strong></span> <span class='ocrx_word' id='word_1_560' title='bbox 2841 3565 3254 3635; x_wconf 80' lang='lat' dir='ltr'><strong>cogitationum,</strong></span> <span class='ocrx_word' id='word_1_561' title='bbox 3302 3579 3515 3621; x_wconf 79' lang='lat' dir='ltr'><strong>memo-</strong></span> 
     </span>
    </p>
   </div>
   <div class='ocr_carea' id='block_1_90' title="bbox 1934 3658 3516 3728">
    <p class='ocr_par' dir='ltr' id='par_1_90' title="bbox 1934 3658 3516 3728">
     <span class='ocr_line' id='line_1_91' title="bbox 1934 3658 3516 3728; baseline 0.002 -17"><span class='ocrx_word' id='word_1_562' title='bbox 1934 3659 2069 3711; x_wconf 87' lang='lat' dir='ltr'><strong>riam</strong></span> <span class='ocrx_word' id='word_1_563' title='bbox 2105 3659 2364 3712; x_wconf 88' lang='lat' dir='ltr'><strong>excitaut.</strong></span> <span class='ocrx_word' id='word_1_564' title='bbox 2411 3659 2453 3712; x_wconf 88' lang='lat' dir='ltr'><strong>A</strong></span> <span class='ocrx_word' id='word_1_565' title='bbox 2483 3658 2724 3712; x_wconf 83' lang='lat' dir='ltr'><strong>sinistris</strong></span> <span class='ocrx_word' id='word_1_566' title='bbox 2765 3674 2916 3721; x_wconf 83' lang='lat' dir='ltr'><strong>vero,</strong></span> <span class='ocrx_word' id='word_1_567' title='bbox 2956 3675 3081 3712; x_wconf 93' lang='lat' dir='ltr'><strong>cum</strong></span> <span class='ocrx_word' id='word_1_568' title='bbox 3127 3673 3226 3728; x_wconf 85' lang='lat' dir='ltr'><strong>per</strong></span> <span class='ocrx_word' id='word_1_569' title='bbox 3260 3659 3516 3714; x_wconf 86' lang='lat' dir='ltr'><strong>carnales</strong></span> 
     </span>
    </p>
   </div>
   <div class='ocr_carea' id='block_1_91' title="bbox 1934 3749 3510 3812">
    <p class='ocr_par' dir='ltr' id='par_1_91' title="bbox 1934 3749 3510 3812">
     <span class='ocr_line' id='line_1_92' title="bbox 1934 3749 3510 3812; baseline 0.001 -11"><span class='ocrx_word' id='word_1_570' title='bbox 1934 3764 1999 3802; x_wconf 87' lang='lat' dir='ltr'><strong>ac</strong></span> <span class='ocrx_word' id='word_1_571' title='bbox 2038 3749 2269 3802; x_wconf 86' lang='lat' dir='ltr'><strong>lascivos</strong></span> <span class='ocrx_word' id='word_1_572' title='bbox 2315 3749 2546 3802; x_wconf 74' lang='lat' dir='ltr'><strong>allectus</strong></span> <span class='ocrx_word' id='word_1_573' title='bbox 2597 3765 2694 3803; x_wconf 90' lang='lat' dir='ltr'><strong>seu</strong></span> <span class='ocrx_word' id='word_1_574' title='bbox 2745 3750 3028 3812; x_wconf 89' lang='lat' dir='ltr'><strong>libidines,</strong></span> <span class='ocrx_word' id='word_1_575' title='bbox 3073 3749 3314 3804; x_wconf 90' lang='lat' dir='ltr'><strong>animum</strong></span> <span class='ocrx_word' id='word_1_576' title='bbox 3357 3767 3510 3804; x_wconf 81' lang='lat' dir='ltr'><strong>emo-</strong></span> 
     </span>
    </p>
   </div>
   <div class='ocr_carea' id='block_1_92' title="bbox 1934 3839 3511 3908">
    <p class='ocr_par' dir='ltr' id='par_1_92' title="bbox 1934 3839 3511 3908">
     <span class='ocr_line' id='line_1_93' title="bbox 1934 3839 3511 3908; baseline 0.001 -21"><span class='ocrx_word' id='word_1_577' title='bbox 1934 3847 2099 3891; x_wconf 88' lang='lat' dir='ltr'><strong>vent:</strong></span> <span class='ocrx_word' id='word_1_578' title='bbox 2138 3854 2168 3891; x_wconf 90' lang='lat' dir='ltr'><strong>a</strong></span> <span class='ocrx_word' id='word_1_579' title='bbox 2197 3839 2404 3892; x_wconf 81' lang='lat' dir='ltr'><strong>dextris</strong></span> <span class='ocrx_word' id='word_1_580' title='bbox 2436 3841 2693 3908; x_wconf 86' lang='lat' dir='ltr'><strong>denique,</strong></span> <span class='ocrx_word' id='word_1_581' title='bbox 2726 3857 2848 3894; x_wconf 91' lang='lat' dir='ltr'><strong>cum</strong></span> <span class='ocrx_word' id='word_1_582' title='bbox 2885 3856 2985 3908; x_wconf 90' lang='lat' dir='ltr'><strong>per</strong></span> <span class='ocrx_word' id='word_1_583' title='bbox 3034 3840 3250 3893; x_wconf 87' lang='lat' dir='ltr'><strong>inanem</strong></span> <span class='ocrx_word' id='word_1_584' title='bbox 3283 3839 3511 3907; x_wconf 81' lang='lat' dir='ltr'><strong>gloriam</strong></span> 
     </span>
    </p>
   </div>
   <div class='ocr_carea' id='block_1_93' title="bbox 1937 3927 3513 3998">
    <p class='ocr_par' dir='ltr' id='par_1_93' title="bbox 1937 3927 3513 3998">
     <span class='ocr_line' id='line_1_94' title="bbox 1937 3927 3513 3998; baseline 0.003 -19"><span class='ocrx_word' id='word_1_585' title='bbox 1937 3937 1992 3980; x_wconf 91' lang='lat' dir='ltr'><strong>et</strong></span> <span class='ocrx_word' id='word_1_586' title='bbox 2045 3927 2359 3994; x_wconf 83' lang='lat' dir='ltr'><strong>superbiam</strong></span> <span class='ocrx_word' id='word_1_587' title='bbox 2408 3929 2650 3981; x_wconf 80' lang='lat' dir='ltr'><strong>animum</strong></span> <span class='ocrx_word' id='word_1_588' title='bbox 2709 3929 3038 3982; x_wconf 84' lang='lat' dir='ltr'><strong>adoriuntur</strong></span> <span class='ocrx_word' id='word_1_589' title='bbox 3085 3929 3276 3998; x_wconf 87' lang='lat' dir='ltr'><strong>illique</strong></span> <span class='ocrx_word' id='word_1_590' title='bbox 3328 3929 3513 3985; x_wconf 80' lang='lat' dir='ltr'><strong>immi-</strong></span> 
     </span>
    </p>
   </div>
   <div class='ocr_carea' id='block_1_94' title="bbox 1937 4027 2091 4071">
    <p class='ocr_par' dir='ltr' id='par_1_94' title="bbox 1937 4027 2091 4071">
     <span class='ocr_line' id='line_1_95' title="bbox 1937 4027 2091 4071; baseline 0 -1"><span class='ocrx_word' id='word_1_591' title='bbox 1937 4027 2091 4071; x_wconf 63' lang='lat' dir='ltr'>DCIII.</span> 
     </span>
    </p>
   </div>
   <div class='ocr_carea' id='block_1_95' title="bbox 2490 4130 2971 4183">
    <p class='ocr_par' dir='ltr' id='par_1_95' title="bbox 2490 4130 2971 4183">
     <span class='ocr_line' id='line_1_96' title="bbox 2490 4130 2971 4183; baseline -0.004 -1"><span class='ocrx_word' id='word_1_592' title='bbox 2490 4130 2771 4183; x_wconf 72' lang='lat' dir='ltr'><strong>INTERR.</strong></span> <span class='ocrx_word' id='word_1_593' title='bbox 2810 4130 2971 4182; x_wconf 86' lang='lat' dir='ltr'>XXII.</span> 
     </span>
    </p>
   </div>
   <div class='ocr_carea' id='block_1_96' title="bbox 2010 4217 3512 4292">
    <p class='ocr_par' dir='ltr' id='par_1_96' title="bbox 2010 4217 3512 4292">
     <span class='ocr_line' id='line_1_97' title="bbox 2010 4217 3512 4292; baseline 0.002 -20"><span class='ocrx_word' id='word_1_594' title='bbox 2010 4218 2148 4284; x_wconf 84' lang='lat' dir='ltr'><strong>Quid</strong></span> <span class='ocrx_word' id='word_1_595' title='bbox 2183 4217 2280 4273; x_wconf 82' lang='lat' dir='ltr'><strong>sibi</strong></span> <span class='ocrx_word' id='word_1_596' title='bbox 2314 4219 2476 4274; x_wconf 82' lang='lat' dir='ltr'><strong>vult?</strong></span> <span class='ocrx_word' id='word_1_597' title='bbox 2518 4239 2535 4270; x_wconf 77' lang='grc' dir='ltr'>ι</span> <span class='ocrx_word' id='word_1_598' title='bbox 2582 4218 2783 4274; x_wconf 83' lang='lat' dir='ltr'><strong>Sumite</strong></span> <span class='ocrx_word' id='word_1_599' title='bbox 2816 4221 3099 4286; x_wconf 76' lang='lat' dir='ltr'><strong>psalmum,</strong></span> <span class='ocrx_word' id='word_1_600' title='bbox 3131 4228 3179 4271; x_wconf 77' lang='lat' dir='ltr'><strong>et</strong></span> <span class='ocrx_word' id='word_1_601' title='bbox 3226 4223 3348 4273; x_wconf 82' lang='lat' dir='ltr'><strong>date</strong></span> <span class='ocrx_word' id='word_1_602' title='bbox 3377 4229 3512 4292; x_wconf 59' lang='lat' dir='ltr'><strong>lymv</strong></span> 
     </span>
    </p>
   </div>
   <div class='ocr_carea' id='block_1_97' title="bbox 1844 4309 3369 4380">
    <p class='ocr_par' dir='ltr' id='par_1_97' title="bbox 1844 4309 3369 4380">
     <span class='ocr_line' id='line_1_98' title="bbox 1844 4309 3369 4380; baseline -0.002 -17"><span class='ocrx_word' id='word_1_603' title='bbox 1844 4341 1847 4344; x_wconf 91' lang='lat'><strong><em>-</em></strong></span> <span class='ocrx_word' id='word_1_604' title='bbox 1939 4326 2166 4376; x_wconf 83' lang='lat' dir='ltr'><strong>panum;</strong></span> <span class='ocrx_word' id='word_1_605' title='bbox 2216 4309 2525 4380; x_wconf 79' lang='lat' dir='ltr'><strong>psalterium</strong></span> <span class='ocrx_word' id='word_1_606' title='bbox 2546 4310 2862 4379; x_wconf 83' lang='lat' dir='ltr'><strong>jucundum,</strong></span> <span class='ocrx_word' id='word_1_607' title='bbox 2889 4326 3005 4362; x_wconf 86' lang='lat' dir='ltr'><strong>cum</strong></span> <span class='ocrx_word' id='word_1_608' title='bbox 3037 4310 3243 4362; x_wconf 77' lang='lat' dir='ltr'><strong>cithara</strong></span> <span class='ocrx_word' id='word_1_609' title='bbox 3261 4311 3324 4362; x_wconf 85' lang='grc'><strong>²⁰.</strong></span> <span class='ocrx_word' id='word_1_610' title='bbox 3353 4330 3369 4360; x_wconf 75' lang='grc' dir='ltr'>ι</span> 
     </span>
    </p>
   </div>
   <div class='ocr_carea' id='block_1_98' title="bbox 2649 4423 2806 4493">
    <p class='ocr_par' dir='ltr' id='par_1_98' title="bbox 2649 4423 2806 4493">
     <span class='ocr_line' id='line_1_99' title="bbox 2649 4423 2806 4493; baseline 0 -18"><span class='ocrx_word' id='word_1_611' title='bbox 2649 4423 2806 4493; x_wconf 83' lang='lat' dir='ltr'><strong>Resp.</strong></span> 
     </span>
    </p>
   </div>
   <div class='ocr_carea' id='block_1_99' title="bbox 2012 4510 3514 4574">
    <p class='ocr_par' dir='ltr' id='par_1_99' title="bbox 2012 4510 3514 4574">
     <span class='ocr_line' id='line_1_100' title="bbox 2012 4510 3514 4574; baseline 0.001 -9"><span class='ocrx_word' id='word_1_612' title='bbox 2012 4510 2224 4565; x_wconf 83' lang='lat' dir='ltr'><strong>Sumite</strong></span> <span class='ocrx_word' id='word_1_613' title='bbox 2277 4510 2518 4564; x_wconf 87' lang='lat' dir='ltr'><strong>divinam</strong></span> <span class='ocrx_word' id='word_1_614' title='bbox 2561 4510 2891 4574; x_wconf 82' lang='lat' dir='ltr'><strong>doctrinam,</strong></span> <span class='ocrx_word' id='word_1_615' title='bbox 2934 4520 2990 4566; x_wconf 89' lang='lat' dir='ltr'><strong>et</strong></span> <span class='ocrx_word' id='word_1_616' title='bbox 3039 4513 3164 4566; x_wconf 91' lang='lat' dir='ltr'><strong>date</strong></span> <span class='ocrx_word' id='word_1_617' title='bbox 3215 4513 3514 4567; x_wconf 82' lang='lat' dir='ltr'><strong>studiosam</strong></span> 
     </span>
    </p>
   </div>
   <div class='ocr_carea' id='block_1_100' title="bbox 1939 4602 3512 4672">
    <p class='ocr_par' dir='ltr' id='par_1_100' title="bbox 1939 4602 3512 4672">
     <span class='ocr_line' id='line_1_101' title="bbox 1939 4602 3512 4672; baseline 0.001 -17"><span class='ocrx_word' id='word_1_618' title='bbox 1939 4617 2095 4670; x_wconf 74' lang='lat' dir='ltr'><strong>a&#39;que</strong></span> <span class='ocrx_word' id='word_1_619' title='bbox 2126 4602 2350 4655; x_wconf 88' lang='lat' dir='ltr'><strong>virtutis</strong></span> <span class='ocrx_word' id='word_1_620' title='bbox 2376 4602 2586 4656; x_wconf 85' lang='lat' dir='ltr'><strong>ratione</strong></span> <span class='ocrx_word' id='word_1_621' title='bbox 2606 4603 2877 4656; x_wconf 84' lang='lat' dir='ltr'><strong>actionem</strong></span> <span class='ocrx_word' id='word_1_622' title='bbox 2904 4619 2999 4672; x_wconf 91' lang='lat' dir='ltr'><strong>per</strong></span> <span class='ocrx_word' id='word_1_623' title='bbox 3021 4605 3268 4672; x_wconf 85' lang='lat' dir='ltr'><strong>corporis</strong></span> <span class='ocrx_word' id='word_1_624' title='bbox 3291 4606 3512 4658; x_wconf 86' lang='lat' dir='ltr'><strong>mortili-</strong></span> 
     </span>
    </p>
   </div>
   <div class='ocr_carea' id='block_1_101' title="bbox 1940 4694 3510 4764">
    <p class='ocr_par' dir='ltr' id='par_1_101' title="bbox 1940 4694 3510 4764">
     <span class='ocr_line' id='line_1_102' title="bbox 1940 4694 3510 4764; baseline -0.001 -16"><span class='ocrx_word' id='word_1_625' title='bbox 1940 4694 2235 4748; x_wconf 89' lang='lat' dir='ltr'><strong>eationem.</strong></span> <span class='ocrx_word' id='word_1_626' title='bbox 2255 4695 2529 4760; x_wconf 86' lang='lat' dir='ltr'><strong>Quantum</strong></span> <span class='ocrx_word' id='word_1_627' title='bbox 2547 4710 2678 4748; x_wconf 86' lang='lat' dir='ltr'><strong>vero</strong></span> <span class='ocrx_word' id='word_1_628' title='bbox 2695 4696 2761 4750; x_wconf 91' lang='lat' dir='ltr'><strong>ad</strong></span> <span class='ocrx_word' id='word_1_629' title='bbox 2781 4695 2833 4747; x_wconf 89' lang='lat' dir='ltr'><strong>id</strong></span> <span class='ocrx_word' id='word_1_630' title='bbox 2857 4695 3002 4763; x_wconf 85' lang='lat' dir='ltr'><strong>quod</strong></span> <span class='ocrx_word' id='word_1_631' title='bbox 3021 4694 3294 4764; x_wconf 90' lang='lat' dir='ltr'><strong>sequitur,</strong></span> <span class='ocrx_word' id='word_1_632' title='bbox 3315 4695 3510 4749; x_wconf 85' lang='lat' dir='ltr'><strong>Psalte-</strong></span> 
     </span>
    </p>
   </div>
   <div class='ocr_carea' id='block_1_102' title="bbox 1941 4787 3521 4856">
    <p class='ocr_par' dir='ltr' id='par_1_102' title="bbox 1941 4787 3521 4856">
     <span class='ocr_line' id='line_1_103' title="bbox 1941 4787 3521 4856; baseline 0 -17"><span class='ocrx_word' id='word_1_633' title='bbox 1941 4789 2080 4840; x_wconf 86' lang='lat' dir='ltr'><strong>rium</strong></span> <span class='ocrx_word' id='word_1_634' title='bbox 2128 4787 2418 4853; x_wconf 82' lang='lat' dir='ltr'><strong>iucundum</strong></span> <span class='ocrx_word' id='word_1_635' title='bbox 2455 4803 2572 4840; x_wconf 88' lang='lat' dir='ltr'><strong>cum</strong></span> <span class='ocrx_word' id='word_1_636' title='bbox 2618 4788 2855 4852; x_wconf 81' lang='lat' dir='ltr'><strong>cithara;</strong></span> <span class='ocrx_word' id='word_1_637' title='bbox 2903 4787 3229 4856; x_wconf 86' lang='lat' dir='ltr'><strong>psalterium</strong></span> <span class='ocrx_word' id='word_1_638' title='bbox 3285 4787 3521 4856; x_wconf 84' lang='lat' dir='ltr'><strong>appellat</strong></span> 
     </span>
    </p>
   </div>
   <div class='ocr_carea' id='block_1_103' title="bbox 1940 4879 3515 4950">
    <p class='ocr_par' dir='ltr' id='par_1_103' title="bbox 1940 4879 3515 4950">
     <span class='ocr_line' id='line_1_104' title="bbox 1940 4879 3515 4950; baseline -0.001 -16"><span class='ocrx_word' id='word_1_639' title='bbox 1940 4880 2234 4949; x_wconf 86' lang='lat' dir='ltr'><strong>spiritum;</strong></span> <span class='ocrx_word' id='word_1_640' title='bbox 2281 4879 2572 4936; x_wconf 80' lang='lat' dir='ltr'><strong>citharam.</strong></span> <span class='ocrx_word' id='word_1_641' title='bbox 2605 4881 2878 4945; x_wconf 87' lang='lat' dir='ltr'><strong>animam;</strong></span> <span class='ocrx_word' id='word_1_642' title='bbox 2926 4888 3264 4950; x_wconf 75' lang='lat' dir='ltr'><strong>tympanum,</strong></span> <span class='ocrx_word' id='word_1_643' title='bbox 3298 4893 3515 4948; x_wconf 86' lang='lat' dir='ltr'><strong>corpus.</strong></span> 
     </span>
    </p>
   </div>
   <div class='ocr_carea' id='block_1_104' title="bbox 2365 4987 3086 5059">
    <p class='ocr_par' dir='ltr' id='par_1_104' title="bbox 2365 4987 3086 5059">
     <span class='ocr_line' id='line_1_105' title="bbox 2365 4987 3086 5059; baseline -0.007 -12"><span class='ocrx_word' id='word_1_644' title='bbox 2365 4989 2530 5059; x_wconf 77' lang='grc'><strong>308</strong></span> <span class='ocrx_word' id='word_1_645' title='bbox 2564 4987 2850 5044; x_wconf 71' lang='lat' dir='ltr'><strong>INTERR.</strong></span> <span class='ocrx_word' id='word_1_646' title='bbox 2892 4989 3086 5042; x_wconf 78' lang='lat' dir='ltr'>XXIII.</span> 
     </span>
    </p>
   </div>
   <div class='ocr_carea' id='block_1_105' title="bbox 2010 5077 3516 5148">
    <p class='ocr_par' dir='ltr' id='par_1_105' title="bbox 2010 5077 3516 5148">
     <span class='ocr_line' id='line_1_106' title="bbox 2010 5077 3516 5148; baseline -0.002 -17"><span class='ocrx_word' id='word_1_647' title='bbox 2010 5077 2146 5143; x_wconf 84' lang='lat' dir='ltr'><strong>Quid</strong></span> <span class='ocrx_word' id='word_1_648' title='bbox 2186 5079 2305 5132; x_wconf 84' lang='lat' dir='ltr'><strong>est?</strong></span> <span class='ocrx_word' id='word_1_649' title='bbox 2342 5098 2361 5129; x_wconf 73' lang='grc' dir='ltr'>ι</span> <span class='ocrx_word' id='word_1_650' title='bbox 2392 5079 2716 5132; x_wconf 80' lang='lat' dir='ltr'><strong>Arundinem</strong></span> <span class='ocrx_word' id='word_1_651' title='bbox 2741 5088 3048 5148; x_wconf 81' lang='lat' dir='ltr'><strong>quassatam</strong></span> <span class='ocrx_word' id='word_1_652' title='bbox 3077 5094 3176 5131; x_wconf 87' lang='lat' dir='ltr'><strong>uou</strong></span> <span class='ocrx_word' id='word_1_653' title='bbox 3209 5078 3516 5146; x_wconf 68' lang='lat' dir='ltr'><strong>confringet,</strong></span> 
     </span>
    </p>
   </div>
   <div class='ocr_carea' id='block_1_106' title="bbox 1940 5170 3048 5240">
    <p class='ocr_par' dir='ltr' id='par_1_106' title="bbox 1940 5170 3048 5240">
     <span class='ocr_line' id='line_1_107' title="bbox 1940 5170 3048 5240; baseline -0.002 -17"><span class='ocrx_word' id='word_1_654' title='bbox 1940 5180 1989 5224; x_wconf 87' lang='lat' dir='ltr'><strong>et</strong></span> <span class='ocrx_word' id='word_1_655' title='bbox 2030 5171 2196 5224; x_wconf 83' lang='lat' dir='ltr'><strong>linum</strong></span> <span class='ocrx_word' id='word_1_656' title='bbox 2227 5172 2495 5240; x_wconf 76' lang='lat' dir='ltr'><strong>fumigaus</strong></span> <span class='ocrx_word' id='word_1_657' title='bbox 2529 5188 2633 5224; x_wconf 85' lang='lat' dir='ltr'><strong>non</strong></span> <span class='ocrx_word' id='word_1_658' title='bbox 2673 5170 3048 5240; x_wconf 69' lang='lat' dir='ltr'><strong>exstinguat“.</strong></span> 
     </span>
    </p>
   </div>
   <div class='ocr_carea' id='block_1_107' title="bbox 2661 5287 2798 5356">
    <p class='ocr_par' dir='ltr' id='par_1_107' title="bbox 2661 5287 2798 5356">
     <span class='ocr_line' id='line_1_108' title="bbox 2661 5287 2798 5356; baseline -0.007 -16"><span class='ocrx_word' id='word_1_659' title='bbox 2661 5287 2798 5356; x_wconf 85' lang='lat' dir='ltr'><strong>Resp</strong></span> 
     </span>
    </p>
   </div>
   <div class='ocr_carea' id='block_1_108' title="bbox 2011 5373 3520 5447">
    <p class='ocr_par' dir='ltr' id='par_1_108' title="bbox 2011 5373 3520 5447">
     <span class='ocr_line' id='line_1_109' title="bbox 2011 5373 3520 5447; baseline -0.006 -12"><span class='ocrx_word' id='word_1_660' title='bbox 2011 5381 2115 5447; x_wconf 85' lang='lat' dir='ltr'><strong>Qui</strong></span> <span class='ocrx_word' id='word_1_661' title='bbox 2143 5377 2358 5433; x_wconf 89' lang='lat' dir='ltr'><strong>Domini</strong></span> <span class='ocrx_word' id='word_1_662' title='bbox 2381 5375 2655 5444; x_wconf 85' lang='lat' dir='ltr'><strong>exemplo.</strong></span> <span class='ocrx_word' id='word_1_663' title='bbox 2677 5375 3036 5445; x_wconf 81' lang='lat' dir='ltr'><strong>propensiore</strong></span> <span class='ocrx_word' id='word_1_664' title='bbox 3061 5373 3415 5427; x_wconf 89' lang='lat' dir='ltr'><strong>miseratione</strong></span> <span class='ocrx_word' id='word_1_665' title='bbox 3442 5373 3520 5427; x_wconf 87' lang='lat' dir='ltr'><strong>in-</strong></span> 
     </span>
    </p>
   </div>
   <div class='ocr_carea' id='block_1_109' title="bbox 1946 5525 3528 5600">
    <p class='ocr_par' dir='ltr' id='par_1_109' title="bbox 1946 5525 3528 5600">
     <span class='ocr_line' id='line_1_110' title="bbox 1946 5525 3528 5600; baseline -0.008 -9"><span class='ocrx_word' id='word_1_666' title='bbox 1946 5537 1988 5567; x_wconf 80' lang='lat'>&quot;</span> <span class='ocrx_word' id='word_1_667' title='bbox 2015 5535 2156 5590; x_wconf 87' lang='lat' dir='ltr'><strong>Psal.</strong></span> <span class='ocrx_word' id='word_1_668' title='bbox 2190 5550 2268 5600; x_wconf 84' lang='lat' dir='ltr'><strong>tn,</strong></span> <span class='ocrx_word' id='word_1_669' title='bbox 2299 5533 2352 5588; x_wconf 88' lang='lat'><strong>6.</strong></span> <span class='ocrx_word' id='word_1_670' title='bbox 2467 5533 2512 5564; x_wconf 81' lang='grc'><strong>¹⁰</strong></span> <span class='ocrx_word' id='word_1_671' title='bbox 2543 5531 2688 5586; x_wconf 87' lang='lat' dir='ltr'><strong>Psal.</strong></span> <span class='ocrx_word' id='word_1_672' title='bbox 2728 5547 2887 5596; x_wconf 79' lang='lat' dir='ltr'><strong>Lxxx,</strong></span> <span class='ocrx_word' id='word_1_673' title='bbox 2925 5530 2978 5584; x_wconf 83' lang='lat'><strong>5.</strong></span> <span class='ocrx_word' id='word_1_674' title='bbox 3094 5530 3134 5559; x_wconf 85' lang='lat'><strong>&quot;</strong></span> <span class='ocrx_word' id='word_1_675' title='bbox 3168 5527 3269 5582; x_wconf 87' lang='lat' dir='ltr'><strong>Isa.</strong></span> <span class='ocrx_word' id='word_1_676' title='bbox 3304 5543 3428 5593; x_wconf 79' lang='lat' dir='ltr'><strong>xui,</strong></span> <span class='ocrx_word' id='word_1_677' title='bbox 3455 5525 3528 5596; x_wconf 64' lang='grc' dir='ltr'>ὃς</span> 
     </span>
    </p>
   </div>
  </div>
