4154 6322
462 337 567 405 817

1620 348 2110 421 ΟΠίΕΞΤΙΟΝΕΒ
2148 353 2243 412 ΕΤ
2285 354 2537 416 DUBIA.

3600 360 3705 427 8ῐὸ

457 453 545 506 ἵνα
574 451 659 504 διὰ
692 450 783 520 τῆς
820 451 901 513 εἰς
931 450 1095 506 αὑτὸν
1126 451 1387 518 πίστεως,
1424 454 1585 525 ἡνίκα
1612 455 1701 508 διὰ
1731 456 2028 529 φιλανθρω-

2136 459 2286 516 misit
2319 479 2332 515 :
2367 468 2427 516 ut
2470 462 2682 519 scilicet
2712 478 2810 534 per
2851 464 3012 520 fidem
3050 466 3104 520 in
3145 467 3346 538 ipsum,
3385 482 3509 522 cum
3552 472 3713 527 beni-

454 543 587 597 πὶαν
620 544 678 595 ὲν
701 545 767 614 τῇ
790 540 885 596 τοῦ
913 542 1040 614 ᾆδον
1067 542 1290 614 γένηται
1314 543 1483 616 χώρᾳ,
1503 545 1616 599 ὅσοι
1638 545 2025 611 πιστεύσωσιν,

454 632 628 704 ἀφεθῇ
658 633 841 696 αὐτοῖς
875 634 909 704 ἠ
959 633 1061 702 τῆς
1093 634 1346 698 ἀσεϐείας
1376 637 1617 706 ἁμαρτία
1640 654 1653 667 ’
1684 626 1781 691 καὶ
1819 637 2028 709 ζήσωσι

441 726 596 801 ,κατὰ
652 725 783 778 Θεὸν
845 723 1150 796 πνεύματι,
1205 728 1486 798 κριθέντες
1540 728 1781 798 δηλονότι
1841 729 2027 801 σαρκὶ.

456 814 637 879 καθὼς
671 816 908 886 εἴρηται,
940 816 1079 890 ὑπὲρ
1129 817 1237 873 τῶν
1281 820 1363 881 εἰς
1406 819 1725 889 ἀνθρώπους
1774 818 2030 892 πλημμε-

456 904 629 963 λειῶν,

1054 1020 1252 1076 ΕΡΩΤ.
1292 1022 1425 1076 All'.
1900 1048 1911 1061 κ

530 1109 593 1164 Tt
626 1108 923 1178 σημαίνει
967 1109 1146 1164 Δασὶδ
1190 1108 1467 1178 ψάλλων,
1509 1110 1608 1164 καὶ
1650 1109 1717 1166 τὸ
1762 1113 2029 1182 πονηρὸν

457 1198 691 1268 πνεῦμα
724 1199 830 1259 τοῦ
862 1199 1063 1254 Σαοὺλ
1087 1200 1564 1256 ἁποκαταπαὺων
1588 1219 1605 1265 ,'

1126 1311 1366 1381 Ἀπόκρ.

530 1403 645 1468 Πᾶς
683 1405 713 1459 δ
739 1402 880 1457 κατὰ
926 1402 1021 1457 τὸν
1072 1404 1340 1475 μακάριον
1391 1404 1557 1458 Δαϐὶδ
1604 1405 1907 1476 ποιμαίνων
1958 1404 2027 1458 τὰ

459 1495 727 1565 πρόϐατα,
754 1493 1055 1557 τουτέστιν,
1095 1494 1157 1546 τὸ
1197 1494 1503 1561 λογιστικὸν
1531 1495 1632 1565 τῆς
1663 1495 1839 1566 ψυχῆς
1864 1511 1881 1528 ⁸
1933 1497 2029 1549 καὶ

459 1585 664 1638 κτένων
696 1582 865 1654 θυμὸν
911 1583 1009 1638 καὶ
1056 1583 1351 1652 ἐπιθυμίαν
1384 1584 1634 1657 καθάπερ
1687 1587 1892 1648 ἐκεῖνος
1934 1585 2026 1640 τὸν

460 1675 646 1729 λέοντα
675 1677 767 1729 καὶ
792 1673 891 1745 τὴν
921 1676 1121 1748 ἄρκονο
1152 1669 1305 1740 οὗτος
1334 1675 1414 1746 τῷ
1453 1676 1597 1747 λόγῳ
1632 1677 1731 1746 τῆς
1774 1677 2026 1730 διῗασκα-

2136 550 2397 620 gnissima
2419 553 2711 608 clementia
2727 553 2793 609 ad
2814 554 3028 610 inferna
3050 556 3708 624 descendisset,universi

2136 640 2194 694 in
2229 655 2354 715 eum
2384 643 2673 708 credituri,
2718 644 3020 715 impietatis
3050 655 3202 701 reatu
3231 648 3600 711 solverentur,
3624 647 3709 700 vi,

2135 743 2438 803 verentque
2482 735 2683 804 spiritu
2723 737 3026 792 secundum
3057 738 3265 803 Deum;
3298 753 3464 792 carne
3498 738 3709 793 scilicet
3764 804 3769 815 '

2128 822 2384 894 judicati,
2417 839 2611 882 eorum
2634 827 2876 894 nomine,
2912 843 3034 899 quae
3070 829 3125 883 in
3156 830 3405 885 homines
3438 828 3707 899 deliquis-

2134 923 2278 969 sent.

2620 1012 3228 1082 INTERR.XXXVHL

2205 1108 2344 1174 Quid
2356 1112 2453 1166 sibi
2475 1112 2596 1167 velit
2626 1114 2795 1170 David
2818 1105 3114 1188 psallendo,
3136 1119 3481 1192 spiritumque
3504 1132 3703 1178 mantnt

2135 1217 2168 1254 a
2191 1199 2357 1255 Saule
2379 1203 2610 1258 sedando
2648 1223 2709 1260 ac
2731 1208 3018 1278 mitigando
3049 1210 3086 1241 ³²
3115 1210 3139 1262 ?

2838 1318 2994 1390 Resp.

2203 1406 2463 1477 Quisquis
2513 1407 2569 1463 in
2621 1407 2769 1465 beati
2815 1410 3034 1466 Davidis
3073 1426 3300 1485 morem,
3349 1430 3480 1471 oves
3530 1420 3706 1487 pascit

2134 1495 2326 1566 (animi
2344 1496 2555 1551 scilicet
2568 1498 2858 1568 cogitantis
2880 1500 2988 1554 vim
3011 1516 3074 1555 ac
3092 1503 3338 1575 rationis)
3354 1520 3418 1560 ac
3440 1507 3590 1561 velut
3615 1509 3705 1563 ille

2132 1586 2348 1641 leonem
2369 1598 2425 1643 et
2440 1605 2627 1644 ursun.
2653 1590 2813 1659 (iram
2830 1599 2885 1646 ct
2899 1592 3278 1667 cupiditatem)
3297 1595 3500 1650 occidit
3516 1598 3588 1664 3‘;
3616 1599 3704 1653 hic

2133 1677 2397 1734 doctrina:
2435 1694 2745 1735 sermonem
2780 1696 2904 1735 cum
2938 1683 3159 1738 sublimi
3187 1686 3421 1754 quadam
3456 1696 3703 1741 contem-

452 1767 577 1830 -λίας
605 1765 882 1838 χρώμενος
932 1766 1072 1837 μετά
1112 1784 1255 1830 τινος
1306 1766 1517 1837 ὑψηλῆς
1568 1768 1819 1839 θεωρίας,
1846 1767 2024 1839 ἡδύνει

2133 1768 2373 1838 platione
2405 1784 2699 1839 usurpans,
2739 1771 3050 1826 audientem
3082 1772 3341 1840 delectat,
3369 1775 3703 1846 vitiososque

458 1857 551 1912 τὸν
578 1856 861 1923 ἀκούοντα,
887 1858 983 1912 καὶ
1006 1859 1074 1913 τὰ
1105 1860 1162 1914 ἐν
1189 1857 1338 1930 αὐτῷ
1380 1857 1526 1931 πάθη
1556 1861 1653 1932 τῆς
1678 1861 1876 1925 κακίας
1902 1877 2028 1914 κατ-

2134 1857 2188 1911 in
2216 1873 2283 1913 eo
2312 1857 2545 1916 allectus
2566 1874 2631 1923 ac
2657 1859 2917 1917 libidines
2934 1862 3089 1918 sedat
3105 1901 3123 1919 .

457 1948 693 2015 ευνάζει.

1055 2061 1252 2118 spur.
1284 2049 1393 2117 Λᾶ
1659 2085 1665 2093 -

540 2150 779 2221 Ἐπειδὴ
805 2152 842 2221 ἡ
873 2150 1082 2222 Γραφὴ
1121 2150 1349 2220 τρανῶς
1375 2151 1553 2223 λέγει,
1585 2153 1671 2208 ὅτι
1697 2153 1916 2208 δέδωκε
1935 2151 2031 2207 δε·

458 2240 641 2308 uitat;
671 2245 705 2297 ό
756 2243 1000 2313 Ἀϐραὰμ
1034 2243 1113 2309 τῷ
1140 2243 1509 2313 Μελχισεδέκ
1532 2261 1547 2277 ·
1594 2245 1794 2311 ἄλλως
1829 2262 1894 2300 τε
1935 2242 2033 2298 καὶ

458 2333 514 2386 σι
565 2330 761 2386 πάντα
785 2331 1050 2386 ἀπέδωκε
1074 2371 1087 2395 ,
1127 2332 1319 2399 καθὼς
1348 2334 1531 2400 αὐτὸς
1555 2335 1715 2404 ,λέγει
1741 2379 1751 2395 ,
1791 2334 1880 2387 ὅτι
1924 2334 2033 2401 ἕως

459 2420 870 2491 σφαιρωτῆρος
900 2422 1282 2492 ὑποδήματος
1312 2424 1422 2477 οὐκ
1453 2424 1653 2486 ἔλασε,
1686 2426 1873 2479 πόθεν
1935 2424 2029 2478 δέο

459 2511 611 2567 δωκε
637 2512 889 2579 δεκάτας
910 2530 930 2578 ;
954 2513 1105 2568 Οὐδὲ
1137 2514 1247 2583 γὰρ
1274 2515 1451 2579 αὐτὸς
1467 2514 1623 2568 ἴδιόν
1641 2532 1696 2569 τι
1714 2514 2032 2585 ἐπεφέρετο

457 2605 544 2672 εὶς
572 2604 840 2675 πόλεμον
861 2603 1202 2675 ἕκπληκτος
1232 2606 1640 2676 ἀπερχόμενος

1120 2718 1355 2789 Ἀπόκρ.

543 2809 760 2883 Ἐπειδὴ
791 2812 825 2881 ή
855 2810 973 2865 θεῖα
1010 2811 1200 2883 Γραφὴ
1232 2811 1382 2877 ἱερέα
1411 2810 1507 2865 τοῦ
1551 2811 1689 2865 Θεοῦ
1745 2810 1837 2864 τδν
1885 2811 2032 2867 Μελ-

464 2903 679 2974 χισεδὶκ
709 2901 856 2971 λέγει
888 2898 1050 2968 εἶναι,
1077 2903 1464 2974 προσηκόντως
1520 2901 1629 2974 ἄρα
1685 2903 1715 2954 ὁ
1778 2902 2030 2974 Ἀδραὲμ

463 2993 540 3057 ὡς
570 2992 754 3048 λαῖκοῦ
781 2992 930 3058 τάξιν
962 2992 1175 3064 ἐπέχων
1212 2992 1501 3047 δεδωκέναι
1529 2992 1608 3064 τῷ
1638 2994 1774 3064 ἱερεῖ
1796 2994 1894 3057 τὰς
1948 2994 2033 3047 δε-

459 3086 633 3149 κάτας
685 3086 1126 3157 πιστευθήσεται.
1160 3086 1284 3138 Ὅτι
1313 3084 1371 3138 δὲ
1402 3086 1495 3138 καὶ
1520 3081 1636 3154 εἶχε
1703 3085 1868 3140 πόθεν
1922 3102 2028 3141 πα-

459 3178 705 3247 ρασχεῖν,
740 3176 949 3229 ἐκεῖθεν
983 3174 1162 3246 δῆλον.
1224 3175 1288 3228 οι
1340 3175 1450 3246 γὰρ
1501 3174 2031 3245 ἐπιστρατεύσαντες

459 3267 699 3338 βασιλεῖς
722 3266 816 3319 ἐπὶ
850 3266 1079 3337 Σόδομα,
1110 3265 1174 3319 οὐ
1233 3265 1396 3337 μόνον
1458 3264 1527 3319 τὰ
1580 3266 1828 3337 Σοδόμων
1884 3263 2030 3339 εἶχον

456 3357 732 3422 λαϐόντες,
766 3358 900 3413 ἀλλὰ
928 3357 1021 3412 καὶ
1055 3356 1231 3411 ἄλλων
1258 3355 1451 3428 χωρῶν
1477 3350 1624 3427 εἶχον
1659 3357 1778 3428 μεθ’
1821 3356 2031 3412 ἑαυτῶν

456 3448 708 3520 λάφυρα,
749 3447 894 3519 ἅπερ
929 3442 1070 3519 ἦσαν
1121 3446 1796 3519 πριαιχμαλωτεύσαντες.
1851 3448 2031 3519 "Amp

465 3542 646 3592 πάντα
699 3537 1016 3606 κατακόψας
1042 3537 1246 3601 αὐτοὺς
1275 3537 1304 3590 ὁ
1358 3536 1628 3609 Ἀδραάμ,
1680 3536 1777 3591 καὶ
1829 3535 2028 3603 λαϐὼν,

458 3627 526 3680 τὰ
563 3627 665 3696 μὲν
690 3626 800 3681 τῶν
840 3627 1145 3698 Σοδομιτῶν
1176 3628 1425 3682 ἀπέδωκε
1447 3642 1462 3657 ⁶
1491 3628 1561 3682 τὰ
1599 3626 1656 3680 δὲ
1708 3627 1843 3681 ἄλλα
1897 3627 2028 3698 παρ’

461 3715 639 3787 ιαυτῷ
675 3715 961 3787 κατέσχεν,
1014 3714 1073 3781 ἐξ
1097 3708 1173 3770 ὧν
1204 3714 1302 3770 καὶ
1333 3714 1431 3779 τὰς
1456 3714 1689 3774 δεκάτας
1750 3712 1829 3781 τῷ
1882 3713 2027 3768 Μελ-

461 3808 675 3881 χισεδὲκ
722 3807 1049 3879 παρέσχετο.

1085 3919 1278 3973 ΕΡΩΤ.
1310 3918 1401 3975 Μ’.

533 4010 699 4076 Τίνος
759 4009 956 4079 χάριν,
1010 4012 1064 4065 οι
1107 4008 1225 4079 μὲν
1276 4008 1430 4063 κατὰ
1491 4006 1679 4076 νόμον
1732 4004 1906 4073 ἱεροῖς
1928 4024 2032 4076 γυ-

461 4100 671 4166 ναῖκας
709 4103 868 4170 ἔχειν
897 4102 1009 4155 οὐκ
1037 4100 1411 4154 ἐκωλύοντο·
1473 4100 1528 4152 οἱ
1586 4084 1656 4152 δὲ
1702 4097 1853 4152 κατὰ
1898 4100 2032 4166 Χριο

460 4191 611 4246 στὸν
635 4184 807 4261 ἱερεῖς
832 4182 1183 4258 κωλύονται,
1209 4190 1361 4246 ὅσον
1388 4191 1504 4246 ἀπὸ
1534 4189 1646 4260 τῆς
1669 4191 1995 4258 συνηθείας
2010 4207 2030 4256 ;

459 4304 475 4314 ’
732 4288 735 4289 ν
1130 4301 1370 4371 Ἀπόκρ.

432 4458 438 4463 _
541 4393 757 4465 Ἐπειδὴ
803 4394 839 4466 ἡ
881 4393 977 4447 τοῦ
1039 4392 1372 4463 Εύαγγελῐου
1410 4390 1681 4464 ἱερωσύνη
1747 4394 1889 4448 κατὰ
1932 4394 2032 4466 τὴν

460 4484 612 4550 τάξιν
652 4485 986 4556 Μελχισεδὲκ
1015 4484 1266 4553 γενέσθαι
1293 4482 1631 4551 πιστεύεται,
1667 4486 1761 4539 καὶ
1792 4485 1852 4539 ού
1887 4487 2027 4540 κατὰ

459 4575 559 4645 τὴν
590 4575 743 4641 τάξιν
782 4574 992 4647 Ἀαρών
1017 4589 1032 4605 ο
1063 4574 1401 4646 Μελχισεδὲκ
1427 4574 1505 4639 δὲ,
1562 4577 1798 4644 γυναῖκα
1860 4577 2025 4649 ἐσχη-

459 4664 614 4718 κέναι
644 4666 746 4719 οὐκ
809 4664 1243 4736 ἀναγέγραπται.
1311 4662 1652 4732 ’Δναγκαίως
1684 4663 1793 4736 ἄρα
1828 4667 1922 4721 καὶ
1979 4667 2029 4720 οἱ

462 4756 601 4810 κατὰ
630 4757 730 4828 τὴν
778 4755 943 4811 αὐτοῦ
1001 4754 1155 4820 τάξιν
1186 4753 1256 4826 (e)
1310 4753 1678 4825 ἱερατεύοντες
1739 4756 2029 4813 ἐπίσκοποι

462 4850 727 4917 γυναῖκας
755 4848 816 4901 οὐ
850 4847 1184 4918 προσίενται.
1930 4848 1941 4857 ’

2553 2056 2713 2129 315
2735 2057 3016 2115 INTERR.
3040 2060 3283 2117 XXXIX.

2200 2145 2333 2203 Cum
2362 2144 2640 2218 Scriptura
2674 2148 2819 2203 clare
2865 2152 3074 2217 habeat,
3112 2153 3312 2207 dedisse
3346 2153 3703 2209 Abrahamum

2132 2235 2358 2291 decimas
2380 2234 2784 2293 Melchisedeco:
2811 2239 3009 2312 alioqui
3044 2259 3164 2295 vero
3198 2241 3478 2296 reddiderit
3503 2244 3703 2307 omnia,

2131 2329 2209 2382 uti
2232 2329 2340 2398 ipse
2372 2328 2468 2393 ait,
2496 2344 2588 2381 nec
2609 2328 2679 2381 ad
2699 2329 2859 2384 calcei
2878 2349 3037 2402 usque
3064 2330 3283 2402 ligulam
3307 2333 3590 2403 quidquam
3618 2349 3705 2386 ac-

2131 2421 2345 2489 ceperit,
2366 2420 2625 2490 quomodo
2659 2420 2888 2475 decimas
2914 2422 3071 2476 dedit.
3106 2421 3282 2492 Neque
3313 2423 3450 2475 enim
3479 2423 3588 2492 ipse
3613 2430 3699 2475 tu-

2133 2508 2419 2565 multuarie
2456 2513 2740 2583 profectus,
2782 2512 2851 2567 ad
2891 2512 3014 2568 belli
3055 2512 3702 2583 apparatum.quidquam

2132 2600 2388 2657 attulerat
2415 2604 2479 2660 ".

2847 2715 3002 2788 Resp.

2202 2803 2343 2861 Cum
2368 2804 2554 2860 divina
2584 2805 2870 2875 Scriptura
2903 2804 3359 2861 Melchisedeeum
3393 2805 3489 2861 Dei
3519 2820 3701 2860 sacer-

2132 2893 2316 2950 dotem
2362 2911 2483 2952 esse
2533 2896 2700 2963 dicat,
2750 2907 2876 2967 apte
2929 2897 3118 2967 utique
3170 2898 3532 2962 Abrahamus,
3578 2897 3702 2952 laici

2133 2987 2374 3043 hominis
2419 2989 2537 3059 ipse
2578 2998 2774 3045 tenens
2815 2989 3099 3056 ordinem,
3143 2992 3415 3046 sacerdoti
3465 2992 3706 3045 decimas

2131 3079 2494 3136 testimahitur
2517 3080 2755 3136 dedisse.
2792 3080 2951 3148 Quod
2979 3097 3111 3136 vero
3148 3097 3259 3137 non
3298 3083 3516 3138 deesset
3558 3082 3705 3137 unde

2131 3172 2425 3243 prteberet,
2464 3172 2590 3229 inde
2622 3173 2817 3243 liquet.
2847 3173 2888 3227 li
2918 3188 3152 3243 namque
3182 3188 3358 3244 reges,
3385 3173 3478 3243 qui
3505 3173 3704 3228 adver-

2130 3279 2225 3319 sus
2246 3264 2540 3320 Sodomam
2560 3265 2966 3335 expeditionem
2994 3273 3373 3335 susceperant,
3389 3279 3499 3319 non
3528 3265 3702 3319 solum

2132 3354 2518 3423 Sodomorum,
2552 3371 2745 3411 verum
2776 3355 2940 3409 etiam
2970 3355 3201 3410 aliarum
3238 3355 3544 3426 regionum,
3567 3370 3703 3425 quas

2129 3454 2258 3502 ante
2307 3447 2675 3518 diripuerant,
2732 3446 3018 3502 manubias
3070 3446 3353 3517 spoliaque
3407 3446 3700 3502 habebant.

2128 3537 2339 3594 Cuncta
2384 3539 2521 3605 haec,
2557 3538 2668 3593 illis
2704 3537 3029 3608 proﬂigatis,
3077 3552 3202 3592 cum
3235 3537 3578 3591 Ahrahamus
3610 3543 3701 3590 tu-

2129 3627 2305 3692 lisset,
2329 3644 2453 3698 qum
2486 3635 2647 3682 erant
2675 3627 3064 3682 Sodomorum.
3098 3626 3396 3682 Sodomitis
3427 3626 3700 3692 reddidit;

2129 3720 2342 3788 reliqua
2368 3734 2501 3774 vero
2527 3735 2698 3789 penes
2725 3734 2785 3775 se
2809 3716 3059 3783 retinuit,
3089 3732 3156 3772 ex
3188 3718 3390 3788 quibus
3421 3717 3705 3774 Melchise-

2130 3810 2266 3867 deco
2289 3810 2531 3866 decimas
2561 3811 2818 3881 praebuit.

2705 3925 2988 3982 INTERR.
3016 3925 3130 3981 XL.

2202 4014 2339 4082 Quid
2354 4032 2527 4071 causa:
2553 4026 2627 4070 est
2665 4007 2759 4071 cur
2782 4017 2977 4089 legales
2992 4014 3288 4081 sacerdotes
3309 4028 3496 4067 uxores
3514 4011 3702 4066 habere

2132 4124 2234 4161 non
2263 4107 2692 4177 prohiberentur;
2719 4106 3008 4163 Christiani
3040 4114 3217 4160 autem
3253 4104 3551 4158 sacerdotes
3574 4120 3697 4174 pro-

2131 4197 2394 4264 hibentur,
2409 4198 2549 4269 quod
2584 4198 2653 4253 ad
2675 4199 3098 4253 consuetudinem
3125 4198 3353 4253 attinet?

2837 4313 2995 4385 Resp.

2206 4402 2418 4461 idcirco
2450 4403 2725 4459 nimirum.
2748 4405 2895 4475 quod
2929 4403 3295 4459 sacerdotium
3327 4402 3702 4473 evangelicum

2132 4495 2436 4552 secundum
2464 4495 2716 4551 ordinem
2743 4495 3108 4552 Melchisedec
3132 4496 3407 4551 exstitisse
3432 4494 3700 4559 creditur,

2124 4601 2237 4641 non
2249 4576 2551 4642 secundum
2566 4585 2813 4642 ordinem
2828 4587 3061 4642 Aaronis
3073 4629 3088 4653 ,
3109 4603 3218 4641 non
3235 4595 3419 4640 autem
3436 4585 3704 4655 scriptum

2123 4686 2210 4734 est
2254 4675 2715 4733 Melchisedecum
2766 4677 3022 4734 habuisse
3082 4694 3328 4733 uxorem.
3381 4674 3701 4732 Necessario

2129 4764 2315 4836 itaque
2343 4765 2532 4833 etiam,
2566 4765 2663 4836 qui
2688 4766 2993 4823 secundum
3019 4767 3140 4838 ejus
3167 4767 3419 4821 ordinem
3446 4762 3700 4819 sacerdo-

2133 4856 2215 4914 tio
2243 4856 2553 4929 funguntur
2575 4856 2840 4928 episcopi,
2864 4872 2977 4913 non
3004 4856 3303 4912 admittunt
3330 4869 3581 4910 uxorem.

534 4985 581 5018 "
603 4986 624 5041 l
650 4987 785 5057 Reg.
810 5002 919 5055 xvi,
952 4988 1038 5047 i6.
1116 4987 1209 5045 ³⁸1
1242 4990 1377 5062 Reg.
1404 5005 1536 5057 xvii,
1567 4990 1656 5048 56.
1733 4992 1778 5026 ³⁹
1800 4990 1937 5052 Gen.
1969 5013 2079 5065 xxv,
2102 4999 2176 5056 20
2201 5016 2355 5074 seqq.

532 5100 551 5123 ¹
584 5098 860 5155 Hactenus
894 5099 1100 5171 Regius
1137 5102 1259 5158 cod.
1290 5100 1421 5168 Quae
1456 5111 1766 5172 sequuntur
1802 5120 1870 5159 ex
1911 5106 2031 5163 solo
2068 5108 2445 5182 Seguieriano.

535 5231 605 5304 (ε)
638 5237 701 5287 Ol
721 5234 872 5289 κατὰ
899 5234 1015 5304 τὴν
1037 5237 1225 5292 αὑτοῦ
1257 5237 1447 5302 τάξιν.
1478 5236 1635 5304 Quod
1657 5239 1736 5294 sic
1764 5239 2030 5299 Maximus

462 5302 531 5358 ad
548 5302 842 5383 episcopos
879 5302 1183 5383 restringit,
1207 5324 1365 5383 usum
1386 5302 1612 5383 respicit
1636 5325 1733 5363 sua
1749 5311 2027 5383 Ecclesiae,

463 5388 573 5452 (ιμο
586 5374 931 5454 simplicibus
952 5374 1330 5454 sacerdotibus
1351 5374 1706 5454 indulgentur
1734 5382 1986 5454 coniugia
2011 5374 2024 5436 ἑ

465 5400 931 5442 ιιυυδιιημηυιυυδ
952 5400 1330 5432 saceruouuus
1352 5400 1706 5448 luuntgentur
1736 5400 1895 5449 COﬂju
1939 5400 1986 5435 la
2011 5400 2024 5436 ε

465 5443 545 5497 sic
575 5458 771 5511 nempe
806 5444 899 5499 ille
928 5446 1193 5511 modeste,
1221 5457 1278 5502 ct
1314 5464 1381 5502 ne
1416 5448 1704 5503 videretur
1733 5449 1789 5503 in
1822 5400 2025 5506 cuium

463 5527 528 5566 os
580 5527 806 5592 ponere,
864 5530 928 5592 ac
989 5517 1220 5592 simplex
1279 5519 1602 5592 monachus,
1650 5520 2029 5592 sacerdotibus

462 5581 848 5657 praescribere.
878 5581 1147 5640 Caeterum
1175 5588 1294 5657 ejus
1331 5587 1470 5641 ratio
1507 5588 1575 5641 ad
1602 5604 1793 5650 omnes
1821 5591 2027 5645 Christi

465 5651 776 5724 sttoerdotio
801 5653 1089 5724 fungentes
1114 5651 1364 5724 spectat;
1396 5665 1527 5710 sunt
1547 5659 1695 5711 enim
1729 5659 1813 5712 illi
1835 5677 2026 5715 omnes

463 5718 935 5777 Mclchisedcciani
969 5718 1200 5793 ordinis,
1259 5718 1366 5779 non
1400 5726 1680 5801 Aaronici,
1734 5730 2028 5785 oiIercntcs

2135 5256 2193 5304 et
2224 5249 2329 5319 ipsi
2354 5264 2551 5319 panem
2578 5256 2639 5305 et
2664 5249 2854 5304 vinum
2887 5246 3119 5319 (corpus
3148 5245 3358 5319 scilicet
3379 5260 3459 5319 _ac
3481 5245 3705 5319 sangui-

2135 5315 2261 5372 nein
2294 5315 2499 5374 Christi
2531 5315 2909 5389 conﬁcientes)
2934 5333 2998 5373 ac
3016 5315 3177 5386 quos.
3205 5315 3429 5389 perinde
3467 5332 3536 5389 ac
3584 5315 3705 5385 cpio

2133 5404 2349 5458 scopos,
2383 5391 2613 5442 maxima
2643 5389 2769 5443 inde
2814 5386 3076 5443 sanctitas
3134 5404 3198 5440 ac
3214 5386 3574 5458 “castimonia
3605 5389 3705 5439 de-

2133 5455 2255 5514 ceat
2282 5476 2295 5512 :
2327 5474 2492 5528 quam
2516 5467 2572 5512 et
2598 5468 2808 5512 statuto
2843 5474 2944 5512 suo
2993 5458 3061 5511 ab
3087 5458 3170 5511 eis
3211 5455 3479 5528 Ecclesia
3508 5464 3696 5528 sancte

2131 5526 2478 5609 eai.gat.,_non
2511 5530 2863 5609 ut__templnm
2890 5528 3103 5609 Domitii
3136 5526 3435 5609 majoribus
3470 5526 3704 5606 impudi-

2132 5595 2280 5653 citiis
2311 5599 2366 5652 in
2402 5613 2460 5652 se
2487 5595 2733 5668 polluant
2762 5638 2776 5661 ,
2798 5613 2940 5668 rvere
2966 5599 3266 5668 majestatis
3303 5596 3403 5661 rei,
3432 5612 3595 5665 quam
3623 5595 3704 5650 sic

2131 5669 2351 5736 adeant,
2381 5666 2681 5738 quidquam
2717 5666 3015 5737 indulgeat.
