4154 6322
532 297 638 360 827
1709 298 1772 358 S.
1815 297 2104 357 ΜΑΧΙΜΙ
2146 301 2158 356 1

2263 297 2654 358 WESSORIS

1255 409 1410 479 Resp.
2155 463 2158 471 .

2908 407 3140 474 Ἀπόκρ.
3421 471 3426 475 _
3761 465 3766 468 _

611 501 688 557 Ea
724 500 1116 558 struendarum
1153 502 1437 556 civitatum
1473 499 1614 554 ratio
1650 498 1886 569 finisque
1917 507 2034 563 est,
2064 505 2128 552 ut

2301 499 2366 555 Αἱ
2396 499 2576 562 πόλεις
2610 497 2706 550 ἐπὶ
2733 500 2975 570 φρουρᾶς
3005 500 3099 551 καὶ
3125 497 3423 567 ἀσφαλείας
3448 498 3540 550 καὶ
3571 498 3822 569 φυλακῆς

542 610 664 665 quas
700 595 755 646 in
794 594 974 662 pretio
1009 601 1169 659 sunt,
1199 608 1265 646 ac
1299 592 1475 662 pluris
1507 591 1880 654 aestimantur,
1913 597 2034 643 tuto
2071 587 2128 642 in

2265 591 2426 664 ty;in
2461 594 2585 648 εἰσί.
2615 595 2778 656 Πόλις
2812 591 2903 648 οὖν
2937 597 3054 647 ἐστι
3085 595 3227 648 κατὰ
3248 595 3338 648 τὸν
3371 595 3466 664 τῆς
3490 595 3818 666 ἀλληγορίας

544 687 626 741 eis
677 700 986 755 securoque
1038 685 1298 756 prresidio
1353 693 1668 741 serventur.
1721 683 1900 739 Sensu
1959 682 2131 752 igitur

2265 687 2450 757 ρόπον,
2486 689 2517 757 ἡ
2543 688 2604 739 ἐκ
2628 687 2901 757 διαφόρων
2926 687 3142 757 τρόπων
3169 688 3528 757 ἐπινοουμένη
3562 688 3819 757 ἄσκησις·

545 778 876 846 allegorice,
912 779 1108 834 civitas
1144 787 1258 844 est,
1294 795 1416 848 quae
1460 795 1526 833 ex
1567 777 1804 832 diversis
1846 775 2027 830 modis
2067 790 2131 830 ac

546 870 849 925 virtutibus
876 871 1130 942 religiosa
1162 872 1490 926 exercitatio
1519 887 1583 926 ac
1611 871 1798 925 cultus
1828 867 2128 932 conflatur;

3710 293 3816 359 823

2231 774 2364 842 οἷον,
2392 781 2687 851 ἐγκράτεια
2709 782 2871 844 οἴνου,
2900 780 3205 851 βρωμάτιον
3228 779 3424 850 ἀποχὴ,
3454 781 3821 852 ὲπιτεταμένη

550 963 860 1032 cujusmodi
902 972 1005 1030 est,
1039 965 1402 1033 temperantia
1443 979 1473 1017 a
1510 964 1661 1028 vino,
1694 961 2024 1016 abstinentia
2064 960 2132 1014 ab

547 1055 710 1117 escis,
739 1055 792 1108 in
821 1056 1012 1126 longa-5
1041 1056 1208 1111 horas
1231 1073 1295 1111 ac
1325 1063 1570 1127 tempora
1595 1063 1886 1126 protracta:
1913 1053 2130 1124 vigilize,

548 1147 777 1215 ejusque
811 1147 1040 1214 similia;
1075 1164 1196 1218 quae
1229 1157 1360 1202 sunt
1387 1148 1538 1201 velut
1571 1155 1724 1202 arces
1760 1161 1823 1199 ac
1857 1145 2130 1214 praesidia.

549 1237 722 1306 Igitur
762 1238 806 1292 si
853 1239 922 1293 ab
970 1239 1167 1293 horum
1212 1240 1398 1309 aliquo
1441 1243 1546 1294 nos
1593 1238 1771 1308 fugari
1825 1238 2134 1291 daemonum

548 1328 810 1383 violentia
875 1339 1135 1399 strueque
1198 1331 1528 1401 contigerit,
1582 1331 1676 1400 qui
1738 1329 2004 1383 nimirum
2069 1343 2137 1384 e0

550 1433 752 1488 genere
784 1419 1027 1489 religiosi
1057 1421 1240 1475 cultus
1261 1421 1590 1491 arrogantiae
1618 1419 1818 1474 fastum
1849 1419 2140 1488 inanisque

552 1511 738 1581 gloria:
780 1511 992 1567 fumum
1031 1513 1389 1580 admoveant;
1436 1522 1686 1583 prastat,
1733 1513 1801 1568 ab
1849 1513 1980 1577 hac,
2017 1517 2140 1581 quae

553 1602 797 1667 videtur,
830 1603 1198 1672 exquisitiore
1231 1604 1525 1673 disciplina
1559 1603 2017 1672 institutioneque
2054 1617 2140 1655 re-

555 1693 774 1758 cedere,
808 1709 878 1748 ne
925 1694 983 1748 in
1029 1695 1348 1764 superbiam
1391 1695 1721 1760 incidamus,
1756 1695 1823 1749 ad
1869 1695 2141 1764 aliamque

2233 873 2529 943 ἀγρυπνία,
2567 871 2763 926 καὶτὰ
2798 873 3040 936 τοιαῦτα,
3097 871 3256 938 ἆτινά
3310 874 3414 925 εἰσι
3467 871 3678 942 φρουρὰ
3728 873 3826 924 καὶ

2234 965 2523 1032 ἀσφάλεια.
2569 966 2700 1018 ἔΕὰν
2725 960 2817 1017 οὖν
2847 964 3114 1017 διώκωσιν
3145 965 3292 1034 ἡμᾶς
3336 966 3384 1016 οἱ
3413 964 3686 1033 δαίμονες,
3719 963 3827 1016 ἀπὸ

2238 1053 2352 1122 ἐνὸς
2387 1058 2609 1120 τούτων,
2641 1057 2808 1126 τύφον
2896 1055 3200 1120 κενοδοξίαν
3227 1055 3312 1108 διὰ
3343 1054 3433 1108 τοῦ
3460 1055 3700 1108 τοιούτου
3727 1055 3829 1124 τῆς

2238 1152 2522 1221 ἀσκήσεως
2548 1142 2719 1212 εἴδους
2744 1149 3129 1218 προσάγοντες,
3160 1148 3406 1217 κρεῖττόν
3439 1149 3584 1201 ἐστιν
3612 1148 3829 1217 ὑποχω-

2241 1244 2353 1314 ρεῖν
2383 1246 2483 1312 τῆς
2510 1239 2765 1312 τοιαύτης
2798 1241 3060 1311 δοκούσης
3097 1233 3237 1292 εἶναι
3267 1239 3663 1310 ἀκριϐεστέρας
3689 1240 3834 1306 ἀγω-

2239 1336 2362 1405 γῆς,
2389 1336 2476 1390 ἵνα
2502 1336 2575 1406 μὴ
2606 1338 2685 1399 εἰς
2719 1334 3098 1406 ὑπερηφανίαν
3128 1332 3479 1403 ἐμπέσωμεν,
3515 1332 3610 1384 καὶ
3638 1349 3707 1399 φυ
3724 1332 3828 1398 (εῖν

2241 1429 2320 1490 si;
2360 1427 2523 1497 ἄλλην
2564 1427 2876 1492 ἀκενόδοξον
2908 1417 3132 1497 ἀρετὴν,
3170 1425 3364 1494 μέχρις
3393 1425 3458 1476 ἂν
3495 1425 3522 1476 ὁ
3557 1422 3656 1492 τῆς
3689 1424 3832 1475 ἁπα-

2243 1519 2393 1582 θεξας
2429 1518 2554 1590 έλοῂ
2589 1519 2766 1587 λόγος.
2810 1519 2880 1571 Ἢ
2921 1519 3013 1570 καὶ
3063 1516 3259 1579 ἄλλως,
3298 1515 3484 1578 πόλεις
3536 1514 3682 1581 λέγει
3732 1514 3832 1574 τὰς

2245 1611 2592 1678 ἀνθρωπίνας
2624 1610 2822 1681 ψυχάς.
2867 1610 2992 1663 Ἐπὶ
3041 1609 3150 1680 γὰρ
3198 1608 3401 1671 ταύτας
3442 1608 3489 1660 οἱ
3541 1605 3832 1660 ἀπόστολοι

2247 1705 2398 1775 παρὰ
2427 1705 2520 1757 τοῦ
2545 1703 2796 1774 Σωτῆρος
2821 1701 3187 1772 πεμπόμενοι,
3214 1697 3322 1754 ἀπὸ
3349 1697 3445 1770 μὲν
3465 1698 3574 1751 τῶν
3599 1696 3833 1762 ἀναξίων

557 1783 816 1838 virtutem
851 1799 916 1839 ca
950 1784 1172 1840 interim
1208 1784 1332 1839 lab‘e
1366 1791 1677 1849 carentem,
1713 1783 1934 1854 fugere,
1967 1783 2144 1840 donec

2263 1796 2478 1858 ἑαυτοὺς
2530 1795 2824 1867 κρινόντων
2861 1794 3243 1856 ἀπελαθέντες,
3280 1793 3359 1854 εἱς
3402 1790 3604 1860 ἑτέρων
3653 1787 3836 1856 ψυχὰς

556 1877 1072 1947 lmperturbationis
1095 1893 1279 1934 sermo
1303 1877 1620 1934 accesserit.
1644 1869 1742 1932 Vel
1767 1878 1934 1932 etiam
1958 1878 2142 1943 aliter,

558 1969 812 2025 civitates
833 1978 993 2026 vocat
1019 1970 1310 2025 hominum
1336 1971 1569 2026 animas.
1591 1970 1673 2024 Ad
1698 1971 1798 2025 has
1819 1970 1967 2025 enim
1993 1970 2146 2025 missi

559 2077 592 2117 a
639 2061 922 2118 Salvatore
969 2063 1261 2134 discipuli,
1299 2063 1367 2118 ab
1415 2063 1593 2133 iisque
1640 2063 1736 2134 qui
1784 2079 1843 2120 se
1893 2065 2149 2136 indignos

557 2155 874 2225 judicarent
908 2157 1155 2228 expulsi,
1184 2157 1253 2212 ad
1296 2157 1532 2212 aliorum
1571 2166 1863 2214 transeunt
1900 2159 2142 2223 animas,

560 2261 757 2301 eorum
789 2249 1000 2304 scilicet
1022 2249 1290 2303 doctrinae
1322 2249 1690 2319 suscipiendae
1717 2249 1890 2304 factas
1918 2265 2147 2319 capaces

562 2337 753 2409 illique
783 2349 1149 2411 comparatas.
1178 2335 1446 2412 Talesque
1476 2342 1617 2396 adeo
1649 2343 1901 2398 civitates
1927 2343 2149 2398 lsraelis

2255 1887 2668 1958 μετοικίζονται,
2701 1886 2956 1949 δεκτικὰς
2976 1888 3077 1955 τῆς
3105 1884 3283 1938 αὐτῶν
3305 1881 3656 1942 διδασκαλίας
3679 1895 3839 1948 γεγε-

2251 1979 2509 2048 νημένας’
2537 1979 2629 2032 καὶ
2660 1978 2758 2040 τὰς
2791 1977 3047 2041 τοιαύτας
3074 1977 3258 2040 πόλεις
3287 1975 3382 2028 τοῦ
3417 1971 3646 2044 Ἰσραὴλ,
3670 1972 3731 2024 οὐ
3761 1968 3838 2041 μὴ

2251 2070 2543 2125 τελέσωσιν
2597 2064 2811 2139 ἀληθῶς
2854 2071 3212 2140 ἐνδημοῦντες
3249 2068 3459 2129 αὖταῑςυ
3492 2063 3587 2117 καὶ
3625 2062 3700 2131 πῆ
3737 2061 3839 2131 μὲν

2252 2163 2690 2235 εἰσοικιζόμενοι·
2718 2165 2792 2234 πῆ
2825 2163 2904 2228 δὲ,
2937 2165 3029 2216 ἀπ’
3053 2161 3236 2215 αὐτῶν
3265 2159 3603 2228 διωκόμενοι,
3630 2155 3734 2215 ἓως
3771 2151 3841 2204 ἂν

2253 2256 2383 2330 ἔλθῃ
2420 2260 2448 2310 ὁ
2479 2257 2606 2320 Υἱὸς
2649 2257 2744 2309 τοῦ
2797 2256 3085 2327 ἀνθρώπου
3126 2245 3268 2307 κατᾶ
3295 2253 3393 2324 τὴν
3423 2249 3632 2314 ἔνδοξον
3669 2244 3840 2300 αὐτοῦ

2256 2349 2560 2420 παρουσίαν
2595 2349 2662 2402 τά
2692 2349 2872 2404 πάντα
2897 2346 3144 2416 πληρῶν.

563 2446 674 2486 non
724 2434 1195 2499 consummarint,
1232 2450 1362 2490 vere
1404 2435 1476 2489 ad
1523 2436 1644 2490 illas
1679 2436 1999 2502 venientes,
2037 2437 2346 2510 partimque
2387 2443 2444 2498 in
2487 2443 2596 2497 illis
2634 2442 2878 2512 recepti,
2914 2439 3230 2510 partimque
3278 2435 3487 2507 repulsi
3527 2445 3592 2488 sic
3633 2431 3842 2502 fugati,

565 2525 743 2582 donec
776 2526 950 2582 Filius
992 2525 1233 2582 hominis
1268 2526 1504 2593 venerit,
1537 2525 1738 2583 cuncta
1773 2527 2015 2599 glorioso
2051 2543 2151 2583 suo
2183 2531 2422 2589 adventu
2451 2533 2784 2604 adimplens.

1024 2631 1184 2711 331
1226 2642 1508 2697 mrsun.
1549 2629 1659 2698 LV.

551 2798 560 2805 _
641 2730 913 2797 Quomodo
943 2731 1128 2797 etiam,
1175 2751 1192 2782 ι
1227 2731 1590 2786 Misericordia
1615 2732 1670 2786 in
1693 2724 2020 2801 pondera",
2050 2752 2068 2788 ι
2105 2739 2159 2786 ut

568 2833 756 2880 auctor
771 2833 848 2880 est
883 2834 1099 2880 sanctus
1133 2814 1348 2879 Isaias?
1375 2825 1482 2879 Nec
1508 2827 1648 2879 enim
1678 2834 1752 2878 est
1783 2827 1995 2891 bonum,
2023 2827 2162 2896 quod

2881 2647 3075 2700 ΕΡΩΤ.
3107 2639 3233 2699 NE’.

2338 2728 2469 2807 Πῶς
2505 2733 2626 2805 καὶ,
2663 2759 2682 2793 ι
2703 2739 2766 2795 Ἡ
2790 2739 3171 2808 ἐλεημοσύνη
3204 2739 3291 2803 εἰς
3326 2735 3652 2804 σταθμοὺς,
3690 2735 3844 2787 κατὰ

2267 2831 2376 2884 τὸν
2397 2832 2852 2900 ἅγιονἩσαΐαφτ
2881 2849 2896 2880 ι
2927 2829 3080 2882 Οὐδὲ
3109 2827 3218 2895 γάρ
3241 2845 3294 2880 τι
3327 2827 3553 2896 ἀγαθὸν
3582 2825 3847 2892 ἄκριτον,

556 2917 756 2990 iudicii
795 2918 931 2973 libra
975 2927 1178 2986 careat,
1213 2935 1523 2990 quanquam
1561 2920 1819 2990 epe'rariis
1857 2920 1913 2972 in
1952 2921 2158 2974 vineam

2268 2925 2319 2977 ει
2351 2923 2467 2976 κᾶν
2487 2924 2557 2978 ἐν
2583 2922 2709 2988 τοῖς
2735 2922 2815 2987 τῷ
2843 2908 3152 2992 ἀμπελῶνι
3182 2918 3422 2984 ἔδοξεν.

564 3007 844 3062 ‘conductis
879 3009 954 3064 ita
983 3010 1156 3063 visum
1188 3017 1264 3062 est
1291 3010 1358 3062 ‘9.

1283 3117 1442 3190 ’Resp.

644 3199 710 3264 'Si
735 3209 831 3264 Dei
857 3211 972 3280 ipsa
995 3211 1380 3267 misericordia
1408 3213 1758 3282 appenditur,
1784 3214 1976 3284 utique
2000 3215 2168 3270 etiam

573 3300 780 3355 imerito
829 3302 1339 3357 circumscribitur?
1385 3305 1578 3360 Potius
1626 3307 1813 3377 itaque
1855 3308 1934 3362 sic
1974 3307 2170 3362 existi-

574 3391 844 3445 mandum
879 3411 892 3445 :
929 3393 1217 3460 nimirum,
1255 3396 1403 3451 sicut
1430 3397 1676 3464 videndi,
1714 3400 1998 3464 audiendi,
2035 3398 2174 3454 olfa-

571 3484 765 3539 ‘cicndi
796 3484 1054 3542 facultate
1078 3489 1293 3558 praediti
1321 3506 1534 3557 sumus,
1563 3508 1667 3548 nec
1693 3501 1875 3549 tamen
1901 3493 2170 3564 quidquid

575 3577 732 3632 'aeris
775 3585 881 3640 est,
925 3587 1021 3632 aut
1062 3579 1224 3647 lucis,
1259 3591 1354 3637 aut
1397 3583 1550 3638 vocis
1592 3584 1924 3654 recipimus;
1966 3585 2172 3654 alioqui

573 3666 732 3735 ’quod
767 3667 859 3722 alii
893 3669 1269 3739 perciperent,
1313 3680 1548 3727 restaret
1588 3673 1756 3740 nihil;
1793 3673 1887 3728 sed
1924 3688 2024 3743 pro
2058 3683 2173 3728 rata

576 3758 842 3828 ‘quisque,
883 3777 989 3830 qua
1050 3763 1313 3832 praeditus
1358 3774 1462 3831 est,
1509 3765 1791 3830 facultate,
1829 3765 1909 3821 sic
1953 3765 2176 3822 domum

579 3851 846 3921 Lpercipit.
885 3852 977 3907 Sic
1005 3869 1225 3924 quoque
1266 3856 1364 3910 Dei
1410 3856 1817 3922 misericordia,
1851 3873 1954 3928 pro
1986 3858 2174 3928 cujus-

577 3953 696 4012 ‘que
734 3944 1111 4014 subiectorum
1140 3947 1381 4004 affectus
1409 3948 1622 4003 ratione
1653 3958 1704 4004 et
1736 3950 2020 4020 qualitate,
2052 3966 2176 4005 cum

580 4033 976 4092 "remissionem
1009 4048 1125 4092 tum
1157 4039 1386 4110 gratiam
1419 4040 1634 4094 tribuit.
1679 4041 1750 4098 Ut
1789 4041 1893 4096 sub
1927 4043 2180 4112 exemplo

579 4115 808 4199 loquar,
840 4131 935 4200 qui
985 4130 1211 4186 functus
1251 4134 1492 4202 perfecte
1533 4134 1863 4203 paenitentia
1897 4142 2004 4200 est,
2041 4135 2088 4188 is
2124 4144 2182 4189 et

585 4221 975 4278 remissionem
1020 4223 1263 4293 perfecte
1296 4233 1629 4280 consecutus
1663 4234 1780 4292 est;
1821 4239 1886 4282 ac
1924 4226 2182 4282 similiter

581 4313 758 4368 etiam
793 4312 860 4368 de
889 4328 956 4368 eo
987 4314 1080 4383 qui
1110 4314 1325 4386 diligit.

882 4500 885 4503 ι
1163 4426 1620 4482 INTERR.LVL

668 4503 806 4579 Quid
836 4516 932 4570 sibi
965 4516 1074 4570 vult
1109 4518 1248 4586 quod
1281 4519 1335 4573 iu
1371 4517 1546 4574 Esdra
1575 4519 1767 4572 dicitur
1792 4536 1817 4572 -:
1858 4539 1876 4571 ι
1910 4520 2066 4575 Terre
2094 4530 2178 4575 eos

593 4607 653 4664 in
682 4608 794 4680 lege
825 4607 1036 4664 Domini
1060 4611 1102 4642 ⁶⁰
1133 4611 1156 4663 ?

1314 4724 1462 4796 Resp.

669 4809 809 4872 illud
842 4826 980 4871 terre
1003 4817 1213 4872 dictum
1247 4827 1351 4880 est,
1380 4833 1480 4886 pro
1512 4834 1579 4873 eo
1613 4833 1677 4871 ac
1704 4818 1854 4872 dicat
1881 4835 1894 4871 :
1927 4818 2184 4872 Terrori-

600 4912 707 4967 bus
757 4913 812 4966 in
859 4921 1144 4982 stuporem
1193 4910 1478 4975 adducito,
1517 4927 1721 4980 eosque
1766 4911 2028 4980 percelle,
2077 4926 2186 4965 non

599 5002 746 5058 bona
789 5004 1188 5074 promittendo,
1227 5003 1322 5057 sed
1363 5002 1754 5057 comminando
1791 5001 2092 5057 tremenda.
2123 4991 2186 5057 ’ω

602 5096 752 5151 enim
785 5096 985 5151 servile
1018 5111 1195 5165 exque
1222 5095 1538 5150 Judreorum
1569 5094 1772 5149 indole.

675 5253 724 5288 ⁸⁸
745 5257 850 5311 isa.
877 5269 1061 5319 unum,
1094 5255 1179 5310 l7.
1256 5245 1303 5287 ⁸⁸
1342 5245 1532 5310 Matth.
1565 5258 1656 5319 xx,
1688 5253 1775 5307 ll.

681 5389 858 5460 (jiKai
885 5387 1320 5460 περιγράφεται.
1347 5385 1514 5460 Quasi
1533 5386 1689 5460 certis
1713 5382 2183 5460 termirrisfﬁuitur;

651 5454 759 5513 uod
795 5454 1379 5518 quasiinconveniens
1405 5457 1610 5511 habere
1639 5455 1859 5509 videtur
1884 5454 2184 5518 Maximus;

635 5523 758 5583 brte
787 5523 858 5580 ob
884 5528 1000 5583 loca
1057 5527 1374 5597 Scripturze,
1404 5527 1608 5595 quibus
1629 5526 1757 5594 ejus
1801 5524 2059 5597 quazdam
2083 5523 2189 5574 im-

616 5597 900 5659 mensitas,
931 5612 1151 5651 omnem
1180 5593 1478 5650 humerum
1521 5593 1769 5657 vincens,
1822 5593 2181 5647 describitur.

618 5666 857 5734 Exponit
914 5668 1100 5734 itaque
1150 5666 1532 5720 circumscribi
1584 5664 1680 5718 Dei
1729 5662 2186 5734 misericordiam,

619 5732 792 5810 penes
819 5732 1411 5806 eorum—capacitatem,
1436 5736 1532 5805 qui
1552 5735 1703 5791 illius
1734 5735 1964 5789 effectus
2013 5732 2187 5787 susci-

2947 3117 3177 3184 Ἀπόκρ.

2271 3225 2282 3233 ·
2343 3209 2469 3263 Ἐάν
2495 3208 2844 3278 σταθμίζεται
2867 3209 2898 3278 ἡ
2923 3206 3259 3276 ἐλεημοσύνη
3285 3207 3377 3258 τοῦ
3400 3204 3557 3270 Θεοῦ,
3586 3206 3677 3258 καὶ
3701 3222 3764 3256 πε
3778 3209 3857 3275 ρι-

2272 3303 2543 3374 γράφεται
2582 3302 2666 3373 (j),
2713 3303 2958 3364 εἰκότως.
3003 3299 3220 3354 Μᾶλλον
3259 3294 3351 3354 οὖν
3384 3297 3541 3352 τοῦτο
3584 3298 3690 3368 χρὴ
3723 3299 3857 3350 ὑπο·

2273 3395 2595 3466 λαμϐάνειν,
2627 3395 2706 3446 ὅτι
2742 3393 2930 3463 ὥσπερ
2964 3392 3157 3462 ἔχομεν
3199 3391 3427 3459 δύναμιν
3478 3391 3711 3458 ὀπτικὴν
3761 3387 3857 3441 καὶ

2275 3487 2606 3558 ἀκουστικὴν
2639 3487 2733 3540 καὶ
2765 3484 3223 3553 ἁναπνευστικὴν,
3247 3485 3344 3554 οὐχ
3383 3483 3501 3537 ὅλον
3545 3483 3859 3552 εἰσδεχομέ-

2276 3599 2373 3647 νας
2401 3580 2493 3633 τὸν
2527 3579 2682 3651 ἀέρα,
2723 3577 2842 3652 ῆτὸ
2869 3578 3004 3647 φῶς,
3033 3575 3066 3648 ἢ
3110 3577 3207 3646 τὴν
3243 3576 3450 3646 φωνὴν,
3485 3577 3606 3628 ἐπεὶ
3650 3575 3749 3627 οὐκ
3792 3575 3859 3627 ἂν

2278 3674 2424 3744 ἄλλῳ
2455 3671 2754 3742 ὑπελείφθη
2785 3673 2818 3743 ἡ
2849 3673 2912 3724 ὲκ
2937 3669 3142 3727 τούτων
3169 3669 3394 3742 μετοχὴ,
3423 3667 3559 3720 ἀλλὰ
3585 3665 3729 3720 κατὰ
3757 3665 3859 3733 τὴν

2281 3766 2557 3838 ἀναλόγως
2593 3762 2904 3835 προσοῦσαν
2929 3761 3156 3831 δύναμιν
3187 3755 3403 3830 ἑκάστῳ
3436 3760 3674 3829 μετέχει·
3716 3757 3858 3811 οὕτω

2282 3867 2373 3916 καὶ
2415 3863 2448 3934 ὴ
2496 3859 2589 3913 τοῦ
2635 3840 2771 3911 Θεοῦ
2805 3843 3144 3927 ἐλεημοσύνη
3187 3853 3327 3907 κατὰ
3359 3851 3458 3922 τὴν
3490 3852 3720 3906 ἑκάστου
3751 3851 3859 3904 τῶν

2282 3951 2657 4022 ὑποκειμένων
2700 3948 2991 4008 διαθέσεων
3052 3947 3332 4018 ποιότητα,
3377 3946 3470 3998 καὶ
3529 3945 3628 4015 τὴν
3666 3945 3858 4010 ἄφεσιν

2281 4041 2375 4096 καὶ
2439 4039 2539 4110 τὴν
2600 4039 2758 4110 χάριν
2816 4036 3049 4090 δίδωσιν.
3115 4031 3259 4101 Οἷον,
3301 4034 3522 4099 τελείως
3583 4051 3665 4097 τις
3734 4051 3859 4103 μετ-

2283 4135 2493 4204 ενόησε·
2545 4130 2767 4193 τελεεως
2807 4130 2901 4182 καὶ
2946 4127 3184 4198 ἀφίεται·
3214 4127 3474 4190 ὡσαύτως
3506 4127 3598 4179 καὶ
3637 4126 3728 4178 ἐπὶ
3764 4123 3857 4177 τοῦ

2284 4225 2626 4295 ἀγαπῶντος.

2778 4471 2782 4484 ,
2887 4421 3086 4477 ΕΡΩΤ.
3124 4423 3270 4488 NG".

2354 4512 2422 4578 Ti
2445 4510 2577 4576 ἐστι
2607 4517 2674 4573 τὸ
2702 4517 2772 4570 ἐν
2813 4514 2893 4581 τῷ
2925 4514 3147 4582 "Eadm:
3175 4515 3524 4585 λεγόμενον,
3572 4529 3590 4564 ι
3628 4511 3861 4580 Φοεέρι-

2285 4629 2403 4667 σον
2425 4609 2648 4675 αὐτοὺς
2678 4609 2748 4662 ἐν
2780 4607 2943 4674 νόμῳ
2968 4606 3186 4673 Κύρίου
3208 4623 3257 4671 ;»

2965 4720 3196 4786 Ἀπόκρ.

2356 4819 2428 4872 Τὸ
2459 4817 2780 4888 φοϐἐρισον
2826 4814 3058 4884 εἴρηται,
3089 4811 3208 4880 ἀντὶ
3242 4810 3359 4876 τοῦ,
3392 4809 3753 4878 Κατάπληξον
3777 4810 3866 4862 αὖε

2284 4912 2430 4975 ’τούςο
2460 4912 2558 4964 οὐκ
2583 4911 2647 4962 ἐκ
2676 4908 2784 4962 τῶν
2809 4904 3235 4976 ἐπηγγελμένων
3265 4903 3504 4972 ἀγαθῶν,
3534 4904 3731 4955 ἀλλ’ὲκ
3762 4901 3865 4952 τῶν

2287 5003 2664 5073 ὴπείλημένων
2687 4999 2952 5074 φοϐερῶν.
2982 4998 3236 5057 Δουλικδν
3266 4997 3375 5067 γὰρ
3401 4996 3581 5060 τοῦτο,
3613 4994 3710 5049 καὶ
3749 4994 3868 5046 ἰου-

2290 5093 2350 5147 δα
2363 5094 2458 5157 ἔοις
2489 5092 2762 5163 ἁρμόδιον.

1853 5254 1897 5287 ⁶⁰
1923 5254 1944 5309 l
1977 5251 2136 5308 Esdr.
2163 5267 2260 5318 vn,
2285 5253 2369 5306 Μ.

2295 5382 2492 5452 piunt;
2539 5396 2641 5452 pro
2669 5395 2917 5452 quorum
2948 5378 3159 5452 ratione
3181 5385 3309 5433 sunt
3338 5378 3427 5431 illa
3459 5377 3579 5452 ejus
3602 5374 3863 5452 pondera,

2293 5444 2439 5520 quod
2466 5444 2561 5505 Dei
2581 5444 2723 5504 dona
2755 5468 2864 5504 non
2889 5449 3088 5518 ἄκριτα
3119 5450 3260 5514 sint;
3287 5464 3410 5518 qua:
3439 5447 3653 5520 scilicet
3695 5444 3810 5520 ipse
3839 5458 3867 5495 τι

2294 5513 2354 5575 se
2383 5533 2588 5576 temere
2611 5522 2868 5589 nullaque
2897 5513 3045 5590 justa
3069 5513 3282 5573 ratione
3306 5513 3653 5590 mortalibus
3682 5513 3868 5590 confe-

2295 5601 2398 5654 rat,
2430 5608 2537 5645 non
2563 5608 2660 5660 pro
2691 5586 2958 5661 cujusque
2989 5593 3291 5661 (praeeunte
3324 5587 3522 5660 gratia)
3550 5586 3742 5657 operis
3761 5597 3872 5637 mc-

2296 5663 2402 5716 rito
2435 5664 2497 5716 ac
2528 5662 2933 5733 cooperationc.
