4154 6322
608 335 708 401 891

1767 341 1826 402 S.
1866 338 2151 403 MAXIMI
2191 339 2696 406 CONFESSORIS

3742 344 3851 408 8‘13

604 445 753 502 dicio
784 445 935 501 velut
963 461 994 501 e
1018 445 1181 512 libra,
1205 446 1407 531 viatica
1431 462 1496 503 ac
1520 447 1842 518 imperfecta
1868 450 1999 506 boni
2026 451 2177 521 cogi-

2285 453 2559 524 μήματος,
2593 452 2672 525 τῷ
2708 454 2919 526 μονίμῳ
2940 454 3033 508 καὶ
3058 452 3448 524 άπηρτισμένῳ
3478 452 3840 525 ἐνθυμήματι,

607 538 834 602 talione,
860 553 984 593 eum
1010 552 1072 592 ea
1106 552 1227 608 quae
1266 554 1496 596 manens
1516 556 1581 596 ac
1602 538 1842 611 perfecta
1873 549 1979 604 est,
2011 542 2175 613 hujus

606 637 791 697 partes
832 626 1074 695 potiores
1108 640 1258 693 esse;
1306 628 1510 698 quippe
1554 642 1681 683 cum
1728 627 1901 681 altera
1947 636 2177 683 vexetur

606 716 894 781 examine,
946 716 1118 772 altera
1168 716 1277 774 diei
1326 717 1452 774 festi
1500 726 1664 789 atque
1713 717 1898 789 gaudii
1950 719 2179 776 exsistat

607 820 793 861 causa.

1158 916 1439 974 INTERR.
1479 916 1615 975 LIX.

678 1005 808 1072 Qum
833 1007 901 1061 sit
930 1021 1053 1061 vera
1083 1008 1220 1062 ratio
1243 1008 1468 1064 nominis
1494 1010 1910 1083 γαστριμαργία
1940 1013 1965 1066 2

1306 1118 1461 1192 Resp.

677 1208 849 1264 Nemo
884 1215 971 1265 est
1005 1224 1110 1266 nec
1147 1213 1627 1283 grammaticorum
1660 1230 1839 1287 neque
1873 1227 2175 1282 oratorum,

609 1302 703 1373 qui
754 1303 1069 1358 meminerit
1109 1318 1124 1359 :
1161 1303 1488 1360 Aristoteles
1531 1313 1734 1373 tamen,
1772 1307 1829 1362 in
1875 1307 1969 1363 illo
2011 1321 2177 1378 opere

607 1394 755 1465 quod
809 1394 1031 1465 scripsit
1076 1396 1154 1452 De
1203 1395 1555 1466 animalibus,
1595 1398 1882 1470 cujusdam
1922 1400 2177 1456 animalis

608 1487 882 1551 meminit,
909 1503 1074 1557 quem
1102 1498 1305 1544 vocant
1325 1505 1588 1560 margum,
1612 1490 1963 1562 nasciturque
1988 1506 2054 1547 ex
2080 1506 2180 1562 pu-

609 1577 845 1644 tredine,
866 1578 1045 1634 media
1070 1578 1480 1651 intercapedine
1502 1580 1647 1637 inter
1663 1589 1863 1638 terram
1883 1590 1938 1638 et
1956 1598 2175 1654 aquam.

609 1669 689 1723 Ex
726 1685 837 1739 quo
882 1678 1064 1725 autem
1098 1680 1287 1725 natum
1320 1680 1427 1737 est,
1463 1688 1574 1728 non
1610 1683 1787 1729 cessat
1829 1682 2034 1730 terram
2079 1690 2177 1731 ex-

2277 544 2341 598 τδ
2366 544 2535 600 πλέον
2553 545 2686 616 ἔχει⁹
2718 545 2778 599 τὺ
2802 545 2899 615 μὲν
2929 545 3057 617 γὰρ,
3092 544 3426 613 ἐξετάζεταν
3459 545 3516 599 τδ
3547 546 3627 615 δὲ,
3653 547 3846 619 ἑορτῆς

2279 635 2376 691 καὶ
2406 638 2583 709 χαρᾶς
2606 638 2820 707 γίνεται
2848 635 3126 709 πρόξενον.

2882 912 3078 969 ΕΡΩΤ.
3111 912 3238 967 NB’.

2355 1008 2420 1066 Τί
2447 1009 2892 1081 stupeam-sitat
2918 1008 3355 1080 γαστριμαργίας

2947 1124 3179 1193 Ἀπόκρ.

2350 1204 2539 1282 Οὐδεὶς
2552 1214 2677 1270 οὔτε
2699 1213 3098 1287 γραμματικῶν
3113 1213 3235 1267 οὔτε
3253 1213 3496 1285 ῥητόρων
3515 1215 3537 1266 ἐ
3546 1231 3651 1285 μνη
3659 1214 3849 1283 μόνευ-

2281 1325 2393 1363 σεν.
2411 1306 2784 1379 Ἀριστοτέλης
2802 1304 2857 1359 δὲ
2877 1305 2934 1357 έν
2953 1302 3031 1373 τῷ
3059 1303 3194 1375 Περὶ
3213 1301 3365 1366 ζώων
3390 1303 3660 1375 μέμνηται
3681 1302 3844 1368 ζὼου,

2282 1399 2494 1472 μαργοῦ
2540 1397 2831 1467 λεγομένου
2859 1396 2977 1467 (in).
3008 1395 3145 1466 ὅπερ
3181 1396 3436 1463 γεννᾶται
3472 1395 3578 1448 ἀπὸ
3609 1396 3845 1464 σήψεως,

2283 1490 2484 1563 μεταξὺ
2505 1489 2604 1561 τῆς
2621 1490 2722 1559 γῆς
2743 1489 2837 1542 καὶ
2858 1484 2952 1540 τοῦ
2970 1484 3178 1548 ὓδατος.
3199 1485 3309 1539 Καὶ
3326 1485 3417 1552 ἀφ’
3433 1477 3494 1537 οὗ
3512 1485 3766 1556 γεννηθῇ,
3782 1486 3846 1538 οὐ

2279 1582 2513 1637 παύεται
2535 1578 2863 1651 γηῖφαγοῦν,
2885 1577 2992 1640 ἕως
3013 1575 3362 1648 ἐκτρυπῆσαν
3383 1575 3480 1644 τὴν
3496 1575 3620 1644 γῆν,
3648 1578 3726 1639 είς
3748 1576 3846 1646 τὴν

2280 1672 2601 1742 ἐπιφάνειαν
2621 1669 2768 1742 ἔλθετ’
2793 1668 2887 1723 καὶ
2904 1666 3077 1731 ἐλθὸν,
3097 1666 3320 1737 θνήσκει
3341 1667 3486 1736 τρεῖς
3503 1665 3609 1737 ὴμέ
3616 1682 3734 1737 ρας·
3753 1668 3849 1720 καὶ

609 1758 796 1825 edere,
829 1758 1005 1814 donec
1041 1758 1131 1813 illa
1163 1767 1409 1830 pertusa,
1441 1762 1507 1816 ad
1541 1761 1890 1833 superﬁciem
1919 1766 2175 1823 evaserit.

2285 1767 2423 1838 μετὰ
2442 1766 2588 1835 τρεῖς
2607 1762 2816 1833 ἡμέρας
2847 1760 3065 1831 ῐρχεται
3094 1758 3253 1828 νέφος
3282 1757 3502 1829 βρογῆς,
3533 1758 3626 1810 καὶ
3661 1756 3847 1827 βρέχει

609 1847 668 1903 In
709 1864 872 1918 quam
902 1850 1160 1919 ejectum,
1200 1850 1384 1907 triduo
1414 1852 1680 1922 moritur;
1722 1857 2037 1928 exactisque
2074 1859 2178 1914 tri-

2280 1857 2466 1913 ἑπάνω
2495 1852 2679 1918 αὐτοῦ,
2703 1854 2798 1908 καὶ
2826 1851 2997 1922 ἀναζῇ
3037 1849 3232 1921 μηκέτι
3262 1849 3521 1917 ἁειφάγον
3538 1848 3617 1901 δν.
3648 1848 3757 1900 Καὶ
3786 1850 3850 1903 ὲκ

609 1938 715 1993 bus
765 1938 983 2005 diebus,
1023 1950 1346 2012 aspergente
1398 1944 1548 2019 nube
1604 1960 1839 2016 aquosa,
1884 1964 1950 2005 ac
2000 1950 2178 2021 ipsum

2285 1948 2467 2004 τούτου
2496 1941 2650 2018 οἶμαι
2683 1944 2809 2007 τοὺς
2834 1942 3094 2014 ἀρχαίους
3128 1938 3449 2010 φιλοσόφους
3489 1938 3847 2009 ὁρμηθέντας,

609 2030 981 2101 compluente,
1014 2031 1178 2086 vitam
1215 2034 1466 2100 resumit,
1497 2050 1599 2091 nec
1624 2050 1690 2093 ea
1718 2039 2019 2096 voracitate
2044 2056 2179 2097 con.

609 2121 826 2175 tinuum
872 2121 1110 2177 exsistit.
1155 2123 1340 2193 anue
1376 2133 1513 2195 puto
1551 2125 1809 2183 inductos
1842 2129 2056 2187 ratione
2089 2146 2184 2188 ve-

609 2219 755 2265 teres
788 2211 1166 2283 pliilompbos,
1197 2228 1294 2269 eos
1316 2216 1410 2284 qui
1440 2216 1581 2288 gulae
1607 2216 1781 2273 dediti
1813 2219 1947 2286 sint,
1969 2219 2182 2278 Castri-

608 2317 829 2373 margos
862 2319 1109 2360 vocasse.
1136 2306 1325 2362 Potest
1354 2322 1486 2364 vero
1521 2308 1645 2379 quis
1684 2310 1773 2382 pie
1808 2313 2179 2382 considerare,

608 2395 704 2465 qui
756 2411 819 2451 ea
865 2412 987 2467 quae
1029 2397 1177 2453 dicta
1225 2406 1388 2466 sunt,
1434 2400 1672 2471 spiritali
1720 2404 2183 2476 contemplatione

608 2487 831 2542 noverit
876 2487 1252 2559 interpretari.
1301 2485 1581 2562 Quidquid
1622 2492 1889 2550 vitiorum
1921 2504 2007 2552 est
2046 2496 2185 2553 all‘e-

608 2586 821 2644 ctuum,
854 2593 920 2633 ex
948 2579 1238 2651 putredine
1268 2581 1418 2637 nasci
1443 2582 1688 2654 proclive
1714 2592 1828 2652 est;
1859 2595 2183 2658 natumque,

605 2678 891 2726 auctorem
929 2671 1175 2726 animum
1206 2672 1437 2728 vorandi
1466 2673 1678 2730 nullum
1708 2675 1875 2732 linem
1908 2676 2061 2746 facit,
2088 2677 2185 2735 do-

608 2773 715 2817 nec
757 2776 857 2834 per
899 2762 1144 2820 scientiae
1178 2761 1450 2833 habitum,
1482 2762 1540 2823 in
1570 2774 1823 2839 apertum
1855 2769 2185 2841 productum

606 2856 901 2927 exstiterit.
945 2857 1037 2912 Sic
1077 2865 1262 2913 autem
1294 2857 1353 2913 in
1389 2866 1642 2930 apertum
1673 2862 2003 2931 productum
2026 2903 2044 2931 ,
2077 2864 2185 2921 tri-

608 2943 716 3003 bus
764 2947 933 3003 animi
971 2948 1324 3005 facultatibus
1371 2951 1624 3008 moritur.
1657 2952 1829 3024 Inque
1880 2953 2029 3012 hune
2065 2971 2187 3013 mo-

609 3036 741 3091 dum
785 3038 955 3093 divini
994 3038 1231 3109 Spiritus
1265 3041 1456 3111 gratia,
1489 3042 1643 3098 velut
1685 3059 1787 3115 per
1822 3044 2050 3113 nubem,
2085 3062 2187 3118 per

2278 2040 2405 2104 τοῦς
2432 2036 2777 2107 πολυφάγους
2811 2032 3258 2104 γαστριμάργους
3290 2030 3645 2085 ἀποκαλέσαι.
3678 2028 3848 2083 Δύνα-

2279 2150 2371 2188 ται
2402 2129 2460 2185 δέ
2485 2146 2569 2194 τις
2606 2124 2845 2190 εὐσεϐῶς
2871 2126 2985 2188 τοῖς
3011 2119 3163 2178 οὖσιν
3192 2123 3501 2176 ἐπιϐάλλειν
3544 2121 3723 2187 εἰδὼς,
3758 2122 3853 2175 καὶ

2280 2223 2422 2278 κατὰ
2458 2217 2833 2290 πνευματικὴν
2871 2214 3103 2286 θεωρίαν
3149 2212 3403 2268 ἐκλαϐεῖν
3451 2213 3523 2267 τά
3566 2214 3850 2285 εἰρημένα.

2279 2314 2398 2368 Πᾶν
2426 2310 2535 2384 γὰρ
2560 2309 2728 2372 πάθος
2761 2306 2871 2362 άπὸ
2902 2304 3119 2377 σήψεως
3151 2304 3446 2373 γεννᾶσθαι
3492 2303 3722 2373 πέφυκεο
3762 2304 3853 2357 καὶ

2282 2403 2500 2459 ἐπειδὰν
2528 2398 2784 2472 γεννηθῇ,
2813 2398 2874 2453 οὐ
2896 2397 3126 2452 παύεται
3152 2394 3329 2449 έσθίον
3353 2394 3451 2466 τὴν
3472 2395 3853 2467 ὑποστήσασαν

2282 2492 2415 2548 αὐτὸ
2443 2489 2692 2563 καρδίαν,
2730 2488 2835 2551 ἕως
2866 2485 2932 2541 ἂν
2967 2484 3057 2539 διὰ
3093 2485 3195 2554 τῆς
3221 2478 3529 2554 γνωστικῆς
3559 2483 3728 2550 ἕξεως
3773 2486 3854 2548 είς

2284 2584 2590 2656 φανέρωσιν
2618 2581 2769 2654 ἔλθῃ.
2793 2580 2905 2635 Καὶ⁵
2941 2577 3095 2633 ἐλθὸν
3116 2578 3342 2649 θνήσκει
3370 2580 3493 2643 ταῖς
3524 2579 3672 2650 τρισὶ
3694 2580 3854 2633 δυνά-

2287 2694 2413 2749 μεσι
2438 2676 2538 2747 τῆς
2565 2672 2762 2745 ψυχῆς.
2795 2671 2903 2727 Καὶ
2939 2669 3111 2733 οὕτως
3133 2670 3167 2738 ή
3196 2667 3356 2739 χάρις
3387 2668 3482 2722 τοῦ
3517 2670 3853 2742 Πνεῦματος,

2283 2770 2360 2834 ὡς
2397 2768 2486 2824 διά
2529 2767 2725 2837 νέφους
2761 2765 2861 2835 τῆς
2899 2761 3246 2825 διδασκαλίας
3276 2762 3621 2831 ἐπιφανεῖσα,
3653 2763 3857 2816 σταλα-

2284 2859 2459 2933 γμοὺς
2489 2856 2673 2911 δίδωσι
2720 2853 2993 2924 γνώσεως,
3026 2851 3122 2905 καὶ
3165 2851 3434 2916 ζωοποιεῖ·
3479 2852 3541 2905 οὐ
3589 2854 3733 2907 κατὰ
3757 2854 3861 2925 τὴν

2284 2953 2556 3029 προτέραν
2584 2946 2811 3022 ἐμπαθῆ
2839 2946 3000 3019 ζωήν·
3025 2943 3162 3000 ἀλλὰ
3188 2945 3332 3002 κατὰ
3356 2947 3456 3019 τὴν
3482 2947 3738 3020 ἐνάρετον
3762 2947 3859 3002 καὶ

2284 3045 2403 3116 Θεῷ
2432 3040 2661 3098 οἰκείαν.

610 3128 913 3183 doctrinam
951 3131 1035 3185 sui
1062 3132 1272 3201 copiam
1315 3131 1474 3202 323
1523 3132 1749 3202 faciens,
1798 3135 2043 3194 scientiae
2076 3134 2480 3212 stillaspraabet,
2519 3148 2585 3189 ac
2612 3132 2781 3188 vitam
2817 3126 3042 3194 tribuit;
3072 3141 3184 3183 non
3222 3141 3324 3198 pro
3358 3125 3563 3199 prioris
3598 3126 3750 3183 illius
3789 3142 3853 3184 ac

610 3217 917 3277 libidinosae
946 3221 1069 3278 vitze
1101 3227 1334 3291 ratione,
1369 3220 1469 3280 sed
1501 3218 1802 3283 virtutibus
1823 3226 2016 3285 fultam
2050 3232 2271 3304 Deoque
2307 3227 2613 3303 propriam.

1173 3336 1452 3392 INTERR.
1492 3337 1605 3392 LX.

681 3422 819 3491 Quid
877 3426 977 3481 sibi
1022 3426 1135 3481 vult
1181 3427 1440 3499 parabola
1495 3430 1862 3500 operariorum
1911 3433 1969 3487 in
2025 3436 2187 3490 vinea

611 3516 877 3570 culturam
918 3517 972 3571 in
1010 3516 1298 3588 Evangelia
1349 3517 1723 3573 conductorum
1761 3520 1839 3586 “;
1891 3536 2065 3591 quave
2109 3523 2191 3580 in-

610 3608 891 3681 wquafitas
912 3609 937 3663 Ρ

1311 3722 1468 3794 Resp.

685 3813 781 3868 Dei
820 3812 1090 3885 judicium
1122 3827 1233 3869 non
1266 3829 1366 3884 pro
1403 3813 1665 3884 temporis
1702 3814 2055 3887 corporisque
2099 3832 2190 3872 ra-

617 3902 769 3959 tione
807 3906 1054 3974 geritur;
1097 3904 1245 3976 quod
1283 3913 1339 3961 et
1382 3906 1561 3961 anima
1593 3908 1857 3977 temporis
1888 3924 2084 3980 expers
2104 3910 2193 3973 _sit

614 4006 675 4053 et
707 3997 1068 4067 incorporea;
1113 4004 1384 4067 quatenus
1419 3998 1633 4053 scilicet
1673 4014 1784 4054 non
1822 4014 1890 4055 ex
1929 4001 2192 4070 temporis

616 4088 929 4144 rationibus
972 4094 1325 4159 augmentum
1378 4088 1509 4143 facit
1557 4089 1830 4159 finemque
1874 4091 2048 4160 capit;
2092 4091 2188 4146 sed

617 4180 736 4235 sine
765 4189 1008 4250 tempore
1038 4180 1269 4237 allectus
1308 4190 1599 4251 motusque
1630 4197 1759 4237 suos
1797 4182 1927 4252 agit.
1962 4183 2193 4240 Praestat

615 4284 679 4323 ea
703 4286 823 4340 qua:
839 4269 1073 4327 dicimus
1089 4272 1339 4341 exemplo
1367 4271 1661 4327 illustrare.
1690 4270 1970 4342 Contingit
1993 4273 2191 4343 saepius

614 4359 960 4429 quempiam,
1012 4375 1184 4415 annos
1229 4360 1570 4431 septuaginta
1611 4361 1939 4415 monachum
1976 4361 2188 4431 egisse;

616 4446 783 4500 alium
828 4446 946 4502 dies
988 4463 1098 4501 non
1143 4448 1328 4518 plures
1375 4464 1485 4503 uno
1523 4449 1666 4503 idem
1702 4449 2016 4506 institutum
2053 4466 2191 4507 eon-

618 4544 885 4590 seetatum
913 4552 1053 4591 esse.
1085 4536 1223 4604 Quia
1258 4554 1389 4594 vero
1420 4539 1476 4594 in
1509 4554 1575 4595 eo
1615 4540 1827 4609 positus
1865 4541 1990 4597 ﬁnis
2026 4542 2190 4598 insti-

622 4622 725 4678 tuti
757 4629 865 4689 est,
899 4630 962 4690 _ut
1001 4624 1120 4691 ejus
1165 4625 1366 4693 cultor,
1409 4642 1441 4681 a
1488 4634 1835 4684 terrenorum
1880 4630 2082 4686 affectu
2124 4644 2189 4686 ac

689 4809 737 4843 ⁸³
767 4809 956 4866 Matth.
987 4809 1137 4875 χειή.

618 4966 820 5027 Catena
873 4967 1041 5038 aliqui
1096 4967 1652 5038 Patrescxponunt,
1705 4975 1763 5022 et
1811 4964 1967 5038 Suid.
2002 4965 2189 5038 μόριόν

618 4985 820 5027 uatena
873 4985 941 5023 an
987 4985 1041 5022 ill
1098 4985 1287 5023 ratres
1336 4985 1652 5037 exponunt,
1705 4985 1763 5022 et
1811 4985 1967 5021 aulo.
2002 4985 2189 5038 μοριον

618 5038 928 5118 et.__Verutn
948 4985 1463 5118 (iamcjustomlura;
1497 5036 1643 5118 quod
1671 5035 1903 5118 npn_bic
1931 5036 2038 5118 loci
2089 5037 2195 5091 Da-

619 5108 833 5163 vidicos
871 5106 1139 5172 Psalmos,
1165 5106 1260 5161 sed
1284 5106 1557 5177 prmcipue
1579 5106 1798 5162 Maximi
1828 5113 2070 5161 mentem
2102 5120 2195 5161 ex-

643 5194 902 5233 ιοιιιιηιιε.

622 5195 1034 5319 νοίίίιῗίὶῖίῗργοῦ
1046 5246 1393 5319 λεγομένοιν.
1423 5243 1657 5319 Perinde
1676 5245 1979 5319 Etymolog.
2000 5245 2193 5319 iisdem

660 5316 994 5380 ene'verbis,
1030 5317 1112 5371 vel
1146 5317 1261 5387 ipse
1283 5332 1317 5370 a
1342 5316 1575 5370 Maximo
1605 5316 1907 5387 mutuatus,
1933 5316 2031 5371 ’νει
2077 5332 2195 5387 am-

664 5402 697 5438 o
725 5387 1002 5455 abaliquo
1027 5385 1345 5456 superiore,
1385 5386 1561 5456 quiet
1604 5385 1790 5440 fucum
1817 5386 2029 5442 fecerit.
2088 5385 2197 5456 Res

624 5466 778 5510 certe
830 5454 983 5510 extra
1021 5454 1241 5509 omnem
1280 5454 1463 5517 fidem,
1519 5470 1583 5509 ac
1637 5456 1794 5525 cujus
1842 5454 2190 5517 Aristoteles,

624 5525 855 5595 perinde
884 5540 949 5580 ac
980 5526 1093 5588 alii,
1131 5526 1269 5595 nillil
1299 5525 1611 5595 meminerit
1631 5541 1649 5579 :
1668 5540 1792 5579 cum
1821 5526 2024 5595 alioqui
2046 5526 2189 5580 clara

627 5594 700 5672 sit
723 5595 877 5648 vocis
898 5594 1244 5675 etymologia,
1290 5595 1536 5717 nilnihgxe
1576 5594 1769 5649 doctos
1809 5594 2018 5650 utravis
2064 5609 2192 5664 pars

628 5677 748 5717 eius
769 5664 1183 5717 eomnosit'wnls
1206 5665 1394 5717 lateat.
1422 5682 1450 5716 τ
1487 5704 1501 5717 .
1527 5664 1757 5717 γαστὴρ.
1786 5675 1843 5717 et
1861 5664 1941 5717 τὸ.
1962 5665 2188 5717 μάργος.

628 5662 1183 5733 ejuseompo'sitionis
1206 5665 1394 5727 lateat,
1422 5662 1501 5726 ab,
1527 5664 1757 5733 γαστὴρ,
1786 5675 1843 5719 et
1861 5664 1941 5729 τὸ,
1961 5662 2188 5732 μάργος-

628 5727 792 5788 Suid.
823 5727 1054 5806 Μᾶργης
1082 5734 1174 5787 καὶ.
1209 5735 1437 5805 μάργος,
1471 5727 1790 5827 μαινόμέῆιος
1816 5749 1831 5765 ⁸
1899 5727 1989 5788 κοίὶ
2023 5727 2194 5803 ὕτέερ·

2923 3334 3117 3392 ΕΡΩΤ.
3152 3334 3228 3389 3'.

2365 3434 2462 3501 Τις
2501 3431 2541 3500 ἠ
2575 3426 2886 3499 παραϐολὴ
2912 3425 3029 3481 τῶν
3058 3425 3129 3480 ἐν
3167 3420 3247 3495 τῷ
3271 3424 3613 3495 Emam
3633 3425 3859 3493 μισθω-

2288 3526 2513 3583 θέντων
2547 3518 2811 3593 ἐργατῶν
2833 3522 2922 3587 είς
2944 3520 3053 3574 τὸν
3073 3516 3397 3590 ἀμπελῶνα
3410 3533 3432 3584 ;
3448 3515 3546 3571 καί
3569 3517 3662 3583 τίς
3686 3516 3726 3585 ἠ
3750 3515 3861 3572 dr-

2289 3617 2499 3684 ισότης
2518 3630 2538 3680 ;

2965 3717 3193 3787 Ἀπόκρ.

2361 3814 2435 3872 Ἦ
2462 3813 2556 3869 τοῦ
2578 3811 2714 3868 Θεοῦ
2749 3808 2958 3891 κρίσις,
2975 3807 3036 3861 οὐ
3066 3808 3209 3863 κατὰ
3237 3805 3426 3879 χρόνον
3456 3805 3554 3862 καὶ
3581 3805 3742 3877 σῶμα
3770 3804 3860 3875 γε.

2286 3926 2458 3975 νεται,
2486 3905 2621 3961 διότι
2644 3902 2739 3958 καὶ
2774 3904 2807 3973 ἡ
2832 3900 2979 3972 ψυχὴ
3002 3899 3229 3971 ἄχρονος
3255 3899 3352 3953 καὶ
3381 3897 3671 3969 ἀσώματος
3703 3891 3857 3962 οὖσα,

2287 4000 2374 4055 διὰ
2393 3999 2455 4053 τὸ
2479 3996 2552 4070 μή
2589 3996 2729 4051 κατὰ
2760 3992 2949 4065 χρόνον
2977 3991 3077 4061 τὴν
3106 3988 3335 4060 αὖξησιν
3366 3989 3458 4043 καὶ
3484 3989 3547 4042 τὸ
3570 3989 3744 4061 πέρας
3771 3987 3860 4041 δέ·

2288 4090 2518 4163 χεσθαι,
2564 4083 2809 4156 ἀχρόνως
2862 4082 2921 4136 δὲ
2969 4081 3067 4145 τὰς
3115 4080 3360 4150 κινήσεις
3411 4079 3509 4147 τῆς
3570 4079 3865 4142 διαθέσεως

2292 4179 2583 4235 ποιεῖσθαι.
2627 4174 2808 4230 Καλὸν
2836 4172 2895 4227 δὲ
2938 4172 2997 4225 ὲν
3023 4170 3381 4242 ὑποδείγματι
3419 4170 3753 4242 διασαφῆσαι
3795 4170 3869 4225 τὰ

2285 4271 2575 4341 λεγόμενα.
2619 4265 2886 4329 Πολλάκις
2929 4261 3045 4318 ἔστι
3104 4281 3190 4328 τις
3242 4262 3607 4333 ἑϐδομήκοντα
3639 4260 3870 4339 χρόνους

2288 4363 2426 4434 ἔχων
2465 4363 2523 4415 ὲν
2562 4357 2641 4430 τῷ
2684 4357 2907 4429 μονήρει
2949 4354 3068 4427 βίῳ·
3108 4354 3266 4419 ἄλλος
3311 4353 3390 4421 δὲ,
3438 4353 3570 4424 μίαν
3629 4352 3868 4423 ἡμέραν.

2301 4451 2518 4521 Ἐπειδὴ
2565 4449 2622 4503 δὲ
2664 4450 2693 4503 ὁ
2732 4446 2827 4501 τοῦ
2871 4445 3290 4516 ἐπαγγέλματος
3332 4443 3534 4508 σκοπός
3581 4444 3753 4509 ἐστιν,
3782 4442 3871 4497 ἵνα

2242 4548 2245 4553 ’
2288 4546 2386 4618 τῆς
2408 4543 2547 4609 πρὸς
2569 4540 2639 4595 τὰ
2660 4537 2823 4594 ΰλικὰ
2846 4536 3223 4611 προσπαθείας
3244 4536 3339 4591 καὶ
3362 4535 3601 4607 σχέσεως
3622 4536 3871 4589 ἀνασπά-

2220 4689 2265 4745 D
2293 4654 2393 4702 σας
2417 4634 2516 4707 τὴν
2541 4618 2739 4705 ψυχὴν,
2767 4630 2898 4703 ὅλην
2930 4628 3232 4702 μετενέγκῃ
3256 4628 3393 4701 πρὸς
3418 4628 3511 4683 τὸν
3538 4627 3696 4683 Θεόνο
3720 4627 3751 4681 ὁ
3776 4621 3871 4683 οὖν

2300 4967 2662 5039 μαργότερος,
2699 4968 2729 5021 ὁ
2761 4965 3238 5039 ὑπερμαινόμενος
3263 4981 3279 4997 ο
3304 4962 3869 5039 καὶ-γαστρίμαργος,

2300 4983 2662 5108 μαργοτεςος,
2699 4983 2729 5021 ο
2761 4983 3236 5055 υπερμαινομξνος
3263 4983 3279 4997 ·
3304 4983 3402 5020 και
3431 4983 3869 5049 γαστριμαργος,

2296 5039 2326 5091 ὁ
2356 5038 2480 5109 περ).
2512 5054 2544 5090 τ
2581 5055 2610 5091 ν
2639 5037 2881 5109 γαστέρα
2909 5053 3185 5109 μεμηνως.
3209 5034 3488 5109 Port._Qm
3516 5052 3719 5109 circum
3748 5050 3873 5109 eert-

2298 5105 2678 5188 trenijnsa'nit.
2704 5105 3117 5188 ingene—ventris
3147 5107 3386 5188 rapiendi
3420 5107 3706 5188 cupiditati
3729 5106 3877 5188 dedi-

2302 5186 2406 5231 tus.
2429 5178 2571 5233 Num
2608 5187 2665 5232 et
2710 5176 2988 5232 Aristoteli
3019 5175 3352 5246 obrepserit,
3388 5175 3587 5246 uitista
3617 5175 3873 5246 fabulosa

2301 5247 2370 5301 de
2395 5247 2726 5301 animalculo
2758 5246 2863 5302 hoc
2902 5244 3222 5316 scripserit,
3270 5246 3355 5300 vel
3401 5244 3491 5316 alii
3545 5245 3879 5316 conﬁxerint

2301 5317 2490 5395 illique
2515 5314 3109 5395 ascripserintqumjta
3146 5315 3383 5395 forsitan?
3418 5314 3879 5395 simplicitatenet

2300 5384 2607 5445 mendacio.
2633 5384 2713 5439 uti
2756 5386 2823 5441 de
2844 5384 3104 5441 Phoenice
3159 5401 3259 5439 ave
3304 5384 3605 5440 ostendunt
3648 5384 3876 5447 eruditi,

2303 5456 2531 5526 ipseque
2561 5456 2826 5526 Maximus
2859 5454 3131 5526 Epist.ad
3162 5456 3393 5526 Petrum,
3448 5455 3746 5526 illustrem,
3775 5452 3880 5526 ubi

2298 5524 2627 5596 serio—magis
2644 5525 2891 5596 dogmata
2908 5524 3105 5596 tradit,
3125 5525 3333 5596 credita
3355 5524 3484 5589 sint,
3497 5524 3590 5596 alii
3612 5524 3877 5596 viderint.

2298 5594 2430 5649 Mihi
2466 5594 2575 5650 non
2600 5595 2963 5665 displicetisic
2995 5594 3244 5665 opinari;
3273 5609 3450 5665 eoque
3479 5594 3629 5665 vulgi
3653 5601 3881 5661 arrepto

2298 5673 2649 5736 commento,
2672 5663 2731 5736 in
2749 5681 2815 5720 eo
2833 5663 3126 5721 Maximum
3149 5681 3259 5720 non
3288 5663 3655 5736 spernendam
3688 5674 3879 5733 tropo.

2297 5734 2494 5806 logiam
2524 5735 2848 5791 instituisse.
