4154 6322
3528 176 3559 189 Α

336 361 448 427 B33
1522 361 1900 434 ΟΗίΕΞΤῙΟΕ

2001 365 2011 420 ἱ
2046 363 2141 425 ΕΤ
2182 365 2435 426 DUBIA.
3483 368 3591 437 834

333 474 714 544 ἑὸδομήκοντα
749 469 845 540 ἔτη
880 469 1040 542 ἔχων,
1078 470 1187 525 οὐδ’
1215 470 1349 534 ὅλως
1383 472 1509 541 περὶ
1536 473 1635 542 τῆς
1660 472 1900 544 τοιαύτης

2018 473 2247 529 libidine
2276 484 2563 530 avocatum
2590 489 2808 529 omnem
2834 475 3100 541 animum,
3133 477 3187 532 in
3222 477 3389 535 Deum
3416 489 3594 539 trans—

334 566 607 628 ἀπαθείας
641 566 987 635 μεριμνήσας
1012 562 1379 632 ἐτελεύτησεν·
1403 565 1432 618 ὁ
1460 562 1515 616 δὲ
1542 564 1671 634 μίαν
1700 563 1900 635 ἡμέραν

2018 564 2188 633 ferat;
2235 566 2394 635 isque
2437 566 2610 631 adeo,
2660 567 2767 640 qui,
2805 582 2980 623 annos
3023 571 3365 641 septuaginta
3404 574 3589 639 hahct,

336 662 498 734 ιχων,
537 663 715 715 πᾶσαν
742 657 908 712 αὐτοῦ
936 659 1032 730 τὴν
1078 658 1213 730 πρὸς
1250 659 1319 713 τὰ
1349 658 1510 712 ὑλικά
1541 659 1766 729 ἐμπαθῆ
1797 658 1914 714 διά-

335 771 484 808 νοιαν
509 751 857 817 ἀνασπάσας,
886 751 1015 821 ὃλην
1053 767 1113 803 τε
1144 750 1221 821 τῷ
1257 749 1377 821 Θεῷ
1411 749 1763 818 ἐγκολπώσας
1796 753 1914 805 ἐτε-

334 845 555 916 λειώθη.
598 844 687 897 Ἐν
722 845 790 913 τῇ
834 837 928 895 οὖν
956 842 1213 913 γινομένῃ
1241 843 1300 895 ὲν
1342 844 1409 914 τῇ
1439 842 1621 913 κρίσει
1658 841 1908 914 διανομῇ,

331 937 363 988 ὁ
420 937 519 1006 μὲν
570 935 737 1001 ἀξίως
778 933 872 987 τὸν
932 934 1122 1004 μισθὸν
1173 932 1463 1003 λαμϐάνει,
1487 931 1566 996 ὡς
1611 932 1691 996 είς
1738 934 1910 1004 πέρας

331 1024 423 1077 τὸν
453 1024 656 1077 σκοπὸν
676 1022 1211 1093 τοῦμὲπαγγέλματος
1230 1021 1475 1092 ἀγαγών·
1501 1024 1530 1076 ό
1554 1021 1609 1076 δὲ
1641 1022 1781 1077 κατά
1814 1023 1910 1094 χά·

336 1132 443 1186 ριν,
477 1114 574 1169 καὶ
608 1114 767 1184 μόνον
801 1113 940 1185 ὑπὲρ
976 1108 1036 1169 οὗ
1073 1113 1163 1168 τὸν
1191 1113 1290 1184 τῆς
1326 1113 1613 1185 ἀσκήσεως
1646 1113 1906 1185 ὑπέμεινε

332 1206 525 1262 κόπον.

2018 655 2163 710 diem
2193 657 2351 722 obiit,
2386 672 2510 712 cum
2537 672 2656 712 eam
2688 658 2932 713 nancisci
2971 661 3423 731 tranquillitatem
3454 665 3593 722 nihil

2018 747 2179 803 anxie
2222 749 2531 814 curaverit;
2573 747 2621 803 is
2660 764 2814 815 vero,
2859 750 2953 819 qui
2998 767 3166 805 unum
3217 753 3383 808 habet
3421 756 3589 821 diem,

2014 853 2237 895 omnem
2279 839 2448 895 animi
2491 842 2786 911 cogitatum
2835 858 2866 896 a
2908 850 3128 899 terrena
3168 844 3492 901 abstrahcns
3521 848 3590 902 li-

2016 935 2226 1002 bidine,
2267 935 2434 1006 inque
2467 936 2580 992 Deo
2623 938 2921 1004 collocans,
2969 939 3040 994 ita
3079 940 3303 995 demum
3336 957 3593 997 consum-

2015 1037 2198 1083 matus
2234 1025 2307 1082 sit
2335 1045 2348 1080 :
2376 1027 2435 1081 ﬁt
2474 1028 2633 1097 plane
2675 1038 2737 1083 ut
2768 1029 2825 1082 in
2853 1029 3084 1100 judicio,
3119 1029 3302 1086 futura
3334 1034 3589 1101 praemio-

2013 1135 2138 1174 rum
2183 1119 2605 1185 distributione,
2656 1120 2747 1178 hic
2794 1121 3015 1190 quidem
3065 1122 3227 1193 digne
3276 1123 3589 1178 mercedem

2012 1208 2249 1280 accipiat
2279 1208 2558 1281 (tanquam
2595 1211 2808 1265 scilicet
2834 1211 2930 1280 qui
2962 1211 3029 1268 ad
3065 1212 3399 1281 destinatum
3427 1212 3587 1269 insti-

334 1299 437 1352 tuti
481 1298 645 1351 ﬁnem
677 1295 782 1351 rite
821 1302 1119 1366 provectus
1147 1292 1263 1366 sit),
1307 1295 1399 1350 ille
1438 1309 1570 1350 vero
1614 1295 1917 1352 secundum
1957 1276 2377 1370 indulgentiam,
2412 1276 2480 1355 ac
2521 1313 2587 1353 eo
2619 1276 2901 1356 duntaxat
2933 1276 3177 1369 nomirie,
3205 1303 3354 1374 quod
3422 1319 3586 1359 excr-

339 1388 619 1443 citationis
636 1386 884 1445 laborem
910 1385 1207 1457 sanctioris
1229 1385 1465 1441 instituti
1483 1389 1738 1458 palmstra
1755 1387 2102 1445 sustinuerit.

942 1476 1140 1530 ΕΡΩΤ.
1171 1476 1295 1530 ΞΑ’.

407 1570 579 1635 Τίνος
602 1568 779 1639 χάριν
796 1566 948 1637 μετὰ
979 1566 1124 1622 δέκα
1155 1568 1377 1638 ἡμέρας
1402 1569 1512 1638 τῆς
1547 1569 1908 1641 ἀναλήψεως

331 1659 440 1715 τοῦ
464 1660 708 1729 Κυρίου,
742 1659 807 1714 τὸ
838 1659 1084 1729 Πνεῦμα
1110 1660 1432 1730 κατῆλθεν.

1006 1774 1234 1843 Ἆπόκρ.

403 1886 538 1941 Φασί
559 1903 703 1952 τινες
725 1886 835 1943 τῶν
861 1887 927 1943 τὰ
950 1887 1070 1944 θεῖα
1102 1888 1570 1961 πεπαιδευμένων,
1600 1890 1682 1944 ὅτι
1717 1888 1905 1963 ἐπειδὴ

335 1979 495 2034 ιννέα
518 1979 701 2044 τάξεις
726 1980 869 2035 κατά
888 1980 982 2034 τὸν
1007 1980 1283 2035 Διονύσιον
1306 1980 1398 2035 τὸν
1435 1982 1827 2054 Ἀρεοπαγίτην
1848 1982 1906 2036 αἱ

334 2069 625 2140 ἀγγελικαὶ
642 2071 903 2143 δυνάμεις
930 2072 1088 2137 εἰσὶν,
1120 2072 1286 2126 ἀνιὼν
1315 2072 1456 2128 κατά
1482 2073 1544 2127 τὸ
1566 2073 1904 2144 ἀνθρώπινον

332 2162 362 2216 ὁ
382 2161 587 2233 Κύριος
619 2161 783 2234 (κατά
810 2162 921 2232 γάρ
953 2161 1017 2214 τὸ
1043 2161 1187 2216 θεῖον
1210 2162 1389 2217 πάντα
1419 2163 1657 2234 πληροῖ),
1690 2164 1905 2233 ἑκάστῳ

332 2251 575 2322 τάγματι
619 2251 751 2323 μίαν
786 2252 1000 2322 ἡμέραν
1036 2252 1351 2323 ἀπένειμεν,
1391 2254 1499 2308 ἀπὸ
1535 2254 1637 2324 τῆς
1669 2253 1905 2324 ἐσχάτης

332 2339 440 2406 ἕως
463 2344 565 2409 τῆς
592 2341 928 2405 τελευταίας.
973 2341 1209 2396 Ἐδέοντο
1240 2343 1349 2411 γὰρ
1371 2344 1465 2398 nat
1490 2337 1648 2398 αὗται
1676 2344 1777 2414 τῆς
1807 2343 1902 2398 τοῦ

333 2432 540 2503 Κυρίου
567 2432 699 2503 πρὸς
710 2431 879 2496 αὺτάς
892 2433 1199 2503 ἐπιδημίας.
1219 2435 1313 2488 Ἐν
1330 2432 1490 2499 αὺτῷ
1505 2435 1632 2504 γὰρ,
1651 2434 1793 2488 κατά
1810 2434 1903 2488 τὸν

345 2523 687 2586 Ἀπόστολον,
725 2523 1233 2593 ἀνεκεφαλαιώθη,
1264 2525 1336 2578 οὑ
1358 2527 1550 2594 μόνον
1578 2525 1651 2579 τὰ
1665 2525 1763 2579 ἐπὶ
1791 2523 1901 2596 τῆς

331 2609 464 2682 τῆς,
494 2612 655 2666 ἀλλὰ
682 2612 780 2666 καὶ
821 2613 894 2668 τὰ
919 2613 989 2666 ἐν
1018 2612 1271 2682 οήρανῷ·
1305 2614 1397 2667 καὶ
1437 2614 1573 2685 μετά
1620 2615 1776 2671 τοῦτο
1817 2620 1902 2671 ἐνο

332 2704 594 2777 εφανίσθη
620 2704 699 2775 τῷ
724 2705 843 2776 Θεῷ
882 2706 976 2761 καὶ
1001 2707 1195 2778 Πατρίο
1231 2706 1325 2760 καὶ
1362 2706 1536 2771 οὕτως
1570 2707 1630 2761 τὸ
1677 2708 1902 2779 Πνεῦμα

333 2797 569 2853 κάτεισι.
627 2800 783 2853 Ἐστι
836 2800 892 2852 δὲ
946 2799 1217 2870 θεωρῆσαι
1270 2799 1333 2852 τὸ
1396 2800 1753 2872 προκείμενον
1807 2803 1902 2857 καὶ

333 2893 458 2945 κατ’
483 2891 639 2946 ἄλλον
665 2892 895 2964 θεωρίας
925 2894 1146 2964 τρόπον.
1190 2894 1409 2965 Ἐπειδὴ
1436 2895 1545 2963 γὰρ
1583 2896 1612 2948 ὁ
1640 2895 1732 2949 τοῦ
1764 2894 1900 2950 Θεοῦ

329 2983 526 3053 Λόγος,
551 2984 609 3038 ὲν
635 2986 754 3048 ταῖς
779 2984 939 3039 αὑτοῦ
965 2986 1096 3039 δέκα
1120 2985 1356 3050 ἐντολαῖς
1381 2988 1770 3057 ἐγκέκρυπταν
1804 3005 1903 3043 σω-

2566 1480 2849 1536 INTERR.
2890 1480 3028 1535 LXI.

2083 1566 2223 1635 Quid
2264 1584 2436 1624 causa!
2470 1578 2543 1624 est
2605 1586 2699 1623 cur
2730 1578 2845 1637 post
2885 1569 3059 1623 decem
3090 1568 3199 1623 dies
3239 1584 3271 1623 a
3301 1578 3501 1640 recepto
3527 1571 3585 1625 in

1940 1698 1981 1753 Β
2009 1660 2162 1716 caelos
2186 1660 2675 1733 Domino,Spiritus
2705 1661 2953 1716 venerit?

2717 1768 2877 1842 Resp.

2073 1884 2244 1941 Aiunt
2285 1885 2508 1955 quidam
2562 1885 2815 1942 divinoru
2843 1901 2875 1941 ,ι
2923 1884 3153 1940 scientia
3203 1884 3410 1940 eruditi
3455 1884 3581 1954 viri,

2004 1974 2174 2045 quod,
2213 1991 2337 2031 cum
2387 1984 2611 2031 auctore
2652 1976 2914 2045 Dionysio
2939 1974 3282 2046 Areopagita,
3326 1975 3584 2046 angelica:

2004 2073 2305 2135 potestates
2328 2065 2380 2119 in
2402 2080 2597 2120 novem
2628 2064 2939 2119 distributae
2967 2064 3081 2118 sint
3105 2064 3354 2131 ordines,
3389 2080 3584 2120 ascen-

2004 2155 2141 2211 dens
2180 2155 2446 2211 Dominus
2488 2153 2796 2209 secundum
2842 2153 3139 2208 humanam
3180 2163 3432 2209 naturam
3476 2155 3584 2226 (di—

2002 2246 2129 2301 vina
2168 2245 2317 2301 enim
2363 2245 2627 2314 implebat
2671 2242 2886 2314 omnia)
2917 2245 3120 2314 cuique
3168 2244 3351 2299 ordini
3386 2244 3455 2299 ah
3483 2260 3586 2300 ex-

2002 2347 2179 2394 tremo
2210 2337 2278 2392 ad
2316 2352 2635 2406 supremum
2664 2336 2809 2391 diem
2844 2350 3016 2391 unum
3052 2334 3402 2404 impenderit.
3443 2335 3583 2391 Nam

2001 2433 2060 2478 et
2109 2423 2285 2494 angeli
2357 2424 2575 2478 Domini
2615 2423 2679 2478 ad
2734 2425 2883 2494 ipsos
2934 2423 3172 2478 adventu
3240 2423 3578 2494 indigebant.

2000 2514 2073 2571 Ut
2128 2514 2275 2569 enim
2333 2514 2507 2569 sentit
2555 2513 2720 2585 324
2774 2514 3068 2584 Apostolus
3112 2531 3125 2566 :
3165 2512 3473 2569 Instaurata
3525 2516 3581 2570 in

2001 2616 2061 2655 eo
2116 2609 2239 2654 sunt
2289 2602 2503 2665 omnia,
2553 2617 2656 2655 non
2716 2617 2779 2655 ca
2850 2600 3022 2654 solum
3074 2617 3192 2672 qua!
3245 2610 3367 2657 sunt
3423 2617 3583 2672 super

2002 2698 2219 2756 terram,
2248 2694 2341 2743 sed
2377 2696 2426 2743 et
2465 2707 2584 2761 quia
2618 2698 2744 2744 sunt
2785 2691 2841 2743 in
2885 2692 3011 2745 uelo
3045 2689 3090 2722 “
3125 2707 3139 2754 ;
3186 2699 3409 2760 tumque
3467 2682 3579 2746 Deo

2000 2794 2066 2833 ac
2106 2779 2252 2834 Patri
2298 2778 2643 2849 apparuerit,
2694 2787 2859 2849 atque
2900 2779 2957 2833 in
3001 2780 3149 2834 hunc
3195 2780 3415 2834 modum
3457 2780 3582 2851 Spi.

2000 2870 2143 2926 ritus
2213 2871 2449 2926 venerit.
2515 2871 2702 2925 Potest
2762 2886 2896 2926 vero
2957 2872 3125 2927 etiam
3171 2872 3279 2926 alio
3343 2873 3579 2942 spiritali

2000 2977 2166 3017 sensu
2212 2961 2583 3029 considerari,
2627 2962 2774 3031 quod
2813 2961 2905 3017 hic
2947 2963 3250 3032 argumenti
3294 2977 3576 3019 vexamus.

332 3046 598 3145 ματοδται
638 3075 695 3129 δὲ
723 3046 781 3129 εν
811 3078 959 3148 ἡμῖν,
997 3046 1444 3146 συγκαταϐαίνων
1482 3046 1612 3149 ἡμῖν
1654 3079 1744 3133 διά
1795 3080 1896 3148 τῆς

2001 3051 2153 3119 Quod
2178 3054 2326 3108 enim
2359 3054 2454 3109 Dei
2491 3053 2683 3109 Sermo
2716 3055 2773 3108 in
2797 3053 2986 3108 decem
3028 3055 3145 3109 suis
3177 3054 3450 3110 mandatis
3478 3071 3577 3111 oc-

329 3168 602 3241 πράξεως⁸
636 3164 791 3234 αὖθίς
837 3189 895 3224 τε
935 3171 1125 3240 ἀνάγει
1177 3173 1322 3244 ἡμᾶς
1360 3172 1449 3227 διὰ
1486 3176 1585 3244 τῆς
1621 3170 1896 3241 γνώσεως,

331 3261 482 3331 ὑψῶν
522 3265 668 3334 ἡμᾶς
700 3262 892 3334 μέχρις
924 3263 1236 3335 ἀνέλθωμεν
1275 3265 1354 3329 είς
1382 3265 1480 3335 τὴν
1507 3266 1725 3320 πάντων
1757 3266 1897 3335 ὑψη-

328 3353 554 3423 λοτέραν
581 3355 690 3409 τῶν
718 3355 968 3420 ἐντολῶν,
1000 3356 1098 3428 τὴν
1123 3357 1403 3426 λέγουσαν,
1451 3359 1663 3426 Κύριος
1690 3361 1722 3412 ό
1754 3361 1899 3425 Θεός

328 3459 471 3512 σου,
524 3449 738 3516 Κύριος
779 3443 867 3516 εἷς
900 3448 1090 3503 ἐστιν·
1138 3450 1227 3504 ὅτε
1269 3449 1400 3520 γοῦν
1449 3452 1513 3505 ἑκ
1540 3452 1755 3506 πάντων
1788 3452 1897 3520 ἀφ-

328 3539 493 3605 εθεὶς,
521 3540 721 3611 μᾶλλον
749 3541 827 3607 δὲ,
859 3541 1037 3594 πάντα
1081 3542 1240 3611 ἀφεὶς
1281 3544 1310 3596 ό
1339 3542 1607 3615 ἡμέτερος
1642 3541 1789 3608 νοῦς,
1818 3545 1897 3608 είς

326 3632 492 3685 αὐτὸν
516 3630 607 3686 τόν
634 3632 768 3686 Θεὸν
796 3633 1097 3705 καταλήξῃ,
1121 3633 1243 3688 τότε
1266 3634 1366 3699 τὰς
1392 3634 1624 3706 πυρίνας
1646 3635 1896 3704 γλώσσας

327 3722 565 3795 δέχεται,
590 3722 722 3788 Θεὸς
755 3724 895 3778 κατά
922 3725 1082 3794 χάριν
1107 3725 1403 3797 γινόμενος.

942 3897 1138 3952 ΕΡΩΤ.
1161 3896 1278 3953 SB’.

410 3985 470 4040 TI
487 3985 679 4053 δηλοῖ,
707 3986 1006 4042 ιΣπάνιον
1022 3989 1301 4058 εἰσάγαγε
1322 3989 1431 4042 τὸν
1448 3989 1604 4042 πόδα
1618 3988 1770 4058 πρὸς
1789 3991 1896 4045 τὸν

329 4073 594 4130 σεαυτοῦ
607 4076 810 4144 φίλον,
821 4074 1054 4144 μήποτε
1070 4077 1365 4145 πλησθείς
1380 4092 1496 4131 σου
1507 4076 1743 4149 prmia};
1762 4092 1887 4145 σου

998 4168 1235 4238 Ἀπόκρ.

400 4281 557 4334 Φίλον
580 4279 814 4334 ἐνταῦθα
848 4280 908 4334 τὸ
935 4280 1094 4352 σῶμα
1119 4282 1274 4352 ἡμῶν
1304 4281 1472 4351 λέγει,
1497 4282 1584 4337 διὰ
1615 4283 1715 4354 τὴν
1756 4285 1894 4356 πρὸς

1998 3144 2203 3210 cultus,
2248 3145 2303 3199 in
2341 3153 2592 3199 nostrum
2627 3159 2687 3200 se
2732 3144 2955 3202 modum
3001 3161 3066 3200 ac
3102 3145 3264 3201 nobis
3302 3145 3579 3201 inclinans

1998 3233 2233 3288 actionis
2280 3233 2433 3288 cultu
2485 3241 2840 3303 corporatur;
2892 3247 3196 3303 rursusque
3247 3249 3351 3289 nos
3400 3235 3576 3290 subli-

1998 3339 2115 3379 mes
2139 3324 2357 3390 tollens,
2379 3340 2478 3395 per
2501 3324 2784 3379 scientiam
2813 3324 3087 3395 provehit,
3116 3324 3290 3381 donec
3321 3326 3388 3382 ad
3417 3342 3573 3383 man-

1997 3415 2187 3471 datum
2239 3416 2517 3472 universis
2568 3415 2907 3472 sublimius:
2942 3416 3199 3473 Dominus
3247 3417 3387 3472 Deus
3430 3426 3571 3485 tum,

1996 3505 2253 3561 Dominus
2283 3523 2420 3562 uitus
2459 3506 2997 3571 est",ascendamus
3021 3525 3034 3559 :
3059 3522 3183 3562 cum
3208 3508 3393 3577 itaque
3416 3523 3576 3564 mens

1996 3605 2181 3651 nostra
2210 3596 2427 3652 eunetis
2449 3597 2649 3661 soluta,
2680 3611 2776 3650 seu
2808 3596 2993 3665 potius
3019 3598 3277 3652 omnibus
3304 3597 3569 3660 dimissis.

1996 3687 2175 3757 ipsum
2209 3696 2488 3758 postremo
2519 3686 2691 3743 Deum
2742 3695 2901 3741 nacta
2945 3687 3135 3751 fuerit,
3182 3697 3313 3746 tunc
3357 3689 3573 3762 linguas

1995 3776 2205 3848 igneas,
2235 3791 2334 3848 per
2356 3777 2587 3848 gratiam
2616 3776 2755 3833 deus
2778 3776 2994 3843 eﬂccta,
3026 3778 3241 3848 recipit.

2542 3890 2824 3946 INTERR.
2866 3890 3025 3945 LXII.

2065 3977 2201 4045 Quid
2240 3978 2338 4032 sibi
2383 3977 2495 4033 υιιίε
2529 3994 2548 4033 .'
2584 3996 2603 4030 ι
2639 3977 2844 4033 Rarum
2889 3978 3027 4047 infer
3076 3978 3260 4049 pedem
3309 3986 3457 4032 tua»:
3498 3979 3570 4034 ad

1993 4070 2219 4124 amicum
2245 4077 2410 4134 tuum,
2436 4084 2502 4122 ne
2526 4068 2662 4139 forte
2684 4077 2734 4121 te
2757 4070 3005 4133 satiatus,
3029 4069 3196 4122 oderit
3222 4077 3271 4121 te
3295 4069 3379 4122 “‘2
3402 4087 3421 4120 ›

2751 4157 2907 4229 Resp.

2062 4271 2312 4328 Amicum
2347 4269 2439 4325 hic
2464 4269 2593 4335 loci,
2624 4283 2825 4338 corpus
2856 4276 3102 4322 nostrum
3132 4268 3286 4331 dicit,
3315 4268 3386 4322 ob
3410 4275 3566 4323 natu-

324 4362 467 4431 αὐτὸ
487 4375 720 4446 φυσικὴν
750 4375 940 4430 ἕνωσίν
962 4344 1030 4429 τε.
1050 4344 1433 4448 καί-στοργήν.
1459 4344 1730 4449 ⁷ΙΙιιιραινεῖἰ
1753 4344 1895 4437 οέν

2001 4362 2181 4418 ralem.
2194 4377 2318 4417 cum
2346 4376 2412 4416 eo
2443 4360 2701 4415 unionem
2730 4359 3040 4429 amorisque
3077 4344 3563 4416 necessitudinem.

325 4467 519 4537 Λόγος,
554 4468 653 4538 τὴν
683 4468 808 4539 περὶ
843 4469 904 4521 τὸ
939 4467 1095 4537 σῶμα
1128 4468 1384 4539 πρόνοιαν
1419 4467 1493 4538 μὴ
1524 4470 1893 4540 πεφορτισμέ-

324 4573 423 4627 νην
471 4554 917 4618 ποιεῖσθαι,ἀλλά
951 4555 1096 4624 μόνῳ
1139 4553 1215 4623 τῷ
1259 4556 1357 4624 τῆς
1398 4553 1576 4623 ψυχῆς
1622 4554 1760 4625 ἴχνει
1792 4554 1890 4626 τὴν

324 4647 491 4700 αὐτοῦ
522 4646 779 4718 πρόνοιαν
814 4647 1105 4698 ποιεῖσθαι’
1165 4644 1259 4697 καὶ
1308 4643 1464 4698 τοῦτο
1506 4645 1561 4698 δὲ
1618 4645 1880 4713 σπανίως,

327 4738 537 4808 μήποτε
598 4737 696 4807 τὴν
749 4737 1054 4791 ἀνάπαυσιν
1101 4734 1263 4789 αὐτοῦ
1304 4735 1430 4807 περὶ
1468 4733 1665 4789 πολλοῦ
1704 4753 1889 4791 ποιου-

326 4828 488 4897 μένου
518 4844 634 4894 σου,
666 4826 737 4880 τά
767 4827 874 4881 τῶν
903 4826 1113 4898 ἐχθρῶν
1138 4826 1231 4881 καὶ
1256 4826 1555 4897 μισούντων
1588 4829 1647 4880 ὲν
1675 4829 1758 4882 σοὶ
1796 4829 1884 4882 ὲνέ

320 4914 582 4986 δείξηται.
1536 4930 1541 4933 ‘

937 5007 1129 5061 ΕΡΩΤ.
1161 5005 1275 5061 El”.

398 5098 463 5151 Τί
479 5099 757 5167 σημαίνει
788 5098 820 5166 ἡ
842 5097 991 5152 κατὰ
1023 5097 1129 5152 τὸν
1152 5100 1335 5168 νόμον
1354 5099 1489 5166 περὶ
1510 5096 1757 5167 ἀγνοίας
1776 5096 1885 5173 τοῦ

306 5188 510 5261 ,φόνου
523 5191 1044 5258 νευροκοπουμένη
1062 5187 1139 5260 (n)
1151 5189 1221 5242 ἐν
1239 5188 1316 5259 τῇ
1328 5188 1581 5261 φάραγγι
1598 5189 1855 5260 δάμαλις
1870 5205 1890 5254 ;

1024 5299 1252 5370 Ἀπόκρ.

391 5408 653 5480 Σημαίνει
686 5409 773 5463 διὰ
794 5410 1002 5464 τούτων
1022 5409 1085 5464 τδ
1113 5411 1483 5482 πνευματικὸν
1509 5411 1757 5486 βούλημα
1782 5414 1888 5488 τῆς

384 5581 431 5616 ⁸⁸
454 5582 656 5654 Ephes.
681 5601 720 5654 ι,
752 5585 837 5642 l0.

911 5587 956 5619 ”
981 5587 1138 5643 Deut.
1168 5603 1240 5655 γι,
1267 5589 1320 5643 4.
1399 5591 1443 5622 ⁶⁶
1468 5590 1631 5645 Prov.
1676 5606 1799 5656 xxv,
1827 5590 1914 5644 l7.

1994 4451 2178 4507 Monet
2203 4452 2371 4522 igitur
2397 4451 2702 4521 Scriptura,
2736 4467 2805 4506 ne
2839 4451 3113 4507 morosius
3146 4451 3396 4522 corporis
3421 4468 3568 4509 cura

1993 4540 2349 4612 impendaris,
2380 4540 2473 4595 sed
2505 4540 2674 4595 animi
2708 4541 2886 4595 solum
2928 4540 3162 4611 vestigio
3197 4541 3275 4595 illi
3310 4541 3563 4608 studeas;

1990 4631 2087 4687 sed
2125 4639 2183 4687 et
2218 4630 2326 4685 hoc
2361 4627 2539 4700 ipsum
2583 4646 2729 4694 raro,
2766 4646 2835 4685 ne
2874 4629 3016 4686 forte
3055 4631 3186 4686 dum
3230 4633 3351 4703 ejus
3392 4634 3566 4704 pluris

1989 4723 2346 4779 refectionem
2385 4737 2449 4777 ac
2493 4722 2733 4792 quietem
2786 4722 2943 4789 facis,
2978 4722 3297 4794 diligentius
3342 4740 3563 4789 curans,

1989 4830 2112 4888 qua:
2139 4816 2250 4871 sint
2277 4814 2520 4870 hostium
2558 4822 2721 4884 atque
2756 4813 3059 4870 odientium
3091 4815 3147 4870 in
3173 4824 3227 4870 te
3255 4816 3389 4871 illud
3413 4815 3567 4871 exhi-

1993 4907 2141 4962 beat.

2519 5014 2799 5069 INTERR.
2843 5013 3029 5070 LXII].

2065 5104 2202 5172 Quid
2256 5106 2352 5159 sibi
2399 5104 2511 5159 vult
2565 5105 2750 5176 legalis
2802 5103 2968 5159 vitula
3017 5121 3113 5175 pro
3158 5104 3435 5160 homicidio
3471 5121 3565 5176 per

1995 5199 2351 5268 ignorantiam
2379 5190 2653 5252 commisso
2679 5197 2737 5250 in
2763 5195 2903 5250 valle
2930 5195 3245 5250 subneroata
3275 5195 3319 5227 ⁸⁷
3348 5187 3373 5241 Ῡ

2689 5307 2848 5375 Resp.

2063 5416 2267 5472 Horum
2309 5416 2558 5489 symbolo
2601 5414 2654 5470 id
2700 5414 2959 5471 videlicet
2996 5412 3266 5486 signiﬁcat
3300 5413 3564 5487 spiritalis

1991 5589 2036 5623 ⁸⁷
2065 5589 2224 5646 Deut.
2249 5606 2360 5659 xxi,
2398 5592 2517 5648 4-6.

391 5756 1148 5833 (ιι)Νευροκοπουμένη.8ἰο
1164 5770 1311 5818 certe
1363 5764 1571 5819 iLXX.
1612 5764 1772 5819 Deut.
1818 5779 1900 5818 xm

2001 5762 2103 5818 Kal.
2131 5765 2590 5837 νευροκοπὴσουσι
2619 5766 2715 5837 τὴν
2743 5736 2972 5839 δάμαλιν
3020 5768 3079 5822 ὲν
3110 5769 3175 5840 τῇ
3200 5768 3468 5840 φάραγγι,
3501 5777 3561 5825 et
