4154 6322
356 395 451 463 841

1555 387 2042 459 ΟΠᾸΕΞΤΙΟΝΕΞ
2077 387 2174 446 ΕΤ
2215 387 2466 448 DUBIA.

3496 385 3600 452 842

356 504 544 576 ἐπειδὴ
577 503 636 556 τὸ
675 500 775 572 μὲν
803 500 922 552 ὅλον
947 499 1107 569 σῶμα
1140 496 1350 551 σκέπει.
1393 498 1557 565 μόνας
1589 497 1775 560 δὲτὰς
1817 499 1928 567 χεῖ.

2037 511 2254 567 corpus,
2283 497 2415 551 solis
2437 496 2690 552 manibus
2713 496 2876 552 nudis
2893 495 3123 561 relictis,
3149 500 3314 565 tegat,
3339 498 3594 552 moralem

365 615 465 668 ρας
498 596 719 666 γυμνοῖ,
751 591 1010 662 σημαίνει
1033 589 1107 652 ὡς
1136 587 1242 659 χρὴ
1271 589 1369 657 τὴν
1397 587 1593 659 ἠθικὴν
1617 587 1932 656 φιλοσοφίαν

355 687 694 748 ἐνδεδύσθαι,
726 682 1094 756 ἀφῃρημένην
1125 680 1224 742 τὰς
1268 679 1578 746 πρακτικὰς
1618 680 1720 748 τῆς
1753 680 1933 749 ἁμαρ-

355 782 475 844 τίας
514 774 822 848 ἐνεργείας·
873 774 966 827 καὶ
1009 773 1084 835 ὡς
1131 771 1237 840 χρὴ
1267 769 1469 839 ταύτην
1513 769 1822 822 ἐπικεῖσθαι
1847 771 1934 822 ἀεὶ

359 868 450 922 ἐπί
473 884 531 919 τε
550 866 775 934 δυνάμει
801 861 895 916 καὶ
925 859 1192 931 ἐνεργείᾳ.
1227 857 1288 911 Ἦ
1310 860 1418 927 γὰρ
1434 855 1656 925 δύναμις
1671 857 1769 927 τῆς
1787 857 1934 930 ἀντι-

357 959 618 1028 κειμένης
675 955 768 1008 τοῦ
820 952 1058 1023 πονηροῦ
1110 949 1425 1009 δυναστείας
1458 947 1595 1012 ἐστὶ,
1648 946 1788 1000 κατὰ
1845 946 1935 999 τὸν

375 1048 515 1111 Ἰὼϐ,
543 1047 646 1100 ὑπὸ
673 1043 922 1115 ὀμφαλοῦ
961 1040 1198 1110 γαστρός
1217 1056 1232 1070 ·
1263 1040 1361 1092 καί
1392 1040 1452 1092 αἱ
1481 1037 1651 1107 ψυχαὶ
1677 1035 1820 1090 κατὰ
1843 1036 1934 1090 τὸν

367 1140 636 1209 μακάριον
687 1135 875 1200 Δαϐἱδ,
927 1133 1265 1204 πληροῦνται
1307 1130 1417 1184 τῶν
1461 1129 1792 1199 δαιμονικῶν
1835 1131 1936 1200 ἐμ-

362 1230 714 1300 παιγμάτων.
755 1225 1150 1296 Ἐμπαίγματα
1181 1223 1241 1276 δέ
1282 1224 1448 1284 είσιν,
1481 1221 1535 1272 αί
1560 1220 1809 1290 διάφοροι
1837 1220 1936 1290 τῆς

366 1321 619 1392 πορνείας
648 1319 937 1386 ἐνέργειαι..
987 1314 1046 1369 '0
1075 1315 1133 1368 δὲ
1161 1312 1451 1377 ἀνάλαδος,
1479 1311 1666 1380 ἐπειδὴ
1703 1312 1796 1364 καὶ
1833 1312 1934 1380 ὲμ-

366 1414 504 1482 πρδς
547 1412 640 1464 καλ⁵
665 1411 840 1462 ὀπίσω
865 1409 952 1460 τὸν
980 1407 1210 1477 σταυρὸν
1244 1405 1376 1475 ἔχει,
1410 1404 1669 1473 σημαίνειν
1691 1403 1774 1455 ὅτι
1805 1401 1932 1472 χρὴ,

366 1503 507 1556 κατὰ
536 1503 626 1555 τὸν
663 1499 1007 1560 Ἀπόστολον,
1049 1499 1123 1568 μὴ
1166 1496 1324 1565 μόνον
1375 1492 1756 1564 σταυρωθῆναι
1788 1492 1936 1560 ἡμᾶς

364 1594 443 1665 τῷ
475 1595 687 1663 κόσμῳ,
717 1591 853 1645 ἀλλὰ
890 1590 982 1643 καὶ
1013 1588 1104 1641 τὸν
1137 1588 1342 1655 κόσμον
1385 1587 1517 1654 ἡμῖν
1537 1600 1550 1614 ο
1584 1584 1673 1636 ἵνα
1707 1582 1936 1650 φευγόν-

365 1703 473 1738 των
503 1684 659 1754 ἡμῶν
686 1682 776 1735 τὸν
803 1681 1030 1751 κόσμον,
1066 1678 1231 1750 μηδὲν
1255 1676 1510 1747 ἐμπόδιον
1539 1675 1774 1745 ἔχωμεν,
1799 1674 1934 1744 μηδὲ

366 1779 432 1847 τῇ
467 1777 600 1844 πρὸς
631 1774 790 1826 αὑτὸν
819 1772 999 1842 σχέσει
1026 1769 1114 1822 διὰ
1144 1771 1242 1837 τῆς
1269 1766 1693 1836 ὲπιφαινομένης
1719 1764 1936 1834 ἀπάτης

2033 602 2135 641 nos
2156 586 2556 656 philosophiam
2586 586 2808 640 indutos
2826 601 2946 641 esse
2972 585 3174 640 debere
3196 585 3483 656 significat,
3515 584 3602 640 cui

2034 677 2244 747 peccati
2297 679 2647 748 operationes
2679 686 2941 746 actusque
2971 677 3150 732 ablata
3180 676 3318 742 sint;
3355 692 3602 747 semper-

2033 783 2142 837 que
2188 783 2314 823 cum
2361 768 2607 822 facultati
2652 777 2768 822 tum
2819 767 3125 837 Operationi
3175 776 3428 835 oportere
3478 784 3600 824 esse

2035 855 2366 925 impositam.
2421 856 2677 910 Adversa:
2719 855 2882 909 enim.
2920 854 3242 924 nequissimi
3294 855 3454 925 327
3508 870 3607 925 po-

2037 946 2249 1000 testatis
2281 947 2384 1010 vis,
2415 956 2476 1000 ut
2503 954 2694 1000 auctor
2723 955 2806 999 est
2830 947 3023 1000 beatus
3046 946 3148 1000 Job
3176 947 3241 1010 ⁷²,
3269 945 3372 999 sub
3398 946 3606 1000 ventris

2035 1037 2299 1091 umbilico
2336 1045 2450 1101 cst;
2490 1038 2791 1106 animique,
2828 1046 2967 1092 teste
3002 1037 3162 1091 beato
3198 1037 3398 1092 Davide
3420 1039 3486 1102 ⁷³,
3520 1054 3607 1092 rc-

2033 1126 2257 1196 plentur
2295 1123 2604 1184 dazmonum
2647 1125 3016 1179 illusionibus.
3055 1127 3196 1180 Sunt
3228 1141 3360 1181 vero
3395 1126 3607 1181 illusio-

2035 1232 2166 1282 nes,
2208 1216 2439 1271 diversa:
2479 1215 2857 1270 fornicationis
2901 1216 3270 1285 operationcs.
3317 1217 3606 1280 Ἀνάλαϐος

2032 1317 2217 1364 autem
2261 1311 2383 1379 (nos
2416 1307 2571 1377 quasi
2596 1307 2854 1376 replicam
2885 1309 2948 1373 “,
2989 1309 3348 1362 monasticum
3395 1309 3606 1363 scilicet

2034 1400 2340 1469 scapulare,
2365 1398 2629 1467 dicamus)
2661 1414 2785 1453 eum
2812 1409 2939 1452 ante
2969 1408 3225 1471 retroque
3255 1400 3452 1455 habeat
3477 1418 3607 1455 cru-

2034 1505 2188 1555 cem,
2245 1489 2350 1543 hoc
2396 1487 2668 1558 signiﬁcat
2703 1506 2715 1541 :
2749 1488 2955 1542 debere
3002 1504 3134 1552 nos,
3179 1490 3331 1559 juxta
3377 1493 3610 1560 Aposto-

2033 1581 2148 1635 lum
2172 1581 2239 1645 7",
2278 1594 2388 1633 non
2441 1579 2619 1634 solum
2667 1576 2874 1631 mundo
2919 1577 3210 1631 crucifixus
3248 1593 3390 1643 esse,
3423 1579 3518 1633 sed
3553 1587 3609 1632 et

2035 1671 2298 1724 mundum
2331 1670 2393 1722 in‘
2421 1668 2584 1722 nobis
2623 1666 2944 1730 crucifixum
2991 1665 3223 1732 habere;
3259 1679 3369 1736 qu’o
3402 1653 3611 1723 scilicet

2034 1761 2196 1816 nobis
2238 1760 2504 1814 mundum
2546 1758 2901 1829 fugientibus,
2931 1758 3070 1812 nihil
3118 1757 3493 1828 impedimenti
3529 1759 3614 1814 in-

366 1835 793 1938 ὲγκρατηθῶμεν
819 1881 832 1896 ·
855 1835 1016 1933 ’μήτε
1069 1861 1125 1913 δὲ
1171 1835 1332 1912 πάλιν
1359 1857 1468 1911 τῶν
1497 1835 1720 1909 ὄπισθεν
1743 1855 1934 1908 διωκό-

2037 1863 2246 1921 currat,
2279 1871 2382 1909 nec
2431 1854 2629 1908 affectu
2677 1853 2735 1907 in
2775 1868 2903 1908 eum
2938 1868 3009 1916 ac,
3029 1853 3282 1920 libidine,
3316 1856 3612 1925 conspicua

373 1974 524 2026 μενοι
556 1957 620 2007 ὲκ
661 1952 756 2006 τοῦ
805 1953 1011 2021 κόσμου
1042 1951 1105 2002 ἐκ
1150 1949 1257 2002 τῶν
1290 1946 1560 2000 ἀκουσίων
1589 1943 1934 2014 πειρασμῶν,

371 2046 764 2116 ὑπενδώσωμεν
793 2045 886 2098 τοῦ
913 2043 1067 2096 τόνου
1087 2042 1185 2111 τῆς
1211 2039 1489 2100 εὐσεὸείας
1505 2055 1521 2070 ⁸
1541 2036 1658 2091 ἀλλ’
1683 2033 1938 2102 ἀναίσθη-

369 2157 451 2194 τοι
484 2140 577 2193 καὶ
598 2140 781 2209 νεκροὶ
818 2137 1080 2206 διαμείνω
1089 2152 1211 2206 μεν,
1241 2134 1380 2202 πρός
1405 2149 1466 2184 τε
1490 2131 1562 2183 τὰ
1583 2129 1816 2182 ἀκούσια
1842 2127 1937 2182 καὶ

368 2233 438 2286 τὰ
461 2232 684 2286 ἑκούσια
713 2231 880 2300 πάθη.
913 2227 986 2280 Τὸ
1013 2227 1070 2281 δὲ
1102 2225 1417 2279 κουκούλιον
1451 2223 1622 2292 δηλοῖ,
1644 2221 1741 2292 τὴν
1773 2233 1938 2290 φρουςί

370 2327 569 2398 ροῦσαν
591 2325 685 2380 καὶ
717 2325 1020 2378 σκέπουσαν
1043 2322 1133 2375 τὸν
1149 2320 1272 2374 νοῦν
1297 2320 1454 2389 ἡμῶν
1477 2319 1637 2388 χάριν
1662 2315 1755 2370 τοῦ
1778 2313 1934 2368 Θεοῦ.

383 2419 442 2471 '0
474 2417 584 2488 γὰρ
619 2416 1053 2485 ἀποκειρὰμενος
1084 2413 1151 2465 τὰ
1182 2411 1274 2465 τοῦ
1311 2411 1516 2480 κόσμου
1549 2410 1816 2479 νοήματα,
1840 2404 1936 2475 τὴν

371 2507 805 2579 περικεφαλαίαν
852 2505 1066 2574 δέχεται
1098 2503 1190 2556 τοῦ
1218 2502 1509 2571 σωτηρίου.
1537 2499 1617 2552 Τὰ
1653 2499 1711 2550 δὲ
1742 2495 1937 2550 σανδά-

370 2602 480 2665 λια,
508 2597 695 2654 τοῦτον
720 2595 942 2667 ἔχειτὸν
968 2594 1142 2663 λόγον.
1182 2593 1396 2661 Ἐπειδὴ
1416 2594 1480 2644 ὲκ
1505 2589 1711 2658 νεκρῶν
1739 2587 1940 2658 δερμά-

372 2708 481 2744 των
511 2689 638 2748 εἰσὶ,
669 2686 851 2756 μικρῷ
890 2685 947 2738 δὲ
981 2684 1139 2755 μέρει
1185 2682 1278 2735 τοῦ
1315 2682 1567 2751 σώματος
1603 2678 1935 2742 ὑπόκεινται,

373 2783 466 2833 τὸν
495 2779 658 2833 αὐτὸν
685 2778 909 2847 τρόπον,
939 2771 1084 2850 ᾖπερ
1110 2775 1171 2827 τὸ
1207 2775 1325 2827 ὅλον
1364 2773 1520 2842 σῶμα
1550 2770 1686 2840 πρὸς
1719 2768 1788 2822 τὰ
1818 2768 1939 2837 ἴχνη

375 2869 471 2923 τοῦ
499 2869 780 2924 σανδαλίου
803 2868 938 2937 ἔχει,
969 2867 1117 2920 οὕτω
1145 2866 1250 2937 χρὴ
1281 2867 1376 2935 τὴν
1401 2861 1580 2934 ψυχὴν
1616 2861 1696 2931 τῷ
1727 2859 1940 2929 σώματι

378 2959 704 3032 κεχρῆσθαι,
733 2959 826 3013 καὶ
855 2959 1012 3012 τοῦτο
1041 2956 1268 3028 νεκροῦν
1301 2956 1410 3008 τῶν
1457 2953 1610 3023 παρὰ
1640 2951 1802 3022 φύσιν
1835 2967 1941 3005 πα.-

378 3051 507 3106 θῶν.
540 3051 612 3102 Τὸ
659 3050 715 3103 δὲ
767 3049 1133 3120 περιϐόλαιον,
1167 3047 1353 3118 ἐπειδὴ
1380 3045 1722 3116 τετράγωνόν
1749 3045 1939 3111 ἐστιν,

374 3145 437 3196 ἐκ
465 3143 743 3213 τεσσάρων
785 3141 841 3194 δὲ
892 3139 1168 3210 στοιχείων
1211 3140 1302 3192 καὶ
1339 3141 1366 3193 ὁ
1411 3139 1636 3206 κόσμος,
1685 3135 1939 3204 σημαίνει
1965 3169 2008 3224 C

373 3234 456 3286 ὅτι
487 3231 592 3303 χρὴ
641 3231 1071 3303 περιϐεϐλῆσθαι
1117 3232 1263 3302 ἡμᾶς
1291 3230 1390 3298 τὴν
1416 3228 1650 3299 φυσικὴν
1684 3226 1936 3296 θεωρίαν,

372 3321 512 3375 ὥστε
552 3322 627 3391 μὴ
673 3321 809 3392 πρὸς
852 3323 1106 3391 αἴσθησιν
1135 3321 1228 3373 xal.
1268 3319 1413 3390 πάθη
1442 3319 1510 3372 τὰ
1537 3317 1790 3388 ὁρώμενα
1817 3315 1940 3387 βλέ-

373 3430 518 3479 πειν,
549 3415 682 3466 ἀλλά
716 3413 802 3466 διὰ
835 3411 928 3466 τοῦ
961 3414 1017 3465 ὲν
1054 3413 1239 3475 αὐτοῖς
1285 3411 1464 3479 λόγου,
1503 3409 1641 3481 πρὸς
1688 3408 1780 3461 τὸν
1818 3406 1940 3460 τού-

373 3521 482 3556 των
524 3503 851 3574 δημιουργδν
902 3499 1217 3570 ἀνάγεσθαι.
1266 3500 1339 3554 Τὸ
1391 3498 1574 3576 δὲτὴν
1602 3497 1941 3571 ἀριστερὰν*

373 3593 530 3663 χεῖρα
572 3590 1084 3661 παραγυμνοῦσθαι,
1123 3589 1374 3661 σημαίνει
1414 3589 1497 3642 ὅτι
1528 3587 1633 3660 χρὴ
1672 3588 1768 3652 τὰς
1807 3589 1941 3657 ἀγα-

375 3682 474 3746 θὰς
496 3681 724 3754 πράξεις
751 3685 809 3734 ὲν
832 3683 962 3752 ἡμῖν
986 3681 1396 3752 προφαίνεσθαι,
1432 3681 1575 3734 κατὰ
1600 3682 1690 3734 τον
1711 3679 1806 3732 τοῦ
1830 3679 1942 3732 Σω-

373 3776 540 3846 τῆρος
583 3773 765 3841 λόγον,
825 3774 975 3835 ὅπως
1025 3773 1208 3826 ἴδωσιν
1245 3774 1292 3824 οἱ
1355 3771 1631 3842 ἄνθρωποι
1684 3770 1752 3823 τὰ
1801 3767 1944 3822 καλὰ

373 3860 531 3930 ἡμῶν
563 3861 722 3932 ἔργα,
760 3863 854 3916 καὶ
897 3861 1164 3925 δοξάσωσι
1199 3861 1291 3915 τὸν
1323 3860 1542 3932 Πατέρα
1574 3858 1732 3929 ἡμῶν
1767 3859 1856 3910 τὸν
1887 3860 1943 3912 ὲν

371 3955 484 4015 τοῖς
514 3953 783 4023 οὐρανοῖς.
814 3954 886 4007 Τὸ
918 3953 976 4006 δὲ
1012 3954 1197 4024 μαῦρα
1224 3952 1294 4006 τὰ
1333 3951 1602 4022 ἐνδύματα
1647 3947 1808 4009 εἶναι,
1843 3966 1939 4019 ση-

378 4044 559 4112 μαίνει
583 4045 664 4097 δτι
687 4045 792 4116 χρὴ
822 4047 972 4116 ἡμᾶς
1011 4046 1237 4114 ἀφανεῖς
1264 4039 1400 4097 εἶναι
1433 4042 1510 4113 τῷ
1541 4043 1751 4112 κόσμῳ,
1775 4042 1851 4105 ὼς
1879 4040 1940 4094 τὸ

333 4119 346 4122 ’
373 4133 674 4204 πολίτευμα
715 4135 941 4206 ἔχοντας
970 4138 1030 4189 ὲν
1057 4135 1289 4206 οὐρανῷ.
1319 4136 1381 4190 Εί
1408 4135 1464 4188 δέ
1503 4151 1587 4198 τις
1627 4134 1686 4187 τὸ
1717 4134 1938 4186 παλλίον

371 4225 714 4293 τετράγωνον
736 4226 816 4292 δν,
848 4228 941 4279 καὶ
977 4227 1056 4289 είς
1080 4227 1178 4289 τὰς
1201 4225 1421 4294 γενικὰς
1449 4228 1718 4296 τέσσαρας
1738 4224 1940 4297 ἀρετὰς

373 4311 611 4376 ἐκλάδοι,
641 4312 798 4367 τοῦτο
819 4315 1040 4378 εικότως
1065 4315 1163 4384 οὐχ
1187 4315 1586 4384 ἁμαρτήσεται.

2037 1943 2250 2014 decepti
2279 1943 2484 2012 specie,
2521 1951 2833 2007 teneamur;
2868 1956 3046 2010 neque
3082 1957 3273 1997 rursus
3303 1958 3370 1996 eo
3401 1958 3433 1997 a
3461 1951 3612 2014 tergo

2037 2043 2431 2104 persequente,
2481 2034 2549 2088 iis
2597 2031 2996 2088 tentationibus
3040 2047 3162 2102 qua:
3208 2032 3396 2087 invitis
3442 2033 3612 2088 obre-

2037 2123 2218 2188 niunt,
2245 2129 2562 2178 contentum
2588 2121 2810 2192 pietatis
2835 2113 3079 2179 studium
3107 2121 3405 2191 quidquam
3426 2125 3616 2177 remit-

2039 2221 2256 2279 tamus;
2287 2213 2384 2270 sed
2409 2214 2560 2268 velut
2585 2229 2781 2269 sensus
2803 2222 3058 2284 expertes
3080 2220 3138 2268 et
3159 2214 3314 2283 quasi
3351 2217 3610 2278 emortui,

2038 2301 2308 2357 adversus
2355 2311 2470 2356 tum
2514 2301 2857 2358 voluntarios
2897 2301 3129 2357 affectus
3173 2300 3453 2371 maiaque,
3498 2311 3614 2356 tum

2039 2389 2440 2445 involuntarios
2485 2392 2872 2446 consistamus.
2923 2391 3186 2446 Cucullus
3248 2391 3344 2446 Dei
3381 2393 3614 2462 gratiam

2038 2479 2336 2551 signiﬁcat,
2380 2489 2759 2550 protegentem
2803 2494 3042 2538 mentem
3084 2499 3315 2552 eamque
3353 2484 3616 2554 obtegen-

2042 2581 2170 2628 tem.
2205 2572 2384 2643 Cujus
2424 2573 2572 2627 enim
2617 2575 2861 2630 detonsre
2901 2584 3032 2629 sunt
3071 2575 3359 2629 sreculares
3404 2576 3614 2645 cogita-

2041 2662 2238 2727 tiones,
2272 2663 2479 2732 galeam
2517 2664 2749 2718 assumit
2775 2664 3028 2718 salutaris
3055 2665 3120 2717 ⁷⁵.
3162 2665 3332 2719 Porro
3370 2665 3614 2722 sandalia

2040 2751 2183 2807 hanc
2207 2752 2413 2808 habent
2436 2753 2726 2810 rationem.
2757 2753 2894 2809 Cum
2919 2755 3067 2809 enim
3095 2771 3162 2810 ex
3193 2754 3428 2811 mortuis
3455 2756 3639 2825 pelli-_

2041 2847 2145 2902 bus
2191 2849 2458 2916 confecta,
2501 2865 2565 2906 ac
2611 2852 2861 2922 corporis
2901 2851 3112 2921 exiguae
3153 2854 3294 2922 parti
3337 2853 3613 2909 substrata

2041 2940 2170 3005 sint,
2213 2941 2318 2997 hoc
2356 2943 2656 2998 denotant:
2690 2959 2798 3012 qua
2843 2945 3055 3000 ratione
3097 2955 3274 2999 totum
3318 2949 3522 3018 corpus
3547 2948 3613 3001 ad

2040 3031 2273 3086 sandalii
2320 3033 2548 3104 vestigia
2581 3050 2639 3089 se
2685 3034 2869 3100 habet,
2907 3037 2988 3092 sic
3030 3051 3259 3092 necesse
3295 3047 3358 3092 ut
3402 3038 3616 3093 animus

2042 3133 2274 3191 corpore
2319 3131 2528 3186 utatur,
2572 3124 2860 3194 ipsumque
2893 3125 3182 3181 affectibus
3214 3127 3616 3183 innaturalibus

2045 3215 2170 3288 (qui
2213 3215 2421 3270 scilicet
2466 3217 2601 3270 vitio
2650 3217 2924 3287 haereant)
2971 3217 3054 3273 sic
3097 3219 3260 3288 quasi
3303 3229 3612 3275 emortuum

2043 3305 2256 3361 reddat.
2295 3306 2541 3376 Denique
2576 3307 2824 3378 pallium,
2853 3309 3000 3378 quod
3035 3309 3236 3364 habeat
3259 3318 3494 3380 quatuor
3515 3326 3616 3366 an-

2041 3410 2197 3480 gulos
2217 3451 2231 3474 ,
2279 3426 2342 3465 ac
2366 3409 2604 3466 mundus
2627 3411 2793 3466 etiam
2816 3421 3052 3482 quatuor
3073 3413 3361 3470 elementis
3379 3423 3616 3480 constet,

2042 3500 2147 3555 hoc
2173 3501 2379 3557 indicat
2408 3520 2420 3555 :
2451 3489 2654 3558 debere
2691 3519 2792 3559 nos
2805 3505 2970 3560 etiam
3003 3505 3058 3560 id
3089 3521 3264 3576 genus
3292 3507 3618 3576 speculatio-

2042 3591 2128 3646 nis
2158 3589 2406 3658 induere,
2439 3593 2587 3663 quod
2633 3595 2870 3650 naturali
2913 3610 3016 3650 usu
3063 3605 3374 3666 praestatur,
3409 3611 3480 3650 ne
3527 3612 3618 3652 res

2043 3684 2218 3739 oculis
2255 3685 2531 3756 subjectas
2589 3703 2656 3742 ex
2701 3702 2896 3742 sensus
2939 3688 3346 3758 affectuumque
3386 3687 3616 3742 libidine

2043 3783 2364 3836 cernamus,
2400 3773 2496 3827 sed
2545 3789 2642 3842 per
2688 3774 2958 3828 rationem
3002 3790 3126 3844 qua:
3178 3775 3286 3830 illis
3335 3776 3508 3840 inest,
3545 3775 3618 3828 ad

2043 3863 2264 3916 illorum
2319 3873 2600 3918 auctorem
2658 3865 3046 3934 provehamur.
3096 3863 3253 3930 Quod
3305 3876 3488 3920 autem
3545 3869 3619 3920 si-

2044 3951 2218 4006 nistra
2263 3967 2456 4006 manus
2503 3953 2716 4008 detecta
2767 3953 2859 4021 sit,
2907 3953 3013 4007 hoc
3061 3953 3364 4024 significat,
3413 3955 3617 4011 debere

2005 4039 2218 4096 -bonas
2277 4041 2521 4096 actiones
2573 4041 2630 4096 in
2675 4042 2836 4097 nobis
2879 4043 3211 4112 praelucere,
3262 4044 3416 4113 juxta
3470 4045 3616 4113 quod

2043 4130 2292 4202 praecipit
2314 4131 2598 4196 Dominus,
2630 4141 2688 4187 ut
2710 4132 2933 4187 videant
2963 4131 3216 4204 homines
3241 4148 3407 4202 opera
3431 4141 3616 4188 nostra

2045 4222 2208 4288 bona,
2235 4231 2291 4276 et
2331 4222 2638 4292 glorificent
2671 4225 2889 4278 Patrem
2927 4231 3192 4278 nostrum
3223 4225 3317 4294 qui
3360 4225 3415 4280 in
3463 4226 3616 4280 cmlis

2045 4321 2129 4367 est
2153 4315 2218 4369 "°.
2253 4315 2406 4382 Quod
2443 4315 2574 4384 pulli
2605 4315 2806 4370 coloris
2836 4313 2949 4370 sint
2982 4314 3324 4381 indumenta,
3347 4317 3456 4373 hoc
3490 4317 3617 4373 insi-

371 4414 527 4469 nuat,
555 4405 758 4460 debere
799 4422 902 4461 nos
933 4423 1053 4462 esse
1081 4409 1282 4462 saeculo
1321 4408 1608 4474 obscuros,
1675 4403 1736 4463 ut
1771 4408 1864 4478 qul
1895 4406 2061 4461 vitam
2099 4423 2163 4463 ac
2190 4408 2586 4480 municipatum
2654 4411 2710 4465 in
2739 4411 2877 4465 cmlo
2943 4410 3242 4465 habeamus
3266 4412 3334 4464 "".
3372 4411 3468 4467 Sin
3520 4429 3616 4482 au-

373 4511 481 4554 tem
508 4497 709 4568 aliquis
760 4498 1005 4567 pallium,
1032 4499 1177 4568 quod
1211 4509 1450 4569 quatuor
1484 4500 1714 4571 angulos
1751 4499 1971 4564 habeat,
2012 4501 2178 4556 etiam
2224 4502 2292 4556 ad
2334 4501 2620 4572 generales
2662 4511 2898 4572 quatuor
2959 4501 3193 4557 virtutes
3235 4503 3506 4569 retulerit,
3547 4521 3617 4559 ne

369 4590 452 4644 sic
480 4589 700 4659 quidem
729 4604 758 4642 a
783 4603 916 4643 vero
944 4589 1308 4644 aberraverit.

1033 4902 1262 4971 Ἀπόκρ.

437 4991 674 5062 Εἰρήνην
697 4992 725 5044 ό
751 4991 932 5063 ἱερεὺς
961 4991 1068 5046 ἀπὸ
1091 4991 1186 5045 τοῦ
1217 4990 1387 5063 ὕψους
1427 4991 1526 5062 τῆς
1567 4992 1842 5063 καθέδρας
1865 4995 1932 5065 τῇ

379 5082 674 5154 Ἐκκλησία
713 5083 1126 5152 ἐπιφθέγγεται,
1159 5083 1251 5137 τὸν
1295 5083 1499 5155 Κύριον
1543 5083 1641 5152 τῆς
1666 5083 1935 5154 καθέδρας

370 5165 720 5244 μιμούμενος,
747 5175 1520 5248 ἀναλαμϐανόμενονείρήνην
1561 5176 1660 5248 τὴν
1705 5177 1932 5242 οἰκείαν,

366 5264 460 5322 κιὶὶ
485 5268 714 5337 ἀφιέντα
743 5269 836 5322 καὶ
881 5269 1112 5323 διδόντα.
1143 5268 1212 5322 Τὸ
1263 5269 1338 5335 δὲ,
1367 5270 1477 5324 Καὶ
1524 5269 1604 5335 τῷ
1639 5269 1932 5341 πνεύματί

2445 4705 2609 4776 328
2646 4705 2924 4760 INTER“.
2975 4703 3205 4760 LXVIII.

2741 4905 2900 4976 Resp.

2103 5001 2372 5057 Sacerdos
2396 5016 2427 5056 e
2453 5000 2673 5056 sublimi
2716 4997 2990 5058 cathedrae
3013 4997 3184 5069 gradu
3208 5014 3399 5069 pacem
3423 4999 3611 5057 Eccle—

2033 5090 2127 5146 sim
2149 5093 2431 5157 acclamat,
2459 5092 2700 5148 imitatus
2723 5090 2996 5147 cathedrae
3021 5089 3334 5156 Dominum,
3356 5091 3474 5163 qui,
3497 5107 3607 5162 quo

2035 5189 2278 5252 tempore
2309 5182 2711 5248 assumebatur,
2739 5181 2854 5237 suis
2882 5195 3069 5251 pacem
3097 5181 3322 5251 reliquit
3345 5196 3408 5237 ac
3432 5182 3603 5237 dedit.
3643 5209 3647 5211 -

2031 5270 2187 5337 Quod
2215 5280 2395 5327 autem
2419 5273 2654 5344 populus
2679 5273 3025 5343 respondeat,
3044 5273 3256 5330 Etcum
3278 5276 3467 5345 spiritu
3492 5286 3601 5340 tuo,

432 5421 480 5454 '"
503 5420 606 5477 Job
627 5437 714 5487 ιιι,
741 5423 853 5477 ll-
903 5422 948 5454 ⁷³
969 5422 1110 5477 Psal.
1142 5439 1346 5484 xxxvn.
1367 5423 1420 5478 8.
1477 5423 1523 5456 "
1544 5423 1720 5478 Galat.
1744 5440 1818 5488 vl,
1853 5425 1938 5480 14.

2041 5425 2062 5457 ⁵
2086 5425 2224 5495 Eph.
2258 5442 2331 5492 vr,
2362 5425 2450 5479 l7.
2517 5426 2561 5459 τε
2588 5426 2778 5480 Matth.
2808 5443 2860 5494 v,
2895 5425 2980 5481 10.
3057 5426 3102 5458 ’⁷
3125 5427 3361 5499 Philipp.
3398 5445 3476 5494 ιιι,
3504 5430 3601 5487 20.

439 5560 456 5580 ’
481 5558 622 5624 Quid
650 5561 696 5615 si
722 5559 918 5626 δεξιάν,
949 5561 1017 5614 ad
1045 5561 1252 5616 laboris
1291 5562 1503 5617 scilicet
1529 5564 1728 5618 usum?

365 5675 546 5746 gentis
636 5685 914 5746 mentem.»
953 5675 1299 5746 rDorotheus
1327 5715 1342 5738 ,
1419 5675 1566 5746 quod
1632 5691 1928 5746 puerorum

366 5744 741 5816 tegumentum
795 5744 996 5813 capitis
1067 5745 1169 5805 sit,
1235 5745 1449 5814 signum
1509 5744 1670 5801 docet
1730 5765 1921 5804 ταπει-

651 5837 917 5897 ΡΑτιιοι..
965 5836 1082 5896 Gn.
1131 5835 1216 5894 Χ(
1220 5839 1254 5896 1.

2081 5567 2114 5584 “
2148 5564 2285 5621 Vide
2315 5564 2466 5620 Cass.
2499 5565 2535 5619 l.
2568 5565 2601 5619 9
2629 5565 2692 5619 de
2715 5567 2899 5622 habitu
2920 5567 3315 5650 monachorum.

2033 5677 2268 5751 tho‘ewg,
2299 5679 2631 5748 humilitatis,
2661 5680 2818 5751 cujus
2837 5678 3401 5736 sanctiusinstitutum
3431 5687 3604 5737 totum

2025 5748 2292 5819 professio
2326 5759 2429 5804 est.

3207 5838 3286 5901 27
