4154 6322
529 223 628 288 851

1684 242 1744 300 S.
1785 244 2076 303 ΜΑΧΙΜΙ-
2104 245 2605 309 CONFESSORIS

3658 255 3762 319 852

528 336 750 440 duobus
777 339 1136 440 significatur,
1171 347 1421 418 quisquis
1451 350 1521 404 ab
1563 353 1671 406 alio
1699 355 1908 421 accepit
1947 356 2095 409 mali-

2203 375 2347 412 νεται
2385 361 2472 413 διὰ
2525 362 2748 426 τούτων,
2784 363 2863 416 ὅτι
2915 364 3064 422 ὅστις
3117 364 3213 417 ἀπ’
3256 363 3418 418 ἄλλου
3472 365 3764 440 παραλάϐῃ

527 429 618 484 tiae
658 433 998 502 exemplum,
1035 436 1182 491 hunc
1229 440 1396 506 patris
1435 441 1758 496 intestinum
1804 445 2040 498 nudasse
2079 463 2091 498 :

526 522 781 592 quisquis
803 540 937 579 vero
966 541 1033 580 ex
1079 542 1136 582 se
1180 528 1296 598 ipse
1327 540 1608 599 peccatum
1642 536 1851 604 genuit,
1884 544 2094 604 patrem

529 611 722 666 matris
749 613 852 682 (sui
882 631 1078 685 nempe
1121 621 1351 688 peccati)
1393 631 1672 677 auctorem
1700 640 1840 679 esse.
1872 625 1937 678 Hi
1965 626 2100 679 tales

528 705 714 776 igitur,
747 720 856 758 non
900 705 1280 776 ingrediantur
1313 712 1366 766 in
1399 713 1622 768 domum
1656 716 1893 780 Domini,
1927 733 2098 786 usque

527 796 583 850 in
612 795 832 850 tertiam
855 804 911 849 ct
934 808 1184 865 quartam
1211 809 1267 855 et
1292 801 1559 858 decimam
1592 808 2020 874 generationem,
2046 817 2100 861 et

531 901 701 955 usque
732 885 792 940 in
822 888 1102 943 saeculum.
1131 890 1246 948 Hoc
1271 903 1374 956 est,
1406 897 1500 963 qui
1525 913 1704 966 nequc
1730 914 1826 967 per
1851 899 2097 953 habitum

527 976 735 1032 bonum
759 984 819 1031 et
847 977 1121 1033 actionem
1154 981 1291 1050 (haec
1328 984 1488 1054 332
1515 995 1599 1040 est
1632 989 1793 1042 tertia
1824 997 1880 1042 et
1908 997 2100 1058 quarta

531 1068 794 1122 virtutum
821 1069 1148 1140 generatio),
1172 1079 1227 1126 et
1257 1088 1355 1141 per
1385 1090 1580 1129 nomen
1611 1092 1674 1131 ac
1694 1077 1854 1132 ﬁdem
1888 1078 2102 1133 Domini

529 1159 682 1223 Jesu,
714 1159 1015 1230 decemque
1056 1161 1192 1229 legis
1233 1165 1508 1231 mandata,
1539 1183 1605 1221 ac
1633 1169 1778 1236 quod
1807 1178 1987 1222 manet
2012 1169 2101 1223 fu-

534 1258 668 1304 tura:
717 1251 976 1306 saeculum
1023 1254 1484 1321 regenerationis,
1529 1272 1639 1311 non
1675 1273 1800 1312 cum
1846 1259 1957 1313 Deo
2000 1259 2104 1312 init

530 1339 996 1397 necessitudinem
1026 1344 1190 1413 eique
1239 1344 1586 1410 conciliatur,
1624 1363 1734 1402 non
1781 1349 2009 1404 intrabit
2047 1352 2102 1404 in

531 1430 752 1483 domum
785 1431 920 1498 Dei;
969 1433 1026 1489 in
1075 1435 1364 1491 caelestem
1398 1437 1609 1491 scilicet
1639 1440 1959 1507 Jerusalem,
2006 1442 2101 1496 ubi

533 1518 797 1579 habitatio
821 1529 906 1576 est
931 1523 1237 1580 laetantium
1265 1527 1510 1580 omnium
1539 1529 1609 1582 9’.

1012 1739 1293 1795 INTERR.
1334 1739 1616 1795 LXXVIII.

601 1831 738 1896 Quid
765 1848 936 1886 causa:
969 1841 1042 1886 est
1076 1849 1172 1886 cur
1219 1835 1274 1886 in
1313 1843 1464 1912 parte
1501 1833 1710 1904 quidem
1745 1833 1998 1904 leprosus,
2030 1834 2103 1887 le-

530 1922 608 1992 gis
629 1921 758 1974 scito
785 1921 1082 1975 immundus
1099 1923 1167 1975 sit
1197 1937 1215 1975 :
1243 1923 1333 1992 qui
1359 1939 1478 1976 vero
1504 1931 1643 1978 totus
1661 1940 1724 1978 ea
1753 1924 2104 1980 commacula-

532 2020 613 2064 tus
641 2019 735 2077 est,
765 2011 990 2065 mundus
1019 2012 1332 2066 decernatur
1351 2014 1438 2067 "‘3

1242 2144 1398 2216 Resp.

598 2237 702 2303 Qui
747 2245 905 2307 parte
950 2235 1146 2314 aliqua‘
1175 2236 1442 2306 leprosus
1468 2245 1574 2299 est,
1617 2239 1926 2310 membrum
1946 2237 2116 2310 lepra;

530 2328 985 2384 commaculatum
1027 2337 1305 2383 mortuum
1345 2328 1530 2382 habet.
1574 2328 1737 2384 Vitali
1782 2329 1931 2384 enim
1974 2344 2102 2385 san-

529 2419 694 2489 guine
717 2417 1087 2488 subfu'giente,
1105 2417 1340 2472 subsidit
1363 2417 1517 2473 locus
1536 2433 1812 2488 cavasque
1833 2418 2067 2474 edicitur
2085 2438 2102 2473 ;

435 2513 438 2518 λ
531 2509 719 2579 sicque
741 2507 878 2562 adeo
893 2507 1059 2576 leprae
1083 2507 1171 2562 illa
1198 2507 1431 2563 cavitate
1457 2509 1624 2563 tactui
1650 2509 1949 2565 sacerdotis
1980 2509 2107 2565 sub-

528 2599 762 2664 sidente,
797 2612 923 2654 eum
946 2598 1040 2668 qui
1067 2599 1191 2654 talis
1216 2592 1361 2654 eSsct
1381 2600 1472 2655 ille
1515 2600 1816 2670 polluebat.
1846 2601 1950 2668 Qui
1971 2616 2105 2656 vero

529 2698 680 2745 totus
704 2690 857 2760 lepra
881 2690 1312 2745 commaculatus
1341 2698 1448 2756 est,
1479 2690 1648 2745 habet
1689 2691 1736 2745 is
1764 2691 1987 2761 quidem
2021 2691 2104 2744 le-

529 2781 677 2852 prosi
706 2781 949 2836 colorem
977 2798 990 2834 :
1016 2781 1200 2835 vitalis
1241 2790 1424 2836 tamen
1465 2781 1688 2851 sanguis
1725 2789 1840 2836 toto
1869 2796 2104 2851 corpore

531 2873 589 2926 in
631 2871 922 2942 superﬁcie
960 2880 1326 2941 sparsusest.
1377 2871 1663 2942 Signiﬁcat
1705 2887 1839 2927 vero
1870 2887 1936 2926 ea
1978 2887 2102 2936 res,

2198 451 2499 520 ὑπόδειγμα
2528 453 2744 516 κακίας,
2767 444 2919 515 οὗτος
2949 452 3009 504 τὸ
3033 451 3249 523 ἔντερον
3275 450 3368 505 τοῦ
3399 452 3606 522 πατρὸς
3632 455 3764 521 ὲφα-
3833 454 3852 477 ‘

2197 541 2463 608 νέρωσεν·
2496 542 2642 604 ὅστις
2670 542 2726 594 δὲ
2755 541 2812 607 ἐξ
2843 541 3036 594 ἑαυτοῦ
3057 542 3189 612 τέκῃ
3214 542 3312 612 τὴν
3343 542 3638 613 ἁμαρτίαν,
3675 539 3765 598 οῦ-

2197 630 2285 692 τὸς
2313 631 2462 681 ἐστιν
2495 630 2678 700 πατὴρ
2713 631 2937 700 μητρὸς,
2989 633 3234 684 τουτέστι
3279 635 3376 702 τῆς
3409 633 3547 696 ίδίας
3577 635 3763 704 ἀμαρ-

2197 719 2337 782 τίας.
2370 721 2431 772 Οἱ
2463 721 2697 772 τοιοῦτοι
2747 717 2859 785 οὖν,
2905 723 3004 774 οὐκ
3042 721 3437 775 εἰσελεύσονται
3493 725 3573 787 είς
3615 721 3768 778 οἶκον

2201 809 2427 879 Κυρίου,
2458 810 2562 873 ἓως
2588 810 2776 881 τρίτης
2821 812 2916 863 καὶ
2962 813 3229 882 τετάρτης
3280 814 3375 864 καὶ
3405 813 3638 884 δεκάτης
3668 831 3764 882 γε-

2199 901 2354 961 νεᾶς’
2391 899 2488 952 καὶ
2535 901 2639 962 ἓως
2685 902 2764 964 είς
2811 901 2904 954 τὸν
2941 901 3132 957 αίῶνα.
3173 903 3484 966 Τουτέστιν,
3530 905 3568 956 ὁ·
3598 905 3675 973 μὴ
3697 904 3765 956 δι’

2199 986 2363 1051 ἕξεως
2391 988 2601 1058 ἀγαθῆς
2628 991 2720 1042 καὶ
2752 989 3001 1061 πράξεως
3035 989 3195 1061 (αῦτη
3219 991 3330 1062 γάρ
3359 993 3517 1062 τρίτη
3559 996 3653 1046 καὶ
3672 1010 3766 1046 τε-

2199 1076 2372 1147 τάρτη
2400 1080 2562 1140 γενεά
2589 1077 2697 1130 τῶν
2725 1079 2979 1148 ἀρετῶν),
3011 1079 3105 1132 καὶ
3143 1077 3231 1132 διὰ
3259 1081 3353 1133 τοῦ
3379 1081 3640 1151 ὀνόματος
3671 1084 3767 1134 καὶ

2201 1167 2437 1230 πίστεως
2486 1167 2579 1220 τοῦ
2613 1169 2817 1236 Κυρίου
2849 1167 3042 1238 Ἰησοῦ,
3079 1171 3174 1222 καὶ
3206 1170 3296 1224 διὰ
3333 1172 3434 1235 τὰς
3481 1172 3615 1226 δέκα
3667 1173 3766 1226 τοῦ

2201 1257 2366 1325 νόμου
2389 1257 2628 1322 ἐντολὰς,
2656 1257 2750 1310 καὶ
2779 1256 2868 1311 διὰ
2894 1258 2995 1328 τῆς
3020 1256 3116 1310 τοῦ
3145 1262 3405 1327 μένοντος,
3425 1259 3618 1322 αἰῶνος
3647 1261 3766 1313 ἐσο-

2205 1344 2371 1413 μένης
2395 1345 2838 1413 παλιγγενεσίας,
2893 1346 3088 1400 ἑαυτὸν
3121 1347 3199 1417 τῷ
3237 1346 3356 1417 Θεῷ
3401 1348 3634 1413 οἱκειῶν,
3667 1350 3768 1402 οὐκ

2203 1437 2569 1492 εἰσελεύσεται
2625 1441 2707 1502 είς
2759 1435 2910 1492 οἷκον
2959 1439 3130 1492 Θεοῦ·
3204 1441 3506 1506 τουτέστιν,
3586 1441 3646 1495 ἐν
3699 1447 3766 1513 τῇ

2202 1529 2438 1600 οὐρανίῳ
2469 1530 2642 1595 πόλει,
2670 1531 2728 1584 έν
2835 1532 3054 1586 πάντων
3105 1531 3545 1603 εὐφραινομένων
3572 1536 3606 1605 ἡ
3634 1551 3769 1589 κατ-

2202 1620 2369 1674 οικία.

2811 1735 3006 1790 ΕΡΩΤ.
3047 1737 3174 1792 OH'.

2277 1826 2336 1880 Τί
2365 1825 2591 1894 δήποτε
2640 1827 2674 1878 ὁ
2722 1825 2838 1894 μὲν
2862 1826 2933 1880 ἐν
2959 1828 3125 1897 μέρει
3169 1826 3412 1895 λεπρὸς,
3443 1825 3771 1895 ἁκάθαρτός

2200 1915 2330 1969 ἐστι
2362 1914 2522 1981 παρὰ
2555 1913 2634 1979 τῷ
2659 1915 2819 1984 νόμῳ
2839 1931 2853 1944 ·
2896 1919 2928 1969 ό
2955 1916 3024 1969 δὲ
3071 1910 3400 1984 ὁλόλεπρος
3439 1914 3543 1976 ὢν.
3587 1921 3770 1971 καθα-

2196 2010 2303 2076 ρός
2321 2008 2490 2061 ἐστιν
2506 2023 2526 2070 ;

2876 2142 3101 2208 Ἀπόκρ.

2283 2232 2343 2286 '0
2370 2232 2511 2287 κατά
2538 2251 2589 2286 τι
2620 2231 2785 2304 μέρος
2807 2231 3028 2301 λεπρὸς,
3057 2231 3251 2304 νεκρὸν
3278 2231 3390 2302 ἔχει
3418 2231 3480 2284 τὸ
3512 2232 3676 2302 μέρος
3706 2233 3766 2284 έν

2199 2316 2244 2391 ᾧ
2271 2323 2417 2378 ἐστιν
2447 2325 2483 2396 ἠ
2528 2321 2722 2392 λέπρα.
2756 2319 3189 2390 Ὑποφεύγοντος
3239 2322 3348 2391 γὰρ
3386 2321 3478 2374 τοῦ
3532 2321 3768 2384 ζωτικοῦ

2201 2414 2447 2485 αἵματος,
2481 2413 2809 2468 κοιλαίνεται
2838 2411 2868 2464 ὁ
2895 2411 3059 2475 τόπος
3079 2429 3092 2442 ·
3135 2412 3229 2465 καὶ¹
3257 2411 3425 2482 ἡνίκα
3446 2414 3512 2483 τῇ
3540 2412 3649 2483 ἀφῇ
3675 2411 3770 2465 τοῦ

2205 2506 2393 2577 ἱερέως
2415 2505 2726 2560 ὑπέκυπτεν
2754 2506 2788 2576 ἠ
2807 2503 3113 2584 ςκοίλανσις
3149 2503 3250 2572 τῆς
3297 2503 3526 2574 λέπρας,
3557 2503 3769 2573 ἐμίαινε

2202 2599 2293 2653 τὸν
2324 2598 2562 2652 τοιοῦτον
2583 2613 2598 2626 ο
2634 2595 2776 2651 οὕτω
2809 2597 2903 2650 καὶ
2931 2597 2960 2649 ὁ
2988 2595 3130 2650 κατά
3161 2611 3216 2647 τι
3252 2594 3418 2666 μέρος
3459 2595 3562 2665 τῆς
3592 2593 3772 2666 ψυχῆς

2203 2690 2526 2760 λεπρωθεὶς,
2559 2687 2935 2759 κοίλανθείσης
2955 2688 3055 2758 τῆς
3074 2685 3273 2756 ψυχῆς,
3303 2685 3550 2739 τουτέστι
3577 2703 3742 2740 ταπει

2204 2781 2470 2852 νωθείσης
2503 2778 2592 2832 διὰ
2635 2778 2737 2849 τῆς
2781 2778 3186 2849 ὑποχωρήσεως
3221 2779 3320 2847 τῆς
3350 2776 3587 2848 ζωτικῆς
3611 2777 3770 2831 δυνά-

2209 2889 2353 2944 μεως
2378 2871 2480 2940 τῆς
2508 2870 2727 2941 ἀρετῆς,
2781 2870 3089 2940 ἀκάθαρτος
3122 2869 3354 2938 γίνεται.
3389 2869 3449 2923 '0
3493 2871 3550 2923 δὲ
3596 2870 3776 2924 ὁλόλε-

529 2975 654 3018 eum
692 2959 903 3024 scilicet
927 2959 1026 3030 qui
1062 2959 1132 3016 ad
1153 2969 1458 3020 extremam
1487 2960 1752 3015 malitiam
1777 2960 2011 3025 venerit,
2041 2977 2102 3016 ac

2207 2979 2364 3033 προς,
2391 2961 2489 3030 τὴν
2514 2961 2612 3031 μὲν
2636 2961 2806 3031 χρόαν
2832 2959 2925 3014 τοῦ
2959 2959 3164 3031 λεπροῦ
3192 2962 3334 3031 ἔχει·
3373 2959 3434 3013 τὸ
3461 2959 3519 3016 δὲ
3543 2959 3774 3023 ζωτικὸν

529 3050 1138 3121 deindepoenitentiam
1169 3061 1314 3122 agat.
1341 3051 1507 3108 vitale
1547 3052 1770 3110 virtutis
1807 3052 1978 3108 robur
2004 3053 2102 3108 de-

530 3158 646 3198 nuo
664 3142 916 3214 recipere
932 3180 949 3206 ,
975 3142 1254 3212 solamque
1279 3143 1677 3202 conscientiam
1711 3143 1986 3214 prioribus
2009 3158 2102 3200 co-

530 3233 755 3303 gitantis
783 3233 949 3286 animi
982 3232 1462 3290 informationibus
1498 3235 1702 3291 habere
1741 3235 2106 3291 commacula-

527 3331 662 3378 tam.
692 3321 811 3376 Non
844 3323 992 3379 enim
1021 3332 1201 3393 potest
1231 3340 1424 3384 eorum
1451 3342 1573 3395 quat
1601 3329 1730 3397 egit,
1763 3343 1874 3382 non
1907 3327 2102 3382 memi-

531 3415 705 3482 nisse,
724 3429 845 3490 ηερ.ἒ
854 3414 945 3482 illa
966 3415 1228 3486 cogitare,
1253 3431 1321 3472 ac
1343 3417 1392 3472 si
1413 3431 1533 3471 .non
1551 3419 1793 3488 egisset.
1816 3419 1896 3473 Ea.
1918 3419 2102 3487 itaque

534 3506 676 3572 ratio
689 3516 827 3574 ιοβι,
845 3521 946 3566 cur
971 3523 1100 3569 eum
1144 3509 1265 3578 qui.
1285 3509 1409 3564 talis
1431 3518 1536 3576 est,
1564 3511 1652 3566 lex
1673 3509 1943 3570 mundum
1963 3496 2102 3580 pro—

531 3599 770 3658 nuntiet.

1038 3816 1318 3873 INTERR.
1357 3815 1592 3876 LXXIX.

601 3904 740 3972 Quid
763 3907 859 3962 sibi
886 3907 1089 3972 volunt,
1121 3924 1240 3978 qua!
1271 3907 1398 3976 legis
1419 3909 1524 3961 ritu
1547 3907 1914 3978 offerebantur,
1945 3908 2100 3994 quin-

531 3999 980 4070 que'uictimarum
1007 4015 1224 4069 genera,
1257 4000 1385 4074 ouis,
1420 3997 1538 4065 bos,
1564 4015 1750 4068 capra,
1780 4005 1974 4062 turtur,
2013 4014 2101 4052 co-

532 4089 707 4146 tumba
727 4090 762 4144 .?

1247 4223 1402 4276 [ἔθευ.

1247 4240 1346 4276 nes
1387 4262 1402 4276 .

597 4314 720 4373 Uno
743 4315 964 4384 quidem
996 4293 1182 4379 sensu,
1218 4240 1456 4369 sumiliur
1479 4314 1629 4368 aries
1650 4313 1893 4384 quidem,
1922 4323 1983 4368 ut
2005 4315 2101 4383 qui

2208 3049 2346 3122 αἷμα
2374 3052 2440 3105 δι’
2473 3051 2595 3113 ὅλου
2650 3050 2748 3105 τοῦ
2809 3051 3060 3122 σώματος
3105 3050 3217 3122 ἔχει
3265 3052 3324 3103 έν
3369 3052 3435 3120 τῇ
3485 3051 3774 3120 ἐπιφανείᾳ

2207 3141 2630 3211 ένεσπαρμένον.
2692 3140 2864 3194 Τοῦτο
2921 3135 3014 3193 οὖν
3053 3138 3329 3210 σημαίνει,
3381 3139 3462 3190 ὅτι
3512 3139 3540 3191 ὁ
3590 3139 3670 3201 είς
3712 3137 3774 3189 τὲ

2207 3232 2435 3302 ἔσχατον
2484 3229 2659 3302 πέρας
2691 3233 2792 3301 τῆς
2837 3231 3036 3293 κακίας
3087 3229 3277 3292 ἐλθὼν,
3319 3225 3441 3281 εἶτα
3471 3225 3777 3297 μεταμελη-

2209 3321 2344 3386 θεὶς,
2375 3320 2820 3392 έπαναλαμσάνει
2846 3320 2944 3391 τὴν
2976 3317 3214 3390 ζωτικὴν
3244 3321 3342 3388 τῆς
3373 3317 3574 3387 ἀρετῆς
3613 3316 3775 3370 δύνα-

2211 3429 2304 3482 μιν
2329 3427 2343 3442 ·
2407 3412 2575 3483 μόνην
2625 3409 2684 3464 δὲ
2727 3411 2826 3480 τὴν
2873 3409 3177 3479 συνείδησιν
3225 3408 3337 3478 ἔχει
3385 3405 3772 3477 κεχρωσμένην

2205 3507 2326 3568 ταῖς
2360 3505 2654 3576 προτέραις
2689 3501 3048 3574 προλήψεσιν.
3088 3501 3161 3553 Οὐ
3213 3499 3434 3562 δύναται
3478 3499 3587 3568 γὰρ
3629 3496 3774 3567 ἆπερ

2207 3593 2434 3666 ἔπραξε,
2494 3593 2571 3665 μὴ
2621 3591 2932 3660 λογίζεσθαι
2966 3591 3042 3653 ὡς
3077 3579 3416 3661 μὴ’πράξας.
3468 3587 3566 3641 Διά
3614 3586 3774 3640 τοῦτο

2205 3681 2300 3738 οὖν
2331 3687 2360 3739 ὁ
2395 3684 2558 3755 νόμος
2585 3682 2676 3736 τὸν
2704 3681 2945 3736 τοιοῦτον
2979 3679 3220 3751 καθαρὸν
3246 3676 3556 3748 ἀποφαίνει.

2814 3815 3011 3869 ΕΡΩΤ.
3052 3814 3173 3868 09.

2282 3910 2344 3963 Tt
2373 3908 2670 3977 δηλοῦσιν
2697 3911 2756 3963 al
2806 3910 2954 3978 κατὰ
2986 3909 3090 3963 τὸν
3115 3908 3303 3978 νόμον
3332 3905 3772 3976 προσαγόμεναι
3797 3966 3800 3968 ,

2207 4005 2250 4051 ε’
2278 3998 2500 4064 θυσίαι,
2533 3999 2600 4052 τὸ
2627 4000 2944 4067 πρόϐατον,
2971 4001 3004 4052 d
3029 3998 3206 4067 βοῦς,
3238 3999 3278 4066 ἠ
3298 3996 3432 4065 παῖε,
3455 3997 3498 4065 ¹ἠ
3517 3994 3771 4064 τρυγὼν,

2207 4094 2246 4159 ἠ
2273 4091 2628 4159 περιστερός

2278 4288 2724 4382 Κατάί-μὲνμίαν
2753 4223 3388 4382 ὲπιδέῗιῗκξαμὸἀνεται
3426 4310 3456 4363 ὁ
3483 4310 3640 4382 κριὸς
3669 4308 3773 4380 μὲν

531 4404 640 4458 dux
675 4407 921 4470 exsistat,
953 4413 1016 4459 ut
1053 4405 1327 4475 signiﬁcet
1367 4406 1475 4471 vim
1509 4405 1772 4472 rationis;
1805 4414 2102 4488 taurus,lut

2209 4403 2284 4468 ὡς
2306 4403 2658 4488 ἡγεμονικὸν,
2707 4403 2801 4470 ἐπὶ
2830 4401 2922 4472 τοῦ
2949 4401 3266 4477 ⁴λογιστικοῦ
3288 4419 3303 4434 ο
3366 4403 3403 4463 ὁ,
3445 4400 3769 4474 δὲταῦρος,

531 4495 696 4558 iram;
731 4510 914 4563 capra,
943 4501 1003 4547 ut
1029 4495 1418 4564 cupiditatem;
1451 4503 1654 4562 turtur,
1681 4503 1741 4549 ut
1764 4496 2101 4562 castitatem;

531 4583 805 4646 columba,
840 4592 900 4637 ut
935 4585 1372 4641 sanctimoniam.
1418 4585 1515 4641 Sin
1542 4601 1672 4641 vero
1712 4585 1878 4640 etiam
1924 4588 2108 4657 cujus-

529 4686 638 4742 que
685 4672 937 4726 animalis
984 4689 1104 4743 quae
1165 4677 1352 4730 insunt
1402 4691 1433 4729 a
1476 4685 1702 4742 natura,
1769 4677 2105 4748 exquirenda

530 4771 680 4826 sunt,
711 4779 774 4818 ac
802 4764 1002 4834 cuique
1045 4765 1263 4820 illorum
1293 4781 1533 4838 congrua
1570 4768 1806 4838 aptanda
1847 4768 2107 4838 spiritalis

528 4869 726 4909 sensus
757 4855 897 4909 ratio
929 4865 1048 4921 est;
1095 4856 1253 4911 aiunt
1292 4857 1386 4927 qui
1431 4858 1596 4914 rebus
1626 4859 1896 4929 ejusmodi
1943 4875 2108 4913 nava-

528 4954 659 5000 runt
683 4961 930 5015 operam,
975 4962 1134 5002 ovem
1179 4949 1285 5003 tria
1328 4948 1555 5002 domino
1585 4958 1866 5020 praestare,
1907 4950 2102 5012 vellus,

597 5106 640 5136 ⁹¹
669 5106 808 5160 Psal.
844 5122 1056 5172 Lxxxw,
1089 5107 1141 5162 7.
1215 5109 1259 5139 "
1290 5106 1464 5161 Levit.
1498 5121 1609 5172 XIII,
1646 5099 1812 5171 1,12.

526 5265 683 5327 plus;
735 5258 901 5328 quod,
940 5265 997 5312 et
1047 5258 1383 5328 Hieronymo
1421 5257 1751 5328 quandoque
1793 5256 2103 5326 Obrepsisse

526 5329 740 5381 notavit
774 5327 1090 5382 Morinusiu
1130 5327 1363 5382 Exercit.
1401 5327 1538 5382 Bibl.

596 5397 766 5450 Porro
792 5399 845 5451 in
868 5398 954 5452 his
979 5397 1193 5451 Maximi
1219 5398 1619 5466 quaestionibus
1648 5413 1755 5451 non
1787 5395 1984 5458 desunt
2009 5395 2106 5448 ali-

527 5479 800 5538 qua,_quae
834 5468 1097 5537 majorem
1157 5467 1694 5538 ἀκρίϐειανί,ᾲεῑίειημ
1720 5467 1774 5520 in
1805 5481 1872 5520 eo
1904 5481 2105 5534 genere

527 5535 671 5604 aliud
710 5536 886 5590 libens
923 5535 1256 5594 'assectatur'.
1295 5536 1396 5604 τῆς
1433 5536 1763 5604 ἀλληγορίας
1800 5549 2103 5604 sensusque

528 5602 815 5671 Spiritalis,
847 5606 1139 5660 videantur
1169 5602 1387 5679 exigere
1424 5625 1435 5660 :
1464 5615 1532 5660 ut
1556 5602 1803 5678 quaedam
1835 5604 1968 5658 mihi
2008 5602 2102 5666 su-

2206 4493 2300 4548 ἐπὶ
2323 4493 2420 4552 τοῦ
2449 4493 2682 4565 θυμικοῦ
2703 4510 2717 4525 ⁶
2754 4496 2787 4566 ἡ
2820 4495 2884 4554 δὲς
2928 4494 3039 4561 αἲξ,
3083 4495 3176 4549 ἐπὶ
3203 4495 3299 4550 τοῦ
3333 4493 3729 4565 ἐπιθυμητικοῦ
3752 4509 3767 4523 ·

2207 4586 2240 4655 ἡ
2267 4584 2586 4655 δὲτρυγὼν,
2613 4585 2706 4638 ἐπὶ
2729 4585 2829 4655 τῆς
2854 4586 3204 4657 σωφροσύνης
3227 4602 3242 4617 ο
3275 4587 3309 4656 ἡ
3360 4584 3657 4655 περιστερά
3687 4583 3767 4646 δὲ,

2209 4677 2302 4746 ἐπὶ
2330 4677 2426 4742 τοῦ
2464 4671 2759 4748 ἁγιασμοῦ.
2805 4677 2869 4731 Et
2919 4677 2974 4740 δέ
3020 4678 3102 4731 δεῖ
3144 4675 3244 4740 καὶ,
3268 4677 3336 4744 τά
3365 4677 3600 4747 ¹ἑκάστου
3630 4674 3770 4739 ζὼου

2209 4767 2479 4838 προσόντα
2501 4753 2755 4838 regem;
2786 4767 3039 4838 ζητῆσαι,
3073 4769 3166 4822 καὶ
3213 4768 3443 4828 ἑκάστου
3469 4764 3648 4826 αὐτῶν
3673 4766 3771 4836 τὴν

2207 4861 2516 4932 πρόσφορον
2541 4861 2860 4932 ἐφαρμόσαι,
2885 4851 3137 4932 θεωρίαν,
3170 4860 3336 4938 φασιν
3357 4857 3511 4938 οῐ--τά
3542 4855 3771 4910 τοιαῦτα

2207 4950 2627 5022 ἐπεσκεμμένοι,
2669 4951 2753 5004 ὅτι
2796 4951 2921 5023 τρία
2955 4935 3222 5022 προσάγει
3248 4948 3324 5021 τῷ
3353 4935 3686 5026 κεκτημένῳ.
3710 4946 3773 4998 τὸ

2202 5256 2377 5325 spicio
2406 5256 2503 5338 sit,
2539 5256 3460 5338 vel;quasi‘inchoatumﬂuoddam
3483 5258 3608 5328 ejus
3625 5271 3768 5338 opus

2200 5341 2342 5389 esse,
2375 5325 2638 5394 quidquid
2673 5325 2817 5380 istud
2848 5336 2956 5390 est,
2988 5328 3075 5380 vel
3122 5325 3298 5382 aliena
3323 5325 3529 5386 manu'
3549 5325 3768 5382 auctum

2200 5403 2256 5448 et
2298 5396 2800 5467 interpolatum,_ut
2831 5397 2944 5451 fere
2977 5399 3246 5467 contingit
3277 5399 3333 5451 in
3365 5397 3588 5466 scriptis
3607 5396 3772 5464 hujus

2200 5463 2559 5534 generis,’ubi
2600 5465 2737 5520 nihil
2766 5467 3038 5532 cohmrct;
3081 5463 3194 5521 sed'
3213 5463 3583 5534 suntquaesita
3607 5463 3771 5534 prout

2202 5535 2479 5599 memoria:
2511 5536 2894 5598 occurrebant,
2929 5536 3082 5590 nullo
3121 5546 3271 5593 certo
3299 5535 3493 5591 ordine
3530 5543 3627 5590 aut
3659 5548 3767 5588 mee

2204 5603 2392 5672 thodo,
2417 5604 2544 5659 hinc
2576 5606 2700 5660 inde
2735 5615 3013 5677 congesta.
