4126 6316
431 242 541 304 855

1607 239 1649 298 S
1705 235 1993 297 ΜᾹΧΙΜῙ
2029 231 2539 296 CONFESSORIS

3586 221 3710 296 .856

433 348 726 404 lictionum
779 347 1025 403 rationes
1054 346 1552 417 comprehendant.
1605 345 1711 400 Sed
1744 354 1802 401 et
1825 345 2020 400 dexte-
2052 389 2057 406 ι

2125 342 2316 412 λόγους
2347 339 2878 410 καταλαμϐάνουσαν
2903 340 3014 393 τῶν
3034 336 3473 408 ὲγκατσλείψεων
3507 352 3524 370 ⁸
3563 338 3712 411 ἔχειν

433 453 555 493 ram
584 451 798 500 narem,
849 449 1072 490 suavem
1106 433 1298 490 odoris
1321 432 1680 505 l'ragrantiam
1715 432 2019 502 spirantem

434 530 669 586 habere.
696 531 830 584 Pars
874 527 1116 582 hominis
1161 526 1388 582 dextera
1440 525 1659 581 animus
1695 532 1813 590 est;
1870 523 2020 594 quod

433 637 634 691 nempe
665 619 912 690 duplices
933 619 1108 674 simus
1153 634 1224 674 ex
1248 619 1435 673 animo
1467 628 1523 672 et
1549 631 1782 687 corpore
1811 616 2023 670 consti-

435 713 564 767 tuti.
594 710 699 778 Qui
734 711 923 781 igitur,
953 710 1163 789 quibus
1180 711 1352 781 pollet
1376 710 1546 766 animi
1573 709 1798 765 dotibus
1819 725 1885 764 ac
1911 709 2024 763 vir-

437 804 678 869 tutibus,
718 803 895 858 sancti
929 801 1170 873 Spiritus
1200 803 1431 874 gratiam
1469 802 1718 867 attraxit,
1747 802 1794 856 is
1819 816 2021 857 suave-

436 895 612 958 olens,
636 911 702 950 ac
725 894 824 965 qui
851 895 1071 951 dulcem
1107 895 1340 966 reliquis
1368 895 1546 966 spiret
1583 894 1835 959 odorem,
1887 909 2024 950 eva-

435 981 538 1036 dit.
566 981 700 1052 Ejus
728 996 864 1036 vero
906 981 1001 1052 qui
1031 980 1305 1052 ejusmodi
1332 989 1422 1036 est
1471 980 1631 1038 fusus
1684 995 1874 1044 cruor,
1906 979 2019 1034 vim

435 1073 604 1129 habet
622 1072 857 1129 necandi
885 1073 1072 1130 cicura
1091 1073 1389 1140 animalia;
1410 1089 1609 1143 nempe
1635 1073 1713 1128 ira
1737 1087 2021 1142 perversa,

434 1166 480 1220 si
510 1165 638 1236 quis
677 1165 965 1221 hominum
987 1180 1108 1220 eam
1138 1167 1449 1230 aemuletur,
1483 1165 1596 1219 vim
1617 1165 1784 1220 habet
1809 1165 2025 1218 consci-

435 1257 654 1312 scendae
679 1257 870 1325 necis;
903 1257 1314 1314 oblatrantibus
1358 1273 1491 1314 vero
1537 1257 1592 1310 in
1622 1272 1720 1311 nos
1760 1255 2026 1311 damoni-

435 1349 540 1404 bus
569 1364 696 1405 esca
727 1350 895 1406 cedit.

500 1439 694 1509 Caprae
715 1455 850 1494 vero
881 1441 1006 1496 talis
1038 1441 1288 1511 quaedam
1324 1441 1541 1496 indoles
1567 1449 1652 1496 est
1679 1455 1746 1494 ac
1784 1448 2021 1493 natura:

435 1529 596 1585 facile
628 1539 844 1586 montes
875 1532 1220 1598 conscendit,
1248 1547 1348 1603 per
1372 1540 1635 1602 perrupta
1659 1531 1932 1602 graditur,
1961 1545 2027 1586 ac

2121 437 2178 491 δὲ
2204 435 2300 490 καὶ
2331 436 2424 489 τὸν
2457 434 2630 500 δεξιὸν
2663 436 2785 506 ῥῖνα
2817 433 3014 506 εὐώδη.
3040 433 3225 498 Δεξιὸν
3271 433 3438 505 μέρος
3480 432 3580 488 τοῦ
3617 435 3714 488 άν-

2121 527 2342 602 θρὼπου
2363 529 2565 600 ἐστὶνή
2595 526 2742 599 ψυχή
2773 543 2788 557 ⁸
2815 525 3002 598 ἐπειδὴ
3034 527 3216 580 διπλοῖ
3238 527 3407 598 έσμεν
3429 527 3496 581 ὲκ
3528 525 3711 599 ψυχῆς

2121 623 2220 677 καὶ
2255 620 2528 693 σώματος.
2557 621 2616 674 '0
2645 616 2740 675 οὖν
2771 620 2861 674 διὰ
2886 620 2987 683 τὰς
3011 619 3112 689 τῆς
3141 618 3321 690 ψυχῆς
3348 617 3575 691 ἀρετὰς,
3607 619 3712 690 τὴν

2121 714 2286 785 χάριν
2309 713 2405 768 τοῦ
2449 713 2608 782 ἁγίου
2655 711 2975 782 Πνεύματος
3005 711 3471 781 ἐπισπασάμενος,
3496 709 3712 780 γίνεται

2120 809 2236 871 τοῖς
2263 807 2446 871 ἄλλοις
2470 805 2697 876 εὐώδης.
2723 804 2799 857 Τὸ
2826 802 2886 857 δὲ
2929 799 3073 874 αἷμα
3107 802 3205 858 τοῦ
3256 801 3524 867 τοιούτου,
3551 804 3711 857 ἀναι-

2126 899 2339 972 ρετικόν
2382 901 2500 953 ἑστι
2544 897 2652 952 τῶν
2700 897 2926 968 ἡμέρων
2956 895 3112 961 ζώων
3145 912 3161 927 ⁸
3191 894 3491 959 τουτέστιν,
3511 895 3542 947 ὁ
3567 893 3714 948 κατὰ

2123 992 2482 1065 παρατροπὴν
2504 990 2710 1062 θυμὸς,
2734 989 3080 1062 άναιρετικός
3122 988 3239 1041 ἐστι
3271 990 3388 1051 τοῖς
3431 983 3710 1059 μιμουμέ-

2122 1101 2234 1148 νοις
2254 1083 2419 1138 αὐτὸν
2446 1081 2760 1152 ἀνθρώποις
2791 1096 2804 1110 ⁸
2832 1080 3010 1149 τροφὴ
3034 1080 3094 1134 δὲ
3125 1081 3240 1144 τοῖς
3258 1075 3556 1133 ὑλακτοῦσι
3581 1075 3711 1132 καθ’

2123 1175 2280 1246 ἡμῶν
2311 1174 2579 1245 δαίμοσιν.

2205 1418 2273 1470 Ἦ
2318 1417 2377 1471 δὲ
2422 1416 2516 1484 αἲξ
2558 1416 2720 1486 φύσιν
2773 1415 2888 1487 ἔχει
2932 1415 3215 1486 τοιαύτην,
3246 1413 3315 1469 τὰ
3334 1414 3438 1486 ὅρη
3469 1415 3708 1480 εὐκόλως

2125 1511 2514 1577 ἀναϐαίνουσα,
2539 1510 2887 1583 κρηνοϐατεῖ,
2919 1509 3014 1564 καὶ
3033 1509 3396 1580 ἐπιτέρπεται
3433 1508 3544 1562 τῶν
3579 1527 3708 1580 μου-

436 1622 666 1678 musicis
717 1622 956 1678 modulis
999 1599 1333 1682 delectatur.
1364 1599 1497 1695 Ejus
1543 1599 1801 1677 dextrum
1852 1637 2025 1676 cornu

2129 1603 2297 1656 σικῶν
2333 1602 2511 1673 μελῶν
2540 1620 2554 1634 ⁸
2581 1601 2679 1656 καὶ
2707 1601 2767 1656 τὸ
2801 1600 2974 1666 δεξιὸν
2999 1601 3171 1670 αὐτῆς
3201 1599 3372 1670 κέρας
3389 1601 3489 1654 ἐὰν
3505 1601 3707 1671 θυμια·

437 1713 636 1783 quovis
656 1713 778 1768 loco
805 1713 1076 1779 suﬁiatur,
1105 1723 1266 1770 terra:
1285 1724 1472 1770 motus
1501 1714 1741 1784 speciem
1776 1712 1981 1784 ingerit
2005 1727 2020 1778 ;

2130 1694 2197 1766 θῇ
2238 1697 2294 1748 ὲν
2338 1694 2668 1766 οἱῳδάνποτε
2722 1695 2896 1764 τόπῳ,
2934 1693 3164 1764 σεισμοῦ
3209 1693 3511 1762 φαντασίαν
3567 1711 3712 1761 παρ-

436 1800 686 1871 quotidie
718 1801 945 1871 pillulas
980 1802 1249 1858 ducentas
1273 1812 1638 1858 excremento
1671 1801 1867 1871 egerit.
1911 1799 2024 1855 Ne-

435 1907 592 1947 cesse
624 1893 794 1963 igitur
818 1902 924 1956 est.
953 1902 1014 1947 ut
1039 1901 1095 1948 et
1147 1894 1369 1948 animus
1408 1905 1597 1948 noster
1656 1892 2023 1948 tentationum

435 1993 698 2053 perrupta
727 1983 999 2040 audenter
1032 1984 1346 2056 ﬁduciaque
1371 1987 1665 2048 transiliat,
1704 1996 1870 2054 atque
1897 1999 2026 2053 pro-

437 2075 689 2146 pheticos
715 2076 1094 2132 conscendens
1120 2085 1358 2142 montes,
1395 2076 1644 2131 scientiae
1676 2077 1784 2129 alta
1820 2083 2022 2145 captet,

437 2180 670 2234 namque
721 2165 777 2219 in
811 2165 1029 2220 deliciis
1061 2167 1264 2222 habeat
1324 2183 1338 2220 :
1392 2181 1572 2235 neque
1614 2165 1665 2218 id
1703 2165 1887 2228 modo,
1926 2181 2021 2220 ve-

436 2273 560 2321 rum
585 2256 750 2311 etiam
786 2255 982 2310 ﬁstulae
1015 2255 1258 2311 modulis
1284 2255 1533 2328 (actuosa
1563 2256 1780 2310 scilicet
1811 2254 2024 2309 ratione

435 2364 502 2402 ac
529 2347 801 2416 oratione)
826 2347 1168 2416 voluptatem
1195 2346 1548 2402 auditoribus
1576 2345 1828 2400 docendo
1868 2345 2022 2415 inge-

436 2445 540 2489 rat.
579 2435 840 2489 Dextrum
872 2449 1046 2488 cornu
1090 2433 1198 2488 hoc
1228 2432 1520 2504 signiﬁcat,
1550 2447 1700 2494 eum,
1727 2431 1822 2500 qui
1853 2430 2022 2486 animi

435 2526 851 2596 contemplandi
892 2526 1002 2580 vim
1041 2542 1142 2596 per
1181 2527 1497 2581 orationem
1531 2525 1643 2580 Deo
1688 2518 2020 2588 admoverit,

435 2620 591 2675 suavi
629 2619 934 2690 fragrantia
979 2619 1332 2675 auditoribus
1380 2620 1740 2689 obrepentem
1771 2660 1784 2681 ,
1825 2633 2024 2672 carna-

435 2711 573 2767 lium
602 2711 656 2765 in
696 2711 779 2766 eis
800 2711 1061 2765 vitiorum
1104 2712 1357 2766 habitum
1380 2719 1701 2766 concutere.
1734 2709 1837 2765 Hic
1871 2709 2018 2776 talis,

439 2802 686 2873 quotidie
719 2817 968 2856 errorem
995 2803 1146 2857 circa
1189 2819 1254 2857 ea
1293 2819 1416 2872 quae
1464 2802 1520 2855 in
1562 2815 1788 2856 sensum
1817 2798 2026 2855 cadunt

436 2896 775 2951 versantem,
812 2888 1132 2956 proscribit.
1166 2887 1374 2944 Sensus
1394 2889 1541 2942 enim
1573 2903 1700 2943 cum
1746 2902 1933 2942 rerum
1966 2886 2022 2940 in

436 2992 661 3034 sensum
689 2977 1008 3033 cadentium
1029 2978 1462 3048 complicati.....
1491 2977 1642 3032 Deest
1659 2976 1806 3046 ﬁnis.

2127 1786 2263 1857 έχει.
2334 1786 2612 1856 Ἀφοδεύει
2665 1787 2723 1841 δὲ
2797 1786 3033 1856 ἑκάστης
3106 1785 3320 1856 ἡμέρας
3396 1785 3708 1857 σπυράθους

2125 1879 2456 1944 διακοσίους.
2485 1881 2576 1932 Δεῖ
2603 1874 2698 1933 οὖν
2733 1879 2827 1932 καὶ
2873 1877 2973 1949 τὴν
3019 1877 3299 1949 ἡμετέραν
3352 1877 3533 1948 ψυχὴν
3581 1878 3711 1941 τούς

2127 1971 2408 2041 κρημνοὺς
2444 1969 2557 2024 τῶν
2589 1969 2913 2041 πειρασμῶν
2959 1968 3243 2039 εὐθαρσῶς
3275 1969 3544 2040 διαπηδᾷν
3567 1983 3582 1997 ⁸
3613 1969 3708 2022 καὶ

2124 2065 2194 2118 τὰ
2227 2062 2541 2136 προφητικὰ
2572 2063 2674 2132 ὅρη
2709 2061 3134 2133 ἀναϐαίνουσαν,
3164 2060 3226 2114 τδ
3254 2060 3388 2130 ὕψος
3419 2061 3516 2131 τῆς
3567 2060 3710 2129 γνὼ-

2129 2173 2268 2218 σεως
2319 2153 2611 2226 θηρᾶσθαι,
2646 2156 2741 2206 καὶ
2800 2152 2894 2206 ἐπὶ
2956 2152 3131 2227 ταύτῃ
3180 2151 3403 2222 ἥδεσθαι
3435 2168 3452 2181 ⁸
3501 2151 3599 2205 καὶ
3648 2151 3708 2204 οὐ

2131 2248 2289 2319 μόνον
2338 2246 2584 2316 ἣδεσθαι,
2625 2245 2760 2298 ἀλλὰ
2787 2243 2882 2297 καί⁵
2911 2244 3000 2298 διὰ
3039 2243 3134 2298 τοῦ
3171 2243 3427 2309 δόνακος,
3459 2243 3710 2297 τουτέστι

2125 2339 2218 2393 τοῦ
2275 2339 2594 2409 ὲμπράκτου
2647 2337 2828 2405 λόγου,
2854 2336 3175 2390 διδάσκοντα
3213 2335 3408 2407 ἡδονὴν
3437 2334 3710 2389 ἐντιθέναι

2123 2433 2238 2494 τοῖς
2279 2429 2558 2485 ἀκούουσι.
2595 2431 2668 2482 Τὸ
2693 2429 2750 2481 δὲ
2779 2426 2950 2494 δεξιὸν
2984 2429 3174 2499 κέρας,
3201 2428 3456 2498 σημαίνει
3483 2429 3566 2482 ὅτι
3589 2428 3619 2479 ὁ
3643 2427 3708 2480 τὸ

2128 2517 2465 2588 θεωρητικὴν
2497 2519 2599 2588 τῆς
2648 2515 2829 2587 ψυχῆς
2874 2514 2964 2569 διὰ
2991 2516 3092 2586 τῆς
3142 2516 3450 2586 προσευχῆς
3477 2514 3556 2584 τῷ
3581 2513 3704 2582 Θεῷ

2129 2610 2524 2684 προσαγαγὼν,
2565 2607 2770 2678 εὐώδης
2815 2607 3096 2678 γινόμενος
3139 2609 3252 2669 τοῖς
3297 2605 3571 2668 ἀκούουσι,
3596 2602 3700 2673 τὴν

2129 2703 2188 2755 ὲν
2213 2703 2397 2764 αὐτοῖς
2419 2700 2534 2765 ἕξιν
2564 2699 2674 2752 τῶν
2724 2697 3006 2769 σαρκικῶν
3039 2696 3230 2750 παθῶν
3274 2693 3593 2748 διασαλεύει.
3640 2693 3704 2746 '0

2128 2791 2369 2853 τοιοῦτος
2421 2790 2680 2842 ἑκάστοτε
2731 2789 2832 2858 τὴν
2867 2786 3097 2858 περὶτὰ
3124 2785 3360 2856 αίσθητὰ
3409 2782 3741 2836 ἀποδὰλλει.

2130 2882 2369 2952 πλάνην.
2402 2881 2467 2933 Δί
2493 2881 2602 2951 γάρ
2638 2879 2923 2948 αἰσθήσεις
2958 2877 3067 2931 τῶν
3097 2876 3371 2947 αἰσθητῶν
3402 2873 3714 2945 συμπλεκό-

2135 2990 2317 3044 μεναι.
2353 3013 2367 3026 .
2401 3011 2416 3026 .
2460 3011 2474 3024 .
2508 3012 2520 3024 .
2555 2971 2777 3025 Λείπει.

443 3153 3721 3200 mw

1759 3313 2393 3407 MONITUM.

1274 3503 1364 3552 AD
1396 3499 1872 3552 EXPOSITIONEM
1911 3497 2144 3549 PSALMI
2176 3490 2686 3558 QUINQUAGESIMI
2719 3488 2891 3540 NON].

521 3610 657 3670 Una
696 3606 833 3670 hinc
873 3609 1058 3672 nobis
1100 3610 1350 3672 Maximi
1394 3611 1461 3671 in
1499 3609 1783 3672 Psalmos
1829 3604 2186 3669 lucubratio
2227 3607 2459 3670 exstat;
2499 3599 2862 3737 habentque
2913 3594 3202 3684 plerique
3245 3593 3528 3666 codices,
3576 3610 3722 3655 cum

521 3687 646 3737 Illas
685 3691 988 3737 nrminrea
1032 3688 1218 3737 huius
1247 3689 1600 3737 argumenti
1637 3697 1745 3737 mit
1774 3685 2110 3737 schematis
2153 3679 2588 3737 exnositiones
2636 3694 2749 3737 Dl‘O
2779 3681 2976 3736 erant.
3033 3675 3148 3734 HIC
3182 3688 3446 3737 auouue
3495 3688 3722 3737 parum

440 3687 646 3769 nullas
685 3691 992 3769 praeterea
1032 3688 1218 3769 hujus
1247 3689 1604 3767 argumenti
1637 3697 1745 3750 aut
1774 3685 2129 3769 schematis
2153 3679 2588 3769 expositiones
2635 3675 2976 3769 proferant.
3033 3675 3148 3769 Hic
3182 3688 3722 3769 quoqueper-um

439 3749 662 3829 iitteraa
691 3749 922 3840 studet,
955 3749 1357 3831 consectatus
1375 3749 1605 3830 sensus
1626 3749 1929 3844 mysticos
1953 3781 2025 3826 ac
2053 3749 2461 3844 allegoricos;
2494 3749 2670 3844 quod
2684 3761 2754 3844 .et
2779 3751 3176 3844 Graecisaliis
3204 3749 3355 3844 fere,
3377 3749 3722 3823 familiare;

443 3864 606 3927 unus
652 3830 1136 3927 Chrysostomus
1175 3846 1432 3927 majoris
1471 3830 1715 3927 aliquid
1737 3861 1949 3927 operae
1982 3830 2589 3927 posuit'enarrandis
2618 3834 2859 3913 aliquot
2896 3830 3173 3910 psalmis,
3204 3831 3563 3927 inter‘qluos
3594 3847 3727 3927 non

442 3907 538 4016 est
557 3925 674 4015 iste
699 3942 736 4017 ί-
749 3907 815 3986 in
843 3907 981 4004 quo
998 3907 1998 4017 ξδῖῐιοῐῖᾖοηὶρίπυῶᾀθεῇἁδδεᾴ
2024 3919 2292 3992 aliorum
2321 3907 3724 4017 Patrumnopedi-amisrgo-men‘tonestllocuple-

441 4003 678 4066 tissime
695 3988 921 4066 Catetia
945 4022 980 4066 a
1004 4005 1300 4067 Corderio
1324 3988 1508 4066 edita.
1530 4005 1704 4067 Canit
1730 4003 1832 4083 hic
1860 3988 2164 4083 psalmus2
2195 4013 2337 4083 quae
2364 4001 2535 4073 gesta
2555 3988 2768 4083 Daridi
2797 3988 2935 4083 fuse
2973 3994 3304 4083 narrantur
3326 3989 3382 4083 Il
3404 3989 3566 4083 Reg;
3596 4003 3729 4083 vni,

445 4093 507 4144 et
536 4085 560 4143 Ι
588 4083 725 4144 Par.
755 4100 937 4161 xvm,
960 4091 1022 4145 et
1048 4066 1118 4145 in
1137 4066 1461 4144 Christum
1492 4066 1700 4145 verius
1729 4066 2031 4160 allegoria
2064 4066 2539 4161 referunttirzac
2567 4079 2720 4161 typo
2753 4069 3032 4156 gentium
3059 4066 3737 4161 vocationemﬁhri-sti

446 4162 527 4222 de
569 4161 692 4225 illis
739 4153 999 4226 victoria
1044 4163 1376 4240 designare
1425 4153 1889 4240 intelliguntur,
1939 4167 2005 4221 ut
2037 4157 2158 4219 rite
2194 4154 2382 4216 etiam
2423 4153 2752 4222 Maximus,
2798 4153 2864 4207 in
2905 4163 3044 4207 eam
3088 4161 3222 4206 rem
3262 4160 3609 4224 exponens
3652 4153 3738 4206 ti-

448 4240 674 4302 inium.

443 3186 738 3203 ...νο-ιν..-

1445 4587 1606 4658 ³³⁵
1663 4597 1962 4714 ΤΟΥ
2074 4595 2569 4712 ΑΥΤΟΥ
2634 4617 2648 4627 ’

1121 4819 1688 4916 ΕΡΜΗΝΕΙΑ
1758 4821 1931 4913 ΕΙΣ
2003 4823 2057 4907 Ἰ

2125 4821 2230 4906 )Ν
2296 4817 2478 4913 ΝΘ¹
2537 4815 2629 4906 Ψ
2629 4813 3063 4912 ΑΛΜΟΝ.

1838 5114 2384 5208 EJUSDEM

1514 5312 1922 5377 EXPOSITIO
1955 5311 2040 5372 IN
2092 5308 2460 5372 PSALMUM
2494 5307 2647 5369 LIX.

524 5563 590 5619 In
641 5563 836 5632 ﬁnem;
875 5569 936 5620 iis
970 5569 1060 5637 qui
1111 5568 1553 5633 immutabuntur;
1577 5568 1633 5621 in
1671 5568 1814 5625 tituli
1843 5569 2034 5621 inscri-

2209 5565 2315 5628 Εις
2351 5562 2418 5614 τὸ
2448 5561 2643 5625 τέλος,
2671 5557 2794 5621 τοῖς
2821 5548 3453 5621 ἁλλοιωθησομένοις·
3495 5554 3597 5621 εις
3621 5569 3770 5626 στη-

467 5655 688 5722 rlioncm
725 5657 822 5727 ipsi
868 5656 1078 5723 David;
1123 5661 1178 5713 in
1227 5659 1547 5724 doctrinam,
1597 5676 1719 5713 cum
1772 5659 2042 5712 succendit

2145 5654 2480 5725 ,ιοῃοαερίαν
2514 5652 2594 5717 τῷ
2622 5650 2829 5705 Δαϐίδο
2870 5650 2957 5715 εἰς
2984 5644 3264 5715 διδαχὴν,
3299 5646 3498 5702 ὁπότε
3529 5647 3772 5704 ἐνεκύ-
