4126 6316
453 303 554 368 857

1524 308 1925 370 EXPOSITIO
1963 270 2062 369 IN'
2085 308 2445 372 PSALMUM
2487 315 2637 373 LIX.

3576 293 3688 356 858

445 435 583 490 ρισε
617 422 729 488 τὴν
758 424 1238 494 Μεσοποταμίαν,
1270 425 1369 479 καὶ
1417 426 1532 494 τὴν
1580 426 1802 495 Συρίαν
1850 423 2014 479 Σωσᾶ

2140 424 2568 497 llesOpotamiam,
2585 438 2633 482 et
2651 426 2864 498 Syriam
2888 428 3023 484 Saba
3046 446 3064 483 :
3085 438 3134 482 et
3168 445 3404 483 reversus
3435 439 3511 484 est
3527 428 3686 497 Joab,

457 511 599 585 [erat
629 511 860 584 Zw6dl]°
891 515 988 568 καὶ
1009 515 1384 584 ἐπέστρεψεν
1418 515 1594 580 Ἰωὰϐ,
1613 507 1724 569 ’καὶ
1757 513 2019 579 ἐπάταξε

454 603 566 671 τὴν
590 602 864 674 φάραγγα
895 603 1012 660 τῶν
1039 605 1221 660 Ἁλῶν
1245 606 1472 661 δώδεκα
1494 606 1790 676 χιλιάδας.

526 697 630 761 Είς
673 697 738 749 τὸ
763 696 957 762 τέλος,
995 697 1119 763 τοῖς
1148 696 1731 767 ἀλλοιωθησομένοις
1768 697 1797 747 ὁ
1826 693 2019 764 παρὼν

455 783 818 855 ἐπιγράφεται
868 783 1323 856 [ἐπιγέγραπται]
1367 784 1579 856 ψαλμάς
1608 799 1622 815 '
1677 783 1766 838 διά
1809 799 1870 835 τε
1917 783 2018 852 τὴν

455 875 549 929 ἐπὶ
592 876 734 929 τέλει
761 875 870 930 τῶν
924 876 1132 947 χρόνων
1148 877 1236 931 διὰ
1284 877 1384 948 τῆς
1423 875 1716 946 ἐπιδημίας
1762 874 1856 928 τοῦ
1895 875 2024 944 Χρι-

460 965 584 1019 στοῦ
616 966 915 1037 γενομένην
943 968 1053 1031 τοῖς
1084 966 1392 1038 ἀνθρώποις
1427 965 1487 1031 ἐξ
1513 965 1770 1028 ἀπιστίας
1821 964 1902 1028 είς
1934 964 2024 1016 πί-

463 1072 600 1119 στιν,
629 1057 725 1109 καί⁵
762 1056 869 1110 ἀπὸ
899 1057 1097 1123 κακίας
1143 1059 1224 1122 είς
1267 1058 1490 1130 ἀρετὴν,
1534 1058 1628 1111 καὶ
1673 1055 1896 1124 ἀγνοίας
1944 1055 2024 1116 είς

461 1146 662 1215 γνῶσιν
698 1146 832 1202 Θεοῦ
856 1150 1140 1220 γνωμικην
1170 1165 1230 1201 τε
1273 1146 1368 1202 καὶ
1419 1146 1810 1219 προαιρετικὴν
1854 1162 2028 1217 -μετα-

465 1237 627 1309 εολὴν
649 1239 748 1293 καὶ
774 1239 1058 1293 ἀλλοίωσιν
1088 1255 1102 1270 ·
1135 1239 1234 1294 Διά
1251 1257 1311 1293 τε
1327 1240 1426 1310 τὴν
1453 1240 1532 1303 είς
1558 1239 1784 1310 ὕστερον
1816 1237 1909 1292 ἐπὶ
1937 1235 2026 1291 τέ-

465 1328 548 1384 λει
578 1333 687 1388 τῶν
720 1331 933 1386 αἰώνων
961 1334 1334 1404 γενησομένην
1361 1333 1428 1386 δι’
1459 1331 1624 1387 αὐτοῦ
1654 1330 1749 1385 τοῦ
1778 1330 2028 1400 Σωτῆρος

467 1421 626 1492 ήμῶν
657 1421 790 1475 Θεοῦ
816 1422 1110 1495 καθολικὴν
1127 1424 1220 1477 τοῦ
1249 1423 1450 1487 παντὸς
1478 1423 1668 1493 γένους
1691 1422 1799 1477 τῶν
1822 1417 2029 1492 ἀνθ’ρώο

467 1527 584 1564 πων
638 1512 696 1564 ὲν
753 1513 932 1584 χάριτι
979 1512 1212 1584 φυσικὴν
1245 1516 1311 1567 ὲκ
1344 1513 1572 1567 Θανάτου
1603 1513 1696 1566 καὶ⁵
1723 1512 1927 1583 φθορᾶς
1951 1512 2026 1574 είς

465 1603 608 1674 ζωὴν
637 1603 901 1657 ἀθάνατον
935 1605 1029 1657 καὶ
1058 1604 1387 1676 ἀφθαρσίαν,
1412 1604 1500 1658 διὰ
1523 1607 1622 1676 τῆς
1651 1603 2032 1674 προσδοκωμέ-

465 1711 562 1765 νης
599 1693 968 1758 ἀναστάσεως,
994 1693 1274 1749 ἀλλοίωσίν
1324 1711 1387 1749 τε
1433 1696 1529 1748 καὶ
1579 1694 1895 1749 ἀνανέωσιν.
1924 1693 2030 1758 Εἰς

469 1786 920 1853 στηλογραςρίαν
955 1785 1032 1855 (α)
1071 1785 1147 1862 δὲῆ
1180 1785 1260 1850 τῷ
1309 1785 1488 1839 Δαϐίδ
1512 1799 1526 1814 °
1557 1783 1848 1848 τουτέστιν,
1879 1780 2028 1852 αὑτῷ

466 1872 544 1942 τῷ
578 1872 798 1943 Χριστῷ
832 1889 847 1904 ·
885 1874 973 1926 δια
1005 1889 1064 1926 τε
1096 1872 1194 1944 τὴν
1236 1875 1533 1945 γενομένην
1569 1874 1671 1944 ήδη
1730 1872 1873 1926 κατά
1930 1871 2030 1943 τὴν

471 1962 620 2014 θείαν
657 1961 822 2015 αὐτοῦ
868 1963 1142 2032 σάρκωσιν
1193 1964 1396 2034 στήλης
1425 1963 1603 2034 δίκην,
1633 1964 1694 2017 ὲν
1736 1960 1886 2032 αὐτῷ
1933 1961 2032 2032 μὲν

471 2051 546 2114 ὡς
575 2051 803 2122 ἀρχηγῷ
831 2053 926 2105 καὶ
953 2053 1188 2126 Σωτῆρι,
1213 2055 1309 2110 καὶ
1342 2055 1460 2125 μετ’
1485 2054 1650 2109 αὑτὸν
1679 2055 1738 2108 ἐν
1773 2055 1888 2117 τοῖς
1911 2053 2032 2106 κατ’

471 2139 632 2194 αὐτὸν
662 2141 898 2204 εὐσεϐῶς
930 2141 1128 2211 βιοῦσι,
1158 2146 1258 2213 τῆς
1289 2143 1483 2209 κακίας
1504 2144 1780 2217 ἀναίρεσιν
1801 2160 1819 2176 ο
1850 2143 1940 2197 διά
1972 2158 2032 2195 τε

471 2227 563 2280 τὸν
594 2227 675 2280 ἔτι
703 2228 769 2281 δι’
800 2228 965 2283 αὐτοῦ
998 2231 1364 2302 γενησόμενον
1385 2230 1620 2302 παντελῆ
1647 2221 1746 2285 τοῦ
1775 2248 1837 2285 τε
1866 2231 2036 2285 θανά-

471 2335 565 2372 του
593 2319 804 2388 καὶτῆς
831 2317 1035 2391 φθορᾶς
1060 2322 1387 2390 ἀφανισμόν.
1419 2324 1521 2386 Εἰς
1547 2321 1801 2390 διδαχὴν
1833 2321 1890 2373 δὲ
1931 2324 2038 2374 ὁπ-

473 2409 621 2462 όταν
629 2408 946 2476 ἐνεπύρισε
957 2409 1072 2475 τὴν
1091 2409 1571 2478 Μεσοποταμίαν,
1588 2409 1686 2464 καὶ
1704 2410 1774 2479 (b)
1793 2409 1908 2477 τὴν
1925 2413 2038 2464 Συ-

469 2497 613 2566 ρίαν
646 2495 813 2552 Σωσᾶ
855 2495 976 2568 [Fr.
1029 2496 1264 2568 Σωϐἀλ].
1298 2497 1388 2561 Εἰς
1444 2498 1663 2569 διδαχὴν
1706 2499 1868 2568 ἡμῖν,
1914 2501 2026 2562 τοῖς

477 2586 877 2656 ἁλλοιουμένοις
931 2587 1026 2640 καὶ
1075 2586 1615 2658 ἀλλοιωθησομένοις,
1660 2587 1904 2658 δηλονότι
1939 2588 2037 2658 τὴν

477 2674 765 2745 ἐπαινετὴν
816 2675 912 2727 καὶ
967 2674 1117 2728 θείαν
1175 2674 1477 2740 ἀλλοίωσιν,
1529 2678 1554 2729 ὁ
1591 2675 1805 2746 ψαλμδς
1852 2676 2037 2744 ἐπιγέ-

477 2783 724 2837 γραπται
755 2765 906 2837 παρά
934 2765 1028 2820 τοῦ
1066 2766 1230 2819 Δαόὶδ
1253 2766 1347 2819 τοῦ
1376 2767 1568 2835 νοητοῦ
1603 2784 1618 2798 ο
1652 2766 1796 2835 λέγω
1813 2766 1871 2820 δὲ
1898 2767 2038 2835 Χρι-

480 2856 608 2910 στοῦ
637 2856 729 2910 τοῦ
767 2856 926 2913 Θεοῦ.
957 2857 1134 2920 Μόνος
1169 2855 1280 2928 γὰρ
1313 2857 1477 2920 αὐτὸς
1510 2855 1762 2927 ἀληθινὸς
1788 2856 2038 2926 βασιλεὺς

481 2947 742 3020 ὑπάρχων
769 2947 864 3002 τοῦ
910 2948 1127 3019 Ἰσραὴλ
1153 2949 1248 3002 καὶ
1296 2948 1531 3014 ὁρῶντος
1560 2948 1712 3010 Θεὸν,
1743 2948 1819 3010 ὡς
1856 2947 2038 3016 πάσης

2119 523 2169 568 et
2196 519 2450 585 percussit
2476 515 2670 571 vallem
2701 517 3010 572 Salinarum
3043 518 3312 572 duodecim
3341 517 3511 572 millia
3539 519 3578 572 ‘.

2188 694 2388 750 Psalmi
2415 693 2580 765 hujus
2603 691 2892 763 inscriptio
2915 701 2999 748 est
3025 710 3038 745 :
3069 691 3132 746 In
3154 691 3337 760 ﬁnem,
3372 693 3450 745 his
3471 692 3560 762 qui
3580 693 3653 745 im

2121 786 2622 851 mutabuntur;tum
2659 794 2885 853 propter
2925 783 3166 838 futuram
3223 782 3281 836 in
3327 781 3434 836 ﬁne
3474 793 3686 850 tempo-
3791 822 3796 827 .

2121 892 2265 940 rum,
2289 892 2388 945 per
2416 874 2713 930 adventum
2731 873 2958 940 Christi,
2981 888 3049 927 ex
3075 871 3399 928 inﬁdelitate
3414 872 3482 926 ad
3501 871 3685 937 ﬁdem,

2122 981 2297 1036 exque
2321 965 2458 1020 vitio
2485 965 2554 1020 ad
2581 965 2862 1029 virtutem,
2884 979 2949 1019 ac
2977 979 3044 1018 ex
3071 963 3382 1032 ignorantia
3414 961 3482 1016 ad
3507 959 3688 1020 scien4

2125 1056 2277 1122 tiam,
2307 1054 2474 1111 animi
2511 1054 2795 1125 proposito
2827 1070 2892 1110 ac
2915 1054 3217 1117 voluntate,
3253 1052 3537 1108 hominum
3570 1067 3691 1106 mu-

2126 1149 2421 1214 tationem;
2461 1156 2575 1201 tum
2624 1145 2850 1216 propter
2882 1144 3249 1201 exhibendam
3291 1153 3575 1214 postremo
3631 1143 3686 1196 in

2126 1238 2234 1293 ﬁne
2277 1237 2598 1292 seculorum
2649 1250 2748 1304 per
2801 1234 2982 1304 ipsum
3040 1233 3379 1288 Salvatorem
3439 1241 3690 1287 nostrum

2126 1329 2320 1390 Deum,
2355 1325 2598 1382 universi
2628 1324 2847 1395 generis
2878 1324 3104 1378 humani
3138 1325 3450 1379 universam
3479 1324 3533 1376 in
3565 1338 3691 1394 gra-

2128 1420 2204 1476 tia
2228 1419 2532 1475 naturalem
2570 1433 2601 1472 a
2631 1425 2809 1471 morte
2832 1415 3278 1485 etcorruptione,
3310 1414 3378 1468 ad
3400 1414 3566 1468 vitam
3587 1414 3660 1467 im

2129 1509 2411 1564 mortalem
2441 1522 2505 1562 ac
2556 1505 3050 1575 incorruptionem,
3090 1510 3403 1573 exspectata
3444 1517 3692 1557 resurre-

2129 1600 2344 1662 ctione,
2374 1597 2812 1652 immutationem
2855 1610 2920 1650 ac
2961 1594 3396 1650 renovationem.
3440 1592 3505 1646 In
3553 1591 3692 1646 tituli

2129 1699 2312 1745 autem
2336 1688 2730 1758 inscriptionem
2747 1687 2846 1757 ipsi
2861 1685 3058 1752 David,
3086 1684 3193 1740 hoc
3219 1695 3306 1740 est
3317 1684 3558 1748 Christo,
3581 1693 3693 1738 tum

2128 1789 2352 1851 propter
2386 1779 2581 1834 factam
2609 1776 2844 1848 pridem,
2877 1775 3063 1831 divina
3086 1777 3262 1846 ipsius
3295 1775 3693 1834 incarnatione,

2129 1869 2273 1925 tituli
2297 1869 2486 1932 instar,
2520 1868 2575 1922 in
2596 1867 2716 1937 ipso
2739 1866 2982 1936 quidem,
3010 1873 3072 1920 ut
3109 1865 3229 1936 ipso
3262 1865 3403 1920 duce
3427 1881 3491 1920 ac
3513 1865 3697 1919 Salva-

2130 1972 2268 2026 tore,
2295 1959 2364 2015 ab
2409 1975 2585 2030 eoque
2622 1959 2882 2029 deinceps
2916 1959 2972 2012 in
3013 1958 3101 2013 his
3133 1959 3230 2028 qui
3265 1973 3334 2013 ex
3379 1959 3499 2028 ejus
3553 1973 3696 2026 pra»

2129 2053 2336 2123 scripto
2359 2052 2448 2123 pie
2478 2052 2646 2107 vitam
2685 2049 3000 2114 instituunt,
3039 2048 3323 2119 pravitatis
3351 2063 3415 2102 ac
3439 2047 3699 2117 nequitiae

2133 2145 2512 2209 eversionem;
2564 2153 2678 2198 tum
2737 2149 2962 2212 propter
3013 2140 3259 2195 futuram
3313 2139 3528 2204 adhuc,
3581 2139 3700 2208 ipso

2133 2244 2448 2307 praestante,
2492 2235 2759 2303 integram
2797 2232 2990 2288 mortis
3017 2247 3085 2287 ac
3111 2231 3488 2302 corruptionis
3523 2230 3700 2285 aboli-

2134 2326 2360 2382 tionem.
2389 2325 2453 2380 In
2475 2325 2998 2388 doctrinam‘autem,
3024 2339 3144 2377 cum
3178 2321 3446 2377 succendit
3465 2320 3700 2390 llesOpo-

2136 2418 2356 2470 tamiam
2403 2423 2454 2469 et
2493 2413 2705 2484 Syriam
2753 2412 2889 2468 Saba
2912 2429 2931 2466 :
2963 2414 3020 2467 in
3049 2412 3354 2468 doctrinam
3385 2411 3565 2475 nobis,
3605 2409 3701 2479 qui

2136 2509 2493 2562 immutamur
2512 2513 2568 2559 et
2596 2519 2787 2559 sumus
2811 2501 3139 2557 immutandi
3173 2501 3458 2574 (laudabili
3490 2500 3703 2554 scilicet

2136 2611 2201 2650 ac
2220 2596 2406 2650 divina
2450 2591 2849 2663 immutatione)
2876 2593 2945 2647 ab
2979 2591 3208 2661 spiritali
3236 2590 3439 2645 Davide
3464 2589 3698 2660 (Christo

2137 2687 2350 2742 scilicet
2393 2683 2525 2751 Deo)
2586 2683 2884 2752 inscriptus
2923 2690 3009 2736 est
3056 2681 3321 2750 psalmus.
3377 2678 3514 2734 Cum
3551 2677 3702 2733 enim

2139 2793 2285 2831 unus
2322 2777 2437 2845 ipse
2459 2790 2628 2830 verus.
2647 2773 2863 2827 lsraelis
2905 2788 2970 2827 ac
2998 2773 3171 2826 Deum
3201 2770 3441 2825 videntis
3477 2784 3574 2824 rex
3603 2784 3700 2824 ex-

2140 2869 2316 2933 sistat,
2354 2874 2610 2936 tanquam
2642 2864 2862 2918 malitiaa
2888 2863 3066 2918 omnis
3088 2878 3152 2918 ac
3189 2861 3512 2934 ignorantiae
3539 2876 3702 2916 ever-

2139 2973 2250 3022 sor,
2284 2954 2572 3022 omnisque
2628 2955 2894 3021 temporis
2936 2967 3001 3006 ac
3031 2959 3244 3006 natura:
3273 2951 3471 3015 victor;
3500 2949 3705 3019 quibus

473 3021 774 3107 ’ἀναιρέτης
795 3038 992 3100 κακίας
1023 3039 1116 3091 καὶ
1141 3038 1438 3124 ἀγνωσίας,
1464 3038 1558 3092 καὶ
1581 3039 1806 3108 νικητὴς
1836 3037 2038 3100 παντὸς

2140 3049 2380 3121 proclive
2411 3046 2574 3116 336
2593 3045 2650 3099 in
2667 3043 2828 3100 nobis
2846 3045 3043 3100 vitium
3064 3044 3416 3114 pravitasque
3440 3040 3706 3096 conﬂatur

478 3128 672 3198 χρόνου
721 3129 812 3180 καὶ
869 3128 1103 3196 φύσεως,
1129 3130 1196 3182 δι’
1227 3122 1302 3183 ὧν
1323 3129 1380 3183 ὲν
1417 3130 1546 3199 ἡμῖν
1572 3129 1742 3183 κακία
1787 3129 2038 3182 συνίστα-

479 3216 602 3270 σθαι
649 3218 890 3285 πέφυκεν
916 3233 930 3248 ο
967 3217 1253 3290 ἐνεπύρισε
1301 3219 1399 3290 τὴν
1445 3221 1916 3291 Μεσοποταμίαν,
1950 3219 2040 3274 διά

479 3308 682 3378 σαρκὸς
727 3309 862 3378 ἡμῖν
901 3308 1167 3379 ὁμιλήσας
1195 3325 1210 3340 ’
1243 3311 1509 3374 τουτέστι,
1535 3311 1634 3383 τὴν
1682 3310 2042 3382 ὲπικλυζομέ-

477 3416 578 3469 νην
621 3401 736 3463 τοῖς
763 3399 914 3471 παρά
965 3399 1128 3468 φύσιν
1152 3401 1350 3454 πάθεσι
1385 3401 1485 3470 τῆς
1545 3401 1744 3473 σαρκὸς
1781 3402 1894 3469 ἕξιν
1942 3403 2043 3473 τῆς

479 3492 692 3554 κακίας.
739 3490 850 3544 Kal
901 3489 1016 3558 τὴν
1042 3491 1267 3560 Συρίαν
1295 3490 1463 3547 Σωσᾶ.
1491 3490 1674 3564 [etiam
1705 3492 1795 3548 Fr.
1835 3493 1993 3550 Σωσᾶ
2025 3510 2039 3525 ’

479 3591 529 3637 ct
558 3581 842 3653 deinceps],
873 3581 1120 3636 τουτέστι
1164 3581 1265 3653 τὴν
1312 3583 1720 3654 δεδουλωμένην
1742 3583 1820 3655 τῷ
1845 3586 2040 3656 χρόνῳ,

480 3671 648 3742 ἧγουν
675 3670 1039 3740 ὴπατημένην
1066 3670 1144 3740 τῷ
1172 3671 1328 3724 αίῶνι
1357 3671 1533 3742 τούτῳ
1557 3672 1819 3726 διάθεσιν.
1867 3675 2043 3728 Ἑπτὰ

482 3763 590 3834 γὰρ
626 3765 660 3833 ἡ
696 3761 863 3816 Σωόᾶ
890 3761 1252 3833 ἑρμηνεύεται
1285 3779 1300 3793 ⁸
1357 3764 1545 3832 σαφῶς
1591 3765 1647 3818 δὲ
1696 3765 1856 3818 τοῦτο
1897 3765 2047 3834 δηλοί

483 3854 584 3922 τὴν
616 3851 874 3923 χρονικὴν
919 3851 1180 3923 ἰδιότητα.
1216 3851 1603 3923 Ἐϐδοματικδς
1639 3855 1747 3926 γὰρ
1768 3858 1796 3909 ὁ
1832 3857 2042 3926 χρόνος.

483 3943 650 3996 Φύσιν
682 3943 794 4015 γὰρ
823 3945 917 3997 καὶ
966 3944 1158 4014 χρόνον
1189 3944 1380 3998 εἴωθεν
1408 3947 1436 3998 ὁ
1468 3945 1711 4010 διάϐολος
1776 3965 2049 4002 συνεπικι-

483 4035 596 4089 νεῖν
628 4033 808 4104 ἑαυτῷ
833 4036 975 4089 κατὰ
1001 4035 1100 4106 τῆς
1127 4035 1332 4107 ἀρετῆς
1357 4037 1451 4090 καὶ
1482 4039 1580 4107 τῆς
1617 4039 1889 4107 γνώσεως,
1919 4043 2046 4103 τοὺς

483 4128 711 4194 ἀφανεῖς
743 4125 1073 4196 συμπλέκων
1120 4126 1412 4195 πολέμους,
1437 4129 1513 4192 ὡς
1559 4130 1657 4194 τὰς
1703 4117 1798 4184 δύο
1848 4131 2046 4202 Συρίας

488 4216 630 4270 κατά
683 4215 779 4269 τοῦ
823 4215 986 4269 Δαόὶδ
1010 4217 1039 4270 ὁ
1081 4215 1408 4287 Ἀδρααζάρ.
1456 4218 1762 4290 ’Δδρααξάρ
1809 4220 1918 4292 γὰρ
1968 4223 2049 4286 εἰς

480 4308 580 4380 τὴν
607 4308 829 4363 Ἐλλάδα
858 4307 1040 4379 φωνὴν
1059 4308 1554 4379 μεταφραξόμενος,
1607 4315 2044 4386 λύωνεσχὺνω)

2138 3155 2202 3194 ac
2237 3137 2514 3202 inolescit;
2544 3136 2991 3206 Mesopotamiam
3012 3135 3320 3200 succendit,
3356 3148 3454 3203 per
3484 3149 3703 3188 carnem

2138 3229 2427 3284 nobiscum
2467 3235 2758 3290 versatus;
2789 3240 2987 3294 nempe
3028 3231 3368 3294 stagnantem
3399 3222 3708 3292 prolutum-

2140 3335 2246 3392 que
2276 3317 2680 3374 innaturalibus
2705 3314 2886 3369 carnis
2912 3313 3198 3368 aﬁ‘ectibus
3249 3321 3411 3380 atque
3437 3311 3586 3364 vitiis
3613 3310 3711 3363 ιω-.

2141 3412 2339 3466 bitum.
2366 3409 2437 3464 Et
2473 3407 2684 3479 Syriam
2714 3404 2890 3471 Saba;
2926 3404 3161 3474 tempori
3187 3403 3401 3459 scilicet
3425 3402 3707 3472 mancipa—

2143 3513 2274 3566 tam,
2299 3501 2354 3555 id
2373 3508 2478 3565 est,
2516 3497 2702 3554 seaculi
2741 3497 2906 3568 hujus
2929 3511 3118 3551 errore
3149 3494 3394 3549 delusam
3423 3493 3589 3548 animi
3624 3492 3708 3546 af-

2143 3594 2457 3650 fectionem.
2489 3590 2624 3644 Saba
2658 3587 2828 3652 enim,
2855 3586 2900 3642 si
2925 3601 3125 3641 nomen
3174 3583 3578 3652 interpreteris,
3615 3581 3708 3638 Se-

2145 3691 2285 3754 ptem
2313 3680 2582 3750 signiﬁcat
2603 3677 2758 3750 [imo,
2789 3675 3000 3746 Syriam
3021 3675 3174 3745 quasi
3207 3672 3536 3742 militarem],
3563 3671 3709 3742 quod

2148 3773 2204 3827 in
2260 3768 2523 3839 temporis
2571 3767 2748 3837 palam
2811 3765 3200 3834 proprietatem
3247 3771 3424 3817 sonat.
3473 3762 3713 3830 Tempus

2146 3862 2294 3918 enim
2311 3858 2622 3929 septenario
2645 3857 2900 3911 vertitur.
2930 3854 3079 3909 Solet
3096 3853 3243 3908 enim
3279 3852 3548 3916 diabolus,
3581 3852 3710 3905 dum

2146 3951 2406 4006 adversus
2466 3947 2728 4001 virtutem
2769 3961 2833 3999 ac
2865 3943 3150 4000 scientiam
3189 3941 3483 3998 invisibilia
3520 3941 3711 4011 prmlia

2149 4038 2546 4094 commissurus
2577 4044 2683 4100 est,
2732 4051 2840 4088 una
2883 4048 3070 4088 secum
3101 4040 3353 4086 naturam
3389 4041 3714 4099 tempusque

2150 4143 2394 4193 movere,
2423 4127 2570 4182 haud
2598 4142 2757 4182 secus
2778 4141 2843 4180 ac
2879 4125 3156 4179 Adraazar
3181 4123 3372 4178 ambas
3399 4123 3585 4193 Syrias
3615 4123 3714 4176 atl-

2148 4236 2344 4277 versus
2384 4219 2642 4275 Davidem
2665 4220 2707 4271 '.
2741 4217 3018 4271 Adraazar
3072 4214 3245 4278 enim,
3291 4214 3338 4269 si
3389 4214 3444 4268 in
3473 4213 3713 4282 linguam

2151 4320 2395 4370 nostram
2420 4319 2606 4367 vertas
2649 4324 2715 4365 ac
2738 4307 3144 4379 interpreteris,
3177 4305 3462 4360 dissolvens
3505 4305 3715 4375 fartim-

554 4464 573 4494 ³
605 4465 648 4519 ll
681 4466 814 4537 Reg.
842 4480 954 4530 vm,
986 4465 1047 4532 l;
1085 4481 1136 4533 x,
1167 4467 1229 4533 7;
1261 4465 1283 4520 Ι
1312 4464 1486 4521 Paral.
1519 4482 1668 4535 xvm,
1701 4469 1751 4524 1.
1799 4469 2007 4542 'lReg.
2041 4487 2096 4539 ι,
2124 4471 2211 4526 l9.

542 4619 784 4704 .(a)“Elc
833 4623 1310 4704 στηλογραφίαν.
1346 4622 1590 4704 ᾼςειιῐῐιίι
1613 4623 2041 4704 lliaximus_pro-

487 4689 614 4747 clivi
638 4689 950 4764 Graecorum
983 4689 1108 4756 usu,
1142 4689 1202 4764 ut
1224 4691 1378 4764 quasi
1409 4708 1473 4746 ex
1504 4695 1664 4764 titulo
1686 4689 2046 4764 proscriptio-

486 4775 612 4840 nem
649 4760 947 4840 signiﬁcet,
998 4775 1108 4840 seu_
1138 4760 1543 4840 damnationem
1573 4760 1791 4834 (nempe
1825 4760 2046 4840 malitia:

487 4830 740 4909 vitiiqne)
790 4830 988 4909 factam
1027 4832 1207 4909 p_rim_o
1258 4832 1314 4909 in
1359 4830 1598 4896 Christo,
1613 4830 1802 4909 exque
1831 4833 1945 4909 illo,
1983 4847 2047 4909 ac

489 4899 787 4978 petilium.
805 4900 861 4954 in
899 4899 1122 4978 sanctis.
1139 4899 1351 4978 _Potius_
1377 4909 1556 4956 tamen
1607 4899 1730 4970 (hic‘
1749 4901 2045 4978 prgcjpue)

490 4966 709 5020 titulum
735 4968 980 5033 victoria:
1021 4969 1227 5025 Christi
1262 4969 1516 5025 videatur
1558 4966 1773 5026 sonare:
1806 4966 2049 5026 Habetur

490 5035 681 5105 eadem
705 5051 810 5091 vox
853 5039 994 5093 Psal.
1017 5055 1108 5104 xv,
1139 5055 1225 5104 ιν,
1257 5055 1366 5103 Lvl,
1408 5056 1548 5105 LVIII,
1582 5041 1674 5095 ubi
1701 5042 1750 5093 oi
1783 5039 1928 5094 LXX
1966 5039 2049 5094 sic

490 5104 805 5180 reddentes,
835 5107 984 5162 aliud
1033 5109 1294 5164 videntur
1326 5104 1724 5180 legissequam
1751 5109 1920 5180 modo
1941 5107 2048 5165 He-

490 5175 635 5229 braea
679 5175 916 5248 habeant
943 5194 956 5229 :
986 5193 1183 5248 nempe
1217 5175 1404 5242 anan,
1430 5195 1542 5232 non
1577 5175 1648 5233 ἰιι
1667 5179 1780 5248 jam
1821 5178 2053 5247 legimus

489 5255 679 5326 amp,
708 5245 855 5326 quod
889 5245 1279 5326 Arabica—voce
1319 5263 1429 5326 rem
1443 5245 1816 5326 absconditam
1847 5245 2053 5326 signiﬁ-

489 5323 595 5377 cat,
626 5316 682 5370 id
706 5323 819 5387 est,
843 5324 1055 5387 seruata
1086 5317 1321 5387 dignam,
1351 5317 1456 5370 nisi
1484 5320 1650 5372 etiam
1681 5316 2052 5374 sicreddendo

489 5383 742 5465 servandi
766 5385 986 5465 modum
1006 5383 1278 5465 explicare
1293 5387 1602 5452 voluerunt,
1623 5397 1682 5442 ut
1704 5387 1915 5465 scilicet
1933 5401 2053 5458 per-

491 5454 618 5520 enni
679 5454 837 5508 titulo
884 5455 953 5509 ad
991 5454 1309 5509 memoriam
1358 5465 1626 5520 servetur,
1680 5473 1745 5512 ac
1768 5454 2051 5510 velut'co-

494 5519 695 5595 lumnae
723 5521 1065 5595 inscriptum.
1106 5524 1197 5578 Sic
1218 5539 1368 5595 saepe
1406 5525 1506 5589 illi,
1531 5519 1694 5595 paulo
1738 5525 1898 5595 aliter
1929 5524 2052 5578 red-

495 5587 696 5670 dendo,
727 5605 838 5670 non
870 5587 1003 5670 alias
1030 5608 1190 5670 voces
1218 5587 1501 5670 legerunt,
1533 5587 1635 5670 sed
1662 5601 1722 5649 ut
1751 5594 2048 5670 eas__ips_as,

499 5673 631 5726 quas
655 5659 906 5730 legimus,
940 5659 1431 5719 clarioribus'aliis
1470 5664 1783 5730 redderent,
1821 5659 1927 5720 sibi
1963 5663 2047 5718 in-

2148 4623 2700 4689 dulserunt.Quidam
2731 4621 3156 4675 instrumentum
3184 4619 3451 4674 musicum
3483 4618 3671 4672 volunt
3696 4636 3711 4672 :

2151 4694 2244 4748 alii
2276 4692 2488 4762 insigne
2523 4693 2787 4756 militare;
2818 4706 2944 4745 cum
2979 4691 3099 4762 ejus
3135 4689 3289 4762 radix
3314 4689 3385 4762 sit
3422 4699 3559 4750 Dm,
3595 4705 3716 4762 quae

2151 4780 2290 4833 auri
2323 4758 2508 4833 Optimi
2562 4779 2795 4817 massam
2854 4761 3141 4833 signiﬁcat.
3195 4759 3387 4833 Cbald.
3427 4758 3716 4826 exemplar,

2150 4832 2296 4902 quod
2322 4829 2498 4900 ipsum
2523 4847 2552 4886 a
2570 4833 2715 4886 tituli
2741 4829 3098 4902 inscriptione
3108 4845 3230 4902 non
3247 4829 3404 4902 valde
3424 4836 3715 4902 remotum,

2151 4896 2408 4972 adjuncta
2435 4903 2735 4972 praesertim
2763 4896 3025 4963 voce-el;
3051 4899 3292 4968 διδαχήν,
3333 4899 3389 4951 in
3433 4896 3716 4948 documen-

2153 4981 2283 5026 tum.

2224 5040 2297 5112 (ὁ)
2354 5039 2474 5112 Τὴν
2508 5040 2732 5112 Συρίαν
2787 5036 2976 5112 Σωϐᾶ.
3007 5036 3100 5091 Sic
3137 5034 3400 5112 emendo,
3440 5031 3608 5112 quod_
3639 5034 3717 5112 i_t_a

2153 5102 2517 5179 sequentibus
2537 5102 2764 5179 codices
2794 5107 3084 5179 habeantL
3101 5119 3209 5157 non
3238 5102 3635 5179 206a}._quod_
3654 5104 3720 5158 li-

2153 5171 2285 5248 quet
2320 5194 2430 5248 non
2457 5177 2762 5248 reddidisse
2789 5176 2912 5248 τοὺς
2945 5172 3109 5248 _L_X_X,
3148 5180 3331 5248 utnec
3353 5171 3602 5248 liebrjea
3623 5172 3717 5226 ha-

2155 5240 2306 5312 bent,
2335 5247 2430 5302 sed
2467 5247 2707 5315 idipsum
2745 5243 2902 5315 quod
2945 5243 2989 5296 ll
3017 5243 3150 5315 Reg.
3191 5250 3246 5294 et
3282 5241 3303 5295 l
3353 5240 3718 5315 Par._l_lbique

2153 5310 2301 5372 enim
2322 5326 2478 5380 mw,
2519 5310 2643 5370 cum
2670 5310 2832 5368 Sob‘al
2858 5313 3018 5380 longe
3063 5310 3167 5365 alia
3199 5326 3301 5364 vox
3333 5311 3425 5373 sit,
3460 5310 3718 5378 aliudque

2156 5386 2444 5455 signiﬁcet,
2464 5395 2628 5455 atque
2658 5383 2782 5437 aliis
2812 5397 3038 5455 prorsus
3055 5381 3254 5434 litteris
3288 5380 3554 5455 lleb‘raiee
3578 5382 3716 5434 scri-

2156 5439 2558 5531 batur,nenipé
2581 5439 2746 5516 διν,
2793 5439 2872 5531 uti
2907 5459 2964 5531 et
2991 5466 3098 5520 qua
3137 5448 3714 5531 septem_signiﬁcant,

2153 5534 2300 5588 Villi},
2349 5518 2658 5592 mirumque
2689 5521 2906 5592 venisse
2922 5518 3278 5592 inimentem
3312 5518 3561 5592 Maximo,
3603 5518 3718 5575 sive

2154 5593 2356 5663 ei,qui
2399 5595 2477 5649 illi
2509 5587 2702 5654 auctor
2717 5589 2893 5663 etymi
2913 5589 3038 5652 fuit,
3064 5599 3126 5663 ut
3162 5587 3523 5663 Sobaseptem
3549 5588 3718 5644 inter.

2156 5660 2498 5734 pretareturi;
2534 5678 2657 5719 cum
2683 5662 2755 5719 sit
2774 5660 2919 5719 clare
2947 5660 3222 5726 exercitus,
3251 5660 3507 5723 militans,
3538 5667 3648 5714 etc.
