4154 6322
380 316 488 380 859

1548 312 1609 370 S.
1649 307 1938 369 MAXIMI
1970 302 2480 366 CONFESSORIS

3525 303 3630 365 860

381 431 558 484 dinem
585 429 812 496 dicitur,
839 439 935 489 aut
978 433 1270 503 potentiam
1302 436 1573 491 evertens;
1605 438 1801 493 nempe
1833 421 1951 475 dia-

2064 416 2086 486 ἣ
2113 416 2554 470 κατασκάπτων
2590 415 2848 485 δύναμιν
2882 413 3273 486 ἑρμηνεύεταιο
3305 414 3453 476 ὅστις
3486 417 3633 470 ἐστὶν

381 521 543 576 holus
569 563 583 583 ,
635 523 730 591 qui
765 523 1007 592 spiritale
1056 524 1308 578 humanm
1339 528 1548 574 natura:
1568 517 1756 578 robur,
1801 512 1957 568 sedu-

381 609 580 672 cendo,
610 609 781 663 divini
814 610 1249 680 transgressione
1274 607 1516 662 mandati
1550 605 1618 659 ab
1655 603 1814 657 initio
1842 602 1958 656 dis-

379 697 567 757 solvit,
592 706 758 765 atque
802 695 1082 750 hominem
1130 704 1344 750 naturai
1374 711 1437 750 ac
1472 692 1706 762 tempori
1735 705 1955 746 servum

379 783 606 836 addixit.
637 783 858 852 Absque
892 784 1040 837 enim
1067 783 1156 848 iis,
1189 800 1311 852 qua:
1344 791 1556 837 natura:
1589 779 1829 835 subsunt
1876 787 1960 832 at-

377 890 484 944 que
534 875 791 943 tempori,
828 877 1058 931 omnino
1109 875 1375 931 adversus
1421 874 1674 929 homines
1720 887 1958 944 pugnam

379 963 653 1020 instruere
682 968 894 1036 nequit.
1419 981 1428 990 '

453 1059 516 1112 Et
541 1076 775 1114 reversus
795 1071 869 1113 est
890 1060 1041 1125 Joab,
1068 1068 1117 1114 et
1143 1060 1395 1131 percussit
1421 1057 1618 1111 vallem
1646 1054 1958 1111 Salinarum

377 1147 642 1203 duodecim
661 1149 1116 1220 millia.Quisquis
1131 1150 1278 1206 enim
1297 1148 1562 1220 spiritalis
1579 1148 1724 1216 regis
1737 1146 1959 1202 Davidis

381 1240 459 1310 (id
476 1249 577 1302 est,
596 1241 814 1296 Domini
833 1243 1009 1297 nostri
1021 1242 1154 1298 Jesu
1173 1241 1398 1312 Christi)
1419 1242 1530 1296 dux
1545 1239 1752 1295 militiae
1769 1247 1972 1295 contra

375 1333 722 1388 adversarias
751 1343 1053 1402 potestates
1081 1335 1290 1399 educit,
1325 1335 1618 1392 duodecim
1644 1333 1815 1388 millia
1841 1348 1972 1403 per-

378 1423 518 1478 cutit
562 1423 619 1478 in
653 1426 795 1480 valle
830 1425 1163 1481 Salinarum.
1193 1427 1364 1482 Vallis
1409 1436 1592 1482 autem
1650 1426 1959 1481 Salinarum

380 1529 510 1568 caro
532 1524 640 1578 est,
669 1522 731 1569 ut
753 1532 877 1582 quae
900 1518 1454 1586 probrosissimorum
1481 1518 1780 1572 aﬁ'ectuum
1807 1517 1962 1572 locus

380 1620 482 1674 per
503 1603 938 1661 inobedientiam
966 1607 1108 1662 facta
1124 1609 1216 1663 sit.
1236 1609 1294 1663 In
1321 1609 1424 1675 hac
1441 1608 1596 1678 quasi
1623 1609 1785 1672 valle,
1812 1607 1962 1678 quis-

379 1695 505 1765 quis
527 1696 650 1764 pius
671 1705 758 1751 est
774 1713 837 1752 ac
863 1699 1173 1768 religiosus,
1198 1699 1430 1755 rationis
1446 1700 1614 1754 armis
1629 1715 1693 1754 ac
1714 1707 1962 1753 contem-

379 1785 659 1854 plationis,
679 1795 933 1843 naturam
949 1805 1018 1843 ac
1035 1801 1250 1859 tempus
1270 1791 1543 1861 percutit;
1567 1791 1962 1845 abhorrentem

379 1875 592 1931 scilicet
612 1877 866 1932 aratione
882 1890 1204 1947 occupatam
1225 1881 1464 1939 animiin
1483 1881 1594 1936 illis
1614 1882 1959 1952 opinionem,

365 1979 488 2036 'qua
523 1977 748 2039 praestat
788 1970 1014 2026 virtutis
1060 1989 1126 2029 ac
1159 1974 1405 2030 scientiae
1433 1974 1705 2040 celsitate,
1752 1982 1964 2029 naturae

381 2063 728 2132 temporique
757 2063 1016 2119 obnoxiis
1057 2065 1275 2136 legibus
1307 2066 1734 2136 haudquaquam
1762 2066 1962 2121 immo-

386 2169 534 2209 rans.
589 2155 975 2212 Duodenarius
1032 2158 1182 2213 enim
1211 2173 1481 2213 numerus
1515 2166 1771 2212 naturam
1817 2165 1962 2211 tem-

380 2261 592 2316 pusque
615 2248 924 2320 signiﬁcat;
951 2250 1156 2320 quippe
1185 2267 1312 2305 cum
1345 2260 1575 2314 natura,
1617 2250 1689 2305 ob
1712 2249 1962 2320 quinque

381 2352 598 2418 sensus,
631 2339 886 2408 quinaria
939 2342 1044 2408 sit;
1075 2351 1291 2412 tempus
1324 2357 1454 2397 vero
1475 2343 1876 2412 septenarium,
1903 2350 1974 2397 ut-

381 2427 560 2483 cuivis
589 2432 946 2501 perspicuum
976 2441 1080 2488 est.
1129 2431 1185 2486 Si
1217 2443 1400 2489 autem
1443 2433 1690 2504 quinque
1723 2443 1963 2503 septem-

381 2534 488 2588 que
518 2521 902 2590 componendo
933 2521 1205 2592 junxeris,
1239 2522 1642 2580 duodenarium
1668 2523 1834 2594 plane
1861 2539 1964 2580 nu-

380 2625 594 2664 merum
627 2611 966 2680 impleveris.

316 2700 321 2705 ’
450 2701 614 2756 Forte
641 2716 776 2757 vero
805 2703 1118 2758 occisorum
1152 2720 1441 2764 numerus.
1475 2704 1804 2767 facultatum
1840 2703 1960 2758 ani-

381 2791 457 2844 mi
486 2793 793 2847 ternionem
820 2794 1122 2865 signiﬁcat,
1176 2812 1362 2851 rerum
1404 2796 1462 2851 in
1495 2812 1720 2852 sensum
1760 2796 1962 2851 caden-

381 2882 518 2937 tium
541 2884 894 2952 quaternioni
921 2886 1063 2942 male
1083 2887 1294 2941 erroris
1310 2886 1636 2942 seductione
1665 2886 1964 2956 implexum

379 2979 546 3061 atqtie
567 2973 849 3039 innexum,
881 2974 1027 3030 unde
1052 2975 1325 3045 quidquid
1348 2984 1702 3046 peccatorum
1725 2986 1811 3031 est
1837 2992 1968 3046 pro-

2060 508 2090 560 6
2124 507 2388 570 διὰϐολος,
2428 509 2456 559 6
2487 507 2552 560 δι’
2572 507 2788 578 ἀπάτης
2815 509 2912 575 τὴν
2941 504 3313 576 πνευματικὴν
3359 507 3513 575 ἰσχὺν
3535 507 3634 578 τῆς

2059 599 2335 670 ἡμετέρας
2390 599 2603 668 φύσεως
2663 601 2785 653 κατ’
2843 599 3019 668 ἀρχὰς
3062 601 3129 669 τῇ
3180 598 3491 670 παραϐάσει
3534 600 3636 669 τῆς

2061 689 2209 755 θείας
2234 691 2455 763 ἐντολῆς
2492 692 2770 756 διαλύσας,
2800 692 2894 744 καὶ
2927 691 3002 760 τῷ
3028 692 3204 762 χρόνῳ
3237 691 3333 744 καὶ
3365 693 3430 761 τῇ
3474 691 3636 759 φύσει

2059 781 2335 846 δουλώσας
2361 783 2450 836 τὸν
2477 783 2786 855 ἄνθρωπον.
2823 785 2985 835 Ἀνευ
3019 783 3125 852 γὰρ
3158 783 3268 834 τῶν
3327 783 3434 836 ὑπὸ
3474 783 3634 849 φύσιν

2061 877 2158 930 καὶ
2208 877 2424 948 χρόνον,
2465 875 2735 947 μάχεσθαι
2778 877 2891 938 τοῖς
2925 874 3234 946 ἀνθρώποις
3263 874 3544 936 παντελῶς
3573 875 3634 928 ού

2059 966 2300 1021 δύναται.

2129 1058 2236 1111 Καὶ
2247 1058 2622 1126 ἐπέστρεψεν
2649 1057 2810 1111 ἰωὰϐ
2825 1055 2924 1109 καὶ
2941 1055 3202 1121 ἐπάταξε
3222 1055 3338 1124 τὴν
3356 1055 3638 1125 φάραγγα

2059 1148 2180 1202 τῶν
2212 1148 2392 1203 Ἁλῶν
2412 1147 2642 1202 δώδεκα
2665 1147 2959 1218 χιλιάδας.
2994 1149 3110 1212 Πᾶς
3143 1147 3251 1217 γὰρ
3279 1148 3307 1200 6
3343 1147 3419 1218 τῷ
3458 1145 3640 1217 νοητῷ

2062 1239 2272 1310 βασιλεῖ
2338 1242 2502 1296 Δαὸὶδ
2565 1240 2930 1312 στρατηγῶν,
2988 1241 3240 1293 τουτέστι
3297 1240 3378 1310 τῷ
3445 1241 3637 1310 Κυρίῳ

2063 1331 2224 1404 ἡμῶν
2262 1332 2460 1401 Ἰησοῦ,
2490 1332 2634 1386 κατὰ
2657 1331 2766 1384 τῶν
2799 1331 3055 1384 ἐναντίων
3077 1331 3386 1402 δυνάμεων,
3425 1333 3638 1386 πατάσ-

2067 1440 2150 1477 σει
2181 1423 2388 1478 δώδεκα
2414 1424 2666 1494 χιλιάδας.
2682 1424 2741 1475 ὲν
2768 1425 2834 1494 τῇ
2868 1423 3113 1492 φάραγγι
3155 1423 3266 1476 τῶν
3308 1423 3496 1476 Ἁλῶν.
3525 1423 3637 1476 Φά-

2064 1513 2200 1584 ραγξ
2225 1514 2282 1567 δέ
2314 1514 2462 1568 ἐστιν
2503 1513 2674 1568 ’Λλῶν
2697 1517 2730 1586 ἡ
2756 1512 2914 1585 σὰρξ,
2942 1513 3019 1576 ὡς
3050 1513 3251 1584 χωρίον
3283 1512 3473 1566 παθῶν
3517 1513 3636 1567 ἀτι-

2065 1607 2198 1677 μίας
2244 1606 2340 1660 διὰ
2388 1606 2498 1678 τῆς.
2539 1609 2824 1677 παρακοῆς
2882 1605 3150 1676 γενομένη
3178 1621 3194 1637 ·
3231 1607 3288 1657 ἐν
3323 1597 3638 1678 ᾖκαθάπερ

2065 1699 2311 1770 φάραγγι
2333 1698 2420 1752 διὰ
2450 1698 2611 1767 λόγου
2628 1699 2724 1752 καὶ
2749 1697 3005 1769 θεωρίας,
3038 1699 3148 1760 πᾶς
3178 1696 3411 1766 εὺσεύὴς
3438 1697 3529 1749 καὶ
3555 1714 3638 1765 φι-

2064 1789 2248 1852 λόθεος
2295 1789 2592 1844 πατάσσει.
2623 1789 2787 1858 φύσιν
2836 1790 2931 1843 καὶ
2963 1789 3154 1859 χρόνον
3181 1806 3196 1820 ο
3233 1789 3404 1859 ἤγουν
3424 1788 3526 1859 τὴν
3547 1789 3634 1842 ἐπ’

2061 1881 2248 1944 αὐτοῖς
2303 1880 2402 1950 τῆς
2444 1880 2624 1949 ψυχῆς
2669 1880 2982 1950 παράλογον
3018 1878 3308 1950 πρόληψιν,
3371 1878 3637 1949 μηδαμῶς

2061 1971 2326 2042 ἐμμένων
2339 1971 2427 2025 διὰ
2460 1971 2519 2024 τὸ
2549 1970 2684 2039 ὕψος
2719 1971 3055 2040 τῆςὰρετῆς
3084 1970 3180 2023 καὶ
3226 1968 3324 2038 τῆς
3359 1967 3635 2036 γνώσεως,

2060 2066 2186 2127 τοῖς,
2221 2063 2325 2116 ὑπὸ
2359 2062 2522 2132 φύσιν
2563 2061 2658 2116 καὶ
2711 2061 2899 2133 χρόνον
2927 2061 3132 2132 νόμοις
3174 2061 3234 2114 Ὀ
3274 2059 3386 2130 γὰρ
3429 2058 3639 2112 δώδεκα

2063 2151 2306 2224 ἀριθμὸς.
2343 2151 2443 2224 τὴν
2491 2151 2651 2221 φύσιν
2699 2152 2854 2220 δηλοῖ
2893 2151 2990 2207 καὶ
3052 2151 3145 2204 τὸν
3201 2150 3396 2222 χρόνον
3424 2167 3439 2182 ο
3475 2149 3636 2218 εἴπερ

2078 2244 2380 2315 πενταδικὴκ
2406 2245 2504 2315 μὲν
2533 2245 2567 2314 ἡ
2600 2243 2762 2314 φύσις
2791 2243 2880 2297 διὰ
2910 2243 3008 2306 τὰς
3049 2242 3376 2312 αἰσθήσεις·⁶
3405 2240 3641 2311 ἑϐδομα-

2061 2339 2211 2398 τικος
2232 2337 2290 2391 δὲ
2311 2337 2524 2408 χρόνος,
2555 2337 2631 2400 ὡς
2662 2337 2796 2390 πᾶσι
2828 2335 3166 2404 καθέστηκεν
3193 2334 3440 2404 εὔδηλον.
3465 2333 3636 2386 Πέντε

2059 2429 2117 2482 δὲ
2149 2432 2264 2494 τοῖς
2295 2431 2437 2484 ἑπτὰ
2472 2429 2716 2496 συνθεὶς,
2748 2429 2842 2484 τὸν
2865 2427 3073 2482 δώδεκα
3103 2425 3423 2497 πληρώσαις
3458 2425 3525 2479 ἃν
3543 2441 3639 2478 σα-

2062 2520 2186 2589 φῶς,
2207 2521 2466 2592 ἀριθμόν.

2133 2699 2313 2770 Τυχὸν
2339 2699 2396 2752 δὲ
2436 2699 2532 2752 καὶ
2555 2699 2654 2770 τὴν
2683 2699 2870 2762 κακῶς
2915 2699 2982 2752 δι’
3007 2697 3224 2767 ἀπάτης
3265 2695 3416 2768 παρὰ
3477 2695 3639 2765 φύσιν

2064 2792 2592 2862 συμπλακεῖσαν-τῇ
2630 2792 2874 2862 τετριάδι
2906 2789 3169 2862 [τετράδι]
3207 2789 3317 2843 τῶν
3368 2788 3641 2858 αἰσθητῶν

2061 2882 2255 2953 τριάδα
2293 2883 2402 2934 τῶν
2427 2882 2716 2949 δυνάμεων
2749 2882 2848 2952 τῆς
2869 2881 3047 2950 ψυχῆς
3083 2880 3226 2934 κατά
3276 2880 3396 2950 τὴν
3428 2878 3637 2948 σχέσιν,

2061 2974 2130 3026 δι’
2159 2969 2228 3044 ἦς
2269 2975 2421 3027 πᾶσα
2448 2973 2697 3042 γίνεσθαι
2729 2973 2976 3041 πέφυκεν
3003 2970 3246 3043 ἁμαρτία
3269 3013 3286 3037 ,
3331 2973 3360 3023 6
3389 2971 3500 3023 τῶν
3544 2970 3640 3021 ἀν-

381 3065 520 3119 clive
545 3067 752 3133 oritur;
807 3083 972 3137 quem
1023 3069 1284 3136 praeclare
1322 3069 1447 3124 neci
1488 3068 1680 3134 tradit,
1725 3068 1821 3138 qui
1853 3068 1963 3138 spi-

2064 3067 2357 3138 ῃρημένων
2401 3066 2632 3137 ἀριθμὸς
2667 3067 3029 3137 ὑποσημαίνει
3062 3083 3076 3098 °
3126 3066 3186 3119 δν
3252 3063 3641 3133 καταφονεύσει

381 3157 526 3210 ritali
582 3158 813 3222 Davidi,
849 3159 1012 3228 337
1043 3167 1266 3215 certans
1321 3175 1424 3229 pro
1484 3160 1746 3223 veritate,
1791 3175 1963 3230 opera

381 3243 650 3308 deseruit,
678 3245 1059 3314 sapientiaque
1096 3261 1161 3300 ac
1190 3247 1412 3302 solertia
1448 3247 1747 3302 invisibilia
1771 3248 1964 3318 proelia

382 3335 702 3400 committit,
729 3352 794 3391 ac
816 3337 1082 3392 adversus
1121 3337 1489 3407 nequissimus
1516 3348 1820 3408 potestates
1848 3341 1963 3409 spi-

383 3425 622 3480 ritaliter
654 3426 773 3481 acie
807 3426 1078 3482 decernit.
1115 3427 1308 3484 Omnis
1333 3429 1484 3484 enim
1531 3431 1700 3486 animi
1736 3431 1966 3490 facullas

385 3516 778 3572 innaturaliter
833 3529 1014 3583 mota,
1068 3519 1157 3585 iis,
1193 3536 1317 3590 quae
1345 3521 1401 3575 in
1449 3537 1680 3576 sensum
1716 3523 1961 3579 cadunt.

385 3608 501 3663 fere
534 3609 920 3679 complicatur.
964 3609 1103 3666 Cum
1140 3614 1329 3682 itaque
1365 3613 1528 3676 ratio,
1567 3614 1758 3684 iraque
1780 3624 1837 3670 et
1868 3631 1966 3671 cu-

384 3699 609 3770 piditas,
666 3709 777 3756 tres
803 3701 972 3756 animi
1026 3703 1314 3772 generales
1360 3703 1674 3771 facultates,
1709 3706 1876 3762 rebus
1907 3708 1965 3764 in

383 3803 607 3844 sensum
641 3790 966 3846 cadentibus
989 3790 1132 3861 (quae
1161 3791 1421 3848 videlicet
1443 3796 1814 3862 quaternarize
1835 3812 1968 3852 con-

385 3881 609 3952 sistunt)
662 3883 1078 3948 succubuerint,
1133 3884 1824 3942 duodenariumel'ﬁeiun-t
1858 3903 1965 3943 nu-

382 3987 624 4027 merum.
653 3973 901 4039 Quatuor
945 3975 1100 4029 enim
1127 3975 1174 4031 si
1207 3977 1388 4031 tribus
1431 3977 1729 4044 addideris,
1757 3994 1821 4033 ac
1859 3979 1965 4036 tria

2064 3159 2267 3222 καλῶς,
2290 3160 2318 3211 6
2359 3158 2437 3229 τῷ
2477 3158 2657 3228 νοητῷ
2695 3159 2859 3211 Δαϐὶδ
2909 3160 2967 3209 ἐν
3019 3159 3130 3220 τοῖς
3189 3156 3328 3226 ὑπὲρ
3381 3153 3641 3226 ἀληθείας

2064 3249 2270 3318 ἀγῶσιν
2302 3248 2618 3320 ὑπουργῶν,
2655 3249 2746 3301 καὶ
2775 3247 3094 3317 γνωστικῶς
3122 3248 3222 3310 τὰς
3241 3247 3510 3316 ἀοράτους
3534 3245 3642 3316 μά-

2063 3359 2168 3413 χας
2205 3343 2518 3404 συνάπτων,
2551 3341 2646 3395 καὶ
2698 3341 2854 3394 κατὰ
2897 3340 3005 3393 τῶν
3053 3339 3308 3410 πονηρῶν
3359 3339 3644 3409 δυνάμεων

2064 3431 2454 3501 πνευματικῶς
2486 3431 2991 3501 παραταττόμενος.
3027 3429 3184 3482 Πᾶσα
3211 3428 3321 3499 γὰρ
3345 3427 3520 3498 ψυχῆς
3551 3426 3647 3479 δύου

2067 3541 2235 3594 ναμις
2285 3524 2438 3595 παρὰ
2468 3521 2633 3591 φύσιν
2665 3523 2958 3592 κινουμένη
2985 3524 3144 3585 ..τοίς
3180 3519 3466 3588 αἰσθητοῖς
3502 3537 3644 3590 συμ-

2065 3615 2366 3670 πλέκεσθαι
2421 3614 2688 3683 πέφυκεν.
2729 3613 2983 3668 Ἐπειδὰν
3031 3608 3124 3666 οὖν
3149 3613 3179 3664 ὃ
3207 3628 3266 3664 τε
3297 3611 3455 3678 λόγος
3495 3610 3592 3663 καὶ
3616 3612 3646 3663 6

2065 3708 2233 3777 θυμὸς
2258 3709 2404 3777 καὶὴ
2429 3705 2719 3777 ἐπιθυμία,
2750 3705 2899 3777 τρεῖς
2931 3704 3023 3758 τὸν
3052 3702 3286 3774 ἀριθμὺν
3312 3698 3469 3756 οὖσαι
3497 3718 3644 3770 γενι-

2068 3801 2164 3854 atat
2199 3801 2300 3871 τῆς
2347 3799 2528 3868 ψυχῆς
2560 3799 2838 3867 δυνάμεις,
2871 3798 2985 3858 τοῖς
3023 3795 3301 3866 αἰσθητοῖς
3339 3793 3640 3864 ἡττηθῶσι,

2064 3893 2362 3963 τέσσαρσιν
2397 3887 2539 3953 οὖσι,
2572 3890 2664 3944 τὸν
2685 3888 2894 3943 δώδεκα
2925 3887 3160 3957 ἀριθμὸν
3189 3887 3465 3940 ἀποτελεῖ.
3499 3884 3641 3936 Τέσ-

2073 4002 2217 4055 σαρα
2243 3983 2354 4053 γὰρ
2394 3983 2489 4035 ἐπὶ
2508 3981 2658 4052 τρία,
2687 3981 2782 4034 καὶ
2812 3979 2938 4050 τρία
2955 3979 3050 4033 ἐπὶ
3073 3979 3315 4049 τέσσαρα
3339 3979 3454 4040 τοῖς
3480 3977 3643 4029 πέντε

384 4062 614 4133 adjectis
641 4074 882 4134 quatuor
913 4065 1162 4136 quinque
1182 4069 1586 4136 composueris,
1615 4070 1830 4126 huncce
1857 4087 1964 4126 nu-

2068 4077 2449 4148 συντιθέμενα,
2479 4075 2671 4129 τοῦτον
2727 4075 2929 4145 πληροῖ
2970 4071 3327 4143 τδνξάριθμόν
3348 4086 3364 4103 ο
3399 4070 3458 4122 ὃν
3490 4070 3648 4122 ἀναι-

384 4168 598 4207 merum
641 4155 1037 4224 compleveris;
1070 4171 1236 4226 quem
1273 4157 1558 4220 interﬁcit,
1606 4159 1700 4228 qui
1736 4158 1842 4214 ﬁde
1895 4160 1962 4214 ad

2067 4171 2172 4240 ρεῖ,
2206 4171 2233 4221 6
2259 4167 2339 4238 τῷ
2358 4167 2547 4238 Κυρίῳ
2573 4165 2783 4229 πιστῶς
2822 4165 3183 4236 προσχωρῶν.
3211 4164 3303 4215 καὶ
3323 4160 3504 4223 καλῶς
3527 4161 3648 4231 ἀρι-

384 4243 680 4302 Dominum
709 4237 952 4311 accedit;
972 4256 1314 4318 strenueque
1361 4264 1427 4304 ac
1466 4248 1682 4304 fortiter
1699 4251 1966 4306 adversus

2067 4237 2273 4312 στεύων
2310 4237 2467 4312 κατά
2521 4256 2721 4320 παντὸς
2771 4255 3014 4325 ἀφανοῦς
3047 4256 3144 4308 καὶ
3176 4253 3437 4322 πολεμίου
3481 4251 3646 4306 πνεύ-

384 4355 605 4395 omnem
635 4341 1089 4410 iaaspeetabilem
1118 4341 1449 4411 hostemque
1481 4342 1742 4411 spiritum
1767 4344 1970 4413 proelio

384 4431 653 4491 decernit.

456 4522 534 4576 Ea
559 4521 742 4591 itaque
771 4523 968 4592 psalmi
998 4523 1165 4594 hujus
1198 4523 1490 4595 inscriptio
1511 4541 1576 4580 ac
1600 4525 1795 4582 titulus
1819 4537 1903 4582 est
1941 4545 1954 4582 :

387 4613 481 4668 His
515 4615 604 4684 qui
628 4615 1068 4681 immutabuntur;
1093 4617 1255 4672 nobis
1275 4618 1487 4674 scilicet
1525 4637 1538 4673 :
1569 4621 1624 4673 in
1641 4621 1960 4687 doctrinam,

384 4718 587 4772 nempe
625 4719 818 4758 eorum
844 4704 1115 4761 bonorum
1146 4723 1268 4776 quae
1299 4708 1368 4763 ab
1399 4709 1631 4780 spiritali
1677 4712 1879 4767 Davide
1906 4713 1962 4766 in

387 4810 491 4849 nos
516 4806 888 4864 pervenerunt
911 4815 923 4850 :
950 4797 1012 4852 In
1045 4799 1185 4853 tituli
1209 4801 1601 4872 inscriptionem
1629 4804 1735 4873 ipsi
1754 4804 1962 4870 David;

389 4886 496 4941 hoc
533 4895 652 4950 est.
691 4888 745 4942 in
794 4890 1130 4958 praeconium
1176 4906 1240 4946 ac
1289 4894 1718 4949 celebrationem
1767 4911 1961 4951 eorum

389 4996 511 5050 qua:
552 4981 597 5035 is
647 4991 870 5052 propter
919 4999 1019 5038 nos
1045 4984 1232 5040 divina
1284 5001 1349 5042 ac
1395 4987 1655 5043 salutaria
1700 4990 1976 5058 praeclare

389 5071 577 5138 gessit.
615 5070 782 5126 Tituli
813 5073 962 5126 enim
993 5073 1304 5143 inscriptio,
1341 5089 1531 5130 rerum
1563 5078 1828 5146 praeclare
1865 5095 1962 5150 ge-

389 5171 598 5216 starum
627 5167 958 5233 praeconium
996 5182 1060 5222 ac
1102 5167 1530 5223 celebrationem
1577 5169 1868 5241 signiﬁcat,
1905 5183 1964 5229 ut

2071 4369 2261 4421 ματος.

2147 4529 2583 4599 Ἐπιγέγραπται
2608 4526 2741 4598 γοῦν
2768 4528 2797 4580 ὁ
2832 4527 3022 4598 παρὼν
3066 4527 3312 4598 ψαλμδς,
3363 4527 3492 4594 Τοῖς
3551 4528 3651 4597 μὲν

2066 4620 2671 4689 ἁλλοιωθησομένοις,
2734 4621 2886 4690 ἡμῖν,
2943 4622 3031 4686 είς
3094 4619 3371 4690 διδαχὴν,
3416 4619 3524 4672 τῶν
3570 4621 3650 4679 είς

2067 4715 2215 4784 ἡμᾶς
2245 4711 2398 4782 παρὰ
2418 4709 2512 4764 τοῦ
2538 4708 2731 4781 νοητοῦ
2757 4708 2920 4764 Δαὸὶδ
2941 4711 3250 4780 γενομένων
3269 4711 3516 4778 ἀγαθῶν·
3552 4711 3652 4772 Ei;

2068 4803 2531 4873 στηιιογραφίαν·
2549 4801 2608 4854 δὲ
2646 4801 2728 4865 τῷ
2758 4801 2957 4864 Δτιϐὶδ,
2983 4801 3262 4855 τουτέστιν
3303 4803 3384 4864 είς
3411 4802 3655 4871 ἀναῤῥη-

2071 4913 2155 4950 σιν
2175 4897 2284 4949 τῶν
2301 4894 2439 4965 ὑπὲρ
2461 4893 2616 4962 ἡμῶν
2651 4893 2814 4946 αὑτοῦ
2842 4893 3001 4946 θείων
3023 4893 3116 4947 καὶ
3149 4893 3430 4965 σωτηρίων
3451 4910 3654 4963 κατορ-

2070 4989 2358 5059 θωμάτων.
2403 4987 2728 5058 Ἀνὰρῤησιν
2766 4985 2876 5057 γάρ
2904 4985 3340 5056 κατορθωμάτων
3372 4987 3406 5056 ἡ
3463 4985 3655 5056 στηλο-

2069 5081 2287 5153 γραφία
2324 5080 2495 5152 δηλοῖ,
2529 5078 2672 5132 κατὰ
2694 5079 2823 5142 τοὺς
2850 5079 3219 5149 ἐπιστήμονας
3264 5077 3372 5131 τῶν
3398 5077 3656 5132 τοιούτων

2069 5175 2351 5246 ὀνομάτων
2374 5173 2668 5244 ἐξηγητάς.

389 5255 640 5309 sentiunt
682 5257 1085 5328 quiejusmodi
1111 5259 1398 5315 nominum
1443 5260 1556 5314 vim
1596 5263 2102 5332 apprimcnorunt.

457 5345 618 5400 Vens.
643 5345 698 5401 5.
733 5347 894 5414 Deus,
919 5349 1158 5420 repulisti
1183 5369 1275 5406 nos
1299 5361 1349 5406 et
1369 5352 1672 5409 destruxisti
1698 5370 1830 5423 nos;
1853 5359 1969 5412 ira-

394 5449 478 5490 tus
509 5454 583 5503 es,
612 5449 661 5493 et
683 5442 924 5498 misertus
947 5462 1000 5499 es
1031 5445 1197 5499 nobis.

470 5590 1020 5674 (-c)'__.A25w1_r_lO'xuv-.
1055 5600 1264 5674 Nempe
1320 5602 1455 5672 legit
1511 5602 1810 5670 Maximus,
1867 5620 1964 5660 seu

397 5665 493 5744 qui
531 5663 842 5744 illi‘przeivit
873 5663 1284 5744 etymologis'tes
1317 5663 1550 5737 mima,
1583 5676 1738 5744 quasi
1773 5663 1807 5728 θ’
1833 5685 1928 5732 rm
1954 5716 1968 5740 ,

401 5731 706 5804 languidus,
743 5731 951 5808 sicque'
971 5731 1253 5810 scribitur,
1287 5743 1332 5801 ll
1363 5731 1498 5813 R—eg.
1532 5731 1659 5811 vui;
1694 5731 1841 5800 etsil
1873 5731 1972 5800 Pa;

2160 5359 2214 5411 '0
2275 5355 2440 5420 Θεὸς,
2468 5352 2690 5410 ἀπώσω
2753 5351 2932 5422 ἡμᾶς,
2989 5351 3091 5405 καὶ
3142 5351 3418 5418 καθεῖλες
3453 5349 3611 5420 ἡμᾶς
3637 5365 3655 5382 ⁸

2080 5449 2399 5520 ὠργίσθης.
2431 5447 2528 5500 καί
2554 5445 2918 5514 ᾠκτείρησας
2947 5441 3126 5514 ἡμᾶς.

2077 5604 2175 5658 ral.
2206 5619 2356 5662 xvnt.
2385 5609 2470 5656 est
2492 5613 2526 5661 ’τ
2550 5603 2674 5656 loco
2699 5615 2740 5659 -ι
2770 5617 2870 5671 pro
2904 5599 3066 5654 tertia
3093 5599 3302 5671 littera.
3327 5600 3508 5655 Possit
3544 5609 3600 5656 et
3623 5617 3657 5654 a

2075 5683 2170 5731 ’ττι
2204 5675 2433 5727 amicum
2459 5671 2740 5743 auxilium.
2766 5670 2973 5725 Auctor
2999 5670 3382 5743 explicationis
3405 5672 3658 5743 proprio-

2083 5759 2202 5797 rum
2235 5743 2518 5798 nominum
2554 5742 2910 5808 Biblicorum,
2937 5757 3036 5810 per
3054 5754 3094 5798 ‘1
3117 5749 3172 5794 et
3196 5753 3236 5801 Π
3257 5740 3408 5810 legit.
