  <div class='ocr_page' id='page_1' title='image "/cluster/home/n/w/nwhite01/storage/ocr_20150623/90/mdp.39015022223161/437.png"; bbox 0 0 4154 6322; ppageno 0'>
   <div class='ocr_carea' id='block_1_1' title="bbox 321 326 429 392">
    <p class='ocr_par' dir='ltr' id='par_1_1' title="bbox 321 326 429 392">
     <span class='ocr_line' id='line_1_1' title="bbox 321 326 429 392; baseline 0 0"><span class='ocrx_word' id='word_1_1' title='bbox 321 326 429 392; x_wconf 84' lang='lat'><strong>863</strong></span> 
     </span>
    </p>
   </div>
   <div class='ocr_carea' id='block_1_2' title="bbox 1477 316 2404 396">
    <p class='ocr_par' dir='ltr' id='par_1_2' title="bbox 1477 316 2404 396">
     <span class='ocr_line' id='line_1_2' title="bbox 1477 316 2404 396; baseline -0.002 -14"><span class='ocrx_word' id='word_1_2' title='bbox 1477 324 1537 382; x_wconf 92' lang='lat' dir='ltr'><strong>S.</strong></span> <span class='ocrx_word' id='word_1_3' title='bbox 1575 318 1863 396; x_wconf 79' lang='grc' dir='ltr'><strong>ΜΑΧΙΜΙ</strong></span> <span class='ocrx_word' id='word_1_4' title='bbox 1899 316 2404 380; x_wconf 76' lang='lat' dir='ltr'><strong>CONFESSORIS</strong></span> 
     </span>
    </p>
   </div>
   <div class='ocr_carea' id='block_1_3' title="bbox 3455 308 3562 371">
    <p class='ocr_par' dir='ltr' id='par_1_3' title="bbox 3455 308 3562 371">
     <span class='ocr_line' id='line_1_3' title="bbox 3455 308 3562 371; baseline -0.037 1"><span class='ocrx_word' id='word_1_5' title='bbox 3455 309 3524 371; x_wconf 85' lang='lat'><strong>86</strong></span> <span class='ocrx_word' id='word_1_6' title='bbox 3533 308 3562 368; x_wconf 74' lang='grc' dir='ltr'><strong>ι</strong></span> 
     </span>
    </p>
   </div>
   <div class='ocr_carea' id='block_1_4' title="bbox 324 424 1915 503">
    <p class='ocr_par' dir='ltr' id='par_1_4' title="bbox 324 429 1893 503">
     <span class='ocr_line' id='line_1_4' title="bbox 324 429 1893 503; baseline -0.004 -14"><span class='ocrx_word' id='word_1_7' title='bbox 324 447 508 497; x_wconf 87' lang='lat' dir='ltr'><strong>arcus,</strong></span> <span class='ocrx_word' id='word_1_8' title='bbox 566 432 775 503; x_wconf 88' lang='lat' dir='ltr'><strong>absque</strong></span> <span class='ocrx_word' id='word_1_9' title='bbox 828 431 985 498; x_wconf 82' lang='lat' dir='ltr'><strong>facie,</strong></span> <span class='ocrx_word' id='word_1_10' title='bbox 1016 447 1118 489; x_wconf 86' lang='lat' dir='ltr'><strong>nec</strong></span> <span class='ocrx_word' id='word_1_11' title='bbox 1150 433 1326 487; x_wconf 88' lang='lat' dir='ltr'><strong>ullum</strong></span> <span class='ocrx_word' id='word_1_12' title='bbox 1346 431 1489 487; x_wconf 78' lang='lat' dir='ltr'><strong>forte</strong></span> <span class='ocrx_word' id='word_1_13' title='bbox 1514 432 1776 487; x_wconf 83' lang='lat' dir='ltr'><strong>damnum</strong></span> <span class='ocrx_word' id='word_1_14' title='bbox 1822 429 1893 483; x_wconf 90' lang='lat' dir='ltr'><strong>iis</strong></span> 
     </span>
    </p>
   </div>
   <div class='ocr_carea' id='block_1_5' title="bbox 2017 424 3566 503">
    <p class='ocr_par' dir='ltr' id='par_1_5' title="bbox 2017 424 3566 501">
     <span class='ocr_line' id='line_1_5' title="bbox 2017 424 3566 501; baseline -0.003 -21"><span class='ocrx_word' id='word_1_15' title='bbox 2017 427 2144 483; x_wconf 74' lang='lat' dir='ltr'><strong>[mou</strong></span> <span class='ocrx_word' id='word_1_16' title='bbox 2176 431 2330 495; x_wconf 77' lang='grc' dir='ltr'>τόξου</span> <span class='ocrx_word' id='word_1_17' title='bbox 2363 430 2526 501; x_wconf 67' lang='grc' dir='ltr'>φησιν</span> <span class='ocrx_word' id='word_1_18' title='bbox 2560 431 2589 485; x_wconf 86' lang='grc' dir='ltr'><strong>ό</strong></span> <span class='ocrx_word' id='word_1_19' title='bbox 2621 428 2791 497; x_wconf 80' lang='grc' dir='ltr'>Λόγος</span> <span class='ocrx_word' id='word_1_20' title='bbox 2822 427 3114 499; x_wconf 77' lang='grc' dir='ltr'><strong>φεύξεσθαι</strong></span> <span class='ocrx_word' id='word_1_21' title='bbox 3140 426 3268 487; x_wconf 74' lang='grc' dir='ltr'>τοὺς</span> <span class='ocrx_word' id='word_1_22' title='bbox 3294 424 3566 494; x_wconf 77' lang='grc' dir='ltr'>φοϐουμέο</span> 
     </span>
    </p>
   </div>
   <div class='ocr_carea' id='block_1_6' title="bbox 324 523 594 581">
    <p class='ocr_par' dir='ltr' id='par_1_6' title="bbox 324 523 594 581">
     <span class='ocr_line' id='line_1_6' title="bbox 324 523 594 581; baseline -0.011 -1"><span class='ocrx_word' id='word_1_23' title='bbox 324 523 594 581; x_wconf 89' lang='lat' dir='ltr'><strong>attulerit.</strong></span> 
     </span>
    </p>
   </div>
   <div class='ocr_carea' id='block_1_7' title="bbox 401 807 1898 879">
    <p class='ocr_par' dir='ltr' id='par_1_7' title="bbox 401 807 1898 879">
     <span class='ocr_line' id='line_1_7' title="bbox 401 807 1898 879; baseline -0.002 -12"><span class='ocrx_word' id='word_1_24' title='bbox 401 811 465 868; x_wconf 84' lang='lat' dir='ltr'><strong>Ut</strong></span> <span class='ocrx_word' id='word_1_25' title='bbox 508 809 790 865; x_wconf 73' lang='lat' dir='ltr'><strong>liberentur</strong></span> <span class='ocrx_word' id='word_1_26' title='bbox 835 807 1015 863; x_wconf 81' lang='lat' dir='ltr'><strong>dilecti</strong></span> <span class='ocrx_word' id='word_1_27' title='bbox 1067 807 1178 863; x_wconf 80' lang='lat' dir='ltr'><strong>Dei.</strong></span> <span class='ocrx_word' id='word_1_28' title='bbox 1216 808 1410 863; x_wconf 87' lang='lat' dir='ltr'><strong>Dilecti</strong></span> <span class='ocrx_word' id='word_1_29' title='bbox 1453 808 1548 862; x_wconf 85' lang='lat' dir='ltr'><strong>Dei</strong></span> <span class='ocrx_word' id='word_1_30' title='bbox 1595 816 1745 872; x_wconf 89' lang='lat' dir='ltr'><strong>sunt,</strong></span> <span class='ocrx_word' id='word_1_31' title='bbox 1776 824 1898 879; x_wconf 70' lang='lat' dir='ltr'><strong>qua:</strong></span> 
     </span>
    </p>
   </div>
   <div class='ocr_carea' id='block_1_8' title="bbox 322 899 1896 972">
    <p class='ocr_par' dir='ltr' id='par_1_8' title="bbox 322 899 1896 972">
     <span class='ocr_line' id='line_1_8' title="bbox 322 899 1896 972; baseline -0.002 -16"><span class='ocrx_word' id='word_1_32' title='bbox 322 917 425 972; x_wconf 87' lang='lat' dir='ltr'><strong>per</strong></span> <span class='ocrx_word' id='word_1_33' title='bbox 452 899 966 970; x_wconf 79' lang='lat' dir='ltr'><strong>contemplationem</strong></span> <span class='ocrx_word' id='word_1_34' title='bbox 993 899 1233 954; x_wconf 84' lang='lat' dir='ltr'><strong>divinam</strong></span> <span class='ocrx_word' id='word_1_35' title='bbox 1276 901 1561 954; x_wconf 79' lang='lat' dir='ltr'><strong>scientiam</strong></span> <span class='ocrx_word' id='word_1_36' title='bbox 1591 900 1896 968; x_wconf 89' lang='lat' dir='ltr'><strong>continent,</strong></span> 
     </span>
    </p>
   </div>
   <div class='ocr_carea' id='block_1_9' title="bbox 325 990 1899 1062">
    <p class='ocr_par' dir='ltr' id='par_1_9' title="bbox 325 990 1899 1062">
     <span class='ocr_line' id='line_1_9' title="bbox 325 990 1899 1062; baseline 0.001 -17"><span class='ocrx_word' id='word_1_37' title='bbox 325 993 608 1047; x_wconf 89' lang='lat' dir='ltr'><strong>rationes:</strong></span> <span class='ocrx_word' id='word_1_38' title='bbox 635 1005 774 1060; x_wconf 88' lang='lat' dir='ltr'><strong>quas</strong></span> <span class='ocrx_word' id='word_1_39' title='bbox 797 991 1056 1056; x_wconf 85' lang='lat' dir='ltr'><strong>liberant,</strong></span> <span class='ocrx_word' id='word_1_40' title='bbox 1082 993 1176 1061; x_wconf 85' lang='lat' dir='ltr'><strong>qui</strong></span> <span class='ocrx_word' id='word_1_41' title='bbox 1208 1008 1308 1062; x_wconf 85' lang='lat' dir='ltr'><strong>per</strong></span> <span class='ocrx_word' id='word_1_42' title='bbox 1340 993 1612 1047; x_wconf 85' lang='lat' dir='ltr'><strong>actionem</strong></span> <span class='ocrx_word' id='word_1_43' title='bbox 1655 990 1899 1046; x_wconf 84' lang='lat' dir='ltr'><strong>conﬂan-</strong></span> 
     </span>
    </p>
   </div>
   <div class='ocr_carea' id='block_1_10' title="bbox 334 1080 1900 1152">
    <p class='ocr_par' dir='ltr' id='par_1_10' title="bbox 334 1080 1900 1152">
     <span class='ocr_line' id='line_1_10' title="bbox 334 1080 1900 1152; baseline 0.001 -17"><span class='ocrx_word' id='word_1_44' title='bbox 334 1091 427 1135; x_wconf 86' lang='lat' dir='ltr'><strong>tur</strong></span> <span class='ocrx_word' id='word_1_45' title='bbox 463 1080 732 1135; x_wconf 86' lang='lat' dir='ltr'><strong>virtutum</strong></span> <span class='ocrx_word' id='word_1_46' title='bbox 786 1081 956 1146; x_wconf 87' lang='lat' dir='ltr'><strong>modi,</strong></span> <span class='ocrx_word' id='word_1_47' title='bbox 998 1082 1067 1136; x_wconf 89' lang='lat' dir='ltr'><strong>ab</strong></span> <span class='ocrx_word' id='word_1_48' title='bbox 1122 1082 1271 1136; x_wconf 92' lang='lat' dir='ltr'><strong>omni</strong></span> <span class='ocrx_word' id='word_1_49' title='bbox 1313 1097 1521 1146; x_wconf 88' lang='lat' dir='ltr'><strong>errore,</strong></span> <span class='ocrx_word' id='word_1_50' title='bbox 1578 1083 1900 1152; x_wconf 83' lang='lat' dir='ltr'><strong>cunctisque</strong></span> 
     </span>
    </p>
   </div>
   <div class='ocr_carea' id='block_1_11' title="bbox 330 1169 1900 1242">
    <p class='ocr_par' dir='ltr' id='par_1_11' title="bbox 330 1169 1900 1242">
     <span class='ocr_line' id='line_1_11' title="bbox 330 1169 1900 1242; baseline 0.002 -18"><span class='ocrx_word' id='word_1_51' title='bbox 330 1170 518 1224; x_wconf 88' lang='lat' dir='ltr'><strong>animo</strong></span> <span class='ocrx_word' id='word_1_52' title='bbox 565 1169 1006 1227; x_wconf 85' lang='lat' dir='ltr'><strong>obtundentibus</strong></span> <span class='ocrx_word' id='word_1_53' title='bbox 1054 1188 1152 1242; x_wconf 88' lang='lat' dir='ltr'><strong>per</strong></span> <span class='ocrx_word' id='word_1_54' title='bbox 1186 1180 1506 1242; x_wconf 90' lang='lat' dir='ltr'><strong>occupatam</strong></span> <span class='ocrx_word' id='word_1_55' title='bbox 1561 1173 1900 1242; x_wconf 77' lang='lat' dir='ltr'><strong>Opinionem,</strong></span> 
     </span>
    </p>
   </div>
   <div class='ocr_carea' id='block_1_12' title="bbox 328 1260 1903 1334">
    <p class='ocr_par' dir='ltr' id='par_1_12' title="bbox 328 1260 1903 1334">
     <span class='ocr_line' id='line_1_12' title="bbox 328 1260 1903 1334; baseline 0.002 -19"><span class='ocrx_word' id='word_1_56' title='bbox 328 1260 607 1316; x_wconf 70' lang='lat' dir='ltr'><strong>memoriae</strong></span> <span class='ocrx_word' id='word_1_57' title='bbox 641 1277 788 1332; x_wconf 89' lang='lat' dir='ltr'><strong>penu</strong></span> <span class='ocrx_word' id='word_1_58' title='bbox 818 1262 1076 1332; x_wconf 87' lang='lat' dir='ltr'><strong>repositis</strong></span> <span class='ocrx_word' id='word_1_59' title='bbox 1103 1263 1315 1334; x_wconf 84' lang='lat' dir='ltr'><strong>peccati</strong></span> <span class='ocrx_word' id='word_1_60' title='bbox 1345 1263 1655 1318; x_wconf 82' lang='lat' dir='ltr'><strong>simulacris</strong></span> <span class='ocrx_word' id='word_1_61' title='bbox 1686 1279 1751 1318; x_wconf 90' lang='lat' dir='ltr'><strong>ac</strong></span> <span class='ocrx_word' id='word_1_62' title='bbox 1787 1264 1903 1320; x_wconf 84' lang='lat' dir='ltr'><strong>l&#39;or-</strong></span> 
     </span>
    </p>
   </div>
   <div class='ocr_carea' id='block_1_13' title="bbox 331 1351 463 1408">
    <p class='ocr_par' dir='ltr' id='par_1_13' title="bbox 331 1351 463 1408">
     <span class='ocr_line' id='line_1_13' title="bbox 331 1351 463 1408; baseline 0 -1"><span class='ocrx_word' id='word_1_63' title='bbox 331 1351 463 1408; x_wconf 89' lang='lat' dir='ltr'><strong>mis.</strong></span> 
     </span>
    </p>
   </div>
   <div class='ocr_carea' id='block_1_14' title="bbox 399 1463 1902 1535">
    <p class='ocr_par' dir='ltr' id='par_1_14' title="bbox 399 1463 1902 1535">
     <span class='ocr_line' id='line_1_14' title="bbox 399 1463 1902 1535; baseline 0 -14"><span class='ocrx_word' id='word_1_64' title='bbox 399 1464 565 1535; x_wconf 78' lang='lat'><strong>339</strong></span> <span class='ocrx_word' id='word_1_65' title='bbox 615 1465 778 1519; x_wconf 74' lang='lat' dir='ltr'><strong>Vens.</strong></span> <span class='ocrx_word' id='word_1_66' title='bbox 806 1464 859 1518; x_wconf 89' lang='lat'><strong>8.</strong></span> <span class='ocrx_word' id='word_1_67' title='bbox 885 1463 1105 1520; x_wconf 85' lang='lat' dir='ltr'><strong>Salvum</strong></span> <span class='ocrx_word' id='word_1_68' title='bbox 1132 1468 1214 1529; x_wconf 77' lang='lat' dir='ltr'><strong>(ac</strong></span> <span class='ocrx_word' id='word_1_69' title='bbox 1242 1466 1461 1520; x_wconf 77' lang='lat' dir='ltr'><strong>dextera</strong></span> <span class='ocrx_word' id='word_1_70' title='bbox 1495 1476 1609 1530; x_wconf 83' lang='lat' dir='ltr'><strong>tua,</strong></span> <span class='ocrx_word' id='word_1_71' title='bbox 1630 1476 1678 1521; x_wconf 85' lang='lat' dir='ltr'><strong>et</strong></span> <span class='ocrx_word' id='word_1_72' title='bbox 1708 1467 1902 1521; x_wconf 73' lang='lat' dir='ltr'><strong>exaudi</strong></span> 
     </span>
    </p>
   </div>
   <div class='ocr_carea' id='block_1_15' title="bbox 320 1554 1904 1615">
    <p class='ocr_par' dir='ltr' id='par_1_15' title="bbox 320 1554 1904 1615">
     <span class='ocr_line' id='line_1_15' title="bbox 320 1554 1904 1615; baseline 0.001 -7"><span class='ocrx_word' id='word_1_73' title='bbox 320 1571 431 1609; x_wconf 81' lang='lat' dir='ltr'><strong>.mc.</strong></span> <span class='ocrx_word' id='word_1_74' title='bbox 466 1554 602 1609; x_wconf 82' lang='lat' dir='ltr'><strong>Deus</strong></span> <span class='ocrx_word' id='word_1_75' title='bbox 632 1554 836 1610; x_wconf 79' lang='lat' dir='ltr'><strong>locutus</strong></span> <span class='ocrx_word' id='word_1_76' title='bbox 871 1562 947 1610; x_wconf 80' lang='lat' dir='ltr'><strong>est</strong></span> <span class='ocrx_word' id='word_1_77' title='bbox 984 1559 1041 1610; x_wconf 79' lang='lat' dir='ltr'><strong>in</strong></span> <span class='ocrx_word' id='word_1_78' title='bbox 1069 1556 1262 1611; x_wconf 87' lang='lat' dir='ltr'><strong>Sancto</strong></span> <span class='ocrx_word' id='word_1_79' title='bbox 1304 1574 1397 1611; x_wconf 74' lang='lat' dir='ltr'><strong>suo</strong></span> <span class='ocrx_word' id='word_1_80' title='bbox 1435 1575 1453 1612; x_wconf 90' lang='lat'><strong><em>:</em></strong></span> <span class='ocrx_word' id='word_1_81' title='bbox 1503 1556 1795 1612; x_wconf 76' lang='lat' dir='ltr'><strong>Exsultabo</strong></span> <span class='ocrx_word' id='word_1_82' title='bbox 1854 1565 1904 1615; x_wconf 83' lang='lat' dir='ltr'><strong>et</strong></span> 
     </span>
    </p>
   </div>
   <div class='ocr_carea' id='block_1_16' title="bbox 331 1640 1908 1713">
    <p class='ocr_par' dir='ltr' id='par_1_16' title="bbox 331 1640 1908 1713">
     <span class='ocr_line' id='line_1_16' title="bbox 331 1640 1908 1713; baseline 0.002 -17"><span class='ocrx_word' id='word_1_83' title='bbox 331 1644 572 1713; x_wconf 82' lang='lat' dir='ltr'><strong>partibor</strong></span> <span class='ocrx_word' id='word_1_84' title='bbox 621 1640 909 1698; x_wconf 79' lang='lat' dir='ltr'><strong>Sicltimam</strong></span> <span class='ocrx_word' id='word_1_85' title='bbox 936 1684 952 1710; x_wconf 92' lang='lat'><strong>,</strong></span> <span class='ocrx_word' id='word_1_86' title='bbox 1002 1655 1053 1699; x_wconf 85' lang='lat' dir='ltr'><strong>et</strong></span> <span class='ocrx_word' id='word_1_87' title='bbox 1089 1645 1383 1700; x_wconf 85' lang='lat' dir='ltr'><strong>convallem</strong></span> <span class='ocrx_word' id='word_1_88' title='bbox 1432 1645 1908 1700; x_wconf 78' lang='lat' dir='ltr'><strong>Tabernaculorum</strong></span> 
     </span>
    </p>
   </div>
   <div class='ocr_carea' id='block_1_17' title="bbox 335 1733 605 1787">
    <p class='ocr_par' dir='ltr' id='par_1_17' title="bbox 335 1733 605 1787">
     <span class='ocr_line' id='line_1_17' title="bbox 335 1733 605 1787; baseline 0 -1"><span class='ocrx_word' id='word_1_89' title='bbox 335 1733 605 1787; x_wconf 79' lang='lat' dir='ltr'><strong>dimetiar.</strong></span> 
     </span>
    </p>
   </div>
   <div class='ocr_carea' id='block_1_18' title="bbox 413 1836 1905 1920">
    <p class='ocr_par' dir='ltr' id='par_1_18' title="bbox 413 1836 1905 1920">
     <span class='ocr_line' id='line_1_18' title="bbox 413 1836 1905 1920; baseline 0.005 -21"><span class='ocrx_word' id='word_1_90' title='bbox 413 1845 598 1899; x_wconf 88' lang='lat' dir='ltr'><strong>Salvat</strong></span> <span class='ocrx_word' id='word_1_91' title='bbox 620 1836 765 1901; x_wconf 87' lang='lat' dir='ltr'><strong>Deus</strong></span> <span class='ocrx_word' id='word_1_92' title='bbox 783 1844 1005 1901; x_wconf 88' lang='lat' dir='ltr'><strong>dextera</strong></span> <span class='ocrx_word' id='word_1_93' title='bbox 1067 1861 1185 1911; x_wconf 89' lang='lat' dir='ltr'><strong>sua,</strong></span> <span class='ocrx_word' id='word_1_94' title='bbox 1220 1847 1398 1903; x_wconf 90' lang='lat' dir='ltr'><strong>dando</strong></span> <span class='ocrx_word' id='word_1_95' title='bbox 1424 1850 1773 1920; x_wconf 83' lang='lat' dir='ltr'><strong>unigenitum</strong></span> <span class='ocrx_word' id='word_1_96' title='bbox 1813 1850 1905 1906; x_wconf 88' lang='lat' dir='ltr'><strong>Fi-</strong></span> 
     </span>
    </p>
   </div>
   <div class='ocr_carea' id='block_1_19' title="bbox 337 1935 1906 2013">
    <p class='ocr_par' dir='ltr' id='par_1_19' title="bbox 337 1935 1906 2013">
     <span class='ocr_line' id='line_1_19' title="bbox 337 1935 1906 2013; baseline 0.004 -23"><span class='ocrx_word' id='word_1_97' title='bbox 337 1936 474 1990; x_wconf 90' lang='lat' dir='ltr'><strong>lium</strong></span> <span class='ocrx_word' id='word_1_98' title='bbox 507 1951 667 1992; x_wconf 91' lang='lat' dir='ltr'><strong>suum</strong></span> <span class='ocrx_word' id='word_1_99' title='bbox 698 1935 806 2008; x_wconf 88' lang='lat' dir='ltr'><strong>(est</strong></span> <span class='ocrx_word' id='word_1_100' title='bbox 826 1937 973 1992; x_wconf 89' lang='lat' dir='ltr'><strong>enim</strong></span> <span class='ocrx_word' id='word_1_101' title='bbox 998 1937 1168 1992; x_wconf 87' lang='lat' dir='ltr'><strong>Filius</strong></span> <span class='ocrx_word' id='word_1_102' title='bbox 1196 1939 1375 1994; x_wconf 87' lang='lat' dir='ltr'><strong>Patris</strong></span> <span class='ocrx_word' id='word_1_103' title='bbox 1400 1939 1646 2013; x_wconf 82' lang='lat' dir='ltr'><strong>dextera)</strong></span> <span class='ocrx_word' id='word_1_104' title='bbox 1690 1942 1906 1996; x_wconf 90' lang='lat' dir='ltr'><strong>redem-</strong></span> 
     </span>
    </p>
   </div>
   <div class='ocr_carea' id='block_1_20' title="bbox 338 2028 1909 2108">
    <p class='ocr_par' dir='ltr' id='par_1_20' title="bbox 338 2028 1909 2108">
     <span class='ocr_line' id='line_1_20' title="bbox 338 2028 1909 2108; baseline 0.002 -25"><span class='ocrx_word' id='word_1_105' title='bbox 338 2028 583 2098; x_wconf 88' lang='lat' dir='ltr'><strong>ptionem</strong></span> <span class='ocrx_word' id='word_1_106' title='bbox 612 2042 715 2098; x_wconf 88' lang='lat' dir='ltr'><strong>pro</strong></span> <span class='ocrx_word' id='word_1_107' title='bbox 768 2028 961 2083; x_wconf 90' lang='lat' dir='ltr'><strong>mundi</strong></span> <span class='ocrx_word' id='word_1_108' title='bbox 1015 2030 1213 2084; x_wconf 87' lang='lat' dir='ltr'><strong>salute.</strong></span> <span class='ocrx_word' id='word_1_109' title='bbox 1268 2029 1503 2108; x_wconf 66' lang='lat' dir='ltr'><strong>Exaudit</strong></span> <span class='ocrx_word' id='word_1_110' title='bbox 1542 2047 1674 2086; x_wconf 89' lang='lat' dir='ltr'><strong>vero</strong></span> <span class='ocrx_word' id='word_1_111' title='bbox 1730 2031 1909 2086; x_wconf 89' lang='lat' dir='ltr'><strong>dando</strong></span> 
     </span>
    </p>
   </div>
   <div class='ocr_carea' id='block_1_21' title="bbox 335 2120 1911 2192">
    <p class='ocr_par' dir='ltr' id='par_1_21' title="bbox 335 2120 1911 2192">
     <span class='ocr_line' id='line_1_21' title="bbox 335 2120 1911 2192; baseline 0.001 -17"><span class='ocrx_word' id='word_1_112' title='bbox 335 2121 509 2191; x_wconf 86' lang='lat' dir='ltr'><strong>justo,</strong></span> <span class='ocrx_word' id='word_1_113' title='bbox 539 2128 738 2190; x_wconf 57' lang='lat' dir='ltr'><strong>praeter</strong></span> <span class='ocrx_word' id='word_1_114' title='bbox 759 2120 1142 2175; x_wconf 86' lang='lat' dir='ltr'><strong>remissionem</strong></span> <span class='ocrx_word' id='word_1_115' title='bbox 1171 2130 1541 2191; x_wconf 84' lang='lat' dir='ltr'><strong>peccatorum,</strong></span> <span class='ocrx_word' id='word_1_116' title='bbox 1576 2124 1744 2177; x_wconf 91' lang='lat' dir='ltr'><strong>etiam</strong></span> <span class='ocrx_word' id='word_1_117' title='bbox 1795 2124 1911 2192; x_wconf 92' lang='lat' dir='ltr'><strong>spi-</strong></span> 
     </span>
    </p>
   </div>
   <div class='ocr_carea' id='block_1_22' title="bbox 343 2210 1913 2286">
    <p class='ocr_par' dir='ltr' id='par_1_22' title="bbox 343 2210 1913 2286">
     <span class='ocr_line' id='line_1_22' title="bbox 343 2210 1913 2286; baseline 0.002 -20"><span class='ocrx_word' id='word_1_118' title='bbox 343 2211 526 2266; x_wconf 85' lang='lat' dir='ltr'><strong>ritalia</strong></span> <span class='ocrx_word' id='word_1_119' title='bbox 554 2210 717 2265; x_wconf 90' lang='lat' dir='ltr'><strong>dona.</strong></span> <span class='ocrx_word' id='word_1_120' title='bbox 736 2211 872 2266; x_wconf 92' lang='lat' dir='ltr'><strong>Nam</strong></span> <span class='ocrx_word' id='word_1_121' title='bbox 900 2211 1055 2266; x_wconf 89' lang='lat' dir='ltr'><strong>audit</strong></span> <span class='ocrx_word' id='word_1_122' title='bbox 1086 2213 1231 2267; x_wconf 89' lang='lat' dir='ltr'><strong>Deus</strong></span> <span class='ocrx_word' id='word_1_123' title='bbox 1251 2229 1414 2268; x_wconf 87' lang='lat' dir='ltr'><strong>suum</strong></span> <span class='ocrx_word' id='word_1_124' title='bbox 1441 2215 1762 2283; x_wconf 89' lang='lat' dir='ltr'><strong>supplicem,</strong></span> <span class='ocrx_word' id='word_1_125' title='bbox 1797 2216 1913 2286; x_wconf 89' lang='lat' dir='ltr'><strong>pri-</strong></span> 
     </span>
    </p>
   </div>
   <div class='ocr_carea' id='block_1_23' title="bbox 342 2299 1911 2371">
    <p class='ocr_par' dir='ltr' id='par_1_23' title="bbox 342 2299 1911 2371">
     <span class='ocr_line' id='line_1_23' title="bbox 342 2299 1911 2371; baseline -0.001 -14"><span class='ocrx_word' id='word_1_126' title='bbox 342 2316 491 2357; x_wconf 90' lang='lat' dir='ltr'><strong>mum</strong></span> <span class='ocrx_word' id='word_1_127' title='bbox 512 2317 612 2371; x_wconf 88' lang='lat' dir='ltr'><strong>per</strong></span> <span class='ocrx_word' id='word_1_128' title='bbox 646 2299 1026 2370; x_wconf 74' lang='lat' dir='ltr'><strong>pmnitentiam</strong></span> <span class='ocrx_word' id='word_1_129' title='bbox 1078 2300 1370 2355; x_wconf 81' lang='lat' dir='ltr'><strong>tribuendo</strong></span> <span class='ocrx_word' id='word_1_130' title='bbox 1400 2302 1616 2356; x_wconf 84' lang='lat' dir='ltr'><strong>veniam</strong></span> <span class='ocrx_word' id='word_1_131' title='bbox 1656 2310 1911 2371; x_wconf 91' lang='lat' dir='ltr'><strong>peccato-</strong></span> 
     </span>
    </p>
   </div>
   <div class='ocr_carea' id='block_1_24' title="bbox 344 2389 1912 2458">
    <p class='ocr_par' dir='ltr' id='par_1_24' title="bbox 344 2389 1912 2458">
     <span class='ocr_line' id='line_1_24' title="bbox 344 2389 1912 2458; baseline -0.002 -11"><span class='ocrx_word' id='word_1_132' title='bbox 344 2406 504 2458; x_wconf 88' lang='lat' dir='ltr'><strong>rum;</strong></span> <span class='ocrx_word' id='word_1_133' title='bbox 533 2389 758 2445; x_wconf 78' lang='lat' dir='ltr'><strong>exaudit</strong></span> <span class='ocrx_word' id='word_1_134' title='bbox 782 2404 917 2444; x_wconf 87' lang='lat' dir='ltr'><strong>vero</strong></span> <span class='ocrx_word' id='word_1_135' title='bbox 960 2403 1026 2443; x_wconf 90' lang='lat' dir='ltr'><strong>ac</strong></span> <span class='ocrx_word' id='word_1_136' title='bbox 1076 2389 1232 2458; x_wconf 89' lang='lat' dir='ltr'><strong>quasi</strong></span> <span class='ocrx_word' id='word_1_137' title='bbox 1265 2390 1538 2444; x_wconf 90' lang='lat' dir='ltr'><strong>cumulate</strong></span> <span class='ocrx_word' id='word_1_138' title='bbox 1580 2389 1754 2453; x_wconf 89' lang='lat' dir='ltr'><strong>audit,</strong></span> <span class='ocrx_word' id='word_1_139' title='bbox 1783 2390 1912 2445; x_wconf 90' lang='lat' dir='ltr'><strong>dum</strong></span> 
     </span>
    </p>
   </div>
   <div class='ocr_carea' id='block_1_25' title="bbox 344 2487 1915 2558">
    <p class='ocr_par' dir='ltr' id='par_1_25' title="bbox 344 2487 1915 2558">
     <span class='ocr_line' id='line_1_25' title="bbox 344 2487 1915 2558; baseline 0.001 -16"><span class='ocrx_word' id='word_1_140' title='bbox 344 2496 547 2556; x_wconf 65' lang='lat' dir='ltr'><strong>praeter</strong></span> <span class='ocrx_word' id='word_1_141' title='bbox 575 2487 953 2543; x_wconf 87' lang='lat' dir='ltr'><strong>remissionem</strong></span> <span class='ocrx_word' id='word_1_142' title='bbox 983 2497 1356 2558; x_wconf 85' lang='lat' dir='ltr'><strong>peccatorum,</strong></span> <span class='ocrx_word' id='word_1_143' title='bbox 1401 2487 1565 2543; x_wconf 90' lang='lat' dir='ltr'><strong>etiam</strong></span> <span class='ocrx_word' id='word_1_144' title='bbox 1611 2487 1821 2542; x_wconf 80' lang='lat' dir='ltr'><strong>amatus</strong></span> <span class='ocrx_word' id='word_1_145' title='bbox 1850 2503 1915 2544; x_wconf 91' lang='lat' dir='ltr'><strong>ac</strong></span> 
     </span>
    </p>
   </div>
   <div class='ocr_carea' id='block_1_26' title="bbox 346 2577 1913 2649">
    <p class='ocr_par' dir='ltr' id='par_1_26' title="bbox 346 2577 1913 2649">
     <span class='ocr_line' id='line_1_26' title="bbox 346 2577 1913 2649; baseline 0.001 -18"><span class='ocrx_word' id='word_1_146' title='bbox 346 2577 491 2632; x_wconf 91' lang='lat' dir='ltr'><strong>dona</strong></span> <span class='ocrx_word' id='word_1_147' title='bbox 522 2594 623 2648; x_wconf 89' lang='lat' dir='ltr'><strong>per</strong></span> <span class='ocrx_word' id='word_1_148' title='bbox 647 2578 877 2649; x_wconf 82' lang='lat' dir='ltr'><strong>gratiam</strong></span> <span class='ocrx_word' id='word_1_149' title='bbox 932 2577 1237 2648; x_wconf 87' lang='lat' dir='ltr'><strong>spiritalem</strong></span> <span class='ocrx_word' id='word_1_150' title='bbox 1296 2577 1570 2634; x_wconf 88' lang='lat' dir='ltr'><strong>concedit.</strong></span> <span class='ocrx_word' id='word_1_151' title='bbox 1617 2580 1678 2632; x_wconf 89' lang='lat' dir='ltr'><strong>In</strong></span> <span class='ocrx_word' id='word_1_152' title='bbox 1715 2577 1913 2633; x_wconf 89' lang='lat' dir='ltr'><strong>Sancto</strong></span> 
     </span>
    </p>
   </div>
   <div class='ocr_carea' id='block_1_27' title="bbox 347 2667 1915 2738">
    <p class='ocr_par' dir='ltr' id='par_1_27' title="bbox 347 2667 1915 2738">
     <span class='ocr_line' id='line_1_27' title="bbox 347 2667 1915 2738; baseline 0 -15"><span class='ocrx_word' id='word_1_153' title='bbox 347 2677 532 2723; x_wconf 89' lang='lat' dir='ltr'><strong>autem</strong></span> <span class='ocrx_word' id='word_1_154' title='bbox 553 2684 654 2724; x_wconf 91' lang='lat' dir='ltr'><strong>suo</strong></span> <span class='ocrx_word' id='word_1_155' title='bbox 685 2667 952 2738; x_wconf 87' lang='lat' dir='ltr'><strong>loquitur,</strong></span> <span class='ocrx_word' id='word_1_156' title='bbox 981 2667 1088 2722; x_wconf 89' lang='lat' dir='ltr'><strong>hoc</strong></span> <span class='ocrx_word' id='word_1_157' title='bbox 1124 2674 1228 2733; x_wconf 89' lang='lat' dir='ltr'><strong>est,</strong></span> <span class='ocrx_word' id='word_1_158' title='bbox 1282 2667 1341 2722; x_wconf 90' lang='lat' dir='ltr'><strong>in</strong></span> <span class='ocrx_word' id='word_1_159' title='bbox 1387 2667 1564 2722; x_wconf 83' lang='lat' dir='ltr'><strong>Verbo</strong></span> <span class='ocrx_word' id='word_1_160' title='bbox 1594 2683 1695 2723; x_wconf 87' lang='lat' dir='ltr'><strong>suo</strong></span> <span class='ocrx_word' id='word_1_161' title='bbox 1733 2667 1915 2723; x_wconf 77' lang='lat' dir='ltr'><strong>incar-</strong></span> 
     </span>
    </p>
   </div>
   <div class='ocr_carea' id='block_1_28' title="bbox 339 2758 1911 2830">
    <p class='ocr_par' dir='ltr' id='par_1_28' title="bbox 339 2758 1911 2830">
     <span class='ocr_line' id='line_1_28' title="bbox 339 2758 1911 2830; baseline 0.001 -15"><span class='ocrx_word' id='word_1_162' title='bbox 339 2768 516 2825; x_wconf 80' lang='lat' dir='ltr'><strong>nato,</strong></span> <span class='ocrx_word' id='word_1_163' title='bbox 575 2758 824 2815; x_wconf 88' lang='lat' dir='ltr'><strong>divinum</strong></span> <span class='ocrx_word' id='word_1_164' title='bbox 871 2774 1033 2814; x_wconf 90' lang='lat' dir='ltr'><strong>suum</strong></span> <span class='ocrx_word' id='word_1_165' title='bbox 1092 2760 1382 2815; x_wconf 89' lang='lat' dir='ltr'><strong>consilium</strong></span> <span class='ocrx_word' id='word_1_166' title='bbox 1434 2776 1500 2817; x_wconf 89' lang='lat' dir='ltr'><strong>ac</strong></span> <span class='ocrx_word' id='word_1_167' title='bbox 1551 2761 1911 2830; x_wconf 83' lang='lat' dir='ltr'><strong>propositum,</strong></span> 
     </span>
    </p>
   </div>
   <div class='ocr_carea' id='block_1_29' title="bbox 348 2850 1916 2921">
    <p class='ocr_par' dir='ltr' id='par_1_29' title="bbox 348 2850 1916 2921">
     <span class='ocr_line' id='line_1_29' title="bbox 348 2850 1916 2921; baseline -0.001 -16"><span class='ocrx_word' id='word_1_168' title='bbox 348 2851 496 2920; x_wconf 90' lang='lat' dir='ltr'><strong>quod</strong></span> <span class='ocrx_word' id='word_1_169' title='bbox 521 2866 554 2905; x_wconf 89' lang='lat' dir='ltr'><strong>a</strong></span> <span class='ocrx_word' id='word_1_170' title='bbox 589 2851 804 2906; x_wconf 85' lang='lat' dir='ltr'><strong>saeculis</strong></span> <span class='ocrx_word' id='word_1_171' title='bbox 835 2864 900 2905; x_wconf 89' lang='lat' dir='ltr'><strong>ac</strong></span> <span class='ocrx_word' id='word_1_172' title='bbox 923 2850 1371 2921; x_wconf 79' lang='lat' dir='ltr'><strong>generationibus</strong></span> <span class='ocrx_word' id='word_1_173' title='bbox 1399 2850 1581 2906; x_wconf 80' lang='lat' dir='ltr'><strong>fuerat</strong></span> <span class='ocrx_word' id='word_1_174' title='bbox 1627 2850 1916 2907; x_wconf 87' lang='lat' dir='ltr'><strong>abscondi-</strong></span> 
     </span>
    </p>
   </div>
   <div class='ocr_carea' id='block_1_30' title="bbox 352 2939 1913 3012">
    <p class='ocr_par' dir='ltr' id='par_1_30' title="bbox 352 2939 1913 3012">
     <span class='ocr_line' id='line_1_30' title="bbox 352 2939 1913 3012; baseline 0.001 -17"><span class='ocrx_word' id='word_1_175' title='bbox 352 2952 498 3007; x_wconf 89' lang='lat' dir='ltr'><strong>tum;</strong></span> <span class='ocrx_word' id='word_1_176' title='bbox 532 2955 630 3010; x_wconf 89' lang='lat' dir='ltr'><strong>per</strong></span> <span class='ocrx_word' id='word_1_177' title='bbox 647 2939 853 2995; x_wconf 86' lang='lat' dir='ltr'><strong>Christi</strong></span> <span class='ocrx_word' id='word_1_178' title='bbox 875 2942 1138 2996; x_wconf 87' lang='lat' dir='ltr'><strong>nimirum</strong></span> <span class='ocrx_word' id='word_1_179' title='bbox 1162 2942 1217 2996; x_wconf 91' lang='lat' dir='ltr'><strong>in</strong></span> <span class='ocrx_word' id='word_1_180' title='bbox 1238 2957 1403 2997; x_wconf 89' lang='lat' dir='ltr'><strong>carne</strong></span> <span class='ocrx_word' id='word_1_181' title='bbox 1425 2941 1913 3012; x_wconf 88' lang='lat' dir='ltr'><strong>dispensationem,</strong></span> 
     </span>
    </p>
   </div>
   <div class='ocr_carea' id='block_1_31' title="bbox 348 3031 1915 3103">
    <p class='ocr_par' dir='ltr' id='par_1_31' title="bbox 348 3031 1915 3103">
     <span class='ocr_line' id='line_1_31' title="bbox 348 3031 1915 3103; baseline 0.001 -18"><span class='ocrx_word' id='word_1_182' title='bbox 348 3031 471 3102; x_wconf 89' lang='lat' dir='ltr'><strong>ejus</strong></span> <span class='ocrx_word' id='word_1_183' title='bbox 522 3031 762 3086; x_wconf 88' lang='lat' dir='ltr'><strong>humana</strong></span> <span class='ocrx_word' id='word_1_184' title='bbox 820 3033 1110 3088; x_wconf 90' lang='lat' dir='ltr'><strong>nobiscum</strong></span> <span class='ocrx_word' id='word_1_185' title='bbox 1162 3032 1574 3088; x_wconf 84' lang='lat' dir='ltr'><strong>conversatione</strong></span> <span class='ocrx_word' id='word_1_186' title='bbox 1602 3072 1618 3099; x_wconf 92' lang='lat'><strong>,</strong></span> <span class='ocrx_word' id='word_1_187' title='bbox 1678 3033 1915 3103; x_wconf 83' lang='lat' dir='ltr'><strong>quodam</strong></span> 
     </span>
    </p>
   </div>
   <div class='ocr_carea' id='block_1_32' title="bbox 1996 516 3567 595">
    <p class='ocr_par' dir='ltr' id='par_1_32' title="bbox 1996 516 3567 595">
     <span class='ocr_line' id='line_1_32' title="bbox 1996 516 3567 595; baseline -0.004 -21"><span class='ocrx_word' id='word_1_188' title='bbox 1996 538 2120 583; x_wconf 80' lang='grc' dir='ltr'>νους</span> <span class='ocrx_word' id='word_1_189' title='bbox 2142 522 2234 575; x_wconf 78' lang='grc' dir='ltr'>τὸν</span> <span class='ocrx_word' id='word_1_190' title='bbox 2272 525 2496 595; x_wconf 80' lang='grc' dir='ltr'><strong>Κύριον,</strong></span> <span class='ocrx_word' id='word_1_191' title='bbox 2532 522 2647 575; x_wconf 86' lang='grc' dir='ltr'>ἀλλ’</span> <span class='ocrx_word' id='word_1_192' title='bbox 2676 521 2776 574; x_wconf 79' lang='grc' dir='ltr'><strong>οὐκ</strong></span> <span class='ocrx_word' id='word_1_193' title='bbox 2820 520 2928 574; x_wconf 76' lang='grc' dir='ltr'>ἀπὸ</span> <span class='ocrx_word' id='word_1_194' title='bbox 2975 519 3154 584; x_wconf 82' lang='grc' dir='ltr'>τόξου.</span> <span class='ocrx_word' id='word_1_195' title='bbox 3182 517 3225 568; x_wconf 86' lang='grc' dir='ltr'>Τ</span> <span class='ocrx_word' id='word_1_196' title='bbox 3229 517 3257 569; x_wconf 84' lang='grc' dir='ltr'><strong>δ</strong></span> <span class='ocrx_word' id='word_1_197' title='bbox 3287 516 3395 587; x_wconf 77' lang='grc' dir='ltr'><strong>γάρ</strong></span> <span class='ocrx_word' id='word_1_198' title='bbox 3415 516 3567 581; x_wconf 79' lang='grc' dir='ltr'>τόξον</span> 
     </span>
    </p>
   </div>
   <div class='ocr_carea' id='block_1_33' title="bbox 1996 608 3565 684">
    <p class='ocr_par' dir='ltr' id='par_1_33' title="bbox 1996 608 3565 684">
     <span class='ocr_line' id='line_1_33' title="bbox 1996 608 3565 684; baseline -0.006 -15"><span class='ocrx_word' id='word_1_199' title='bbox 1996 614 2097 684; x_wconf 87' lang='grc' dir='ltr'><strong>τῆς</strong></span> <span class='ocrx_word' id='word_1_200' title='bbox 2125 614 2413 684; x_wconf 75' lang='grc' dir='ltr'>ἁμαρτίας,</span> <span class='ocrx_word' id='word_1_201' title='bbox 2447 615 2574 669; x_wconf 76' lang='grc' dir='ltr'>ἄνευ</span> <span class='ocrx_word' id='word_1_202' title='bbox 2601 612 2890 684; x_wconf 84' lang='grc' dir='ltr'>προσώπου</span> <span class='ocrx_word' id='word_1_203' title='bbox 2917 611 3101 679; x_wconf 79' lang='grc' dir='ltr'>τυχὸν,</span> <span class='ocrx_word' id='word_1_204' title='bbox 3125 608 3245 662; x_wconf 83' lang='grc' dir='ltr'>ούδέ</span> <span class='ocrx_word' id='word_1_205' title='bbox 3272 625 3326 660; x_wconf 90' lang='grc' dir='ltr'><strong>τι</strong></span> <span class='ocrx_word' id='word_1_206' title='bbox 3349 608 3565 678; x_wconf 80' lang='grc' dir='ltr'><strong>δράσειε</strong></span> 
     </span>
    </p>
   </div>
   <div class='ocr_carea' id='block_1_34' title="bbox 1999 700 3016 775">
    <p class='ocr_par' dir='ltr' id='par_1_34' title="bbox 1999 700 3016 775">
     <span class='ocr_line' id='line_1_34' title="bbox 1999 700 3016 775; baseline -0.004 -17"><span class='ocrx_word' id='word_1_207' title='bbox 1999 706 2140 758; x_wconf 85' lang='grc' dir='ltr'><strong>κατά</strong></span> <span class='ocrx_word' id='word_1_208' title='bbox 2160 706 2268 758; x_wconf 89' lang='grc' dir='ltr'><strong>τῶν</strong></span> <span class='ocrx_word' id='word_1_209' title='bbox 2299 706 2463 775; x_wconf 79' lang='grc' dir='ltr'>φοϐον</span> <span class='ocrx_word' id='word_1_210' title='bbox 2472 705 2650 775; x_wconf 83' lang='grc' dir='ltr'>μένων</span> <span class='ocrx_word' id='word_1_211' title='bbox 2671 706 2760 757; x_wconf 75' lang='grc' dir='ltr'><strong>τὸν</strong></span> <span class='ocrx_word' id='word_1_212' title='bbox 2789 700 3016 773; x_wconf 73' lang='grc' dir='ltr'>Κύριον.</span> 
     </span>
    </p>
   </div>
   <div class='ocr_carea' id='block_1_35' title="bbox 2085 807 3565 884">
    <p class='ocr_par' dir='ltr' id='par_1_35' title="bbox 2085 807 3565 884">
     <span class='ocr_line' id='line_1_35' title="bbox 2085 807 3565 884; baseline -0.003 -16"><span class='ocrx_word' id='word_1_213' title='bbox 2085 815 2208 884; x_wconf 71' lang='grc' dir='ltr'><strong>Ἐφ’</strong></span> <span class='ocrx_word' id='word_1_214' title='bbox 2235 807 2283 881; x_wconf 85' lang='grc' dir='ltr'>ᾧ</span> <span class='ocrx_word' id='word_1_215' title='bbox 2307 813 2607 882; x_wconf 75' lang='grc' dir='ltr'>ρυσθῆκαι</span> <span class='ocrx_word' id='word_1_216' title='bbox 2666 812 2808 879; x_wconf 86' lang='grc' dir='ltr'>τοὺς</span> <span class='ocrx_word' id='word_1_217' title='bbox 2861 811 3208 882; x_wconf 75' lang='grc' dir='ltr'>ἀγαπητοὺς</span> <span class='ocrx_word' id='word_1_218' title='bbox 3255 810 3360 864; x_wconf 85' lang='grc' dir='ltr'>τοῦ</span> <span class='ocrx_word' id='word_1_219' title='bbox 3398 811 3565 864; x_wconf 86' lang='grc' dir='ltr'><strong>Θεοῦ.</strong></span> 
     </span>
    </p>
   </div>
   <div class='ocr_carea' id='block_1_36' title="bbox 2015 900 3569 974">
    <p class='ocr_par' dir='ltr' id='par_1_36' title="bbox 2015 900 3569 974">
     <span class='ocr_line' id='line_1_36' title="bbox 2015 900 3569 974; baseline -0.004 -16"><span class='ocrx_word' id='word_1_220' title='bbox 2015 904 2310 974; x_wconf 60' lang='grc' dir='ltr'>Ἀγαπητοί</span> <span class='ocrx_word' id='word_1_221' title='bbox 2330 905 2385 957; x_wconf 85' lang='grc' dir='ltr'>δὲ</span> <span class='ocrx_word' id='word_1_222' title='bbox 2419 904 2553 956; x_wconf 80' lang='grc' dir='ltr'>Θεοῦ</span> <span class='ocrx_word' id='word_1_223' title='bbox 2577 911 2732 966; x_wconf 77' lang='grc' dir='ltr'>εἰσιν,</span> <span class='ocrx_word' id='word_1_224' title='bbox 2754 904 2802 956; x_wconf 79' lang='grc' dir='ltr'><strong>οἱ</strong></span> <span class='ocrx_word' id='word_1_225' title='bbox 2833 901 2973 956; x_wconf 83' lang='grc' dir='ltr'><strong>κατά</strong></span> <span class='ocrx_word' id='word_1_226' title='bbox 3005 902 3235 974; x_wconf 83' lang='grc' dir='ltr'>Θεωρίαν</span> <span class='ocrx_word' id='word_1_227' title='bbox 3264 900 3569 955; x_wconf 70' lang='grc' dir='ltr'>συνεκτικοὶ</span> 
     </span>
    </p>
   </div>
   <div class='ocr_carea' id='block_1_37' title="bbox 2003 994 3568 1067">
    <p class='ocr_par' dir='ltr' id='par_1_37' title="bbox 2003 994 3568 1067">
     <span class='ocr_line' id='line_1_37' title="bbox 2003 994 3568 1067; baseline -0.003 -17"><span class='ocrx_word' id='word_1_228' title='bbox 2003 998 2097 1067; x_wconf 87' lang='grc' dir='ltr'><strong>τῆς</strong></span> <span class='ocrx_word' id='word_1_229' title='bbox 2142 997 2292 1060; x_wconf 83' lang='grc' dir='ltr'><strong>Θείας</strong></span> <span class='ocrx_word' id='word_1_230' title='bbox 2338 995 2591 1066; x_wconf 83' lang='grc' dir='ltr'>γνώσεως</span> <span class='ocrx_word' id='word_1_231' title='bbox 2621 996 2871 1067; x_wconf 87' lang='grc' dir='ltr'>λογισμοί</span> <span class='ocrx_word' id='word_1_232' title='bbox 2896 1013 2910 1026; x_wconf 68' lang='grc' dir='ltr'><strong>ε</strong></span> <span class='ocrx_word' id='word_1_233' title='bbox 2941 994 3038 1059; x_wconf 78' lang='grc' dir='ltr'><strong>οὓς</strong></span> <span class='ocrx_word' id='word_1_234' title='bbox 3079 995 3318 1067; x_wconf 75' lang='grc' dir='ltr'><strong>ῥύονται,</strong></span> <span class='ocrx_word' id='word_1_235' title='bbox 3345 996 3394 1049; x_wconf 83' lang='grc' dir='ltr'>οἱ</span> <span class='ocrx_word' id='word_1_236' title='bbox 3428 995 3568 1048; x_wconf 78' lang='grc' dir='ltr'>κατὰ</span> 
     </span>
    </p>
   </div>
   <div class='ocr_carea' id='block_1_38' title="bbox 2004 1082 3564 1156">
    <p class='ocr_par' dir='ltr' id='par_1_38' title="bbox 2004 1082 3564 1156">
     <span class='ocr_line' id='line_1_38' title="bbox 2004 1082 3564 1156; baseline -0.003 -18"><span class='ocrx_word' id='word_1_237' title='bbox 2004 1086 2103 1155; x_wconf 77' lang='grc' dir='ltr'>τὴν</span> <span class='ocrx_word' id='word_1_238' title='bbox 2156 1086 2463 1156; x_wconf 80' lang='grc' dir='ltr'>πρακτικὴν</span> <span class='ocrx_word' id='word_1_239' title='bbox 2523 1085 2904 1155; x_wconf 83' lang='grc' dir='ltr'>συνιστάμενοι</span> <span class='ocrx_word' id='word_1_240' title='bbox 2937 1085 3126 1155; x_wconf 86' lang='grc' dir='ltr'>τρόποι</span> <span class='ocrx_word' id='word_1_241' title='bbox 3173 1082 3283 1136; x_wconf 90' lang='grc' dir='ltr'><strong>τῶν</strong></span> <span class='ocrx_word' id='word_1_242' title='bbox 3334 1083 3564 1154; x_wconf 79' lang='grc' dir='ltr'>ἀρετῶν,</span> 
     </span>
    </p>
   </div>
   <div class='ocr_carea' id='block_1_39' title="bbox 2005 1174 3561 1249">
    <p class='ocr_par' dir='ltr' id='par_1_39' title="bbox 2005 1174 3561 1249">
     <span class='ocr_line' id='line_1_39' title="bbox 2005 1174 3561 1249; baseline -0.003 -17"><span class='ocrx_word' id='word_1_243' title='bbox 2005 1178 2113 1232; x_wconf 78' lang='grc' dir='ltr'><strong>ἀπὸ</strong></span> <span class='ocrx_word' id='word_1_244' title='bbox 2171 1178 2352 1247; x_wconf 84' lang='grc' dir='ltr'>πάσης</span> <span class='ocrx_word' id='word_1_245' title='bbox 2415 1177 2624 1249; x_wconf 84' lang='grc' dir='ltr'>πλάνης</span> <span class='ocrx_word' id='word_1_246' title='bbox 2682 1177 2777 1230; x_wconf 85' lang='grc' dir='ltr'>καὶ</span> <span class='ocrx_word' id='word_1_247' title='bbox 2838 1176 3027 1229; x_wconf 84' lang='grc' dir='ltr'>πασῶν</span> <span class='ocrx_word' id='word_1_248' title='bbox 3074 1176 3181 1229; x_wconf 86' lang='grc' dir='ltr'><strong>τῶν</strong></span> <span class='ocrx_word' id='word_1_249' title='bbox 3234 1174 3561 1245; x_wconf 84' lang='grc' dir='ltr'>διοχλουσῶν</span> 
     </span>
    </p>
   </div>
   <div class='ocr_carea' id='block_1_40' title="bbox 2006 1264 3570 1339">
    <p class='ocr_par' dir='ltr' id='par_1_40' title="bbox 2006 1264 3570 1339">
     <span class='ocr_line' id='line_1_40' title="bbox 2006 1264 3570 1339; baseline -0.001 -19"><span class='ocrx_word' id='word_1_250' title='bbox 2006 1271 2079 1338; x_wconf 78' lang='grc' dir='ltr'>τῇ</span> <span class='ocrx_word' id='word_1_251' title='bbox 2104 1267 2249 1339; x_wconf 77' lang='grc' dir='ltr'>ψυχῇ</span> <span class='ocrx_word' id='word_1_252' title='bbox 2286 1267 2428 1320; x_wconf 89' lang='grc' dir='ltr'><strong>κατά</strong></span> <span class='ocrx_word' id='word_1_253' title='bbox 2460 1265 2729 1339; x_wconf 77' lang='grc' dir='ltr'>πρόληψιν</span> <span class='ocrx_word' id='word_1_254' title='bbox 2776 1264 2877 1336; x_wconf 83' lang='grc' dir='ltr'><strong>τῆς</strong></span> <span class='ocrx_word' id='word_1_255' title='bbox 2925 1266 3200 1337; x_wconf 82' lang='grc' dir='ltr'>ἁμαρτίας</span> <span class='ocrx_word' id='word_1_256' title='bbox 3233 1264 3357 1336; x_wconf 62' lang='grc' dir='ltr'><strong>[ἲν.</strong></span> <span class='ocrx_word' id='word_1_257' title='bbox 3391 1267 3570 1337; x_wconf 86' lang='grc' dir='ltr'>ἀμαρ-</span> 
     </span>
    </p>
   </div>
   <div class='ocr_carea' id='block_1_41' title="bbox 2005 1360 2441 1433">
    <p class='ocr_par' dir='ltr' id='par_1_41' title="bbox 2005 1360 2441 1433">
     <span class='ocr_line' id='line_1_41' title="bbox 2005 1360 2441 1433; baseline -0.002 -19"><span class='ocrx_word' id='word_1_258' title='bbox 2005 1360 2156 1433; x_wconf 78' lang='grc' dir='ltr'>τιῶν]</span> <span class='ocrx_word' id='word_1_259' title='bbox 2192 1378 2296 1432; x_wconf 87' lang='grc' dir='ltr'><strong>μνη</strong></span> <span class='ocrx_word' id='word_1_260' title='bbox 2304 1361 2441 1431; x_wconf 87' lang='grc' dir='ltr'>μῶν.</span> 
     </span>
    </p>
   </div>
   <div class='ocr_carea' id='block_1_42' title="bbox 2078 1468 3570 1542">
    <p class='ocr_par' dir='ltr' id='par_1_42' title="bbox 2078 1468 3570 1542">
     <span class='ocr_line' id='line_1_42' title="bbox 2078 1468 3570 1542; baseline -0.005 -13"><span class='ocrx_word' id='word_1_261' title='bbox 2078 1475 2287 1529; x_wconf 84' lang='grc' dir='ltr'>Σῶσον</span> <span class='ocrx_word' id='word_1_262' title='bbox 2326 1473 2401 1542; x_wconf 75' lang='grc' dir='ltr'>τῇ</span> <span class='ocrx_word' id='word_1_263' title='bbox 2433 1471 2603 1541; x_wconf 79' lang='grc' dir='ltr'>δεξιᾷ</span> <span class='ocrx_word' id='word_1_264' title='bbox 2633 1488 2750 1527; x_wconf 81' lang='grc' dir='ltr'>σου</span> <span class='ocrx_word' id='word_1_265' title='bbox 2773 1513 2789 1537; x_wconf 85' lang='grc'><strong>,</strong></span> <span class='ocrx_word' id='word_1_266' title='bbox 2819 1471 2917 1527; x_wconf 76' lang='grc' dir='ltr'><strong>καί</strong></span> <span class='ocrx_word' id='word_1_267' title='bbox 2949 1470 3298 1526; x_wconf 80' lang='grc' dir='ltr'>ἐπάκουσόν</span> <span class='ocrx_word' id='word_1_268' title='bbox 3329 1485 3468 1538; x_wconf 84' lang='grc' dir='ltr'>μου.</span> <span class='ocrx_word' id='word_1_269' title='bbox 3508 1468 3570 1521; x_wconf 89' lang='lat'><strong>&#39;0</strong></span> 
     </span>
    </p>
   </div>
   <div class='ocr_carea' id='block_1_43' title="bbox 2011 1560 3564 1634">
    <p class='ocr_par' dir='ltr' id='par_1_43' title="bbox 2011 1560 3564 1634">
     <span class='ocr_line' id='line_1_43' title="bbox 2011 1560 3564 1634; baseline -0.006 -12"><span class='ocrx_word' id='word_1_270' title='bbox 2011 1569 2153 1634; x_wconf 82' lang='grc' dir='ltr'><strong>Θεὸς</strong></span> <span class='ocrx_word' id='word_1_271' title='bbox 2179 1566 2482 1632; x_wconf 73' lang='grc' dir='ltr'>ἐλάλησεν</span> <span class='ocrx_word' id='word_1_272' title='bbox 2506 1566 2573 1619; x_wconf 79' lang='grc' dir='ltr'><strong>ἐν</strong></span> <span class='ocrx_word' id='word_1_273' title='bbox 2604 1563 2685 1630; x_wconf 82' lang='grc' dir='ltr'>τῷ</span> <span class='ocrx_word' id='word_1_274' title='bbox 2722 1565 2887 1634; x_wconf 77' lang='grc' dir='ltr'>Ἀγίφ</span> <span class='ocrx_word' id='word_1_275' title='bbox 2906 1564 3089 1618; x_wconf 83' lang='grc' dir='ltr'>αὑτοῦ</span> <span class='ocrx_word' id='word_1_276' title='bbox 3121 1579 3135 1594; x_wconf 80' lang='grc'><em>’</em></span> <span class='ocrx_word' id='word_1_277' title='bbox 3170 1560 3564 1632; x_wconf 67' lang='grc' dir='ltr'>Ἀγκιλλιὰσο-</span> 
     </span>
    </p>
   </div>
   <div class='ocr_carea' id='block_1_44' title="bbox 2006 1648 3573 1722">
    <p class='ocr_par' dir='ltr' id='par_1_44' title="bbox 2006 1648 3573 1722">
     <span class='ocr_line' id='line_1_44' title="bbox 2006 1648 3573 1722; baseline -0.002 -16"><span class='ocrx_word' id='word_1_278' title='bbox 2006 1670 2110 1722; x_wconf 84' lang='grc' dir='ltr'><strong>μαι</strong></span> <span class='ocrx_word' id='word_1_279' title='bbox 2165 1654 2260 1706; x_wconf 77' lang='grc' dir='ltr'>καὶ</span> <span class='ocrx_word' id='word_1_280' title='bbox 2297 1651 2572 1722; x_wconf 83' lang='grc' dir='ltr'>διαμεριῶ</span> <span class='ocrx_word' id='word_1_281' title='bbox 2612 1652 2861 1721; x_wconf 77' lang='grc' dir='ltr'>Σικημα,</span> <span class='ocrx_word' id='word_1_282' title='bbox 2888 1652 2986 1705; x_wconf 79' lang='grc' dir='ltr'><strong>και</strong></span> <span class='ocrx_word' id='word_1_283' title='bbox 3022 1650 3137 1720; x_wconf 79' lang='grc' dir='ltr'>τὴν</span> <span class='ocrx_word' id='word_1_284' title='bbox 3175 1648 3425 1705; x_wconf 70' lang='grc' dir='ltr'>κοιλάδα</span> <span class='ocrx_word' id='word_1_285' title='bbox 3455 1649 3573 1704; x_wconf 82' lang='grc' dir='ltr'>τῶν</span> 
     </span>
    </p>
   </div>
   <div class='ocr_carea' id='block_1_45' title="bbox 1932 1741 2676 1829">
    <p class='ocr_par' dir='ltr' id='par_1_45' title="bbox 1932 1741 2676 1829">
     <span class='ocr_line' id='line_1_45' title="bbox 1932 1741 2676 1829; baseline 0.001 -32"><span class='ocrx_word' id='word_1_286' title='bbox 1932 1771 1975 1829; x_wconf 74' lang='grc' dir='ltr'><strong><em>Β</em></strong></span> <span class='ocrx_word' id='word_1_287' title='bbox 2010 1742 2261 1811; x_wconf 75' lang='grc' dir='ltr'>Σκηνῶν</span> <span class='ocrx_word' id='word_1_288' title='bbox 2286 1741 2676 1812; x_wconf 82' lang='grc' dir='ltr'>διαμετρήσω.</span> 
     </span>
    </p>
   </div>
   <div class='ocr_carea' id='block_1_46' title="bbox 2084 1847 3569 1921">
    <p class='ocr_par' dir='ltr' id='par_1_46' title="bbox 2084 1847 3569 1921">
     <span class='ocr_line' id='line_1_46' title="bbox 2084 1847 3569 1921; baseline -0.001 -19"><span class='ocrx_word' id='word_1_289' title='bbox 2084 1847 2251 1913; x_wconf 77' lang='grc' dir='ltr'>Σώζει</span> <span class='ocrx_word' id='word_1_290' title='bbox 2279 1852 2306 1903; x_wconf 85' lang='grc' dir='ltr'><strong>ὁ</strong></span> <span class='ocrx_word' id='word_1_291' title='bbox 2330 1849 2458 1913; x_wconf 78' lang='grc' dir='ltr'>Θεὸς</span> <span class='ocrx_word' id='word_1_292' title='bbox 2487 1853 2554 1921; x_wconf 80' lang='grc' dir='ltr'>τῇ</span> <span class='ocrx_word' id='word_1_293' title='bbox 2584 1850 2735 1920; x_wconf 74' lang='grc' dir='ltr'>δεξιᾷ</span> <span class='ocrx_word' id='word_1_294' title='bbox 2768 1848 2964 1916; x_wconf 82' lang='grc' dir='ltr'>αὐτοῦ,</span> <span class='ocrx_word' id='word_1_295' title='bbox 2983 1848 3160 1912; x_wconf 79' lang='grc' dir='ltr'>διδοὺς</span> <span class='ocrx_word' id='word_1_296' title='bbox 3184 1848 3276 1903; x_wconf 77' lang='grc' dir='ltr'><strong>τδν</strong></span> <span class='ocrx_word' id='word_1_297' title='bbox 3308 1849 3569 1919; x_wconf 85' lang='grc' dir='ltr'>μονογενῆ</span> 
     </span>
    </p>
   </div>
   <div class='ocr_carea' id='block_1_47' title="bbox 2012 1939 3572 2011">
    <p class='ocr_par' dir='ltr' id='par_1_47' title="bbox 2012 1939 3572 2011">
     <span class='ocr_line' id='line_1_47' title="bbox 2012 1939 3572 2011; baseline -0.002 -17"><span class='ocrx_word' id='word_1_298' title='bbox 2012 1940 2179 1995; x_wconf 81' lang='grc' dir='ltr'>αὑτοῦ</span> <span class='ocrx_word' id='word_1_299' title='bbox 2233 1940 2360 1994; x_wconf 83' lang='grc' dir='ltr'>Υίόν</span> <span class='ocrx_word' id='word_1_300' title='bbox 2384 1957 2397 1970; x_wconf 91' lang='grc'><strong>·</strong></span> <span class='ocrx_word' id='word_1_301' title='bbox 2434 1940 2583 2005; x_wconf 75' lang='grc' dir='ltr'>δεξιά</span> <span class='ocrx_word' id='word_1_302' title='bbox 2606 1940 2715 2011; x_wconf 86' lang='grc' dir='ltr'><strong>γάρ</strong></span> <span class='ocrx_word' id='word_1_303' title='bbox 2758 1939 2851 1994; x_wconf 84' lang='grc' dir='ltr'>τοῦ</span> <span class='ocrx_word' id='word_1_304' title='bbox 2882 1940 3093 2011; x_wconf 84' lang='grc' dir='ltr'>Πατρὺς</span> <span class='ocrx_word' id='word_1_305' title='bbox 3117 1941 3146 1992; x_wconf 84' lang='grc' dir='ltr'>ὁ</span> <span class='ocrx_word' id='word_1_306' title='bbox 3176 1940 3302 2002; x_wconf 83' lang='grc' dir='ltr'>Υἱός</span> <span class='ocrx_word' id='word_1_307' title='bbox 3331 1953 3347 1968; x_wconf 83' lang='grc'>⁶</span> <span class='ocrx_word' id='word_1_308' title='bbox 3377 1939 3572 2009; x_wconf 83' lang='grc' dir='ltr'>λύτρον</span> 
     </span>
    </p>
   </div>
   <div class='ocr_carea' id='block_1_48' title="bbox 2015 2030 3574 2103">
    <p class='ocr_par' dir='ltr' id='par_1_48' title="bbox 2015 2030 3574 2103">
     <span class='ocr_line' id='line_1_48' title="bbox 2015 2030 3574 2103; baseline -0.001 -17"><span class='ocrx_word' id='word_1_309' title='bbox 2015 2033 2154 2103; x_wconf 80' lang='grc' dir='ltr'>ὑπὲρ</span> <span class='ocrx_word' id='word_1_310' title='bbox 2174 2032 2272 2101; x_wconf 87' lang='grc' dir='ltr'><strong>τῆς</strong></span> <span class='ocrx_word' id='word_1_311' title='bbox 2324 2032 2418 2086; x_wconf 81' lang='grc' dir='ltr'>τοῦ</span> <span class='ocrx_word' id='word_1_312' title='bbox 2460 2031 2664 2102; x_wconf 84' lang='grc' dir='ltr'>κόσμου</span> <span class='ocrx_word' id='word_1_313' title='bbox 2715 2031 3010 2101; x_wconf 82' lang='grc' dir='ltr'>σωτηρίας.</span> <span class='ocrx_word' id='word_1_314' title='bbox 3066 2030 3360 2085; x_wconf 85' lang='grc' dir='ltr'>Ἐπακούει</span> <span class='ocrx_word' id='word_1_315' title='bbox 3385 2031 3463 2093; x_wconf 79' lang='grc' dir='ltr'>δὲ,</span> <span class='ocrx_word' id='word_1_316' title='bbox 3492 2031 3574 2084; x_wconf 88' lang='grc' dir='ltr'>δι-</span> 
     </span>
    </p>
   </div>
   <div class='ocr_carea' id='block_1_49' title="bbox 2013 2120 3572 2195">
    <p class='ocr_par' dir='ltr' id='par_1_49' title="bbox 2013 2120 3572 2195">
     <span class='ocr_line' id='line_1_49' title="bbox 2013 2120 3572 2195; baseline -0.003 -17"><span class='ocrx_word' id='word_1_317' title='bbox 2013 2124 2135 2187; x_wconf 77' lang='grc' dir='ltr'>δοὺς</span> <span class='ocrx_word' id='word_1_318' title='bbox 2163 2124 2241 2195; x_wconf 83' lang='grc' dir='ltr'>τῷ</span> <span class='ocrx_word' id='word_1_319' title='bbox 2271 2123 2485 2193; x_wconf 86' lang='grc' dir='ltr'>δικαίῳ,</span> <span class='ocrx_word' id='word_1_320' title='bbox 2509 2124 2646 2194; x_wconf 79' lang='grc' dir='ltr'>πρὸς</span> <span class='ocrx_word' id='word_1_321' title='bbox 2668 2126 2737 2193; x_wconf 84' lang='grc' dir='ltr'>τῇ</span> <span class='ocrx_word' id='word_1_322' title='bbox 2776 2123 2968 2190; x_wconf 80' lang='grc' dir='ltr'>ἀφέσει</span> <span class='ocrx_word' id='word_1_323' title='bbox 2986 2122 3094 2174; x_wconf 87' lang='grc' dir='ltr'><strong>τῶν</strong></span> <span class='ocrx_word' id='word_1_324' title='bbox 3137 2120 3572 2191; x_wconf 81' lang='grc' dir='ltr'>ἁμαρτημάτων,</span> 
     </span>
    </p>
   </div>
   <div class='ocr_carea' id='block_1_50' title="bbox 2015 2209 3575 2283">
    <p class='ocr_par' dir='ltr' id='par_1_50' title="bbox 2015 2209 3575 2283">
     <span class='ocr_line' id='line_1_50' title="bbox 2015 2209 3575 2283; baseline -0.001 -19"><span class='ocrx_word' id='word_1_325' title='bbox 2015 2212 2112 2265; x_wconf 68' lang='grc' dir='ltr'><strong>καὶ</strong></span> <span class='ocrx_word' id='word_1_326' title='bbox 2166 2212 2512 2282; x_wconf 85' lang='grc' dir='ltr'>πνευματικά</span> <span class='ocrx_word' id='word_1_327' title='bbox 2570 2212 2905 2283; x_wconf 79' lang='grc' dir='ltr'>χαρίσματα.</span> <span class='ocrx_word' id='word_1_328' title='bbox 2950 2209 3161 2264; x_wconf 77' lang='grc' dir='ltr'>’Δκούει</span> <span class='ocrx_word' id='word_1_329' title='bbox 3213 2211 3312 2279; x_wconf 83' lang='grc' dir='ltr'><strong>μὲν</strong></span> <span class='ocrx_word' id='word_1_330' title='bbox 3349 2210 3458 2278; x_wconf 76' lang='grc' dir='ltr'>γὰρ</span> <span class='ocrx_word' id='word_1_331' title='bbox 3481 2210 3575 2263; x_wconf 81' lang='grc' dir='ltr'>τοῦ</span> 
     </span>
    </p>
   </div>
   <div class='ocr_carea' id='block_1_51' title="bbox 2018 2302 3575 2374">
    <p class='ocr_par' dir='ltr' id='par_1_51' title="bbox 2018 2302 3575 2374">
     <span class='ocr_line' id='line_1_51' title="bbox 2018 2302 3575 2374; baseline -0.002 -16"><span class='ocrx_word' id='word_1_332' title='bbox 2018 2305 2351 2368; x_wconf 77' lang='grc' dir='ltr'>ἱκετεύοντος</span> <span class='ocrx_word' id='word_1_333' title='bbox 2407 2304 2569 2359; x_wconf 81' lang='grc' dir='ltr'>αὐτὸν</span> <span class='ocrx_word' id='word_1_334' title='bbox 2615 2306 2645 2357; x_wconf 87' lang='grc' dir='ltr'><strong>ό</strong></span> <span class='ocrx_word' id='word_1_335' title='bbox 2691 2303 2844 2370; x_wconf 81' lang='grc' dir='ltr'>Θεὸς,</span> <span class='ocrx_word' id='word_1_336' title='bbox 2872 2303 3085 2374; x_wconf 89' lang='grc' dir='ltr'>πρῶτον</span> <span class='ocrx_word' id='word_1_337' title='bbox 3131 2302 3219 2356; x_wconf 88' lang='grc' dir='ltr'><strong>διά</strong></span> <span class='ocrx_word' id='word_1_338' title='bbox 3271 2302 3370 2370; x_wconf 83' lang='grc' dir='ltr'><strong>τῆς</strong></span> <span class='ocrx_word' id='word_1_339' title='bbox 3407 2318 3575 2371; x_wconf 84' lang='grc' dir='ltr'>μετα·</span> 
     </span>
    </p>
   </div>
   <div class='ocr_carea' id='block_1_52' title="bbox 2015 2390 3576 2463">
    <p class='ocr_par' dir='ltr' id='par_1_52' title="bbox 2015 2390 3576 2463">
     <span class='ocr_line' id='line_1_52' title="bbox 2015 2390 3576 2463; baseline -0.001 -19"><span class='ocrx_word' id='word_1_340' title='bbox 2015 2393 2165 2456; x_wconf 91' lang='grc' dir='ltr'>νοίας</span> <span class='ocrx_word' id='word_1_341' title='bbox 2187 2393 2379 2462; x_wconf 76' lang='grc' dir='ltr'>ἄφεσιν</span> <span class='ocrx_word' id='word_1_342' title='bbox 2404 2393 2578 2455; x_wconf 86' lang='grc' dir='ltr'>διδοὺς</span> <span class='ocrx_word' id='word_1_343' title='bbox 2600 2392 3032 2463; x_wconf 81' lang='grc' dir='ltr'>ἁμαρτημάτων,</span> <span class='ocrx_word' id='word_1_344' title='bbox 3061 2391 3321 2444; x_wconf 75' lang='grc' dir='ltr'>ἐπακούει</span> <span class='ocrx_word' id='word_1_345' title='bbox 3343 2390 3422 2454; x_wconf 78' lang='grc' dir='ltr'><strong>δὲ,</strong></span> <span class='ocrx_word' id='word_1_346' title='bbox 3444 2391 3576 2461; x_wconf 80' lang='grc' dir='ltr'>πρὸς</span> 
     </span>
    </p>
   </div>
   <div class='ocr_carea' id='block_1_53' title="bbox 2015 2481 3579 2556">
    <p class='ocr_par' dir='ltr' id='par_1_53' title="bbox 2015 2481 3579 2556">
     <span class='ocr_line' id='line_1_53' title="bbox 2015 2481 3579 2556; baseline -0.003 -18"><span class='ocrx_word' id='word_1_347' title='bbox 2015 2486 2085 2556; x_wconf 81' lang='grc' dir='ltr'>τῇ</span> <span class='ocrx_word' id='word_1_348' title='bbox 2115 2484 2308 2554; x_wconf 81' lang='grc' dir='ltr'>ἀφέσει</span> <span class='ocrx_word' id='word_1_349' title='bbox 2350 2483 2457 2538; x_wconf 89' lang='grc' dir='ltr'><strong>τῶν</strong></span> <span class='ocrx_word' id='word_1_350' title='bbox 2500 2484 3051 2555; x_wconf 77' lang='grc' dir='ltr'>ἀμαρτημάτων,καὶ</span> <span class='ocrx_word' id='word_1_351' title='bbox 3093 2483 3163 2535; x_wconf 77' lang='grc' dir='ltr'><strong>τά</strong></span> <span class='ocrx_word' id='word_1_352' title='bbox 3214 2481 3305 2535; x_wconf 79' lang='grc' dir='ltr'>διὰ</span> <span class='ocrx_word' id='word_1_353' title='bbox 3357 2482 3579 2552; x_wconf 85' lang='grc' dir='ltr'>χάριτος</span> 
     </span>
    </p>
   </div>
   <div class='ocr_carea' id='block_1_54' title="bbox 2017 2570 3577 2646">
    <p class='ocr_par' dir='ltr' id='par_1_54' title="bbox 2017 2570 3577 2646">
     <span class='ocr_line' id='line_1_54' title="bbox 2017 2570 3577 2646; baseline -0.004 -17"><span class='ocrx_word' id='word_1_354' title='bbox 2017 2576 2389 2646; x_wconf 82' lang='grc' dir='ltr'>πνευματικῆς</span> <span class='ocrx_word' id='word_1_355' title='bbox 2437 2575 2612 2637; x_wconf 82' lang='grc' dir='ltr'>διδοὺς</span> <span class='ocrx_word' id='word_1_356' title='bbox 2668 2574 3038 2645; x_wconf 76' lang='grc' dir='ltr'>ἐνεργήματα.</span> <span class='ocrx_word' id='word_1_357' title='bbox 3068 2572 3237 2627; x_wconf 77' lang='grc' dir='ltr'><strong>Δαλεῖ</strong></span> <span class='ocrx_word' id='word_1_358' title='bbox 3285 2572 3345 2625; x_wconf 83' lang='grc' dir='ltr'>δὲ</span> <span class='ocrx_word' id='word_1_359' title='bbox 3405 2574 3463 2624; x_wconf 80' lang='grc' dir='ltr'>ὲν</span> <span class='ocrx_word' id='word_1_360' title='bbox 3498 2570 3577 2641; x_wconf 86' lang='grc' dir='ltr'>τῷ</span> 
     </span>
    </p>
   </div>
   <div class='ocr_carea' id='block_1_55' title="bbox 2029 2662 3574 2738">
    <p class='ocr_par' dir='ltr' id='par_1_55' title="bbox 2029 2662 3574 2738">
     <span class='ocr_line' id='line_1_55' title="bbox 2029 2662 3574 2738; baseline -0.003 -17"><span class='ocrx_word' id='word_1_361' title='bbox 2029 2667 2196 2738; x_wconf 80' lang='grc' dir='ltr'>’Δγίῳ</span> <span class='ocrx_word' id='word_1_362' title='bbox 2240 2665 2404 2722; x_wconf 79' lang='grc' dir='ltr'>αὑτοῦ</span> <span class='ocrx_word' id='word_1_363' title='bbox 2429 2682 2443 2695; x_wconf 84' lang='grc'><em>’</em></span> <span class='ocrx_word' id='word_1_364' title='bbox 2477 2666 2770 2731; x_wconf 85' lang='grc' dir='ltr'>τουτέστιν,</span> <span class='ocrx_word' id='word_1_365' title='bbox 2806 2667 2867 2718; x_wconf 72' lang='grc' dir='ltr'>ιν</span> <span class='ocrx_word' id='word_1_366' title='bbox 2890 2663 2969 2734; x_wconf 82' lang='grc' dir='ltr'>τῷ</span> <span class='ocrx_word' id='word_1_367' title='bbox 3021 2664 3354 2736; x_wconf 75' lang='grc' dir='ltr'>σαρκωθέντι</span> <span class='ocrx_word' id='word_1_368' title='bbox 3405 2662 3574 2717; x_wconf 79' lang='grc' dir='ltr'>αὐτοῦ</span> 
     </span>
    </p>
   </div>
   <div class='ocr_carea' id='block_1_56' title="bbox 2017 2754 3578 2830">
    <p class='ocr_par' dir='ltr' id='par_1_56' title="bbox 2017 2754 3578 2830">
     <span class='ocr_line' id='line_1_56' title="bbox 2017 2754 3578 2830; baseline -0.003 -17"><span class='ocrx_word' id='word_1_369' title='bbox 2017 2759 2181 2830; x_wconf 87' lang='grc' dir='ltr'>λόγῳ,</span> <span class='ocrx_word' id='word_1_370' title='bbox 2211 2758 2304 2813; x_wconf 81' lang='grc' dir='ltr'><strong>τὸν</strong></span> <span class='ocrx_word' id='word_1_371' title='bbox 2356 2757 2497 2811; x_wconf 84' lang='grc' dir='ltr'>θεῖον</span> <span class='ocrx_word' id='word_1_372' title='bbox 2537 2756 2703 2811; x_wconf 79' lang='grc' dir='ltr'>αὐτοῦ</span> <span class='ocrx_word' id='word_1_373' title='bbox 2747 2755 2947 2810; x_wconf 79' lang='grc' dir='ltr'>σκοπὸν</span> <span class='ocrx_word' id='word_1_374' title='bbox 2966 2755 3056 2809; x_wconf 74' lang='grc' dir='ltr'><strong>τὸν</strong></span> <span class='ocrx_word' id='word_1_375' title='bbox 3086 2754 3578 2825; x_wconf 83' lang='grc' dir='ltr'>ἀποκεκρυμμένον</span> 
     </span>
    </p>
   </div>
   <div class='ocr_carea' id='block_1_57' title="bbox 2018 2844 3579 2913">
    <p class='ocr_par' dir='ltr' id='par_1_57' title="bbox 2018 2844 3579 2913">
     <span class='ocr_line' id='line_1_57' title="bbox 2018 2844 3579 2913; baseline -0.005 -10"><span class='ocrx_word' id='word_1_376' title='bbox 2018 2849 2128 2903; x_wconf 80' lang='grc' dir='ltr'>ἀπὸ</span> <span class='ocrx_word' id='word_1_377' title='bbox 2154 2848 2263 2903; x_wconf 89' lang='grc' dir='ltr'><strong>τῶν</strong></span> <span class='ocrx_word' id='word_1_378' title='bbox 2288 2846 2499 2902; x_wconf 79' lang='grc' dir='ltr'>αἰώνων</span> <span class='ocrx_word' id='word_1_379' title='bbox 2521 2848 2617 2900; x_wconf 74' lang='grc' dir='ltr'>καὶ</span> <span class='ocrx_word' id='word_1_380' title='bbox 2644 2845 2752 2900; x_wconf 81' lang='grc' dir='ltr'>ἀπὸ</span> <span class='ocrx_word' id='word_1_381' title='bbox 2781 2845 2888 2898; x_wconf 90' lang='grc' dir='ltr'><strong>τῶν</strong></span> <span class='ocrx_word' id='word_1_382' title='bbox 2918 2845 3139 2913; x_wconf 81' lang='grc' dir='ltr'>γενεῶν,</span> <span class='ocrx_word' id='word_1_383' title='bbox 3164 2844 3305 2898; x_wconf 87' lang='grc' dir='ltr'>κατά</span> <span class='ocrx_word' id='word_1_384' title='bbox 3351 2845 3451 2913; x_wconf 79' lang='grc' dir='ltr'><strong>τὴν</strong></span> <span class='ocrx_word' id='word_1_385' title='bbox 3491 2844 3579 2895; x_wconf 75' lang='grc' dir='ltr'><strong>ἐν·</strong></span> 
     </span>
    </p>
   </div>
   <div class='ocr_carea' id='block_1_58' title="bbox 2022 2934 3579 3011">
    <p class='ocr_par' dir='ltr' id='par_1_58' title="bbox 2022 2934 3579 3011">
     <span class='ocr_line' id='line_1_58' title="bbox 2022 2934 3579 3011; baseline -0.004 -17"><span class='ocrx_word' id='word_1_386' title='bbox 2022 2955 2224 3011; x_wconf 86' lang='grc' dir='ltr'>σαρκον</span> <span class='ocrx_word' id='word_1_387' title='bbox 2257 2937 2421 2991; x_wconf 85' lang='grc' dir='ltr'>αὐτοῦ</span> <span class='ocrx_word' id='word_1_388' title='bbox 2443 2936 2534 2990; x_wconf 81' lang='grc' dir='ltr'>τοῦ</span> <span class='ocrx_word' id='word_1_389' title='bbox 2557 2936 2793 3007; x_wconf 81' lang='grc' dir='ltr'>Χριστοῦ</span> <span class='ocrx_word' id='word_1_390' title='bbox 2825 2937 3155 3005; x_wconf 80' lang='grc' dir='ltr'>οἰκονομίαν.</span> <span class='ocrx_word' id='word_1_391' title='bbox 3201 2936 3299 2988; x_wconf 87' lang='grc' dir='ltr'>Διά</span> <span class='ocrx_word' id='word_1_392' title='bbox 3326 2935 3425 3005; x_wconf 86' lang='grc' dir='ltr'><strong>τῆς</strong></span> <span class='ocrx_word' id='word_1_393' title='bbox 3458 2934 3579 2988; x_wconf 85' lang='grc' dir='ltr'>καθ’</span> 
     </span>
    </p>
   </div>
   <div class='ocr_carea' id='block_1_59' title="bbox 2021 3027 3582 3101">
    <p class='ocr_par' dir='ltr' id='par_1_59' title="bbox 2021 3027 3582 3101">
     <span class='ocr_line' id='line_1_59' title="bbox 2021 3027 3582 3101; baseline -0.003 -16"><span class='ocrx_word' id='word_1_394' title='bbox 2021 3030 2172 3101; x_wconf 76' lang='grc' dir='ltr'>ἡμᾶς</span> <span class='ocrx_word' id='word_1_395' title='bbox 2230 3027 2731 3098; x_wconf 81' lang='grc' dir='ltr'>άνθρωποπρεποῦς</span> <span class='ocrx_word' id='word_1_396' title='bbox 2791 3027 2956 3082; x_wconf 73' lang='grc' dir='ltr'>αὑτοῦ</span> <span class='ocrx_word' id='word_1_397' title='bbox 3002 3027 3367 3099; x_wconf 82' lang='grc' dir='ltr'>ἀναστροφῆς,</span> <span class='ocrx_word' id='word_1_398' title='bbox 3418 3028 3582 3080; x_wconf 77' lang='grc' dir='ltr'>οἱονεὶ</span> 
     </span>
    </p>
   </div>
   <div class='ocr_carea' id='block_1_60' title="bbox 352 3116 1915 3194">
    <p class='ocr_par' dir='ltr' id='par_1_60' title="bbox 352 3118 1915 3190">
     <span class='ocr_line' id='line_1_60' title="bbox 352 3118 1915 3190; baseline 0.003 -18"><span class='ocrx_word' id='word_1_399' title='bbox 352 3118 518 3174; x_wconf 89' lang='lat' dir='ltr'><strong>modo</strong></span> <span class='ocrx_word' id='word_1_400' title='bbox 543 3119 749 3175; x_wconf 85' lang='lat' dir='ltr'><strong>diserte</strong></span> <span class='ocrx_word' id='word_1_401' title='bbox 777 3120 1041 3186; x_wconf 89' lang='lat' dir='ltr'><strong>clamans,</strong></span> <span class='ocrx_word' id='word_1_402' title='bbox 1068 3121 1385 3190; x_wconf 89' lang='lat' dir='ltr'><strong>mundoque</strong></span> <span class='ocrx_word' id='word_1_403' title='bbox 1422 3121 1491 3176; x_wconf 93' lang='lat' dir='ltr'><strong>ad</strong></span> <span class='ocrx_word' id='word_1_404' title='bbox 1517 3129 1736 3177; x_wconf 69' lang='lat' dir='ltr'><strong>aeternas</strong></span> <span class='ocrx_word' id='word_1_405' title='bbox 1792 3123 1915 3178; x_wconf 67' lang='lat' dir='ltr'><strong>vita:</strong></span> 
     </span>
    </p>
   </div>
   <div class='ocr_carea' id='block_1_61' title="bbox 2017 3116 3583 3194">
    <p class='ocr_par' dir='ltr' id='par_1_61' title="bbox 2017 3117 3583 3194">
     <span class='ocr_line' id='line_1_61' title="bbox 2017 3117 3583 3194; baseline -0.004 -18"><span class='ocrx_word' id='word_1_406' title='bbox 2017 3120 2313 3194; x_wconf 71' lang='grc' dir='ltr'>διαρρήδην</span> <span class='ocrx_word' id='word_1_407' title='bbox 2344 3119 2503 3190; x_wconf 79' lang='grc' dir='ltr'>βοῶν,</span> <span class='ocrx_word' id='word_1_408' title='bbox 2534 3119 2628 3173; x_wconf 78' lang='grc' dir='ltr'><strong>καὶ</strong></span> <span class='ocrx_word' id='word_1_409' title='bbox 2652 3119 2729 3190; x_wconf 82' lang='grc' dir='ltr'>τῷ</span> <span class='ocrx_word' id='word_1_410' title='bbox 2771 3118 2871 3190; x_wconf 83' lang='grc' dir='ltr'>βίῳ</span> <span class='ocrx_word' id='word_1_411' title='bbox 2904 3118 3080 3182; x_wconf 85' lang='grc' dir='ltr'>διδοὺς</span> <span class='ocrx_word' id='word_1_412' title='bbox 3121 3121 3201 3182; x_wconf 88' lang='grc' dir='ltr'><strong>είς</strong></span> <span class='ocrx_word' id='word_1_413' title='bbox 3234 3117 3583 3172; x_wconf 85' lang='grc' dir='ltr'>ὑποτύπωσιν</span> 
     </span>
    </p>
   </div>
   <div class='ocr_carea' id='block_1_62' title="bbox 353 3208 1921 3279">
    <p class='ocr_par' dir='ltr' id='par_1_62' title="bbox 353 3208 1921 3279">
     <span class='ocr_line' id='line_1_62' title="bbox 353 3208 1921 3279; baseline 0.004 -16"><span class='ocrx_word' id='word_1_414' title='bbox 353 3208 824 3277; x_wconf 82' lang='lat' dir='ltr'><strong>informationem,</strong></span> <span class='ocrx_word' id='word_1_415' title='bbox 859 3212 1012 3267; x_wconf 91' lang='lat' dir='ltr'><strong>omni</strong></span> <span class='ocrx_word' id='word_1_416' title='bbox 1033 3226 1168 3266; x_wconf 89' lang='lat' dir='ltr'><strong>voce</strong></span> <span class='ocrx_word' id='word_1_417' title='bbox 1191 3212 1395 3268; x_wconf 90' lang='lat' dir='ltr'><strong>clarius</strong></span> <span class='ocrx_word' id='word_1_418' title='bbox 1426 3213 1793 3279; x_wconf 86' lang='lat' dir='ltr'><strong>insonantem,</strong></span> <span class='ocrx_word' id='word_1_419' title='bbox 1817 3214 1921 3270; x_wconf 84' lang='lat' dir='ltr'><strong>bo—</strong></span> 
     </span>
    </p>
   </div>
   <div class='ocr_carea' id='block_1_63' title="bbox 351 3302 1922 3375">
    <p class='ocr_par' dir='ltr' id='par_1_63' title="bbox 351 3302 1922 3375">
     <span class='ocr_line' id='line_1_63' title="bbox 351 3302 1922 3375; baseline 0.002 -18"><span class='ocrx_word' id='word_1_420' title='bbox 351 3317 550 3357; x_wconf 83' lang='lat' dir='ltr'><strong>norum</strong></span> <span class='ocrx_word' id='word_1_421' title='bbox 596 3318 825 3373; x_wconf 88' lang='lat' dir='ltr'><strong>operum</strong></span> <span class='ocrx_word' id='word_1_422' title='bbox 884 3302 1281 3359; x_wconf 86' lang='lat' dir='ltr'><strong>exhibitionem</strong></span> <span class='ocrx_word' id='word_1_423' title='bbox 1328 3304 1600 3374; x_wconf 64' lang='lat' dir='ltr'><strong>praebens.</strong></span> <span class='ocrx_word' id='word_1_424' title='bbox 1653 3304 1922 3375; x_wconf 83' lang='lat' dir='ltr'><strong>Loquitur</strong></span> 
     </span>
    </p>
   </div>
   <div class='ocr_carea' id='block_1_64' title="bbox 351 3392 1921 3466">
    <p class='ocr_par' dir='ltr' id='par_1_64' title="bbox 351 3392 1921 3466">
     <span class='ocr_line' id='line_1_64' title="bbox 351 3392 1921 3466; baseline 0.004 -20"><span class='ocrx_word' id='word_1_425' title='bbox 351 3407 486 3447; x_wconf 87' lang='lat' dir='ltr'><strong>vero</strong></span> <span class='ocrx_word' id='word_1_426' title='bbox 506 3392 671 3447; x_wconf 91' lang='lat' dir='ltr'><strong>etiam</strong></span> <span class='ocrx_word' id='word_1_427' title='bbox 701 3394 758 3448; x_wconf 90' lang='lat' dir='ltr'><strong>in</strong></span> <span class='ocrx_word' id='word_1_428' title='bbox 782 3393 980 3464; x_wconf 90' lang='lat' dir='ltr'><strong>quovis</strong></span> <span class='ocrx_word' id='word_1_429' title='bbox 1006 3402 1221 3461; x_wconf 87' lang='lat' dir='ltr'><strong>sancto,</strong></span> <span class='ocrx_word' id='word_1_430' title='bbox 1249 3395 1369 3466; x_wconf 83' lang='lat' dir='ltr'><strong>ejus</strong></span> <span class='ocrx_word' id='word_1_431' title='bbox 1386 3402 1638 3452; x_wconf 82' lang='lat' dir='ltr'><strong>servante</strong></span> <span class='ocrx_word' id='word_1_432' title='bbox 1666 3396 1921 3452; x_wconf 88' lang='lat' dir='ltr'><strong>mandata</strong></span> 
     </span>
    </p>
   </div>
   <div class='ocr_carea' id='block_1_65' title="bbox 353 3483 1922 3559">
    <p class='ocr_par' dir='ltr' id='par_1_65' title="bbox 353 3483 1922 3559">
     <span class='ocr_line' id='line_1_65' title="bbox 353 3483 1922 3559; baseline 0.006 -23"><span class='ocrx_word' id='word_1_433' title='bbox 353 3483 510 3552; x_wconf 90' lang='lat' dir='ltr'><strong>quasi</strong></span> <span class='ocrx_word' id='word_1_434' title='bbox 542 3483 791 3538; x_wconf 85' lang='lat' dir='ltr'><strong>viventes</strong></span> <span class='ocrx_word' id='word_1_435' title='bbox 821 3499 922 3555; x_wconf 90' lang='lat' dir='ltr'><strong>per</strong></span> <span class='ocrx_word' id='word_1_436' title='bbox 951 3500 1120 3556; x_wconf 89' lang='lat' dir='ltr'><strong>opera</strong></span> <span class='ocrx_word' id='word_1_437' title='bbox 1147 3500 1450 3559; x_wconf 84' lang='lat' dir='ltr'><strong>sermones,</strong></span> <span class='ocrx_word' id='word_1_438' title='bbox 1483 3485 1743 3559; x_wconf 87' lang='lat' dir='ltr'><strong>omnique</strong></span> <span class='ocrx_word' id='word_1_439' title='bbox 1786 3503 1922 3545; x_wconf 85' lang='lat' dir='ltr'><strong>voce</strong></span> 
     </span>
    </p>
   </div>
   <div class='ocr_carea' id='block_1_66' title="bbox 351 3573 988 3631">
    <p class='ocr_par' dir='ltr' id='par_1_66' title="bbox 351 3573 988 3631">
     <span class='ocr_line' id='line_1_66' title="bbox 351 3573 988 3631; baseline 0.003 -3"><span class='ocrx_word' id='word_1_440' title='bbox 351 3573 661 3631; x_wconf 89' lang='lat' dir='ltr'><strong>vocaliores</strong></span> <span class='ocrx_word' id='word_1_441' title='bbox 680 3583 988 3631; x_wconf 86' lang='lat' dir='ltr'><strong>ostentans.</strong></span> 
     </span>
    </p>
   </div>
   <div class='ocr_carea' id='block_1_67' title="bbox 421 3664 1959 3765">
    <p class='ocr_par' dir='ltr' id='par_1_67' title="bbox 421 3664 1959 3765">
     <span class='ocr_line' id='line_1_67' title="bbox 421 3664 1959 3765; baseline 0.005 -23"><span class='ocrx_word' id='word_1_442' title='bbox 421 3687 673 3744; x_wconf 82' lang='lat' dir='ltr'><strong>Exsultat</strong></span> <span class='ocrx_word' id='word_1_443' title='bbox 695 3664 879 3745; x_wconf 87' lang='lat' dir='ltr'><strong>autem</strong></span> <span class='ocrx_word' id='word_1_444' title='bbox 908 3689 1254 3762; x_wconf 86' lang='lat' dir='ltr'><strong>tuucjustus,</strong></span> <span class='ocrx_word' id='word_1_445' title='bbox 1272 3697 1413 3747; x_wconf 87' lang='lat' dir='ltr'><strong>&#39;cum</strong></span> <span class='ocrx_word' id='word_1_446' title='bbox 1441 3691 1721 3762; x_wconf 78' lang='lat' dir='ltr'><strong>Unigeniti</strong></span> <span class='ocrx_word' id='word_1_447' title='bbox 1746 3693 1921 3765; x_wconf 73' lang='lat' dir='ltr'><strong>gratia</strong></span> <span class='ocrx_word' id='word_1_448' title='bbox 1948 3696 1959 3707; x_wconf 77' lang='lat'><strong>’</strong></span> 
     </span>
    </p>
   </div>
   <div class='ocr_carea' id='block_1_68' title="bbox 351 3777 1918 3849">
    <p class='ocr_par' dir='ltr' id='par_1_68' title="bbox 351 3777 1918 3849">
     <span class='ocr_line' id='line_1_68' title="bbox 351 3777 1918 3849; baseline 0.003 -16"><span class='ocrx_word' id='word_1_449' title='bbox 351 3777 637 3849; x_wconf 79' lang='lat' dir='ltr'><strong>perlectus</strong></span> <span class='ocrx_word' id='word_1_450' title='bbox 663 3795 729 3835; x_wconf 90' lang='lat' dir='ltr'><strong>ac</strong></span> <span class='ocrx_word' id='word_1_451' title='bbox 758 3788 1191 3846; x_wconf 86' lang='lat' dir='ltr'><strong>consummatus,</strong></span> <span class='ocrx_word' id='word_1_452' title='bbox 1249 3780 1479 3837; x_wconf 89' lang='lat' dir='ltr'><strong>idoneus</strong></span> <span class='ocrx_word' id='word_1_453' title='bbox 1509 3780 1689 3837; x_wconf 80' lang='lat' dir='ltr'><strong>factus</strong></span> <span class='ocrx_word' id='word_1_454' title='bbox 1731 3782 1918 3848; x_wconf 79' lang='lat' dir='ltr'><strong>fuerit,</strong></span> 
     </span>
    </p>
   </div>
   <div class='ocr_carea' id='block_1_69' title="bbox 353 3864 1920 3942">
    <p class='ocr_par' dir='ltr' id='par_1_69' title="bbox 353 3864 1920 3942">
     <span class='ocr_line' id='line_1_69' title="bbox 353 3864 1920 3942; baseline 0.004 -22"><span class='ocrx_word' id='word_1_455' title='bbox 353 3873 417 3920; x_wconf 90' lang='lat' dir='ltr'><strong>ut</strong></span> <span class='ocrx_word' id='word_1_456' title='bbox 439 3864 652 3921; x_wconf 88' lang='lat' dir='ltr'><strong>dividat</strong></span> <span class='ocrx_word' id='word_1_457' title='bbox 697 3867 975 3936; x_wconf 89' lang='lat' dir='ltr'><strong>Sichima;</strong></span> <span class='ocrx_word' id='word_1_458' title='bbox 1009 3883 1206 3939; x_wconf 88' lang='lat' dir='ltr'><strong>nempe</strong></span> <span class='ocrx_word' id='word_1_459' title='bbox 1243 3877 1305 3924; x_wconf 89' lang='lat' dir='ltr'><strong>ut</strong></span> <span class='ocrx_word' id='word_1_460' title='bbox 1334 3885 1435 3939; x_wconf 90' lang='lat' dir='ltr'><strong>pro</strong></span> <span class='ocrx_word' id='word_1_461' title='bbox 1468 3871 1731 3942; x_wconf 87' lang='lat' dir='ltr'><strong>cujusque</strong></span> <span class='ocrx_word' id='word_1_462' title='bbox 1760 3880 1920 3942; x_wconf 88' lang='lat' dir='ltr'><strong>captu</strong></span> 
     </span>
    </p>
   </div>
   <div class='ocr_carea' id='block_1_70' title="bbox 354 3957 1924 4030">
    <p class='ocr_par' dir='ltr' id='par_1_70' title="bbox 354 3957 1924 4030">
     <span class='ocr_line' id='line_1_70' title="bbox 354 3957 1924 4030; baseline 0.006 -20"><span class='ocrx_word' id='word_1_463' title='bbox 354 3957 655 4013; x_wconf 79' lang='lat' dir='ltr'><strong>aeratione</strong></span> <span class='ocrx_word' id='word_1_464' title='bbox 708 3973 776 4014; x_wconf 87' lang='lat' dir='ltr'><strong>ex</strong></span> <span class='ocrx_word' id='word_1_465' title='bbox 828 3958 991 4014; x_wconf 90' lang='lat' dir='ltr'><strong>docta</strong></span> <span class='ocrx_word' id='word_1_466' title='bbox 1043 3961 1401 4030; x_wconf 83' lang='lat' dir='ltr'><strong>experientia,</strong></span> <span class='ocrx_word' id='word_1_467' title='bbox 1439 3962 1708 4017; x_wconf 90' lang='lat' dir='ltr'><strong>virtutum</strong></span> <span class='ocrx_word' id='word_1_468' title='bbox 1736 3964 1924 4019; x_wconf 85' lang='lat' dir='ltr'><strong>viriles</strong></span> 
     </span>
    </p>
   </div>
   <div class='ocr_carea' id='block_1_71' title="bbox 353 4047 1922 4122">
    <p class='ocr_par' dir='ltr' id='par_1_71' title="bbox 353 4047 1922 4122">
     <span class='ocr_line' id='line_1_71' title="bbox 353 4047 1922 4122; baseline 0.004 -20"><span class='ocrx_word' id='word_1_469' title='bbox 353 4047 569 4114; x_wconf 89' lang='lat' dir='ltr'><strong>modos,</strong></span> <span class='ocrx_word' id='word_1_470' title='bbox 594 4048 825 4104; x_wconf 89' lang='lat' dir='ltr'><strong>colendo</strong></span> <span class='ocrx_word' id='word_1_471' title='bbox 847 4049 1144 4116; x_wconf 89' lang='lat' dir='ltr'><strong>actionem,</strong></span> <span class='ocrx_word' id='word_1_472' title='bbox 1177 4052 1404 4122; x_wconf 90' lang='lat' dir='ltr'><strong>reliquis</strong></span> <span class='ocrx_word' id='word_1_473' title='bbox 1433 4052 1768 4109; x_wconf 88' lang='lat' dir='ltr'><strong>documento</strong></span> <span class='ocrx_word' id='word_1_474' title='bbox 1806 4061 1922 4110; x_wconf 87' lang='lat' dir='ltr'><strong>tra-</strong></span> 
     </span>
    </p>
   </div>
   <div class='ocr_carea' id='block_1_72' title="bbox 354 4136 1923 4213">
    <p class='ocr_par' dir='ltr' id='par_1_72' title="bbox 354 4136 1923 4213">
     <span class='ocr_line' id='line_1_72' title="bbox 354 4136 1923 4213; baseline 0.005 -21"><span class='ocrx_word' id='word_1_475' title='bbox 354 4136 470 4193; x_wconf 88' lang='lat' dir='ltr'><strong>dat.</strong></span> <span class='ocrx_word' id='word_1_476' title='bbox 493 4138 592 4194; x_wconf 90' lang='lat' dir='ltr'><strong>Est</strong></span> <span class='ocrx_word' id='word_1_477' title='bbox 618 4138 766 4194; x_wconf 90' lang='lat' dir='ltr'><strong>enim</strong></span> <span class='ocrx_word' id='word_1_478' title='bbox 798 4138 1061 4205; x_wconf 85' lang='lat' dir='ltr'><strong>Sichima,</strong></span> <span class='ocrx_word' id='word_1_479' title='bbox 1093 4141 1141 4197; x_wconf 91' lang='lat' dir='ltr'><strong>si</strong></span> <span class='ocrx_word' id='word_1_480' title='bbox 1169 4157 1370 4198; x_wconf 90' lang='lat' dir='ltr'><strong>nomen</strong></span> <span class='ocrx_word' id='word_1_481' title='bbox 1394 4143 1792 4213; x_wconf 89' lang='lat' dir='ltr'><strong>interpreteris,</strong></span> <span class='ocrx_word' id='word_1_482' title='bbox 1820 4145 1923 4199; x_wconf 84' lang='lat' dir='ltr'><strong>hu-</strong></span> 
     </span>
    </p>
   </div>
   <div class='ocr_carea' id='block_1_73' title="bbox 354 4229 1923 4307">
    <p class='ocr_par' dir='ltr' id='par_1_73' title="bbox 354 4229 1923 4307">
     <span class='ocr_line' id='line_1_73' title="bbox 354 4229 1923 4307; baseline 0.006 -23"><span class='ocrx_word' id='word_1_483' title='bbox 354 4246 622 4285; x_wconf 78' lang='lat' dir='ltr'><strong>merorum</strong></span> <span class='ocrx_word' id='word_1_484' title='bbox 661 4229 923 4298; x_wconf 82' lang='lat' dir='ltr'><strong>latitudo;</strong></span> <span class='ocrx_word' id='word_1_485' title='bbox 952 4233 1222 4304; x_wconf 85' lang='lat' dir='ltr'><strong>ejusmodi</strong></span> <span class='ocrx_word' id='word_1_486' title='bbox 1273 4235 1486 4291; x_wconf 88' lang='lat' dir='ltr'><strong>scilicet</strong></span> <span class='ocrx_word' id='word_1_487' title='bbox 1538 4236 1780 4302; x_wconf 83' lang='lat' dir='ltr'><strong>habitus,</strong></span> <span class='ocrx_word' id='word_1_488' title='bbox 1826 4238 1923 4307; x_wconf 87' lang='lat' dir='ltr'><strong>qui</strong></span> 
     </span>
    </p>
   </div>
   <div class='ocr_carea' id='block_1_74' title="bbox 352 4320 1922 4393">
    <p class='ocr_par' dir='ltr' id='par_1_74' title="bbox 352 4320 1922 4393">
     <span class='ocr_line' id='line_1_74' title="bbox 352 4320 1922 4393; baseline 0.004 -20"><span class='ocrx_word' id='word_1_489' title='bbox 352 4325 612 4375; x_wconf 89' lang='lat' dir='ltr'><strong>ctomnes</strong></span> <span class='ocrx_word' id='word_1_490' title='bbox 639 4320 1080 4389; x_wconf 88' lang='lat' dir='ltr'><strong>perturbationes</strong></span> <span class='ocrx_word' id='word_1_491' title='bbox 1094 4323 1335 4393; x_wconf 91' lang='lat' dir='ltr'><strong>vitiaque</strong></span> <span class='ocrx_word' id='word_1_492' title='bbox 1351 4332 1623 4389; x_wconf 89' lang='lat' dir='ltr'><strong>coerceat,</strong></span> <span class='ocrx_word' id='word_1_493' title='bbox 1645 4325 1922 4380; x_wconf 91' lang='lat' dir='ltr'><strong>omnium-</strong></span> 
     </span>
    </p>
   </div>
   <div class='ocr_carea' id='block_1_75' title="bbox 2025 3209 3580 3282">
    <p class='ocr_par' dir='ltr' id='par_1_75' title="bbox 2025 3209 3580 3282">
     <span class='ocr_line' id='line_1_75' title="bbox 2025 3209 3580 3282; baseline -0.003 -16"><span class='ocrx_word' id='word_1_494' title='bbox 2025 3213 2249 3269; x_wconf 75' lang='grc' dir='ltr'>αἰωνίου</span> <span class='ocrx_word' id='word_1_495' title='bbox 2285 3210 2453 3282; x_wconf 78' lang='grc' dir='ltr'>ζωῆς,</span> <span class='ocrx_word' id='word_1_496' title='bbox 2497 3211 2682 3266; x_wconf 86' lang='grc' dir='ltr'>είκόνα</span> <span class='ocrx_word' id='word_1_497' title='bbox 2725 3210 2907 3279; x_wconf 83' lang='grc' dir='ltr'>πάσης</span> <span class='ocrx_word' id='word_1_498' title='bbox 2959 3210 3332 3281; x_wconf 80' lang='grc' dir='ltr'>γεγωνοτέραν</span> <span class='ocrx_word' id='word_1_499' title='bbox 3376 3209 3580 3278; x_wconf 83' lang='grc' dir='ltr'>φωνῆς,</span> 
     </span>
    </p>
   </div>
   <div class='ocr_carea' id='block_1_76' title="bbox 2020 3301 3584 3376">
    <p class='ocr_par' dir='ltr' id='par_1_76' title="bbox 2020 3301 3584 3376">
     <span class='ocr_line' id='line_1_76' title="bbox 2020 3301 3584 3376; baseline -0.003 -18"><span class='ocrx_word' id='word_1_500' title='bbox 2020 3303 2119 3376; x_wconf 81' lang='grc' dir='ltr'>τὴν</span> <span class='ocrx_word' id='word_1_501' title='bbox 2173 3303 2281 3359; x_wconf 88' lang='grc' dir='ltr'><strong>τῶν</strong></span> <span class='ocrx_word' id='word_1_502' title='bbox 2334 3303 2553 3372; x_wconf 86' lang='grc' dir='ltr'>ἀγαθῶν</span> <span class='ocrx_word' id='word_1_503' title='bbox 2600 3302 2776 3375; x_wconf 76' lang='grc' dir='ltr'>ἔργων</span> <span class='ocrx_word' id='word_1_504' title='bbox 2817 3302 3093 3368; x_wconf 79' lang='grc' dir='ltr'>ἐπίδειξιν.</span> <span class='ocrx_word' id='word_1_505' title='bbox 3129 3303 3296 3356; x_wconf 82' lang='grc' dir='ltr'>Λαλεϊ</span> <span class='ocrx_word' id='word_1_506' title='bbox 3319 3301 3373 3354; x_wconf 73' lang='grc' dir='ltr'>δὲ</span> <span class='ocrx_word' id='word_1_507' title='bbox 3401 3301 3494 3354; x_wconf 74' lang='grc' dir='ltr'><strong>καὶ</strong></span> <span class='ocrx_word' id='word_1_508' title='bbox 3525 3301 3584 3353; x_wconf 79' lang='grc' dir='ltr'>ὲν</span> 
     </span>
    </p>
   </div>
   <div class='ocr_carea' id='block_1_77' title="bbox 2020 3387 3584 3467">
    <p class='ocr_par' dir='ltr' id='par_1_77' title="bbox 2020 3387 3584 3467">
     <span class='ocr_line' id='line_1_77' title="bbox 2020 3387 3584 3467; baseline -0.004 -17"><span class='ocrx_word' id='word_1_509' title='bbox 2020 3396 2236 3467; x_wconf 71' lang='grc' dir='ltr'>ἑκάστῳ</span> <span class='ocrx_word' id='word_1_510' title='bbox 2278 3395 2418 3465; x_wconf 78' lang='grc' dir='ltr'>ἁγίῳ</span> <span class='ocrx_word' id='word_1_511' title='bbox 2475 3394 2797 3464; x_wconf 81' lang='grc' dir='ltr'>φυλάττοντι</span> <span class='ocrx_word' id='word_1_512' title='bbox 2849 3392 3014 3447; x_wconf 79' lang='grc' dir='ltr'>αὑτοῦ</span> <span class='ocrx_word' id='word_1_513' title='bbox 3047 3394 3146 3457; x_wconf 72' lang='grc' dir='ltr'><strong>τὰς</strong></span> <span class='ocrx_word' id='word_1_514' title='bbox 3181 3392 3400 3455; x_wconf 68' lang='grc' dir='ltr'>ἐντολάς</span> <span class='ocrx_word' id='word_1_515' title='bbox 3424 3407 3439 3421; x_wconf 88' lang='grc'><strong>·</strong></span> <span class='ocrx_word' id='word_1_516' title='bbox 3472 3387 3584 3444; x_wconf 78' lang='grc' dir='ltr'>οἷον</span> 
     </span>
    </p>
   </div>
   <div class='ocr_carea' id='block_1_78' title="bbox 2021 3473 3586 3558">
    <p class='ocr_par' dir='ltr' id='par_1_78' title="bbox 2021 3473 3586 3558">
     <span class='ocr_line' id='line_1_78' title="bbox 2021 3473 3586 3558; baseline -0.005 -16"><span class='ocrx_word' id='word_1_517' title='bbox 2021 3487 2229 3553; x_wconf 79' lang='grc' dir='ltr'>ζῶντας</span> <span class='ocrx_word' id='word_1_518' title='bbox 2254 3488 2467 3552; x_wconf 77' lang='grc' dir='ltr'>δεικνὺς</span> <span class='ocrx_word' id='word_1_519' title='bbox 2493 3487 2584 3543; x_wconf 82' lang='grc' dir='ltr'>διὰ</span> <span class='ocrx_word' id='word_1_520' title='bbox 2607 3486 2717 3541; x_wconf 87' lang='grc' dir='ltr'><strong>τῶν</strong></span> <span class='ocrx_word' id='word_1_521' title='bbox 2744 3486 2922 3558; x_wconf 71' lang='grc' dir='ltr'>ἔργων</span> <span class='ocrx_word' id='word_1_522' title='bbox 2954 3486 3079 3549; x_wconf 78' lang='grc' dir='ltr'>τοὺς</span> <span class='ocrx_word' id='word_1_523' title='bbox 3106 3473 3299 3552; x_wconf 85' lang='grc' dir='ltr'>λόγους</span> <span class='ocrx_word' id='word_1_524' title='bbox 3316 3523 3332 3549; x_wconf 92' lang='grc'><strong>,</strong></span> <span class='ocrx_word' id='word_1_525' title='bbox 3357 3484 3452 3538; x_wconf 78' lang='grc' dir='ltr'>καὶ</span> <span class='ocrx_word' id='word_1_526' title='bbox 3482 3483 3586 3537; x_wconf 71' lang='grc' dir='ltr'>πάι-</span> 
     </span>
    </p>
   </div>
   <div class='ocr_carea' id='block_1_79' title="bbox 2022 3576 2776 3650">
    <p class='ocr_par' dir='ltr' id='par_1_79' title="bbox 2022 3576 2776 3650">
     <span class='ocr_line' id='line_1_79' title="bbox 2022 3576 2776 3650; baseline -0.004 0"><span class='ocrx_word' id='word_1_527' title='bbox 2022 3595 2123 3650; x_wconf 85' lang='grc' dir='ltr'><strong>σης</strong></span> <span class='ocrx_word' id='word_1_528' title='bbox 2147 3576 2332 3647; x_wconf 84' lang='grc' dir='ltr'>φωνῆς</span> <span class='ocrx_word' id='word_1_529' title='bbox 2362 3576 2776 3648; x_wconf 77' lang='grc' dir='ltr'>γεγωνοτέρους-</span> 
     </span>
    </p>
   </div>
   <div class='ocr_carea' id='block_1_80' title="bbox 2100 3686 3583 3760">
    <p class='ocr_par' dir='ltr' id='par_1_80' title="bbox 2100 3686 3583 3760">
     <span class='ocr_line' id='line_1_80' title="bbox 2100 3686 3583 3760; baseline -0.003 -16"><span class='ocrx_word' id='word_1_530' title='bbox 2100 3690 2447 3760; x_wconf 81' lang='grc' dir='ltr'>Ἀγαλλιᾱται</span> <span class='ocrx_word' id='word_1_531' title='bbox 2482 3690 2540 3744; x_wconf 78' lang='grc' dir='ltr'>δὲ</span> <span class='ocrx_word' id='word_1_532' title='bbox 2565 3692 2594 3743; x_wconf 85' lang='grc' dir='ltr'><strong>ό</strong></span> <span class='ocrx_word' id='word_1_533' title='bbox 2613 3688 2845 3752; x_wconf 80' lang='grc' dir='ltr'>δίκαιος,</span> <span class='ocrx_word' id='word_1_534' title='bbox 2875 3688 3037 3760; x_wconf 74' lang='grc' dir='ltr'>ἡνίκα</span> <span class='ocrx_word' id='word_1_535' title='bbox 3062 3686 3365 3751; x_wconf 76' lang='grc' dir='ltr'>τελειωθεὶς</span> <span class='ocrx_word' id='word_1_536' title='bbox 3394 3688 3461 3758; x_wconf 74' lang='grc' dir='ltr'>τῇ</span> <span class='ocrx_word' id='word_1_537' title='bbox 3483 3686 3583 3755; x_wconf 78' lang='grc' dir='ltr'>κά·</span> 
     </span>
    </p>
   </div>
   <div class='ocr_carea' id='block_1_81' title="bbox 2026 3775 3586 3852">
    <p class='ocr_par' dir='ltr' id='par_1_81' title="bbox 2026 3775 3586 3852">
     <span class='ocr_line' id='line_1_81' title="bbox 2026 3775 3586 3852; baseline -0.004 -17"><span class='ocrx_word' id='word_1_538' title='bbox 2026 3798 2133 3852; x_wconf 88' lang='grc' dir='ltr'>ριτι</span> <span class='ocrx_word' id='word_1_539' title='bbox 2164 3781 2260 3835; x_wconf 83' lang='grc' dir='ltr'>τοῦ</span> <span class='ocrx_word' id='word_1_540' title='bbox 2280 3779 2641 3849; x_wconf 84' lang='grc' dir='ltr'>Μονογενοῦς,</span> <span class='ocrx_word' id='word_1_541' title='bbox 2672 3780 2855 3843; x_wconf 79' lang='grc' dir='ltr'>ἱκανὸς</span> <span class='ocrx_word' id='word_1_542' title='bbox 2878 3779 3104 3850; x_wconf 79' lang='grc' dir='ltr'>γένηται</span> <span class='ocrx_word' id='word_1_543' title='bbox 3135 3778 3447 3849; x_wconf 87' lang='grc' dir='ltr'>διαμερίσαι</span> <span class='ocrx_word' id='word_1_544' title='bbox 3487 3775 3586 3846; x_wconf 81' lang='grc' dir='ltr'><strong>τὴν</strong></span> 
     </span>
    </p>
   </div>
   <div class='ocr_carea' id='block_1_82' title="bbox 2021 3870 3582 3943">
    <p class='ocr_par' dir='ltr' id='par_1_82' title="bbox 2021 3870 3582 3943">
     <span class='ocr_line' id='line_1_82' title="bbox 2021 3870 3582 3943; baseline -0.004 -18"><span class='ocrx_word' id='word_1_545' title='bbox 2021 3873 2238 3943; x_wconf 86' lang='grc' dir='ltr'>Σίκημα</span> <span class='ocrx_word' id='word_1_546' title='bbox 2269 3888 2286 3905; x_wconf 78' lang='grc' dir='ltr'><strong>ο</strong></span> <span class='ocrx_word' id='word_1_547' title='bbox 2330 3872 2629 3937; x_wconf 83' lang='grc' dir='ltr'>τουτέστιν,</span> <span class='ocrx_word' id='word_1_548' title='bbox 2659 3870 2839 3933; x_wconf 82' lang='grc' dir='ltr'>άλλοις</span> <span class='ocrx_word' id='word_1_549' title='bbox 2861 3870 3135 3939; x_wconf 82' lang='grc' dir='ltr'>ἀναλόγως</span> <span class='ocrx_word' id='word_1_550' title='bbox 3156 3872 3221 3923; x_wconf 83' lang='grc' dir='ltr'><strong>ὲκ</strong></span> <span class='ocrx_word' id='word_1_551' title='bbox 3242 3870 3437 3940; x_wconf 86' lang='grc' dir='ltr'>πείρας</span> <span class='ocrx_word' id='word_1_552' title='bbox 3463 3870 3582 3921; x_wconf 74' lang='grc' dir='ltr'>ἔπι-</span> 
     </span>
    </p>
   </div>
   <div class='ocr_carea' id='block_1_83' title="bbox 2023 3956 3585 4031">
    <p class='ocr_par' dir='ltr' id='par_1_83' title="bbox 2023 3956 3585 4031">
     <span class='ocr_line' id='line_1_83' title="bbox 2023 3956 3585 4031; baseline -0.003 -17"><span class='ocrx_word' id='word_1_553' title='bbox 2023 3962 2287 4031; x_wconf 78' lang='grc' dir='ltr'>στήμονυς</span> <span class='ocrx_word' id='word_1_554' title='bbox 2321 3959 2638 4022; x_wconf 80' lang='grc' dir='ltr'>ὑποθέσθαι,</span> <span class='ocrx_word' id='word_1_555' title='bbox 2670 3959 2798 4023; x_wconf 84' lang='grc' dir='ltr'>τοὺς</span> <span class='ocrx_word' id='word_1_556' title='bbox 2843 3958 2986 4012; x_wconf 84' lang='grc' dir='ltr'>κατὰ</span> <span class='ocrx_word' id='word_1_557' title='bbox 3023 3958 3120 4028; x_wconf 80' lang='grc' dir='ltr'><strong>τὴν</strong></span> <span class='ocrx_word' id='word_1_558' title='bbox 3146 3956 3456 4028; x_wconf 81' lang='grc' dir='ltr'>πρακτικὴν</span> <span class='ocrx_word' id='word_1_559' title='bbox 3487 3957 3585 4009; x_wconf 87' lang='grc' dir='ltr'>άν-</span> 
     </span>
    </p>
   </div>
   <div class='ocr_carea' id='block_1_84' title="bbox 2019 4045 3586 4122">
    <p class='ocr_par' dir='ltr' id='par_1_84' title="bbox 2019 4045 3586 4122">
     <span class='ocr_line' id='line_1_84' title="bbox 2019 4045 3586 4122; baseline -0.006 -16"><span class='ocrx_word' id='word_1_560' title='bbox 2019 4053 2237 4122; x_wconf 85' lang='grc' dir='ltr'>δρικοὺς</span> <span class='ocrx_word' id='word_1_561' title='bbox 2296 4050 2405 4104; x_wconf 89' lang='grc' dir='ltr'><strong>τῶν</strong></span> <span class='ocrx_word' id='word_1_562' title='bbox 2460 4050 2668 4120; x_wconf 84' lang='grc' dir='ltr'>ἀρετῶν</span> <span class='ocrx_word' id='word_1_563' title='bbox 2714 4049 2967 4121; x_wconf 88' lang='grc' dir='ltr'>τρόπους.</span> <span class='ocrx_word' id='word_1_564' title='bbox 3016 4049 3280 4118; x_wconf 80' lang='grc' dir='ltr'>Ὠμίασις</span> <span class='ocrx_word' id='word_1_565' title='bbox 3308 4046 3385 4118; x_wconf 84' lang='lat' dir='ltr'><strong>(d)</strong></span> <span class='ocrx_word' id='word_1_566' title='bbox 3415 4045 3523 4114; x_wconf 84' lang='grc' dir='ltr'><strong>γάρ</strong></span> <span class='ocrx_word' id='word_1_567' title='bbox 3552 4046 3586 4114; x_wconf 78' lang='grc' dir='ltr'><strong>ἡ</strong></span> 
     </span>
    </p>
   </div>
   <div class='ocr_carea' id='block_1_85' title="bbox 2021 4136 3588 4214">
    <p class='ocr_par' dir='ltr' id='par_1_85' title="bbox 2021 4136 3588 4214">
     <span class='ocr_line' id='line_1_85' title="bbox 2021 4136 3588 4214; baseline -0.005 -17"><span class='ocrx_word' id='word_1_568' title='bbox 2021 4142 2238 4214; x_wconf 87' lang='grc' dir='ltr'>Σίκημα</span> <span class='ocrx_word' id='word_1_569' title='bbox 2290 4141 2645 4214; x_wconf 80' lang='grc' dir='ltr'>ἑρμηνεύεται</span> <span class='ocrx_word' id='word_1_570' title='bbox 2674 4156 2688 4169; x_wconf 73' lang='grc' dir='ltr'><strong>ο</strong></span> <span class='ocrx_word' id='word_1_571' title='bbox 2728 4140 2865 4209; x_wconf 80' lang='grc' dir='ltr'>ὅπερ</span> <span class='ocrx_word' id='word_1_572' title='bbox 2918 4140 3065 4193; x_wconf 71' lang='grc' dir='ltr'>ἐστὶν</span> <span class='ocrx_word' id='word_1_573' title='bbox 3111 4141 3146 4210; x_wconf 81' lang='grc' dir='ltr'><strong>ἡ</strong></span> <span class='ocrx_word' id='word_1_574' title='bbox 3219 4138 3436 4192; x_wconf 82' lang='grc' dir='ltr'>πάντων</span> <span class='ocrx_word' id='word_1_575' title='bbox 3489 4136 3588 4206; x_wconf 78' lang='grc' dir='ltr'>μὲν</span> 
     </span>
    </p>
   </div>
   <div class='ocr_carea' id='block_1_86' title="bbox 2021 4227 3589 4304">
    <p class='ocr_par' dir='ltr' id='par_1_86' title="bbox 2021 4227 3589 4304">
     <span class='ocr_line' id='line_1_86' title="bbox 2021 4227 3589 4304; baseline -0.006 -16"><span class='ocrx_word' id='word_1_576' title='bbox 2021 4233 2284 4304; x_wconf 66' lang='grc' dir='ltr'>ἐφεκτικὴ</span> <span class='ocrx_word' id='word_1_577' title='bbox 2332 4233 2442 4288; x_wconf 87' lang='grc' dir='ltr'><strong>τῶν</strong></span> <span class='ocrx_word' id='word_1_578' title='bbox 2495 4232 2686 4286; x_wconf 87' lang='grc' dir='ltr'>παθῶν</span> <span class='ocrx_word' id='word_1_579' title='bbox 2706 4273 2721 4299; x_wconf 94' lang='grc'><strong>,</strong></span> <span class='ocrx_word' id='word_1_580' title='bbox 2769 4230 2958 4285; x_wconf 87' lang='grc' dir='ltr'>πασῶν</span> <span class='ocrx_word' id='word_1_581' title='bbox 3008 4230 3067 4284; x_wconf 76' lang='grc' dir='ltr'>δὲ</span> <span class='ocrx_word' id='word_1_582' title='bbox 3114 4228 3439 4302; x_wconf 77' lang='grc' dir='ltr'>ὲνεργητικὴ</span> <span class='ocrx_word' id='word_1_583' title='bbox 3478 4227 3589 4280; x_wconf 87' lang='grc' dir='ltr'><strong>τῶν</strong></span> 
     </span>
    </p>
   </div>
   <div class='ocr_carea' id='block_1_87' title="bbox 2024 4316 3591 4401">
    <p class='ocr_par' dir='ltr' id='par_1_87' title="bbox 2024 4316 3591 4401">
     <span class='ocr_line' id='line_1_87' title="bbox 2024 4316 3591 4401; baseline -0.006 -18"><span class='ocrx_word' id='word_1_584' title='bbox 2024 4329 2236 4401; x_wconf 87' lang='grc' dir='ltr'>ἀρετῶν</span> <span class='ocrx_word' id='word_1_585' title='bbox 2297 4327 2429 4392; x_wconf 74' lang='grc' dir='ltr'>ἕξις.</span> <span class='ocrx_word' id='word_1_586' title='bbox 2480 4327 2742 4399; x_wconf 79' lang='grc' dir='ltr'>Πράξεως</span> <span class='ocrx_word' id='word_1_587' title='bbox 2794 4325 2906 4397; x_wconf 86' lang='grc' dir='ltr'><strong>γάρ</strong></span> <span class='ocrx_word' id='word_1_588' title='bbox 2962 4323 3232 4396; x_wconf 76' lang='grc' dir='ltr'>σύμϐολον</span> <span class='ocrx_word' id='word_1_589' title='bbox 3281 4323 3373 4378; x_wconf 79' lang='grc' dir='ltr'>τὸν</span> <span class='ocrx_word' id='word_1_590' title='bbox 3437 4316 3591 4393; x_wconf 80' lang='grc' dir='ltr'>ὦμον</span> 
     </span>
    </p>
   </div>
   <div class='ocr_carea' id='block_1_88' title="bbox 354 4410 1915 4514">
    <p class='ocr_par' dir='ltr' id='par_1_88' title="bbox 354 4410 1915 4475">
     <span class='ocr_line' id='line_1_88' title="bbox 354 4410 1915 4475; baseline 0.008 -17"><span class='ocrx_word' id='word_1_591' title='bbox 354 4420 464 4474; x_wconf 87' lang='lat' dir='ltr'><strong>que</strong></span> <span class='ocrx_word' id='word_1_592' title='bbox 491 4421 691 4475; x_wconf 88' lang='lat' dir='ltr'><strong>parens</strong></span> <span class='ocrx_word' id='word_1_593' title='bbox 717 4422 784 4462; x_wconf 92' lang='lat' dir='ltr'><strong>ac</strong></span> <span class='ocrx_word' id='word_1_594' title='bbox 805 4422 970 4464; x_wconf 85' lang='lat' dir='ltr'><strong>causa</strong></span> <span class='ocrx_word' id='word_1_595' title='bbox 996 4410 1263 4465; x_wconf 89' lang='lat' dir='ltr'><strong>virtutum</strong></span> <span class='ocrx_word' id='word_1_596' title='bbox 1290 4411 1536 4469; x_wconf 86' lang='lat' dir='ltr'><strong>exsistat.</strong></span> <span class='ocrx_word' id='word_1_597' title='bbox 1580 4412 1751 4469; x_wconf 80' lang='lat' dir='ltr'><strong>Aiunt</strong></span> <span class='ocrx_word' id='word_1_598' title='bbox 1772 4415 1915 4471; x_wconf 88' lang='lat' dir='ltr'><strong>enim</strong></span> 
     </span>
    </p>
   </div>
   <div class='ocr_carea' id='block_1_89' title="bbox 2017 4410 2340 4514">
    <p class='ocr_par' dir='ltr' id='par_1_89' title="bbox 2023 4416 2340 4489">
     <span class='ocr_line' id='line_1_89' title="bbox 2023 4416 2340 4489; baseline -0.003 -15"><span class='ocrx_word' id='word_1_599' title='bbox 2023 4416 2162 4475; x_wconf 79' lang='grc' dir='ltr'>εἷναί</span> <span class='ocrx_word' id='word_1_600' title='bbox 2188 4436 2340 4489; x_wconf 88' lang='grc' dir='ltr'>φασι.</span> 
     </span>
    </p>
   </div>
   <div class='ocr_carea' id='block_1_90' title="bbox 352 4495 1548 4573">
    <p class='ocr_par' dir='ltr' id='par_1_90' title="bbox 352 4495 1548 4573">
     <span class='ocr_line' id='line_1_90' title="bbox 352 4495 1548 4573; baseline 0.008 -25"><span class='ocrx_word' id='word_1_601' title='bbox 352 4495 647 4549; x_wconf 84' lang='lat' dir='ltr'><strong>humerum</strong></span> <span class='ocrx_word' id='word_1_602' title='bbox 673 4497 898 4552; x_wconf 86' lang='lat' dir='ltr'><strong>virtutis</strong></span> <span class='ocrx_word' id='word_1_603' title='bbox 925 4499 1185 4568; x_wconf 75' lang='lat' dir='ltr'><strong>praeferre</strong></span> <span class='ocrx_word' id='word_1_604' title='bbox 1217 4501 1548 4573; x_wconf 86' lang='lat' dir='ltr'><strong>symbolum.</strong></span> 
     </span>
    </p>
   </div>
   <div class='ocr_carea' id='block_1_91' title="bbox 423 4615 1925 4697">
    <p class='ocr_par' dir='ltr' id='par_1_91' title="bbox 423 4615 1925 4697">
     <span class='ocr_line' id='line_1_91' title="bbox 423 4615 1925 4697; baseline 0.008 -25"><span class='ocrx_word' id='word_1_605' title='bbox 423 4615 495 4672; x_wconf 87' lang='lat' dir='ltr'><strong>Et</strong></span> <span class='ocrx_word' id='word_1_606' title='bbox 515 4617 816 4673; x_wconf 72' lang='lat' dir='ltr'><strong>convallem</strong></span> <span class='ocrx_word' id='word_1_607' title='bbox 864 4619 1367 4679; x_wconf 86' lang='lat' dir='ltr'><strong>Tabernaculorum</strong></span> <span class='ocrx_word' id='word_1_608' title='bbox 1423 4627 1739 4697; x_wconf 89' lang='lat' dir='ltr'><strong>dimetitur;</strong></span> <span class='ocrx_word' id='word_1_609' title='bbox 1793 4645 1925 4686; x_wconf 90' lang='lat' dir='ltr'><strong>con-</strong></span> 
     </span>
    </p>
   </div>
   <div class='ocr_carea' id='block_1_92' title="bbox 352 4706 1923 4788">
    <p class='ocr_par' dir='ltr' id='par_1_92' title="bbox 352 4706 1923 4788">
     <span class='ocr_line' id='line_1_92' title="bbox 352 4706 1923 4788; baseline 0.009 -26"><span class='ocrx_word' id='word_1_610' title='bbox 352 4706 641 4762; x_wconf 89' lang='lat' dir='ltr'><strong>venientes</strong></span> <span class='ocrx_word' id='word_1_611' title='bbox 662 4707 1084 4780; x_wconf 74' lang='lat' dir='ltr'><strong>scilicet‘cuique</strong></span> <span class='ocrx_word' id='word_1_612' title='bbox 1111 4714 1192 4769; x_wconf 89' lang='lat' dir='ltr'><strong>rei</strong></span> <span class='ocrx_word' id='word_1_613' title='bbox 1224 4716 1464 4772; x_wconf 87' lang='lat' dir='ltr'><strong>rationes</strong></span> <span class='ocrx_word' id='word_1_614' title='bbox 1492 4733 1589 4788; x_wconf 90' lang='lat' dir='ltr'><strong>per</strong></span> <span class='ocrx_word' id='word_1_615' title='bbox 1616 4722 1923 4776; x_wconf 88' lang='lat' dir='ltr'><strong>naturalem</strong></span> 
     </span>
    </p>
   </div>
   <div class='ocr_carea' id='block_1_93' title="bbox 356 4798 1930 4868">
    <p class='ocr_par' dir='ltr' id='par_1_93' title="bbox 356 4798 1930 4868">
     <span class='ocr_line' id='line_1_93' title="bbox 356 4798 1930 4868; baseline 0.009 -15"><span class='ocrx_word' id='word_1_616' title='bbox 356 4798 882 4868; x_wconf 88' lang='lat' dir='ltr'><strong>contemplationem</strong></span> <span class='ocrx_word' id='word_1_617' title='bbox 923 4802 1197 4860; x_wconf 85' lang='lat' dir='ltr'><strong>tribuens.</strong></span> <span class='ocrx_word' id='word_1_618' title='bbox 1225 4806 1499 4864; x_wconf 86' lang='lat' dir='ltr'><strong>Convallis</strong></span> <span class='ocrx_word' id='word_1_619' title='bbox 1531 4811 1678 4865; x_wconf 91' lang='lat' dir='ltr'><strong>enim</strong></span> <span class='ocrx_word' id='word_1_620' title='bbox 1722 4811 1930 4867; x_wconf 66' lang='lat' dir='ltr'><strong>Taber-</strong></span> 
     </span>
    </p>
   </div>
   <div class='ocr_carea' id='block_1_94' title="bbox 355 4890 1924 4974">
    <p class='ocr_par' dir='ltr' id='par_1_94' title="bbox 355 4890 1924 4974">
     <span class='ocr_line' id='line_1_94' title="bbox 355 4890 1924 4974; baseline 0.01 -30"><span class='ocrx_word' id='word_1_621' title='bbox 355 4890 678 4946; x_wconf 88' lang='lat' dir='ltr'><strong>naculorum</strong></span> <span class='ocrx_word' id='word_1_622' title='bbox 707 4892 950 4949; x_wconf 89' lang='lat' dir='ltr'><strong>mundus</strong></span> <span class='ocrx_word' id='word_1_623' title='bbox 984 4893 1087 4951; x_wconf 91' lang='lat' dir='ltr'><strong>iste</strong></span> <span class='ocrx_word' id='word_1_624' title='bbox 1127 4905 1232 4963; x_wconf 90' lang='lat' dir='ltr'><strong>est,</strong></span> <span class='ocrx_word' id='word_1_625' title='bbox 1282 4899 1339 4953; x_wconf 92' lang='lat' dir='ltr'><strong>in</strong></span> <span class='ocrx_word' id='word_1_626' title='bbox 1395 4915 1505 4970; x_wconf 87' lang='lat' dir='ltr'><strong>quo</strong></span> <span class='ocrx_word' id='word_1_627' title='bbox 1548 4903 1775 4969; x_wconf 86' lang='lat' dir='ltr'><strong>scilicet,</strong></span> <span class='ocrx_word' id='word_1_628' title='bbox 1823 4919 1924 4974; x_wconf 89' lang='lat' dir='ltr'><strong>pro</strong></span> 
     </span>
    </p>
   </div>
   <div class='ocr_carea' id='block_1_95' title="bbox 355 4977 1920 5061">
    <p class='ocr_par' dir='ltr' id='par_1_95' title="bbox 355 4977 1920 5061">
     <span class='ocr_line' id='line_1_95' title="bbox 355 4977 1920 5061; baseline 0.01 -27"><span class='ocrx_word' id='word_1_629' title='bbox 355 4977 577 5037; x_wconf 86' lang='lat' dir='ltr'><strong>diversa</strong></span> <span class='ocrx_word' id='word_1_630' title='bbox 622 4982 891 5055; x_wconf 89' lang='lat' dir='ltr'><strong>cujusque</strong></span> <span class='ocrx_word' id='word_1_631' title='bbox 954 4984 1238 5042; x_wconf 86' lang='lat' dir='ltr'><strong>voluntate</strong></span> <span class='ocrx_word' id='word_1_632' title='bbox 1279 4987 1560 5058; x_wconf 88' lang='lat' dir='ltr'><strong>animique</strong></span> <span class='ocrx_word' id='word_1_633' title='bbox 1613 4990 1920 5061; x_wconf 87' lang='lat' dir='ltr'><strong>proposito,</strong></span> 
     </span>
    </p>
   </div>
   <div class='ocr_carea' id='block_1_96' title="bbox 427 5133 1919 5218">
    <p class='ocr_par' dir='ltr' id='par_1_96' title="bbox 427 5133 1919 5218">
     <span class='ocr_line' id='line_1_96' title="bbox 427 5133 1919 5218; baseline 0.012 -31"><span class='ocrx_word' id='word_1_634' title='bbox 427 5133 504 5206; x_wconf 75' lang='grc' dir='ltr'><strong>(ό)</strong></span> <span class='ocrx_word' id='word_1_635' title='bbox 546 5134 830 5218; x_wconf 51' lang='grc' dir='ltr'>’ρμίασιρ</span> <span class='ocrx_word' id='word_1_636' title='bbox 857 5147 996 5218; x_wconf 57' lang='grc' dir='ltr'>μιν</span> <span class='ocrx_word' id='word_1_637' title='bbox 1014 5140 1272 5218; x_wconf 59' lang='lat' dir='ltr'><strong>humerus</strong></span> <span class='ocrx_word' id='word_1_638' title='bbox 1292 5151 1396 5206; x_wconf 88' lang='lat' dir='ltr'><strong>est,</strong></span> <span class='ocrx_word' id='word_1_639' title='bbox 1427 5142 1623 5218; x_wconf 71' lang='grc' dir='ltr'>ώμίας·</span> <span class='ocrx_word' id='word_1_640' title='bbox 1658 5148 1752 5218; x_wconf 77' lang='lat' dir='ltr'><strong>qui</strong></span> <span class='ocrx_word' id='word_1_641' title='bbox 1792 5149 1919 5205; x_wconf 84' lang='lat' dir='ltr'><strong>latis</strong></span> 
     </span>
    </p>
   </div>
   <div class='ocr_carea' id='block_1_97' title="bbox 357 5201 1920 5276">
    <p class='ocr_par' dir='ltr' id='par_1_97' title="bbox 357 5201 1920 5276">
     <span class='ocr_line' id='line_1_97' title="bbox 357 5201 1920 5276; baseline 0.012 -20"><span class='ocrx_word' id='word_1_642' title='bbox 357 5201 619 5261; x_wconf 72' lang='lat' dir='ltr'><strong>humeris</strong></span> <span class='ocrx_word' id='word_1_643' title='bbox 640 5217 745 5272; x_wconf 89' lang='lat' dir='ltr'><strong>est,</strong></span> <span class='ocrx_word' id='word_1_644' title='bbox 777 5201 916 5264; x_wconf 79' lang='lat' dir='ltr'><strong>Poll.</strong></span> <span class='ocrx_word' id='word_1_645' title='bbox 947 5209 987 5263; x_wconf 86' lang='lat'><strong>1.</strong></span> <span class='ocrx_word' id='word_1_646' title='bbox 1015 5226 1090 5274; x_wconf 80' lang='grc' dir='ltr'>ιιι,</span> <span class='ocrx_word' id='word_1_647' title='bbox 1128 5226 1177 5265; x_wconf 93' lang='lat' dir='ltr'><strong>c.</strong></span> <span class='ocrx_word' id='word_1_648' title='bbox 1211 5211 1298 5276; x_wconf 77' lang='lat'><strong>30,</strong></span> <span class='ocrx_word' id='word_1_649' title='bbox 1339 5201 1489 5268; x_wconf 46' lang='lat' dir='ltr'><strong>unde.</strong></span> <span class='ocrx_word' id='word_1_650' title='bbox 1511 5201 1612 5268; x_wconf 79' lang='lat' dir='ltr'><strong>sibi</strong></span> <span class='ocrx_word' id='word_1_651' title='bbox 1655 5201 1920 5275; x_wconf 53' lang='lat' dir='ltr'><strong>maxime</strong></span> 
     </span>
    </p>
   </div>
   <div class='ocr_carea' id='block_1_98' title="bbox 353 5278 1920 5342">
    <p class='ocr_par' dir='ltr' id='par_1_98' title="bbox 353 5278 1920 5342">
     <span class='ocr_line' id='line_1_98' title="bbox 353 5278 1920 5342; baseline 0.01 -16"><span class='ocrx_word' id='word_1_652' title='bbox 353 5286 477 5327; x_wconf 87' lang='lat' dir='ltr'><strong>eam</strong></span> <span class='ocrx_word' id='word_1_653' title='bbox 530 5291 718 5330; x_wconf 90' lang='lat' dir='ltr'><strong>vocem</strong></span> <span class='ocrx_word' id='word_1_654' title='bbox 765 5278 978 5332; x_wconf 87' lang='lat' dir='ltr'><strong>habuit.</strong></span> <span class='ocrx_word' id='word_1_655' title='bbox 1027 5280 1124 5334; x_wconf 86' lang='lat' dir='ltr'><strong>Est</strong></span> <span class='ocrx_word' id='word_1_656' title='bbox 1165 5290 1347 5335; x_wconf 88' lang='lat' dir='ltr'><strong>autem</strong></span> <span class='ocrx_word' id='word_1_657' title='bbox 1397 5281 1661 5340; x_wconf 85' lang='lat' dir='ltr'><strong>humerus</strong></span> <span class='ocrx_word' id='word_1_658' title='bbox 1701 5287 1920 5342; x_wconf 79' lang='lat' dir='ltr'><strong>virtutis</strong></span> 
     </span>
    </p>
   </div>
   <div class='ocr_carea' id='block_1_99' title="bbox 357 5342 1920 5426">
    <p class='ocr_par' dir='ltr' id='par_1_99' title="bbox 357 5342 1920 5426">
     <span class='ocr_line' id='line_1_99' title="bbox 357 5342 1920 5426; baseline 0.011 -31"><span class='ocrx_word' id='word_1_659' title='bbox 357 5342 862 5426; x_wconf 61' lang='lat' dir='ltr'><strong>symbolum,__quod</strong></span> <span class='ocrx_word' id='word_1_660' title='bbox 904 5349 1122 5404; x_wconf 75' lang='lat' dir='ltr'><strong>athletae</strong></span> <span class='ocrx_word' id='word_1_661' title='bbox 1152 5366 1363 5426; x_wconf 71' lang='lat' dir='ltr'><strong>eorum</strong></span> <span class='ocrx_word' id='word_1_662' title='bbox 1386 5353 1618 5426; x_wconf 78' lang='lat' dir='ltr'><strong>maxime</strong></span> <span class='ocrx_word' id='word_1_663' title='bbox 1667 5355 1920 5413; x_wconf 85' lang='lat' dir='ltr'><strong>ﬁrmitate</strong></span> 
     </span>
    </p>
   </div>
   <div class='ocr_carea' id='block_1_100' title="bbox 359 5419 1777 5489">
    <p class='ocr_par' dir='ltr' id='par_1_100' title="bbox 359 5419 1777 5489">
     <span class='ocr_line' id='line_1_100' title="bbox 359 5419 1777 5489; baseline 0.011 -25"><span class='ocrx_word' id='word_1_664' title='bbox 359 5419 605 5489; x_wconf 62' lang='lat' dir='ltr'><strong>victoria</strong></span> <span class='ocrx_word' id='word_1_665' title='bbox 613 5419 917 5489; x_wconf 74' lang='lat' dir='ltr'><strong>potiuntur,</strong></span> <span class='ocrx_word' id='word_1_666' title='bbox 932 5428 995 5489; x_wconf 88' lang='lat' dir='ltr'><strong>_ct</strong></span> <span class='ocrx_word' id='word_1_667' title='bbox 1021 5419 1168 5489; x_wconf 84' lang='lat' dir='ltr'><strong>quod</strong></span> <span class='ocrx_word' id='word_1_668' title='bbox 1203 5420 1315 5475; x_wconf 90' lang='lat' dir='ltr'><strong>sint</strong></span> <span class='ocrx_word' id='word_1_669' title='bbox 1338 5422 1566 5478; x_wconf 81' lang='lat' dir='ltr'><strong>ferendo</strong></span> <span class='ocrx_word' id='word_1_670' title='bbox 1589 5441 1777 5480; x_wconf 87' lang='lat' dir='ltr'><strong>onera.</strong></span> 
     </span>
    </p>
   </div>
   <div class='ocr_carea' id='block_1_101' title="bbox 431 5479 1920 5562">
    <p class='ocr_par' dir='ltr' id='par_1_101' title="bbox 431 5479 1920 5562">
     <span class='ocr_line' id='line_1_101' title="bbox 431 5479 1920 5562; baseline 0.011 -27"><span class='ocrx_word' id='word_1_671' title='bbox 431 5479 500 5562; x_wconf 64' lang='grc' dir='ltr'><strong>(ς)</strong></span> <span class='ocrx_word' id='word_1_672' title='bbox 564 5479 684 5550; x_wconf 74' lang='grc' dir='ltr'><strong>Τὴν</strong></span> <span class='ocrx_word' id='word_1_673' title='bbox 707 5555 718 5562; x_wconf 87' lang='lat'><strong>_</strong></span> <span class='ocrx_word' id='word_1_674' title='bbox 741 5479 1156 5562; x_wconf 36' lang='grc' dir='ltr'>κοιλάδα-,ἰῶν</span> <span class='ocrx_word' id='word_1_675' title='bbox 1179 5491 1468 5562; x_wconf 18' lang='grc' dir='ltr'>ᾉΣζκηνῶν.</span> <span class='ocrx_word' id='word_1_676' title='bbox 1502 5479 1843 5551; x_wconf 76' lang='lat' dir='ltr'><strong>Videaturin</strong></span> <span class='ocrx_word' id='word_1_677' title='bbox 1868 5497 1920 5552; x_wconf 90' lang='lat' dir='ltr'><strong>vi</strong></span> 
     </span>
    </p>
   </div>
   <div class='ocr_carea' id='block_1_102' title="bbox 359 5555 1923 5633">
    <p class='ocr_par' dir='ltr' id='par_1_102' title="bbox 359 5555 1923 5633">
     <span class='ocr_line' id='line_1_102' title="bbox 359 5555 1923 5633; baseline 0.013 -30"><span class='ocrx_word' id='word_1_678' title='bbox 359 5555 811 5633; x_wconf 64' lang='lat' dir='ltr'><strong>potius_nominis</strong></span> <span class='ocrx_word' id='word_1_679' title='bbox 833 5556 1042 5633; x_wconf 82' lang='lat' dir='ltr'><strong>proprii</strong></span> <span class='ocrx_word' id='word_1_680' title='bbox 1059 5560 1272 5633; x_wconf 56' lang='lat' dir='ltr'><strong>accipi,</strong></span> <span class='ocrx_word' id='word_1_681' title='bbox 1301 5555 1445 5630; x_wconf 81' lang='lat' dir='ltr'><strong>quod</strong></span> <span class='ocrx_word' id='word_1_682' title='bbox 1471 5563 1544 5617; x_wconf 87' lang='lat' dir='ltr'><strong>ita</strong></span> <span class='ocrx_word' id='word_1_683' title='bbox 1575 5565 1923 5633; x_wconf 79' lang='lat' dir='ltr'><strong>singulariter</strong></span> 
     </span>
    </p>
   </div>
   <div class='ocr_carea' id='block_1_103' title="bbox 359 5616 1924 5704">
    <p class='ocr_par' dir='ltr' id='par_1_103' title="bbox 359 5616 1924 5704">
     <span class='ocr_line' id='line_1_103' title="bbox 359 5616 1924 5704; baseline 0.012 -34"><span class='ocrx_word' id='word_1_684' title='bbox 359 5616 516 5704; x_wconf 60' lang='lat' dir='ltr'><strong>uallis</strong></span> <span class='ocrx_word' id='word_1_685' title='bbox 540 5616 1016 5704; x_wconf 60' lang='lat' dir='ltr'><strong>Tgbernucu&#39;loruut</strong></span> <span class='ocrx_word' id='word_1_686' title='bbox 1042 5616 1272 5704; x_wconf 44' lang='lat' dir='ltr'><strong>dicitur,</strong></span> <span class='ocrx_word' id='word_1_687' title='bbox 1292 5616 1448 5697; x_wconf 58' lang='lat' dir='ltr'><strong>rl&#39;DD,</strong></span> <span class='ocrx_word' id='word_1_688' title='bbox 1485 5616 1924 5704; x_wconf 14' lang='lat' dir='ltr'><strong>quddt&#39;i‘déié&#39;ia;</strong></span> 
     </span>
    </p>
   </div>
   <div class='ocr_carea' id='block_1_104' title="bbox 363 5688 1923 5773">
    <p class='ocr_par' dir='ltr' id='par_1_104' title="bbox 363 5688 1923 5773">
     <span class='ocr_line' id='line_1_104' title="bbox 363 5688 1923 5773; baseline 0.01 -30"><span class='ocrx_word' id='word_1_689' title='bbox 363 5700 462 5744; x_wconf 85' lang='lat' dir='ltr'><strong>cus</strong></span> <span class='ocrx_word' id='word_1_690' title='bbox 496 5689 552 5745; x_wconf 90' lang='lat' dir='ltr'><strong>in</strong></span> <span class='ocrx_word' id='word_1_691' title='bbox 583 5688 735 5762; x_wconf 82' lang='lat' dir='ltr'><strong>Syria</strong></span> <span class='ocrx_word' id='word_1_692' title='bbox 773 5694 939 5763; x_wconf 90' lang='lat' dir='ltr'><strong>paulo</strong></span> <span class='ocrx_word' id='word_1_693' title='bbox 964 5688 1228 5754; x_wconf 84' lang='lat' dir='ltr'><strong>humilior</strong></span> <span class='ocrx_word' id='word_1_694' title='bbox 1262 5688 1825 5773; x_wconf 32' lang='lat' dir='ltr'><strong>et&#39;popuiosissimus,</strong></span> <span class='ocrx_word' id='word_1_695' title='bbox 1845 5688 1923 5761; x_wconf 44' lang='grc' dir='ltr'>-ιιι</span> 
     </span>
    </p>
   </div>
   <div class='ocr_carea' id='block_1_105' title="bbox 2092 4611 3583 4691">
    <p class='ocr_par' dir='ltr' id='par_1_105' title="bbox 2092 4611 3583 4691">
     <span class='ocr_line' id='line_1_105' title="bbox 2092 4611 3583 4691; baseline -0.008 -15"><span class='ocrx_word' id='word_1_696' title='bbox 2092 4622 2204 4676; x_wconf 76' lang='grc' dir='ltr'><strong>Καὶ</strong></span> <span class='ocrx_word' id='word_1_697' title='bbox 2226 4621 2324 4691; x_wconf 81' lang='grc' dir='ltr'>τὴν</span> <span class='ocrx_word' id='word_1_698' title='bbox 2357 4618 2580 4674; x_wconf 79' lang='grc' dir='ltr'>κοιλάδα</span> <span class='ocrx_word' id='word_1_699' title='bbox 2604 4616 2713 4672; x_wconf 86' lang='grc' dir='ltr'><strong>τῶν</strong></span> <span class='ocrx_word' id='word_1_700' title='bbox 2751 4614 2975 4686; x_wconf 88' lang='grc' dir='ltr'>Σκηνῶν</span> <span class='ocrx_word' id='word_1_701' title='bbox 2999 4614 3068 4687; x_wconf 89' lang='lat' dir='ltr'><strong>(e)</strong></span> <span class='ocrx_word' id='word_1_702' title='bbox 3094 4614 3381 4685; x_wconf 87' lang='grc' dir='ltr'>διαμετρεῖ</span> <span class='ocrx_word' id='word_1_703' title='bbox 3405 4627 3421 4644; x_wconf 77' lang='grc'><strong><em>⁸</em></strong></span> <span class='ocrx_word' id='word_1_704' title='bbox 3455 4611 3583 4675; x_wconf 79' lang='grc' dir='ltr'>τοὺς</span> 
     </span>
    </p>
   </div>
   <div class='ocr_carea' id='block_1_106' title="bbox 2020 4702 3601 4783">
    <p class='ocr_par' dir='ltr' id='par_1_106' title="bbox 2020 4702 3601 4783">
     <span class='ocr_line' id='line_1_106' title="bbox 2020 4702 3601 4783; baseline -0.008 -16"><span class='ocrx_word' id='word_1_705' title='bbox 2020 4712 2362 4783; x_wconf 82' lang='grc' dir='ltr'>προσφόρους</span> <span class='ocrx_word' id='word_1_706' title='bbox 2409 4712 2622 4782; x_wconf 75' lang='grc' dir='ltr'>ἑκάστῳ</span> <span class='ocrx_word' id='word_1_707' title='bbox 2652 4709 2760 4763; x_wconf 88' lang='grc' dir='ltr'><strong>τῶν</strong></span> <span class='ocrx_word' id='word_1_708' title='bbox 2807 4709 2977 4763; x_wconf 82' lang='grc' dir='ltr'>όντων</span> <span class='ocrx_word' id='word_1_709' title='bbox 3023 4706 3166 4760; x_wconf 88' lang='grc' dir='ltr'><strong>κατά</strong></span> <span class='ocrx_word' id='word_1_710' title='bbox 3205 4705 3304 4776; x_wconf 84' lang='grc' dir='ltr'><strong>τὴν</strong></span> <span class='ocrx_word' id='word_1_711' title='bbox 3352 4702 3601 4773; x_wconf 81' lang='grc' dir='ltr'>φυσικὴν</span> 
     </span>
    </p>
   </div>
   <div class='ocr_carea' id='block_1_107' title="bbox 2020 4794 3587 4879">
    <p class='ocr_par' dir='ltr' id='par_1_107' title="bbox 2020 4794 3587 4879">
     <span class='ocr_line' id='line_1_107' title="bbox 2020 4794 3587 4879; baseline -0.011 -18"><span class='ocrx_word' id='word_1_712' title='bbox 2020 4806 2251 4879; x_wconf 84' lang='grc' dir='ltr'>θεωρίαν</span> <span class='ocrx_word' id='word_1_713' title='bbox 2283 4803 2474 4871; x_wconf 86' lang='grc' dir='ltr'>λόγους</span> <span class='ocrx_word' id='word_1_714' title='bbox 2502 4802 2816 4872; x_wconf 81' lang='grc' dir='ltr'>ἀπονέμων.</span> <span class='ocrx_word' id='word_1_715' title='bbox 2865 4799 2930 4853; x_wconf 85' lang='grc' dir='ltr'><strong><em>Ἦ</em></strong></span> <span class='ocrx_word' id='word_1_716' title='bbox 2967 4798 3074 4870; x_wconf 87' lang='grc' dir='ltr'><strong>γὰρ</strong></span> <span class='ocrx_word' id='word_1_717' title='bbox 3104 4796 3290 4858; x_wconf 86' lang='grc' dir='ltr'>κοιλὰς</span> <span class='ocrx_word' id='word_1_718' title='bbox 3308 4795 3414 4848; x_wconf 86' lang='grc' dir='ltr'><strong>τῶν</strong></span> <span class='ocrx_word' id='word_1_719' title='bbox 3444 4794 3587 4862; x_wconf 81' lang='grc' dir='ltr'>Σκη-</span> 
     </span>
    </p>
   </div>
   <div class='ocr_carea' id='block_1_108' title="bbox 2020 4881 3589 4965">
    <p class='ocr_par' dir='ltr' id='par_1_108' title="bbox 2020 4881 3589 4965">
     <span class='ocr_line' id='line_1_108' title="bbox 2020 4881 3589 4965; baseline -0.011 -12"><span class='ocrx_word' id='word_1_720' title='bbox 2020 4896 2146 4965; x_wconf 87' lang='grc' dir='ltr'>νῶν,</span> <span class='ocrx_word' id='word_1_721' title='bbox 2166 4897 2195 4951; x_wconf 87' lang='grc' dir='ltr'><strong>ό</strong></span> <span class='ocrx_word' id='word_1_722' title='bbox 2224 4892 2414 4965; x_wconf 81' lang='grc' dir='ltr'>παρών</span> <span class='ocrx_word' id='word_1_723' title='bbox 2436 4894 2553 4947; x_wconf 71' lang='grc' dir='ltr'>ἐστι</span> <span class='ocrx_word' id='word_1_724' title='bbox 2587 4892 2811 4962; x_wconf 86' lang='grc' dir='ltr'>κόσμος,</span> <span class='ocrx_word' id='word_1_725' title='bbox 2845 4890 2903 4944; x_wconf 80' lang='grc' dir='ltr'>ὲν</span> <span class='ocrx_word' id='word_1_726' title='bbox 2928 4881 2972 4958; x_wconf 82' lang='grc' dir='ltr'>ᾧ</span> <span class='ocrx_word' id='word_1_727' title='bbox 3022 4889 3241 4943; x_wconf 88' lang='grc' dir='ltr'>πάντων</span> <span class='ocrx_word' id='word_1_728' title='bbox 3298 4885 3437 4940; x_wconf 85' lang='grc' dir='ltr'><strong>κατά</strong></span> <span class='ocrx_word' id='word_1_729' title='bbox 3490 4883 3589 4954; x_wconf 80' lang='grc' dir='ltr'>τὴν</span> 
     </span>
    </p>
   </div>
   <div class='ocr_carea' id='block_1_109' title="bbox 2023 4975 3591 5058">
    <p class='ocr_par' dir='ltr' id='par_1_109' title="bbox 2023 4975 3591 5058">
     <span class='ocr_line' id='line_1_109' title="bbox 2023 4975 3591 5058; baseline -0.013 -12"><span class='ocrx_word' id='word_1_730' title='bbox 2023 4990 2253 5047; x_wconf 76' lang='grc' dir='ltr'>ἑκάστου</span> <span class='ocrx_word' id='word_1_731' title='bbox 2287 4985 2541 5058; x_wconf 87' lang='grc' dir='ltr'>διάφορον</span> <span class='ocrx_word' id='word_1_732' title='bbox 2575 4981 2804 5054; x_wconf 85' lang='grc' dir='ltr'>γνώμην</span> <span class='ocrx_word' id='word_1_733' title='bbox 2832 4998 2892 5034; x_wconf 87' lang='grc' dir='ltr'><strong>τε</strong></span> <span class='ocrx_word' id='word_1_734' title='bbox 2936 4979 3033 5035; x_wconf 76' lang='grc' dir='ltr'>καὶ</span> <span class='ocrx_word' id='word_1_735' title='bbox 3070 4977 3332 5045; x_wconf 87' lang='grc' dir='ltr'>διάθεσιν,</span> <span class='ocrx_word' id='word_1_736' title='bbox 3370 4975 3591 5039; x_wconf 68' lang='grc' dir='ltr'>ἀπαγὴς</span> 
     </span>
    </p>
   </div>
   <div class='ocr_carea' id='block_1_110' title="bbox 2026 5134 3593 5219">
    <p class='ocr_par' dir='ltr' id='par_1_110' title="bbox 2026 5134 3593 5219">
     <span class='ocr_line' id='line_1_110' title="bbox 2026 5134 3593 5219; baseline -0.008 -16"><span class='ocrx_word' id='word_1_737' title='bbox 2026 5148 2180 5219; x_wconf 85' lang='lat' dir='ltr'><strong>Syria</strong></span> <span class='ocrx_word' id='word_1_738' title='bbox 2210 5143 2597 5219; x_wconf 75' lang='lat' dir='ltr'><strong>pro__vastitate</strong></span> <span class='ocrx_word' id='word_1_739' title='bbox 2627 5140 2888 5219; x_wconf 76' lang='lat' dir='ltr'><strong>regionis,</strong></span> <span class='ocrx_word' id='word_1_740' title='bbox 2936 5138 3046 5219; x_wconf 70' lang='lat' dir='ltr'><strong>alia</strong></span> <span class='ocrx_word' id='word_1_741' title='bbox 3084 5137 3297 5219; x_wconf 77' lang='lat' dir='ltr'><strong>aliaque</strong></span> <span class='ocrx_word' id='word_1_742' title='bbox 3329 5134 3593 5219; x_wconf 70' lang='lat' dir='ltr'><strong>induebat</strong></span> 
     </span>
    </p>
   </div>
   <div class='ocr_carea' id='block_1_111' title="bbox 2024 5206 3592 5283">
    <p class='ocr_par' dir='ltr' id='par_1_111' title="bbox 2024 5206 3592 5283">
     <span class='ocr_line' id='line_1_111' title="bbox 2024 5206 3592 5283; baseline -0.009 -12"><span class='ocrx_word' id='word_1_743' title='bbox 2024 5206 2264 5272; x_wconf 74' lang='lat' dir='ltr'><strong>nomina.</strong></span> <span class='ocrx_word' id='word_1_744' title='bbox 2300 5215 2393 5269; x_wconf 90' lang='lat' dir='ltr'><strong>Sic</strong></span> <span class='ocrx_word' id='word_1_745' title='bbox 2422 5212 2623 5283; x_wconf 90' lang='lat' dir='ltr'><strong>passim</strong></span> <span class='ocrx_word' id='word_1_746' title='bbox 2656 5206 2715 5264; x_wconf 81' lang='grc' dir='ltr'><strong>ἰιῖ</strong></span> <span class='ocrx_word' id='word_1_747' title='bbox 2743 5209 3059 5283; x_wconf 73' lang='lat' dir='ltr'><strong>regionibus</strong></span> <span class='ocrx_word' id='word_1_748' title='bbox 3100 5206 3221 5264; x_wconf 78' lang='lat' dir='ltr'><strong>alta</strong></span> <span class='ocrx_word' id='word_1_749' title='bbox 3249 5215 3305 5261; x_wconf 81' lang='lat' dir='ltr'><strong>et</strong></span> <span class='ocrx_word' id='word_1_750' title='bbox 3331 5206 3592 5283; x_wconf 76' lang='lat' dir='ltr'><strong>depressa</strong></span> 
     </span>
    </p>
   </div>
   <div class='ocr_carea' id='block_1_112' title="bbox 2025 5275 3593 5349">
    <p class='ocr_par' dir='ltr' id='par_1_112' title="bbox 2025 5275 3593 5349">
     <span class='ocr_line' id='line_1_112' title="bbox 2025 5275 3593 5349; baseline -0.009 -8"><span class='ocrx_word' id='word_1_751' title='bbox 2025 5287 2350 5349; x_wconf 85' lang='lat' dir='ltr'><strong>dividimus;</strong></span> <span class='ocrx_word' id='word_1_752' title='bbox 2394 5275 2649 5338; x_wconf 77' lang='lat' dir='ltr'><strong>montana</strong></span> <span class='ocrx_word' id='word_1_753' title='bbox 2682 5287 2738 5335; x_wconf 87' lang='lat' dir='ltr'><strong>et</strong></span> <span class='ocrx_word' id='word_1_754' title='bbox 2758 5275 3050 5342; x_wconf 72' lang='lat' dir='ltr'><strong>convalles,</strong></span> <span class='ocrx_word' id='word_1_755' title='bbox 3083 5292 3316 5349; x_wconf 74' lang='lat' dir='ltr'><strong>quorum</strong></span> <span class='ocrx_word' id='word_1_756' title='bbox 3342 5275 3453 5349; x_wconf 80' lang='lat' dir='ltr'><strong>fere</strong></span> <span class='ocrx_word' id='word_1_757' title='bbox 3474 5290 3593 5349; x_wconf 62' lang='lat' dir='ltr'><strong>rna-</strong></span> 
     </span>
    </p>
   </div>
   <div class='ocr_carea' id='block_1_113' title="bbox 2020 5344 3593 5425">
    <p class='ocr_par' dir='ltr' id='par_1_113' title="bbox 2020 5344 3593 5425">
     <span class='ocr_line' id='line_1_113' title="bbox 2020 5344 3593 5425; baseline -0.008 -16"><span class='ocrx_word' id='word_1_758' title='bbox 2020 5358 2107 5425; x_wconf 84' lang='lat' dir='ltr'><strong>jor</strong></span> <span class='ocrx_word' id='word_1_759' title='bbox 2131 5344 2406 5425; x_wconf 76' lang='lat' dir='ltr'><strong>fertilitas,</strong></span> <span class='ocrx_word' id='word_1_760' title='bbox 2441 5368 2504 5406; x_wconf 89' lang='lat' dir='ltr'><strong>ac</strong></span> <span class='ocrx_word' id='word_1_761' title='bbox 2528 5349 2755 5425; x_wconf 68' lang='lat' dir='ltr'><strong>proinde</strong></span> <span class='ocrx_word' id='word_1_762' title='bbox 2790 5344 3593 5425; x_wconf 39' lang='lat' dir='ltr'><strong>incolal&#39;um_l‘r_oqu_cnlia.nl\lec</strong></span> 
     </span>
    </p>
   </div>
   <div class='ocr_carea' id='block_1_114' title="bbox 2025 5411 3591 5495">
    <p class='ocr_par' dir='ltr' id='par_1_114' title="bbox 2025 5411 3591 5495">
     <span class='ocr_line' id='line_1_114' title="bbox 2025 5411 3591 5495; baseline -0.006 -15"><span class='ocrx_word' id='word_1_763' title='bbox 2025 5411 2166 5481; x_wconf 48' lang='lat' dir='ltr'><strong>forte</strong></span> <span class='ocrx_word' id='word_1_764' title='bbox 2205 5425 2323 5495; x_wconf 14' lang='lat' dir='ltr'><strong>alia,</strong></span> <span class='ocrx_word' id='word_1_765' title='bbox 2350 5411 2421 5495; x_wconf 82' lang='lat' dir='ltr'><strong>sit</strong></span> <span class='ocrx_word' id='word_1_766' title='bbox 2458 5411 2611 5495; x_wconf 67' lang='lat' dir='ltr'><strong>vallis</strong></span> <span class='ocrx_word' id='word_1_767' title='bbox 2640 5419 2856 5495; x_wconf 62' lang='lat' dir='ltr'><strong>Succot,</strong></span> <span class='ocrx_word' id='word_1_768' title='bbox 2896 5433 3058 5487; x_wconf 80' lang='lat' dir='ltr'><strong>quam</strong></span> <span class='ocrx_word' id='word_1_769' title='bbox 3088 5411 3591 5495; x_wconf 49' lang='lat' dir='ltr'><strong>uallisipsaﬁniis.</strong></span> 
     </span>
    </p>
   </div>
   <div class='ocr_carea' id='block_1_115' title="bbox 2026 5484 3589 5564">
    <p class='ocr_par' dir='ltr' id='par_1_115' title="bbox 2026 5484 3589 5564">
     <span class='ocr_line' id='line_1_115' title="bbox 2026 5484 3589 5564; baseline -0.008 -16"><span class='ocrx_word' id='word_1_770' title='bbox 2026 5511 2187 5564; x_wconf 85' lang='lat' dir='ltr'><strong>quam</strong></span> <span class='ocrx_word' id='word_1_771' title='bbox 2216 5493 2413 5547; x_wconf 86' lang='lat' dir='ltr'><strong>notiori</strong></span> <span class='ocrx_word' id='word_1_772' title='bbox 2443 5491 2660 5564; x_wconf 81' lang='lat' dir='ltr'><strong>nomine</strong></span> <span class='ocrx_word' id='word_1_773' title='bbox 2682 5484 2991 5564; x_wconf 60' lang='lat' dir='ltr'><strong>signiﬁcare</strong></span> <span class='ocrx_word' id='word_1_774' title='bbox 3036 5487 3294 5564; x_wconf 71' lang='lat' dir='ltr'><strong>voluerit.</strong></span> <span class='ocrx_word' id='word_1_775' title='bbox 3321 5484 3433 5564; x_wconf 55' lang='lat' dir='ltr'><strong>qui</strong></span> <span class='ocrx_word' id='word_1_776' title='bbox 3464 5484 3589 5564; x_wconf 62' lang='grc' dir='ltr'><strong>εἰμε-</strong></span> 
     </span>
    </p>
   </div>
   <div class='ocr_carea' id='block_1_116' title="bbox 2026 5551 3591 5633">
    <p class='ocr_par' dir='ltr' id='par_1_116' title="bbox 2026 5551 3591 5633">
     <span class='ocr_line' id='line_1_116' title="bbox 2026 5551 3591 5633; baseline -0.008 -16"><span class='ocrx_word' id='word_1_777' title='bbox 2026 5551 2138 5618; x_wconf 69' lang='grc' dir='ltr'>ιὶιιιι</span> <span class='ocrx_word' id='word_1_778' title='bbox 2177 5564 2383 5633; x_wconf 85' lang='lat' dir='ltr'><strong>psalmo</strong></span> <span class='ocrx_word' id='word_1_779' title='bbox 2413 5562 2686 5633; x_wconf 77' lang='lat' dir='ltr'><strong>apposuit,</strong></span> <span class='ocrx_word' id='word_1_780' title='bbox 2727 5551 2809 5612; x_wconf 61' lang='lat' dir='ltr'><strong>vel</strong></span> <span class='ocrx_word' id='word_1_781' title='bbox 2833 5557 3094 5633; x_wconf 69' lang='lat' dir='ltr'><strong>_Esdr_as,</strong></span> <span class='ocrx_word' id='word_1_782' title='bbox 3137 5556 3223 5633; x_wconf 71' lang='lat' dir='ltr'><strong>vel</strong></span> <span class='ocrx_word' id='word_1_783' title='bbox 3258 5551 3373 5622; x_wconf 83' lang='lat' dir='ltr'><strong>ipse</strong></span> <span class='ocrx_word' id='word_1_784' title='bbox 3398 5551 3591 5633; x_wconf 80' lang='lat' dir='ltr'><strong>David.</strong></span> 
     </span>
    </p>
   </div>
   <div class='ocr_carea' id='block_1_117' title="bbox 2026 5624 3590 5703">
    <p class='ocr_par' dir='ltr' id='par_1_117' title="bbox 2026 5624 3590 5703">
     <span class='ocr_line' id='line_1_117' title="bbox 2026 5624 3590 5703; baseline -0.006 -14"><span class='ocrx_word' id='word_1_785' title='bbox 2026 5624 2425 5703; x_wconf 68' lang='lat' dir='ltr'><strong>Cainpcstrium</strong></span> <span class='ocrx_word' id='word_1_786' title='bbox 2449 5624 2646 5685; x_wconf 73' lang='lat' dir='ltr'><strong>crebra</strong></span> <span class='ocrx_word' id='word_1_787' title='bbox 2679 5629 2886 5703; x_wconf 73' lang='lat' dir='ltr'><strong>mentio</strong></span> <span class='ocrx_word' id='word_1_788' title='bbox 2914 5628 2967 5680; x_wconf 86' lang='lat' dir='ltr'><strong>in</strong></span> <span class='ocrx_word' id='word_1_789' title='bbox 2990 5626 3168 5703; x_wconf 67' lang='lat' dir='ltr'><strong>veteri</strong></span> <span class='ocrx_word' id='word_1_790' title='bbox 3203 5624 3590 5684; x_wconf 73' lang='lat' dir='ltr'><strong>Instrumenta.</strong></span> 
     </span>
    </p>
   </div>
   <div class='ocr_carea' id='block_1_118' title="bbox 2029 5695 3122 5767">
    <p class='ocr_par' dir='ltr' id='par_1_118' title="bbox 2029 5695 3122 5767">
     <span class='ocr_line' id='line_1_118' title="bbox 2029 5695 3122 5767; baseline -0.007 -10"><span class='ocrx_word' id='word_1_791' title='bbox 2029 5704 2121 5758; x_wconf 88' lang='lat' dir='ltr'><strong>ubi</strong></span> <span class='ocrx_word' id='word_1_792' title='bbox 2144 5695 2228 5759; x_wconf 69' lang='lat' dir='ltr'><strong>vel</strong></span> <span class='ocrx_word' id='word_1_793' title='bbox 2262 5702 2459 5757; x_wconf 81' lang='lat' dir='ltr'><strong>itinera</strong></span> <span class='ocrx_word' id='word_1_794' title='bbox 2493 5710 2786 5754; x_wconf 84' lang='lat' dir='ltr'><strong>narrantur</strong></span> <span class='ocrx_word' id='word_1_795' title='bbox 2808 5698 2887 5753; x_wconf 88' lang='lat' dir='ltr'><strong>vcl</strong></span> <span class='ocrx_word' id='word_1_796' title='bbox 2912 5695 3122 5767; x_wconf 77' lang='lat' dir='ltr'><strong>prmlia.</strong></span> 
     </span>
    </p>
   </div>
  </div>
