4154 6322
599 439 704 500 8ῧῆ

1543 486 1552 495 .
1658 430 2061 491 EXPOSITIO
2101 429 2180 489 IN
2219 430 2572 492 PSALMU‘M
2613 431 2762 490 LIX.

3763 433 3867 498 8136

601 546 838 616 ὑπάρχει
910 545 1005 598 καὶ
1065 542 1402 614 πρόσκαιρος
1433 540 1654 612 σκηνῶν
1676 539 1836 610 δίκην
1871 541 1903 610 ἡ
1939 539 2188 610 παροῦσα

2297 538 2434 592 nihil
2461 547 2722 594 constans
2751 553 2812 593 ac
2847 537 2948 592 lixa
2976 545 3439 608 temperant-aque
3475 553 3716 608 praesens
3757 540 3868 596 vita

601 638 734 708 ζωή·

676 729 746 781 Ἦ
775 727 938 780 πάλιν
974 727 1181 797 Σκηναὶ
1203 725 1568 796 τυγχάνουσιν
1601 725 1701 794 τῆς
1749 722 2030 793 παρούσης
2069 739 2185 774 κοιο

600 821 778 885 λάδος,
831 821 881 872 οί
904 818 1014 872 τῶν
1043 817 1258 890 ἀρετῶν
1281 818 1495 889 τρόποι,
1518 815 1612 880 οὒς
1642 817 1840 885 διαιρεῖ
1871 813 2187 882 γνωστικὼς

600 915 713 973 τοῖς
739 909 1171 979 διδασκομένοις,
1203 909 1340 978 πρὸς
1373 907 1472 979 τὴν
1501 908 1732 960 ἑκάστου
1773 904 1885 972 ἕξιν
1918 903 2186 972 κατάλλη-

601 1005 693 1056 λον
745 1002 919 1064 διδοὺς
969 1000 1192 1072 ἀγωγὴν
1227 1001 1323 1055 καὶ
1355 997 1748 1070 προσφυλακὴν
1782 993 2184 1067 [προφυλακὴν]

597 1096 710 1150 τῶν
741 1095 964 1165 τιμίων,
1002 1097 1030 1148 ὁ
1062 1093 1346 1164 διανέμειν
1369 1091 1525 1154 εἰδὼς
1546 1092 1762 1160 ἑκάστῳ
1784 1087 1874 1142 διὰ
1894 1091 1992 1158 τῆς
2014 1086 2188 1155 καλῆς

601 1186 954 1250 διδασκαλίας
983 1186 1082 1257 τὴν
1112 1185 1465 1258 ἁρμόζουσαν
1499 1183 1636 1255 πρὸς
1671 1181 1945 1252 σωτηρίαν
1975 1179 2114 1235 ὁδόν.

689 1361 761 1413 Ἦ
805 1361 1010 1432 Σκηναὶ⁵
1067 1358 1312 1421 κοιλάδος
1356 1357 1718 1427 ὑπάρχουσιν,
1759 1355 1926 1410 αίδιᾶι
1951 1353 2185 1424 Χριστοῦ

610 1451 704 1507 τοῦ
733 1453 989 1520 Σωτῆρος
1015 1451 1172 1522 ἡμῶν
1211 1450 1346 1503 Θεοῦ
1384 1453 1642 1518 παγείσαι
1679 1449 1822 1506 κατὰ
1871 1436 2052 1501 πᾶσαν
2092 1447 2189 1516 τὴν

607 1547 932 1616 οἰκουμένην
989 1543 1097 1598 τῶν
1151 1543 1561 1598 πιστευσάντων
1599 1541 1770 1598 ὲθνῶν
1839 1539 2185 1610 Ἐκκλησίαι·

606 1636 637 1688 ὃ
692 1635 788 1688 καὶ
853 1633 1054 1704 μᾶλλον
1080 1674 1096 1700 ,
1150 1633 1224 1695 ὡς
1269 1627 1445 1703 οἶμαι,
1498 1631 1607 1685 τῶν
1663 1629 1837 1684 ἄλλων
1887 1629 2034 1682 ἐστὶν
2071 1620 2190 1679 ἰπὶ-

609 1725 844 1794 φανέστε
853 1742 964 1795 ρον.

690 1818 762 1869 Ἦ
792 1816 978 1881 πάλιν,
1003 1816 1225 1870 κοιλάδα
1275 1815 1500 1886 Σκηνῶν
1553 1814 1853 1892 διαμετρεί,
1881 1814 1910 1865 ὁ
1966 1813 2057 1866 τὸν
2100 1811 2192 1863 κό-

2291 630 2774 686 tabernaculorum
2810 645 2960 684 more
2984 630 3186 697 agitur.

2357 721 2702 784 Autrursus,
2732 722 2998 777 convallis
3060 722 3224 791 hujus
3282 720 3659 776 Tabernacula
3717 729 3868 786 sunt,

2289 811 2556 868 virtutum
2591 813 2761 878 modi,
2807 829 2946 882 quos
2976 813 3255 882 sapienter
3283 827 3346 866 ac
3396 813 3532 868 scite
3583 813 3869 883 discipulis

2287 905 2508 969 dividit,
2541 906 2783 976 qui,pro
2807 921 2875 960 eo
2921 920 2984 960 ac
3040 905 3275 974 quisque
3325 903 3516 958 habitu
3567 904 3870 974 dispositus

2287 1005 2392 1058 est,
2422 995 2584 1068 340
2617 996 3036 1051 convenientem
3065 995 3412 1064 disciplinam
3458 995 3730 1063 praebens,
3764 995 3866 1052 do-

2287 1086 2484 1154 nisque
2536 1102 2599 1140 ac
2653 1087 2950 1142 virtutibus
3002 1101 3222 1147 cavens,
3294 1085 3431 1138 bene
3482 1093 3716 1154 apteque
3772 1086 3868 1140 do-

2288 1176 2485 1238 cendo,
2509 1192 2629 1245 quae
2649 1177 2848 1246 cuique
2880 1185 3146 1246 congruat
3167 1175 3235 1228 ad
3263 1175 3516 1236 salutem,
3544 1175 3685 1229 viam
3718 1179 3870 1232 novit

2203 1263 2214 1273 ’
2288 1269 2590 1338 assignare.

2360 1358 2469 1412 Aut
2506 1359 2777 1412 convallis
2804 1357 3183 1414 Tabernacula
3215 1370 3376 1421 sunt,
3412 1375 3535 1429 qua:
3565 1369 3677 1414 toto
3701 1369 3869 1414 terra-

2291 1464 2411 1502 rum
2444 1450 2577 1504 orbe
2605 1465 2703 1519 per
2722 1448 3004 1504 Christum
3033 1449 3370 1504 Salvatorcm
3411 1461 3660 1504 nostrum
3695 1452 3891 1505 Deum'

2290 1549 2502 1615 erectae.
2548 1550 2677 1595 sunt
2729 1541 2971 1595 ﬁdelium
3044 1542 3288 1609 gentium
3355 1543 3664 1596 Ecclesiae:
3721 1543 3869 1612 quod
3961 1603 3964 1606 ,

2291 1628 2459 1682 etiam
2486 1669 2503 1693 ,,
2555 1640 2689 1698 puto
2727 1671 2740 1694 ,
2797 1628 3028 1699 reliquis
3072 1629 3423 1685 manifestius
3477 1646 3541 1684 ac
3597 1632 3871 1687 illustrius

2289 1729 2365 1774 est
2378 1762 2388 1774 .

2361 1812 2470 1866 Aut
2497 1828 2689 1867 rursus
2719 1812 3022 1867 convallem
3063 1813 3569 1868 Tabernaculorum
3620 1815 3868 1883 metitur,

608 1922 746 1976 σμον
776 1905 885 1958 τῶν
925 1905 1196 1975 σωμάτων
1220 1905 1474 1976 καθάπερ
1497 1903 1718 1958 κοιλάδα
1748 1894 1968 1973 Σκηνῶν
1990 1900 2185 1971 γνώσει

2293 1905 2387 1974 qui
2424 1905 2688 1958 mundum
2721 1919 3015 1974 corporum
3045 1905 3196 1959 velut
3233 1905 3536 1959 convallem
3593 1906 3872 1961 Taberna-

609 1996 1058 2068 περιλαμϐάνων.
1098 1997 1334 2066 Σκῆνος
1360 1998 1468 2070 γὰρ
1499 1995 1770 2068 πολλαχοῦ
1815 1997 1913 2067 τῆς
1939 1995 2182 2066 Γραφῆς,

611 2090 672 2142 τὸ
701 2088 863 2160 σῶμα
888 2088 1330 2161 προσηγορεύθη.

691 2260 862 2329 Ἐμός
919 2259 1052 2314 ἐστι
1109 2257 1377 2321 Γαλαὰδ,
1408 2257 1507 2311 καὶ
1560 2257 1702 2327 ἐμός
1757 2257 1887 2310 ἐστι
1941 2259 2189 2310 Μανασ-

608 2349 751 2421 σῆς,
803 2351 906 2406 καὶ
967 2351 1212 2420 Ἐφραῒμ
1268 2350 1626 2419 κραταίωσις
1658 2349 1720 2418 (f)
1755 2347 1865 2417 τῆς
1917 2346 2190 2417 κεφαλῆς

607 2461 744 2510 μου.

683 2534 896 2588 Γαλαὰδ
921 2533 1060 2588 κατὰ
1080 2534 1208 2604 μίαν
1221 2533 1310 2586 ἐπὶ
1327 2532 1403 2602 τῷ
1420 2533 1642 2602 ὀνόματι
1663 2533 1833 2598 τούτῳ
1857 2531 2186 2602 ἑρμηνειῶν,

614 2627 761 2679 ἐστὶν
777 2625 1186 2692 ἀποκάλυψις.
1214 2623 1512 2692 Μανασσῆς
1524 2622 1602 2689 δὲ,
1623 2622 1985 2694 ἑρμηνεύεται
2005 2623 2183 2690 λήθη.

622 2716 990 2786 ’Λποκάλυψις
1011 2716 1069 2768 δὲ
1115 2715 1209 2769 καὶ
1243 2715 1380 2786 λήθη
1415 2714 1640 2777 εἰκότως
1685 2715 2070 2785 προσγίνονται
2113 2714 2188 2767 δι-

609 2809 752 2878 καίῳ
780 2825 794 2838 ·
838 2808 1171 2876 λαμϐάνοντι
1204 2806 1303 2878 μὲν
1334 2807 1421 2860 διὰ
1455 2806 1690 2876 Θεωρίας
1723 2805 1832 2858 τῶν
1858 2807 2188 2876 ἀπορρήτων

603 2903 709 2971 τὴν
735 2901 936 2971 μύησιν
953 2916 969 2932 ⁸
997 2901 1107 2954 τῶν
1125 2900 1183 2953 δὲ
1199 2901 1320 2954 κατ’
1341 2899 1540 2970 ἀρετὴν
1562 2900 1736 2951 πόνων
1755 2899 1853 2970 τὴν
1883 2898 2070 2970 λήθην,
2102 2898 2189 2951 διὰ

609 2991 706 3060 τὴν
737 2989 1126 3060 διαδεχομένην
1159 2991 1284 3052 τοὺς
1307 2989 1503 3050 πόνους
1541 2988 1650 3040 τῶν
1675 2988 1887 3058 ἀρετῶν
1923 2985 2189 3057 εὐφροσύ-

608 3098 706 3151 νην
727 3081 824 3150 τῆς
854 3080 1236 3149 πνευματικῆς
1265 3080 1518 3151 θεωρίας.
1555 3078 1793 3148 Ἐφραῒμ
1813 3079 1867 3132 δὲ
1889 3077 2187 3149 ἑρμηνεύε-

609 3191 699 3227 ται
749 3173 1110 3241 πλατυσμός
1135 3187 1152 3204 ·
1186 3173 1322 3243 ὅπερ
1355 3173 1502 3225 ἐστὶν
1527 3173 1560 3241 ἡ
1592 3171 1732 3223 κατὰ
1765 3171 1944 3223 πίστιν
1966 3171 2057 3222 ἐπὶ
2071 3171 2184 3234 τοῖς

610 3226 898 3335 μέλλουσιν
926 3226 1150 3334 ἀγαθοῖς
1170 3226 1421 3327 ἄπτίοτος
1446 3226 1600 3326 ἐλπίς
1635 3278 1648 3289 ·
1679 3264 1800 3334 ἣτις
1834 3263 1981 3314 ἐστὶν
2021 3226 2185 3316 drtl;
2213 3226 2259 3286 ο

608 3359 799 3424 ληψις
837 3357 937 3425 τῆς
962 3354 1200 3424 κεφαλῆς
1232 3354 1328 3406 τοῦ
1361 3355 1570 3407 δικαίου
1591 3369 1604 3382 '
1639 3353 1921 3417 τουτέστι,
1947 3353 2043 3423 τῆς
2099 3353 2189 3404 πί-

610 3465 801 3508 στεως.
840 3445 1050 3508 Παντὸς
1122 3445 1219 3518 γὰρ
1288 3445 1501 3499 δικαίου
1535 3443 1745 3516 κεφαλὴ
1775 3445 1807 3514 ἡ
1841 3443 2024 3507 πίστις
2047 3443 2185 3507 ἐστὶ,

609 3541 704 3591 καὶ
759 3537 959 3600 παντὸς
998 3536 1163 3607 ἔργου
1203 3535 1432 3605 ἀγαθοῦ.
1472 3537 1822 3608 Κραταὶωσις
1877 3535 1934 3588 δὲ
1985 3535 2188 3608 ταύτης

610 3631 954 3700 καθέστηκεν
1005 3629 1277 3698 ἀσφαλὴς,
1328 3631 1361 3697 ὴ
1414 3630 1523 3682 τῶν
1593 3629 1894 3700 μελλόντων
1969 3629 2189 3698 ἀγαθῶν

610 3721 949 3782 ἀδιάπτωτος
975 3719 1132 3781 ἐλπίς
1163 3733 1178 3748 '
1209 3717 1331 3771 καθ’
1361 3720 1428 3790 ἢν
1452 3718 1529 3781 ὼς
1554 3719 1798 3789 παρόντα
1835 3719 1902 3772 τά
1928 3719 2189 3789 μέλλοντα

611 3809 940 3882 θεωροῦντες
959 3850 974 3873 ,
1012 3808 1471 3878 ἐμπλατυνόμεθα
1498 3812 1617 3873 ταῖς
1648 3809 1889 3878 θλίψεσιν
1915 3847 1932 3875 ,
1989 3811 2190 3865 ἀκατά·

612 3919 813 3957 πτωτοι
845 3903 903 3954 ὲν
933 3903 1046 3964 τοῖς
1072 3903 1402 3972 πειρασμοῖς
1427 3901 1792 3971 διαμένοντες.

696 4081 917 4147 Ἰούδας
940 4070 1240 4146 ,βασιλεύς
1275 4098 1414 4150 μου,
1443 4077 1630 4134 ’Μωὰϐ
1657 4079 1842 4148 λέϐης
1871 4079 1983 4150 τῆς
2014 4080 2187 4136 ἐλπι-

611 4172 716 4239 δος
747 4189 887 4241 μου.

693 4263 895 4326 Ἰούδας
935 4263 1373 4334 ἐξομολόγησις
1412 4263 1794 4334 ἑρμηνεύεται.
1853 4265 2044 4334 ’Δρχει
2079 4264 2189 4336 γὰρ

611 4355 646 4424 ἡ
676 4355 744 4408 δι’
776 4353 952 4425 εὐχῶν
979 4355 1366 4426 ἑξομολόγησις
1397 4357 1458 4407 ἐν
1479 4358 1593 4418 τοῖς
1619 4356 1798 4424 ἁγίοις
1828 4356 2030 4418 παντὸς
2049 4357 2189 4424 ἀγα-

611 4445 727 4501 θοῦ.
756 4446 988 4500 Δύναται
1026 4447 1083 4500 δὲ
1113 4447 1369 4518 νοηθῆναι
1399 4449 1494 4501 καὶ
1519 4449 1600 4512 είς
1625 4447 1716 4501 τὸν
1756 4447 1964 4518 Κύριον
1988 4449 2017 4500 ὁ
2053 4449 2187 4502 Ἰού-

2292 1998 2546 2052 culorUm
2573 1996 2883 2067 cognitione
2905 1998 3246 2066 scientiaque
3267 1998 3676 2067 complectitur.
3735 1997 3864 2052 Cor-

2291 2105 2394 2158 pus
2425 2088 2572 2144 enim
2602 2103 2711 2142 non
2743 2103 2854 2142 uno
2901 2087 3022 2142 loco
3074 2087 3394 2158 Scriptum,
3449 2083 3871 2142 Taberua‘culum

2289 2186 2374 2232 est
2398 2178 2753 2247 appellatum.

2360 2270 2523 2324 Vens.
2558 2270 2609 2323 9.
2647 2269 2792 2324 Meus
2815 2277 2891 2322 est
2916 2268 3148 2334 Galaad,
3181 2279 3230 2324 et
3259 2286 3403 2325 meus
3437 2279 3510 2325 est
3552 2272 3824 2327 Manasses
3850 2287 3871 2328 :

2289 2369 2338 2413 et
2366 2360 2622 2430 Ephraim
2646 2360 2900 2429 fortitudo
2934 2362 3121 2431 capitis
3150 2361 3270 2414 mei.

2359 2535 2758 2606 Galaad,juxta
2783 2552 2945 2590 unam
2978 2537 3140 2608 hujus
3171 2539 3412 2593 nominis
3459 2539 3873 2609 interpretatio-

2288 2644 2436 2690 nem,
2459 2627 2723 2682 revelatio
2747 2637 2832 2682 est
2863 2645 2874 2680 :
2901 2628 3147 2682 Manassc
3181 2637 3386 2694 autem,
3410 2631 3455 2683 si
3481 2646 3680 2684 nomen
3705 2631 3873 2687 inter-

2289 2719 2546 2789 preteris,
2573 2719 2884 2773 oblivionem
2907 2727 3087 2774 sonat.
3129 2719 3323 2774 Merito
3359 2729 3542 2775 autem
3606 2723 3872 2778 revelatio

2289 2824 2353 2863 ac
2385 2809 2590 2863 oblivio
2617 2810 2769 2880 justo
2801 2809 3149 2879 contingunt,
3205 2811 3298 2880 qui
3353 2827 3548 2881 nempe
3592 2827 3691 2881 per
3742 2829 3874 2869 con-

2290 2899 2700 2970 templationem
2722 2914 2919 2954 arcana
2952 2900 3238 2966 doceatur,
3258 2901 3590 2971 virtutisque
3619 2903 3870 2957 laborum

2287 2992 2664 3056 obliviscatur,
2690 3008 2790 3062 per
2818 3007 2939 3046 eam
2962 2994 3084 3061 quae
3111 2994 3379 3047 virtutum
3413 2994 3720 3058 laboribus,
3754 2995 3872 3064 spi—

2287 3083 2464 3136 ritalis
2478 3075 2960 3152 contemplationis
2977 3083 3297 3154 jucunditas
3323 3085 3590 3140 succedit.
3610 3085 3726 3154 Eph
3737 3086 3873 3139 raim

2289 3174 2549 3244 denique,
2583 3174 2629 3229 si
2660 3190 2859 3230 nomen
2884 3175 3286 3246 interpreteris,
3311 3176 3680 3229 dilatationem
3707 3177 3876 3243 signi-

2294 3263 2440 3327 ﬁcat,
2477 3263 2622 3333 quod
2656 3274 2741 3318 est
2764 3272 2916 3319 certa
2944 3264 3232 3334 ﬁrmaque,
3263 3281 3362 3334 pro
3393 3264 3515 3319 ﬁdei
3545 3265 3752 3319 ratione
3777 3264 3876 3318 bo~

2291 3370 2490 3408 norum
2524 3354 2840 3410 futurorum
2893 3370 3048 3424 spes;
3088 3342 3210 3424 quae
3261 3355 3398 3424 ipsa,
3458 3357 3723 3426 susceptio
3775 3369 3872 3409 seu

2290 3447 2522 3515 defensio
2543 3447 2738 3516 capitis
2754 3447 2891 3516 justi
2921 3455 3026 3510 est,
3055 3445 3255 3506 id'est,
3289 3445 3437 3500 ﬁdei.
3499 3445 3690 3500 Omnis
3724 3445 3873 3500 enim

2287 3538 2419 3608 justi
2448 3546 2632 3607 caput,
2673 3536 2808 3592 ﬁdes
2840 3546 2944 3602 est,
2980 3538 3272 3606 omnisque
3298 3537 3429 3591 boni
3458 3537 3665 3606 operis.
3699 3523 3872 3607 Hujus

2290 3636 2474 3680 autem
2505 3627 2733 3681 ﬁrmitas
2797 3643 2863 3681 ac
2917 3625 3186 3681 fortitudo
3220 3625 3528 3696 roburque,
3556 3626 3870 3680 futurorum

2291 3718 2564 3771 bonorum
2593 3732 2720 3787 spes
2744 3726 3004 3772 constans
3032 3733 3097 3772 ac
3148 3718 3362 3773 stabilis
3410 3727 3526 3784 est;
3561 3734 3670 3788 qua
3709 3718 3872 3773 nimi-

2292 3821 2413 3860 rum
2435 3846 2449 3870 ,
2489 3805 2694 3869 futura,
2727 3822 2792 3862 ac
2819 3807 2862 3861 si
2889 3807 3001 3876 jam
3025 3807 3317 3875 praesentia
3356 3818 3561 3872 essent,
3604 3817 3872 3863 contuen-

2293 3903 2395 3958 tes,
2427 3893 2719 3949 dilatamur
2753 3895 2807 3949 in
2839 3895 3290 3951 tribulationibus
3307 3896 3351 3960 ⁵,
3377 3897 3605 3952 stabiles
3634 3913 3700 3953 ac
3726 3897 3867 3952 ﬁrmi

2291 3994 2713 4056 perseverantes
2738 3985 2796 4039 in
2825 3985 3244 4040 tentationibus.

2362 4078 2523 4131 Vnus.
2563 4077 2646 4132 10.
2685 4077 2898 4144 ludas,
2949 4093 3045 4131 rex
3073 4095 3216 4132 meus
3253 4093 3272 4132 :
3344 4076 3533 4142 Moab,
3595 4077 3705 4132 olla
3759 4080 3872 4150 spei

2291 4183 2440 4222 mete.

2360 4273 2386 4328 J
2395 4272 2549 4337 udas,
2573 4274 2619 4328 si
2643 4289 2844 4328 nomen
2869 4272 3274 4343 interpreteris,
3293 4271 3671 4342 confessionem
3689 4279 3867 4327 sonat.

2289 4365 2423 4432 Qua:
2449 4366 2596 4420 enim
2625 4366 2680 4420 in
2707 4365 2964 4436 precibus
2987 4364 3258 4420 confessio
3272 4371 3378 4430 est,
3405 4374 3568 4418 omne
3590 4363 3645 4417 in
3666 4365 3872 4418 sanctis

2293 4457 2499 4512 bonum
2549 4459 2887 4528 auspicatur.
2924 4458 3109 4513 Potest
3147 4468 3328 4511 autem
3365 4456 3533 4511 etiam
3584 4456 3752 4510 Judas
3808 4465 3873 4509 ut

609 4537 704 4600 δας
735 4553 752 4569 ·
779 4539 846 4601 ὃς
895 4540 1045 4592 ἐστιν
1098 4539 1352 4608 ἀληθινὸς
1404 4539 1659 4609 βασιλεὺς
1686 4539 1780 4592 τοῦ
1810 4542 2186 4610 πνευματικοῦ

2296 4549 2514 4605 Domini
2540 4549 2709 4620 ﬁgura
2742 4548 2996 4620 intelligi,
3033 4548 3127 4619 qui
3163 4557 3249 4603 est
3275 4562 3442 4602 verus
3484 4563 3579 4603 rex
3602 4545 3868 4616 spiritalis

623 4629 841 4700 Ἰσραὴλ
867 4631 962 4683 καὶ
991 4629 1224 4699 ὁρῶντος
1246 4630 1379 4682 θεόν
1409 4647 1424 4662 ο
1457 4633 1485 4685 ὁ
1515 4631 1654 4700 ὑπὲρ
1699 4631 1856 4700 ἡμῶν
1891 4632 2055 4702 ἡνίκα
2091 4633 2183 4700 γέ-

611 4737 767 4786 γονεν
801 4719 1106 4790 ἄνθρωπος.
1139 4718 1632 4790 ἐξομολογούμενος
1651 4723 1788 4793 πρὸς
1819 4723 1908 4776 τὸν
1940 4715 2185 4793 Πατέρα,

612 4813 708 4864 καὶ
771 4812 977 4879 λέγων,
1030 4811 1540 4882 Ἐξομολογοῦμαί
1610 4829 1732 4881 σοι,
1771 4815 1962 4882 Πάτερ
2034 4815 2185 4883 ἅγιε.

613 4901 786 4955 Μωάό
824 4902 900 4962 δὲ,
923 4902 1170 4970 ἔντερον
1197 4902 1422 4971 πατρὸς
1454 4904 1529 4974 (g)
1563 4907 1949 4978 ἑρμηνεύεται,
1985 4909 2188 4960 νοεῖται

612 4994 668 5046 δὲ
705 4994 767 5046 τὸ
824 4995 1091 5066 ἡμέτερον
1139 4996 1318 5067 σῶμα,
1350 4997 1418 5049 δι’
1443 4989 1506 5050 οὗ
1550 4999 1688 5052 κατὰ
1744 5000 1842 5070 τὴν
1881 5001 2188 5071 πρακτικὴν

614 5089 932 5157 φιλοσοφίαν
953 5089 1180 5162 λουτροῦ
1203 5092 1378 5162 δίκην,
1404 5093 1541 5164 ὅπερ
1567 5093 1718 5164 δηλοῖ
1737 5094 1919 5162 σαφῶς
1947 5094 1976 5146 ὁ
2001 5095 2186 5168 λέϐης,

613 5181 647 5249 ἡ
702 5179 1226 5259 κάθαρσις-πέφυκε
1282 5184 1528 5252 γίνεσθαι
1586 5184 1695 5238 τῶν
1747 5186 2179 5255 ἁμαρτημάτων.

616 5269 896 5340 Κάθαρσις
920 5273 1029 5344 γάρ
1062 5275 1210 5326 ἐστιν
1230 5275 1258 5326 ὁ
1277 5274 1461 5345 λέϐης,
1483 5275 1584 5345 τῆς
1610 5274 1821 5338 ἐλπίδος
1845 5291 1858 5304 ⁸
1885 5277 2183 5342 τουτέστιν,

686 5426 707 5456 ⁵
738 5427 880 5484 Psal.
915 5446 987 5493 tv,
1017 5429 1071 5482 2.
1149 5428 1170 5458 ⁸
1198 5429 1389 5484 Matth.
1421 5445 1496 5493 xx,
1525 5430 1614 5484 25.

684 5557 748 5629 (f)
785 5561 1169 5629 Κραταίωσις.
1194 5561 1337 5617 Psal.
1376 5577 1500 5626 cvn,
1523 5561 1576 5625 9,
1604 5563 1695 5617 ubi
1720 5562 1910 5618 eadem
1941 5576 2042 5616 vox
2081 5561 2191 5616 He-

583 5651 586 5654 ’
619 5627 839 5700 Ιπιὶἱοο,
859 5631 1136 5699 iidemque
1168 5632 1386 5700 repetiti
1414 5647 1627 5693 versus,
1667 5641 1752 5686 est
1779 5631 2189 5699 άντίληῲιςᾟιι-

615 5697 826 5761 xtlmm,
863 5697 1139 5770 susceptio,
1178 5697 1340 5768 quam
1375 5709 1664 5770 utramque
1697 5717 1884 5756 vocem
1921 5697 2188 5755 Maximus

617 5770 880 5840 exponit;
903 5769 1025 5824 cum
1051 5769 1122 5840 sit
1148 5773 1262 5823 sola
1289 5771 1518 5823 variatio
1552 5769 1894 5839 interpretis.
1929 5771 2185 5840 Ephraim

619 5839 766 5906 quod
815 5839 1130 5909 πλατυσμὸς
1184 5839 1452 5906 redditur,
1490 5841 1826 5911 intelligatur
1852 5839 2031 5912 ampla
2054 5855 2184 5911 pro-

2296 4642 2520 4698 lsraelis
2560 4658 2623 4696 ac
2657 4641 2898 4696 videntis
2923 4643 3117 4697 Deum.
3156 4642 3261 4696 Pro
3307 4640 3467 4695 nobis
3515 4640 3659 4694 enim
3698 4639 3875 4693 factus

2294 4734 2460 4790 homo
2484 4733 2552 4786 ad
2591 4734 2810 4787 Patrem
2853 4733 3167 4798 conﬁtetur,
3213 4731 3422 4802 aitque,
3457 4729 3722 4799 Conﬁteor
3758 4729 3871 4792 tibi,

2293 4823 2459 4879 Pater
2480 4824 2716 4877 sancte“.
2752 4822 2908 4877 Moab
2930 4833 3135 4887 autem,
3163 4823 3208 4876 si
3239 4837 3441 4876 nomen
3467 4818 3871 4889 interpreteris,

2294 4923 2379 4970 est
2407 4916 2714 4968 intestinum
2737 4916 2926 4985 patris.
2952 4915 3284 4985 intelligitur
3307 4923 3490 4968 autem
3531 4927 3733 4982 corpus
3775 4926 3876 4965 no-

2293 5013 2466 5060 strum
2492 5023 2506 5071 ;
2529 5022 2659 5075 quo,
2687 5022 2788 5061 ceu
2817 5006 2992 5072 labro,
3015 5022 3113 5076 per
3136 5021 3255 5060 eam
3285 5003 3644 5075 philosophiae
3664 5013 3872 5072 partem

2295 5103 2418 5166 qua:
2439 5097 2495 5151 in
2519 5111 2741 5152 actione
2773 5108 3027 5152 versatur
3058 5098 3134 5170 (id
3164 5097 3308 5151 enim
3335 5095 3623 5166 perspicue
3655 5095 3762 5148 olla
3796 5094 3874 5149 si-

2294 5185 2536 5258 gniﬁcat)
2556 5196 2962 5256 comparatum;
2982 5194 3042 5241 ut
3068 5184 3385 5240 cmundatio
3408 5185 3501 5237 ﬁat
3523 5190 3872 5254 peccatorum

2294 5277 2387 5332 Est
2415 5279 2560 5333 enim
2601 5278 2771 5342 lebes,
2801 5278 2956 5350 34],
2985 5280 3101 5349 spei
3133 5278 3486 5345 cmundatio;
3512 5292 3634 5348 qua:
3662 5277 3872 5334 scilicet

2297 5562 2456 5637 genie
2484 5563 2788 5617 secundum
2820 5564 2966 5634 quod
2997 5563 3333 5622 fructiﬁcare
3374 5566 3648 5637 signiﬁcat
3685 5575 3742 5622 et
3789 5565 3871 5622 fe-

2298 5633 2540 5686 cundum
2573 5649 2716 5688 esse.

2370 5704 2444 5780 (9)
2485 5704 2770 5780 ξἘντερον
2815 5707 3057 5780 πατριξς.
3097 5715 3238 5764 2m:
3283 5707 3590 5776 simplicius
3629 5725 3662 5760 a
3693 5713 3866 5780 patre,

2294 5772 2694 5848 quod__incesto
2731 5772 3026 5848 cencubit'u
3072 5791 3138 5829 ex
3184 5785 3339 5848 patre
3375 5772 3866 5848 susceptus,'Gen.

2293 5857 2403 5909 nx,
2435 5843 2524 5908 57,
2557 5851 2767 5898 mutato
2788 5853 2926 5898 tzere
2949 5846 3004 5901 in
3036 5861 3138 5900 ταν
3170 5843 3386 5901 (halent.
