4154 6322
390 401 498 468 867

1556 409 1617 471 S.
1659 409 1943 471 MAXIM!
1980 412 2485 476 CONFESSORIS

3521 430 3623 493 868

279 554 296 559 λ.
390 518 496 570 rite
525 516 791 575 institutis
815 519 940 575 vita:
959 521 1284 586 rationibus,
1332 537 1430 592 per
1479 522 1942 587 emundationem,

2055 527 2211 595 ἡδιὰ
2267 527 2382 595 βίου
2434 528 2571 583 κατὰ
2633 530 2732 601 τὴν
2777 525 3042 603 κᾶθαρσιν
3091 533 3228 604 πρὸς
3257 535 3624 604 κληρονομίαν

389 607 456 661 ad
481 607 621 663 bona
643 611 800 666 nobis
825 611 879 665 in
896 628 989 682 spe
1015 614 1272 683 reposita,
1307 615 1632 685 praeparatio
1658 629 1723 670 ac
1754 615 1956 670 habili-

391 710 474 752 tas
489 700 731 754 exsistit.

456 790 641 846 Potest
661 801 843 846 autem
871 811 1062 849 rursus
1088 797 1242 852 Moab
1265 797 1429 851 etiam
1463 797 1530 852 de
1561 797 1847 852 Dominica
1874 798 1957 853 in-

384 881 703 937 carnatione
732 883 980 955 intelligi.
1007 887 1237 957 Propter
1256 873 1358 942 nos
1377 891 1524 942 enim
1561 889 1732 943 Filius
1778 891 1956 944 homi-

385 971 472 1026 nis
505 987 672 1028 verus
690 974 842 1029 lebes
869 977 984 1045 Spei
1024 988 1225 1033 nostra:
1272 978 1447 1032 factus
1475 989 1560 1033 est
1601 981 1950 1050 exstititque;

383 1059 490 1117 hoc
511 1073 614 1126 est,
646 1066 739 1134 qui
772 1067 932 1121 nobis
965 1084 1031 1122 ex
1074 1081 1300 1138 peccato
1337 1079 1646 1126 contractas
1667 1073 1857 1127 sordes
1889 1087 1953 1128 ac

382 1155 622 1210 maculas
641 1155 790 1210 eluat
811 1166 973 1227 atque
992 1160 1272 1215 emundet.

453 1351 516 1406 In
544 1352 837 1407 Idumazam
865 1355 1140 1408 extendam
1162 1355 1581 1410 calceamentum
1609 1372 1805 1411 meum.

450 1463 705 1527 ldumzea,
729 1465 772 1518 si
812 1481 1012 1520 nomen
1049 1467 1446 1536 interpreteris,
1482 1468 1653 1522 lutum
1685 1477 1770 1522 est
1803 1468 1946 1523 rubei

379 1570 479 1608 seu
512 1554 788 1626 argillacei
815 1556 1022 1620 coloris,
1055 1564 1343 1626 potestque
1376 1558 1443 1611 de
1469 1557 1751 1611 Dominica
1783 1571 1949 1611 carne

380 1647 743 1716 rxponi;qua
780 1647 846 1710 is,
875 1663 975 1702 ceu
1019 1648 1409 1710 calceamento,
1456 1647 1524 1702 ad
1571 1647 1820 1702 homines
1865 1647 1948 1700 in-

379 1751 599 1803 gressus
629 1738 812 1802 venit;
863 1753 986 1792 cum
1017 1737 1151 1792 alias
1180 1746 1430 1792 creatura
1477 1737 1794 1792 Creatorem
1846 1754 1948 1792 na-

2058 619 2164 673 τῶν
2217 622 2336 674 κατ’
2365 620 2552 674 ἐλπίδα
2602 623 2976 693 ἀποκειμένων
3036 625 3167 694 ἡμῖν
3219 627 3437 694 ἀγαθῶν
3482 630 3624 686 ἑτοι-

2060 712 2248 780 μότης.

2127 803 2356 855 Δύναται
2388 803 2444 855 δὲ
2485 803 2648 856 πάλιν
2677 805 2930 874 νοηθῆναι
2959 806 2991 858 ό
3027 806 3202 860 Μωὰϐ
3244 809 3340 861 καὶ
3391 811 3471 872 εἰς
3520 811 3621 879 τὴν

2058 893 2333 962 σάρκωσιν
2370 892 2463 946 τοῦ
2495 893 2720 964 Κυρίου.
2750 890 2877 958 Υἱὸς
2916 895 3025 965 γὰρ
3049 896 3336 966 ἀνθρώπου
3380 897 3448 951 δι’
3473 900 3626 968 ἡμᾶς

2054 983 2246 1051 γέγονέ
2273 1001 2332 1036 τε
2358 984 2453 1036 καὶ
2482 985 2853 1054 ἐχρημάτισεν
2877 985 2906 1039 ό
2943 987 3193 1056 ἀληθινὸς
3220 987 3382 1058 λέϐης
3399 987 3500 1059 τῆς
3529 991 3624 1042 ὲλο

2056 1075 2210 1136 πίδος
2241 1072 2427 1142 ἡμῶν,
2462 1073 2738 1126 τουτέστιν
2765 1073 2793 1127 ὁ
2817 1076 3078 1144 ρυπτικὸς
3134 1075 3230 1129 καὶ
3289 1075 3628 1145 καθαρτικδς

2054 1164 2162 1216 τῶν
2185 1164 2250 1216 ὲκ
2273 1163 2373 1231 τῆς
2401 1162 2674 1233 ἁμαρτίας
2700 1164 2985 1235 ἡμετέρων
3016 1165 3248 1234 κηλίδων
3275 1183 3336 1218 τε
3376 1165 3472 1219 καὶ
3520 1183 3625 1236 μο-

2053 1257 2115 1310 λυ
2123 1257 2293 1326 σμῶν.

2083 1407 2086 1410 ,
2114 1351 2242 1405 Ἐπὶ
2276 1351 2389 1418 τὴν
2429 1350 2760 1418 Ἰδουμαίαν
2782 1347 3001 1403 ἐκτενῶ
3031 1349 3098 1402 τὸ
3128 1348 3406 1418 ὑπόδημά
3443 1365 3591 1418 μου.

2132 1464 2402 1534 Ἰδουμαία
2425 1503 2440 1526 ,
2467 1460 2797 1531 αἱματώδης
2852 1461 3044 1528 πηλὸς
3079 1459 3154 1530 (Ιι)
3213 1457 3578 1531 ἑρμηνεύεται
3605 1478 3621 1495 ο

2049 1556 2269 1609 δύναται
2299 1555 2354 1607 δὲ
2381 1554 2652 1624 ληφθῆναι
2679 1553 2773 1605 καὶ
2803 1554 2881 1616 είς
2913 1553 3011 1622 τὴν
3040 1552 3218 1623 σάρκα
3253 1551 3345 1604 τοῦ
3369 1553 3582 1623 Κυρίου
3603 1569 3618 1585 ·

2049 1647 2114 1698 δι’
2147 1640 2214 1718 ἧς
2235 1646 2405 1716 ἐπέϐη
2429 1645 2504 1708 ὡς
2536 1643 2603 1698 δι’
2627 1644 2794 1711 ὑποδὴ
2806 1661 2971 1712 ματος
2995 1645 3110 1706 τοῖς
3139 1641 3452 1713 ἀνθρώποις
3477 1659 3492 1674 ·
3525 1642 3622 1696 ἆλ-

2048 1738 2156 1800 λως
2210 1739 2456 1809 χωρῆσαι
2505 1736 2596 1790 τὸν
2631 1736 2868 1805 ῐΙοιητὴν
2908 1733 2983 1804 μὴ
3023 1734 3332 1802 δυναμένης
3366 1732 3466 1804 τῆς
3499 1734 3620 1787 κτί⁴

380 1837 499 1882 tura
526 1827 797 1881 infinitum
829 1844 891 1882 ac
937 1828 1454 1898 incomprehensum
1481 1842 1826 1896 nequaquam
1854 1842 1942 1881 ca-

2051 1846 2186 1892 σεως
2219 1845 2234 1858 ο
2270 1825 2496 1898 ἄπειρόν
2543 1843 2604 1878 τε
2653 1827 2747 1878 καὶ
2787 1822 3070 1895 ἁχώρητον
3109 1821 3254 1876 κατὰ
3297 1821 3458 1892 φύσιν
3484 1839 3619 1892 τυγ-

377 1933 509 1988 pere
534 1927 740 1988 posset.

445 2009 632 2064 Potest
657 2024 788 2063 vero
830 2003 1022 2064 rursus
1049 2010 1213 2064 etiam
1263 2010 1330 2064 de
1389 2011 1652 2079 cujusque
1695 2019 1943 2063 nostrum

376 2112 536 2151 carne
563 2097 790 2166 intelligi
813 2116 826 2162 ;
850 2099 904 2152 in
928 2114 1090 2168 quam
1108 2098 1454 2153 extendimus
1478 2099 1905 2152 calceamentum
1928 2116 1943 2151 :

377 2187 713 2240 mun‘ientem
751 2188 963 2243 scilicet
991 2205 1022 2243 a
1057 2189 1258 2244 diaboli
1293 2189 1474 2258 pravis
1494 2188 1712 2242 tribulis
1739 2203 1802 2242 ac
1833 2192 1944 2258 spi-

371 2275 462 2328 nis
492 2276 941 2331 exercitationem
971 2292 1035 2331 ac
1059 2276 1476 2331 continentiam.
1502 2275 1616 2330 Hoc
1648 2276 1792 2330 enim
1828 2277 1944 2330 cal-

369 2375 720 2420 ceamentum
753 2367 1167 2437 intelligendum
1188 2375 1290 2422 est.
1319 2367 1538 2436 Absque
1565 2368 1708 2422 enim
1733 2367 1946 2422 exerci-

369 2457 598 2520 tatione,
635 2458 889 2527 seriaque
919 2459 1277 2522 continentia,
1327 2459 1443 2513 ﬁeri
1492 2474 1599 2512 non
1641 2469 1840 2528 potest,
1881 2468 1944 2514 ut

371 2549 556 2602 carnis
592 2550 722 2604 vitia
757 2561 1052 2621 expugnet,
1072 2552 1166 2622 qui
1198 2552 1418 2622 pietatis
1437 2553 1616 2607 cultor
1648 2560 1750 2618 est,
1782 2560 1838 2608 et
1871 2553 1940 2608 ad

371 2653 497 2691 eam
521 2648 760 2694 exercet.

437 2727 581 2795 Quin
605 2737 660 2784 et
689 2746 878 2786 rursus
906 2731 1136 2803 intelligi
1171 2739 1350 2802 potest
1398 2733 1565 2787 animi
1596 2733 1938 2790 calceamen-

368 2827 510 2884 tum,
546 2821 911 2876 mortiﬁcatus
935 2838 1128 2877 sensus
1157 2825 1388 2878 rationis
1415 2825 1565 2878 cultu
1591 2832 1647 2878 ct
1693 2833 1939 2880 contem-

367 2911 662 2979 plationis;
699 2927 807 2980 quo
843 2912 1060 2967 animus
1087 2913 1146 2976 in,
1191 2912 1272 2967 eis
1308 2913 1572 2968 incedens
1599 2929 1720 2983 qua:
1773 2929 1937 2968 sensu

365 3000 767 3070 percipiuntur;
791 3001 1010 3055 innoxie
1028 3003 1220 3056 transit
1245 3002 1414 3057 hocce
1437 3002 1696 3056 smeulum
1717 3002 1936 3068 ;'eorum

366 3094 597 3158 scilicet,
624 3093 953 3148 intermedio
980 3107 1144 3146 sensu
1189 3093 1340 3147 velut
1391 3093 1785 3156 calceamento,
1826 3093 1941 3148 col-

2149 1939 2294 1972 οντα.

2149 1939 2171 1964 τ
2281 1959 2294 1972 .

2047 1923 2346 2063 “litim
2382 2007 2438 2060 δὲ
2484 2005 2646 2060 πάλιν
2682 2004 2934 2076 νοηθῆναι
2973 2006 3068 2058 καὶ
3122 2005 3202 2067 εἰς
3241 2003 3340 2076 τὴν
3384 2005 3615 2060 ἑκάστου

2043 2103 2200 2172 ἡμῶν
2229 2101 2407 2172 σάρκα
2442 2117 2456 2131 ·
2493 2099 2580 2168 ἐφ’
2614 2092 2682 2170 ἦς
2705 2097 3016 2166 ὲκτείνομεν
3047 2095 3109 2149 τὸ
3131 2095 3385 2166 ὑπόδημα
3410 2113 3425 2127 ο
3460 2113 3618 2150 τουτ-

2043 2196 2160 2250 ἐστι
2215 2193 2315 2263 τὴν
2372 2190 2715 2262 φρουροῦσαν
2742 2189 2838 2259 τὴν
2859 2188 3037 2260 ψυχὴν
3085 2188 3194 2241 ἀπὸ
3227 2188 3336 2241 τῶν
3360 2187 3618 2260 πονηρῶν

2043 2285 2136 2340 τοῦ
2196 2284 2443 2339 διαϐόλου
2483 2273 2744 2353 τριϐόλων
2795 2289 2853 2333 τε
2881 2281 2977 2334 καὶ
3012 2277 3268 2334 ἀκανθῶν
3294 2280 3530 2350 ἄσκησίν
3556 2296 3616 2333 τε

2043 2374 2138 2426 καὶ
2167 2373 2491 2442 ἐγκράτειαν
2517 2385 2529 2398 ·
2562 2369 2719 2422 τοῦτο
2738 2369 2845 2440 γὰρ
2868 2367 2973 2439 χρὴ
2996 2368 3232 2421 νοεῖσθαι
3250 2368 3310 2422 τὸ
3336 2369 3614 2440 ὑπόδημα.

2046 2465 2209 2517 Ἀνευ
2241 2464 2349 2533 γὰρ
2384 2463 2672 2531 ἀσκήσεως
2714 2462 2808 2514 καὶ
2857 2459 3118 2528 ἀκριϐοῦς
3169 2460 3517 2530 ἐγκρατείας,
3546 2461 3615 2514 τὰ

2042 2556 2142 2625 τῆς
2178 2553 2377 2625 σαρκδς
2425 2553 2575 2622 πάθη
2615 2550 3019 2606 καταπαλαῖσαι
3067 2549 3158 2603 τδν
3209 2551 3458 2624 ἀσκητὴν
3511 2551 3613 2620 τῆς

2041 2645 2343 2710 εὐσεϐείας,
2369 2645 2668 2716 ἀμήχανον.

2111 2737 2344 2792 Δύναται
2371 2736 2426 2789 δὲ
2475 2735 2637 2788 πάλιν
2671 2734 2928 2804 νοηθῆναι
2991 2731 3246 2802 ὑπόδημα
3289 2731 3489 2802 ψυχῆς,
3520 2732 3614 2786 καὶ

2042 2832 2075 2900 ἡ
2103 2831 2192 2884 διὰ
2242 2830 2400 2898 λόγου
2442 2826 2536 2880 καὶ
2561 2825 2792 2896 θεωρίας
2831 2823 3164 2894 νεκρωθεῖσα
3213 2821 3468 2890 αἴσθησις
3499 2840 3513 2854 ο
3547 2822 3614 2876 δι’

2039 2917 2107 2994 ἧς
2131 2920 2550 2989 ἑπιϐαίνουσαή
2599 2917 2745 2988 ψυχὴ
2785 2917 2898 2980 τοῖς
2963 2915 3264 2987 αἰσθητοῖς,
3304 2918 3396 2971 τὸν
3445 2916 3618 2972 αἰῶνα

2039 3011 2226 3065 τοῦτον
2273 3008 2524 3070 ἀϐλαϐῶς
2579 3005 2982 3078 διαπορεύεται,
3014 3005 3140 3069 τοὺς
3191 3007 3370 3060 αὑτῶν
3426 3006 3618 3076 λόγους

2038 3102 2127 3158 διὰ
2148 3103 2321 3173 μέσης
2348 3103 2446 3172 τῆς
2472 3101 2775 3170 αἰσθήσεως
2795 3099 2869 3161 ὡς
2893 3098 3262 3170 ὑποδήματος,
3286 3116 3614 3169 φαντασιου-

366 3184 543 3254 ligens
566 3185 839 3248 rationes;
870 3197 1054 3237 rerum
1080 3183 1499 3252 aspectabilium
1532 3185 1706 3255 ﬁgura
1734 3183 1937 3239 forma-

2046 3171 2212 3264 μένης
2236 3195 2336 3257 τὰς
2368 3171 2475 3246 τῶν
2509 3191 2716 3262 ὁρατῶν
2738 3191 2859 3243 κατ’
2890 3184 3030 3252 εἶδος
3074 3189 3178 3243 καὶ
3211 3190 3402 3260 σχῆμα.
3430 3189 3615 3256 διαφθα-

367 3291 475 3345 que
501 3275 844 3330 dill‘erentias
876 3273 1206 3330 informante
1231 3274 1488 3345 imagine,
1526 3275 1594 3329 a'd
1636 3267 1801 3330 unam
1848 3292 1938 3331 so-

368 3367 588 3435 lamque
633 3374 798 3435 atque
858 3366 1163 3437 principem
1210 3367 1482 3421 rationem
1529 3366 1940 3438 intelligendam

370 3456 908 3528 agnoscendamque.

436 3572 568 3627 Mihi
597 3571 908 3642 alienigena:
933 3572 1128 3627 subditi
1149 3582 1293 3627 sunt.

439 3684 704 3738 Veniente
751 3683 900 3738 enim
930 3684 1164 3739 Domino
1213 3699 1312 3753 per
1359 3698 1582 3740 carnem
1641 3684 1710 3740 ad
1752 3693 1942 3741 nostra

367 3775 510 3841 loca,
545 3775 780 3846 subjecti
825 3784 956 3830 sunt
981 3776 1100 3845 ejus
1135 3775 1268 3829 forti
1332 3774 1586 3846 imperio,
1625 3791 1733 3830 non
1764 3777 1939 3831 solum

367 3881 510 3937 quos
536 3866 816 3921 destruxit
863 3865 1092 3936 spiritus
1136 3865 1432 3935 nequitiae,
1475 3867 1571 3921 sed
1621 3876 1680 3920 et
1731 3876 1942 3923 cunctae

368 3964 578 4028 gentes,
612 3964 866 4026 suscepta
895 3971 993 4027 per
1031 3956 1378 4012 vocationem
1415 3957 1693 4027 Evangelii
1741 3958 1941 4026 praedi-

367 4049 608 4114 catione,
660 4056 826 4119 caput
875 4048 929 4103 ei
987 4048 1318 4104 submisere.
1371 4048 1754 4119 Subjiciuntur
1808 4064 1941 4104 vero

362 4141 537 4196 etiam
560 4141 710 4196 omni
741 4141 891 4210 justo
924 4140 1265 4211 alienigenae,
1295 4155 1420 4194 cum
1461 4139 1626 4193 missa
1651 4139 1803 4193 velut
1831 4139 1943 4194 cal-

363 4245 489 4296 ceo,
521 4231 579 4285 in
609 4246 726 4286 suae
758 4229 943 4286 carnis
966 4237 1192 4295 terram,
1233 4229 1444 4300 peccati
1487 4230 1661 4300 legem
1707 4228 1938 4282 mortiﬁ-

357 4330 528 4376 cante
559 4321 922 4386 continentia,
976 4322 1180 4378 nedum
1213 4320 1266 4375 in
1297 4336 1362 4376 ea
1391 4320 1668 4376 latitantes
1705 4319 1940 4374 immun-

361 4411 468 4467 dos
490 4412 722 4467 ali'ectus
759 4412 1005 4481 vitiaque
1033 4411 1368 4476 edomuerit,
1414 4411 1511 4466 sed
1542 4411 1706 4466 etiam
1742 4427 1936 4465 eorum

2044 3287 2145 3357 ρὰς
2188 3285 2560 3354 ἀναλεγομένη
2605 3281 2738 3352 πρὸς
2791 3281 2888 3352 τὴν
2949 3280 3045 3333 τοῦ
3077 3280 3199 3343 ἑνὸς
3250 3281 3413 3351 μόνου
3440 3299 3498 3333 τε
3523 3281 3617 3334 καῖΙ

2043 3377 2274 3450 ἀρχικοῦ
2305 3378 2463 3446 Λόγου
2495 3375 2706 3429 σύνεσιν
2727 3373 2823 3427 καὶ
2850 3372 3169 3442 ἐπίγνωσιν.

2330 3593 2492 3663 Ἐμοὶ
2523 3593 2869 3661 ἀλλόφυλοι
2897 3592 3316 3662 ὑπετάγησαν.

2125 3685 2320 3740 Ἦνίκα
2340 3684 2450 3753 γὰρ
2475 3683 2562 3737 διὰ
2601 3683 2804 3753 σαρκὸς
2819 3685 2932 3746 τοίς
2953 3683 3080 3737 καθ’
3110 3686 3254 3755 ἡμᾶς
3277 3684 3615 3756 ὲπεχωρίασε

2035 3777 2225 3837 τόποις
2255 3778 2283 3830 ό
2311 3775 2535 3846 Κύριος,
2562 3774 2810 3843 ὑπετάγη
2839 3773 2925 3844 τῷ,
2948 3775 3144 3845 κράτει
3167 3775 3268 3845 τῆς
3298 3776 3480 3848 ίσχὺος
3507 3778 3608 3829 αὑ-

2039 3865 2133 3920 τοῦ
2158 3882 2174 3898 ο
2203 3867 2264 3918 οὑ
2297 3865 2454 3935 μόνον
2475 3864 2893 3936 καταργηθέντα.
2920 3867 2989 3920 τὰ
3029 3865 3316 3937 πνεύματα
3369 3868 3468 3937 τῆς
3511 3885 3610 3922 πο-

2041 3957 2257 4029 νηρίας,
2304 3958 2440 4010 ἀλλὰ
2484 3957 2578 4009 καὶ
2628 3955 2806 4009 πάντα
2826 3955 2896 4009 τὰ
2927 3957 3056 4026 ἔθνη
3079 3956 3348 4027 δεξάμενα
3393 3958 3480 4012 διὰ
3513 3961 3612 4029 τῆς

2038 4044 2285 4120 κλήσεως
2337 4047 2431 4101 τοῦ
2481 4046 2814 4116 Εὑαγγελίου
2853 4046 2917 4100 τὸ
2957 4049 3258 4118 κήρυγμα,
3285 4049 3561 4118 ὑπέκυψεν
3593 4065 3608 4079 ·

2040 4140 2438 4196 ὑποτάσσονται
2471 4139 2529 4192 δὲ
2554 4138 2650 4192 καὶ
2674 4139 2837 4191 παντὶ
2865 4137 3060 4208 δικαίῳ
3089 4140 3138 4192 οί
3159 4139 3464 4208 ἀλλόφυλοι,
3496 4138 3612 4209 ἡνί-

2039 4251 2113 4286 κα
2141 4230 2415 4287 ἐπιϐαλὼν
2444 4229 2631 4300 ὥσπερ
2668 4229 2925 4299 ὑπόδημα
2945 4231 3010 4300 τῇ
3034 4231 3105 4299 γῇ
3137 4229 3240 4299 τῆς
3279 4230 3484 4301 σαρκὸς
3511 4230 3610 4283 αὑ-

2035 4325 2132 4378 τοῦ
2165 4323 2264 4394 τὴν
2313 4320 2616 4392 νεκροῦσαν
2649 4319 2742 4374 τὸν
2776 4321 2940 4390 νόμον
2976 4320 3078 4390 τῆς
3107 4319 3379 4390 ἁμαρτίας
3403 4320 3610 4390 ἐγκρά-

2039 4431 2213 4477 τειαν,
2244 4412 2518 4482 δαμάσσει
2545 4411 2608 4463 οὑ
2641 4410 2800 4480 μόνον
2816 4409 2886 4464 τὰ
2908 4410 3296 4481 ὲμφωλιὺοντα
3311 4411 3449 4481 αὐτῇ
3474 4412 3608 4466 ἀκά-

359 4509 624 4555 auctores
655 4514 721 4554 ac
762 4500 1078 4556 incentores
1108 4498 1480 4570 nequissimos
1526 4497 1800 4554 daemones
1835 4499 1934 4563 do;-

2043 4505 2215 4576 θαρτα
2249 4502 2418 4573 πάθη,
2449 4501 2585 4555 ἀλλὰ
2613 4501 2709 4554 καὶ
2743 4501 2869 4564 τοὺς
2900 4500 3259 4571 ἐνεργοῦντας
3286 4500 3463 4554 ταῦτα
3511 4517 3609 4554 πο-

359 4590 656 4646 struxerit.

436 4703 600 4758 Vens.
633 4703 718 4756 Η.
775 4701 906 4768 Qui:
958 4700 1174 4756 deducet
1222 4718 1304 4756 me
1362 4703 1418 4756 in
1461 4701 1741 4755 civitatem
1796 4714 1937 4771 prae-

434 4925 680 4983 Praesidii
708 4925 922 4993 civitas,
945 4926 1439 4999 Graeceitepzoxﬁg,
1465 4943 1529 4982 ac
1552 4927 1598 4982 si
1624 4925 1785 4998 342
1816 4942 1936 4979 am-

359 5017 503 5076 bitus
541 5017 693 5073 dicas
750 5017 1007 5086 valloque
1057 5017 1360 5080 munitam,
1419 5015 1689 5085 sapientia
1737 5023 1822 5068 est
1869 5030 1936 5068 ex

363 5109 557 5164 multis
617 5108 819 5163 divinis
857 5115 1022 5178 atque
1074 5107 1324 5179 mysticis
1373 5103 1938 5174 contemplationibus

360 5201 616 5264 collecta,
652 5198 1050 5253 circumuallata
1083 5214 1146 5253 ac
1173 5199 1403 5268 undique
1444 5196 1671 5260 munita,
1711 5203 1773 5248 ut
1798 5194 1938 5248 alius

359 5291 491 5360 quis
521 5291 880 5360 interpretum
904 5287 1098 5361 (Sym.,
1122 5288 1336 5358 Theod.)
1363 5287 1626 5351 reddidit,
1663 5287 1934 5341 virtutum

361 5377 772 5434 munitionibus
804 5394 869 5434 ac
894 5377 1187 5448 prasidiis.

436 5471 546 5522 Aut
584 5454 779 5524 rursus
806 5469 1000 5524 civitas
1023 5469 1261 5540 praesidii
1291 5480 1395 5533 est,
1424 5477 1601 5523 status
1633 5469 1934 5539 ejusmodi,

363 5570 479 5628 quo
505 5556 593 5610 vir
627 5571 760 5612 vere
785 5559 908 5627 pius
937 5573 1002 5612 ac
1041 5557 1353 5628 religiosus,
1404 5557 1846 5627 inexpugnabilis
1874 5571 1937 5611 ac

437 5731 874 5805 (Ιι)Α1ματὼδης
915 5735 1269 5805 πηλόςγεττκ,
1310 5733 1515 5805 rubere,
1557 5732 1933 5805 rubrum‘esse,

367 5799 542 5869 ruber,
591 5804 740 5857 homo
766 5843 780 5866 ,
819 5811 960 5856 terra
990 5803 1134 5856 rubri
1172 5818 1268 5858 seu
1300 5800 1576 5873 argillacei
1616 5799 1828 5867 coloris,
1868 5816 1934 5856 ex

2037 4596 2236 4667 νηροὺς
2257 4594 2596 4665 καταργήσει
2625 4592 2904 4662 δαίμονας.

2253 4709 2349 4772 Τίς
2375 4705 2592 4771 ἀπάξει
2618 4721 2696 4775 με
2724 4706 2812 4771 εις
2853 4706 3035 4760 πόλιν
3070 4706 3388 4779 περιοχῆςς

2110 4906 2271 4969 Πόλις
2301 4905 2420 4958 ἐστὶ
2452 4905 2734 4974 περιοχῆς,
2765 4905 2799 4975 ἡ
2829 4906 2890 4957 ὲκ
2921 4903 3132 4957 πολλῶν
3169 4903 3605 4982 συνηθροισμὲνη

2037 4998 2196 5052 θείων
2227 4997 2322 5051 καὶ
2354 4996 2630 5068 μυστικῶν
2665 4997 3034 5068 θεωρημάτων
3066 4995 3226 5064 σοφία
3265 4995 3606 5063 περιεχομέ-

2035 5107 2137 5157 νη,
2164 5090 2330 5160 ἠγουν
2366 5087 2908 5157 περιπεφραγμένη,
2939 5085 3125 5151 καθὼς
3150 5087 3338 5159 ἔτερος
3367 5088 3472 5159 ἔφη
3496 5085 3604 5141 τῶν

2037 5181 2290 5245 ἒκδοτῶν,
2322 5181 2436 5245 τοῖς
2459 5179 2570 5234 τῶν
2601 5179 2811 5251 ἀρετῶν
2833 5177 3205 5250 ὀχυρώμασιν.

2110 5462 2182 5514 Ἢ
2241 5463 2402 5516 πάλιν
2453 5459 2608 5523 πόλις
2665 5460 2784 5512 ἐστὶ
2832 5457 3130 5529 περιοχῆς,
3177 5458 3211 5528 ἦ
3243 5454 3600 5518 κατάστασις,

2037 5551 2158 5605 καθ’
2193 5552 2259 5621 ἢν
2301 5549 2569 5612 ἀνάλωτος
2609 5549 2705 5603 καὶ
2749 5545 3200 5618 ἁπροσπέλαστος
3241 5543 3453 5614 γίνεται
3491 5545 3604 5605 τοῖς

2035 5744 2143 5853 qua
2167 5737 2445 5849 et‘nomen
2472 5725 2684 5782 homini
2711 5726 2968 5795 inditum,
3009 5727 3156 5796 quod
3178 5727 3246 5783 de
3277 5727 3369 5782 illa
3399 5724 3602 5780 forma-

2062 5815 2126 5852 us
2165 5813 2209 5851 Si
2243 5839 2256 5852 .

2062 5815 2126 5852 IIS
2165 5813 2256 5852 Sil.
