4154 6322
490 407 594 476 8&9

1582 407 1986 469 EXPOSITIO
2026 409 2108 471 IN
2148 410 2512 472 PSALMUM
2551 411 2710 476 LIX.

3658 419 3765 490 870

489 517 793 588 πολεμίοις,
825 514 914 570 διὰ
967 513 1066 586 τὴν
1125 508 1472 585 φρουροῦσαν
1523 514 1688 568 αὐτὸν
1738 516 1848 573 τῶν
1899 515 2060 585 άγξωκ.

2180 518 2498 574 inaccessus
2538 519 2796 574 hostibus
2821 519 3077 588 edicitur,
3125 523 3274 592 quod
3303 532 3618 580 sanctarum
3647 527 3763 584 Po-

483 610 784 679 Δυνάμεων
840 604 1151 679 περιϐολὴν,
1177 607 1206 658 ὃ
1259 622 1326 675 ,γε
1378 605 1594 676 άληθῶς
1651 605 1911 678 θεοσεϐὴς
1974 609 2070 662 καὶ

489 701 754 773 φιλόθεος.

565 795 636 851 Ἢ
657 792 824 846 πάλιν
853 790 1009 854 πόλις
1056 790 1176 846 ἐστὶ
1231 791 1514 862 περιοχῆς,
1545 791 1578 860 ἡ
1611 788 1758 860 λόγῳ
1809 790 1904 844 καὶ
1970 788 2069 860 βίῳ

489 883 863 954 τετειχισμένη
931 881 1100 952 ψυχὴ,
1133 881 1229 939 καὶ
1275 882 1483 946 πάσαις
1535 883 1656 947 ταῖς
1708 880 1818 934 τῶν
1845 880 2068 952 ἀρετῶν

487 974 769 1045 πλήθουσα
796 975 1037 1043 χάρισιν.
1433 1032 1435 1036 η

566 1067 638 1118 Ἦ
671 1064 835 1120 πάλιν
865 1063 1020 1126 πόλις
1047 1062 1166 1120 ἐστὶ
1190 1063 1467 1134 περιοχῆς,
1505 1063 1538 1134 ἠ
1575 1063 1672 1134 τῆς
1711 1063 1946 1134 ἀληθοῦς
1974 1064 2068 1116 καὶ

487 1155 785 1214 ἀπταίστου
829 1153 1085 1223 γνώσεως
1134 1152 1270 1220 ἕξις,
1304 1155 1338 1224 ή
1375 1155 1438 1208 ὲκ
1490 1155 1704 1222 πάντων
1757 1153 1963 1224 ὴθικῶν
2005 1171 2067 1207 τε

487 1245 583 1300 καὶ
610 1244 857 1315 φυσικῶν
905 1245 1003 1299 καὶ
1040 1245 1368 1314 θεολογικῶν
1399 1245 1772 1317 θεωρημάτων
1817 1263 2068 1319 περιεχο-

491 1339 626 1409 μένη
659 1339 788 1402 ἐἰς
835 1338 902 1410 ἢν
934 1337 1206 1406 ἀπάγεται
1260 1339 1369 1402 πᾶς
1435 1338 1693 1409 εὐσεϐὴς,
1745 1339 1838 1391 ὑπ’
1900 1339 2062 1392 ἄλλου

492 1429 592 1500 μὲν
627 1429 865 1492 οὐδενὸς,
894 1428 1001 1482 ὑπὸ
1061 1429 1309 1500 μόνουυδὲ
1357 1428 1452 1486 τοῦ
1512 1428 1648 1482 Θεοῦ
1696 1429 1794 1482 τοῦ
1857 1430 2066 1492 πάντας

475 1521 627 1590 -πρὸς
669 1523 863 1574 ἑαυτὸν
905 1521 1158 1584 ἕλκοντος
1212 1521 1282 1574 δι’
1311 1521 1518 1590 ἄφατον
1571 1521 1905 1591 ἀγαθότητος
1951 1521 2065 1590 .μὲ-

486 1614 666 1683 γεοος.

631 1704 712 1758 Ἢ
736 1705 828 1772 τίς
861 1703 1150 1773 ὁδηγήσει
1183 1722 1260 1774 με
1289 1705 1402 1772 ἕως
1420 1703 1529 1772 τῆς
1565 1704 1920 1774 Ἰδουμαίας.

571 1796 870 1866 Ἰδουμαία,
911 1795 1096 1859 καθὼς
1133 1796 1299 1862 ἔδειξε
1329 1795 1617 1867 προλαϐὼν
1651 1799 1678 1849 ὁ
1709 1795 1886 1863 λόγος,
1915 1795 2064 1848 ἐστὶν

2185 616 2444 663 testatum
2475 609 2732 678 praesidio
2762 611 2999 666 vallante
3036 614 3339 670 muniatur.

2245 789 2358 843 Aut
2406 806 2598 848 rursus
2639 792 2836 848 civitas
2866 794 3111 863 praesidii
3160 795 3343 849 anima
3373 803 3477 858 est,
3515 810 3637 865 quae
3671 812 3762 852 ra-

2180 879 2328 934 tione
2352 896 2415 934 ac
2435 882 2550 935 vita
2576 883 2792 937 munita
2821 894 2928 949 est,
2958 883 3325 955 omnibusque
3346 885 3615 940 virtutum
3639 902 3764 957 gra-

2179 970 2272 1024 tiis
2305 971 2569 1026 abundat.

2246 1059 2579 1120 Αιιιτιιιιειιε
2621 1063 2818 1120 civitas
2866 1072 2951 1119 est
2989 1066 3264 1136 praesidii,
3296 1082 3446 1122 verae
3490 1078 3764 1139 certaeque

2175 1153 2424 1216 scientiae
2455 1156 2702 1221 habitus,
2731 1174 2895 1227 quem
2943 1160 3178 1222 moralia
3208 1161 3412 1224 omnia,
3456 1163 3760 1231 naturalia-

2175 1258 2282 1313 que
2313 1259 2384 1298 ac
2430 1245 2747 1317 theologica
2771 1249 2930 1312 scita,
2961 1265 3063 1305 ceu
3110 1251 3367 1321 praesidio
3413 1254 3618 1308 vallent
3644 1271 3658 1306 :
3689 1253 3760 1308 ad

2173 1350 2337 1402 quam
2385 1335 2680 1393 deducitur
2720 1340 2974 1409 quisquis
3016 1351 3102 1396 est
3131 1342 3359 1419 pietatis;
3394 1344 3611 1410 cultor;
3648 1360 3756 1399 non

2172 1425 2280 1478 alio
2309 1425 2563 1492 ductore,
2599 1445 2766 1499 quam
2791 1432 2908 1485 solo
2940 1432 3184 1502 Deo,.qui
3213 1449 3324 1502 prae
3352 1435 3635 1492 immensae
3660 1435 3760 1489 bo-

2171 1517 2363 1597 nitatis
2383 1521 2784 1590 magnitudine,
2817 1522 2885 1576 ad
2914 1537 2974 1578 se
3007 1523 3298 1579 universos
3330 1526 3520 1580 trahit.

2242 1698 2350 1753 Aut
2371 1701 2485 1770 quis
2525 1701 2744 1754 deducet
2776 1719 2859 1756 me
2880 1719 3044 1774 usque
3068 1705 3122 1758 in
3151 1704 3496 1760 Idumream?

2243 1790 2502 1857 Idumaaa,
2534 1793 2614 1846 uti
2647 1795 2813 1863 paulo
2842 1803 2970 1850 ante
2993 1795 3293 1852 declaravit
3327 1798 3526 1863 oratio,
3578 1800 3756 1856 omnis

487 1889 521 1957 ἡ
555 1888 771 1942 πάντων
793 1887 1045 1941 ⁴ετῶνιὺπὸ
1087 1887 1340 1958 αἴσθησιν
1389 1889 1705 1958 κτισμάτων
1759 1891 2060 1950 σὺστασις·

2167 1880 2261 1935 illa
2290 1889 2381 1936 est
2410 1898 2596 1936 rerum
2633 1882 2690 1937 in
2710 1899 2933 1938 sensum
2967 1885 3287 1939 cadentium
3323 1889 3633 1956 complexio
3681 1905 3748 1946 ac

485 1979 615 2051 περὶ
644 1980 712 2049 ἢν
743 1980 777 2050 ἡ
804 1979 862 2032 ἐν
892 1979 1166 2050 πνεύματι
1201 1978 1407 2051 φυσικὴ
1447 1979 1653 2051 θεωρία
1709 1980 2060 2034 συνίστασθαι

2165 1972 2477 2042 congeries,
2514 1973 2661 2027 circa
2697 1989 2861 2043 quam
2890 1984 3146 2030 versatur
3165 1977 3434 2033 naturalis
3469 1978 3523 2032 in
3551 1981 3752 2050 spiritu

485 2071 697 2140 πέφυκε
739 2085 751 2096 ·
778 2069 906 2123 καθ’
933 2070 1001 2141 ἢν
1031 2071 1097 2124 ὲκ
1115 2069 1388 2138 καλλονῆς
1410 2072 1504 2124 καὶ
1534 2069 1799 2140 μεγέθους
1825 2069 2060 2140 κτισμά-

2165 2064 2734 2134 contemplatio;qua,
2763 2081 2830 2120 ex
2856 2067 3272 2136 pulchritudine
3294 2077 3349 2124 et
3375 2073 3754 2141 magnitudine

483 2178 593 2215 των
618 2160 902 2229 ἀναλόγως
932 2161 962 2212 ό
987 2159 1366 2230 γενεσιουργὸς
1387 2160 1464 2231 τῷ
1516 2160 1757 2224 εὐσεϐῶς
1805 2160 2065 2230 ἀναλεγοο

488 2253 632 2324 μένῳ
670 2252 768 2323 τὴν
805 2251 914 2306 τῶν
941 2251 1111 2306 όντων
1136 2251 1339 2322 γνῶσιν
1367 2253 1674 2324 θεωρεῖται.

564 2433 635 2485 Ἦ
665 2433 914 2505 τυχὸν,ἠ
969 2433 1091 2486 κατ’
1143 2430 1349 2502 ἀρετὴν
1385 2433 1666 2502 πρακτικὴ
1716 2429 1806 2488 διὰ
1861 2431 2061 2502 σαρκὸς

487 2527 774 2595 φιλοσοφία
801 2543 818 2562 ο
854 2527 975 2585 καθ’
1006 2529 1072 2597 ἣν
1125 2526 1220 2580 τοῦ
1272 2525 1428 2594 ἁγίου
1489 2524 1807 2593 Πνεῦματος
1847 2525 2060 2593 γίνεται

487 2617 612 2680 ναὸς
653 2618 715 2669 τὸ
744 2617 1014 2687 ἡμέτερον
1050 2616 1232 2686 σῶμα,
1262 2617 1374 2678 τοῖς
1392 2614 1499 2668 τῶν
1542 2615 1773 2686 ὲντολων
1811 2632 2055 2670 συνοικο-

486 2706 815 2777 δομούμενον
849 2706 1103 2759 κάλλεσιν
1138 2723 1152 2737 ο
1189 2708 1270 2768 εἰς
1300 2707 1367 2775 ἢν
1394 2706 1422 2758 6
1462 2704 1625 2768 αὐτὸς
1661 2704 1823 2759 πάλιν
1868 2705 2059 2776 ὁδηγεῖ

493 2794 719 2866 Κύριος,
785 2797 1144 2866 χαριζόμενος
1193 2798 1309 2859 τοῖς
1363 2796 1648 2864 ἀγαπῶσιν
1729 2796 1891 2850 αὐτὸν
1961 2798 2058 2850 καὶ

486 2887 592 2938 τῶν
637 2887 928 2958 ὁρωμένων
988 2887 1084 2958 τὴν
1137 2888 1470 2958 ἐπιστήμην,
1502 2886 1598 2940 καὶ
1627 2887 1895 2940 διδάσκων
1944 2889 2055 2942 τῶν

491 2981 666 3051 μελῶν
700 2982 799 3051 τῆς
831 2981 1025 3051 γηῖνης
1044 2979 1247 3051 ταύτης
1277 2980 1371 3034 καὶ
1391 2980 1660 3050 ὲπικήρου
1717 2980 1916 3050 σαρκὸς
1960 2981 2059 3052 τὴν

487 3072 771 3143 νέκρωσιν.
961 3132 970 3140 _
1299 3129 1305 3134 .
1630 3140 1639 3147 ,

565 3165 655 3228 Ἣ,
708 3164 794 3218 ἵνα
818 3161 1052 3219 συνελὼν
1074 3164 1232 3227 εἴπω,
1262 3162 1416 3224 πόλις
1455 3162 1572 3214 ἐστὶ
1597 3164 1856 3233 περιοχῆς
1883 3165 1915 3236 ἡ
1949 3164 2055 3220 τῶν

484 3255 690 3326 νοητῶν
723 3255 998 3326 γνωστικὴ
1049 3253 1272 3325 θεωρία.
1314 3253 1590 3323 Ἰδουμαία
1625 3253 1760 3326 δὲ,ἡ
1808 3256 1917 3308 τῶν
1967 3257 2054 3310 αι-

486 3346 697 3418 σθητῶν
751 3349 1027 3417 ἐπιστήμη
1057 3362 1074 3380 ο
1109 3349 1189 3409 εἰς
1227 3347 1295 3410 ἃς
1349 3345 1552 3414 ἀπάγει
1599 3362 1658 3398 τε
1689 3347 1785 3399 καὶ
1813 3347 2054 3419 ὁδηγείή

487 3439 622 3510 μόνη
650 3438 744 3492 τοῦ
769 3438 902 3492 Θεοῦ
931 3440 1025 3491 καὶ
1067 3439 1271 3508 πατρὸς
1313 3437 1495 3506 σοφία,
1520 3436 1551 3488 6
1579 3438 1873 3510 μονογενὴς
1906 3439 2051 3504 Υἱός.

483 3529 574 3582 Διὸ
610 3529 832 3598 ἀπάγων
858 3530 886 3582 ὁ
915 3528 1231 3598 Π-ριγρήτης,
1259 3528 1424 3599 φησιν
1451 3545 1466 3560 ο

626 3706 773 3776 Οὐχὶ
807 3705 890 3760 σὺ
931 3709 964 3760 ό
1005 3706 1146 3772 Θεὸς
1186 3709 1220 3760 ὁ
1267 3707 1662 3779 ἀπωσάμενος
1691 3707 1892 3779 ἡμᾶςί

553 3797 864 3862 Τουτέστιν,
897 3797 978 3850 ὅτι
1028 3798 1100 3851 Σὺ
1143 3797 1171 3851 6
1217 3797 1348 3862 Θεὸς
1383 3801 1412 3852 6
1449 3800 1568 3853 κατ’
1612 3801 1784 3870 ἀρχὰς
1817 3799 1903 3852 διά
1959 3798 2056 3870 τὴν

487 3889 762 3958 ἁμαρτίαν
806 3887 1167 3957 ἀπωσάμενος
1212 3891 1361 3961 ἡμᾶς
1394 3906 1408 3920 ·
1441 3889 1604 3952 αὐτὸς
1645 3889 1733 3942 διὰ
1771 3889 2056 3960 σπλάγχνα

487 3979 672 4042 ἐλέους
699 3996 790 4032 σου
819 3981 1187 4050 οἰκτειρήσας,
1213 3981 1454 4047 ἀπάγεις
1483 3983 1566 4044 εἰς
1591 3982 1744 4036 πόλιν
1773 3982 2052 4052 περιοχῆς,

485 4071 583 4128 καὶ
613 4069 825 4139 ὁδηγεῖς
849 4069 956 4134 ἕως
974 4069 1074 4140 τῆς
1119 4071 1442 4141 Ἰδουμαίας,
1472 4071 1611 4126 κατά
1634 4071 1734 4143 τὴν
1757 4073 2057 4144 προαποδε-

483 4159 715 4232 δομένην
745 4158 1027 4231 ἐξήγησιν.

483 4355 594 4411 Kal
619 4357 731 4411 οὐκ
767 4355 1086 4425 ἐξελεύσῃ,
1126 4358 1159 4410 ὁ
1218 4355 1384 4424 Θεὸς,
1427 4357 1498 4412 ἐν
1543 4357 1674 4422 ταῖς
1722 4356 2058 4428 δυνάμεσιν

1178 4447 1362 4516 ἡμῶν·

2164 2169 2354 2208 rerum
2400 2157 2752 2222 creatarum',
2797 2173 2898 2227 per
2937 2160 3351 2230 proportionem
3392 2178 3584 2217 earum
3628 2165 3748 2234 ipse

2162 2244 2430 2300 Conditor
2488 2246 2557 2301 ab
2608 2263 2676 2302 eo
2734 2249 3076 2320 conspicitur
3106 2251 3168 2317 ⁷,
3227 2253 3321 2323 qui
3372 2253 3615 2324 ipsarum
3656 2255 3754 2325 .pie

2163 2337 2457 2392 scientiam
2498 2339 2741 2408 colligat.

2229 2426 2342 2481 Aut
2371 2426 2512 2482 forte
2547 2429 2919 2499 philosophia,
2948 2445 3049 2502 per
3084 2449 3308 2490 carnem
3342 2437 3578 2492 actionis
3621 2437 3750 2492 fun-

2162 2511 2346 2567 ctione
2372 2513 2634 2568 virtutem
2669 2517 2892 2584 colens;
2925 2535 3033 2587 qua
3065 2537 3266 2591 corpus
3287 2534 3539 2580 nostrum
3571 2526 3752 2596 Spiri-

2163 2609 2254 2656 tus
2271 2605 2447 2658 sancti
2479 2606 2744 2674 templum
2780 2607 3062 2674 eﬂ‘ectum,
3096 2614 3481 2669 mandatorum
3513 2618 3748 2686 pulchre

2160 2697 2499 2751 ornamentis
2533 2698 2906 2753 coaediticatur
2929 2719 2942 2754 :
2976 2702 3044 2755 ad
3072 2719 3235 2772 quam
3263 2706 3528 2762 Dominus
3556 2725 3754 2765 rursus

2161 2786 2410 2852 deducit,
2460 2787 2554 2856 qui
2586 2788 2946 2858 diligentibus
2983 2793 3184 2862 ipsum,
3223 2797 3388 2851 etiam
3449 2814 3636 2855 rerum
3689 2800 3749 2856 in-

2159 2886 2444 2946 aspectum
2467 2867 2780 2933 cadentium
2812 2882 3095 2937 scientiam
3115 2885 3414 2956 largiatur;
3443 2889 3752 2961 doceatque

2161 2977 2396 3024 terrenaa
2426 2969 2592 3041 hujus
2613 2987 2678 3026 ac
2710 2975 2961 3030 mortalis
2989 2977 3171 3032 carnis
3192 2965 3566 3036 membrorum
3602 2998 3749 3036 mor-

2157 3060 2542 3116 .tiiicationem.

2229 3154 2378 3218 Sive,
2405 3163 2466 3209 ut
2492 3156 2682 3226 paucis
2706 3158 3015 3227 expediam,
3035 3161 3231 3218 civitas
3253 3166 3492 3233 praesidii
3526 3183 3591 3224 ac
3617 3183 3743 3225 mu-

2163 3246 2469 3302 nitionibus
2495 3240 2696 3311 cincta,
2737 3248 2894 3303 docta
2923 3259 3008 3305 est
3039 3269 3223 3308 rerum
3249 3257 3579 3326 spiritalium
3609 3275 3743 3315 con-

2166 3341 2469 3410 templatio.
2496 3341 2731 3396 Idumma
2764 3358 2920 3407 vero,
2950 3359 3166 3410 eorum,
3224 3364 3344 3418 quae
3375 3366 3537 3406 sensu
3559 3352 3741 3422 perci-

2161 3431 2411 3500 piuntur,
2429 3433 2698 3499 scientia;
2736 3435 2804 3492 ad
2837 3451 2975 3504 quas
3017 3437 3244 3492 deducit
3272 3440 3595 3512 dirigitque,
3638 3443 3734 3512 qui

2161 3523 2276 3576 sola
2335 3523 2432 3578 Dei
2486 3524 2748 3593 sapientia
2787 3526 2838 3589 ",
2886 3527 3204 3597 unigenitus
3267 3531 3440 3587 Filius
3501 3534 3737 3590 exsistit.

2161 3611 2528 3679 Quamobrem
2562 3615 2805 3670 subdens
2823 3616 3120 3686 Propheta,
3155 3622 3272 3677 ait:

2230 3705 2394 3758 Vens.
2442 3704 2509 3757 12
2554 3705 2742 3759 Nonne
2773 3714 2852 3771 tu,
2900 3707 3058 3772 Deus,
3085 3712 3175 3780 qui
3201 3713 3443 3782 repulisti
3468 3717 3602 3770 nos?

2232 3794 2349 3848 Hoc
2377 3803 2484 3858 est,
2512 3805 2570 3848 tu
2587 3796 2758 3862 Deus,
2792 3797 2886 3866 qui
2909 3813 2940 3852 a
2971 3800 3250 3870 prindpio
3281 3816 3513 3873 propter
3541 3821 3739 3875 pecca-

2162 3891 2276 3939 tum
2290 3899 2391 3938 nos
2420 3885 2688 3953 repulisti,
2718 3885 2833 3954 ipse
2861 3897 3086 3957 propter
3113 3892 3323 3945 viscera
3345 3894 3741 3951 misericordia

2162 3983 2272 4031 tua:
2299 3974 2582 4040 misertus,
2619 3971 2861 4032 deduces
2909 3993 3020 4033 nos
3051 3980 3106 4033 in
3162 3981 3444 4038 civitatem
3495 3987 3740 4053 praesidii

2161 4063 2321 4137 3&3
2370 4073 2534 4135 atque
2589 4068 2896 4134 munitam;
2939 4070 3244 4141 ductorque
3292 4075 3404 4129 eris
3447 4091 3622 4145 usque
3681 4080 3739 4134 in

2161 4158 2480 4224 ldumaeam,
2509 4159 2667 4230 juxta
2698 4160 3098 4230 expositionem
3133 4164 3188 4219 in
3210 4166 3592 4234 superioribus
3623 4177 3739 4227 tra-

2161 4249 2351 4304 ditam.

2229 4375 2302 4430 Et
2325 4392 2430 4430 non
2456 4375 2764 4447 egredieris,
2788 4376 2951 4446 Deus,
2984 4379 3041 4433 in
3072 4380 3383 4434 exercitibus
3418 4385 3632 4438 nostris.

555 4537 630 4590 Οὐ
663 4537 773 4607 γὰρ
807 4537 1142 4604 ἐξελεύσεται
1164 4539 1192 4590 6
1216 4539 1346 4600 Θεὸς
1380 4541 1440 4591 ὲν
1480 4538 1561 4609 τῷ
1593 4539 1684 4609 ⁴ἐφ’
1721 4540 1898 4611 ἑαυτῷ
1923 4539 2058 4615 θαρο

2227 4545 2348 4600 Non
2369 4545 2518 4600 enim
2547 4547 2693 4603 Deus
2715 4563 2840 4603 cum
2868 4549 2962 4606 illo
2994 4553 3331 4623 egredietur,
3351 4556 3445 4626 qui
3481 4556 3535 4611 in
3557 4557 3740 4629 seipso

484 4627 692 4699 ροὖντι,
753 4630 848 4682 καὶ
894 4629 987 4681 ἐπὶ
1023 4629 1099 4700 τῷ
1127 4629 1264 4699 τόξῳ
1289 4628 1584 4694 ἐλπίζοντι,
1612 4631 1755 4684 κατά
1791 4631 1888 4702 τὴν
1932 4635 2059 4702 ῥομ-

371 4794 376 4797 _
485 4718 650 4786 φαίαν
681 4719 1104 4790 ἐπιγραφομένῳ
1143 4719 1334 4771 ἑαυτοῦ
1360 4722 1640 4790 σωτήριον.
1682 4720 1821 4774 Ἀλλ’
1854 4724 1912 4775 ἐν
1942 4725 2056 4786 τοῖς

482 4809 540 4860 ὲν
563 4808 712 4880 αὐτῷ
743 4809 822 4879 τῷ
843 4809 960 4878 Θεῷ
986 4810 1300 4880 κερατιοῦσι
1333 4811 1458 4875 τοὺς
1493 4809 1740 4883 ἐχθροὺς,
1766 4813 1859 4867 καὶ
1888 4814 1948 4867 ὲν
1975 4815 2053 4883 τῷ

482 4897 704 4969 ὀνόματι
751 4900 913 4953 αὐτοῦ
948 4899 1280 4965 ὲξουδενοῦσι
1312 4902 1434 4966 τοὺς
1475 4903 1934 4976 ἐπανισταμένους
1957 4907 2054 4960 αὑ-

478 4988 611 5053 τοῖς,
652 4987 879 5051 εἰκότως
905 4989 933 5040 ό
964 4989 1096 5052 Θεὸς
1128 4989 1466 5056 ἐξελεύσεται
1501 4995 1636 5063 πρὸς
1661 4993 1752 5047 τὸν
1779 4995 1922 5049 κατὰ
1942 4996 2052 5049 τῶν

480 5079 727 5149 ἀοράτων
752 5080 960 5152 ἐχθρῶν
991 5081 1247 5151 πόλεμον.

478 5171 590 5236 Δὸς
625 5169 769 5240 ἡμῖν
797 5171 1088 5241 βοήθειαν
1119 5173 1190 5226 ἐκ
1225 5174 1505 5242 θλίψεως,
1538 5176 1634 5229 καὶ
1686 5179 1909 5246 ματαία
1937 5195 2053 5234 σω-

1005 5265 1177 5332 τηρία
1193 5265 1524 5335 ἀνθρώπου.
1732 5283 1737 5288 ’

551 5353 829 5418 Εὐκτικῶς
855 5355 1033 5411 δέεται
1059 5355 1153 5408 τοῦ
1186 5357 1322 5410 Θεοῦ
1354 5359 1447 5413 καὶ
1464 5361 1719 5432 Σωτῆρος
1770 5364 1833 5417 ἐκ
1881 5380 2053 5434 προσ-

478 5442 625 5497 ώπου
675 5445 774 5516 τῆς
809 5447 997 5519 κοινῆς
1047 5448 1306 5517 φύσεως-ό
1339 5452 1649 5524 Προφήτης,
1681 5454 1899 5525 δοθῆναι
1924 5459 2054 5528 ἡμῖν

479 5535 731 5606 βοήθειαν
785 5538 850 5591 ὲκ
902 5539 1002 5609 τῆς
1043 5539 1274 5609 θλίψεως
1304 5557 1318 5570 ·
1348 5541 1563 5616 δηλαδὴ
1586 5545 1687 5614 τῆς
1716 5549 2054 5601 κατασκεδα-

479 5627 698 5697 σθείσης
727 5628 828 5700 τῆς
871 5629 1082 5698 φύσεως
1125 5629 1215 5683 διὰ
1253 5630 1354 5702 τὴν
1393 5633 1688 5703 ἁμαρτίαν,
1747 5637 1841 5688 καὶ
1888 5637 2050 5708 μέχρι

554 5793 574 5824 ⁷
615 5792 741 5862 Sap.
773 5809 888 5858 XIII,
920 5793 974 5847 5.
1049 5793 1071 5825 ⁸
1102 5792 1123 5847 1
1157 5791 1284 5849 Cor.
1319 5809 1359 5862 ι,
1404 5793 1494 5848 24.
1572 5797 1592 5826 °
1627 5797 1770 5852 Psal.
1803 5815 1951 5864 XLIII,
1981 5801 2036 5865 6,
2072 5804 2121 5856 7.

2156 4637 2410 4704 conlidit,
2444 4647 2736 4709 speratque
2768 4641 2824 4694 in
2859 4657 2990 4697 arcu
3016 4660 3137 4710 suo,
3185 4662 3248 4702 ac
3285 4649 3381 4716 qui
3423 4650 3605 4720 gladio
3637 4667 3740 4706 suo

2156 4728 2389 4784 salutem
2435 4731 2665 4786 ascribit
2699 4749 2713 4787 :
2755 4733 2849 4788 sed
2875 4736 3120 4801 cum'iis,
3149 4738 3243 4806 qui
3276 4740 3328 4793 in
3354 4741 3473 4809 ipso
3505 4742 3739 4799 Domine

2153 4820 2412 4877 inimicos
2462 4822 2808 4878 ventilabunt
2848 4840 3018 4880 cornu
3044 4868 3058 4892 ,
3114 4837 3171 4882 et
3215 4829 3270 4882 in
3315 4831 3434 4899 ejus
3489 4833 3719 4887 nomine

2151 4923 2421 4982 spernunt
2458 4914 2803 4988 insurgentes
2843 4918 2896 4972 in
2929 4920 3078 4989 ipsos
3106 4917 3149 4986 θ,
3176 4920 3376 4976 merito
3408 4921 3554 4977 Deus
3575 4939 3736 4994 egre»

2155 5003 2358 5068 dietur,
2386 5007 2450 5060 ad
2487 5008 2884 5064 conferendum
2916 5011 3181 5067 adversus
3206 5011 3515 5068 invisibiles
3543 5014 3739 5071 hostes

2154 5096 2434 5164 prcelium.

2185 5170 2189 5174 ’
2224 5186 2387 5240 Vrsas.
2424 5188 2511 5241 15.
2547 5189 2630 5243 Da
2661 5192 2808 5245 nobis
2845 5175 3133 5250 auxilium
3164 5195 3228 5248 de
3262 5195 3638 5264 tribulatione;
3687 5208 3741 5253 et

2152 5293 2290 5331 vana
2323 5278 2469 5332 salus
2491 5282 2740 5348 Ιροιιιίηἱς,

2230 5369 2514 5425 Ρῑθρεηιιε
2541 5388 2694 5426 mora
2736 5374 2910 5428 Deum
2943 5392 3008 5431 ac
3035 5376 3376 5442 Salvatorem
3416 5380 3734 5438 communia

2158 5461 2376 5530 generis
2409 5463 2631 5518 nomine
2661 5474 2814 5534 rogat
2840 5467 3132 5537 Propheta,
3168 5480 3228 5524 ut
3257 5471 3418 5526 detur
3448 5471 3608 5527 nobis
3632 5487 3736 5526 au-

2159 5549 2352 5604 xilium
2380 5551 2446 5606 de
2479 5552 2864 5621 tribulatione;
2889 5571 3010 5625 qua:
3032 5559 3241 5614 scilicet
3269 5570 3502 5631 propter
3527 5576 3732 5630 pecca~

2159 5648 2274 5694 tum
2305 5641 2359 5696 in
2400 5650 2654 5697 naturam
2710 5644 2818 5701 late
2861 5646 3036 5703 eﬂusa
3065 5657 3173 5716 est,
3207 5659 3372 5722 atque
3404 5652 3472 5708 ad
3525 5651 3733 5710 inferni
