4154 6322
466 403 565 464 871

1615 405 1678 465 S.
1718 404 2003 464 MAXIM!
2042 405 2546 469 CONFESSORIS

3601 405 3706 468 872

467 529 639 583 usque
672 523 856 584 portas
888 529 1006 568 eam
1041 511 1264 582 premit.
1294 513 1391 567 Est
1414 513 1583 577 cnim,
1632 511 1704 566 ut
1748 514 2024 578 existimo,

2130 517 2236 570 τῶν
2285 516 2378 570 τοῦ
2431 517 2560 589 ᾅδου
2613 517 2794 571 πυλῶν
2839 514 3010 586 αὐτὴν
3055 513 3487 585 καταπιεσάσης.
3517 513 3705 585 Θλίψις

466 605 766 667 tribulatio,
789 603 980 656 mortis
1011 603 1131 657 dira
1153 603 1256 668 vis,
1307 620 1371 658 ac
1403 604 1738 668 dominatio;
1764 604 2026 658 auxilium

461 711 616 757 vero,
654 695 806 747 ﬁrma
835 709 931 762 per
986 695 1218 764 gratiam
1285 695 1711 750 resurrectionis
1771 710 1939 764 spes:
1971 695 2028 750 in

459 801 622 852 quam
645 784 972 853 aspicientes
1022 787 1097 854 pii
1137 786 1412 852 homines,
1461 787 1655 842 mortis
1679 787 2022 855 maestitiam,

459 878 608 930 nulla
631 875 863 929 tristitia
886 891 982 930 seu
1017 876 1205 932 dolore
1232 877 1468 940 subacti,
1491 877 1744 931 tolerant.

524 1057 633 1111 Aut
658 1071 848 1110 rursus
869 1055 1154 1109 tribulatio
1179 1065 1296 1122 est,
1322 1056 1417 1124 qui
1445 1055 1666 1109 virtutis
1691 1070 1854 1110 causa
1875 1054 2030 1109 labor

457 1148 788 1217 suscipitur:
833 1150 1098 1203 auxilium
1125 1164 1280 1213 vero,
1301 1164 1421 1218 qute
1448 1164 1548 1218 per
1577 1149 1674 1203 Dei
1694 1149 1922 1218 gratiam
1949 1147 2028 1203 illi

457 1256 643 1296 comes
696 1249 801 1306 est,
849 1241 1308 1310 imperturbatio;
1354 1241 1442 1296 cui
1502 1249 1815 1310 comparata
1849 1240 2030 1295 omnis

457 1333 744 1386 hominum
772 1333 940 1396 salus,
974 1332 1189 1386 vanitas
1209 1340 1295 1387 est
1321 1347 1642 1401 merumque
1675 1331 1812 1386 nihil
1836 1339 1892 1386 et
1913 1345 2030 1386 ces-

457 1423 618 1477 satlo.
651 1422 708 1477 Id
729 1423 877 1475 enim
903 1423 1104 1491 merito
1122 1423 1419 1477 vanitatem
1453 1423 1744 1493 intelligas.

525 1514 685 1568 Vens.
724 1513 808 1567 M.
838 1513 902 1566 In
929 1513 1037 1565 Deo
1064 1513 1324 1582 faciamus
1377 1517 1656 1575 virtutem:
1691 1523 1742 1568 et
1789 1516 1902 1585 ipse
1959 1515 2030 1569 ad

456 1601 681 1657 nihilum
715 1602 930 1655 deducet
959 1601 1274 1656 tribulantes
1293 1621 1406 1657 nos.

524 1704 583 1758 In
609 1705 720 1758 Deo
761 1703 966 1758 faciunt
1015 1705 1299 1768 virtutem,
1329 1705 1424 1774 qui
1479 1722 1586 1760 non
1628 1705 1730 1759 sibi
1771 1705 1902 1774 ipsis
1928 1705 2029 1759 tri-

455 1793 634 1848 buunt
656 1793 922 1847 virtvtum
947 1792 1211 1858 facinora,
1232 1808 1410 1862 neque
1428 1809 1539 1848 suae
1558 1793 1842 1862 sapientiae
1863 1792 2031 1847 ascri-

2129 610 2259 680 γὰρ,
2283 611 2405 662 κατ’
2436 609 2537 678 ἐμὲ
2575 609 2758 678 φάναι,
2792 610 2825 677 ἠ
2861 606 2956 660 τοῦ
2989 606 3217 660 θανάτου
3249 607 3343 659 καὶ
3369 605 3470 674 τῆς
3502 605 3708 676 φθορᾶς

2129 701 2246 752 ἐστι
2267 701 2520 770 τυραννὶς
2549 700 2644 753 καὶ
2664 699 2989 770 ἐπικράτεια
3018 713 3030 726 ·
3062 697 3280 768 βοήθεια
3316 697 3395 757 δὲ.
3437 699 3470 767 ἡ
3499 696 3587 750 διά
3607 701 3706 769 τῆς

2129 791 2347 860 χάριτος
2400 789 2595 860 βεϐαία
2644 790 2745 860 τῆς
2787 790 3134 851 ἀναστάσεως
3200 786 3355 850 ἐλπίς
3385 805 3397 819 ·
3452 787 3592 858 πρὸς
3635 788 3705 860 ἢν

2127 881 2442 950 ἀφορῶντες
2493 885 2543 936 οἱ
2589 882 2856 946 εὐσεϐεῖς,
2883 882 2983 951 τὴν
3009 879 3103 932 τοῦ
3141 878 3372 933 θανάτου
3401 880 3705 950 κατήφειαν

2127 971 2349 1034 ἀλύπως
2380 972 2748 1041 διαφέρουσιν.

2200 1065 2274 1116 Ἦ
2329 1064 2493 1118 πάλιν
2550 1063 2732 1132 θλίψις
2791 1062 2958 1128 ἐστὶν,
3019 1063 3049 1114 ὁ
3100 1060 3239 1129 ὑπὲρ
3267 1059 3468 1130 ἀρετῆς
3497 1057 3658 1121 πόνος
3687 1073 3703 1088 ο

2131 1154 2353 1225 βοήθεια
2405 1154 2484 1217 δὲ,
2539 1157 2571 1225 ἡ
2601 1154 2790 1208 τοῦτον
2827 1151 3180 1222 διαδεχομένη
3209 1151 3352 1204 κατὰ
3382 1147 3515 1202 Θεοῦ
3546 1148 3705 1218 χάριν

2129 1246 2406 1300 ἀπάθειαο
2449 1247 2585 1318 πρὸς
2623 1247 2690 1316 ἢν
2747 1247 2896 1299 πᾶσα
2946 1241 3349 1312 συγκρινομένη
3401 1241 3706 1312 ἀνθρώπων

2130 1339 2391 1409 σωτηρία,
2449 1337 2747 1407 ματαιότης
2797 1337 2914 1388 ἐστὶ
2950 1335 3045 1388 καὶ
3073 1333 3341 1404 παντελὴς
3373 1330 3704 1400 άνυπαρξία.

2128 1427 2300 1482 Τοῦτο
2325 1427 2431 1499 γὰρ
2468 1428 2673 1482 δίκαιον
2705 1425 2942 1480 νοεῖσθαι
2969 1425 3068 1495 τὴν
3101 1424 3462 1495 ματαιότητα.

2142 1522 2242 1575 Ἐν
2270 1518 2349 1583 τῷ
2383 1517 2505 1582 Θεῷ
2528 1517 2861 1586 ποιήσομεν
2888 1515 3168 1584 δύναμιν,
3202 1514 3296 1567 καὶ
3323 1513 3506 1577 αὐτὸς
3539 1512 3704 1576 ἐξου-

2407 1607 2656 1662 δενώσει
2694 1608 2837 1672 τοὺς
2881 1608 3202 1671 θλίϐοντας
3245 1603 3422 1673 ἡμᾶς.

2210 1700 2298 1751 Ἐν
2327 1698 2406 1768 τῷ
2435 1697 2554 1768 Θεῷ
2585 1697 2798 1750 ποιοῦσι
2831 1697 3083 1767 δύναμιν,
3115 1697 3164 1748 oi
3205 1694 3280 1765 μὴ
3310 1695 3702 1763 ἐπιγράφοντες

2129 1791 2344 1854 ἑαυτοῖς
2379 1789 2488 1844 τῶν
2517 1789 2729 1862 ἀρετῶν
2762 1789 2832 1842 τὰ
2867 1787 3287 1859 κατορθώματα,
3321 1785 3453 1856 μηδὲ
3478 1787 3544 1855 τῇ
3573 1787 3701 1837 ἑαυ-

455 1884 613 1948 bunt,
671 1885 816 1954 quod
872 1884 1058 1938 divina
1110 1883 1366 1955 mysteria
1409 1883 1914 1952 comprehendunt;
1967 1881 2024 1936 in

2133 1882 2241 1934 τῶν
2268 1882 2430 1952 σοφίᾳ.
2461 1882 2560 1952 τὴν
2610 1882 2716 1955 τῶν
2775 1880 2934 1935 θείων
2993 1878 3308 1950 μυστηρίων
3355 1875 3656 1945 κατάληψιν
3683 1893 3697 1906 ·

455 1976 660 2045 quibus
709 1975 1180 2046 singularissimus
1224 1976 1340 2045 ipse
1384 1976 1549 2038 Deus,
1606 1984 1863 2043 totusque
1918 1974 2024 2027 im-

457 2083 664 2131 means,
698 2083 914 2122 omnem
948 2065 1114 2121 eﬂicit
1137 2068 1397 2120 virtutem
1420 2083 1482 2121 ac
1516 2067 1684 2120 donat
1707 2065 2020 2131 scientiam;

457 2157 810 2212 adversantes
848 2173 1040 2212 omnes
1072 2173 1197 2211 cum
1222 2159 1438 2222 virtuti,
1481 2165 1592 2211 tum
1649 2156 1891 2211 scientiae
1923 2171 2023 2211 ne-

456 2248 752 2316 quissimos
781 2248 1072 2310 daemones,
1101 2263 1166 2302 ac
1219 2263 1318 2317 per
1349 2247 1482 2301 vitia
1538 2258 1596 2301 et
1658 2247 2022 2316 ignorantiam

457 2346 724 2391 conantes
743 2347 1019 2400 exterere,
1043 2353 1160 2400 eos,
1189 2336 1284 2405 qui
1312 2337 1488 2406 ipsum
1521 2347 1795 2400 metuunt,
1831 2336 1899 2390 ad
1941 2335 2025 2389 ni-

459 2427 632 2481 hilum
652 2428 933 2483 deducens
958 2437 1122 2498 atque
1154 2425 1470 2498 proﬂigans.
1496 2429 1615 2496 lpse
1641 2442 1875 2496 namque
1901 2426 2024 2480 uni-

457 2533 745 2573 versorum
775 2519 1026 2575 Salvator
1073 2520 1309 2583 exsistit,
1346 2520 1548 2589 quippe
1579 2535 1704 2574 cum
1736 2518 1900 2573 etiam
1952 2517 2024 2573 sit

457 2610 706 2664 omnium
743 2608 1025 2665 Conditor.
1057 2611 1163 2681 lpsi
1189 2611 1359 2681 gloria
1383 2611 1434 2663 in
1466 2611 1682 2665 saecula.
1721 2610 1915 2664 Amen.

2129 1975 2188 2025 ὲν
2237 1967 2319 2035 οἷς
2346 1949 2534 2036 -αθτὸς
2568 1972 2597 2023 ὁ
2637 1949 2771 2035 Θεὸς
2823 1968 3155 2040 μονώτατος,
3200 1968 3296 2020 καὶ
3331 1966 3449 2030 ὅλος
3486 1967 3699 2037 χωρῶν,

2133 2065 2310 2117 πᾶσαν
2360 2061 2560 2133 ἀρετὴν
2613 2060 2906 2134 ἐργάζεται
2959 2060 3052 2113 καὶ
3111 2057 3392 2130 χαρίζεται
3449 2055 3649 2125 γνῶσιν
3682 2094 3697 2119 ,

2129 2153 2418 2219 ἐξουδενῶν
2469 2153 2672 2215 πάντας
2719 2152 2846 2215 τοὺς
2893 2149 3302 2220 ἀντικειμένους
3343 2150 3410 2218 τῇ
3441 2164 3498 2200 τε
3529 2147 3700 2217 ἁρετῇ

2131 2240 2226 2294 καὶ
2274 2243 2340 2310 τῇ
2392 2239 2588 2308 γνώσει
2643 2241 2915 2309 πονηροὺς
2945 2239 3226 2309 δαίμονας,
3257 2240 3350 2292 καὶ
3385 2238 3473 2291 διὰ
3506 2237 3700 2300 κακίας

2129 2332 2223 2384 καὶ
2286 2330 2556 2399 ἀγνωσίας
2613 2329 2880 2382 ἐκθλίϐειν
2949 2328 3357 2399 ἐπιχειροῦντας
3412 2328 3537 2391 τοὺς
3607 2344 3702 2395 φο-

2129 2422 2423 2492 6ουμένους
2451 2421 2632 2476 αὐτόν.
2663 2421 2834 2484 Αὐτὸς
2862 2421 2970 2490 γὰρ
3001 2420 3219 2474 πάντων
3236 2418 3470 2489 ὑπάρχει
3486 2418 3700 2490 Σωτὴρ,

2127 2515 2208 2567 ὅτι
2263 2515 2359 2568 καὶ
2407 2514 2624 2568 πάντων
2675 2514 3037 2584 Δημιουργός.
3065 2509 3223 2582 Λύτῷ
3249 2512 3283 2582 ἡ
3309 2510 3435 2576 δόξα
3463 2511 3543 2576 είς
3572 2510 3699 2573 τοὺς

2129 2606 2349 2670 αἰῶνας.
2393 2606 2586 2677 Ἀμήν.

503 2781 3690 2828 W

1885 2925 2266 2988 MONITUM.

1435 3071 1518 3126 Ad
1546 3069 1918 3141 expositionem
1947 3069 2002 3122 in
2037 3066 2342 3122 Orationem
2367 3067 2718 3132 Dominicam.

538 3181 920 3262 Declaranda
948 3184 1239 3246 Oratione
1270 3184 1596 3247 Dominica
1637 3181 1960 3262 desudavit
1988 3179 2136 3262 olim
2175 3181 2637 3262 prtecipuorum
2674 3183 2924 3262 Patrum
2957 3183 3318 3262 Graecorum
3360 3182 3595 3262 pariter
3623 3201 3696 3246 ac

463 3261 820 3342 Latinorum
865 3262 1200 3342 industria;
1248 3264 1475 3342 quibus
1516 3262 1816 3342 Maximus
1858 3259 2026 3342 felici
2055 3259 2296 3342 conatu
2329 3259 2493 3338 pene
2529 3259 2954 3338 colaphonem
2996 3260 3235 3342 addidit
3278 3259 3420 3339 post
3459 3261 3699 3339 aliquot

459 3339 708 3412 saecula,
741 3357 847 3401 sua
876 3341 991 3421 hac
1024 3337 1474 3421 lucubratione,
1504 3358 1627 3421 qua
1648 3341 1735 3421 sic
1756 3338 2252 3421 alte_Dominieos
2271 3337 2347 3398 in
2361 3353 2434 3399 ea
2461 3337 2698 3399 sensus
2711 3344 2771 3398 et
2800 3338 3115 3421 mysteria,
3135 3345 3203 3399 ut
3230 3337 3428 3410 vacat,
3457 3337 3578 3399 seu
3596 3357 3696 3402 sa-

460 3426 777 3505 crementa
819 3419 1103 3505 reliquis
1126 3419 1406 3505 pleniora
1436 3415 2538 3505 et'univers’aliora,quibusnostra
2583 3422 2832 3505 paratur
2872 3415 3060 3505 salus,
3088 3423 3361 3505 septena
3410 3434 3694 3505 numero,

459 3496 770 3574 exposuit.
804 3493 1030 3560 Auctbr
1055 3493 1298 3561 eam
1330 3499 1398 3560 in
1422 3497 1652 3560 Matth.
1679 3513 1765 3568 vr,
1796 3493 2097 3556 Corderioi
2117 3495 2419 3572 vulgatus,
2453 3493 2752 3572 pleraque
2784 3493 2918 3554 haec
2945 3493 3193 3555 Maximi
3221 3496 3283 3555 in
3314 3511 3462 3556 suos
3489 3493 3698 3558 alveos

461 3571 780 3636 derivavit.

1172 3935 1515 4069 ΤΟΥ
1589 3930 2108 4067 ΑΓΙΟΥ
2187 3925 2991 4064 ΜΑΞΙΜΟΥ

1625 4161 1939 4209 ΜΟΝΑΧΟΥ
1964 4163 2076 4210 ΚΑΙ
2102 4160 2542 4209 ΟΜΟΛΟΙἮΤΟΥ

882 4309 1013 4366 ΕΙΣ
1043 4311 1189 4366 ΤΗΝ
1215 4310 1470 4365 ΠΡΟΣΕ
1482 4310 1525 4362 Υ
1523 4309 1674 4362 ΧΗΝ
1709 4309 1839 4361 ΤΟΥ
1883 4308 2107 4364 ΠΛΤΕΡ
2133 4309 2351 4374 ΗΜΩΝ,
2389 4311 2590 4363 ΠΡΟΣ
2619 4312 2766 4368 ΕΝΑ
2800 4309 3298 4366 ΦΙΛΟΧΡΙΣΤΟΝ

1494 4476 2054 4569 ΕΡΜΗΝΕΙΑ
2107 4476 2704 4566 ΣΥΝΤΟΜΟΣ

1347 4817 2000 4945 SANCTI
2098 4821 2786 4948 MAXIMI

1606 5067 1885 5112 MONACHI
1949 5069 2028 5114 ET
2093 5068 2536 5128 CONFESSOBIS,

783 5224 1442 5318 OBATIONIS
1517 5225 2152 5320 DOMlNlC/E
2221 5234 2647 5324 BBEVIS
2719 5217 3381 5324 EXPOSITIO

1474 5413 1564 5468 AD
1598 5412 1930 5480 QUEMDAM
1991 5415 2286 5473 CHRISTO
2331 5419 2674 5480 DEVOTUM.

533 5698 694 5770 3M
713 5700 896 5769 Ipsum
915 5717 946 5757 a
967 5704 1079 5757 Deo
1094 5715 1473 5761 conservatum
1497 5711 1710 5780 suscepi
1728 5710 2011 5766 dominum

466 5791 787 5858 meutn,suis
809 5791 878 5846 ad
893 5808 980 5848 me
994 5795 1303 5850 venientem
1327 5797 1773 5869 auspicatissimis
1792 5801 2022 5870 litteris;

2188 5716 2357 5768 Αὑτὸν
2406 5715 2672 5787 ἐδεξάμην
2717 5717 2806 5770 τὸν
2860 5715 3223 5785 θεοφύλακτόν
3273 5734 3375 5786 μου
3428 5717 3698 5788 δεσπότην

2129 5801 2217 5857 δ;ὰ
2236 5802 2344 5856 τῶν
2398 5801 2559 5855 αὐτοῦ
2613 5805 2985 5874 πανευφήμων
3027 5805 3366 5876 γραμμάτων
3390 5804 3698 5878 παραγινό-
