4154 6322
357 351 463 418 873

1341 338 1739 408 EXPOSITIO
1775 345 2184 410 ORATIONIS
2226 343 2632 410 DOMINICAI.

3491 351 3596 414 87$

359 483 520 538 μενον
549 481 564 496 °
616 462 708 517 τὸν
749 463 837 516 ἀεὶ
883 463 981 532 μὲν
1023 460 1288 533 παρόντα,
1315 465 1409 514 καὶ
1431 465 1651 515 ἀπεῖναι
1672 461 1752 532 τῷ
1775 461 1934 515 πνεύ·

2045 463 2130 533 qui
2157 476 2375 532 semper
2400 461 2624 531 quidem
2656 472 2902 529 praesens
2924 463 3018 523 sit,
3051 473 3154 515 nec
3186 474 3418 528 usquam
3452 476 3608 531 pron-

359 576 487 630 ματι
525 555 803 617 παντελῶς
835 555 894 608 οὐ
920 553 1215 624 δυνάμενον
1240 568 1274 632 ἰ
1310 552 1459 623 ὅμως
1513 553 1570 606 δὲ
1611 553 1682 607 δι’
1727 553 1928 624 ἀρετῆς

358 645 678 719 περιουσίαν
705 633 1054 714 θεομιμὴτως
1091 641 1441 711 συγγίνεσθαι
1465 643 1580 704 τοῖς
1612 640 1776 695 αὐτοῦ
1805 641 1929 694 δού-

357 742 492 806 λοις,
530 739 623 792 καί⁸
653 738 720 790 δι’
750 733 818 810 ἧς
844 739 871 790 6
900 735 1031 800 Θεὸς
1056 735 1252 790 δέδωκε
1291 737 1359 806 τῇ
1387 733 1544 805 φύσει
1583 734 1927 804 προφάσεως,

359 835 459 888 οὑκ
489 829 947 899 άπαναινόμενον.
975 826 1068 880 Διὸ
1095 826 1378 897 θαυμάσας
1409 825 1575 879 αὐτοῦ
1601 825 1662 878 τὸ
1702 824 1930 894 μέγεθος

359 925 455 994 τῆς
511 918 993 990 συγκαταϐάσεως,
1037 916 1188 987 πόθῳ
1219 917 1526 986 σύγκρατον
1557 917 1647 970 τὸν
1675 916 1810 985 πρὸς
1836 917 1931 970 αὐ-

358 1016 448 1068 τὸν
511 1013 675 1082 φόϐον
730 1010 1078 1080 ἐποιησάμην
1112 1023 1125 1036 ·
1178 1008 1272 1060 καὶ
1319 1009 1448 1077 μίαν
1494 1007 1554 1072 ἐξ
1583 1007 1928 1077 ἀμφοτέρων,

361 1105 525 1176 φόϐου
548 1121 605 1158 τε
638 1104 733 1157 καὶ
758 1101 946 1168 πόθου,
976 1102 1194 1171 ἀγάπην
1223 1099 1619 1169 ἐνεστησάμην,
1658 1099 1725 1152 δι’
1749 1098 1932 1162 αἰδοῦς

361 1199 456 1252 καὶ
501 1197 711 1260 εὐνοίας
749 1193 1146 1264 συνισταμένην
1177 1210 1190 1224 ·
1241 1193 1332 1246 ἵνα
1364 1193 1502 1262 μήτε
1534 1192 1687 1261 μῖσος
1713 1192 1742 1244 6
1767 1190 1930 1259 φόϐος

361 1293 576 1362 γίνηται
624 1288 717 1343 τοῦ
742 1288 905 1341 πόθου
935 1285 1329 1356 γυμνούμενος,
1358 1286 1498 1356 μήτε
1533 1283 1934 1355 καταφρόνησις

361 1384 388 1435 6
436 1379 621 1444 πόθος,
649 1379 741 1431 τὸν
773 1376 1026 1446 σώφρονα
1051 1375 1216 1446 φόϐον
1247 1374 1591 1444 συνημμένον
1622 1375 1721 1428 οὐκ
1747 1374 1884 1444 ἔχων
1915 1389 1930 1405 ⁶

362 1471 499 1525 ἀλλὰ
532 1469 693 1540 νόμος
741 1470 776 1538 ἡ
838 1466 1026 1536 ἀγάπη
1073 1466 1419 1536 τυγχάνουσα
1469 1465 1653 1536 δειχθῇ
1701 1465 1935 1536 στοργῆς

365 1561 686 1624 ἐνδιάθετος,
740 1559 887 1614 ἅπαν
933 1559 995 1611 τὸ
1047 1557 1190 1612 κατά
1221 1557 1382 1626 φύσιν
1416 1557 1678 1626 συγγενὲς
1702 1554 1933 1609 οἰκειούο

365 1669 525 1724 μενος
560 1667 572 1678 ’
612 1651 680 1703 δι’
713 1649 926 1712 εὐνοίας
968 1649 1086 1719 μὲν,
1132 1647 1193 1700 τὸ
1229 1649 1385 1718 μίσος
1436 1646 1821 1718 χειρούμενοςο
1865 1644 1934 1698 δι’

374 1742 557 1805 αἰδοῦς
588 1740 666 1803 δὲ,
709 1741 896 1812 πόῤῥω
924 1737 1243 1809 ποιούμενος
1278 1737 1375 1808 τὴν
1399 1737 1804 1808 καταφρόνησιν
1827 1753 1842 1767 °
1876 1736 1936 1790 ὃν

2038 569 2134 608 sus
2164 553 2360 622 spiritu
2390 553 2582 607 abesse
2611 551 2817 621 possit;
2841 566 2944 607 nec
2963 551 3183 607 virtutis
3216 561 3397 607 tamen
3432 553 3604 608 abun-

2036 641 2245 705 dantia,
2289 648 2399 702 Deo
2423 657 2563 709 pene
2575 639 2732 694 aﬁini
2753 641 2968 695 ratione
2993 639 3320 710 dedignetur
3347 656 3472 696 cum
3499 657 3610 696 ser-

2029 732 2121 786 ‘vis
2145 732 2260 786 suis
2288 733 2404 802 ipse
2433 730 2714 802 congredi,
2757 746 2815 786 ac
2843 745 2952 801 qua
2976 730 3122 786 Deus
3173 738 3388 785 natura:
3454 745 3611 786 occa-

2038 821 2193 878 sione
2223 823 2514 877 concessit.
2535 822 2904 888 Quamobrem
2931 822 3052 892 ejus
3073 837 3130 877 se
3153 820 3226 878 ita
3253 823 3389 878 mihi
3412 823 3610 878 demit-

2037 914 2203 968 tentis
2229 928 2294 968 ac
2326 913 2642 968 inclinantis
2665 913 2964 968 admiratus
2983 913 3151 968 animi
3182 914 3611 985 magnitudinem

2037 1015 2146 1076 quo
2161 1005 2337 1075 ipsum
2365 1019 2689 1076 prosequor,
2710 1005 2964 1061 timorem
2989 1005 3264 1061 desiderio
3289 1009 3610 1077 temperavi;

2036 1109 2314 1166 unamque
2337 1112 2406 1152 ex
2431 1097 2700 1152 ambobus
2728 1096 2947 1168 (timore
2968 1098 3268 1153 scilicetac
3293 1098 3611 1169 desiderio)

2037 1189 2412 1252 dilectionem,
2440 1189 2758 1244 reverentia:
2778 1203 2843 1244 ac
2890 1189 3290 1246 benevolentiae
3323 1189 3614 1246 aﬂectibus

2037 1287 2406 1342 constantem,
2431 1277 2681 1345 institui;
2713 1290 2904 1350 utnec
2934 1281 3097 1335 timor
3127 1280 3403 1336 “desiderio
3447 1281 3612 1337 desti~

2040 1377 2193 1424 tutus
2221 1369 2278 1423 in
2322 1367 2511 1423 odium
2543 1368 2859 1439 degeneret,
2888 1381 3070 1440 neque
3100 1371 3343 1427 vicissim
3393 1372 3612 1427 deside-

2039 1455 2276 1514 rium'in
2297 1468 2671 1529 contemptum
2693 1461 2871 1525 cedat,
2929 1463 3076 1531 quod
3122 1477 3233 1516 una
3284 1465 3612 1534 coniunctus

2039 1551 2259 1608 sobrius
2287 1566 2353 1609 ac
2379 1561 2562 1608 castus
2595 1553 2758 1607 timor
2783 1551 2960 1622 ipsum
2991 1553 3243 1620 deﬁciat:
3281 1555 3376 1608 sed
3395 1555 3612 1610 dilectio

2033 1645 2248 1701 amor-is
2272 1645 2358 1700 lcx
2375 1645 2619 1715 penitius
2647 1644 2834 1699 animo
2854 1644 3034 1699 indita
3058 1645 3612 1717 appareat,quidquid

2042 1746 2237 1789 natura
2269 1742 2560 1805 cognatum
2594 1738 2680 1788 est
2709 1734 3012 1790 concilians
3038 1734 3256 1804 sibique
3282 1735 3570 1792 vindicans
3596 1753 3612 1803 ;

368 1836 434 1906 δὴ
469 1803 702 1906 μάλιστα
725 1803 965 1896 πάντων,
1011 1803 1153 1901 φημὶ
1199 1829 1256 1883 δὲ
1288 1803 1380 1883 τδν
1423 1803 1607 1898 φόϐον,
1652 1803 1751 1900 της
1785 1829 1936 1892 θείας

2045 1841 2102 1880 ac
2134 1840 2276 1896 quae,
2309 1825 2690 1880 benevolentia
2715 1824 2958 1894 quidem,
2983 1825 3171 1879 odium
3187 1826 3405 1896 subigat
3424 1869 3439 1893 ,
3465 1843 3614 1881 reve-

364 1927 588 1997 ἁγάπης
632 1923 950 1978 συστατικδν
989 1923 1243 1992 ἐπιγνοὺς
1271 1921 1437 1975 Δαϐὶδ
1455 1923 1491 1998 ⁴ό
1519 1922 1806 1992 μακάριος,
1833 1937 1938 1990 φη-

367 2019 472 2070 σίν·
517 2017 579 2068 '0
597 2015 781 2084 φόϐος
820 2012 1036 2081 Kvplov
1073 2011 1278 2080 ἁγνὸς,
1310 2008 1604 2078 διαμένων
1638 2010 1726 2076 είς
1754 2009 1940 2063 ultima

363 2107 586 2174 αἰῶνος
613 2123 626 2136 ·
677 2105 762 2158 ἕτε
775 2121 865 2176 ρον
908 2103 1109 2174 δηλαδὴ
1141 2101 1328 2155 τοῦτον
1361 2100 1534 2164 εἰδὼς,
1561 2101 1710 2171 παρὰ
1738 2099 1833 2153 τὸν
1852 2099 1938 2152 ἐπ’

366 2198 672 2267 ἐγκλήμασι
694 2195 805 2248 δέει
834 2194 1103 2264 τιμωρίας
1129 2191 1516 2261 συνιστάμενον
1543 2189 1708 2261 φόϐον
1731 2207 1744 2220 ·
1779 2186 1939 2261 εἰπερ

362 2291 394 2341 ό
423 2289 520 2358 μὲν
555 2286 659 2351 ἔξω
687 2286 916 2354 γίνεται,
945 2286 1016 2355 τῇ
1071 2283 1344 2356 παρουσίᾳ
1386 2283 1484 2354 τῆς
1507 2282 1725 2352 άγάπης
1746 2297 1944 2334 παντε-

366 2379 473 2442 λῶς
506 2377 914 2447 ἀφανιζόμενος,
937 2373 1012 2440 ῶς
1035 2393 1137 2428 που
1164 2375 1275 2437 τοῖς
1301 2374 1494 2427 ἑαυτοῦ
1523 2374 1700 2441 λόγοις
1726 2375 1754 2426 ό
1771 2370 1942 2443 μέγας

370 2468 758 2539 εὐαγγελιστὴς
785 2467 1035 2536 Ἰωάννης
1054 2467 1350 2534 δείκνυται,
1367 2469 1608 2535 φάσκων·
1637 2466 1706 2519 Ἠ
1743 2462 1944 2533 ἀγάπη

367 2561 485 2626 ἔξω
507 2559 730 2626 ,βάλλει
750 2557 856 2613 τόν
882 2559 1072 2629 φόϐον
1095 2576 1108 2588 ·
1141 2561 1169 2612 6
1190 2557 1271 2623 δὲ,
1299 2559 1390 2611 τὸν
1419 2557 1515 2627 τῆς
1536 2555 1769 2627 ἀληθοῦς
1790 2571 1946 2626 στορ-

369 2653 472 2721 γῆς
499 2651 745 2722 φυσικῶς
787 2650 1192 2722 χαρακτηρίζει
1233 2649 1392 2720 νόμον
1419 2665 1432 2679 ·
1471 2647 1610 2701 αἰδοῖ
1668 2644 1946 2716 συντηρῶν

371 2743 452 2804 εἰς
511 2742 682 2796 αἰῶνα
720 2744 833 2804 τοίς
879 2741 1072 2810 ἁγίοις,
1120 2745 1258 2813 πρός
1281 2755 1339 2793 τε
1369 2739 1500 2793 Θεὸν
1532 2738 1626 2792 καί
1656 2737 1939 2808 ἀλλήλους,

370 2833 464 2885 τὸν
499 2832 600 2902 τῆς
631 2832 851 2904 ἀγάπης
900 2832 1099 2904 θεσμόν
1153 2848 1212 2886 τε
1266 2832 1361 2884 καὶ
1411 2831 1608 2903 τρόπον
1661 2827 1940 2891 παντελῶς

373 2926 714 2998 ἀδιάφθορον.

2039 1915 2220 1970 rentia
2265 1923 2451 1970 autem
2484 1954 2500 1978 ,
2555 1923 2931 1984 contemptum
3003 1916 3196 1985 procul
3273 1917 3612 1972 submoveat.

2037 2001 2195 2061 Hunc
2216 2006 2435 2077 (nempe
2467 2006 2740 2074 timorem)
2768 2021 2892 2060 cum
2940 2006 3138 2061 beatus
3158 2006 3326 2062 David
3349 2009 3615 2078 ejusmodi

2041 2107 2248 2161 nosset,
2286 2108 2478 2168 utpraz
2505 2097 2764 2152 omnibus
2812 2098 3046 2152 maxime
3085 2098 3286 2153 divime
3337 2098 3616 2154 dilectioni

2041 2195 2412 2258 comparatus,
2439 2187 2589 2242 illius
2608 2188 2760 2242 velut
2793 2188 3197 2243 constituenda:
3218 2204 3284 2244 ac
3318 2188 3620 2260 insignien-
3727 2182 3730 2184 ’

2043 2279 2126 2334 da:
2160 2281 2212 2334 vi
2238 2279 2501 2349 przeditus
2539 2281 2631 2345 sit,
2664 2279 2740 2334 ita
2767 2279 2927 2334 inﬁt:
2966 2280 3147 2334 Timor
3174 2279 3390 2336 Domini
3409 2290 3616 2346 castus,

2044 2397 2360 2451 permanens
2395 2383 2452 2435 in
2478 2379 2736 2436 swculum
2761 2379 2943 2436 saeculi
2966 2381 2982 2412 ¹
3010 2397 3027 2447 ;
3092 2381 3187 2452 qui
3233 2398 3431 2453 nempe
3473 2383 3620 2439 hunc

2037 2467 2214 2521 ‘alium
2234 2467 2486 2524 timorem
2508 2485 2618 2524 non
2649 2469 2946 2540 ignoraret,
2973 2470 3066 2539 qui
3085 2479 3231 2527 metu
3249 2487 3444 2542 pinnas,
3463 2473 3533 2528 ob
3553 2489 3617 2528 ea

2047 2571 2169 2628 qua:
2198 2557 2323 2626 quis
2369 2557 2509 2612 mala
2537 2558 2793 2628 patravit,
2831 2559 3142 2613 concrescit
3176 2577 3190 2612 :
3232 2561 3437 2629 quippe
3491 2575 3617 2615 cum

2046 2649 2141 2704 ille
2175 2649 2486 2704 dilectionis
2517 2649 2754 2704 adventu
2804 2653 3030 2719 penitus
3057 2664 3414 2717 evanescens,
3453 2666 3616 2707 exce-

2047 2740 2164 2802 dat,
2189 2741 2267 2795 uti
2300 2741 2538 2811 quodam
2566 2742 2688 2796 loco
2729 2755 2958 2811 magnus
3001 2741 3243 2797 Joannes
3286 2744 3619 2814 evangelista

2040 2830 2268 2900 scriptis
2289 2831 2405 2886 suis
2449 2830 2712 2898 ostendit,
2765 2833 2843 2886 ita
2874 2831 3109 2901 loquens
3140 2849 3154 2884 :
3184 2830 3430 2888 Charitas
3475 2835 3618 2904 forat

2036 2921 2201 2976 mittit
2231 2924 2468 2977 timorem
2487 2923 2508 2954 ⁸
2532 2939 2547 2989 ;
2574 2923 2666 2978 hic
2689 2932 2894 2989 autem,
2917 2924 3032 2979 veri
3061 2932 3256 2978 natura
3300 2927 3508 2980 amoris
3535 2926 3614 2979 le.

373 3037 496 3092 gem
522 3021 782 3092 peculiari
811 3019 962 3076 velut
983 3030 1113 3076 nota
1140 3019 1426 3091 insigniat;
1451 3014 1713 3090 345ηυί
1735 3029 1931 3086 nempe
1947 3017 2185 3073 modesti
2220 3016 2389 3072 animi
2428 3017 2736 3071 reverentia
2766 3017 3141 3088 incorruptam
3179 3020 3406 3075 omnino
3445 3021 3619 3093 legem

374 3117 706 3188 modumque
731 3115 1064 3182 dilectionis,
1091 3130 1199 3186 qua
1230 3122 1346 3170 tum
1383 3115 1518 3179 Deo,
1550 3122 1668 3167 tum
1703 3113 1798 3168 alii
1821 3109 1948 3168 aliis
1982 3114 2160 3170 sancti
2186 3114 2432 3185 proclive
2464 3121 2712 3199 utuntur,
2739 3112 2792 3167 in
2828 3126 3004 3169 aaVum
3032 3116 3327 3170 custodiat.

443 3209 601 3279 Πόθῳ
650 3207 800 3278 γοῦν,
855 3208 930 3272 ὡς
989 3207 1147 3280 ἔφην,
1188 3207 1345 3275 κάγὼ
1377 3207 1616 3278 κεράσας
1642 3205 1734 3260 τὸν
1762 3206 1940 3276 φόϐον¹

2123 3205 2243 3277 Ipse
2281 3220 2502 3276 quoque
2549 3205 2736 3276 igitur,
2768 3204 2849 3259 uti
2874 3204 3144 3270 dicebam,
3179 3206 3432 3261 timorem
3473 3207 3621 3264 desi-

375 3295 509 3368 πρὸς
537 3297 626 3348 τὸν
660 3297 790 3367 ἐμὸν
822 3296 1115 3362 Δεσπότην,
1174 3293 1362 3350 τοῦτον
1406 3293 1506 3363 τῆς
1555 3292 1774 3366 ἀγάπης
1819 3312 1942 3349 συν-

373 3388 687 3462 εττησάμην
716 3387 807 3443 τὸν
844 3391 1006 3460 νόμον
1033 3390 1195 3460 μέχρι
1232 3391 1331 3458 τῆς
1363 3388 1602 3459 σήμερον
1628 3403 1644 3418 ·
1680 3387 1820 3440 αίδοϊ
1846 3387 1944 3458 μὲν

375 3477 467 3535 τοῦ
516 3485 749 3554 γράφειν
794 3480 1129 3550 εἰργόμενος,
1169 3478 1256 3532 ἵνα
1304 3478 1378 3549 μὴ
1419 3476 1560 3550 λάϐῃ
1582 3475 1946 3550 χὼρανὴκα-

376 3575 704 3643 ταφρόνησις
735 3587 750 3603 ο
779 3571 968 3642 εὐνοίᾳ
992 3570 1048 3624 δὲ
1081 3570 1216 3640 πρὸς
1240 3570 1300 3622 τὸ
1329 3569 1560 3641 γράφειν
1613 3567 1943 3639 ὠθούμενος,

379 3664 464 3717 ἵνα
480 3663 554 3735 μὴ
569 3662 796 3734 νομισθῇ
821 3665 972 3732 μῖσος
989 3663 1021 3732 ἡ
1039 3660 1217 3716 τελεία
1232 3658 1326 3715 τοῦ
1344 3662 1576 3732 γράφειν
1593 3661 1942 3732 παραίτησις.

378 3755 578 3826 Γράφω
612 3754 690 3818 δὲ,
718 3752 876 3806 τοῦτο
914 3755 1187 3823 πράττειν
1209 3752 1581 3823 κελευόμενος,
1610 3754 1707 3823 οὐχ
1730 3753 1829 3805 δσα
1862 3749 1947 3804 λο-

377 3848 598 3917 γίζομαι
625 3861 641 3878 ο
689 3844 973 3914 Λογισμοί
1023 3843 1132 3912 γὰρ
1175 3843 1498 3911 ἀνθρώπων
1543 3840 1750 3905 δειλοί,
1805 3839 1947 3893 κατὰ

379 3941 476 4012 τὴν
526 3940 785 4010 Γραφὴν·
837 3937 950 3990 ἀλλ’
1000 3938 1101 3990 ὅσα
1153 3935 1402 4006 βούλεται
1439 3933 1592 4000 Θεὸς,
1640 3934 1735 3986 καὶ
1765 3933 1946 4002 χάριτι

381 4032 518 4102 πρὸς
545 4030 641 4101 τὴν
665 4027 756 4082 τοῦ
797 4029 1166 4099 συμφέροντος
1216 4027 1428 4095 γένεσιν
1477 4023 1810 4078 ἐπιδίδωσιν.
1878 4022 1950 4076 Ἦ

379 4120 488 4188 γάρ
521 4115 724 4184 βουλὴ
767 4115 874 4170 τοῦ
914 4115 1134 4184 Κυρίου
1175 4114 1272 4185 (Ι),
1331 4112 1496 4182 φησὶν
1541 4113 1570 4164 6
1624 4109 1808 4175 Δαϐἰδ,
1861 4109 1950 4173 εις

380 4210 488 4263 τὸν
512 4207 697 4262 αἰῶνα
717 4207 883 4276 μένει
915 4223 930 4238 η
991 4205 1261 4274 λογισμοὶ
1314 4202 1424 4272 τῆς
1469 4200 1706 4271 καρδίαι,
1763 4199 1950 4254 αὑτοῦ

380 4305 468 4368 εἰς
499 4300 717 4371 γενεὰν
745 4299 844 4353 καὶ
896 4296 1097 4368 γενεάν
1186 4296 1379 4367 βουλὴν
1421 4295 1518 4366 μὲν
1565 4293 1726 4364 τυχὸν
1772 4292 1950 4363 φήσας

382 4394 474 4448 τοῦ
507 4390 642 4446 Θεοῦ
682 4391 780 4444 καὶ
808 4390 1042 4461 Πιτρὸς,
1073 4404 1170 4459 την
1191 4389 1281 4442 ὲπί
1312 4384 1504 4441 θεώσει
1535 4385 1637 4456 τῆς
1673 4385 1952 4455 ἡμετέρας

383 4486 596 4555 φύσεως
627 4483 935 4554 ἀπόρρητον
985 4481 1215 4536 κένωσιν
1277 4477 1373 4531 τοῦ
1426 4475 1748 4548 μονογενοῦς
1795 4473 1948 4541 Υἰοῦ,

2049 3299 2204 3357 derio
2256 3309 2591 3370 temperans,
2641 3296 2782 3352 hanc
2837 3296 3100 3352 hactenus
3148 3311 3276 3366 erga
3328 3295 3621 3353 Dominum

2050 3406 2233 3445 meum
2269 3388 2481 3444 institui
2505 3385 2822 3444 dilectionis
2847 3385 3119 3458 regulam;
3165 3401 3328 3458 quem
3361 3401 3622 3445 reveren-

2045 3481 2124 3534 tia
2155 3479 2377 3550 quidem
2426 3478 2495 3533 ab
2530 3478 2826 3534 scribendo
2855 3478 3154 3540 deterteat.
3177 3493 3245 3532 ne
3275 3478 3457 3533 forsan
3491 3494 3624 3533 con-

2052 3579 2290 3641 temptus
2325 3570 2551 3636 subeat;
2596 3569 2981 3624 benevolentia
3029 3581 3212 3623 autem
3265 3569 3332 3624 ad
3375 3570 3624 3624 scriben-

2052 3660 2183 3715 dum
2236 3660 2501 3730 impellat,
2559 3674 2628 3713 ne
2696 3659 2936 3719 omnino.
2973 3659 3253 3714 scribendi
3313 3659 3628 3715 detrectans

2051 3759 2238 3821 partes
2268 3752 2451 3807 odisse
2490 3751 2702 3806 videar.
2740 3751 2936 3806 Scribe
2968 3760 3173 3816 autem,
3205 3753 3300 3822 qui
3333 3754 3414 3808 sic
3441 3754 3629 3824 jussus

2050 3842 2177 3908 sim,
2203 3859 2312 3897 non
2341 3859 2462 3913 quae
2497 3842 2759 3912 cogitanti
2790 3852 3124 3897 succurrunt
3151 3843 3371 3909 omnia;
3407 3860 3532 3898 nam
3569 3853 3631 3899 ut

2053 3933 2296 4003 loquitur
2321 3933 2602 4010 Scriptura
2631 3950 2644 3986 :
2681 3931 3032 4004 Cogitationes
3066 3934 3336 3988 hominum
3361 3936 3627 4000 timidaz’;

2053 4025 2149 4080 sed
2184 4040 2531 4096 quaecunque
2560 4041 2628 4080 ex
2664 4025 2764 4080 Dei
2793 4034 2922 4080 sunt
2951 4025 3253 4091 voluntate,
3289 4042 3354 4082 ac
3385 4042 3508 4096 qua:
3539 4027 3631 4081 ille

2053 4122 2243 4196 gratias
2280 4137 2528 4188 munere,
2556 4131 2618 4177 ut
2659 4122 3010 4177 commodum
3061 4122 3266 4192 aliquid
3318 4125 3628 4193 proveniat,

2054 4214 2251 4269 tribuit
2287 4222 2450 4283 atque
2483 4213 2802 4284 suppeditat
2830 4231 2844 4266 :
2880 4211 3171 4268 Consilium
3219 4214 3366 4268 enim
3395 4211 3630 4278 Domini,

2056 4307 2235 4377 inquit
2262 4305 2454 4372 David,
2477 4308 2532 4360 in
2555 4316 2812 4360 wternum
2841 4315 3053 4371 manet;
3095 4306 3432 4376 cogitationes
3463 4308 3632 4362 cordis

2057 4397 2169 4468 ejus
2211 4398 2267 4451 in
2306 4397 2698 4467 generationem
2749 4403 2798 4449 et
2845 4393 3310 4466 generationem‘;
3336 4397 3631 4452 consilium

2057 4487 2199 4542 forte
2240 4487 2524 4556 appellans
2555 4486 2652 4541 Dei
2679 4501 2743 4541 ac
2771 4485 2972 4551 Patris,
2998 4503 3163 4558 quam
3197 4488 3512 4558 unigenitus
3547 4489 3635 4544 Fi-

384 4578 506 4631 καθ’
536 4579 601 4648 ἣν
629 4575 740 4646 ἔχει
774 4575 991 4628 πάντων
1020 4571 1127 4627 τῶν
1161 4571 1372 4626 αἰώνων
1397 4571 1458 4625 τὸ
1482 4570 1655 4640 πέρας
1682 4584 1940 4639 περιγρα-

2053 4579 2161 4632 lius
2191 4579 2359 4633 nullis
2401 4577 2588 4633 verbis
2618 4578 3000 4649 explicabilem
3048 4579 3312 4650 suscepit,
3343 4578 3412 4634 ad
3461 4595 3634 4650 genus

387 4670 615 4739 φόμενον
645 4683 659 4699 ·
698 4665 992 4736 λογισμοὺς
1022 4664 1076 4717 δὲ
1105 4663 1206 4734 τῆς
1239 4661 1461 4734 καρδίας
1493 4659 1678 4720 αὐτοῦ,
1707 4659 1833 4722 τοὺς
1855 4661 1940 4729 τῆς

2058 4669 2360 4724 humanum
2409 4669 2613 4726 deitate
2657 4669 2997 4736 donandum,
3022 4671 3486 4738 exinanitionem;
3527 4688 3634 4741 qua

385 4758 642 4830 προνοίας
681 4756 777 4810 καὶ
823 4759 924 4827 τῆς
955 4755 1187 4826 κρίσεως
1211 4752 1402 4820 λόγους
1421 4767 1436 4783 ο
1485 4750 1607 4804 καθ’
1636 4749 1732 4814 οὓς
1767 4751 1869 4820 τήν
1894 4765 1940 4802 τε

2052 4758 2309 4816 videlicet
2357 4762 2604 4816 omnium
2653 4761 2815 4816 tinem
2893 4763 3221 4818 saeculorum
3292 4757 3638 4820 circumscri-

387 4849 670 4920 παροῦσαν
718 4847 874 4918 ἡμῶν
919 4845 1063 4917 ζωὴν
1119 4845 1214 4899 καὶ
1265 4843 1363 4914 τὴν
1412 4843 1726 4914 μέλλουσαν,
1766 4841 1940 4913 ὥσπερ

2055 4857 2213 4920 ptum
2242 4851 2410 4906 habet
2448 4868 2461 4905 :
2493 4851 2858 4921 cogitationes
2887 4867 3020 4907 vero
3058 4851 3243 4908 cordis
3275 4854 3416 4924 ejus,
3454 4855 3640 4922 provi-

386 4941 538 5002 τινάς
570 4938 758 5006 γενεὰς
790 4937 1075 5008 διαφόρους
1111 4933 1289 5003 σοφῶς
1306 4934 1561 5002 διεξάγει,
1607 4931 1940 5002 καταλλήλως

2057 4939 2259 4997 dentize
2282 4956 2348 4996 ac
2387 4942 2582 5012 judicii
2619 4943 2859 4998 rationes
2888 4943 3108 5012 quibus,
3129 4950 3248 4996 tum
3291 4949 3637 5012 praiscntem,

389 5032 594 5102 ἑκάστῃ
612 5029 703 5082 τὸν
735 5027 1010 5098 πρέποντα
1054 5026 1252 5097 τρόπον
1299 5025 1399 5095 τῆς
1444 5024 1726 5095 ἐνεργείας
1777 5038 1922 5093 προσ

389 5127 586 5196 νέμων.
1436 5130 1443 5137 “

2061 5041 2223 5100 quam
2272 5031 2484 5100 agimus
2525 5032 2716 5097 vitam,
2763 5043 2878 5087 tum
2928 5033 3190 5097 futuram,
3245 5047 3346 5086 ceu
3395 5031 3640 5085 diversas

2062 5119 2328 5188 quasdam
2358 5121 2740 5190 generationes
2783 5123 3063 5192 sapienter
3097 5121 3336 5175 traducit
3363 5120 3641 5190 transigit-

385 5231 517 5285 que,
549 5229 786 5285 congrua
817 5212 1266 5283 cuique-ratione
1310 5208 1731 5266 convenientem
1783 5209 2121 5278 operationis
2182 5210 2406 5264 modum
2466 5211 2718 5267 dividens
2773 5227 2836 5266 ac
2874 5211 3216 5282 impartiens.

464 5404 524 5458 Εἰ
555 5405 611 5457 δὲ
637 5404 786 5467 θείας
810 5402 1042 5474 ὑπάρχει
1074 5401 1267 5472 βουλῆς
1297 5400 1457 5472 ἔργον
1509 5400 1543 5470 ἡ
1564 5398 1664 5468 τῆς
1689 5397 1960 5470 ἡμετέρας

391 5497 605 5564 φύσεως
634 5496 827 5558 θέωσις
848 5513 860 5526 ·
885 5493 978 5548 καὶ
1000 5493 1106 5546 τῶν
1129 5490 1286 5547 θείων
1305 5493 1579 5564 λογισμῶν
1599 5493 1714 5545 ἐστι
1739 5489 1960 5553 σκοπὸς,

391 5592 424 5660 ἡ
480 5590 616 5659 πρὸς
660 5587 721 5640 τὸ
776 5587 946 5656 πέρας
1005 5587 1304 5658 διεξαγωγὴ
1352 5587 1462 5640 τῶν
1491 5585 1834 5657 ζητουμένων
1861 5581 1963 5652 τῆς

466 5770 480 5799 ⁸
513 5769 656 5824 I’sal.
688 5785 835 5833 xvut,
870 5770 952 5822 10.

631 5859 904 5921 Ρλιτιιοιι.
940 5861 1054 5921 Gn.
1107 5859 1203 5920 XC

2135 5397 2290 5463 Quod
2325 5397 2370 5452 si
2413 5397 2584 5452 divini
2625 5396 2837 5452 consilii
2870 5411 3009 5465 opus
3051 5404 3136 5449 est
3172 5393 3396 5448 humani
3427 5392 3643 5463 generis

2067 5489 2380 5553 deiﬁeatio,
2444 5503 2620 5558 eoque
2663 5489 2960 5543 collineant
3013 5486 3211 5542 divina:
3263 5484 3643 5556 cogitationes.

2070 5591 2132 5634 ut
2162 5579 2270 5634 vita
2297 5587 2479 5634 nostra
2516 5579 2572 5633 in
2613 5593 2802 5633 eorum
2832 5593 2954 5647 quae
2987 5575 3237 5630 oratione
3268 5583 3553 5643 petuntur,
3581 5571 3642 5626 tl—

1031 5770 1048 5797 ’
1076 5769 1234 5824 Joan.
1267 5783 1340 5833 tv,
1381 5768 1464 5821 i8.
1547 5769 1565 5798 ³
1595 5767 1721 5835 Sup.
1756 5780 1826 5829 ιχ,
1869 5762 1949 5817 Ι-ῑ.
2024 5761 2045 5791 ⁸
2077 5761 2216 5815 Psal.
2253 5775 2413 5826 χχχιι,
2450 5760 2536 5812 Η.

3249 5842 3326 5904 28
