4126 6316
564 212 677 274 875

1732 208 1796 267 8.
1838 204 2125 266 ΜΑΧΙΜΙ
2163 203 2677 265 CONFESSORIS

3726 194 3870 259 8‘26

561 339 686 380 nem
714 321 1019 395 dirigatur,
1072 321 1256 392 utique
1293 320 1650 376 utilissimum
1688 326 1773 373 est
1799 326 1856 372 et
1888 331 2053 371 nosse
2081 323 2140 369 et

2250 316 2515 386 ἡμετέρας
2542 312 2686 384 ζωῆς
2707 330 2720 344 ⁸
2750 314 2857 383 ἄρα
2888 314 3157 385 συμφέρει
3186 311 3284 382 τῆς
3304 310 3398 363 τοῦ
3426 308 3635 381 Κυρίου
3656 324 3872 395 προσ-

559 416 786 487 exsequi
823 413 1090 470 orationis
1112 413 1412 468 Dominicas
1435 412 1566 477 vim,
1591 426 1654 467 ac
1683 410 1763 465 sic
1788 409 1996 479 scripto
2020 422 2139 462 eam

559 509 908 579 eonsignare.
945 506 1213 573 Quoniam
1247 522 1383 562 vero
1430 506 1595 560 etiam
1631 504 1751 575 ejus
1794 501 2141 572 potissimum

560 600 830 655 orationis
863 604 932 654 ad
961 614 1049 654 me
1080 615 1303 655 servum
1331 613 1492 654 suum
1526 597 1794 651 Dominus
1823 608 1980 648 meus
2008 591 2143 647 scri-

561 687 719 752 bens,
737 685 927 740 divino
955 685 1222 742 instinctu
1250 684 1647 748 commeminit,
1672 697 1836 753 quam
1861 689 1919 736 et
1948 693 2142 735 eorum

560 792 683 846 quae
715 776 852 829 mihi
884 775 1120 831 dicenda
1144 785 1274 852 sunt
1300 774 1617 831 necessario
1642 778 2026 843 argumentum
2053 785 2142 824 as-

559 882 754 934 sumo;
807 867 987 937 ipsum
1022 868 1290 923 orationis
1322 866 1489 937 hujus
1519 875 1914 936 praeceptorem
1952 859 2142 916 Domi-

558 976 691 1015 num
722 959 978 1024 obsecro,
1004 968 1068 1015 nt
1094 970 1336 1016 mentem
1370 958 1507 1013 mihi
1554 957 1787 1026 aperiat.
1818 954 1887 1009 ad
1934 951 2143 1006 intelli-

560 1050 738 1121 genda
762 1050 1023 1122 mysteria
1075 1066 1199 1121 quae
1234 1050 1291 1105 in
1322 1051 1415 1105 illa
1438 1049 1793 1105 continentur
1812 1088 1828 1113 ,
1869 1060 1935 1100 ac
1966 1060 2147 1115 quan--

561 1149 679 1196 tum
723 1156 951 1197 necesse
985 1141 1058 1197 sit
1088 1157 1399 1197 sermonem
1445 1139 1767 1211 elargiatur,
1799 1146 1861 1192 ut
1896 1151 2019 1206 qua:
2066 1135 2150 1189 in-

563 1230 857 1298 tellexero,
893 1232 1041 1287 clare
1090 1232 1295 1302 possim
1344 1231 1641 1301 explicare.
1715 1226 2150 1298 Comprehendit

561 1321 709 1381 enim
752 1320 911 1376 brevi
945 1323 1235 1392 complexu
1266 1322 1332 1377 ac
1365 1319 1755 1376 informatione
1789 1318 2017 1390 mystice
2052 1332 2149 1372 oe-

562 1410 807 1478 cultum;
851 1411 938 1466 vel
991 1412 1075 1482 (ut
1109 1410 1309 1467 melius
1353 1411 1556 1479 dicam)
1609 1410 1697 1464 bis
1735 1408 1833 1480 qui
1863 1408 2148 1464 intellectu

563 1505 772 1569 valent,
808 1504 1099 1559 manifeste
1148 1502 1521 1568 enuntiatum,
1552 1516 1780 1573 scopum
1817 1514 2047 1559 .omnem
2093 1504 2152 1553 et

564 1595 751 1661 ﬁnem,
784 1596 948 1668 346
994 1595 1088 1666 qui
1118 1595 1174 1649 in
1203 1595 1292 1661 iis,
1325 1609 1449 1664 qua:
1494 1601 1625 1648 sunt
1675 1593 1843 1659 dicta,
1890 1591 2146 1647 habetur.

565 1686 829 1742 Omnium
851 1687 999 1741 enim
1027 1702 1262 1757 quorum
1287 1702 1387 1756 per
1407 1700 1630 1741 carnem
1649 1684 1744 1740 Dei
1769 1682 2008 1742 Verbum
2039 1681 2155 1737 exi—
2183 1664 2225 1720 Β

563 1778 815 1832 nanitum
862 1778 1043 1848 ipsum
1096 1787 1290 1832 auctor
1327 1777 1559 1843 exstitit,
1589 1775 1914 1848 petitionem
1956 1773 2157 1830 oratio-

564 1871 652 1925 nis
682 1879 864 1926 textus
893 1869 1302 1939 complectitur,
1328 1868 1558 1935 docens,
1582 1878 1645 1924 ut
1670 1883 1735 1923 ea
1761 1868 1906 1923 bona
1935 1867 2155 1936 assequi

562 1962 907 2028 studeamus,
961 1976 1199 2030 quorum
1247 1962 1398 2015 solus
1434 1961 1583 2016 Deus
1628 1968 1684 2015 et
1716 1960 1879 2016 Pater
1915 1974 2015 2030 per
2064 1958 2157 2014 Fi-

563 2053 703 2107 lium
760 2051 1087 2106 naturaliter
1149 2050 1485 2105 mediantem
1545 2050 1603 2105 in
1692 2050 1903 2120 Spiritu
1964 2059 2156 2106 sancto

565 2157 692 2196 vere
739 2141 969 2212 largitor
1031 2148 1153 2206 est;
1207 2141 1654 2210 quandoquidem
1699 2142 1854 2213 juxta
1904 2142 2157 2196 divinum

562 2233 908 2304 Apostolum,
961 2231 1237 2291 Dominus
1261 2233 1421 2287 Jesus
1468 2232 1565 2287 Dei
1616 2242 1674 2288 et
1703 2232 1990 2288 hominum
2037 2248 2156 2288 me-

563 2325 746 2380 diator
776 2326 933 2391 est“;
968 2323 1064 2394 qui
1094 2324 1356 2378 nimirum
1388 2320 1714 2380 intermedia
1743 2339 1909 2399 carne
1938 2325 2156 2380 Patrem

564 2414 888 2470 hominibus
919 2413 1192 2484 ignotum,
1222 2421 1414 2468 notum
1452 2413 1644 2481 faciat;
1688 2415 1949 2485 Patrique
1978 2415 2158 2471 homi-

563 2522 684 2571 nes,
713 2505 769 2560 in
806 2520 865 2560 se
907 2504 1048 2574 ipse,
1082 2520 1187 2575 per
1232 2503 1499 2575 Spiritum
1548 2507 1956 2573 reconciliatos,
1984 2485 2158 2563 addu-

564 2606 685 2663 cat;
731 2611 834 2667 pro
885 2596 1111 2665 quibus,
1161 2610 1225 2651 ac
1255 2610 1493 2665 quorum
1538 2597 1715 2668 gratia
1758 2598 1897 2653 citra
1933 2614 2154 2654 omnem

564 2690 931 2746 mutationem
964 2688 1143 2744 factus
1176 2688 1366 2755 homo,
1401 2696 1484 2743 tot
1521 2695 1930 2761 tantorumque,
1965 2699 2025 2746 ut
2056 2705 2155 2746 eo-

554 2798 688 2836 rum
732 2782 819 2837 vel
853 2780 1227 2835 multitudinis
1264 2781 1354 2835 vel
1399 2779 1797 2851 magnitudinis
1844 2782 1996 2837 nulla
2048 2798 2156 2841 un-

559 2889 726 2941 qumu
758 2874 887 2929 iniri
922 2875 1097 2943 possit
1127 2873 1292 2938 ratio,
1316 2888 1592 2928 novorum
1624 2872 2014 2942 mysteriorum
2037 2876 2155 2945 ipse

2243 405 2411 474 ευχῆς
2486 403 2689 472 γνῶναί
2744 420 2803 456 τε
2838 402 2935 456 καὶ
2991 402 3219 473 πρᾶξαι,
3271 399 3367 452 καὶ
3424 398 3572 453 οὕτω
3594 392 3868 459 δεόντως

2241 495 2467 566 γράψαι,
2520 494 2621 565 τὴν
2671 494 2923 565 δύναμιν.
2964 493 3118 546 Ἐπεὶ
3148 492 3204 545 δὲ
3239 490 3471 560 μάλιστα
3499 491 3710 560 ταύτης
3739 489 3868 543 καὶ

2241 588 2271 640 ὁ
2297 587 2428 658 ἐμὸς
2462 586 2740 657 Δεσπότης
2775 586 2910 653 πρὸς
2937 583 3041 655 ἐμὲ
3069 585 3160 637 τδν
3200 582 3366 637 αὐτοῦ
3389 581 3576 635 δοῦλον
3598 581 3867 652 γράφων

2245 679 2428 733 θεόθεν
2460 675 2703 749 κινηθεὶς
2736 676 3058 748 ἐπεμνήσθη
3087 675 3188 745 τῆς
3234 675 3566 746 προσευχῆς,
3618 672 3690 743 ἣν
3741 671 3869 725 καὶ

2242 771 2353 826 τῶν
2400 770 2551 841 ἐμῶν
2599 768 2916 837 ἀναγκαίως
2964 766 3222 820 ὑπόθεσιν
3274 764 3450 832 λόγων
3481 762 3865 832 ποιούμενος,

2245 863 2501 933 αἰτοῦμαι
2530 861 2622 914 τὸν
2654 860 2858 931 ταύτης
2886 857 3201 913 διδάσκαλον
3228 857 3328 926 τῆς
3364 855 3676 927 προσευχῆς
3714 854 3869 909 Κῦ-

2248 972 2386 1025 ριον,
2434 951 2698 1017 διανοῖξαί
2749 968 2853 1019 μου
2896 950 2987 1003 τὸν
3032 949 3157 1003 νοῦν
3188 949 3326 1021 πρὸς
3364 948 3699 1019 κατανόησιν
3722 945 3867 999 τῶν

2247 1046 2307 1098 ἐν
2337 1043 2477 1112 αὐτῇ
2526 1043 2864 1115 μυστηρίων,
2917 1042 3012 1094 καὶ
3067 1040 3250 1093 δοῦναι
3305 1037 3623 1110 σύμμετρον
3672 1037 3866 1105 λόγον

2249 1135 2383 1207 πρὸς
2410 1135 2509 1205 τὴν
2531 1133 2637 1189 τῶν
2658 1132 2966 1202 νοουμένων
2997 1133 3314 1203 σαφήνειαν.
3347 1130 3507 1184 Ὀλον
3556 1130 3664 1200 γὰρ
3721 1129 3866 1201 ἔχει

2249 1224 2392 1280 κατὰ
2437 1223 2783 1297 περιγραφὴν
2810 1223 2901 1277 τὸν
2934 1226 2990 1277 ἐν
3021 1224 3133 1285 τοῖς
3162 1222 3283 1294 είρη
3295 1221 3475 1293 μένοις
3500 1220 3706 1273 σκοπὸν
3736 1238 3868 1290 μυ-

2251 1316 2452 1381 στικῶς
2489 1316 2913 1388 κεκρυμμένον·
2971 1315 3030 1388 ἦ,
3080 1314 3209 1383 τόγε
3261 1312 3595 1384 κυριώτερον
3637 1314 3860 1379 εἰπεῖν,

2249 1414 2360 1475 τοῖς
2412 1410 2750 1482 ἐρρωμένοις
2783 1410 2875 1464 τὸν
2918 1408 3044 1462 νοῦν
3098 1407 3358 1478 ἐμφανῶς
3402 1405 3857 1476 κηρυττόμενον.

2251 1506 2479 1561 Πάντων
2526 1504 2634 1574 γὰρ
2679 1500 2754 1561 ὧν
2801 1504 2888 1557 διὰ
2931 1503 3133 1574 σαρκὸς
3160 1502 3381 1570 γέγονεν
3412 1499 3717 1571 αὐτουργὸς
3752 1515 3860 1553 xeo

2252 1600 2448 1664 νωθεὶς
2499 1602 2528 1654 ὁ
2571 1599 2663 1653 τοῦ
2694 1597 2829 1652 Θεοῦ
2860 1597 3055 1666 Λόγος,
3084 1596 3300 1665 αἴτησιν
3333 1592 3445 1663 ἔχει
3468 1593 3566 1660 τῆς
3596 1607 3856 1661 προσευο

2253 1693 2357 1764 χῆς
2388 1693 2417 1746 ὁ
2441 1692 2620 1762 λόγος,
2666 1691 2932 1746 διδάσκων
2987 1688 3210 1742 ἐκείνων
3257 1682 3674 1756 μεταποιεῖσθαι
3733 1681 3862 1734 τῶν

2253 1784 2497 1854 ἀγαθῶν,
2539 1777 2613 1837 ῶν
2653 1782 2813 1853 μόνος
2854 1783 2883 1835 ό
2911 1779 3044 1843 Θεὸς
3072 1778 3168 1832 καὶ
3196 1775 3387 1846 Πατὴρ
3417 1774 3484 1828 δι’
3518 1764 3651 1827 Υίοῦ
3683 1790 3857 1841 φυσι-

2255 1876 2368 1942 κῶς
2426 1874 2804 1946 μεσιτεύονιςος
2845 1874 2905 1927 ἐν
2944 1870 3085 1942 ἁγίῳ
3117 1869 3397 1939 Πνεύματι
3422 1866 3542 1920 κατ’
3580 1865 3852 1937 ἀλήθειάν

2253 1967 2371 2020 ἐστι
2424 1964 2659 2037 χορηγός
2682 1980 2695 1993 ·
2742 1964 2902 2035 εἴπερ
2946 1963 3174 2034 μεσίτης
3214 1958 3348 2013 Θεοῦ
3383 1960 3480 2012 καὶ
3508 1959 3857 2028 ἀνθρώπων,

2254 2054 2397 2109 κατά
2426 2053 2518 2107 τὸν
2553 2053 2697 2107 θεῖον
2739 2050 3086 2115 ’Δπόστολον,
3109 2051 3136 2102 ὁ
3168 2047 3374 2119 Κύριός
3394 2049 3544 2100 ἐστιν
3576 2047 3801 2117 Ἰησοῦς
3835 2064 3851 2076 ’

2252 2148 2366 2209 τοῖς
2430 2145 2530 2216 μὲν
2589 2143 2931 2213 ἀνθρώποις,
2987 2140 3078 2195 διὰ
3134 2140 3336 2210 σαρκὸς
3390 2138 3611 2210 ἐμφανῆ
3669 2139 3855 2193 ποιῶν

2255 2234 2615 2304 ἀγνοούμενον
2648 2234 2741 2287 τὸν
2774 2233 3039 2310 Πατέρας
3076 2231 3153 2302 τῷ
3191 2231 3249 2284 δὲ
3306 2229 3482 2301 Πειτρῒ⁵
3535 2230 3626 2284 διὰ
3668 2229 3851 2284 Ilva-:6-

2257 2344 2423 2398 ματος
2440 2326 2497 2380 ἐν
2516 2324 2693 2396 ἐαυτῷ
2710 2326 2836 2389 τοὺς
2858 2323 3179 2395 ἀνθρώπους
3190 2321 3631 2387 καταλλαγέντας
3660 2340 3851 2394 προσ-

2256 2421 2404 2486 άγων
2434 2432 2447 2446 ⁸
2484 2415 2622 2488 ὑπὲρ
2670 2408 2767 2480 ὧν,
2821 2413 2916 2468 καὶ
2953 2411 3021 2466 δι’
3062 2411 3158 2475 οῦς
3211 2411 3500 2483 ἀτρέπτως
3547 2411 3851 2480 γενόμενος

2255 2511 2561 2581 ἅνθρωπος,
2616 2508 2827 2561 πολλῶν
2860 2508 2984 2581 ὅσον
3015 2505 3228 2559 οὐδέπω
3261 2504 3444 2576 μέτρῳ
3498 2502 3849 2574 περιλαϐεῖν,

2254 2604 2315 2657 τό
2364 2620 2423 2657 τε
2487 2599 2691 2671 πλῆθος
2741 2600 2837 2653 καὶ
2866 2596 3094 2670 μέγεθος
3115 2595 3402 2667 δεδύνηται
3425 2595 3604 2664 λόγος,
3633 2594 3855 2649 καινῶν

2258 2692 2572 2765 μυστηρίων
2628 2690 2930 2761 αὐτουργὸς
2975 2689 3191 2758 γίνεται
3241 2688 3338 2742 καὶ
3365 2686 3687 2750 διδάσκαλος
3720 2703 3736 2718 ο
3766 2681 3851 2741 ὧν

2256 2784 2395 2837 ἐπτὰ
2417 2783 2506 2836 τὸν
2534 2780 2766 2853 ἀριθμὸν
2794 2779 3133 2851 γενικώτερα
3155 2779 3264 2833 τῶν
3288 2778 3512 2845 λοιπῶν,
3543 2780 3667 2833 κατ’
3692 2776 3849 2844 ἐξαίο

2259 2892 2414 2945 ρετον
2459 2873 2768 2944 φιλοτιμίαν
2813 2872 3082 2942 πέφανται
3140 2875 3251 2935 τοῖς
3275 2870 3586 2941 ἀνθρώποις
3606 2871 3849 2943 δεδωρηο

564 2974 757 3020 auctor
773 2972 936 3033 atque
954 2962 1157 3032 opifex,
1172 2964 1472 3034 doctorque
1492 2964 1721 3019 exsistat
1741 2982 1754 3018 :
1773 2981 1804 3021 e
1824 2966 2028 3035 quibus
2045 2977 2150 3036 pra!

2260 2967 2419 3039 μένος
2447 2983 2460 2997 ’
2497 2962 2571 3021 ὧν
2602 2965 2878 3038 μυστικῶς
2900 2966 3144 3037 περιέχει
3165 2965 3266 3037 τὴν
3296 2963 3550 3034 δύναμιν,
3578 2963 3654 3028 ὡς
3677 2964 3849 3032 ἔφην,

565 3055 778 3112 eaeteris
795 3065 1007 3126 septem
1025 3071 1256 3111 numero
1268 3055 1694 3124 universaliora,
1712 3073 1812 3128 pro
1831 3057 2031 3113 eximia
2059 3073 2150 3113 sua

2258 3062 2359 3130 τῆς
2414 3059 2727 3130 προσευχῆς
2771 3058 2799 3109 ὁ
2849 3056 3091 3119 σκοπός·
3141 3053 3445 3124 θεολογίαν,
3479 3053 3751 3108 υἱοθεσίαν
3782 3056 3846 3106 ἐν

562 3147 896 3203 liberalitate
942 3146 1154 3217 liquido
1201 3146 1519 3203 hominibus
1559 3151 1869 3216 concessit;
1916 3166 2150 3221 quorum

2255 3151 2461 3222 χάριτι,
2514 3150 2787 3221 ἰσοτιμίαν
2814 3148 2913 3219 τὴν
2953 3148 3090 3218 πρὸς
3150 3146 3448 3215 ἀγγέλους,
3486 3145 3655 3200 ἀϊδίου
3692 3144 3845 3213 ζωῆς

564 3238 795 3307 mystice
816 3237 952 3304 vim,
980 3237 1060 3292 uti
1093 3237 1365 3304 dicebam,
1396 3240 1782 3309 complectitur
1811 3256 2008 3312 scopus
2034 3257 2150 3297 ora-

2257 3242 2514 3314 μετοχὴν,
2572 3241 2788 3311 φύσεως
2843 3240 3070 3304 ἀπαθῶς
3127 3239 3265 3311 πρδς
3326 3237 3524 3310 ἑαυτὴν
3576 3235 3845 3314 νευούισης

568 3330 742 3384 tionis
764 3347 783 3383 ι
816 3344 1037 3399 nempe,
1068 3329 1422 3401 theologiam,
1458 3301 1813 3401 adoptionem
1854 3301 1923 3388 in.
1958 3335 2150 3406 gratia,

2252 3301 2719 3400 ἀποκατάστασιν,
2756 3301 2852 3388 τοῦ
2892 3301 3063 3404 νόμου
3082 3301 3186 3404 τῆς
3214 3301 3496 3403 ἀμαρτίας
3517 3301 3843 3392 κατάλυσιν,

566 3436 753 3493 parem
811 3435 936 3475 cum
985 3420 1194 3491 angelis
1253 3421 1480 3477 honoris
1530 3431 1759 3489 sortem,
1805 3425 2150 3494 sempiternm

2256 3428 2350 3482 καὶ
2395 3427 2496 3497 τῆς
2532 3427 2626 3481 τοῦ
2660 3427 3033 3499 κρατήσαντος
3062 3425 3220 3496 ἡμῶν
3251 3424 3317 3478 δι’
3345 3423 3559 3491 ἀπάτης
3591 3419 3843 3491 πονηροῦ

561 3512 693 3575 vitae
715 3511 1053 3575 societatem,
1079 3519 1290 3567 naturae
1314 3513 1370 3567 in
1402 3513 1638 3582 seipsam
1688 3513 1841 3567 nulla
1866 3514 1985 3569 vitii
2027 3516 2150 3571 labe

562 3611 658 3657 aut
688 3602 917 3657 libidine
972 3602 1289 3658 inclinantis
1332 3604 1387 3660 in
1411 3605 1685 3675 integrum
1719 3605 2151 3672 restitutionem,

2258 3521 2573 3593 τυραννίδος
2631 3519 2970 3589 καθαίρεσιν.
3022 3518 3321 3588 Σκοπῶμεν
3366 3511 3455 3568 οὖν
3487 3512 3584 3582 τὴν
3613 3511 3724 3563 τῶν
3758 3511 3842 3563 λε-

2258 3611 2493 3684 χθέντων
2518 3610 2795 3682 ἀλήθειαν.

561 3694 697 3765 legis
753 3694 965 3764 peccati
1013 3694 1484 3761 destructionem,
1533 3713 1598 3752 ac
1646 3698 1995 3768 nequissimi,
2052 3702 2147 3772 qui
2185 3720 2288 3763 nos
2357 3705 2677 3761 seducendo
2730 3703 3037 3768 addixerat,
3103 3700 3403 3774 tyrannidis
3443 3695 3838 3753 abolitionem.

561 3784 848 3840 Dictorum
888 3785 1057 3857 igitur
1092 3788 1385 3843 veritatem
1423 3789 1617 3843 sedulo
1647 3790 2024 3860 exquiramus.

631 3879 767 3934 Nam
824 3879 1160 3952 theologiam
1216 3882 1444 3953 quidem
1490 3882 1676 3950 docet,
1724 3885 1873 3955 quod
1930 3902 2152 3944 carnem

561 3969 880 4039 assumpsit,
917 3970 1013 4024 Dei
1052 3971 1313 4039 Verbum,
1342 3973 1397 4054 in
1428 3988 1487 4030 se
1518 3973 1780 4030 nimirum
1831 3976 2049 4034 Patrem
2095 3988 2152 4032 et

562 4069 829 4141 Spiritum
868 4082 1121 4127 sanctum
1171 4074 1497 4130 ostendens.
1540 4075 1713 4131 Totus
1767 4079 1915 4132 enim
1966 4079 2148 4145 Pater,

564 4169 823 4233 totusque
853 4162 991 4217 adeo
1023 4163 1261 4232 Spiritus
1294 4174 1519 4219 sanctus
1542 4166 1911 4222 essentialiter
1942 4166 1999 4220 in
2037 4176 2153 4222 toto

562 4252 811 4323 perfecte
844 4253 983 4306 Filio
1029 4260 1211 4320 erant,
1261 4254 1430 4308 etiam
1480 4253 1787 4320 incarnato,
1820 4272 1929 4310 non
1969 4264 2152 4311 tamen

2330 3886 2622 3956 Θεολογίαν
2659 3886 2758 3957 μὲν
2801 3886 2910 3954 γὰρ
2961 3884 3204 3939 διδάσκει
3257 3881 3621 3955 σαρκούμενος
3661 3884 3692 3937 ὁ
3740 3883 3843 3938 τοῦ

2253 3978 2398 4033 Θεοῦ
2437 3981 2631 4048 Λόγος,
2672 3978 2747 4043 ὡς
2792 3980 2849 4032 ἐν
2900 3976 3078 4047 ἐαυτῷ
3127 3975 3339 4039 δεικνὺς
3381 3975 3470 4028 τὸν
3497 3974 3717 4045 Πατέρα
3742 3976 3845 4028 καὶ

2251 4071 2314 4125 τὸ
2342 4071 2570 4143 Πνεῦμα
2603 4069 2664 4123 τὸ
2712 4070 2889 4139 ἅγιον.
2938 4068 3098 4131 Ὀλος
3143 4067 3253 4139 γὰρ
3295 4061 3363 4138 ἧν
3406 4068 3435 4119 ὁ
3473 4064 3691 4135 Πατὴρ,
3742 4065 3840 4119 καὶ

2251 4163 2372 4217 ὅλον
2404 4163 2464 4216 τὸ
2502 4162 2727 4233 Πνεῦμα
2756 4162 2815 4215 τδ
2842 4161 3021 4231 ἅγιον,
3060 4158 3336 4222 οὺσιωδῶς
3380 4159 3437 4211 ἐν
3475 4157 3581 4227 ὅλῳ
3616 4155 3840 4219 τελείως

2252 4252 2330 4323 τῷ
2358 4252 2472 4321 Υίῴ
2501 4253 2594 4305 καὶ
2632 4252 3010 4323 σαρκουμένῳ,
3059 4250 3120 4303 οὐ
3181 4247 3549 4319 σαρκούμενοι
3578 4260 3593 4275 ’
3644 4240 3783 4301 ἀλλ’
3810 4247 3840 4297 ὁ

564 4342 668 4411 ipsi
730 4345 1032 4409 incarnati;
1082 4345 1175 4398 sed
1233 4360 1297 4398 ea
1348 4345 1561 4399 ratione
1614 4344 1763 4414 quod
1817 4345 1978 4400 Pater
2018 4361 2149 4415 pro—

2260 4343 2359 4412 μὲν
2410 4342 2670 4408 εὐδοκῶν,
2726 4342 2788 4395 τὸ
2837 4342 2893 4395 δέ
2945 4339 3257 4412 συνεργοῦν,
3319 4337 3711 4409 αὐτουργοῦντι
3756 4335 3841 4407 τῷ

565 4447 736 4501 pense
784 4435 978 4487 volens
1032 4450 1095 4489 ac
1141 4436 1513 4503 complacens,
1565 4433 1806 4504 Spiritus
1845 4450 2151 4505 cooperans

564 4530 702 4587 erat,
736 4523 895 4587 Filio,
924 4523 1017 4592 qui
1049 4523 1165 4592 ipse
1206 4525 1310 4579 sibi
1344 4540 1567 4578 carnem
1596 4525 1857 4580 conderet
1895 4543 1907 4579 :
1945 4528 2149 4597 quippe

565 4628 692 4665 eum
727 4606 969 4669 Verbum
1012 4623 1194 4668 mente
1235 4614 1525 4683 praeditum
1569 4618 2024 4685 perseveraverit,
2069 4619 2151 4673 vi-

567 4713 728 4773 taque
779 4704 1064 4768 incolumi,
1117 4722 1180 4759 ac
1219 4705 1512 4775 ejusmodi,
1562 4716 1624 4761 ut
1662 4723 1692 4761 a
1731 4709 1849 4762 solo
1887 4709 2150 4765 duntaxat

563 4796 725 4849 Patre
760 4804 815 4848 ct
867 4794 1077 4863 Spiritu
1128 4803 1338 4859 saneto,
1375 4795 1520 4864 quod
1553 4796 1790 4851 essentia
1832 4807 1934 4860 est,
1968 4799 2148 4867 capia-

2258 4438 2374 4509 Υίῷ
2405 4438 2510 4509 (α)
2550 4437 2650 4508 τὴν
2690 4436 2964 4507 σάρκωσιν
2997 4453 3010 4464 ·
3058 4435 3215 4504 εἰπερ
3251 4432 3439 4495 ἔννους
3492 4432 3521 4483 ό
3554 4431 3726 4497 Λόγος
3760 4430 3840 4484 δι·

2257 4532 2441 4600 έμεινε
2477 4530 2573 4583 καὶ
2612 4527 2742 4592 (ζῶν,
2777 4529 2871 4583 καὶ
2909 4526 3095 4598 μηδενὶ
3126 4526 3187 4577 τὸ
3217 4523 3481 4595 παράπαν
3526 4522 3671 4592 ἄλλῳ
3715 4527 3851 4575 κατ’

2255 4621 2443 4674 οὐσίαν
2483 4622 2849 4691 χωρούμενος,
2890 4620 2922 4690 ἣ
2958 4620 3103 4691 μόνῳ
3127 4617 3204 4688 τῷ
3233 4618 3412 4689 Πατρὶ⁹
3452 4617 3546 4670 καὶ
3568 4615 3648 4686 τῷ
3670 4613 3843 4668 Πνεύ-

2257 4728 2410 4781 ματι,
2445 4712 2707 4781 καὶπρὸς
2751 4711 2848 4780 τὴν
2897 4710 3075 4779 σάρκα
3127 4707 3215 4761 διὰ
3259 4705 3696 4776 φιλανθρωπίαν,
3738 4703 3847 4774 τὴν

2257 4799 2377 4854 καθ’
2409 4800 2706 4867 ὑπόστασιν
2727 4798 3090 4869 ποιησάμενος
3124 4795 3339 4848 ἕνωσιν.

563 4898 687 4963 tur;
736 4895 851 4942 tum
878 4887 1067 4955 etiam,
1094 4904 1217 4942 cum
1250 4905 1348 4958 pro
1382 4903 1610 4942 summa:
1654 4889 2007 4959 benignitatis
2070 4893 2380 4959 clementia,
2421 4894 2705 4958 unionem,
2766 4908 2888 4961 qua:
2923 4899 3007 4945 est
3052 4890 3106 4943 in
3174 4903 3435 4958 persona,
3479 4902 3604 4941 cum
3676 4900 3840 4939 carne

568 4979 863 5032 contraxit.

634 5139 652 5168 ⁵
682 5138 701 5191 Ι
742 5138 983 5191 Timotlt.
1022 5153 1078 5196 ll.
1112 5138 1163 5191 5.

622 5274 1143 5343 (ιηλὺτουργοῦντι
1172 5274 1251 5338 τῷ
1292 5273 1691 5338 Υἱῴ.Ρτίιιιιιιιιη
1711 5275 1858 5343 quod
1884 5275 2133 5330 continet

563 5354 741 5415 oratio
774 5345 1079 5415 meinica,
1137 5343 1321 5398 divina
1370 5345 1643 5415 theologia
1673 5353 1757 5415 est
1795 5362 1807 5397 :
1851 5345 2140 5415 Trinitatis

566 5414 698 5467 fides
728 5421 785 5483 et
816 5413 1231 5478 incarnationis,
1260 5429 1381 5483 quae
1405 5414 1527 5467 sita
1557 5413 1670 5468 tota
1691 5414 1962 5468 Trinitate
1991 5414 2138 5467 indi-

565 5483 700 5552 vise,
723 5482 799 5535 ita
825 5490 1004 5552 tamen
1036 5491 1094 5537 ut
1133 5482 1287 5537 solus
1315 5483 1489 5538 Filius
1523 5484 1844 5539 incarnatus
1873 5484 1979 5547 sit,
2024 5484 2141 5552 ipse

566 5550 668 5602 sibi
698 5551 1140 5623 qﬁtQ'Jp‘ftTWﬁﬁV
1183 5556 1480 5623 σάρκωσιν,
1512 5566 1702 5623 ίααειον
1732 5550 2138 5618 incarnationis,

563 5620 728 5689 utqui
752 5621 993 5690 seipsum
1017 5620 1405 5687 inearnavcrit,
1432 5622 1527 5679 sed
1556 5623 1902 5686 εὐδοκοῦντος
1930 5623 2141 5694 Πατρός

2243 5266 2335 5330 καὶ
2367 5275 2757 5345 συνεργοῦντος
2783 5275 2876 5345 τοῦ
2938 5272 3093 5341 ἁγίου
3114 5269 3437 5345 Πνεύματος
3463 5287 3476 5300 ·
3506 5272 3701 5326 Patris
3713 5283 3837 5345 pro:

2243 5364 2407 5418 pensa
2434 5339 2709 5418 voluntate
2744 5355 2795 5399 et
2825 5339 3029 5418 Spiritu
3066 5339 3538 5418 sancto’adjutore
3555 5359 3576 5418 ξ
3597 5339 3720 5395 non
3745 5339 3838 5407 qui

2244 5411 2346 5485 ipsi
2388 5416 2816 5486 αὐτουργοῦντες
2851 5411 3063 5486 ἱἸΙίίτὴν
3094 5411 3399 5486 σάρκωσιν,
3436 5413 3701 5486 Maximo,
3745 5418 3841 5462 aut

2244 5482 2476 5557 probato
2502 5482 2884 5557 ulli‘theologo
2914 5483 3053 5557 dicti
3088 5482 3219 5557 si_n_t_,
3247 5491 3306 5534 ut
3334 5484 3493 5557 gravi
3526 5482 3731 5557 mendo
3756 5496 3842 5557 re-

2243 5551 2539 5625 praesentat
2557 5556 2761 5611 Catena
2787 5551 3013 5610 Gorder.
3053 5551 3351 5620 redditque
3388 5553 3509 5622 ipse
3529 5551 3841 5622 simplicius

2245 5627 2536 5696 minusque
2579 5625 2903 5696 theologice.
