4154 6322
368 363 467 425 377

1318 361 1719 424 EXPOSITIO
1758 356 2167 419 ORATIOle
2206 353 2611 441 DOMINJCE.

3505 354 3609 419 878

436 478 716 533 Υἱοθεσίαν
760 478 818 533 δέ
880 481 1086 544 δίδωσι,
1118 482 1215 551 τὴν
1244 482 1385 552 ὑπὲρ
1418 481 1577 551 φύσιν
1610 479 1812 533 ἀνωθεν
1851 476 1937 528 διὰ

2108 470 2471 539 Adoptioncm
2504 484 2633 522 vero
2666 466 2884 531 tribuit,
2917 464 3425 537 quatenusscilicet
3466 457 3612 527 illam

363 569 675 639 Ιίνεύματος
722 571 780 622 ἐν
821 571 1002 642 χάριτι
1045 572 1382 644 δωρούμενος⁹
1435 573 1685 641 γέννησιν
1713 585 1726 597 ·
1771 564 1836 641 ἦς
1882 569 1939 618 ἐν

363 661 477 731 θεῷ
538 660 639 733 [aL
706 663 802 714 σὺν
853 661 996 732 Θεῷ]
1039 663 1254 734 φυλακή
1284 681 1344 716 τε
1381 664 1477 716 καὶ
1504 661 1735 732 τήρησίς
1770 661 1938 721 ἐστιν,

360 747 521 817 ἡτῶν
548 749 908 823 γεννωμένων
960 752 1276 822 προαίρεσις
1320 749 1412 821 (ω-
1466 749 1699 811 διαθέσει
1740 743 1940 815 γνησίᾳ

359 840 458 908 τὴν
496 838 741 891 δοθεῖσαν
777 840 1077 910 στέργουσα
1103 842 1283 911 χάριν,
1335 842 1428 893 καὶ
1477 842 1543 910 τῇ
1586 837 1781 908 πράξει
1832 834 1939 885 τῶν

360 929 589 981 ἐντολῶν
632 929 909 999 ἐπιμελῶς
955 932 1014 982 τὸ
1063 932 1203 984 κατά
1253 932 1411 1001 χάριν
1452 930 1603 983 δοθὲν
1629 926 1940 996 ὡραϊζουσα

367 1018 557 1079 κάλλος
585 1035 597 1048 ·
650 1020 741 1071 καὶ
774 1020 1030 1074 τοσοῦτον
1055 1025 1119 1093 τῇ
1158 1022 1385 1076 κενώσει
1410 1021 1518 1075 τῶν
1554 1019 1743 1074 παθῶν
1773 1012 1941 1089 pera?

369 1106 660 1175 ποιουμένη
692 1106 961 1177 θεότητος,
989 1110 1111 1162 ὅσον
1139 1112 1166 1162 ό
1192 1110 1283 1161 τοῦ
1310 1107 1445 1163 Θεοῦ
1496 1109 1666 1176 Λόγος
1716 1109 1813 1178 τῆς
1858 1109 1938 1160 oi-

369 1194 521 1256 κείας
571 1196 901 1265 ἀκραιφνοῦς
950 1198 1126 1268 δόξης,
1172 1199 1529 1270 οἰκονομικῶς
1582 1199 1770 1251 ἐαυτὸν
1798 1197 1940 1250 κατά

368 1284 583 1354 θέλησιν
614 1286 875 1353 κενώσας,
928 1289 1216 1359 γενόμενος
1264 1290 1480 1361 ἀληθῶς
1534 1289 1939 1361 κεχρημάτικεν

368 1369 679 1439 ἅνθρωπος.

448 1542 743 1615 ’ἰσοτίμους
778 1546 836 1599 δὲ
880 1550 993 1612 τοῖς
1029 1548 1279 1627 ἀγγέλοις
1310 1550 1439 1614 τοὺς
1467 1550 1788 1621 ἀνθρώπους
1837 1569 1937 1605 πε-

370 1635 616 1703 ποίηκεν,
664 1636 723 1687 οὔ
758 1637 948 1691 καθότι
992 1640 1150 1706 μόνον
1170 1641 1660 1710 Εἱρηνοποιήσας
1709 1641 1806 1696 διὰ
1832 1642 1937 1698 τοῦ

368 1726 616 1794 αἵματος
642 1727 748 1779 τοῦ
791 1729 1055 1797 σταυροῦ
1086 1732 1272 1785 αὐτοῦ
1303 1733 1373 1787 τὰ
1413 1733 1484 1786 ἐν
1510 1733 1630 1799 τοῖς
1662 1734 1938 1800 οὐρανοῖς

371 1816 468 1867 καὶ
503 1816 574 1869 τὰ
616 1818 713 1871 ἐπὶ
748 1820 856 1885 τῆς
885 1818 1016 1890 γῆς,
1044 1824 1139 1875 καὶ
1167 1826 1522 1895 καταργήσας
1551 1826 1648 1889 τὰς
1697 1827 1931 1899 πληρού-
1967 1816 2009 1871 Β

375 1924 475 1969 σας
517 1910 606 1961 τὸν
641 1910 805 1981 μέσον
833 1913 1064 1982 οὐρανοῦ
1096 1914 1186 1968 καὶ
1219 1916 1320 1987 γῆς
1358 1918 1521 1970 τόπον
1555 1919 1936 1989 ἀντικειμένας

371 1999 661 2070 δυνάμεις,
692 2003 821 2072 μίαν
864 2005 996 2075 πρὸς
1028 2006 1124 2077 τὴν
1151 2007 1258 2061 τῶν
1288 2008 1445 2063 θείων
1468 2009 1652 2080 δώρων
1680 2010 1936 2081 διανομὴν

371 2088 478 2139 τῶν
495 2091 751 2157 ἐπιγείων
775 2093 868 2145 καὶ
884 2093 1146 2161 οὐρανίων
1165 2096 1440 2168 δυνάμεων
1466 2099 1743 2166 ἀπέδειξεν
1772 2096 1936 2154 οὖσαν

373 2180 679 2247 πανήγυριν
700 2196 713 2208 ·
762 2183 861 2252 τῆς
895 2183 1238 2256 ἀνθρωπίνης
1269 2188 1481 2255 φύσεως
1531 2189 1589 2241 ἐν
1620 2190 1936 2258 ἀγαλλιάσει

374 2267 515 2320 κατά
560 2268 620 2321 τὸ
658 2269 716 2322 ἓν
745 2272 840 2324 καὶ
867 2273 927 2325 τὸ
960 2275 1092 2327 αὐτὸ
1138 2274 1347 2347 θέλημα
1381 2280 1497 2341 ταῖς
1540 2277 1649 2331 ἀνω
1681 2281 1937 2351 δυνάμεσι

373 2363 472 2429 τὴν
519 2360 676 2428 δόξαν
729 2363 823 2416 τοῦ
876 2364 1011 2418 Θεοῦ
1064 2367 1502 2441 συνεπηχούσης’
1562 2373 1677 2425 ἀλλ’
1716 2375 1796 2426 ὅτι
1832 2376 1938 2427 ’καί⁵

377 2453 513 2519 μετά
540 2453 636 2524 τὴν
671 2453 947 2524 πλήρωσιν
968 2456 1067 2527 τῆς
1098 2458 1237 2530 ὑπὲρ
1267 2460 1422 2531 ἡμῶν
1446 2463 1774 2535 οἰκονομίας,
1801 2466 1937 2535 μετά

372 2541 467 2594 τοῦ
516 2544 953 2615 προσληφθέντος
989 2548 1317 2619 ἀναληφθεὶς
1345 2550 1597 2622 σώματος
1630 2555 1724 2624 (c),
1772 2555 1935 2627 οὐρα-

377 2632 465 2684 νὸν
515 2633 610 2685 καὶ
654 2634 761 2705 γῆν
805 2636 982 2706 ἧνωσε
1031 2638 1099 2691 δι’
1147 2640 1373 2693 ἐαυτοῦ·
1425 2643 1520 2696 καὶ
1575 2646 1688 2708 τοῖς
1731 2648 1936 2717 νοητοῖς

380 2722 582 2792 συνῆψε
634 2726 703 2779 τά
748 2727 1002 2796 αίσθητά,
1054 2732 1147 2784 καὶ
1198 2731 1325 2802 μίαν
1362 2732 1526 2801 ἔδειξε
1573 2734 1672 2806 τὴν
1716 2737 1937 2808 κτιστὴν

377 2815 537 2883 φύσιν
562 2819 682 2881 ταῖς
708 2817 817 2870 τῶν
846 2821 1044 2891 ἑαυτῆς
1070 2821 1333 2893 ἀκρότησι
1362 2842 1424 2893 με
1435 2824 1562 2896 ρῶν,
1590 2826 1708 2880 κατ’
1736 2829 1938 2899 ἀρετήν

374 2924 433 2958 τε
467 2909 562 2961 καὶ
606 2910 704 2978 τῆς
753 2910 973 2982 πρώτης
1005 2914 1180 2977 αἰτίας
1211 2916 1522 2982 ἐπίγνωσιν,
1576 2919 1711 2988 πρὸς
1740 2920 1936 2991 ἑαυτὴν

378 3000 762 3071 συνδεομένην·
804 3003 1035 3070 δεικνὺς,
1089 3001 1263 3075 οἶμαι,
1307 3007 1375 3061 δι’
1416 3000 1509 3067 ὧν,
1541 3010 1787 3065 ἐπετέλει
1834 3030 1935 3082 μυ-

377 3090 593 3154 στικῶς,
628 3093 701 3155 ώς
730 3096 758 3147 ό
792 3095 890 3163 μὲν
922 3095 1078 3164 λόγος
1108 3098 1224 3149 ἐστὶ
1248 3097 1354 3151 τῶν
1382 3098 1683 3155 διεστώτων
1713 3102 1901 3167 ἐνωσις
1920 3120 1935 3136 ·

376 3181 407 3249 ἡ
436 3180 491 3234 δὲ
524 3182 735 3252 ἀλογία,
768 3154 875 3238 τῶν
909 3154 1201 3257 ἡνώμῗένων
1223 3188 1482 3261 διαίρεσις
1504 3207 1517 3220 '
1551 3154 1644 3245 καί
1675 3154 1936 3264 μάθωμεν
1963 3154 2006 3210 C

375 3269 530 3338 λόγου
559 3275 969 3342 μεταποιεῖσθαι
1003 3277 1092 3331 διὰ
1118 3278 1217 3348 τῆς
1246 3280 1516 3351 πράξεως,
1557 3283 1641 3338 ἵνα
1671 3283 1745 3354 μὴ
1777 3286 1936 3354 μόνον

374 3364 626 3431 ἀγγέλοις
683 3368 804 3419 κατ’
852 3368 1087 3440 ἀρετὴν,
1134 3370 1268 3425 ἀλλά
1319 3373 1412 3426 καὶ
1457 3373 1576 3445 Θεῷ
1619 3377 1935 3444 γνωστικῶς

376 3456 514 3509 κατὰ
544 3458 645 3528 τὴν
673 3460 779 3513 τῶν
815 3461 981 3514 ὄντων
1012 3463 1300 3534 ἑνωθῶμεν
1341 3466 1648 3538 ἀφαίρεσιν.

2038 573 2234 617 natura
2281 561 2628 630 superiorum
2660 557 2874 612 cmlitus
2916 573 3014 626 per
3043 556 3306 626 Spiritum
3357 557 3411 611 in
3444 561 3616 630 gratia

2043 654 2239 707 tribuit
2285 669 2346 707 ac
2390 652 2558 705 donat
2606 650 2983 715 nativitatem;
3037 649 3193 719 cujus
3241 649 3353 703 Deo
3396 650 3618 719 auSpice

2038 745 2288 800 custodia
2318 761 2381 800 ac
2414 743 2761 799 conservatio
2791 750 2896 805 est,
2930 739 3104 794 libera
3151 755 3367 805 eorum,
3394 741 3488 811 qui
3536 741 3620 796 sic

2037 837 2152 890 nati
2182 845 2328 899 sunt,
2357 835 2637 898 voluntas;
2685 834 2901 887 sincero
2949 832 3116 886 animi
3150 832 3350 888 affectu
3396 850 3614 889 conces-

2039 943 2152 982 sam
2196 926 2425 997 gratiam
2457 926 2665 990 colens,
2692 940 2754 978 ac
2787 922 2946 994 347
2975 923 3180 993 quibus
3216 923 3472 977 mandata
3520 940 3613 977 ex»

2038 1027 2319 1088 sequatur,
2383 1017 2575 1071 sedulo
2625 1032 2725 1085 per
2787 1016 3018 1086 gratiam
3080 1029 3400 1069 concessum
3451 1014 3619 1069 decus

2038 1124 2350 1174 exornans;
2406 1115 2725 1177 tantumque
2758 1098 3235 1176 perturbationum
3266 1107 3618 1160 evacuatione

2039 1199 2262 1253 deitatis
2307 1195 2638 1250 commercio
2677 1195 3004 1265 provehens,
3033 1203 3300 1265 quantum
3346 1195 3443 1249 Dei
3482 1196 3607 1249 Ver-

2039 1290 2171 1344 bum
2206 1303 2335 1343 vere
2371 1287 2582 1342 exstitit
2619 1286 2805 1348 homo,
2836 1302 2867 1340 a
2895 1301 2993 1341 sua
3037 1302 3095 1340 se
3137 1302 3265 1341 vera
3311 1302 3374 1340 ac
3414 1287 3621 1357 magni-

2039 1382 2142 1437 ﬁca
2203 1381 2376 1451 gloria
2430 1395 2528 1450 per
2585 1379 2920 1433 voluntatem
2972 1378 3381 1447 dispensatione
3430 1379 3617 1433 exina-

2040 1475 2222 1527 niens.

2105 1564 2229 1619 Pari
2255 1579 2385 1618 vero
2412 1563 2667 1618 homines
2714 1562 2922 1631 angelis
2964 1560 3228 1631 dignitate
3274 1562 3425 1617 auxit
3457 1570 3619 1633 atque

2037 1656 2307 1724 provexit,
2341 1671 2453 1709 non
2480 1670 2544 1709 ea
2578 1655 2842 1710 duntaxat
2875 1653 3111 1719 ratione,
3144 1653 3290 1723 quod
3322 1652 3620 1721 Paciﬁcam

2037 1760 2130 1816 per
2153 1745 2463 1814 sanguinem
2500 1745 2667 1797 crucis
2701 1758 2831 1807 sum,
2880 1758 2999 1812 qua:
3036 1743 3091 1795 in
3138 1740 3300 1808 caelis,
3345 1752 3393 1796 et
3417 1758 3535 1813 qua:
3565 1744 3619 1798 in

2038 1844 2181 1889 terra
2225 1844 2347 1889 sunt
2367 1836 2410 1900 ⁸,
2459 1836 2695 1904 ecelique
2746 1848 2811 1889 ac
2859 1842 3021 1889 terra:
3072 1834 3401 1890 intermedia
3445 1836 3620 1905 spatia

2039 1926 2330 1996 implentes
2370 1926 2715 1981 adversarias
2756 1933 3057 1996 potestates
3088 1923 3400 1993 destruens,
3427 1927 3493 1981 ad
3540 1925 3624 1980 di-

2038 2018 2295 2073 vinorum
2370 2018 2817 2072 distributionem
2884 2016 3153 2072 donorum
3199 2018 3348 2088 quod
3401 2018 3619 2082 attinet,

2039 2126 2203 2165 uuam
2255 2111 2601 2165 terrestrium
2655 2110 3073 2178 cmlestiumque
3113 2117 3446 2179 potestatum
3478 2126 3613 2165 con-

2037 2203 2251 2257 cionem
2294 2210 2607 2271 erratumque
2657 2200 2928 2266 ostendit;
2993 2202 3123 2255 dum
3170 2201 3385 2257 scilicet
3426 2201 3622 2256 huma-

2038 2309 2169 2347 num
2205 2308 2397 2364 genus,
2444 2306 2554 2346 una
2591 2290 2894 2361 eademque
2937 2292 3217 2346 voluntate
3265 2307 3390 2346 eum
3428 2308 3592 2363 super

2033 2386 2126 2444 .nis
2155 2385 2545 2454 potestatibus,
2573 2384 2835 2454 socioque
2868 2383 2976 2438 illis
3011 2384 3229 2455 agmine
3263 2384 3356 2439 Dei
3393 2385 3620 2457 gloriam

2038 2476 2095 2530 in
2121 2475 2485 2530 exsultatione
2516 2484 2779 2546 personat
2806 2490 2872 2530 ac
2899 2475 3082 2542 canit;
3124 2476 3220 2531 sed
3255 2475 3402 2547 quod
3431 2477 3619 2543 etiam,

2039 2565 2265 2635 impleto
2304 2572 2507 2620 nostrae
2536 2564 2731 2635 salutis
2777 2564 2834 2618 in
2866 2580 3035 2620 carne
3065 2566 3307 2636 negotio,
3348 2582 3456 2621 una
3493 2583 3620 2621 cum

2038 2665 2321 2726 assumpto
2356 2671 2587 2724 corpore
2627 2654 2682 2710 in
2719 2656 2918 2709 caelum
2967 2664 3243 2726 receptus,
3271 2657 3469 2712 crelum
3501 2666 3617 2712 ter-

2038 2760 2265 2814 ramque
2296 2760 2395 2814 per
2422 2758 2481 2797 se
2509 2743 2626 2814 ipse
2657 2744 3017 2812 copulaverit,
3047 2745 3323 2815 rebusque
3354 2746 3617 2816 spiritali-

1987 2857 1997 2866 ο
2037 2835 2142 2890 bus
2166 2844 2223 2890 et
2248 2851 2370 2906 qua:
2404 2844 2586 2891 mente
2626 2836 3030 2907 intelliguntur,
3061 2852 3126 2892 ea
3161 2852 3283 2906 quae
3311 2837 3363 2891 in
3395 2852 3618 2891 sensum

2038 2926 2261 2991 cadunt,
2319 2927 2701 2998 conjunxcrit;
2785 2942 2998 2983 necnon
3080 2928 3299 2982 unicam
3367 2939 3618 2983 naturam

2039 3026 2301 3081 creatam,
2355 3032 2579 3073 suarum
2615 3019 2852 3087 partium
2896 3017 3359 3082 extremitatibus,
3399 3018 3619 3073 virtutis

2040 3109 2189 3163 cultu
2228 3108 2502 3178 primique
2549 3110 2794 3163 auctoris
2838 3107 2924 3163 sui
2970 3107 3184 3183 notitia,
3216 3107 3323 3162 sibi
3374 3108 3477 3178 ipsi
3520 3109 3619 3163 de-

2040 3198 2280 3253 vinctam
2307 3214 2371 3253 ac
2393 3199 2785 3262 cohaerentem,
2806 3196 3157 3263 exhibuerit;
3198 3197 3252 3252 id
3280 3207 3413 3267 puto
3433 3208 3619 3253 osten-

2040 3292 2196 3355 dens,
2223 3306 2323 3359 per
2350 3305 2417 3344 ca
2447 3306 2569 3359 quae
2600 3290 2827 3360 mystice
2866 3289 3183 3359 peragebat,
3228 3290 3462 3344 verbum
3493 3290 3620 3359 qui-

2039 3383 2163 3437 dem
2218 3395 2283 3435 ac
2319 3380 2607 3446 rationem,
2637 3395 2757 3449 qua:
2809 3387 2939 3434 sunt
2985 3378 3177 3433 dissita
3222 3379 3481 3445 counire;
3537 3396 3622 3435 ra-

2040 3472 2206 3527 tionis
2233 3487 2362 3526 vcro
2388 3471 2692 3525 absentiam
2730 3470 2968 3540 (brutam
3013 3469 3223 3524 scilicet
3248 3469 3613 3531 aﬂ‘ectioncnn

374 3570 436 3607 ea
459 3570 579 3623 qua:
601 3555 715 3610 sint
736 3557 1197 3626 unita,dividere,
1223 3575 1287 3616 ac
1316 3577 1413 3630 per
1455 3564 1725 3620 actionem
1762 3582 2048 3637 capessere
2096 3568 2372 3623 discamus
2440 3567 2708 3622 rationem
2756 3585 2768 3620 :
2803 3576 2865 3622 ut
2892 3567 3095 3623 nedum
3162 3567 3394 3638 angelis,
3444 3568 3620 3622 virtu-

375 3653 442 3704 tis
475 3652 777 3718 l'unctione,
804 3654 900 3708 sed
942 3664 999 3708 et
1034 3656 1147 3710 Deo
1177 3657 1451 3726 sapienter
1480 3674 1579 3728 per
1605 3661 1935 3718 ablationem
1970 3679 2153 3718 rerum
2185 3663 2460 3717 uniamur.

441 3747 593 3816 Ζωῆς
622 3748 682 3802 δὲ
720 3748 870 3812 θείας
910 3754 1143 3804 ποιεῖται
1175 3753 1481 3821 μετάδοσιν,
1516 3755 1776 3827 ἐδώδιμον
1808 3759 1936 3812 ἐαυ-

372 3838 462 3891 τὸν
488 3840 873 3910 ἐργαζόμενος,
907 3843 981 3905 ὡς
1024 3838 1163 3896 οἶδεν
1191 3846 1373 3908 αὐτὸς,
1404 3848 1499 3899 καὶ
1527 3847 1577 3899 oi
1611 3850 1740 3919 παρ’
1773 3849 1936 3903 αὑτοῦ

374 3930 625 4000 τοιαύτην
659 3930 910 4001 αίσθησιν
926 3935 1117 4005 νπράν
1152 3936 1458 4005 εἰληφότες,
1485 3936 1626 3992 ὥστε
1652 3941 1718 4009 τῇ
1751 3939 1936 4006 γεύσει

372 4017 579 4087 ταύτης
609 4019 706 4088 τῆς
744 4019 1015 4090 βρώσεως,
1067 4023 1298 4090 είδέναι,’
1326 4026 1447 4078 κατ’
1476 4026 1774 4095 ἐπίγνωσιν
1807 4028 1936 4097 ἀλη-

374 4106 505 4171 θῶς,
536 4108 615 4161 ὅτι
642 4110 875 4180 χρηστὸς
897 4111 925 4162 ὁ
950 4111 1176 4183 Κύριος,
1212 4115 1455 4185 ποιότητι
1479 4114 1600 4187 Θεία
1631 4118 1766 4187 πρὸς
1794 4117 1933 4171 θέω·

376 4214 459 4251 σιν
497 4201 837 4272 μετακιρνῶν
872 4203 995 4267 τοὺς
1024 4204 1303 4269 ἐσθίοντας
1326 4223 1339 4235 ·
1370 4202 1458 4259 οἶα
1485 4208 1548 4277 δὴ
1580 4208 1761 4279 σαφῶς
1791 4211 1937 4281 ζωῆς

373 4293 465 4343 καὶ
493 4290 773 4362 δυνάμεως
800 4293 963 4363 ἄρτος
991 4295 1082 4347 καὶ
1108 4293 1183 4348 ῶν
1222 4284 1703 4369 καίκαλούμενος,

442 4564 550 4636 Τὴν
584 4567 743 4635 φύσιν
768 4568 823 4621 δὲ
869 4568 1002 4641 πρὸς
1031 4569 1227 4641 ἑαυτὴν
1256 4570 1702 4642 ἀποκαθίστησιν,
1733 4572 1792 4623 οὐ
1836 4590 1935 4625 κα-

372 4655 483 4709 θότι
516 4657 674 4731 μόνον
702 4660 993 4729 γενόμενος
1026 4662 1330 4733 ἄνθρωπος,
1358 4664 1542 4735 ἀπαθῆ
1582 4666 1680 4736 τὴν
1711 4663 1935 4735 γνώμην

364 4746 505 4816 πρὸς
560 4748 659 4820 τὴν
714 4751 874 4819 φύσιν
916 4753 1152 4824 ἐτήρησε
1205 4756 1297 4808 καὶ
1358 4756 1749 4810 ἀστασίαστον·
1803 4757 1936 4828 μηδέ

372 4837 505 4905 πρὸς
533 4841 728 4904 αὐτοὺς
758 4844 882 4905 τοὺς
913 4844 1332 4913 σταυρώσαντας
1372 4846 1470 4917 τῆς
1496 4848 1638 4900 κατά
1672 4848 1831 4917 φύσιν
1863 4848 1938 4899 oi-

371 4928 523 4993 κείας
572 4932 936 5003 σαλευομένην
980 4937 1040 4989 τὸ
1086 4937 1301 4990 σύνολον
1343 4937 1584 5007 Biduo,“
1630 4940 1936 4993 τούναντίον

369 5018 423 5070 δὲ
471 5023 669 5091 μᾶλλον
712 5027 1046 5096 αἱρουμένην
1085 5029 1205 5080 ἀντὶ
1251 5027 1394 5098 ζωῆς
1440 5030 1529 5082 τὸν
1567 5031 1707 5099 ὑπὲρ
1757 5029 1936 5083 αὐτῶν

369 5115 593 5169 θάνατον
616 5134 630 5147 ·
664 5118 788 5169 καθ’
817 5118 845 5170 ὃ
876 5120 970 5172 καὶ
998 5120 1058 5173 τὸ
1090 5122 1178 5174 τοῦ
1212 5121 1418 5184 πάθους
1448 5122 1693 5174 ἑκούσιον
1730 5121 1937 5174 δείκνυ-

434 5300 454 5329 ⁶
482 5299 692 5355 Coloss.
718 5318 757 5366 ι,
788 5303 877 5357 20.

436 5479 507 5551 (b)
548 5482 622 5537 ἸΙ
662 5481 779 5536 τῶν
818 5483 1200 5552 γεννωμένων
1226 5485 1586 5553 προαίρεσις.
1626 5476 1811 5538 Libera
1856 5500 1939 5537 vo-

365 5544 538 5625 [Iyitits
567 5567 775 5625 egrum,
822 5544 1033 5625 quisic,
1088 5544 1591 5625 caqrtcvadoptionc,
1624 5563 1932 5625 nascuntur.

366 5618 569 5683 Yitiosc
592 5621 709 5677 Cat.
741 5618 797 5679 et
829 5618 981 5677 Dufr.
1008 5624 1128 5694 eod.
1161 5618 1267 5676 τῶν
1287 5618 1590 5694 γενομένων
1614 5640 1626 5650 ·
1652 5623 1744 5677 ubi
1767 5624 1931 5677 (Iord.

363 5704 565 5755 eorum,
614 5710 732 5763 quae
759 5693 916 5761 ﬁunt,
953 5693 1281 5764 prwrlertie;
1314 5695 1367 5747 in
1403 5693 1513 5764 quo
1561 5694 1769 5747 nullum
1805 5710 1937 5748 acu-

365 5772 510 5813 111011.

953 5304 971 5333 ⁷
1009 5302 1148 5358 Psal.
1176 5320 1358 5370 χχχιιι,
1392 5306 1446 5360 9.
1523 5303 1545 5335 ⁸
1574 5303 1715 5358 Psal.
1750 5319 1946 5368 Lxxvn,
1976 5302 2064 5358 95.

2110 3758 2320 3811 Divina:
2352 3765 2536 3833 autem
2572 3756 2700 3811 vita:
2741 3755 3059 3810 societatem
3108 3754 3323 3821 tribuit,
3365 3757 3620 3811 esculen-

2039 3855 2153 3900 tum
2178 3862 2236 3901 se
2262 3862 2326 3902 ac
2366 3844 2805 3899 manducabilem
2856 3852 3143 3913 praestans,
3174 3859 3282 3913 qua
3309 3845 3462 3898 novit
3504 3845 3620 3914 ipse

2038 3937 2270 3999 ratione,
2300 3944 2355 3990 et
2397 3936 2491 4004 qui
2540 3935 2609 3989 ab
2657 3950 2724 3990 eo
2772 3934 3130 4004 intelligentis
3173 3932 3340 3987 animi
3397 3949 3619 3989 sensum

2035 4027 2307 4097 ejusmodi
2355 4034 2719 4096 acceperunt;
2769 4026 2844 4079 ita
2875 4025 3159 4089 nimirum,
3202 4033 3262 4078 ut
3314 4024 3423 4106 cibi
3457 4025 3622 4094 hujus

2036 4127 2199 4189 gustu
2242 4135 2368 4173 vere
2399 4110 2699 4188 agnoscant
2722 4132 2785 4171 ac
2812 4116 3143 4186 intelligant,
3169 4115 3315 4185 quod
3352 4115 3531 4170 bonus
3555 4130 3619 4171 ac

2036 4211 2219 4265 suavis
2274 4208 2599 4274 Dominus‘,
2653 4207 2748 4278 qui
2794 4206 3051 4261 videlicet
3099 4204 3513 4268 manducantes,
3559 4214 3621 4258 ut

2039 4296 2241 4357 deita'tc
2296 4302 2613 4356 imbuantur
2653 4300 2840 4354 divina
2883 4297 3147 4368 qualitate
3196 4295 3615 4363 commisceat";

2039 4402 2101 4450 ut
2137 4396 2230 4465 qui
2266 4395 2442 4465 palam
2472 4394 2630 4465 panis
2650 4394 2821 4449 vitae"
2862 4402 2917 4449 et
2946 4391 3288 4448 fortitudinis
3316 4400 3429 4446 tum
3477 4394 3622 4447 casi-

2041 4497 2167 4553 stat,
2202 4496 2317 4541 tum
2351 4496 2409 4541 et
2433 4487 2643 4541 audiat.

2106 4580 2369 4635 Naturam
2414 4590 2595 4636 autem
2629 4581 2736 4635 sibi
2770 4583 2942 4652 ipsam
2977 4578 3239 4645 restituit,
3282 4591 3393 4631 non
3438 4576 3616 4631 solum

2036 4681 2310 4742 quatenus
2347 4671 2526 4727 factus
2556 4673 2745 4739 homo,
2773 4673 2939 4727 animi
2963 4671 3305 4725 voluntatem
3330 4665 3616 4723 nullisad-

2039 4776 2234 4815 versus
2256 4768 2507 4815 naturam
2547 4762 2826 4816 incitatam
2856 4761 3163 4826 ati‘ectibus,
3209 4769 3306 4814 aut
3340 4759 3393 4812 ei
3436 4758 3617 4812 rebel-

2037 4850 2265 4914 lantem,
2298 4850 2535 4904 servavit
2569 4850 2651 4921 (ut
2681 4866 2750 4905 ne
2776 4851 2998 4920 quidem
3039 4850 3093 4902 in
3134 4864 3232 4903 eos
3264 4849 3357 4917 qui
3401 4848 3456 4900 in
3485 4862 3616 4901 cru-

2037 4938 2157 4995 Cem
2200 4941 2536 4997 sustulerant
2561 4958 2593 4996 a
2641 4941 2876 4995 naturali
2915 4956 3013 4995 sua
3060 4940 3210 5005 sede,
3253 4940 3360 4992 ulla
3393 4951 3619 5007 prorsus

2038 5032 2387 5085 animositate
2433 5040 2615 5086 emota
2654 5031 2757 5097 sit;
2797 5030 2964 5101 348
2992 5029 3087 5084 sed
3119 5045 3242 5107 quae
3284 5027 3488 5097 potius,
3518 5040 3615 5079 eo-

2041 5139 2158 5175 rum
2187 5123 2376 5177 salutis
2404 5138 2589 5188 cziusa,
2620 5132 2850 5177 mortem
2880 5122 3004 5175 vita:
3030 5120 3351 5190 praetulerit.
3396 5117 3517 5184 Quo
3561 5127 3618 5171 et

2145 5305 2163 5335 ⁸
2187 5303 2344 5367 Ιοειιι,
2371 5321 2443 5367 vt,
2472 5303 2558 5358 48.

2116 5483 2183 5552 (c)
2218 5484 2379 5537 Μετὰ
2406 5482 2510 5537 τοῦ
2541 5479 3034 5550 προσληφθέντος
3068 5472 3437 5541 ἀναληφθεὶς
3475 5474 3610 5552 ,σώ-

2042 5544 2243 5618 ματος.
2290 5553 2353 5607 1η
2378 5544 2596 5625 emtum:
2646 5544 3070 5625 receptus,_cum
3101 5544 3485 5625 cq_rpore.qugd
3523 5560 3613 5597 as-

2041 5613 2357 5696 sumpserat,
2375 5624 2521 5696 Nihil
2547 5613 3009 5696 ltis_coninr_rrnius
3031 5613 3279 5696 vocibus,
3312 5613 3367 5696 in
3394 5613 3616 5695 dispen—

2042 5690 2273 5755 satimre,
2310 5694 2398 5746 ubi
2441 5693 2518 5747 sie
2548 5693 2684 5747 male
2708 5690 2936 5747 Corder.
2971 5690 3363 5758 postassumpti
3383 5690 3613 5754 corporis

2042 5764 2437 5833 susceptionem.
