4154 6322
357 398 459 464 881

1319 401 1716 462 EXPOSITIO
1755 403 2165 464 ORATIOle
2204 404 2614 466 DOMINIC/E.
3498 407 3603 470 882

361 525 573 585 ιρωπος
605 514 816 582 γίνεται
859 513 942 585 (τὸ
989 513 1135 579 ξένον
1166 513 1334 578 ὅντως
1371 516 1606 586 πρᾶγμα
1649 517 1740 568 καὶ
1771 516 1935 570 ἄκου-

2039 517 2183 572 Deus
2205 531 2332 572 cum
2359 526 2525 583 esset,
2563 517 2725 571 homo
2753 515 2813 570 tit
2849 514 2984 587 (rem
3021 516 3178 587 plane
3203 531 3399 572 novant
3423 524 3473 570 et
3503 531 3603 568 au-

361 604 494 673 σμα)
527 606 620 658 καὶ
637 605 730 658 τὸν
753 608 852 678 τῆς
879 607 1079 678 σαρκὸς
1112 606 1280 660 θέλων
1303 607 1658 677 καταδέχεται
1680 606 1929 661 θάνατον.

360 693 574 748 Τούτων
622 695 898 763 ἁπάντων,
948 697 1025 761 ώς
1100 697 1261 768 ἔφην,
1307 697 1521 768 αἰτησιν
1571 697 1710 767 ἔχων
1756 697 1786 750 ὀ
1836 697 1934 768 τῆς

359 787 674 858 προσευχῆς
703 789 1061 860 εὑρεθήσεται
1089 789 1268 860 λόγος.

427 877 648 948 Πατέρα
675 878 806 950 γὰρ,
858 881 953 932 καὶ
1003 881 1215 952 [ἰατρὸς
1255 882 1427 950 ὄνομα
1452 880 1620 950 λέγει,
1661 880 1752 934 καὶ
1785 880 1935 951 βασι-

359 967 509 1022 λείαν
528 983 544 997 ⁶
579 969 674 1021 καὶ
706 968 897 1022 τούτου
926 970 1019 1024 τοῦ
1051 972 1263 1043 [ἰατρὸς
1289 967 1446 1035 αὖθις
1478 970 1602 1024 Υἰδν
1627 971 1685 1024 ἐν
1729 970 1932 1042 χάριτι,

357 1060 446 1112 τὸν
477 1061 912 1132 προσευχόμενον
941 1062 1068 1117 ὄντα
1099 1064 1447 1134 παρίστησιν.
1490 1064 1639 1128 Ἐνὸς
1672 1081 1731 1116 τε
1777 1064 1935 1136 θελή-

363 1168 529 1220 ματος
553 1153 679 1216 τοὺς
706 1155 766 1206 ἐν
797 1153 1012 1225 ούρανῷ
1033 1157 1125 1208 καὶ
1149 1158 1219 1226 γῇ
1253 1156 1502 1225 γενέσθαι
1532 1156 1704 1226 ζητεῖ.
1735 1158 1934 1228 ’Δρτον

359 1243 626 1297 αἰτεῖσθαι
648 1247 976 1316 προστάττει
1003 1248 1094 1301 τὸν
1124 1249 1419 1302 ἐπιούσιον.
1445 1249 1801 1320 Καταλλαγὴν
1823 1251 1934 1312 τοῖς

359 1333 667 1407 ἀνθρώποις
695 1337 977 1406 νομοθετεῖ
1016 1337 1176 1410 [alter
1207 1340 1373 1392 codex
1405 1337 1696 1411 ἐπιζητεῖ],
1727 1339 1821 1392 καὶ
1857 1339 1934 1410 τῷ

362 1426 670 1496 συγχωρεῖν
700 1425 795 1478 καὶ
817 1427 1218 1498 συγχωρεῖσθαι
1236 1428 1336 1499 τὴν
1363 1427 1526 1498 φύσιν
1561 1427 1698 1499 πρὸς
1732 1427 1932 1496 ἑαυτὴν

361 1515 558 1580 συνδεῖ,
584 1517 650 1588 τῇ
683 1516 916 1588 διαφορᾷ.
940 1517 1040 1586 τῆς
1065 1518 1289 1589 γνώμης
1321 1519 1396 1590 μὴ
1432 1517 1794 1590 τεμνομένην.
1838 1520 1934 1583 Εἰς

359 1623 417 1659 τε
458 1607 765 1678 πειρασμὸν
807 1607 1091 1674 εἰσελθεῖν,
1123 1609 1198 1672 ώς
1244 1609 1404 1680 νόμον
1436 1609 1729 1678 ἁμαρτίας,
1764 1610 1935 1664 ἀπεύ-

360 1696 550 1767 χεσθαι
583 1698 858 1752 διδάσκειο
909 1701 1003 1752 καὶ⁵
1027 1699 1291 1771 ρυσθῆναι
1333 1699 1428 1754 τοῦ
1463 1699 1699 1771 πονηροῦ
1735 1718 1936 1772 παραιο

359 1789 457 1841 νεῖ.
496 1787 642 1841 Ἔδει
668 1789 776 1861 γὰρ
807 1789 900 1843 τὸν
945 1791 1243 1862 αὐτουργὸν
1276 1791 1370 1846 καὶ
1401 1791 1604 1863 δοτῆρα
1650 1791 1760 1845 τῶν
1796 1795 1935 1862 ἀγα-

2031 610 2298 666 ditionem
2315 610 2354 681 ἰ)
2385 625 2449 664 ac
2475 609 2658 664 carnis
2681 619 2915 663 mortem
2950 617 3144 678 sponte
3172 607 3430 664 admittit.
3460 606 3608 662 Cun-

2030 710 2118 757 cta
2180 703 2295 758 [nec
2321 702 2579 772 petenda,
2604 703 2682 757 uti
2708 701 2980 766 dicebam,
3001 700 3269 756 orationis
3310 699 3610 754 Dominicae

2031 803 2238 849 textum
2274 793 2554 850 insinuare
2581 793 2850 849 invenias.

2099 886 2263 957 35.9
2288 887 2506 942 Patrem
2531 886 2700 951 enim,
2741 894 2798 940 et
2828 885 3006 940 Patris
3040 897 3240 938 nomen
3270 897 3610 952 regnumque

2030 977 2274 1047 loquitur
2309 994 2322 1030 :
2363 977 2634 1047 hujusque
2671 991 2863 1031 rursus
2896 973 3073 1029 Patris
3097 973 3294 1028 Filium
3329 972 3382 1026 in
3411 971 3606 1042 gratia.

2029 1077 2278 1124 orantem
2326 1067 2590 1123 ostendit.
2643 1065 2820 1122 Unius
2866 1066 2998 1121 item
3043 1065 3362 1129 voluntatis,
3406 1063 3502 1133 qui
3552 1063 3608 1116 in

2029 1160 2170 1216 cutio
2195 1168 2250 1215 et
2287 1159 2383 1229 qui
2415 1159 2471 1212 in
2521 1167 2686 1222 terra,
2731 1156 2848 1211 ﬁeri
2889 1156 3043 1227 petit.
3081 1157 3284 1212 Panem
3333 1153 3608 1224 quotidia-

2029 1267 2163 1305 num
2195 1261 2452 1321 petamus
2479 1250 2656 1321 jubet.
2685 1247 3033 1314 Hominibus,
3059 1247 3150 1302 alii
3187 1255 3247 1301 ut
3273 1247 3398 1300 aliis
3419 1260 3611 1299 recon-

2030 1340 2312 1404 cilientur,
2335 1339 2539 1404 sancit;
2577 1352 2750 1408 eaque
2782 1338 2996 1392 ratione
3038 1335 3187 1404 quod
3218 1341 3276 1389 et
3306 1334 3608 1399 dimittant,

2029 1442 2085 1486 et
2118 1431 2227 1487 illis
2275 1431 2610 1496 dimittatur,
2641 1438 2895 1484 naturam
2932 1428 3037 1483 sibi
3092 1429 3286 1497 ipsam,
3316 1425 3471 1479 nullo
3508 1439 3608 1478 vo-

2030 1522 2263 1577 luntatis
2295 1522 2576 1591 animique
2614 1521 2902 1576 sententiae
2957 1517 3185 1572 dissidio
3223 1516 3474 1580 scissam,
3515 1529 3612 1568 ne-

2031 1615 2151 1670 ctit.
2181 1615 2263 1670 Ad
2298 1615 2434 1679 haec,
2467 1614 2672 1668 intrare
2719 1614 2773 1668 in
2818 1611 3199 1681 tentationem,
3231 1619 3488 1677 tanquam
3528 1606 3611 1661 le-

2031 1718 2153 1775 gem
2208 1703 2442 1773 peccati,
2488 1701 2896 1772 deprecandum
2945 1701 3277 1755 documento
3329 1697 3516 1752 tradit.
3569 1697 3612 1752 Δ

2033 1795 2177 1850 malo
2207 1793 2448 1865 denique
2497 1794 2752 1848 hortatur
2777 1792 3027 1848 liberari.
3066 1790 3304 1846 Decebat
3330 1789 3508 1855 enim,
3552 1798 3615 1844 ut

357 1883 469 1937 θῶν
515 1879 654 1938 εἶναι
699 1860 793 1940 καὶ
841 1860 1184 1951 διδάσκαλον,
1245 1880 1334 1940 οἷα
1382 1885 1446 1957 δὴ
1500 1860 1785 1957 μαθηταῖς,
1821 1860 1934 1951 τοῖς

2036 1887 2307 1943 bonorum
2346 1895 2541 1943 auctor
2571 1888 2686 1958 ipse
2719 1894 2772 1942 et
2805 1885 3054 1957 largitor,
3084 1883 3254 1939 etiam
3299 1882 3494 1936 doctor
3522 1895 3612 1935 es-

359 1975 706 2032 πιστεύουσιν
753 1979 831 2041 εἰς
861 1977 1044 2046 αὑτὸν,
1093 1979 1188 2032 καὶ
1240 1978 1592 2050 μιμουμένοις
1637 1976 1803 2034 αὐτοῦ
1836 1977 1935 2049 τὴν

358 2067 446 2121 διὰ
494 2067 714 2139 σαρκὸςΔ
749 2069 995 2140 ἀγωγὴν,
1044 2067 1323 2140 ὑποθήκας
1371 2066 1517 2142 ζωῆς
1547 2071 1749 2142 ταύτης
1789 2086 1935 2140 παρ-

358 2157 616 2228 εχόμενον
642 2159 741 2229 τῆς
775 2159 1082 2230 προσευχῆς
1113 2158 1184 2212 τὰ
1234 2158 1375 2231 ῥητά
1415 2157 1557 2232 [ϐαι.
1592 2159 1691 2218 Fr.
1728 2158 1933 2224 Venet,

363 2247 604 2322 ῥήματα]
623 2267 639 2280 ·
672 2249 740 2303 δι’
771 2244 846 2304 ὧν
891 2251 1016 2314 τοὺς
1039 2251 1097 2303 ἐν
1126 2249 1274 2322 αὐτῷ
1307 2252 1426 2305 κατ’
1457 2249 1594 2317 εἶδος
1624 2251 1937 2322 ὑφεστῶτας

358 2341 459 2408 τῆς
512 2339 704 2407 σοφίας
751 2340 976 2411 καὶτῆς
1021 2339 1274 2410 γνώσεως
1324 2343 1678 2415 ἀποκρύφους
1730 2343 1936 2413 ἐμήνυε

360 2429 693 2500 θησαυροὺς,
750 2429 884 2501 πρὸς
938 2431 1038 2501 τὴν
1097 2431 1278 2487 αὐτῶν
1342 2432 1642 2488 ἀπόλαυσιν
1695 2431 1936 2505 δηλονότι

359 2521 470 2574 τῶν
497 2520 792 2575 αἰτούντων
833 2521 1071 2577 ἐλαύνων
1109 2523 1207 2594 τὴν
1239 2523 1442 2594 ἔφεσιν.

431 2612 532 2666 Διὰ
555 2612 716 2667 τοῦτο
750 2615 1081 2686 προσευχὴν,
1126 2609 1300 2684 οἶμαι,
1334 2615 1535 2686 ταύτην
1567 2614 1795 2686 κέκληκε
1840 2614 1940 2686 τὴν

359 2703 706 2758 διδασκαλίαν
751 2707 780 2758 ὁ
818 2705 1001 2774 λόγος,
1057 2705 1132 2769 ώς
1181 2707 1396 2777 αίτησιν
1425 2705 1650 2777 ἔχουσαν
1693 2705 1802 2760 τῶν
1843 2707 1938 2760 ἀν·

361 2793 602 2866 θρώποις
628 2796 770 2851 κατὰ
795 2795 952 2869 χάριν
982 2796 1046 2849 ἐκ
1067 2795 1202 2850 Θεοῦ
1232 2796 1521 2867 διδομένων
1541 2795 1750 2868 δώρων.
1779 2795 1937 2850 Οὕτω

361 2887 474 2955 γὰρ
505 2888 556 2940 οἰ
606 2886 954 2940 θεόπνευστοι
995 2886 1238 2958 Πατὲρες
1286 2885 1443 2958 ἡμῶν
1491 2887 1779 2959 ὀριστικῶς
1807 2887 1940 2958 περὶ

362 2979 462 3049 τῆς
495 2980 801 3051 προσευχῆς
831 2978 1126 3048 διεξῆλθον,
1159 2979 1452 3050 φήσαντες,
1471 2973 1628 3032 ἐἶναι
1655 2978 1754 3050 τὴν
1778 2996 1942 3050 προσ-

397 3071 530 3141 υχὴν
553 3071 784 3142 αττησιν,
817 3063 892 3125 ὧν
916 3070 1048 3134 Θεὸς
1080 3070 1400 3141 πρεπύντως
1442 3070 1619 3142 ἐαυτῷ
1650 3071 1939 3143 δωρεῖσθαι

2034 1989 2136 2044 set,
2170 1979 2266 2050 qui
2299 1979 2512 2034 scilicet
2540 1977 2795 2033 fidelibus
2841 1977 2977 2035 suis.
3015 1983 3274 2045 tanquam
3304 1971 3611 2041 discipulis,

2034 2069 2262 2140 ejusque
2296 2084 2395 2139 per
2420 2083 2643 2124 carnem
2670 2067 3016 2138 disciplinam
3047 2065 3282 2134 vitaeque
3315 2062 3616 2118 institutio-

2034 2176 2160 2215 nem
2191 2159 2559 2223 itnitantibus,
2587 2158 2917 2214 documenta
2945 2157 3074 2212 vita:
3099 2155 3368 2210 orationis
3394 2161 3617 2209 senten-

2036 2251 2140 2306 tias
2165 2251 2422 2320 dictaque
2453 2249 2759 2321 praeberet;
2806 2248 3015 2320 quibus
3045 2245 3190 2314 apud
3225 2260 3284 2300 se
3317 2260 3443 2299 vere
3473 2243 3616 2301 exsi-

2036 2349 2247 2397 stentes
2295 2341 2578 2412 sapientia:
2615 2350 2673 2396 et
2701 2340 2948 2396 scientiae
2994 2341 3285 2394 thesauros
3327 2334 3617 2391 abscondi-

2036 2440 2122 2487 tos
2160 2431 2484 2498 ostendit";
2520 2430 2588 2486 ad
2617 2445 2755 2501 quos
2791 2427 3078 2495 fruendos,
3101 2444 3294 2484 eorum
3328 2425 3424 2497 qui
3455 2436 3615 2482 orant

2036 2537 2100 2578 ac
2128 2531 2343 2593 petunt,
2369 2522 2730 2594 cupiditatem
2763 2536 3120 2592 amoremque
3154 2521 3408 2590 impellit.

2106 2613 2340 2679 Idcirco,
2370 2621 2526 2684 puto,
2556 2613 2699 2668 hanc
2733 2612 3017 2683 Scriptura
3045 2613 3372 2678 doctrinam,
3406 2609 3614 2666 oratio-

2037 2719 2186 2771 nem,
2216 2703 2401 2760 Graace
2435 2702 2764 2775 προσευχὴν,
2798 2702 3114 2773 appellavit,
3145 2710 3206 2758 ut
3233 2717 3356 2772 quae
3395 2715 3611 2764 eorum,

2038 2811 2161 2867 quae
2192 2811 2223 2851 a
2248 2796 2361 2852 Deo
2395 2795 2716 2850 hominibus
2743 2811 2842 2865 per
2875 2793 3107 2865 gratiam
3141 2792 3484 2856 tribuuntur,
3513 2790 3614 2845 do-

2037 2903 2260 2954 norum,
2293 2886 2620 2958 petitionem
2652 2886 3076 2956 complectatur.
3112 2883 3206 2940 Sic
3236 2883 3386 2939 enim
3427 2882 3617 2937 divino

2038 2977 2203 3034 aﬂlati
2256 2977 2483 3034 numine
2533 2979 2726 3034 Patres
2772 2977 2946 3032 nostri
2996 2975 3066 3032 de
3111 2975 3362 3031 oratione
3409 2973 3619 3047 (Cm

2039 3069 2360 3142 προσευχὴ),
2391 3070 2798 3136 disseruerunt,
2833 3068 3082 3123 dicentes
3118 3083 3133 3121 :
3165 3081 3286 3122 esse
3308 3064 3617 3122 orationem

362 3163 604 3232 πέφυκεν
647 3162 982 3234 ἀνθρώποις·
1019 3161 1348 3257 ῶσπερ-καὶ
1423 3163 1523 3234 τὴν
1582 3162 1766 3234 εὐχὴν,
1809 3164 1936 3218 ὑπό-

2039 3161 2361 3231 petitionem
2393 3176 2608 3227 eorum,
2637 3176 2760 3231 quae
2793 3161 2939 3214 Deus
2981 3173 3084 3229 pro
3128 3159 3315 3213 innata
3348 3156 3617 3223 bonitate,

365 3267 570 3322 σχεσιν,
612 3253 780 3324 ῆγουν
818 3252 1174 3322 ἐπαγγελίαν,
1206 3245 1281 3308 ὧν
1309 3253 1548 3325 γνησίως
1585 3254 1938 3326 λατρεύοντες

363 3341 485 3412 Θεῷ
523 3341 986 3414 προσκομίζουσιν
1014 3343 1310 3415 ἄνθρωποι,
1345 3343 1442 3416 τὴν
1476 3343 1697 3415 Γραφὴν
1731 3361 1939 3416 μαρτυο

369 3432 566 3504 ροῦσαν
585 3431 662 3503 τῷ
684 3434 870 3505 οἰκείῳ
899 3435 1043 3506 λόγῳ
1063 3434 1344 3506 πολλαχῶς
1370 3436 1622 3508 παραστή
1631 3453 1838 3502 σαντες,
1862 3435 1938 3500 ὡς

365 3523 445 3590 τδν
488 3523 782 3591 Εὖξασθε,
814 3526 912 3580 καί
963 3527 1218 3581 ἀπόδοτε
1257 3527 1449 3596 Κυρίῳ
1476 3525 1556 3592 τῷ
1585 3526 1705 3594 Θεῷ
1733 3525 1932 3597 ἡμῶν·

366 3615 480 3678 καὶ,
520 3615 678 3671 Ὅσα
708 3615 1012 3687 ηὐξάμην,
1037 3617 1329 3673 ἀποδώσω
1349 3631 1447 3672 σοι
1479 3617 1707 3687 Σωτῆρί
1721 3636 1842 3687 μου
1859 3617 1940 3683 τῷ

367 3707 560 3776 Κυρίῳ
588 3706 685 3779 (9)·
718 3708 846 3780 περὶ
869 3708 966 3780 τῆς
998 3709 1161 3780 εὐχῆς
1179 3709 1441 3780 εἰρημένα
1463 3725 1476 3738 ·
1510 3709 1603 3762 καὶ
1633 3706 1788 3772 αὖθις
1812 3711 1939 3781 περὶ

367 3799 693 3870 προσευχῆς,
711 3799 788 3864 ώς
808 3799 870 3853 τὸ
888 3839 903 3863 ,
934 3798 1042 3855 Καί
1063 3801 1450 3870 προσηύξατο
1485 3800 1761 3871 (1ι)”Αννα
1790 3801 1940 3869 πρὸς

367 3889 604 3958 Κύριον,
631 3888 896 3960 λέγουσα
915 3907 928 3922 ·
956 3892 1133 3960 Κύριε
1170 3891 1428 3956 Ἀδωνατ,
1479 3890 1645 3946 Ὲλωῒ
1672 3893 1936 3956 σαόαὼθ,

365 3977 475 4032 ἐὰν
527 3979 860 4034 εἰσακούων
923 3982 1292 4051 εἰσακούσῃς
1349 3981 1458 4052 τῆς
1515 3981 1736 4050 δούλης
1795 3999 1934 4050 σου,

368 4067 464 4122 καί
490 4067 611 4135 δῷς
653 4087 756 4141 μοι
800 4071 1035 4140 καρπὸν
1083 4073 1316 4140 κοιλίας
1338 4089 1352 4104 ⁶
1396 4071 1511 4137 καί,
1546 4075 1937 4143 Προσηύξατο

376 4159 638 4227 Ἐζεκίας
689 4161 989 4229 βασιλεὺς
1056 4163 1272 4228 Ἰούδα,
1331 4165 1430 4220 καί
1501 4165 1748 4232 Ἡσαΐας
1807 4167 1936 4232 υίὸς

381 4250 563 4319 Ἀμῶς
596 4254 629 4305 ό
655 4252 967 4322 προφήτης
995 4254 1145 4323 πρὸς
1185 4255 1403 4324 Κύριον
1425 4273 1438 4286 ·
1481 4257 1574 4310 καὶ
1601 4256 1680 4320 τὸ,
1718 4257 1833 4310 ’οτ’
1862 4257 1938 4312 ἂν

367 4339 533 4408 ὑμεῖς
569 4343 1012 4411 προσεύχησθε,
1065 4341 1291 4412 λέγετε,
1342 4343 1531 4412 Πάτερ
1583 4342 1752 4414 ἡμῶν
1793 4348 1827 4400 ὀ
1869 4347 1938 4400 ἐν

365 4430 491 4497 τοῖς
545 4431 843 4501 οὐρανοῖς,
909 4435 1060 4506 παρὰ
1105 4433 1197 4488 τοῦ
1245 4435 1452 4506 Κυρίου
1499 4437 1613 4499 τοῖς
1671 4437 1938 4508 μαθηταῖς

2041 3261 2203 3322 atque
2220 3263 2280 3308 ut
2309 3251 2488 3323 ipsum
2509 3252 2668 3308 decet
2682 3251 2900 3322 elargiri
2921 3249 3242 3306 hominibus
3260 3248 3502 3320 proclive
3523 3249 3620 3303 ha-

2041 3344 2164 3412 bet;
2223 3344 2686 3416 quemadmodum
2728 3352 2942 3409 votum,
2977 3343 3164 3399 Graece
3203 3341 3390 3412 εὐχὴν,
3423 3355 3616 3396 eorum

2040 3435 2486 3506 promissionem,
2518 3450 2614 3491 seu
2669 3432 3158 3503 nuncupationem,
3190 3446 3312 3502 qua:
3342 3428 3460 3485 veri
3499 3428 3613 3484 cul-

2043 3537 2190 3584 tores
2220 3528 2333 3583 Deo
2363 3527 2648 3583 on'erunt:
2684 3535 2849 3596 atque
2891 3525 3020 3581 huic
3061 3540 3174 3580 sua:
3225 3521 3510 3579 sententiae
3555 3535 3620 3576 ae

2041 3617 2350 3674 deﬁnitioni
2402 3618 2744 3689 Scripturam
2789 3616 2980 3671 multis
3039 3615 3177 3670 locis
3229 3613 3618 3684 astipulantem

2042 3709 2375 3778 producunt,
2410 3717 2469 3764 ut
2493 3717 2577 3763 est
2603 3706 2736 3762 illud
2760 3706 2828 3762 de
2857 3714 2988 3761 voto
3026 3705 3234 3760 dictum
3263 3723 3277 3759 :
3313 3704 3519 3770 Vovete,
3568 3711 3619 3758 et

2040 3799 2240 3853 reddite
2273 3797 2495 3853 Domino
2523 3797 2632 3852 Deo
2660 3805 2837 3851 nostra
2859 3796 2924 3850 ".
2960 3794 3031 3850 Et
3066 3811 3080 3849 :
3116 3793 3245 3860 Quae
3274 3795 3387 3848 vovi
3417 3794 3616 3855 omnia,

2041 3889 2260 3943 reddam
2297 3887 2391 3943 tibi
2421 3887 2646 3942 Domino
2669 3885 2898 3941 salutari
2931 3899 3046 3939 meo
3070 3884 3146 3951 ‘°;
3179 3898 3301 3952 quae
3323 3883 3467 3937 dicta
3489 3891 3618 3938 sunt

2041 3975 2109 4031 de
2135 3983 2293 4042 voto;
2337 3990 2401 4031 ac
2431 3989 2626 4029 rursus
2655 3972 2724 4028 de
2751 3973 3021 4040 oratione,
3059 3981 3120 4028 ut
3166 3981 3250 4027 est
3298 3969 3433 4024 illud
3483 3986 3498 4024 :
3546 3968 3616 4024 Et

2041 4071 2208 4124 orauit
2248 4068 2405 4123 Anna
2432 4068 2506 4122 ad
2526 4066 2834 4131 Dominum,
2881 4066 3094 4120 dicens:
3123 4063 3344 4118 Domine
3385 4061 3612 4126 Adonei,

2040 4159 2180 4216 Deus
2214 4160 2566 4224 exercituum,
2609 4159 2655 4213 si
2701 4158 2986 4213 exaudiens
3020 4154 3316 4212 exaudieris
3364 4151 3616 4208 ancillam

2041 4261 2208 4316 tuam,
2240 4259 2288 4306 et
2319 4249 2523 4304 dederis
2547 4250 2673 4305 mihi
2699 4249 2931 4321 fructum
2960 4249 3156 4305 uentris
3181 4247 3246 4301 ”.
3289 4245 3447 4310 Item,
3477 4243 3614 4301 Ora-

2040 4345 2112 4400 vit
2141 4333 2394 4398 Ezechias
2416 4357 2509 4397 rex
2539 4340 2702 4404 Iuda,
2730 4348 2779 4395 et
2803 4342 2975 4399 Isaias
2998 4339 3144 4411 [ilius
3175 4339 3333 4395 Amos
3364 4336 3617 4409 propheta

2045 4434 2115 4488 ad
2142 4432 2424 4487 Dominum
2445 4431 2509 4487 “'.
2547 4431 2606 4487 ld
2639 4430 2879 4504 denique
2912 4430 3060 4503 quod
3088 4446 3118 4486 ο
3145 4429 3377 4486 Domino
3411 4427 3616 4482 dictum

366 4520 653 4592 εἰρημένον
671 4539 684 4552 ·
711 4523 785 4586 ὠς
805 4518 944 4576 εἶναι
972 4523 1230 4579 δύνασθαι
1255 4524 1353 4595 τὴν
1377 4525 1472 4597 μὲν
1496 4525 1681 4596 εὐχὴν,
1711 4527 1936 4580 ἐντολῶν

2041 4534 2126 4581 est
2155 4522 2440 4594 discipulis
2471 4539 2485 4577 :
2514 4521 2647 4579 Cum
2670 4525 2946 4579 oraveritis
2975 4539 3086 4586 vos,
3110 4522 3262 4576 dicite
3289 4537 3306 4575 :
3333 4520 3497 4576 Pater
3519 4535 3616 4573 no-

365 4611 596 4680 τήρησιν
624 4611 765 4664 κατὰ
803 4611 1028 4683 γνώμην
1063 4612 1157 4666 τοῦ
1207 4612 1481 4685 ηύγμὲνου
1514 4615 1902 4686 κεκυρωμένην
1924 4632 1937 4645 ·

365 4699 466 4769 τὴν
496 4700 556 4753 δὲ
587 4701 910 4774 προσευχὴν,
945 4703 1046 4773 τῆς
1076 4705 1211 4776 πρὸς
1242 4704 1310 4759 τὰ
1337 4705 1642 4778 τηρηθέντα
1677 4707 1814 4760 καλὰ
1844 4707 1938 4762 τοῦ

366 4787 726 4860 τετηρηκότος
763 4792 1172 4862 μεταποιήσεως
1212 4791 1424 4862 αἴτησιν
1443 4809 1457 4824 ·
1494 4793 1528 4864 ἧ
1577 4794 1795 4865 μᾶλλον,
1840 4795 1942 4867 τὴν

370 4877 469 4946 μὲν
497 4877 662 4950 εὐχὴν
706 4880 908 4953 ἀρετῆς
948 4877 1132 4948 ἆθλον,
1170 4881 1200 4936 ὃ
1240 4883 1304 4954 δὴ
1353 4884 1586 4954 μάλιστα
1629 4889 1940 4959 προσφιλῶς

364 4967 578 5038 δέχεται
619 4970 752 5036 Θεὸς
795 4973 1328 5046 προσκομιζόμενον·
1363 4976 1463 5046 τὴν
1507 4975 1564 5029 δὲ
1607 4979 1936 5050 προσευχὴν,

2036 4625 2147 4671 ster
2171 4615 2262 4686 qui
2285 4615 2417 4669 eain
2447 4613 2630 4680 aclis;
2678 4623 2740 4670 ut
2774 4615 2953 4686 possit
3001 4615 3226 4687 quidem
3268 4621 3458 4668 votum
3497 4625 3618 4666 esse

2041 4707 2425 4762 mandatorum
2451 4705 2787 4772 observatio,
2830 4707 2971 4778 ejus,
3008 4707 3102 4778 qui
3133 4706 3304 4771 vovit,
3349 4702 3616 4760 sententia

2040 4813 2106 4853 ac
2128 4799 2411 4853 voluntate
2438 4797 2794 4866 conﬁrmata;
2837 4799 3014 4876 oratio
3051 4815 3208 4865 vero,
3226 4798 3441 4870 petitio,
3479 4803 3541 4850 ut
3571 4795 3618 4848 is

2041 4889 2138 4960 qui
2179 4890 2517 4956 observavit,
2559 4891 2616 4945 in
2645 4905 2710 4946 ea
2764 4906 2886 4962 qua:
2927 4891 3212 4947 observata
3255 4899 3402 4955 sunt,
3456 4886 3620 4958 350

2040 4980 2185 5035 bona
2211 4979 2530 5035 reducatur.
2558 4979 2685 5036 Sive
2729 4981 2934 5052 potius,
2960 4989 3149 5036 votum
3174 4980 3423 5052 quidem,
3441 4977 3618 5032 virtu-

437 5102 480 5134 “
506 5102 716 5159 Coloss.
747 5121 805 5172 ιι,
835 5105 890 5161 3.
969 5108 1012 5140 ⁸⁸
1040 5107 1183 5165 Psal.
1215 5125 1300 5174 xv,
1331 5109 1419 5164 12.
1497 5111 1540 5143 ¹⁸
1568 5109 1720 5166 Iona:
1751 5129 1808 5178 ιι,
1841 5112 1926 5168 10.

2036 5115 2048 5146 τ
2083 5114 2103 5170 1
2137 5114 2268 5186 Reg.
2300 5130 2317 5167 ι
2371 5112 2457 5168 10.
2535 5114 2577 5145 ⁸⁸
2603 5112 2649 5168 II
2675 5113 2853 5170 Paral.
2884 5130 3052 5181 xxxu,
3079 5113 3169 5168 20.

435 5236 512 5318 (εί)
565 5236 792 5318 Σῳτῄξρι
821 5256 984 5318 ¹μου,
1025 5239 1106 5306 τῷ
1133 5240 1574 5318 κυρίφηοτωςε
1627 5242 1932 5318 νυιεκςευς

361 5308 552 5388 τηρίου
581 5308 659 5376 τῷ
693 5308 902 5433 κυρεῖ,
941 5326 1050 5434 (για
1075 5308 1430 5383 νοοείρεεείηι
1462 5313 1691 5366 salutem
1713 5308 1763 5365 οἳ
1792 5313 1933 5368 LXX

365 5375 695 5434 Signiﬁcant.
746 5377 788 5433 C
869 5419 884 5434 .
917 5379 1073 5434 Aex.
1123 5383 1206 5434 ei:
1256 5383 1521 5434 σωτήριόν
1579 5399 1701 5434 μου.
1750 5398 1781 5434 a
1823 5399 1933 5434 auo

365 5375 884 5454 signiﬁcant.__C:od.
917 5375 1073 5437 Alex.
1116 5383 1206 5454 si;
1229 5375 1521 5454 ’σωτήριόν
1578 5399 1701 5451 μου,
1750 5398 1797 5454 a_
1823 5399 1935 5454 quo

367 5461 480 5500 non
507 5447 667 5519 longe
695 5447 853 5519 Vulg.
903 5466 1000 5518 pro
1041 5449 1216 5505 salute
1261 5447 1484 5506 Domino
1509 5491 1523 5516 ,
1571 5447 1634 5506 ut
1673 5459 1731 5508 et
1774 5447 1938 5508 Ar'ab.

369 5530 566 5597 nempe
583 5516 828 5597 salutem
882 5516 1254 5644 accipientes,
1293 5537 1395 5592 pro
1430 5530 1562 5577 voto
1586 5521 1642 5576 in
1675 5537 1795 5578 eam
1839 5538 1944 5578 eu-

369 5585 668 5640 chansttco
715 5603 729 5640 :
763 5603 890 5642 nam
926 5589 1003 5644 He
1050 5605 1154 5645 raea
1212 5601 1430 5648 sonant.
1471 5590 1630 5648 Salus
1667 5590 1888 5647 Domino
1925 5610 1942 5647 :

370 5631 664 5640 “mm---
715 5631 729 5640 .
926 5631 1154 5645 .-........,..
1212 5631 1430 5657 ..νυ-...η
1471 5631 1629 5648 νη...
1667 5631 1887 5647 mm"...
1925 5635 1938 5647 .

368 5655 478 5718 vel,
511 5662 574 5708 ut
602 5655 770 5722 Pagn.
802 5657 1032 5713 Domini.
1417 5705 1423 5711 .

443 5723 518 5801 (ζι)
568 5724 684 5801 Καὶ
733 5729 1136 5801 προσηύξατο.
1189 5729 1480 5801 Maximum
1539 5728 1762 5797 fefellit,
1796 5732 1942 5801 quod

370 5793 538 5850 verba
568 5793 705 5859 haec,
741 5793 863 5866 quae
889 5793 1060 5855 Annae
1091 5800 1304 5855 cantico
1337 5807 1602 5870 praeeunt.
1629 5801 1694 5856 ad
1723 5793 1943 5857 versum

2038 5263 2094 5310 ιι,
2122 5261 2172 5300 c.
2196 5261 2235 5307 ι,
2263 5242 2457 5314 traxit;
2492 5242 2802 5314 eaiscilicet
2835 5258 2958 5314 qua:
2985 5240 3435 5314 suntperationis,
3460 5239 3615 5314 adea

2039 5331 2159 5385 quae
2181 5321 2312 5369 sunt
2334 5312 2468 5385 voti.
2498 5312 2578 5366 lbi
2605 5313 2752 5385 enim
2785 5311 2889 5379 est,
2919 5313 3054 5385 Καί
3073 5311 3277 5385 ηὔξατο
3303 5311 3470 5381 εὐχὴν
3506 5312 3618 5385 Κύ-

2080 5383 2161 5454 ίῳ,
2193 5397 2298 5437 nec
2333 5381 2615 5454 ullus_est,
2641 5384 2738 5453 qui
2774 5399 2884 5438 non
2923 5381 3136 5446 reddat,
3164 5381 3234 5454 Et
3261 5390 3438 5454 votuin
3480 5381 3618 5435 vovit

2122 5450 2298 5522 mino,
2332 5450 2502 5522 quod
2531 5450 2713 5522 ipsum
2731 5460 2880 5508 tanta
2925 5451 3286 5522 sequentibus
3318 5450 3614 5522 verborum

2037 5521 2288 5593 emphasi
2315 5519 2472 5593 Anna
2526 5519 2924 5593 repraesentat;
2959 5519 3063 5577 nec
3113 5536 3360 5593 usquam_
3379 5520 3436 5574 in
3464 5519 3615 5593 ﬁeri:

2040 5589 2202 5663 ptura
2233 5592 2406 5663 major
2433 5592 2547 5663 voti
2579 5589 2884 5663 expressio,
2931 5593 3038 5648 etsi
3065 5607 3170 5646 nec
3196 5589 3292 5647 'illi
3329 5590 3488 5663 deest
3513 5589 3613 5663 ad-

2040 5659 2206 5717 inixta
2238 5659 2814 5733 oratio.Commodius
2841 5670 3021 5717 tamen
3057 5663 3367 5733 exemplum
3411 5660 3614 5716 licebat

2040 5733 2238 5789 all'erre
2265 5730 2519 5788 Maximo.
