4154 6322
589 394 693 465 liii}

1761 406 1819 466 s.
1860 407 2141 467 MAMMI
2185 376 2690 466 coxi‘Essoms

3745 400 3850 463 εει

588 518 659 573 Ii;
691 527 968 575 certamen
996 529 1102 582 est,
1126 520 1270 588 quod
1299 537 1428 577 sane
1450 522 1694 576 oblatum
1726 522 1866 574 Deus
1894 521 2172 591 benignis-

2274 521 2472 591 ἀρετῆς
2521 519 2785 573 ἔπαθλον
2836 518 2863 571 δ
2912 517 2976 589 δὴ
3036 516 3179 588 μάλα
3234 517 3438 587 χαίρων
3476 515 3607 579 Θεὸς
3662 515 3867 570 ἀντιδίο

589 610 728 665 sime
784 610 1046 679 suscipit;
1111 612 1289 666 oratio
1347 622 1553 677 autem,
1597 612 1818 666 virtutis
1865 613 2171 681 prtemium,

589 700 736 770 quod
770 701 916 756 Deus
945 702 1365 759 lubentissimus
1399 704 1637 774 reponit.

657 786 793 843 Cum
830 789 997 859 igitur
1025 807 1092 844 ex
1122 791 1287 847 dictis
1318 794 1611 862 probatum
1665 793 1756 857 sit,
1793 809 1915 848 esse
1965 793 2172 847 oratio-

588 892 712 932 nem
738 878 1009 932 bonorum
1042 866 1344 950 potionem,
1379 898 1616 951 quorum
1647 881 1889 936 Verbum
1920 881 2173 935 incarna-

589 978 704 1023 tum
756 978 953 1024 auctor
1002 971 1241 1036 exsistit,
1298 974 1476 1043 ipsum
1519 972 1681 1027 nobis
1717 981 2008 1027 contextus
2054 988 2179 1026 ora-

588 1060 757 1116 tionis
798 1060 1082 1117 doctorem
1124 1064 1509 1133 praalicicntes,
1556 1064 1790 1119 ﬁdenter
1827 1080 2171 1128 cnarremus,

589 1150 663 1207 ita
699 1166 830 1205 sane
867 1161 927 1206 ut
964 1153 1231 1222 cujusque
1278 1155 1564 1208 sententia:
1604 1168 1847 1217 sensum,
1877 1148 2056 1223 qu'oad
2092 1169 2177 1207 as-

587 1244 742 1312 sequi
774 1245 1198 1313 contemplando
1221 1246 1428 1309 licebit,
1460 1245 1848 1315 expediamus;
1897 1245 1976 1299 uti
2008 1245 2175 1298 nimi-

589 1350 712 1387 rum
743 1334 924 1404 ipsum
956 1336 1245 1390 commode
1277 1337 1515 1391 Verbum
1547 1338 1898 1407 suppeditare
1931 1338 2091 1403 solet,
2120 1346 2176 1392 et

589 1430 651 1477 ut
679 1423 918 1479 dicentis
948 1427 1239 1481 sententire
1262 1427 1343 1480 vis
1378 1426 1735 1498 intelligatur,
1763 1428 1977 1482 tribuit.

589 1531 754 1587 Pater
805 1543 1001 1599 noster,
1050 1536 1139 1605 qui
1188 1552 1240 1589 es
1274 1537 1328 1589 in
1376 1536 1935 1606 cazlis;sanctiﬁcetur
1987 1555 2175 1591 nomen

932 1610 1116 1669 tuum;
1152 1605 1396 1660 adveniat
1427 1624 1641 1678 regnum
1669 1605 1837 1661 tuum.

614 1724 617 1725 '
658 1703 911 1785 Congrue
952 1730 1078 1771 mox
1122 1732 1152 1769 a
1187 1716 1457 1788 theologia
1506 1719 1780 1788 auspicari
1824 1731 2043 1775 orantes
2076 1721 2176 1774 do-

593 1812 680 1859 cet
737 1805 1001 1861 Dominus
1057 1807 1209 1862 hisce
1267 1808 1470 1873 verbis,
1526 1825 1823 1878 rerumque
1880 1810 2177 1865 etl'ectricis

2276 613 2457 664 6mm.

2348 784 2575 848 Οὐκοῦν,
2609 783 2791 855 ἐπειδὴ
2824 782 3091 835 δέδεικται
3122 780 3231 834 τῶν
3257 781 3360 833 ὑπὸ
3387 780 3481 833 τοῦ
3512 781 3685 848 Λόγου
3720 797 3860 850 σαρ-

2277 878 2540 939 κωθέντος
2575 875 2796 944 ἀγαθῶν
2852 873 3067 944 αἴτησιν
3098 868 3236 926 εἶναι
3270 872 3367 942 τὴν
3401 871 3729 942 προσευχὴν,
3758 873 3864 925 αὐ-

2275 971 2366 1023 τὸν
2403 970 2840 1039 προστησάμενοι
2894 966 2988 1020 τοῦ
3041 967 3217 1035 Λόγου
3261 966 3360 1035 τῆς
3415 967 3722 1035 προσευχῆς
3766 964 3861 1016 τὸν

2274 1061 2612 1125 διδάσκαλον,
2644 1058 2973 1131 θαρροῦντες
3021 1058 3357 1128 ἐπέλθωμεν,
3413 1056 3688 1126 ἐπιμελῶς
3724 1056 3860 1109 ἑκά-

2277 1169 2401 1205 στου
2438 1150 2599 1221 ῥητοῦ
2620 1149 2998 1220 γυμνάσαντες
3025 1146 3236 1221 [γεηει.
3256 1158 3300 1200 et
3324 1146 3417 1200 Fr.
3439 1144 3858 1216 γυμνάζοντεςι,

2276 1247 2350 1308 ὡς
2380 1240 2490 1298 οἷόν
2518 1262 2600 1310 τε,
2632 1242 2833 1313 θεωρίᾳ
2864 1243 2962 1310 τὴν
2996 1240 3204 1294 ἔννοιαν
3223 1255 3238 1269 ⁸
3286 1239 3361 1301 ὡς
3397 1239 3558 1301 αὑτός
3595 1254 3655 1289 τε
3686 1254 3858 1307 χορη-

2276 1341 2394 1407 γεῖν
2426 1336 2813 1407 συμφερόντως
2841 1333 3029 1387 εἴωθεν
3058 1335 3085 1386 6
3114 1333 3307 1399 Λόγος,
3336 1331 3430 1383 καὶ
3453 1332 3651 1401 χωρεῖν
3675 1329 3859 1383 δίδωσι

2277 1432 2373 1502 τῆς
2407 1431 2498 1484 τοῦ
2530 1430 2782 1497 λέγοντος
2812 1428 3044 1490 διανοίας
3076 1426 3174 1497 τὴν
3202 1426 3449 1495 δύναμιν.

2277 1544 2468 1613 Πάτερ
2498 1542 2684 1613 ἡμῶν,
2715 1545 2747 1595 ό
2776 1542 2845 1599 ἐν
2888 1540 3013 1613 τοῖς
3039 1537 3316 1613 οἰιρζινρῒς
3335 1554 3347 1565 ·
3380 1535 3741 1613 ,ἁγιασθήτω
3789 1535 3859 1591 τὸ

2469 1609 2655 1681 ὄνομά
2685 1629 2801 1665 σου
2822 1629 2835 1642 ·
2876 1610 3097 1665 ἐλθέτω
3127 1610 3164 1675 ἡ
3198 1609 3488 1672 βασιλεία
3517 1624 3654 1661 σου.

2350 1727 2523 1789 Εὐθὺς
2552 1722 2898 1795 καθηκόντως
2944 1722 3220 1789 θεολογίας
3256 1723 3313 1773 ὲν
3343 1719 3556 1783 τούτοις
3604 1719 3857 1791 ἀπάρξα-

2281 1811 2399 1865 σθαι
2433 1811 2673 1863 διδάσκει
2703 1813 2814 1872 τοῖς
2844 1808 3299 1880 προσευχομένοις
3332 1811 3361 1861 6
3392 1811 3613 1878 Κύριος,
3643 1810 3737 1862 καὶ
3757 1808 3857 1879 τήν

593 1912 769 1951 causa:
789 1898 1188 1964 exsistentiam,
1214 1916 1439 1970 quoquo
1469 1902 1631 1956 modo
1662 1902 1951 1968 initiando,
1977 1904 2175 1973 aperit,

2282 1919 2396 1965 πως
2426 1899 2659 1969 ὕπαρξιν
2696 1901 2793 1971 τῆς
2825 1899 2931 1953 τῶν
2977 1900 3144 1953 ὄντων
3189 1901 3474 1969 ποιητικῆς
3518 1901 3699 1963 αἰτίας
3749 1920 3857 1971 μυ-

592 1988 686 2057 qui
725 1988 839 2058 ipse
877 2006 972 2060 per
995 1992 1291 2046 essentiam
1322 2008 1507 2047 rerum
1539 2008 1702 2047 causa
1753 2003 2053 2064 auctorque
2085 1996 2175 2051 sit.

593 2079 772 2134 Patris
801 2082 970 2148 enim,
1001 2090 1057 2137 et
1085 2083 1325 2137 nominis
1358 2084 1561 2148 Patris,
1591 2086 1855 2158 regnique
1887 2086 2064 2141 Patris
2086 2087 2179 2142 de-

594 2158 949 2230 clarationem
979 2174 1183 2229 habent
1205 2177 1478 2231 orationis
1498 2178 1700 2242 verba;
1746 2187 1805 2231 ut
1828 2179 1896 2232 ab
1923 2179 2041 2248 ipso
2070 2190 2181 2234 sta-

596 2268 696 2316 tim
731 2267 978 2332 exordio,
1031 2267 1239 2326 unitate
1279 2277 1619 2324 constantem
1657 2269 2004 2336 Trinitatem,
2038 2272 2183 2325 cole-

598 2371 677 2421 re,
708 2357 989 2423 invocare,
1019 2358 1272 2413 venerari
1304 2359 1601 2415 discamus.
1639 2360 1735 2414 Dei
1789 2361 1934 2417 enim
1969 2377 2032 2416 ac
2076 2362 2179 2416 Pa-

596 2447 699 2504 tris
733 2463 935 2502 nomen
964 2449 1330 2504 essentialiter
1364 2451 1691 2517 subsistens,
1719 2453 2036 2523 unigenitus
2089 2452 2178 2507 Fi-

595 2534 705 2592 lius
752 2546 873 2604 est;
933 2539 1140 2609 Deique
1185 2555 1249 2593 ac
1302 2541 1479 2595 Patris
1533 2557 1759 2611 regnum
1811 2543 2183 2597 essentialitcr

595 2628 922 2693 subsistens,
957 2618 1196 2703 Spiritus
1244 2640 1484 2686 sanctus.
1538 2631 1693 2698 Quod
1742 2634 1890 2687 enim
1928 2633 2017 2687 hic
2041 2634 2179 2687 Mat-

594 2719 771 2775 tbaaus
805 2736 1032 2792 regnum
1068 2731 1247 2787 vocat,
1283 2723 1425 2776 alius
1470 2722 1578 2785 alio
1603 2724 1841 2793 quodam
1872 2725 1993 2780 loco
2013 2740 2182 2778 evan-

595 2808 788 2873 gelista
840 2810 1135 2879 appellavit
1188 2812 1455 2881 Spiritum
1498 2823 1770 2877 sanctum,
1820 2814 2050 2869 dicens:
2088 2814 2181 2868 Ve-

592 2901 708 2953 niat
740 2897 971 2969 Spiritus
1006 2911 1220 2957 sanctus
1254 2913 1392 2968 tuus,
1419 2913 1468 2957 et
1501 2906 1713 2961 munde!
1744 2923 1860 2959 nos.
1884 2907 2004 2960 Non
2029 2907 2177 2961 enim

594 2988 894 3042 ascititium
952 3006 1151 3045 nomen
1211 2992 1379 3047 habet
1425 2994 1587 3048 Pater
1639 3010 1703 3049 ac
1765 2994 2069 3060 faetitium;
2121 3005 2181 3052 ut

597 3094 773 3147 neque
828 3068 1053 3153 regnum
1119 3084 1477 3156 intelligimus
1510 3086 1660 3140 velut
1704 3086 2025 3158 dignitatem
2059 3104 2180 3158 qua:

594 3168 674 3222 illi
708 3167 1011 3224 advenerit.
1056 3172 1175 3226 Non
1206 3174 1353 3226 enim
1384 3174 1550 3244 cmpit
1576 3191 1718 3240 esse,
1753 3184 1814 3229 ut
1843 3187 1957 3233 tum
1992 3189 2167 3251 pater,

596 3266 713 3312 tum
746 3275 841 3313 rex
878 3275 1000 3315 esse
1034 3262 1336 3333 inciperet;
1383 3266 1477 3319 sed
1507 3281 1631 3320 cum
1660 3267 1731 3322 sit
1759 3282 1995 3337 semper,
2029 3283 2172 3324 sem-

595 3364 695 3419 per
726 3350 892 3404 etiam
925 3360 1100 3420 pater,
1130 3369 1194 3407 ac
1231 3370 1325 3409 rex
1354 3364 1469 3420 est;
1518 3364 1577 3409 ut
1607 3373 1785 3427 neque
1818 3373 1961 3423 esse,
1998 3373 2176 3426 neque

594 3449 770 3510 pater,
805 3452 902 3495 aut
953 3459 1048 3496 rex
1078 3459 1218 3508 esse,
1254 3445 1479 3500 omnino
1519 3449 1768 3517 cmperit.
1824 3447 1920 3502 Sin
1971 3460 2183 3524 autem,

594 3546 813 3601 semper
849 3548 973 3587 cum
1006 3534 1097 3598 sit,
1136 3550 1353 3606 semper
1392 3546 1505 3591 tum
1539 3548 1714 3607 pater,
1756 3548 1870 3593 tum
1907 3556 2004 3593 rex
2036 3540 2180 3594 exsi-

593 3622 690 3676 stit
723 3640 735 3675 :
774 3637 991 3692 semper
1029 3624 1218 3695 utique
1260 3628 1426 3682 etiam
1462 3629 1654 3692 Filius,
1692 3645 1755 3683 ac
1785 3630 2022 3703 Spiritus
2053 3647 2179 3686 san-

593 3720 716 3767 ctus
752 3712 1120 3769 essentialiter
1149 3732 1278 3771 vere
1317 3718 1462 3772 Patri
1494 3719 1935 3783 cocx'stiterunt;
1983 3724 2076 3793 qui
2108 3738 2177 3777 cx

594 3804 733 3873 ipso,
765 3805 931 3877 inque
974 3806 1094 3876 ipso
1128 3819 1325 3863 natura
1350 3821 1502 3875 sunt,
1532 3826 1696 3884 supra
1730 3828 1948 3869 causam
1982 3830 2046 3868 ac
2087 3832 2175 3869 ra-

597 3895 829 3962 tionem,
856 3913 965 3952 non
1018 3908 1140 3968 post
1181 3901 1358 3970 ipsum
1404 3911 1613 3971 postea,
1664 3912 1890 3975 propter
1934 3921 2173 3970 causam,

593 4003 690 4041 seu
731 3988 824 4043 illa
855 3990 1188 4059 impellente,
1231 3992 1358 4049 facti
1394 3994 1522 4049 sint.
1576 3995 1788 4051 Rclatio
1833 3997 1978 4051 enim
2027 4014 2176 4052 com-

594 4076 932 4131 monstrandi
967 4077 1076 4131 vim
1096 4078 1279 4145 habet,
1305 4096 1369 4135 ea
1398 4097 1630 4150 quorum
1653 4092 1739 4138 est
1780 4085 1991 4149 relatio,
2012 4095 2177 4156 atque

592 4164 816 4233 dicitur,
854 4167 957 4223 alia
1004 4171 1128 4225 aliis
1178 4172 1483 4241 posteriora
1531 4173 1757 4246 intelligi
1811 4191 1918 4230 non
1967 4177 2174 4232 sinens.

662 4258 828 4313 Pater
864 4268 1060 4315 noster.
1088 4292 1159 4301 —
1183 4263 1336 4319 lianc
1380 4263 1548 4334 igitur
1588 4267 1935 4335 auspicantes
1971 4268 2176 4321 oratio-

595 4363 742 4414 nem,
771 4350 1299 4407 consubstantialem
1339 4369 1403 4408 ac
1437 4356 1954 4429 supercssentialem
1989 4357 2177 4412 Trini-

594 4447 782 4502 tatem,
826 4448 888 4493 ut
919 4442 1091 4496 nostri
1141 4458 1362 4501 causam
1406 4446 1763 4513 effectricem,
1812 4448 1969 4517 351
2014 4458 2177 4518 atque

2282 1984 2571 2061 σταγωγεί,
2612 1991 2731 2045 κατ’
2759 1992 2946 2045 οὐσίαν
2975 1991 3084 2045 τῶν
3114 1991 3281 2044 ὄντων
3313 1993 3482 2055 αἴτιος
3513 1990 3602 2044 ὢν.
3642 1992 3856 2061 Πατρὸς

2238 2076 2409 2155 ⁸γᾶιρ,
2442 2085 2536 2137 καὶ
2585 2085 2845 2154 ὀνόματος
2880 2077 3116 2153 Παθτρὸς,
3170 2084 3264 2138 καὶ
3318 2083 3596 2154 βασιλείας
3643 2084 3856 2156 Πατρὸς

2242 2182 2247 2189 ’
2279 2176 2510 2246 δήλωσιν
2540 2176 2652 2245 ἔχει
2684 2175 2783 2243 τῆς
2817 2176 3122 2246 προσευχῆς
3146 2175 3212 2228 τά
3235 2176 3374 2244 ρητά
3396 2192 3409 2206 ο
3443 2175 3510 2228 ἵν’
3545 2176 3639 2227 ἀπ’
3683 2175 3855 2243 αὐτῆς

2279 2267 2613 2337 διδαχθῶμεν
2658 2266 2755 2336 τῆς
2806 2267 2978 2336 ἀρχῆς
3041 2266 3140 2337 τὴν
3183 2266 3472 2337 μοναδικὴν
3518 2267 3723 2338 Τριάδα
3768 2266 3856 2319 σέ-

2238 2360 2244 2365 ’
2281 2359 2427 2422 ϐεεν,
2460 2358 2835 2413 ἐπικαλεῖσθαί
2866 2376 2923 2412 τε
2968 2359 3063 2413 καὶ
3108 2361 3448 2430 προσκυνεῖν.
3489 2360 3699 2430 ’Όνομα
3743 2359 3857 2428 γὰρ

2238 2452 2245 2457 ’
2280 2451 2372 2505 τοῦ
2398 2451 2532 2504 Θεοῦ
2566 2452 2660 2504 καὶ
2684 2451 2893 2522 Πατρὸς
2925 2450 3198 2514 οὐσιωδῶς
3232 2450 3474 2519 ὑφεστὼς
3510 2453 3652 2504 ἐστιν
3681 2454 3709 2503 6
3755 2470 3858 2531 μοτ

2281 2541 2505 2614 νογενὴς
2538 2544 2663 2605 Υἱός
2688 2560 2701 2573 ⁸
2752 2543 2845 2596 καὶ
2881 2542 3122 2612 βασιλεία
3171 2542 3265 2595 τοῦ
3304 2542 3437 2595 Θεοῦ
3488 2545 3578 2597 καὶ
3619 2544 3852 2612 Πατρὸς,

2281 2631 2551 2695 οὐσεωδῶς
2583 2632 2727 2685 ἐστιν
2759 2632 3067 2701 ὑφεστῶσα,
3116 2631 3177 2683 τὸ
3213 2631 3433 2701 Πνεῦμα
3463 2632 3522 2684 τὸ
3556 2632 3732 2701 ἅγιον.
3788 2635 3855 2687 Ὃ

2281 2724 2387 2795 γὰρ
2420 2723 2651 2776 ἐνταῦθα
2692 2724 2964 2786 Ἀῐατθαίός
2990 2740 3120 2793 φησι
3152 2722 3441 2793 βασιλείαν,
3476 2724 3710 2793 ἀλλαχοῦ
3741 2724 3856 2777 τῶν

2282 2812 2676 2881 εὐαγγελιστῶν
2732 2813 2916 2884 ἕτερος
2964 2813 3186 2881 Πνεῦμα
3231 2812 3494 2882 κέκληκεν
3539 2814 3714 2880 ἆγιον,
3747 2816 3854 2883 φά-

2284 2920 2447 2966 σκων.
2493 2904 2742 2958 Ἐλοέτω
2782 2919 2898 2957 σου
2943 2903 3007 2957 τὸ
3036 2903 3276 2974 Πνεῦμα
3308 2904 3370 2976 (ἰ)
3400 2903 3466 2958 τὸ
3512 2904 3704 2974 ἅγιον,
3752 2906 3854 2960 καὶ

2281 2994 2653 3063 καθαρισάτω
2681 2992 2857 3065 ἡμᾶς.
2899 2996 2970 3048 06
3002 2994 3111 3066 γὰρ
3138 2995 3428 3065 ἐπίκτητον
3456 2997 3485 3048 6
3522 2997 3709 3067 Πατὴρ
3738 2997 3851 3067 ἔχει

2279 3086 2338 3138 τὸ
2372 3087 2560 3156 ὄνομα,
2605 3084 2723 3138 οὗτε
2767 3086 2872 3156 μὴν
2899 3084 2973 3148 ὡς
3000 3085 3154 3150 ἀξίαν
3196 3083 3664 3157 ὲπιθεωρουμὲνην
3701 3088 3853 3157 αὐτῷ

2280 3176 2507 3246 νοοῦμεν
2540 3175 2637 3245 τὴν
2668 3175 2961 3245 βασιλείαν.
2985 3177 3097 3229 Οὐκ
3119 3171 3317 3248 ἦρκται
3337 3177 3448 3247 γὰρ
3476 3177 3568 3232 τοῦ
3591 3173 3729 3233 εἶναι
3760 3180 3848 3249 (ft.

2279 3268 2366 3319 ἴνα
2397 3268 2491 3320 καὶ
2535 3268 2627 3319 τοῦ
2674 3266 2855 3338 πατὴρ
2891 3267 2923 3337 ἦ
2977 3267 3225 3336 βασιλεὺς
3272 3262 3411 3321 εἶναι
3440 3267 3685 3339 ἄρξηται*
3735 3269 3852 3337 ἀλλ’

2278 3359 2363 3413 ἀεὶ
2389 3357 2484 3420 ὢν,
2520 3358 2608 3411 ἀεὶ
2654 3359 2745 3411 καὶ
2776 3358 2959 3429 πατήρ
2996 3360 3110 3412 ἐστι
3141 3360 3233 3411 καὶ
3261 3357 3538 3428 βασιλεύς·
3589 3360 3723 3431 μήτε
3750 3361 3848 3415 τοῦ

2277 3446 2437 3515 εἶναι,
2487 3451 2621 3522 μήτε
2660 3448 2755 3502 τοῦ
2789 3449 2968 3520 πατὴρ
2997 3450 3028 3521 ἢ
3073 3450 3324 3519 βασιλεὺς
3354 3446 3494 3504 εἶναι
3523 3451 3849 3521 τοπαράπαν

2277 3542 2571 3611 ἠργμένος.
2604 3541 2666 3594 Ei
2696 3540 2750 3592 δὲ
2780 3542 2864 3593 ἀεὶ
2896 3540 2989 3604 ὢν,
3020 3540 3226 3594 ἁεὶ’καὶ
3257 3542 3440 3612 πατήρ
3476 3544 3591 3596 ἐστι
3622 3542 3716 3595 καὶ
3750 3541 3848 3610 βα-

2279 3632 2483 3698 σιλεὺς,
2509 3633 2595 3686 ἀεὶ
2623 3633 2729 3702 ἄρα
2761 3633 2853 3686 καὶ
2880 3635 2908 3685 6
2936 3632 3062 3693 Υἱὸς
3094 3631 3188 3686 καὶ
3218 3631 3279 3685 τὸ
3322 3631 3545 3702 Πνεῦμα
3588 3632 3648 3685 τὸ
3693 3633 3848 3700 ἅγιον

2276 3723 2547 3787 οὐσιωδῶς
2605 3722 2683 3793 τῷ
2750 3724 2926 3795 Πατρὶ
3004 3724 3500 3795 συνυφεστήκασιν,
3576 3722 3635 3788 ἐξ
3681 3723 3848 3777 αὐτοῦ

2276 3831 2336 3866 τε
2397 3812 2545 3879 δντα,
2598 3813 2687 3867 καὶ
2734 3815 2793 3869 ὲν
2845 3813 2994 3885 αὐτῷ
3041 3814 3303 3884 φυσικῶς,
3350 3814 3486 3885 ὑπὲρ
3536 3813 3714 3867 αἰτίαν
3755 3816 3848 3868 καὶ

2279 3901 2465 3971 λόγον,
2523 3901 2637 3956 ἀλλ’
2696 3903 2757 3956 οὺ
2817 3904 2933 3975 μετ’
2981 3902 3169 3968 αὐτὸν,
3216 3903 3480 3971 γενόμενα
3554 3902 3621 3958 δι’
3668 3903 3848 3957 αἰτίαν

2279 3992 2523 4064 ὕστερον.
2575 3995 2639 4047 Ἡ
2689 3993 2796 4062 γὰρ
2830 3994 3009 4063 σχέσις
3052 3993 3423 4060 συνενδείξεων
3464 3992 3723 4062 κέκτηται
3754 3992 3844 4045 δύ-

2279 4101 2441 4154 ναμιν
2464 4126 2478 4149 ,
2515 4086 2583 4137 τὰ
2624 4077 2699 4138 ὧν
2733 4085 2847 4137 ἔστι
2878 4102 2937 4137 τε
2986 4087 3075 4137 καί
3104 4084 3321 4153 λέγεται
3351 4085 3553 4155 σχέσις,
3587 4084 3705 4157 μετ’
3748 4083 3844 4138 ἄλ-

2276 4175 2416 4245 ληλα
2438 4174 2510 4245 (It)
2545 4174 2864 4245 θεωρεῖσθαι
2899 4174 2973 4246 μὴ
3009 4174 3385 4245 συγχωροῦσα.

2348 4267 2563 4335 Ταύτης
2589 4261 2679 4319 οὖν
2700 4264 3071 4337 ἀπαρξάμενοι
3097 4266 3196 4335 τῆς
3216 4265 3542 4338 προσευχῆς.
3566 4265 3844 4338 γεραίρειν

2244 4346 2250 4353 ’
2279 4354 2583 4423 ὲναγόμεθα
2616 4353 2691 4426 [in
2723 4366 2824 4410 tat.
2852 4353 3207 4428 ἐπειγόμεθα]
3235 4355 3331 4425 τὴν
3358 4352 3642 4425 ὁμοούσιόν
3669 4372 3728 4408 τε
3754 4356 3846 4407 καὶ

2280 4444 2601 4517 ὐπερούσιον
2629 4444 2851 4514 Τριάδα,
2884 4445 2959 4507 ὡς
2998 4445 3285 4517 ποιητικὴν
3312 4446 3489 4499 αἰτίαν
3519 4445 3618 4517 τῆς
3647 4445 3843 4517 ἡμετέ-

593 4538 896 4594 auctorem,
916 4533 1165 4586 venerari
1191 4534 1509 4604 honoreque
1530 4539 1788 4607 prosequi
1813 4538 2172 4593 instituimur.

2280 4557 2380 4611 ρας
2405 4537 2686 4608 γενέσεως.
2724 4538 2864 4608 Πρὸς
2904 4537 2991 4601 δὲ,
3016 4538 3109 4590 καὶ
3149 4536 3247 4609 τὴν
3287 4537 3365 4601 είς
3408 4538 3557 4607 ἡμᾶς
3592 4535 3846 4603 ἐξαγγέλ-

593 4617 675 4671 Ad
716 4618 833 4672 haec
868 4636 1002 4675 vero
1046 4623 1233 4686 etiam,
1286 4639 1602 4682 concessam
1654 4629 1816 4684 nobis
1866 4631 2182 4700 adoptionis

594 4708 825 4777 gratiam
857 4711 1076 4777 eﬂ’errc,
1110 4729 1174 4769 ac
1202 4718 1492 4773 enuntiare
1534 4720 1819 4787 docemur,
1860 4722 1954 4791 qui
2000 4723 2178 4792 ipsum

596 4809 790 4855 natura
820 4803 1094 4872 opiﬁcem,
1121 4822 1218 4877 per
1244 4810 1475 4879 gratiam
1508 4811 1725 4865 Patrem
1750 4829 1944 4867 vocare
1970 4830 2181 4868 merea-

596 4906 761 4945 mur:
799 4901 860 4947 ut
901 4896 1022 4965 ejus
1043 4898 1134 4966 qui
1167 4901 1339 4969 gratia
1374 4903 1560 4969 genuit
1588 4904 2054 4972 nuncupationem
2089 4920 2180 4959 re-

591 4982 778 5049 veriti,
830 4985 1100 5043 institutis
1163 4992 1285 5047 vita:
1350 4994 1661 5048 rationibus
1710 4996 1954 5064 parentis
2006 4994 2181 5051 nostri

666 5139 726 5222 (ξ)
764 5140 1049 5222 -ᾘλᾷέτω
1079 5161 1196 5222 σρυ
1235 5148 1314 5222 τὸ-
1342 5150 1602 5222 Πνεῦμα,
1645 5151 1882 5222 Perinde
1934 5151 2166 5221 Nyssen.

593 5217 735 5283 orat.
764 5209 877 5283 βίη
911 5212 1062 5266 Orat.
1104 5216 1457 5283 Dominicam,
1500 5209 1606 5274 'ubi
1633 5221 1711 5274 ait
1742 5223 1815 5275 ita
1854 5222 1939 5276 bis
1975 5209 2171 5275 haberi

593 5278 737 5360 apud
763 5279 964 5360 Ducam
998 5299 1010 5334 :
1046 5294 1391 5360 curmtamen
1418 5278 1582 5342 modo
1614 5292 1948 5360 exemplaria
1990 5292 2176 5345 omnia

594 5348 739 5399 idem
785 5348 1026 5424 habeant
1058 5353 1203 5421 apud
1236 5357 1544 5411 Matthzeum
1579 5369 1634 5413 et
1668 5348 1869 5414 Lucam
1897 5378 1912 5424 ;
1946 5377 2048 5414 nec
2093 5362 2178 5414 in-

596 5425 866 5496 terpretes
900 5422 1139 5496 aliquam
1179 5426 1450 5493 ejusmodi
1487 5427 1865 5485 diversitatem
1904 5422 2170 5484 indicent.

596 5485 674 5536 Ac
696 5485 968 5567 videatur_
993 5485 1261 5567 Masimus
1285 5511 1371 5567 _ex
1420 5498 1668 5567 Nysseno
1700 5500 1970 5563 hausisse,
2002 5500 2172 5553 unde-

596 5559 1061 5639 ?llthne‘tjtndem
1098 5559 1489 5639 ille_ltabuerit'.
1528 5568 1681 5622 Unus
1709 5570 1839 5639 Reg.
1873 5559 2041 5623 codex
2071 5569 2170 5622 ha-

597 5620 690 5708 bet
717 5626 1009 5708 ἐπελθέτω,
1041 5632 1199 5708 quasi
1225 5620 1607 5708 superveniai,
1628 5620 1744 5699 aui,
1778 5620 2055 5708 ίῖναετενεα,
2101 5639 2172 5691 ad

596 5694 706 5777 ((ςρ
734 5695 959 5777 ,ινξηὶιζη
996 5694 1153 5777 quasi
1206 5694 1417 5777 nedum
1462 5694 2012 5777 virtutempetamus
2046 5694 2165 5765 iDei

597 5767 839 5846 nominis
884 5767 1162 5846 in_nobis
1208 5767 1880 5846 sanctilicationem),'sed
1932 5789 1986 5832 et
2032 5794 2168 5846 prae-

598 5833 795 5893 mium.
829 5833 975 5901 quod
1007 5837 1158 5905 regni
1185 5842 1403 5895 nomine
1431 5845 1629 5900 clarius
1657 5833 1992 5917 destinetur.

2272 4629 2387 4681 λειν
2436 4626 2797 4697 διδασκόμεθα
2846 4626 3005 4697 χάριν
3057 4625 3156 4696 τῆς
3207 4624 3495 4691 υἱοθεσίας,
3554 4626 3644 4678 τὸν
3689 4625 3847 4695 φύσει

2272 4719 2599 4790 δημιουργὸν
2650 4719 2830 4789 χάριτι
2868 4717 3088 4787 Πατέρα
3137 4716 3322 4769 καλεῖν
3367 4716 3710 4787 ἀξιούμενοι·
3761 4717 3846 4769 ἵνα

2273 4812 2366 4865 τοῦ
2410 4810 2552 4864 κατὰ
2585 4811 2744 4882 χάριν
2794 4810 3122 4879 Γεννήτορος
3159 4808 3491 4870 αἰδεσθέντες
3540 4810 3637 4878 τὴν
3682 4826 3848 4878 προσ-

2278 4903 2528 4972 ηγορίαν,
2578 4904 2633 4954 ὲν
2666 4900 2741 4969 τῷ
2778 4900 2875 4971 βίῳ
2906 4894 3032 4961 τοὺς
3056 4899 3409 4969 χαρακτῆρας
3464 4899 3845 4968 ἑπισημαίνειν

2274 4993 2662 5064 σπουδάζωμεν
2683 4991 2775 5045 τοῦ
2807 4991 3187 5061 γεννήσαντος,
3213 4988 3529 5057 ἀγιάζοντες
3557 4989 3722 5041 αὑτοῦ
3755 4991 3849 5042 ἐπὶ

2356 5150 2420 5221 (j)
2453 5145 2813 5221 Οὐκ-ἦρκται
2845 5147 2954 5221 γὰρ
2978 5148 3100 5221 ,τοῦ
3133 5142 3304 5221 εἶναι.
3347 5147 3467 5221 Non
3494 5147 3661 5221 cozpit
3700 5162 3844 5199 esse.

2280 5216 2551 5274 Dormitat
2573 5217 2739 5273 Cord.
2773 5218 2865 5285 qui
2899 5216 3110 5277 reddat,
3146 5216 3264 5269 Non
3292 5218 3430 5269 enim
3476 5217 3660 5286 suﬁicit
3700 5233 3849 5281 esse;

2276 5290 2384 5345 nisi
2416 5290 2556 5343 forte
2594 5289 2668 5341 ita
2698 5287 2947 5356 przelum,
2979 5301 3043 5339 ac
3072 5288 3164 5354 qui
3197 5286 3439 5354 regebat,
3466 5286 3546 5340 illi
3573 5288 3844 5355 peccavit.

2348 5360 2419 5427 (kl
2453 5358 2588 5412 Μετ’
2611 5357 2867 5422 ἄλληλα.
2896 5357 3086 5410 Relata
3135 5356 3301 5409 simul
3343 5365 3540 5427 natura
3585 5365 3737 5417 sunt,
3769 5357 3846 5409 si-

2274 5429 2499 5497 mulque
2523 5427 2931 5495 concipiuntur,
2969 5440 3078 5497 non
3110 5426 3485 5497 uttumkaltero
3522 5427 3799 5497 posterius
3829 5444 3843 5479 :

2272 5494 2431 5566 cujus
2488 5494 2858 5551 contrarium.
2894 5495 3094 5566 vitiosa
3136 5494 3226 5566 illa
3277 5494 3395 5550 Cat.
3463 5494 3579 5564 μετ’
3598 5495 3847 5566 ἀλλήλων

2273 5564 2593 5635 θεωρεῖσθαι
2621 5568 2694 5635 μὴ
2722 5565 3099 5635 συγχωροῦσα,
3157 5564 3273 5617 Νοη
3307 5567 3485 5618 sinens
3534 5567 3689 5634 quasi
3732 5564 3846 5617 alia

2272 5633 2397 5688 aliis
2445 5633 2899 5705 socia,‘siinulque
2938 5633 3182 5705 intelligi.
3210 5635 3364 5689 Unde
3398 5635 3512 5689 hate
3547 5633 3846 5705 relatorum

2270 5712 2487 5768 natura,
2533 5713 2628 5758 aut
2662 5703 3065 5773 grammatica?
3111 5704 3215 5758 Sed
3272 5705 3493 5772 longum
3536 5713 3683 5758 esset
3725 5704 3850 5771 ejus

2268 5776 2449 5845 Otttttia
2476 5776 2691 5837 menda,
2721 5784 2776 5827 et
2796 5774 3018 5843 quidem
3051 5775 3259 5844 gravia,
3288 5774 3534 5830 indicare
3565 5793 3577 5829 :
3601 5790 3723 5845 qua:
3748 5775 3849 5828 do-

2268 5844 2413 5897 cebit
2450 5846 2564 5915 ipsa
2589 5845 2826 5900 collatio.
