4126 6316
298 448 411 516 885

1278 390 1678 507 EXPOSiTiO
1715 442 2126 506 OR.\TlONiS
2166 438 2407 501 DOMiN
2417 440 2554 501 iC.’E

3432 438 3540 503 836

301 572 403 640 γῆς
433 562 492 618 τὸ
528 561 717 631 ὄνομα,
754 560 846 611 καὶ
877 557 1274 630 πατρὼζοντες,
1307 561 1398 611 καὶ
1432 558 1598 612 τέκνα
1623 557 1713 612 διὰ
1753 559 1859 612 τῶν

1966 574 2315 630 characteres
2355 573 2587 629 reddere
2638 572 2974 638 Studeamus,
3001 572 3401 631 sanctiﬁcantes
3438 592 3539 632 no-

297 653 631 725 πραγμάτων
659 651 1018 720 δεικνύμενοι,
1056 652 1150 704 καὶ
1197 650 1289 703 τὸν
1335 650 1536 719 ταύτης
1564 652 1861 722 αὐτουργὸν

293 744 393 814 τῆς
425 742 690 804 υἱοθεσίας
723 740 947 811 φυσικὸν
975 738 1070 793 τοῦ
1093 740 1304 812 [ἰατρὸς
1336 740 1483 806 Υίὺν,
1510 742 1577 796 δι’
1608 735 1682 796 ὧν
1712 743 1858 796 νοοῦ-

297 852 395 904 μεν
423 834 456 906 ἢ
493 834 820 907 πράττομεν,
854 832 1261 904 μεγαλύνοντες.

371 1009 693 1081 Ἀγιάζομεν
724 1010 779 1064 δὲ
809 1011 902 1065 τοῦ
931 1012 987 1065 ἐν
1018 1013 1263 1091 οὐρανοῖς
1285 1014 1427 1069 κατά
1459 1018 1616 1090 χάριν
1638 1021 1851 1093 Πατρδς

290 1101 352 1154 τὺ
403 1100 591 1171 ὄνομα,
631 1100 730 1171 τὴν
772 1100 1035 1171 πρόσυλο)
1068 1102 1265 1173 δηλαδὴ
1306 1106 1621 1176 νεκροῦντες
1664 1111 1854 1168 ἐπιθυ-

295 1192 441 1261 μίαν,
471 1192 561 1244 καὶ
594 1191 931 1261 φθοροποιῶν
966 1193 1412 1265 ἐκκαθαιρόμενοι
1442 1198 1626 1251 παθῶν
1646 1216 1660 1231 ·
1700 1202 1856 1274 εἴπερ

292 1282 559 1351 ἁγιασμός
587 1281 753 1343 ἐστιν,
783 1283 816 1352 ἡ
850 1282 968 1335 κατ’
998 1280 1245 1353 αἴσθησιν
1272 1285 1369 1356 τῆς
1403 1287 1692 1360 ἐπιθυμίας
1722 1308 1859 1344 παν·

291 1372 450 1442 τελὴς
502 1373 757 1442 ἀκινησία
797 1372 924 1445 [σοι.
985 1373 1192 1448 ἐξορία]
1245 1377 1337 1430 καὶ
1390 1378 1688 1448 νέκρωσις·
1732 1376 1858 1455 ὲνῇ

292 1463 593 1533 γενόμενοι,
641 1463 740 1545 τὰς
789 1466 1054 1536 ἀπρεπεῖς
1098 1465 1191 1519 τοῦ
1238 1466 1407 1538 θυμοῦ
1463 1471 1860 1541 κατευνάζομεν

294 1554 520 1619 ὐλακάς,
556 1554 654 1607 οὐκ
681 1554 891 1624 ἔχοντος
914 1554 995 1609 ἔτι
1022 1554 1390 1626 διεγείρουσαν
1421 1560 1601 1628 αὐτὸν,
1637 1567 1730 1615 καὶ
1754 1565 1859 1617 τῶν

293 1644 507 1697 οἰκείων
540 1645 739 1715 ἡδονῶν
769 1644 1271 1717 ύπεραγωνίζεσθαι
1305 1648 1592 1706 πείθουσαν
1617 1651 1713 1724 τὴν
1745 1655 1862 1707 ὲπι-

295 1733 516 1805 θυμίαν,
555 1736 656 1808 ἤδη
693 1739 756 1808 τῇ
804 1739 945 1793 κατὰ
970 1739 1061 1793 τὸν
1091 1738 1248 1806 λόγον
1284 1741 1530 1812 ἁγιότητι
1580 1745 1863 1817 νεκρωθεί-

297 1842 416 1879 σαν.
454 1825 611 1880 Κατά
642 1827 803 1897 φύσιν
835 1829 943 1900 γὰρ
986 1831 1084 1901 τῆς
1110 1831 1404 1903 ἐπιθυμίας
1437 1812 1694 1905 ὑπάρχων
1723 1836 1863 1890 ἔκδι-
1893 1812 1934 1867 Β

297 1935 391 1981 κος
427 1920 455 1972 ὁ
482 1917 670 1990 θυμὸς,
695 1918 787 1973 τοῦ
818 1921 1102 1989 μαίνεσθαι
1134 1922 1402 1978 παύεσθαι
1430 1924 1694 1994 πέφυκεν,
1723 1929 1860 2000 ὁπη-

296 2009 420 2063 νίκα
451 2009 654 2082 ταύτην
690 2010 775 2085 ἴδῃ
804 2012 1231 2085 νενεκρωμένην.

365 2211 606 2277 Εἰκότως
644 2208 757 2279 οὖν,
802 2216 869 2285 τῇ
921 2213 1014 2267 τοῦ
1063 2212 1237 2285 θυμοῦ
1281 2213 1373 2269 xai
1424 2214 1524 2286 τῆς
1571 2217 1862 2289 ἐπιθυμίας

295 2301 569 2374 ἀποϐολῇ,
614 2302 674 2357 τὸ
720 2304 817 2375 τῆς
868 2302 1142 2374 βασιλείας
1181 2305 1273 2358 τοῦ
1318 2306 1451 2359 Θεοῦ
1507 2308 1600 2360 καὶ
1652 2308 1860 2378 Πατρὸς

296 2394 436 2447 κατὰ
464 2395 562 2464 τὴν
606 2395 909 2466 προσευχὴν
956 2396 1253 2464 ἐπιγίνεται
1301 2397 1517 2467 κράτος,
1567 2401 1678 2462 τοῖς
1725 2399 1862 2468 μετὰ

294 2483 389 2555 τὴν
414 2483 618 2538 τούτων
650 2483 905 2539 ἀπόθεσιν
928 2485 1103 2553 λέγειν
1136 2486 1491 2556 ἀξιουμένοις,
1536 2488 1788 2542 Ἔλθέτω
1821 2489 1859 2553 ἡ

293 2577 575 2639 βασιλεία
607 2592 723 2629 σου
748 2591 762 2605 ³
795 2577 1070 2643 τουτέστι,
1097 2577 1159 2630 τὸ
1192 2577 1414 2647 Πνεῦμα
1460 2578 1519 2630 τὸ
1546 2578 1729 2645 ἅγιον·
1759 2579 1857 2650 ἤδη

292 2666 369 2736 τῷ
410 2665 512 2735 τῆς
542 2665 846 2736 πραότητος
877 2667 1019 2736 λόγῳ
1055 2683 1112 2720 τε
1146 2667 1239 2723 καὶ
1269 2668 1453 2739 τρόπῳ
1492 2668 1859 2737 ναοποιηθεῖσι

292 2757 369 2829 τῷ
393 2756 510 2829 θεῷ
537 2757 625 2812 διὰ,
672 2757 765 2810 τοῦ
812 2758 1144 2829 Πνεύματος.
1209 2759 1340 2813 Ἐπί
1379 2761 1513 2813 τίνα
1549 2760 1679 2833 γὰρ,
1706 2767 1858 2832 φησι,

295 2850 679 2913 καταπαύσω,
710 2850 846 2920 ἀλλ’
878 2848 916 2919 ἢ
945 2849 1043 2904 ἐπὶ
1073 2850 1177 2905 τὸν
1207 2850 1401 2919 πρᾶον
1427 2852 1525 2907 καὶ
1554 2857 1856 2925 ταπεινὸν,

294 2940 392 2995 καὶ
425 2940 712 3009 τρέμοντά
727 2957 844 3009 μου
871 2940 1011 3007 τοὺς
1045 2945 1303 3011 λόγους;
1349 2944 1422 3008 ὠς
1455 2945 1701 3000 ἐντεῦθεν
1721 2943 1860 3003 εἶναι

292 3030 467 3100 δῆλον,
484 3030 565 3083 ὅτι
596 3030 705 3084 τῶν
734 3031 1003 3107 ταπεινῶν
1033 3033 1125 3086 καὶ
1147 3034 1365 3103 πραέων
1386 3037 1532 3089 ἐστὶν
1560 3036 1860 3107 ἡβασιλεία

1970 680 2100 720 men
2138 667 2258 736 ejus
2290 665 2346 719 in
2391 674 2558 724 terra.
2594 664 2881 733 ipsumque
2925 662 3245 731 referentes,
3279 672 3444 734 atque
3474 664 3539 719 ii-

1963 754 2075 809 lios
2102 754 2236 824 ipsis
2263 769 2367 808 nos
2402 752 2664 822 operibus
2707 751 3060 816 exhibentes;
3100 750 3372 819 bujusque
3403 751 3541 806 adeo

1962 851 2245 899 auctorem
2277 842 2586 912 adoptionis
2623 840 2921 895 naturalem
2959 840 3132 894 Patris
3165 839 3384 903 Filium,
3413 842 3539 912 qui.

1960 935 2075 995 bna
2107 935 2464 1005 intelligimus
2505 942 2667 988 autve
2698 933 2930 1004 agimus,
2963 931 3391 1002 magniﬁcantes.

2025 1027 2397 1089 Sanctiﬁcatur
2422 1043 2610 1080 nomen
2636 1034 2801 1080 tuum.
2820 1056 2889 1064 —
2905 1024 3318 1080 Sanctiﬁcamus
3332 1033 3536 1090 autem,

1954 1120 2074 1190 ejus
2093 1121 2184 1189 qui
2211 1122 2267 1176 in
2281 1118 2434 1173 caelis
2451 1125 2555 1184 est,
2582 1117 2770 1189 gratiae
2786 1117 2950 1180 dono,
2970 1118 3147 1173 Patris
3163 1133 3383 1185 nomen,
3407 1118 3536 1174 dum

1957 1210 2165 1267 scilicet
2211 1217 2488 1264 terrenam
2517 1208 2868 1279 cupiditatem
2894 1206 3321 1276 mortiﬁcamus,
3373 1219 3536 1280 atque

1957 1301 2024 1356 ab
2053 1302 2298 1357 exitiosis
2319 1299 2611 1356 aii‘ectibus
2643 1300 2900 1370 vitiisque
2923 1300 3323 1367 emundamur;
3358 1318 3535 1370 quan-

1957 1382 2252 1463 doquidem
2302 1393 2356 1447 in
2395 1406 2463 1449 eo
2497 1392 2673 1462 posita
2704 1392 2964 1447 sanctitas
2988 1398 3092 1456 est,
3129 1380 3334 1461 utque:
3362 1408 3532 1448 sensu

1957 1497 2245 1559 exercetur
2282 1488 2576 1558 cupiditas.
2610 1485 2761 1541 omni
2786 1500 3014 1555 prorsus
3039 1493 3190 1540 motu
3222 1485 3537 1540 inhibeatur

1960 1596 2025 1636 ac
2049 1581 2461 1651 exstinguuntur;
2507 1590 2672 1649 atque
2726 1577 2781 1632 id
2804 1577 3106 1641 consecuti,
3131 1576 3422 1632 indecoros
3443 1576 3538 1633 im

1960 1669 2193 1727 latratus
2217 1672 2472 1726 sedamus
2490 1711 2505 1735 ,
2553 1685 2679 1725 eum
2707 1669 2875 1740 ipsam
2895 1668 3221 1725 excitantem
3256 1666 3537 1738 ipsiusque

1962 1761 2257 1817 libidinum
2295 1776 2461 1816 causa
2510 1774 2755 1831 pugnare
2792 1758 3116 1814 suadentem
3157 1757 3533 1828 cupiditatem,

1964 1852 2193 1907 rationis
2230 1851 2523 1908 sanctitate
2564 1851 2674 1921 jam
2711 1849 3097 1905 mortiﬁcatam
3138 1856 3302 1918 atque
3327 1848 3537 1904 exstin-

1964 1955 2135 2013 ctam,
2174 1944 2315 1999 uitra
2347 1959 2454 1999 non
2489 1943 2811 1999 habeamus.
2867 1941 2953 1995 ira
2982 1940 3150 2005 enim,
3187 1954 3311 2009 quae
3340 1949 3533 1994 natura

1962 2036 2165 2090 vindex
2196 2034 2514 2106 cupiditatis
2537 2034 2787 2098 exsistat,
2838 2031 2933 2087 ubi
2962 2046 3085 2086 eam
3111 2029 3315 2086 viderit
3338 2028 3538 2084 morti-

1964 2127 2202 2193 ﬁcatam,
2234 2135 2428 2197 suopte
2453 2124 2616 2197 genio
2644 2124 2831 2179 [urere
2858 2121 3084 2178 desinit.

1992 2207 2001 2218 ’
2031 2233 2293 2287 Adueniat
2321 2245 2540 2301 regnum
2563 2236 2732 2284 tuum.
2760 2257 2831 2268 -—
2862 2225 3057 2281 Merito
3079 2223 3245 2295 igitur
3272 2220 3534 2292 ablegatis

1961 2332 2127 2393 atque
2145 2322 2386 2381 extrusis
2418 2321 2502 2376 ira
2525 2336 2591 2376 ac
2611 2319 2934 2390 cupiditate,
2967 2317 3063 2372 Dei
3093 2330 3159 2372 ac
3179 2314 3359 2393 Patris
3380 2312 3534 2384 regni

1964 2422 2207 2485 potestas
2257 2414 2312 2468 in
2340 2413 2592 2467 oratione
2622 2410 2906 2480 sequitur,
2963 2407 3141 2476 iisque
3181 2403 3396 2460 accedit
3439 2403 3535 2474 qui

1961 2513 2088 2575 post
2119 2505 2241 2559 illas
2268 2504 2509 2575 abiectas
2556 2502 2743 2557 dicere
2776 2505 3059 2556 merentur
3097 2515 3111 2551 :
3147 2496 3404 2552 Adveniat
3446 2510 3534 2548 re-

1961 2609 2124 2663 gnum
2149 2600 2319 2657 tuum,
2355 2592 2460 2646 hoc
2484 2600 2587 2655 est,
2624 2588 2863 2659 Spiritus
2882 2599 3145 2653 sanctus;
3199 2586 3295 2655 qui
3322 2584 3535 2640 scilicet

1961 2684 2265 2741 mansuetis
2305 2683 2555 2738 moribus
2606 2681 2663 2735 in
2706 2680 2799 2734 Dei
2825 2678 3087 2750 templum
3137 2690 3237 2749 per
3270 2674 3533 2746 Spiritum

1963 2777 2263 2833 constructi
2287 2783 2415 2831 sunt
2432 2776 2472 2808 ¹⁹
2500 2793 2513 2829 :
2543 2772 2715 2845 Super
2733 2788 2886 2843 quem
2906 2770 3075 2832 enim,
3104 2767 3305 2839 inquit,
3328 2769 3534 2838 requie-

1960 2882 2127 2932 scam,
2157 2868 2258 2921 nisi
2279 2883 2438 2938 super
2461 2872 2794 2920 mansuetum
2817 2870 2866 2917 et
2887 2860 3137 2915 humilem
3159 2869 3207 2914 et
3228 2866 3532 2917 trementem

1961 2974 2224 3013 sermones
2247 2975 2386 3013 meos
2405 2957 2490 3011 ³⁸2
2543 2964 2606 3013 ut
2634 2955 2761 3010 inde
2786 2953 3138 3025 manifestum
3161 2951 3260 3017 sit,
3304 2966 3533 3021 regnum

1961 3049 2058 3105 Dei
2072 3065 2136 3105 ac
2153 3050 2331 3105 Patris
2356 3064 2550 3105 eorum
2565 3062 2687 3103 esse
2705 3045 2797 3116 qui
2814 3043 3055 3099 humiles
3068 3050 3198 3098 sunt
3210 3051 3267 3097 et
3281 3056 3531 3097 mansue-

293 3120 384 3174 τοῦ
401 3121 533 3174 Θεοῦ
548 3122 641 3175 καὶ
658 3106 885 3192 Πατρός.
902 3122 1186 3192 Μακάριοι
1211 3124 1338 3196 γὰρ,
1358 3130 1543 3198 φησιν,
1563 3106 1619 3182 οἱ
1631 3127 1859 3196 πραεῖς,

1965 3139 2028 3195 ti.
2061 3139 2211 3195 Beati
2237 3139 2421 3204 enim,
2443 3137 2645 3208 inquit,
2680 3138 2852 3201 mites,
2899 3134 3152 3205 quoniam
3174 3132 3279 3204 ipsi
3304 3131 3530 3205 posside:

292 3213 378 3268 ὁτι
420 3211 589 3267 αὐτοὶ
624 3212 1150 3282 κληρονομήσουσι
1188 3214 1302 3284 τὴν
1345 3214 1479 3285 γῆν.
1522 3219 1631 3289 Γῆν
1661 3219 1860 3289 ταύτην

291 3303 387 3376 τὴν
420 3304 560 3358 κατά
606 3304 766 3372 φύσιν
800 3304 971 3377 μέσην
1015 3304 1106 3359 τοῦ
1141 3312 1341 3372 παντὸς
1378 3309 1753 3364 ἀπολαϐοῦσαν
1782 3310 1854 3365 θέο

293 3413 377 3449 σιν
416 3395 446 3447 ὁ
492 3395 628 3459 Θεὸς
672 3396 773 3450 οὐκ
819 3397 1182 3467 ἐπηγγείλατο
1220 3401 1332 3464 τοῖς
1385 3401 1671 3469 ἀγαπῶσιν
1699 3402 1860 3457 αὐτὸν

290 3485 690 3557 κληρονομίαν⁸
746 3488 904 3558 εἴπερ
950 3488 1202 3559 ἀληθεύει
1248 3491 1490 3559 φάσκων,
1523 3492 1708 3545 Ὅταν
1751 3492 1861 3564 γὰρ

286 3574 359 3629 ἐκ
418 3573 648 3644 νεκρῶν
699 3575 1082 3644 ἀναστῶσιν,
1136 3579 1277 3633 οὔτε
1337 3581 1665 3650 γαμοῦσιν,
1723 3582 1861 3638 οὔτε

294 3664 628 3734 γαμίζονται
653 3682 667 3698 ⁸
700 3667 839 3722 ἀλλ’
864 3668 1025 3722 είσὶν
1051 3669 1131 3735 ὡς
1160 3671 1418 3739 ἇγγελοὶι
1435 3673 1503 3725 ἐν
1538 3675 1664 3740 τοῖς
1689 3678 1864 3744 οὐρα-

293 3756 438 3821 νοῖς.
470 3758 599 3820 Καὶ,
630 3756 806 3812 Δεῦτε
836 3758 891 3810 οἱ
911 3756 1299 3826 εὐλογημένοι
1333 3760 1442 3812 τοῦ
1466 3764 1697 3829 Πατρός
1716 3780 1856 3830 μου.

292 3845 785 3914 κληρονομήσατε
814 3847 936 3915 ¹τὴν
987 3847 1435 3917 ἡτοιμασμένην
1489 3850 1633 3919 ὑμῖν
1679 3852 1863 3916 βασι-

291 3936 464 3990 λείαν
502 3936 619 3990 ἀπὸ
668 3937 1006 4007 καταϐολῆς
1044 3938 1295 4007 κόσμου.
1341 3940 1451 3993 Καὶ
1482 3940 1714 4010 ἀλλαχοῦ
1754 3942 1862 3994 πά-

290 4035 375 4081 λιν
423 4026 595 4098 ἑτέρῳ
639 4027 755 4098 μετ’
804 4028 1016 4091 εὐνοίας
1063 4028 1427 4103 δουλεύσαντι,
1478 4030 1734 4086 Εἵσελθε
1775 4034 1864 4097 είς

292 4118 407 4187 τὴν
448 4118 642 4189 χαρὰν
683 4120 792 4174 τοῦ
836 4120 1059 4189 Κυρίου
1107 4137 1242 4176 σου.
1294 4123 1404 4177 Καὶ
1460 4125 1581 4194 μετ’
1624 4123 1786 4178 αὐτὸν
1836 4128 1865 4179 ὁ

293 4213 435 4273 θεῖος
475 4211 813 4275 Ἀπόστολος,
850 4212 1142 4267 Σαλπίσει
1169 4213 1299 4283 γὰρ,
1332 4215 1429 4268 καὶ
1464 4218 1519 4270 οὶ
1566 4216 1765 4285 νεκροὶ
1794 4218 1863 4271 ἐν

289 4304 542 4385 Χριστῷ,
579 4304 795 4373 πρῶτοι
827 4305 1250 4374 ἐγερθήσονται
1284 4306 1591 4377 ἄφθαρτοι.
1626 4310 1865 4363 Ἔπειτα

290 4396 462 4467 ἡμεῖς
517 4400 570 4453 ot
612 4394 856 4464 ζῶντες,
909 4398 965 4452 οἱ
1013 4398 1510 4468 περιλειπόμενοι,
1568 4397 1688 4469 ἅμα
1739 4396 1863 4453 σὺν

1960 3230 2088 3286 bunt
2131 3230 2406 3286 terram".
2472 3227 2696 3284 Terram
2725 3226 2908 3292 hanc,
2965 3239 3089 3295 quae
3139 3238 3238 3294 per
3283 3232 3533 3279 naturam

1960 3323 2202 3378 medium
2231 3320 2476 3377 universi
2502 3319 2669 3390 hujus
2697 3319 2865 3374 situm
2894 3323 3055 3372 nacta
3076 3322 3183 3380 est,
3215 3312 3363 3393 haud
3392 3313 3535 3373 Deus

1962 3417 2032 3473 iis
2071 3412 2457 3487 possidendam
2500 3409 2756 3482 promisit
2796 3408 2893 3480 qui
2920 3407 3100 3478 ipsum
3124 3404 3398 3477 diligunt;
3439 3421 3532 3461 ve-

1960 3522 2061 3563 rax
2081 3505 2287 3576 quippe
2311 3510 2396 3558 est
2427 3502 2523 3572 qui
2549 3501 2626 3556 ait
2657 3518 2671 3555 :
2698 3499 2831 3556 Cum
2857 3501 2996 3555 enim
3022 3497 3424 3562 resurrexerint,
3451 3512 3543 3550 ne-

1959 3606 2059 3661 que
2088 3591 2312 3655 nubunt,
2347 3604 2515 3659 neque
2541 3588 2728 3656 nuptui
2756 3588 3044 3643 truduntur
3066 3626 3084 3648 ,
3136 3586 3229 3641 sed
3249 3594 3375 3640 sunt
3405 3585 3539 3639 sicut

1958 3680 2133 3751 angeli
2165 3682 2221 3733 in
2249 3680 2390 3734 caelis
2403 3680 2481 3745 ”;
2540 3685 2593 3732 et
2612 3717 2628 3741 ,
2681 3677 2881 3743 Venite,
2916 3676 3170 3731 benedicti
3198 3675 3375 3731 Patris
3400 3677 3533 3742 mei,

1959 3770 2214 3839 possidete
2245 3777 2500 3839 paratum
2523 3768 2662 3821 vobis
2686 3784 2905 3838 regnum
2935 3785 2969 3821 a
2995 3768 3363 3821 constitutione
3386 3783 3529 3821 mun-

1961 3861 2016 3913 di
2036 3860 2104 3914 ".
2147 3859 2273 3914 Alio
2303 3873 2524 3928 quoque
2555 3872 2751 3913 rursus
2773 3860 2918 3925 loco,
2953 3857 3116 3912 alteri
3147 3858 3242 3927 qui
3272 3856 3532 3913 benevole

1959 3947 2106 4001 servi
2130 3962 2333 4001 munus
2358 3946 2573 4001 obierat
2592 3964 2605 4000 :
2624 3945 2777 4000 Intra
2796 3946 2850 4000 in
2870 3946 3125 4017 gaudium
3147 3945 3357 3999 Domini
3378 3946 3455 3999 tui
3471 3945 3532 4001 ³⁷⁵.

1961 4037 2093 4091 Post
2138 4051 2304 4107 quem
2355 4037 2526 4092 etiam
2565 4036 2787 4092 divinus
2812 4024 3109 4106 Apostolus
3150 4052 3164 4090 :
3200 4034 3367 4092 Canet
3398 4035 3532 4089 enim

1961 4128 2127 4193 tuba;
2192 4133 2242 4180 et
2273 4126 2465 4181 mortui
2490 4126 2578 4199 qui
2604 4127 2660 4180 in
2683 4124 2889 4184 Christo
2908 4133 3032 4180 sunt
3058 4131 3331 4195 resurgent
3355 4123 3531 4193 primi.

1962 4216 2124 4288 352
2157 4216 2357 4271 Deinde
2386 4234 2479 4271 nos
2511 4218 2599 4288 qui
2624 4217 2862 4281 vivimus,
2895 4215 2985 4288 qui
3014 4214 3208 4268 residui
3228 4230 3429 4279 sumus,
3460 4214 3529 4268 si-

1960 4305 2073 4359 mul
2129 4307 2399 4378 rapiemur
2443 4322 2561 4360 cum
2597 4305 2703 4359 illis
2753 4304 2957 4371 obviam
2992 4302 3217 4359 Domino
3271 4304 3329 4359 in
3371 4318 3531 4373 aera,

1962 4407 2011 4451 et
2033 4400 2107 4453 sic
2140 4414 2347 4469 semper
2372 4415 2490 4453 cum
2521 4398 2742 4453 Domino
2765 4398 2958 4452 erimus
2973 4397 3042 4452 ".

288 4489 493 4558 αὐτοῖς
545 4492 1012 4563 ἁρπαγησόμεθα
1049 4490 1119 4545 ἐν
1155 4491 1436 4563 νεφέλαις
1479 4497 1567 4562 είς
1627 4492 1971 4561 ἀπάντησιν
2015 4496 2122 4548 τοῦ
2156 4494 2375 4564 Κυρίου
2406 4495 2492 4561 εις
2523 4493 2689 4562 ἀέρα,
2725 4493 2822 4547 καί
2869 4492 3023 4547 οὕτω
3084 4491 3343 4547 πάντοτε
3394 4474 3529 4547 σὺν

289 4588 481 4654 Κιφίῳ
508 4586 784 4657 ἐσόμεθα.

357 4676 572 4731 Τούτων
617 4674 709 4731 οὖν
753 4676 926 4742 οὕτως
970 4678 1394 4749 ἐπηγγελμένων
1441 4683 1552 4745 τοῖς
1599 4681 1853 4751 ἀγαπῶσι

2026 4679 2164 4736 Cum
2209 4680 2326 4736 haec
2375 4679 2557 4749 itaque
2614 4694 2741 4734 eum
2784 4677 2839 4732 in
2872 4676 3097 4733 modum
3125 4675 3395 4746 promissa
3420 4675 3528 4733 sint

288 4768 379 4822 τὸν
415 4770 641 4839 Κύριον,
672 4769 756 4833 τίς
789 4770 936 4840 μόνῳ
961 4769 1038 4841 τῷ
1077 4770 1227 4841 ρητῷ
1280 4771 1376 4842 τῆς
1410 4772 1634 4843 Γραφῆς
1680 4789 1849 4845 προσ-

287 4858 501 4926 ηλώσας
526 4858 617 4912 τὸν
642 4858 785 4923 νοῦν,
810 4861 899 4913 τὸν
924 4860 1170 4932 οὐρανὸν,
1199 4858 1293 4913 καὶ
1316 4860 1413 4931 τὴν
1446 4862 1849 4933 ἡτοιμασμένην

289 4947 397 5000 ἀπὸ
430 4949 728 5019 καταδολῆς
756 4951 961 5021 κόσμου
1003 4951 1299 5022 βασιλείαν,
1340 4952 1432 5005 καὶ
1462 4951 1559 5023 τὴν
1600 4953 1691 5007 τοῦ
1737 4955 1849 5006 Κυ-

244 5027 252 5035 ’
290 5037 406 5106 ρίου
465 5040 739 5107 μυστικῶς
803 5041 1296 5113 ἀποκεκρυμμένην
1350 5042 1557 5113 χαρὰν,
1613 5042 1704 5096 καλ⁵
1755 5041 1851 5112 τὴν

285 5128 506 5197 διηνεκῆ
558 5130 652 5183 καὶ
702 5130 975 5194 παντελῶς
1017 5131 1338 5186 ἀδιάστατον
1385 5132 1479 5187 σὺν
1512 5133 1700 5203 Κυρίῳ
1747 5133 1851 5186 τῶν

286 5216 451 5281 ἀξίων
496 5217 662 5287 μονήν
705 5235 765 5271 τε
796 5219 889 5272 καὶ
935 5220 1161 5291 ἵδρυσιν,
1197 5222 1388 5277 ταυτόν
1420 5222 1536 5276 ποτ’
1588 5222 1653 5277 ἂν
1689 5226 1755 5296 τῇ
1782 5226 1850 5297 γῇ

286 5308 498 5378 φήσειε,
518 5306 660 5376 λόγῳ
686 5307 833 5361 κινού
843 5326 1022 5380 μενος,
1052 5311 1146 5365 καὶ
1170 5311 1327 5380 λόγου
1355 5312 1689 5385 θεραπευτὴς
1711 5311 1851 5367 εἶναι

287 5398 486 5465 ποθῶν;
532 5398 689 5452 Ἀλλά
719 5398 814 5453 νῦν
837 5401 937 5471 γῆν
965 5401 1192 5470 φάσκειν
1218 5399 1395 5473 οἶμαι,
1413 5403 1508 5474 τὴν
1530 5404 1731 5472 παγίαν
1760 5406 1852 5458 καὶ

285 5490 560 5555 παντελῶς
612 5491 947 5564 ἀμετάθετον
988 5495 1060 5565 (ί)
1113 5494 1220 5549 ἀπὸ
1252 5495 1346 5549 τοῦ
1396 5494 1557 5549 καλοῦ
1607 5496 1703 5567 τῆς
1745 5497 1853 5551 τῶν

361 5610 405 5680 ξ’
426 5608 634 5680 Ephes.
666 5625 724 5675 ιι,
757 5610 847 5667 21.
920 5612 967 5646 ὀ
997 5613 1099 5669 lsa.
1132 5631 1272 5677 LXVI,
1305 5616 1359 5670 2.
1386 5615 1395 5621 ’
1437 5616 1478 5647 ’ί
1511 5616 1697 5672 Matth.
1731 5634 1781 5672 v.
1816 5619 1850 5672 4
1888 5659 1903 5675 .

284 5681 328 5714 ³⁸
364 5676 385 5734 l
412 5676 539 5735 Cor.
572 5696 659 5745 xv,
688 5681 791 5748 5Q;
822 5681 839 5736 l
866 5681 1059 5738 Thess.
1088 5700 1161 5750 iv,
1194 5676 1280 5751 15,
1311 5685 1395 5741 l6.

1934 4770 2041 4841 phis
2067 4770 2161 4842 qui
2182 4769 2420 4841 diligunt
2436 4769 2751 4833 Dominum,
2784 4768 2927 4839 quis,
2953 4768 3049 4824 uni
3070 4766 3368 4840 Scriptura:
3382 4767 3529 4825 dicto

1953 4861 2176 4934 aﬂigens
2194 4861 2459 4925 animum,
2496 4860 2718 4925 caelum,
2744 4866 3107 4930 paratumque
3131 4874 3163 4914 a
3183 4858 3373 4915 mundi
3395 4874 3526 4913 con-

1949 4952 2234 5009 stitutione
2264 4966 2515 5023 regnum,
2550 4967 2615 5006 ac
2643 4951 2859 5006 Domini
2888 4949 3117 5022 mystice
3143 4947 3527 5004 absconditum

1949 5043 2209 5113 gaudium
2232 5083 2246 5108 ,
2297 5042 2425 5114 juge
2450 5041 2686 5111 denique
2722 5054 3061 5111 prorsusque
3082 5037 3376 5094 indivisum
3402 5052 3525 5092 cum

1951 5134 2184 5189 Domino
2230 5148 2423 5188 corum
2461 5132 2554 5203 qui
2586 5131 2737 5203 digni
2770 5140 2935 5186 erunt
2981 5127 3407 5184 contubernium
3435 5144 3526 5183 se-

1951 5226 2180 5295 desque,
2230 5225 2374 5280 idem
2408 5239 2648 5292 unquam
2680 5223 2828 5278 dicat
2848 5236 2971 5278 esse
3000 5236 3065 5276 ac
3088 5228 3260 5284 terra,
3288 5220 3333 5275 si
3360 5219 3525 5276 modo

1952 5316 2165 5370 ratione
2197 5315 2448 5379 ducatur,
2477 5330 2541 5368 ac
2570 5313 2732 5367 Verbi
2768 5311 2946 5367 cultor
2963 5325 3085 5366 esse
3111 5308 3359 5364 ambiat?
3416 5310 3523 5366 νε-

1952 5423 2073 5467 rum
2106 5408 2210 5461 hoc
2239 5408 2359 5461 loco
2394 5414 2499 5460 ten
2519 5421 2594 5460 ἰιι
2626 5419 2822 5458 vocare
2850 5401 3109 5466 arbitror,
3141 5400 3357 5455 firmum
3380 5409 3437 5455 et
3455 5402 3524 5457 ab

1953 5499 2170 5555 honesti
2208 5513 2436 5569 prorsus
2472 5496 2685 5552 ratione
2733 5493 3181 5550 indemutabilem
3205 5502 3523 5550 mansueto-

1980 5620 2023 5652 ”
2054 5617 2241 5672 Matth.
2276 5632 2402 5681 xx",
2433 5616 2523 5675 ὅθ.
2600 5615 2643 5647 ’⁸
2670 5613 2861 5669 Matth.
2898 5627 3020 5679 xxv,
3050 5610 3140 5666 54.
3214 5610 3261 5642 ⁸⁸
3290 5609 3426 5667 ibid.
3453 5611 3518 5667 21

352 5796 566 5878 (οχὴν
595 5801 814 5869 ﬂag-[ar
848 5801 945 5878 ναὶ
967 5803 1365 5878 ’ἀμετάθετοκ
1398 5806 1534 5863 Male
1557 5809 1674 5865 Cat.
1712 5826 1849 5862 πκνιι

1958 5829 1999 5872 ν,
2044 5816 2308 5874 sanctum,
2369 5823 2485 5878 pro,
2528 5806 2765 5873 ﬁrmum,
2830 5814 2888 5859 ut
2937 5813 2993 5861 et
3054 5804 3365 5876 εύτερφίαν,
3424 5819 3521 5874 pro

281 5868 567 5937 ἀτρεψίαν,
603 5868 724 5940 quae
739 5874 922 5927 omnia
952 5868 1207 5944 decoquit
1226 5877 1517 5947 interpres.
