4126 6316
656 361 758 425 887

1809 378 1868 434 S.
1910 377 2197 440 MAXIMI
2231 382 2738 447 CONFESSORIS

3818 393 3936 455 888

657 488 779 526 rum
804 473 1267 530 immutabilitatis
1289 476 1537 532 habitum
1566 491 1727 549 atque
1753 481 2048 550 virtutem;
2081 489 2226 556 quod

2335 495 2552 565 πραέων
2603 493 2863 564 ἀτρεψίας
2925 495 3036 562 ἕξιν
3092 497 3186 550 καὶ
3231 496 3493 568 δύναμιν,
3542 501 3619 564 ὡς
3671 501 3764 553 ἀεὶ
3831 503 3937 554 σὺν

656 576 875 631 semper
915 577 1037 616 cum
1076 565 1310 619 Domino
1346 566 1478 632 sit,
1509 569 1882 640 gaudiumque
1910 573 2234 632 indeﬁciens

655 654 892 718 habeat,
949 670 1012 708 ac
1039 669 1267 725 regnum
1296 658 1428 712 olim
1451 669 1701 729 paratum
1726 668 2038 734 perceperit
2065 684 2079 732 ;
2117 677 2233 722 sta-

657 755 772 798 tum
814 744 1052 814 denique
1081 750 1166 801 ac
1199 749 1487 817 ordinem,
1533 753 1628 822 qni
1660 753 1715 807 in
1741 756 1884 809 caelo
1908 766 2231 826 prazstatur,

656 838 809 892 velut
853 839 1117 894 nimirum
1179 849 1382 898 terram
1433 847 1766 916 quamdam,
1825 867 1947 920 qua:
1989 853 2232 909 taedium

656 926 902 983 universi
939 930 1105 984 situm
1151 932 1410 1003 (virtutis
1434 938 1646 992 scilicet
1676 940 1980 1012 rationem)
2021 953 2227 1006 teneat.

655 1016 885 1086 adipisci
937 1021 1202 1074 meruerit
1255 1039 1268 1076 :
1323 1039 1390 1077 ex
1433 1027 1590 1096 cujus
1635 1029 1847 1084 ratione
1885 1032 1971 1085 vir
1996 1033 2234 1090 mitisac

654 1119 996 1174 mansuetus,
1029 1113 1247 1168 medius
1267 1115 1413 1169 inter
1433 1115 1630 1174 bonam
1655 1120 1848 1185 famam
1875 1132 1930 1176 et
1953 1122 2231 1178 infamiam

655 1199 1083 1270 constitutus",
1144 1208 1443 1284 tranquillo
1488 1210 1672 1265 animo
1726 1228 1790 1266 ac
1830 1215 2232 1284 imperturbato

655 1298 1002 1358 perseverat,
1061 1301 1122 1347 ut
1147 1311 1325 1365 neque
1358 1297 1616 1354 laudibus
1638 1301 1949 1358 celebratus
1984 1305 2228 1371 infletur,

654 1395 759 1435 nec
815 1381 1040 1438 infamia
1085 1385 1414 1456 deturpatus
1461 1400 1710 1453 mmreat.
1747 1392 1852 1448 Ubi
1881 1397 2026 1450 enim
2066 1398 2239 1465 ratio,

654 1488 686 1526 a
722 1473 925 1542 quibus
951 1491 1051 1545 per
1095 1487 1349 1536 naturam
1397 1483 1570 1538 libera
1594 1486 1830 1549 exsistit,
1868 1489 2228 1558 cupiditatem

655 1563 1004 1630 abstraxerit,
1025 1581 1215 1622 eorum
1240 1571 1542 1632 molestiam
1568 1573 1872 1631 insultuum
1904 1594 2014 1633 non
2038 1581 2228 1647 sentit,

655 1668 777 1721 qua:
822 1655 970 1709 circa
1011 1656 1104 1712 illa
1151 1669 1385 1716 aestuare
1424 1661 1690 1729 desierit,
1755 1675 2036 1738 totamque
2061 1673 2230 1728 animi

657 1747 769 1800 vim
818 1747 887 1802 ad
917 1748 1168 1806 divinam
1202 1752 1462 1822 eurisque
1492 1770 1555 1809 ac
1580 1755 1707 1814 vitae
1733 1761 2228 1829 negotiissolutam

641 1836 968 1892 libertatem
999 1840 1459 1912 appulerit;vqua,
1487 1859 1610 1898 cum
1635 1847 1900 1904 Dominus
1930 1850 2232 1922 discipulos

656 1942 786 1982 suos
818 1927 1090 1998 impartiri
1122 1931 1323 1997 vellet,
1366 1933 1568 2000 Tollite,
1599 1936 1802 2005 aiebat,
1835 1940 2027 2010 jugum
2055 1959 2232 1998 meum

654 2034 811 2088 super
853 2036 942 2074 vos
968 2060 984 2084 ,
1045 2029 1100 2080 et,
1116 2021 1296 2078 discite
1323 2041 1354 2078 a
1386 2043 1466 2079 me
1495 2029 1617 2098 quia
1647 2031 1784 2084 mitis
1805 2048 1921 2086 sum
1947 2042 1994 2086 et
2021 2036 2231 2091 humilis

655 2111 810 2163 corde
835 2127 853 2165 :
878 2119 929 2164 et
957 2113 1239 2176 invenietis,
1253 2117 1482 2186 requiem
1515 2120 1792 2183 animabus
1814 2126 2086 2191 uestris";
2139 2143 2232 2182 re.

654 2202 839 2271 quiem
863 2206 1176 2274 appellans,
1199 2207 1384 2265 divini
1404 2212 1552 2282 regni
1586 2215 1888 2283 potentiam
1909 2257 1924 2280 ,
1981 2233 2103 2288 quas
2121 2221 2234 2275 sci-

658 2292 788 2347 licet
833 2295 921 2349 his
961 2295 1054 2365 qui
1097 2296 1246 2367 digni
1277 2300 1388 2354 sint
1421 2301 1491 2365 ab
1518 2303 1666 2357 omni
1693 2304 1932 2361 liberum
1965 2296 2234 2375 servitute

657 2382 998 2440 dominatum
1028 2387 1254 2443 tribuat.

723 2473 880 2540 Quod
911 2476 958 2531 si
985 2477 1291 2536 humilibus
1310 2495 1377 2536 ac
1398 2485 1714 2542 mansuetis.
1729 2485 2054 2546 immortalis
2076 2493 2238 2564 regni,

656 2567 824 2622 nullis
867 2585 1106 2638 unquam
1147 2572 1324 2627 ruinis
1373 2575 1579 2631 caduca
1608 2578 2049 2652 inviolabilisque
2075 2593 2231 2653 pote-

656 2666 768 2714 stas
809 2662 1135 2717 conceditur
1156 2704 1184 2731 ,_
1233 2666 1374 2735 quis,
1412 2667 1492 2727 sic
1517 2672 1736 2729 amoris.
1767 2673 2025 2730 illecebra
2061 2677 2233 2732 durus

654 2751 1080 2824 divinorumque
1110 2771 1342 2827 prorsus
1380 2760 1664 2817 bonorum.
1697 2764 1919 2820 fastidio
1945 2768 2230 2838 languens,

655 2852 718 2897 ut
763 2859 874 2899 non
914 2860 1146 2915 prorsus
1188 2848 1518 2906 humilitatis
1550 2868 1614 2910 ac
1645 2858 2088 2914 mansuetudinis
2115 2860 2234 2920 adi-

655 2934 931 3003 piscenda:
961 2937 1239 2993 desiderio
1261 2949 1456 3011 agatur
1485 2943 1626 3014 (quo
1656 2946 1916 3001 nimirum
1947 2949 2118 3004 divini
2148 2969 2234 3007 re-

656 3023 748 3091 gni
772 3024 1062 3091 character
1083 3036 1247 3098 atque
1271 3029 1464 3100 ﬁgura,
1493 3043 1758 3102 quantum
1783 3036 1990 3093 homini
2010 3055 2234 3100 conces-

656 3129 778 3168 sum
809 3124 912 3181 est,
945 3118 1216 3177 eﬂieiatur
1236 3119 1257 3191 )
1278 3163 1292 3186 ,
1355 3122 1408 3175 in
1435 3125 1616 3194 seipso
1641 3136 1846 3184 natura.
1865 3131 2232 3189 essentialiter

658 3207 838 3276 magni
863 3223 990 3263 vere
1020 3212 1164 3280 regis
1186 3212 1417 3278 Christi,
1447 3219 1633 3285 gratiae
1658 3232 1907 3287 munere,
1934 3225 2082 3278 nulla
2107 3241 2233 3280 eva-

657 3295 892 3353 riatione
935 3299 1262 3363 dissimilem
1312 3305 1365 3359 in
1407 3309 1608 3377 spiritu
1657 3309 1886 3366 formam
1915 3330 2110 3388 gerens
2139 3335 2152 3370 :
2177 3319 2232 3372 in

547 3463 557 3473 .
656 3404 785 3457 qua,
839 3389 998 3460 353
1058 3393 1238 3463 inquit
1269 3395 1490 3454 divinus
1514 3402 1830 3471 Apostolus,
1879 3422 1984 3460 non
2009 3415 2084 3460 est
2115 3425 2230 3462 ma—

654 3477 828 3533 sculus
854 3488 902 3533 et
923 3481 1175 3551 femina"
1205 3483 1308 3556 (ira
1331 3487 1542 3543 scilicet
1570 3498 1626 3546 et
1647 3491 1965 3562 cupiditas).
1994 3511 2230 3566 quarum

655 3569 809 3640 prior
859 3574 1129 3636 rationem
1182 3577 1463 3646 tyrannica
1504 3581 1700 3636 efferat
1727 3622 1741 3648 ,
1803 3592 2068 3655 extraque
2098 3588 2234 3658 legis

656 3668 867 3717 natura:
896 3673 1070 3722 metas
1100 3666 1343 3722 animum
1369 3671 1614 3726 extrudit
1649 3691 1661 3727 :
1697 3674 1872 3729 altera
1893 3691 2045 3744 vero,
2069 3680 2244 3743 unica,

654 3754 879 3825 solaque
901 3756 1255 3825 desiderabili
1285 3777 1349 3816 ac
1372 3762 1695 3833 impassibili
1715 3782 1878 3823 causa
1901 3778 2240 3842 naturaque,

653 3861 773 3916 qua:
800 3847 870 3902 ab
892 3863 962 3902 ea.
983 3850 1374 3913 secunda-sunt
1399 3854 1723 3918 amabiliora
1754 3860 1965 3926 reddit;
1999 3877 2232 3932 eamque

652 3939 723 3992 ob
747 3954 884 4004 rem,
917 3956 1136 3996 carnem
1171 3945 1389 4013 spiritui
1415 3951 1724 4019 anteponit,
1757 3968 1820 4008 ac
1850 3970 2034 4009 rerum
2057 3957 2234 4022 oculis

652 4035 1018 4106 subiectarum
1041 4037 1288 4103 delicias,
1321 4041 1651 4109 spiritalium
1678 4043 1926 4108 claritate
1955 4061 2019 4110 ac
2045 4047 2230 4116 splen-

651 4128 1196 4199 dore,ljucundiores
1229 4130 1382 4186 ducit
1412 4149 1426 4198 ;
1484 4133 1780 4203 voluptatis
1803 4151 1997 4190 sensus
2026 4136 2235 4190 lenoci-

651 4220 746 4273 nio
795 4231 851 4274 et
895 4221 1153 4279 illecebra
1179 4264 1193 4287 ,
1253 4239 1284 4278 a
1313 4224 1497 4288 divina
1528 4235 1690 4297 atque
1714 4227 1862 4292 afﬁni
1891 4245 2074 4284 rerum
2111 4245 2232 4298 quae

652 4320 836 4366 mente
879 4312 1263 4386 intelliguntur
1309 4320 1664 4389 perceptione
1717 4336 1916 4377 arcens
1947 4321 2228 4388 animum;

650 4404 747 4459 sed
768 4405 1200 4475 singularissima
1216 4409 1376 4473 ratio,
1405 4410 1473 4464 ab
1499 4411 1617 4480 ipso
1633 4427 1854 4481 quoque
1880 4429 2091 4468 summe
2107 4413 2229 4484 qui-

2337 584 2525 656 Κυρίῳ
2573 584 2944 654 ὑπάρχουσαν,
2996 587 3089 638 καὶ
3133 585 3308 656 χαρὰν
3357 587 3712 644 ἀνέκλειπτον
3760 591 3931 661 ἐχου-

2337 691 2455 739 σαν,
2485 675 2580 727 xal.
2611 675 2885 745 βασιλείας
2916 676 3180 730 ἀνέκαθεν
3205 679 3618 750 ήτοιμασμένης
3648 682 3930 752 ἐπειλημ-

2337 767 2524 835 μένην,
2572 768 2664 820 καὶ
2701 769 2797 836 τῆς
2825 769 2884 820 ἐν
2929 768 3144 839 οὐρανῷ
3189 769 3429 834 στάσεώς
3463 788 3522 824 τε
3567 772 3665 825 καὶ
3707 773 3930 837 τάξεως

2332 854 2674 926 ἠξιωμένηνο
2719 854 2807 910 οἶα
2850 858 2920 927 δὴ
2974 859 3077 927 γῆν
3121 875 3241 910 τινα
3295 859 3468 930 μέσην
3521 857 3680 930 [alter
3727 862 3921 925 codex,

2334 949 2469 1018 Υῆνςν.
2494 947 2802 1022 μέσηνλτοῦ
2834 951 3031 1013 παντὸς
3061 951 3208 1004 θέσιν
3237 952 3618 1006 ἀπολαϐοῦσαν
3655 954 3759 1022 τῆς
3792 955 3930 1024 ἀρε-

2332 1036 2434 1104 τῆς
2457 1038 2548 1090 τὸν
2594 1037 2752 1106 λόγον
2773 1054 2785 1066 ⁸
2833 1039 2953 1090 καθ’
2987 1039 3046 1095 ὃν
3079 1041 3241 1110 μέσος
3272 1041 3546 1111 εὐφημίας
3575 1041 3670 1094 καὶ
3709 1042 3929 1110 δυσφη-

2337 1126 2465 1197 μίας
2501 1129 2762 1199 ὑπάρχων
2789 1131 2818 1182 6
2847 1132 3042 1199 πρᾶος,
3071 1131 3288 1199 ἀπαθὴς
3313 1132 3577 1201 διαμένει,
3614 1135 3753 1204 μήτε
3797 1136 3926 1196 ταῖς

2333 1218 2632 1288 εὐφημίαις
2679 1218 3064 1290 [ἐπαιρόμενος
3121 1221 3154 1292 ἢ
3197 1221 3512 1294 κενοδοξῶν]
3568 1223 3919 1292 φυσώμενος,

2336 1314 2472 1382 μήτε
2516 1314 2636 1375 ταῖς
2676 1312 3010 1384 δυσφημίαις
3060 1314 3454 1384 στυγνούμενος
3496 1314 3917 1387 [λυπούμενος],

2330 1395 2432 1452 Ὧν
2485 1401 2595 1472 γάρ
2645 1401 2860 1470 δλὸγος
2909 1401 3144 1474 ὑπάρχει
3199 1402 3339 1455 κατά
3391 1401 3554 1470 φύσιν
3607 1402 3920 1471 ἐλεύθερος,

2332 1492 2646 1563 ἀποστήσας
2695 1492 2795 1562 τὴν
2844 1491 3066 1561 ἔφεσιν,
3117 1491 3322 1544 τούτων
3377 1491 3731 1562 διοχᾺὺντων
3791 1495 3920 1554 ταῖς

2332 1581 2658 1652 προσὸολαίς
2683 1582 2782 1636 οὐκ
2814 1581 3152 1644 αἰσθάνεται,
3191 1581 3550 1646 καταπαύσας
3578 1581 3772 1634 ἑαυτὸν
3811 1581 3919 1650 τῆς

2332 1673 2461 1745 περὶ
2523 1674 2691 1726 ταῦτα
2720 1673 2887 1743 ζάλης
2944 1674 3054 1744 (2),
3115 1673 3210 1728 καὶ
3269 1673 3404 1745 πρὸς
3459 1674 3558 1744 τὴν
3609 1674 3762 1728 θείαν
3817 1675 3918 1732 καὶ

2330 1765 2610 1836 ἄπρακτον
2643 1764 2954 1836 ἐλευθερίαν
2995 1765 3124 1836 ὃλην
3174 1766 3274 1836 τῆς
3323 1765 3502 1837 ψυχῆς
3555 1766 3916 1836 μεθορμήσας

2330 1859 2430 1929 τὴν
2478 1857 2742 1928 δύναμιν·
2805 1853 2874 1929 ἦς
2920 1861 3031 1921 τοῖς
3077 1858 3270 1912 ἑαυτοῦ
3319 1858 3587 1930 μαθηταῖς
3628 1857 3658 1909 6
3703 1855 3912 1927 Κύριο;

2333 1947 2656 2017 μεταδοῦναι
2698 1948 2897 2013 ποθῶν,
2936 1950 3171 2014 Ἀρατε,
3205 1949 3360 2020 φησὶ,
3404 1949 3512 2002 τὸν
3566 1947 3744 2018 ζυγόν
3790 1965 3913 2016 μου

2327 2039 2432 2108 esp”
2454 2038 2628 2108 ὑμᾶς,
2674 2039 2773 2093 καὶ
2811 2039 3027 2107 μάθετε
3069 2038 3168 2093 ἀπ’
3195 2039 3365 2108 ἐμοῦ,
3405 2039 3496 2093 ὅτι
3537 2036 3726 2106 πρᾶός
3771 2042 3911 2108 εἰμι,

2330 2132 2429 2185 καὶ
2455 2131 2736 2198 ταπεινὸς
2775 2129 2849 2199 τῇ
2897 2130 3111 2198 καρδίᾳ
3131 2147 3144 2162 ’
3178 2131 3276 2185 καὶ
3305 2130 3595 2199 εὑρήσετε
3634 2130 3909 2186 ἀνάπαυ-

2330 2237 2438 2276 σιν
2473 2221 2602 2287 ταῖς
2653 2220 2883 2290 ψυχαῖς
2917 2219 3118 2288 ὑμῶν’
3153 2220 3458 2274 ἀνάπαυσιν
3488 2220 3681 2288 λέγων,
3710 2219 3776 2272 τὸ
3815 2221 3914 2289 τῆς

2331 2311 2483 2375 θείας
2532 2311 2806 2382 βασιλείας
2849 2312 3070 2382 κράτος,
3119 2311 3196 2372 ὡς
3245 2309 3426 2380 πάσης
3479 2309 3912 2379 ἀπηλλαγμένην

2330 2402 2573 2466 δουλείας
2600 2405 2712 2464 τοῖς
2742 2403 2912 2466 ἀξίοις
2941 2401 3200 2471 ἐμποιοῦν
3229 2401 3566 2455 δεσποτείαν.

2402 2493 2466 2546 El
2498 2492 2555 2544 δὲ
2600 2494 2710 2554 τοῖς
2759 2493 3032 2553 ταπεινοῖς
3079 2491 3170 2543 καὶ
3219 2493 3416 2561 πράοις
3453 2490 3514 2543 τὸ
3549 2489 3912 2558 ἀκαθαίρετον

2330 2585 2433 2654 τῆς
2468 2583 2746 2655 ἀκηράτου
2785 2582 3060 2652 βασιλείας
3113 2582 3312 2636 δίδοται
3346 2581 3565 2652 κράτος,
3611 2582 3697 2643 τίς
3733 2579 3912 2647 οὕτως

2329 2675 2626 2746 ἀνέραστος
2660 2673 2752 2726 καὶ
2777 2675 2955 2744 πάντη
2994 2672 3102 2727 τῶν
3145 2673 3303 2727 θείων
3342 2673 3634 2744 ἀνόρεκτος
3661 2673 3908 2740 ἀγαθῶν,

2329 2765 2405 2828 ὡς
2445 2765 2519 2835 μὴ
2557 2763 2679 2818 κατ’
2722 2765 2891 2835 ἀκρον
2920 2765 3168 2832 ἐφίεσθαι
3197 2763 3580 2828 ταπεινώσεως
3603 2765 3700 2818 καὶ
3735 2764 3912 2835 πραό-

2328 2871 2524 2925 τητος,
2558 2855 2645 2908 ἵνα
2687 2856 2920 2927 γένηται
2950 2857 3048 2925 τῆς
3092 2855 3243 2918 θείας
3289 2856 3576 2927 χαρακτὴρ
3607 2853 3908 2926 βασιλείας,

2329 2946 2406 3008 ὡς
2450 2946 2671 3015 ἐφικτόν
2715 2947 2862 2999 ἐστιν
2912 2945 3215 3015 ἀνθρώπῳ,
3267 2946 3448 3016 φέρων
3484 2947 3544 2999 ἐν
3592 2945 3770 3016 ἐαυτῷ
3816 2947 3909 3004 τοῦ

2332 3035 2490 3102 φύσει
2542 3036 2661 3089 κατ’
2707 3035 2894 3088 οὐσίαν
2947 3034 3023 3098 ὡς
3083 3033 3298 3104 ἀληθῶς
3354 3034 3591 3104 μεγάλου
3646 3034 3911 3104 βασιλέως

2259 3167 2303 3224 C
2335 3125 2593 3198 Χριστοῦ,
2625 3129 2766 3179 κατὰ
2790 3127 2888 3197 τὴν
2915 3126 3074 3197 χάριν
3101 3126 3516 3199 ἀπαράλλακτον
3661 3128 3724 3224 ἐν
3746 3127 3910 3224 πνεῦ-

2337 3239 2468 3295 ματι
2511 3221 2828 3292 μόρφωσιν;
2880 3221 2939 3274 ἐν
2981 3215 3050 3294 ᾖ,
3090 3221 3254 3290 φησὶν
3302 3223 3330 3274 ὁ
3375 3219 3518 3284 θεῖος
3560 3219 3908 3284 ’Ᾱπόστολοςν

2333 3316 2444 3367 οὐκ
2485 3313 2656 3367 ἐστιν
2690 3312 2872 3382 ᾶῤῥεν
2913 3312 3015 3366 καί
3068 3304 3259 3381 θῆλψ
3304 3312 3568 3373 τουτέστι,
3606 3311 3777 3384 θυμδς
3813 3314 3911 3366 καὶ

2333 3405 2597 3475 ἐπιθυμία
2616 3420 2630 3434 ·
2661 3407 2690 3458 6
2725 3405 2824 3475 μὲν
2849 3403 3191 3475 τυραννικῶς
3221 3404 3470 3475 ἐκφέρων
3504 3404 3595 3458 τὸν
3622 3404 3908 3474 λογισμὸν,

2332 3499 2426 3550 καὶ
2457 3496 2548 3550 τοῦ
2581 3496 2746 3567 νόμου
2779 3499 2878 3567 τῆς
2927 3494 3142 3565 φύσεως
3167 3495 3272 3561 ἐξω
3307 3497 3623 3567 ποιοὺμενος
3649 3497 3750 3567 τὴν
3787 3495 3907 3550 διά-

2331 3603 2515 3640 νοιαν
2569 3588 2603 3658 ἡ
2640 3586 2718 3651 δέ,
2769 3586 2872 3656 τῆς
2927 3588 3057 3657 μιᾶς
3103 3587 3198 3641 καὶ
3249 3587 3416 3658 μόνης
3468 3587 3663 3656 ἐφετῆς
3705 3604 3768 3639 τε
3807 3587 3916 3642 καὶ

2332 3678 2578 3742 ἀπαθοῦς
2609 3678 2783 3742 αἰτίας
2809 3679 2901 3732 καὶ
2929 3678 3144 3749 φύσεως
3169 3680 3454 3750 ποιουμένη
3476 3679 3538 3730 τά
3578 3679 3698 3748 μετ’
3724 3679 3913 3750 αὐτὴν

2333 3771 2734 3844 ἐρασμιώτερα,
2763 3771 2856 3825 καὶ
2883 3756 2974 3825 διά
2992 3772 3150 3840 τοῦτο
3167 3773 3267 3844 τὴν
3297 3773 3468 3844 σάρκα
3494 3771 3912 3844 προτιμοτέραν

2331 3863 2586 3934 τιθεμένη
2630 3862 2725 3918 τοῦ
2767 3863 3113 3934 πνεύματοςο
3161 3865 3254 3918 καὶ
3293 3865 3392 3933 τῆς
3419 3861 3714 3932 νοουμένων
3743 3862 3911 3933 δόξης

2331 3976 2392 4010 τε
2421 3960 2516 4012 καὶ
2544 3957 2926 4029 λαμπρότητος
2962 3958 3420 4028 ἐπιτερπεστέραν
3442 3953 3782 4026 ἐργαζομένη
3807 3957 3920 4026 τὴν

2332 4051 2439 4105 τῶν
2483 4050 2824 4120 φαινομένων
2869 4049 3202 4103 ἀπόλαυσιν·
3231 4047 3309 4120 τῷ
3345 4047 3464 4101 κατ’
3493 4046 3745 4116 αἴσθησιν
3777 4047 3908 4117 λείῳ

2331 4140 2433 4211 τῆς
2481 4141 2704 4211 ἡδονῆς,
2759 4141 3100 4213 ἀπείργουσα
3149 4141 3242 4194 τὸν
3300 4139 3424 4193 νοῦν
3476 4139 3576 4208 τῆς
3620 4137 3773 4200 θείας
3812 4140 3914 4192 καὶ

2335 4233 2628 4302 συγγενοῦς
2681 4232 2788 4286 τῶν
2835 4232 3040 4302 νοητῶν
3089 4231 3456 4302 ἀντιλήψεωςο
3501 4228 3615 4284 ἀλλ’
3661 4227 3696 4297 ἢ
3746 4225 3904 4294 λόγος

2336 4323 2662 4395 μονώτατος,
2694 4325 2789 4378 καὶ
2825 4323 2996 4393 αὐτῆς
3044 4325 3125 4385 είς
3169 4322 3338 4394 ἀκρον
3369 4321 3468 4392 τῆς
3510 4318 3752 4382 ἀπαθοῦς
3786 4319 3912 4386 μὲν,

2333 4415 2571 4487 φυσικῆς
2603 4415 2663 4469 δέ
2707 4417 2857 4481 ὅμως
2903 4413 2998 4468 τοῦ
3039 4413 3288 4484 σώματος
3337 4411 3404 4465 δι’
3437 4411 3642 4483 ἀρετῆς
3687 4427 3904 4479 περιου-

651 4495 775 4548 dem
801 4509 831 4548 a
849 4495 1084 4555 libidine
1103 4514 1263 4566 puro,
1284 4502 1522 4557 naturali
1547 4511 1752 4566 tamen,
1775 4505 2024 4573 corporis
2040 4521 2224 4564 amore

2330 4509 2448 4562 σίαν
2476 4508 2848 4580 γυμνούμενος
2899 4509 3132 4578 στοργῆς
3160 4505 3255 4562 καὶ
3291 4505 3605 4568 διαθέσεως,
3645 4505 3900 4564 νικῶντος

651 4595 816 4654 atque
855 4585 1022 4639 animi
1065 4587 1355 4643 affectione
1381 4632 1396 4654 ,
1454 4591 1526 4645 ob
1565 4591 1790 4651 virtutis
1827 4595 2222 4652 abundantiam

654 4674 889 4741 nudata;
949 4692 1012 4730 ea
1039 4679 1252 4732 scilicet
1280 4680 1492 4734 ratione
1514 4723 1529 4746 ,
1579 4683 1727 4751 quod
1756 4686 1990 4754 spiritus.
2018 4696 2230 4748 naturae

654 4767 829 4821 victor
859 4767 1097 4836 perfecte
1123 4770 1380 4834 exsistat,
1441 4787 1505 4826 ac
1533 4788 1571 4826 α
1590 4773 1783 4837 morali
1811 4777 2080 4846 tantisper
2108 4778 2231 4846 phi-

653 4855 901 4926 losophia
934 4856 1188 4912 inducias
1213 4859 1455 4924 indicat,
1515 4860 1645 4915 dum
1679 4863 1944 4919 hactenus
1972 4882 2071 4935 per
2097 4868 2230 4923 sim-

653 4947 850 5015 plicem
882 4946 1281 5020 indivisamque
1305 4953 1840 5022 contemplationem,
1877 4971 2000 5010 cum
2033 4974 2226 5028 super-

650 5039 928 5093 cssentiali
962 5041 1173 5095 ratione
1202 5041 1492 5112 Verboque
1519 5054 1579 5098 ut
1603 5046 2018 5116 congrediatur,
2055 5049 2226 5104 menti

650 5131 950 5197 incumbit;
989 5133 1204 5189 tametsi
1237 5134 1328 5190 illa
1356 5135 1519 5191 utilis
1538 5145 1730 5206 suopte
1753 5139 1914 5208 genio
1931 5149 2034 5205 est,
2069 5141 2136 5195 ad
2159 5158 2223 5197 ea

649 5239 770 5292 quae
821 5227 1194 5296 temporaliter
1240 5227 1418 5284 ﬂuunt
1473 5229 1632 5285 facile
1676 5232 1911 5286 secanda
1951 5248 2015 5287 ac
2043 5241 2219 5289 trans.

2329 4599 2550 4664 τελείως
2596 4599 2694 4673 τὴν
2739 4598 2901 4672 φύσιν
2937 4599 3033 4652 τοῦ
3073 4597 3403 4668 πνεύματος,
3433 4597 3530 4650 καὶ
3573 4596 3676 4665 τῆς
3708 4593 3901 4663 ἠθικῆς

2332 4689 2609 4754 πείθοντος
2658 4691 2915 4760 σχολάσαι
2971 4689 3302 4760 φιλοσοφίας,
3338 4689 3500 4758 ἡνίκα
3549 4687 3900 4755 συγγίνεσθαι

2327 4780 2436 4834 δέοι
2477 4780 2558 4851 τῷ
2618 4780 2927 4852 ὑπερουσίῳ
2971 4780 3116 4850 λόγῳ
3169 4780 3236 4832 δι’
3281 4778 3459 4848 ἁπλῆς
3509 4777 3603 4830 καὶ
3665 4773 3899 4844 ἀμεροῦς

2329 4870 2584 4942 θεωρίας,
2636 4872 2727 4925 τὸν
2775 4870 2932 4925 νοῦν·
2977 4871 3080 4926 κᾶν
3119 4870 3390 4923 συντελεῖν
3433 4867 3582 4936 αὐτῷ
3637 4866 3902 4934 πέφυκεν,¹

2328 4961 2408 5023 είς
2444 4961 2632 5032 ῥᾳδίαν
2660 4962 2768 5016 τῶν
2805 4962 3071 5034 χρονικῶς
3100 4960 3330 5031 ῥεόντων
3369 4958 3543 5029 τομὴν
3581 4958 3678 5011 καὶ
3721 4955 3900 5010 61.016:-

2329 5070 2413 5105 σιν
2431 5069 2447 5082 ⁶
2492 5047 2567 5108 ὧν
2605 5055 2984 5114 διαὸαθέντων.
3011 5055 3110 5107 οὐκ
3133 5052 3356 5120 εῦλογον
3383 5049 3767 5121 ἐπιϐαρεῖσθαι
3809 5065 3898 5100 κα-

2327 5148 2503 5219 θάπερ
2547 5149 2767 5220 μηλωτῇ
2807 5148 2886 5220 τῷ
2927 5148 3046 5202 κατ’
3088 5143 3218 5218 ἦθος
3263 5147 3474 5216 τρόπῳ,
3525 5145 3620 5196 τὸν
3656 5145 3898 5211 ἀποφαν-

2325 5235 2485 5290 θέντα
2514 5240 2626 5301 τοῖς
2654 5238 2930 5306 αἰσθητοῖς
2961 5237 3355 5305 ἀκατάσχετον.

651 5315 956 5384 mittenda;
1018 5319 1222 5388 quibus
1266 5321 1596 5376 transmissis
1629 5337 1691 5376 ac
1717 5324 2023 5393 superatis,
2077 5324 2223 5379 haud
2260 5341 2393 5388 sane
2431 5343 2647 5399 aequum
2674 5370 2689 5394 ,
2755 5338 2836 5395 ut,
2867 5329 2962 5400 qui
3017 5327 3310 5385 sensilibus
3346 5327 3725 5396 terrenisque
3763 5323 3900 5379 liber

649 5407 963 5472 excesserit,
1017 5412 1208 5467 morali
1237 5415 1495 5484 deinceps
1523 5417 1913 5472 exercitatione
1963 5427 2231 5487 tanquam,
2258 5422 2457 5487 melota
2481 5433 2758 5494 gravetur.

719 5499 964 5568 [lemque
1017 5505 1162 5560 clare
1213 5522 1440 5575 magnus
1475 5507 1623 5562 Elias
1664 5508 1981 5576 declarat",
2019 5521 2226 5580 ινδ-διες,

653 5588 794 5642 rium
823 5590 928 5644 hoc
955 5592 1179 5662 ﬁgurate
1205 5595 1345 5651 facto
1368 5614 1468 5652 suo
1493 5599 1816 5665 ostendens;
1849 5601 1939 5670 qui
1965 5603 2220 5666 melotcm

2400 5517 2508 5569 Kal
2531 5516 2682 5587 δηλοῖ
2726 5518 2882 5569 τοῦτο
2947 5515 3130 5584 σαφῶς
3188 5513 3372 5575 Ἠλίας
3409 5514 3440 5564 6
3497 5513 3696 5583 μέγας,
3734 5511 3799 5564 δι’
3827 5502 3900 5562 ὧν

2327 5604 2564 5675 ἔπραττε
2597 5608 2840 5664 τυπικῶς
2883 5608 3040 5660 τοῦτο
3065 5605 3430 5674 παραδεικνὺς
3459 5607 3520 5660 τὺ
3558 5608 3857 5680 μυστήριον
3880 5617 3893 5633 ⁸

723 5762 765 5790 ’⁸
788 5760 832 5814 ll
858 5761 984 5817 Cor.
1016 5779 1088 5829 vi,
1122 5766 1173 5820 8.
1251 5770 1291 5799 ’⁷
1326 5769 1513 5827 Matth.
1549 5787 1618 5832 xi,
1649 5773 1735 5826 29.
1815 5773 1858 5802 "'
1887 5772 2059 5827 Galat.
2093 5789 2169 5839 ιιι,
2197 5775 2230 5832 ‘2

2364 5777 2407 5808 η
2436 5777 2500 5834 Iv
2530 5778 2658 5847 llcg.
2702 5794 2756 5836 ιι.
2799 5778 2878 5843 ιι.
