4154 6322
439 403 546 467 ἕὸἒ)

1426 399 1830 466 EXPOSITIO
1868 397 2283 461 ORATIONIS
2321 392 2732 458 DOMINIC/E.

3581 379 3688 444 890

436 519 542 587 τὴν
565 515 662 586 μὲν
697 515 970 587 μηλωτὴν,
1006 534 1078 588 φη
1090 517 1148 587 μὶ
1168 516 1225 570 δὲ
1249 516 1347 588 τῆς
1378 517 1577 592 σαρκὸς
1597 518 1694 588 τὴν
1725 517 2010 587 νέκρωσιν,

2131 513 2338 583 ιυὶόριη
2397 510 2618 583 (carnis
2659 505 2870 563 scilicet
2918 495 3435 558 mortiﬁcationem,
3494 491 3550 546 in
3584 509 3694 562 qua
3749 503 3766 520 '

439 603 564 683 ἐνῇ
609 607 672 660 τὸ
712 608 1122 678 μεγαλοπρεπὲς
1161 609 1378 680 πέπηγε
1433 610 1532 680 τῆς
1573 611 1769 682 ήθικῆς
1803 611 2019 682 κοσμιό-

449 716 625 804 τητος,
662 699 926 798 κατάιτὴν
952 701 1209 804 ἁρπαγὴν
1250 701 1546 768 Ἐλισσαίῳ
1569 702 1741 766 διδοὺς
1769 704 1850 767 εἰς
1880 720 2018 772 συμ-

447 789 648 858 μαχίαν
727 789 823 840 τοῦ
877 789 1185 859 πνεύματος
1226 789 1369 844 κηατά
1408 791 1588 861 πάσης
1630 792 2010 864 ἀντικειμένης

448 880 746 948 δυνάμεως,
790 880 886 933 καί¹
928 881 1144 951 πληγὴν
1194 883 1288 951 τῆς
1348 883 1582 937 ἀστάτου
1637 884 1730 937 καὶ
1786 883 2020 955 ῥεούσης

448 971 661 1040 φύσεως
681 988 696 1003 ο
729 967 798 1043 ἦς
825 972 994 1036 τύπος
1027 973 1270 1045 ὑπῆρχεν
1291 976 1318 1028 ὁ
1357 975 1662 1046 Ἰωρδάνης,
1695 977 1829 1048 πρὸς
1854 977 1914 1030 τὸ
1943 976 2018 1048 μὴ

449 1062 703 1132 σχεθῆναι
733 1041 825 1115 τὸν
857 1063 1105 1134 μαθητὴν
1275 1066 1409 1136 πρὸς
1434 1041 1532 1135 τήν
1560 1041 1721 1136 ἁγίαν
1741 1041 1850 1136 γῆν
1896 1041 2017 1121 δια-ί

451 1153 680 1216 ϐάσεως,
730 1154 809 1224 τῷ
843 1155 1048 1226 θολερῷ
1073 1174 1132 1210 τε
1152 1157 1245 1210 καὶ
1273 1159 1540 1231 ὀλισθηρῷ
1589 1159 2018 1229 περικλυσθέντα

451 1246 550 1313 τῆς
575 1245 682 1298 τῶν
709 1246 909 1300 ὑλικῶν
943 1249 1315 1319 προσπαθείας
1335 1267 1348 1280 ο
1405 1253 1564 1316 αὐτὸς
1591 1253 1647 1306 δὲ
1671 1251 1860 1322 χωρῶν
1885 1253 2020 1322 πρὸς

452 1338 542 1390 τὸν
597 1337 730 1390 Θεὸν
757 1338 981 1402 ἄνετος,
1027 1340 1206 1394 οὐδενὶ
1234 1341 1341 1394 τῶν
1369 1342 1536 1396 ὄντων
1571 1343 1850 1407 παντελῶς
1878 1344 2021 1396 κατά

453 1430 553 1501 τὴν
584 1430 768 1501 σχέσιν
800 1431 1190 1502 κρατούμενος,
1229 1432 1432 1497 ἁπλοῦς
1468 1451 1528 1487 τε
1567 1434 1665 1503 τὴν
1709 1434 1893 1502 ἔφεσιν
1927 1434 2022 1488 καὶ

454 1521 548 1590 τὴν
576 1520 799 1590 γνώμην
828 1521 1139 1588 ἀσύνθετος,
1180 1521 1318 1592 πρὸς
1360 1522 1450 1576 τὸν
1497 1522 1702 1578 ἀπλοῦν
1731 1526 1798 1595 τῇ
1839 1523 2019 1594 φύσει,

454 1610 539 1664 διά
590 1612 699 1664 τῶν
733 1611 1077 1683 ἀλληλούχων
1126 1614 1361 1683 γενικῶν
1411 1616 1642 1684 ἀρετῶν,
1709 1617 2023 1686 γνωστικῶς

455 1701 708 1772 ἀλλήλαις
722 1704 1135 1775 συνῃρημένων,
1169 1705 1242 1770 ὡς
1277 1705 1459 1760 ἵππων
1490 1709 1728 1778 πυρίνων
1755 1707 1851 1777 τὴν
1874 1707 2024 1776 ἐνδη-

457 1794 586 1863 μίαν
643 1794 984 1866 ποιούμενος.
1035 1797 1218 1864 Ἔγνω
1262 1798 1371 1868 γὰρ
1425 1800 1507 1852 ὅτι
1554 1798 1634 1851 δεῖ
1663 1797 1740 1868 τῷ
1767 1797 2019 1867 ιΧριστοῦ

459 1885 671 1956 μαθητῇ
717 1885 840 1958 [Fr.
884 1889 1114 1956 allerque
1163 1888 1291 1956 Reg.
1336 1889 1427 1942 τὸν
1480 1889 1714 1960 Χριστοῦ
1751 1888 2022 1961 μαθητὴν]

455 1976 813 2044 ἀπογενέσθαι
839 1977 938 2041 τὰς
966 1978 1185 2044 ἀνίσους
1222 1979 1490 2043 διαθέσεις
1535 1981 1632 2050 (3),
1671 1974 1746 2033 ὧν
1775 1982 1808 2051 ή
1838 1981 2028 2044 διαφο-

459 2067 619 2135 ρότης
641 2066 853 2138 ἐλέγχει
888 2067 985 2138 τὴν
1009 2068 1363 2140 ἀλλοτρίωσιν
1387 2087 1401 2100 °
1450 2072 1608 2143 εἴπερ
1641 2072 1883 2142 διάχυσιν
1929 2071 2028 2142 μὲν

457 2159 549 2209 τοῦ
574 2158 700 2228 περὶ
735 2158 961 2228 καρδίαν
986 2159 1218 2230 αἵματος
1249 2159 1311 2213 τδ
1349 2163 1468 2216 κατ’
1493 2161 1789 2232 ἐπιθυμίαν
1820 2162 1992 2226 πάθος
2011 2180 2024 2194 ·

458 2245 686 2316 αἵματος
730 2247 789 2299 δὲ
837 2246 1003 2310 ζέσιν,
1067 2249 1382 2320 κινούμενον
1436 2251 1625 2320 σαφῶς
1681 2251 1743 2305 τὸ
1799 2252 2030 2324 θυμικὸν

457 2336 862 2406 ἀπεργάζεταιο
923 2339 1016 2392 καὶ
1066 2339 1278 2406 φθάσας
1334 2337 1421 2394 οἷα
1469 2341 1533 2411 δὴ
1584 2341 1692 2407 ζῶν
1722 2343 1779 2395 έν
1811 2341 2032 2413 Χριστῷ

461 2425 554 2480 καὶ
573 2428 892 2496 κινούμενος
925 2429 1020 2482 καὶ
1049 2429 1144 2494 ὢν,
1182 2431 1374 2485 ἑαυτοῦ
1396 2431 1492 2502 τὴν
1522 2433 1628 2485 τῶν
1649 2433 1849 2487 ἀνίσων
1878 2433 2033 2488 ἀλλό-

461 2534 614 2571 κοτον
636 2517 795 2589 [alter
820 2520 1002 2584 codex,
1032 2521 1125 2574 καὶ
1156 2520 1480 2595 ἀλλοκότων]
1512 2524 1745 2578 ἀπέθετο
1774 2525 1988 2594 γένεσιν
2013 2541 2030 2557 ο

464 2607 538 2680 μὴ
562 2607 744 2678 φέρων
783 2611 840 2662 ὲν
874 2610 1050 2682 έαυτῷ
1093 2611 1343 2684 καθάπερ
1391 2615 1559 2688 ἄρρεν
1583 2615 1677 2669 καὶ
1719 2615 1872 2687 θῆλυ,
1910 2599 2032 2682 ’τὰς

461 2699 728 2764 ὶναντίας,
782 2700 857 2764 ὡς
911 2701 1068 2774 ἔφην,
1107 2703 1313 2758 τούτων
1344 2705 1454 2759 τῶν
1497 2706 1684 2760 παθῶν
1723 2706 2029 2772 διαθέσειςο

463 2790 551 2844 ἵνα
581 2790 656 2862 μὴ
682 2791 920 2863 δουλωθῇ
957 2794 1167 2857 τούτοις
1211 2798 1238 2850 ό
1268 2797 1445 2865 λόγος,
1497 2801 1618 2862 ταῖς
1652 2799 1831 2854 αὐτῶν
1861 2799 2025 2855 ἀστὰς

462 2897 573 2943 τοις
620 2880 944 2950 μεταϐολαῖς
1001 2882 1400 2955 ἀλλοιούμενος,
1423 2877 1467 2953 ᾧ
1529 2887 1773 2956 φυσικῶς
1798 2953 1803 2958 _
1827 2887 1887 2942 τὺ
1931 2889 2034 2958 τῆς

465 2968 612 3032 θείας
649 2971 854 3034 εἰκόνος
901 2953 1238 3045 ἐγκέκραται
1274 2977 1458 3041 σέϐας,
1485 2953 1672 3032 πεῖθον
1727 2953 1828 3050 τὴν
1855 2953 2034 3052 ψυχήν

465 3061 912 3134 μεταπλασθῆναι
944 3039 1099 3118 ἠκατά
1147 3069 1246 3138 τὴν
1297 3039 1522 3141 γνώμην
1560 3070 1696 3142 πρὸς
1757 3039 2035 3144 τήνιθενίάν

2118 605 2339 660 moralis
2375 601 2680 658 honestatis
2734 598 2839 652 ﬁxa
2867 591 3266 665 magniﬁcentia
3293 587 3414 654 est)
3472 585 3694 639 interim

2118 698 2251 752 dum
2283 703 2569 767 raperetur
2621 692 2815 748 Elisreo
2847 686 3102 750 dederit,
3165 679 3444 752 suppetias
3477 675 3694 748 spiritui

2120 789 2364 845 futuram
2423 793 2615 842 contra
2661 795 2880 837 omnem
2929 773 3296 832 adversariam
3345 778 3693 840 potestatem,

2118 896 2184 937 ac
2225 895 2333 949 qua
2377 877 2635 933 instabile
2663 874 2979 942 ﬂuxumque
3003 869 3334 924 elementum
3362 866 3694 933 percuteret,

2120 971 2276 1040 cujus
2301 977 2420 1024 erat
2448 965 2704 1024 Jordanis
2731 964 2903 1034 ﬁgura
2927 979 2942 1028 ;
3000 974 3069 1014 ne
3099 957 3309 1013 scilicet
3353 962 3696 1006 terrenarum

2120 1039 2306 1116 rerum
2329 1059 2548 1114 turbida
2596 1066 2759 1127 atque
2773 1054 2984 1109 lubrica
3001 1049 3237 1114 affectio,
3261 1046 3518 1099 obrutum
3535 1039 3702 1093 disci-

2119 1154 2312 1224 pulum
2345 1150 2580 1206 transitu
2611 1149 2678 1203 ad
2707 1156 2906 1202 terram
2930 1151 3172 1199 sanctam
3199 1136 3553 1208 prohiberet;
3583 1132 3698 1200 ipse

2119 1260 2253 1299 vero
2273 1243 2414 1297 liber
2433 1250 2597 1311 atque
2618 1239 2827 1293 solutus
2843 1235 2910 1289 ad
2931 1235 3099 1288 Deum
3120 1224 3520 1297 commigravit,
3535 1236 3697 1292 quem

2121 1335 2350 1391 libidine
2363 1333 2650 1387 subactum
2663 1329 2813 1384 nulla
2827 1339 3054 1398 prorsus
3070 1338 3156 1378 res
3171 1321 3470 1382 detineret;
3486 1314 3702 1370 deside-

2121 1428 2205 1482 rio
2223 1426 2474 1496 simplex,
2497 1421 2663 1477 animi
2685 1419 2964 1474 voluntate
2990 1429 3099 1468 non
3119 1409 3476 1480 compositus,
3491 1405 3556 1459 ad
3576 1419 3702 1458 eum

2122 1518 2218 1588 qui
2245 1526 2442 1572 natura
2470 1512 2701 1582 simplex
2727 1516 2833 1571 est,
2870 1521 2970 1577 per
3001 1510 3286 1559 eonsertas
3315 1498 3419 1553 sibi
3466 1495 3702 1550 invicem

2123 1606 2403 1680 generales
2426 1604 2681 1662 virtutes,
2707 1599 2993 1669 igneorum
3013 1604 3283 1662 equorum
3307 1601 3460 1641 more
3484 1583 3704 1652 sapien-

2126 1706 2208 1753 ter
2226 1697 2564 1768 conjugatas,
2593 1693 2700 1747 iter
2725 1687 3085 1745 contendens.
3109 1675 3509 1737 Noverat'eniin
3526 1687 3706 1742 opera:

2125 1765 2361 1862 pretium
2377 1765 2519 1850 esse,
2532 1795 2594 1840 ut
2609 1782 2813 1840 Christi
2831 1777 3102 1848 discipulo
3121 1772 3391 1828 decedant
3414 1765 3707 1835 inzeqnales

2125 1882 2376 1945 aﬂ'ectus,
2399 1891 2630 1948 quorum
2649 1872 2940 1928 diversitas
2965 1868 3174 1922 alienos
3189 1878 3284 1918 eos
3299 1875 3420 1915 esse
3437 1855 3704 1914 ostendit;

2128 1946 2519 2041 siquidem—sic
2549 1969 2926 2033 comparatum
2950 1967 3075 2021 est,
3136 1964 3198 2008 ut
3245 1948 3560 2021 cupiditatis
3581 1946 3706 2016 qui-

2127 2064 2253 2118 dem
2278 2060 2495 2116 aﬂ‘ectio
2527 2056 2877 2112 diil'usioncm
2903 2048 3184 2120 sanguinis
3212 2043 3374 2114 35a.
3403 2042 3551 2097 circa
3586 2053 3702 2103 cor,

2127 2156 2350 2212 incitata
2368 2167 2500 2208 vero
2522 2150 2618 2204 ira:
2655 2147 2736 2202 vis
2761 2142 3044 2215 sanguinis
3064 2137 3450 2196 ebullitionem
3479 2141 3673 2188 aestum
3692 2162 3707 2171 -

2129 2263 2238 2320 que
2256 2245 2498 2310 alliciat;
2555 2257 2620 2297 ac
2650 2239 2744 2310 qui
2775 2253 2900 2292 cum
2923 2236 3033 2307 jam
3062 2230 3423 2304 pervenisset,
3452 2236 3708 2295 tanquam

2131 2339 2226 2410 qui
2273 2338 2329 2393 in
2371 2336 2591 2391 Christo
2633 2332 2846 2387 viveret
2905 2336 2963 2381 et
3000 2331 3318 2380 moveretur
3382 2327 3441 2372 et
3477 2314 3708 2375 esset”,

2127 2406 2167 2486 ε
2205 2445 2265 2484 se
2306 2429 2424 2498 ipse
2478 2425 2714 2480 alienam
2765 2427 2929 2489 atque
2969 2417 3233 2471 absonam
3277 2406 3709 2479 inaequalitatum

2127 2519 2542 2594 generationem
2579 2511 2876 2584 abjeeerit;
2913 2524 3024 2562 non
3055 2507 3240 2561 ferens
3269 2503 3326 2556 in
3354 2499 3559 2568 seipso,
3589 2509 3709 2549 ma-

2132 2610 2274 2668 sculi
2317 2609 2492 2664 instar
2540 2619 2604 2660 ac
2645 2602 2899 2665 feminae,
2963 2595 3290 2658 contrarias,
3329 2591 3410 2645 uti
3437 2587 3710 2649 dicebam,

2133 2704 2400 2759 horumce
2437 2697 2733 2753 aﬂ‘ectuum
2777 2689 3208 2761 dispositiones;
3261 2697 3332 2738 ne
3366 2680 3580 2736 scilicet
3625 2676 3714 2730 iii-

2134 2793 2427 2853 stabilibus
2471 2803 2665 2846 eorum
2711 2781 3108 2840 mutationibus
3167 2775 3333 2832 aliam
3362 2781 3526 2842 atque
3551 2769 3714 2825 aliam

2135 2887 2374 2944 inducas
2415 2881 2557 2938 ratio
2608 2878 2717 2933 illis
2758 2874 3205 2944 manciparetur,
3264 2867 3352 2922 cui
3384 2861 3713 2920 naturaliter

2135 2979 2337 3036 divinae
2380 2971 2634 3044 imaginis
2684 2967 2875 3022 radius
2915 2962 3238 3019 commistus
3262 2959 3370 3024 sit;
3425 2955 3520 3026 qui
3551 2953 3715 3024 plane

2136 3077 2334 3127 auctor
2361 3067 2466 3130 sit,
2524 3073 2588 3118 ut
2624 3061 2809 3116 anima
2855 3053 3156 3111 voluntatis
3178 3049 3465 3122 preposito
3493 3047 3548 3101 in
3571 3043 3713 3100 divi-

461 3152 742 3252 ύμοίωσ-ιν,
768 3156 1136 3252 καὶγενέσθαι
1151 3135 1250 3229 τής
1268 3135 1740 3235 συνυςρισταμένης
1763 3135 2030 3231 ούσιωδῶς

2139 3179 2266 3220 nam
2293 3159 2776 3215 transforinaretur
2799 3146 3240 3206 similitudinem,
3289 3141 3540 3212 ejusque,
3570 3135 3716 3207 quod

459 3242 540 3314 τῷ
566 3243 685 3315 Θεῷ
711 3247 805 3300 καὶ
840 3248 1017 3319 Πατρὶ
1049 3248 1158 3301 τῶν
1184 3249 1322 3304 ὅλων
1353 3253 1594 3323 μεγάλης
1632 3253 1929 3324 βασιλείας,
1956 3257 2032 3322 ὡς

461 3336 778 3408 Πνεύματος
836 3339 992 3408 ἁγίου
1031 3341 1290 3413 παμφαὲς
1329 3343 1664 3414 οἰκητήριον,
1711 3346 1840 3414 ὃλην
1878 3348 2032 3419 δεχόο

464 3445 648 3498 μενον,
688 3431 736 3483 εί
795 3430 952 3501 θέμις
1003 3433 1196 3498 εἰπεῖν,
1232 3433 1332 3505 τῆς
1365 3435 1517 3500 θείας
1564 3437 1779 3508 φύσεως
1807 3441 1947 3495 κατά
1973 3442 2034 3496 τὸ

461 3519 710 3622 δυνατὸν,
745 3521 845 3622 τὴν
880 3522 1128 3622 ἐξουσίαν
1173 3523 1273 3622 τῆς
1303 3525 1555 3594 γνώσεως
1574 3543 1588 3558 ·
1620 3528 1743 3582 καθ’
1770 3531 1836 3602 ἢν
1865 3533 1898 3602 ή
1933 3532 2034 3602 μὲν

461 3612 570 3664 τῶν
619 3612 880 3682 χειρόνων
907 3613 1282 3682 ἁπογίνεσθαι,
1334 3617 1442 3671 τῶν
1470 3619 1526 3672 δὲ
1555 3621 1880 3690 κρειττόνων
1909 3624 2034 3693 ὑφί-

463 3703 690 3757 στασθαι
724 3703 935 3774 πέφυκε
973 3707 1206 3774 γένεσις,
1246 3704 1341 3762 ίσα
1385 3710 1505 3783 Θεῷ
1558 3712 1657 3782 τῆς
1679 3714 1858 3785 ψυχῆς
1895 3715 2036 3769 κατὰ

461 3792 560 3864 τὴν
593 3795 751 3866 χάριν
774 3795 874 3866 τῆς
895 3797 1138 3869 κλήσεως
1158 3800 1354 3854 ἄσυλον
1383 3802 1758 3876 φυλαττούσης
1787 3808 1844 3858 ὲν
1868 3808 2032 3878 ἑαυτῇ

462 3885 570 3938 τῶν
597 3861 946 3956 δωρηθέντων
983 3861 1174 3944 ’καλῶν
1201 3891 1301 3964 τὴν
1331 3861 1625 3947 ὑπόστασιν
1645 3911 1658 3925 ’
1691 3861 1811 3948 καθ’
1841 3897 1910 3968 ἣν
1944 3861 2034 3950 del:

465 3974 636 4029 θέλων
689 3977 923 4046 Χριστὸς
979 3980 1231 4047 γεννᾶται
1265 3981 1567 4052 μυστικῶς,
1599 3983 1688 4036 διά
1726 3985 1834 4038 τῶν
1866 3985 2034 4049 σωζο-

469 4066 648 4141 μένων
672 4067 1070 4140 σαρκούμενος·
1107 4071 1202 4125 καὶ
1234 4073 1445 4143 μητέρα
1473 4073 1756 4146 παρθένων
1786 4077 2035 4148 ἀπεργα-

462 4155 690 4228 ζόμενος
712 4157 810 4229 τὴν
835 4160 1110 4228 γεννῶσαν
1130 4160 1329 4233 ψυχὴν,
1362 4163 1462 4218 ούκ
1495 4166 1746 4235 ἔχουσαν,
1799 4169 1885 4221 ἵνα
1915 4187 2038 4224 συν-

403 4293 408 4298 .
463 4249 604 4354 sfw
661 4249 824 4354 εἴπω,
890 4253 1032 4354 κατά
1081 4253 1181 4321 τὴν
1245 4255 1448 4326 σχέσιν,
1500 4256 1689 4329 ὥσπερ
1730 4260 1895 4332 ἄρρεν
1943 4262 2036 4316 καὶ

463 4341 618 4446 (ιήλυ,
681 4341 751 4397 τά
793 4344 1149 4415 γνωρίσματα
1193 4347 1292 4417 τῆς
1349 4347 1453 4402 ὑπὸ
1475 4349 1680 4422 φθορὰν
1699 4354 1794 4407 καὶ
1822 4354 2037 4422 γένεσιν

463 4448 532 4499 φυ
541 4449 698 4495 σεως.

2137 3259 2250 3314 Deo
2275 3271 2341 3310 ac
2361 3253 2510 3309 Patri
2537 3245 2905 3306 essentialiter
2927 3237 3214 3297 coexsistit
3234 3275 3249 3300 ,
3299 3246 3558 3304 magnum
3590 3228 3718 3284 uni-

2136 3362 2421 3406 versorum
2449 3356 2678 3413 regnum
2736 3338 2978 3410 (nempe
3009 3330 3249 3402 Spiritus
3275 3324 3450 3382 sancti
3483 3320 3715 3377 lucidis-

2134 3442 2336 3498 simum
2363 3428 2744 3500 domicilium)
2790 3426 3098 3489 eﬂiciatur;
3135 3429 3305 3476 totam
3329 3416 3592 3472 nimirum
3618 3426 3714 3467 ca-

2134 3535 2294 3607 piens
2325 3529 2507 3603 (absit
2530 3525 2702 3582 verbo
2732 3517 2975 3589 invidia)
3009 3525 3220 3572 naturae
3246 3510 3448 3567 divinae
3470 3549 3486 3574 ,
3535 3503 3717 3576 quoad

2133 3636 2460 3682 concessum
2481 3625 2588 3683 est,
2617 3612 2947 3684 cognitionis
2976 3609 3095 3682 (seu
3120 3601 3386 3670 scientiae)
3415 3600 3523 3655 vim
3552 3613 3616 3652 ae
3637 3596 3719 3651 fa-

2136 3717 2397 3772 cultatem
2423 3729 2442 3778 ;
2493 3724 2602 3779 qua
2632 3711 3010 3774 comparatum
3030 3740 3045 3766 ,
3099 3708 3161 3754 ut
3189 3695 3468 3751 deteriora
3493 3690 3716 3762 quidem

2137 3808 2414 3862 intereant
2465 3778 2632 3870 atque
2676 3797 2973 3858 desinant;
3029 3790 3306 3862 potiorum
3339 3778 3522 3841 autem
3562 3791 3719 3837 ortus

2135 3897 2440 3960 consistat,
2498 3897 2862 3947 conservante
2904 3884 3117 3940 scilicet
3158 3881 3340 3936 anima
3386 3875 3533 3934 haud
3559 3874 3718 3929 aliter

2136 4005 2202 4047 ac
2223 3991 2390 4052 Deus,
2424 3983 2729 4040 secundum
2757 3978 2986 4051 gratiam
3016 3971 3324 4030 vocationis
3344 4009 3358 4034 ,
3421 3980 3720 4022 concesso-.

2138 4098 2260 4137 rum
2292 4080 2562 4134 bonorum
2611 4069 2988 4128 inviolabilem
3018 4066 3074 4121 in
3100 4064 3280 4133 seipsa
3316 4056 3678 4115 substantiam
3700 4071 3724 4120 ς,

2137 4189 2244 4244 qua
2294 4185 2512 4240 semper
2551 4166 2806 4224 Christus
2851 4167 3044 4231 sponte
3068 4172 3167 4213 sua
3195 4153 3424 4224 mystice
3445 4147 3730 4214 nascitur,

2137 4281 2237 4336 per
2263 4279 2359 4320 eos
2385 4273 2672 4317 assumens
2691 4269 2914 4311 carnem
2940 4251 3036 4322 qui
3057 4248 3234 4304 salute
3263 4243 3576 4304 donantur;
3629 4252 3715 4301 ac,

2138 4372 2246 4428 qua
2296 4353 2542 4409 nascitur
2590 4348 2776 4404 anima
2799 4386 2816 4409 ,
2877 4350 3109 4399 matrem
3137 4337 3406 4408 virginem
3435 4328 3715 4392 alliciens;

2141 4423 2197 4504 in
2223 4463 2329 4519 qua
2361 4447 2461 4517 (ut
2484 4455 2697 4499 summa
2717 4436 2928 4508 dicam)
2961 4433 3113 4490 nulla
3133 4428 3436 4488 secundum
3460 4423 3716 4479 aﬂ‘ectum

463 4539 529 4582 ac
575 4524 884 4590 libidinem,
938 4526 1171 4582 masculi
1194 4527 1368 4586 instar
1421 4546 1486 4588 ac
1517 4531 1757 4601 feminae,
1790 4545 2003 4596 natura:
2029 4518 2372 4612 corruptioni
2405 4551 2468 4593 ac
2504 4530 2846 4606 generationi
2880 4525 3152 4590 obnoxiae,
3195 4518 3431 4591 insignia
3467 4520 3720 4583 notaeque

419 4649 426 4655 ο
464 4617 789 4674 consistant.

534 4711 838 4775 Ξενιςέσθω
875 4712 932 4766 δὲ
971 4712 1178 4784 μηδεὶς,
1217 4714 1315 4786 τὴν
1371 4716 1578 4789 φθορὰν
1629 4721 1728 4790 τῆς
1771 4720 2030 4789 γενέσεως

2210 4721 2324 4778 Nec
2347 4731 2677 4790 quemquam
2705 4728 2806 4770 ceu
2831 4724 3035 4772 novum
3061 4721 3126 4763 ac
3150 4702 3458 4760 inauditum
3481 4701 3718 4758 moveat,

467 4799 681 4853 ἀκούων
709 4803 1170 4874 προταττομένην.
1209 4805 1459 4870 Ἀπαθῶς
1481 4808 1588 4883 γὰρ
1620 4811 1714 4865 σὺν
1733 4810 1878 4882 ὀρθῷ
1896 4811 2040 4882 λόγῳ

467 4893 565 4965 τὴν
605 4891 714 4947 τῶν
763 4897 1065 4966 γινομένων
1123 4899 1217 4952 καὶ
1255 4900 1663 4973 ἀπογινομένων
1715 4903 1879 4973 φύσιν
1918 4905 2039 4958 δια·-

469 4986 771 5055 σκοπήσας,
803 4987 1023 5059 εὑρήσει
1052 4989 1237 5058 σαφῶς
1263 4991 1329 5044 ὲκ
1358 4992 1564 5063 φθορᾶς
1592 4993 1687 5046 καὶ
1714 4995 1794 5058 είς
1838 4993 2043 5065 φθορὰν

468 5072 566 5143 τὴν
593 5074 807 5142 γένεσιν
835 5077 1142 5151 ἀρχομένην
1167 5078 1264 5132 καὶ
1293 5078 1566 5150 λήγουσαν
1595 5097 1608 5111 ·
1639 5076 1708 5154 ἧς
1741 5081 1810 5135 τὰ
1834 5099 2044 5153 σημανο

469 5164 597 5218 τικά
636 5164 806 5237 πάθη,
829 5167 1080 5239 καθάπερ
1103 5168 1258 5240 έφην,
1285 5171 1385 5224 οὐκ
1422 5170 1536 5242 ἔχει
1573 5171 1842 5245 Χριστόςο
1873 5174 2042 5243 ἤγουν

470 5257 499 5309 ὁ
520 5257 611 5311 τοῦ
642 5260 880 5330 Χριστοῦ
902 5279 962 5316 τε
987 5263 1080 5315 καὶ
1103 5261 1242 5316 κατὰ
1259 5263 1492 5334 Χριστὸν
1512 5263 1625 5334 βίος
1655 5282 1718 5318 τι.
1743 5265 2004 5335 καὶλόγος
2024 5281 2040 5298 ο

471 5348 628 5422 ειπερ
645 5353 673 5404 ὁ
696 5351 869 5420 λέγων
893 5355 1039 5408 ἐστὶν
1061 5354 1288 5428 ἀληθὴς,
1319 5357 1415 5409 Ἐν
1435 5355 1543 5426 γὰρ
1567 5354 1798 5425 Χριστῷ
1826 5357 2042 5424 Ἰησοῦς

471 5443 583 5500 οὐκ
637 5443 810 5498 ἔστιν
851 5445 1032 5516 ἄρῤεν
1081 5448 1182 5502 και
1236 5447 1392 5517 θῆλυ
1414 5465 1431 5480 ο
1475 5450 1543 5504 τά
1571 5451 1772 5520 σημεῖα
1821 5448 2041 5520 δηλαδὴ.

471 5532 568 5636 καὶ
604 5535 674 5589 τὰ
933 5538 1108 5636 δηλῶν
1153 5541 1252 5636 της
1288 5540 1392 5594 ὑπὸ
1437 5539 1645 5612 φθοράν
1696 5542 1792 5596 καὶ
1830 5541 2043 5610 γένεσιν

474 5626 688 5690 φύσεως
713 5639 728 5654 ⁸
779 5626 896 5680 ἀλλ’
929 5626 962 5698 ἦ
996 5628 1155 5700 μόνον
1203 5629 1442 5702 θεοειδὴς
1503 5631 1659 5702 λόγος
1689 5631 1886 5701 γνώσει
1923 5629 2044 5703 θείᾳ

536 5785 582 5830 ³³
616 5803 744 5874 Act,
772 5806 1002 5873 “1528-
1081 5808 1122 5842 ³¹
1153 5807 1324 5871 Gala"
1357 5824 1436 5874 ω’

2145 4813 2295 4883 quod
2337 4808 2710 4881 corruptionis
2736 4805 3020 4861 interitum
3053 4799 3201 4855 ortui
3223 4791 3595 4868 generationis
3620 4804 3721 4842 au-

2145 4881 2227 4961 dit
2255 4905 2559 4975 praalatum.
2621 4897 2882 4968 Quisquis
2915 4895 3064 4950 enim
3111 4900 3312 4947 sereno
3337 4885 3538 4942 mentis
3562 4881 3722 4936 oculo

2147 5006 2407 5066 rectaque
2447 4993 2663 5050 ratione
2708 5004 2894 5046 rerum
2929 5001 3050 5057 quae
3070 4983 3330 5040 oriuntur
3351 4993 3419 5032 ac
3442 4977 3723 5032 intereunt

2140 5062 2397 5144 naturam
2422 5081 2755 5144 attenderit,
2809 5077 3071 5134 inchoare
3098 5082 3283 5128 ortum
3306 5069 3379 5123 ab
3405 5062 3719 5120 interitione

2141 5193 2240 5233 seu
2287 5174 2646 5244 corruptione
2670 5212 2685 5238 ,
2747 5171 2916 5240 inque
2956 5165 3205 5222 eamdem
3229 5159 3506 5222 desinere,
3539 5154 3726 5225 palam

2142 5267 2458 5334 invenerit;
2508 5281 2674 5335 quam
2705 5263 2800 5333 qui
2831 5259 3140 5330 insignium
3181 5267 3246 5308 ac
3269 5251 3559 5321 designant
3586 5245 3720 5300 atl‘e-

2142 5367 2266 5424 ctus
2290 5374 2390 5414 seu
2414 5356 2721 5427 passiones,
2748 5353 2829 5410 uti
2849 5351 3125 5413 dicebam,
3147 5345 3402 5402 Christus
3421 5355 3533 5396 non
3555 5350 3737 5408 agnos,

2139 5453 2250 5508 :seit
2306 5449 2548 5523 (Christi
2578 5448 2791 5504 scilicet
2821 5446 3056 5514 vitaeque
3084 5437 3410 5496 Christianae
3444 5427 3743 5492 institutio,

2139 5551 2200 5600 ct
2218 5522 2404 5614 ratio),
2427 5541 2699 5611 siquidem
2726 5553 2893 5594 verax
2914 5533 3114 5604 estqui
3134 5531 3213 5586 ait
3240 5547 3254 5584 :
3278 5528 3344 5584 In
3361 5525 3567 5582 Christo
3582 5522 3739 5590 enini,

2144 5629 2270 5686 Iesu
2305 5611 2410 5684 non
2433 5636 2509 5684 eu
2534 5625 2800 5683 masculus
2829 5639 2999 5696 neque
3022 5620 3276 5694 femina"
3327 5615 3489 5690 (ejus
3511 5611 3734 5680 scilicet
