4154 6322
474 398 483 405 ’
518 409 626 479 891

1676 411 1734 470 S.
1780 409 2065 469 MAXIM!
2102 407 2604 468 CONFESSORIS

3660 396 3770 462 ‘8‘}2

521 534 737 583 natura
776 535 932 581 notas
972 523 1311 591 affectusque
1348 536 1411 575 ac
1446 522 1727 592 passiones
1755 522 2091 592 signiﬁcans,

2222 519 2591 589 τεποιωμένος,
2621 517 2714 569 καὶ
2748 514 2970 584 γνώμης
3003 513 3268 586 μοναδικὴ
3326 514 3563 585 κίνησις,
3603 515 3769 583 μόνην

521 633 645 688 quae
665 615 1036 685 corruptionis
1054 612 1360 667 interitioni
1383 621 1546 681 atque
1566 612 1710 666 ortui
1728 612 2103 682 generationis

2210 609 2506 679 αἱρουμένη
2533 607 2630 678 τὴν
2666 607 2884 677 ἀρετήν.

522 708 760 764 obnoxia
785 706 931 776 est);
965 705 1066 760 sed
1094 704 1441 759 solummodo
1466 704 1750 759 deiformis
1770 705 1931 769 ratio,
1992 704 2193 759 divina:
2221 703 2469 758 scientiae
2528 701 2793 771 qualitate
2854 696 3093 764 imbuta,
3148 697 3554 771 singularisque
3604 696 3771 753 animi

523 798 848 859 voluntatis,
890 796 1108 851 unicam
1145 797 1399 868 eligentis
1426 797 1724 862 virtutem,
1778 796 2002 867 agitatio
2032 812 2097 851 ac
2135 803 2338 849 motus.

596 891 755 962 355
792 890 967 958 Neque
987 892 1197 948 Crwcus
1231 891 1565 957 ac‘Judaeus,
1618 893 1822 961 quibus
1863 892 2099 946 diversae

2271 891 2419 944 Οὔτε
2459 889 2698 956 Ἕλλην
2748 888 2847 942 καὶ
2915 886 3223 955 Ἰουδαῖος,
3271 887 3337 941 δι’
3377 878 3453 939 ὧν
3498 885 3594 955 τῆς
3648 886 3775 954 περὶ

524 984 803 1055 opinionis
826 984 894 1039 de
917 985 1029 1038 Deo
1058 983 1201 1037 ratio
1231 982 1608 1053 signiﬁcatur,
1640 986 1753 1039 sive
1785 985 1868 1049 (ut
1908 985 2100 1038 verius

2222 979 2333 1033 9.206
2363 979 2520 1049 δόξης
2550 982 2577 1032 ὁ
2601 979 2854 1051 διάφορος
2890 980 3215 1049 σημαίνεται
3241 978 3397 1045 λόγος
3420 994 3433 1007 ’
3493 975 3548 1046 ἦ,
3592 976 3654 1029 τό
3711 994 3774 1044 γε

528 1077 741 1145 loquar)
757 1076 1055 1131 contraria.
1081 1076 1216 1130 Nam
1248 1076 1338 1130 ille
1358 1075 1603 1145 quidem,
1622 1076 1919 1130 multorum
1952 1076 2103 1145 prin-

528 1165 771 1235 cipatum
803 1165 1129 1234 insipienter
1151 1165 1333 1229 docet,
1366 1180 1429 1219 ac
1457 1182 1602 1220 unus
1649 1180 1772 1219 cum
1818 1166 1905 1229 sit,
1967 1180 2102 1218 conv-

535 1256 718 1311 trariis
749 1271 875 1310 eum
900 1256 1314 1325 operationibus
1351 1266 1515 1326 atque
1567 1256 1780 1310 viribus
1833 1255 2028 1309 dividit
2056 1257 2099 1320 ‘;

534 1348 884 1418 pluriumque
914 1351 1203 1402 numinum
1234 1348 1642 1402 venerationem
1676 1346 1958 1416 conﬁngit,
1990 1355 2104 1399 tum

535 1440 806 1509 ipsorum,
843 1440 1151 1509 quibusilla
1183 1440 1498 1503 adhibetur,
1550 1438 1901 1493 multitudine
1939 1438 2104 1492 dissi-

534 1529 776 1594 dentem,
829 1538 941 1584 tum
977 1530 1199 1585 diverso
1236 1530 1575 1585 adorationis
1624 1530 1735 1584 ritu
1789 1530 2100 1583 ridiculam.

2204 1073 2401 1142 μᾶλλον
2455 1071 2812 1144 ἀληθέστερον
2852 1072 3047 1136 εἰπεῖν,
3116 1070 3507 1141 ἀντικείμενος.
3559 1070 3620 1121 '0
3678 1070 3775 1138 μὲν

2205 1164 2397 1235 (Mnrg.
2480 1163 2788 1231 Ἐλληνικὸς
2844 1163 3020 1232 λόγος)
3079 1161 3328 1232 ἀφρόνως
3380 1160 3775 1229 εἰσηγούμενος

2204 1254 2561 1325 πολυαρχίαν,
2594 1255 2685 1306 καὶ
2714 1254 2811 1323 τὴν
2844 1254 2974 1325 μίαν
2997 1252 3171 1325 ἀρχὴν
3202 1253 3603 1321 ἀντικειμέναις
3623 1253 3777 1320 ἐνερ-

2204 1347 2378 1416 γείαις
2407 1365 2464 1399 τε
2517 1347 2610 1400 καὶ
2656 1346 2917 1414 δυνάμεσι
2954 1345 3337 1416 καταμερίζων
3362 1361 3375 1375 ·
3408 1343 3503 1397 καὶ
3554 1344 3782 1396 πλαττό-

2210 1455 2367 1509 μενος
2405 1438 2567 1500 σέϐας
2592 1437 2871 1496 πολύθεον,
2906 1436 2984 1508 τῷ
3013 1454 3072 1489 τε
3126 1435 3316 1505 πλήθει
3373 1434 3482 1487 τῶν
3537 1450 3780 1504 προσκυ-

2208 1548 2297 1582 νου
2306 1530 2480 1600 μένων
2502 1529 2940 1599 στασιαζόμενον,
2966 1529 3060 1582 καὶ
3078 1527 3155 1598 τῷ
3171 1527 3410 1598 διαφόρῳ
3434 1526 3531 1597 τῆς
3546 1543 3782 1596 προσκυ-

535 1620 637 1675 llic
663 1634 817 1686 vero,
865 1636 1038 1674 unum
1083 1621 1306 1690 quidem
1361 1622 1751 1691 principatum,
1804 1621 1899 1674 sed
1931 1636 2106 1689 angu-

2222 1623 2419 1693 νὴσεως
2453 1620 2638 1691 τρόπῳ
2661 1620 2984 1691 γελώμενον.
3022 1620 3079 1672 Ὀ
3112 1619 3186 1684 δὲ,
3220 1617 3414 1689 (Mary.
3436 1619 3463 1671 ὁ
3495 1616 3784 1679 ἰουδαῐκδς

535 1716 680 1762 stum
707 1724 771 1763 ac
804 1709 1206 1779 imperfectum,
1242 1726 1345 1764 nec
1367 1711 1480 1765 fere
1515 1710 1929 1772 consistentem,
1985 1718 2107 1762 tan-

535 1814 699 1868 quam
739 1801 950 1855 ratione
999 1801 1219 1871 vitaque
1262 1801 1628 1867 destitutum;
1691 1801 1745 1855 in
1790 1799 1999 1869 aequale
2046 1815 2109 1854 ac

538 1891 690 1960 prior
720 1891 941 1956 malum,
976 1892 1203 1947 sublatae
1231 1891 1450 1947 deitatis
1490 1908 1587 1961 per
1632 1892 1908 1946 contraria
1957 1890 2107 1944 dela-

538 1998 672 2052 psus
697 1999 711 2047 ;
738 1997 845 2036 una
872 1983 1083 2038 scilicet
1106 1999 1343 2053 persona
1367 1999 1535 2037 unum
1561 1983 1712 2036 illum
1737 1982 2108 2052 principatum

536 2087 773 2141 eumque
796 2072 1001 2142 absque
1028 2074 1240 2128 ratione
1276 2089 1375 2128 seu
1412 2073 1588 2128 Verbo
1619 2090 1682 2129 ac
1739 2073 1948 2144 Spiritu
1981 2088 2113 2128 con-

538 2161 851 2231 sistentem,
875 2172 970 2219 aut
991 2174 1139 2220 certe
1163 2166 1374 2220 ratione
1394 2175 1450 2221 et
1474 2166 1671 2235 spiritu
1701 2176 1960 2235 tanquam
1981 2179 2114 2234 qua-

540 2253 693 2327 litate
722 2254 1016 2317 imbutum,
1051 2255 1355 2321 deﬁniens;
1394 2271 1506 2310 non
1571 2256 1904 2327 intelligens,
1958 2255 2114 2325 quis-

542 2326 667 2397 nam
698 2344 844 2400 Deus
871 2344 1087 2400 futurus
1109 2345 1201 2409 sit,
1230 2346 1322 2414 qui
1358 2345 1556 2400 horum
1605 2326 1830 2401 exsistat
1876 2360 2110 2416 expers;

543 2443 641 2488 aut
662 2435 940 2503 quomodo
972 2436 1136 2498 Deus,
1159 2436 1251 2505 qui
1277 2437 1421 2491 haud
1452 2452 1611 2492 secus
1635 2454 1699 2491 ac
1725 2437 1892 2491 animi
1918 2436 2112 2501 creati,

543 2525 695 2579 hisce
722 2533 978 2595 tanquam
1006 2526 1381 2581 accidentibus
1408 2527 1829 2597 impartiatur“.
1883 2528 2113 2589 Horum,

543 2613 625 2667 uti
665 2614 939 2679 dicebam,
976 2624 1172 2669 neuter
1198 2631 1427 2685 prorsus
1487 2618 1541 2671 in
1590 2618 1809 2673 Christo
1854 2628 1955 2681 est,
2019 2621 2115 2674 sed

543 2719 689 2759 verae
708 2705 972 2760 duntaxat
1012 2707 1233 2776 pietatis
1285 2722 1488 2770 sermo,
1557 2708 1820 2777 ﬁrmaque
1873 2711 2117 2780 mystica:
2180 2710 2185 2715 ’

545 2795 835 2866 theologia
855 2797 964 2861 lex,
986 2805 1101 2851 tum
1134 2797 1357 2867 prioris,
1387 2797 1611 2852 deitatis
1643 2799 1970 2853 divisionem
2018 2800 2119 2854 eli-

545 2886 791 2954 minans;
813 2895 925 2942 tum
951 2888 1298 2958 posterioris.
1327 2889 1763 2943 contractionem
1791 2890 2115 2959 repudians;

2213 1712 2390 1781 λόγος)
2449 1713 2578 1782 μίαν
2618 1711 2738 1782 μὲν,
2774 1712 2966 1781 στενὴν
3013 1708 3070 1763 δὲ
3124 1709 3218 1762 καὶ
3248 1707 3434 1776 ἀτελῆ,
3471 1707 3563 1760 καὶ
3598 1705 3784 1777 σχεδὸν

2214 1804 2605 1865 ἀνυπόστατον,
2652 1802 2728 1865 ὡς
2786 1802 2944 1870 λόγου
3003 1801 3095 1855 καὶ
3144 1797 3288 1868 ζωῆς
3338 1797 3575 1868 ἔρημον,
3646 1798 3786 1868 πρὸς

2210 1890 2328 1948 ἶσον
2364 1894 2529 1948 κακὸν
2551 1893 2628 1964 τῷ
2663 1894 2912 1964 προτέρῳ
2951 1891 3092 1961 λόγῳ
3123 1889 3209 1944 διὰ
3239 1890 3345 1942 τῶν
3393 1889 3648 1942 ἐναντίων
3697 1890 3787 1942 ὲκ-

2217 1985 2451 2048 πίπτων,
2494 1985 2591 2055 τὴν
2640 1984 2826 2038 ἀθεῖαν
2848 2001 2861 2013 ·
2900 1982 2977 2036 ἑνὶ
3004 1984 3358 2052 περιγράφων
3392 1980 3665 2053 προσώπῳ
3691 1981 3788 2050 τὴ)

2220 2077 2348 2147 μίαν
2397 2076 2590 2146 ἀρχὴν,
2625 2076 2716 2128 καὶ
2749 2073 2952 2143 ταὺτην
2990 2073 3111 2143 δίχα
3142 2071 3316 2140 Λόγου
3344 2073 3437 2125 καὶ
3472 2071 3789 2141 Πνεὺματος

2219 2167 2587 2237 ὑφισταμένην
2611 2181 2623 2195 ’
2674 2166 2708 2236 ἣ
2734 2166 2891 2237 Λόγῳ
2921 2165 3015 2218 καὶ
3046 2165 3320 2236 Πνεὺματι
3354 2164 3742 2234 πεποιωμένην
3773 2183 3787 2193 ·

2223 2259 2295 2329 μὴ
2337 2259 2597 2327 συνορῶν,
2653 2260 2735 2312 ὅτι
2778 2258 2860 2321 τίς
2939 2256 3089 2322 Θεὸς,
3144 2256 3348 2309 τούτων
3382 2254 3789 2326 ημοιρημένος’

2217 2349 2252 2420 ἦ
2286 2349 2401 2409 πῶς
2435 2348 2569 2409 Θεὸς
2621 2346 2835 2417 μεθέξει
2877 2345 3269 2416 παραπλησίως
3305 2348 3418 2408 τοῖς
3451 2344 3553 2396 ὑπὸ
3577 2344 3794 2412 γένεσιν

2219 2440 2476 2508 λογικοῖς,
2528 2438 2603 2500 ὡς
2652 2437 3077 2510 συμϐεϐηκότων
3110 2439 3311 2499 τούτων
3343 2437 3749 2507 μεμοιραμένος
3778 2453 3792 2467 ·

2219 2527 2292 2585 ὧν
2339 2535 2395 2585 ἐν
2447 2530 2665 2601 Χριστῷ
2704 2531 2762 2582 τὸ
2798 2529 3073 2600 παρὰπαν,
3135 2528 3210 2593 ὡς
3258 2526 3394 2598 ἔφην
3426 2526 3522 2600 (4),
3572 2527 3751 2590 οὐδείς
3778 2542 3791 2553 ·

2222 2617 2358 2671 ἀλλὰ
2406 2618 2565 2687 μόνος
2624 2616 2853 2686 ἀληθοῦς
2906 2616 3183 2681 εὐσεϐείας
3220 2617 3399 2686 λόγος,
3459 2617 3553 2669 καὶ
3592 2616 3795 2684 πάγιος

2226 2707 2492 2777 μυστικῆς
2538 2706 2813 2775 θεολογίας
2874 2707 3091 2777 θεσμὸς,
3144 2708 3240 2779 τήν
3281 2726 3341 2761 τε
3378 2705 3469 2762 τοῦ
3524 2706 3794 2779 προτέρου

2219 2794 2379 2863 λόγου
2410 2795 2691 2863 διαστολὴν
2721 2797 2816 2866 τῆς
2858 2796 3114 2865 θεότητος
3162 2798 3626 2868 ἀποπεμπόμενος
3703 2797 3797 2851 καὶ

2224 2888 2321 2958 τὴν
2347 2887 2438 2940 τοῦ
2464 2886 2717 2958 δευτέρου
2766 2886 2838 2957 μὴ
2888 2888 3321 2959 παραδεχόμενος
3381 2889 3642 2960 συστολήν
3668 2906 3683 2920 ⁸
3713 2890 3798 2942 ἵνα

545 2993 615 3033 ne
644 2979 853 3033 scilicet
883 2980 1120 3035 naturali
1147 2980 1508 3034 multitudine
1535 2996 1565 3034 a
1591 2995 1650 3034 se
1673 2980 1955 3036 dissidens
2010 2998 2117 3036 nu-

2226 2957 2299 3049 μὴ
2354 2977 2432 3049 τῷ
2487 2957 2701 3048 φυσικῷ
2749 2978 2941 3049 πλήθει
2988 2957 3410 3034 στασιαστικόν·
3486 2957 3798 3050 Ἑλληνικὸν

548 3085 673 3123 men
697 3077 902 3124 statuat
928 3071 1055 3140 (hoc
1082 3086 1318 3140 namque
1373 3071 1688 3126 Graecorum
1748 3073 1998 3143 erroris),
2027 3082 2123 3127 aut

547 3161 715 3215 unius
740 3161 1122 3231 singularitate
1146 3176 1394 3231 personae
1421 3161 1681 3232 passibile
1722 3161 1798 3233 (id
1832 3163 1980 3216 cnim
2028 3163 2124 3218 Ju-

487 3316 497 3325 ,
549 3255 723 3310 daica:
750 3254 1280 3324 superstitionis),ut
1314 3254 1461 3324 quod
1494 3254 1703 3309 ratione
1733 3269 1828 3309 seu
1854 3255 2035 3311 Verbo
2059 3271 2124 3311 ac

550 3344 764 3414 Spiritu
787 3355 993 3409 careat,
1029 3354 1125 3399 aut
1156 3345 1245 3401 bis
1274 3345 1546 3400 imbutum
1571 3344 1643 3400 sit
1689 3352 1945 3416 tanquam
1989 3362 2126 3417 qua-

548 3437 729 3501 litate,
751 3452 861 3491 non
894 3446 1077 3490 autem
1108 3436 1285 3505 ipsum
1319 3451 1497 3501 mens,
1526 3435 1777 3505 ratioque
1827 3452 1923 3491 seu
1986 3437 2123 3493 Ver-

552 3527 686 3582 bum
722 3536 780 3583 et
811 3527 1052 3597 Spiritus
1074 3527 1337 3594 exsistat;
1370 3542 1584 3598 nosque
1604 3528 1840 3592 docens,
1869 3529 1962 3600 qui
1997 3545 2123 3600 gra-

553 3620 643 3675 tiae
693 3620 978 3674 vocatione
1034 3634 1135 3689 per
1168 3618 1331 3673 tidem
1384 3620 1442 3673 in
1505 3619 1843 3689 agnitionem
1874 3621 2126 3677 veritatis

552 3711 794 3781 adoptati
819 3725 1033 3775 sumus,
1070 3719 1133 3766 ut
1156 3726 1318 3765 unam
1348 3710 1668 3766 noverimus
1716 3711 1937 3769 deitatis
1960 3723 2124 3768 natu-

553 3818 670 3858 ram
691 3818 755 3858 ac
771 3804 1076 3873 potentiam
1100 3820 1116 3869 ;
1153 3818 1321 3858 unum
1347 3803 1561 3858 scilicet
1584 3804 1776 3869 Deum,
1803 3805 1899 3874 qui
1935 3805 1991 3859 in
2017 3806 2122 3860 Pa-

555 3904 643 3949 tre
694 3903 751 3950 et
788 3894 927 3949 Filio
980 3902 1039 3950 et
1075 3893 1284 3964 Spiritu
1323 3903 1514 3950 saneto
1560 3894 1901 3965 intelligatur
1937 3914 1951 3949 :
2006 3905 2126 3952 tan-

554 4001 718 4055 quam
746 3986 961 4044 scilicet
988 3985 1161 4042 solam
1189 4000 1367 4040 causae
1389 3985 1571 4040 omnis
1605 4001 1704 4041 seu
1733 3987 1993 4057 principii
2024 4003 2125 4042 au-

557 4078 831 4148 ctorisque
854 4084 1139 4147 expertem
1167 4076 1540 4133 essentialiter
1585 4093 1716 4133 vere
1765 4079 2124 4135 exsistentem

560 4177 817 4233 mentem,
857 4169 1024 4225 unius
1055 4168 1360 4225 secundum
1389 4171 1684 4225 essentiam
1708 4185 1838 4225 vere
1857 4172 2126 4226 exsisten-

2220 3071 2327 3140 γὰρ
2354 3070 2387 3143 ἢ
2413 3070 2489 3140 τῷ
2517 3070 2637 3123 καθ’
2675 3069 2969 3124 ὑπόστασιν
2998 3071 3160 3144 ἑνικῷ
3194 3073 3453 3141 παθητόν·
3497 3073 3800 3127 Ἰουδαϊκὸν

2219 3163 2349 3233 γὰρ,
2378 3163 2453 3227 ὡς
2490 3162 2662 3231 Λόγου
2688 3165 2782 3216 καὶ
2811 3162 3129 3234 Πνεὺματος
3156 3165 3538 3241 ἐστερημένον,
3586 3165 3800 3237 ἢΛόγῳ

2221 3254 2314 3305 καὶ
2339 3252 2613 3323 Πνεὺματι
2664 3253 3071 3323 πεποιωμένον*
3122 3253 3238 3307 ἀλλ’
3294 3254 3395 3308 οὑκ
3424 3253 3485 3308 ὃν
3530 3252 3658 3319 νοῦς
3708 3254 3801 3309 καὶ

2196 3344 2394 3411 ’Λόγος
2417 3342 2511 3395 καὶ
2539 3341 2764 3413 Πνεῦμα
2797 3342 2857 3395 τὸ
2906 3344 3047 3396 θεῖον
3095 3344 3486 3414 πρεσϐεύεταιο
3531 3346 3627 3401 καὶ
3659 3345 3804 3400 διδά-

2226 3451 2371 3487 σκων
2401 3435 2569 3505 ἡμᾶς,
2599 3435 2727 3497 τοὺς
2770 3434 2961 3504 κλήσει
2984 3434 3206 3507 χάριτος
3231 3435 3373 3489 κατὰ
3406 3436 3585 3490 πίστιν
3615 3438 3803 3490 εἰσπεο

2225 3525 2555 3594 ποιημένους
2605 3526 2685 3588 είς
2755 3525 3051 3592 ἐπίγνωσιν
3105 3526 3385 3598 ἀληθείας,
3432 3528 3563 3598 μίαν
3601 3529 3803 3582 εἰδέναι

2225 3620 2479 3691 θεότητος
2533 3620 2694 3690 φύσιν
2737 3621 2830 3681 καὶ
2867 3621 3130 3692 δύναμινο
3187 3623 3377 3692 ἤγουν.
3425 3623 3702 3700 ’έναήθεὸν
3746 3625 3805 3678 ὲν

2224 3712 2398 3784 Πατρὶ
2444 3712 2533 3765 καὶ
2591 3712 2704 3780 Υίῷ
2733 3713 2825 3765 καὶ
2864 3714 3002 3784 ἁγίῳ
3051 3713 3329 3785 Πνεὺματι
3391 3715 3803 3786 θεωρούμενονο

2223 3799 2310 3857 οἷα
2335 3804 2399 3875 δὴ
2422 3803 2583 3875 μόνον
2615 3804 2854 3858 ἀναίτιον
2900 3805 3025 3858 νοῦν
3063 3804 3335 3869 οὑσιωδῶς
3366 3807 3675 3875 ὑφεστῶτα,
3708 3809 3804 3879 μό-

2224 3912 2313 3949 νου
2341 3895 2460 3949 κατ’
2484 3894 2670 3948 οὑσίαν
2689 3895 2995 3964 ὑφεστῶτος
3012 3897 3248 3971 ἀγάρχου
3272 3898 3444 3966 Λόγου
3477 3899 3804 3970 γεννήτορα,

2224 3988 2319 4042 καὶ
2376 3987 2545 4057 μόνης
2607 3986 2776 4041 ἀϊδίου
2838 3985 2985 4058 ζωῆς
3018 3988 3294 4052 οὑσιωδῶς
3347 3988 3693 4057 ὑφεστώσης,
3732 3988 3809 4054 ὡς

2226 4079 2544 4149 Πνεύματος
2565 4079 2743 4147 ἁγίου,
2777 4080 2992 4150 πηγήνο
3034 4082 3092 4133 ὲν
3128 4081 3317 4150 μονάδι
3346 4081 3570 4153 Τριάδα,
3624 4082 3723 4135 καὶ
3750 4083 3807 4135 ὲν

2223 4167 2413 4241 Τριάδι
2432 4167 2632 4239 μονάδα
2651 4183 2664 4197 ·
2689 4167 2789 4221 οὑκ
2810 4166 2974 4237 ἄλλην
2997 4170 3053 4221 ἐν
3078 4167 3211 4240 ἄλλη
3230 4185 3243 4197 ·
3266 4170 3326 4223 οὑ
3356 4169 3462 4241 γὰρ
3478 4167 3555 4232 ὡς
3581 4168 3639 4222 ὲν
3654 4167 3809 4239 οὐσίᾳ

554 4258 624 4311 tis
660 4258 932 4329 principio
959 4259 1200 4315 carentis
1222 4262 1524 4330 aeternique
1550 4262 1714 4317 Verbi
1745 4271 2025 4332 parentem
2057 4279 2121 4319 ac

2224 4262 2291 4330 τῇ
2325 4259 2510 4330 μονάδι
2542 4257 2885 4329 συμϐεϐηκός
2915 4260 3061 4313 ἐστιν
3094 4261 3126 4330 ὴ
3153 4250 3320 4331 Τριάς
3349 4276 3364 4290 ·
3391 4261 3426 4330 ἢ
3457 4261 3518 4314 τὸ
3549 4260 3804 4330 ἔμπαλιν.

556 4349 912 4419 genitricem;
933 4350 1208 4420 uniusque
1238 4351 1585 4421 sempiternae
1609 4352 1736 4407 vitae
1761 4354 2129 4410 essentialiter

559 4454 688 4493 vere
717 4441 1031 4495 exsistentis
1055 4440 1272 4510 (nempe
1296 4441 1534 4512 Spiritus
1565 4442 1763 4512 sancti)
1798 4443 2038 4499 fontem:
2070 4445 2127 4499 in

560 4529 771 4582 unitate
796 4525 1142 4592 Trinitatem,
1169 4538 1224 4584 et
1260 4531 1316 4584 in
1348 4531 1615 4586 Trinitate
1660 4531 1927 4585 unitatem
1962 4549 1976 4584 :
2012 4546 2122 4586 non

560 4620 723 4674 aliam
750 4619 806 4673 in
833 4621 937 4674 alia
967 4637 980 4673 :
1010 4634 1120 4674 non
1148 4620 1296 4675 enim
1322 4621 1564 4676 Trinitas
1591 4622 1672 4676 sic
1699 4632 1783 4676 est
1835 4622 1890 4676 in
1919 4623 2129 4677 unitate

562 4712 718 4781 quasi
742 4711 1001 4767 accidens
1029 4712 1084 4766 in
1115 4713 1444 4779 substantia,
1463 4721 1555 4767 aut
1580 4700 1821 4767 vicissim
1859 4714 2041 4768 unitas
2076 4715 2131 4768 in
2164 4746 2173 4751 ν

564 4802 834 4857 Trinitate
855 4818 869 4865 ;
892 4811 952 4857 ut
978 4819 1099 4872 quae
1129 4804 1201 4857 sit
1221 4805 1401 4858 omnis
1426 4805 1707 4873 qualitatis
1762 4819 1981 4874 expers.
2021 4804 2130 4859 Ne-

558 4910 668 4962 que
702 4904 761 4947 ut
786 4894 948 4948 aliam
977 4903 1035 4948 et
1071 4894 1272 4948 aliam:
1301 4910 1412 4949 non
1451 4894 1598 4949 enim
1620 4895 1826 4949 'unitas
1876 4910 1908 4949 a
1948 4895 2133 4949 Trini-

564 4990 675 5037 tate
707 4983 1086 5054 εδδ-ἀίσσει
1113 4984 1434 5040 diversitate
1458 4994 1692 5047 natum,
1758 5001 1864 5039 una
1891 5000 1956 5039 ac
1999 4986 2132 5041 sim-

566 5077 687 5143 plex
711 5085 905 5130 natura
942 5077 1236 5133 exsistens.
1266 5077 1453 5147 Neque
1478 5085 1538 5131 ut
1565 5077 1727 5132 aliam
1739 5092 1852 5146 pra;
1874 5077 2001 5143 alia;
2019 5093 2131 5133 non

564 5163 712 5216 enim
762 5165 1001 5220 Trinitas
1044 5166 1112 5222 ab
1167 5166 1379 5221 unitate
1416 5165 1575 5235 quasi
1620 5165 1834 5221 minore
1891 5167 2135 5235 potentia

565 5253 790 5323 ejusque
813 5256 984 5326 gradu
1017 5257 1367 5312 submissiori
1395 5257 1634 5311 discreta
1656 5262 1744 5312 est
1773 5296 1789 5322 ,
1827 5266 1920 5311 aut
1950 5258 2136 5315 unitas

568 5369 596 5407 a
625 5350 912 5413 Trinitate.
935 5359 1006 5412 At
1032 5375 1208 5429 neque
1234 5369 1296 5414 ut
1318 5372 1612 5413 commune
1633 5357 1768 5428 quid
1796 5373 1861 5413 ac
1906 5359 2133 5414 univer-

568 5445 702 5510 sale,
730 5448 876 5515 quod
900 5450 1088 5505 subtili
1120 5452 1299 5505 solum
1318 5452 1561 5521 cogitatu
1585 5465 1613 5505 a
1665 5450 2135 5520 singularibusjlli

570 5535 830 5605 subjectis
855 5538 1176 5595 distinctum
1201 5541 1561 5611 intelligatur,
1584 5556 1615 5595 a
1639 5541 1909 5595 Trinitate
1937 5541 2137 5597 distin-

568 5630 660 5685 cta
689 5625 871 5683 unitas
901 5636 1006 5696 est,
1031 5647 1153 5700 qua:
1179 5630 1253 5686 sit
1278 5646 1408 5687 vere
1431 5632 1547 5700 ipsa
1569 5646 1599 5685 a
1633 5645 1692 5685 se
1714 5632 1984 5686 cxsistens
2010 5630 2141 5685 sub-

659 5732 857 5806 fVQreg.
887 5748 1026 5793 orat.
1054 5743 1105 5805 l,
1135 5743 1224 5805 '55,
1267 5742 1355 5806 58,
1386 5743 1472 5796 42.

2231 4352 2290 4404 ὲν
2322 4352 2513 4422 Τριάδι
2564 4352 2730 4422 μονάς
2758 4367 2774 4384 ·
2822 4354 3011 4417 ἄποιος
3067 4354 3197 4424 γάρ.
3247 4354 3367 4407 Οὐδ’
3393 4354 3469 4418 ὡς
3519 4355 3690 4422 ἄλλην
3718 4357 3811 4410 καὶ

2232 4442 2398 4509 ἄλλην
2417 4457 2429 4470 ·
2462 4442 2522 4494 οὑ
2556 4442 2664 4513 γὰρ
2680 4442 2957 4512 ἑτερότητι
2985 4441 3201 4512 φύσεως
3218 4444 3314 4513 τῆς
3341 4444 3569 4513 Τριάδος
3594 4447 3812 4518 ήμονὰς

2231 4535 2531 4605 διενήνοχεν
2555 4533 2698 4603 ἁπλῆ
2729 4550 2789 4586 τε
2821 4533 2915 4587 καὶ
2964 4533 3062 4604 μία
3096 4533 3257 4603 φύσις
3296 4530 3660 4606 τυγχάνουσα.
3688 4539 3808 4592 Οὐδ’

2232 4626 2306 4688 ὡς
2334 4624 2499 4696 ἄλλην
2529 4626 2657 4695 παρ’
2688 4624 2876 4695 ἄλλην,
2902 4625 2963 4678 οὑ
2982 4625 3088 4697 γὰρ
3106 4626 3294 4693 ὑφέσει
3321 4627 3602 4705 δυνάμεως
3627 4629 3809 4684 διακέ-

2233 4732 2413 4787 κριται
2446 4715 2541 4785 τῆς
2571 4714 2845 4786 μονάδοςὴ
2884 4716 3075 4786 Τριὲις,
3110 4715 3142 4788 ἢ
3170 4716 3268 4787 τῆς
3286 4717 3513 4789 Τριάδος
3535 4722 3567 4788 ἡ
3601 4721 3770 4790 μονάς
3794 4736 3806 4750 ·

2232 4807 2265 4878 ἢ
2305 4807 2381 4867 ὡς
2405 4806 2583 4859 κοινόν
2610 4822 2664 4858 τι
2695 4806 2792 4858 καὶ
2841 4805 3057 4873 γενικὸν
3091 4805 3304 4879 ἐπινοίᾳ
3363 4806 3498 4881 μόνῃ
3536 4808 3811 4879 θεωρητὸν

2232 4900 2339 4951 τῶν
2398 4897 2489 4950 ὑπ’
2538 4896 2669 4950 αὐτὸ
2711 4896 2973 4967 μερικῶν,
3025 4898 3400 4969 παρήλλακται
3437 4900 3535 4968 τῆς
3581 4899 3812 4971 Τριὰδος

2230 4991 2265 5061 ἡ
2298 4991 2481 5061 μονὰς,
2540 4988 2695 5042 οὑσία
2773 4989 2977 5058 κυρίως
3032 4989 3410 5061 ἀνθύπαρκτος
3478 4985 3634 5051 οὖσα.
3719 4991 3812 5044 καὶ

2233 5081 2460 5152 δύναμις
2484 5081 2649 5144 ὅντως
2686 5080 3030 5151 αὑτοσθενής.
3069 5082 3189 5134 ()ὑδ’
3220 5082 3293 5144 ώς
3314 5082 3379 5134 δι’
3404 5083 3568 5151 ἄλλης
3597 5083 3766 5154 ἄλλην
3793 5099 3808 5115 ⁸

2233 5174 2293 5226 οὑ
2323 5173 2430 5243 γὰρ
2476 5170 2818 5242 μεσιτεὺεται
2870 5173 3052 5242 σχέσει
3104 5173 3164 5224 τδ
3226 5178 3426 5227 ταυτὸν
3474 5175 3661 5243 ¹πάντη
3718 5175 3811 5228 καὶ

2234 5262 2461 5332 ἄσχετον
2489 5261 2587 5333 (5),
2630 5262 2705 5324 ὡς
2748 5259 2886 5332 πρὸς
2940 5261 3111 5315 αἴτιον
3154 5264 3415 5317 αἰτιατόν.
3470 5264 3589 5318 Οὐδ’
3620 5265 3695 5328 ὠς
3753 5264 3811 5329 ἐξ

2238 5353 2402 5424 ἄλλης
2430 5353 2623 5422 ἄλλην’
2660 5352 2722 5405 οὑ
2753 5353 2860 5424 γὰρ
2914 5351 3054 5406 κατὰ
3104 5355 3442 5425 παραγωγὴν
3491 5356 3555 5407 ὲκ
3587 5354 3809 5425 μονάδος

2241 5445 2411 5517 Τριὰς
2444 5486 2457 5505 .
2539 5443 2802 5516 ἀγένητος
2853 5446 3174 5515 ὑπάρχουσα
3258 5447 3350 5501 καὶ
3404 5447 3807 5520 αὑτέκφαντοςς

2242 5537 2378 5591 ἀλλὰ
2401 5537 2497 5607 τὴν
2525 5537 2694 5607 αὑτὴν
2728 5536 2803 5600 ὡς
2840 5536 3056 5605 ἀληθῶς
3094 5535 3299 5607 μονάδα
3332 5539 3426 5592 καὶ
3458 5535 3683 5611 Τριὰδα,
3719 5541 3808 5591 καὶ

2244 5630 2543 5700 λεγομένην
2568 5630 2661 5683 καὶ
2699 5629 2993 5701 νοουμένην
3015 5644 3027 5658 ·
3084 5629 3143 5682 τὸ
3178 5630 3297 5699 μὲν,
3339 5630 3417 5701 τῷ
3476 5632 3592 5684 κατ’
3624 5631 3807 5683 οὐσίαν

649 5803 688 5824 ⁸⁸
726 5794 965 5863 Ρτόῢιυιι
1010 5794 1230 5867 biecit}
1276 5794 1769 5883 vi'con'gruentim;
1820 5827 1927 5867 nou
1982 5820 2166 5867 autem
2214 5810 2596 5867 demonstrant
2626 5807 2913 5863 Trinitatis
2953 5808 3281 5877 mysterium
3313 5809 3426 5863 Sola
3467 5810 3568 5867 ﬁde
3592 5794 3801 5863 notum.
