4154 6322
448 431 549 495 893

1429 435 1831 496 EXPOSITIO
1868 422 2281 494 ORATIONIS
2315 428 2729 491 DGMINICJE.

3582 414 3690 481 894

398 538 405 543 ’
440 542 584 611 λόγῳ
609 558 620 569 ·
653 542 713 594 τὸ
753 542 830 606 δὲ,
855 542 932 613 τῷ
966 544 1087 598 καθ’
1110 543 1344 616 ὕπαρξιν
1374 546 1588 617 τρόπῳ·
1648 547 1776 617 ὃλην
1812 545 2015 616 μονάδα

2120 542 2320 598 Stantia
2350 582 2363 606 ,
2423 557 2488 596 ac
2518 541 2696 594 virtus
2735 555 2832 608 per
2863 553 2921 593 se
2957 552 3086 592 vere
3115 535 3294 604 rcipsa
3327 539 3541 604 potens.
3584 529 3694 585 Ne‘

444 632 544 701 τὴν
577 631 766 701 αὐτὴν,
803 633 876 704 μὴ
930 636 1336 706 μεμερισμένην
1367 637 1487 698 ταῖς
1517 636 1879 690 ὑποστάσεσι·
1921 636 2017 689 καὶ

445 721 573 792 ὅλην
602 722 808 791 mea;
857 724 955 793 τὴν
989 724 1175 794 αὐτὴν,
1214 728 1277 796 τῇ
1309 727 1491 796 μονάδι
1551 727 1626 798 μὴ
1673 728 2017 797 συγκεχυμέ-

447 830 574 882 νην·
606 813 694 867 ἴνα
732 814 805 884 μὴ
838 814 914 885 τῷ
952 815 1202 885 μερισμῴ
1244 816 1303 868 τὸ
1334 816 1615 882 πολύθεον,
1655 817 1688 889 ἢ
1719 819 1784 888 τῇ
1816 818 2017 887 συγχύ-

451 921 532 957 σει
587 904 649 957 τὸ
690 904 848 960 ἄθεον
894 907 1308 977 εἰσκομίζηταγ
1368 908 1511 979 ἅπερ
1542 907 1758 977 φεύγων
1796 911 1824 962 ὁ
1880 909 2022 962 κατὰ

449 997 680 1066 Χριστὸν
749 996 1120 1067 λαμπρύνεται
1207 997 1383 1065 λόγος.
1435 998 1593 1066 Λέγω
1648 999 1704 1051 δὲ
1780 998 2018 1069 Χριστοῦ

448 1086 625 1153 λόγον,
662 1086 721 1138 τὸ
744 1087 925 1138 καινὸν
955 1087 1210 1157 κήρυγμτ
1238 1088 1335 1157 τῆς
1366 1086 1649 1158 ἀληθείας’
1711 1090 1767 1141 ἐν
1906 1091 2018 1142 οὐκ

449 1177 619 1229 ἐστιν
657 1176 837 1243 ἄίρεν
865 1178 960 1229 καί
993 1175 1146 1245 θῆλυ
1166 1193 1178 1207 ·
1218 1180 1359 1248 ςιημὶ
1383 1177 1437 1230 δὲ
1471 1179 1539 1231 τὰ
1571 1181 1791 1248 σημεῖα,
1835 1178 1926 1230 καὶ
1954 1181 2021 1232 τὰ

453 1265 597 1335 πάθη
616 1266 709 1334 τῆς
740 1254 846 1317 ύπὸ
866 1266 1068 1336 φθορὰν
1098 1269 1191 1321 καὶ
1210 1267 1656 1338 γένεσινφύσεως
1686 1283 1698 1297 ·
1735 1270 1842 1337 οὐχ
1875 1268 2019 1322 ’Ἑλο

451 1359 572 1424 λην
592 1357 690 1409 καὶ
736 1356 1041 1421 Ἰουδαῖος,
1074 1359 1122 1431 οἱ
1181 1359 1306 1429 περὶ
1352 1359 1601 1428 θεότητος
1648 1359 2019 1429 ἀντικείμενοι

454 1447 640 1515 λόγοιο
697 1449 767 1501 οὐ
801 1448 1080 1518 περιτομὴ
1118 1449 1216 1502 καὶ
1267 1450 1654 1517 ἀκροϐυστία,
1711 1451 1767 1503 αἱ
1812 1448 2022 1512 τούτοις

453 1535 653 1607 δηλαδὴ
682 1537 1005 1608 κατάλληλοι
1024 1538 1269 1609 λατρεῖαι
1290 1555 1303 1568 ·
1345 1541 1378 1611 ή
1411 1540 1531 1609 μὲν,
1560 1539 1645 1593 διὰ
1676 1540 1745 1593 τὰ
1781 1538 2023 1610 σύμϐολα

456 1622 547 1677 τοῦ
599 1625 782 1695 νόμου,
832 1627 929 1698 τὴν
986 1630 1316 1700 φαινομένην
1352 1630 1527 1682 κτίσιν
1570 1630 1890 1696 κακίζουσα,
1927 1632 2022 1684 καὶ

457 1714 548 1767 τὸν
587 1716 808 1787 κτίστην
837 1717 911 1780 ὡς
959 1717 1143 1771 κακῶν
1188 1719 1415 1790 ποιητὴν
1452 1720 1808 1775 διαϐάλλουσα
1837 1739 1850 1752 ·
1881 1723 1913 1792 ἠ
1942 1721 2021 1785 δὲ,

458 1807 545 1860 διὰ
580 1809 647 1862 τὰ
705 1809 850 1879 πάθη
910 1810 1110 1880 ταύτην
1172 1811 1512 1877 θεοποιούσα,
1561 1815 1656 1866 καὶ
1712 1812 1787 1882 τῷ
1830 1814 2021 1885 κτίστῃ

2120 652 2225 706 que
2246 645 2303 689 ut
2329 635 2493 688 aliam
2524 650 2622 703 per
2643 633 2840 695 aliam;
2868 646 2970 684 nec
2989 629 3138 684 enim
3166 628 3277 681 ulla
3322 622 3554 696 prorsus
3601 621 3690 675 in-

2118 726 2351 781 tercedit
2385 722 2578 779 relatio
2627 738 2723 777 seu
2776 719 3064 784 habitudo,
3109 718 3376 771 dirimens
3403 714 3479 780 id,
3545 713 3692 783 quod

2119 831 2348 886 prorsus
2372 814 2514 868 idem
2543 820 2597 865 et
2618 810 2933 865 absolutum
2958 817 3042 862 est
3065 824 3080 874 ;
3108 804 3417 876 cuiusmodi
3463 803 3693 857 ellectus

2120 903 2189 957 ad
2221 917 2439 956 causam
2468 899 2731 955 habitudo
2763 906 2862 952 est.
2896 897 3007 951 Nec
3050 898 3193 950 sicut
3217 910 3283 949 ex
3333 893 3437 948 alia
3489 892 3692 957 aliam;

2119 1011 2229 1049 non
2255 994 2405 1047 enim
2434 992 2676 1047 Trinitas
2694 1007 2790 1061 per
2812 989 3234 1061 productionem
3256 995 3341 1041 est
3363 984 3430 1039 ab
3457 984 3691 1046 unitate,

2119 1102 2241 1156 qum
2260 1085 2330 1141 sit
2354 1085 2616 1149 increata,
2633 1100 2695 1138 ac
2720 1084 2877 1153 ipsaa
2896 1098 2951 1136 sc
2978 1097 3095 1135 sese
3113 1079 3421 1149 explicans:
3451 1075 3547 1130 sed
3574 1090 3695 1143 qua:

2119 1178 2369 1233 eamdem
2397 1192 2525 1232 vere
2552 1177 2734 1230 unitas
2765 1185 2927 1243 atque
2980 1174 3222 1227 Trinitas
3260 1179 3315 1224 et
3364 1170 3583 1223 dicatur
3639 1175 3697 1220 et

2120 1268 2491 1339 intelligatur;
2530 1268 2759 1321 alterum
2789 1265 3011 1335 quidem
3051 1262 3302 1317 esscnlize
3348 1260 3580 1323 ratione,
3619 1258 3692 1311 al-

2120 1369 2302 1413 terum
2351 1364 2537 1411 autem
2572 1355 2737 1409 modo
2803 1351 3136 1407 cxsistentiae
3168 1367 3181 1403 :
3218 1356 3385 1404 totam
3428 1346 3693 1400 unitatem

2118 1449 2389 1513 eamdem,
2427 1462 2550 1518 quae
2598 1445 2851 1517 personis
2895 1460 3004 1498 non
3059 1442 3232 1495 divisa
3268 1440 3372 1505 sit;
3414 1446 3730 1504 totamque,

2120 1541 2368 1596 eamdem
2396 1541 2567 1609 ipsam
2612 1537 2958 1600 Trinitatem,
3011 1534 3150 1588 nihil
3202 1531 3329 1587 inde
3388 1529 3693 1589 confusam,

2121 1633 2267 1704 quod
2294 1632 2475 1687 unitas
2505 1630 2764 1695 exsistit;
2803 1643 2869 1682 ne
2913 1625 3123 1681 scilicet
3145 1640 3212 1679 ex
3257 1620 3697 1682 divisione,deo-

2121 1738 2243 1777 rum
2277 1724 2436 1776 turba
2470 1720 2820 1790 importetur,
2855 1718 2942 1772 vel
2980 1733 3047 1771 ex
3071 1714 3416 1775 contusione,
3445 1711 3560 1780 ipsa
3591 1723 3696 1762 no-

2122 1814 2210 1867 bis
2231 1814 2491 1883 depereat
2512 1813 2696 1866 Deitas
2725 1810 2906 1877 :quod
2945 1818 3238 1877 utrumque
3276 1802 3578 1859 absurdum
3615 1799 3697 1853 vi—

458 1896 800 1950 ὲπανιστῶσα
827 1897 886 1950 τὸ
916 1899 1124 1969 ποίημα
1149 1916 1162 1929 ο
1198 1902 1291 1954 καὶ
1333 1901 1465 1970 πρὸς
1496 1902 1608 1954 ἴσον
1654 1902 1821 1953 κακὸν
1861 1903 2023 1971 ἄμφω

2126 1912 2246 1958 tans
2277 1901 2860 1958 clarescitChristiana
2884 1899 3155 1955 doctrina.
3190 1897 3556 1951 Christianam
3593 1907 3696 1946 au-

459 1984 556 2055 τὴν
591 1985 737 2038 θείαν
766 1986 925 2058 ὓϐριν
951 1987 1203 2058 ἀλλήλαις
1239 1990 1597 2061 συλλήγουσαι
1647 1989 1858 2062 [γεηρι.
1901 1992 2024 2044 συλ-

458 2080 735 2150 λέγουσαν
770 2080 867 2137 Fr.
905 2083 1277 2155 συνάγουσαι].
1317 2087 1397 2138 Οὺ
1430 2085 1732 2152 ,ϐάρϐαρος
1753 2085 1848 2138 καὶ
1877 2087 2026 2138 Σκύ-

458 2174 567 2238 θης
591 2188 605 2202 ⁶
637 2174 931 2237 τουτέστιν,
973 2174 1153 2244 ἡπρὸς
1183 2175 1380 2244 ἑαυτὴν
1404 2175 1755 2246 στασιαστικὴ
1781 2177 1879 2245 τῆς
1896 2178 2025 2246 μιᾶς

459 2261 670 2328 φύσεως
707 2262 846 2316 κατὰ
879 2262 1101 2334 γνώμην
1132 2264 1437 2327 διάστασις*
1480 2266 1600 2319 καθ’
1639 2266 1705 2337 ἢν
1738 2269 1766 2320 ὁ
1789 2267 1889 2336 τῆς
1935 2267 2026 2320 ἀλ-

458 2349 803 2419 ληλοκτονίας
849 2353 997 2422 παρὰ
1046 2352 1206 2421 φύσιν
1237 2357 1346 2417 τοῖς
1374 2354 1680 2426 ἀνθρώποις
1724 2356 2025 2432 εἰσεφθάρη

459 2442 640 2511 νόμος.
663 2443 809 2497 Οὔτε
836 2443 1069 2515 δοῦλος
1106 2446 1204 2503 καί
1247 2448 1586 2519 ἐλεύθερος·
1638 2453 1672 2522 ἡ
1716 2452 1815 2521 τῆς
1858 2454 2028 2523 αὐτῆς

460 2531 702 2607 δηλονότι
751 2537 903 2608 παρὰ
944 2537 1169 2610 γνώμην
1193 2539 1457 2610 διαίρεσις
1523 2540 1769 2609 φύσεως*
1834 2541 2026 2612 ἄτιμον

468 2629 759 2700 ποιουμένη
797 2629 887 2683 τὸν
908 2630 1049 2684 κατὰ
1086 2630 1245 2700 φύσιν
1274 2631 1565 2701 ὀμότιμον”
1610 2633 1771 2703 νόμον
1810 2635 2028 2687 ἐπίκου-

465 2737 557 2790 ρον
587 2720 806 2791 έχουσα,
834 2721 930 2791 τὴν
950 2721 1315 2790 τυραννοῦσαν
1339 2723 1401 2774 τὸ
1428 2722 1527 2792 τῆς
1554 2724 1761 2786 εἰκόνος
1788 2723 2024 2795 ἀξίωμα,

464 2808 572 2862 τῶν
602 2808 964 2875 δεσποζόντων
1000 2811 1264 2866 διάθεσιν·
1338 2812 1521 2868 Ἀλλὰ
1576 2814 1771 2868 πάντα
1830 2816 1926 2869 καὶ
1958 2817 2029 2871 ἐν

464 2897 613 2954 πᾶσι
637 2901 911 2968 Χριστὸς,
938 2903 1025 2957 διὰ
1051 2903 1159 2957 τῶν
1194 2904 1336 2975 ὑπὲρ
1367 2904 1524 2973 φύσιν
1558 2906 1651 2959 καὶ
1705 2907 1887 2978 νόμον,
1928 2908 2027 2979 τὴν

414 3038 420 3042 .
466 2989 567 3059 τῆς
589 2989 822 3062 ἀνάρχου
850 2992 1121 3062 βασιλείας
1149 2993 1491 3064 δημιουργῶν
1518 2995 1576 3048 ὲν
1606 2996 1873 3067 πνεύματι
1899 2998 2030 3070 μόρ-

414 3126 419 3129 .
469 3097 668 3149 φωσινυ
700 3084 789 3152 ἢν,
819 3083 893 3145 ὡς
924 3083 1314 3147 ἀποδέδεικται,
1345 3085 1553 3154 πέφυκε
1581 3089 2022 3158 χαρακτηρίζειν,

2126 2005 2233 2051 tem
2255 1994 2579 2065 (secundum
2610 1992 2891 2048 Christum
2912 1989 3148 2059 scilicet)
3182 2002 3339 2059 voco.
3366 1999 3563 2040 novam
3602 1999 3697 2036 ve-

2126 2087 2306 2141 ritatis
2342 2085 2822 2155 prmdicationem;
2896 2083 2954 2137 in
2988 2098 3095 2152 qua
3154 2097 3258 2133 non
3317 2086 3391 2132 est
3436 2073 3696 2132 masculus

2126 2194 2291 2248 neque
2315 2178 2545 2247 femina;
2574 2178 2725 2249 signa
2760 2176 3022 2233 nimirum
3067 2192 3130 2231 ac
3153 2176 3436 2246 passiones
3493 2187 3589 2227 seu
3620 2170 3700 2225 af-

2126 2255 2866 2328 fectusnaturarinteritioni
2917 2270 3176 2340 ortuique
3231 2264 3517 2329 obnoxiae;
3588 2278 3695 2315 non

2126 2366 2337 2421 Crwcus
2362 2364 2649 2418 ctludwus
2690 2379 2710 2415 :
2752 2362 3043 2416 contrariae
3098 2361 3309 2415 scilicet
3365 2358 3433 2412 de
3485 2357 3698 2411 Deitate

2125 2454 2411 2510 sententize
2439 2453 2732 2523 opiniones
2757 2470 2772 2518 ;
2800 2470 2903 2505 non
2931 2452 3256 2505 circumcisio
3295 2464 3462 2518 neque
3483 2462 3696 2517 prcepu-

2126 2546 2258 2599 tium
2289 2561 2306 2598 :
2330 2545 2512 2599 cultus
2532 2545 2797 2598 nimirum
2822 2544 3045 2612 utrique
3077 2551 3240 2597 sectae
3266 2540 3657 2595 convenientes
3682 2554 3693 2588 :

2082 2671 2091 2677 -
2126 2650 2361 2706 quarum
2394 2636 2588 2699 altera,
2622 2636 2696 2689 ob
2727 2636 2862 2704 legis
2893 2634 3160 2705 symbola,
3182 2642 3491 2688 creaturam
3523 2631 3699 2685 oculis

2069 2761 2087 2793 ,η
2126 2728 2515 2798 aspectabilcm
2563 2728 2846 2798 sugillans,
2907 2728 3106 2797 ipsum,
3164 2739 3275 2795 quo
3333 2725 3423 2778 illa
3469 2732 3699 2777 auctore

2126 2821 2351 2875 condita
2376 2830 2479 2885 est,
2514 2827 2773 2889 tanquam
2800 2820 3068 2873 malorum
3094 2824 3375 2871 auctorem
3407 2815 3461 2868 in
3489 2814 3696 2868 crimen

2127 2923 2288 2969 vocat
2316 2914 2522 2981 ;altera
2554 2928 2709 2974 vero,
2734 2927 2845 2982 prae
2872 2910 3101 2964 libidine
3138 2917 3194 2963 et
3230 2923 3337 2977 qua
3380 2892 3529 2960 vitiis
3572 2920 3695 2974 pro-

2084 3052 2089 3058 .
2128 3007 2324 3062 clivior
2344 3014 2449 3069 est,
2480 3020 2600 3059 eam
2625 3004 2829 3058 deitate
2878 3002 3111 3065 donans,
3160 2999 3426 3054 adversus
3475 2996 3702 3052 Creato-

2129 3112 2243 3153 rem
2278 3095 2595 3170 committit,
2618 3095 2764 3165 quod
2787 3094 2883 3147 illo
2909 3100 3136 3146 auctore
3159 3089 3370 3144 editum
3386 3098 3469 3143 est
3492 3104 3506 3153 ;
3534 3088 3702 3156 inque

464 3173 690 3244 καρδίας
744 3174 1070 3237 ταπείνωσις
1121 3176 1216 3228 καὶ
1260 3177 1538 3245 πραότης’
1593 3171 1667 3231 ὧν
1720 3181 1753 3248 ἡ
1811 3179 2023 3243 σύνοδος

2133 3190 2335 3242 malum
2358 3188 2564 3256 aequale
2584 3186 2702 3256 (Dei
2730 3185 2920 3255 utique
2948 3178 3360 3251 contumeliam)
3395 3180 3562 3234 ambo
3600 3194 3702 3248 pa—

459 3264 662 3318 τέλειον
694 3264 783 3318 τὸν
799 3267 940 3319 κατὰ
951 3265 1182 3338 Χριστὸν
1199 3266 1511 3337 κτιςὸμενον
1539 3268 1916 3323 ἀποδείκνυσιν
1931 3271 2023 3325 ἄν-

462 3353 694 3426 θρωπον.
715 3357 827 3418 Πᾶς
839 3355 945 3426 γὰρ
959 3355 1586 3426 ταπεινόφρωνκπάντως
1611 3359 1703 3410 καὶ
1723 3360 1912 3429 πρᾶος,
1933 3358 2028 3411 καὶ

463 3446 573 3509 πᾶς
609 3447 804 3517 πρᾶος⁵
842 3447 1059 3510 πάντως
1110 3448 1203 3500 καὶ
1241 3448 1636 3520 ταπεινόφρων·
1656 3449 2028 3519 ταπεινόφρων

466 3535 584 3605 μὲν,
608 3535 684 3599 ὡς
712 3536 872 3603 γνοὺς
905 3535 1093 3588 ἑαυτὸν
1114 3535 1302 3606 ἔχοντα
1333 3537 1392 3590 τὸ
1423 3535 1562 3592 εἶναι.
1585 3539 1988 3608 δεδανεισμένον
2016 3564 2025 3572 ο

462 3626 635 3696 πρᾷος
662 3624 827 3691 δὲ,ὼς
850 3625 1098 3694 διαγνοὺς
1114 3626 1222 3679 τῶν
1248 3627 1500 3681 δοθεισῶν
1518 3628 1664 3699 αὐτῷ
1697 3629 1839 3682 κατὰ
1869 3629 2028 3696 φύσιν

463 3716 742 3787 δυνάμεων
768 3716 865 3788 τὴν
893 3718 1105 3788 χρῆσιν·
1146 3718 1243 3771 καὶ
1274 3717 1351 3788 τῷ
1378 3719 1477 3788 μὲν
1499 3718 1644 3790 λόγῳ
1660 3720 1794 3789 πρὸς
1826 3720 2025 3789 ἀρετῆς

463 3810 676 3876 γένεσιν
728 3807 933 3863 τούτων
965 3810 1138 3874 διδοὺς
1178 3812 1275 3880 τὴν
1310 3810 1645 3880 ιῖνῖτηρεσίοιν⁰
1689 3812 1786 3881 τῆς
1839 3812 2028 3880 αἰσθή-

465 3916 599 3964 σεως
625 3902 681 3954 δὲ
735 3901 953 3964 τελείως
1000 3902 1099 3971 τὴν
1127 3902 1333 3956 τούτων
1376 3901 1678 3955 συστέλλων
1726 3902 2023 3971 ἐνέργειαν.

464 3991 575 4045 Καὶ
606 3990 693 4069 διὰ
729 3991 887 4045 τοῦτο
908 3991 1049 4047 κατὰ
1101 3993 1197 4064 μὲν
1227 3992 1318 4045 τὸν
1347 3992 1493 4057 νοῦν,
1534 3992 1670 4063 πρὸς
1695 3991 1826 4045 Θεὸν
1856 3991 2027 4045 ἀεικί-

390 4102 413 4118 ο
463 4098 621 4151 νητος
651 4081 745 4134 ὤν’
777 4083 919 4136 κατὰ
956 4083 1010 4136 δὲ
1055 4084 1155 4156 τὴν
1192 4082 1463 4152 αἴσθησιν,
1492 4082 1614 4135 οὐδὲ
1647 4083 1861 4137 πάντων
1889 4080 2023 4153 ὁμφῦ

461 4169 569 4225 τῶν
614 4171 752 4240 πρὸς
799 4170 958 4241 σῶμα
992 4171 1248 4242 λυπηρῶν
1282 4172 1475 4240 πεῖραν
1503 4168 1796 4240 λαμϐάνων
1834 4186 2023 4224 παντε-

462 4260 570 4324 λῶς
598 4261 932 4332 κινούμενος,
974 4261 1212 4333 ἢλύπης
1257 4260 1402 4332 ἴχνος
1454 4260 1700 4314 ἐντυπῶν
1730 4263 1796 4332 τῇ
1857 4261 2021 4332 ψυχῇ,

464 4353 601 4423 πρὸς
640 4352 996 4423 παραλλαγὴν
1039 4352 1139 4423 τῆς
1196 4354 1254 4407 ὲν
1317 4353 1456 4423 αὐτῇ
1512 4351 1805 4423 χαροποιοῦ
1848 4353 2026 4423 διαβέ-

466 4416 602 4505 σέως
632 4416 746 4513 (ηι),’
770 4443 830 4495 οὐ
988 4416 1200 4512 ἡγείται
1233 4416 1486 4512 στέρησνίν
1512 4416 1711 4511 ἧδονῆς
1735 4416 2021 4513 ὑπάρχείν,

2084 3267 2095 3331 ἶ
2130 3280 2266 3335 riter
2284 3279 2513 3333 ducum.
2552 3276 2671 3331 Non
2702 3276 2961 3330 barbarus
2990 3291 3053 3327 ac
3082 3271 3277 3343 Scytha
3312 3287 3330 3325 :
3355 3278 3567 3325 natura:
3590 3267 3701 3323 sci-

2127 3372 2280 3437 licet,
2317 3387 2440 3440 quae
2476 3385 2587 3424 una
2622 3369 2715 3433 sit,
2752 3381 2942 3423 secum
2967 3366 3143 3436 ipsius
3170 3362 3492 3419 dissidentis
3529 3360 3700 3415 animi

2126 3462 2400 3518 sententia
2432 3477 2496 3515 ac
2522 3461 2808 3515 voluntate
2836 3457 3178 3523 divortium;
3215 3469 3326 3524 quo
3379 3463 3699 3509 mutuarum

2127 3550 2362 3606 caedium
2390 3549 2692 3602 adversans
2724 3553 2935 3600 natura:
2959 3545 3048 3598 lex
3080 3541 3397 3597 hominibus
3451 3537 3698 3594 inolevit.

2125 3639 2243 3693 Non
2273 3653 2452 3692 servus
2479 3646 2529 3690 et
2557 3635 2690 3689 liber
2712 3652 2731 3689 :
2765 3633 3013 3705 ejusdem
3044 3631 3304 3707 nimirum
3343 3637 3574 3693 naturae,
3612 3626 3702 3681 in-

2127 3727 2504 3783 vitisiuducta
2531 3726 2767 3790 divisio;
2804 3725 3012 3779 honore
3059 3722 3303 3792 spolians
3357 3736 3421 3776 ac
3460 3720 3704 3776 dehone-

2129 3828 2304 3883 stans,
2328 3832 2479 3880 eum,
2504 3817 2600 3886 qui
2632 3816 2754 3885 pari
2797 3822 2993 3869 natura
3034 3814 3243 3867 honore
3288 3811 3553 3881 praeditus
3604 3809 3698 3872 sit,

2127 3922 2323 3976 nempe
2356 3905 2746 3975 suﬁ‘ragantem
2776 3904 2953 3973 legem
2997 3902 3225 3965 habens,
3255 3915 3378 3969 quas
3416 3898 3702 3969 tyrannice

2125 3998 2420 4069 opprimat,
2452 4011 2561 4065 qua
2588 3994 2796 4049 conditi
2823 4008 3034 4058 sumus,
3071 3989 3327 4061 imaginis
3350 3987 3698 4058 dignitatem,

2124 4087 2286 4158 357
2335 4085 2743 4141 dominantium
2799 4084 3042 4138 animum
3078 4098 3143 4137 ac
3188 4081 3551 4135 voluntatem.
3597 4076 3701 4131 Sed

2084 4208 2093 4225 ε
2126 4180 2326 4243 omnia,
2356 4185 2410 4231 ἐι
2443 4178 2502 4231 in
2532 4175 2770 4230 omnibus
2792 4173 3032 4231 Christus
3057 4190 3074 4228 :
3101 4172 3194 4242 qui
3223 4186 3321 4241 per
3337 4185 3424 4237 ea,
3460 4183 3583 4239 quae
3604 4182 3703 4222 na-

2126 4276 2266 4325 tura:
2291 4268 2540 4340 legisque
2568 4267 2878 4321 rationibus
2899 4265 3168 4329 eminent,
3193 4262 3384 4317 aeterni
3411 4261 3469 4315 in
3503 4259 3698 4329 spiritu

2124 4361 2278 4432 regni
2305 4360 2543 4431 speciem
2567 4358 2912 4428 formamque
2938 4366 3121 4422 creat;
3144 4356 3308 4426 cujus
3348 4353 3701 4409 characteres

2123 4459 2378 4521 notaque
2406 4450 2789 4521 insignientes,
2832 4450 2912 4503 uti
2945 4447 3234 4518 probatum
3261 4452 3365 4511 est,
3416 4442 3701 4498 humilitas

464 4530 521 4584 τὸ
547 4533 669 4584 κατ’
700 4530 949 4603 αἴσθησιν
978 4531 1242 4601 ἀλγεινόν.
1282 4532 1501 4604 Ἡδονὴν
1522 4533 1630 4604 γὰρ
1663 4531 1790 4602 μίαν
1802 4533 2023 4589 ἐπίστα-

2125 4541 2312 4597 cordis
2343 4551 2402 4598 et
2450 4541 2818 4596 mansuetudo
2861 4554 2982 4596 esse
3035 4551 3373 4594 consuevere
3407 4552 3421 4589 :
3466 4547 3700 4604 quarum

460 4632 569 4682 ται,
593 4616 690 4688 τὴν
708 4616 806 4686 τῆς
833 4618 1008 4688 ψυχῆς
1048 4619 1184 4688 πρὸς
1216 4618 1305 4674 τὸν
1344 4618 1500 4688 λόγον
1533 4617 1937 4693 συμϐίωσιν,ἦς
1983 4625 2017 4694 ή

462 4709 717 4782 στέρησις
771 4711 991 4773 κόλασίς
1020 4714 1165 4767 ἐστιν
1212 4713 1583 4783 ἀτελεύτητος,
1613 4714 1826 4778 πάντας
1854 4732 2018 4784 φυσι-

461 4798 571 4862 κῶς
601 4798 1010 4871 περιγράφόυσα
1039 4802 1165 4864 τοὺς
1191 4802 1411 4867 αἰῶνας.
1448 4804 1556 4856 Καὶ
1604 4803 1691 4857 διὰ
1738 4804 1914 4866 τοῦτο,
1959 4802 2020 4856 τό

2124 4649 2449 4699 concursus,
2480 4648 2629 4701 eum,
2669 4633 2765 4703 qui
2805 4631 3110 4688 secundum
3166 4629 3448 4686 Christum
3483 4634 3701 4683 creatus

2118 4733 2228 4789 est,
2275 4725 2581 4795 perfectum
2624 4726 2901 4779 hominem
2939 4730 3091 4779 certo
3148 4722 3392 4777 exhibet.
3441 4716 3702 4788 Quisquis

2122 4818 2276 4872 enim
2309 4818 2495 4872 animo
2526 4817 2752 4872 humilis
2789 4831 3067 4885 sensuque
3116 4815 3403 4869 modestus
3444 4818 3548 4877 est,
3583 4824 3701 4864 om-

460 4905 518 4941 τε
547 4889 725 4960 σῶμα,
784 4893 877 4944 καὶ
916 4893 1091 4946 πάντα
1131 4893 1199 4945 τὰ
1239 4893 1330 4946 τοῦ
1387 4893 1633 4964 σώματος
1661 4895 1857 4964 ἀφεὶς,
1887 4896 2021 4967 πρὸς

2119 4907 2428 4963 ninoetiam
2450 4908 2589 4964 lenis
2610 4920 2667 4963 et
2691 4916 3010 4962 mansuetus
3031 4916 3148 4972 est;
3170 4904 3521 4972 vicissimque
3551 4901 3699 4970 quis-

405 5042 408 5046 ,
459 4981 558 5050 τὴν
587 4980 735 5035 θείαν
770 4983 996 5055 φέρεται
1018 4983 1266 5046 σύντονος
1292 4985 1593 5059 συμϐίωσιν
1622 5004 1634 5015 ·
1668 4987 1799 5056 μίαν
1820 4987 2020 5058 ζημίαν

2122 4997 2250 5066 quis
2270 4998 2413 5054 lenis
2446 5007 2533 5054 est
2559 5006 2617 5053 et
2641 5006 2990 5062 mansuetus,
3021 5011 3252 5066 prorsus
3283 4995 3450 5049 etiam
3511 4991 3700 5046 animo

461 5072 776 5172 ἡγούμενος,
819 5074 921 5127 κᾶν
952 5075 1169 5129 πάντων
1195 5074 1431 5147 δεσπόζῃ
1462 5077 1569 5128 τῶν
1620 5077 1712 5129 ἐπὶ
1764 5079 1889 5147 γῆς,
1923 5077 2022 5149 τὴν

2126 5086 2359 5143 humilis
2392 5104 2669 5159 sensuque
2731 5088 3017 5143 modestus
3075 5095 3180 5141 est.
3214 5084 3413 5141 Animo
3474 5081 3699 5153 quidem

458 5166 556 5231 τῆς
602 5166 1056 5237 προσδοκωμένης
1117 5168 1255 5222 κατὰ
1323 5168 1478 5239 χάριν
1526 5166 1774 5236 Θεώσεως
1820 5171 2023 5224 ἀποτυ-

2126 5175 2352 5231 humilis
2378 5193 2444 5233 ac
2471 5194 2636 5233 sensu
2694 5175 3189 5246 modestus,»quod
3236 5189 3296 5228 se
3344 5170 3593 5242 precario
3636 5185 3702 5225 ac

460 5253 604 5323 χέειν.
2129 5267 2473 5322 commodato
2499 5268 2702 5322 habere
2730 5274 3010 5338 agnoscat,
3040 5264 3189 5334 quod
3220 5278 3341 5318 esse
3362 5269 3559 5316 nactus
3578 5267 3698 5325 est;

464 5348 603 5404 lenis
636 5366 768 5405 vero
800 5366 865 5405 ac
906 5360 1245 5413 mansuetus,
1278 5350 1453 5431 utqui
1486 5350 1688 5405 virium
1728 5352 1780 5405 ei
1830 5359 2026 5407 natura
2063 5367 2447 5417 concessarnm
2471 5374 2631 5413 usum
2687 5374 2799 5413 non
2860 5358 3090 5422 nesciat,
3136 5364 3303 5425 atque
3348 5354 3447 5408 has
3474 5352 3698 5422 quidem

428 5498 437 5505 ,
465 5438 691 5493 rationis
721 5439 985 5509 obsequio
1009 5440 1076 5495 ad
1103 5440 1335 5496 virtutes
1383 5440 1786 5512 progignendas
1841 5443 2080 5507 addicat,
2118 5461 2150 5499 a
2180 5460 2344 5503 sensu
2371 5463 2502 5502 vero
2531 5462 2723 5503 carum
2752 5462 2982 5518 prorsus
3001 5447 3382 5517 operationem
3431 5443 3695 5497 retrahat-

465 5527 712 5599 llincque
736 5531 874 5585 adeo
891 5539 997 5596 est,
1024 5539 1086 5584 ut
1127 5539 1312 5586 mente
1340 5530 1584 5601 quidem,
1625 5532 1739 5605 jugi
1766 5532 1823 5587 in
1860 5535 2033 5589 Deum
2064 5544 2215 5590 motu
2249 5537 2544 5606 incitetur;
2583 5554 2745 5594 sensu
2783 5555 2934 5606 vero,
2999 5554 3103 5595 nec
3146 5537 3207 5603 si
3250 5536 3457 5602 omnia,
3500 5535 3702 5605 quibus

430 5736 438 5743 ,
532 5683 628 5755 (m)
647 5686 976 5753 Χαροποιού
998 5686 1508 5758 διαθέσεωςγᾼιιθι·
1526 5687 1660 5757 Reg.
1679 5689 1805 5743 cod.
1821 5689 2024 5758 χάριτι·

462 5770 577 5877 qua!
605 5770 696 5823 per
722 5758 952 5824 gratiam
974 5757 1027 5830 in
1049 5772 1108 5808 ea
1132 5765 1227 5808 est.
1253 5756 1393 5820 Quid
1410 5772 1542 5810 vero
1564 5756 1696 5811 velit
1726 5756 2026 5827 τὺάαρτῆς

493 5826 657 5877 ’enet.
683 5824 818 5877 Cod.
858 5835 912 5877 ct
961 5825 1050 5877 Fr.
1087 5840 1196 5877 non
1220 5825 1416 5877 canio:
1457 5826 1563 5877 nisi
1621 5826 2023 5877 breviationem

508 5830 657 5881 enet.
683 5824 818 5879 Cod.
858 5835 912 5879 ct
961 5825 1050 5879 Fr.
1087 5840 1196 5879 non
1220 5825 1416 5894 capio;
1457 5826 1563 5879 nisi
1621 5824 2023 5882 breviationem

2131 5693 2273 5816 mlale
2301 5693 2659 5817 intellectam,
2690 5695 2771 5751 sic
2801 5695 3060 5768 imperite
3095 5692 3390 5766 antiquarii
3414 5690 3578 5748 ambo
3607 5705 3699 5746 ex-

2134 5779 2166 5817 n
2195 5779 2379 5817 marun
2413 5804 2427 5817 .

2134 5779 2427 5832 pultarunt.
