4154 6322
514 374 622 436 895
1671 369 1730 427 S.
1771 319 2055 428 ΜΛΞΗΜΙ

2185 364 2598 428 NFESSORIS
3649 366 3754 428 896

463 472 466 476 ί
513 501 716 556 corpus
773 485 1018 540 monestia
1075 483 1212 538 allici
1285 481 1444 546 solet,
1494 481 1658 536 simul
1734 481 2012 551 ingruant,
2066 493 2373 548 eorumque
2404 477 2712 548 periculum
2777 477 2962 541 faciat,
3013 475 3312 547 quidquam
3366 477 3588 547 penitus
3633 493 3753 531 mo-

517 587 725 642 veatur,
759 577 935 630 ullove
960 574 1196 628 tristitiae
1225 572 1456 643 vestigio
1512 573 1697 628 animo
1744 570 2090 635 informetur,
2163 569 2378 623 uthinc
2415 567 2600 638 gaudii
2645 567 2805 638 plena
2875 565 3093 621 affectio
3137 583 3202 622 ac
3252 566 3540 637 dispositio
3570 567 3626 626 in
3686 584 3754 624 eo

514 671 858 724 immutetur.
895 665 1012 719 Non
1067 665 1216 720 enim
1271 664 1536 726 dolorem.
1567 664 1662 734 qui
1697 677 1919 718 sensum
1966 661 2268 723 excruciat,
2303 659 2598 730 voluptatis
2659 659 2960 714 carentiam
3009 658 3331 713 arbitratur.
3396 659 3748 729 Voluptatem

512 774 694 820 autem
724 777 885 816 unam
907 760 1078 822 novit,
1110 758 1278 812 animi
1315 773 1440 812 cum
1497 758 1711 813 ratione
1757 755 2111 819 convictum;
2151 753 2309 824 cujus
2352 752 2609 822 privatio,
2647 750 2955 806 immortale
3023 750 3352 820 supplicium
3397 759 3502 816 est,
3555 762 3754 808 cuncta

453 830 459 836 ’
512 853 836 912 naturaliter
896 851 1092 905 saecula
1131 849 1342 904 ambitu
1395 848 1788 918 complectens.
1839 845 2070 908 Idcirco,
2112 851 2225 898 tum
2249 839 2518 912 corporis,
2553 849 2668 895 tum
2706 856 2829 912 qua:
2886 848 3016 894 sunt
3043 839 3310 909 corporis,
3371 841 3630 897 omnibus
3657 859 3755 898 va-

513 950 624 1002 lere
642 945 832 1018 jussis,
869 941 935 996 ad
958 941 1204 995 divinum
1220 940 1380 995 enixe
1412 937 1716 994 connititur
1769 935 2112 999 convictum;
2153 947 2317 987 unam
2379 931 2601 987 demum
2648 932 2920 1002 jacturam
2954 937 3236 1000 reputans,
3286 930 3370 985 vel
3402 929 3447 985 si
3506 939 3756 988 terreno-

511 1053 632 1091 rum
665 1034 913 1092 omnium
971 1032 1218 1086 dominio
1278 1032 1503 1102 polleat,
1535 1030 1674 1102 ejus,
1739 1042 1860 1098 quae
1915 1042 2015 1097 per
2067 1025 2297 1095 gratiam
2323 1023 2628 1096 praestanda
2655 1031 3029 1093 exspectatur,
3086 1021 3451 1078 deiﬁcationis
3494 1021 3753 1081 frustrata

511 1137 634 1183 vota
662 1143 725 1182 ac
743 1141 894 1196 spem
923 1140 1156 1180 cassam.

581 1221 769 1289 Itaque
797 1219 1162 1273 emundemus
1197 1233 1300 1271 nos
1333 1217 1479 1286 ipsos
1500 1217 1570 1271 ab
1615 1215 1762 1269 omni
1825 1215 2082 1286 inquina-
2114 1217 2159 1272 Δ

511 1318 699 1366 mento
733 1310 914 1364 carnis
972 1325 1035 1364 ac
1098 1309 1326 1380 spiritus
1353 1309 1420 1374 ",
1485 1317 1547 1363 ut
1588 1308 1946 1378 cupiditatem
2000 1308 2056 1361 in

511 1402 712 1457 decore
742 1401 1029 1455 aﬂ'ectibus
1051 1401 1424 1455 lascivientem
1459 1401 1894 1471 exstinguentes,
1937 1399 2080 1454 divi-

512 1509 645 1546 num
683 1508 884 1546 nomen
946 1491 1370 1556 sanetilicemus,
1428 1490 1673 1560 iramque
1727 1499 1896 1546 (nstro
1947 1505 2085 1559 quo-

511 1585 635 1639 dam
665 1584 1024 1652 incomposite
1061 1582 1436 1652 voluptatibus
1485 1581 1786 1636 inhiantem
1830 1595 2082 1650 compes-

510 1691 737 1742 ramus;
780 1683 860 1738 ut,
886 1673 1030 1748 quod
1055 1689 1152 1743 per
1183 1673 1658 1728 mansuetudinem
1709 1671 1934 1736 advenit
1990 1687 2081 1726 re-

511 1782 678 1836 gnum
724 1765 814 1820 Dei
846 1781 910 1820 ac
941 1765 1137 1829 Patris,
1182 1764 1562 1834 suscipiamus.
1620 1763 1889 1832 Deinceps
1953 1776 2082 1816 vero

510 1859 833 1920 sequentem
879 1849 1146 1905 orationis
1208 1856 1438 1916 textum,
1485 1849 1572 1905 his
1626 1865 1748 1919 qua:
1804 1847 2083 1902 anteriora

511 1950 662 2004 sunt,
688 1941 1069 2011 adjungamus.

646 2054 766 2109 Fiat
789 2055 1032 2109 voluntas
1057 2064 1173 2124 tua,
1197 2057 1328 2110 sicut
1350 2054 1406 2110 in
1442 2061 1591 2122 caelo,
1619 2063 1667 2108 et
1691 2057 1747 2109 in
1773 2063 1938 2109 terra.

585 2252 689 2319 Qui
728 2253 845 2308 sola
878 2254 1108 2310 rationis
1136 2255 1191 2310 vi
1231 2271 1265 2310 a
1312 2255 1618 2326 cupiditate
1656 2264 1822 2326 atque
1863 2256 1946 2310 ira
1994 2270 2082 2311 se-

509 2351 680 2407 creta,
716 2343 943 2415 mystice
969 2345 1082 2399 Deo
1141 2345 1348 2400 cultum
1394 2346 1563 2417 358
1627 2347 1872 2410 adhibet,
1927 2345 1975 2400 is
2021 2346 2081 2400 in

511 2443 678 2499 terra,
703 2450 832 2490 eum
867 2436 923 2490 in
955 2437 1177 2495 modum
1199 2453 1309 2508 quo
1332 2437 1389 2492 in
1441 2439 1582 2494 caelo
1642 2437 1874 2508 angelici
1927 2437 2080 2492 ordi-

511 2540 630 2591 nes,
654 2525 893 2581 divinam
918 2529 1253 2584 voluntatem
1281 2529 1558 2599 implevit;
1585 2545 1684 2599 per
1723 2529 1907 2584 omnia
1923 2529 2080 2584 simi-
2111 2549 2151 2604 Β

510 2618 578 2673 lis
597 2619 806 2690 angelis
826 2620 1103 2686 adorator,
1130 2622 1304 2692 iisque
1347 2622 1776 2687 contubernalis,
1811 2622 2079 2693 quemad-

508 2711 732 2766 modum
759 2712 996 2782 quodam
1035 2713 1156 2768 loco
1206 2729 1436 2784 magnus
1475 2713 1769 2784 Apostolus
1811 2714 1890 2769 ait
1921 2731 1936 2766 :
1967 2712 2079 2767 Νο-

507 2812 619 2856 stra
647 2809 820 2856 autem
841 2805 1161 2858 conversatio
1181 2805 1235 2858 in
1261 2806 1403 2860 mli:
1430 2815 1505 2860 est
1530 2806 1610 2872 ³¹;
1639 2807 1783 2876 apud
1809 2821 1948 2876 quos
1967 2821 2079 2859 non

508 2902 596 2948 est
618 2893 908 2962 cupiditas,
938 2909 1060 2964 qua:
1095 2894 1438 2964 voluptatum
1493 2896 1546 2950 vi
1593 2897 1836 2966 vigorem
1879 2896 2081 2952 mentis

511 2983 778 3039 dissolvat
806 3001 820 3036 ε
847 2999 957 3038 non
985 2984 1066 3038 ira
1095 2985 1303 3052 furens,
1349 2985 1752 3055 adversumque
1797 2995 2078 3056 cognatos,

512 3090 578 3129 ac
615 3089 758 3146 quos
803 3076 970 3131 unius
1003 3077 1220 3147 generis
1290 3077 1526 3133 societas
1577 3085 1779 3143 teneat,
1824 3085 2081 3148 proterve

512 3166 816 3232 oblatrans,
845 3167 941 3223 sed
974 3168 1405 3239 singularissima
1426 3169 1587 3234 ratio,
1617 3168 1685 3224 ad
1715 3169 1948 3238 primam
1995 3185 2084 3224 ra-

515 3257 744 3324 tionem,
777 3273 874 3314 eos
925 3259 1020 3327 qui
1078 3259 1289 3313 ratione
1321 3265 1568 3322 utantur,
1603 3267 1800 3313 natura
1836 3259 2080 3326 ducens;

513 3365 623 3419 qua
657 3349 774 3404 sola
805 3350 1005 3419 gaudet
1035 3350 1200 3414 Deus,
1231 3358 1288 3404 et
1319 3365 1350 3404 a
1375 3349 1538 3405 nobis
1567 3350 1742 3406 servis
1761 3351 1878 3406 suis
1929 3351 2082 3406 eilia-

513 3441 668 3510 gitat.
691 3439 860 3509 quue
889 3440 1179 3510 significat,
1216 3457 1340 3495 cum
1374 3442 1431 3496 in
1479 3441 1599 3496 haec
1629 3441 1796 3497 verba
1825 3457 2084 3512 magnum

513 3530 776 3586 Davidem
817 3530 1158 3600 alloquitur:
1213 3529 1352 3596 Quid
1376 3535 1516 3588 enim
1547 3535 1677 3588 mihi
1725 3540 1801 3588 est
1827 3534 1884 3587 in
1933 3532 2081 3598 caelo,

513 3634 564 3679 et
594 3643 627 3680 a
651 3635 703 3678 te
729 3625 857 3695 quid
884 3623 1028 3679 volui
1048 3641 1206 3695 super
1234 3633 1435 3679 terram
1469 3625 1554 3679 "‘2’
1583 3625 1732 3680 Nihil
1784 3633 1969 3681 autem
2025 3625 2084 3680 in

514 3717 670 3772 caelis
693 3717 868 3772 sancti
909 3717 1085 3788 angeli
1120 3717 1230 3772 Deo
1269 3717 1531 3783 oderunt,
1581 3727 1784 3788 praeter
1844 3717 2085 3773 rationa-

2271 1207 2606 1279 Ἀγνίσωμεν
2633 1203 2725 1261 οὖν
2775 1209 3004 1272 ἑαυτοὺς
3047 1208 3249 1272 παντὸς
3297 1209 3574 1280 μολυσμοῦ
3612 1229 3750 1282 σαρ-

2183 1297 2276 1360 κδς
2304 1298 2397 1350 καὶ
2432 1297 2761 1368 πνεύματος,
2812 1299 2898 1352 ἵνα
2931 1299 2991 1351 τὸ
3020 1299 3163 1352 θεῖον
3195 1299 3519 1371 ἁγιάσωμεν
3549 1301 3744 1373 ὄνομα,

2182 1386 2552 1457 ἁκκιξομένην
2589 1389 2702 1450 τοῖς
2741 1388 2970 1441 πάθεσιν
3005 1390 3271 1460 ἀπρεπῶς
3309 1391 3409 1460 τὴν
3453 1391 3752 1462 ἐπιθυμίαν

2183 1479 2623 1542 κατασϐέσαντες
2647 1495 2660 1510 ο
2697 1479 2794 1532 καὶ
2845 1478 2987 1550 λόγῳ
3014 1521 3030 1546 ,
3081 1482 3200 1544 ταῖς
3251 1481 3466 1551 ἡδοναῖς
3497 1482 3751 1547 ἀτάκτως

2182 1570 2602 1640 ἐπιμαινόμενον
2627 1573 2718 1627 τὸν
2745 1571 2934 1641 θυμὸν,
2963 1572 3359 1642 καταδήσωμεν
3381 1584 3396 1600 ·
3425 1571 3514 1625 ῐνα
3543 1571 3632 1626 διὰ
3654 1573 3753 1642 τῆς

2183 1662 2489 1733 πραότητος
2549 1664 2996 1735 παραγινομένην
3053 1661 3438 1732 ὕποδεξώμεθα
3493 1664 3593 1734 τὴν
3653 1663 3748 1717 τοῦ

2181 1751 2317 1806 Θεοῦ
2351 1753 2447 1806 καὶ
2485 1755 2699 1826 Πατρὸς
2751 1755 3046 1825 βασιλείαν.
3107 1755 3214 1808 Καὶ
3246 1754 3338 1808 τὸν
3365 1755 3565 1827 ἐφεξῆς
3594 1755 3751 1824 λόγον

2181 1845 2280 1914 τῆς
2358 1849 2666 1917 προσευχῆς
2711 1849 2824 1912 τοῖς
2891 1847 3177 1918 προτέροις
3241 1847 3602 1918 ἁρμόσωμεν,
3667 1847 3752 1902 λέ-

2182 1951 2367 2002 γοντες
2399 1953 2414 1968 ·

2251 2047 2569 2116 Γενηθήτω
2604 2048 2668 2102 τὸ
2699 2049 2931 2119 θέλημά
2956 2067 3092 2118 σου,
3131 2053 3212 2121 ὡς
3237 2055 3308 2110 ἐν
3336 2054 3603 2122 οὐρανῷ.
3651 2054 3751 2109 καὶ

2179 2139 2277 2192 ἐπὶ
2313 2139 2425 2207 τῆς
2453 2139 2587 2208 γῆς.

2261 2253 2319 2306 '0
2354 2253 2494 2308 κατὰ
2536 2254 2704 2325 μόνην
2739 2253 2838 2324 τὴν
2881 2255 3108 2327 λογικὴν
3143 2256 3374 2328 δύναμιν
3395 2299 3410 2323 ,
3450 2259 3749 2330 ἐπιθυμίας

2179 2361 2238 2400 τε
2267 2344 2364 2398 καὶ
2399 2344 2570 2416 θυμοῦ
2599 2347 3009 2417 κεχωρισμένην
3041 2350 3315 2419 μυστικῶς
3336 2351 3634 2422 προσάγων
3669 2351 3749 2422 τῷ

2178 2436 2299 2506 Θεῷ
2331 2437 2432 2506 τὴν
2477 2437 2768 2508 λατρείαν,
2804 2433 2958 2504 οὗτος
2999 2440 3093 2492 ἐπὶ
3125 2439 3263 2510 γῆς,
3310 2442 3387 2505 ὡς
3434 2444 3492 2496 ἐν
3535 2443 3750 2515 οὐρανῷ

2177 2525 2288 2578 τῶν
2345 2526 2591 2595 ἀγγέλων
2626 2529 2681 2580 αἱ
2740 2529 2958 2596 τάξεις,
3010 2530 3070 2584 τὸ
3113 2528 3254 2584 θεῖον
3293 2533 3622 2604 πεπλήρωκε
3655 2533 3753 2586 θέα

2180 2615 2358 2685 λημασ
2405 2616 2494 2670 διὰ
2525 2618 2746 2672 πάντων
2788 2621 2902 2683 τοῖς
2963 2619 3218 2688 ἀγγέλοις
3253 2623 3563 2695 ὁμολάτρης
3595 2624 3753 2693 γενό-

2183 2723 2345 2774 μενος
2400 2707 2496 2760 καὶ
2549 2707 2894 2778 ὁμοδίαιτος,
2945 2711 3092 2765 καθά
3128 2711 3230 2764 πού
3281 2731 3444 2784 φησιν
3491 2716 3520 2766 ό
3574 2714 3752 2785 μέγας

2193 2797 2530 2864 Ἀπόστολος,
2574 2797 2760 2868 Ἠμῶν
2785 2797 2855 2853 δὲ
2895 2801 2962 2854 τὸ
2993 2802 3327 2873 πολίτευμα
3357 2804 3425 2857 ἐν
3467 2805 3751 2873 οὐρανοῖς

2178 2887 2437 2956 ὑπάρχει
2460 2905 2474 2918 ·
2513 2891 2642 2958 παρ’
2675 2885 2759 2953 οἷς
2799 2891 2898 2945 οὐκ
2930 2889 3080 2945 ἔστιν
3125 2893 3412 2965 ἐπιθυμία,
3457 2895 3527 2949 δι’
3553 2896 3752 2965 ἡδονῆς

2179 2979 2305 3041 τοὺς
2367 2981 2585 3050 νοεροὺς
2657 2982 3013 3052 παραλύουσα
3071 2985 3258 3050 τόνους
3285 3003 3300 3017 ο
3328 2990 3344 3009 ⁶
3398 2986 3522 3040 οὔτε
3578 2988 3752 3060 θυμὸς

2180 3067 2424 3136 λυσσῶν,
2477 3072 2573 3125 καὶ
2625 3072 2686 3126 τὸ
2741 3075 3004 3142 συγγενὲς
3050 3076 3300 3146 ἁσὲμνως
3351 3077 3748 3132 καθυλακτῶνσ

2181 3161 2319 3216 ἀλλὰ
2371 3162 2527 3231 λόγος
2586 3162 2891 3234 μονώτατος
2911 3208 2925 3231 ,
3002 3168 3138 3238 πρὸς
3187 3169 3278 3223 τὸν
3328 3170 3546 3242 πρῶτον
3594 3171 3751 3239 λόγον

2181 3254 2426 3320 φυσικῶς
2507 3255 2657 3323 ἄγων
2727 3256 2856 3320 τοὺς
2912 3257 3198 3325 λογικούς·
3249 3251 3294 3327 ᾧ
3364 3260 3510 3332 μόνῳ
3569 3262 3750 3334 χαίρει

2181 3345 2338 3411 Θεὸς,
2382 3345 2479 3399 καὶ
2513 3347 2642 3417 παρ’
2673 3347 2832 3418 ἡμῶν
2857 3349 3001 3402 alter
3027 3348 3140 3402 τῶν
3172 3349 3337 3403 αὐτοῦ
3371 3350 3595 3406 δούλων.
3639 3355 3752 3408 Καὶ

2183 3441 2344 3496 τοῦτο
2368 3441 2520 3512 δηλοῖ
2552 3441 2690 3513 πρὸς
2719 3442 2812 3496 τὸν
2846 3443 3022 3512 μέγαν
3054 3444 3277 3513 φάσκων
3317 3445 3510 3500 Δασῐδο
3547 3447 3609 3501 TI
3639 3447 3750 3518 γάρ

2177 3549 2280 3602 μοι
2304 3532 2558 3600 ὑπάρχει
2581 3533 2651 3587 ἐν
2677 3533 2758 3599 τῷ
2789 3534 3042 3602 οὐρανῷ,
3077 3537 3175 3590 καί
3205 3537 3364 3606 παρὰ
3393 3537 3510 3593 σοῦ
3536 3541 3592 3593 τι
3618 3539 3752 3607 ήθέο

2184 3627 2352 3693 Imm
2383 3623 2479 3678 ἐπὶ
2519 3623 2632 3694 τῆς
2664 3623 2779 3694 γῆς
2805 3642 2828 3690 ;
2894 3627 3160 3699 ’Υπάρχει
3197 3627 3254 3682 δέ
3293 3627 3370 3700 τῷ
3403 3628 3524 3700 Θεῷ
3562 3630 3620 3682 ἐν
3658 3630 3751 3683 οὖν

2187 3715 2371 3785 ρανοτς
2425 3713 2836 3784 προσαγόμενον
2895 3717 3046 3787 παρὰ
3107 3718 3216 3771 τῶν
3264 3718 3436 3787 ἁγίων
3481 3720 3748 3788 ἀγγέλων,

514 3809 621 3862 lem
647 3809 893 3874 cultum;
922 3823 1086 3878 quem
1132 3809 1310 3878 ipsum
1352 3825 1382 3863 a
1437 3809 1597 3864 nobis
1643 3810 1893 3881 exigens,
1939 3814 2085 3865 inter

2186 3801 2326 3872 πλὴν
2347 3802 2445 3874 τῆς
2470 3802 2691 3874 λογικῆς
2718 3802 2972 3876 λατρείας
2998 3806 3150 3860 οὐδέν
3175 3822 3189 3836 ·
3217 3807 3284 3878 ἢν
3315 3809 3407 3862 καὶ
3434 3811 3566 3880 παρ’
3592 3809 3749 3881 ἡμῶν

512 3901 782 3956 orandum
819 3899 1004 3955 dicere
1032 3900 1220 3957 docuit
1246 3918 1260 3956 :
1287 3900 1406 3956 Fiat
1429 3902 1673 3957 voluntas
1698 3879 1811 3967 tua,
1869 3905 1999 3957 sicut
2025 3904 2079 3957 in

2185 3893 2477 3963 ἐπιζητῶν,
2515 3896 2986 3967 προσευχομένους
3033 3897 3211 3966 λέγειν
3271 3898 3479 3968 ἐδίδαξε
3504 3879 3527 3932 ’ί
3557 3879 3749 3969 Γενη-

511 3993 659 4059 carie,
678 3995 804 4048 etin
833 4001 1002 4048 terra.

582 4165 949 4236 lgiturnostra
973 4181 1194 4236 quoque
1223 4166 1292 4221 ad
1314 4166 1489 4222 Deum
1519 4168 1913 4238 inquirendum
1939 4169 2082 4226 ratio

511 4267 816 4322 moveatur,
841 4259 1035 4328 visque
1067 4258 1384 4328 cupiditatis
1407 4259 1685 4315 desiderio
1706 4261 1764 4316 in
1810 4275 1939 4316 eum
1988 4276 2082 4316 ra-

512 4349 730 4417 piatur;
769 4350 864 4404 irae
884 4350 1122 4420 denique
1179 4351 1431 4417 facultas,
1477 4354 1597 4424 ejus
1646 4353 2085 4408 conservationis

511 4443 708 4496 ardore
741 4458 920 4512 pugna
962 4443 1271 4498 concitetur
1301 4462 1314 4497 :
1341 4445 1446 4510 vel,
1478 4452 1540 4499 ut
1571 4445 1758 4500 verius
1806 4460 1872 4499 ac
1912 4445 2085 4516 magis

511 4536 735 4600 proprie
753 4532 970 4600 loquar,
987 4547 1143 4586 mens
1157 4541 1269 4586 tota
1294 4534 1350 4587 in
1370 4535 1539 4588 Deum
1563 4533 1901 4599 intendatur,
1917 4550 2084 4604 quam

518 4635 648 4677 tono
680 4621 916 4690 quodam
945 4622 1192 4678 iracundi
1214 4639 1395 4680 mores
1427 4625 1811 4690 corroborent,
1840 4640 2081 4681 summa-

513 4727 622 4779 que
650 4710 912 4765 desiderii
939 4713 991 4766 vi
1012 4713 1246 4782 cupidus
1268 4729 1423 4769 amor
1455 4715 1737 4770 accendat.
1793 4715 1884 4772 Sic
1934 4716 2083 4772 enim

514 4804 832 4872 angelorum
867 4802 922 4856 in
952 4805 1091 4860 cmlo
1113 4804 1436 4871 imitatione,
1458 4807 1555 4862 Dei
1582 4822 1683 4876 per
1707 4807 1890 4862 omnia
1909 4808 2086 4862 culto-

515 4909 602 4961 res
629 4893 976 4950 inveniemur
999 4911 1013 4961 ;
1036 4895 1132 4965 qui
1161 4895 1422 4951 nimirum
1455 4897 1708 4952 eamdem
1737 4912 1864 4953 cum
1921 4912 2087 4968 ange-

514 4987 582 5051 lis
612 4988 739 5042 vitae
764 4987 1030 5042 rationem
1064 4989 1122 5043 in
1155 4997 1298 5044 terra
1342 4989 1732 5054 exhibeamus;
1763 4988 1845 5044 sic
1888 5003 2085 5060 nempe

513 5079 831 5147 comparati,
855 5088 915 5134 ut
942 5079 1171 5149 perinde
1203 5093 1268 5134 ac
1300 5079 1400 5143 illi,
1438 5079 1493 5133 in
1506 5079 1653 5134 nulla
1677 5093 1892 5144 eorum,
1914 5094 2037 5148 quae
2055 5069 2106 5132 a’

513 5167 626 5233 Deo
648 5169 890 5224 secunda
919 5177 1068 5234 sunt,
1091 5169 1276 5225 animo
1296 5186 1523 5240 prorsus
1555 5185 1894 5226 moveamur.
1924 5169 2086 5224 Acci-

515 5257 730 5327 piemus
754 5259 903 5313 enim
925 5274 996 5314 ex
1020 5269 1273 5315 votorum
1308 5261 1540 5326 ratione,
1591 5259 1672 5315 sic
1712 5261 1881 5316 vitam
1921 5260 2081 5317 insti-

515 5354 755 5411 tuentes,
782 5347 932 5403 velut
964 5361 1183 5417 panem,
1207 5347 1481 5405 ἐπιούσιον
1504 5349 1858 5420 vitalemque,
1896 5350 1951 5404 in
1981 5351 2082 5405 ali-

517 5437 755 5501 moniam
783 5437 1090 5496 animarum
1113 5446 1451 5504 nostrarum,
1486 5448 1543 5494 et
1567 5450 1629 5495 ut
1662 5449 1855 5512 vegeta
1915 5440 2083 5497 bene-

2115 5212 2162 5270 ι)

2181 3983 2338 4050 θήτω
2362 3985 2426 4038 τὸ
2457 3985 2684 4056 θέλημά
2713 4002 2852 4053 σου,
2896 3989 2977 4053 ὡς
2999 3989 3070 4044 ἐν
3093 3989 3346 4060 οὐρανῷ,
3375 3992 3474 4046 καί
3515 3993 3618 4048 ἐπὶ
3642 3994 3751 4064 τῆς

2180 4090 2314 4144 Τηςο

2253 4165 2464 4220 οὐκοῦν
2510 4169 2767 4223 κινείσθω
2810 4170 2906 4223 καὶ
2951 4169 3108 4240 ἡμῶν
3144 4170 3283 4242 πρὸς
3332 4171 3434 4240 τὴν
3479 4170 3571 4226 τοῦ
3609 4172 3747 4226 Θεοῦ

2183 4257 2409 4330 ζήτησιν
2446 4261 2473 4313 ὁ
2523 4261 2716 4330 λόγος,
2767 4263 2904 4332 πρός
2938 4280 2998 4316 τε
3039 4263 3130 4316 τὸν
3165 4262 3332 4316 αὐτοῦ
3370 4263 3534 4318 πόθον
3563 4266 3596 4334 ἡ
3631 4267 3746 4320 κατ’

2182 4346 2477 4418 ἐπιθυμίαν
2507 4349 2770 4420 δύναμις,
2821 4352 2919 4404 καὶ⁸
2971 4352 3109 4422 πρὸς
3147 4354 3245 4423 τὴν
3294 4353 3458 4409 αὑτοῦ
3501 4354 3748 4426 φυλακὴν

2181 4439 2536 4507 ἀγωνιζέσθω
2587 4441 2650 4494 τὸ
2704 4442 2932 4512 θυμικόν
2960 4459 2975 4473 ⁶
3043 4444 3246 4514 μᾶλλον
3305 4446 3362 4498 δὲ
3413 4445 3749 4518 κυριώτερον

2185 4529 2380 4593 εἰπεῖν,
2412 4529 2442 4582 ό
2479 4530 2578 4600 μὲν
2613 4529 2741 4594 νοῦς
2769 4530 3020 4587 τετάσθω
3049 4534 3160 4596 πᾶς
3191 4532 3328 4604 πρὸς
3365 4533 3496 4587 Θεόν
3524 4551 3538 4566 ·
3587 4538 3750 4589 οἱονεὶ

2182 4619 2323 4688 τόνῳ
2371 4622 2480 4674 τινὶ
2535 4621 2614 4693 τῷ
2669 4621 2889 4694 θυμικῷ
2955 4625 3142 4696 τρόπῳ
3200 4625 3598 4697 νευρούμενος,
3657 4631 3751 4682 καὶ

2185 4709 2334 4780 πόθῳ
2374 4713 2437 4781 τῇ
2471 4713 2592 4764 κατ’
2631 4712 2800 4782 ἄκρον
2849 4713 3035 4781 ἐφέσει
3073 4714 3173 4784 τῆς
3212 4714 3512 4786 ἐπιθυμίας
3549 4717 3750 4788 πυρούς

2188 4818 2368 4871 μενος.
2405 4801 2562 4856 Οὕτω
2587 4802 2696 4874 γὰρ
2729 4803 2859 4866 τοὺς
2892 4803 3016 4856 κατ’
3062 4805 3291 4875 οὐρανὸν
3361 4807 3627 4876 ἀγγέλους
3659 4825 3752 4878 μι-

2189 4894 2471 4966 μούμενοι,
2501 4893 2581 4965 τῷ
2609 4894 2732 4966 Θεῷ
2765 4895 2853 4949 διὰ
2885 4896 3105 4952 πάντων
3142 4897 3494 4968 λατρεύοντες
3523 4899 3752 4971 εὐρεθην

2185 4986 2427 5056 σόμεθαο
2484 4986 2583 5056 τὴν
2637 4985 2809 5059 αὐτὴν
2865 4989 2981 5051 τοῖς
3067 4987 3325 5057 ἀγγέλοις
3373 4989 3468 5044 ἐπὶ
3515 4991 3614 5060 τῆς
3648 4991 3753 5060 γῆς
3844 4993 3856 5002 ’

2187 5077 2466 5130 πολιτείαν
2519 5078 2988 5149 ἐπιδεικνύμενοι·
3052 5081 3191 5152 πρὸς
3235 5081 3388 5135 οὐδὲν
3445 5082 3554 5136 τῶν
3616 5083 3756 5154 μετὰ

2184 5169 2319 5222 Θεὸν
2376 5168 2508 5233 ῐσως
2552 5169 2782 5233 ἐκείνοις
2825 5169 3042 5240 ἔχοντες
3087 5169 3178 5224 τὸν
3214 5170 3340 5224 νοῦν
3379 5169 3442 5224 τὸ
3493 5171 3754 5243 παράπαν

2186 5257 2524 5329 κινούμενον.
2577 5260 2854 5330 Δεξόμεθα
2903 5260 3012 5331 γὰρ
3048 5260 3167 5314 κατ’
3211 5259 3377 5331 εὐχὰς
3426 5259 3568 5315 οὕτω
3603 5263 3752 5314 πολιο

2184 5351 2495 5423 τευόμενοι,
2537 5350 2790 5424 καθάπερ
2825 5351 2990 5423 ἄρτον
3029 5351 3304 5407 ἐπιούσιόν
3349 5369 3410 5405 τε
3461 5352 3559 5405 καὶ
3598 5351 3758 5415 ζωτι-

2187 5441 2282 5494 κὸν
2325 5443 2407 5506 είς
2435 5441 2752 5519 ἀποτροφὴν
2780 5443 2894 5498 τῶν
2938 5443 3228 5517 ἡμετέρων
3255 5443 3466 5516 ψυχῶν,
3501 5443 3596 5498 καὶ
3629 5458 3754 5501 mmo

589 5593 630 5624 "
661 5592 704 5647 ll
734 5591 863 5648 Cor.
893 5608 984 5659 vu,
1011 5591 1062 5648 l.
1137 5591 1205 5624 “°
1228 5591 1467 5664 Philipp.
1497 5608 1574 5659 ιιι,
1600 5593 1688 5648 20.
1765 5593 1808 5626 ³³
1835 5594 1976 5650 Psal.
2015 5609 2175 5660 vau,
2205 5593 2294 5650 25.

589 5752 605 5780 ’
640 5747 766 5818 [lato
799 5746 1040 5804 breviter
1073 5747 1332 5806 deﬂorata
1366 5749 1421 5805 in
1450 5759 1656 5807 catena.
