4154 6322
415 367 516 433 391
1407 375 1810 462 uxrosmo
1846 373 2055 435 eam.

2003 373 2177 434 TlON
2187 373 2259 433 IS
2297 372 2684 434 DOMINICIE
2933 439 2937 444 δ
3537 379 3643 443 898

416 489 651 560 τήρησιν
681 489 780 560 τῆς
803 490 914 544 τῶν
942 493 1314 564 χαρισθέντων
1341 495 1473 567 ἡμῖν
1501 495 1722 564 ἀγαθῶν
1735 487 1979 558 ἐὺεξίας,
2011 503 2052 554 Α

2011 503 2052 554 Α
2082 507 2189 560 que
2217 491 2473 546 habentia
2531 506 2791 547 concessa
2840 490 3001 547 nobis
3043 491 3185 548 dona
3226 505 3644 561 conserventur,

415 581 504 636 ’δν
532 584 752 638 εἰπόντα
781 586 951 654 Λόγον
972 604 987 620 ο
1033 587 1182 658 Ἐγώ
1223 591 1339 658 εἰμι
1368 592 1402 643 ό
1429 589 1628 657 ἄρτος.
1681 589 1714 640 ὁ
1765 587 1835 641 ἐκ
1872 585 1980 640 τοῦ

2082 582 2260 651 ipsum
2297 582 2556 645 Verbum,
2585 583 2729 653 quod
2760 583 2838 637 ait
2867 601 2881 637 :
2911 583 3025 654 Ego
3070 600 3190 638 sum
3239 587 3416 656 panis,
3449 587 3540 656 qui
3578 591 3641 640 de

417 676 678 742 οὐρανοῦ
710 678 1002 746 καταϐὰς,
1049 680 1151 734 καί
1182 679 1337 748 ζωὴν
1370 679 1578 745 διδοὺς
1616 677 1697 742 τῷ
1738 679 1943 746 κόσμῳ
1963 693 1978 709 ⁶

2081 673 2208 727 calo
2267 675 2526 738 descendi,
2596 684 2646 728 et
2671 675 2738 729 do
2779 677 2941 730 vitam
2971 678 3164 732 mundo
3203 678 3248 710 “
3279 678 3448 750 (quod
3487 681 3651 734 nimi-

417 768 695 838 ἀναλόγως
721 770 854 840 ἡμῖν
883 772 998 836 τοῖς
1027 772 1385 844 τρεφομένοις
1430 771 1499 825 δι’
1530 772 1730 840 ἀρετῆς
1759 769 1852 823 καὶ
1889 783 1978 821 σο-

2081 779 2202 818 rum
2253 779 2354 833 pro
2402 764 2567 818 modo
2614 773 2886 835 captuque
2937 776 3147 832 nostro,
3201 770 3297 837 qui
3350 770 3651 836 nutrimur,

419 855 566 924 φίας,
601 859 779 912 πάντα
811 859 1092 930 γινόμενον
1134 875 1149 891 ο
1181 860 1275 912 καὶ
1311 860 1381 912 δι’
1414 860 1641 912 ἑκάστου
1668 856 1777 910 τῶν
1811 855 1982 920 σωζο-

2083 857 2262 910 omnia
2289 855 2448 911 nobis
2481 873 2580 926 per
2634 858 2894 912 virtutem
2923 873 2986 913 ac
3027 859 3352 928 sapientiam
3408 860 3522 927 ﬁat,
3559 878 3653 917 va-

422 951 597 1019 μένων
668 952 963 1018 ποικίλως,
1021 954 1099 1018 ὡς
1155 949 1294 1008 οἶδεν
1362 953 1558 1017 αὐτὸς,
1627 950 1984 1020 σωματούμε-

2082 945 2271 1014 rieque
2296 960 2394 1015 per
2433 947 2708 1016 quoslibet
2731 963 2966 1017 quorum
2991 950 3155 1004 saluti
3177 952 3494 1006 consultum
3537 953 3644 1018 sit,

375 1057 540 1095 γνον·
607 1041 689 1094 ἔτι
759 1044 900 1097 κατά
957 1043 1049 1097 τὸν
1109 1045 1283 1099 αἰῶνα
1352 1045 1539 1098 τοῦτον
1623 1042 1981 1112 ὑπάρχοντες,

2083 1052 2190 1106 qua
2232 1037 2410 1106 ipsum
2445 1039 2598 1092 novit
2633 1039 2866 1104 ratione,
2896 1041 3268 1109 corporetur),
3304 1042 3472 1112 idque
3491 1043 3652 1108 adeo,

419 1133 562 1186 κατὰ
611 1135 714 1205 τὴν
762 1135 858 1188 τοῦ
906 1136 1072 1207 ῥητοῦ
1118 1139 1217 1208 τῆς
1267 1135 1579 1208 προσευχῆς
1629 1133 1858 1202 δύναμιν
1888 1132 1982 1188 τοῦ

2084 1123 2213 1178 dum
2247 1133 2302 1179 et
2329 1125 2508 1180 adhuc
2532 1126 2589 1180 in
2617 1127 2872 1196 praesenti
2895 1129 3094 1184 saeculo
3125 1130 3410 1185 constituti
3441 1146 3655 1198 sumus,

419 1221 667 1290 λέγοντος
2078 1217 2235 1287 juxta
2266 1217 2376 1270 vim
2402 1218 2690 1274 sententiae
2717 1229 3007 1290 textusque
3065 1221 3352 1288 orationis,
3409 1222 3509 1292 qui
3567 1222 3653 1277 sic

1057 1369 1075 1381 _
1325 1323 1327 1326 ‘
2085 1308 2295 1363 habet:

496 1418 606 1471 Τὸν
635 1417 817 1485 ἄρτον
855 1416 1023 1486 ἡμῶν
1069 1417 1175 1471 τὸν
1202 1418 1516 1472 ἐπιούσιον
1560 1417 1662 1485 δὸς
1697 1418 1839 1488 ἡμῖν
1872 1417 1985 1485 σή-

1872 1417 1985 1485 σή-
2154 1419 2360 1475 Panem
2396 1429 2636 1475 nostrum
2664 1422 3030 1492 quotidianum
3058 1422 3125 1476 da
3144 1424 3288 1478 nobis
3314 1424 3485 1480 hodie.

415 1516 622 1566 'uspor.
3346 1560 3351 1566 .

421 1527 622 1578 μερον.

491 1598 695 1652 Τοῦτον
731 1595 841 1668 γὰρ
885 1592 1039 1667 οἶμαι
1085 1597 1373 1669 δηλοῦσθαι
1405 1598 1498 1653 τὸν
1547 1600 1718 1654 αἰῶνα
1769 1599 1856 1654 διὰ
1889 1600 1984 1654 τοῦ

2153 1592 2409 1649 Arbitror
2424 1594 2593 1660 enim,
2618 1594 2765 1664 quod
2792 1593 3013 1660 dicitur,
3033 1595 3205 1661 hodie,
3233 1560 3396 1665 359
3421 1611 3661 1666 praesens

421 1690 686 1759 σήμερον
705 1707 717 1720 ·
747 1689 822 1754 ὠς
851 1690 1008 1752 εἴτις
1039 1691 1132 1744 ἐπὶ
1159 1691 1219 1744 τὸ
1243 1691 1573 1763 σαφέστερον
1606 1690 1867 1758 ἐκλαϐὼν,
1906 1692 1986 1745 ei-

2087 1687 2345 1741 wculum
2380 1687 2707 1756 designare;
2750 1701 2816 1742 ac
2889 1687 2936 1742 si
2997 1687 3122 1756 quis
3172 1687 3351 1742 locum
3397 1688 3661 1743 orationis

421 1800 531 1848 ποι,
570 1781 660 1834 τὸν
700 1782 864 1835 τόπον
900 1781 1000 1852 τῆς
1055 1783 1386 1854 προσευχῆς,
1431 1787 1540 1838 Τὸν
1578 1784 1761 1852 ἄρτον
1794 1781 1982 1852 ἡμῶν,
2020 1831 2058 1882 Β

2020 1801 2066 1882 Βθ
2086 1778 2330 1847 apertius
2352 1793 2653 1846 exponens,
2700 1779 2866 1844 dicat,
2917 1777 3119 1832 Panem
3172 1786 3431 1841 nostrum,
3492 1793 3654 1846 quem

421 1872 479 1925 ὃν
523 1873 805 1942 καταρχὰς
837 1873 924 1924 ἐπ’
970 1872 1239 1943 ἀθανασίᾳ
1270 1873 1370 1944 τῆς
1413 1873 1627 1944 φύσεως
1661 1873 1984 1944 ἡτοίμασας,
2020 1868 2058 1882 “’

2020 1868 2058 1882 “’
2087 1869 2159 1923 ab
2183 1869 2362 1935 initio,
2387 1869 2455 1923 ad
2505 1870 2972 1925 immortalitatem
3028 1877 3241 1923 naturae
3291 1868 3660 1939 praestandam

422 1963 528 2030 δὸς
559 1964 704 2034 ἡμῖν
728 1964 1016 2034 σήμερον,
1053 1963 1195 2017 κατὰ
1228 1965 1326 2035 τὴν
1361 1965 1639 2034 παροῦσαν
1669 1964 1814 2036 ζωὴν
1838 1961 1988 2020 οῦσιν

2088 1963 2317 2031 parasti,
2359 1961 2427 2015 da
2453 1962 2598 2016 nobis
2619 1962 2788 2026 hodie,
2820 1961 3063 2031 quandiu
3081 1961 3136 2015 in
3165 1959 3385 2014 mortali
3409 1962 3515 2016 hac
3547 1962 3657 2016 vita

423 2057 522 2126 τῆς
577 2056 899 2126 θνητότητος
923 2056 1022 2127 (n)
1052 2073 1066 2086 ο
1119 2055 1204 2108 ἵνα
1248 2058 1445 2128 νικήσῃ
1487 2056 1578 2110 τὸν
1618 2056 1848 2110 θάνατον
1888 2057 1990 2126 τῆς

2089 2068 2404 2118 versamur;
2433 2068 2543 2122 quo
2564 2053 2822 2107 nimirum
2851 2053 3010 2122 panis
3028 2052 3153 2107 vita:
3175 2068 3242 2108 ac
3276 2053 3520 2108 scientia
3561 2053 3662 2106 ali-

424 2147 733 2218 ἁμαρτίας,
773 2148 807 2219 ἡ
858 2146 1033 2219 τροφὴ
1065 2146 1158 2200 τοῦ
1210 2146 1378 2219 ἄρτου
1425 2149 1526 2219 τῆς
1573 2147 1716 2218 ζωῆς
1768 2149 1990 2218 καὶτῆς

2087 2143 2526 2213 monia,peccati
2550 2151 2780 2197 mortem
2826 2145 3012 2196 vincat
3055 2159 3069 2196 :
3115 2143 3273 2212 cujus
3312 2157 3382 2196 ne
3435 2157 3661 2212 compos

425 2237 808 2308 ἐπιγνώσεως·
857 2235 924 2311 ἧς
956 2240 1182 2310 μέτοχον
1219 2240 1472 2308 γενέσθαι
1526 2240 1616 2293 τὸν
1658 2241 1873 2310 πρῶτον
1898 2238 1992 2292 ἄν·

2089 2232 2246 2288 ﬂeret
2266 2234 2482 2304 primus
2509 2234 2698 2297 homo,
2731 2233 2904 2287 divini
2941 2231 3154 2287 obstitit
3188 2231 3430 2286 mandati
3486 2241 3664 2284 trans-

427 2332 643 2404 θρωπον
665 2372 681 2398 ,
733 2333 765 2402 ἡ
823 2331 1136 2402 παράϐασις
1177 2332 1278 2403 τῆς
1313 2332 1462 2396 θείας
1510 2333 1732 2401 ἐντολῆς
1767 2333 1827 2385 οὐ
1863 2348 1990 2385 συν-

2087 2325 2317 2396 gressio.
2367 2325 2599 2395 Itaque,
2680 2325 2728 2379 si
2793 2324 2979 2378 divina
3026 2323 3130 2379 hac
3197 2339 3321 2379 esca
3381 2329 3663 2378 saturatas

425 2423 727 2494 εχώρησεν.
774 2423 861 2486 Ὧς
907 2424 1022 2492 εῐγε
1080 2423 1284 2494 ταύτης
1336 2423 1639 2495 ὲνεφορήθη
1685 2423 1785 2492 τῆς
1841 2422 1992 2487 θείας

1841 2422 1992 2487 θείας
2088 2417 2303 2484 fuisset,
2327 2433 2609 2490 nunquam
2638 2420 2850 2490 peccati
2877 2430 3052 2475 morte
3075 2427 3271 2490 captus
3295 2429 3462 2476 esset.

426 2516 660 2586 τροφῆς,
716 2515 817 2569 οὐκ
875 2514 941 2569 ἂν
997 2514 1076 2585 τῷ
1129 2515 1347 2586 θανάτῳ
1398 2515 1500 2586 τῆς
1552 2514 1827 2586 ἁμαρτίας
1873 2514 1992 2586 ηλί-

429 2627 610 2664 σκετο.

497 2701 644 2772 Πλὴν
686 2703 714 2756 ό
755 2700 848 2754 τὸν
900 2699 1065 2770 ἄρτον
1098 2697 1284 2753 τοῦτον
1336 2697 1522 2754 λαϐεῖν
1567 2697 1861 2769 εὐχόμενος
1901 2697 1994 2752 τὸν

2159 2695 2451 2760 Caeterum,
2471 2695 2562 2767 qui
2591 2712 2788 2767 panem
2811 2697 2960 2754 hunc
2980 2699 3360 2757 substantialis
3383 2702 3665 2758 alimonia:

431 2792 723 2858 ἐπιούσιον,
766 2791 828 2844 οὐ
873 2791 1090 2856 πάντως
1136 2791 1256 2844 ὅλον
1303 2789 1516 2860 δέχεται
1548 2787 1732 2853 καθὼς
1772 2789 1934 2852 αὐτὸς
1965 2789 1994 2841 ὁ

2092 2794 2246 2855 optat
2300 2801 2541 2852 sumere,
2575 2803 2686 2841 non
2737 2803 2964 2858 prorsus
3013 2799 3189 2845 totum
3232 2792 3452 2863 accipit,
3519 2795 3668 2851 sicut

433 2886 590 2954 ἄρτος
639 2883 786 2938 ἐστίν
807 2898 821 2912 ·
880 2882 1014 2935 ἀλλὰ
1043 2880 1228 2945 καθὼς,
1270 2880 1430 2942 αὐτὸς
1463 2883 1492 2934 ὁ
1520 2880 1808 2951 δεχόμενος
1833 2880 1994 2934 δύνα-

2092 2877 2208 2947 ipse
2233 2877 2389 2946 panis
2413 2885 2532 2943 est;
2565 2877 2660 2932 sed
2689 2887 2892 2947 quanta
2925 2883 3045 2951 ejus
3067 2881 3161 2950 qui
3191 2883 3392 2953 accipit
3433 2883 3667 2941 facultas

433 2987 537 3026 ται.
565 2973 704 3025 [ἰᾶσι
734 2972 835 3042 μὲν
863 2970 972 3042 γὰρ
994 2971 1188 3023 ἑαυτὸν
1221 2969 1400 3024 δίδωσι
1425 2972 1539 3033 τοῖς
1573 2969 1815 3024 αἰτοῦσιν
1841 2973 1869 3024 ό
1891 2971 1991 3041 τῆς

2090 2977 2195 3023 est.
2225 2968 2450 3024 Cunctis
2481 2969 2629 3024 enim
2657 2971 2975 3039 petentibus
3027 2987 3084 3026 se
3138 2973 3345 3042 praebet
3401 2983 3663 3046 tanquam

431 3063 576 3135 ζωῆς
607 3063 770 3134 ἄρτος
791 3105 806 3129 ,
849 3063 925 3126 ὼς
966 3062 1378 3134 φιλάνθρωπος,
1410 3063 1470 3114 ού
1513 3061 1652 3116 κατὰ
1685 3063 1747 3115 τὸ
1775 3063 1906 3116 αὐτὸ
1935 3064 1992 3118 δὲ

2093 3059 2431 3116 humanitate
2454 3061 2918 3130 propensissimus
2941 3063 3100 3132 panis
3133 3066 3276 3132 vitat,
3316 3082 3425 3122 non
3478 3079 3663 3124 autem

430 3157 597 3210 πᾶσιν
623 3172 635 3183 ⁸
689 3153 826 3208 ἀλλὰ
873 3155 988 3216 τοῖς
1041 3153 1139 3223 μὲν
1194 3152 1404 3223 μεγάλα
1455 3152 1591 3222 ἔργα
1645 3153 1992 3225 πεποιηκόσι,
2022 3162 2064 3219 C

2024 3162 2064 3219 ο
2097 3151 2327 3221 perinde
2358 3152 2618 3207 omnibus
2646 3169 2661 3220 ;
2690 3154 2784 3208 sed
2815 3154 2903 3220 iis,
2939 3156 3032 3224 qui
3054 3158 3260 3227 majora
3284 3159 3664 3227 praestiterint,

431 3244 689 3306 πλειόνως
714 3258 726 3274 ⁸
782 3243 895 3305 τοῖς
937 3241 995 3294 δὲ
1037 3241 1242 3294 τούτων
1280 3241 1502 3311 ἥττοσι,
1538 3241 1776 3311 ήττόνως
1805 3258 1818 3272 ·
1865 3243 1992 3297 ἐκά-

2091 3243 2420 3300 iiberalius:
2457 3244 2544 3300 his
2573 3261 2706 3301 vero
2721 3245 2814 3316 qui
2845 3249 3081 3313 minora,
3128 3251 3387 3319 parcius;
3437 3253 3661 3308 unicui-

431 3351 542 3405 στῳ
577 3333 674 3404 μὲν
717 3328 810 3388 οῦν
838 3331 1018 3396 καθὼς
1048 3333 1081 3404 ὴ
1121 3332 1266 3386 κατὰ
1300 3331 1424 3387 νοῦν
1453 3332 1580 3399 ἀξία
1622 3331 1875 3400 δέξασθαι
1905 3332 1993 3386 δύο

2092 3351 2199 3407 que
2221 3344 2421 3402 tamen,
2449 3345 2717 3407 quantum
2739 3353 2838 3409 pro
2871 3339 3041 3394 animi
3095 3339 3362 3412 dignitate
3409 3343 3665 3414 accipere

431 3443 607 3480 ναται.
825 3428 846 3501 θ’

825 3428 846 3501 ,’
2093 3426 2312 3483 sumen.

501 3517 642 3586 Πρὸς
669 3514 873 3584 ταύτην
901 3513 958 3567 δέ
993 3531 1066 3584 με
1091 3513 1184 3567 τοῦ
1231 3513 1500 3585 παρόντος
1550 3514 1714 3586 ρητοῦ
1766 3513 1866 3586 τὴν
1909 3513 1994 3568 ἒν-

2165 3519 2369 3575 Textus
2405 3520 2570 3592 hujus
2627 3521 2953 3576 sententiam
3004 3530 3066 3577 ut
3121 3521 3205 3578 sic
3241 3523 3550 3594 acciperem
3602 3540 3668 3581 ac

431 3626 577 3663 νοιαν
603 3609 806 3680 ῆγαγεν
834 3608 864 3659 ὁ
904 3606 1111 3678 Σωτὴρ,
1143 3607 1504 3677 προστάσσων
1546 3606 1848 3678 διαρρήδην
1882 3608 1994 3670 τοῖς

2093 3609 2716 3680 exponerem,Salvator
2741 3613 2981 3682 impulit,
3011 3612 3106 3681 qui
3163 3612 3368 3669 diserte
3427 3613 3671 3684 discipu‘

440 3701 712 3770 μαθηταῖς
755 3698 960 3770 τροφῆς
1008 3697 1272 3769 αἰσθητῆς
1305 3697 1583 3768 παντελῶς
1621 3699 1695 3768 μὴ
1725 3698 1994 3751 ποιεῖσθαι

2093 3693 2389 3772 lisjubeat,
2415 3718 2484 3756 ne
2514 3702 2678 3756 ullam
2726 3719 2952 3773 prorsus
2982 3706 3248 3761 rationem
3273 3706 3510 3762 habeant
3550 3707 3672 3779 ejus

431 3793 605 3860 λόγον,
651 3789 840 3852 εἰπὼν,
886 3787 978 3856 Μὴ
1019 3785 1339 3858 μεριμνᾶτε
1385 3784 1462 3854 τῇ
1511 3785 1685 3856 ψυχῇ
1721 3786 1890 3855 ὑμῶν
1938 3787 1996 3841 τι

2095 3797 2227 3862 cibi,
2253 3797 2347 3867 qui
2370 3812 2534 3852 sensu
2560 3799 2884 3868 percipitur,
2908 3799 3098 3854 dicens
3117 3847 3133 3862 .
3177 3801 3254 3855 Ne
3287 3801 3498 3856 solliciti
3554 3802 3668 3855 sitis

433 3885 678 3953 φάγητε,
715 3880 756 3951 ἣ
798 3880 856 3934 τι
887 3881 1061 3947 πίητε
1083 3895 1097 3908 ·
1140 3879 1293 3948 μήτε
1329 3877 1408 3944 τῷ
1445 3876 1671 3947 σώματι
1721 3878 1892 3947 ὑμῶν
1938 3878 1998 3933 τί

2097 3887 2287 3940 anima:
2313 3894 2497 3940 vestra:
2526 3889 2653 3958 quid
2673 3889 3019 3954 manducetis,
3054 3899 3148 3944 aut
3181 3893 3304 3960 quid
3335 3892 3557 3956 bibatis;
3579 3908 3671 3944 nec

435 3972 838 4040 περιϐάλησθε
863 3985 878 4000 ⁸
927 3968 1115 4024 ταῦτα
1159 3971 1272 4037 τὰρ
1324 3969 1521 4023 πάντα
1572 3969 1644 4022 τὰ
1695 3970 1840 4038 ἔθνη
1888 3971 1997 4026 τοῦ

2096 3994 2195 4048 que
2224 3979 2432 4048 corpori
2461 3988 2627 4033 vestro
2648 3981 2774 4050 quid
2802 3983 3116 4036 induamini.
3151 3983 3274 4038 Hinc
3302 3985 3441 4036 enim
3489 3985 3666 4037 omnia

435 4066 666 4134 κόσμου
712 4060 1097 4129 ἐπιζητοῦσιν
1120 4076 1136 4092 ’
1178 4058 1337 4114 ἀλλὰ
1367 4057 1584 4126 ζητεῖτε
1615 4057 1852 4137 πρῶτον
1881 4057 1998 4127 τὴν

2096 4065 2281 4118 mundi
2309 4063 2483 4135 gentes
2528 4066 2826 4136 inquirunt.
2859 4065 2963 4122 Sed
3033 4071 3249 4139 quaerite
3304 4069 3535 4139 primum
3589 4086 3673 4122 re-

433 4155 756 4226 ῥασιλείαν
778 4153 885 4207 τοῦ
915 4151 1082 4217 Θεοῦ,
1107 4151 1202 4203 καὶ
1230 4149 1346 4218 τὴν
1365 4149 1760 4219 δικαιοσύνην
1786 4150 1998 4217 αὑτοῦ,

2096 4171 2259 4226 gnum
2283 4155 2378 4209 Dei
2408 4163 2456 4208 et
2473 4156 2740 4226 justitiam
2773 4157 2906 4228 ejus,
2933 4165 2982 4211 et
3009 4159 3118 4212 luet:
3145 4173 3321 4211 omnia
3345 4158 3673 4228 adjicientur

433 4249 531 4302 καὶ
569 4247 754 4301 ταῦτα
807 4243 1004 4298 πάντα
1040 4242 1514 4311 προστεθήσεται
1554 4242 1714 4312 ὑμῖν.
1747 4241 1873 4305 Πῶς
1904 4237 1997 4296 οῦν

2095 4247 2238 4302 vobis
2272 4247 2338 4300 ³³.
2369 4247 2656 4314 Quomodo
2675 4249 2841 4320 igitur
2875 4250 2931 4303 in
2961 4249 3207 4303 oratione
3230 4247 3462 4318 petenda
3487 4248 3673 4314 docet,

433 4341 672 4394 διδάσκει
712 4337 1108 4409 προσεύχεσθαι
1135 4377 1150 4400 ,
1187 4337 1319 4407 περί
1354 4329 1431 4390 ὧν
1475 4335 1549 4407 μὴ
1584 4336 1764 4406 ζητεῖν
1798 4334 1997 4408 προλα-

2097 4355 2220 4410 qua
2249 4355 2358 4394 non
2386 4341 2679 4411 quaerenda
2704 4342 2857 4414 prius
2886 4340 3275 4395 mandaverat?
3304 4339 3503 4410 Liquet
3523 4341 3673 4395 enim

435 4431 543 4485 66w
571 4432 915 4497 ὲνετείλατο;,
940 4430 1097 4500 δῆλον
1125 4429 1232 4500 γὰρ
1260 4430 1341 4483 ὅτι
1367 4429 1456 4483 διὰ
1496 4429 1804 4500 προσευχῆς
1828 4431 1998 4482 αἰτεῖν

2098 4429 2285 4486 verbis
2313 4430 2577 4485 orationis
2601 4446 2711 4486 non
2737 4431 3065 4502 prmeepisse
3096 4430 3352 4500 petenda,
3405 4445 3528 4499 qua)
3574 4442 3679 4500 per

433 4525 495 4578 οὐ
550 4523 948 4594 προσέταττεν,
986 4524 1128 4593 ἆπερ
1173 4521 1249 4574 δι’
1285 4519 1504 4591 ἐντολῆς
1535 4519 1719 4592 ζητεῖν
1755 4521 1816 4574 οὐ
1853 4538 1997 4592 παρ-
2030 4525 2073 4580 D

2037 4525 2073 4580 D
2103 4518 2417 4574 mandatum
2440 4521 2732 4589 quaerenda
2756 4537 2866 4576 non
2904 4518 3210 4575 admonuit.
3262 4519 3322 4573 ld
3374 4519 3524 4572 enim
3583 4534 3677 4574 εοε-

356 4603 358 4606 ’
433 4613 614 4686 ῄνεσε.
650 4615 750 4668 Διά
797 4615 1108 4687 προσευχῆς
1137 4613 1246 4683 γὰρ
1279 4600 1442 4682 μόνον
1470 4612 1618 4665 ἐστὶν
1651 4611 1890 4683 αἰτητὺν,
1937 4612 1996 4665 τὸ

2094 4608 2375 4666 lummodo
2399 4627 2498 4681 per
2547 4612 2856 4667 orationem
2906 4622 3155 4682 petamus
3210 4624 3390 4679 operae
3433 4609 3675 4678 pretium

435 4708 558 4760 κατ’
584 4706 805 4777 ἐντολὴν
839 4703 1090 4776 ζητητόν.
1132 4706 1310 4774 Ὅπερ
1335 4701 1428 4758 οὖν
1465 4701 1648 4774 ζητεῖν
1674 4703 1742 4754 δι’
1780 4702 1999 4772 ἐντολῆς

2093 4712 2200 4767 est,
2231 4704 2389 4773 cujus
2449 4703 2730 4774 Quaerendi
2784 4703 2992 4758 indicta
3053 4703 3311 4757 mandato
3377 4716 3508 4757 cura
3564 4711 3675 4756 est.

434 4798 533 4850 οὐκ
588 4797 1023 4866 ἔπετράπημεν,
1081 4795 1168 4849 διὰ
1227 4797 1535 4864 προσευχῆς
1576 4796 1780 4860 αἰτεῖν,
1837 4793 1998 4864 τυχὸν

2097 4794 2252 4861 Quod
2281 4795 2448 4864 igitur
2482 4804 2871 4864 utquaeramus
2930 4797 3187 4849 mandato
3243 4795 3496 4849 hortatus
3555 4804 3671 4848 non

436 4885 655 4958 θεμιτὸν
704 4887 764 4939 οὐ
815 4885 1174 4956 καθέστηκεν.
1235 4883 1303 4937 Εἰ·
1347 4884 1404 4937 δὲ
1457 4885 1626 4955 μόνην
1665 4886 1849 4956 ζητεῖν
1900 4884 1998 4955 τὴν

2095 4896 2202 4952 est,
2232 4886 2286 4940 id
2315 4885 2454 4942 forte
2485 4885 2670 4942 verbis
2694 4885 2962 4941 orationis
3013 4896 3072 4940 ut
3120 4896 3372 4955 petamus
3425 4886 3506 4939 fas
3556 4897 3673 4937 non

437 4976 714 5045 βασιλείαν
743 4979 836 5031 τοῦ
863 4976 996 5030 Θεοῦ
1025 5019 1039 5043 ,
1084 4977 1180 5029 καὶ
1213 4976 1312 5048 τὴν
1359 4977 1708 5046 δικαιοσύνην
1749 4978 1776 5028 ὁ
1805 4975 1994 5047 Σωτὴρ

2100 4983 2212 5031 est.
2235 4976 2329 5031 Sin
2352 4983 2534 5031 autem
2568 4976 2742 5030 solum
2771 4988 3002 5045 regnum
3029 4977 3125 5029 Dci
3178 4985 3235 5029 et
3261 4974 3528 5044 justitiam
3554 4973 3681 5043 ejus

436 5067 738 5120 ἐνετείλατο
761 5083 776 5098 ο
817 5066 1018 5138 ταύτην
1047 5066 1273 5129 εἰκότως
1320 5065 1415 5120 καὶ
1460 5065 1547 5119 διὰ
1578 5065 1885 5136 προσευχῆς
1910 5067 1995 5117 αἰ-

2100 5067 2392 5136 quaarenda
2418 5066 2874 5137 Salvator'jussit,
2910 5065 2978 5120 ad
3034 5065 3156 5120 haec
3197 5064 3396 5119 merito
3445 5078 3673 5133 quoque

435 5160 564 5224 τεῖν,
601 5158 728 5221 τοὺς
765 5156 873 5211 τῶν
914 5157 1073 5212 θείων
1112 5156 1435 5228 ἐφιεμένους
1467 5155 1655 5227 δώρων
1684 5155 1948 5225 ἐνήγαγεν
1973 5168 1988 5185 ⁸

2097 5169 2198 5224 per
2228 5157 2536 5211 orationem
2567 5156 2823 5223 petenda,
2855 5171 2969 5220 cos,
3007 5155 3101 5225 qui
3145 5153 3458 5208 divinorum
3495 5153 3678 5212 dono-1

505 5287 552 5320 ³⁸
576 5288 733 5344 ιοειι.
765 5303 839 5351 vt,
863 5287 952 5342 55.
1028 5287 1073 5320 ³⁵
1101 5285 1293 5342 Matth.
1322 5300 1398 5352 vr,
1426 5285 1523 5341 25.
1542 5284 1633 5342 26.

510 5404 588 5472 (η)
622 5403 731 5470 Γῆς
759 5391 1140 5468 θνητότητος.
1164 5400 1344 5472 Vitam
1377 5398 1685 5462 mortalem,
1706 5413 1869 5472 quam
1896 5397 1996 5453 ho-
2091 5399 2150 5472 Vt

2091 5399 2226 5472 ven.
2273 5393 2388 5461 Ρη,
2422 5410 2488 5450 ex
2514 5405 3088 5472 catenamutuamur:
3119 5411 3221 5451 nec
3255 5398 3398 5472 [orte
3421 5399 3529 5472 sint
3558 5391 3681 5472 hiat-

433 5466 544 5539 die,
572 5466 627 5527 id
663 5466 766 5536 est,
785 5466 886 5541 per
905 5466 1012 5525 hoe
1043 5471 1302 5525 saeculum
1334 5466 1778 5541 agim-usrpecca’ti
1806 5477 1958 5541 reatu
1979 5508 1995 5532 ,
2092 5467 2232 5541 nimi
2256 5475 2459 5541 textus,
2513 5468 2612 5520 sed
2646 5466 2745 5541 vel
2784 5467 3011 5541 alterius
3059 5466 3328 5541 auctoris,
3359 5469 3445 5541 vel
3501 5468 3682 5541 ipsius

435 5537 540 5598 r’te
576 5537 1119 5611 accepit—Maximus:
1153 5548 1208 5594 at
1231 5555 1317 5611 nae
1367 5537 1501 5594 scite
1525 5538 1690 5611 Gord.
1738 5538 2000 5611 θεότητος
2096 5537 2311 5611 Maximi
2350 5537 2608 5611 usitatum
2670 5537 2940 5611 scholium
2972 5578 2995 5611 ,_
3033 5552 3144 5611 quo
3197 5537 3461 5611 spiritalis
3509 5537 3676 5611 hujus

435 5606 1098 5688 reposuitfredditlitque
1121 5649 1136 5673 ,
1201 5609 1511 5688 p’rtrsentent
1566 5608 1774 5688 deitatis
1816 5606 1999 5688 vitam.
2097 5606 2259 5688 panis
2302 5606 2623 5688 qualitatem
2653 5607 2933 5688 exponit,
2983 5606 3040 5661 id
3075 5618 3180 5688 est,
3213 5606 3440 5669 Christi,
3468 5607 3563 5688 qui
3586 5606 3674 5688 se

435 5673 736 5751 sequentia
783 5681 850 5751 ab
901 5673 1173 5751 illa-voce,
1201 5673 1341 5748 πλὴν
1369 5683 1398 5732 ὁ
1440 5679 1538 5751 τὸν.
1585 5679 1748 5751 ᾅρτον
1791 5677 2000 5751 τοῦτον,

2099 5673 2216 5751 ipse
2254 5673 2599 5751 sumentihus
2652 5673 2933 5751 indulgeat
2972 5693 3071 5744 pro
3116 5677 3337 5733 illorum
3384 5673 3584 5732 merito
3613 5681 3675 5729 et

438 5745 614 5822 asciae
658 5751 724 5806 ad
751 5750 997 5815 δέξασθαι
1057 5745 1306 5813 δύναται,
1341 5764 1465 5819 qua:
1509 5745 1823 5803 desiderant
1869 5748 2002 5817 Reg.

1402 5764 1465 5802 ne
1509 5745 1823 5803 desiderant
1869 5748 2002 5817 Reg.
2103 5745 2232 5813 (ide,
2263 5761 2357 5801 seu
2383 5745 2628 5816 subjecta
2659 5745 3042 5817 dispoSitione.
