4126 6316
559 334 665 396 839

1724 342 1785 399 S.
1827 343 2111 401 ΜΑΧΙΜΙ
2151 342 2654 405 CONFESSORIS

3722 352 3848 417 900

552 457 671 495 rum
699 441 975 499 desiderio
1030 453 1341 510 tencantur,
1402 447 1664 513 induxit;
1710 465 1820 518 quo
1867 450 2099 504 nimirun

2232 450 2318 505 ἵνα
2359 452 2468 505 τῶν
2510 454 2665 522 φύσει
2716 453 2967 525 ζητητῶν
3003 456 3089 509 διὰ
3151 458 3461 527 προσευχῆς
3508 459 3608 530 τὴν
3653 461 3838 531 χάριν

548 547 740 586 eorum
757 549 879 603 quae
909 536 1175 589 orationis
1210 536 1473 591 instantia
1503 547 1701 593 natura
1734 541 1969 608 petenda
1991 551 2121 595 sunt

547 624 778 692 gratiam
804 626 1077 688 sanciens,
1102 627 1409 694 petentium
1450 629 1718 694 animum,
1763 631 1935 700 ipsius
1982 648 2121 701 prte-

548 712 729 767 bentis
769 712 974 767 donum
1017 714 1287 769 voluntati
1349 718 1591 787 copulet,
1640 719 1873 776 all‘ectus
1912 723 2119 778 unione

546 816 715 854 unum
743 816 869 854 cum
896 802 1016 871 ipso
1045 803 1325 859 eﬂ‘ectum.

623 892 719 946 Sin
743 902 927 947 autem
956 896 1123 951 etiam
1154 912 1352 965 panem
1385 900 1794 969 quotidianum,
1833 918 1945 972 quo
1981 922 2123 975 prae-

542 998 670 1037 sens
698 982 810 1037 vita
853 993 1042 1039 nostra
1099 995 1442 1044 sustentatur
1487 1006 1549 1045 ac
1589 1003 1974 1057 conservatur,
2022 1009 2119 1063 per

540 1074 844 1127 orationem
867 1083 1056 1143 petere
1084 1077 1367 1146 jubemur,
1403 1097 1473 1134 ne
1525 1083 1794 1137 orationis
1853 1084 2120 1139 terminos

537 1162 700 1232 360
731 1165 1125 1244 transiliamus,
1150 1170 1353 1223 multas
1382 1171 1543 1226 nobis
1602 1188 1874 1243 annorum
1930 1176 2116 1244 perio-

538 1253 638 1307 dos
663 1242 828 1308 avaro
856 1255 1041 1310 animo
1071 1270 1465 1329 proponentes,
1523 1279 1586 1317 ac
1641 1264 1799 1318 obliti
1849 1279 1952 1319 nos
1995 1280 2116 1319 esse

538 1346 822 1411 mortales,
855 1347 1083 1417 ejusque
1110 1351 1331 1419 generis
1357 1352 1469 1405 vita
1507 1354 1790 1423 praeditos,
1822 1371 1944 1423 qua:
1994 1370 2118 1408 um-

535 1432 647 1487 bra:
674 1426 847 1489 instar
875 1446 1145 1503 transeat;
1175 1439 1268 1492 sed
1297 1455 1491 1508 panem
1537 1443 1631 1511 qui
1660 1443 1715 1495 in
1768 1443 1913 1497 dicm
1965 1441 2116 1496 suili-

535 1523 645 1578 ciat
677 1526 831 1597 nulla
853 1529 1225 1584 sollicitudine
1252 1531 1461 1591 orando
1486 1531 1795 1604 "agitemus
1820 1552 1834 1599 ;
1871 1536 2114 1603 talesque

533 1631 635 1670 nos
672 1633 740 1673 ex
793 1617 1121 1675 Christiana:
1165 1617 1533 1691 pliilOSOphize
1592 1640 1786 1678 norma
1842 1625 2111 1678 exhibea-

535 1726 678 1773 mus,
727 1712 820 1777 qui
868 1713 1037 1767 vitam
1081 1716 1276 1769 mortis
1335 1716 1750 1771 meditationem
1817 1718 2108 1785 faciamus,

531 1802 714 1856 animo
741 1804 1049 1873 mentisque
1104 1806 1375 1862 sententia
1435 1819 1773 1877 occupantes
1817 1819 2109 1877 naturam;
2138 1783 2187 1842 Β

529 1908 595 1947 ac
624 1893 942 1963 priusquam
976 1911 1124 1949 mors
1156 1897 1431 1961 adveniat,
1471 1914 1501 1951 a
1529 1899 1678 1952 curis
1726 1901 2111 1968 corporalibus

529 1984 773 2038 animum
802 1985 1204 2051 abscindentes,
1229 2003 1297 2041 nc
1327 1988 1415 2041 ille
1447 1989 1614 2043 rebus
1662 2004 1781 2058 quze
1833 1991 2112 2045 intereunt

529 2073 875 2140 inhaerescat,
913 2076 1180 2131 naturalis
1210 2092 1370 2131 usum
1402 2078 1722 2146 cupiditatis
1761 2087 2108 2135 terrenorum

528 2164 806 2219 desiderio
882 2175 1261 2232 commutans;
1323 2167 1719 2236 avaritiamque
1785 2167 2105 2232 condiscat,

527 2271 636 2325 qua
685 2255 997 2310 divinorum
1025 2257 1184 2312 nobis
1208 2258 1477 2312 bonorum
1513 2258 1788 2313 ailluentia
1829 2260 2102 2314 dematur.

599 2359 895 2429 Fugiamus
950 2375 1102 2429 ergo,
1162 2372 1366 2430 quanta
1411 2362 1571 2417 nobis
1625 2361 1873 2426 facultas,
1922 2378 2105 2418 rerum

529 2458 875 2505 terrenarum
903 2466 1168 2515 amorem,
1196 2468 1495 2521 earumque
1533 2455 1919 2522 procliviorem
1973 2453 2105 2509 atl'c-

524 2550 674 2594 ctum
700 2540 873 2594 instar
907 2541 1153 2610 pulveris
1177 2541 1245 2595 ab
1266 2542 1435 2596 animi
1476 2546 1652 2598 oculis
1678 2544 2058 2614 abstergamus
2084 2561 2098 2610 ;

522 2639 689 2699 atque
712 2630 780 2685 iis
800 2630 930 2685 solis
954 2632 1199 2688 contenti
1226 2632 1419 2698 simus,
1452 2651 1571 2703 quae
1611 2645 1938 2704 praesentem
1968 2651 2097 2691 sus-

528 2729 744 2775 tentant
793 2722 982 2784 vitam,
1015 2737 1124 2778 non
1147 2723 1352 2791 quibus
1408 2724 1497 2778 illa
1530 2726 1598 2779 ad
1634 2727 1905 2781 luxuriam
1953 2727 2101 2781 dele-

520 2821 736 2878 ctatur;
759 2828 858 2883 pro
876 2813 1168 2883 ejusmodi,
1196 2815 1272 2868 ita
1292 2824 1349 2869 ut
1375 2815 1520 2870 docti
1548 2833 1757 2882 sumus,
1777 2819 1947 2873 Deum
1978 2835 2100 2875 ore-

520 2919 665 2965 mus,
697 2918 805 2970 quo
838 2902 1072 2955 liberum
1100 2905 1295 2972 suique
1317 2905 1542 2960 omnino
1573 2908 1733 2976 juris,
1768 2909 1901 2962 nulli
1940 2925 2098 2979 pror-

520 3010 614 3048 sus
644 2996 721 3048 rei
762 2995 1085 3063 aspectabili
1118 2998 1366 3065 corporis
1393 2998 1698 3053 sollicitiori
1726 3016 1856 3054 cura
1901 3001 2093 3055 devin—

519 3095 667 3138 ctum
696 3101 760 3138 ac
787 3085 1179 3154 mancipatum,
1206 3088 1450 3141 animum
1500 3103 1722 3144 servare
1765 3091 2040 3160 possimus
2075 3112 2089 3147 :
2116 3117 2160 3173 ρ

518 3175 927 3244 prodamurque
956 3191 1023 3229 eo
1054 3176 1221 3231 edere
1249 3185 1307 3230 ut
1336 3176 1603 3241 vivamus,
1632 3196 1742 3234 non
1768 3189 1829 3234 ut
1862 3181 2093 3236 edamus

517 3265 700 3318 vivere
731 3279 1023 3332 arguamur
1060 3281 1073 3316 :
1106 3264 1338 3319 alterum
1366 3281 1601 3336 namque
1623 3270 1744 3339 ejus
1776 3279 1986 3324 natura:
2010 3279 2095 3324 est

514 3364 680 3425 atque
707 3355 809 3417 vis,
831 3369 952 3423 quae
985 3356 1196 3411 ratione
1218 3358 1460 3428 regitur;
1485 3360 1720 3413 alterum
1742 3361 1861 3431 ejus
1882 3362 2094 3431 perspi-

515 3465 618 3503 cue
644 3447 928 3517 proprium
950 3457 1055 3514 est,
1075 3465 1195 3517 quae
1217 3450 1427 3502 nullum
1448 3449 1676 3503 rationis
1703 3457 1961 3519 agnoscat
1992 3450 2094 3504 im—

514 3540 748 3611 perium.
765 3540 1055 3610 Simusquo
1071 3541 1337 3594 orationis
1354 3541 1643 3611 diligentes
1662 3542 1937 3606 custodes,
1959 3542 2093 3613 ipsis

514 3633 810 3701 prodentes
826 3632 1106 3703 operibus,
1126 3648 1288 3687 unam
1316 3650 1416 3687 nos
1435 3650 1498 3688 ac
1521 3635 1689 3688 solam
1720 3636 2092 3690 tenaciusam-

515 3723 677 3793 plecti
700 3724 888 3789 vitam,
940 3739 1060 3793 qua:
1104 3723 1158 3777 in
1206 3725 1402 3794 spiritu
1431 3726 1647 3794 agitur;
1694 3727 1905 3795 hacque
1949 3728 2089 3782 adeo

513 3815 646 3886 (vita
686 3815 916 3886 scilicet)
947 3817 1159 3885 aevique
1188 3817 1371 3887 hujus,
1402 3818 1506 3881 uti,
1536 3827 1597 3873 ut
1633 3818 1781 3872 illam
1805 3835 2089 3889 compare-

511 3920 668 3971 mus;
692 3908 851 3977 cujus
874 3907 1067 3976 gratia,
1098 3907 1247 3960 illius
1282 3908 1552 3962 hactenus
1584 3909 1906 3964 adamamus
1957 3927 2089 3965 usu—

511 4012 647 4061 ram,
680 4006 739 4050 ut
763 3998 880 4051 solo
905 4012 1024 4051 eam
1049 4013 1189 4066 pane
1221 4010 1531 4054 sustentare
1580 4015 1691 4053 non
1743 4016 2081 4067 recusemus,

507 4091 563 4136 ct
594 4092 652 4136 ut
679 4084 851 4153 ipsius
888 4085 1112 4140 illaesam
1157 4087 1553 4151 valetudinem,
1605 4098 1871 4158 quantum
1920 4091 2086 4145 licue-

508 4174 580 4227 rit
601 4190 913 4243 servemus;
934 4194 1043 4230 non
1082 4186 1140 4230 ut
1162 4170 1550 4243 vivamus,sed
1583 4190 1641 4233 ut
1665 4181 1777 4235 Deo
1798 4182 2079 4249 vivamus;

505 4283 706 4336 corpus
726 4269 1013 4334 nimirum,
1050 4270 1272 4325 virtutis
1313 4271 1487 4340 probe
1514 4271 1821 4326 rationibus
1859 4273 2079 4328 institu-

507 4371 643 4424 tum,
677 4362 871 4416 anima:
899 4363 1155 4417 nuntium
1208 4363 1537 4431 cllicientes;
1575 4366 1922 4435 animamque
1981 4367 2083 4420 ho—

505 4452 644 4505 nesti
680 4453 987 4507 constantia
1016 4454 1302 4520 imbutam,
1332 4457 1427 4510 Dei
1462 4472 1767 4525 prmconem
1814 4467 2076 4527 praestan~
2108 4442 2151 4496 ί)

507 4547 629 4592 tes:
658 4548 821 4608 atque
855 4541 1002 4595 hunc
1037 4542 1201 4595 unico
1231 4543 1320 4596 die
1349 4560 1551 4612 panem
1603 4553 1801 4598 natura
1857 4548 2081 4601 conclu-

504 4628 734 4693 dentes;
764 4630 906 4698 ejus,
946 4631 1040 4699 qui
1070 4633 1377 4686 orationem
1430 4635 1656 4688 tradidit
1708 4636 1918 4704 pudore
1978 4637 2077 4692 de-

505 4716 703 4780 territi,
730 4733 797 4770 ne
835 4717 890 4770 in
915 4718 1148 4773 alterum
1180 4720 1324 4773 diem
1372 4723 1828 4791 supplicationem
1887 4733 2079 4780 exten-

501 4807 713 4862 damus.
745 4807 834 4862 Sic
859 4808 1004 4862 enim
1025 4809 1228 4878 rcipsa,
1267 4828 1367 4879 pro
1394 4828 1460 4865 eo
1481 4829 1545 4867 ac
1585 4815 1855 4868 orationis
1899 4816 2076 4872 virtus

500 4899 669 4968 exigit
714 4917 813 4953 nos
869 4900 1017 4968 ipsos
1080 4900 1457 4970 disponendo,
1520 4905 1587 4957 ad
1615 4905 1853 4974 reliquas
1908 4907 2074 4961 etiam

501 4991 645 5043 t'iut‘c
688 4992 993 5046 sententias
1070 4993 1258 5047 licebit
1295 4996 1617 5063 pl‘OCC-UCI‘C,
1679 5005 1739 5050 ut
1771 4996 2019 5053 dicamus
2055 5017 2069 5054 :

568 5081 722 5151 361
762 5083 829 5136 Et
865 5084 1066 5137 dimitte
1100 5085 1241 5138 nobis
1278 5086 1447 5140 debita
1486 5096 1664 5141 nostra
1686 5130 1699 5154 ,
1731 5089 1861 5142 sicut
1894 5098 1942 5142 et
1977 5106 2071 5145 nos

499 5174 802 5228 dimittimus
836 5176 1147 5229 debitoribus
1178 5180 1389 5231 nostris.

566 5264 666 5330 Qui
709 5266 860 5335 juxta
904 5268 1142 5337 priorem
1188 5270 1485 5339 superioris
1525 5273 1811 5327 sentcntiae
1844 5288 2063 5327 sensum

568 5437 638 5507 (ο)
669 5443 773 5493 Καὶ
804 5444 914 5518 ’τζν
957 5444 1272 5513 ἐφήμερον.
1336 5448 1519 5502 Altera
1553 5448 1843 5518 expositio,
1881 5458 1941 5503 ut
1992 5451 2063 5504 sit

499 5508 661 5584 etiam
709 5512 901 5589 petitio
949 5508 1263 5589 [iiini's,'q_ttt)
1313 5508 1653 5573 sustentatur
1699 5508 2062 5589 corporaliter

494 5576 601 5657 τίω
640 5582 914 5657 mortalis;
946 5576 1038 5635 Sed
1066 5576 1454 5657 ita_duntaxat,
1487 5599 1546 5642 ut
1574 5588 1641 5642 sit
1682 5576 2011 5657 quotidianus
2044 5606 2061 5655 ;

497 5644 547 5694 id
573 5654 690 5728 _est,
721 5644 1238 5728 tl'l.llO§l10n_lr9hai
1256 5654 1309 5708 in
1332 5644 1501 5728 longa
1516 5644 1759 5726 tempora
1772 5661 1892 5728 ejus
1904 5644 2056 5721 cura,

492 5712 585 5766 sed
613 5716 857 5781 quotidie
884 5718 976 5772 il'o
999 5721 1161 5775 obvio
1195 5712 1656 5792 contentisimus‘,
1699 5712 2063 5795 qui'morteni

2222 541 2575 613 ὲπικυρώσας
2600 584 2613 606 ,
2650 546 2748 613 τὴν
2782 544 2889 598 τῶν
2936 547 3229 600 αἰτούντων
3275 547 3538 620 γνώμην,
3586 550 3669 621 τῷ
3723 552 3831 604 τοῦ

2227 635 2602 704 παρεχομένου
2625 635 2723 704 τὴν
2740 638 2898 709 χάριν
2923 639 3132 711 συνάψῃ
3156 639 3440 712 θελήματι,
3463 643 3530 695 δι’
3558 643 3830 707 ὲνὼσεως

2224 725 2485 795 σχετικῆς
2514 729 2683 780 ταυτὺ
2715 730 3048 800 ποιουμένην

2290 900 2354 952 Εἰ
2402 900 2460 953 δὲ
2512 902 2609 954 καὶ
2659 902 2748 954 τὸν
2802 903 3081 974 ἐφήμερον
3117 904 3191 974 (ο)
3250 907 3435 976 ἄρτον,
3478 905 3523 978 ᾧ
3558 929 3826 984 συγκρα-

2220 990 2433 1043 τεῖσθαι
2488 994 2728 1060 πέφυκεν
2774 994 2995 1065 ἡμῶνὴ
3040 998 3289 1064 παρούσα
3329 1002 3463 1071 ζωὴ,
3497 1003 3587 1056 διὰ
3636 1023 3821 1075 προσ-

2221 1080 2386 1149 ευχῆς
2413 1085 2583 1135 αἰτεῖν
2612 1085 2970 1154 κελευόμεθα,
2997 1087 3072 1157 μὴ
3096 1089 3455 1160 παρέλθωμεν
3481 1095 3608 1158 τοὺς
3638 1097 3815 1166 ὄρους

2219 1171 2320 1237 τῆς
2354 1175 2696 1243 προσευχῆς,
2753 1175 2952 1239 πολλὰς
2985 1177 3128 1230 ἐτῶν⁴
3171 1182 3449 1251 περιόδους
3486 1184 3813 1240 πλεονεκτι-

2220 1260 2333 1323 κῶς
2368 1263 2851 1332 περισκοποῦντες,
2879 1267 2968 1319 καὶ
2996 1260 3249 1339 λάθωμεν
3275 1271 3425 1335 ὄντες
3459 1274 3667 1347 θνητοὶ,
3708 1281 3815 1332 καὶ

2220 1354 2377 1415 σκιᾶς
2416 1354 2571 1422 δίκην
2617 1356 2719 1425 τὴν
2754 1358 2899 1427 ζωὴν
2933 1361 3341 1428 παροδεύουσαν
3367 1364 3582 1436 ἔχοντες
3612 1387 3624 1400 ο
3659 1370 3811 1422 ἀλλὰ

2216 1443 2307 1495 τὸν
2336 1444 2469 1510 πρὸς
2503 1446 2719 1516 ἡμέραν
2753 1449 3203 1523 ἀπεριμερίμνως
3232 1454 3319 1507 διὰ
3354 1458 3453 1527 τῆς
3486 1466 3812 1532 προσευχῆς

2216 1535 2529 1606 αἰτήσωμεν
2565 1538 2729 1609 ἄρτον
2749 1557 2762 1569 '
2787 1543 2880 1596 καὶ
2903 1543 3167 1614 δείξωμεν
3202 1546 3285 1599 ὅτι
3315 1548 3620 1619 φιλοσόφως
3653 1557 3808 1608 κατά

2216 1628 2452 1698 Χριστὸν
2489 1632 2720 1704 μελέτην
2753 1634 2985 1688 θανάτου
3034 1637 3123 1689 τὸν
3176 1637 3292 1708 βίον
3337 1642 3672 1711 ποιούμεθα,
3726 1650 3801 1718 τῇ

2215 1719 2411 1794 γνώμῃ
2439 1721 2733 1789 φθάνοντες
2762 1726 2860 1797 τὴν
2888 1727 3068 1797 φύσιν,
3105 1729 3201 1783 καὶ
3232 1733 3361 1801 πρὶν
3392 1732 3678 1806 ἐπιστῆναι
3703 1739 3803 1791 τὸν

2218 1808 2447 1864 θάνατον
2469 1854 2481 1878 ,
2527 1814 2627 1883 τῆς
2659 1816 2767 1869 τῶν
2813 1821 3143 1888 σωματικῶν
3187 1824 3456 1894 μερίμνης
3487 1826 3585 1897 τὴν
3615 1826 3801 1900 ςυχὴν

2215 1900 2657 1972 ἀποτέμνοντες’
2695 1907 2783 1960 ἵνα
2829 1908 2905 1981 μὴ
2955 1911 3281 1984 προσηλωθῇ
3329 1919 3441 1977 τοῖς
3495 1904 3799 1990 φθειρομέ-

2214 2012 2345 2057 νοις,
2374 1997 2656 2066 ἀμείψασα
2692 2000 2828 2068 πρδς
2859 2001 2954 2071 τὴν
2994 2001 3127 2073 ὕλην
3160 2004 3257 2076 τὴν
3294 2008 3490 2077 χρῆσιν
3519 2012 3618 2081 τῆς
3647 2014 3797 2068 κατά

2213 2085 2375 2153 φύσιν
2411 2090 2672 2156 ἐφέσεως,
2705 2091 2800 2144 καὶ
2851 2093 2996 2165 μάθῃ
3030 2095 3343 2165 πλεονεξίαν
3365 2100 3463 2171 τῆς
3490 2102 3597 2157 τῶν
3624 2104 3795 2160 θείων

2210 2176 2432 2245 ἀγαθῶν
2461 2183 2777 2251 περιουσίας
2824 2190 3171 2260 στερητικήν.

2244 2353 2545 2431 .Φύγωμεν
2570 2353 2682 2419 οὖν,
2721 2358 2820 2429 ὅση
2855 2359 3109 2431 δύναμις,
3132 2362 3232 2433 τὴν
3275 2365 3456 2433 φιλίαν
3493 2369 3591 2436 τῆς
3622 2369 3788 2442 ὕλης,

2210 2445 2305 2498 καὶ
2328 2445 2426 2517 τὴν
2456 2446 2627 2515 αὐτῆς
2654 2450 2838 2518 σχέσιν
2866 2450 3115 2525 καθάπερ
3140 2460 3416 2528 κονιορτὸν
3439 2460 3549 2512 τῶν
3575 2464 3787 2534 νοερῶν

2205 2536 2471 2606 ὀμμάτων
2523 2538 2954 2611 ἀπονιύλῦμεθα*
3025 2545 3121 2598 καὶ
3183 2548 3366 2616 μόνοις
3420 2551 3785 2625 ἀρκεσθῶμεν

2202 2630 2316 2692 τοῖς
2345 2631 2688 2719 συνιστῶσιν,
2735 2633 2868 2688 ἀλλά
2901 2636 2975 2705 μὴ
3004 2640 3119 2702 τοῖς
3165 2639 3446 2709 ἡδόνουσιν
3489 2643 3646 2715 ἡμῶν
3675 2646 3781 2719 τὴν

2204 2717 2481 2787 παροῦσαν
2513 2716 2689 2791 ζωήν·
2735 2724 2829 2775 καὶ
2866 2725 3006 2796 ὑπὲρ
3044 2728 3224 2782 αὐτῶν
3256 2731 3347 2784 τὸν
3371 2731 3525 2799 Θεὸν,
3560 2735 3636 2798 ὡς
3665 2716 3783 2790 ιδι.

2200 2808 2511 2878 δάχθημεν,
2565 2813 2889 2886 ἀξιώσωμεν
2913 2859 2927 2883 ,
2982 2820 3069 2873 ἵνα
3120 2821 3436 2896 δυνηθῶμεν
3469 2828 3775 2884 ἀδούλωτον

2201 2899 2431 2966 φυλάξαι
2465 2902 2560 2974 τὴν
2608 2905 2788 2977 ψυχὴν
2812 2948 2826 2971 ,
2877 2910 3068 2980 μηδενὶ
3101 2912 3210 2965 τῶν
3257 2919 3550 2988 ὁρωμένων
3583 2923 3671 2976 διὰ
3708 2924 3778 2978 τὺ

2200 2990 2358 3061 σῶμα
2400 2995 2676 3059 παντελῶς
2708 3003 3118 3074 κρατουμένην·
3171 3010 3267 3060 καὶ
3316 3010 3409 3063 τοῦ
3438 3012 3537 3083 ζῇν
3584 3015 3774 3071 ἕνεκεν

2198 3084 2497 3157 δειχθῶμεν
2536 3090 2842 3158 ἐσθίοντες,
2897 3096 3034 3150 ἀλλά
3079 3099 3151 3168 μὴ
3211 3101 3305 3154 τοῦ
3353 3105 3554 3160 ἐσθίειν
3608 3111 3773 3181 χάριν

2198 3175 2403 3272 ςξῖλγτες
2433 3180 2800 3254 ἐλεγχθῶμεν.
2840 3187 2913 3240 τδ
2951 3190 3049 3260 μὲν
3078 3191 3186 3263 γὰρ
3214 3192 3462 3267 λογικῆς,
3490 3199 3551 3251 τι
3584 3175 3641 3253 δέ
3670 3175 3772 3272 τῆς

2198 3267 2395 3335 ἀλόγου
2430 3272 2617 3338 σαφῶς
2652 3274 2780 3328 ἴδιον
2830 3279 3134 3353 καθέστηκε
3178 3285 3411 3350 φύσεως.
3457 3291 3566 3343 Καὶ
3596 3292 3769 3359 φύλα-

2197 3374 2290 3419 κες
2336 3352 2488 3428 ὦμεν
2528 3363 2627 3432 τῆς
2665 3370 2971 3439 προσευχῆς
3009 3352 3257 3441 ἀκριϐεῖς
3280 3417 3294 3440 ,
3333 3378 3400 3431 δι’
3430 3352 3618 3434 αὐτῶν.
3651 3385 3767 3438 δει-

2195 3450 2451 3519 κνύμενοι
2476 3454 2588 3511 τῶν
2615 3460 2978 3527 πραγμάτων,
3010 3464 3090 3516 ὅτι
3122 3469 3252 3535 μιᾶς
3279 3471 3373 3523 καὶ
3400 3474 3566 3542 μόνης
3595 3477 3764 3547 ἀπρλξ

2192 3540 2529 3613 ἀντεχόμεθα
2560 3546 2661 3617 τῆς
2708 3551 2764 3603 ὲν
2810 3553 3081 3623 πνεύματι
3128 3559 3314 3629 ζωῆς,
3367 3540 3459 3617 καὶ

2192 3631 2361 3703 αὐτὴν
2393 3636 2587 3705 κτῆσιν
2616 3640 2714 3708 τῆς
2756 3644 3035 3716 παρούσης
3068 3648 3271 3721 [marg].
3317 3652 3458 3723 ζωῆς
3479 3656 3758 3731 δηλονότι]

2191 3724 2289 3793 τὴν
2326 3728 2522 3797 χρῆσιν
2553 3731 2855 3802 ποιούμεθα
2883 3752 2893 3761 ·
2929 3737 2997 3789 δι’
3041 3739 3107 3809 ἣν
3135 3744 3388 3798 τοσοῦτον
3428 3747 3521 3815 τὴν
3547 3748 3754 3818 ταύτης

2192 3816 2491 3912 στέργομεν
2535 3823 2751 3891 χρῆσιν,
2797 3827 2920 3880 ὅσον
2958 3830 3107 3902 ἄρτῳ
3137 3835 3341 3907 ταύτην
3377 3840 3514 3908 μόνῳ
3557 3816 3755 3912 στηρί-

2190 3903 2330 4006 ζειν.
2361 3909 2437 3980 μὴ
2498 3916 2926 3985 παραιτεῖσθαι,
2980 3924 3075 3974 καὶ
3137 3925 3236 3997 τὴν
3284 3903 3454 3996 αὐτῆς
3489 3903 3761 4006 ⁷φυσικὴν

2187 3995 2397 4060 εὐεξίαν
2450 4001 2739 4067 φυλάττειν
2793 4007 2917 4060 ὅσον
2968 4011 3027 4064 τὸ
3076 4015 3161 4083 ἐφ’
3196 3995 3347 4087 ἡμῖν
3399 3995 3758 4095 ἀδιάφθορον·

2186 4089 2284 4183 οὐχ
2314 4091 2400 4183 ἵνα
2436 4092 2661 4183 ζῶμεν,
2705 4098 2821 4150 ἀλλ’
2848 4101 2935 4155 ἵνα
2973 4103 3091 4176 Θεῷ
3125 4107 3345 4179 ζῶμενο
3379 4089 3559 4183 ψυχῆς
3589 4089 3758 4182 ἀγγε-

2185 4177 2275 4232 λον
2300 4181 2361 4233 τὸ
2388 4182 2548 4253 σῶμα
2574 4187 2940 4255 καθιστῶντες
2963 4177 3345 4268 λελογισμένον
3367 4177 3489 4267 ταῖς
3512 4206 3756 4275 ἀρεταῖς,

2185 4270 2277 4321 καὶ
2305 4271 2506 4344 ταύτην
2528 4277 2663 4329 Θεοῦ
2693 4280 2914 4351 κήρυκα
2944 4285 3224 4353 ποιοῦντες
3251 4272 3327 4362 τῆ
3348 4295 3476 4363 περὶ
3504 4270 3566 4349 τδ
3593 4270 3758 4352 καλὸν

2185 4365 2472 4435 παγιότητι
2519 4372 2944 4443 πεποιωμένην·
2981 4378 3074 4430 καὶ
3119 4381 3307 4435 τοῦτον
3357 4387 3457 4456 μιᾷ
3507 4390 3756 4455 φυσικῶς

2181 4455 2365 4526 ἡμέρᾳ
2421 4460 2824 4530 περικλείοντες
2866 4465 2956 4519 τὸν
3000 4468 3164 4539 ἄρτον
3190 4488 3204 4501 ·
3256 4474 3394 4546 ὑπὲρ
3432 4455 3619 4533 αὐτοῦ
3675 4483 3752 4554 μὴ

2178 4547 2484 4617 τολμῶντες
2530 4552 2611 4614 εἰς
2648 4552 2906 4625 δευτέραν
2939 4559 3152 4628 ἡμέραν
3175 4562 3264 4616 διὰ
3296 4566 3385 4620 τὸν
3423 4568 3627 4639 δοτῆρα

2179 4643 2489 4713 προσευχῆς
2542 4643 2852 4699 ἐπεκτεῖναι
2901 4649 3002 4719 τὴν
3049 4651 3251 4722 δέησιν,
3315 4657 3472 4711 Οὕτω
3527 4662 3636 4733 γὰρ
3685 4662 3753 4717 ἂν

2182 4733 2580 4801 πραγματικῶς
2633 4736 2777 4790 κατὰ
2832 4739 2929 4809 τὴν
2989 4739 3215 4811 δύναμιν
3269 4747 3373 4816 τῆς
3439 4754 3754 4823 προσευχῆς

2178 4823 2402 4887 ἑαυτοὺς
2431 4826 2729 4893 διαθέντες,
2750 4829 3110 4902 δυνηθείημεν
3140 4837 3234 4889 καὶ
3262 4841 3377 4902 τοῖς
3406 4840 3756 4915 λειπομένοις

2179 4915 2430 4987 καθαρῶς
2458 4919 2760 4989 προσϐῆναι
2792 4923 2995 4991 ῥητοῖς,
3029 4925 3359 4993 φάσκοντες*

2246 5090 2355 5145 Καὶ
2393 5090 2542 5158 ἄφες
2579 5091 2723 5161 ἡμῖν
2768 5095 2841 5147 τὰ
2869 5097 3239 5165 ὀφειλήματα
3272 5078 3470 5170 mam,
3521 5106 3604 5172 ὡς
3654 5109 3753 5163 καὶ

2176 5180 2347 5249 ἡμεῖς
2374 5183 2624 5249 ἀφίεμεν
2653 5183 2777 5249 τοῖς
2807 5185 3139 5252 ὀφειλέταις
3168 5187 3356 5256 ἡμῶν.

2257 5272 2314 5324 '0
2342 5273 2483 5325 κατά
2515 5272 2614 5325 τὴν
2666 5274 2891 5346 πρώτην
2932 5278 3033 5347 τῆς
3057 5278 3149 5330 τοῦ
3183 5282 3550 5350 προλαῦόντος
3579 5288 3752 5358 ῥητοῦ

2166 5449 2371 5519 jugiter
2397 5451 2748 5545 meditemur
2778 5454 2897 5536 Cat.
2946 5457 3208 5539 mendose
3242 5458 3754 5545 adjecta‘pegativa

2169 5535 2393 5598 sensum
2425 5522 2645 5589 penitus
2675 5523 2928 5589 destruit,
2959 5543 3032 5601 _ac
3055 5529 3211 5601 quasi
3260 5522 3423 5601 neget
3454 5522 3751 5601 Maximus,

2168 5590 2335 5669 etiam
2360 5605 2486 5669 eum
2517 5606 2736 5671 panem,
2767 5609 2831 5647 ea
2848 5590 3221 5671 moderatione
3250 5610 3306 5652 ct
3337 5590 3743 5671 philosophia,

2168 5659 2223 5780 illi
2254 5660 2832 5781 orationepetendum
2860 5681 2873 5718 :
2901 5667 3045 5734 quod
3078 5682 3238 5720 nemo
3269 5659 3438 5723 sanus
3470 5659 3650 5737 dicat,
3682 5659 3746 5729 ac.

2169 5738 2185 5780 t
2210 5744 2296 5781 ieo
2320 5744 2472 5781 oeus.

2169 5738 2472 5798 theologus.
