4154 6322
399 319 497 386 9¹>1

1391 315 1799 401 EXPOSITIO
1832 314 2243 375 ORATIONIS
2274 317 2687 377 DOMINICl’E.

3533 324 3640 387 902

396 431 630 502 θεωρίας
678 431 958 502 ἐπιϐοὶὴν,
988 435 1128 484 κατά
1164 431 1253 483 τὸν
1285 430 1457 483 αἰῶνα
1485 430 1695 493 τοῦτον,
1725 424 1785 481 οῦ
1817 430 1957 498 σύμ-

2066 443 2125 481 ac
2163 430 2587 497 expositionem,
2626 432 2680 484 in
2726 431 2924 485 δείξουῐο
2968 432 3100 496 hoc,
3138 432 3305 504 cujus
3332 434 3637 505 symbolum

397 512 552 577 ϐολον
580 518 719 576 εἶναι
749 522 809 575 τὸ
841 524 1080 593 σήμερον
1111 522 1343 592 ἔφαμεν,
1373 521 1465 574 τὸν
1494 520 1770 591 ἄφθαρτον
1802 520 1965 590 ἄρτον

290 682 297 691 Δ
395 618 494 682 τῆς
529 614 736 683 σοφίας,
786 611 847 669 οῦ
882 614 1161 684 καταρχὰς
1193 613 1507 682 διετείχισεν
1551 613 1756 681 ήμᾶςὴ
1791 610 1968 680 παρά-

395 706 573 769 ϐασις,
599 705 687 759 διὰ
719 708 1023 776 προσευχῆς
1057 705 1348 777 ἐπιζητῶν,
1382 704 1475 757 ἆτε
1508 703 1571 772 δὴ
1594 704 1746 774 »μίαν
1774 703 1967 774 Ιἡδονὴν

396 794 759 866 ἐπιστάμενος
790 795 887 865 τὴν
912 795 1020 847 τῶν
1047 794 1208 847 θείων
1238 793 1546 863 ἐπιτυχίαν,
1575 788 1641 865 ἧς
1676 792 1840 862 δοτὴρ
1868 791 1965 861 μὲν

397 886 537 941 κατά
566 888 728 955 φύσιν
768 886 916 939 ἐστὶν
945 889 972 939 6
1000 885 1129 948 Θεός
1156 901 1170 917 ο
1206 884 1382 955 φύλαξ
1409 885 1465 937 δὲ
1510 884 1649 937 κατὰ
1687 884 1905 951 θέλησιν
1932 886 1965 954 ἠ

396 978 489 1030 τοῦ
538 976 798 1040 λαϐόντος
838 977 1195 1047 προαίρεσις·
1241 976 1332 1028 καὶ
1386 975 1513 1044 μίαν
1557 973 1751 1043 ὀδύνην
1788 973 1964 1038 εἰδὼς,

396 1069 493 1139 τὴν
532 1067 739 1123 τούτων
793 1069 1128 1138 ἀποτυχίαν,
1182 1061 1251 1138 ἦς
1292 1066 1592 1127 ὑποϐολεὺς
1626 1066 1726 1135 μέν
1760 1067 1910 1118 ἐστιν
1938 1068 1965 1118 6

395 1160 637 1223 διάϐολος
658 1178 670 1190 ·
698 1159 998 1230 αῦτουργὸς
1024 1159 1100 1223 δέ,
1126 1161 1236 1222 πᾶς
1261 1159 1290 1210 6
1317 1158 1424 1211 τῶν
1452 1157 1609 1211 θείων
1648 1156 1714 1210 δι’
1748 1156 1964 1210 ἀτονίαν

396 1251 619 1321 γνώμης
642 1250 1092 1320 ἀποκαμνόμενος
1116 1248 1277 1321 [ναι.
1298 1259 1345 1304 et
1365 1248 1454 1302 Fr.
1480 1247 1961 1320 ἀποκναιόμενος]ο

400 1341 476 1412 μὴ
511 1341 791 1410 φυλάττων
835 1341 893 1393 τὸ
923 1340 1103 1410 τίμιον
1131 1340 1356 1411 γνώμης
1396 1340 1632 1405 διαθέσει
1666 1342 1966 1411 στεργόμε-

398 1451 522 1487 νον·
566 1432 703 1502 πρὺς
748 1431 899 1484 οὐδὲν
941 1429 1079 1500 ἔχων
1115 1429 1225 1483 τῶν
1278 1430 1568 1501 ὁρωμένων
1599 1428 1871 1499 ῥέπουσαν
1905 1430 1965 1481 τὸ

399 1522 618 1577 σύνολον
645 1521 743 1592 τὴν
772 1521 1092 1592 προαίρεσιν
1118 1561 1133 1586 ,
1172 1522 1273 1573 καὶ
1313 1518 1400 1571 διὰ
1449 1517 1607 1571 τοῦτο
1635 1520 1745 1581 τοῖς
1779 1534 1964 1587 σωμα-

397 1613 563 1676 τικῶς
612 1612 760 1683 αὐτῷ
808 1611 1166 1682 συμϐαίνουσι
1222 1610 1484 1680 λυπηροῖς
1537 1610 1634 1679 οὐχ
1684 1609 1964 1678 ὑπαγόμε-

401 1720 486 1766 νος
509 1702 583 1773 (6)
605 1718 620 1733 ⁶
652 1694 806 1765 οὗτος
849 1701 924 1764 ὡς
963 1697 1181 1771 ἀληθῶς
1203 1740 1217 1765 ,
1249 1699 1475 1761 ἀπαθῶς
1506 1700 1697 1771 ἀφίησι
1730 1701 1840 1762 τοῖς
1882 1701 1962 1761 είς

396 1794 559 1852 αὑτὸν
592 1792 996 1869 ἁμαρτάνουσιν
1020 1807 1037 1826 ο
1074 1792 1157 1849 ὅτι
1189 1790 1323 1866 μηδὲ
1350 1790 1410 1843 τὸ
1444 1790 1564 1847 κατ’
1598 1791 1784 1861 ἔφεσιν
1810 1789 1958 1860 αὑτῷ
1993 1766 2034 1821 Β

398 1887 835 1959 σπουδαζόμενον
873 1887 1097 1941 δύναταί
1123 1904 1207 1950 τις
1237 1886 1297 1938 τὸ
1339 1886 1601 1957 παράπαν
1646 1882 1958 1955 χειροῦσθαι

398 1979 566 2032 καλὸν
589 2021 603 2044 ,
658 1978 933 2033 ἀνάλωτον
984 1975 1128 2032 κατά
1161 1976 1323 2046 φύσιν
1367 1977 1633 2046 ὑπάρχειν
1664 1990 1961 2026 πεπιστευ-

405 2072 582 2140 μένον.
630 2073 740 2124 Καὶ
766 2071 847 2142 τῷ
873 2070 991 2140 Θεῷ
1037 2069 1357 2139 καθίστησιν
1402 2068 1593 2122 ἑαυτὸν
1633 2068 1833 2138 ἀρετῆς
1876 2065 1963 2132 ἐξ·

405 2160 744 2231 εμπλάριον,
802 2162 851 2212 εί
898 2159 1056 2212 τοῦτο
1090 2158 1248 2229 θέμις
1290 2161 1494 2221 εἰπεῖν,
1545 2158 1691 2228 πρὸς
1729 2157 1962 2228 μίμησιν

405 2250 596 2305 ἑαυτοῦ
629 2250 720 2304 τὸν
748 2251 1023 2321 ἀμίμητον
1067 2250 1243 2303 ἐλθεῖν
1269 2250 1717 2320 ἐγκελευόμενος,
1765 2250 1957 2313 λέγων·

402 2344 585 2410 Ἄφες
610 2341 754 2411 ἡμῖν
779 2344 850 2394 τὰ
895 2341 1261 2410 ὀφειλήματα
1302 2338 1470 2408 ἡμῶν
1494 2381 1508 2404 ,
1551 2340 1631 2405 ὠς
1657 2339 1755 2393 καὶ
1792 2338 1962 2409 ἡμεῖς

400 2432 653 2501 ἀφίεμεν
701 2435 825 2498 τοῖς
861 2431 1195 2500 ὀφειλέταις
1229 2432 1433 2500 ἡμῶν·
1489 2432 1585 2484 καὶ
1640 2428 1752 2494 οἷος
1798 2432 1964 2495 αὐτὸς

401 2518 591 2588 γέγονε
613 2521 724 2582 τοῖς
752 2519 941 2582 πέλας,
973 2513 1031 2571 οῖ
1050 2517 1303 2587 γενέσθαι
1332 2518 1670 2589 παρακαλῶν
1697 2520 1785 2571 τὸν
1805 2518 1958 2572 Θεόν.

404 2611 468 2664 Et
494 2610 603 2682 γὰρ
628 2610 701 2673 ὡς
727 2610 890 2673 αὐτὸς
906 2611 1085 2682 ἀφῆκε
1111 2608 1181 2663 τὰ
1200 2610 1542 2680 ὀφειλήματα
1562 2613 1674 2674 τοῖς
1700 2611 1779 2673 είς
1800 2610 1964 2664 αὐτὸν

358 2704 783 2774 ’ήμαρτηκόσι,
841 2700 1090 2771 βούλεται
1157 2702 1253 2755 καὶ
1304 2699 1453 2771 αὐτῷ
1496 2701 1761 2772 ἀφεθῆναι
1814 2700 1966 2770 παρὰ

402 2793 536 2849 Θεοῦ
558 2833 573 2859 ,
606 2792 850 2865 δηλονότι
895 2791 1083 2863 ὥσπερ
1111 2792 1138 2843 6
1175 2791 1306 2854 Θεὸς
1356 2790 1581 2853 ἀπαθῶς
1618 2790 1841 2862 ἀφίησιν
1885 2786 1965 2853 οἷς

406 2882 626 2950 ἀφίησιν
647 2921 661 2943 ,
689 2880 861 2944 οὓτως
903 2881 997 2933 καὶ
1026 2881 1184 2944 αὐτὸς
1225 2880 1440 2952 ἀπαθὴς
1468 2881 1560 2933 ἐπὶ
1585 2883 1698 2944 τοῖς
1730 2881 1965 2950 συμϐαί-

406 2990 555 3027 νουσι
604 2974 893 3044 διαμένων,
939 2974 1131 3042 ἀφίησι
1187 2976 1299 3036 τοῖς
1370 2973 1834 3044 ἰτλημμελήσασι⁸
1892 2972 1966 3043 μὴ

2065 533 2184 572 esse
2213 519 2450 574 diximus
2473 521 2799 575 hodiernan
2828 522 3394 597 diem,‘incorruptum
3426 528 3641 596 sapien-

2067 609 2154 664 tia:
2186 624 2412 679 panem,
2451 626 2480 664 a
2513 627 2622 681 quo
2656 628 2756 666 nos
2787 613 2951 681 primi
2988 616 3247 684 temporis
3284 621 3641 688 transgressio

2067 699 2323 764 exclusit,
2356 701 2620 755 orationis
2650 703 2906 773 suﬂragio
2937 705 3166 774 inquirit
3192 706 3273 778 (λι
3299 709 3391 777 qui
3420 712 3640 766 unicam

2066 788 2209 843 hanc
2242 790 2575 860 voluptatem
2611 793 2850 857 noverit,
2879 810 2999 863 quae
3029 795 3338 851 divinorum
3377 815 3640 855 consecu-

2065 880 2212 933 tione
2254 882 2541 945 consistit;
2581 883 2738 952 cujus
2770 884 2989 953 quidem
3026 885 3217 941 danda:
3254 888 3397 941 Deus
3431 890 3639 944 arbiter

2063 976 2261 1023 natura
2284 971 2532 1038 exsistit;
2564 983 2750 1027 custos
2779 985 2959 1029 autem
2990 976 3168 1030 libero
3193 978 3487 1032 voluntatis
3512 995 3640 1049 pro-

2062 1059 2277 1128 posito,
2320 1060 2434 1130 ipse
2485 1071 2607 1127 est,
2650 1065 2744 1134 qui
2790 1067 3001 1135 accepit
3050 1086 3062 1120 ι
3110 1069 3365 1137 liuncque
3416 1071 3638 1124 unicum

2063 1148 2310 1204 dolorem
2364 1151 2662 1224 intelligat,
2702 1156 2848 1224 quod
2901 1166 2984 1212 est
3031 1157 3097 1211 iis
3142 1158 3425 1224 frustrari;
3483 1161 3639 1230 cujus

2063 1239 2249 1294 damni
2275 1252 2561 1313 suggestor
2587 1236 2806 1315 quidem
2836 1247 3088 1302 diabolus
3117 1259 3198 1303 est
3215 1266 3235 1314 ;η
3262 1258 3456 1303 auctor
3480 1266 3635 1315 vero,

2063 1332 2316 1402 quisquis
2350 1350 2448 1402 per
2484 1335 2649 1389 animi
2689 1337 2989 1407 ignaviam,
3024 1354 3088 1394 ac
3127 1340 3412 1394 mollitiem
3453 1340 3638 1395 divina

2063 1424 2430 1477 consectando
2466 1423 2693 1496 fatiscit)
2738 1426 2790 1479 id
2829 1427 3175 1493 custodiens,
3210 1430 3479 1497 enixeque
3516 1446 3636 1487 ser-

2063 1514 2216 1579 vans,
2242 1515 2388 1584 quod
2418 1505 2821 1571 animi‘atl‘ectu
2851 1518 3234 1572 charissimum
3266 1521 3444 1588 ducit;
3481 1524 3637 1593 cujus

2062 1606 2317 1661 voluntas
2349 1608 2486 1662 nulli
2520 1624 2776 1678 prorsus,
2812 1609 2876 1663 iis
2912 1625 2978 1663 ex
3011 1610 3174 1665 rebus
3205 1626 3327 1680 quae
3358 1612 3413 1665 in
3448 1614 3636 1668 oculos

2064 1696 2376 1763 incurrunt,
2403 1700 2700 1770 proclivior
2724 1701 2955 1767 haereat;
2985 1702 3187 1772 quique
3216 1704 3355 1758 adeo
3387 1704 3460 1759 ita
3488 1721 3639 1759 com-

2062 1797 2285 1859 paratus
2324 1791 2413 1857 sit,
2450 1802 2511 1845 ut
2552 1792 2754 1861 quibus
2791 1808 2992 1862 corpus
3034 1794 3279 1849 molestis
3319 1793 3571 1861 aﬂicitur,
3604 1813 3639 1853 a

2060 1882 2197 1937 recti
2226 1883 2444 1937 tramite
2470 1882 2695 1937 minime
2723 1882 3053 1948 abducatur;
3086 1884 3132 1937 is
3159 1884 3316 1953 plane
3345 1886 3639 1954 tranquillo

2060 1972 2265 2039 animo,
2301 1974 2573 2042 nullisque
2612 1984 2932 2043 exasperato
2973 1974 3283 2039 all‘ectihus,
3319 1975 3408 2041 iis,
3441 1977 3536 2046 qui
3579 1977 3638 2032 in

2062 2062 2240 2133 ipsum
2279 2072 2538 2133 peccant,
2575 2064 2833 2131 dimittit;
2879 2064 3024 2134 quod
3065 2081 3293 2134 nempe,
3331 2066 3477 2135 quod
3520 2067 3637 2136 ipse

2061 2153 2268 2209 donum
2323 2155 2600 2210 desiderio
2661 2155 2824 2220 colit,
2878 2171 3041 2210 neruo
3094 2171 3321 2225 prorsus
3383 2157 3636 2229 subigere

2061 2245 2255 2315 possit,
2286 2254 2499 2300 tantum
2534 2245 2671 2300 illud
2709 2261 2772 2300 ac
2806 2245 2931 2309 tale,
2964 2253 3024 2299 ut
3055 2245 3174 2314 ejus
3207 2247 3429 2300 omnino
3466 2249 3637 2303 robur

2064 2344 2261 2388 natura
2294 2334 2716 2404 inexpugnabile
2739 2335 3104 2390 existimetur.
3126 2335 3268 2401 Quin
3300 2352 3358 2392 se
3386 2337 3500 2409 ipse
3524 2338 3637 2394 Deo

2067 2424 2235 2495 (absit
2267 2424 2438 2478 verbo
2473 2424 2699 2495 invidia)
2732 2424 2955 2479 virtutis
2987 2425 3277 2479 constituit
3305 2428 3638 2497 exemplum,

2064 2516 2132 2569 ad
2158 2516 2243 2569 sui
2272 2514 2631 2570 imitationem
2675 2532 2824 2582 eum,
2843 2516 2937 2586 qui
2964 2518 3111 2571 omni
3137 2519 3310 2588 major
3332 2519 3638 2575 imitatione

2064 2615 2169 2670 est,
2205 2607 2356 2663 hisce
2390 2608 2579 2662 verbis
2610 2609 2965 2678 compellans,
2992 2610 3253 2679 velutque
3288 2610 3585 2665 adhortans
3620 2629 3640 2665 :

2064 2697 2283 2751 Dimitte
2314 2694 2467 2752 nobis
2501 2699 2675 2752 debita
2711 2707 2921 2766 nostra,
2956 2702 3089 2752 sicut
3121 2710 3169 2754 et
3204 2717 3296 2754 nos
3328 2700 3640 2757 dimittimus

2065 2788 2375 2843 debitoribus
2402 2791 2624 2855 nostris;
2656 2790 2816 2843 talem
2847 2791 3145 2845 obsecrans
3170 2791 3274 2846 sibi
3304 2792 3418 2846 fore
3441 2792 3635 2860 Deum,

2068 2879 2248 2947 qualis
2294 2880 2410 2948 ipse
2450 2880 2716 2950 proximis
2754 2880 2877 2935 fuit.
2910 2882 3045 2936 Nam
3087 2882 3133 2936 si
3171 2897 3234 2936 ea
3272 2883 3504 2949 ratione,
3532 2900 3640 2955 qua

2069 2970 2185 3040 ipse
2222 2971 2275 3024 in
2308 2986 2433 3024 eum
2466 2973 2823 3040 peccantibus
2845 2971 3071 3037 dimisit,
3101 2973 3269 3027 Deum
3294 2989 3510 3043 quoque
3536 2975 3639 3044 ipsi

405 3065 696 3135 συγχωρῶν
728 3066 917 3135 μνήμῃ
947 3062 1067 3135 [Fr.
1102 3064 1345 3135 μνήμην]
1375 3065 1481 3117 τινὶ
1521 3064 1625 3116 τῶν
1649 3064 1966 3133 φθασάντων

2070 3061 2345 3115 dimittere
2402 3063 2588 3132 cupit;
2644 3064 2802 3132 plane
2859 3065 3001 3119 sicut
3045 3064 3188 3118 Deus
3238 3065 3442 3134 absque
3490 3065 3641 3119 omni

402 3156 658 3227 λυπηρῶν
699 3155 997 3210 τυποῦσθαι
1047 3156 1139 3208 τὸν
1181 3155 1304 3210 νοῦν
1330 3197 1345 3222 ,
1390 3156 1476 3209 ἵνα
1518 3157 1592 3226 μὴ
1638 3156 1850 3226 τέμνων
1897 3157 1962 3226 τῇ

403 3245 595 3316 γνώμῃ
638 3246 736 3316 τὴν
771 3246 930 3316 φύσιν
961 3246 1269 3317 ἐλέγχηται,
1303 3247 1438 3317 πρός
1471 3264 1592 3300 τινα
1622 3246 1729 3300 τῶν
1758 3246 1966 3316 ἀνθρώ-

406 3354 522 3390 πων
558 3336 876 3403 διεστηκὼς,
914 3337 1196 3408 ἅνθρωπος
1234 3335 1329 3390 ῶν.
1379 3336 1539 3390 Οῦτω
1586 3338 1697 3409 γὰρ
1740 3337 1806 3391 ἂν
1837 3340 1968 3392 ἐνω-

405 3425 592 3495 θείιης
646 3429 744 3495 τῆς
786 3426 1011 3496 γνώμης
1062 3426 1140 3497 τῷ
1191 3426 1335 3497 λόγῳ
1393 3429 1491 3498 τῆς
1525 3427 1762 3497 φύσεως,
1806 3428 1966 3501 ήτοῦ

405 3515 539 3569 Θεοῦ
593 3518 726 3588 πρὸς
756 3517 854 3588 τὴν
883 3518 1043 3589 φύσιν
1072 3518 1384 3588 καταλλαγὴ
1430 3520 1672 3587 γίνεσθαι
1708 3521 1967 3590 πέφυκεν,

405 3608 486 3661 ὅτι
555 3611 692 3682 μήτε
723 3608 951 3665 δυνατὸν
991 3610 1191 3684 ἑτέρως
1236 3611 1378 3666 κατά
1419 3611 1516 3685 τὴν
1560 3614 1784 3686 γνώμην
1832 3615 1969 3683 πρὸς

406 3702 601 3773 ἑαυτὴν
638 3704 1035 3767 στασιάζουσαν
1063 3703 1160 3774 τὴν
1199 3704 1383 3772 φύσιν,
1415 3706 1514 3776 τὴν
1546 3707 1700 3759 θείαν
1751 3707 1845 3760 καὶ
1876 3707 1970 3761 ἀν-

405 3794 697 3860 εκλάλητον
747 3794 1107 3867 ὑποδέξασθαι
1176 3795 1606 3863 συγκατὰϐασιν.
1643 3799 1751 3850 Καὶ
1802 3799 1965 3868 τυχὸν

404 3884 492 3936 διὰ
523 3885 682 3937 τοῦτο
724 3888 985 3958 πρότερον
1030 3888 1175 3957 ἡμᾶς
1210 3886 1458 3957 βούλεται
1490 3889 1588 3950 τὰς
1636 3890 1769 3959 πρὸς
1803 3889 1965 3960 ἀλλή.

406 3976 529 4040 λους
569 3977 835 4043 ποιεῖσθαι
888 3979 1232 4048 καταλλαγὰς
1269 3981 1296 4032 6
1333 3980 1499 4044 Θεὸς,
1552 3982 1649 4050 οὐχ
1697 3981 1783 4034 ἵνα
1836 3983 1964 4053 παρ’

404 4065 561 4138 ἡμῶν
596 4067 743 4139 μάθῃ
787 4069 1250 4124 καταλλάττεσθαι
1296 4073 1407 4135 τοῖς
1445 4072 1840 4142 ἁμαρτάνουσι,
1872 4073 1967 4126 καὶ

403 4157 513 4210 τῶν
561 4158 770 4212 πολλῶν
806 4163 1110 4230 συγχωρεῖν
1162 4164 1254 4216 καὶ
1308 4163 1552 4235 φοϐερῶν
1605 4164 1966 4234 ἐγκλημάτων

402 4249 499 4321 τὴν
526 4250 754 4315 ἔκτισιν,
780 4251 899 4306 ἀλλ’
926 4252 1012 4305 ἵνα
1040 4254 1183 4323 ἡμᾶς
1212 4254 1428 4326 καθάρῃ
1456 4255 1664 4322 παθῶν,
1699 4258 1791 4310 καὶ
1818 4256 1967 4331 δείξῃ

403 4342 804 4413 συμϐαίνουσαν
832 4345 901 4414 τῇ
948 4343 1132 4413 σχέσει
1169 4348 1270 4416 τῆς
1302 4346 1521 4416 χάριτος
1567 4346 1665 4417 τὴν
1701 4346 1809 4399 τῶν
1837 4365 1968 4416 συγ-

2069 3152 2485 3221 perturbatione
2534 3153 2795 3218 dimittit,
2840 3155 3041 3223 quibus
3090 3154 3353 3219 dimittit,
3394 3155 3475 3209 sic
3524 3155 3643 3224 ipse
3732 3189 3737 3193 -

2070 3259 2286 3313 quoque
2314 3244 2367 3298 in
2396 3244 2462 3298 iis
2485 3261 2605 3314 quae
2633 3246 2907 3311 accidunt,
2935 3246 3368 3315 imperturbatus
3407 3263 3470 3302 ac
3496 3256 3647 3302 tran-

2069 3334 2251 3405 quilla
2286 3336 2486 3390 mentis
2520 3352 2767 3401 manens,
2801 3338 2948 3407 quod
2980 3338 3222 3392 oﬂensus
3253 3347 3356 3403 est,
3391 3338 3647 3405 dimittit,

2071 3422 2241 3475 nullis
2272 3438 2463 3477 eorum
2491 3440 2611 3493 quae
2641 3425 2819 3480 tristia
2851 3426 2905 3480 in
2937 3443 3062 3481 eum
3096 3439 3494 3498 prtecesserunt
3521 3430 3641 3483 ani-

2069 3502 2219 3566 mum
2262 3515 2541 3568 informari
2582 3516 2797 3582 sineris,
2832 3519 3153 3587 nequando,
3187 3519 3282 3589 qui
3323 3519 3437 3589 ipse
3477 3519 3649 3575 homo

2068 3607 2160 3672 sit,
2183 3607 2269 3661 vel
2296 3608 2364 3661 ab
2392 3624 2501 3662 uno
2525 3609 2709 3678 aliquo
2738 3610 3020 3663 hominum
3047 3611 3338 3675 dissidens,
3362 3608 3642 3666 voluntate

2069 3697 2348 3767 animique
2383 3699 2656 3753 sententia
2693 3707 2942 3754 naturam
2977 3700 3228 3757 scindere
3262 3702 3640 3757 convincatur.

2068 3785 2159 3841 Sic
2197 3804 2433 3857 namque
2468 3790 2749 3843 voluntate
2790 3805 2916 3843 cum
2966 3798 3176 3844 natura:
3214 3791 3426 3844 ratione
3467 3791 3640 3858 unita,

2069 3888 2465 3947 comparatum,
2493 3889 2553 3933 ut
2584 3880 2682 3934 Dei
2717 3895 2842 3934 cum
2876 3889 3074 3933 natura
3101 3880 3474 3934 reconciliatio
3505 3897 3643 3950 pra:-

2069 3989 2264 4035 stetur.
2294 3981 2510 4051 Alioqui
2539 3983 2686 4036 enim
2719 3983 2944 4038 minime
2979 3983 3098 4037 ﬁeri
3132 3992 3336 4053 potest,
3367 3993 3427 4037 ut
3454 3984 3549 4038 Dei
3583 4000 3647 4040 se

2066 4073 2259 4137 nobis,
2309 4073 2474 4143 inque
2524 4074 2747 4128 modum
2791 4085 3038 4128 nostrum
3087 4073 3432 4138 inclinantis,
3475 4074 3649 4130 nullis

2068 4166 2257 4220 verbis
2304 4166 2687 4236 explicabilem
2731 4167 2891 4237 362
2939 4166 3307 4237 dignationem
3358 4165 3644 4235 suscipiat.

2068 4256 2238 4326 quue
2279 4256 2504 4311 forsitan
2558 4258 2611 4312 in
2659 4274 2822 4312 causa
2873 4259 2964 4321 sit,
3001 4274 3100 4312 cur
3144 4272 3242 4310 nos
3291 4257 3436 4326 ipsos
3473 4257 3646 4321 Deus,

2068 4348 2227 4417 prius
2253 4348 2392 4402 alios
2421 4348 2541 4403 aliis
2571 4350 2916 4405 reconciliari
2945 4349 3096 4415 velit,
3131 4365 3193 4403 ac
3223 4363 3344 4419 qua:
3375 4347 3517 4402 inter
3541 4364 3648 4402 nos

402 4433 764 4502 χωρουμένων
794 4433 1032 4485 διάθεσιν
1056 4434 1153 4503 (7).
1200 4434 1394 4504 Σαφῶς
1437 4437 1491 4488 δὲ
1539 4436 1846 4506 καθέστηκε
1873 4440 1964 4509 δῆρ

2068 4436 2379 4513 simultates
2403 4440 2609 4510 vigent,
2636 4442 2861 4496 omnino
2889 4458 3247 4513 componere,
3263 4458 3374 4496 non
3401 4449 3463 4495 ut
3485 4441 3646 4511 quasi

399 4522 510 4586 λον,
536 4524 617 4577 ὅτι
640 4526 737 4594 τῆς
760 4523 983 4594 γνώμης
1014 4524 1309 4594 ἐνωθείσης
1336 4526 1412 4597 τῷ
1439 4527 1580 4598 λόγῳ
1602 4530 1668 4598 τῆ
1684 4547 1699 4589 ;
1728 4528 1964 4596 φύσεως,

399 4614 760 4679 ἀστασίαστος
815 4615 968 4669 ἔσται
1024 4617 1161 4687 πρὸς
1205 4617 1297 4669 τὸν
1350 4618 1484 4671 Θεὸν
1546 4622 1579 4689 ὴ
1659 4620 1766 4674 τῶν
1810 4620 1969 4676 τοῦτο

401 4706 842 4777 κατωρθωκότων
902 4708 1262 4780 προαίρεσις·
1323 4709 1482 4782 εἴπερ
1535 4711 1686 4765 οὐδὲν
1726 4714 1967 4784 πέφυκεν

401 4797 782 4870 ἐνθεωρεῖσθαι
814 4800 1124 4870 παράλογον
1170 4800 1249 4870 τῷ
1296 4801 1439 4871 λόγῳ
1475 4804 1574 4872 τῆς
1612 4805 1824 4870 φύσεως
1850 4849 1863 4871 ,
1908 4805 1968 4871 ὃς

400 4890 494 4942 καὶ
525 4890 687 4959 νόμος
728 4891 845 4942 ἐστὶ
875 4892 1102 4959 φυσικός
1148 4909 1208 4944 τε
1254 4894 1347 4945 καὶ
1383 4893 1521 4958 θεῖος
1552 4894 1650 4966 (8),
1684 4896 1811 4950 ὅταν
1843 4896 1967 4950 καθ’

400 4983 589 5036 ἑαυτὸν
619 4984 1016 5056 ἐνεργουμένην
1045 4985 1187 5058 λάϐῃ
1215 4988 1312 5056 τῆς
1342 4985 1569 5058 γνώμης
1600 4989 1699 5060 τὴν
1729 4990 1964 5062 κίνησιν.

402 5075 464 5127 Et
493 5075 547 5127 δέ
581 5077 891 5145 παράλογον
932 5076 1082 5130 οὐδέν
1128 5078 1274 5129 ἐστιν
1308 5078 1365 5129 ἐν
1416 5077 1494 5147 τῷ
1548 5078 1692 5150 λόγῳ
1736 5082 1834 5150 τῆς
1865 5079 1967 5145 φύ-

405 5180 558 5228 σεως,
605 5166 827 5229 εἰκότως
859 5167 891 5236 ἡ
931 5166 1120 5237 γνώμη
1159 5168 1299 5221 κατά
1338 5167 1427 5220 τὸν
1465 5168 1621 5235 λόγον
1669 5171 1961 5240 κινουμένη

396 5257 493 5325 τῆς
528 5258 764 5324 φύσεως,
799 5257 1201 5327 συμϐαίνουσαν
1228 5259 1337 5323 ἕξει
1365 5259 1470 5312 ,διά
1500 5258 1716 5314 πάντων
1743 5262 1819 5332 τῷ
1846 5262 1965 5332 Θεῷ

396 5349 497 5417 τὴν
527 5347 807 5419 ἐνέργειαν
835 5364 849 5377 ³
886 5349 1007 5418 ἥτις
1038 5350 1154 5401 ἐστὶ
1187 5348 1311 5420 [Fr.
1344 5350 1468 5422 ἥτις
1507 5348 1695 5422 ἔσται]
1726 5350 1965 5414 διάθεσις

397 5438 738 5509 ἕμπρακτος,
766 5442 830 5511 τῇ
859 5442 1042 5511 χάριτι
1074 5441 1166 5493 τοῦ
1194 5441 1352 5510 φύσει
1385 5442 1552 5497 καλοῦ
1594 5443 1728 5513 πρὸς
1761 5445 1963 5516 ἀρετῆς

394 5528 611 5597 γένεσιν
644 5531 1019 5602 πεποιωμένη.

2068 4531 2245 4585 nostri
2277 4532 2544 4602 prmludio
2575 4533 2689 4603 ipse
2718 4535 3100 4603 peccatoribus
3133 4534 3477 4590 reconciliari
3512 4550 3647 4589 con-

2069 4620 2265 4686 discat,
2284 4622 2690 4692 multorumque
2710 4639 2773 4679 ac
2792 4625 3109 4680 immanium
3132 4626 3400 4681 scelerum
3423 4641 3648 4695 poenam

2069 4710 2414 4777 condonare;
2444 4711 2537 4765 sed
2568 4720 2628 4765 ut
2655 4728 2756 4767 nos
2784 4729 2815 4767 a
2846 4716 3362 4783 perturbationibus
3384 4715 3649 4785 vitiisque-

2068 4802 2352 4867 emundet,
2386 4818 2709 4873 eorumque,
2739 4805 2942 4874 quibus
2968 4807 3126 4860 venia
3162 4807 3495 4876 indulgetur,
3524 4807 3650 4860 ani-

2070 4911 2220 4950 mum
2253 4896 2397 4950 haud
2428 4897 2727 4952 abhorrere
2753 4914 2780 4952 a
2811 4898 3218 4953 necessitudine
3246 4898 3431 4969 gratiae
3458 4907 3650 4952 osten—

2070 4987 2185 5041 dat.
2212 4987 2395 5041 Palam
2432 4989 2579 5042 enim
2617 4989 2965 5059 perspicuum
2998 4998 3104 5053 est,
3135 4990 3413 5043 voluntate
3449 4988 3650 5042 animi-

2071 5094 2178 5148 que
2222 5081 2493 5135 sententia
2536 5098 2660 5137 cum
2703 5091 2913 5136 natura;
2969 5082 3181 5135 ratione
3226 5081 3399 5141 unita,
3437 5080 3552 5132 fore
3582 5089 3649 5132 ut:

2073 5182 2277 5252 quibus
2311 5183 2365 5236 id
2400 5183 2619 5238 demum
2655 5185 2945 5254 obtigerit,
2980 5183 3117 5261 nihil
3143 5199 3185 5249 ,ιι
3221 5183 3331 5236 Deo
3363 5182 3651 5239 voluntate

2071 5271 2381 5340 animisque
2412 5272 2745 5340 dissideant;
2778 5274 2981 5343 quippe
3012 5288 3135 5327 cum
3168 5271 3305 5325 nihil
3337 5271 3654 5324 abhorrens-

2071 5378 2103 5417 a
2149 5363 2362 5417 ratione
2403 5372 2568 5434 atque
2608 5365 2877 5420 absonum
2920 5365 2973 5418 in
3021 5373 3229 5418 natura:
3270 5363 3385 5432 ipsa
3431 5361 3653 5415 ratione

2071 5453 2304 5523 intelligi
2332 5463 2529 5523 queat,
2552 5472 2672 5524 quae
2699 5464 2754 5511 et
2782 5457 2863 5509 lex
2903 5456 3165 5509 naturalis
3196 5464 3249 5508 et
3281 5453 3463 5507 divina
3496 5452 3649 5507 exsi-

2067 5552 2194 5608 stat,
2227 5559 2351 5597 cum
2389 5553 2596 5599 motum
2622 5547 2919 5619 voluntatis
2949 5564 3013 5600 ex
3044 5546 3158 5600 suis
3189 5547 3303 5615 ipsa
3333 5544 3647 5599 rationibus

395 5624 732 5693 exercitum,
780 5635 1315 5697 consentaneumque
1364 5634 1659 5701 acceperit.
1708 5634 1864 5700 Quod
1917 5638 1960 5692 si
2000 5639 2138 5693 nihil
2206 5639 2510 5695 abhorrens
2536 5657 2564 5694 a
2592 5642 2802 5695 ratione
2831 5650 2991 5710 atque
3053 5641 3317 5694 absonum
3351 5640 3401 5692 in
3433 5645 3650 5692 naturae

399 5717 612 5773 ratione
648 5719 884 5785 exsistit,
920 5721 1115 5774 merito
1184 5721 1437 5776 voluntas
1500 5741 1619 5794 quze
1654 5740 1939 5785 moveatur
1974 5740 2034 5786 ut
2071 5741 2281 5787 naturae
2328 5733 2525 5789 rationi
2571 5743 2945 5804 comparatum
2997 5744 3112 5800 est,
3155 5732 3535 5803 operationem
3584 5728 3647 5783 in
