4126 6316
547 317 651 380 903
1705 312 1763 371 S.
1804 307 2088 369 ΜΑΧΙΜΙ
2125 317 2133 362 1

2235 305 2628 369 ἿΕΕΒΒΟΗΙΞ
3697 307 3820 376 SOI

547 425 804 484 omnibus
865 421 977 480 Deo
1006 421 1442 480 consentientem
1506 417 1765 482 habebit;
1831 415 2104 471 eflicacem
2171 415 2430 469 nimirum
2484 423 2648 484 atque
2695 414 2972 470 robustam
3025 415 3193 470 animi
3245 416 3633 486 an‘ectionem,
3686 423 3824 492 ejus

549 520 693 592 quod
725 527 920 573 natura
953 518 1156 570 bonum
1189 524 1273 570 est
1301 513 1474 584 gratia
1507 513 1802 576 imbutam,
1827 511 1894 564 ad
1929 510 2356 582 progignendam
2380 510 2664 564 virtutem.

619 611 711 666 Sic
741 611 909 680 igitur
939 609 993 662 in
1025 607 1270 662 oratione
1302 605 1532 661 allectus
1563 616 1666 671 est,
1694 607 1787 677 qui
1821 607 2122 676 spiritalem

2296 606 2453 660 Οὕτω
2485 607 2583 676 μὲν
2605 601 2719 674 οὖν,
2758 610 2786 660 ὀ
2818 607 2910 660 τὸν
2937 608 3238 677 γνωστικδν
3278 609 3440 681 ἄρτον
3475 611 3654 664 αἰτῶν
3685 611 3818 668 διά-

549 718 614 756 ac
642 699 924 770 sapientiae
947 712 1140 768 panem
1165 697 1338 765 petit;
1367 705 1494 766 post
1514 711 1680 766 quem
1705 696 1869 751 etiam
1897 696 2006 759 ille,
2028 695 2123 764 qui

2235 714 2405 752 κειται
2435 699 2889 769 προσευχόμενος,
2921 699 3039 768 μεθ’
3065 698 3124 752 ὃν
3167 703 3416 764 κακεῖνος
3454 705 3483 756 6
3515 703 3685 767 μόνον
3713 704 3818 758 τὸν

549 793 620 846 ob
663 798 874 844 natura:
913 788 1024 841 vim
1071 788 1299 857 ejusque
1345 785 1673 840 necessitate
1735 785 2121 856 quotidianum

549 881 815 934 duntaxat
861 892 1057 946 panem
1114 875 1236 946 (qui
1289 875 1500 930 scilicet
1546 874 1603 929 in
1653 873 1800 929 diem
1861 872 2124 943 sufﬁciat)

551 972 764 1043 quaerit,
791 969 1064 1025 consimili
1096 967 1259 1021 modo
1286 966 1585 1033 afﬁcietur;
1619 981 1815 1036 nempe
1843 966 2126 1020 dimittens

551 1064 899 1119 debitoribus
925 1061 1132 1122 debita,
1162 1069 1219 1113 ut
1249 1059 1343 1128 qui
1379 1074 1436 1112 se
1469 1067 1664 1112 natura
1696 1059 1979 1112 mortalem
2015 1071 2126 1110 non

549 1156 788 1218 nesciat;
819 1153 1025 1222 quique
1049 1153 1161 1221 jam
1185 1149 1433 1219 quotidie
1457 1147 1604 1218 quod
1629 1156 1822 1202 natura
1845 1161 2128 1215 compara-

549 1254 669 1297 tum
711 1250 822 1307 est,
860 1258 973 1312 prae
1017 1241 1140 1311 ejus
1183 1240 1426 1303 incerto,
1461 1247 1812 1308 exspectans,
1846 1237 2128 1291 voluntate

553 1347 715 1407 atque
734 1335 918 1390 animo
937 1334 1233 1389 antevertit
1248 1341 1524 1398 naturam,
1544 1339 1738 1402 sponte
1760 1331 1964 1386 mundo
1985 1347 2129 1386 mor-

556 1435 704 1490 tuus,
731 1425 810 1479 uti
844 1424 1032 1479 divino
1063 1438 1384 1493 expressum
1419 1423 1644 1477 oraculo
1677 1430 1800 1477 est:
1833 1422 2054 1493 Propter
2078 1433 2128 1476 te

556 1515 936 1584 mortiﬁcamur
974 1523 1080 1568 tota
1119 1515 1202 1567 die
1227 1514 1302 1581 ³⁶;
1341 1515 1588 1569 ωειὶηιαιί
1626 1531 1806 1569 sumus
1841 1515 1973 1568 sicut
2009 1531 2127 1568 oues

555 1608 826 1662 occisionis
849 1606 924 1672 ";
956 1606 1160 1675 quique
1188 1605 1326 1660 adeo
1354 1604 1526 1658 amice
1555 1605 1811 1660 omnibus
1841 1605 2127 1660 consocie-

559 1709 667 1762 tur,
697 1715 762 1752 ne
791 1712 954 1766 quam
985 1697 1148 1766 hujus
1181 1695 1368 1750 saeculi
1403 1695 1686 1764 pravitatis
1720 1703 1902 1750 notam
1939 1711 2126 1751 secum

557 1789 773 1853 inferat,
799 1804 922 1844 cum
953 1787 1020 1841 ad
1055 1787 1202 1841 illam
1229 1786 1366 1840 senii
1397 1794 1676 1856 expertem
1701 1785 1868 1840 vitam
1900 1786 2128 1840 commi-

2224 788 2504 859 ἐφήμερον
2531 790 2695 861 άρτον
2717 789 2991 860 ἐπιζητῶν
3017 790 3106 843 διὰ
3132 791 3232 860 τὴν
3261 790 3384 859 βίαν
3414 796 3514 864 τῆς
3551 799 3812 862 φύσεως,

2224 881 2366 933 κατά
2417 879 2512 933 τὸν
2563 881 2723 934 αὑτὸν
2763 881 3136 952 διατεθήσεται
3185 883 3419 953 τρόπον’
3468 889 3633 953 ἀφεὶς
3687 885 3810 953 τοῖς

2223 969 2528 1039 ὀφειλέταις
2567 972 2636 1026 τά
2680 971 3057 1042 ὀφειλήματα,
3091 968 3178 1027 οἶα
3211 972 3276 1043 δὴ
3307 975 3501 1042 γνοὺς,
3539 979 3621 1031 ὅτι
3657 980 3810 1032 κατᾶ

2225 1059 2388 1128 φύσιν
2438 1062 2672 1132 ὑπάρχει
2729 1061 2956 1133 θνητὸς,
3001 1064 3095 1116 καὶ
3146 1064 3331 1118 λοιπὸν
3379 1067 3502 1120 καθ’
3554 1069 3810 1140 ἑκάστην

2227 1153 2443 1224 ἡμέραν
2491 1153 2578 1206 διὰ
2613 1153 2713 1223 τὴν
2761 1154 2984 1225 ἀδηλίαν
3010 1155 3072 1207 τὸ
3102 1156 3260 1224 φύσει
3301 1159 3545 1226 πεφυκὸς
3575 1161 3795 1233 ἐκδεχὸ-

2229 1261 2424 1314 μενος,
2471 1243 2848 1315 προλαμϐάνει
2887 1245 2990 1316 τὴν
3033 1245 3195 1314 φύσιν
3227 1249 3368 1300 κατὰ
3395 1250 3493 1317 τὴν
3526 1249 3762 1320 γνώμην
3789 1265 3803 1280 ⁸

2227 1335 2547 1406 αὐθαίρετος
2570 1337 2762 1406 νεκρὸς
2793 1337 2930 1407 πρὸς
2960 1337 3053 1391 τὸν
3077 1339 3282 1408 κόσμον
3319 1341 3624 1411 γινόμενος,
3655 1343 3812 1395 κατὰ

2224 1429 2287 1482 τὸ
2323 1428 2529 1498 φάσκον
2581 1427 2780 1497 λόγιον,
2837 1429 2918 1482 ὅτι
2953 1430 3204 1484 Ἕνεκεν
3239 1432 3356 1486 σοῦ
3389 1435 3813 1501 θανατούμεθα

2227 1520 2383 1590 ὅλην
2449 1519 2565 1589 τὴν
2611 1520 2838 1590 ⁴ἡμέραν
2867 1539 2881 1551 ο
2944 1523 3346 1594 ἐλογίσθημεν
3398 1526 3480 1592 ὡς
3530 1529 3812 1591 πρόϐατα

2226 1612 2504 1682 σφαγῆς·
2553 1613 2647 1668 καὶ
2688 1612 2778 1667 διὰ
2825 1615 2983 1668 τοῦτο
3029 1616 3388 1687 σπενδόμενος
3433 1617 3675 1682 ἅπασιν,
3711 1620 3810 1673 ἵνα

2231 1705 2398 1774 μηδὲν
2423 1703 2598 1775 ἐαυτῷ
2621 1705 3115 1776 συνεπικομίζηται
3144 1706 3432 1779 γνώρισμα
3472 1711 3570 1779 τῆς
3595 1709 3812 1779 μοχθηο

2231 1795 2350 1866 ρίας
2379 1795 2472 1848 τοῦ
2498 1795 2592 1849 νῦν
2623 1795 2840 1860 αἰῶνος,
2868 1797 3005 1868 πρὸς
3030 1797 3129 1868 τὴν
3151 1799 3343 1869 ἀγήρω
3370 1799 3514 1869 ζωὴν
3541 1801 3814 1869 μεθιστάο

555 1880 822 1950 grandum
846 1879 982 1944 erit;
1011 1894 1306 1949 paremque
1337 1879 1462 1933 inde
1491 1879 1559 1934 ab
1585 1879 1827 1933 omnium
1848 1878 2039 1933 Iudice
2064 1893 2129 1934 ac

2235 1903 2394 1955 μενος
2423 1901 2435 1914 ·
2469 1887 2560 1939 καὶ⁵
2592 1885 2733 1958 λάϐῃ
2761 1889 2912 1955 παρὰ
2937 1886 3030 1938 τοῦ
3062 1885 3252 1957 κριτοῦ
3281 1890 3376 1940 καὶ
3405 1889 3656 1959 Σωτῆρος
3686 1889 3812 1942 τῶν

558 1973 865 2036 Salvatore,
895 1985 994 2040 pro
1030 1986 1096 2026 eo
1127 1971 1272 2040 quod
1302 1971 1411 2024 vita
1447 1971 1549 2025 hac
1583 1970 1788 2025 abusus
1816 1978 1929 2034 est,
1954 1969 2129 2023 vicem

2235 1976 2388 2038 ὅλων,
2421 1967 2497 2030 ὧν
2537 1956 2768 2030 ἐνταῦθα
2805 1956 3151 2048 προκέχρηκε
3193 1978 3290 2050 τὴν
3335 1979 3467 2050 ,ἴσην
3504 1956 3813 2036 ἀντίδοσιν.

559 2065 806 2132 recipiat.
835 2063 1091 2132 Utrisque
1123 2077 1358 2131 namque
1387 2077 1452 2114 ex
1484 2077 1676 2115 eorum
1711 2059 2037 2124 rationibus,
2066 2075 2132 2114 ac

552 2155 704 2224 quod
747 2155 1020 2209 conducat
1062 2153 1369 2207 necessaria
1412 2161 1525 2217 est,
1561 2150 1764 2205 munda
1808 2150 1864 2204 in
1905 2164 2002 2204 eos
2034 2148 2131 2220 qui

555 2246 772 2320 injuria:
787 2245 995 2315 aliquid
1014 2244 1263 2308 fecerint,
1279 2243 1444 2297 animi
1461 2243 1712 2309 affectio;
1738 2257 1863 2298 cum
1885 2242 2131 2296 omnium

557 2340 751 2409 gratia,
771 2346 887 2392 tum
914 2337 1146 2391 maxime
1174 2336 1246 2390 ob
1271 2335 1603 2405 reliquarum
1633 2334 1688 2388 in
1712 2333 1976 2389 orationis
2001 2347 2132 2388 con-

562 2440 710 2486 textu
743 2428 1135 2484 sententiarum
1167 2428 1310 2491 vim,
1337 2442 1458 2496 quae
1491 2426 1606 2496 ipsa
1639 2425 1694 2480 in
1727 2426 1876 2481 hunc
1907 2426 2132 2481 modum

559 2539 615 2577 se
641 2522 806 2576 habet
835 2538 848 2574 :

625 2613 784 2686 363
819 2611 889 2666 Et
916 2628 980 2666 ne
1009 2629 1100 2666 nos
1129 2611 1326 2682 inferas
1355 2612 1408 2666 in
1439 2612 1810 2678 tentationem;
1841 2612 1932 2666 sed
1965 2611 2131 2668 libera

559 2722 651 2760 nos
682 2723 713 2758 a
742 2723 825 2758 ma
834 2703 903 2760 lo.

629 2792 723 2848 His
759 2793 905 2848 enim
945 2792 1228 2863 Scriptura
1263 2791 1568 2864 significat,
1606 2792 1720 2848 fore
1766 2802 1828 2849 ut
1863 2793 1968 2850 nisi
2007 2795 2132 2865 quis

561 2886 658 2948 iis.
703 2903 732 2940 a
781 2885 982 2956 quibus
1023 2884 1246 2940 offensa
1289 2883 1495 2954 aliquid
1546 2886 1850 2954 acceperit,
1890 2885 2132 2956 perfecte

561 2975 857 3048 indulgeat,
886 2977 1257 3045 mundumque
1286 2992 1317 3030 a
1344 2991 1570 3030 rancore
1596 2975 1863 3038 animum,
1889 2977 2165 3032 reconci-.

559 3068 804 3122 liationis
831 3083 956 3121 cum
983 3067 1232 3136 proximo
1260 3067 1382 3120 luce
1411 3067 1812 3135 praenitentem,
1841 3067 1949 3123 Deo
1980 3067 2134 3122 exhi-

460 3154 462 3156 ’
561 3159 707 3220 beat,
735 3175 763 3212 a
796 3158 1063 3211 bonorum
1091 3173 1213 3226 qua:
1236 3164 1456 3224 exoptat
1480 3157 1728 3226 votisque
1758 3158 2128 3227 prosequitur,

2245 2067 2544 2134 Ἀναγκαία
2565 2066 2674 2138 γὰρ
2707 2067 3036 2138 ἀμφοτέροις
3081 2067 3218 2137 πρὸς
3272 2069 3372 2140 τὴν
3415 2069 3566 2138 σφῶν
3615 2071 3815 2124 αὐτῶν

2231 2157 2568 2210 λυσιτέλειαν
2598 2158 2939 2231 καθέστηκεν
2981 2161 3014 2231 ἡ
3055 2159 3274 2232 καθαρά
3313 2161 3449 2232 πρὸς
3476 2164 3605 2226 τοὺς
3633 2163 3805 2216 λελυ-

2233 2248 2481 2319 πηκότας
2513 2247 2752 2312 διάθεσις
2781 2267 2794 2280 °
2834 2234 3076 2304 πάντων,

2231 2338 2288 2392 δέ
2312 2339 2401 2392 διά
2427 2339 2540 2392 τῶν
2573 2339 2909 2410 λειπομένων
2934 2341 3116 2412 ῥητῶν
3148 2341 3396 2414 δύναμιν,
3427 2343 3616 2396 τοῦτον
3641 2343 3813 2413 ἔχου.

2234 2443 2336 2482 σαν
2363 2428 2456 2483 τὸν
2485 2428 2708 2500 τρόπον,

2300 2606 2410 2660 Kal
2450 2604 2538 2675 μὴ
2587 2603 2934 2674 εἰσενέγκῃς
2957 2603 3112 2674 ἡμᾶς
3135 2607 3220 2672 εὶς
3243 2604 3594 2676 πειρασμὸν.
3642 2608 3811 2664 ἀλλὰ

2223 2695 2411 2766 ῥῦσαι
2439 2696 2595 2766 ἡμᾶς
2618 2697 2737 2753 ἀπὸ
2763 2698 2868 2752 τοῦ
2891 2698 3177 2766 πονηροῦ.

2301 2790 2463 2861 Δηλοί
2489 2790 2597 2866 γάρ
2630 2793 2686 2845 ἐν
2712 2791 2920 2854 τούτοις
2950 2793 2978 2844 6
3003 2791 3157 2860 λόγος
3177 2830 3191 2854 ,
3246 2791 3321 2854 ὡς
3347 2793 3374 2846 6
3406 2793 3483 2864 μὴ
3515 2796 3807 2866 συγχωρή-

2232 2899 2332 2946 σας
2355 2883 2576 2948 τελείως
2604 2883 2718 2947 τοῖς
2747 2883 3021 2949 πταίουσι,
3050 2883 3145 2936 καὶ
3170 2883 3415 2954 καθαράν
3440 2885 3618 2955 λύπης
3634 2903 3810 2958 παρα⁸

2233 2976 2439 3046 στήσας
2500 2974 2577 3046 τῷ
2621 2974 2740 3046 Θεῷ
2800 2975 2899 3046 τὴν
2955 2976 3178 3046 καρδίαν
3209 3017 3224 3042 ,
3306 2976 3807 3048 λελάμπρυσμένην

2229 3066 2308 3137 τῷ
2363 3066 2502 3136 φωτὶ
2551 3068 2651 3138 τῆς
2688 3065 2823 3137 πρὸς
2851 3065 2941 3119 τὸν
2967 3066 3135 3130 πέλας
3159 3065 3534 3136 καταλλαγῆς,
3568 3069 3666 3138 τῆς
3697 3068 3808 3121 τῶν

2232 3158 2520 3229 ηὑγμένων
2567 3157 2748 3212 καλῶν
2781 3157 3135 3224 ἀποτεύξεται
3158 3159 3377 3228 χάριτος
3396 3175 3410 3188 ⁸
3465 3161 3559 3212 καὶ
3590 3159 3667 3229 τῷ
3695 3177 3811 3215 ’τει-

560 3252 732 3323 ‘gratia
767 3250 1010 3314 excidat;
1041 3248 1299 3320 justoque
1327 3247 1539 3318 judicio
1573 3248 1858 3302 tentationi
1893 3264 1957 3303 ac
1990 3249 2132 3303 malo

2236 3247 2429 3320 ρασμῷ
2449 3288 2466 3313 ,
2527 3250 2619 3302 καὶ
2663 3248 2740 3320 τῷ
2772 3248 2994 3320 πονηρῷ
3040 3249 3182 3302 κατὰ
3209 3249 3424 3304 δικαίαν
3454 3249 3809 3321 ἐκδοθήσεται

559 3343 832 3399 obnoxius
867 3339 988 3416 fiat,
1025 3353 1084 3395 ut
1117 3340 1331 3395 scilicet
1361 3340 1650 3394 emundari
1685 3339 1901 3394 delictis
1932 3339 2132 3394 docea-

565 3449 672 3496 tur,
704 3448 734 3486 a
769 3447 826 3486 se
861 3441 1148 3500 amputans
1179 3445 1243 3484 ac
1273 3429 1568 3493 amoliens,
1596 3429 1740 3498 quod
1777 3429 1913 3484 alios
1945 3429 2134 3483 crimi-

563 3533 742 3577 natur.
766 3521 1146 3576 Tentationem
1172 3530 1353 3575 autem
1381 3520 1474 3574 hic
1497 3529 1657 3575 vocat
1701 3519 1908 3590 peccati
1937 3521 2132 3590 legem,

559 3630 592 3668 a
625 3631 731 3683 qua
766 3613 1026 3667 immunis
1059 3611 1242 3667 editus
1279 3612 1494 3681 primus
1526 3627 1746 3681 parens.
1777 3610 1973 3664 Malum
2005 3625 2136 3664 vero

560 3705 724 3766 dicit,
767 3718 963 3772 nempe
1006 3702 1320 3766 diabolum,
1366 3717 1465 3771 per
1509 3717 1673 3770 quem
1723 3701 1840 3756 haec
1885 3701 2137 3756 humanae

559 3803 768 3849 natura:
806 3793 1050 3856 inolevit,
1082 3808 1146 3848 ac
1175 3807 1284 3862 quo
1311 3801 1535 3846 auctore
1567 3791 1828 3846 seductus
1860 3792 2044 3855 homo,
2077 3801 2138 3846 ut

562 3885 630 3940 ab
665 3900 731 3938 eo
760 3883 905 3953 quod
938 3883 987 3937 ei
1023 3897 1347 3937 concessum
1390 3891 1540 3948 erat,
1574 3881 1643 3936 ad
1678 3881 1732 3936 id
1766 3897 1876 3951 quo
1909 3882 1985 3934 illi
2019 3889 2138 3936 erat

563 3977 911 4034 interdictum
956 3976 1122 4030 animi
1175 3974 1534 4044 cupiditatem
1584 3974 1934 4038 transferret,
1969 3983 2025 4028 et
2069 3973 2136 4027 ad

561 4068 799 4123 mandati
827 4069 1286 4138 trangressionem
1306 4075 1647 4130 verteretur;
1674 4080 1780 4134 qua
1807 4064 2134 4129 temeritate,

560 4161 699 4232 ejus,
736 4175 896 4230 quam
939 4175 1036 4228 per
1073 4159 1303 4229 gratiam
1348 4172 1665 4214 concessam
1708 4163 2014 4226 acceperat.
2051 4155 2136 4210 in-

561 4251 933 4320 torruptionis
957 4251 1229 4320 jacturam
1259 4249 1408 4304 fecit.

630 4358 739 4408 Aut
764 4367 981 4415 rursus,
1015 4352 1370 4406 tentationem
1401 4351 1624 4420 quidem
1663 4349 1902 4420 appellat
1947 4349 2142 4404 volun-

562 4443 764 4495 tarium
797 4439 966 4494 animi
1003 4439 1062 4493 in
1097 4441 1280 4494 carnis
1316 4441 1602 4508 passiones
1637 4449 1801 4508 atque
1834 4440 1966 4493 vitia
2001 4456 2137 4494 con-

560 4547 819 4596 sensum;
854 4531 1056 4584 malum
1085 4545 1236 4593 vero,
1269 4530 1488 4584 modum
1521 4545 1630 4600 quo
1659 4530 1853 4584 vitiosa
1884 4529 2140 4585 libidino-

2234 3341 2458 3409 κρίσιν·
2534 3341 2622 3393 ἵνα
2673 3339 2820 3412 μάθῃ
2872 3338 3646 3413 καθαίρεσθαι’πλημμελῶν,
3705 3343 3808 3408 τὰς

2235 3433 2353 3484 κατ’
2390 3431 2564 3484 ἄλλων
2614 3431 2808 3485 ἑαυτοῦ
2857 3431 3080 3503 μομφὰς
3123 3433 3541 3504 ἀφαιρούμενος.
3602 3435 3808 3508 Πειρα-

2237 3523 2373 3593 σμὸν
2425 3522 2481 3576 δὲ
2511 3522 2658 3591 λέγει
2686 3522 2780 3576 νῦν
2815 3524 2906 3577 τὸν
2935 3527 3034 3594 τῆς
3063 3525 3336 3596 ἁμαρτίας
3363 3527 3525 3596 νόμον
3547 3541 3564 3557 '
3619 3526 3680 3579 ὃν
3706 3528 3811 3580 οὐκ

2235 3614 2372 3684 ἔχων
2413 3616 2442 3668 6
2484 3613 2699 3686 πρῶτος
2727 3614 3010 3685 ἄνθρωπος
3038 3611 3200 3685 ἦλθεν
3230 3617 3312 3680 είς
3334 3616 3541 3684 γένεσιν
3560 3633 3575 3648 ·
3630 3634 3808 3688 πονηο

2240 3703 2329 3773 ρὸν
2358 3701 2414 3754 δὲ
2441 3743 2457 3767 ,
2492 3703 2584 3754 τὸν
2609 3701 2794 3756 τοῦτον
2824 3703 3145 3773 ἐμφύραντα
3173 3705 3238 3773 τῇ
3270 3702 3428 3772 φύσει
3458 3700 3558 3754 τῶν
3583 3700 3806 3770 ἀνθρώ-
3841 3711 3843 3713 ‘

2236 3812 2352 3847 πων
2382 3794 2625 3848 διάϐολον
2648 3833 2663 3857 ,
2727 3794 2822 3848 καὶ
2861 3794 3126 3846 πείσαντα
3155 3793 3221 3846 δι’
3240 3794 3444 3860 ἀπάτης
3475 3791 3561 3844 τὸν
3587 3791 3808 3860 ἄνθρω-

2237 3902 2358 3949 πον,
2391 3886 2499 3938 άπὸ
2527 3884 2618 3937 τοῦ
2656 3884 3148 3955 συγκεχωρημένον
3179 3885 3316 3954 πρὸς
3342 3883 3402 3936 τὸ
3427 3881 3810 3952 κεκωλυμένον

2235 3978 2334 4046 τῆς
2380 3977 2558 4047 ψυχῆς
2611 3977 2932 4046 μετενέγκαι
2981 3975 3080 4047 τὴν
3127 3976 3346 4045 ἔφεσιν,
3407 3977 3501 4029 καὶ
3539 3976 3673 4051 πρὸς
3707 3977 3812 4046 τὴν

2237 4071 2336 4137 τῆς
2385 4068 2536 4132 θείας
2598 4068 2818 4139 ἐντολῆς
2849 4069 3123 4139 τραπῆναι
3158 4067 3502 4136 παράϐασιν·
3557 4063 3625 4138 ἦς
3649 4067 3809 4138 ἔργον

2237 4160 2460 4229 γέγονεν
2513 4161 2546 4230 ή
2623 4160 2725 4230 τῆς
2786 4160 3031 4231 δοθείσης
3085 4161 3225 4215 κατὰ
3281 4159 3442 4232 χάριν
3503 4159 3810 4230 ἀφθαρσίας

2237 4250 2514 4313 ἀπόθεσις.

2311 4341 2382 4395 Ἣ
2413 4340 2609 4404 πάλιν,
2668 4339 2973 4410 πειρασμὸν
3021 4339 3118 4409 μέν
3163 4355 3294 4410 φησι
3359 4339 3460 4411 τὴν
3489 4338 3588 4410 τῆς
3636 4340 3806 4409 ψυχῆς

2239 4433 2486 4486 ἑκούσιον
2545 4432 2683 4502 πρὸς
2727 4432 2798 4485 τὰ
2845 4432 2992 4502 πάθη
3043 4434 3142 4502 τῆς
3189 4433 3388 4502 σαρκὸς
3439 4433 3807 4486 συνδιάθεσιν·

2240 4525 2475 4595 πονηρὸν
2515 4525 2570 4577 δὲ
2593 4565 2608 4588 ,
2667 4525 2758 4578 τὸν
2789 4527 2905 4578 κατ’
2927 4526 3205 4594 ἐνέργειαν
3230 4524 3684 4596 συμπληρωτικὸν
3714 4525 3809 4594 τῆς

561 4637 734 4691 saque
777 4621 998 4676 affectio
1042 4635 1135 4674 seu
1175 4619 1462 4688 dispositio
1507 4621 1562 4672 in
1604 4628 1729 4672 actu
1777 4619 2083 4688 completur
2125 4636 2133 4672 :

2246 4615 2528 4686 ἐμπαθοῦς
2570 4615 2863 4680 διαθέσεως
2906 4615 3136 4686 τρόπον’
3199 4609 3274 4669 ὧν
3315 4617 3524 4679 οὐδενὸς
3557 4617 3584 4669 6
3609 4616 3811 4678 δίκαιος

563 4723 869 4782 neutroque
895 4712 1088 4766 horum
1121 4709 1450 4765 liberabitur
1470 4711 1603 4781 justi
1624 4710 1828 4780 judicis
1849 4711 2140 4777 sententia,

561 4803 659 4874 qui
699 4818 810 4856 non
851 4801 1126 4856 dimiserit
1165 4799 1512 4855 debitoribus
1557 4799 1768 4864 debita;
1814 4801 2030 4854 tametsi
2073 4800 2139 4867 is,

565 4895 715 4948 nudo
748 4893 899 4948 vocis
933 4908 1068 4947 sono
1107 4892 1162 4946 in
1201 4891 1449 4945 oratione
1485 4890 1539 4945 id
1573 4889 1831 4961 elllagitet
1867 4908 1880 4944 :
1917 4891 2049 4961 quin
2083 4901 2142 4947 et

563 5003 691 5041 eum
739 4987 833 5057 qui
881 5003 946 5040 ea
995 4985 1065 5040 sit
1112 4983 1326 5048 indole,
1368 4984 1578 5053 peccati
1628 4984 1746 5054 lege
1795 4984 2141 5054 coinquinari

567 5079 741 5143 sinet,
773 5095 836 5133 ac
883 5077 976 5148 qui
1022 5076 1196 5130 durus
1238 5075 1424 5130 animo
1473 5076 1545 5130 sit
1578 5074 1836 5146 justeque
1879 5075 2136 5144 rigidior,

567 5169 709 5223 malo
749 5166 1169 5237 mancipandum
1203 5165 1448 5230 deseret;
1483 5166 1576 5234 qui
1611 5179 1807 5234 nempe
1847 5165 2138 5233 perturba-

572 5265 778 5318 tionum
824 5262 1046 5330 probra,
1081 5270 1264 5314 satore
1301 5258 1537 5322 diabolo,
1567 5267 1776 5312 natura:
1815 5257 2136 5326 prmtulerit,

570 5356 725 5424 cujus
772 5355 914 5408 Deus
963 5352 1217 5407 conditor
1265 5359 1368 5406 est.
1411 5349 1480 5404 At
1530 5365 1710 5418 neque
1762 5347 1942 5402 carnis
1993 5349 2137 5400 ultro

572 5445 892 5498 libidinibus
916 5444 1174 5513 vitiisque
1202 5457 1322 5497 sese
1346 5441 1546 5495 dedere
1575 5438 1910 5509 prohibebit,
1937 5454 2038 5492 nec
2068 5438 2136 5490 ab

573 5537 688 5606 ejus
733 5535 1103 5603 dispositionis
1156 5533 1318 5586 modo
1370 5531 1635 5594 redimet,
1679 5547 1788 5599 quo
1843 5530 1958 5583 h:ec
2011 5538 2133 5582 actu

645 5709 690 5741 ⁸⁸
715 5709 851 5764 Psal.
884 5725 1028 5775 xuu,
1056 5710 1145 5765 ‘22.
1225 5712 1267 5742 ³⁷
1296 5710 1455 5764 Ιὶοπι.
1481 5725 1596 5771 νιιτ,
1625 5707 1714 5760 56.

2247 4706 2543 4776 ἐξαιρεῖται
2593 4707 2805 4779 κριτὴς,
2856 4707 2947 4760 τόν
2999 4707 3072 4777 μὴ
3108 4709 3218 4770 τοῖς
3251 4707 3556 4775 ὀφειλέταις
3585 4708 3810 4776 ἀφιέντα

2242 4797 2313 4850 τά
2339 4796 2678 4868 ὀφειλήματα
2698 4812 2712 4826 ο
2761 4795 2862 4850 κᾶν
2890 4795 3047 4850 τοῦτο
3069 4797 3239 4867 ψιλῶς
3263 4797 3348 4851 διὰ
3377 4798 3472 4867 τῆς
3505 4800 3807 4870 προσευχῆς

2246 4888 2558 4958 ἐξαιτῆται·
2621 4886 2756 4941 ἀλλά
2801 4889 2894 4940 καὶ
2941 4888 3019 4957 τῷ
3059 4889 3208 4958 νόμῳ
3252 4891 3350 4958 τῆς
3379 4889 3654 4959 ἁμαρτίας
3681 4906 3808 4956 συγ-

2246 4982 2416 5051 χωρεῖ
2444 4978 2764 5048 μολύνεσθαι
2796 4979 2886 5032 τὸν
2908 4979 3165 5042 τοιοῦτον,
3203 4980 3296 5032 καὶ
3323 4981 3428 5033 ὑπὸ
3455 4980 3546 5033 τοῦ
3575 4980 3810 5050 πονηροῦ

2245 5070 2593 5141 κυριεύεσθαι
2627 5071 2719 5123 τὸν
2754 5070 2989 5141 σκληρὸν
3031 5071 3124 5124 καὶ
3157 5070 3435 5138 ἀπότομον
3466 5074 3564 5142 τὴν
3591 5071 3811 5141 γνώμην

2245 5163 2745 5233 ἐγκαταλιμπάνει·
2805 5157 2892 5216 οἷα
2934 5162 2998 5233 δὴ
3050 5163 3116 5215 τά
3159 5163 3306 5233 πάθη
3354 5163 3454 5233 τῆς
3477 5165 3709 5234 ,ἀτιμίας
3738 5157 3812 5217 ὦν

2248 5253 2483 5325 σπορεύς
2517 5255 2664 5306 ἐστιν
2695 5257 2723 5307 6
2752 5253 2992 5316 διάϐολος
3013 5291 3032 5319 ,
3089 5256 3534 5325 προτετιμηκότα
3576 5255 3675 5324 τῆς
3710 5254 3808 5323 cpti-

2245 5361 2402 5409 σεως,
2439 5339 2502 5414 ἦς
2535 5346 2648 5396 ἐστι
2680 5345 3007 5414 δημιουργὸς
3037 5347 3065 5396 6
3089 5343 3238 5407 Θεός.
3279 5347 3388 5398 Και
3422 5348 3532 5418 μὴν
3560 5349 3655 5401 καὶ
3682 5348 3811 5418 πρὶς

2241 5437 2308 5490 τά
2331 5437 2476 5505 πάθη
2507 5436 2605 5505 τῆς
2628 5437 2824 5506 σαρκὸς
2847 5438 3106 5500 ἑκουσίως
3133 5438 3610 5508 συνδιατιθέμενον
3628 5440 3690 5492 οὗ
3712 5457 3812 5492 κω-

2242 5527 2378 5591 λύει,
2431 5528 2522 5579 καὶ
2554 5527 2647 5582 τοῦ
2675 5528 2793 5580 κατ’
2813 5529 3092 5598 ἐνέργειαν
3121 5529 3586 5600 συμπληρωτικοῦ
3615 5531 3812 5602 τρόπον

2834 2250 3054 2304 πάντων
3089 2253 3188 2322 μὲν
3229 2252 3418 2306 ἕνεκεν
3440 2292 3456 2317 ,
3483 2252 3803 2323 οὖχῇκιστα
3901 2259 3915 2267 ’
