4126 6316
310 337 418 401 905

1273 343 1675 406 EXPOSITIO
1711 344 2124 408 ORATIONIS
2165 346 2581 410 DOMINIC/E.

3451 361 3561 424 906

307 448 408 516 τῆς
461 445 580 498 κατ’
615 444 756 499 αὑτά
794 445 1086 514 διαθέσεως
1117 451 1179 504 οὐ
1207 451 1500 523 λυτροῦται
1520 469 1532 481 ·
1586 456 1670 507 ὃτι
1701 451 1886 507 παθῶν

1991 455 2400 526 compleantur;
2424 460 2570 528 quod
2588 457 2849 515 nimirum
2869 461 3379 531 perturbationibus
3397 469 3566 527 vitiis-

310 538 695 594 ἀνυποστάτων
757 538 956 610 ἥττονα
1011 543 1111 614 τὴν
1165 544 1326 614 φύσιν
1374 547 1760 617 ἡγησάμενος,
1821 547 1888 618 τῇ

307 630 438 700 περὶ
490 627 664 682 ταῦτα
714 630 958 701 σπουδῇ,
1019 633 1110 685 τὸν
1153 633 1356 706 ταύτης
1404 636 1561 703 λόγον
1607 635 1842 706 ἠγνόησε
1871 650 1884 664 ·

307 721 429 775 καθ’
453 720 510 773 ὂν
535 719 642 772 ἔδει
670 722 960 791 κινηθέντα
987 723 1189 793 γνῶναι
1221 727 1304 790 τίς
1331 727 1429 798 μὲν
1455 725 1671 795 φύσεως
1701 727 1888 797 νόμος,

305 811 391 874 τίς
431 811 488 864 δὲ
529 811 718 865 παθῶν
756 815 788 884 ή
830 814 950 868 καθ’
973 816 1183 887 αἵρεσιν
1207 819 1538 888 γνωμικῶς,
1569 819 1683 872 ἀλλ’
1700 819 1760 872 οὐ
1793 833 1888 888 φυ-

307 901 472 964 σικῶς
500 903 974 974 ἐπισυμὸαίνουσα
998 908 1237 977 κατέστη
1259 909 1532 979 τυραννίςο
1563 909 1657 962 καὶ
1677 909 1766 963 τὸν
1789 909 1889 980 μὲν

304 995 767 1064 περιποιήσασθαι
815 999 936 1060 ταῖς
977 1002 1234 1067 φυσικαῖς
1276 1001 1711 1072 συντηρούμενον
1738 1003 1888 1072 ἐνερ-

302 1085 481 1153 γείαις
501 1127 515 1149 ,
547 1085 644 1156 τὴν
669 1086 726 1140 δὲ
767 1089 867 1157 τῆς
911 1089 1138 1162 γνώμης
1167 1092 1440 1147 ἀπελάσαι
1473 1094 1693 1164 μακρὰν
1719 1133 1736 1160 ,
1793 1095 1887 1148 καὶ

300 1175 379 1246 τῷ
403 1177 545 1246 λόγῳ
574 1177 905 1248 διατηρῆσαι
931 1181 1028 1250 τὴν
1053 1181 1216 1250 φύσιν
1239 1222 1253 1244 ,
1309 1183 1394 1251 ἐφ’
1413 1184 1608 1253 ἑαυτῆς
1642 1183 1884 1238 ἑστῶσαν

301 1268 551 1336 καθαρὰν
586 1271 680 1322 καὶ
711 1270 1013 1342 ἀμώμητον
1046 1272 1345 1346 [άμωμον],
1376 1276 1544 1347 χωρὶς
1575 1276 1766 1346 μίσους
1793 1278 1887 1330 καὶ

299 1358 666 1423 διαστάσεως·
721 1364 814 1414 καὶ
864 1366 929 1434 τῇ
977 1363 1138 1433 φύσει
1193 1366 1354 1420 πάλιν
1400 1368 1742 1438 καταστῆσαι
1787 1368 1884 1438 τὴν

301 1448 527 1520 γνώμην
556 1451 914 1523 συνέμπορον,
950 1457 1116 1526 μηδὲν
1143 1458 1422 1522 παντελῶς
1453 1459 1881 1530 ἐπιφερομένην,

297 1538 374 1598 ὧν
400 1546 428 1597 ὁ
452 1549 548 1616 τῆς
573 1545 790 1614 φύσεως
819 1550 919 1602 οὐκ
943 1550 1224 1605 ἐπιδίδωσι
1248 1551 1402 1621 λόγος
1420 1567 1434 1581 ⁶
1489 1553 1584 1606 καὶ
1608 1551 1698 1605 διά
1727 1552 1884 1604 τοῦτο

303 1638 459 1706 μῖσος
507 1638 654 1692 ἅπαν
679 1676 694 1703 ,
755 1642 848 1693 καὶ
890 1644 1073 1697 πᾶσαν
1103 1643 1198 1697 τοῦ
1231 1644 1372 1698 κατά
1399 1643 1560 1714 φύσιν
1589 1644 1884 1714 συγγενοῦς

299 1729 607 1799 ἀποστῆσαι
635 1730 942 1800 διάστασιν,
979 1735 1064 1789 ῖνα
1089 1737 1298 1808 ταύτην
1318 1738 1491 1806 λέγων
1521 1737 1620 1809 τὴν
1649 1755 1882 1809 προσευ-

300 1819 402 1891 χὴν
451 1823 824 1894 είσακούηται,
877 1827 972 1880 καὶ
1016 1827 1212 1898 διπλῆν
1256 1829 1372 1884 ἀνθ’
1397 1829 1578 1900 ἁπλῆς
1605 1830 1757 1902 παρά
1787 1828 1882 1884 τοῦ

299 1912 435 1966 θεοῦ
468 1913 692 1985 δέχηται
719 1917 878 1989 χάριν
900 1962 916 1985 ,
981 1920 1084 1992 τήν
1111 1937 1172 1976 τε
1198 1921 1310 1976 τῶν
1339 1921 1668 1992 φθασάντων
1698 1921 1884 1992 πλημ-

301 2002 631 2073 μελημάτων
660 2007 1029 2080 συγχώρησιν,
1067 2012 1162 2066 καὶ
1187 2012 1288 2084 τὴν
1331 2013 1426 2066 ἐπὶ
1467 2012 1582 2074 τοῖς
1628 2009 1882 2081 μέλλουσι

300 2093 509 2164 σκέπην
567 2098 661 2152 καὶ
710 2098 1016 2171 λύτρωσινο
1103 2103 1182 2166 εἷς
1231 2119 1293 2156 τε
1351 2101 1658 2174 πειρασμὸν
1709 2101 1884 2155 ἐλθεῖν

303 2183 379 2254 μὴ
429 2189 880 2261 συγχωρούμενος
905 2234 921 2260 ,
1004 2195 1099 2249 καὶ
1151 2193 1230 2267 τῷ
1277 2194 1501 2266 πονηρῷ
1550 2193 1883 2266 δουλωθῆναι

300 2277 376 2347 μὴ
418 2278 739 2350 ἀφιέμενος,
772 2285 913 2357 ὑπὲρ
957 2286 1098 2353 ἐνὸς,
1148 2288 1242 2342 τοῦ
1278 2290 1392 2352 τοῖς
1436 2287 1605 2350 πέλας
1647 2287 1880 2357 ἑτοίμως

295 2367 514 2436 ἀφιέναι
545 2371 614 2425 τὰ
640 2373 1003 2447 ὀφειλήματα.

1993 563 2120 614 que,
2146 563 2269 619 quae
2296 565 2401 606 nec
2428 549 2540 605 sint
2561 550 2806 620 quidem,
2833 567 2899 607 ac
2926 553 3062 608 nihil
3093 556 3223 622 sint,
3250 561 3564 627 posthabita

1990 647 2210 704 natura,
2241 655 2353 708 quo
2385 655 2444 694 se
2477 640 2588 694 illis
2621 641 2805 696 studio
2837 641 3066 708 addixit,
3099 644 3263 714 hujus
3292 649 3561 707 rationem

1991 733 2298 802 ignoravit;
2353 748 2459 802 qua
2508 743 2720 787 motum
2768 742 2933 804 atque
2986 735 3341 804 instinctum,
3387 742 3561 812 legem

1989 830 2222 889 naturae,
2248 838 2497 894 quaenam
2529 825 2619 890 sit,
2653 839 2814 880 nosse
2844 840 2971 880 eum
3005 829 3276 896 oportuit;
3313 847 3562 900 quaenam

1992 913 2125 968 item
2161 914 2642 984 perturbationum
2674 915 3048 986 vitiorumque
3079 917 3162 972 vis
3195 933 3260 973 ac
3293 923 3560 991 tyrannis,

1989 1019 2112 1075 qua:
2136 1021 2248 1060 non
2276 1016 2494 1071 natura,
2524 1007 2619 1063 sed
2647 1007 2929 1062 voluntate
2960 1023 3025 1063 ac
3053 1008 3285 1065 arbitrio
3313 1012 3364 1066 ei
3391 1013 3565 1070 inole-

1987 1097 2066 1152 vit
2105 1115 2118 1150 :
2160 1111 2234 1152 ac
2265 1097 2413 1152 illam
2453 1099 2674 1167 quidem
2717 1098 2935 1170 (nempe
2975 1109 3185 1156 natura:
3219 1102 3414 1174 legem)
3455 1105 3561 1162 sibi

1987 1189 2278 1253 asciscere,
2309 1203 2475 1258 quam
2508 1189 2788 1244 naturales
2819 1177 3168 1260 operationes
3200 1205 3558 1264 conservant;

1988 1280 2131 1334 hanc
2152 1293 2280 1333 vero
2305 1277 2436 1348 (vim
2460 1279 2669 1334 scilicet
2690 1295 2755 1334 ac
2777 1280 3143 1352 tyrannidem)
3168 1285 3358 1352 procul
3381 1286 3562 1340 animo

1987 1371 2262 1442 ablegare,
2291 1380 2455 1441 atque
2479 1371 2692 1426 ratione
2723 1372 3011 1427 continere
3044 1384 3321 1438 naturam,
3351 1393 3474 1447 qua:
3506 1378 3560 1432 in

1989 1479 2046 1519 se
2071 1465 2274 1520 munda
2297 1480 2361 1519 ac
2383 1463 2550 1536 364
2571 1464 2710 1519 labis
2736 1479 2894 1534 pura,
2919 1465 3038 1520 sine
3060 1466 3189 1520 odio
3212 1467 3563 1539 divortioquc

1987 1556 2280 1621 consistat;
2319 1570 2623 1626 rursusque
2655 1565 2867 1612 natura
2887 1557 3224 1613 voluntatem
3257 1575 3366 1614 una
3393 1562 3562 1616 comi-

1987 1655 2096 1701 tem
2128 1647 2362 1710 sociarc,
2388 1660 2509 1715 quae
2543 1645 2680 1700 nihil
2713 1659 2938 1715 prorsus
2969 1646 3188 1712 inferat,
3219 1663 3382 1718 quam
3413 1650 3561 1720 quod

1985 1746 2197 1792 naturae
2237 1737 2375 1791 ratio
2416 1735 2640 1801 tribuit;
2684 1751 2749 1791 ac
2784 1736 3017 1806 proinde
3053 1752 3216 1792 omne
3257 1738 3466 1804 odium,
3499 1755 3562 1795 ac

1985 1826 2256 1897 quidquid
2288 1825 2503 1882 dissidii
2541 1834 2646 1893 est,
2676 1827 2746 1882 ab
2785 1827 3030 1897 iis-quos
3069 1827 3316 1900 ejusdem
3351 1837 3564 1887 natura:

1981 1917 2337 1974 necessitudo
2365 1918 2666 1982 consociat,
2690 1918 3042 1984 submovere,
3069 1929 3129 1975 ut
3152 1920 3294 1975 hanc
3323 1921 3564 1977 recitans

1982 2011 2290 2067 orationem
2319 2009 2667 2076 exaudiatur,
2695 2009 3082 2081 duplicemque
3106 2026 3136 2065 a
3164 2011 3277 2066 Deo
3305 2027 3405 2082 pro
3433 2012 3565 2067 sim-

1983 2103 2114 2172 plici
2146 2102 2376 2174 gratiam
2408 2109 2809 2172 consequatur;
2846 2109 2962 2156 tum
3000 2101 3213 2158 scilicet
3245 2113 3307 2158 ut
3337 2112 3564 2174 prseter-

1984 2197 2186 2252 itorum
2214 2195 2373 2250 venia
2401 2193 2727 2248 delictorum
2759 2193 3016 2258 donetur,
3051 2203 3166 2248 tum
3202 2203 3265 2248 ut
3297 2194 3565 2250 adversus

1983 2286 2172 2342 futura
2219 2285 2317 2341 Dei
2367 2284 2624 2355 praesidio
2674 2291 2826 2338 tutus
2875 2283 2950 2339 sit
2999 2284 3178 2354 iisque
3228 2284 3498 2341 liberetur
3545 2303 3559 2340 :

1983 2385 2151 2446 atque
2193 2385 2254 2430 ut
2299 2389 2411 2429 non
2454 2374 2804 2444 permittatur
2840 2375 3030 2430 venire
3077 2375 3132 2428 in
3177 2375 3560 2440 tentationcm,

293 2476 402 2518 nec
431 2466 830 2536 mancipandus
859 2471 1003 2527 malo
1028 2471 1348 2542 deseratur;
1380 2489 1492 2530 uno
1522 2475 1629 2531 hoc
1658 2473 1882 2530 nomine
1919 2487 1984 2528 ac
2013 2471 2194 2537 titulo,
2259 2469 2406 2539 quod
2471 2476 2730 2538 prompto
2758 2470 2941 2524 animo
2972 2469 3235 2539 proximis
3263 2470 3449 2525 debita
3476 2485 3565 2525 re-

295 2552 501 2609 mittat.

365 2646 667 2718 Τοιγαροῦν
697 2651 790 2703 καὶ
817 2653 1000 2722 ἡμεῖς,
1060 2653 1149 2708 ἵνα
1180 2657 1374 2728 μικρὸν
1397 2657 1734 2723 ἀναποδίζων
1765 2660 1886 2712 ἐπι-

294 2737 477 2808 τόμως
524 2741 734 2796 ἐπέλθω
786 2743 892 2796 τῶν
933 2746 1241 2816 εἰρημένων
1286 2750 1386 2820 τὴν
1415 2749 1665 2822 δύναμιν,
1729 2749 1887 2822 εἴπερ

296 2828 393 2882 τοῦ
419 2834 658 2903 πονηροῦ
693 2835 958 2907 ρυσθῆναι
981 2876 997 2902 ,
1055 2838 1150 2890 καὶ
1184 2840 1264 2902 εἰς
1293 2841 1602 2913 πειρασμὸν
1623 2841 1886 2895 εἰσελθεῖν

296 2919 359 2971 οὐ
405 2919 742 2992 βουλόμεθα,
792 2925 1174 2998 πιστεύσωμεν
1215 2928 1293 2999 τῷ
1325 2929 1463 3000 Θεῷ,
1519 2931 1614 2984 καὶ
1655 2929 1884 3001 ἀφῶμεν

296 3009 367 3062 τὰ
413 3009 770 3122 ρφειλήματῖ
805 3018 919 3080 τοῖς
960 3017 1274 3120 δφειλέταις
1319 3019 1516 3091 ήμῶν·
1566 3019 1708 3076 Ἐὰν
1749 3021 1878 3090 γὰρ,
1908 3061 1954 3122 C

298 3103 467 3174 φησὶ,
516 3103 604 3174 μὴ
645 3105 838 3175 ἀφῆτε
887 3107 1014 3175 τοῖς
1034 3109 1372 3180 ἀνθρώποις
1396 3112 1469 3166 τὰ
1496 3111 1884 3182 ἁμαρτήματα

295 3193 514 3262 αὐτῶν,
569 3197 709 3252 οὔτε
757 3201 792 3253 d
839 3200 1042 3270 Πατὴρ
1080 3201 1247 3272 ὑμῶν
1293 3207 1325 3257 ό
1359 3203 1636 3274 οὐράνιος
1660 3203 1883 3274 ἀφήσει

295 3287 466 3356 ὑμῖν*
523 3289 610 3342 ἵνα
665 3289 739 3362 μὴ
787 3291 948 3361 μόνον
995 3292 1187 3362 ἄφεσιν
1229 3293 1485 3365 λάῦωμεν
1526 3288 1600 3349 ὧν
1628 3295 1882 3366 πεπλημ-

299 3380 640 3453 μελήκαμεν,
673 3381 810 3436 ἀλλά
832 3383 1042 3443 καὶτὸν
1064 3384 1227 3456 νόμον
1251 3387 1567 3458 νικήσωμεν
1588 3387 1688 3456 τῆς
1711 3387 1884 3458 ἀμαρ-

295 3469 436 3535 τίας,
497 3474 577 3536 εἰς
619 3472 719 3544 τὴν
760 3473 928 3528 αὐτοῦ
972 3477 1169 3546 πεῖραν
1215 3477 1478 3531 εἰσελθεῖν
1523 3479 1624 3532 οὐκ
1648 3481 1882 3548 ἐγκατα-

296 3561 607 3634 λειπόμενοι
637 3582 651 3596 ο
715 3566 810 3620 καὶ
860 3567 952 3620 τὸν
1023 3568 1214 3623 τούτου
1283 3573 1586 3644 γεννήτορά
1647 3571 1882 3644 πονηρὸν

298 3655 631 3725 πατήσωμεν
674 3655 818 3725 ὅφιν,
873 3657 968 3726 ἀφ’
995 3653 1056 3712 οῦ
1103 3659 1368 3731 ρυσθῆναι
1414 3660 1880 3733 παρακαλοῦμεν·

301 3746 732 3816 στρατηγοῦντος
786 3749 918 3818 ἡμῖν
988 3749 1084 3802 τοῦ
1158 3749 1251 3801 τὸν
1308 3750 1512 3820 κόσμον
1563 3752 1884 3823 νικήσαντος

298 3835 557 3906 Χριστοῦ,
585 3837 680 3890 καὶ
705 3839 820 3900 τοῖς
845 3839 1032 3908 νόμοις
1052 3837 1163 3892 τῶν
1185 3839 1417 3894 ἐντολῶν
1441 3840 1880 3906 καθοπλίζοντος,

300 3925 397 3979 καὶ
430 3927 677 3997 νομίμως
707 3931 776 4000 τῇ
803 3928 914 3982 τῶν
941 3928 1132 3982 παθῶν
1165 3930 1458 3996 ἀποθέσει,
1515 3931 1652 4002 πρὸς
1683 3932 1884 4003 ἑαυτὴν

298 4018 366 4073 δι’
389 4019 613 4088 ἀγάπης
664 4019 764 4091 τὴν
806 4018 969 4089 φύσιν
1001 4020 1308 4086 συνδέοντος
1330 4037 1345 4052 ο
1406 4022 1502 4075 καὶ
1532 4021 1670 4092 πρὸς
1695 4020 1885 4074 ἐαυτὸν

298 4112 462 4184 ἄρτον
485 4111 614 4165 ὅντα
643 4109 812 4181 ζωῆς,
836 4111 1028 4182 σοφίας
1053 4129 1112 4166 τε
1140 4112 1234 4166 καὶ
1259 4112 1515 4182 γνώσεως
1552 4113 1644 4166 καί
1673 4112 1883 4166 δικαιο-

301 4203 488 4274 σύνης,
536 4202 811 4267 κινοῦντος
858 4205 1016 4275 ήμῶν
1062 4203 1380 4275 ἀκορέστως
1409 4203 1509 4275 τὴν
1537 4203 1752 4276 δρεξιν·
1789 4203 1885 4256 καὶ

298 4297 364 4368 τῇ
399 4294 679 4365 πληρώσει
706 4294 802 4349 τοῦ
832 4293 1109 4368 Πατρικοῦ
1141 4295 1449 4368 θελήματος
1480 4297 1596 4360 τοῖς
1628 4295 1884 4365 ἀγγέλοις

303 4388 611 4459 ὁμολάτρας
665 4388 818 4459 ἡμᾶς
872 4387 1241 4452 καθιστῶντος
1265 4429 1280 4455 ,
1327 4391 1394 4460 τῇ
1438 4387 1580 4442 κατά
1627 4387 1718 4442 τὸν
1767 4387 1882 4460 βίον
1911 4411 1958 4471 D

299 4481 490 4552 ἀγωγῇ
538 4481 637 4553 τὴν
682 4481 1002 4552 ἐπουράνιον
1044 4481 1363 4554 εὐμιμήτως
1395 4479 1761 4551 ἐμφαίνοντας
1784 4479 1876 4534 εὐ-

299 4573 592 4645 αρέστησιν
613 4589 628 4604 ο
685 4573 944 4628 κάκεῖθεν
991 4573 1153 4628 πάλιν
1195 4574 1288 4627 ἐπὶ
1313 4571 1411 4644 τὴν
1435 4571 1745 4645 ἀκροτάτην
1771 4572 1880 4627 τῶν

299 4667 458 4722 θείων
488 4667 752 4722 ἀνάϐασιν
782 4667 919 4740 πρὸς
945 4663 1038 4721 τὸν
1065 4667 1286 4738 Πατέρα
1312 4667 1422 4721 τῶν
1446 4664 1641 4735 φώτων
1668 4666 1883 4735 ἐνάγον-

297 4774 426 4824 τος,
492 4759 588 4812 καὶ
637 4758 790 4823 θείας
836 4758 1286 4832 ἀπεργαζομένου
1325 4757 1540 4829 φύσεως
1569 4758 1879 4824 κοινωνοὺς,

297 4855 364 4926 τῇ
418 4855 561 4908 κατά
612 4855 774 4928 χάριν
835 4855 1048 4927 μεθέξει
1104 4853 1198 4908 τοῦ
1243 4853 1596 4925 Πνεῦματος,
1657 4849 1779 4906 καθ’
1813 4849 1880 4922 ἢν

297 4945 463 4999 τέκνα
503 4943 639 4999 Θεοῦ
691 4945 1146 5018 χρηματίσωμεν,
1202 4944 1365 4999 αὐτὸν
1406 4943 1498 4997 τὸν
1541 4941 1753 5016 [marg.
1779 4937 1875 4994 Fr.

301 5037 524 5100 Ἄκουε,
552 5037 737 5110 Νεῖλε]
789 5039 994 5109 ταύτης
1040 5035 1340 5108 αὐτουργὸν
1383 5037 1483 5107 τῆς
1511 5036 1751 5106 χάριτος,
1785 5033 1898 5087 καὶ

298 5127 438 5182 κατὰ
465 5128 627 5198 φύσιν
655 5129 749 5183 τοῦ
775 5130 987 5198 Πατρδς
1007 5129 1158 5194 Υίδν,
1182 5128 1300 5183 ὅλον
1328 5128 1436 5182 ὅλοι
1465 5128 1588 5198 δίχα
1613 5141 1878 5197 περιγρα-

299 5216 406 5285 φῆς
437 5217 722 5288 ἀχράντως
748 5217 1202 5289 περικομίξοντες
1220 5237 1234 5248 ·
1271 5218 1330 5283 ἐξ
1360 5211 1441 5284 οῦ,
1475 5217 1570 5271 καὶ
1597 5217 1665 5270 δι’
1680 5212 1762 5280 οὗ,
1787 5216 1881 5270 καὶ

297 5308 354 5361 ἐν
397 5301 443 5376 ᾧ
486 5309 547 5362 τὸ
582 5305 720 5364 εἷναί
749 5328 808 5364 τε
842 5311 935 5364 καὶ
965 5311 1266 5376 κινεῖσθαι,
1334 5311 1429 5364 καὶ
1471 5308 1570 5382 ζῇν
1599 5309 1794 5382 ἔχομέν
1821 5327 1880 5362 τε

297 5398 393 5454 καὶ
423 5399 638 5471 ἕξομεν.

369 5493 513 5562 Πρὸς
559 5492 717 5546 τοῦτο
748 5493 805 5547 δέ
848 5495 946 5565 τῆς
977 5481 1226 5556 θεώσεως
1259 5493 1317 5547 τὸ
1347 5494 1645 5564 μυστήριον
1671 5493 1882 5563 βλέπων

296 5583 426 5654 ἡμῖν
477 5582 618 5639 ἔστω
660 5587 759 5656 τῆς
805 5585 1116 5658 προσευχῆς
1163 5586 1191 5637 ὁ
1234 5584 1466 5648 σκοπὸς,
1527 5585 1613 5639 ἵνα
1642 5585 1883 5655 γνῶμεν,

363 5726 410 5758 ³⁸
443 5725 634 5782 Matth.
663 5741 736 5790 v1,
773 5727 856 5780 14.
973 5727 1016 5758 ³⁹
1045 5725 1182 5780 Gen.
1215 5741 1292 5791 ιιι,
1331 5726 1393 5797 1.,

654 5815 928 5876 ΡΑΤιιοι..
974 5815 1088 5876 Gn.
1144 5815 1240 5875 XC

1493 5725 1538 5757 ‘°
1564 5725 1722 5782 Joan.
1754 5739 1866 5790 xvi,
1903 5723 1971 5780 55
2068 5726 2113 5804 ξι
2150 5725 2264 5783 Jac.
2302 5727 2453 5795 1,17.

2056 2657 2202 2727 Ergo
2230 2669 2331 2710 nos
2360 2669 2604 2724 quoque,
2629 2663 2710 2721 ut,
2741 2655 3013 2725 tantisper
3035 2653 3261 2710 reducta
3289 2656 3560 2723 oratione,

1983 2746 2260 2803 dictorum
2305 2745 2416 2800 vim
2475 2745 2802 2816 compendio
2852 2759 3160 2816 exponam,
3209 2745 3482 2815 siquidem
3531 2762 3564 2802 a

1982 2841 2129 2895 malo
2175 2837 2402 2893 liberari
2440 2837 2726 2902 volumus,
2767 2838 2881 2892 Deo
2924 2850 3134 2910 morem
3175 2847 3455 2907 geramus,
3499 2853 3566 2896 ac

1982 2930 2334 2987 debitoribus
2359 2929 2566 2984 nostris
2589 2927 2774 2984 debita
2803 2927 3184 2983 dimittamus:
3215 2926 3274 2982 Si
3295 2929 3433 2989 enim
3459 2945 3564 2983 non

1983 3023 2314 3087 dimiseritis,
2359 3018 2573 3090 inquit,
2614 3019 2907 3075 hominibus
2953 3024 3166 3091 peccata
3215 3034 3427 3088 eorum,
3463 3036 3566 3077 nec

1983 3112 2149 3168 Pater
2169 3119 2341 3166 vester
2366 3109 2585 3172 celestis
2619 3110 2844 3165 dimittet
2879 3110 3017 3164 vobis
3037 3110 3112 3177 '3;
3151 3120 3213 3165 ut
3242 3126 3354 3166 non
3387 3112 3564 3167 solum
3607 3153 3610 3156 .

1985 3204 2313 3260 delictorum
2337 3203 2556 3258 veniam
2581 3217 3007 3272 consequamur,
3030 3217 3222 3257 verum
3245 3203 3410 3258 etiam
3439 3218 3568 3274 pec-

1985 3296 2093 3351 cati
2125 3297 2301 3367 legem
2332 3296 2639 3360 vincamus,
2671 3309 2812 3364 quos
2840 3293 2987 3349 Deus
3019 3307 3132 3348 non
3163 3293 3383 3349 deserat
3414 3305 3476 3349 ut
3510 3295 3567 3349 in

1984 3387 2132 3444 illius
2171 3388 2531 3444 tentationcm
2565 3387 2866 3452 intremus;
2907 3381 3136 3457 ejusqu'e
3165 3386 3566 3456 nequissimum

1983 3487 2271 3551 parentem
2305 3481 2640 3551 (serpentem
2675 3478 2886 3533 scilicet
2906 3477 2972 3543 ⁸⁸,
2999 3492 3030 3531 a
3059 3492 3170 3548 quo
3202 3488 3306 3533 nos
3339 3477 3566 3532 liberari

1984 3571 2262 3642 rogamus)
2284 3579 2661 3640 proteramus;
2683 3569 2923 3634 Christo,
2942 3569 3037 3638 qui
3059 3568 3324 3623 mundum
3344 3568 3479 3624 vicit
3495 3568 3566 3636 ⁸ο,

1983 3663 2147 3717 nobis
2198 3662 2338 3717 duce
2388 3677 2453 3716 ac
2506 3661 2872 3730 imperatore,
2914 3675 3131 3715 necnon
3182 3660 3566 3716 mandatorum

1985 3752 2141 3806 scitis
2175 3752 2331 3821 quasi
2367 3751 2536 3805 armis
2567 3750 2911 3815 instruente;
2948 3749 3301 3821 lcgitimeque
3337 3749 3568 3822 abjectis

1984 3839 2500 3910 perturbationibus
2543 3849 2709 3909 atque
2750 3837 2930 3902 vitiis,
2972 3839 3287 3895 dilectionis
3331 3840 3566 3895 vinculis

1984 3938 2241 3985 naturam
2289 3929 2397 3984 sibi
2439 3929 2798 3999 astringente,
2835 3939 2998 3998 atque
3043 3929 3113 3984 ad
3159 3943 3238 3994 sc,
3272 3929 3366 3999 qui
3409 3930 3570 3998 panis

1985 4019 2132 4083 vitze,
2157 4018 2552 4088 sapientiaeque
2580 4026 2637 4072 et
2667 4018 2913 4073 scientia:
2941 4032 3005 4072 ac
3035 4018 3263 4089 justitize
3285 4020 3388 4084 sit,
3418 4019 3566 4074 insa-

1986 4109 2165 4165 tiabili
2198 4109 2478 4166 desiderio
2509 4109 2810 4180 appetitum
2845 4117 3096 4166 nostrum
3131 4110 3431 4177 iniciente;
3468 4126 3564 4176 ac,

1987 4199 2082 4271 qui
2116 4199 2298 4256 Patris
2327 4199 2667 4255 voluntatem
2701 4199 3134 4270 adimpleamus,
3167 4215 3328 4270 pares
3361 4201 3569 4272 angelis

1987 4291 2232 4346 cultores
2261 4306 2326 4346 ac
2357 4290 2680 4347 adoratores
2709 4290 2999 4356 reddente,
3031 4289 3300 4347 institutis
3322 4292 3448 4348 vitae
3478 4307 3568 4347 ra-

1988 4365 2234 4438 tionibus
2254 4397 2581 4452 morumque
2603 4381 2918 4454 disciplina,
2940 4398 3048 4453 qua
3077 4381 3156 4438 illi
3179 4382 3390 4454 accepti
3417 4392 3566 4449 sunt,

1985 4474 2267 4531 caelestem
2293 4475 2421 4530 vitae
2451 4474 2722 4530 rationem
2755 4475 3018 4546 praeclare
3049 4475 3371 4532 aamulantes
3403 4487 3569 4546 atque

1986 4566 2295 4622 imitatione
2318 4564 2642 4634 reddentes;
2674 4566 2914 4638 indeque
2940 4581 3133 4622 rursus
3154 4566 3222 4622 ad
3249 4583 3568 4638 supremum

1988 4657 2304 4714 divinorum
2334 4673 2627 4714 ascensum
2656 4659 2910 4730 (Patrem
2943 4659 3157 4714 scilicet
3187 4659 3462 4713 luminum
3485 4659 3568 4730 “)

1989 4745 2307 4814 inducente,
2337 4763 2404 4804 ac
2441 4747 2641 4804 divina:
2679 4757 2966 4805 consortes
3006 4757 3216 4804 naturae
3233 4748 3302 4813 δ’,
3333 4748 3570 4819 Spiritus

1987 4841 2177 4912 gratia:
2218 4841 2621 4912 impartitione,
2662 4841 2962 4908 reddente;
3013 4857 3123 4912 qua
3170 4841 3431 4896 nimirum
3471 4841 3569 4895 Dei

1988 4932 2087 4989 ﬂlii
2122 4948 2343 5001 sumus,
2374 4934 2551 5006 ipsum
2594 4935 2715 5006 ejus
2752 4934 2885 4990 doni
2932 4942 3248 4997 auctorem,
3279 4933 3568 5001 Patrisque

1987 5032 2183 5081 natura
2210 5025 2410 5081 Filium
2443 5034 2620 5081 totum
2655 5026 2756 5081 toti
2787 5027 2924 5082 citra
2959 5040 3182 5080 omnem
3219 5023 3570 5079 circumscri-

1987 5119 2236 5189 ptionem
2265 5119 2592 5174 intemerate
2617 5117 3104 5182 circumferentes;
3136 5131 3204 5171 ex
3230 5131 3361 5185 quo,
3386 5123 3442 5169 et
3470 5128 3571 5183 per

1989 5225 2174 5281 quem,
2197 5218 2255 5265 et
2283 5209 2340 5264 in
2363 5224 2495 5279 quo,
2519 5216 2581 5263 ut
2607 5207 2780 5264 simus
2804 5215 2860 5263 et
2883 5221 3202 5261 moveamur
3233 5213 3396 5276 atque
3418 5204 3570 5260 viva-

1989 5317 2114 5358 mus
2132 5302 2178 5334 ”
2204 5309 2260 5356 et
2287 5301 2554 5358 habemus
2583 5309 2640 5355 et
2662 5297 2908 5355 habituri
2939 5313 3148 5353 sumus.

2063 5493 2142 5547 Ad
2175 5494 2282 5548 hoc
2307 5501 2492 5548 autem
2522 5491 2683 5546 nobis
2708 5489 3070 5547 deiﬁcationis
3097 5488 3416 5558 mysterium
3449 5500 3570 5554 spe-

1995 5593 2107 5640 ctet
2133 5584 2404 5640 orationis
2421 5598 2640 5654 scepus,
2667 5592 2729 5639 ut
2757 5583 3078 5638 noverimus
3105 5579 3265 5653 365
3289 5580 3476 5651 quales
3504 5595 3570 5634 ex

2551 5727 2600 5807 “_
2627 5723 2672 5782 Il
2703 5725 2852 5782 Petr.
2881 5741 2920 5792 ι,
2947 5724 3000 5780 4.
3077 5721 3124 5755 ⁸³
3147 5721 3269 5778 Act.
3303 5737 3430 5789 xvu,
3471 5720 3567 5776 9.8.

3149 5813 3226 5878 29
