4126 6316
595 322 700 377 907

1763 320 1822 378 S.
1862 318 2148 379 MAXIMI
2188 315 2698 378 CONFESSORIS

3791 320 3902 384 908

591 425 800 494 quibus
829 424 1105 496 Unigeniti
1141 439 1241 479 nos
1273 439 1372 494 per
1403 439 1628 480 carnem
1657 423 1962 480 cxinanitio
1991 423 2160 480 reddi-

2281 423 2585 487 avO’onv,
2639 423 2786 487 οἴους
2837 425 2986 494 ἡμᾶς
3037 428 3069 498 ἡ
3111 426 3201 480 διὰ
3245 427 3445 498 σαρκδς
3487 428 3742 491 κένωσις
3793 429 3892 481 τοῦ

592 518 768 579 derit,
800 533 862 573 ac
887 517 1054 580 unde,
1077 531 1186 586 quo
1220 515 1336 585 (qui
1366 515 1608 570 inﬁmam
1639 531 1826 571 rerum
1853 516 2018 586 hujus
2048 517 2172 570 uni-

594 609 740 665 versi
775 609 993 673 sedem,
1021 608 1172 678 gravi
1204 624 1307 663 nos
1344 609 1553 678 peccati
1593 623 1762 664 onere
1795 607 2170 677 deprimente,

593 699 1001 771 receperamus)
1050 699 1461 768 benignissime
1506 714 1608 754 nos
1650 700 1888 754 dexterae
1930 699 2174 768 polentia

591 793 869 856 evexerit,
909 790 1320 860 impensiusque
1362 805 1489 845 eum
1533 790 1859 860 diligamus,
1896 790 1990 860 qui
2033 791 2174 844 hanc

591 883 755 939 nobis
809 883 1042 936 salutem
1097 882 1332 951 sapienti
1387 881 1528 936 adeo
1577 883 1811 938 consilio
1870 883 2168 949 struxerit;

591 976 905 1045 nostrisque
939 974 1076 1030 adeo
1107 975 1210 1043 ipsi
1243 974 1577 1041 actionibus,
1609 977 1832 1045 plenum
1865 975 2170 1029 orationem

591 1070 850 1124 effectum
881 1075 1256 1130 consecutam,
1283 1075 1677 1130 monstremus,
1705 1078 1872 1136 atque
1901 1083 2050 1131 eum,
2076 1066 2171 1135 qui

591 1175 719 1214 vere
759 1174 858 1229 per
890 1157 1123 1228 gratiam
1147 1157 1318 1212 Pater
1350 1164 1464 1222 est,
1498 1158 1669 1212 Deum
1703 1173 1806 1213 nos
1837 1159 2168 1227 praedicare,

591 1251 801 1321 liquido
839 1249 1225 1315 ostendamus;
1268 1264 1380 1303 non
1419 1263 1554 1303 vero
1588 1263 1738 1313 eum,
1769 1250 1866 1319 qui
1907 1265 2004 1320 per
2038 1265 2169 1320 pro-

591 1345 944 1400 brosissimos
990 1342 1223 1397 allectus
1262 1342 1538 1411 vitiaque,
1585 1351 1839 1397 naturam
1884 1342 2170 1413 tyrannice

590 1446 824 1492 conatur
847 1436 1158 1506 opprimere
1185 1449 1249 1488 ac
1269 1435 1373 1489 sibi
1401 1435 1656 1490 addicere
1687 1435 1912 1506 (malum
1935 1435 2168 1506 scilicet)

593 1530 720 1584 vita:
752 1543 856 1582 nos
887 1534 1169 1597 parentem
1201 1525 1406 1580 habere
1436 1525 1725 1580 manifeste
1757 1525 2078 1595 prodamur,
2106 1543 2170 1582 ac

595 1618 998 1689 imprudentes,
1029 1619 1194 1672 vitam
1227 1611 1404 1672 morte
1430 1623 1864 1683 commutemus;
1897 1615 2168 1686 siquidem

595 1712 668 1765 ita
705 1718 1102 1779 comparatum,
1136 1717 1198 1762 ut
1232 1716 1464 1777 uterque
1500 1707 1730 1762 clientes
1762 1721 1894 1762 suos
1927 1707 2015 1761 his
2046 1723 2169 1777 quae

2275 511 2552 578 Μονογενο
2589 529 2616 574 ς
2655 516 3056 584 ἀπειργάσατο’
3096 516 3190 570 καὶ
3217 517 3412 580 πόθεν,
3467 517 3613 583 ποῦ,
3651 519 3795 583 τοὺς
3822 521 3888 573 τὸ

2275 602 2586 657 κατώτατον
2628 605 2721 658 τοῦ
2763 606 2962 669 παντὸς
2994 607 3284 678 εἰληφότας
3323 611 3560 682 χωρίον,
3622 613 3711 675 εἰς
3737 609 3887 685 ὅπερ

2274 697 2421 765 ἡμᾶς
2452 697 2514 750 τὸ
2542 699 2640 770 τῆς
2672 700 2946 769 ἁμαρτίας
2976 702 3140 771 βάρος
3171 703 3445 767 κατέωσε,
3478 704 3724 775 δυνάμει
3754 706 3885 775 φιλ-

2273 787 2566 858 άνθρώπου
2599 791 2784 861 χειρὸς
2811 791 3120 845 ἁνεὸίόασε·
3161 796 3258 846 καὶ
3291 794 3456 848 πλέον
3480 796 3886 868 ἀγαπήσωμεν

2271 877 2364 930 τὸν
2393 879 2596 950 ταύτην
2622 879 2764 933 οὕτω
2792 881 2970 950 σοφῶς
2993 883 3126 952 ἡμῖν
3152 883 3250 954 τὴν
3273 885 3552 956 σωτηρίαν
3577 888 3887 956 ὲτοιμασάο

2275 988 2436 1040 μενον
2458 989 2471 1003 ·
2532 973 2626 1026 καὶ
2668 972 2735 1025 δι’
2755 966 2831 1026 ὧν
2863 973 3174 1045 πράττομεν
3199 1014 3213 1037 ,
3269 975 3534 1047 δείξωμεν
3563 979 3668 1049 τὴν
3698 997 3886 1049 προσ-

2273 1063 2440 1134 ευχὴν
2493 1063 2916 1133 πληρουμένην,
2974 1064 3070 1116 καὶ
3111 1063 3202 1116 τὸν
3250 1064 3466 1136 ἀληθῶς
3516 1068 3663 1121 κατὰ
3709 1069 3884 1140 χάριν

2271 1154 2494 1226 Πατέρα
2539 1154 2673 1207 Θεὸν
2718 1154 2978 1225 φανῶμεν
3023 1157 3418 1226 κηρύττοντες·
3473 1159 3613 1212 ἀλλά
3665 1161 3743 1230 μὴ
3780 1162 3882 1214 διὰ

2271 1245 2379 1298 τῶν
2409 1246 2599 1300 παθῶν
2630 1247 2730 1316 τῆς
2754 1246 3010 1318 ἀτιμίας,
3062 1249 3152 1302 τὸν
3182 1250 3269 1302 ἀεὶ
3293 1252 3636 1320 τυραννικῶς
3664 1253 3880 1306 δεσπὸο

2271 1337 2386 1400 ζειν
2451 1337 2835 1409 ἐπιχειροῦντα
2900 1340 2999 1408 τῆς
3049 1341 3264 1409 φύσεως
3310 1343 3583 1414 πονηρὸν.
3643 1344 3876 1414 ἔχοντες

2269 1427 2363 1480 τοῦ
2395 1427 2512 1498 βίου
2541 1429 2754 1500 πατέρα
2787 1430 2973 1498 σαφῶς
3002 1433 3431 1503 ἀποδειχθῶμεν,
3483 1435 3576 1488 καὶ
3606 1437 3875 1508 λάθωμεν

2271 1518 2416 1589 ζωῆς
2463 1519 3042 1588 ἀντικαταλλάττοντες
3088 1523 3350 1578 θάνατον·
3402 1528 3705 1601 ἐπειδήπερ
3753 1533 3875 1584 τῶν

2270 1609 2583 1674 προσόντων
2636 1612 2897 1684 ἑκάτερος
2955 1612 3166 1685 [marg.
3201 1618 3230 1668 6
3258 1615 3391 1679 Θεὸς
3423 1618 3704 1688 δηλονότι,
3768 1626 3871 1677 καὶ

2268 1701 2298 1754 6
2317 1701 2584 1774 διάϐολος]
2607 1706 2720 1767 τοῖς
2743 1705 3124 1777 προσχωροῦσι
3147 1708 3420 1762 ποιεῖσθαι
3448 1711 3741 1779 μετάδοσιν
3765 1715 3870 1768 πέ-

591 1810 893 1872 suppetunt
919 1799 1295 1870 impartiatur;
1329 1799 1409 1854 sic
1435 1798 1698 1852 nimirum
1731 1807 1792 1852 ut
1822 1798 1914 1853 ille
1942 1797 2160 1868 quidem

2269 1808 2461 1860 φυκεψ
2495 1796 2522 1847 6
2551 1795 2668 1864 μὲν,
2724 1795 2893 1849 ἀΐδιον
2917 1796 3060 1866 ζωὴν
3088 1799 3201 1861 τοῖς
3225 1798 3514 1865 ἀγαπῶσιν
3540 1801 3706 1855 αὑτὸν
3732 1821 3866 1873 χορ·

591 1897 763 1949 vitam
795 1902 1082 1955 aeternam,
1117 1891 1224 1956 his,
1259 1890 1356 1960 qui
1392 1891 1570 1961 ipsum
1604 1889 1862 1960 diligunt,
1894 1888 2167 1944 submini-

589 1991 752 2048 stret;
782 1981 872 2035 hic
895 1996 1049 2044 vero,
1067 1979 1176 2045 his,
1198 1979 1292 2049 qui
1318 1979 1385 2033 ad
1412 1980 1592 2050 ipsum
1620 1977 1910 2043 accedunt,
1932 1986 2167 2033 mortem

589 2075 871 2145 importet,
897 2087 1086 2128 earum
1115 2071 1464 2142 suggestione
1493 2071 1883 2138 tentationum,
1905 2086 2029 2142 quae
2054 2085 2167 2127 non

588 2164 951 2222 illubentibus
980 2163 1144 2218 nobis
1177 2161 1524 2232 ingeruntur.

656 2253 869 2324 Duplex
915 2251 1062 2306 enim
1101 2260 1186 2305 est
1235 2250 1524 2320 (quantum
1573 2265 1640 2305 ex
1679 2250 1964 2322 Scriptura
1997 2250 2169 2308 disci-

589 2343 734 2415 mus)
791 2341 1110 2398 tentationis
1162 2357 1377 2412 genus:
1441 2355 1676 2410 quorum
1729 2343 1991 2406 alterum,
2037 2343 2167 2398 libi-

586 2436 775 2489 dinem
815 2433 1020 2496 habet;
1082 2431 1341 2494 alterum,
1395 2431 1642 2486 dolorem
1699 2447 1763 2486 ac
1817 2435 2164 2498 cruciatum;

585 2537 750 2594 atque
781 2523 1036 2585 alterum,
1086 2537 1118 2576 a
1164 2523 1336 2576 libera
1381 2523 1666 2577 voluntate
1718 2533 1844 2588 est;
1893 2525 2161 2590 alterum,

586 2616 776 2673 invitis
824 2614 1082 2670 infertur.
1123 2613 1199 2668 Ac
1247 2613 1381 2668 illud
1427 2614 1673 2684 quidem,
1703 2614 1914 2684 peccati
1962 2629 2163 2684 parens

584 2716 688 2772 est,
735 2706 790 2761 in
862 2704 1011 2775 quod
1049 2718 1210 2759 orare
1251 2703 1414 2759 nobis
1462 2713 1795 2774 praeceptum
1855 2713 1963 2768 est,
2005 2705 2163 2775 juxta

584 2797 802 2854 Domini
851 2795 1182 2860 doctrinam,
1230 2810 1300 2850 ne
1331 2795 1620 2861 intremus,
1661 2811 1786 2850 cum
1822 2798 1900 2851 ait
1936 2814 1950 2850 :
1999 2796 2068 2854 Et
2099 2814 2164 2852 ne

585 2908 678 2947 nos
718 2890 919 2960 inferas
973 2889 1028 2942 in
1078 2874 1437 2942 tentationem.
1491 2889 1560 2942 Et
1603 2888 1892 2959 :Vigitate,
1945 2899 2003 2944 ut
2057 2906 2164 2945 non

581 2981 789 3035 intretis
815 2980 872 3033 in
917 2978 1262 3033 tentationem
1287 2978 1362 3044 “;
1400 2979 1546 3032 istud
1576 2995 1730 3044 vero,
1771 2980 1980 3050 peccati
2014 2982 2161 3038 ultor

578 3077 690 3136 est,
742 3071 851 3135 his,
903 3085 1042 3138 quos
1081 3069 1269 3124 invitis
1321 3069 1577 3124 inductos
1612 3071 1970 3139 sustinemus,
2001 3072 2158 3129 labo-

2268 1883 2438 1953 ηγῶν·
2471 1887 2499 1938 6
2524 1885 2600 1949 δὲ,
2633 1884 2862 1940 θάνατον
2886 1890 2950 1958 τῇ
2975 1887 3083 1942 τῶν
3107 1889 3372 1945 ἑκουσίων
3395 1886 3634 1964 ὑποϐολῇ
3665 1911 3866 1966 πειρα-

2272 1973 2427 2045 σμῶν
2451 1976 2564 2039 τοῖς
2592 1975 2902 2044 ἐγγίζουσιν
2923 1979 3186 2048 ἐμποιῶν.

2337 2245 2522 2310 Διττὺς
2577 2245 2686 2318 γὰρ
2765 2245 2906 2302 κατά
2954 2247 3051 2318 τὴν
3095 2248 3318 2321 Γραφὴν
3371 2250 3482 2304 τῶν
3525 2255 3863 2326 πειρασμῶν

2264 2337 2294 2391 6
2315 2339 2534 2407 τρόπος·
2571 2341 2598 2392 6
2626 2338 2746 2408 μὲν,
2782 2341 3049 2410 ἡδονικὸς,
3077 2343 3104 2394 6
3129 2341 3206 2407 δὲ,
3237 2342 3512 2414 ὀδυνηρόν
3547 2347 3639 2400 καὶ
3667 2349 3698 2401 ό
3724 2351 3856 2419 μὲν,

2267 2428 2688 2498 προαιρετικὸς,
2723 2432 2752 2484 6
2799 2429 2886 2494 δὲ,
2936 2432 3318 2502 ἀπροαίρετος.
3375 2435 3485 2488 Καὶ
3526 2437 3554 2490 ὁ
3599 2440 3701 2508 μὲν
3748 2443 3859 2511 τῆς

2265 2518 2542 2588 ἁμαρτίας
2586 2523 2884 2592 γεννήτωρ,
2912 2522 2991 2584 είς
3034 2522 3094 2576 ὃν
3135 2524 3416 2591 εἰσελθεῖν,
3462 2529 3603 2582 κατά
3629 2530 3729 2601 τὴν
3752 2533 3857 2587 τοῦ

2264 2610 2469 2682 Κυρίου
2499 2609 2742 2682 διδαχὴν,
2770 2612 3104 2683 ἀπεύχεσθαι
3135 2617 3587 2690 προσετάγημεν,
3613 2623 3857 2690 φάσκονο

2263 2717 2375 2765 τος·
2408 2703 2513 2756 Kal
2539 2702 2626 2772 μὴ
2651 2704 3001 2775 εἰσενέγκῃς
3027 2704 3186 2775 ἡμᾶς
3213 2711 3300 2775 είς
3326 2715 3678 2783 πειρασμόν.
3714 2718 3851 2784 Καὶ,

2263 2793 2650 2863 Γρηγορεῖτε,
2683 2795 2780 2849 καὶ
2817 2799 3250 2866 προσεύχεσθε,
3295 2801 3394 2854 ἵνα
3417 2803 3503 2872 μὴ
3533 2808 3854 2876 εἰσέλθητε

2261 2883 2349 2948 είς
2371 2885 2723 2953 πειρασμόν·
2759 2887 2786 2938 6
2812 2885 2890 2952 δὲ,
2932 2888 3034 2958 τῆς
3064 2889 3341 2961 ἁμαρτίας
3368 2895 3634 2966 τιμωρὸς,
3679 2899 3853 2953 ἀκου-

2264 2970 2400 3035 σίοις
2447 2972 2625 3025 πόνων
2663 2973 2950 3046 ἐπιφοραῖς
2984 2976 3081 3046 τὴν
3114 2978 3570 3053 φιλαμαρτήμονα
3605 2987 3851 3051 κολάζων

2258 3060 2532 3116 διάθεσιν·
2590 3063 2649 3117 ὃν
2678 3065 2732 3117 εί
2772 3082 2857 3130 τις
2906 3068 3209 3141 ὑπομείνῃ,
3248 3073 3341 3125 καὶ
3381 3076 3616 3144 μάλιστα
3647 3080 3848 3147 κακίας

582 3161 761 3225 ribus,
787 3161 994 3230 peccati
1024 3168 1298 3214 amantem
1326 3160 1572 3214 animum
1629 3162 1932 3233 castigans;
1963 3163 2155 3220 istius-

2260 3152 2410 3222 ἥλοις
2462 3154 2562 3206 οὑκ
2605 3155 3068 3228 ἐμπεπαρμένος,
3128 3125 3419 3219 ixme
3463 3168 3559 3222 τοῦ
3605 3125 3846 3240 μεγάλοῦ

583 3252 732 3306 modi
779 3251 1137 3306 tentationem
1182 3250 1226 3305 si
1261 3251 1386 3320 quis
1431 3251 1758 3308 sustinuerit
1808 3253 1876 3324 (is
1924 3255 2160 3311 maxime

580 3342 676 3410 qui
722 3340 980 3394 vitiorum
1015 3354 1079 3394 ac
1127 3339 1388 3409 nequitiae
1431 3339 1598 3394 clavis
1631 3341 1855 3396 minime
1909 3342 2160 3398 conﬁxus

581 3431 674 3502 sit)
705 3431 926 3485 beatum
951 3429 1216 3486 Jacobum
1254 3428 1458 3484 diserte
1499 3430 1826 3486 clamantem
1864 3432 2158 3488 auditurus

571 3531 712 3578 est:
759 3521 924 3576 Omne
984 3521 1239 3592 gaudium
1293 3523 1610 3589 eaistimate,
1664 3516 1878 3592 fratres,
1931 3541 2050 3579 cum
2103 3526 2159 3579 in

579 3616 894 3669 tentationes
953 3616 1132 3669 varias
1183 3614 1502 3680 incideritis;
1565 3617 1692 3685 quia
1747 3618 1986 3687 probatio
2032 3617 2159 3686 ﬁdei

576 3716 763 3761 uestrae
809 3707 1121 3776 patientiam
1166 3714 1453 3777 operatur;
1497 3707 1756 3778 patientia
1801 3717 1980 3763 autem
2029 3725 2155 3780 pro-

574 3800 842 3854 bationem
861 3817 880 3866 ;
910 3800 1147 3871 probatio
1193 3807 1368 3854 autem
1401 3817 1530 3871 opus
1568 3801 1853 3871 perfectum
1877 3802 2066 3856 habeat
2089 3802 2153 3856 ".

579 3892 884 3962 Utrumque
933 3901 1116 3947 autem
1165 3891 1531 3946 tentationum
1560 3906 1736 3962 genus
1779 3893 1918 3962 (tum
1945 3891 2157 3947 scilicet

576 3999 766 4039 earum
821 3997 943 4053 quae
998 3998 1030 4037 a
1078 3974 1361 4038 voluntate
1407 3991 1569 4050 sunt,
1604 3994 1719 4040 tum
1759 3999 1879 4053 quae
1907 3984 2155 4039 exterius

577 4074 923 4145 ingeruntur)
963 4073 1199 4143 maligne
1246 4088 1524 4144 pravoque
1551 4073 1780 4129 consilio
1810 4075 1986 4129 malus
2023 4089 2152 4144 per-

578 4165 828 4234 sequitur
887 4163 1156 4232 enixcque
1222 4171 1411 4227 curat;
1454 4161 1696 4231 primum
1756 4161 1981 4230 quidem
2035 4162 2153 4232 ipse

574 4249 920 4314 seminando,
971 4248 1330 4318 corporisque
1359 4249 1704 4317 voluptatum
1737 4248 1996 4303 illecebra
2029 4248 2151 4302 ani-

575 4355 725 4393 mum
772 4339 1114 4409 proliciendo
1150 4353 1223 4392 .ac
1272 4338 1559 4403 irritando,
1594 4347 1656 4392 ut
1707 4354 1736 4392 a
1792 4339 1978 4393 divina
2009 4339 2150 4394 dile-

2256 3244 2551 3316 διαρρήδην
2600 3247 2829 3316 βοῶντος
2858 3250 3419 3311 Ἰακώϐου-’Πιῐσαν
3461 3263 3656 3329 χαρὰν
3698 3265 3850 3335 ἡγή-

2258 3339 2472 3396 σασθε,
2496 3335 2748 3405 ἀδελφοί
2765 3357 2904 3408 μου,
2935 3341 3079 3396 ὅταν
3105 3349 3456 3417 πειρασμοῖς
3485 3355 3850 3424 περιπέσητε

2259 3427 2588 3494 ποικίλοις,
2645 3428 2735 3484 ὅτι
2783 3431 2847 3485 τὸ
2895 3432 3166 3503 δοκίμιον
3211 3438 3380 3507 ὑμῶν
3424 3441 3535 3509 τῆς
3581 3447 3849 3516 πίστεως

2260 3519 2582 3588 ὑπομονὴν
2609 3523 3047 3593 κατεργάζεται·
3080 3528 3118 3596 ἠ
3143 3527 3210 3581 δὲ
3231 3532 3526 3603 ὑπομονὴ,
3553 3536 3844 3609 δοκιμήν.

2257 3609 2296 3676 ἡ
2323 3609 2390 3662 δὲ
2419 3610 2654 3681 δοκιμὴ,
2689 3616 2866 3683 ἔργον
2889 3617 3122 3672 τέλειον
3147 3619 3350 3689 ἐχέτω.
3395 3625 3754 3698 ’Δμφοτέρους
3781 3635 3848 3688 δὲ

2255 3701 2384 3765 τοὺς
2415 3707 2776 3774 πειρασμοὺς,
2822 3708 2912 3762 τὸν
2940 3708 3188 3766 ἑκούσιόν
3212 3732 3270 3768 τε
3318 3717 3521 3771 καὶτὸν
3551 3719 3840 3792 ἀκούσιον,

2257 3791 2510 3862 περιέπει
2555 3794 2882 3866 κακούργως
2921 3801 2949 3852 6
2990 3803 3255 3874 πονηρός·
3312 3805 3400 3860 τὸν
3429 3806 3543 3877 μὲν,
3590 3810 3845 3882 σπείρων

2255 3883 2352 3936 καὶ
2384 3884 2700 3977 διερεθίζων
2727 3887 2825 3958 τὴν
2853 3888 3031 3962 ψυχὴν
3054 3893 3267 3964 ἡδοναῖς
3291 3896 3558 3967 σώματος,
3590 3901 3843 3977 ἀποστῆ-

2258 3991 2347 4028 σαι
2399 3975 2500 4047 τῆς
2554 3975 2703 4042 θείας
2748 3980 2967 4050 ἀγάπης
3027 3984 3125 4054 τὴν
3172 3985 3358 4056 ἔφεσιν
3403 3975 3839 4063 μηχανώμενος’-ο

2253 4065 2344 4118 τὸν
2371 4067 2428 4120 δὲ
2463 4070 2794 4137 σοφιστικῶς
2827 4070 3151 4142 ὲξαιτεῖται,
3188 4077 3254 4130 δι’
3273 4078 3466 4147 ὀδύνης
3495 4082 3712 4155 φθεῖραι
3741 4087 3839 4156 τὴν

2254 4157 2414 4225 φύσιν
2463 4157 2804 4229 βουλόμενος,
2864 4163 2948 4218 ἵνα
2999 4165 3255 4238 βιάσηται
3292 4170 3390 4240 τὴν
3423 4171 3621 4244 ψυχὴν,
3648 4177 3838 4249 ἀτονία

2253 4249 2430 4303 πόνων
2460 4252 2894 4323 καταϐληθεῖσαν
2914 4295 2929 4320 ,
2990 4260 3128 4329 πρὸς
3154 4263 3253 4332 τὴν
3280 4262 3376 4316 τοῦ
3404 4266 3689 4332 κτίσαντος
3716 4269 3836 4323 δια-

2254 4339 2416 4410 ϐολὴν
2451 4342 2670 4412 κινῆσαι
2699 4345 2825 4406 τοὺς
2853 4346 3167 4419 λογισμούς.

575 4430 756 4484 ctione
815 4428 1175 4497 cupiditatem
1222 4434 1452 4493 avocet;
1513 4428 1746 4482 alterum
1799 4443 1966 4493 vero,
2027 4437 2148 4483 astu
2221 4427 2386 4501 366
2429 4430 2735 4503 fraudeque
2825 4435 3204 4506 deposcendo,
3275 4443 3381 4499 hoc
3431 4459 3717 4519 satagens,
3774 4462 3836 4509 ut

574 4521 764 4576 dolore
810 4535 876 4573 ac
935 4518 1184 4573 cruciatu
1247 4519 1570 4575 labefactata
1598 4529 1816 4585 natura,
1860 4521 2100 4575 animum
2165 4522 2446 4580 laboribus
2511 4525 2857 4583 fatiscentem
2902 4530 2968 4584 ad
3028 4531 3304 4590 Creatoris
3347 4518 3606 4610 injuriain
3649 4558 3712 4598 ac
3739 4559 3833 4599 ca-

576 4610 844 4666 lumniam
901 4619 1077 4680 cogat.

642 4699 755 4753 Nos
806 4714 960 4763 vero,
1005 4715 1144 4768 quos
1188 4716 1298 4755 non
1349 4702 1555 4756 lateant
1599 4703 1726 4757 mali
1777 4705 2025 4770 consilia,
2092 4707 2146 4762 id
2176 4723 2226 4784 ι)

572 4789 796 4861 quidem
839 4805 1015 4859 genus
1051 4791 1372 4846 tentationis
1415 4793 1560 4861 quod
1599 4795 1882 4851 voluntate
1943 4799 2144 4854 comite

569 4891 676 4946 est,
699 4881 1086 4951 deprecemur,
1110 4897 1179 4936 ne
1213 4897 1244 4934 a
1271 4882 1457 4937 divina
1482 4884 1776 4941 dilectione
1808 4887 2143 4946 desiderium

569 4971 738 5026 animi
788 4970 1175 5024 abstrahamus
1212 4989 1224 5023 :
1259 4971 1404 5041 quod
1450 4984 1636 5028 autem
1681 4975 1982 5037 violentum
2036 4989 2139 5046 est,

569 5078 692 5117 cum
759 5063 855 5117 Dei
914 5062 1186 5132 permissu
1239 5073 1488 5135 nutuque
1551 5068 1856 5137 advenerit,
1917 5083 2142 5129 strenue

561 5154 804 5224 fortique
836 5155 1021 5209 animo
1058 5155 1465 5224 sustineamus,
1502 5167 1562 5214 ut
1600 5169 1809 5216 natura:
1844 5164 2139 5220 Auctorem

567 5245 671 5313 ipsi
725 5246 873 5300 clare
943 5255 1154 5302 natura:
1207 5264 1309 5302 nos
1371 5251 1680 5318 prtrtulissc
1743 5262 2136 5310 monstremur.

564 5331 783 5388 Utinam
823 5351 956 5389 vero
987 5351 1182 5392 omnes
1211 5337 1305 5406 qui
1331 5353 1530 5393 nomen
1561 5340 1778 5394 Domini
1807 5343 1982 5396 nostri
2008 5344 2136 5398 Jesu

560 5422 766 5478 Christi
806 5425 1144 5491 invocamus,
1181 5438 1298 5484 tum
1345 5445 1377 5484 a
1409 5431 1534 5485 vitae
1586 5431 1749 5501 hujus
1789 5433 2135 5489 delectabili-

567 5511 822 5582 bus,qu:e
851 5517 978 5570 mali
1000 5521 1705 5592 suggestioneingeruntur,
1735 5535 1848 5578 tum
1875 5541 1905 5580 a
1933 5527 2134 5583 lutum

635 5682 676 5713 “
705 5683 891 5740 Matth.
921 5705 1064 5754 XXVI,
1103 5693 1186 5747 Η.
1266 5695 1309 5725 ’⁵⁵
1342 5695 1455 5750 Jac.
1489 5713 1526 5759 ι,
1555 5697 1622 5763 2;
1658 5698 1816 5752 Rom.
1848 5716 1900 5764 v,
1929 5702 1984 5754 4.

2335 4709 2473 4762 Ἀλλ’
2493 4712 2868 4779 ἐπεγνωκότες
2891 4716 3051 4786 ἡμεῖς
3079 4717 3172 4771 τοῦ
3205 4721 3444 4792 πονηροῦ
3474 4725 3542 4777 τά
3567 4728 3832 4796 νοήματα,

2244 4799 2335 4892 τὸν
2380 4802 2478 4870 μὲν
2525 4803 2772 4857 ἑκούσιον
2818 4806 3187 4878 ἀπευξὼμεθα
3236 4816 3578 4886 πειρασμὸν,
3636 4818 3722 4871 ἵνα
3758 4821 3836 4892 μὴ

2243 4891 2343 4960 τῆς
2371 4892 2515 4956 θείας
2561 4895 2781 4965 ἀγάπης
2813 4896 2909 4968 τὴν
2939 4898 3123 4969 ἔφεσιν
3153 4901 3557 4976 ἀποστήσωμεν
3576 4925 3589 4938 ·
3652 4910 3746 4962 τὸν
3778 4913 3833 4966 δὲ

2244 4983 2498 5038 ἀκούσιον
2559 4987 2924 5057 ἐπερχόμενον
2981 4994 3326 5064 συγχωρήσει
3373 4997 3510 5051 Θεοῦ
3560 5004 3829 5069 γενναίως

2242 5076 2644 5148 ὑπομείνωμεν,
2699 5082 2788 5134 ἵνα
2813 5083 3070 5154 φανῶμεν
3101 5090 3569 5158 προτετιμηκὸτες
3599 5094 3698 5163 τῆς
3727 5097 3833 5163 φύε

2241 5184 2415 5234 σεως,
2464 5169 2554 5223 τὸν
2594 5170 2816 5241 κτίστην
2857 5174 2956 5244 τῆς
2994 5174 3225 5242 φύσεως.
3288 5178 3507 5234 Γένοιτο
3535 5182 3594 5236 δὲ
3625 5186 3833 5252 πάντας

2241 5257 2386 5327 ἡμᾶς
2412 5262 2538 5324 τοὺς
2564 5263 3024 5336 ἐπικαλουμένους
3044 5267 3102 5320 τὸ
3128 5267 3298 5339 ὄνομα
3323 5270 3418 5323 τοῦ
3445 5274 3652 5340 Κυρίου
3677 5279 3833 5347 ἡμῶν

2254 5350 2428 5419 Ἰησοῦ
2459 5354 2696 5423 Χριστοῦ
2724 5397 2738 5421 ,
2795 5357 2903 5411 τῶν
2934 5375 2993 5410 τε
3022 5358 3115 5411 νῦν
3144 5361 3317 5430 ἡδέων
3344 5363 3437 5416 τοῦ
3464 5370 3708 5438 πονηροῦ
3736 5370 3830 5422 λυο

2236 5443 2544 5532 τρωθῆναι,
2603 5449 2697 5500 καὶ
2733 5449 2844 5504 τῶν
2885 5451 3181 5520 μελλόντων
3218 5454 3485 5522 ἀλγεινῶν
3523 5459 3828 5532 ἐλευθερω-

2240 5531 2429 5601 θῆναι,
2493 5538 2556 5605 τῇ
2614 5538 2830 5606 μεθέξει
2877 5540 2976 5610 τῆς
3023 5541 3139 5594 κατ’
3169 5537 3308 5606 εἶδος
3359 5544 3470 5600 τῶν
3520 5531 3826 5617 μελλόντων
