4126 6316
383 333 490 401 9ll9

1299 335 1700 396 EXPOSITIU
1756 336 2166 398 ORATIONIS
2222 336 2631 402 DOMINIC/E.

3517 347 3622 413 910

386 453 602 518 ἀγαθῶν
625 443 970 507 ὑποστάσεως
987 485 1002 511 ,
1057 445 1385 518 ἐποφθείσης
1406 451 1538 520 ἡμῖν
1562 451 1620 502 ὲν
1647 449 1795 520 αύτῷ
1819 451 1862 502 Χ
1871 467 1950 521 ρι-

2057 451 2309 507 tristibus
2333 467 2398 507 ac
2436 453 2825 509 cruciamentis
2865 469 3143 522 eruamur,
3185 456 3306 525 ipso
3357 471 3458 526 per
3495 472 3622 526 spe-

388 540 497 610 στῷ
527 538 603 608 τῷ
631 536 820 607 Κυρίῳ
847 535 1032 606 ἡμῶν,
1078 537 1157 609 τῷ
1189 539 1334 610 μόνῳ
1368 541 1464 593 σὺν
1491 541 1665 611 Πατρὶ
1697 542 1790 594 καὶ
1815 541 1955 612 ἁγίῳ

385 630 659 702 Πνεύματι
707 627 1046 699 δοξαζομένῳ
1125 630 1275 702 παρὰ
1330 631 1510 704 πάσης
1557 631 1659 704 τῆς
1701 633 1951 697 κτίσεως.

396 724 580 795 Ἀμήν·

1024 923 1298 978 ΣΧΟΛΙΑ.

446 1012 518 1070 α’.
551 1013 642 1070 Fr.
673 1014 879 1069 Ταυτὸν
906 1015 998 1068 ἐπὶ
1027 1014 1161 1067 Θεοῦ
1187 1013 1349 1084 βουλὴ
1373 1013 1465 1068 καὶ
1491 1013 1760 1084 βούλησις.

451 1106 516 1177 β’.
566 1107 839 1172 Ἐπαίνου,
893 1108 1046 1177 φησὶ,
1097 1106 1190 1160 καὶ
1223 1105 1389 1174 ψόγου
1424 1106 1566 1161 κατὰ
1593 1104 1752 1172 φύσιν
1775 1103 1950 1177 ύπάρ-

377 1217 489 1272 χων
521 1201 549 1252 ὁ
575 1199 732 1267 λόγος
757 1199 1039 1270 ἐλεύθερος
1061 1238 1074 1262 ,
1122 1197 1309 1267 ἀπαθῆ
1344 1199 1488 1251 ποιεῖ
1513 1196 1605 1249 τὸν
1640 1197 1784 1266 μόνῳ
1810 1195 1950 1265 λόγῳ

378 1294 478 1364 ζῇν
501 1290 950 1362 προαιρούμενον
985 1289 1238 1360 χωρίζειν
1263 1289 1462 1342 πείθων
1481 1287 1591 1341 τῶν
1615 1287 1951 1358 φθοροποιῶν

378 1383 477 1450 τῆς
523 1382 704 1452 ψυχῆς
752 1381 851 1453 τὴν
899 1381 1227 1451 ὲπιθυμίαν’
1290 1376 1359 1452 ἧς
1403 1379 1813 1452 ἀπογενομένης
1842 1379 1952 1433 τῶν

377 1474 577 1528 ὑλικῶν
597 1515 612 1540 ,
668 1474 790 1527 οὔτε
819 1474 928 1527 τῶν
952 1472 1342 1538 ἐπαινούντων,
1395 1469 1518 1526 οὔτε
1547 1471 1656 1526 τῶν
1677 1471 1950 1542 ψεγόντων

375 1567 450 1630 ὡς
472 1567 716 1638 πάσχων,
751 1567 779 1620 ό
806 1565 927 1619 καθ’
945 1564 1057 1630 ἕξιν
1081 1567 1252 1638 πρᾶος
1281 1563 1614 1629 αἰσθάνεται,

441 1846 477 1897 γ
497 1866 512 1880 .
550 1825 676 1880 Ven.
705 1834 754 1880 et
778 1825 873 1880 Fr.
921 1823 1163 1888 Ἀνίσους
1189 1822 1456 1885 διαθέσεις
1494 1821 1664 1888 λέγει,
1686 1818 1785 1883 τὰς
1813 1819 1951 1889 πρὸς

371 1919 576 1983 ἑαυτὰς
609 1919 707 1989 τὴν
733 1917 910 1990 ψυχὴν
943 1915 1279 1986 μορφούσας,
1330 1912 1425 1967 τοῦ
1448 1929 1507 1965 τε
1532 1910 1705 1982 θυμοῦ
1735 1911 1828 1963 καὶ
1853 1910 1952 1980 τῆς

372 2011 666 2082 ἐπιθυμίας
692 2011 963 2081 κινήσειςσ
1002 2003 1076 2062 ὧν
1105 2006 1388 2077 ἐλεύθερον
1418 1999 1558 2057 εἶναι
1587 2003 1666 2056 δεῖ
1698 2001 1789 2056 τὸν
1811 2002 1951 2072 Χρι-

371 2100 498 2155 στοῦ
531 2101 800 2172 μαθητήνο
838 2103 976 2172 μήτε
1007 2099 1161 2170 χύσει
1190 2097 1286 2150 τοῦ
1321 2097 1450 2168 περὶ
1473 2094 1698 2167 καρδίαν
1723 2093 1952 2164 αἵματος

371 2194 508 2265 πρὸς
534 2193 729 2264 ἡδονὰς
756 2192 1153 2257 ὀλισθαίνοντα,
1191 2191 1327 2260 μήτε
1361 2183 1634 2253 ζέσειιτοῦ
1668 2185 1796 2256 περὶ
1819 2201 1953 2254 καρ-

369 2286 487 2338 δίαν
520 2285 748 2354 αἵματος
779 2284 914 2354 πρὸς
933 2282 1102 2354 ὀργὰς
1132 2281 1546 2350 ὲκμαινόμενον.

439 2375 499 2430 δ’.
539 2373 630 2429 Fr.
664 2374 854 2442 Λόγων
884 2373 1128 2444 δηλονότι
1162 2368 1478 2441 Ἑλληνικοῦ
1513 2369 1606 2422 καὶ
1633 2365 1947 2421 ἰουδαῖκοῦο

370 2459 444 2520 ὧν
490 2468 550 2521 έν
593 2465 815 2537 Χριστῷ
868 2464 1146 2527 παντελῶς
1190 2463 1386 2526 οὐδείς.
1434 2460 1660 2531 Ἐπίσης
1693 2462 1804 2530 γὰρ
1850 2457 1952 2527 τῆς

370 2558 708 2628 πυλυαρχίας
729 2599 744 2623 ,
798 2559 894 2611 καὶ
925 2558 1023 2628 τῆς
1053 2557 1134 2609 ἐνὶ
1164 2553 1439 2626 προσώπῳ
1469 2551 1951 2624 περιγραφομένης

371 2651 688 2721 μοναρχίας,
728 2650 756 2702 ό
785 2647 876 2702 τοῦ
903 2647 1140 2721 Χριστοῦ
1171 2646 1470 2719 καθαρεύει
1499 2646 1679 2714 λόγος.

439 2839 501 2888 ε’.
530 2831 622 2886 Fr.
645 2830 722 2884 Οὐ
747 2829 856 2901 γὰρ
891 2828 1038 2883 κατὰ
1059 2825 1337 2898 γέννησιν,
1373 2826 1406 2897 ἢ
1437 2827 1683 2898 πρόοδον,
1715 2827 1835 2899 ἥτοι
1860 2826 1951 2880 έκ-

371 2941 586 2994 φανσιν.

444 3023 517 3081 ς’.
554 3014 643 3068 Fr.
680 3014 804 3078 Πῶς
845 3030 928 3078 τις
974 3011 1197 3067 δύναται
1245 3011 1461 3082 ἀφιέναι
1506 3013 1617 3074 τοῖς
1649 3010 1950 3080 ὀφειλέταις

371 3107 436 3161 τὰ
463 3107 805 3176 ὀφειλήματα
823 3122 838 3172 ;

439 3201 504 3264 ζ’.
555 3197 646 3254 Fr.
695 3199 826 3262 Ταῖς
867 3197 977 3252 τῶν
1004 3197 1189 3268 ψυχῶν
1229 3196 1388 3268 ἡμῶν
1433 3195 1734 3250 διαθέσεσιν
1765 3197 1798 3266 ἡ
1826 3194 1947 3249 θεία

369 3291 595 3354 δεόντως
625 3291 997 3360 ὲφαρμόζεται
1021 3289 1359 3361 δικαιοσύνη,
1391 3289 1613 3361 τοιαύτη
1639 3289 1771 3360 ἡμῖν
1803 3305 1948 3356 γινο-

373 3382 531 3452 μένη,
548 3384 692 3446 οἴους
722 3383 975 3455 ἀλλήλοις
992 3383 1217 3446 ἑαυτοὺς
1239 3381 1586 3453 πεποιήμεθα
1606 3395 1621 3410 ⁹
1649 3381 1744 3436 καὶ
1771 3381 1947 3434 τοιοῦ-

369 3491 460 3528 τον
489 3478 620 3546 ἡμῖν
645 3476 826 3540 αὐτοῖς
860 3476 952 3530 τὸν
987 3475 1121 3530 Θεὸν
1158 3474 1493 3539 καθιστῶσα,
1528 3474 1674 3538 οἴους
1703 3473 1946 3543 φθάσαν-

373 3582 464 3629 τες
493 3567 602 3628 τοῖς
627 3564 1014 3634 ὁμοιοπαθέσιν
1045 3565 1269 3627 ἑαυτοὺς
1292 3563 1643 3633 διεθήκαμεν.
1718 3567 1735 3580 '

440 3740 512 3810 η’.
560 3741 618 3792 Ὀ
651 3741 750 3810 τῆς
772 3738 984 3808 φύσεως
1013 3737 1188 3806 λόγος,
1219 3738 1374 3808 φησὶ,
1423 3737 1518 3790 καὶ
1546 3735 1708 3805 νόμος
1739 3736 1946 3802 γίνεται

373 3830 608 3900 φύσεως,
642 3832 936 3902 λαμϐάνων
964 3828 1359 3899 συμφωνοῦσαν
1386 3827 1488 3897 τὴν
1512 3825 1738 3895 γνώμην
1764 3827 1842 3888 εἰς
1864 3826 1948 3878 έν-

372 3919 588 3992 έργειαν
619 3921 728 3975 τῶν
763 3921 902 3975 κατὰ
930 3920 1091 3990 φύσιν
1118 3919 1416 3989 δυνάμεων.

2057 543 2197 598 ciem
2227 542 2414 598 donati
2436 543 2756 601 substantiae
2790 544 3060 598 bonorum
3082 546 3433 612 commercio,
3467 559 3624 616 cujus

2056 643 2276 704 aspectu
2326 633 2597 701 fruamur,
2653 635 2705 690 in
2738 637 2858 706 ipso
2884 634 3103 690 Christo
3151 636 3382 691 Domino
3409 645 3619 702 nostro,

2055 724 2151 793 qui
2201 723 2352 779 solus
2383 739 2507 779 cum
2535 726 2696 780 Patre
2737 735 2792 782 et
2843 725 3053 796 Spiritu
3101 736 3294 781 sancto
3340 742 3372 782 a
3421 729 3623 783 creatis

2055 813 2312 869 omnibus
2361 815 2630 869 laudatur.
2683 816 2870 871 Amen.

2705 923 3017 979 SCHOLIA.

2125 1012 2176 1065 l.
2218 1013 2314 1067 Dei
2347 1012 2490 1068 idem
2523 1014 2816 1068 consilium
2869 1021 2953 1067 est
3001 1027 3066 1067 ac
3112 1013 3384 1071 voluntas.

2121 1103 2176 1157 2.
2215 1102 2355 1158 Cum
2387 1104 2536 1159 enim
2564 1105 2706 1159 ratio
2731 1113 2928 1159 natura
2953 1120 2984 1158 a
3016 1104 3177 1159 laude
3204 1114 3368 1176 atque
3407 1107 3625 1180 vitupe-

2053 1193 2137 1248 rio
2163 1193 2339 1248 libera
2360 1194 2464 1260 sit;
2490 1209 2616 1249 eum
2644 1194 2713 1250 ab
2732 1194 3020 1250 all‘ectibus
3053 1196 3352 1252 immunem
3380 1208 3619 1268 praestat,

2052 1284 2148 1356 qui
2174 1294 2235 1340 ut
2259 1285 2375 1340 sola
2397 1285 2545 1340 vivat
2566 1285 2779 1340 ratione
2807 1285 2862 1340 in
2887 1287 3130 1341 animum
3156 1287 3398 1356 inducit;
3423 1306 3621 1362 nempe

2053 1376 2288 1432 suadens
2319 1384 2377 1431 ut
2403 1376 2572 1432 animi
2603 1375 2956 1446 cupiditatem
2985 1377 3055 1431 ab
3078 1378 3146 1432 iis
3173 1379 3474 1445 abstrahat,
3500 1398 3622 1451 qua:

2053 1469 2459 1539 corruptionem
2498 1468 2788 1539 labemque
2820 1468 3106 1523 inducunt.
3150 1468 3286 1536 Qua,
3327 1484 3357 1524 a
3388 1473 3623 1528 terrenis

2051 1558 2330 1629 abiuneta,
2379 1557 2476 1626 qui
2530 1556 2723 1611 habitu
2770 1556 2921 1611 mitis
2965 1569 3069 1622 est,
3123 1572 3302 1627 neque
3335 1559 3623 1614 laudantes

2051 1648 2220 1703 sentit
2276 1662 2458 1715 neque
2508 1647 2903 1716 vituperantes,
2959 1647 3115 1717 quasi
3174 1649 3442 1704 alterutro
3509 1650 3626 1704 alli-

2052 1739 2252 1794 ciatur.
2411 1723 2416 1728 ’

2122 1833 2176 1887 5.
2219 1830 2514 1901 lnaaquales
2561 1829 2883 1886 affectiones
2923 1838 3105 1895 vocat,
3153 1830 3252 1885 ira:
3299 1831 3511 1887 scilicet
3559 1848 3624 1887 ac

2052 1922 2373 1992 cupiditatis
2424 1931 2628 1989 motus,
2675 1936 2744 1976 ex
2784 1920 2871 1975 sui
2924 1921 3136 1977 ratione
3170 1922 3416 1976 animum
3454 1923 3614 1977 infor-

2051 2020 2285 2078 mantes,
2318 2029 2348 2068 a
2385 2012 2843 2083 quibusliberum
2866 2027 2986 2067 esse
3021 2021 3240 2082 oportet
3282 2013 3486 2068 Christi
3534 2014 3614 2068 di-

2051 2103 2356 2172 scipulum;
2403 2110 2464 2156 ut
2486 2117 2665 2172 neque
2716 2101 2997 2172 sanguinis
3023 2103 3171 2156 circa
3201 2117 3295 2157 cor
3328 2103 3622 2160 dill‘usione

2051 2192 2119 2246 ad
2148 2193 2406 2248 libidines
2433 2193 2772 2263 prolabatur,
2804 2208 2984 2262 neque
3033 2193 3316 2264 sanguinis
3348 2194 3496 2251 circa
3525 2211 3623 2251 cor

2051 2283 2373 2338 aecensione
2418 2284 2512 2338 ira
2550 2283 2737 2338 furore
2770 2283 3096 2338 concitetur.

2119 2374 2174 2428 4.
2217 2373 2444 2436 Horum,
2489 2372 2786 2428 Graecaniei
2817 2373 3024 2427 scilicet
3063 2388 3128 2427 ac
3159 2374 3376 2432 Judaici
3405 2392 3615 2432 sermo-

2050 2463 2173 2528 nis,
2220 2471 2419 2518 neuter
2462 2479 2691 2534 prorsus
2726 2464 2782 2517 in
2819 2463 3039 2520 Christo
3075 2473 3179 2521 est.
3215 2467 3450 2523 Perinde
3475 2469 3623 2524 enim

2050 2554 2255 2611 Christi
2291 2569 2473 2610 sermo
2511 2569 2576 2609 ac
2615 2555 2865 2611 doctrina
2889 2572 2919 2610 a
2954 2557 3264 2627 principatu
3295 2558 3451 2615 abest
3475 2561 3623 2616 inter

2051 2649 2255 2703 multos
2283 2647 2484 2712 diviso,
2511 2657 2567 2703 et
2593 2648 2660 2702 ab
2697 2663 2786 2714 eo,
2827 2649 2922 2719 qui
2957 2649 3073 2719 ipse
3111 2665 3274 2717 unus,
3300 2651 3463 2707 unius
3493 2669 3621 2724 per-

2051 2750 2200 2790 sonae
2229 2735 2494 2806 angustiis
2543 2745 2807 2791 arctatur.

2121 2824 2174 2878 5.
2212 2823 2334 2879 Non
2368 2825 2516 2879 enim
2557 2825 2932 2895 generatione,
2974 2835 3071 2882 aut
3110 2829 3460 2899 processione
3504 2833 3622 2889 sive

2050 2923 2176 2970 ortu
2211 2929 2276 2970 ac
2323 2915 2470 2985 quod
2500 2915 2754 2971 eluxerit.

2123 3005 2176 3060 θ.
2217 3005 2468 3072 Quonam
2517 3006 2682 3062 modo
2723 3015 2908 3076 potest
2949 3007 3074 3078 quis
3118 3009 3398 3069 dimittere
3435 3014 3622 3070 debita

1976 3110 2022 3170 (ζ
2053 3099 2434 3156 debitoribus?

2116 3191 2167 3244 7.
2209 3189 2402 3244 Divina
2439 3191 2836 3246 convenienter
2859 3193 3091 3263 justitia,
3130 3195 3295 3249 animi
3335 3197 3506 3252 nostri
3537 3198 3620 3254 af-

2045 3278 2282 3336 fectibus
2308 3287 2561 3348 aptatur;
2599 3281 2722 3334 talis
2743 3281 2959 3336 scilicet
2989 3283 3105 3352 ipsa
3135 3284 3296 3341 nobis
3326 3286 3620 3354 exsistens,

2045 3370 2236 3440 quales
2265 3371 2357 3424 alii
2385 3370 2508 3426 aliis
2525 3366 2627 3426 nes
2651 3372 2754 3442 ipsi
2776 3373 3123 3440 exsistimus;
3153 3375 3431 3447 Deumque
3458 3379 3620 3435 talem

2046 3461 2206 3516 nobis
2235 3462 2599 3530 constituens,
2635 3463 2826 3533 quales
2870 3479 3000 3535 erga
3040 3467 3291 3538 ejusdem
3324 3471 3490 3525 sortis
3513 3471 3618 3528 mi-

2046 3553 2212 3608 sellos
2249 3553 2504 3610 homines
2545 3566 2711 3626 atque
2761 3557 3021 3612 mortales
3068 3574 3172 3614 nos
3213 3559 3316 3630 ipsi
3363 3563 3617 3618 exhibui-

2047 3659 2187 3701 mus.

2115 3737 2168 3791 8.
2210 3739 2428 3794 Natura:
2458 3741 2597 3795 ratio
2632 3742 2686 3794 in
2710 3753 2919 3798 natura:
2964 3743 3136 3814 ipsam
3163 3744 3337 3816 legem
3365 3747 3617 3817 vertitur,

2046 3828 2384 3884 voluntatem
2417 3846 2705 3887 assumens
2747 3849 2870 3903 qua:
2919 3851 3202 3890 assensum
3247 3839 3488 3906 praebeat
3519 3856 3618 3894 na-

2048 3916 2307 3971 turalium
2348 3919 2654 3987 operationi
2697 3922 2899 3976 virium
2929 3939 2993 3978 ac
3027 3923 3365 3980 facultatum.

1259 4105 3605 4151 mm

1315 4226 1667 4322 MONITUM
1708 4259 1808 4319 AD
1846 4259 2140 4320 LIBRUM
2181 4260 2621 4322 ASCETICUM.

462 4413 712 4479 Maximi
785 4412 1004 4473 librum
1036 4410 1402 4494 gasceticum
1449 4409 1553 4488 (id
1603 4415 1735 4494 est_,_
1784 4408 1866 4469 ad
1882 4409 2193 4494 pietatem
2234 4419 2650 4494 exercentem,
2697 4411 3274 4494 ut_di1tit_Nohiliuis
3323 4416 3431 4494 qui
3476 4417 3615 4494 ipse

369 4497 582 4560 Latine
614 4489 1099 4572 repraesentavit,
1140 4495 1201 4550 et
1229 4485 1623 4572 Balnearum
1659 4485 2350 4572 aliquotZChrysostomi
2387 4494 2448 4550 et
2488 4489 2729 4572 duabus
2767 4489 2974 4572 Basilii
3005 4491 3286 4572 epistolis
3325 4485 3427 4554 an.
3467 4485 3614 4556 1578

369 4574 584 4651 edidit)
636 4564 817 4651 nullo
860 4568 982 4630 alio
1029 4568 1419 4651 commodius
1445 4566 1606 4651 _loc_o
1643 4564 1843 4628 visum
1891 4564 2062 4651 dare,
2105 4583 2294 4644 quam
2337 4569 2885 4651 ut_subnecterem
2929 4564 3205 4651 Orationi
3251 4572 3610 4649 Dominieaz,

367 4654 457 4716 sic
497 4645 620 4732 pie,
658 4649 1028 4720 luculenter,
1061 4655 1122 4732 et
1161 4647 1240 4732 ad
1289 4645 1606 4732 charitatis
1649 4661 1928 4732 sensum,
1966 4645 2045 4732 ab
2089 4661 2167 4706 eo
2210 4647 2554 4732 expositae:
2590 4665 2778 4732 quam
2821 4645 3183 4732 charitatem
3211 4667 3290 4712 ac
3321 4645 3615 4732 dilectio-1

366 4722 534 4805 nem,
564 4722 697 4792 toto
739 4735 966 4808 nostrae
999 4725 1213 4787 salutis
1244 4724 1497 4808 negotio
1533 4724 1776 4808 cunctis
1811 4722 2153 4808 dominam,
2188 4729 2249 4785 et
2291 4722 2554 4808 scopum
2598 4722 2922 4808 acrrﬁnem,
2961 4729 3368 4808 omniumque
3409 4731 3612 4792 admi-

366 4799 622 4871 randam
654 4805 1183 4886 complexionem,
1216 4809 1276 4886 et
1305 4799 1642 4886 sanctitatis
1668 4819 1739 4865 ac
1771 4799 2175 4886 perfectionis
2213 4799 2440 4886 metam
2470 4803 2535 4886 in
2565 4818 2642 4886 eo
2674 4799 2973 4886 Maximus
3011 4799 3281 4869 miriﬁce
3307 4808 3610 4884 laudavit;

365 4888 728 4967 liQuideque
777 4880 936 4967 adeo
980 4883 1151 4967 nulla
1194 4881 1628 4967 allegoriarum
1671 4880 1957 4967 ambage,
1996 4885 2102 4967 aut
2142 4880 2286 4967 styli
2330 4883 3090 4967 productiorjsanfractu,
3122 4886 3409 4967 familiari
3447 4880 3610 4948 duo;

366 4959 503 5054 rum
536 4959 874 5054 colloquio
922 4978 1034 5051 sua
1081 4961 1182 5023 hic
1223 4960 1502 5054 digessit,
1535 4967 1604 5020 ut
1647 4959 1850 5054 nullas
1895 4961 2297 5054 meas‘notas‘
2321 4959 2598 5054 primum
2631 4962 3020 5052 adhibendas
3060 4965 3405 5054 putaverim
3445 4983 3458 5025 :
3495 4968 3613 5028 etsi

264 5055 280 5070 ’
364 5043 502 5132 ipsa
535 5037 762 5105 Nobilii
793 5037 1344 5132 versionynusqu-e
1385 5037 1518 5132 fere
1563 5045 1668 5098 aut
1696 5038 1868 5132 ‘alter
1915 5037 2238 5132 scriptum
2284 5037 2606 5132 locushut
2642 5057 2722 5101 ne
2761 5041 3019 5132 omnino
3058 5037 3132 5132 iis
3170 5042 3467 5132 intactum
3507 5062 3612 5105 re-

364 5115 759 5200 linquerem,
779 5119 989 5180 suasit.
1022 5121 1156 5181 Hoc
1189 5115 1357 5178 certe
1400 5116 1636 5200 audens
1674 5116 1878 5200 dicam
1922 5115 1988 5200 in
2033 5115 2282 5200 Patrum
2326 5117 2637 5190 asceticis,
2696 5135 2838 5200 quae
2877 5124 3041 5179 tanta
3072 5120 3303 5181 Graecis
3329 5127 3608 5200 exstant,

364 5216 437 5262 ac
480 5193 622 5276 quae
664 5198 869 5260 adhuc
917 5215 1156 5276 magna,
1186 5202 1419 5273 segete,
1461 5194 2028 5276 necdumivulgata
2071 5193 2330 5276 possint
2366 5193 3265 5276 reprwsentari,_ascetamque
3313 5193 3608 5275 formant,

365 5272 521 5339 nihil
565 5293 897 5338 occurrere
935 5272 1107 5353 quod
1143 5272 1328 5354 ineo
1366 5289 1596 5354 genere
1643 5273 1894 5354 majoris
1926 5272 2127 5354 videri
2165 5273 2382 5354 possit,
2419 5279 2531 5354 aut
2560 5273 2727 5352 quod
2769 5273 3004 5354 utilius,
3046 5272 3326 5354 omnium
3369 5272 3611 5340 virtutis

365 5356 652 5434 palaistra
702 5349 1081 5417 merentium
1129 5353 1246 5414 teri
1299 5349 1618 5434 manibus,
1669 5349 1864 5430 inque
1921 5349 2072 5423 illis,
2124 5349 2218 5410 vel
2269 5349 2996 5434 monasticesroligiosa
3047 5353 3466 5434 institutione,
3513 5359 3610 5418 vel

363 5429 684 5497 communi
729 5435 867 5512 ipsa
903 5439 1291 5512 augustaque
1334 5429 1674 5512 Christiana
1717 5429 1885 5492 serto
1925 5429 2530 5512 ac_nuncupa_tione,
2566 5431 2819 5512 assidue
2837 5429 3107 5512 versari.
3143 5434 3353 5495 Prodit
3383 5451 3458 5496 ex
3494 5435 3611 5497 du-

363 5512 514 5591 plici
561 5515 696 5573 Em.
740 5506 908 5591 card.
944 5506 1232 5591 Mazariiii
1263 5510 1404 5570 cod.
1437 5509 1940 5591 membranaceo,
1980 5506 2175 5570 altero
2212 5506 2492 5586 antiquo,
2539 5508 2737 5573 altero
2791 5509 3195 5589 bombycino,
3239 5513 3486 5576 emend.
3532 5529 3606 5576 ex

363 5587 622 5653 ineliore
669 5590 870 5670 Raph.
911 5589 1211 5665 Dufrenii,
1245 5604 1412 5651 nunc
1448 5587 1668 5667 Regio.
