4084 6332
463 291 570 360 9H
1638 281 1697 342 S.
1738 276 2025 340 MAXIMI
2059 272 2566 336 CONFESSORIS
3675 256 3839 323 912

484 467 2500 502 ___________________________..

1534 614 1673 671 ΤΟΥ
1726 613 1819 668 ΕΝ
1876 609 2103 667 ΑΓΙΟΙΣ
2150 607 2429 665 ηΑΤΡοΣ
2483 607 2683 665 ΗΜΩΝ

991 773 1723 910 ΜΑΞΙΜΟΥ
1776 775 2080 894 ΤΟΥ
2143 694 3244 892 ΟΜΟΛΟΓΗΤΟΥ

1541 999 1909 1090 ΛΟΓΟΣ
1986 993 2477 1086 ΑΣΚΗΤΙΚ
2489 995 2628 1083 ΟΣ

1667 1181 1828 1236 Κατὰ
1852 1177 2074 1234 πεῦσιν
2101 1174 2200 1230 καὶ
2226 1177 2572 1246 ἀπόκρισιν.

873 1489 1003 1620 S.
1103 1490 1240 1613 P.
1335 1485 1483 1610 N.
1579 1476 2183 1608 MAXIM]
2276 1472 3340 1604 CONFESSORIS

1467 1741 1886 1858 LIBER
1984 1734 2582 1851 ASCETIC
2605 1733 2773 1851 US

1607 1963 1674 2045 (ι.
1709 1982 1772 2024 ει.
1820 1979 1904 2023 AD
1935 1978 2243 2024 merum
2288 1959 2637 2039 EXERCENS)

1449 2132 1570 2193 Per
1592 2125 2154 2204 interrogationem
2191 2134 2254 2188 et
2284 2123 2789 2203 responsionem.

2100 2300 2168 2314 —

867 2431 1028 2504 337
1092 2428 1395 2492 FRATER,
1431 2421 1680 2482 SENEX.
2103 2431 2147 2486 Α

1666 2465 1680 2480 .
2103 2431 2147 2486 Α
2589 2417 2920 2482 ΑΔΕΛΦΟΣ,
2957 2419 2998 2470 0
3029 2415 3273 2471 ΓΕΡΩΝ.

557 2533 610 2590 ι.
648 2530 841 2587 Frater
870 2521 1234 2594 interrogavit
1256 2535 1444 2577 senem
1472 2518 1562 2575 his
1582 2518 1773 2575 verbis
1809 2534 1823 2571 :
1854 2516 2068 2571 Amabo

2242 2521 2312 2569 α’.
2355 2513 2613 2584 Ἀδελφδς
2644 2510 2898 2584 ἠρώτησε
2932 2508 3188 2581 γέροντα,
3207 2507 3384 2577 λέγων
3405 2526 3416 2540 ·
3437 2509 3776 2580 Παρακαλῶ

485 2635 563 2690 te,
595 2624 672 2679 mi
716 2621 901 2684 Pater,
936 2617 1026 2672 dic
1072 2615 1232 2678 mihi,
1266 2629 1377 2685 quo
1425 2620 1658 2685 spectet,
1706 2611 1900 2680 quisve
1951 2610 2071 2681 ejus

2176 2625 2254 2674 σε,
2274 2609 2667 2680 Πάτερ,είπείν
2685 2621 2797 2675 μοι,
2820 2603 2903 2667 τίς
2923 2604 2951 2656 6
2978 2601 3179 2665 σκοπὸς
3204 2597 3272 2673 ἦν
3301 2604 3400 2674 τῆς
3426 2602 3520 2656 τοῦ
3544 2605 3771 2675 Κυρίου

486 2713 613 2770 ﬁnis
657 2710 804 2782 quod
841 2707 1109 2763 Dominus
1139 2705 1304 2758 homo
1346 2701 1523 2757 factus
1560 2697 1812 2754 est?Cui
1841 2712 2072 2767 respon-

2171 2699 2669 2770 ὲνανθρωπήσεωςς
2691 2697 2800 2749 Καὶ
2829 2697 2857 2748 6
2882 2693 3061 2765 γέρων
3088 2693 3409 2765 ἀποκριθεὶς
3447 2690 3591 2747 εἴπεο
3612 2696 3767 2782 Θαυ-

487 2769 572 2861 dit
596 2769 782 2859 senex
811 2818 825 2854 :
856 2799 1026 2855 Miror
1063 2805 1138 2859 te,
1174 2794 1365 2859 frater,
1391 2791 1486 2862 qui
1544 2790 1794 2862 quotidie
1823 2787 2073 2866 ‘Symbo-

2175 2789 2334 2862 μάξω
2364 2807 2458 2854 σε,
2486 2769 2718 2858 γἈδελφὲ
2738 2829 2756 2854 ,
2791 2789 2873 2841 ὃτι
2923 2785 3046 2840 καθ’
3073 2787 3284 2857 ἡμέραν
3329 2785 3426 2839 τοῦ
3481 2769 3763 2857 συμϐόλου

487 2893 604 2947 lum
645 2889 771 2944 fidei
820 2886 1033 2949 audias,
1081 2881 1228 2952 quod
1271 2895 1360 2934 me
1416 2894 1480 2934 ea
1527 2877 1595 2932 de
1649 2892 1709 2930 re
1742 2875 2067 2944 interrogas.

2171 2883 2387 2938 ἀκούων
2421 2885 2520 2953 τῆς
2552 2883 2810 2944 πίστεως,
2849 2879 2978 2950 περὶ
3007 2878 3198 2932 τούτου
3233 2896 3298 2949 με
3340 2881 3572 2951 ἐρωτᾷς.
3610 2881 3762 2951 Πλὴν

487 2978 882 3035 Verumtamen
933 2970 1082 3027 istud
1133 2969 1359 3033 habeto,
1409 2965 1557 3036 quod
1587 2965 1858 3019 Dominus
1905 2962 2073 3016 homo

2171 2975 2315 3045 λέγω
2336 2992 2437 3038 σοι,
2456 2975 2536 3028 ὅτι
2557 2974 2585 3026 6
2606 2973 2803 3036 σκοπὸς
2820 2971 2922 3042 τῆς
2937 2969 3029 3024 τοῦ
3047 2970 3252 3041 Κυρίου
3271 2971 3759 3043 ὲνανθρωπήσεως,

486 3071 666 3126 factus
695 3069 787 3133 sit,
819 3066 963 3130 ﬁnis,
1000 3071 1189 3118 nostra
1233 3061 1382 3115 salus
1418 3057 1544 3112 fuit.
1576 3055 1660 3110 Ad
1690 3070 1853 3126 quem
1882 3053 2072 3121 frater,

2174 3069 2478 3141 ἡήμετέρα
2523 3063 2593 3140 ἦν
2644 3067 2909 3137 σωτηρία.
2951 3065 3064 3118 Καὶ
3097 3067 3125 3117 6
3179 3065 3436 3135 Ἀδελφὺς
3468 3062 3760 3130 εἶπεοΠιῖις

492 3161 719 3216 Modum
777 3157 1013 3226 explica,
1069 3154 1254 3209 Pater.
1315 3147 1625 3220 Respondit
1678 3162 1878 3202 senex:
1915 3145 2074 3212 Quod

2173 3164 2373 3233 λέγεις,
2397 3161 2615 3232 Πάτερς
2649 3159 2761 3214 Καὶ
2789 3157 3066 3229 ἀπεκρίθη
3094 3159 3121 3210 6
3160 3157 3371 3228 γέρωνο
3402 3159 3619 3230 Ἐπειδὴ
3651 3163 3763 3232 γὰρ

486 3252 751 3308 nimirum
793 3249 962 3302 homo
1003 3245 1072 3300 ab
1102 3243 1262 3298 initio
1292 3257 1322 3296 a
1354 3242 1470 3296 Deo
1512 3249 1752 3302 creatus,
1800 3247 1858 3293 et
1895 3238 1951 3292 in
1981 3253 2078 3308 pa-

2173 3257 2203 3310 6
2241 3253 2526 3325 ἀνθρωπος
2551 3251 2836 3323 ἀπ’ἁρχῆς
2865 3250 3103 3320 γεγονὼς
3129 3251 3234 3303 ὑπὸ
3260 3249 3355 3304 τοῦ
3391 3251 3546 3316 Θεοῦ,
3579 3255 3673 3307 καὶ
3706 3257 3764 3307 ὲν

489 3344 680 3399 radiso
696 3341 1018 3404 collocatus,
1049 3336 1172 3406 ejus
1190 3332 1647 3404 transgressione,
1673 3329 1819 3402 quod
1849 3329 1901 3383 in
1923 3344 2078 3383 man-

2172 3343 2253 3414 τῷ
2273 3341 2585 3414 παραδείσῳ
2609 3341 2804 3406 τεθεὶς,
2827 3340 2926 3412 τὴν
2947 3341 3168 3414 ἐντολὴν
3183 3360 3258 3395 πα
3269 3341 3462 3412 ραὸὰς,
3489 3346 3555 3414 τῇ
3589 3344 3767 3416 φθορᾷ

489 3436 639 3492 datis
670 3438 981 3503 acceperat,
1029 3426 1335 3484 interitioni
1375 3425 1652 3494 mortique
1695 3421 1971 3478 obnoxius
2001 3422 2078 3476 fa-

2172 3435 2272 3492 καὶ
2303 3433 2382 3506 τῷ
2412 3433 2627 3503 Θανάτῳ
2660 3433 2962 3486 ὑπέπεσεν·
2993 3429 3111 3485 εἶτα
3139 3435 3204 3504 τῇ
3241 3434 3464 3506 ποικίλῃ
3500 3435 3591 3489 τοῦ
3626 3437 3765 3490 Θεοῦ

490 3533 617 3579 ctus
643 3530 796 3589 erat;
835 3528 1062 3589 tumque
1107 3515 1262 3572 varia
1304 3515 1404 3570 Dei
1443 3512 1795 3584 providentia
1839 3528 1942 3583 per
1967 3526 2078 3565 om-

2177 3527 2408 3599 προνοίᾳ
2435 3523 2577 3579 κατά
2605 3526 2786 3578 πᾶσαν
2835 3525 3028 3594 γενεὰν
3063 3527 3155 3579 καὶ
3184 3526 3380 3593 γενεὰν
3417 3527 3767 3598 κυϐερνώμε-

492 3639 594 3680 ncs
620 3631 811 3678 aetates
859 3617 1235 3690 nequidquam
1267 3617 1606 3688 gubernatus
1638 3623 1807 3685 atque
1833 3614 2076 3683 adjutus,

2177 3635 2302 3683 vo;,
2339 3617 2606 3689 ἐπέμενεν
2647 3617 2742 3670 ἐπὶ
2777 3617 2838 3670 to
2886 3620 3070 3688 χεῖρον
3105 3619 3470 3687 προκόπτων,
3501 3619 3602 3673 ὑπὸ
3648 3619 3763 3673 τῶν

495 3715 765 3786 nequiore
787 3725 1006 3782 semper
1029 3717 1175 3766 statu
1197 3709 1503 3780 maiorique
1527 3707 1770 3778 nequitia
1799 3707 2074 3774 manebat,

2180 3710 2443 3765 ποικίλων
2463 3709 2566 3779 τῆς
2626 3709 2828 3780 σαρκὸς
2873 3709 3216 3780 παθημάτων
3261 3711 3520 3780 ἀγόμενος
3543 3710 3621 3780 τῷ
3652 3712 3764 3764 ἀπ-

493 3823 658 3879 quem
706 3805 874 3860 varia:
916 3802 1102 3859 carnis
1139 3801 1416 3856 illecebrae
1475 3815 1541 3856 ac
1579 3799 1845 3854 libidines
1872 3798 1938 3853 ad
1981 3797 2080 3854 de-

2181 3802 2434 3874 ελπισμῷ
2476 3803 2576 3874 τῆς
2634 3779 2811 3872 ζωῆςο
2847 3779 3040 3856 τούτου
3071 3803 3233 3874 χάριν
3265 3805 3292 3856 6
3341 3779 3628 3874 μονογενῆς
3667 3804 3769 3856 τοῦ

491 3897 829 3972 Sperationis
869 3906 1152 3967 postremo
1194 3892 1518 3947 barathrum
1567 3891 1856 3962 adigerent
1897 3907 1911 3944 :
1953 3905 2076 3972 eam

2179 3895 2316 3949 Θεοῦ
2347 3895 2500 3958 Υἱὸς,
2529 3896 2559 3948 6
2608 3893 2935 3966 προαιώνιος
2963 3895 3134 3962 Λόγος
3181 3896 3210 3947 6
3248 3896 3314 3948 ἐκ
3346 3893 3482 3947 Θεοῦ
3525 3894 3769 3964 ιΙατρδς,

491 3969 564 4046 ob
590 4004 729 4054 rem,
781 3986 1100 4057 unigenitus
1144 3983 1242 4038 Dei
1299 3983 1492 4049 Filius,
1537 3983 1753 4038 saeculis
1795 3969 2079 4051 antiquius

2180 3991 2217 4061 ἡ
2247 3989 2399 4060 πηγὴ
2434 3991 2536 4058 τῆς
2566 3987 2714 4058 ζωῆς
2738 3986 2831 4040 καὶ
2854 3989 2953 4057 τῆς
2978 3985 3280 4049 ἀθανασίας
3301 4027 3314 4049 ,
3335 3985 3608 4055 ὲπέφανεν
3640 3987 3770 4056 ἡμῖν

490 4082 736 4138 Verbum
781 4096 849 4135 ex
879 4081 991 4135 Deo
1020 4079 1184 4133 Patre
1231 4076 1528 4141 exsistens,
1575 4073 1701 4129 fons
1743 4073 1833 4128 ille
1863 4075 1988 4128 vitae
2015 4087 2080 4128 ac

2181 4085 2293 4146 τοῖς
2325 4083 2382 4136 ὲν
2416 4081 2595 4134 σκότει
2621 4079 2715 4134 καὶ
2740 4080 2867 4150 σκιᾷ
2897 4078 3132 4134 θανάτου
3159 4078 3493 4149 καθημένοις
3512 4094 3525 4108 ·
3560 4096 3772 4146 σαρκω-

491 4173 944 4236 immortalitatis,
991 4169 1156 4226 nobis
1199 4167 1474 4238 apparuit,
1529 4166 1625 4236 qui
1657 4163 1986 4221 sedebamus
2023 4164 2079 4218 in

2182 4171 2296 4235 θεὶς
2329 4171 2733 4242 ὲκιΠνεὺματος
2771 4170 2953 4239 ἁγίου,
2987 4171 3083 4224 καὶ
3125 4173 3224 4238 τῆς
3255 4171 3418 4238 ἁγίας
3449 4172 3766 4242 Παρθένου·

492 4263 738 4320 tenebris
769 4271 826 4317 et
854 4260 1046 4314 umbra
1075 4257 1272 4312 mortis
1307 4257 1358 4322 ¹;
1397 4256 1718 4310 incarnatus
1763 4254 1832 4309 de
1870 4253 2080 4324 Spiritu

2182 4261 2278 4314 καὶ
2305 4259 2582 4314 πολιτείαν
2613 4261 2745 4329 ἡμῖν
2775 4258 3045 4324 θεοειδοῦς
3069 4262 3214 4330 ζωῆς
3251 4260 3499 4326 ἐπέδειξε
3519 4279 3535 4291 ·
3569 4262 3660 4315 καὶ
3690 4263 3772 4314 ὲν-

492 4361 687 4408 sancto
718 4363 896 4419 exque
922 4356 1112 4402 sancta
1131 4343 1382 4415 Virgine,
1406 4343 1533 4398 vita:
1561 4342 1722 4398 nobis
1749 4341 1846 4396 Dei
1871 4342 2083 4397 aemulae

2183 4349 2344 4413 στολὰς
2375 4349 2536 4418 ἁγίας
2557 4348 2828 4414 δεδωκὼς.
2857 4351 2954 4404 καὶ
3003 4351 3283 4422 βασιλείαν
3313 4353 3568 4423 οὐρανῶν
3601 4355 3773 4420 ἐπαγ-

491 4443 764 4498 rationem
828 4437 1110 4503 ostendit;
1173 4435 1496 4505 sanctisque
1553 4433 1830 4489 mandatis
1857 4443 2082 4488 contra-

2184 4439 2503 4510 γειλάμενος
2528 4441 2642 4502 τοῖς
2666 4438 2787 4492 κατ’
2823 4439 2992 4504 αὑτὰς
3042 4441 3506 4511 πολιτευομένοις.
3539 4444 3633 4496 καὶ
3677 4443 3771 4496 κό-

494 4534 648 4596 ditis,
717 4547 783 4586 ac
837 4531 1112 4587 caelorum
1178 4543 1411 4599 regnum
1461 4526 1764 4596 pollicitus,
1820 4526 1927 4592 his,
1985 4526 2093 4597 qui-

2183 4529 2342 4584 λασιν
2390 4529 2610 4585 αίὼνιον
2661 4531 2777 4594 τοῖς
2826 4531 3258 4602 παραϐαίνουσιν
3304 4533 3644 4605 ἀπειλήσαςο
3676 4535 3771 4588 καὶ

494 4625 715 4679 illorum
735 4621 1028 4691 disciplina
1048 4619 1324 4682 viverent,
1347 4627 1726 4686 aeternumque
1750 4615 2082 4686 supplicium

2185 4619 2378 4674 παθὼν
2405 4619 2464 4673 τὸ
2501 4619 2770 4690 σωτήριον
2801 4621 3004 4687 πάθος,
3041 4623 3136 4674 καὶ
3174 4624 3238 4676 ἐκ
3265 4624 3480 4694 νεκρῶν
3509 4623 3769 4688 ἀναστὰς,

493 4731 690 4772 eorum
731 4713 954 4768 violatae
1011 4709 1300 4780 religionis
1350 4714 1510 4763 reatu
1547 4707 1922 4764 comminatus
1953 4725 1967 4762 :
1999 4722 2086 4764 sa-

2183 4714 2283 4785 τὴν
2315 4712 2506 4765 ἐλπίδα
2551 4711 2655 4781 τῆς
2699 4713 3051 4778 ἀναστάσεως
3085 4715 3180 4767 καὶ
3230 4717 3329 4785 τῆς
3364 4717 3587 4770 αἰωνίου
3626 4716 3773 4786 ζωῆς

492 4806 662 4864 lutari
705 4805 950 4875 denique
1001 4801 1336 4874 perfunctus
1368 4799 1647 4871 passione,
1701 4814 1878 4870 exque
1937 4816 2086 4855 mor.

2186 4807 2500 4879 ἐδωρήσατο
2534 4806 2664 4874 ἡμῖν
2695 4802 2815 4876 [Fr.
2849 4806 3087 4877 alterque
3134 4804 3214 4860 Π.
3256 4809 3389 4878 ἡμῖν
3415 4809 3732 4881 ἐχαρίσατο]
3755 4826 3773 4847 ο

497 4900 612 4955 tuis
643 4897 969 4961 suscitatus,
987 4891 1418 4950 resurrectionis
1438 4899 1764 4960 aeternaeque
1784 4891 1909 4946 vita:
1931 4907 2083 4962 spem

2185 4899 2249 4954 τὸ
2305 4897 2623 4968 κατάκριμα
2655 4896 2720 4950 δι’
2751 4895 3002 4967 ὑπακοῆς
3053 4897 3222 4960 λύσας
3279 4898 3381 4968 τῆς
3443 4902 3776 4971 προγονικῆς

493 4991 656 5046 nobis
669 4988 979 5044 liberaliter
1000 4984 1308 5051 concessit;
1333 4982 1754 5055 progenitorum
1780 4991 1892 5038 trar.
1906 5000 2085 5057 sgres-

2188 4989 2464 5064 ἀμαρτίας
2488 5005 2505 5023 ο
2533 4992 2627 5043 καὶ
2647 4989 2707 5042 τὸ
2733 4990 2936 5062 κράτος
2953 4990 3048 5044 τοῦ
3066 4990 3302 5044 θανάτου
3333 4990 3555 5063 θανάτῳ
3574 5011 3777 5065 καταρ-

493 5085 668 5140 sionis
716 5093 952 5147 reatum,
993 5077 1326 5135 obedientize
1372 5077 1594 5132 solvens
1632 5091 1861 5131 munere
1887 5115 1902 5140 ,
1934 5092 2085 5131 mor-

2186 5088 2360 5158 γήσας
2381 5103 2395 5116 ·
2433 5085 2544 5150 ἵνα,
2580 5084 2784 5156 ὥσπερ
2818 5087 2890 5140 ἐν
2917 5086 2996 5152 τῷ
3038 5086 3220 5156 Ἀδὰμ
3250 5089 3479 5155 πάντες
3514 5086 3776 5154 ἀποθνή-

495 5176 675 5246 tisque
728 5172 1022 5246 imperium
1059 5177 1238 5227 morte
1297 5169 1590 5226 destruens
1618 5169 1680 5237 ’ς
1713 5178 1793 5232 ut.
1838 5171 1974 5224 sicut
2023 5172 2080 5224 in

2187 5177 2675 5245 σκουσιν,οὗτως
2689 5178 2759 5232 ἐν
2777 5176 2936 5244 αὐτῷ
2961 5177 3181 5245 πάντες
3207 5177 3770 5247 ζωοποιηθήσονται·

494 5268 667 5323 Adam
719 5285 895 5322 omnes
947 5266 1268 5327 moriuntur,
1313 5265 1388 5319 sic
1423 5265 1478 5318 in
1513 5280 1571 5318 eo
1613 5279 1791 5317 omnes
1820 5262 2082 5332 viviﬁcen-

2189 5271 2284 5324 καὶ
2313 5273 2393 5332 εἰς
2420 5271 2686 5340 οὐρανοὺς
2715 5270 2976 5336 ἀνελθὼν,
3012 5271 3106 5324 καὶ
3140 5271 3200 5323 ὲν
3242 5268 3391 5342 δεξιᾷ
3424 5271 3520 5324 τοῦ
3562 5271 3774 5344 Πατρὺς

496 5368 586 5413 tur
629 5361 688 5412 ³;
721 5360 887 5430 368
939 5359 1354 5427 ascendensque
1390 5356 1447 5410 in
1491 5357 1660 5412 cwlos
1707 5364 1764 5410 et
1795 5355 1862 5410 ad
1903 5355 2082 5410 Patris

2188 5359 2498 5423 καθεσθεὶς,
2533 5359 2596 5413 τὸ
2634 5359 2856 5430 Πνεῦμα
2880 5361 2940 5414 τὸ
2980 5361 3134 5430 ἅγιον
3174 5360 3535 5431 κατέπεμψεν
3563 5364 3644 5425 είς
3673 5364 3773 5433 ἀῤ-

499 5452 780 5508 dexteram
835 5452 1056 5516 sedens,
1093 5449 1364 5522 Spiritum
1413 5459 1665 5505 sanctum
1711 5450 1766 5504 in
1815 5449 1942 5503 vitae
1989 5464 2080 5502 ar-

2189 5447 2410 5517 ραὄῶνα
2439 5451 2536 5519 τῆς
2565 5449 2742 5520 ζωῆςο
2775 5452 2870 5506 καὶ.
2917 5454 2998 5515 εἰς
3051 5450 3329 5522 φωτισμὸν
3370 5453 3468 5505 καὶ
3503 5452 3776 5522 ἀγιασμδν

499 5542 804 5596 rhabonem
843 5542 994 5596 misit
1061 5550 1124 5596 ut
1153 5541 1360 5596 nostris
1388 5541 1589 5594 animis
1619 5540 2079 5595 illuminationem

2186 5539 2295 5592 τῶν
2323 5541 2610 5613 ἡμετέρων
2639 5542 2860 5614 ψυχῶν
2899 5545 2992 5598 καὶ
3018 5544 3092 5606 είς
3132 5541 3390 5612 βοήθειαν
3421 5543 3532 5596 τῶν
3578 5545 3777 5612 ἀγωνι-

573 5684 593 5718 ί
623 5681 728 5737 lsa.
758 5695 834 5748 Ix,
867 5682 932 5747 2;
966 5683 1158 5737 Matth.
1201 5698 1273 5747 Iv,
1317 5682 1403 5736 16.
1483 5682 1503 5712 ¹
1539 5679 1709 5734 Hebr.
1738 5697 1795 5747 ιι,
1828 5681 1912 5734 Μ.
1993 5681 2011 5711 ³
2039 5680 2059 5734 Ι
2092 5679 2186 5736 Cor

867 5682 932 5747 2;
966 5683 1158 5737 Matth.
1201 5698 1273 5747 Iv,
1317 5682 1403 5736 16.
1483 5682 1503 5712 ¹
1539 5679 1709 5734 Hebr.
1738 5697 1795 5747 ιι,
1828 5681 1912 5734 Μ.
1993 5680 2059 5734 ³1
2092 5679 2218 5736 Cor.
2253 5697 2341 5748 xv,
2388 5681 2457 5735 9.4
