4084 6332
404 388 514 450 θ13

1675 383 1908 446 LIBER
1943 381 2373 447 ASCETICUS.

3535 388 3640 454 9H

403 504 647 574 ζομένωιν
695 501 834 573 ὑπὲρ
879 499 1230 570 τῆςκὲαυτῶν
1283 499 1554 570 σωτηρίας
1595 497 1830 568 φυλάξαι
1877 496 1976 559 τάς

2080 511 2141 552 ac
2165 495 2581 552 sanctimoniam
2623 497 2851 560 tribuat,
2879 503 3212 568 praestetque
3236 497 3500 553 auxilium
3535 501 3645 567 bis,

405 594 623 656 ἐντολὰς
658 593 848 648 αὐτοῦ.
876 586 1044 656 Οὗτος
1086 587 1154 662 ἦν
1189 594 1219 645 6
1246 591 1448 654 σκοπὸς
1493 593 1593 661 τῆς
1633 589 1729 643 τοῦ
1766 587 1974 660 Κυρίου

403 685 891 757 ὲνανθρωπήσιως,
921 685 996 748 ὡς
1025 685 1085 738 ὲν
1119 683 1369 753 συντόμῳ
1400 683 1597 736 εἰπεῖν.

475 865 540 936 β’.
566 865 677 919 Kal
696 865 724 918 6
763 861 1018 932 Ἀδελφὸς
1039 857 1193 916 εἶπεν*
1227 861 1391 924 Ποίας
1417 855 1510 915 οὖν
1537 858 1754 922 ὲντολάς
1776 857 1975 929 ὀφείλω

404 959 673 1029 ποιῆσαι,
705 956 922 1025 Πάτερ,
961 955 1048 1008 ἵνα
1081 954 1146 1007 δι’
1180 953 1364 1006 αὐτῶν
1414 951 1594 1018 σωθῶ,
1625 951 1818 1023 ἤθελον
1853 967 1974 1004 συν·-

403 1048 588 1117 τόμως
637 1044 889 1100 ἀκοῦσαι.
937 1043 1049 1098 Kal
1090 1043 1364 1114 ἀπεκρίθη
1400 1044 1430 1096 6
1477 1042 1656 1113 γέρων
1693 1056 1707 1072 ⁸
1741 1040 1915 1103 Αὐτὸς
1946 1041 1976 1094 6

406 1137 610 1208 Κύριος
648 1131 771 1190 εἷπε
807 1136 946 1206 μετά
978 1135 1077 1206 τὴν
1121 1135 1420 1188 ἀνάστασιν
1469 1135 1581 1197 τοῖς
1633 1131 1970 1195 ἀποστόλοις*

405 1226 824 1294 Πορευθέντες,
870 1227 1288 1296 μαθητεύσατε
1321 1223 1521 1279 πάντα
1557 1222 1630 1279 τὰ
1671 1223 1816 1290 ἔθνη
1836 1221 1977 1286 ’,ϐα-

407 1319 710 1384 πτίζοντες
732 1319 956 1384 αὐτοὺς
998 1319 1085 1384 είς
1115 1318 1183 1371 τὸ
1224 1317 1412 1386 ὄνομα
1447 1315 1555 1371 τοῦ
1607 1315 1840 1382 Πατρός
1875 1312 1975 1367 καὶ

408 1410 514 1464 τοῦ
546 1409 681 1463 Υίοῦ
711 1409 939 1462 καὶτοῦ
975 1408 1149 1478 ἁγίου
1192 1407 1534 1476 Πνεύματος
1556 1401 1978 1469 ’διδάσκοντες

407 1500 629 1565 αὐτοὺς
647 1499 848 1567 τηρεῖν
861 1499 1057 1551 πάντα
1081 1498 1199 1552 ὅσα
1221 1495 1613 1565 ἐνετειλάμην
1631 1494 1792 1563 ὑμῖν.
1815 1492 1978 1545 Ὥστε

407 1587 499 1642 οὖν
519 1592 620 1644 ὅσα
651 1589 956 1644 ἐνετείλατο
985 1590 1067 1642 δεῖ
1107 1590 1292 1660 τηρεῖν
1314 1629 1329 1652 ,
1350 1588 1528 1642 πάντα
1567 1586 1855 1658 ἄνθρωπον
1881 1583 1979 1654 βα-

408 1682 703 1734 πτισθέντα
740 1683 818 1744 είς
849 1681 910 1734 τὸ
944 1681 1116 1752 ὄνομα
1139 1682 1239 1752 τῆς
1265 1680 1530 1744 ζωοποιοῦ
1562 1681 1658 1735 καὶ
1682 1680 1978 1752 θεαρχικῆς

411 1774 660 1844 Τριάδος.
684 1774 888 1828 Τούτου
913 1773 1023 1844 γὰρ
1049 1774 1210 1844 χάριν
1237 1776 1302 1844 τῇ
1336 1772 1471 1845 ὀρθῇ
1503 1772 1684 1826 πίστει
1715 1774 1745 1827 6
1775 1773 1980 1843 Κύριος

406 1867 508 1936 τὴν
539 1865 728 1918 πασῶν
755 1865 865 1918 τῶν
917 1865 1150 1918 ἐντολῶν
1199 1863 1486 1930 συνέζευξε
1517 1865 1779 1935 τήρησιν·
1805 1863 1882 1927 ὡς
1903 1864 1980 1916 si-

407 1953 533 2016 δὼς,
571 1952 654 2004 ὅτι
684 1953 964 2024 ἀμήχανον
990 1954 1093 2023 τὴν
1125 1953 1253 2024 μίαν
1284 1951 1694 2022 διαζευχθεῖσαν
1717 1951 1818 2022 τῆς
1851 1952 1981 2023 μιᾶς

411 2042 608 2107 σώζειν
648 2043 740 2096 τὸν
790 2044 1096 2113 ἄνθρωπον.
1135 2043 1234 2096 Διά
1275 2041 1436 2096 τοῦτο
1489 2042 1585 2095 καὶ
1627 2043 1655 2094 6
1690 2039 1855 2094 Aa6l6
1881 2039 1981 2112 τὴν

409 2135 575 2206 ὀρθὴν
643 2135 823 2187 πίστιν
869 2133 1006 2204 ἔχων
1031 2173 1046 2199 ,
1082 2133 1220 2204 πρὸς
1271 2133 1364 2188 τὸν
1406 2131 1540 2186 Θεὸν
1593 2131 1746 2202 ἔλεγε
1771 2148 1788 2164 ο
1826 2131 1983 2200 Πρὸς

409 2224 614 2291 πάσας
644 2227 755 2290 τὰς
793 2225 1048 2292 ἐντολάς
1089 2241 1207 2280 σου
1267 2226 1696 2296 κατωρθούμην
1717 2241 1732 2256 ·
1774 2221 1983 2280 πᾶσαν

410 2314 555 2369 ὁδὸν
578 2315 788 2369 ἄδικον
800 2315 1083 2384 ἐμίσησα.
1101 2315 1257 2368 Κατὰ
1286 2316 1392 2387 γὰρ
1421 2315 1601 2385 πάσης
1627 2314 1747 2368 ὁδοῦ
1772 2313 1980 2380 ἀδίκου,

410 2409 582 2461 πᾶσαι
609 2409 740 2477 ἡμῖν
767 2409 824 2460 al
860 2407 1072 2461 ἐντολαὶ
1100 2407 1205 2461 ὑπὸ
1250 2406 1345 2460 τοῦ
1377 2407 1585 2478 Κυρίου
1615 2406 1946 2478 δεδώρηνται
1965 2424 1979 2439 ·

411 2501 505 2552 καὶ
543 2499 639 2552 ἐὰν
693 2498 1034 2571 παραλειφθῇ
1093 2499 1192 2570 μία
1219 2539 1234 2564 ,
1261 2499 1363 2569 τὴν
1409 2499 1796 2569 ἀντικειμένην
1841 2498 1982 2570 αὑτῇ

410 2590 528 2644 ὁδὸν
547 2590 647 2660 τῆς
667 2591 867 2652 κακίας
885 2589 1197 2658 ἀντεισάγει
1222 2590 1461 2654 πάντως.

485 2771 555 2833 γ’.
575 2765 683 2818 Καὶ
713 2762 866 2819 εἶπεν
888 2767 918 2818 6
959 2764 1233 2834 Ἀδελφόςο
1265 2767 1375 2819 Kal
1405 2764 1489 2830 τίς
1511 2764 1754 2833 δύναται,
1778 2766 1983 2839 Πάτερ,

411 2857 614 2931 [πάσας
639 2857 736 2922 τάς
759 2858 997 2923 ὲντολάς,
1013 2856 1278 2920 τοσαύτας
1303 2875 1366 2926 γε
1381 2858 1566 2922 οὔσας,
1595 2861 1768 2913 ποιεῖν
1791 2876 1807 2926 ;
1842 2861 1983 2931 Ἔφη

412 2952 442 3003 6
473 2952 686 3020 γέρωνο
729 2951 787 3003 Ὁ
831 2951 922 3003 τὸν
972 2950 1178 3020 Κύριον
1231 2949 1637 3021 ἐκμιμούμενος
1662 2991 1676 3014 ,
1714 2952 1809 3006 καὶ
1862 2949 1985 3005 κατ’

414 3040 558 3109 ἴχνος
587 3039 735 3110 αὐτῷ
762 3038 1164 3093 ἐπακολουθῶν.
1197 3038 1308 3092 Kal
1329 3033 1483 3091 εἶπεν
1515 3040 1544 3092 6
1585 3039 1855 3109 Ἀδελφόςο
1876 3039 1986 3093 Kal

410 3132 492 3195 τίς
513 3130 756 3201 δύναται]
787 3133 878 3184 τὸν
909 3131 1113 3200 Κύριον
1157 3129 1531 3202 μιμήσασθαις
1553 3133 1581 3184 6
1625 3131 1734 3200 γὰρ
1778 3133 1984 3204 Κύριος
2007 3162 2056 3226 C

408 3219 478 3295 ἦν
504 3222 656 3286 Θεὸς,
691 3224 740 3275 εί
760 3222 857 3276 καὶ
884 3221 1168 3292 ἄνθρωπος
1193 3221 1444 3290 γέγονεν’
1475 3222 1586 3292 ἐγὼ
1610 3222 1667 3276 δὲ
1691 3223 1982 3294 ἄνθρωπός

411 3316 528 3385 εῑμι
561 3313 902 3385 ἁμαρτωλὸς,
924 3313 1019 3366 καὶ
1054 3313 1270 3383 μυρίοις
1315 3313 1510 3367 πάθεσι
1547 3312 1941 3385 δεδουλωμένος
1964 3333 1979 3348 ο

412 3405 530 3468 πῶς
559 3400 652 3459 οὖν
678 3404 918 3476 δύναμαι
946 3403 1038 3457 τὸν
1089 3403 1294 3474 Κύριον
1338 3403 1716 3474 μιμήσασθαι;
1740 3406 1849 3460 Καὶ
1875 3407 1982 3460 ἀπ-

410 3496 605 3568 εκρίθη
638 3498 667 3550 6
697 3497 873 3567 γέρων
896 3513 911 3527 ·
946 3494 1068 3548 Τῶν
1097 3497 1164 3567 τῇ
1213 3494 1314 3565 ὕλῃ
1341 3491 1436 3548 τοῦ
1478 3493 1682 3564 κόσμου
1723 3493 1982 3550 δεδουλω-

415 3587 612 3656 μένων,
646 3586 818 3649 οὐδεὶς
863 3585 1087 3638 δύναται
1136 3585 1231 3638 τὸν
1272 3585 1478 3654 Κύριον
1533 3585 1902 3656 μιμήσασθαι·
1931 3588 1982 3640 οἱ

411 3677 470 3732 δὲ
494 3677 778 3748 δυνάμενοι
808 3675 987 3744 λέγειν
1005 3693 1019 3707 ο
1049 3675 1204 3730 Ἰδοὺ
1233 3676 1402 3744 ἡμεῖς
1432 3677 1750 3744 ἀφήκαμεν
1764 3675 1979 3742 πάντα,

412 3769 510 3822 καὶ
539 3766 1045 3836 ἠκολουθήσαμέν
1065 3781 1163 3819 σοι
1186 3782 1198 3795 ο
1226 3767 1425 3820 ἐκεῖνοι
1453 3765 1790 3835 λαμϐάνουσι
1832 3766 1985 3822 δύνα-

416 3875 509 3928 μιν
545 3857 639 3911 τοῦ
673 3875 732 3910 τε
776 3856 1124 3927 μιμήσασθαι
1157 3855 1343 3918 αὑτὸν,
1383 3856 1478 3909 καὶ
1509 3855 1604 3908 τοῦ
1638 3855 1774 3925 πρὸς
1805 3857 1985 3920 πάσας

413 3949 513 4012 τὰς
537 3949 754 4011 ὲντολάς
783 3947 948 4002 αὐτοῦ
976 3946 1341 4012 κατορθῶσαι.
1367 3945 1478 3999 Καί
1500 3963 1666 4015 φησιν
1701 3945 1978 4014 Ἀδελφός·

413 4041 580 4094 Ποίαν
616 4040 887 4111 δύναμιν;
926 4037 1199 4108 ἀπεκρίθη
1237 4039 1266 4091 6
1298 4037 1498 4108 γέρωνο
1546 4036 1722 4090 Αὐτοῦ
1752 4037 1984 4091 ἄκουσον

415 4130 663 4199 λέγοντος
708 4148 722 4162 ο
780 4129 938 4186 ἰδοὺ
980 4128 1210 4184 δέδωκα
1253 4127 1397 4197 ὑμῖν
1427 4127 1723 4190 ἐξουσίαν
1773 4126 1986 4181 πατεῖν

413 4221 618 4277 ἐπάνω
649 4223 840 4290 ὄφεων
868 4221 967 4275 καί
998 4221 1333 4286 σκορπίων.
1374 4220 1474 4273 καί
1503 4219 1602 4274 ἐπὶ
1635 4219 1848 4278 πᾶσαν
1870 4219 1988 4282 τὴν

415 4293 680 4430 (iga-agur-
743 4293 847 4346 τοῦ
894 4291 1152 4360 ἐχθροῦο
1205 4293 1307 4348 καὶ
1348 4290 1534 4348 οὐδὲν
1572 4292 1731 4361 ὑμᾶς
1779 4290 1854 4345 οὐ
1897 4290 1987 4360 μὴ

498 4379 555 4418 ικ
600 4378 719 4420 σει.

2073 589 2170 659 qui
2202 605 2304 660 pro
2338 604 2438 646 sua
2491 591 2670 646 salute
2709 591 2970 646 mandata
3019 605 3242 646 servare
3283 594 3644 653 contendunt.

2073 679 2175 736 Hic
2221 680 2483 736 nimirum
2528 680 2674 748 ﬁnis,
2705 696 2884 752 eoque
2911 690 3144 752 spectat,
3194 683 3342 752 quod
3381 685 3648 744 Dominus

2073 771 2238 826 homo
2289 772 2488 838 factus,
2548 780 2610 826 ιιι
2670 772 2753 827 sic
2798 772 2990 843 paucis
3035 772 3237 828 dicam.

2141 864 2197 918 2.
2233 863 2486 933 Dixitque
2539 863 2712 918 frater
2752 881 2768 917 :
2803 863 2981 919 Velim
3013 878 3082 919 ex
3111 871 3186 930 te,
3212 864 3394 928 Pater,
3445 867 3638 934 paucis

2074 953 2300 1018 audire,
2357 968 2605 1024 quamam
2637 969 2722 1009 me
2754 961 3010 1024 oporteat
3060 954 3320 1010 mandata
3352 955 3555 1021 facere,
3588 966 3648 1016 ut

2075 1061 2174 1116 per
2207 1046 2299 1100 illa
2347 1061 2575 1116 compos
2613 1047 2808 1103 salutis
2834 1047 3058 1104 eﬁiciar.
3104 1049 3414 1119 Respondit
3439 1065 3645 1106 senex:

2074 1136 2195 1205 Ipse
2218 1136 2500 1202 Dominus,
2533 1152 2660 1192 cum
2685 1152 2755 1192 ex
2793 1136 3029 1193 mortuis
3064 1140 3484 1205 resurrexisset,
3509 1139 3648 1194 dixit

2075 1226 2394 1296 discipulis:
2419 1226 2640 1293 Euntes,
2668 1228 2846 1282 docete
2877 1244 3057 1282 omnes
3093 1237 3291 1300 gentes,
3324 1231 3646 1300 baptisantes

2074 1331 2162 1370 eos
2212 1317 2268 1369 in
2310 1317 2522 1371 nomine
2581 1317 2761 1373 Patris
2805 1325 2857 1372 et
2905 1318 3030 1374 Filii
3080 1330 3131 1374 et
3182 1319 3412 1392 Spiritus
3455 1322 3647 1387 sancti,

2075 1406 2314 1461 docentes
2358 1424 2444 1462 eos
2467 1424 2679 1463 seruare
2706 1410 2908 1476 omnia,
2935 1427 3256 1481 quacunque
3280 1413 3527 1466 mandari
3557 1427 3649 1465 ro-

2074 1499 2156 1554 bis
2185 1498 2226 1553 δ.
2250 1497 2616 1565 Quamobrem
2644 1500 2832 1556 omnia
2857 1516 3082 1557 servare
3115 1517 3341 1557 necesse
3369 1511 3474 1566 est,
3497 1518 3650 1572 quae-

2077 1603 2296 1659 cunque
2343 1591 2644 1656 mandavit,
2692 1591 2948 1662 quisquis
2972 1592 3286 1648 mortalium
3331 1592 3387 1646 in
3427 1593 3651 1649 nomine

2077 1679 2308 1736 viviﬁcae
2352 1695 2416 1736 ac
2457 1681 2667 1738 deiﬁcac
2725 1681 3015 1738 Trinitatis
3069 1681 3378 1752 baptizatus
3416 1690 3521 1738 est.
3564 1682 3654 1737 Id-

2078 1770 2229 1826 circo
2263 1771 2413 1827 enim
2447 1772 2712 1829 Dominus
2749 1780 2913 1828 rectae
2939 1772 3067 1828 ﬁdei
3103 1773 3350 1828 omnium
3389 1773 3650 1828 observa-

2081 1863 2284 1918 tionem
2329 1863 2712 1919 mandatorum
2757 1863 3056 1934 copulavit,
3090 1863 3296 1934 quippe
3328 1864 3424 1933 qui
3461 1863 3649 1928 sciret,

2075 1954 2203 2010 ﬁeri
2253 1971 2366 2010 non
2411 1971 2595 2025 posse,
2649 1963 2714 2010 ut
2770 1970 2945 2012 unum
2987 1956 3057 2010 ab
3090 1955 3265 2010 altero
3315 1955 3652 2025 disjunctum

2079 2044 2312 2099 salutem
2351 2044 2562 2101 homini
2597 2052 2904 2116 praestaret.
2935 2044 3234 2116 Propterea
3261 2045 3426 2100 etiam
3455 2045 3650 2111 David,

2079 2134 2175 2205 qui
2222 2143 2376 2191 certa
2433 2135 2700 2206 praeditus
2741 2134 2850 2192 ﬁde
2891 2142 3060 2202 esset,
3118 2135 3188 2190 ad
3231 2128 3524 2190 Dominum
3565 2134 3653 2188 di-

2080 2224 2240 2280 cebat
2267 2241 2281 2278 :
2327 2223 2410 2279 Ad
2454 2225 2639 2279 omnia
2691 2224 2950 2279 mandata
2982 2231 3077 2278 tua
3108 2225 3372 2294 dirigebar
3399 2240 3419 2279 .'
3445 2238 3653 2276 omnem

2083 2314 2228 2368 ciam
2299 2315 2544 2386 iniquam
2615 2314 2734 2402 odio
2809 2313 2970 2369 habui
3015 2315 3066 2368 ⁵.
3103 2312 3420 2402 ⁸Λόγοι-ευρ,
3499 2311 3650 2366 enim

2080 2418 2300 2460 omnem
2346 2405 2493 2460 viam
2531 2395 2862 2474 iniquitatis,
2897 2405 3081 2460 omnia
3104 2395 3276 2459 'nobis
3335 2419 3368 2458 a
3418 2402 3651 2457 Domino

2082 2495 2340 2550 mandata
2385 2495 2585 2554 donata
2634 2503 2810 2550 sunt:
2843 2509 2909 2550 ac
2947 2494 2993 2549 si
3034 2493 3121 2548 vel
3179 2507 3352 2548 unum
3390 2492 3649 2557 defuerit,

2083 2586 2348 2642 contrarii
2395 2587 2517 2642 vitii
2567 2586 2712 2642 viam
2769 2600 2834 2642 ac
2880 2585 3103 2641 malitia:
3144 2585 3370 2640 omnino
3411 2583 3653 2640 vicissim

2082 2677 2316 2734 inducit.

2153 2767 2205 2822 '5.
2235 2766 2492 2837 Dixitque
2555 2765 2726 2822 frater
2779 2767 3170 2837 :Ecquisnam,
3230 2765 3413 2830 Pater,
3471 2766 3654 2820 omnia

2084 2858 2360 2926 mandata,
2391 2872 2513 2928 qum
2545 2865 2654 2913 tam
2694 2857 2868 2913 multa
2900 2857 3030 2924 sint,
3067 2857 3293 2927 exsequi
3325 2856 3545 2927 potest?
3571 2855 3655 2912 Ad

2083 2964 2247 3020 quem
2277 2964 2488 3004 senex:
2526 2947 2632 3014 Qui
2672 2948 2968 3004 Dominum
3007 2948 3276 3026 imitatur,
3307 2955 3474 3017 atque
3509 2945 3657 3002 illius

2083 3039 2318 3111 vestigia
2352 3039 2626 3109 sequitur.
2674 3038 2812 3093 Tum
2839 3038 3011 3094 frater
3052 3055 3066 3092 :
3098 3038 3361 3104 Quisnam
3389 3050 3522 3092 vero
3552 3036 3659 3090 Do-

2084 3130 2295 3186 minum
2325 3129 2528 3185 imitari
2566 3129 2785 3200 potest?
2835 3128 3101 3184 Dominus
3126 3129 3275 3183 enim
3319 3129 3465 3184 Deus
3515 3133 3655 3192 erat,

2084 3222 2302 3278 tametsi
2342 3222 2508 3276 homo
2555 3221 2737 3276 factus
2784 3227 2945 3276 erat:
2979 3234 3083 3290 ego
3111 3228 3296 3274 autem
3333 3219 3499 3273 homo
3527 3232 3657 3288 pec-

2079 3320 2236 3368 cator
2279 3325 2423 3376 sum,
2454 3309 2874 3380 innumerisque
2919 3308 3072 3364 vitiis
3095 3322 3163 3364 ac
3187 3307 3478 3363 aﬁ'ectibus
3499 3322 3658 3362 man-

2079 3404 2312 3474 cipatus.
2354 3401 2601 3469 Quanam
2643 3399 2813 3471 igitur
2849 3399 3065 3455 ratione
3108 3397 3402 3453 Dominum
3453 3395 3659 3452 imitari

2079 3494 2325 3566 possim?
2382 3492 2692 3564 Respondit
2747 3499 2933 3547 autem
2975 3504 3180 3545 senex:
3245 3488 3418 3544 Nemo
3465 3502 3660 3542 eorum

2079 3586 2175 3656 qui
2215 3585 2446 3642 terrenis
2476 3583 2664 3639 saeculi
2714 3582 2884 3638 rebus
2915 3580 3119 3637 addicti
3152 3578 3337 3635 animo
3373 3585 3522 3643 sunt,
3550 3579 3659 3633 Do-

2082 3677 2292 3732 minum
2322 3676 2525 3731 imitari
2569 3682 2778 3745 potest;
2826 3671 2924 3728 sed
2956 3672 3018 3738 ii,
3059 3671 3264 3742 quibus
3305 3669 3544 3726 liberum
3575 3675 3662 3724 est

2083 3766 2266 3821 dicere
2303 3784 2316 3819 :
2347 3765 2480 3820 Ecce
2500 3781 2594 3819 nos
2628 3763 2938 3834 reliquimus
2970 3764 3171 3827 omnia,
3208 3767 3261 3814 et
3282 3762 3446 3815 secuti
3479 3775 3661 3814 sumus

2084 3864 2134 3910 te
2185 3856 2239 3920 ⁶;
2279 3855 2359 3910 illi
2404 3855 2663 3908 virtutem
2698 3852 3000 3920 accipiunt,
3042 3858 3159 3905 tum
3208 3865 3335 3904 eum
3385 3848 3658 3914 imitandi,

2085 3951 2202 3997 tum
2255 3950 2316 3997 ut
2358 3944 2478 4010 ejus
2523 3941 2707 3994 omnia
2762 3940 3021 3994 mandata
3066 3939 3419 4009 adimpleant.
3463 3937 3686 4007 Aitque.

2082 4029 2296 4084 frater:
2362 4028 2666 4095 Quamnam
2729 4026 3038 4082 virtutem?
3080 4025 3389 4096 Respondit
3447 4041 3658 4080 senex:

2083 4117 2225 4174 Audi
2248 4133 2374 4173 eum
2405 4117 2716 4172 dicentem:
2742 4116 2868 4171 Ecce
2893 4115 3012 4169 dedi
3033 4115 3174 4170 vobis
3199 4123 3516 4186 potestatem
3546 4114 3661 4169 cal-

2084 4206 2240 4261 candi
2265 4223 2425 4278 super
2453 4215 2718 4274 serpentes
2751 4213 2803 4260 et
2839 4206 3156 4276 scorpiones,
3191 4214 3240 4260 et
3268 4222 3427 4277 super
3457 4221 3662 4260 omnem

2083 4297 2330 4352 virtutem
2367 4297 2611 4352 inimici:
2649 4304 2699 4350 et
2727 4294 2861 4352 nihil
2909 4295 3048 4351 vobis
3097 4293 3294 4350 nocebit
3337 4297 3381 4347 ⁷.

484 4487 548 4544 6'.
587 4486 803 4558 Ταύτην
831 4486 933 4559 τὴν
959 4485 1189 4559 δύναμιν
1220 4488 1316 4542 καὶ
1344 4487 1447 4560 τὴν
1467 4485 1714 4554 ἐξουσίαν
1739 4485 1920 4543 λαϐὼν
1952 4489 1982 4543 6

2153 4489 2320 4562 369
2348 4491 2404 4546 4.
2427 4489 2541 4546 Hac
2562 4488 2768 4545 virtute
2793 4503 2859 4546 ac
2883 4495 3156 4560 potestate
3193 4494 3443 4558 accepta,
3479 4485 3665 4542 aiebat

415 4578 649 4643 Παῦλος,
675 4577 829 4646 ἔλεγε
846 4577 1136 4648 ’Μιμηταί
1153 4595 1274 4648 μου
1300 4577 1563 4648 γίνεσθε,
1595 4577 1790 4644 καθὼς
1821 4577 1984 4650 κάγὼ

413 4667 694 4737 Χριστοῦ.
722 4666 831 4721 Kal
874 4666 1036 4721 πάλιν
1055 4681 1070 4697 ο
1104 4666 1227 4720 Οὐκ
1281 4664 1416 4719 ἔστι
1479 4664 1597 4720 νῦν
1653 4664 1985 4736 κατάκριμα

413 4759 540 4821 τοῖς
569 4759 640 4812 ἐν
689 4755 921 4826 Χριστῷ
958 4754 1197 4824 Ἰησοῦ,
1231 4755 1318 4825 μὴ
1366 4755 1518 4810 κατὰ
1570 4754 1768 4824 σάρκα
1822 4770 1985 4825 περι-

414 4848 732 4913 πατοῦσιν,
758 4847 922 4903 deus
963 4846 1113 4902 κατά
1137 4845 1394 4916 πνεῦμα.
1440 4847 1550 4902 Kal
1601 4845 1790 4901 πάλιν·
1821 4851 1887 4902 0t
1917 4847 1985 4901 es

415 4939 520 4994 τοῦ
568 4937 826 5007 Χριστοῦ
848 4979 865 5003 ,
895 4937 1012 5005 τὴν
1035 4935 1232 5004 σάρκα
1266 4935 1662 5002 ἐσταύρωσαν
1709 4935 1832 4990 σὺν
1861 4935 1986 5002 τοῖς

416 5029 730 5098 παθήμασι
763 5028 862 5082 καί
908 5027 1036 5093 ταῖς
1069 5025 1427 5094 ἐπιθυμίαις.
1455 5027 1564 5079 Kal
1593 5025 1754 5080 πάλιν
1773 5043 1787 5056 ο
1821 5027 1985 5097 Ἐμοὶ

415 5120 642 5188 κόσμος
667 5118 1033 5186 ἐσταύρωται
1050 5157 1066 5183 ,
1095 5114 1257 5186 κάγὼ
1284 5115 1363 5180 τῷ
1387 5117 1612 5186 κόσμῳ.

485 5210 700 5281 e’.[lspl
737 5210 941 5279 ταύτης
965 5209 1064 5278 τῆς
1091 5207 1341 5274 ἐξουσίας
1371 5209 1465 5262 καὶ
1496 5207 1746 5278 βοηθείας
1779 5225 1990 5281 προφη-

414 5297 587 5352 τεύων
612 5300 641 5352 6
665 5297 848 5364 Aa6l6,
871 5298 1026 5367 ἔλεγε
1055 5315 1071 5332 ο
1119 5299 1181 5354 ’0
1211 5297 1503 5354 κατοικῶν
1530 5300 1864 5369 ἐνβοηθείᾳ
1883 5301 1989 5357 τοῦ

425 5389 741 5456 Ὑψίστου,
773 5388 847 5442 ἐν
873 5389 1075 5458 σκέπῃ
1118 5388 1226 5443 τοῦ
1267 5389 1416 5445 Θεοῦ
1445 5389 1552 5445 τοῦ
1595 5389 1856 5458 οὐρανοῦ
1885 5394 1991 5447 ab-

414 5479 791 5547 λισθήσεται.
833 5481 994 5548 Ἐρεῒ
1046 5479 1127 5546 τῷ
1179 5481 1394 5550 Κυρίῳ·
1430 5483 1830 5552 ’Δντιλήπτωρ
1869 5502 1990 5554 μου

413 5568 490 5638 εἴ,
514 5573 612 5625 καὶ
654 5571 969 5643 καταφυγή
1018 5589 1160 5642 μου,
1196 5576 1230 5627 ό
1272 5574 1416 5638 Θεός
1457 5590 1578 5642 μου
1608 5614 1623 5639 ,
1657 5575 1754 5628 καὶ
1807 5575 1992 5629 ἐλπιῶ

485 5693 509 5726 ⁸
542 5693 732 5748 Matth.
769 5710 952 5758 xxvm,
985 5693 1075 5756 19,
1104 5693 1193 5748 20.
1302 5695 1324 5726 ⁸
1358 5693 1498 5749 Psal.
1535 5710 1715 5760 cxvm,
1786 5694 1908 5752 129.

2021 5699 2042 5729 ⁸
2068 5697 2210 5751 Psal.
2251 5712 2378 5761 xv",
2414 5697 2505 5750 2'7.

2082 4581 2284 4638 Paulus
2319 4597 2334 4636 :
2368 4581 2671 4639 Imitatores
2701 4581 2803 4635 mei
2831 4586 3013 4646 estote,
3032 4581 3168 4634 sicut
3195 4585 3244 4632 et
3269 4593 3362 4650 ego
3390 4577 3586 4634 Christi
3610 4577 3656 4632 ⁸.

2083 4671 2152 4728 Et
2180 4673 2382 4727 iterum
2417 4689 2432 4726 :
2473 4670 2638 4726 Nulla
2667 4672 2791 4741 jam
2826 4671 3103 4725 damnatio
3143 4679 3220 4725 est
3257 4670 3369 4736 his,
3403 4669 3494 4741 qui
3539 4681 3662 4723 sunt

2081 4765 2139 4818 in
2169 4762 2372 4820 Christo
2402 4762 2528 4818 Iesu
2546 4779 2564 4829 ;
2597 4765 2688 4834 qui
2729 4779 2835 4818 non
2865 4763 3156 4818 secundum
3203 4777 3421 4818 carnem
3473 4760 3660 4816 ambu-

2086 4853 2238 4920 lant,
2295 4853 2387 4908 sed
2432 4853 2721 4908 secundum
2777 4853 3024 4925 spiritum
3048 4851 3195 4909 “.Ac
3257 4866 3452 4906 rursus
3501 4865 3515 4904 :
3557 4848 3662 4915 Qui

2083 4955 2207 5001 sunt
2254 4943 2470 5012 Christi,
2501 4960 2719 5000 carnem
2763 4935 2918 5001 suam
2958 4943 3331 5013 cruciﬁxerunt
3359 4933 3479 4996 cum
3525 4943 3662 4997 uitiis

2084 5048 2135 5094 et
2161 5040 2591 5111 concupiscentiis
2609 5040 2676 5094 ¹⁰.
2701 5039 3018 5110 lterumque
3036 5055 3050 5092 :
3071 5037 3199 5092 Mihi
3226 5037 3451 5092 mundus
3488 5038 3662 5092 cruci-

2085 5131 2224 5201 ﬁxus
2251 5139 2348 5197 est,
2377 5139 2428 5185 et
2452 5147 2544 5202 ego
2575 5131 2770 5185 mundo
2791 5131 2855 5184 “.
3583 5167 3602 5190 .

2155 5221 2212 5276 5.
2251 5221 2330 5276 De
2360 5221 2466 5276 hac
2490 5228 2761 5290 potestate
2795 5227 2855 5275 et
2882 5219 3092 5274 auxilio
3121 5217 3430 5274 vaticinans
3464 5216 3658 5284 David,

2088 5309 2308 5368 aiebat:
2349 5307 2453 5375 Qui
2495 5308 2699 5363 habitat
2726 5310 2784 5363 in
2821 5309 3093 5378 adiutorio
3123 5308 3403 5373 Altissimi,
3437 5309 3495 5362 in
3534 5323 3659 5379 pro-

2091 5401 2310 5456 tectione
2330 5399 2427 5454 Dei
2449 5398 2565 5455 caeli
2593 5399 3022 5454 commorabitur.
3058 5398 3200 5453 Dicet
3246 5399 3472 5454 Domino
3500 5415 3520 5453 :
3549 5398 3660 5454 Ad-

2083 5490 2235 5561 jutor
2264 5503 2410 5543 meus
2441 5505 2493 5542 es
2522 5496 2599 5553 tu,
2623 5495 2673 5541 et
2707 5487 2969 5558 refugium
3001 5503 3192 5554 meum,
3237 5487 3377 5542 Deus
3417 5503 3583 5548 meus.
3612 5497 3662 5541 et

2091 5577 2314 5648 sperabo
2361 5578 2417 5631 in
2490 5577 2696 5632 eum“.
2743 5575 3051 5646 Paucisque
3111 5576 3451 5648 interjectis,
3492 5574 3664 5650 Super

2617 5696 2636 5729 ⁷
2660 5695 2795 5754 Luc.
2832 5708 2886 5765 Χ,
2935 5695 3022 5752 19.
3131 5697 3152 5729 ⁸
3185 5696 3420 5767 Philipp.
3461 5711 3544 5763 tu,
3573 5695 3661 5753 17.

415 5764 436 5797 ⁹
474 5764 629 5820 Rom.
670 5781 782 5831 vut,
817 5766 863 5819 -l.
946 5765 989 5796 ¹⁰
1015 5763 1189 5819 Galat.
1225 5780 1278 5828 ν,
1302 5763 1392 5820 2-1.
1471 5765 1508 5796 ¹¹
1536 5764 1710 5820 Galat.
1746 5781 1818 5832 γι,
1857 5766 1944 5820 11.

2096 5766 2238 5822 Psal.
2278 5781 2362 5833 xc,
2399 5766 2448 5831 1,
2493 5768 2548 5822 2.
