4154 6322
479 333 581 400 915

1652 334 1712 394 S.
1755 333 2039 395 ΜΑΧῙΜΙ

2165 334 2580 397 ΝΕΕΞΞΟΒῘΞ
3624 335 3723 402 916

481 445 720 516 aspidem
751 453 800 498 et
826 442 1125 498 basiliscum
1179 439 1470 505 inscendes,
1516 445 1565 492 et
1588 438 1914 492 conculcabis
1945 439 2050 493 leo-

2165 441 2244 493 ἔπ’
2267 442 2476 494 αὐτόν.
2522 438 2632 493 Kal
2662 440 2776 508 μετ’
2827 438 3015 508 ὀλίγα·
3047 439 3172 492 Ἐπί
3212 439 3443 494 ἀσπίδα
3481 443 3582 494 καί
3612 444 3726 506 ,βα-

481 553 602 592 nem
628 545 679 591 et
707 537 987 590 draconem
1016 551 1033 588 :
1069 535 1318 594 quoniam
1339 531 1537 603 angelis
1571 533 1678 586 suis
1700 532 1974 585 mandauit
1990 532 2054 585 de

481 635 552 691 te,
590 633 646 679 ut
666 625 965 677 custodiant
1010 631 1060 674 te
1084 624 1140 676 in
1171 621 1408 675 omnibus
1432 621 1526 674 viis
1555 621 1658 674 tuis
1677 619 1743 672 ¹³.
1773 618 1839 672 Hi
1869 627 2052 672 autem

447 717 450 719 Α
480 715 576 785 qui
602 729 752 768 carm
776 712 959 766 animo
980 712 1184 766 addicti
1217 718 1367 774 sunt,
1399 723 1461 763 ac
1497 718 1840 763 terrenorum
1867 721 2054 762 amore

480 815 770 870 tenentur,
804 804 932 859 vide
956 819 1024 858 ex
1065 803 1165 857 illo
1186 802 1318 872 quid
1351 800 1596 865 audiant,
1643 800 1744 865 Qui
1779 808 1925 853 amat
1959 817 2055 868 pa-

481 907 616 950 trem
641 903 735 950 aut
767 903 995 948 matrem
1021 890 1300 963 plusquam
1340 906 1443 954 me,
1463 906 1568 943 non
1591 898 1665 942 est
1688 904 1769 942 me
1783 889 1966 958 dignus
1988 888 2050 939 ιδ.

478 986 789 1055 Paucisque
828 981 1132 1052 interiectis
1167 981 1280 1035 :Et
1319 981 1412 1050 qui
1455 996 1561 1033 non
1617 980 1804 1049 accipit
1850 993 2056 1031 crucem

479 1085 656 1143 suum,
694 1087 746 1130 et
778 1083 895 1147 post
926 1091 1008 1129 me
1034 1076 1292 1144 sequitur,
1318 1089 1421 1126 non
1465 1082 1541 1126 est
1589 1087 1672 1126 me
1697 1072 1909 1141 dignus.
1960 1071 2052 1134 Et,

480 1166 588 1234 Qui
622 1183 726 1221 non
758 1165 1026 1220 renuntiat
1053 1164 1292 1218 omnibus
1315 1202 1328 1228 ,
1371 1178 1488 1232 qute
1518 1162 1770 1232 possidet,
1822 1177 1928 1212 non
1956 1175 2053 1230 po-

481 1267 581 1312 test
611 1274 757 1312 meus
789 1272 897 1310 esse
920 1253 1208 1324 discipulus
1233 1254 1296 1307 ¹⁸.
1333 1251 1438 1319 Qui
1464 1266 1596 1322 ergo
1629 1250 1780 1305 illius
1808 1248 2057 1318 discipu-

480 1346 571 1401 lus
603 1347 724 1400 ﬁeri
763 1345 986 1415 cogitat,
1035 1345 1264 1414 ejusque
1306 1343 1506 1413 dignus
1535 1340 1806 1405 inveniri,
1839 1353 2058 1394 necnon

481 1437 554 1493 ab
581 1451 650 1494 eo
673 1437 937 1492 virtutem
966 1435 1218 1504 accipere
1258 1435 1550 1490 adversum
1591 1432 1818 1502 spiritus
1859 1429 2056 1500 nequi-

483 1531 594 1596 tiae,
625 1531 674 1585 is
722 1529 791 1585 ab
813 1529 962 1583 omni
993 1527 1198 1583 carnali
1241 1527 1533 1582 aﬁ'ectione
1564 1524 1829 1588 abscedit,
1855 1523 2057 1577 nudat-

485 1638 595 1693 que
645 1623 888 1692 seipsum
919 1620 1069 1674 omni
1123 1627 1471 1674 terrenorum
1519 1631 1738 1681 amore;
1788 1623 1952 1685 atque
2002 1613 2058 1667 in

483 1716 636 1770 hunc
665 1715 888 1769 modum
927 1713 1192 1768 adversus
1226 1710 1535 1765 invisibiles
1564 1708 1751 1762 hostes
1776 1715 2057 1762 certamen

2155 533 2443 586 σιλίσκον
2463 531 2744 600 ἐπιϐήσῃ,
2782 530 2879 584 καί
2907 530 3354 597 καταπατήσεις
3386 531 3606 586 λέοντα
3627 534 3725 588 καί

2155 624 2454 692 δράκοντα
2475 640 2487 654 ·
2521 623 2612 677 ὅτι
2664 622 2790 687 τοῖς
2845 622 3123 691 ἀγγέλοις
3167 623 3354 676 αὐτοῦ
3403 623 3726 678 ἐντελεῖται

2155 715 2287 783 περὶ
2322 713 2438 768 σοῦ
2466 753 2480 777 ,
2513 712 2618 766 τοῦ
2655 710 3018 780 διαφυλάξαι
3069 724 3144 763 σε
3203 710 3272 763 ἐν
3323 711 3549 778 πάσαις
3596 712 3726 782 ταῖς

2155 807 2317 874 ὁδοῖς
2365 824 2500 861 σου.
2539 809 2604 860 Οἱ
2635 807 2692 860 δὲ
2720 807 2784 877 τῇ
2830 805 2993 874 σαρκὶ
3041 805 3459 874 προσκείμενοι,
3503 808 3596 859 καὶ
3629 807 3727 879 τὴν

2158 897 2290 967 ὓλην
2325 895 2645 964 ἀγαπῶντες
2671 893 2762 948 τοῦ
2791 895 3020 962 κόσμου,
3057 894 3221 947 ἄκουε
3268 897 3395 947 ποία
3433 897 3563 964 παρ’
3587 895 3722 967 [Αίί.

2157 989 2386 1043 ἄκουσον
2423 989 2471 1042 τί
2511 989 2664 1059 παρ’.
2710 987 2808 1042 Fr.
2856 987 3020 1041 ἄκουε
3052 981 3162 1058 οἷα]
3193 988 3354 1041 αὑτοῦ
3397 989 3726 1059 ἀκούουσιν⁹

2167 1079 2232 1132 '0
2261 1077 2453 1148 φιλῶν
2502 1078 2725 1147 πατέρα
2750 1078 2788 1146 ἢ
2812 1077 3038 1147 μητέρα
3088 1078 3241 1147 ὑπὲρ
3273 1077 3410 1147 ἐμὲ,
3453 1081 3563 1133 οὐκ
3595 1079 3732 1134 ἐστι

2153 1189 2272 1242 μου
2298 1170 2485 1236 ἄξιος.
2519 1171 2628 1224 Kal
2667 1169 2784 1238 μετ’
2818 1169 2973 1236 ὀλίγα
3004 1185 3017 1200 ο
3051 1169 3162 1223 Kal
3211 1169 3280 1235 ὃς
3325 1172 3397 1224 οὺ
3439 1171 3734 1240 λαμϐάνει

2156 1263 2264 1316 τὸν
2291 1260 2557 1328 σταυρὸν
2608 1260 2794 1314 αὐτοῦ
2839 1260 2935 1314 καί
2978 1260 3304 1314 ἀκολουθεῖ
3350 1261 3543 1314 ὀπίσω
3585 1279 3732 1330 μου,

2158 1354 2270 1406 οὐκ
2303 1351 2435 1404 ἔστι
2461 1368 2579 1422 μου
2601 1350 2789 1417 ἄξιος.
2818 1352 2950 1414 Kal,
2971 1351 3170 1418 Ὅστις
3193 1354 3304 1406 οὐκ
3323 1351 3736 1408 ἀποτάσσεται

2159 1443 2309 1499 πᾶσι
2359 1442 2483 1508 τοῖς
2529 1441 2912 1512 ὑπάρχουσιν
2960 1443 3151 1509 αὐτῷ,
3204 1445 3277 1496 οὐ
3315 1443 3567 1498 δύναταί
3613 1463 3736 1518 μου

2158 1527 2309 1586 εἶναι
2334 1529 2624 1600 μαθητής.
2671 1531 2730 1584 '0
2756 1527 2848 1585 οῦν
2873 1531 3041 1586 θέλων
3077 1531 3332 1599 γενέσθαι
3362 1532 3526 1585 αὐτοῦ
3557 1533 3739 1604 μαθη-

2157 1623 2277 1694 τὴς,
2312 1624 2405 1676 καὶ
2437 1623 2585 1689 ἄξιος
2630 1623 2797 1677 αὑτοῦ
2847 1623 3134 1694 εὑρεθῆναι
3166 1639 3180 1653 ·
3217 1624 3311 1676 καὶ
3342 1623 3572 1694 δύναμιν
3601 1627 3738 1696 παρ’

2160 1715 2326 1769 αὐτοῦ
2375 1715 2561 1769 λαϐεῖν
2611 1715 2752 1770 κατά
2793 1715 2902 1769 τῶν
2954 1717 3280 1786 πνευμάτων
3308 1716 3408 1785 τῆς
3444 1718 3736 1788 πονηρίας,

481 1815 586 1879 pro
618 1808 766 1864 illius
796 1805 1066 1861 mandatis
1096 1804 1219 1868 init,
1250 1801 1397 1857 haud
1431 1803 1591 1857 aliter
1620 1816 1683 1857 ac
1717 1801 1834 1870 ipse
1867 1800 2056 1855 Domi-

2165 1805 2386 1877 χωρίζει
2416 1806 2608 1860 ἑαυτὸν
2625 1807 2803 1877 πάσης
2840 1772 3108 1886 σαρκικῆς
3124 1772 3512 1879 σχέσεως-’.καὶ
3536 1772 3738 1880 γῦμνόί

484 1917 593 1956 nus
619 1916 679 1956 se
722 1899 885 1955 nobis
915 1897 1226 1966 exemplum
1257 1894 1547 1960 exhibuit,
1579 1901 1698 1948 tum
1747 1893 1803 1947 in
1835 1891 2058 1946 deserto

485 1993 557 2047 ab
589 1992 812 2060 illorum
850 1993 988 2048 duce
1015 1999 1277 2058 tentatus,
1311 2000 1427 2046 tum
1479 1991 1536 2045 in
1563 1990 1788 2045 deserto
1834 1989 1902 2043 ab
1931 1988 2057 2042 illo-

482 2097 609 2137 rum
636 2081 776 2138 duce
827 2090 1088 2146 tentatus,
1119 2089 1254 2146 tum,
1291 2097 1415 2136 cum
1454 2097 1513 2136 se
1552 2081 1765 2136 mundo
1797 2079 2058 2146 dedisset,

485 2172 554 2228 ab
595 2172 683 2238 iis,
718 2172 814 2243 qui
847 2173 997 2227 illius
1026 2172 1331 2242 agebantur
1356 2171 1562 2226 aﬂlatu.

2165 1896 2358 1949 ἑαυτὸν
2390 1896 2570 1967 πάσης
2607 1896 2796 1966 ὑλικῆς
2825 1899 3234 1967 προσπαθείαςυ
3268 1899 3361 1953 καὶ
3389 1899 3560 1963 οὕτως
3597 1899 3742 1971 πρὸς

2165 1989 2291 2051 τοὺς
2339 1989 2604 2060 ἀοράτους
2656 1987 2883 2058 ἐχθροὺς
2932 1990 3073 2062 ὑπὲρ
3125 1992 3232 2043 τῶν
3296 1990 3527 2044 ἐντολῶν
3567 1989 3738 2044 αὑτοῦ

2166 2077 2491 2147 ἀγωνίζεται
2515 2094 2528 2108 '
2557 2079 2632 2142 ῶς
2664 2077 2822 2141 αὐτὸς
2853 2080 2882 2131 6
2918 2080 3126 2150 Κύριος
3173 2079 3362 2134 ἑαυτὸν
3405 2079 3576 2135 τύπον
3601 2082 3741 2150 ἡμῖν

2170 2170 2464 2240 παρέσχεν,
2499 2170 2555 2221 έν
2584 2187 2641 2222 τε
2675 2173 2742 2241 τῇ
2778 2171 2970 2242 ἐρήμῳ
3003 2171 3108 2224 ὑπὸ
3138 2171 3233 2226 τοῦ
3276 2172 3520 2244 ἀρχηγοῦ
3553 2171 3742 2226 αὐτῶν

483 2264 884 2337 πειραζόμενος
904 2281 916 2293 ·
952 2265 1045 2318 καὶ
1071 2265 1129 2317 ὲν
1150 2266 1215 2335 τῇ
1257 2263 1547 2335 οἰκουμένῃ
1601 2262 1791 2330 ἐλθὼν,
1813 2261 1918 2316 ὑπὸ
1945 2260 2054 2315 τῶν
2093 2260 2186 2314 ὑπ’
2211 2259 2376 2313 αὑτοῦ
2408 2261 2833 2331 ἐνεργουμένων.

555 2358 607 2413 6.
634 2359 773 2414 Tum
814 2359 983 2414 frater
1027 2376 1040 2412 :
1077 2359 1146 2413 At
1178 2359 1350 2413 multa
1392 2367 1541 2424 sunt,
1588 2357 1799 2428 inquit,
1834 2355 2053 2412 Domini

482 2449 772 2515 mandata;
805 2457 859 2503 et
888 2449 1013 2518 quis
1041 2447 1224 2502 animo
1266 2462 1452 2502 coram
1498 2447 1681 2501 omnia
1711 2447 1916 2502 habere
1959 2461 2058 2516 po-

483 2550 612 2605 test,
649 2548 709 2595 ut
732 2555 834 2610 pro
856 2539 1115 2595 omnibus
1150 2539 1452 2594 certamine
1479 2538 1808 2606 contendat;
1845 2538 1933 2592 vel
1957 2553 2059 2608 ego

484 2633 746 2698 maxime,
780 2633 876 2702 qui
921 2631 1131 2702 fragilis
1161 2629 1444 2686 memoriae
1473 2645 1618 2696 sum,
1675 2644 1780 2684 nec
1809 2628 2057 2700 plurium

484 2738 712 2793 possum
764 2721 1314 2778 meminissc?Velim
1369 2720 1560 2776 audire
1606 2720 2059 2791 compendiosum

2231 2355 2734 2423 ς’.ΚαὶὸἈδελφὸς
2756 2349 2906 2410 εἷπεν
2925 2372 2938 2387 ·
2976 2356 3134 2410 Ἀλλὰ
3163 2357 3356 2411 πολλαί
3379 2359 3505 2420 είσι,
3530 2358 3740 2430 Πάτερ,

2161 2447 2218 2500 al
2246 2445 2339 2499 τοῦ
2369 2446 2574 2516 Κυρίου
2607 2445 2846 2500 ἐντολαί·
2877 2447 2970 2500 καὶ
3003 2447 3086 2511 τίς
3119 2448 3342 2502 δύναται
3376 2449 3557 2512 πάσας
3592 2449 3742 2520 ἔχειν

2164 2534 2305 2588 κατά
2335 2533 2477 2600 νοῦν,
2503 2534 2590 2588 ἵνα
2618 2535 2756 2605 ὑπὲρ
2799 2536 2988 2589 πασῶν
3019 2537 3356 2608 ἀγωνίσηται
3378 2555 3392 2604 ;
3418 2539 3528 2608 ἐγὼ
3555 2541 3610 2592 δὲ
3643 2541 3745 2610 μά-

2161 2626 2338 2690 λιστα,
2377 2624 2654 2694 ὀλιγόνους
2708 2625 3002 2696 ὑπάρχωνς
3053 2629 3318 2699 σύντομον
3358 2629 3516 2697 λόγον
3549 2630 3744 2701 ἤθελον

2163 2715 2415 2781 ἀκοῦσαι,
2449 2716 2535 2769 ἵνα
2567 2715 2728 2769 αὐτὸν
2756 2717 2995 2787 κρατῶν,
3016 2717 3086 2770 δι’
3107 2718 3270 2773 αὐτοῦ
3300 2720 3602 2789 ἐσωζόμην.
3631 2720 3744 2773 Kal

484 2829 818 2879 sermonem,
876 2822 936 2868 ut
963 2829 1088 2869 eum
1115 2821 1300 2869 mente
1324 2820 1540 2878 tenens,
1585 2813 1735 2867 illius
1771 2827 1874 2882 ope
1912 2825 2049 2867 mete

2165 2806 2424 2878 inexple
2452 2808 2481 2860 6
2512 2807 2713 2878 γέρωνο
2731 2808 2794 2860 Ei
2819 2809 2912 2862 καὶ
2937 2808 3126 2863 πολλαί
3153 2811 3312 2874 εἰσιν,
3351 2809 3592 2879 Ἀδελφέ,
3625 2809 3744 2862 ἀλλ’

486 2904 606 2973 ipse
663 2903 824 2961 saluti
881 2902 1248 2956 consulerem.
1300 2899 1604 2970 Respondit
1636 2914 1804 2954 senex
1845 2899 2057 2954 :Multa

487 2995 713 3066 quidem
748 3003 897 3058 sunt,
951 2992 1025 3048 mi
1079 2991 1268 3057 frater,
1323 2991 1383 3045 in
1409 3005 1521 3044 uno
1571 2999 1756 3044 tamen
1803 3002 2056 3043 sermone

490 3102 704 3142 summa
731 3086 1100 3157 colliguntur;
1133 3083 1280 3154 quod
1328 3083 1541 3138 scilicet
1567 3081 1772 3136 dicitur
1806 3096 1824 3134 :
1858 3077 2058 3151 Diliges

2165 3080 2265 3135 καί
2293 3079 2362 3144 ἐξ
2392 3080 2536 3149 ὅλης
2563 3079 2672 3149 τῆς
2701 3075 2972 3147 διανοίας
2995 3094 3112 3135 σου
3144 3096 3159 3113 ·
3189 3081 3286 3135 καί
3316 3081 3423 3135 τὸν
3469 3082 3746 3149 πλησίον
3837 3066 3844 3071 ’

487 3179 771 3234 Dominum
806 3177 972 3232 Deum
1022 3185 1168 3230 tuum
1207 3189 1270 3229 ea:
1297 3183 1409 3228 tota
1458 3173 1760 3243 fortitudine
1791 3179 1883 3225 tua
1911 3180 1959 3225 et
1998 3187 2062 3224 ea:

493 3278 603 3324 tota
641 3277 810 3323 mente
845 3275 966 3333 tua;
994 3275 1041 3321 et
1067 3267 1364 3336 proximum
1398 3273 1546 3318 tuum
1583 3264 1718 3316 sicut
1748 3261 2057 3333 teipsum":

493 3376 578 3427 ac,
615 3361 710 3430 qui
743 3375 913 3414 unum
959 3358 1109 3412 hunc
1155 3370 1469 3413 sermonem
1505 3369 1725 3410 servare
1754 3353 2058 3419 contendit,

493 3451 679 3506 omnia
725 3450 888 3506 simul
937 3447 1195 3505 mandata
1231 3447 1442 3517 implet.
1478 3446 1598 3502 Non
1637 3454 1819 3516 potest
1857 3453 2060 3510 autem,

492 3540 575 3594 uti
601 3541 712 3612 jam
738 3539 794 3594 in
827 3539 1208 3610 superioribus
1240 3537 1449 3593 dictum
1480 3546 1586 3603 est,
1627 3537 1722 3606 qui
1752 3552 1784 3591 a
1812 3543 2063 3591 terreno-

494 3647 618 3686 rum
648 3631 939 3688 aﬂ'ectione
966 3630 1211 3686 animum
1243 3645 1355 3685 non
1402 3628 1734 3701 abjunxerit,
1786 3635 1881 3683 aut
1903 3627 2067 3698 370

493 3723 669 3778 Deum
717 3738 849 3778 vere
895 3721 1123 3794 diligere
1174 3730 1270 3777 aut
1320 3721 1668 3800 proximum;
1702 3718 1849 3788 quod
1901 3718 2064 3773 simul

494 3810 738 3867 terrenis
767 3809 929 3877 allici,
982 3813 1269 3881 Deumque
1321 3809 1572 3880 diligere,
1629 3809 1776 3864 haud
1823 3824 2065 3879 unquam

495 3898 810 3969 contigerit.
864 3898 1022 3964 Quod
1056 3899 1134 3952 ita
1168 3898 1433 3953 Dominus
1462 3897 1789 3969 designavit,
1817 3897 2063 3952 cumait:

493 3987 660 4044 Nemo
700 3997 868 4060 potest
898 3990 1095 4045 duobus
1136 3989 1360 4044 dominis
1409 3989 1604 4043 servire
1629 3990 1692 4043 ".
1739 3990 1846 4045 Et:
1875 3988 2066 4044 Nullus

495 4090 660 4150 potest
709 4081 810 4140 Deo
848 4083 1040 4137 servire
1076 4091 1127 4136 et
1179 4097 1490 4137 mammonae
1513 4082 1577 4137 ι’.
1607 4079 1885 4148 Quantum
1920 4079 2068 4135 enim

497 4183 656 4223 mens
676 4176 865 4223 nostra
887 4167 1088 4224 aiiectu
1117 4167 1355 4222 terrenis
1392 4167 1561 4223 rebus
1581 4166 1927 4234 adhaerescit,
1961 4166 2070 4221 illis

499 4259 868 4330 mancipatur,
917 4259 1239 4331 spernitque
1290 4259 1391 4315 Dei
1419 4257 1874 4331 transgrediendo
1911 4273 2070 4313 man-

499 4349 709 4405 datum.

2166 2899 2245 2953 ἐνὶ
2299 2899 2442 2970 λόγῳ
2502 2899 3049 2968 ἀνακεφαλαιοῦνται,
3116 2901 3174 2952 ὲν
3208 2900 3319 2970 τῷ,
3377 2901 3745 2970 Ἀγαπήσεις

2165 2989 2390 3057 Κύριον
2421 2989 2530 3044 τὸν
2589 2990 2738 3043 Θεόν
2782 3003 2899 3044 σου
2944 2990 3016 3055 ἐξ
3061 2991 3211 3058 ὅλης
3243 2990 3353 3058 τῆς
3385 2991 3597 3058 ίσχύος
3623 3007 3744 3045 σου

2165 3185 2283 3225 σου
2311 3170 2392 3236 ὡς
2420 3170 2657 3224 ἑαυτόν.
2677 3169 2789 3224 Kal
2812 3171 2840 3223 6
2867 3168 3268 3241 ἀγωνιζόμενος
3291 3169 3482 3224 τοῦτον
3514 3173 3745 3242 κρατεῖν

2165 3261 2256 3315 τὸν
2285 3260 2442 3328 λόγον
2467 3301 2484 3325 ,
2517 3261 2698 3323 πάσας
2733 3259 2869 3331 ὁμοῦ
2926 3259 3027 3322 τὰς
3077 3260 3298 3324 ἐντολὰς
3339 3260 3614 3332 κατορθοῖ.
3669 3261 3744 3314 06

2165 3352 2387 3406 δύναται
2414 3350 2472 3404 δέ
2503 3368 2587 3414 τις
2635 3351 2710 3422 μὴ
2748 3351 2986 3423 χωρίσας
3017 3350 3208 3404 ἑαυτὸν
3227 3392 3242 3417 ,
3273 3350 3348 3414 ὡς
3392 3351 3743 3421 προείρηται,

2165 3442 2266 3513 τῆς
2293 3441 2400 3497 τῶν
2446 3442 2646 3496 ὑλικῶν
2699 3443 3096 3514 προσπαθείας,
3127 3441 3250 3495 οὕτε
3297 3441 3389 3495 τὸν
3426 3441 3580 3502 Θεὸν,
3611 3441 3745 3495 οὕτε

2165 3535 2258 3588 τὸν
2319 3534 2545 3606 πλησίον
2598 3534 2883 3604 ἀγαπῆσαι
2929 3532 3166 3604 γνησίως
3209 3545 3226 3562 ⁶
3256 3531 3443 3602 ἐπειδὴ
3493 3531 3625 3600 ὁμοῦ
3679 3533 3741 3601 τῇ

2169 3625 2271 3698 ῦλῃ
2300 3624 2654 3695 προσκεῖσθαι
2684 3663 2699 3688 ,
2729 3623 2824 3677 καὶ
2860 3623 2951 3676 τὸν
3001 3622 3133 3675 Θεὸν
3175 3622 3456 3690 ἀγαπῆσαι
3482 3660 3496 3684 ,
3525 3621 3744 3690 ἀμήχα-

2168 3733 2277 3769 νον.
2297 3717 2409 3770 Καὶ
2439 3715 2598 3769 τοῦτό
2632 3715 2780 3767 ἐστιν
2817 3713 2845 3767 6
2869 3712 3017 3781 λέγει
3045 3713 3073 3766 6
3107 3711 3344 3782 Κύριος·
3385 3710 3598 3776 Οὐδείς
3640 3711 3742 3763 δύ-

2167 3824 2342 3862 ναται
2373 3808 2517 3862 δυσί
2550 3806 2780 3873 κυρίοις
2804 3805 3134 3860 δουλεύειν.
3155 3803 3264 3857 Καί
3285 3819 3298 3834 ·
3331 3801 3541 3868 Οὐδείς
3565 3801 3743 3856 δύνα-

2168 3917 2263 3954 ται
2286 3898 2406 3964 Θεῷ
2433 3898 2748 3952 δουλεύειν
2775 3896 2875 3951 καί
2912 3894 3185 3966 μαμωνᾷ.
3219 3895 3384 3949 Ὅσον
3421 3895 3530 3965 γὰρ
3561 3896 3591 3948 6
3619 3895 3741 3958 νοῦς

2168 3993 2202 4062 ή
2213 3990 2330 4062 μῶν
2358 3990 2466 4043 τῶν
2487 3988 2580 4043 τοῦ
2613 3989 2818 4059 κόσμου
2845 3987 3127 4057 ἀντέχεται
3170 3987 3532 4056 πραγμάτων,
3564 3985 3740 4038 δεδού-

2170 4082 2338 4136 λωται
2361 4082 2578 4151 αὐτοίςξ,
2614 4081 2709 4136 καὶ
2739 4080 3072 4150 καταφρονεῖ
3091 4077 3188 4150 τὴν
3218 4079 3436 4150 ἐντολὴν
3473 4077 3569 4132 τοῦ
3607 4076 3740 4132 Θεοῦ

2172 4173 2542 4244 παραϐαίνων.

609 4480 625 4494 .
664 4440 752 4494 Ait
798 4440 1009 4494 frater:
1039 4439 1249 4506 Quibus
1305 4441 1473 4496 rebus
1519 4441 1688 4509 dicis,
1739 4441 1937 4496 Pater?
1965 4439 2062 4494 Re-

2247 4447 2311 4512 C’.
2352 4447 2462 4501 Kal
2491 4447 2518 4500 6
2568 4445 2821 4516 Ἀδελφὸς
2853 4441 3009 4500 εἶπε·
3046 4443 3223 4499 Ποίων
3266 4444 3612 4516 πραγμάτων
3656 4442 3770 4497 λέο’

500 4527 726 4599 spondit
753 4543 918 4584 senex
946 4547 959 4582 :
991 4528 1161 4596 Cibis,
1186 4531 1458 4600 pecuniis,
1481 4530 1722 4600 praediis,
1749 4529 1943 4600 gloria,
1976 4544 2070 4585 co-

502 4619 685 4688 gnatis
713 4634 810 4673 seu
843 4619 1117 4686 amnibus,
1148 4630 1204 4676 et
1247 4623 1539 4692 ejusmodi.
1563 4623 1643 4678 Ad
1671 4637 1836 4692 quem
1859 4622 2066 4678 frater:

502 4708 700 4775 Quaeso
730 4717 818 4774 te,
862 4709 1042 4775 Pater,
1074 4712 1323 4781 nunquid
1361 4728 1470 4767 non
1520 4729 1584 4768 ea
1613 4714 1760 4768 Deus
1805 4714 2070 4780 condidit,

504 4810 669 4870 atque
713 4801 1031 4857 hominibus
1069 4804 1273 4860 utenda
1301 4805 1622 4860 concessit?
1651 4805 1955 4875 Respondit
1983 4821 2074 4861 se-

503 4905 610 4947 nex
635 4909 648 4946 :
686 4891 829 4948 Sane
858 4892 1033 4963 liquet
1056 4895 1229 4949 Deum
1254 4910 1317 4950 ea
1341 4895 1672 4961 condidisse,
1705 4904 1868 4966 atque
1894 4897 2073 4952 homi-

505 4983 672 5038 nibus
694 4984 897 5039 utenda
949 4983 1264 5041 tradidisse.
1298 4985 1494 5045 Omnia
1529 4985 1677 5040 enim
1719 5003 1750 5042 a
1784 4988 1897 5042 Deo
1931 4988 2075 5044 bona

505 5076 727 5132 condita
755 5080 964 5144 sunt",
1002 5086 1064 5132 ut
1093 5079 1235 5133 bene
1271 5079 1381 5134 illis
1415 5080 1645 5149 utendo,
1682 5081 1794 5137 Deo
1829 5082 2074 5152 placere-

504 5182 648 5221 mus.
682 5167 794 5222 Nos
851 5167 1134 5224 enimvero
1164 5169 1259 5239 qui
1304 5169 1507 5225 infirmi
1549 5187 1615 5226 ac
1659 5173 1864 5226 terreni
1894 5171 2078 5227 animo

506 5256 700 5322 simus,
733 5273 826 5313 res
870 5269 1120 5315 terrenas
1151 5259 1468 5317 dilectionis
1516 5271 1793 5332 praecepto
1833 5263 2078 5332 praetuli-

506 5363 658 5414 mus;
698 5349 918 5418 illisque
948 5350 1155 5416 affecti,
1211 5352 1534 5409 hominibus
1586 5369 1923 5425 pugnamus;
1952 5369 2077 5409 cum

506 5455 606 5510 par
637 5447 803 5505 esset,
838 5451 900 5496 ut
920 5442 989 5498 iis
1018 5443 1277 5499 omnibus
1308 5459 1430 5514 quae
1460 5445 1517 5499 in
1545 5453 1826 5515 aspectum
1851 5445 2076 5511 cadunt,

2177 4556 2310 4608 γεις,
2346 4538 2575 4608 Πάτερ;
2616 4539 2726 4592 Kal
2758 4539 2786 4590 6
2829 4537 3008 4608 γέρων
3050 4536 3353 4607 ἀπεκρίθη·
3406 4537 3740 4606 Βρωμάτων,

2177 4629 2475 4701 χρημάτων
2496 4671 2510 4695 ,
2550 4629 2847 4699 κτημάτων
2867 4669 2882 4693 ,
2912 4628 3090 4697 δόξης,
3149 4626 3450 4696 συγγενῶν,
3505 4627 3605 4680 καὶ
3638 4625 3742 4678 τῶν

2175 4717 2321 4787 ἑξῆς.
2348 4715 2457 4769 Kal
2477 4717 2506 4769 6
2539 4715 2790 4785 Ἀδελφὸς
2810 4711 2980 4769 εἶπεν·
3016 4716 3170 4779 Είπὲ,
3195 4715 3393 4786 Πάτερ,
3416 4713 3533 4784 οὐχὶ
3560 4716 3590 4766 6
3615 4712 3743 4773 Θεὸς

2177 4806 2317 4860 αὐτὰ
2351 4805 2554 4872 ἔκτισε,
2573 4807 2666 4859 καὶ
2703 4809 2814 4870 τοῖς
2839 4807 3147 4877 ἀνθρώποις
3176 4809 3256 4870 είς
3279 4809 3472 4877 χρῆσιν
3502 4805 3700 4859 δέδωκε
3726 4821 3740 4868 ;

2175 4901 2267 4954 κα)⁸
2312 4899 2428 4962 πῶς
2480 4897 2694 4952 κελεύει
2747 4899 2927 4953 αὐτῶν
2962 4898 3036 4970 μὴ
3069 4899 3388 4968 ἀντέχεσθαι
3420 4897 3541 4970 [alt.
3580 4898 3744 4952 ἅπτε-

2177 4991 2344 5062 σθαι];
2370 4990 2481 5044 Καὶ
2508 4989 2778 5060 ἀπεκρίθη
2807 4991 2836 5043 6
2865 4990 3044 5060 γέρων
3061 5005 3075 5020 ⁸
3095 4989 3264 5058 Δῆλον
3291 4989 3372 5042 ὅτι
3393 4990 3421 5042 6
3455 4988 3586 5052 Θεὸς
3608 4986 3743 5040 αὐτὰ

2175 5080 2377 5146 ἔκτισε,
2408 5081 2500 5134 καὶ
2530 5079 2762 5133 δέδωκεν
2782 5081 2860 5143 είς
2889 5082 3085 5151 χρῆσιν
3114 5082 3227 5142 τοῖς
3264 5077 3591 5149 ἀνθρώποις.
3615 5075 3739 5140 Kal,

2177 5173 2319 5227 καλὰ
2353 5171 2529 5225 πάντα
2563 5170 2632 5224 τὰ
2669 5171 2774 5224 ὑπὸ
2821 5170 2916 5224 τοῦ
2952 5171 3087 5224 Θεοῦ
3135 5170 3416 5239 γεγονότα,
3442 5169 3528 5223 ἵνα
3568 5168 3742 5229 καλῶς

2178 5264 2360 5325 αὐτοῖς
2416 5261 2784 5332 χρησάμενοι,
2816 5260 2895 5331 τῷ
2949 5261 3067 5330 Θεῷ
3113 5261 3599 5332 εὐαρεστήσωμενο
3631 5251 3741 5312 ἀλλ’

2179 5355 2340 5424 ἡμεῖς
2361 5353 2604 5417 ἀσθενεῖς
2633 5352 2804 5416 ὄντες,
2827 5353 2921 5406 καὶ
2943 5351 3117 5405 ὑλικοὶ
3141 5353 3205 5421 τῇ
3224 5351 3433 5422 διανοίᾳ
3458 5349 3620 5422 [ἀλλ.
3647 5347 3740 5414 τὴν

2181 5444 2420 5499 διάνοιαν
2443 5443 2487 5516 ].
2526 5446 2975 5515 προετιμήσαμεν
3027 5444 3099 5498 τὰ
3156 5443 3317 5498 ὑλικὰ
3359 5443 3459 5513 τῆς
3531 5439 3739 5507 ἐντολῆς

585 5668 626 5699 ’⁸
658 5667 1114 5746 Ρξιιι.ξιρ,]1-15.
1150 5673 1233 5746 -ξδ
1271 5671 1536 5743 Μιιῑιίιξχ,
1573 5674 1661 5728 57.
1743 5677 1785 5708 ¹⁵
1821 5682 1952 5730 Luc.
1989 5691 2062 5732 χιι

2165 5676 2218 5744 3,
2249 5676 2339 5732 54.
2418 5676 2461 5710 ¹⁶
2485 5676 2649 5732 Marc.
2683 5692 2777 5746 xu,
2804 5675 2892 5732 30.
2974 5679 3016 5710 "
3048 5676 3239 5733 Matth.
3276 5693 3350 5745 νι,
3371 5676 3458 5732 24.
3535 5676 3573 5708 ιθ
3602 5672 3729 5727 Luc.

512 5753 617 5807 xw,
662 5739 748 5793 l3.
827 5739 868 5771 ‘°
902 5739 1038 5795 Gen.
1077 5757 1112 5806 ι,
1149 5740 1236 5795 '51.
