4154 6322
457 315 561 382 91⁸7

1729 313 1804 373 LI
1813 313 1962 374 BER
1998 313 2428 375 ASCETICUS.

3599 309 3708 378 918
3742 262 3751 272 ’

451 428 550 495 τῆς
597 421 817 493 ἀγάπης
839 437 854 452 °
886 421 979 476 uti
1016 418 1193 474 αὐτῶν
1240 419 1623 491 ἀντεχόμενοι,
1657 423 1768 484 τοῖς
1816 421 2029 492 ἀνθρώ-

2139 421 2362 492 ipsoque
2406 435 2661 492 corpore,
2728 420 2970 494 cujusvis
3024 421 3310 477 hominum
3361 422 3714 478 dilectionem

454 531 578 578 ποις
619 512 906 584 μαχόμεθα
931 527 946 542 ο
977 511 1097 564 δέον
1157 511 1376 565 πάντων
1424 511 1532 564 τῶν
1574 511 1889 582 ὁρωμένων,
1931 511 2027 566 καὶ

454 605 620 660 αὑτοῦ
648 603 742 658 τοῦ
769 602 1039 673 σώματος,
1066 602 1166 672 τὴν
1194 602 1398 666 παντὸς
1435 601 1722 673 ἀνθρώπου
1755 603 2029 672 προτιμῆ-

457 715 546 750 σαι
575 695 795 765 ἀγάπην
813 709 830 725 °
860 694 983 764 ἥτις
1009 693 1157 745 ἐστὶν
1180 691 1468 762 γνώρισμα
1489 693 1587 762 τῆς
1619 693 1698 762 είς
1727 691 1860 744 Θεὸν
1887 691 2028 760 ἀγά-

454 807 591 860 πης,
624 786 810 850 καθὼς
839 786 1000 849 αὐτὸς
1047 788 1076 840 6
1106 785 1306 856 Κύριος
1338 787 1396 839 ἐν
1428 767 1781 854 Εὐαγγελίοις
1822 783 2032 838 δείκνυ-

458 894 567 934 σιν·
606 879 658 931 Ὁ
690 876 939 948 ἀγγιπῶν
966 877 1072 947 ἐμὲ
1092 917 1108 944 ,
1143 877 1316 948 φησὶ,
1344 878 1452 942 τάς
1492 875 1747 942 ἐντολάς
1779 893 1900 945 μου
1930 892 2032 944 τη-

449 970 650 1041 ρήσει.
675 971 786 1023 Καὶ
817 969 899 1034 τίς
928 970 1078 1023 ἐστιν
1107 969 1141 1039 ἡ
1197 968 1384 1039 ἐντολὴ
1431 968 1500 1038 ἣν
1533 969 1896 1039 τηρήσαντες,
1929 968 2029 1020 αὕ-

455 1065 548 1118 τὸν
603 1063 1005 1132 ἀγαπήσωμεν,
1058 1059 1223 1113 αὑτοῦ
1272 1059 1522 1122 ἄκουσον,
1549 1058 1836 1127 λέγοντος·
1871 1059 2032 1128 Αὕτη

456 1154 524 1208 δέ
545 1155 718 1208 ἐστιν
746 1154 784 1222 ἠ
813 1152 1033 1220 ἐντολὴ
1058 1153 1095 1220 ἡ
1123 1151 1260 1222 ἐμὴ.
1282 1152 1384 1205 ἵνα
1407 1149 1674 1220 ἀγαπᾶτε
1695 1151 2028 1218 ἀλλήλους.

468 1252 630 1321 Ὁρᾷς
676 1251 758 1302 ὅτι
806 1250 835 1318 ἡ
886 1247 1134 1318 ἀλλήλων
1185 1247 1413 1324 ἀγάπη,
1440 1245 1539 1316 τὴν
1581 1247 1660 1308 είς
1710 1245 1844 1298 Θεὸν
1894 1243 2034 1312 ἀγά-

457 1361 566 1412 πην
607 1339 1084 1410 συνίστησιν,ἥτις
1126 1339 1244 1392 ἐστὶ
1273 1341 1546 1410 πλήρωμα
1577 1339 1758 1408 πάσης
1791 1337 1925 1390 Θεοῦ
1950 1337 2034 1390 ὲν·-

455 1432 648 1502 τολῆς;
675 1431 774 1484 Διά
804 1427 963 1481 τοῦτο
995 1421 1088 1481 οὖν
1117 1427 1332 1481 κελεύει
1359 1427 1540 1480 αὐτῶν
1570 1426 1644 1497 μὴ
1675 1424 1995 1496 ἀντέχεσθαι
2015 1439 2030 1454 ⁸

457 1524 592 1578 ἀλλά
623 1523 717 1577 καὶ
752 1520 1122 1586 ἀποτάξασθαι
1171 1521 1304 1573 πᾶσι
1336 1521 1449 1581 τοῖς
1490 1517 1828 1587 ὑπάρχουσιν
1861 1515 2032 1586 αὐτῷ,

459 1617 634 1670 πάντα
663 1599 762 1668 τὸν
791 1613 938 1683 αὐτῷ
984 1612 1314 1682 μαθητεύειν
1352 1608 1766 1681 ἐπιθυμητικῶς
1819 1608 2030 1678 ἔχοντα.

527 1713 597 1779 η’.
618 1708 727 1760 Καὶ
750 1709 778 1760 6
815 1705 1065 1774 Ἀδελφὸς
1093 1700 1267 1758 εἶπενο
1295 1703 1512 1775 Ἐπειδὴ
1534 1699 1706 1766 εἶπες,
1737 1701 2033 1771 Πάτερ,ὄτι

2137 514 2314 584 pluris
2363 503 2706 581 faceremus;
2732 529 2854 583 quae
2884 513 3142 569 videlicet
3184 513 3389 570 indicio
3437 524 3526 571 est
3570 515 3721 571 illius

2141 605 2453 670 charitatis,
2483 620 2606 674 quae
2635 604 2703 658 ad
2733 605 2906 659 Deum
2943 611 3047 669 est,
3076 605 3156 658 uti
3186 605 3304 676 ipse
3344 606 3610 660 Dominus
3657 606 3715 660 in

2137 695 2449 766 Evangeliis
2472 695 2746 750 ostendit:
2780 694 2884 761 Qui
2904 696 3075 766 diligit
3099 713 3200 762 me,
3225 696 3422 765 inquit,
3459 697 3717 752 mandata

2136 805 2254 842 mea
2283 789 2508 843 servabit
2526 790 2591 843 ὀ.
2635 788 2920 854 Quodnam
2946 803 3078 843 vero
3105 789 3426 842 mandatum
3458 788 3549 853 sit,
3568 788 3715 858 quod

2137 880 2410 936 servando
2441 880 2619 950 ipsum
2660 879 3056 945 dilexerimus,
3090 880 3219 934 audi
3258 879 3439 948 ipsum
3481 879 3715 948 loquen-

2137 979 2248 1028 tem
2278 988 2292 1024 :
2325 971 2437 1026 Hoc
2488 979 2565 1026 est
2607 980 2927 1042 prwceptum
2975 989 3172 1038 meum,
3219 979 3277 1025 ut
3307 971 3540 1042 diligatis
3585 973 3718 1025 invi-

2137 1080 2246 1118 cem
2269 1063 2335 1116 ²¹.
2355 1062 2695 1133 Vides,quod
2720 1063 2816 1117 alii
2850 1063 2988 1118 alios
3009 1063 3332 1134 diligamus,
3357 1063 3716 1117 dilectionem

2139 1154 2196 1208 in
2229 1155 2401 1208 Deum
2444 1153 2684 1209 conflare
2735 1169 2799 1209 ac
2851 1156 3259 1218 commendare,
3288 1170 3413 1226 quae
3465 1155 3714 1210 omnium

2139 1245 2236 1301 Dei
2265 1254 2667 1316 praeceptorum
2697 1247 2986 1315 plenitudo
3027 1255 3114 1302 est
3128 1248 3172 1280 “
3195 1247 3218 1301 ?
3244 1248 3302 1302 ld
3344 1247 3512 1316 igitur
3535 1261 3716 1301 causa;

2138 1345 2224 1392 est
2249 1352 2350 1392 cur
2366 1337 2561 1408 jubeat
2595 1336 2682 1390 his
2715 1353 2828 1391 non
2860 1337 3277 1404 adhaerescere;
3307 1338 3402 1393 sed
3432 1346 3493 1392 ut
3515 1337 3582 1402 is,
3617 1337 3713 1406 qui

2137 1429 2257 1500 ejus
2279 1429 2430 1499 cupit
2460 1444 2579 1484 esse
2614 1429 2920 1498 discipulus
2940 1470 2954 1496 ,
2996 1430 3277 1485 renuntiet
3309 1431 3566 1486 onmibus
3593 1447 3715 1500 quae

2141 1518 2410 1588 possidet.

2211 1693 2266 1750 8.
2331 1694 2470 1750 Tum
2522 1695 2694 1752 frater
2737 1695 3240 1768 :Quandoquidem
3275 1697 3486 1762 dixisti,
3528 1697 3717 1760 Pater,

456 1799 574 1852 δέον
597 1799 813 1851 πάντων
838 1796 950 1848 τῶν
981 1793 1408 1865 ὁρωμένων,καὶ
1435 1791 1600 1846 αὐτοῦ
1638 1791 1732 1846 τοῦ
1761 1791 2034 1860 σώματος,

2142 1801 2240 1856 par
2265 1801 2422 1852 esse,
2472 1795 2536 1842 ut
2577 1788 2746 1858 rebus
2787 1790 3080 1856 omnibus,
3116 1805 3240 1860 qua:
3285 1791 3386 1846 sub
3431 1782 3721 1860 aspectum

456 1888 554 1958 τὴν
588 1885 790 1948 παντὸς
828 1885 1117 1954 ἀνθρώπου
1167 1882 1504 1954 προτιμῆσαι
1525 1880 1768 1950 ἀγάπην,
1800 1879 1918 1942 πῶς
1950 1877 2037 1932 δύ-

457 1996 628 2050 ναμαι
675 1978 768 2031 τὸν
807 1976 1070 2047 μισοῦντά
1114 1991 1180 2046 με
1221 1974 1316 2028 καὶ
1368 1973 1848 2045 ἀποστρεφόμενον
1894 1971 2034 2040 ἀγα-

460 2071 652 2140 πῆσαι;
681 2071 744 2123 Ei
769 2069 826 2122 δέ
867 2068 962 2122 καὶ
1013 2068 1198 2136 φθονεί
1249 2083 1362 2136 μοι,
1396 2064 1491 2120 καὶ
1531 2063 1820 2134 λοιδορίαις
1867 2079 2036 2116 κατα-

457 2161 686 2228 τοξεύει,
718 2161 814 2215 καὶ
844 2159 1029 2222 δόλους
1054 2156 1456 2222 κατασκευάζει
1483 2196 1498 2219 ,
1527 2154 1624 2210 καὶ
1661 2154 2035 2208 ἐπιϐουλεύειν

457 2254 747 2324 ἐπιχειρεῖ,
775 2251 893 2314 πῶς
927 2249 1165 2319 δύναμαι
1198 2248 1360 2302 αὐτὸν
1393 2246 1705 2318 ἀγαπῆσαι;
1730 2244 1893 2299 Φύσει
1919 2261 2032 2314 μοι,

458 2345 664 2414 Πάτερ,
704 2343 955 2412 φαίνεται
1017 2339 1175 2394 τοῦτο
1225 2338 1508 2404 ἀδύνατον,
1551 2338 1648 2391 τοῦ
1695 2336 1902 2398 πάθους
1933 2334 2035 2405 τῆς

459 2438 635 2507 λύπης
661 2434 907 2506 φυσικῶς
935 2428 1028 2486 τδν
1061 2431 1376 2502 λυπήσαντα
1399 2427 1839 2498 ἀποστρέφεσθαι
1869 2427 2036 2494 ἀναγ-

458 2525 738 2589 κάζοντος.
774 2523 883 2576 Καὶ
908 2519 1180 2590 ἀπεκρίθη
1211 2520 1240 2572 6
1271 2519 1470 2589 γέρων*
1520 2517 1644 2570 Ἐπὶ
1675 2515 1774 2587 μὲν
1797 2515 1907 2568 τῶν
1937 2515 2032 2585 ἐρο

459 2617 636 2670 πετῶν
669 2615 764 2668 καὶ
798 2612 908 2667 τῶν
937 2611 1142 2683 θηρίων
1176 2609 1285 2664 τῶν
1329 2609 1434 2663 ὑπὸ
1480 2607 1694 2677 φύσεως
1725 2605 2032 2676 ἀγομένων,

459 2708 536 2778 τῷ
555 2707 668 2762 ὄντι
697 2705 957 2759 ἀδύνατον
996 2702 1070 2773 μὴ
1109 2700 1328 2763 πάντως
1375 2697 1684 2770 ἀμύνασθαι
1716 2697 1840 2750 ὅσον
1876 2695 2036 2748 δύνα-

459 2817 551 2854 ται
603 2797 666 2850 τὸ
701 2794 1046 2850 καταπονοῦν
1074 2809 1088 2824 ·
1118 2793 1212 2846 ἐπὶ
1255 2792 1313 2846 δὲ
1344 2792 1453 2846 τῶν
1503 2791 1624 2844 κατ’
1669 2787 1854 2843 εἰκόνα
1898 2786 2034 2841 Θεοῦ

463 2890 809 2953 κτισθέντων,
842 2886 938 2940 καὶ
966 2885 1109 2956 λόγῳ
1141 2883 1458 2956 ἀγομένων·
1484 2883 1580 2936 καὶ
1609 2880 1862 2950 γνώσεως
1897 2880 2034 2934 Θεοῦ

460 2979 925 3046 καταξιωθέντων,
963 2976 1058 3029 καὶ
1095 2977 1260 3044 νόμον
1307 2975 1437 3046 παρ’
1489 2974 1656 3029 αὐτοῦ
1703 2972 2033 3043 δεξαμένων,

459 3071 688 3127 δυνατὸν
716 3071 841 3132 τοὺς
865 3067 1173 3130 λυποῦντας
1200 3066 1276 3138 μὴ
1303 3065 1761 3134 ἀποστρέφεσθαι,
1793 3065 1888 3118 καὶ
1911 3065 2038 3128 τοὺς

2141 1878 2365 1946 oadunt,
2408 1881 2636 1950 ipsoque
2681 1896 2931 1951 corpore,
2971 1884 3216 1954 cujusvis
3253 1883 3540 1937 hominum
3578 1883 3718 1939 dile-

2141 1976 2381 2027 ctionem
2415 1975 2595 2044 pluris
2649 1973 2942 2041 faciamus;
2979 1976 3203 2044 quinam
3259 1976 3378 2030 ﬁeri
3422 1985 3606 2046 potest
3653 1985 3718 2032 ut

2139 2079 2267 2120 eum
2280 2065 2505 2136 diligam
2524 2066 2618 2136 qui
2638 2081 2725 2120 me
2741 2066 2912 2120 habet
2923 2065 3052 2121 odio
3067 2074 3125 2122 et
3145 2075 3432 2123 aversatur
3448 2067 3642 2134 ?Quod
3667 2069 3722 2123 si

2139 2156 2308 2211 etiam
2367 2155 2575 2211 invidia
2640 2157 2842 2227 agitur,
2891 2158 3142 2228 petitque
3174 2159 3432 2215 convitiis
3461 2167 3519 2215 et
3558 2159 3718 2215 dolos

2141 2248 2307 2302 struit
2338 2262 2403 2303 ac
2430 2247 2658 2303 insidias
2686 2249 3036 2306 machinatur
3067 2251 3250 2306 :hunc
3272 2253 3553 2322 quomodo
3581 2254 3713 2308 dili-

2139 2355 2269 2410 gere
2292 2355 2516 2410 possum
2539 2342 2836 2408 ?Videtur,
2863 2343 3050 2408 Pater,
3084 2343 3190 2398 hoc
3217 2343 3275 2398 in
3307 2345 3390 2399 eis
3421 2359 3715 2400 numeran-

2140 2431 2292 2498 dum,
2318 2448 2440 2501 quae
2487 2441 2687 2488 natura
2731 2433 2848 2486 fieri
2891 2449 3002 2488 non
3038 2443 3289 2503 possunt,
3336 2434 3484 2505 quod
3516 2450 3715 2506 nempe

2139 2522 2415 2590 passionis
2469 2522 2630 2578 dolor
2676 2523 2951 2592 illatasque
3003 2539 3199 2580 sensus
3247 2524 3462 2595 injurias
3515 2531 3715 2578 natura

2140 2617 2317 2680 cogat,
2351 2617 2414 2664 ut
2453 2610 2669 2668 infenso
2702 2613 2886 2666 animo
2925 2612 2982 2668 in
3019 2629 3146 2669 eum
3181 2614 3354 2669 simus
3376 2655 3390 2679 ,
3424 2614 3520 2685 qui
3565 2613 3716 2669 illius

2139 2701 2609 2756 auctor‘exsistat.
2640 2703 3060 2774 Responditque
3110 2718 3279 2760 senex
3311 2705 3410 2759 :ln
3444 2703 3718 2774 serpenti-

2140 2790 2247 2846 bus
2275 2792 2502 2861 quidem
2532 2801 2590 2847 et
2625 2793 2842 2861 bestiis,
2878 2811 3000 2865 quae
3026 2803 3223 2850 natura
3253 2806 3493 2866 aguntur
3518 2836 3533 2860 ,
3564 2796 3715 2851 haud

2141 2883 2303 2953 plane
2335 2883 2454 2938 ﬂeri
2493 2885 2689 2954 possit,
2731 2896 2793 2941 ut
2820 2886 2979 2956 3'71
3006 2902 3118 2942 non
3149 2889 3396 2953 omnino,
3428 2888 3609 2957 quoad
3643 2888 3713 2942 li-

2143 2982 2286 3042 ceat,
2332 2975 2692 3044 ulciscantur,
2718 2978 2868 3047 quod
2893 2979 3201 3035 molestiam
3234 2979 3368 3034 facit
3394 2999 3407 3034 :
3433 2979 3491 3033 in
3523 2979 3593 3035 iis
3614 2993 3714 3032 au-

2144 3075 2277 3133 tem,
2300 3068 2397 3137 qui
2423 3067 2492 3124 ad
2512 3069 2610 3124 Dei
2653 3070 2946 3140 imaginem
3001 3072 3209 3126 conditi
3245 3079 3380 3137 sunt
3410 3082 3468 3127 et
3505 3071 3716 3126 ratione

431 3162 757 3243 ⁸μισοῦντας
805 3160 1048 3230 ἀγαπᾷν.
1102 3158 1195 3211 Διὸ
1231 3158 1326 3212 καὶ
1375 3159 1404 3211 6
1443 3157 1685 3228 Κύριος,
1729 3153 2036 3225 Ἀγαπᾶτε,

2147 3156 2450 3224 ducuntur,
2495 3159 2707 3229 Deique
2741 3160 2972 3215 scientia
3015 3161 3226 3233 dignati
3272 3171 3422 3228 sunt,
3465 3169 3523 3217 et
3552 3161 3622 3216 ab
3649 3174 3717 3214 eo

461 3252 656 3322 λέγων,
687 3249 831 3314 τοὺς
857 3247 1114 3318 ἐχθροὺς
1165 3246 1338 3318 ὑμῶν
1361 3263 1377 3279 ο
1410 3246 1612 3313 καλῶς
1645 3246 1888 3313 ποιεῖτε,
1913 3245 2038 3312 τοῖς

456 3343 752 3415 μισοῦσιν
772 3339 1057 3411 ὑμᾶς,καὶ
1089 3340 1160 3392 τά
1186 3338 1334 3409 ἐξῆς,
1361 3339 1461 3410 οὐχ
1493 3338 1568 3402 ὡς
1593 3337 1830 3394 ἀδύνατα
1860 3337 2040 3393 ἐντέλ-

462 3436 636 3502 λεται,
659 3433 774 3488 ἀλλ’
796 3431 871 3496 ὡς
899 3430 1102 3485 δυνατά
1129 3431 1372 3502 δηλονότι
1392 3447 1404 3462 ο
1428 3431 1553 3484 ἐπεὶ
1579 3431 1680 3485 οὐκ
1723 3431 1788 3485 ἂν
1812 3429 2038 3484 ἐκόλασε

463 3528 556 3582 τὸν
582 3524 1008 3596 παραϐαίνοντα.
1033 3523 1195 3594 Δηλοϊ
1225 3523 1284 3577 δὲ
1311 3522 1471 3586 αὐτὸς
1499 3524 1528 3575 6
1560 3522 1796 3593 Κύριος,
1853 3521 2040 3583 αὐτοῖς

462 3620 576 3681 τοῖς
603 3615 786 3687 ἔργοις
812 3614 944 3683 ἡμῖν
963 3612 1172 3677 δείξας·
1211 3611 1305 3666 καὶ
1327 3613 1374 3665 οἱ
1418 3607 1664 3682 μα’θηταὶ
1695 3609 1862 3663 αὑτοῦ
1898 3609 2038 3664 πάν-

464 3725 557 3771 τες
577 3706 719 3776 ὑπὲρ
741 3705 842 3775 τῆς
874 3705 954 3768 είς
985 3703 1076 3757 τὸν
1110 3703 1338 3772 πλησίον
1372 3701 1593 3772 ἀγάπης
1617 3700 1780 3772 μέχρι
1805 3700 2040 3754 θανάτου

467 3797 889 3868 ἀγωνισάμενοι,
920 3795 1015 3851 καὶ
1045 3795 1186 3864 ὑπὲρ
1213 3794 1323 3848 τῶν
1358 3793 1798 3846 ἀποκτεινάντων
1820 3790 2040 3862 θερμῶς

470 3890 919 3963 προσευξάμενοι.
971 3887 1112 3941 Ἀλλ’
1162 3886 1352 3956 ἐπειδὴ
1385 3886 1546 3956 ἡμεῖς
1595 3884 1762 3955 ἐσμὲν
1801 3882 2042 3952 φιλόῦλοι

469 3982 566 4037 καὶ
599 3981 892 4054 φιλήδονοι,
922 3980 1020 4035 καὶ
1051 3979 1229 4034 ταῦτα
1280 3978 1380 4048 τῆς
1413 3976 1635 4047 ἐντολῆς
1677 3974 1876 4045 μᾶλλον
1902 3988 2040 4045 προ-

467 4071 761 4142 τιμῶντες,
783 4071 872 4125 διά
919 4069 1081 4124 τοῦτο
1126 4069 1253 4132 τοὺς
1309 4067 1604 4138 μισοῦντας
1651 4065 1936 4136 ἀγαπῆσαι
1977 4065 2039 4118 οὐ

447 4159 774 4230 δυνάμεθα·
800 4157 936 4212 ἀλλά
963 4157 1059 4210 καὶ
1083 4155 1208 4218 τοὺς
1233 4153 1561 4224 ἀγαπῶντας
1593 4152 1682 4206 διά
1712 4151 1886 4206 ταῦτα
1916 4149 2044 4202 πολ-

466 4250 628 4313 λάκις
683 4245 1159 4318 ἀποστρεφόμεθα,
1191 4243 1397 4312 θηρίων
1431 4242 1523 4297 καὶ
1575 4239 1821 4312 ἑρπετῶν
1863 4239 2042 4309 χεῖρον

466 4341 803 4411 διακείμενοι
833 4353 848 4368 ο
880 4338 976 4392 καὶ
1022 4335 1110 4390 διά
1161 4335 1318 4388 τοῦτο
1376 4336 1487 4398 τοῖς
1538 4332 1708 4402 ῐχνεσι
1762 4330 1858 4386 τοῦ
1905 4329 2042 4383 Θεοῦ

468 4431 834 4500 ἀκολουθῆσαι
896 4427 973 4500 μὴ
1019 4425 1330 4496 δυνάμενοι,
1355 4425 1479 4479 οὐδὲ
1520 4423 1612 4478 τὸν
1649 4422 1851 4476 σκοπὸν
1873 4421 2042 4475 αὐτοῦ

470 4524 674 4592 γνῶναι
703 4520 1004 4591 δυνάμεθα,
1025 4519 1113 4572 ἵνα
1151 4516 1407 4586 λάϐωμεν
1439 4515 1688 4586 δύναμιν.

2140 3248 2317 3319 legem
2352 3256 2707 3319 acceperunt,
2736 3250 2926 3321 utique
2961 3250 3080 3307 fieri
3102 3261 3308 3322 potest,
3355 3260 3420 3307 ut
3455 3252 3595 3306 nihil
3629 3252 3715 3305 in-

2139 3339 2296 3396 fenso
2324 3340 2510 3396 animo
2533 3341 2645 3396 sint
2665 3341 2721 3397 in
2742 3356 2860 3409 eos,
2883 3342 2979 3412 qui
3017 3343 3236 3415 injuriae
3268 3352 3526 3398 auctores
3549 3350 3714 3408 sunt,

2138 3437 2196 3486 et
2221 3439 2284 3486 ut
2314 3446 2412 3488 eos
2441 3431 2688 3502 diligant,
2711 3432 2808 3501 qui
2839 3433 3098 3488 oderunt.
3134 3433 3503 3500 Quamobrem
3549 3433 3716 3486 etiam

2139 3519 2429 3586 Dominus,
2471 3521 2601 3577 dum
2643 3523 2724 3576 ait
2766 3539 2780 3575 :
2817 3521 3036 3593 Diligite
3063 3525 3303 3578 inimicos
3343 3530 3540 3578 vestros
3577 3541 3596 3578 :
3627 3523 3717 3577 be-

2139 3611 2367 3681 nefacite
2402 3612 2488 3676 iis,
2523 3613 2612 3682 qui
2635 3613 2857 3666 oderunt
2908 3615 3082 3678 vos“,
3115 3622 3172 3669 et
3223 3631 3346 3684 quae
3385 3622 3716 3685 sequuntur,

2141 3717 2252 3756 non
2281 3702 2400 3757 haec
2448 3709 2707 3772 tanquam
2759 3705 3323 3777 impossibiliaijubet,
3354 3707 3450 3762 sed
3497 3717 3560 3762 ut
3600 3723 3720 3776 qua:

2140 3793 2402 3848 nimirum
2430 3792 2548 3848 fieri
2580 3795 2811 3863 possint.
2857 3795 3152 3865 Palamque
3196 3797 3327 3852 facit
3365 3797 3481 3867 ipse
3528 3799 3716 3852 Domi-

2140 3898 2266 3948 nus,
2297 3883 2416 3953 ejus
2437 3882 2600 3937 nobis
2625 3883 2940 3939 dilectionis
2965 3885 3132 3940 rebus
3152 3885 3283 3955 ipsis
3321 3886 3664 3940 luculentum
3686 3903 3717 3940 a

2140 3986 2200 4028 se
2244 3971 2522 4042 specimen
2559 3971 2767 4040 factus;
2799 3974 2920 4044 ejus
2949 3989 3169 4044 quoque
3210 3988 3402 4028 omnes
3432 3973 3712 4044 discipuli,

2144 4061 2280 4118 dum
2327 4063 2398 4117 ad
2451 4073 2687 4119 mortem
2731 4080 2906 4134 usque
2940 4064 3253 4120 dilectionis
3285 4065 3520 4134 proximi
3552 4080 3716 4120 causa

2143 4153 2514 4220 decertarunt,
2543 4163 2601 4211 et
2626 4170 2724 4225 pro
2749 4154 2840 4210 his
2883 4155 2978 4226 qui
3022 4154 3351 4210 occiderunt
3401 4155 3572 4208 animi
3603 4154 3716 4209 fer-

2141 4258 2275 4298 vore
2306 4253 2627 4299 oraverunt.
2676 4244 2834 4311 Quod
2857 4245 3143 4299 enimvero
3178 4244 3414 4299 terrenis
3456 4244 3624 4298 rebus
3652 4260 3718 4300 ac

2141 4333 2414 4403 voluptati
2458 4349 2647 4390 amore
2677 4333 2911 4404 impensi
2954 4349 3168 4400 sumus,
3199 4333 3426 4404 hacque
3459 4333 3718 4388 mandato

2144 4422 2321 4492 pluris
2351 4422 2609 4489 facimus,
2651 4423 2858 4478 idcirco
2887 4438 2984 4478 eos
3031 4423 3128 4494 qui
3156 4438 3259 4478 nos
3298 4422 3537 4478 oderunt
3568 4422 3715 4476 haud
3744 4442 3747 4444 ·

2073 4506 2118 4562 Ι)
2146 4512 2378 4583 diligere
2411 4528 2740 4583 possumus;
2770 4513 2906 4582 quin
2929 4522 2992 4569 et,
3019 4529 3212 4568 eorum
3239 4528 3403 4568 causa
3431 4513 3487 4567 in
3505 4527 3600 4568 eos
3620 4513 3717 4582 qui

470 4615 723 4686 diligant,
767 4612 918 4667 haud
983 4625 1132 4676 raro,
1199 4609 1394 4665 bestiis
1460 4624 1526 4663 ac
1589 4607 1942 4678 serpentibus
1989 4605 2234 4662 deterius
2288 4605 2492 4670 allecti,
2555 4606 2771 4662 infenso
2823 4607 3010 4662 animo
3063 4623 3300 4664 sumus:
3361 4606 3716 4676 quamobrem

470 4707 636 4762 etiam
698 4705 798 4759 Dei
831 4702 1059 4773 vestigia
1108 4699 1265 4769 sequi
1327 4715 1438 4756 non
1471 4701 1739 4767 valentes,
1809 4715 1880 4756 ne
1911 4701 2032 4771 ejus
2053 4699 2278 4769 quidem
2313 4714 2564 4771 scopum,
2622 4716 2687 4755 ac
2732 4700 2857 4770 quis
2884 4701 2963 4757 illi
2997 4700 3123 4757 finis
3155 4701 3246 4769 sit,
3298 4716 3494 4772 capere
3528 4715 3720 4770 possu-

472 4815 616 4866 mus,
643 4806 707 4852 ιιι
734 4797 998 4852 virtutem
1036 4795 1322 4863 roburque
1355 4793 1713 4862 accipiamus.

541 4893 606 4947 θ’.
631 4891 743 4947 Καὶ
773 4894 803 4945 6
848 4891 1102 4960 Ἀδελφδς
1126 4885 1299 4942 εῐπενο
1317 4888 1474 4954 Ἰδοὺ,
1502 4888 1707 4959 Πάτερ,
1751 4889 2046 4945 κατέλιπον

473 4985 674 5048 πάντα,
708 4984 1048 5052 συγγένειαν,
1085 4979 1356 5051 ὓπαρξιν,
1389 4980 1623 5052 τρυφὴν,
1663 4982 1759 5034 καὶ
1813 4980 1914 5052 τὴν
1959 4981 2048 5034 δό-

473 5073 572 5144 ξαν
597 5075 691 5129 τοῦ
723 5074 1082 5146 κόσμου,.καὶ
1107 5073 1260 5127 οὐδὲν
1285 5071 1561 5141 κέκτημαι
1585 5071 1643 5124 ἐν
1667 5070 1744 5141 τῷ
1775 5070 1876 5142 βίῳ
1905 5071 2046 5143 πλὴν

470 5167 570 5220 τοῦ
595 5167 846 5237 σώματος
866 5181 881 5197 ’
914 5166 1010 5219 καὶ
1038 5164 1130 5220 τὸν
1150 5163 1376 5232 ἀδελφὺν
1409 5161 1670 5232 μισοῦντά
1696 5179 1763 5232 με
1792 5161 1888 5216 καὶ
1909 5164 2042 5216 ἀπο-

477 5258 842 5328 στρεφόμενον
871 5255 1152 5326 ἀγαπῆσαι
1179 5255 1241 5308 οὐ
1268 5254 1505 5324 δύναμαι
1528 5267 1542 5282 ο
1565 5253 1615 5304 εί
1665 5253 1758 5306 καὶ
1789 5253 2044 5324 βιάζομαι

476 5348 646 5402 κακὸν
679 5348 799 5401 ἀντὶ⁴
847 5346 1018 5401 κακοῦ
1045 5345 1166 5399 κατ’
1198 5345 1479 5414 ἐνέργειαν
1515 5343 1589 5414 μὴ
1633 5344 2040 5398 ἀνταποδοῦναι.

474 5434 609 5494 Εῐπε
637 5434 730 5492 οὗν
779 5438 832 5491 τί
873 5438 1072 5507 ὀφείλω
1112 5437 1368 5506 ποιῆσαι,
1397 5435 1484 5490 ἵνα
1533 5435 1744 5507 δυνηθῶ
1776 5436 1939 5490 αὑτὸν
1978 5437 2044 5490 ἐκ

477 5529 703 5600 καρδίας
734 5530 1094 5601 ἁγαπῆσαι,ἢ
1135 5531 1227 5583 καὶ
1267 5529 1358 5583 τὸν
1403 5528 1816 5600 καθοιονδήποτε
1843 5529 2044 5600 τρόπον

479 5621 730 5674 θλίϐοντά
763 5621 858 5673 καὶ
887 5619 1322 5674 ἐπιϐουλεύοντα.

551 5731 595 5764 ³⁸
627 5729 783 5787 Joan.
816 5748 923 5802 xtv,
954 5732 1039 5788 l5.

2222 4888 2275 4944 9.
2329 4889 2586 4960 Dixitque
2633 4889 2803 4944 frater
2830 4907 2844 4942 :
2874 4889 3047 4954 Ecce,
3073 4889 3254 4954 Pater,
3287 4887 3483 4957 reliqui
3509 4885 3714 4949 omnia,

2151 4981 2549 5051 cognationem,
2575 4979 2957 5044 substantiam,
2979 4978 3224 5042 delicias,
3259 4976 3446 5031 mundi
3465 4974 3716 5045 gloriam,

2149 5087 2254 5127 nec
2281 5082 2480 5142 praeter
2507 5088 2630 5143 corp
2643 5089 2706 5128 us
2742 5073 2798 5126 in
2816 5073 2930 5126 vita
2958 5070 3163 5139 aliquid
3194 5069 3473 5140 possideo,
3499 5084 3601 5122 nec
3631 5075 3716 5122 ta-

2149 5179 2274 5218 men
2311 5163 2529 5218 fratrem
2554 5164 2650 5233 qui
2674 5163 2802 5218 odio
2834 5162 3033 5216 habeat
3057 5177 3121 5216 ac
3156 5168 3460 5224 aversetur,
3493 5158 3718 5229 diligere

2147 5255 2335 5321 valeo;
2371 5269 2683 5325 quanquam
2712 5269 2782 5309 ne
2825 5254 3005 5322 reipsa
3034 5251 3236 5306 malum
3269 5265 3370 5319 pro
3410 5250 3552 5303 malo
3591 5247 3716 5302 red-

2149 5347 2296 5410 dam,
2327 5362 2414 5401 me
2445 5347 2561 5416 ipse
2594 5346 2828 5400 cohibeo
2853 5353 3018 5414 atque
3047 5359 3234 5399 caveo.
3269 5342 3367 5397 Dic
3393 5356 3542 5412 ergo,
3586 5339 3718 5410 quid

2149 5438 2285 5492 mihi
2322 5438 2466 5492 facto
2493 5452 2652 5506 Opus,
2680 5444 2742 5490 ut
2767 5453 2834 5492 ex
2873 5436 3058 5490 animo
3095 5434 3320 5503 diligere
3349 5433 3580 5496 valeam,
3605 5431 3719 5487 sive

2149 5528 2314 5582 etiam
2338 5527 2433 5598 qui
2478 5528 2588 5581 ullo
2617 5526 2782 5581 modo
2813 5526 3117 5581 molestiam
3153 5524 3318 5581 faciat
3349 5531 3405 5579 et
3429 5522 3627 5594 afﬂigat
3656 5537 3720 5576 ac

2152 5619 2376 5674 insidias
2401 5626 2594 5673 struat.

1115 5733 1157 5766 “
1189 5731 1342 5788 Joan.
1376 5748 1460 5798 xv,
1492 5731 1576 5786 ἵζ’.
1656 5731 1697 5762 "
1725 5730 1882 5785 Rom.
1917 5746 2026 5796 xm,
2065 5728 2145 5785 10.
2224 5732 2266 5763 ¹³
2300 5729 2488 5786 Matth.
2524 5747 2575 5799 ν,
2605 5731 2704 5800 xii;
2735 5730 2866 5786 Luc.
2900 5745 2974 5797 γι,
2997 5729 3086 5784 27.
