4154 6322
504 249 634 361 ’919

1719 297 1776 355 S.
1820 294 2072 355 MAXIM
2080 292 2106 352 Ι
2145 291 2653 356 CONFESSORIS

3690 295 3801 361 923

601 404 908 476 Respondit
959 419 1124 460 senex
1155 422 1167 458 :
1195 405 1340 459 Fieri
1371 418 1481 459 non
1524 410 1706 474 potest
1744 413 1807 458 ut
1851 418 1976 457 eum
2016 401 2111 472 qui

2288 404 2398 457 Καὶ
2429 403 2701 474 ἀπεκρίθη
2729 403 2758 455 6
2785 402 2983 474 γέρων·
3027 399 3316 457 ’Δδύνατόν
3351 417 3474 456 τινα
3501 401 3792 474 ἀγαπῆσαι

528 498 720 570 aﬂligit
747 507 1048 566 auctorque
1095 497 1360 552 molestiae
1391 506 1496 563 est,
1533 497 1660 567 quis
1691 496 1900 568 diligat,
1933 491 2110 564 quau-

530 589 735 644 tumvis
760 587 995 643 terrenis
1022 587 1206 642 saeculi
1242 589 1410 643 rebus
1433 589 1687 642 nuntium
1720 586 1996 642 remisisse
2026 585 2110 639 vi-

532 681 725 739 detur.
756 679 863 733 nisi
897 679 1116 734 Domini
1156 695 1384 750 scopum
1431 695 1561 736 vere
1616 678 1960 749 cognoverit.
2013 677 2108 733 Sin

531 781 717 828 autem
765 771 861 826 illo
907 771 1146 826 donante
1181 787 1344 827 nosse
1377 772 1653 843 potuerit,
1687 771 2013 840 studeatque
2043 785 2110 825 ex

530 866 652 935 ejus
672 863 885 918 ratione
925 863 1227 928 ambulare,
1249 879 1378 918 eum
1398 863 1492 934 qui
1515 863 1648 918 odio
1661 863 1860 918 habent
1886 873 1942 918 et
1970 861 2110 916 allii-

531 963 646 1026 gat,
671 971 739 1010 ex
769 955 954 1018 animo
976 954 1207 1025 diligere
1239 956 1462 1025 poterit,
1496 963 1636 1010 utet
1657 953 1893 1024 apostoli
1917 953 2110 1024 dilige-

530 1047 689 1111 bant,
721 1045 814 1115 qui
840 1045 992 1099 illum
1029 1045 1435 1115 cognovissent.

604 1136 691 1191 10.
729 1137 869 1191 Tum
911 1136 1082 1192 frater
1116 1154 1129 1190 ε
1162 1137 1314 1208 Rogo
1341 1147 1416 1203 te,
1451 1137 1633 1204 Pater,
1674 1137 1819 1194 scire
1854 1137 2109 1207 quisnam

530 1228 751 1284 Domini
787 1243 988 1298 scopus
1032 1229 1326 1286 exstiterit.
1367 1229 1449 1285 Ad
1476 1244 1642 1300 quem
1675 1243 1843 1284 senex
1870 1246 1883 1282 :
1916 1227 1972 1284 Si
1999 1228 2108 1284 Do-

529 1321 666 1375 mini
700 1335 930 1390 scopum
962 1335 1125 1375 nosse
1152 1321 1257 1386 vis,
1289 1324 1523 1376 solerter
1545 1320 1695 1376 audi.
1718 1319 1890 1390 Igitur
1919 1319 2108 1375 Domi-

529 1426 639 1468 nus
673 1419 862 1467 noster
887 1411 1048 1468 Jesus
1069 1411 1348 1475 Christus,
1372 1426 1498 1467 cum
1529 1411 1674 1466 Deus
1709 1419 1904 1466 natura
1939 1417 2107 1474 esset,

531 1518 597 1560 ac
635 1519 734 1574 per
771 1518 1040 1558 summam
1088 1503 1438 1558 clementiam
1473 1502 1871 1572 hominumque
1916 1517 2108 1557 amore

530 1595 701 1650 homo
731 1595 850 1648 fieri
879 1594 1136 1664 dignatus
1175 1593 1336 1663 372
1368 1601 1536 1658 esset,
1572 1600 1734 1648 natus
1763 1608 1828 1647 ex
1853 1592 2104 1652 muliere,

533 1686 640 1742 sub
689 1684 810 1756 lege
845 1684 1022 1740 factus
1067 1695 1174 1750 est,
1221 1693 1282 1739 ut
1321 1692 1516 1739 auctor
1552 1684 1774 1739 divinus
1812 1683 2108 1753 Apostolus

530 1783 618 1830 est
638 1775 718 1841 “;
749 1771 858 1845 quo
911 1775 1173 1829 nimirum
1209 1783 1270 1829 ut
1325 1775 1528 1839 homo,
1579 1775 1818 1830 mandati
1852 1776 2111 1830 observa-

532 1864 707 1945 tione,
773 1872 1014 1920 veterem
1070 1864 1263 1919 Adami
1302 1865 1746 1921 maledictionem
1801 1880 2111 1935 noxamque

532 1963 827 2012 everteret.
852 1955 988 2010 Cum
1032 1956 1216 2025 itaque
1250 1956 1329 2011 illi
1359 1957 1702 2027 exploratum
1726 1964 1906 2022 esset,
1942 1964 2110 2011 totam

531 2045 710 2117 legem
740 2061 805 2101 ac
831 2047 1126 2116 prophetas
1167 2047 1222 2102 in
1256 2047 1474 2103 duobus
1505 2047 1642 2118 legis
1667 2047 1940 2102 mandatis
1971 2062 2110 2116 pen-

534 2135 700 2202 dere;
738 2136 868 2191 hinc
898 2138 1192 2193 nimirum:
1228 2139 1425 2210 Diliges
1455 2138 1744 2194 Dominum
1774 2139 1939 2193 Deum
1965 2147 2112 2193 tuum

536 2244 602 2282 ea:
628 2237 735 2282 toto
759 2229 913 2283 corde
940 2239 1119 2295 tuo,et
1142 2233 1446 2302 proximum
1482 2233 1615 2286 sicut
1643 2231 1900 2296 teipsum;
1933 2230 2049 2284 base
2079 2245 2112 2285 a

534 2318 812 2388 principio
837 2327 893 2373 et
927 2319 980 2372 in
1023 2318 1188 2375 finem
1216 2336 1390 2390 usque
1421 2337 1488 2376 ex
1521 2320 1762 2375 humana
1788 2321 2002 2376 studuit
2025 2337 2115 2376 ra-

540 2410 693 2464 tione
725 2425 966 2466 servare.
1010 2411 1113 2478 Qui
1142 2422 1324 2468 autem
1359 2428 1390 2466 a
1425 2412 1698 2482 principio
1723 2413 2000 2470 hominem
2028 2429 2113 2469 se-

535 2501 716 2566 duxit,
763 2503 993 2573 ejusque
1046 2503 1278 2558 victoria
1331 2506 1528 2560 mortis
1559 2505 1852 2576 imperium
1892 2506 2112 2577 (nempe

535 2591 806 2664 diabolus)
843 2594 1074 2663 accepit,
1097 2609 1222 2650 cum
1259 2595 1505 2661 vidisset,
1533 2611 1644 2665 quo
1673 2603 1918 2666 tempore
1935 2597 2114 2668 bapti-

533 2701 655 2742 smo
678 2686 882 2742 tinctus
908 2695 1012 2752 est,
1050 2687 1230 2744 Patris
1272 2689 1587 2744 testimonio
1614 2690 1971 2756 celebratum,
2015 2707 2111 2746 co-

535 2783 874 2846 gnatumque
917 2778 1186 2848 Spiritum
1234 2786 1518 2844 sanctum,
1562 2795 1670 2850 qua
1711 2781 1877 2854 homo
1903 2788 2042 2848 erat,
2081 2797 2112 2837 e

534 2867 692 2922 caelis
720 2869 1018 2937 accepisse,
1049 2879 1214 2938 atque
1260 2872 1316 2925 in
1344 2871 1623 2926 desertum
1649 2881 1710 2928 ut
1751 2874 1819 2928 ab
1841 2889 1908 2928 eo
1935 2881 2112 2928 tenta-

534 2967 691 3014 retur
711 2959 948 3024 venisse,
975 2974 1195 3014 onmem
1220 2960 1276 3014 in
1299 2976 1427 3016 eum
1455 2961 1584 3018 belli
1605 2963 1804 3018 molem
1821 2965 2110 3029 convertit,

2213 495 2304 547 τὸν
2355 493 2605 548 Θλίὸοντα
2625 533 2640 556 ,
2673 494 2777 548 κᾶν
2829 496 2896 566 τῇ
2929 493 3027 564 ὕλῃ
3060 492 3156 546 τοῦ
3193 494 3400 564 κόσμου
3429 493 3607 560 ἔδοξεν
3658 495 3795 550 ἁπο-

2211 585 2496 650 τάξασθαι,
2527 585 2623 641 ἐὰν
2660 585 2736 656 μὴ
2788 585 2878 638 τὸν
2933 585 3136 638 σκοπὸν
3176 583 3272 638 τοῦ
3323 584 3528 654 Κυρίου
3563 587 3627 638 ἐν
3658 586 3795 657 ἀλη-

2213 677 2334 750 θειᾳ
2362 677 2640 749 γινώσκῃ’
2675 677 2772 730 ἐὰν
2802 677 2860 733 δὲ
2908 676 3003 730 τοῦ
3056 677 3263 747 Κυρίου
3303 675 3451 748 αύτῷ
3490 678 3792 749 χαριζομέ-

2211 786 2303 823 νου
2336 769 2536 840 δυνηθῇ
2587 767 2822 837 γνῶναι,
2852 769 2947 823 καὶ
2999 769 3204 841 σπεύδῃ
3244 771 3362 824 κατ’
3411 770 3576 824 αὐτὸν
3629 788 3792 842 περι-

2212 863 2424 923 πατεῖν,
2449 861 2673 916 δύναται
2720 864 2784 915 ἐκ
2817 862 3046 933 καρδίας
3086 863 3371 932 ἀγαπῆσαι
3406 862 3497 916 τὸν
3525 863 3791 933 μισοῦντα

2211 953 2307 1006 καὶ
2339 952 2612 1021 θλίϐοντά,
2640 953 2832 1024 ὥσπερ
2891 954 2986 1008 καὶ
3041 953 3092 1008 οἱ
3143 953 3437 1009 ἀπόστολοι
3485 955 3791 1023 ἐγνωκότες

2209 1045 2461 1115 ἠγάπων.
2793 1105 2795 1107 ,
3163 1115 3165 1117 ι

2282 1143 2334 1189 ι’.
2376 1137 2487 1189 Καὶ
2532 1129 2685 1189 εἶπεν
2723 1134 2753 1188 6
2796 1135 3082 1204 Ἀδελφός·
3112 1135 3224 1189 Καὶ
3266 1134 3349 1198 τίς
3380 1135 3409 1189 6
3450 1136 3658 1198 σκοπδς
3696 1135 3787 1189 τοῦ

2210 1227 2416 1297 Κυρίου
2446 1220 2536 1296 ἦν,
2574 1225 2881 1296 παρακαλῶ
2914 1225 3148 1293 γνῶναι,
3185 1224 3388 1295 Πάτερ.
3426 1223 3542 1278 Καὶ
3572 1219 3730 1278 εἶπεν
3762 1226 3789 1278 6

2209 1319 2406 1391 γέρων·
2448 1319 2572 1372 Ἐὰν
2603 1318 2695 1372 τὸν
2734 1317 2936 1372 σκοπὸν
2971 1317 3066 1371 τοῦ
3096 1318 3302 1388 Κυρίου
3349 1317 3556 1385 γνῶναι
3608 1317 3786 1388 θέλῃς,

2211 1409 2447 1474 συνετῶς
2472 1409 2723 1464 άκουσον.
2755 1409 2815 1462 Ὀ
2857 1404 2951 1462 οὖν
2982 1410 3187 1480 Κύριος
3221 1409 3379 1480 ἡμῶν
3415 1407 3628 1478 Ἰησοῦς
3655 1409 3787 1479 Χρι-

2211 1502 2355 1566 στὸς,
2394 1500 2553 1572 φύσει
2601 1500 2733 1565 Θεὸς
2773 1500 2870 1562 ὢν,
2909 1499 3005 1554 καὶ
3037 1498 3324 1570 ἄνθρωπος
3363 1499 3450 1552 διὰ
3486 1496 3787 1568 φιλανθρω⁴

2211 1592 2340 1646 πίαν
2369 1590 2623 1660 γενέσθαι
2645 1587 3010 1654 καταξιώσας,
3041 1591 3106 1642 ἐκ
3125 1588 3385 1657 γυναικὸς
3421 1587 3641 1657 τεχθεὶς
3665 1577 3786 1657 [Fr.

2210 1683 2444 1754 alterque
2472 1679 2552 1736 Μ.
2580 1678 2908 1752 γεννηθε“ις],
2928 1679 3034 1733 ὑπὸ
3067 1679 3231 1748 νόμον
3260 1678 3505 1746 ἐγένετο,
3531 1677 3673 1731 κατὰ
3700 1677 3785 1731 τὸν

2212 1779 2356 1832 θεῖον
2401 1773 2721 1828 Ἀπόστολον
2758 1787 2771 1800 ⁸
2807 1773 2893 1826 ἵνα
2948 1771 3024 1835 ὡς
3077 1771 3366 1842 ἄνθρωπος
3417 1770 3521 1840 τὴν
3577 1768 3786 1840 ἐντολὴν

2213 1867 2476 1939 φυλάξας,
2509 1863 2606 1936 τὴν
2627 1862 2862 1935 ἀρχαίαν
2879 1862 2974 1917 τοῦ
3017 1861 3189 1932 Ἀδάμ
3211 1860 3499 1931 ἀνατρέψῃ
3522 1859 3780 1929 κατάραν.

2212 1961 2390 2024 Εἰδὼς
2411 1957 2504 2014 οὖν
2533 1960 2561 2012 ό
2600 1957 2825 2028 Κύριος,
2850 1956 2934 2011 ὅτι
2963 1955 3083 2020 ὅλος
3105 1957 3134 2009 ό
3160 1954 3324 2025 νόμος
3359 1955 3454 2006 καὶ
3497 1953 3548 2007 οἱ
3577 1953 3784 2023 προφῆ-

2211 2071 2300 2107 ται
2323 2055 2380 2106 ἐν
2414 2053 2535 2115 ταῖς
2565 2050 2688 2104 δυσὶ
2733 2049 2826 2104 τοῦ
2877 2050 3043 2119 νόμου
3087 2047 3390 2118 κρέμανται
3437 2045 3699 2112 ἐντολαῖς,
3728 2047 3783 2097 ἐν

2212 2147 2324 2218 τῷ,
2363 2145 2724 2215 Ἀγαπήσεις
2777 2143 2999 2210 Κύριον
3031 2142 3138 2195 τὸν
3187 2140 3334 2194 Θεόν
3358 2153 3480 2194 σου
3527 2139 3596 2204 ἐξ
3645 2138 3785 2205 ὅλης

2212 2239 2323 2307 τῆς
2371 2237 2620 2306 καρδίας
2673 2251 2812 2300 σου,
2836 2233 2935 2287 καὶ
2982 2233 3092 2287 τὸν
3119 2234 3386 2299 πλησίον
3410 2233 3498 2297 ὡς
3540 2232 3778 2286 ἑαυτὸν·

2211 2331 2385 2388 ταῦτα
2412 2331 2507 2384 ἀπ’
2558 2329 2732 2400 ἀρχῆς
2771 2329 2866 2382 καὶ
2895 2328 3054 2397 μέχρι
3091 2325 3277 2388 τέλους
3325 2323 3559 2392 φυλάξαι
3590 2323 3782 2394 ἀνθρω-

2214 2423 2512 2493 ποπρεπῶς
2543 2421 2828 2474 ἔσπευσεν.
2871 2420 2928 2473 ’0
2955 2419 3012 2472 δὲ
3046 2417 3141 2474 ἀπ’
3166 2416 3339 2490 ἀρχῆς
3380 2419 3666 2487 ἀπατήσας
3692 2414 3779 2466 τὸν

2213 2513 2516 2585 ἄνθρωπον,
2546 2513 2638 2566 καὶ
2665 2511 2754 2564 διὰ
2787 2510 2946 2564 τοῦτο
2974 2511 3174 2580 κράτος
3207 2506 3461 2580 ἐσχηκὼς
3497 2505 3588 2560 τοῦ
3619 2505 3776 2558 θανά-

2213 2624 2328 2670 του,
2362 2605 2627 2672 διάϐολος,
2652 2603 2777 2659 ἰδὼν
2826 2603 2987 2658 αὐτὸν
3013 2603 3107 2656 ἐπὶ
3151 2601 3244 2656 τοῦ
3275 2600 3650 2672 βαπτίσματος
3680 2596 3776 2652 ὑπὸ

2214 2695 2306 2752 τοῦ
2340 2697 2552 2769 Πατρός
2597 2693 3066 2767 μαρτυρούμενον,
3100 2693 3196 2746 καὶ
3238 2692 3300 2746 τὸ
3341 2691 3603 2760 συγγενὲς
3632 2690 3775 2758 ἅγιον

2215 2789 2438 2858 Πνεῦμα
2477 2788 2554 2851 ὡς
2583 2789 2867 2858 ἄνθρωπον
2915 2785 3010 2840 ἀπ’
3046 2785 3289 2855 οὐρανῶν
3335 2784 3657 2855 δεχόμενον,
3687 2780 3775 2835 καὶ

2215 2882 2294 2945 είς
2315 2879 2412 2951 τὴν
2436 2880 2640 2951 ἔρημον
2665 2879 2798 2949 πρὸς
2813 2878 2874 2931 τὸ
2900 2877 3261 2946 πειρασθῆναι
3287 2875 3377 2928 ὑπ’
3413 2874 3578 2928 αύτοῦ
3601 2871 3772 2942 ἐληλυ·

2217 2969 2367 3024 θότα’
2386 2969 2505 3022 ὅλον
2529 2969 2692 3022 αὐτοῦ
2723 2969 2810 3021 τὸν
2839 2969 3074 3038 πόλεμον
3103 2969 3226 3021 κατ’
3256 2965 3426 3022 αὐτοῦ
3453 2964 3769 3035 συνεκρότει,

535 3049 583 3103 si
613 3048 756 3104 forte
791 3050 940 3106 hunc
967 3067 1186 3121 quoque
1237 3053 1500 3109 inducere
1541 3063 1755 3123 posset,
1782 3062 1842 3108 ut
1891 3063 2109 3110 terrena

2218 3059 2272 3114 εἴ
2298 3076 2413 3123 πως
2441 3057 2640 3129 δυνηθῇ
2690 3058 2784 3111 καὶ
2820 3057 2982 3112 αὑτὸν
3029 3060 3252 3122 ποιῆσαι
3290 3057 3388 3126 τὴν
3443 3056 3538 3109 τοῦ
3582 3055 3770 3123 κόσμου

535 3139 730 3194 mundi
765 3140 965 3196 divinae
1011 3141 1293 3198 dilectioni
1339 3146 1656 3201 anteferret.
1705 3146 1895 3204 Sciens
1925 3149 2111 3218 itaque

2215 3147 2557 3220 προτιμῆσαι
2592 3147 2726 3216 ὓλην
2769 3147 2866 3217 τῆς
2900 3148 2982 3210 είς
3024 3146 3156 3199 Θεὸν
3201 3147 3447 3216 ἀγάπης.
3483 3143 3644 3207 Εἰδὼς
3685 3137 3770 3196 οὖν

537 3227 795 3284 diabolus
824 3231 926 3286 tria
959 3232 1076 3287 haec
1121 3248 1262 3300 esse,
1309 3235 1363 3289 in
1401 3237 1604 3306 quibus
1639 3239 1876 3293 humana
1916 3249 2114 3295 cuncta

535 3328 853 3387 vertuntur,
881 3322 1034 3380 cibos
1061 3324 1345 3391 nimirum,
1379 3329 1644 3397 pecunias
1679 3330 1914 3399 vitaeque
1950 3329 2114 3384 clari-

539 3416 730 3486 tatem,
778 3412 983 3480 quibus
1034 3414 1202 3468 etiam
1255 3431 1538 3486 nunquam
1591 3433 1703 3472 non
1739 3419 2021 3473 hominem
2055 3420 2114 3474 in

537 3501 870 3571 perditionis
898 3505 1214 3562 barathrum
1256 3508 1397 3562 solet
1430 3508 1747 3576 detrudere,
1779 3511 1984 3581 triplici
2009 3512 2116 3567 hoc

538 3609 719 3666 cuneo
741 3611 870 3649 eum
902 3596 957 3650 in
983 3597 1203 3654 deserto
1243 3598 1472 3655 adortus
1497 3607 1583 3656 est
1613 3619 1626 3654 :
1663 3617 1899 3672 quorum
1930 3603 2116 3658 Domi-

538 3699 646 3739 nus
674 3685 849 3742 victor
881 3686 1134 3752 effectus,
1167 3689 1448 3744 diabolum
1477 3699 1626 3746 retro
1645 3693 1809 3762 jussit
1828 3692 2004 3747 abire.

608 3967 696 4021 ll.
734 3966 849 4023 Hoc
872 3967 1041 4039 igitur
1067 3969 1164 4024 Dei
1186 3970 1500 4028 dilectionis
1521 3974 1755 4045 insigne,
1789 3977 1947 4046 cujus
1972 3991 2112 4046 prae-

538 4067 760 4126 ceptum
793 4059 1367 4130 uttransgrcderetur,
1397 4077 1524 4116 cum
1547 4063 2111 4133 nulla‘promissorum

537 4150 590 4203 vi
615 4149 866 4205 obtinere
898 4150 968 4205 ab
1022 4166 1090 4206 eo
1118 4157 1359 4208 tentator
1403 4155 1702 4224 potuisset;
1731 4164 1793 4210 ut
1827 4157 1938 4227 jam
1980 4157 2117 4213 dile-

539 4240 742 4296 ctionis
785 4241 1020 4311 proximi
1069 4253 1404 4314 praeceptum
1450 4244 1686 4300 violaret
1729 4246 1786 4300 in
1827 4247 2114 4302 hominum

537 4329 906 4398 frequentiam
963 4333 1227 4399 veniens,
1260 4333 1776 4390 scelestissimorum
1799 4335 2111 4391 Iudaeorum

2212 3244 2240 3296 6
2267 3240 2513 3303 διάϐολος
2559 3241 2641 3293 ὅτι
2692 3239 2760 3292 τὰ
2805 3239 2934 3309 τρία
2966 3237 3142 3292 ταῦτά
3175 3239 3346 3304 εἰσιν,
3383 3240 3449 3290 ἐν
3481 3234 3560 3300 οἷς
3607 3235 3771 3290 πάντα

2210 3333 2437 3385 δονεῖται
2468 3329 2536 3384 τὰ
2557 3327 2873 3398 ἀνθρώπινα
2891 3329 2987 3400 [αι.
3015 3331 3123 3383 πᾶν
3155 3332 3217 3382 τὸ
3237 3327 3623 3400 ὰνθρὼπινον],
3641 3325 3770 3399 βρώ-

2215 3438 2362 3493 ματα
2380 3459 2394 3485 ,
2423 3422 2588 3490 λέγω,
2615 3423 2710 3474 καὶ
2743 3422 3024 3491 χρήματα,
3049 3422 3144 3474 καὶ
3173 3420 3299 3484 δόξα
3319 3459 3335 3483 ,
3360 3420 3433 3474 δι’
3469 3413 3543 3474 ὦν
3573 3418 3660 3473 καὶ
3695 3417 3766 3478 είς

2211 3513 2274 3569 τὸ
2308 3512 2579 3584 βάραθρον
2623 3512 2722 3582 τῆς
2773 3511 3046 3574 ἀπωλείας
3075 3511 3162 3565 ἀεὶ
3207 3512 3493 3580 κατήγαγε
3517 3509 3532 3574 Ι
3541 3509 3611 3564 al.
3643 3524 3764 3562 κατ·

2213 3605 2355 3674 άγει.
2390 3603 2488 3659 Fr.
2517 3597 2860 3676 κατῆγεΓτδν
2889 3603 3175 3672 ἄνθρωπον
3200 3619 3212 3632 ·
3238 3605 3317 3667 είς
3356 3604 3531 3658 ταῦτα
3551 3603 3614 3656 τὰ
3649 3598 3762 3669 τρία

2214 3696 2377 3750 αὑτὸν
2405 3697 2464 3750 ἐν
2495 3697 2562 3766 τῇ
2611 3696 2804 3766 ἐρήμῳ
2853 3694 3149 3764 ἐπείρασεν
3168 3732 3184 3754 ,
3209 3686 3286 3748 ὧν
3333 3696 3362 3747 ὀ
3401 3694 3597 3764 Κύριος
3622 3688 3762 3760 ἡμῶν

2214 3789 2476 3860 κρείττων
2518 3789 2710 3857 φανεὶς
2730 3827 2745 3853 ,
2779 3789 2863 3852 εἰς
2917 3788 3159 3842 τούπίσω
3191 3789 3394 3860 χωρεῖν
3443 3786 3517 3857 τῷ
3549 3781 3760 3849 διαόόλῳ

2215 3878 2312 3951 [αι.
2335 3881 2428 3933 τὸν
2463 3877 2734 3949 διάϐολονι
2758 3878 3111 3950 προσέταττε.

2287 3978 2373 4027 ια’.
2415 3971 2584 4028 Τοῦτο
2619 3967 2711 4026 οὖν
2735 3972 2797 4025 τὸ
2824 3971 3112 4042 γνώρισμα
3140 3973 3239 4042 τῆς
3265 3973 3343 4034 εἰς
3365 3970 3496 4024 Θεὸν
3530 3966 3730 4037 ἀγάπης
3741 4000 3756 4024 ν

2211 4058 2282 4134 ἦς
2313 4065 2410 4133 τὴν
2438 4063 2656 4132 ἐντολὴν
2686 4062 2752 4116 δι’
2768 4055 2842 4118 ὧν
2872 4061 3180 4133 ἐπήγγελτο
3209 4064 3398 4116 πεῖσαι
3417 4059 3572 4115 αὐτὸν
3603 4070 3760 4124 παρα-

2214 4153 2376 4224 δῆναι
2409 4154 2484 4224 μὴ
2507 4153 2774 4224 δυνηθεὶς,
2809 4156 2909 4226 τῆς
2930 4155 3009 4218 εἰς
3039 4154 3129 4207 τὸν
3162 4153 3392 4225 πλησίον
3419 4151 3594 4206 λοιπὸν
3637 4145 3757 4214 ἁγά-

2215 4257 2324 4312 πης
2350 4241 2452 4312 τὴν
2496 4241 2735 4312 ἐντολὴν,
2783 4244 2864 4305 είς
2899 4240 2994 4313 τὴν
3045 4241 3374 4312 οἰκουμένην
3415 4239 3645 4299 ἐλθόντα,
3680 4230 3756 4284 διὰ

2215 4332 2323 4387 τῶν
2375 4333 2705 4404 παρανόμων
2769 4333 3040 4387 Ἰουδαίων
3115 4332 3355 4403 ἐνεργῶν
3380 4374 3394 4399 ,
3426 4326 3756 4402 παραϐαίνειν

539 4433 674 4473 usus
705 4435 906 4489 opera,
943 4422 1162 4476 cunctis
1211 4423 1426 4478 artibus
1475 4424 1710 4480 adnixus
1749 4435 1854 4481 est.
1901 4425 2112 4482 Idcirco

2218 4425 2381 4480 αὑτὸν
2425 4426 2492 4479 δι’
2548 4420 2624 4481 ὧν
2657 4428 2972 4496 ἐμηχανᾶτο
3021 4427 3334 4495 ἠγωνίζετο.
3384 4424 3576 4477 Τούτου
3614 4417 3754 4487 χάριν

541 4510 710 4580 igitur
755 4511 978 4566 interim
1021 4513 1154 4568 dum
1177 4514 1293 4570 vias
1324 4516 1451 4571 vitae
1472 4517 1716 4584 doceret,
1763 4533 1829 4574 ac
1877 4519 2117 4575 caelestis

539 4601 668 4656 vita:
691 4601 1040 4670 disciplinam
1067 4619 1235 4675 opere
1269 4615 1620 4674 monstraret,
1662 4611 2116 4666 resurrectionis-

539 4705 649 4760 que
691 4699 1039 4746 mortuorum
1068 4709 1267 4764 praeco,
1315 4695 1482 4750 vitam
1529 4706 1790 4753 aeternam
1841 4714 1906 4755 ac
1945 4701 2115 4755 coelo-

541 4796 666 4835 rum
698 4797 930 4852 regnum
964 4782 1222 4840 fidelibus
1251 4787 1620 4856 promitteret,
1653 4797 1968 4858 aeternaque
1988 4805 2118 4860 sup-

537 4867 705 4942 plicia
733 4873 1038 4929 incredulis
1068 4875 1215 4931 serio
1255 4877 1574 4943 intentaret,
1601 4887 1768 4947 atque
1799 4880 1865 4934 ad
1900 4888 2112 4936 certam

539 4963 805 5019 doctrina:
835 4963 1024 5030 ﬁdem,
1047 4965 1320 5036 stupenda
1345 4982 1412 5022 ac
1464 4966 1711 5023 inaudita
1737 4967 1925 5023 divina
1961 4968 2114 5040 signa

537 5052 752 5119 ederet,
784 5069 850 5109 ac
885 5055 1076 5110 turbas
1121 5055 1191 5110 ad
1235 5056 1399 5112 fidem
1429 5057 1709 5124 invitaret,
1743 5060 2113 5129 nequissimos

538 5143 830 5201 hominum
859 5147 1166 5202 Pharisaeos
1210 5162 1276 5202 ac
1308 5146 1548 5215 Scribas,
1584 5149 1654 5204 ad
1688 5150 1868 5206 varias
1902 5151 1959 5206 in
1981 5165 2107 5206 cum

537 5238 832 5294 struendas
872 5239 1135 5305 insidias,
1188 5241 1500 5297 concitabat
1543 5259 1558 5295 :
1593 5258 1704 5313 quo
1749 5244 1960 5301 scilicet
2005 5244 2116 5300 vim

538 5341 660 5381 eam
692 5328 1056 5384 tentationum
1083 5328 1227 5384 ferre
1261 5346 1371 5386 non
1396 5332 1606 5400 valens,
1632 5342 1694 5388 ut
1725 5335 1950 5405 quidem
1971 5335 2120 5392 vide-

511 5415 723 5482 ‘batur,
757 5418 813 5471 in
827 5433 1018 5474 eorum
1042 5419 1138 5489 qui
1163 5419 1243 5476 sic
1267 5436 1360 5477 eas
1387 5431 1694 5490 necterent,
1724 5425 1912 5481 odium
1939 5436 2120 5482 verte-

539 5516 646 5573 ret,
683 5518 846 5576 atque
881 5510 936 5562 in
972 5526 1099 5566 eum
1127 5511 1353 5567 modum
1389 5514 1658 5569 intentum
1711 5516 1872 5573 linem
1937 5519 2112 5576 scele-

618 5685 664 5717 ’⁸⁸
695 5685 871 5740 Galat.
901 5703 972 5754 iv,
1010 5691 1061 5743 4.
1138 5693 1181 5723 ³³
1217 5689 1405 5745 Matth.
1439 5705 1528 5757 xx,
1570 5691 1655 5745 57.

2217 4515 2536 4570 διδάσκοντα
2583 4515 2746 4569 αὑτὸν
2784 4516 2882 4579 τὰς
2927 4515 3080 4578 ὁδοὺς
3125 4515 3228 4585 τῆς
3283 4515 3457 4584 ζωῆς,
3496 4510 3585 4562 καὶ
3626 4505 3753 4574 ἔργῳ

2216 4607 2636 4660 ύποδεικνύοντα
2671 4606 2772 4677 τὴν
2810 4606 3058 4676 οὐράνιον
3098 4605 3394 4668 πολιτείαν,
3425 4602 3514 4655 καὶ
3546 4596 3754 4654 ἀνάστα·

2217 4715 2304 4752 σιν
2331 4697 2540 4768 νεκρῶν
2591 4698 3028 4766 καταγγέλλοντα
3055 4737 3069 4761 ,
3103 4697 3197 4750 καὶ
3248 4695 3392 4766 ζωὴν
3445 4690 3646 4745 αἰώνιον
3670 4680 3753 4736 καὶ

2217 4788 2496 4860 βασιλείαν
2519 4787 2766 4859 ούρανῶν
2788 4791 2900 4850 τοῖς
2923 4786 3269 4841 πιστεύουσιν
3295 4777 3750 4860 ἐπαγγελλόμενονξ

2213 4858 2325 4944 τοῖς
2373 4879 2429 4934 δὲ
2472 4858 2721 4942 ἀπίστοις
2772 4879 2995 4933 κόλασιν
3039 4877 3255 4932 αἰώνιον
3303 4871 3632 4930 ἀπειλοῦντα,
3669 4858 3751 4913 καὶ

2213 4972 2352 5044 πρὸς
2387 4971 2678 5042 βεϐαίωσιν
2709 4971 2817 5024 τῶν
2852 4970 3160 5041 λεγομένων
3183 4971 3281 5032 τὰς
3302 4962 3620 5036 παραδόξους
3647 4951 3752 5005 θεο·

2217 5065 2422 5135 σημίας
2456 5063 2914 5135 ἐπιδεικνύμενον,
2941 5062 3034 5115 καὶ
3084 5063 3164 5124 είς
3210 5060 3390 5115 πίστιν
3416 5053 3537 5114 τοὺς
3583 5044 3750 5116 ὄχλους

2219 5155 2694 5228 προσκαλούμενον
2720 5196 2735 5222 ,
2771 5154 3036 5208 συνεκίνει
3077 5153 3204 5216 τοὺς
3248 5146 3582 5221 παρανόμους
3609 5137 3750 5228 Φῇρν

2216 5221 2402 5310 σαίους
2426 5245 2522 5300 καὶ
2537 5221 2931 5317 Τραμματείς,
2961 5245 3044 5306 είς
3071 5242 3169 5305 τὰς
3200 5241 3320 5297 κατ’
3348 5231 3506 5292 αὑτοῦ
3527 5221 3748 5317 ποικίλας

2212 5337 2502 5402 ἐπιϐουλάς
2517 5353 2531 5368 ’
2549 5337 2636 5390 ἵνα
2657 5339 2783 5400 τοὺς
2812 5335 3150 5407 πειρασμοὺς
3171 5327 3503 5398 ὑπενεγκεῖν,
3521 5320 3590 5380 ὡς
3609 5311 3747 5384 ᾧετοι

2216 5427 2291 5500 μὴ
2311 5428 2622 5497 δυνάμενος,
2664 5429 2744 5492 είς
2784 5429 2938 5498 μῖσος
2969 5425 3080 5480 τῶν
3125 5418 3565 5506 ἐπιϐουλευόντῳν
3591 5413 3747 5506 “ipf.

2213 5522 2430 5590 τραπῇ⁶
2461 5520 2553 5573 καὶ
2595 5519 2769 5584 οὕτως
2797 5520 2891 5573 τοῦ
2941 5518 3145 5573 σκοποῦ
3179 5519 3208 5570 6
3236 5515 3478 5578 ἀλάστωρ
3521 5502 3743 5562 ὲπιτῡχην
