4084 6332
306 404 411 471 921

1567 411 1798 473 LIBER
1821 403 2252 473 ‘ASCETICUS.

3432 412 3541 480 922

311 513 640 586 παραϐάτην
669 513 770 586 τῆς
793 515 1014 588 ἐντολῆς
1044 517 1145 588 τῆς
1178 513 1256 582 είς
1287 518 1377 572 τὸν
1408 518 1631 590 πλησίον
1654 520 1858 590 ἀγάπης

1973 520 2246 576 stissimus
2269 521 2568 588 obtineret,
2591 521 2684 593 qui
2718 521 3032 578 dilectionis
3063 521 3300 593 proximi
3329 521 3542 579 violatae

313 607 615 678 ἀποφήνας.

388 700 473 770 ιβ’.
500 700 558 752 '0
582 699 638 753 δὲ
659 699 883 771 Κύριος,
909 699 1004 754 ἆτε
1016 699 1168 765 Θεὸς,
1185 699 1338 763 είδὼς
1354 699 1516 755 αὑτοῦ
1539 701 1608 756 τὰ
1624 701 1872 772 ἐνθύμια,

315 791 376 844 οὐ
397 791 522 853 τοὺς
547 789 812 844 ὑπἀὐτοῦ
843 791 1265 861 ἐνεργουμὲνους
1282 791 1511 861 ἐμίσησε
1551 792 1875 862 Φαρισαίους

317 882 457 952 (πῶς
476 882 584 952 γὰρ
614 881 772 950 φύσει
798 881 1000 950 ἀγαθὸς
1025 881 1170 953 lim),
1193 882 1327 937 ἀλλὰ
1343 881 1434 937 διά
1457 884 1555 952 τῆς
1583 885 1662 948 είς
1680 883 1876 946 αὐτοὺς

312 973 568 1041 ἀγάπης,
596 972 689 1024 τὸν
742 971 1070 1042 ἐνεργοῦντα
1119 972 1358 1042 ἠμύνετο
1391 986 1406 1002 °
1442 972 1536 1027 καὶ
1595 974 1721 1036 τοὺς
1773 973 1873 1043 μὲν

312 1063 736 1131 ἐνεργουμένους
760 1103 774 1124 ,
814 1062 912 1117 ἅτε
975 1062 1305 1132 δυναμένους
1355 1063 1431 1134 μὴ
1484 1063 1822 1134 ἐνεργεῖσθαι
1851 1078 1868 1093 ’

311 1152 572 1214 ἑκουσίως
597 1151 653 1204 δέ
681 1151 774 1204 τοῦ
809 1151 1155 1221 ἐνεργοῦντος
1187 1153 1274 1208 διά
1307 1153 1574 1224 ρᾳθυμίαν
1606 1155 1871 1225 ἀνεχομέ-

309 1260 455 1306 νους,
490 1244 778 1308 ἐνουθέτει,
811 1243 1059 1315 ἤλεγχεν,
1089 1244 1383 1310 ὠνείδιζεν,
1418 1247 1749 1313 ἐταλάνιζεν,
1779 1249 1872 1300 εὐ-

309 1333 546 1403 εργετῶν
569 1334 669 1386 οὐκ
699 1333 948 1395 ἐπαύετο,
968 1334 1450 1406 βλασφημούμενος
1478 1337 1870 1409 ἐμακροθύμει,

310 1422 533 1491 πάσχων
563 1422 822 1492 ὑπέμενε,
854 1424 1031 1506 πάντα
1080 1425 1151 1478 τά
1193 1426 1293 1495 τῆς
1343 1427 1564 1497 ἀγάπης
1607 1427 1743 1499 ἔργα
1791 1430 1871 1492 είς

307 1509 506 1572 αὐτοὺς
539 1511 870 1566 ἐνεδείκνυτο
893 1530 907 1545 ο
927 1513 1018 1568 τὸν
1072 1515 1128 1568 δέ
1161 1515 1505 1586 ἐνεργοῦντα,
1531 1520 1598 1590 τῇ
1629 1521 1707 1582 είς
1744 1521 1870 1585 τοὺς

309 1598 730 1669 ἐνεργουμένους
777 1602 1158 1677 φιλανθρωπίᾳ
1185 1605 1454 1676 ἠμύνετοο
1485 1607 1531 1662 ὢ
1566 1609 1866 1680 παραδόξου

310 1688 573 1759 πολέμοιᾘ
616 1693 736 1746 ἀντὶ
762 1695 856 1747 τοῦ
898 1695 1120 1776 μίσους,
1160 1697 1259 1769 τὴν
1311 1699 1532 1771 ἀγάπην
1567 1701 1870 1755 ἐπιδεικνύ-

311 1794 490 1847 μενος,
511 1784 604 1836 καὶ
633 1784 927 1858 ἀγαθότητι
950 1785 1156 1856 βάλλων
1174 1789 1266 1843 τὸν
1293 1790 1393 1861 τῆς
1417 1793 1614 1856 κακίας
1634 1794 1864 1863 πατέρα.

1973 626 2131 666 reum
2161 611 2381 667 tandem
2414 611 2710 668 effecisset.

2045 701 2132 758 12.
2163 703 2428 758 Dominus
2447 712 2651 770 autem,
2678 704 2772 775 qui
2802 715 2864 760 ut
2883 706 3029 760 Deus
3075 704 3223 759 illius
3271 703 3542 774 cogitatus

1970 806 2034 849 ac
2065 793 2292 848 consilia
2334 810 2445 849 non
2477 796 2736 860 nesciret,
2781 795 2940 866 373
2975 794 3184 849 amatos
3207 793 3274 847 ab
3302 808 3368 848 eo
3396 793 3541 848 Pha-

1971 882 2161 938 risazos
2203 884 2345 939 nihil
2395 884 2526 939 odio
2574 895 2899 955 prosecutus
2927 893 3011 940 est
3044 902 3056 938 :
3087 884 3363 954 quomodo
3390 884 3538 938 enim

1969 972 2062 1042 qui
2088 979 2283 1028 natura
2309 973 2486 1029 bonus
2508 975 2689 1029 esset?
2710 975 2826 1040 sed,
2857 990 2962 1044 qua
2979 990 3074 1028 eos
3096 974 3389 1028 dilectione
3413 989 3540 1042 pro-

1969 1050 2324 1131 sequebatur,
2360 1062 2630 1118 amantem
2658 1078 2753 1118 eos
2776 1063 3165 1118 ulciscebatur.
3197 1063 3274 1116 Ac
3311 1061 3535 1131 quidem

1969 1151 2295 1220 recipientes
2329 1151 2590 1216 amatum,
2639 1162 2699 1206 ut
2725 1153 2926 1223 quibus
2956 1152 3194 1205 liberum
3226 1159 3373 1204 esset
3425 1165 3537 1203 non

1968 1241 2238 1310 recipere,
2275 1249 2581 1312 sponteque
2615 1258 2710 1296 sua
2764 1259 2863 1312 per
2902 1241 3230 1306 socordiam,
3269 1241 3539 1294 amantem

1967 1334 2343 1398 sustinerent,
2391 1335 2746 1404 corripiebat,
2788 1336 3076 1405 arguebat,
3132 1332 3537 1402 exprobrabat,

1966 1423 2305 1493 deplorabat,
2332 1425 2650 1480 demerendi
2681 1425 2890 1478 nullum
2922 1424 3085 1478 linem
3111 1423 3349 1478 faciebat
3376 1439 3388 1474 :
3425 1436 3541 1474 ma-

1963 1511 2184 1568 ledictis
2211 1514 2506 1583 appetitus,
2537 1513 2733 1567 leviter
2769 1512 3000 1574 ferebat,
3027 1512 3263 1581 irrogata
3301 1510 3540 1567 sustine-

1965 1600 2060 1655 bat
2111 1603 2273 1667 mala,
2307 1602 2455 1656 nulla
2484 1617 2595 1654 non
2626 1601 2940 1656 dilectionis
2965 1616 3132 1670 opera
3168 1601 3223 1653 in
3256 1615 3351 1654 eos
3387 1598 3542 1652 exhi-

1965 1691 2130 1747 bebat
2167 1709 2180 1745 :
2211 1693 2266 1746 in
2298 1691 2594 1754 amantem,
2625 1692 2952 1746 humaniore
2979 1705 3145 1744 sensu
3174 1689 3229 1742 in
3270 1701 3367 1741 eos
3401 1701 3541 1756 quos

1964 1782 2194 1848 alliaret,
2233 1783 2382 1838 ultor
2431 1783 2690 1838 saeviebat
2740 1783 2809 1854 (0
2846 1782 3144 1837 inauditam
3199 1779 3330 1835 belli
3373 1772 3542 1832 ratio-

309 1868 510 1924 Τούτου
557 1873 716 1944 χάριν
765 1876 835 1930 τὰ
879 1878 1114 1932 τοσαῦτα
1157 1881 1301 1936 κακὰ
1345 1882 1476 1952 παρ’
1513 1883 1693 1936 αὐτῶν
1734 1886 1858 1939 ὑπο-

1969 1888 2092 1930 nem
2119 1873 2178 1942 ι),
2221 1873 2315 1942 qui
2342 1889 2540 1944 nempe
2565 1872 2676 1927 odii
2700 1873 2820 1927 loco
2851 1871 3202 1926 dilectionem
3231 1865 3538 1934 exhiberet,

312 1962 526 2029 μείνας,
572 1966 769 2035 μᾶλλον
806 1969 862 2024 δέ
907 1970 1270 2042 ἀληθέστερον
1318 1975 1492 2027 είπετν
1515 2014 1530 2039 ,
1560 1974 1627 2029 δι’
1652 1976 1867 2043 αὐτοὺς,

312 2049 472 2121 μέχρι
493 2052 724 2109 θανάτου
751 2059 890 2130 ὑπὲρ
918 2061 1017 2131 τῆς
1050 2060 1268 2132 ἐντολῆς
1298 2064 1396 2134 τῆς
1423 2065 1642 2136 ἀγάπης
1666 2065 1872 2136 ἀνθρω·

306 2147 603 2215 ποπρεπῶς
654 2150 988 2219 ἠγωνίσατο’
1013 2154 1108 2208 καὶ
1151 2155 1250 2226 τὴν
1291 2156 1499 2211 τελείαν
1524 2157 1679 2230 νίκην
1724 2161 1867 2216 κατὰ

300 2233 394 2286 τοῦ
420 2236 664 2293 διαϐόλου
698 2241 987 2313 ἀράμενος,
1003 2245 1096 2299 τὸν
1127 2247 1384 2314 στέφανον
1402 2249 1499 2317 τῆς
1521 2249 1869 2313 ἀναστάσεως

303 2323 443 2402 ύπέρ
477 2328 632 2397 ἡμῶν
665 2331 960 2404 ἀνεδήσατο
980 2353 994 2368 ·
1031 2335 1126 2390 καὶ
1152 2336 1324 2401 οὕτως
1348 2339 1377 2392 6
1403 2339 1522 2403 νέος
1558 2340 1748 2409 Ἀδὰμ,
1775 2340 1866 2392 τὸν

299 2416 530 2470 παλαιὸν
553 2420 905 2478 ἀνενεώσατο.
930 2427 1040 2478 Καὶ
1060 2425 1214 2479 τοῦτό
1248 2431 1394 2482 ἐστιν
1421 2430 1450 2482 6
1486 2430 1633 2497 λέγει
1661 2432 1688 2482 6
1727 2430 1865 2494 θεῖος

1968 1961 2196 2032 vitiique
2252 1970 2534 2032 parentem
2582 1978 2646 2017 ac
2696 1962 2938 2026 malitiae,
2986 1961 3228 2016 bonitate
3281 1959 3537 2014 caederet.

1968 2053 2180 2107 Idcirco
2220 2062 2367 2108 tanta
2413 2053 2482 2108 ab
2514 2054 2615 2117 eis,
2649 2054 2762 2107 sive
2796 2053 2880 2124 (ut
2910 2052 3097 2106 verius
3145 2050 3362 2120 loquar)
3416 2048 3540 2102 illo-

1968 2159 2090 2197 rum
2127 2159 2311 2209 causa,
2346 2159 2638 2214 perpessus
2672 2144 2833 2208 mala,
2866 2143 2931 2197 ad
2965 2150 3199 2196 mortem
3229 2156 3401 2211 usque
3435 2156 3538 2210 pro

1967 2231 2279 2286 dilectionis
2330 2231 2589 2287 mandato
2649 2233 3029 2297 concertavit,
3067 2231 3418 2302 perfectaque
3467 2230 3536 2284 de

1967 2321 2188 2376 diabolo
2235 2332 2392 2392 parta
2439 2323 2692 2388 victoria,
2723 2325 2896 2378 nostri
2926 2338 3154 2376 munere
3176 2322 3538 2376 resurrectio—

1964 2410 2050 2464 nis
2072 2425 2328 2464 coronam
2357 2413 2700 2480 reportavit:
2733 2413 2896 2480 idque
2928 2428 3051 2465 eum
3077 2412 3320 2474 modum,
3361 2425 3537 2464 novus

312 2504 629 2573 Ἀπόστολος
653 2525 671 2544 ο
707 2514 884 2569 Τοῦτο
908 2518 1240 2584 φρονεισθω
1275 2521 1346 2574 ἐν
1390 2520 1612 2590 ὑμῖν,ὃ
1650 2521 1748 2574 καί
1796 2521 1858 2575 ἐν

1963 2501 2159 2564 Adam,
2190 2508 2434 2555 veterem
2474 2503 2768 2570 reparavit.
2814 2503 2982 2570 ldque
3008 2509 3092 2556 est
3119 2499 3265 2571 quod
3290 2501 3369 2555 ait
3395 2500 3538 2554 divi-

296 2597 530 2664 Χριστῷ
559 2601 752 2669 Ἰησοῦ
794 2622 848 2658 κ.
886 2623 936 2660 τ.
967 2607 1044 2670 ἐξ.

1961 2607 2068 2646 nus
2112 2591 2409 2661 Apostolus
2451 2609 2464 2644 :
2501 2592 2607 2645 Hoc
2663 2594 2850 2646 sentite
2890 2594 2944 2646 in
3001 2594 3163 2654 vobis,
3191 2592 3329 2661 quod
3387 2599 3438 2642 et
3479 2591 3536 2643 in

1962 2681 2168 2738 Christo
2195 2682 2318 2736 Jc'su
2337 2683 2402 2746 ",
2436 2691 2492 2736 et
2513 2698 2633 2750 qua:
2659 2691 2984 2750 sequuntur.

370 2781 458 2844 ιγ’.
485 2772 651 2842 Οὗτος
667 2776 762 2833 οὖν
782 2776 851 2852 ἦν
876 2783 905 2834 6
934 2783 1133 2847 σκοπὸς
1158 2784 1252 2838 τοῦ
1277 2787 1505 2857 Κυρίου,
1546 2787 1633 2841 ἵνα
1659 2787 1736 2859 τῷ
1763 2788 1858 2858 μὲν

2033 2774 2119 2827 15.
2157 2773 2310 2827 llunc
2342 2770 2472 2842 erg'o
2499 2773 2759 2826 Dominus
2789 2788 3010 2840 scopum
3039 2772 3139 2825 sibi
3175 2772 3533 2826 constitutum

297 2863 472 2930 Πατρὶ
500 2868 784 2943 ὑπακούσῃ
834 2871 993 2942 μέχρι
1029 2872 1257 2928 θανάτου
1294 2873 1369 2938 ὡς
1399 2875 1681 2947 ἄνθρωπος
1721 2877 1858 2948 ὑπὲρ

1960 2863 2152 2930 voluit,
2186 2872 2247 2917 ut
2273 2863 2421 2918 Patri
2453 2865 2674 2932 quidem
2707 2864 2773 2917 ad
2807 2871 3037 2918 mortem
3068 2877 3240 2932 usque
3279 2871 3336 2915 ut
3370 2862 3534 2917 homo

296 2955 474 3024 ἡμῶν,
515 2959 797 3026 φυλάττων
854 2963 952 3033 τὴν
991 2963 1209 3033 ἐντολὴν
1261 2965 1360 3033 τῆς
1386 2966 1605 3038 ἀγάπης
1628 2982 1641 2996 ⁸
1671 2967 1762 3020 τὸν
1805 2967 1858 3019 δὲ

1960 2970 2060 3023 pro
2086 2955 2247 3008 nobis
2273 2955 2534 3008 obediens
2569 2954 2728 3017 foret,
2761 2953 3029 3008 servando
3061 2953 3368 3007 dilectionis
3395 2969 3534 3022 prae-

294 3043 538 3099 διάϐολον
587 3049 861 3120 ἀμύνηται
893 3053 970 3122 τῷ
1012 3055 1242 3125 πάσχειν
1290 3054 1380 3107 ὑπ’
1411 3055 1598 3119 αὐτοῦ,
1633 3056 1722 3109 διὰ
1752 3057 1858 3110 τῶν

1959 3053 2211 3114 ceptum;
2250 3045 2528 3099 diabolum
2573 3060 2704 3099 vero
2740 3044 3120 3107 ulcisceretur,
3165 3045 3234 3098 ab
3278 3060 3345 3098 eo
3391 3045 3533 3098 mala

295 3134 386 3187 ὑπ’
409 3136 573 3190 αὐτοῦ
601 3139 1004 3211 ἐνεργουμένων
1024 3144 1394 3215 Γραμματέων
1416 3147 1508 3200 καὶ
1527 3147 1852 3216 Φαρισαίων·

1959 3135 2336 3204 perpetiendo,
2370 3136 2588 3189 illorum
2620 3150 2806 3204 opera,
2832 3135 2924 3204 qui
2950 3135 3068 3204 ejus
3096 3133 3276 3188 alﬂatu
3301 3150 3532 3203 ageren-

1959 3234 2046 3245 .___
2697 3224 3181 3245 -.n|___g_-_-____.\
3219 3242 3230 3245 _
3271 3232 3428 3245 -.___-
3458 3224 3526 3245 3.-

293 3227 385 3279 καὶ
417 3228 589 3293 οὕτως
617 3231 836 3302 ἐνίκησε
870 3233 948 3303 τῷ
971 3235 1222 3288 νικᾶσθαι
1266 3235 1546 3299 ἑκουσίως,
1589 3236 1678 3289 τὸν
1702 3238 1856 3308 νικᾷν

1959 3234 2048 3280 tur
2077 3226 2412 3296 (Scribarum
2453 3225 2661 3281 scilicet
2690 3233 2745 3279 et
2762 3224 3182 3291 Pharisaeorum)
3218 3242 3231 3276 :
3270 3232 3433 3292 atque
3458 3224 3532 3278 ita

292 3317 606 3382 ἐλπίσαντα,
637 3323 730 3374 καὶ
749 3322 838 3374 τὸν
859 3323 1062 3392 κόσμον
1093 3325 1363 3395 ἐρρύσατο
1390 3325 1486 3394 τῆς
1509 3326 1670 3377 αὐτοῦ
1695 3325 1856 3379 sm-
1956 3332 2062 3385 qua
2107 3323 2301 3386 sponte
2343 3317 2678 3381 vinceretur,
2713 3315 3062 3396 pollicentem
3106 3314 3210 3368 sibi
3243 3314 3531 3370 victoriam

293 3407 496 3471 στείας.
552 3410 752 3464 Τοῦτον
797 3412 889 3466 τὸν
925 3415 1124 3484 τρόπον
1179 3416 1206 3468 6
1231 3415 1462 3486 Χριστὸς
1485 3415 1545 3480 ἐξ
1574 3415 1858 3479 ἀσθενείας

1957 3407 2109 3473 vicit,
2153 3423 2329 3477 exque
2363 3408 2512 3462 illius
2553 3408 2796 3477 potentia
2839 3406 3106 3460 mundum
3152 3405 3426 3460 liberavit.
3473 3406 3530 3460 In

291 3500 640 3572 ἐσταυρώθη·
671 3503 737 3556 δι’
771 3499 837 3575 ἦς
864 3506 1150 3569 ἀσθενείας
1176 3507 1266 3559 τὸν
1300 3506 1526 3560 θάνατον
1562 3507 1854 3578 ἐνέκρωσε,

291 3592 502 3645 καὶτὸν
533 3595 594 3647 τὸ
640 3595 841 3665 κράτος
886 3596 1077 3665 ἔχοντα
1124 3596 1216 3650 τοῦ
1245 3597 1475 3650 Θανάτου
1517 3599 1854 3669 κατήργησε.

291 3677 493 3736 Τοῦτον
520 3684 611 3738 τὸν
643 3686 841 3753 τρόπον
872 3687 964 3738 καὶ
987 3689 1016 3738 6
1044 3686 1252 3748 Παῦλος
1292 3689 1349 3740 ἐν
1395 3687 1572 3756 ἐαυτῷ
1617 3688 1854 3758 ἠσθένει,

292 3769 396 3823 καῖ
418 3773 688 3843 ἐκαυχᾶτο
716 3779 773 3828 ἐν
795 3779 914 3838 ταῖς
940 3777 1264 3841 ἀσθενείαις,
1289 3777 1376 3831 ἵνα
1414 3779 1764 3850 ἐπισκηνώσῃ
1797 3782 1855 3832 ἐν

290 3858 438 3928 αὐτῷ
467 3862 500 3930 ή
530 3861 759 3932 δύναμις
789 3863 883 3916 τοῦ
913 3863 1170 3933 Χριστοῦ.

362 4030 443 4084 ιδ’.
483 4031 699 4102 Ταύτης
715 4032 815 4102 τῆς
843 4034 997 4105 νίκης
1033 4035 1122 4090 τὸν
1164 4035 1366 4108 τρόπον
1407 4035 1629 4106 μαθὼν,
1669 4035 1854 4104 ἔλεγεν

303 4120 568 4188 Ἐφεσίοις
597 4123 822 4192 γράφων
841 4139 854 4153 ο
885 4126 1004 4177 Οὐκ
1037 4125 1209 4180 ἐστιν
1233 4125 1373 4195 ὑμῖν
1416 4125 1456 4194 ἠ
1496 4124 1660 4192 πάλη
1705 4125 1853 4192 πρὸς

289 4209 431 4282 αἷμα
455 4213 551 4268 καί
581 4213 775 4281 σάρκα
803 4231 816 4244 ⁸
852 4216 1012 4270 ἀλλὰ
1043 4215 1193 4286 πρὸς
1216 4218 1323 4284 τὰς
1343 4215 1550 4287 ἀρχὰς,
1581 4217 1729 4286 πρὸς
1746 4217 1853 4283 τὰς

288 4305 593 4372 ἐξουσίας,
625 4304 719 4358 καὶ
752 4305 820 4358 τὰ
852 4305 996 4376 ἑξῆς.
1032 4309 1134 4362 Τόν
1159 4323 1218 4361 τε
1249 4307 1472 4380 θώρακα
1499 4309 1596 4379 τῆς
1644 4309 1850 4362 δικαιο-

290 4396 454 4466 σύνης
506 4395 793 4451 ἀναλαϐεῖν
837 4414 990 4468 φησι,
1027 4400 1122 4452 καὶ
1160 4402 1259 4469 τὴν
1303 4399 1728 4471 περικεφαλαίαν
1762 4399 1850 4452 ἐλ-

1954 3499 2103 3554 hunc
2129 3501 2352 3555 modum
2379 3500 2626 3556 Christus
2649 3516 2715 3555 ex
2745 3499 3058 3554 inﬁrmitate
3082 3498 3137 3551 in
3154 3512 3373 3552 crucem
3396 3497 3529 3551 sub-

1951 3590 2096 3645 latus
2147 3600 2232 3645 est
2263 3592 2339 3656 '7;
2371 3606 2543 3660 eaque
2575 3589 2890 3644 inﬁrmitate
2912 3597 3142 3643 mortem
3164 3589 3444 3651 exstinxit,
3468 3603 3530 3644 ac

1952 3695 2100 3743 eum,
2124 3682 2436 3749 qui-mortis
2461 3681 2699 3734 habebat
2733 3680 3044 3748 imperium,
3075 3679 3354 3734 dextruxit
3379 3679 3445 3730 ³⁸.
3472 3678 3529 3730 1η

1955 3771 2102 3824 hunc
2135 3771 2356 3824 modum
2385 3779 2439 3825 et
2470 3772 2670 3824 Paulus
2701 3771 2756 3823 in
2789 3786 2846 3823 se
2873 3770 2988 3838 ipse
3023 3770 3292 3833 inﬁrmus,
3325 3770 3530 3839 gloria-

1953 3859 2116 3912 batur
2150 3860 2205 3912 in
2234 3859 2663 3923 inﬁrmitatibus,
2695 3868 2754 3912 ut
2787 3858 3118 3912 iuhabitaret
3149 3859 3205 3912 in
3243 3873 3310 3912 eo
3354 3859 3528 3913 virtus

1951 3947 2156 4002 Christi
2197 3949 2264 4000 ’9.

2026 4040 2112 4093 14.
2150 4038 2323 4108 Hujus
2366 4037 2610 4092 victoriae
2653 4037 2877 4092 modum
2908 4037 3247 4106 exploratum
3281 4036 3524 4102 habens,

1950 4129 2008 4184 in
2037 4129 2155 4184 haec
2183 4130 2347 4183 verba
2377 4129 2444 4183 ad
2476 4129 2742 4198 Ephesios
2771 4129 3047 4183 scribebat
3079 4145 3092 4180 :
3122 4127 3240 4181 Non
3275 4136 3351 4181 est
3382 4127 3527 4182 nobis

1951 4219 2252 4274 colluctatio
2297 4219 2542 4273 adversus
2571 4235 2786 4273 carnem
2831 4227 2878 4272 et
2919 4219 3252 4289 sanguinem,
3301 4219 3392 4272 sed
3433 4219 3518 4272 ad-

1949 4326 2127 4365 versus
2168 4310 2492 4380 principatus
2539 4319 2588 4362 et
2618 4317 2897 4379 potestates
2933 4309 2999 4375 ⁸ο,
3047 4317 3104 4363 et
3135 4325 3256 4378 (ποτε
3287 4324 3523 4378 sequun~

1949 4411 2064 4468 tur;
2089 4394 2353 4472 jubetque
2386 4411 2445 4456 ut
2481 4402 2708 4471 justitize
2754 4402 3030 4456 thoracem
3065 4410 3366 4466 assumant,
3411 4401 3526 4470 spei

289 4485 460 4549 πίδος,
490 4487 582 4540 καὶ
603 4488 691 4539 τὸν
716 4487 904 4557 θυρεὸν
928 4490 1026 4559 τῆς
1050 4490 1300 4556 πίστεως,
1332 4491 1424 4546 καλ⁵
1449 4489 1544 4562 τὴν
1578 4492 1848 4563 μάχαιραν

1957 4493 2180 4563 galeam,
2210 4501 2425 4546 scutum
2456 4492 2602 4558 ﬁdei,
2630 4493 2869 4562 gladium
2900 4492 3132 4562 spiritus
3157 4493 3223 4557 ",
3251 4502 3312 4546 ut
3341 4493 3525 4547 omnia

287 4577 380 4630 τοῦ
409 4578 739 4648 πνεύματος,
773 4579 860 4634 ἵνα
886 4581 1154 4650 δυνηθῶσι
1186 4585 1358 4639 πάντα
1381 4585 1448 4636 τὰ
1475 4584 1602 4654 βέλη
1627 4582 1720 4636 τοῦ
1749 4602 1846 4637 πο-

286 4669 450 4737 νηροῦ
474 4669 542 4722 τὰ
557 4672 924 4741 πεπυρωμένα
947 4673 1155 4738 σϐέσαι,
1185 4675 1233 4727 οί
1263 4675 1396 4745 πρὸς
1427 4676 1553 4738 τοὺς
1583 4677 1848 4745 ἀοράτους

284 4760 510 4829 ἐχθροὺς
539 4761 628 4813 τὸν
653 4761 882 4831 πόλεμον
910 4762 1120 4833 ἔχοντες
1150 4783 1162 4797 ·
1191 4765 1335 4836 ἔργῳ
1363 4763 1483 4838 [Fr.
1507 4767 1579 4820 al.
1602 4771 1677 4821 Μ.
1699 4767 1840 4822 Nob.

284 4849 488 4921 ἔργοις]
541 4851 598 4903 δέ
655 4852 746 4904 τὸν
776 4853 977 4921 τρόπον
1011 4856 1110 4924 τῆς
1142 4857 1318 4926 πάλης
1367 4858 1842 4928 ἐπιδεικνύμενος,

283 4936 496 5004 ἔλεγεν·
539 4939 686 5007 Ἐγὼ
717 4935 831 4994 οὖν
858 4940 1047 5006 οὕτως
1078 4941 1286 5012 τρέχω,
1323 4943 1399 5006 ὡς
1437 4945 1547 4998 οὐκ
1565 4943 1838 5009 ἀδήλωςο

283 5027 470 5093 οὕτως
507 5032 798 5091 πυκτεύω,
831 5032 912 5096 ὠς
947 5035 1058 5086 οὐκ
1083 5032 1230 5100 ἀέρα
1257 5033 1512 5101 δαίρωγο
1543 5035 1843 5089 ἀλλ’ὐπο-

281 5116 461 5176 πιάζω
487 5135 606 5185 μου
635 5119 702 5172 τὸ
730 5119 902 5188 σῶμα
938 5121 1038 5175 καί
1069 5121 1426 5193 δουλαγωγῶ
1447 5164 1462 5190 ,
1494 5125 1706 5194 μήπως
1734 5126 1840 5180 ἄλο

279 5207 415 5269 λοις
441 5205 726 5272 κηρύξας,
759 5207 941 5273 αὐτὸς
969 5208 1254 5279 ἀδόκιμος
1278 5211 1551 5282 γένωμαι.
1586 5213 1696 5266 Καὶ
1739 5214 1843 5268 πά·

1952 4585 2057 4639 tela
2101 4585 2422 4656 nequissimi
2472 4586 2628 4654 ignea
2674 4586 3026 4655 exstinguere
3057 4587 3292 4650 valeant,
3325 4585 3526 4655 quibus

1949 4675 2211 4729 adversus
2239 4675 2425 4730 hostes
2466 4675 2771 4729 invisibiles
2816 4677 3018 4731 bellum
3051 4677 3195 4730 istud
3235 4677 3524 4730 incumbit.

1948 4766 2132 4820 Rebus
2155 4777 2336 4820 autem
2367 4767 2528 4821 lucta;
2558 4767 2778 4821 modum
2815 4767 3132 4827 ostendens,
3158 4768 3338 4821 aiebat
3369 4785 3381 4819 :
3412 4767 3525 4837 Ego

1944 4857 2108 4926 igitur
2129 4859 2204 4910 sic
2228 4873 2400 4920 curro,
2423 4875 2524 4911 non
2543 4859 2696 4928 quasi
2721 4859 2776 4911 in
2805 4859 3059 4911 incertum
3080 4875 3097 4912 :
3117 4860 3191 4911 sic
3207 4874 3400 4928 pugno,
3420 4873 3523 4910 non

1944 4947 2099 5015 quasi
2143 4945 2307 5016 374
2357 4962 2532 5000 aerem
2581 4947 2864 5000 verberans
2899 4961 2917 4998 :
2959 4946 3050 4998 sed
3087 4946 3284 5013 castigo
3335 4960 3522 5012 corpus

1947 5053 2118 5090 meum
2138 5045 2184 5090 et
2210 5037 2262 5089 in
2287 5039 2589 5090 servitutem
2619 5037 2818 5106 redigo,
2847 5053 2911 5090 ne
2934 5037 3068 5105 forte
3097 5053 3214 5088 cum
3239 5034 3356 5087 aliis
3382 5049 3522 5102 pra:-

1936 5124 2259 5188 dicaverim,
2314 5129 2425 5196 ipse
2483 5127 2733 5196 reprobus
2783 5128 2977 5195 eﬂiciar
3032 5127 3096 5178 ".
3147 5125 3215 5177 Et
3265 5124 3516 5177 iterum:

1943 5213 2115 5283 Usque
2147 5213 2204 5267 in
2237 5216 2374 5268 hanc
2411 5216 2598 5268 horam
2627 5223 2676 5267 et
2705 5215 2960 5269 esurimus
2997 5224 3044 5267 et
3073 5216 3278 5267 sitimus
3313 5222 3360 5267 et
3394 5213 3521 5266 nudi

280 5293 364 5348 λιν
381 5311 394 5325 ·
440 5296 602 5364 Ἄχρι
633 5295 741 5363 τῆς
774 5296 904 5364 ἄρτι
923 5297 1078 5365 ὥρας
1099 5299 1198 5353 καί
1222 5301 1518 5370 πεινῶμεν
1543 5302 1641 5356 καί
1670 5301 1846 5370 διψῶ-

1957 5318 2139 5365 sumus,
2183 5310 2232 5354 et
2272 5300 2507 5372 colaphis
2540 5303 2793 5356 credimur
2837 5303 2902 5354 ³⁸.
2937 5303 3256 5371 Rursusque
3290 5320 3303 5355 :
3337 5302 3401 5356 In
3441 5302 3520 5356 la-

273 5402 390 5456 μεν
436 5387 534 5439 καὶ
581 5389 1048 5458 γυμνητεύομεν,
1102 5390 1202 5444 καὶ
1255 5391 1703 5462 κολαφιζόμεθα.
1735 5393 1845 5447 Καὶ

277 5477 442 5530 πάλιν
464 5493 476 5506 '
529 5479 627 5531 Ἐν
651 5478 815 5544 κόπῳ
843 5482 939 5533 καί
964 5479 1172 5550 μόχθῳ
1190 5498 1205 5513 ο
1223 5481 1292 5534 ἐν
1315 5481 1670 5551 ἀγρυπνίαις
1697 5486 1845 5536 πολ-

1941 5395 2064 5449 bore
2095 5401 2144 5447 et
2173 5409 2448 5459 azrumna;
2476 5395 2530 5446 in
2566 5392 2756 5462 vigiliis
2801 5392 2998 5456 multis,
3029 5396 3084 5447 in
3113 5395 3308 5463 frigore
3336 5402 3384 5446 et
3415 5410 3517 5446 nu-

1941 5487 2142 5550 ditate;
2172 5493 2364 5556 prwter
2395 5485 2494 5540 illa
2528 5501 2644 5557 qua
2673 5495 2794 5539 sunt
2825 5486 3139 5539 extrinsecus
3172 5487 3238 5533 δι.

275 5569 472 5637 λάκις,
513 5570 781 5641 ὲνψύχει
817 5571 916 5626 καί
947 5575 1294 5642 γυμνότητι,
1333 5574 1508 5644 χωρὶς
1543 5574 1664 5628 τῶν
1689 5578 2003 5645 παρεκτός.

346 5685 391 5714 ὀ
419 5684 631 5754 Philipp

639 5725 651 5737 .
688 5700 747 5750 ιι,
780 5685 834 5740 5.
874 5755 879 5756 ί
911 5687 956 5718 ⁸⁷
984 5687 1030 5742 ll
1060 5686 1185 5744 Cor.
1216 5705 1330 5755 xm,
1359 5690 1410 5744 4.
1489 5691 1534 5721 ’³
1565 5691 1727 5746 llebr.
1755 5707 1810 5756 ιι,
1845 5693 1930 5747 14.

3183 5689 3227 5723 ³⁸
3260 5687 3396 5744 ibid.
3421 5688 3509 5755 11,

2007 5693 2051 5724 ’θ
2078 5693 2119 5747 ll
2145 5691 2267 5748 Cor.
2299 5708 2394 5761 xu,
2425 5693 2478 5748 9.
2591 5691 2635 5724 ’°
2660 5691 2857 5763 Ephcs.
2889 5708 2962 5758 vr,
2995 5691 3083 5746 12.

281 5753 363 5806 15.
441 5756 482 5785 ³²
519 5753 686 5811 lCor.
715 5771 786 5814 lx.
820 5755 910 5818 ‘26.
937 5758 1026 5813 27.
1101 5758 1145 5791 ³³
1173 5759 1193 5813 Ι
1217 5753 1342 5814 Cor.
1380 5776 1450 5823 ιν,
1493 5761 1572 5814 li.
1648 5762 1692 5793 “
1727 5762 1770 5815 ll
1800 5753 1858 5818 Ct

1963 5778 2034 5828 τι,
2066 5763 2152 5816 9.7.
