4084 6332
574 409 683 478 923

1730 402 1790 468 S.
1835 399 2119 465 ΜΛΧῙΜΙ
2158 392 2665 457 CONFESSORIS

3743 374 3856 444 925

653 526 736 582 15.
771 523 949 596 Atque
993 523 1136 577 hanc
1178 522 1402 592 quidem
1446 521 1650 575 lueuim
1696 518 2023 575 colluctatus
2068 522 2154 570 est

2324 515 2402 564 ιε’.
2436 509 2544 564 Καὶ
2570 506 2775 578 ταύτην
2807 503 2905 575 μὲν
2953 502 3050 573 τὴν
3074 499 3273 571 πάλην,
3300 495 3437 569 πρὸς
3461 495 3628 596 τοὺς-

578 617 840 671 adversus
868 616 1143 669 daemones
1168 615 1509 682 voluptatum
1534 611 1591 664 in
1622 623 1787 664 carne
1821 608 2151 671 incentores,

580 710 790 780 olijeCta
825 708 912 762 sui
944 707 1190 777 corporis
1215 705 1532 761 inﬁrmitate
1563 718 1660 759 eos
1688 702 1883 773 fugans
1913 719 1927 755 :
1955 700 2155 756 adver-

581 816 674 855 sus
705 810 887 855 autem
914 814 1010 854 eos
1037 799 1132 869 qui
1159 814 1353 870 pugnae
1380 812 1509 852 arce
1535 801 1791 864 suscepta
1818 792 1944 848 odia
1977 791 2155 847 susci-

581 900 721 957 tant,
752 907 984 961 eamque
1029 892 1101 946 ob
1150 905 1287 955 rem,
1321 889 1417 960 qui
1459 888 1743 959 segniores
1780 887 1980 941 animis
2020 885 2153 952 sint,

580 983 843 1039 adversus
876 984 998 1054 pios
1026 982 1277 1037 homines
1314 982 1623 1044 concitant;
1660 987 1722 1034 ut
1756 978 1866 1034 illis
1893 978 2156 1034 tentanti-

579 1075 684 1130 bus
720 1076 919 1130 animis
943 1074 1260 1137 fatiscentes
1290 1072 1439 1143 ipsos
1470 1073 1597 1127 odio
1627 1071 1889 1135 habeant,
1917 1070 2156 1141 indeque

579 1165 659 1218 rei
688 1164 876 1219 violati
910 1163 1224 1219 dilectionis
1268 1161 1513 1217 mandati
1554 1159 1720 1225 ﬁant;
1759 1158 2004 1216 victoriae
2034 1174 2155 1214 mo-

577 1255 709 1308 dum
749 1255 917 1309 rebus
961 1254 1095 1325 ipsis
1134 1262 1467 1321 monstrans,
1515 1250 1699 1306 aiebat
1727 1267 1741 1304 :
1766 1249 2153 1316 Haledicimur,

578 1354 626 1398 et
668 1345 1047 1409 bcnedicimus;
1084 1345 1497 1416 persecutionem
1537 1343 1792 1414 patimur,
1835 1350 1883 1395 et
1925 1342 2155 1395 sustine-

578 1452 727 1503 mus;
756 1436 1206 1507 blasphemamur,
1249 1442 1297 1489 et
1329 1436 1658 1491 obsecramus
1691 1449 1709 1488 :
1737 1442 1997 1504 tanquam
2035 1434 2156 1503 pia-

577 1524 697 1581 cula
748 1528 931 1581 mundi
985 1527 1113 1596 facti
1167 1542 1383 1592 sumus,
1439 1527 1674 1580 omnium
1724 1525 2155 1595 rejectamentum

575 1635 739 1690 usque
771 1619 829 1673 in
862 1621 997 1672 hunc
1035 1619 1171 1672 diem
1201 1619 1266 1672 ".
1303 1617 1439 1672 Nam
1480 1616 1756 1670 daemones
1787 1614 2034 1685 quidem,
2068 1615 2155 1670 id-

576 1712 726 1768 circo
755 1710 1046 1767 dicacitate
1087 1709 1363 1775 mordere,
1404 1708 1673 1764 conviciis
1712 1717 1923 1778 petere,
1968 1723 2156 1778 perse-

575 1804 671 1872 qui
707 1802 1032 1867 suadebant,
1063 1809 1124 1857 ut
1156 1801 1212 1855 in
1251 1800 1576 1866 mordentis,
1619 1798 1999 1865 conviciantis,
2030 1815 2158 1870 per-

574 1893 859 1963 sequentis
881 1892 1090 1959 odium,
1116 1892 1476 1963 apostolicum
1504 1899 1699 1962 pectus
1726 1890 2049 1957 incitarent;
2087 1904 2154 1947 eo

574 1985 835 2040 nimirum
866 1984 991 2052 line,
1029 1993 1088 2039 ut
1118 1983 1305 2040 violati
1349 1982 1662 2038 dilectionis
1707 1982 1952 2037 mandati
1996 1998 2157 2038 reum

574 2084 929 2147 peragerent;
973 2075 1263 2146 Apostolus
1311 2090 1445 2130 vero
1494 2090 1606 2144 quo
1654 2074 1876 2129 illorum
1926 2074 2159 2129 consilia

573 2176 887 2238 spectarent
928 2184 1038 2223 non
1086 2168 1365 2238 ignorans,
1407 2165 1709 2231 dicacibus,
1754 2165 2159 2221 benedictionis

575 2263 741 2317 verba
785 2261 1151 2332 rependebat;
1206 2268 1602 2331 persequentes
1641 2260 1984 2327 sustinebat;
2027 2276 2162 2316 eon-

574 2353 734 2409 viciis
761 2361 1010 2424 petentes
1058 2354 1417 2419 obsecrabat;
1449 2361 1510 2409 ut
1536 2352 1801 2409 nimirum
1830 2370 1862 2410 a
1889 2353 2159 2410 daemoni-

572 2444 698 2511 bus,
727 2446 822 2516 qui
869 2446 1058 2501 talium
1108 2454 1344 2511 actores,
1372 2454 1579 2513 essent,
1621 2462 1744 2503 sese
1773 2446 2157 2518 abjungerent,

574 2550 640 2591 ac
669 2551 797 2592 cum
827 2537 1218 2608 benignissimo
1259 2538 1372 2593 Deo
1403 2538 1867 2594 necessitudinem
1903 2538 2107 2611 inirent
2141 2557 2156 2593 :

575 2625 883 2697 horumque
917 2627 1229 2683 ineentores
1273 2628 1550 2684 daemones
1598 2629 1760 2685 luctze
1807 2629 1913 2684 hoc
1957 2644 2160 2699 genere

574 2717 890 2785 collidebat,
932 2720 1139 2775 malum
1178 2719 1236 2775 in
1275 2720 1423 2776 bono
1452 2721 1519 2787 ³⁸,
1550 2720 1850 2778 Salvatoris
1885 2723 2158 2792 exemplo,

574 2824 792 2880 semper
834 2810 1081 2866 vincens.
1113 2811 1285 2881 Inque
1328 2811 1477 2868 hunc
1518 2811 1741 2868 modum
1792 2813 1908 2883 ipse
1957 2813 2162 2883 pariter

574 2916 640 2956 ac
675 2902 873 2971 reliqui
918 2885 1152 2973 apostoli
1197 2911 1376 2957 totum
1427 2903 1698 2958 mundum
1744 2920 1777 2959 a
1819 2904 2161 2960 daemonibus

573 2994 917 3065 abjunctum,
961 2995 1075 3051 Deo
1108 2995 1508 3061 conciliarunt;
1558 3011 1660 3051 suo
1693 2995 1800 3066 ipsi
1847 3010 2046 3051 occasu
2094 3011 2160 3053 ac

573 3087 751 3151 clade,
782 3087 1003 3142 illorum
1028 3087 1290 3152 victores,
1309 3088 1404 3158 qui
1427 3097 1579 3144 certa
1604 3089 1712 3144 sibi
1740 3104 1837 3159 spe
1867 3089 2157 3145 victoriam

2254 604 2314 657 ἐν
2345 604 2412 674 τῇ
2449 599 2612 673 σαρκὶ
2642 595 2997 669 ἐνεργοῦντας
3031 592 3260 647 ὲπάλαιε
3293 590 3557 660 δαίμονας
3597 586 3695 639 διὰ
3739 584 3851 654 τῆς

2254 693 2538 757 ἀσθενείας
2585 690 2681 745 τοῦ
2733 689 2866 744 ίδίου
2924 687 3177 757 σώματος
3234 681 3430 744 αὐτοὺς
3475 675 3845 732 ἐπελαύνων·

2253 787 2394 858 πρὸς
2421 784 2479 839 δὲ
2504 783 2630 846 τοὺς
2660 782 2741 845 είς
2772 781 2929 851 μῖσος
2971 772 3364 845 πολεμοῦντας,
3394 770 3494 824 καὶ
3550 766 3648 822 διὰ
3678 766 3849 858 τοῦτο

2254 857 2382 943 τοὺς
2399 878 2509 932 τῶν
2538 872 2843 946 ἀνθρώπων
2868 866 3264 941 άμελεστέρους
3287 863 3432 920 κατά
3452 860 3566 915 τῶν
3589 857 3851 914 εὐσεόὤν

2254 971 2560 1034 κινοῦντας,
2592 969 2679 1022 ῐνα
2710 965 2779 1020 δι’
2825 961 3008 1017 αοτῶν
3042 956 3429 1030 πειραζόμενοι
3450 994 3468 1019 ,
3505 951 3715 1013 αὐτοὺς
3748 967 3847 1018 μι-

2257 1066 2484 1136 σήσωσι,
2508 1061 2603 1116 καὶ
2622 1059 2720 1130 τὴν
2752 1054 2972 1126 ἐντολὴν
3002 1052 3102 1123 τῆς
3123 1049 3343 1118 ἀγάπης
3363 1044 3660 1136 παραδῶσι
3685 1057 3716 1136 °_
3734 1040 3851 1093 πά-

2254 1131 2338 1208 λιν
2365 1152 2458 1206 τὸν
2483 1150 2685 1221 τρόπον
2711 1148 2812 1217 τῆς
2840 1145 2997 1212 νίκης
3020 1141 3206 1212 ἔργοις
3254 1139 3388 1209 ἡμῖν
3419 1131 3809 1189 ὑποδεικνύων
3827 1172 3845 1195 ,

2255 1244 2442 1313 ἔλεγεν
2464 1258 2478 1274 ·
2515 1237 2996 1307 Λοιδορούμενοι,
3012 1228 3413 1300 εὐλογοῦμεν·
3461 1223 3850 1293 διωκόμενοι,

2254 1335 2591 1404 ἀνεχόμεθα
2614 1344 2628 1359 ·
2695 1323 3263 1394 βλασφημούμενοι,
3325 1313 3810 1404 παρακαλοῦμεν
3832 1329 3846 1341 ·

2254 1401 2513 1490 ὡσπερεί
2537 1415 2882 1485 καθάρματα
2895 1411 3002 1466 τοῦ
3020 1411 3255 1477 κόσμου
3273 1404 3668 1476 ἐγενήθημεν,
3686 1401 3853 1453 πάν-

2253 1533 2375 1571 των
2392 1514 2703 1582 περίψημα
2731 1508 2844 1574 ἕως
2877 1505 3030 1575 ἄρτι.
3065 1502 3129 1556 Ol
3164 1500 3264 1572 μὲν
3293 1497 3404 1568 γάρ
3434 1497 3711 1566 δαίμονες,
3756 1492 3853 1546 διὰ

2255 1609 2412 1663 τοῦτο
2434 1605 2693 1678 λοιδορεῖν
2716 1601 2812 1655 καὶ
2840 1598 3181 1670 βλασφημεῖν
3210 1594 3306 1647 καὶ
3337 1591 3556 1645 διώκειν
3597 1587 3849 1642 ὑπέϐαλ-

2254 1702 2367 1765 λον,
2406 1700 2494 1753 ῐνα
2525 1697 2604 1761 είς
2627 1696 2783 1767 μῖσος
2808 1689 2904 1745 τοῦ
2928 1684 3293 1758 λοιδοροῦντος
3328 1682 3424 1737 καὶ
3449 1678 3852 1752 βλασφημοῦνο

2254 1810 2349 1856 τος
2376 1791 2472 1845 xal
2514 1787 2804 1849 διώκοντος
2852 1781 3016 1837 αὐτὸν
3064 1779 3362 1849 κινήσωσι·
3392 1776 3487 1828 τὸν
3523 1773 3734 1827 σκοπὸν
3762 1773 3849 1835 είς

2255 1883 2354 1954 τὴν
2404 1880 2719 1952 παράδασιν
2746 1877 2848 1946 τῆς
2876 1872 3096 1943 ἐντολῆς
3131 1871 3230 1942 τῆς
3252 1868 3475 1938 ἀγάπης
3497 1866 3741 1937 ἔχοντες.
3788 1866 3851 1919 '0

2254 1976 2314 2030 δὲ
2354 1970 2677 2034 Ἀπόστολος
2710 1967 2785 2039 μὴ
2823 1964 3033 2036 ἀγνοῶν
3078 1961 3149 2016 τά
3182 1960 3432 2030 νοήματα
3452 1957 3657 2020 αὐτῶν,
3710 1957 3852 2020 τοὺς

2257 2065 2635 2135 λοιδοροῦντας
2678 2058 2920 2131 ηὐλόγει,
2951 2055 3049 2110 καὶ
3078 2053 3187 2106 τῶν
3227 2050 3533 2105 διωκόντων
3563 2048 3848 2119 ἠνείχετο,

2257 2157 2504 2219 καὶτοὺς
2534 2149 2990 2226 βλασφημοῦντας
3041 2143 3362 2216 παρεκάλει,
3392 2141 3503 2197 τῶν
3535 2140 3636 2211 μὲν
3662 2138 3852 2194 ταῦτα

2258 2246 2625 2319 ἐνεργούντων
2662 2234 2970 2310 ἀποστῆναι
3009 2234 3301 2306 δαιμόνων,
3350 2230 3427 2301 τῷ
3455 2230 3513 2283 δὲ
3541 2227 3742 2319 ἀγαθῷ
3768 2228 3855 2281 οι-

2258 2317 2552 2404 κειωθῆναι
2569 2329 2709 2401 Θεῷ·
2734 2328 2864 2391 τοὺς
2893 2326 2950 2379 δὲ
2971 2322 3149 2378 ταῦτα
3175 2319 3532 2395 ἐνεργοῦντας
3551 2317 3853 2387 δαίμονας,

2257 2427 2435 2498 τούτῳ
2462 2423 2540 2495 τῷ
2571 2422 2759 2493 τρόπῳ
2796 2420 2896 2490 τῆς
2926 2417 3105 2486 πάλης
3139 2415 3396 2485 ἠμύνετο,
3425 2412 3485 2465 ὲν
3532 2411 3612 2482 τῷ
3648 2411 3856 2481 ἀγαθῷ

2257 2521 2348 2575 ἀεὶ⁵
2381 2519 2547 2574 νικῶν
2578 2516 2638 2570 τὸ
2666 2514 2857 2579 κακὸν,
2883 2511 3025 2565 κατά
3056 2510 3154 2580 τὴν
3186 2509 3416 2580 μίμησιν
3437 2506 3531 2561 τοῦ
3557 2504 3851 2577 Σωτῆρος,

2259 2613 2355 2667 καὶ
2381 2611 2552 2673 οὕτως
2575 2608 2697 2662 ὅλον
2726 2605 2817 2658 τὸν
2842 2603 3044 2673 κόσμον
3065 2600 3174 2655 τῶν
3196 2598 3467 2669 δαιμόνων
3493 2597 3855 2666 ἀποστήσανσ

2259 2723 2351 2769 τες
2380 2703 2458 2775 τῷ
2489 2700 2608 2772 Θεῷ
2636 2697 2939 2771 ᾠκείωσαν,
2983 2692 3145 2756 αὑτός
3182 2708 3242 2745 τε
3272 2690 3370 2744 καὶ
3396 2690 3446 2741 οἱ
3478 2688 3658 2742 λοιποὶ
3708 2688 3855 2741 ἀπό·

2263 2799 2463 2862 στολοι,
2494 2793 2581 2848 διὰ
2612 2793 2783 2863 ἣττης
2807 2791 3131 2859 νικήσαντες
3167 2786 3293 2849 τοὺς
3312 2784 3484 2853 Ὺικᾷν
3509 2781 3856 2844 ἐλπίσαντας

2260 2890 2361 2963 [αι.
2398 2888 2491 2942 καὶ
2537 2885 2934 2956 κρατήσαντες,
2966 2879 3095 2941 τοὺς
3125 2877 3350 2947 κρατεῖν
3382 2874 3505 2927 ὲλπ.
3536 2870 3645 2963 _Fr.
3686 2875 3853 2943 νική-

2262 2961 2478 3045 σαντες,
2511 2978 2639 3040 τοὺς
2684 2976 2910 3047 κρατεῖν
2962 2967 3292 3040 ὲθέλοντας].
3350 2967 3477 3019 Ἐὰν
3500 2961 3598 3019 οῦν
3625 2966 3730 3018 καί
3758 2966 3854 3031 σὺ,

2271 3071 2524 3141 Ἀδελφὲ,
2559 3068 2746 3122 τοῦτον
2791 3064 3072 3136 κρατήσῃς
3107 3061 3200 3116 τὸν
3243 3059 3466 3124 σκοπὸν,
3496 3055 3731 3112 δύνασαι
3754 3059 3855 3111 καὶ

573 3147 968 3231 ariolabantur.
1002 3177 1146 3248 Ergo
1174 3185 1231 3232 tu
1260 3147 1502 3248 quoque,
1532 3178 1727 3247 frater,
1758 3147 1905 3236 bunc
1930 3197 2154 3252 scopum

2263 3165 2326 3217 σὺ
2359 3164 2485 3226 τοὺς
2523 3157 2810 3232 μισοῦντας
2833 3155 3083 3225 ἀγαπᾷν·
3115 3153 3164 3206 εἰ
3184 3151 3241 3205 δὲ
3273 3151 3346 3222 μή
3376 3165 3462 3218 γε,
3493 3147 3673 3211 άλλως
3700 3148 3855 3219 ἀμὴ-

573 3269 620 3323 si
662 3269 928 3334 tenueris,
977 3270 1184 3338 poteris
1213 3278 1270 3324 et
1305 3269 1421 3339 ipse
1456 3270 1710 3327 inimicos
1754 3271 2017 3344 diligere;
2065 3273 2154 3331 sin

573 3367 758 3415 autem
798 3375 928 3426 non,
956 3361 1107 3415 nulla
1140 3360 1196 3416 id
1225 3360 1437 3416 ratione
1465 3371 1726 3432 praestare
1754 3364 1983 3434 poteris.

645 3451 732 3507 l6.
772 3448 973 3521 Aitque
1015 3452 1187 3507 frater
1214 3469 1226 3505 :
1255 3451 1346 3508 Sic
1378 3468 1573 3508 revera
1605 3464 1711 3521 est,
1740 3455 1924 3522 Pater,
1957 3466 2014 3513 et
2042 3471 2154 3512 non

574 3544 755 3607 aliter,
780 3557 845 3598 ac
870 3543 1088 3598 locutus
1110 3558 1171 3598 es
1196 3559 1211 3598 :
1236 3558 1467 3613 eamque
1491 3545 1563 3600 ob
1587 3561 1703 3600 rem
1737 3547 2002 3603 Dominus
2027 3563 2155 3603 cum

573 3652 606 3692 a
630 3634 835 3692 Iudaeis
864 3634 1173 3691 maledictis
1212 3643 1514 3705 peteretur,
1551 3638 1799 3708 colaphis
1823 3639 2152 3708 caederetur,

573 3732 740 3794 atque
781 3726 888 3780 alia
919 3725 989 3780 ab
1021 3725 1105 3780 eis
1140 3734 1444 3796 pateretur,
1483 3728 1808 3795 sustinebat,
1846 3730 2154 3787 miseratio-

573 3816 664 3873 nis
689 3816 888 3873 aﬂ‘ectu
926 3816 981 3872 in
1013 3831 1110 3872 eos
1142 3825 1344 3883 motus,
1375 3818 1528 3873 velut
1550 3819 1646 3889 qui
1674 3820 2053 3891 imprudentes
2077 3822 2157 3879 fa-

573 3919 763 3964 cerent
804 3924 869 3965 ac
892 3924 1082 3965 errore
1112 3910 1323 3966 seducti
1368 3919 1574 3966 essent.
1611 3911 1768 3967 Unde
1809 3922 1867 3967 et
1900 3913 1959 3969 in
1989 3930 2155 3972 cruce

573 4001 793 4059 dicebat
825 4020 839 4056 :
871 4001 1055 4068 Pater,
1084 4003 1288 4058 dimitte
1312 4004 1419 4059 illis
1438 4045 1453 4070 ,
1484 4006 1611 4076 quia
1645 4006 1881 4060 nesciunt
1916 4008 2045 4077 quid
2069 4008 2153 4078 fa-

573 4094 718 4148 ciunt
752 4095 797 4128 ³⁷
834 4111 848 4149 :
895 4093 1058 4166 375
1088 4094 1295 4151 diaboli
1343 4103 1528 4151 autem
1576 4105 1633 4152 et
1677 4096 1992 4167 principum
2035 4099 2157 4169 ejus

574 4187 921 4243 vaferrimam
965 4197 1205 4245 mentem
1248 4188 1610 4260 fraudemque
1649 4188 1707 4243 in
1754 4203 1919 4244 cruce
1957 4188 2155 4243 trium-

573 4281 784 4350 phans;
810 4295 912 4351 pro
937 4280 1249 4337 dilectionis
1277 4281 1559 4348 mandato,
1588 4280 1895 4347 utidixisti,
1919 4280 1987 4334 ad
2011 4295 2158 4335 mor-

575 4378 686 4426 tem
713 4387 888 4441 usque
913 4373 1178 4428 adversus
1204 4373 1328 4428 illos
1349 4380 1588 4439 certans,
1608 4371 1879 4441 nobisque
1907 4370 2156 4425 tribuens

575 4463 645 4518 de
665 4464 776 4519 illis
796 4463 1102 4529 victoriam,
1120 4479 1185 4520 ac
1208 4465 1403 4522 mortis
1420 4465 1707 4521 destructo
1726 4462 1981 4534 imperio,
1998 4477 2154 4518 suam

2260 3272 2443 3327 χανον.

2334 3431 2431 3498 ις’.
2455 3429 2568 3484 Kal
2585 3430 2613 3482 ὁ
2636 3423 2863 3493 ἀδελφὸς
2883 3420 3055 3477 εἶπεν·
3085 3420 3202 3475 Ἐπ’
3226 3418 3502 3490 ἀληθείας,
3528 3415 3743 3487 Πάτερ,
3762 3417 3849 3471 οὖ.

2260 3542 2369 3588 τως
2390 3523 2507 3577 ἐστὶ
2530 3520 2625 3574 καὶ
2642 3520 2742 3573 οὐκ
2765 3515 2968 3578 άλλως·
2998 3514 3090 3568 καὶ
3110 3512 3199 3566 διὰ
3220 3510 3380 3566 τοῦτο
3400 3511 3429 3562 ό
3452 3509 3659 3580 Κύριος
3681 3509 3854 3578 βλασ-

2262 3633 2337 3686 φη
2346 3615 2613 3686 μούμενος
2637 3610 2733 3664 καὶ
2762 3606 3207 3677 κολαφιζόμενος,
3234 3604 3331 3658 καὶ
3351 3602 3419 3656 τά
3435 3601 3568 3656 ἀλλα
3590 3601 3850 3672 πάσχων,

2262 3707 2405 3777 άπερ
2434 3702 2636 3758 ἔπαθεν
2684 3700 2789 3754 ὑπὸ
2816 3698 2925 3752 τῶν
2982 3694 3269 3759 Ἰουδαίων,
3308 3694 3575 3765 ⁴ἠνείχετο,
3612 3692 3853 3756 ἐκείνοις

2265 3798 2367 3869 μὲν
2401 3795 2741 3867 συμπάσχων
2776 3792 2853 3855 ὡς
2903 3787 3159 3859 ἀγνοοῦσι
3213 3788 3309 3840 xal
3358 3785 3806 3856 πεπλανημένοις
3833 3802 3851 3815 ·

2261 3891 2345 3945 διὸ
2371 3891 2465 3944 καὶ
2493 3888 2679 3957 ἔλεγεν
2700 3885 2793 3939 ἐπὶ
2809 3881 2905 3938 τοῦ
2929 3880 3182 3954 σταυροῦ·
3204 3879 3419 3948 Πάτερ,
3439 3878 3587 3948 ἄφες
3611 3877 3846 3946 αὐτοῖς,

2260 3985 2343 4039 ὅτι
2375 3983 2476 4037 οὐκ
2509 3979 2608 4052 [αι.
2646 3978 2708 4032 ού
2743 3974 2874 4048 γάρ]
2926 3973 3103 4028 οἴδασι
3152 3973 3205 4026 τί
3232 3969 3445 4025 ποιοῦσι
3467 3985 3484 3999 ·
3508 3968 3605 4022 τοῦ
3637 3968 3697 4022 δὲ
3729 3969 3848 4022 δια-

2262 4076 2419 4130 ϐόλου
2445 4074 2537 4128 καὶ
2567 4071 2676 4126 τῶν
2701 4068 2978 4140 ἀρχόντων
3009 4062 3177 4119 αὐτοῦ
3199 4060 3548 4134 θριαμϐεύων
3575 4060 3677 4131 τὴν
3709 4077 3848 4113 παν-

2261 4164 2486 4240 ουργίαν
2512 4163 2604 4218 καὶ
2630 4162 2728 4233 τὴν
2757 4159 2976 4230 ἀπάτην
3004 4158 3098 4211 ἐπὶ
3121 4156 3216 4211 τοῦ
3262 4154 3495 4226 σταυροῦ
3517 4169 3530 4182 ·
3562 4153 3708 4224 ὑπὲρ
3744 4152 3846 4221 τῆς

2261 4260 2482 4330 ὲντολῆς
2534 4258 2635 4328 τῆς
2686 4255 2929 4324 ἀγάπης,
2963 4251 3143 4315 καθὼς
3183 4244 3363 4313 εἴπας,
3395 4247 3561 4318 μέχρι
3610 4245 3847 4299 Θανάτου

2264 4351 2402 4424 πρὸς
2426 4350 2624 4412 αὐτοὺς
2646 4344 3076 4415 ἀγωνισάμενος,
3101 4342 3196 4396 καὶ
3215 4341 3313 4412 τὴν
3336 4339 3459 4394 κατ’
3482 4337 3666 4392 αὐτῶν
3690 4339 3848 4407 νίκην

2262 4445 2394 4515 ἡμῖν
2444 4439 2841 4512 χαρισάμενος·
2879 4435 2975 4488 καὶ
3022 4431 3116 4486 τοῦ
3161 4431 3392 4485 θανάτου
3443 4428 3762 4491 καταλύσας
3788 4428 3849 4483 τὸ

578 4551 634 4606 in
682 4553 810 4608 vitae
860 4569 1063 4609 munus
1107 4556 1571 4611 resurrectionem
1620 4554 1846 4610 donavit
1898 4546 2156 4608 universo

2262 4534 2484 4606 κράτος,
2517 4531 2618 4602 τὴν
2638 4530 2934 4584 ἀνάστασιν
2957 4523 3122 4579 αὐτοῦ
3162 4523 3244 4585 είς
3273 4521 3419 4592 ζωὴν
3451 4520 3617 4574 παντὶ
3645 4519 3728 4589 τῷ
3757 4519 3847 4572 κό-

578 4641 804 4696 mundo.
838 4642 1041 4697 Verum
1076 4658 1173 4698 ora
1201 4659 1302 4714 pro
1323 4660 1431 4708 me,
1464 4645 1649 4708 Pater,
1682 4653 1745 4698 ut
1769 4642 2011 4713 perfecte
2042 4644 2153 4699 Do—

2265 4645 2389 4698 σμῳ
2420 4624 2754 4695 ἐδωρήσατο.
2772 4618 2915 4673 Ἀλλ’
2953 4617 3113 4689 εὔχου
3140 4615 3283 4685 ὑπὲρ
3320 4612 3482 4683 ἐμοῦ,
3513 4609 3848 4714 Ιξάτερ,,ῖνα

576 4731 714 4785 mini
758 4745 983 4801 scopum
1017 4733 1248 4803 ejusque
1283 4735 1658 4805 apostolorum
1703 4735 2013 4807 intelligere
2057 4752 2155 4793 va-

574 4821 753 4887 leam;
784 4822 1098 4892 possimque
1130 4823 1281 4895 vigili
1313 4839 1377 4880 ac
1404 4824 1593 4880 sobrio
1630 4841 1753 4881 esse
1790 4827 1997 4893 animo,
2027 4811 2155 4883 eum

576 4913 913 4969 tentationes
940 4915 1273 4985 appetierint
1295 4957 1309 4982 ,
1334 4932 1440 4973 nec
1474 4917 1676 4973 diaboli
1701 4918 1929 4990 ejusque
1955 4919 2157 4976 dmino-

574 5020 708 5060 num
739 5007 956 5061 nescire
990 5006 1241 5062 consilia.

651 5098 734 5153 l7.
768 5098 1070 5169 Respondit
1092 5114 1261 5154 senex
1287 5117 1300 5153 :
1334 5099 1391 5155 Si
1411 5115 1475 5155 ea
1498 5115 1620 5171 quae
1643 5099 1789 5157 dicta
1817 5109 1947 5158 sunt
1973 5108 2155 5157 tecum

574 5187 760 5243 animo
786 5188 987 5259 jugiter
1028 5190 1256 5255 recolas,
1298 5189 1507 5259 poteris
1538 5205 1645 5245 non
1679 5188 1937 5245 nescire:
1969 5187 2066 5243 sed
2100 5196 2157 5243 et

576 5282 621 5336 si
654 5282 945 5352 intelligas,
988 5297 1096 5353 qua
1128 5282 1244 5353 ipse
1287 5283 1501 5338 ratione
1533 5283 1780 5348 tentaris,
1827 5297 1891 5337 ea
1934 5295 2156 5350 quoque

578 5372 778 5427 tentari
823 5373 1046 5428 fratrem
1090 5384 1281 5440 tuum;
1313 5381 1480 5444 atque
1523 5373 1576 5427 ei
1611 5373 1834 5443 quidem
1883 5373 2159 5443 ignoscas,

579 5464 674 5532 qui
714 5472 958 5518 tentetur
984 5482 998 5518 :
1025 5467 1283 5520 tentatori
1311 5474 1516 5529 autem,
1539 5465 1635 5534 qui
1670 5466 1727 5519 in
1759 5466 1880 5533 ejus
1909 5463 2004 5534 qui
2036 5472 2159 5519 ten-

581 5561 729 5607 tatur
771 5554 957 5608 odium
990 5556 1296 5624 propellere
1338 5556 1476 5621 vult,
1518 5556 1760 5620 resistas,
1803 5571 1907 5609 nec
1936 5554 2163 5608 fraudu-

582 5641 734 5698 lento
772 5647 893 5716 ejus
918 5646 1150 5701 consilio
1191 5663 1401 5703 morem
1435 5647 1671 5717 gesseris
1733 5647 1847 5702 lloe
1888 5646 2035 5702 enim
2075 5652 2162 5700 est

2256 4713 2474 4776 τελείως
2505 4709 2774 4778 ὲξισχύσω
2826 4707 3030 4778 γνῶναι
3079 4706 3173 4758 τὸν
3212 4703 3419 4756 σκοπὸν
3465 4700 3563 4755 τοῦ
3609 4699 3844 4770 Κυρίου,

2256 4808 2352 4861 καὶ
2401 4804 2510 4858 τῶν
2555 4801 2866 4857 ἀποστόλων
2926 4797 3127 4852 αὐτοῦ·
3160 4796 3257 4851 καὶ
3299 4793 3517 4864 δυνηθῶ
3552 4794 3752 4863 νήφειν
3790 4794 3849 4846 ὲν

2255 4901 2367 4962 τοῖς
2390 4897 2603 4968 καιροῖς
2628 4894 2736 4947 τῶν
2770 4890 3115 4964 πειρασμῶν,
3148 4887 3243 4942 καὶ
3273 4886 3349 4957 μὴ
3380 4887 3600 4954 ἀγνοεῖν
3627 4886 3702 4939 τά
3724 4887 3849 4957 νοή-

2260 5006 2409 5062 ματα
2436 4986 2532 5041 τοῦ
2562 4984 2812 5039 διαϐόλου
2848 4982 2944 5036 καὶ
2972 4980 3080 5034 τῶν
3108 4977 3384 5050 δαιμόνων
3418 4976 3607 5031 αὐτοῦ.

2331 5096 2415 5161 ιζ’.
2447 5093 2558 5147 Kal
2577 5094 2605 5146 ὁ
2631 5091 2808 5162 γέρων
2831 5085 3171 5157 ἀποκριθεὶς,
3203 5078 3378 5137 εἶπεν·
3420 5081 3545 5135 Ἐάν
3566 5082 3683 5134 τῶν
3713 5097 3850 5150 προσ

2257 5183 2561 5256 ειρημένων
2586 5182 2731 5253 ἔχεις
2756 5181 2846 5234 ἀεὶ
2866 5179 2967 5248 τὴν
2986 5175 3236 5248 μελέτην,
3253 5173 3484 5227 δύνασαι
3503 5172 3581 5243 μὴ
3605 5173 3849 5241 ἀγνοεῖν.

2266 5275 2429 5329 ’Λλλά
2460 5274 2557 5328 καὶ
2583 5274 2679 5327 ὲάν
2712 5272 2920 5340 συνιῇς,
2955 5270 3036 5322 ὅτι
3062 5265 3251 5336 ὥσπερ
3279 5264 3345 5316 σὺ
3374 5262 3639 5334 πειράζῃ,
3674 5261 3852 5324 οὕτως

2253 5367 2351 5421 καὶ
2379 5368 2408 5421 ό
2434 5364 2660 5433 ἀδελφός
2694 5379 2789 5417 σου
2814 5356 3167 5431 πειράζεται·
3205 5356 3300 5409 xal
3332 5353 3412 5424 τῷ
3456 5353 3559 5424 μὲν
3584 5350 3852 5421 πειραζο-

2259 5461 2405 5531 μένῳ
2436 5457 2857 5527 συγγινώσκεις,
2893 5452 2972 5520 τῷ
3002 5449 3060 5503 δὲ
3088 5448 3407 5519 πειράζοντι
3436 5445 3648 5499 θέλοντί
3682 5462 3743 5498 σε
3769 5444 3855 5507 είς

2259 5555 2414 5623 μῖσος
2442 5552 2668 5620 ἀγαγεῖν
2710 5545 2805 5603 τοῦ
2844 5539 3244 5613 πειραζομένου
3300 5540 3588 5607 ἀντιστῇς,
3629 5536 3711 5608 μὴ
3743 5537 3852 5589 ὑπ-

2256 5642 2471 5697 ακούων
2523 5639 2690 5696 αὐτοῦ
2741 5638 2820 5710 τῷ
2861 5636 3235 5709 μηχανήματι.
3272 5630 3388 5686 Kal
3428 5628 3593 5684 τοῦτό
3640 5623 3852 5683 ἐστινό

657 5819 701 5849 ³³⁵
736 5818 910 5873 lCor.
946 5836 1016 5887 l\',
1060 5822 1139 5889 l‘2,
1176 5823 1257 5875 l5.
1347 5824 1389 5854 3“
1427 5824 1582 5877 Bonl.
1628 5838 1719 5890 xu,
1751 5823 1837 5875 9.1.
1920 5822 1960 5853 ³⁷
1992 5821 2123 5876 Luc.
2161 5837 2305 5889 x1111,
2338 5820 2424 5875 54.
