4084 6332
168 435 314 500 925
1503 435 1738 497 LIBER
1773 414 2206 500 ASCETICUS.
3384 438 3492 502 926

161 550 357 619 λέγει
404 550 433 605 6
475 545 793 617 ἀδελφόθεος
855 545 1111 612 Ἰάκωϐος
1151 547 1213 602 ὲν
1268 549 1388 613 ταῖς
1420 549 1788 615 Καθολικαῖς·

1914 552 2043 624 μιοιι
2076 552 2314 609 Iacobus
2339 552 2437 608 Det
2478 550 2649 609 frater
2680 550 2757 606 ait
2792 549 2850 604 in
2882 547 3186 604 Catholicis
3224 563 3242 605 :
3279 547 3486 604 Subditi

181 641 591 711 ’Υποτάγητε
640 638 722 705 τῷ
767 638 917 705 Θεῷο
945 640 1269 706 ἀντίστητε
1291 639 1360 694 δὲ
1392 639 1475 707 τῷ
1511 641 1790 709 διαϐόλῳ,

1914 652 2059 699 estote
2082 644 2223 709 Deo;
2244 644 2470 698 resistite
2493 653 2671 698 autem
2694 640 2924 707 diabolo,
2952 647 3001 696 et
3028 640 3192 711 fugiet
3212 657 3243 694 a
3265 640 3403 695 vobis
3426 640 3490 676 ³⁸⁸·

168 733 293 788 καὶ
330 733 618 804 φεύξεται
644 731 745 802 ἀφ’
768 731 958 801 ὑμῶν.
1000 731 1126 787 Ἐὰν
1161 726 1267 795 δῦν,
1293 732 1369 796 ὡς
1392 732 1625 805 εἴρηται,
1652 732 1794 803 ἔχεις

169 825 488 897 νηφόντως
516 824 614 897 τὴν
638 823 746 877 τῶν
778 831 1197 895 προειρημένων
1235 824 1598 888 ἀδιαλείπτως
1635 824 1794 896 μελέ-

172 933 324 986 την,
356 916 580 970 δύνασαι
612 913 814 984 γνῶναι
841 913 932 969 τὸν
956 913 1158 968 σκοπὸν
1176 913 1272 967 τοῦ
1307 914 1539 986 Κυρίου,
1572 913 1795 969 καὶτῶν

173 1009 526 1066 ἀποστόλων
546 1006 710 1063 αὐτοῦ
732 1023 746 1037 ο
777 1005 871 1060 καὶ
899 1006 1027 1069 τοὺς
1057 1005 1157 1076 μὲν
1189 1003 1522 1077 ἀνθρώπους
1549 1004 1791 1077 ἀγαπᾷν,

176 1102 297 1154 καὶ
340 1101 686 1172 συμπάσχειν
741 1100 927 1163 αὐτοῖς
956 1097 1209 1151 πταίουσι
1231 1114 1246 1130 ο
1288 1098 1403 1161 τοῖς
1431 1097 1490 1152 δὲ
1536 1100 1796 1168 πονηροῖς

175 1194 461 1264 δαίμοσιν
483 1192 847 1254 ἀδιαλείπτως
875 1189 964 1244 διὰ
987 1190 1085 1262 τῆς
1110 1188 1333 1261 ἀγάπης
1355 1189 1631 1261 πολεμεῖν.
1652 1188 1716 1243 Εί
1736 1189 1797 1243 δὲ

181 1286 378 1356 ἐσμὲν
402 1283 591 1356 χαῦνοι
621 1283 715 1337 καὶ
737 1282 960 1353 ἀμελεῖς
987 1282 1080 1336 καὶ
1109 1281 1364 1355 ρᾴθυμοι,
1392 1282 1637 1353 καὶδταῖς
1664 1299 1797 1354 σαρ-

1899 735 2184 806 Siquidem
2212 735 2402 806 igitur,
2438 735 2519 790 uti
2562 734 2772 791 dictum
2803 742 2908 801 est,
2940 748 3133 789 eorum
3179 747 3302 802 qua:
3344 731 3495 787 dicta

1897 837 2030 884 sunt
2057 827 2379 884 memoriam
2407 828 2661 899 pervigili
2694 828 2878 882 animo
2903 827 3091 899 jugem
3122 833 3304 880 tecum
3346 824 3496 894 cogi-

1901 920 2274 993 tationemque
2296 919 2580 989 habueris,
2604 918 2821 974 Domini
2849 933 3079 989 scopum
3102 917 3333 988 ejusque
3358 931 3492 985 apo-

1899 1012 2168 1067 stolorum
2207 1016 2371 1066 nosse
2413 1010 2654 1081 poteris;
2691 1025 2756 1065 ac
2796 1009 3052 1064 homines
3094 1007 3320 1079 quidem
3363 1006 3492 1060 dili-

1898 1120 2063 1176 gere,
2114 1119 2420 1174 eorumque
2453 1101 2677 1158 offensae
2720 1103 3010 1168 misereri,
3060 1101 3338 1170 simulque
3361 1114 3494 1154 vero

1898 1196 2178 1253 daemones
2199 1194 2489 1252 eharitatis
2519 1202 2658 1249 nutu
2686 1196 2891 1266 jugiter
2917 1195 3240 1265 impugnare
3277 1190 3490 1246 licebit.

1898 1287 1995 1343 Sin
2024 1294 2207 1342 autem
2245 1286 2438 1342 molles
2465 1301 2529 1341 ac
2559 1286 2898 1357 negligentes
2926 1298 3233 1355 segnesque
3267 1297 3480 1343 sumus.

182 1379 398 1440 κικαῖς
423 1375 640 1445 ἡδοναῖς
672 1375 763 1427 τὸν
796 1374 1056 1443 λογισμὸν
1100 1373 1423 1446 ὲμφύρομεν
1444 1413 1460 1438 ,
1510 1374 1634 1444 οὐχὶ
1670 1374 1798 1437 τοὺς

182 1470 493 1542 δαίμονας,
514 1466 630 1524 ἀλλ’
658 1468 885 1531 ἑαυτοὺς
928 1467 1023 1520 καὶ
1064 1465 1191 1529 τοὺς
1228 1465 1494 1535 ἀδελφοὺς
1530 1464 1799 1536 πολεμοῦ-

191 1577 317 1633 μεν
337 1575 352 1591 ’
406 1561 535 1624 τοὺς
561 1560 619 1613 δὲ
658 1557 920 1629 δαίμονας
961 1557 1163 1628 μᾶλλον
1191 1558 1259 1612 δι’
1281 1557 1462 1613 αὐτῶν
1500 1555 1800 1629 θεραπεῦο-

195 1672 339 1725 μεν,
371 1653 510 1724 ὑπὲρ
542 1652 722 1706 αὐτῶν
749 1654 862 1715 τοῖς
890 1651 1202 1721 ἀνθρώποις
1232 1650 1556 1724 μαχόμενοι.

284 1752 379 1817 ιη’.
406 1746 514 1800 Καὶ
534 1748 563 1799 6
593 1744 820 1815 ἀδελφὸς
847 1739 1004 1799 εἷπεν
1028 1761 1043 1777 ⁸
1080 1743 1268 1809 Οὕτως
1294 1744 1432 1816 ἔχει,
1455 1741 1642 1816 Πάτερ
1666 1760 1682 1777 ·
1704 1744 1799 1799 καὶ

1899 1379 2325 1451 carnalibusque
2370 1379 2747 1451 voluptatibus
2791 1377 3038 1432 animum
3088 1375 3488 1445 immergimus,

1898 1484 2011 1525 non
2036 1470 2149 1541 jam
2183 1467 2461 1525 daemones
2481 1510 2496 1536 ,
2533 1469 2630 1524 sed
2678 1464 2805 1539 ipsi'
2832 1482 2933 1522 nos
2975 1466 3284 1536 fratresque
3313 1464 3492 1534 impu-

1899 1577 2132 1635 gnamus
2158 1580 2172 1616 :
2199 1570 2362 1633 atque
2385 1560 2476 1618 his
2501 1561 2677 1632 magis
2698 1560 2934 1616 colimus
2956 1557 3254 1622 daemones,
3280 1556 3337 1610 in
3359 1569 3496 1625 quo-

1901 1667 2025 1707 rum
2057 1652 2288 1723 gratiam
2324 1651 2380 1705 in
2409 1650 2665 1705 homines
2695 1662 3029 1719 grassamus.

1974 1742 2061 1797 18.
2090 1740 2182 1796 Αἰι
2205 1740 2377 1796 frater
2406 1758 2420 1794 :
2445 1739 2525 1795 Ita
2549 1755 2609 1794 se
2637 1738 2753 1794 fere
2779 1752 2870 1793 res
2894 1736 3084 1802 habet,
3111 1734 3275 1790 Pater
3302 1749 3315 1785 :
3341 1745 3492 1786 sem-

197 1840 326 1911 γὰρ
354 1840 418 1892 ὲκ
436 1838 537 1908 τῆς
563 1837 824 1907 ἀμελείας
854 1854 958 1907 μου
993 1836 1081 1890 ἀεὶ
1133 1836 1503 1908 λαμϐάνουσιν
1547 1834 1804 1906 ἀφορμὰς

1914 1849 2005 1905 per
2036 1833 2186 1888 enim
2233 1848 2302 1887 ex
2346 1847 2468 1886 mea
2508 1829 2839 1902 negligentia
2873 1828 3153 1884 daemones
3201 1822 3496 1880 adversum

202 1903 341 1984 παῖδ’
375 1903 511 2006 ἐμοῦ
545 1903 881 1999 οίνδαίμονες
908 1944 923 1959 ·
971 1928 1112 1983 ἀλλά
1146 1903 1455 2000 παρακαλῶ
1486 1945 1568 1991 σε,
1597 1903 1802 2000 Πάτερ,

1914 1903 1997 1978 me
2024 1929 2253 1977 sumunt
2272 1921 2610 1978 occasiones.
2635 1920 2743 1976 Sed
2767 1919 2964 1975 amabo
2990 1926 3064 1983 te,
3088 1917 3284 1981 dicito,
3306 1916 3494 1980 Pater,

203 2020 394 2073 εἰπεῖν
428 2035 541 2091 μοι,
582 2017 701 2083 πῶς
728 2018 930 2088 ὀφείλω
970 2018 1281 2090 κτήσασθαι
1324 2018 1508 2089 νῆψιν.
1553 2018 1664 2072 Καὶ
1703 2019 1845 2094 ἀπο,

204 2109 413 2182 εκρίθη
436 2110 465 2163 6
487 2109 689 2182 γέρωνο
723 2110 791 2163 Ἡ
816 2110 1087 2180 παντελὴς
1108 2109 1217 2165 τῶν
1246 2112 1454 2182 γηΐνων
1482 2110 1808 2182 ἀμεριμνία,

207 2202 317 2258 καὶ
348 2205 382 2273 ἡ
412 2201 643 2272 συνεχὴς
681 2199 806 2273 [ΡΤ.
836 2202 1072 2273 alterque
1106 2199 1186 2256 Μ.
1237 2201 1429 2275 συχνὴ]
1482 2202 1681 2274 μελέτη
1710 2202 1811 2273 τῆς

212 2294 372 2360 θείας
413 2295 639 2365 Γραφῆς
676 2294 835 2365 φέρει
866 2292 962 2366 τὴν
1006 2293 1183 2365 ψυχὴν
1213 2294 1294 2358 είς
1325 2294 1489 2362 φόϐον
1516 2294 1684 2348 Θεοῦ’
1718 2294 1811 2349 καὶ

212 2388 249 2440 6
278 2386 374 2441 τοῦ
417 2385 553 2440 Θεοῦ
584 2385 746 2455 φόϐος
786 2384 941 2457 φέρει
977 2386 1077 2457 τὴν
1111 2385 1274 2456 νῆψιν
1295 2403 1309 2418 ο
1335 2387 1429 2440 καὶ
1454 2386 1575 2440 τότε
1603 2390 1635 2457 ἡ
1666 2384 1814 2457 ψυχὴ

221 2474 454 2548 ἄρχεται
477 2475 705 2546 βλέπειν
732 2474 859 2538 τοὺς
881 2474 966 2529 διὰ
989 2475 1096 2529 τῶν
1123 2474 1401 2545 λογισμῶν
1440 2472 1813 2545 πολεμοῦντας

223 2566 399 2638 αὐτὴν
451 2566 730 2637 δαίμονας,
786 2565 879 2619 καὶ
933 2566 1280 2637 ἀμύνασθαι·
1317 2566 1444 2635 περὶ
1488 2558 1562 2619 ὧν
1592 2567 1621 2620 6
1650 2565 1814 2618 Δαϐὶδ

224 2659 454 2729 ἔλεγεν·
512 2658 622 2714 Kal
671 2659 910 2713 ἐπεῖδεν
968 2661 1001 2713 ὁ
1053 2659 1365 2729 ὀφθαλμός
1412 2676 1533 2729 μου
1575 2657 1647 2712 ἐν
1690 2656 1815 2723 τοῖς

222 2749 466 2820 ἐχθροῖς
501 2765 641 2818 μου.
675 2747 819 2821 Πρὸς
852 2747 1059 2820 ταύτην
1108 2749 1208 2819 τὴν
1242 2750 1420 2820 πάλην
1452 2748 1543 2804 καὶ
1587 2750 1616 2803 6
1648 2765 1816 2818 κορυ-

224 2841 393 2908 φαῖος
416 2838 524 2892 τῶν
560 2837 876 2892 ἀποστόλων
904 2839 1109 2909 Πέτρος
1139 2837 1424 2909 διεγείρων
1468 2839 1597 2901 τοὺς
1641 2836 1817 2908 μαθη-

221 2928 349 2995 τὰς,
380 2928 570 2997 ἐλεγεο
599 2928 868 2997 Νήψατε,
904 2927 1336 2998 γρηγορήσατε,
1372 2927 1464 2982 ὅτι
1515 2930 1549 2982 ὀ
1589 2926 1815 2982 ἀντίδι-

223 3037 340 3085 κος
372 3016 542 3088 ὑμῶν
569 3017 875 3085 διάϐολος,
909 3019 989 3084 ὡς
1016 3019 1175 3073 λέων
1200 3018 1542 3088 ὠρυόμενυς
1570 3033 1818 3086 περιπα-

222 3109 337 3173 τεῖ,
364 3110 554 3178 ζητῶν
615 3111 750 3165 τίνα
779 3111 1074 3179 καταπίῃ·
1116 3104 1166 3180 ᾧ
1194 3111 1521 3180 ἀντίστητε
1571 3110 1809 3179 στερεοί

1907 2030 2017 2087 qua
2040 2015 2255 2069 ratione
2284 2013 2549 2083 consequi
2571 2011 2736 2067 liceat
2759 2018 2999 2066 mentem
3023 2008 3262 2064 sobriam
3282 2022 3346 2061 ac
3367 2021 3497 2077 per-

1908 2105 2152 2176 vigilem.
2198 2104 2281 2159 Ad
2320 2120 2484 2176 quem
2534 2119 2738 2168 senex,
2783 2102 3063 2171 Abnegata
3110 2098 3293 2155 omnis
3338 2099 3498 2168 plane

1910 2205 2260 2253 terrenorum
2293 2211 2445 2261 cura,
2472 2194 2731 2266 iugisque
2758 2193 2959 2248 divina:
2987 2191 3287 2261 Scriptura:
3316 2186 3499 2242 medi—

1911 2288 2070 2353 tatio,
2098 2288 2152 2343 in
2176 2289 2274 2344 Dei
2304 2288 2557 2344 timorem
2584 2287 2803 2351 ferunt;
2833 2285 3042 2354 Deique
3076 2284 3242 2338 timor
3273 2279 3496 2350 vigilem

1911 2391 2077 2453 atque
2108 2382 2356 2438 sobrium
2382 2386 2603 2449 prastat
2634 2377 2879 2433 animum
2906 2394 2920 2430 :
2958 2375 3164 2444 hisque
3178 2374 3268 2428 ille
3302 2372 3497 2437 fultus,

1910 2479 2102 2534 videre
2132 2477 2329 2547 incipit
2351 2476 2628 2531 daemones
2662 2473 3060 2543 cogitationum
3094 2469 3211 2524 acie
3235 2467 3381 2522 bello
3415 2464 3500 2520 fa-

1914 2572 2171 2642 tigantes,
2197 2577 2362 2638 atque
2387 2581 2483 2621 eos
2504 2564 2728 2631 ulcisci;
2757 2563 2824 2618 de
2846 2562 3049 2632 quibus
3073 2559 3257 2614 aiebat
3284 2556 3457 2612 David
3482 2572 3498 2609 :

1914 2664 1983 2718 Et
2013 2678 2174 2733 super
2199 2661 2436 2715 inimicos
2482 2674 2619 2714 meos
2659 2655 2889 2726 inspexit
2918 2650 3098 2706 oculus
3133 2665 3281 2704 meus
3321 2648 3386 2701 ⁸⁸.
3418 2645 3503 2701 Ad

1915 2754 2061 2808 bane
2092 2765 2313 2822 quoque
2347 2750 2549 2804 luctam
2583 2748 2781 2802 Petrus
2823 2744 3083 2813 princeps
3126 2738 3501 2809 apostolorum

1915 2843 2218 2913 discipulos
2237 2840 2504 2904 excitans,
2525 2840 2708 2910 ajebat
2733 2854 2746 2889 :
2777 2834 2948 2890 Sobrii
2974 2841 3155 2898 estote,
3181 2839 3231 2886 et
3256 2830 3503 2901 vigilate;

1916 2935 2042 3004 quia
2075 2932 2410 2987 adversarius
2442 2937 2611 2984 uester
2642 2925 2906 2991 diabolus,
2931 2925 3095 2995 376
3131 2933 3389 2993 tanquam
3424 2921 3505 2975 leo

1916 3026 2153 3096 rugiens,
2190 3024 2374 3078 circuit
2420 3036 2661 3091 quaerens
2705 3034 2864 3089 quem
2896 3018 3126 3082 devoret,
3162 3016 3246 3073 cui
3280 3015 3507 3069 resistite

1918 3117 2079 3187 fortes
2111 3118 2169 3171 in
2209 3114 2315 3184 ﬁde
2348 3114 2414 3168 ⁸ο.
2448 3112 2595 3179 Quin
2628 3111 2798 3167 etiam
2836 3109 3105 3165 Dominus
3133 3126 3147 3162 :
3178 3106 3421 3178 Vigilate,
3457 3112 3508 3159 et

223 3199 306 3272 τῇ
322 3203 545 3256 πίστει·
575 3202 669 3255 καὶ
695 3200 942 3273 ὁΚύριος
969 3201 1028 3255 δέ
1046 3217 1060 3232 ·
1094 3202 1455 3271 Γρηγορεῖτε
1498 3201 1597 3256 καί
1623 3216 1813 3272 προσ-

1919 3217 2088 3275 orate,
2113 3216 2172 3263 ut
2195 3224 2302 3262 non
2323 3206 2531 3261 intretis
2555 3204 2979 3259 intentationem
3004 3201 3075 3253 δι.
3098 3198 3204 3255 Sed
3225 3206 3283 3253 et
3313 3197 3506 3252 Eccle-

225 3293 503 3362 εύχεσθε,
540 3293 640 3346 ἵνα
665 3292 752 3363 μὴ
779 3291 1095 3359 εἰσέλθητε
1131 3294 1219 3358 είς
1263 3293 1623 3363 πειρασμόν.
1664 3292 1724 3345 Ὅ
1757 3292 1815 3346 δὲ

1919 3301 2115 3357 siastes
2141 3301 2221 3354 ait
2248 3316 2262 3352 :
2291 3295 2349 3352 Si
2368 3298 2587 3368 spiritus
2613 3302 2925 3366 potestatem
2947 3291 3185 3345 habentis
3210 3288 3510 3344 ascenderit

240 3385 670 3456 Ἐκκλησιαστής
726 3400 911 3455 φησιν*
973 3383 1118 3440 Ἐὰν
1137 3385 1376 3458 πνεῦμα
1403 3385 1511 3440 τοῦ
1533 3384 1814 3449 ἐξουσιά-

231 3474 434 3545 ᾣντος
491 3475 682 3546 ἀναϐῇ
717 3477 817 3530 ἐπὶ
870 3475 967 3542 σὲ,
1008 3477 1198 3532 τόπον
1248 3491 1367 3531 σου
1391 3476 1480 3547 μὴ
1507 3475 1671 3547 ἀφῇς
1711 3474 1811 3549 [al.

231 3568 429 3643 16pm].
459 3570 635 3635 Τόπος
664 3570 723 3624 δὲ
751 3570 847 3625 τοῦ
886 3569 979 3626 νοῦ
1013 3572 1218 3642 ἐστινὴ
1258 3571 1451 3643 ἀρετὴ,
1485 3571 1580 3625 καὶ
1606 3573 1641 3641 ἡ
1673 3570 1818 3639 γνῶ-

235 3675 340 3726 σις,
380 3661 476 3713 καὶ
512 3660 541 3713 6
574 3660 739 3728 φόϐος
767 3658 862 3712 τοῦ
887 3658 1045 3713 Θεοῦ.
1087 3659 1147 3713 '0
1169 3660 1228 3713 δὲ
1280 3658 1597 3728 θαυμαστὸς
1657 3658 1817 3711 Ἀπό-

236 3751 420 3816 στολος
456 3751 660 3821 σφόδρα
690 3750 969 3820 νηφόντως
993 3752 1089 3804 καὶ
1122 3750 1388 3819 γενναίως
1414 3751 1815 3820 ἀγωνιζόμενος

237 3840 453 3910 ἔλεγεν
501 3842 605 3895 Ἔν
644 3841 825 3909 σαρκὶ
874 3842 987 3910 γὰρ
1019 3840 1491 3909 περιπατοῦντες
1511 3880 1527 3905 ,
1565 3842 1636 3893 οὺ
1666 3840 1819 3894 κατὰ

237 3931 434 4002 σάρκα
457 3932 920 4001 στρατευόμεθα.
958 3932 1034 3987 Τὰ
1053 3934 1162 4002 γὰρ
1186 3931 1349 3985 ὅπλα
1374 3929 1484 3998 τῆς
1503 3930 1821 3998 στρατείας

236 4024 405 4095 ἡμῶν
466 4026 540 4079 οὐ
587 4024 873 4093 σαρκικὰ,
919 4024 1083 4079 ἀλλὰ
1127 4023 1360 4077 δυνατὰ
1389 4022 1470 4088 τῷ
1501 4020 1626 4087 Θεῷ
1668 4022 1820 4090 πρὸς

238 4115 587 4183 καθαίρεσιν
624 4113 1023 4184 ὀχυρωμάτων
1040 4130 1054 4144 ·
1094 4114 1429 4184 λογισμοὺς
1468 4112 1823 4184 καθαιροῦν-

238 4223 357 4275 τες,
389 4204 489 4260 real
517 4205 641 4263 πᾶν
665 4206 883 4276 ὕψωμα
914 4206 1312 4276 ἐπαιρόμενον
1339 4205 1490 4259 κατὰ
1517 4203 1630 4273 τῆς
1669 4201 1819 4275 γνώ-

240 4313 393 4365 σεως
420 4298 528 4353 τοῦ
558 4297 707 4354 Θεοῦ
723 4315 738 4330 ·
783 4298 883 4352 καὶ
914 4295 1452 4368 αἰχμαλωτίζοντες
1472 4295 1599 4353 πᾶν
1624 4298 1824 4366 νόημα

240 4392 327 4458 είς
355 4390 472 4460 τὴν
497 4388 782 4459 ὑπακοὴν
830 4389 940 4451 τοῦ
980 4388 1242 4459 Χριστοῦ
1267 4404 1282 4417 ο
1337 4388 1440 4443 καὶ
1489 4388 1561 4443 ἐν
1609 4387 1824 4458 ἑτοίμῳ

242 4482 486 4553 ἔχοντες
516 4481 834 4552 ἐκδικῆσαι
857 4481 1065 4538 πᾶσαν
1091 4480 1425 4549 παρακοήν.
1457 4480 1583 4535 Ἐάν
1607 4475 1700 4535 οὖν
1729 4480 1825 4534 καὶ

246 4575 308 4628 σὺ
340 4576 552 4647 μιμήσῃ
601 4575 730 4639 τοὺς
768 4574 980 4643 ἀγίους,
1018 4574 1112 4629 καὶ
1147 4574 1401 4646 ὲμπόνως
1432 4573 1702 4647 σχολάσῃς
1747 4573 1826 4647 τῷ
1855 4576 1904 4636 ι)

245 4664 381 4737 Θεῷ,
416 4666 517 4741 ἔσῃ
537 4667 891 4738 νηφόμενος.ι

317 4756 400 4812 ιϐ’.
428 4759 539 4813 Kal.
559 4760 588 4812 6
630 4759 881 4830 Ἀδελφδς
904 4755 1028 4814 εἷπε
1049 4776 1065 4792 ’
1095 4759 1205 4813 Καὶ
1229 4760 1284 4813 τί
1300 4758 1498 4829 ὤφειλέ
1525 4776 1609 4822 τις
1626 4762 1823 4828 ποιεῖν,

245 4850 446 4922 Πάτερ,
482 4852 574 4906 ἵνα
602 4851 969 4916 ἀδιαλείπτως
995 4853 1201 4923 δυνηθῇ
1235 4852 1519 4923 σχολάζειν
1560 4851 1640 4923 τῷ
1666 4852 1823 4923 Θεῷ;

248 4943 354 4997 Καὶ
402 4943 674 5015 ἀπεκρίθη
721 4946 750 4998 6
789 4944 990 5017 γέρωνο
1049 4944 1339 4998 Ἀδύνατον
1368 4944 1432 4998 τὸ
1454 4945 1580 4999 νοῦν
1604 4945 1829 5009 τελείως

252 5032 509 5104 σχολάσαι
527 5032 606 5104 τῷ
638 5034 780 5105 Θεῷ,
803 5033 899 5089 ἐὰν
931 5035 1007 5106 μὴ
1039 5036 1136 5099 τὰς
1160 5038 1310 5107 τρεῖς
1330 5035 1535 5099 ταύτας
1555 5038 1826 5109 κτήσηται

250 5125 447 5197 ἀρετάς
472 5141 487 5155 ⁶
520 5125 619 5196 τὴν
656 5126 874 5198 ἀγάπην
907 5128 1070 5197 λέγω,
1112 5128 1206 5180 καὶ
1234 5128 1334 5198 τὴν
1358 5129 1685 5200 ἐγκράτειαν
1732 5129 1829 5184 καὶ⁸

252 5219 346 5290 τὴν
371 5217 703 5290 προσευχήν.
747 5218 814 5271 Ἦ
847 5219 947 5289 μὲν
980 5221 1089 5291 γὰρ
1115 5219 1327 5290 ἀγάπη,
1374 5221 1574 5291 ήμεροῖ
1603 5221 1694 5274 τὸν
1734 5221 1828 5275 θυ-

256 5310 383 5381 μόν·
418 5308 530 5380 ήδὲ
555 5308 850 5380 ἐγκράτεια
875 5309 974 5381 (a),
1011 5312 1264 5382 μαραίνει
1288 5312 1386 5383 τὴν
1420 5313 1719 5385 ἐπιθυμίαν
1741 5330 1757 5346 ⁸
1790 5314 1824 5385 ἡ

256 5401 308 5457 δὲ
340 5401 637 5473 προσευχὴ,
679 5400 900 5474 χωρίζει
927 5403 1019 5460 τὸν
1051 5402 1177 5458 νοῦν
1226 5405 1444 5459 πάντων
1480 5405 1590 5459 τῶν
1620 5406 1825 5477 νοημά-

319 5542 364 5576 ³⁸
386 5541 498 5598 Jac.
532 5558 606 5606 Iv.
639 5542 693 5596 7.
799 5543 844 5576 ⁸³
871 5543 1017 5599 Psal.
1048 5559 1159 5610 Lm,
1192 5545 1246 5601 9.
1344 5543 1391 5577 “
1427 5545 1450 5600 Ι
1480 5545 1628 5601 Petr.
1655 5562 1710 5612 v,
1751 5546 1803 5602 8.

255 5613 369 5683 3‘6.

323 5726 403 5800 (α)
452 5726 617 5801 Quod
640 5727 734 5783 hic
764 5728 1061 5801 peculiaris
1083 5729 1261 5786 virtus
1288 5729 1515 5795 dicitur,
1540 5731 1658 5801 ipsa
1687 5745 1833 5786 mar-

261 5797 483 5870 cescere
514 5797 744 5870 faciens,
766 5797 1162 5870 fedomansque
1186 5815 1251 5855 ac
1280 5797 1578 5856 macerans
1619 5816 1828 5856 concu-

273 5869 604 5939 piscentiam,
664 5869 801 5927 nihil
872 5868 1023 5929 aliud
1071 5868 1156 5929 est
1224 5886 1389 5943 quam
1437 5871 1706 5941 ieiunium
1772 5881 1828 5928 ct

1901 5545 1947 5578 “
1995 5545 2190 5602 Matth.
2220 5560 2369 5616 τινι,
2414 5544 2504 5599 41.

1914 3408 2075 3464 super
2106 3400 2175 3459 te,
2207 3390 2379 3445 locum
2409 3397 2561 3443 tuum
2604 3403 2670 3441 ne
2710 3385 2970 3440 dimiseris
3004 3382 3071 3436 ".
3121 3382 3296 3437 Porro
3338 3378 3510 3434 animi

1915 3485 2092 3549 locus,
2119 3484 2301 3538 virtus
2333 3488 2420 3538 est
2462 3489 2520 3536 et
2547 3478 2803 3541 scientia,
2838 3492 2903 3532 ac
2949 3476 3112 3530 timor
3154 3471 3273 3527 Dei.
3320 3469 3510 3526 Admi-

1917 3576 2127 3632 randus
2154 3581 2340 3630 autem
2370 3570 2689 3642 Apostolus,
2710 3567 2896 3627 sobrie
2924 3565 3220 3622 admodum
3253 3572 3511 3619 strenue-

1917 3682 2028 3737 que
2071 3666 2384 3729 decertans,
2432 3661 2615 3716 aiebat
2643 3678 2657 3715 :
2682 3659 2747 3714 In
2786 3675 2947 3712 carne
2975 3659 3115 3712 enim
3155 3654 3509 3721 ambulantes,

1919 3773 2026 3812 non
2053 3755 2341 3809 secundum
2364 3767 2580 3806 carnem
2616 3750 2926 3803 militamus.
2954 3747 3096 3803 Nam
3125 3762 3279 3800 arma
3309 3744 3514 3801 militias

1919 3852 2116 3899 nostra
2158 3857 2262 3894 non
2293 3838 2539 3909 carnalia
2570 3846 2717 3902 sunt,
2747 3837 2839 3891 sed
2876 3836 3113 3907 potentia
3141 3834 3253 3887 Deo
3296 3833 3367 3888 ad
3414 3833 3511 3885 de-

1918 3932 2260 3990 structionem
2289 3928 2677 3991 munitionum;
2702 3923 2924 3978 consilia
2950 3924 3295 3985 destruentes,
3328 3930 3377 3975 et
3400 3937 3514 3974 om-

1920 4039 2043 4080 nem
2077 4019 2413 4076 altitudinem
2458 4015 2795 4071 extollentem
2842 4030 2899 4069 se
2943 4014 3193 4067 adversus
3236 4012 3513 4067 scientiam

1919 4114 2052 4179 Dei;
2086 4112 2214 4166 etin
2242 4108 2601 4179 captivitatem
2632 4106 2923 4175 redigentes
2953 4119 3160 4158 omnem
3185 4100 3513 4155 intellectum

1919 4205 1977 4260 in
2009 4202 2309 4272 obsequium
2335 4198 2570 4253 Christi:
2597 4205 2646 4250 et
2685 4197 2741 4250 in
2763 4203 3011 4267 promptu
3045 4194 3292 4249 habentes
3332 4191 3514 4247 ulcisci

1922 4310 2131 4351 omnem
2155 4289 2562 4346 inobedientiam
2583 4286 2650 4342 ".
2675 4286 2732 4341 Si
2761 4286 2928 4357 igitur
2963 4294 3022 4340 tu
3042 4301 3264 4355 quoque
3293 4290 3515 4340 sanctos

1922 4387 2171 4443 imitatus
2213 4383 2406 4450 fueris,
2451 4381 2852 4452 operosiusque
2898 4380 3014 4436 Deo
3043 4377 3348 4445 vacaveris,
3383 4375 3515 4449 vigil

1923 4488 2089 4551 atque
2121 4476 2341 4533 sobrius
2370 4474 2505 4532 eris.

1997 4766 2085 4823 i9.
2116 4764 2317 4836 Aitque
2357 4764 2569 4820 frater:
2601 4762 2877 4830 Quidnam
2908 4775 3064 4827 vero,
3088 4760 3272 4825 Pater,
3318 4757 3519 4829 aliquis

1926 4857 2173 4916 facturus
2193 4859 2284 4922 sit,
2310 4867 2371 4914 ut
2398 4856 2619 4914 assidue
2641 4857 2754 4913 Deo
2779 4870 2977 4912 vacare
3005 4853 3218 4926 possit?
3246 4853 3325 4907 Ad
3352 4866 3518 4922 quem

1927 4966 2097 5007 senex
2130 4950 2317 5005 :Fieri
2364 4965 2479 5005 non
2530 4956 2714 5020 potest
2762 4956 2822 5003 ut
2870 4947 3088 5003 animus
3132 4944 3372 5016 perfecte
3406 4943 3520 4997 Deo

1926 5047 2103 5107 vacet,
2134 5040 2242 5094 nisi
2273 5049 2384 5095 tres
2415 5039 2549 5094 istas
2579 5039 2814 5093 virtutes
2843 5036 3155 5107 paraverit;
3195 5046 3391 5101 nempe
3431 5030 3519 5085 di—

1926 5132 2242 5198 lectionem,
2274 5130 2665 5185 abstinentiam
2710 5130 2829 5201 (seu
2874 5125 3169 5199 jejunium)
3212 5131 3270 5178 et
3309 5122 3521 5178 oratio-

1926 5239 2075 5280 nem.
2111 5221 2344 5277 Dilectio
2373 5222 2523 5277 enim
2568 5219 2707 5275 iram
2752 5219 2909 5274 lenit.
2956 5215 3238 5287 Jejunium
3272 5229 3367 5269 seu
3393 5212 3522 5268 abs-

1931 5314 2165 5372 tinentia
2201 5313 2558 5384 cupiditatem
2593 5311 2816 5367 edomat
2853 5320 3019 5380 atque
3042 5316 3313 5372 macerat;
3346 5304 3522 5360 oratio

1931 5410 2002 5466 ab
2039 5407 2301 5464 omnibus
2342 5405 2615 5461 abstrahit
2658 5401 3102 5476 cogitationibus,
3154 5399 3366 5470 ipsique
3411 5397 3522 5451 Deo

2612 5544 2660 5575 "
2695 5541 2881 5599 Ecclc.
2912 5556 2968 5608 ι,
2999 5538 3054 5594 4.
3157 5537 3204 5570 ⁸³
3237 5536 3282 5591 II
3308 5534 3432 5591 Cor.
3466 5550 3522 5601 κ,

1937 5735 2307 5801 abstinentia;
2349 5749 2473 5805 quae
2520 5732 2701 5805 virtus
2747 5730 3105 5805 potissimum
3151 5727 3371 5799 corpori
3407 5740 3524 5784 mo-

1936 5806 2120 5874 dctur,
2154 5816 2213 5863 ut
2233 5815 2290 5863 et
2318 5804 2499 5864 oratio
2516 5804 2723 5862 animo.
