4140 6322
633 408 740 466 2‘27

1790 412 1852 472 S.
1892 407 2179 473 MAXIMI
2218 406 2734 470 CONFESSORIS

3783 412 3902 476 923

625 517 837 574 nudum
876 518 1041 575 sistit.
1075 517 1169 575 Hae
1196 518 1364 590 lgitur
1392 526 1508 577 tres
1533 518 1787 587 virtutes,
1817 528 2047 577 cunctas
2072 520 2209 576 alias

2318 536 2439 583 των,
2470 518 2566 572 καὶ
2602 516 2760 589 αὐτῷ’
2771 517 2933 573 αὐτὸν
2952 517 3250 592 παρίστησι
3279 517 3488 590 γυμνδν
3513 518 3591 591 τῷ
3618 518 3754 591 Θεῷ.
3782 514 3895 575 Αὖ-

626 610 860 665 virtutcs
886 610 1346 680 complectuntur,
1377 628 1441 668 ac
1474 613 1581 669 nisi
1618 614 1728 670 illis
1767 613 1939 671 fultus
1965 614 2201 680 animus,

624 699 739 756 Deo
768 716 962 757 vacare
987 717 1097 757 non
1127 712 1328 774 potest.
1384 756 1387 761 .

693 868 782 923 20.
817 869 909 924 Ait
943 871 1151 928 frater:
1181 873 1353 946 Rogo,
1381 876 1563 943 Pater,
1589 886 1649 934 ut
1671 876 1876 934 discam
1899 894 1967 935 ex
1994 887 2069 946 te,
2099 895 2207 950 qua

624 962 833 1016 ratione
854 962 1078 1019 dilectio
1105 965 1241 1021 iram
1270 967 1440 1023 leniat
1464 977 1520 1024 et
1550 969 1889 1041 mitiget.'Ad
1924 985 2086 1040 quem
2115 986 2208 1026 se-

626 1067 729 1105 nex
751 1071 761 1105 :
782 1051 920 1118 Quia
942 1054 1153 1111 scilicet
1174 1059 1295 1129 ejus
1310 1066 1395 1113 est
1413 1060 1690 1124 misereri,
1711 1059 2206 1132 inquejproximum

624 1142 890 1197 beneﬁcia
923 1143 1194 1211 conferre,
1222 1155 1281 1201 et
1306 1147 1372 1202 ad
1402 1148 1554 1202 illum
1582 1150 1763 1204 lenem
1788 1164 1908 1203 esse
1934 1163 1999 1203 ac
2022 1149 2209 1221 longa-

624 1235 849 1299 nimern,
878 1235 1161 1306 illatasque
1190 1239 1259 1293 ab
1285 1254 1352 1293 eo
1381 1239 1631 1311 injurias,
1666 1248 1727 1294 ut
1771 1241 1969 1311 sacpius
1999 1241 2207 1296 dictum

624 1335 727 1389 est,
762 1328 1033 1395 patienter
1064 1327 1226 1384 ferre.
1259 1330 1382 1385 Haec
1416 1346 1548 1401 ergo
1582 1347 1706 1385 cum
1738 1330 1959 1386 dilectio
1984 1331 2205 1398 habeat,

625 1418 763 1489 ejus,
800 1419 890 1488 qui
929 1420 1019 1473 illa
1067 1421 1371 1477 instructus
1405 1421 1495 1487 sit,
1539 1423 1675 1477 iram
1716 1422 1853 1478 lenit
1886 1431 1942 1477 et
1975 1421 2206 1493 mitigat.

627 1505 765 1560 Tum
799 1506 970 1561 frater
1004 1525 1017 1561 :
1062 1509 1183 1563 Non
1229 1511 1424 1581 exigua
1470 1518 1600 1565 sunt
1642 1511 1764 1581 ejus
1811 1525 2037 1565 munera
2069 1527 2083 1564 :
2111 1510 2209 1565 sed

627 1595 820 1649 beatus
869 1595 956 1650 cui
1009 1596 1169 1652 licuit
1220 1614 1339 1653 eam
1391 1598 1640 1670 adipisci.
1693 1600 1807 1672 Ego
1850 1615 1982 1655 sane
2033 1599 2102 1654 ab
2144 1615 2211 1654 ea

627 1687 818 1755 procul
856 1697 1099 1742 remotus
1129 1703 1272 1743 sum.
1301 1689 1594 1755 Caeterum,
1626 1706 1779 1758 rogo,
1815 1691 2001 1756 Pater,
2037 1699 2098 1745 ut
2130 1691 2211 1746 di-

627 1791 720 1831 cas
750 1778 883 1846 quid
911 1778 983 1832 sit
1012 1778 1388 1849 μακροθυμεῖν
1414 1783 1535 1849 (nos
1560 1779 1811 1835 dicamus
1838 1778 2212 1852 longanimiter

628 1880 785 1936 cgere
814 1865 1035 1936 lenique
1060 1867 1323 1937 patientia
1353 1869 1517 1935 esse).

696 1955 787 2009 21.
818 1957 1121 2027 ReSpondit
1152 1974 1321 2013 senex
1353 1976 1366 2013 :
1398 1959 1606 2031 Nempe
1648 1959 1779 2016 forti
1813 1962 1997 2017 animo
2026 1961 2081 2017 in
2112 1961 2211 2018 ad—

625 2047 800 2102 versis
824 2062 965 2112 esse,
993 2062 1057 2102 ac
1088 2049 1227 2102 mala
1254 2049 1550 2116 sustinere,
1584 2050 2015 2121 tentationisque
2043 2066 2215 2122 oppe-

628 2139 725 2193 riri
773 2139 959 2203 ﬁnem,
1000 2156 1102 2196 nec
1140 2142 1278 2195 iram
1325 2151 1533 2197 temere
1558 2144 1827 2213 proferre,
1870 2153 1966 2199 aut
2002 2159 2215 2201 sermo—

630 2244 753 2285 nem
800 2231 949 2300 loqui
984 2231 1039 2285 in
1089 2232 1426 2301 insipientia,
1471 2234 1558 2288 vel
1589 2234 1856 2306 suspicari
1886 2234 2092 2305 aliquid
2122 2242 2218 2290 aut

627 2318 921 2389 cogitare,
958 2319 1106 2389 quod
1155 2322 1336 2375 virum
1387 2321 1705 2391 religiosum
1755 2321 1939 2376 minus
1988 2321 2214 2389 deceat,

628 2410 1089 2478 quemadmodum
1118 2412 1194 2466 ait
1222 2412 1503 2481 Scriptura
1527 2431 1541 2466 :
1575 2412 1746 2483 Usque
1771 2414 1840 2467 ad
1865 2422 2069 2484 tempus
2098 2429 2216 2467 sus-

2306 626 2396 662 ται
2424 603 2518 662 οὖν
2539 608 2597 661 al
2622 611 2772 680 τρεῖς
2797 609 3013 681 ἀρεταὶ,
3038 609 3545 681 συμπεριληπτικαί
3566 610 3675 662 είσι
3701 610 3891 662 πασῶν

2305 700 2415 753 τῶν
2446 699 2658 771 ἀρετῶν
2680 716 2696 733 ο
2718 702 2816 754 καὶ
2841 701 2971 757 ἀνευ
2999 700 3205 757 τούτων
3231 701 3260 754 6
3282 701 3409 766 νοῦς
3429 702 3491 756 οὐ
3513 699 3735 756 δύναται
3764 717 3892 773 σχο-

2306 788 2492 855 λάζειν
2521 789 2601 861 τῷ
2630 790 2771 862 Θεῷ.

2378 888 2448 937 κ’.
2482 883 2645 937 Καὶό
2694 881 2952 951 meast;
2993 882 3113 941 εἷπε
3139 898 3156 913 ·
3191 880 3504 954 Παρακαλῶ
3556 898 3639 947 σε,
3687 882 3890 953 Πάτερ,

2311 974 2529 1045 μαθεῖν,
2567 974 2685 1039 πῶς
2720 976 2756 1046 ἡ
2812 974 3002 1047 ἀγάπη
3052 976 3250 1046 ἠμεροῖ
3276 976 3369 1028 τὸν
3400 975 3593 1045 θυμόν.
3640 975 3753 1027 Καὶ
3781 976 3903 1029 ἀπο

2307 1067 2501 1141 εκρίθη
2529 1069 2558 1122 6
2581 1067 2785 1147 γέρωνζ
2820 1067 3041 1138 Ἐπειδὴ
3063 1066 3179 1138 ἔχει
3216 1068 3276 1121 τὸ
3306 1068 3495 1132 ἐλεεῖν,
3523 1067 3617 1121 καὶ
3642 1067 3706 1121 τὸ
3734 1068 3892 1139 εὐερ-

2307 1157 2486 1224 γετεῖν
2514 1155 2606 1209 τὸν
2647 1154 2875 1227 πλησίον
2899 1171 2915 1188 '
2956 1156 3047 1210 καὶ
3078 1157 3142 1209 τὺ
3177 1156 3549 1227 μακροθυμεῖν
3592 1155 3682 1208 ἐπ’
3708 1156 3893 1223 αὐτὸν,

2308 1248 2405 1301 καὶ
2427 1246 2488 1299 τὸ
2512 1247 2803 1318 ὑπομένειν
2827 1249 2898 1303 τὰ
2924 1248 3015 1302 ὑπ’
3036 1248 3202 1302 αὐτοῦ
3234 1247 3571 1319 ὲπαγόμενα,
3593 1247 3668 1312 ὡς
3691 1249 3893 1303 πολλά-

2309 1353 2398 1398 κις
2423 1337 2743 1409 εἰρήκαμεν.
2777 1338 2963 1394 Ταῦτα
3010 1334 3103 1393 οὖν
3128 1338 3330 1411 ἔχουσα
3364 1342 3397 1410 ὴ
3450 1339 3661 1411 ἀγάπη,
3694 1342 3895 1412 ήμεροῖ

2308 1427 2401 1482 τὸν
2440 1428 2611 1500 θυμὸν
2661 1431 2755 1486 τοῦ
2804 1432 3142 1503 κεκτημένου
3178 1431 3373 1502 αὐτήν.
3411 1430 3523 1485 Καὶ
3567 1433 3596 1485 6
3640 1431 3893 1502 Ἀδελφὸς

2311 1518 2464 1575 εἷπε·
2496 1523 2572 1576 Οὐ
2632 1524 2810 1595 μικρά
2859 1524 2930 1578 τά
2978 1523 3116 1595 ἔργα
3145 1522 3349 1591 αὐτῆς-ο
3384 1522 3520 1577 ἀλλὰ
3568 1523 3841 1594 μακάριος
3867 1526 3901 1579 6

2309 1613 2604 1685 δυνάμενος
2625 1616 2933 1687 κτήσασθαι
2972 1616 3164 1686 αὑτήν.
3209 1615 3353 1684 Ἐγὼ
3387 1614 3445 1668 δὲ
3478 1614 3647 1678 ὅντως
3678 1614 3903 1686 μακράν

2311 1708 2427 1779 εἰμι
2458 1707 2552 1761 ἀπ’
2585 1709 2779 1779 αὐτῆς.
2807 1707 2958 1778 Πλὴν
3000 1704 3309 1777 Παρακαλῶ
3349 1723 3432 1773 σε,
3478 1705 3675 1777 πάτερ,
3724 1706 3898 1760 εἰπεῖν

2316 1814 2429 1867 μοι,
2453 1795 2508 1850 τί
2530 1797 2648 1850 ἐστι
2675 1796 2737 1850 τὸ
2760 1795 3158 1868 μακροθυμεῖν.

2387 1976 2495 2032 κα’.
2531 1977 2641 2031 Καὶ
2673 1976 2949 2049 ἀπεκρίθη
2976 1975 3006 2030 6
3033 1975 3214 2048 γέρων
3236 1991 3251 2007 ο
3285 1974 3360 2029 Τὸ
3394 1974 3759 2047 ἐγκαρτερεῖν
3791 1975 3901 2039 τοῖς

2313 2069 2528 2132 δεινοῖς,
2560 2069 2654 2121 καὶ
2684 2067 2745 2122 τὸ
2779 2066 3073 2137 ὑπομένειν
3100 2064 3349 2136 πονηράς
3379 2066 3475 2119 καὶ
3507 2064 3570 2118 τὸ
3608 2065 3899 2135 ἀναμένειν

2313 2160 2375 2213 τδ
2404 2158 2555 2223 τέλος
2575 2159 2669 2212 τοῦ
2696 2156 3029 2230 πειρασμοῦ,
3063 2159 3159 2211 καὶ
3190 2157 3250 2211 τὸ
3274 2157 3348 2227 μὴ
3376 2156 3593 2225 ἐξάγειν
3617 2155 3799 2226 θυμὸν
3829 2156 3902 2219 ὡς

2316 2249 2495 2322 ἔτυχε,
2518 2250 2650 2321 μηδὲ
2672 2250 2827 2319 λόγον
2846 2249 3027 2303 λαλεῖν
3049 2251 3108 2302 ὲν
3144 2246 3444 2319 ἀφροσύνῃ,
3484 2239 3617 2318 μηδὲ
3656 2247 3902 2299 ὑπονοεῖν

2315 2357 2371 2395 τι
2394 2339 2425 2409 ἢ
2458 2340 2661 2393 ἐννοεῖν
2681 2338 2791 2392 τῶν
2820 2340 2896 2411 μὴ
2920 2338 3238 2410 πρεπόντων
3255 2336 3517 2399 θεοσεὸεῖ,
3544 2332 3736 2400 καθὼς
3756 2331 3907 2388 εἶπεν

2315 2431 2350 2502 ἡ
2383 2430 2573 2502 Γραφή
2599 2447 2612 2461 ⁸
2650 2432 2804 2497 Ἕως
2824 2431 3034 2501 καιροῦ
3063 2432 3378 2496 ἀνθέξεται
3396 2430 3787 2501 μακρόθυμος
3808 2429 3899 2501 (b),

627 2500 808 2554 tinebit
842 2501 948 2554 leni
985 2502 1243 2571 patientia
1280 2502 1441 2573 377
1477 2504 1578 2567 vir,
1612 2512 1663 2557 et
1686 2512 1865 2575 postea
1900 2513 2137 2575 erumpet
2172 2506 2220 2559 ei

2318 2500 2706 2591 rtaiﬁo'tepor
2727 2500 3026 2578 ἀναδώσει
3050 2522 3212 2588 αὐτῷ
3235 2500 3608 2595 εὐφροσύνη·
3642 2523 3756 2590 ἕως
3782 2500 3901 2577 καις

619 2587 930 2657 jucunditas
979 2610 996 2647 :
1038 2610 1200 2664 usque
1242 2595 1298 2648 in
1347 2602 1552 2666 tempus
1588 2595 1746 2649 verba
1792 2597 2122 2667 comprimet,
2168 2603 2220 2650 et

629 2682 915 2739 multarunt
942 2683 1084 2739 labia
1112 2686 1441 2741 enarrabunt
1472 2688 1586 2758 ejus
1613 2687 1952 2758 prudentiam
1974 2685 2041 2742 “.

692 2867 785 2922 ‘22.
825 2867 951 2923 Haec
997 2869 1164 2939 igitur
1201 2868 1634 2938 longanimitatis
1667 2869 1833 2940 (lenis
1864 2869 2080 2925 scilicet
2122 2885 2220 2940 pa-

630 2956 858 3028 tientiag)
903 2957 1104 3011 indicia
1147 2964 1277 3012 sunt
1314 2974 1328 3011 :
1360 2973 1541 3027 neque
1588 2956 1643 3011 id
1676 2958 1861 3025 modo,
1898 2958 1993 3014 sed
2036 2968 2093 3015 et
2135 2974 2222 3014 sc-

630 3044 813 3117 ipsum
853 3047 1178 3103 tentationis
1211 3063 1434 3102 causam
1475 3047 1813 3114 existimare,
1846 3050 1966 3120 ejus
1999 3050 2222 3106 virtutis

630 3146 716 3195 est
747 3139 1053 3210 proprium.
1090 3139 1419 3194 Forte-vero
1447 3138 1615 3192 etiam
1657 3138 1739 3193 sic
1779 3154 1839 3194 se
1886 3154 1974 3194 res
2017 3140 2214 3207 habet;

2310 2612 2427 2682 ροῦ
2463 2614 2681 2682 κρύψει
2704 2613 2846 2679 τοὺς
2867 2615 3092 2684 λόγους
3125 2613 3311 2671 αὐτοῦ
3331 2632 3347 2646 °
3398 2614 3496 2668 καὶ
3526 2614 3707 2685 χείλη
3762 2616 3902 2667 πολ-

2317 2700 2446 2755 λῶν
2480 2701 2648 2774 [εἰπε.
2690 2701 2932 2768 πιστῶν,
2982 2702 3255 2776 ﬁdelium]
3283 2703 3713 2783 ἐκδιηγήσεςαι
3754 2703 3900 2757 σύν-

2318 2806 2458 2847 εσιν
2490 2792 2699 2847 αὑτοῦ.

2392 2884 2498 2956 κβ’.
2532 2882 2720 2938 Ταῦτα
2749 2878 2842 2939 οὖν
2860 2884 2979 2938 ὲστι
2998 2884 3068 2938 τά
3089 2884 3447 2957 γνωρίσματα
3487 2885 3589 2957 τῆς
3633 2886 3901 2959 μακροθυ-

2324 2975 2452 3047 μίας
2471 2990 2485 3005 ο
2523 2976 2584 3028 οὐ
2616 2975 2776 3045 μόνον
2801 2974 2878 3040 δὲ,
2912 2974 3050 3028 ἀλλά
3079 2974 3172 3028 καὶ
3205 2974 3529 3043 λογίσασθαι
3550 2974 3747 3030 ἑαυτὸν
3771 2972 3899 3029 εἶναι

2322 3063 2500 3118 αἴτιον
2526 3064 2620 3117 τοῦ
2654 3062 2982 3134 πειρασμοῦ,
3015 3063 3118 3133 τῆς
3151 3063 3536 3134 μακροθυμίας
3568 3064 3722 3117 ἐστὶν
3757 3064 3895 3117 ἴδιον.

2326 3157 2487 3219 Ἴσως
2507 3153 2564 3208 δὲ
2589 3155 2686 3208 καὶ
2706 3153 2879 3218 οὕτως
2901 3153 3016 3227 ἔχει
3033 3170 3049 3185 ·
3091 3153 3278 3226 ἐπειδὴ
3319 3152 3389 3207 τά
3437 3153 3608 3217 πολλά
3638 3152 3752 3206 τῶν
3773 3170 3899 3222 συμ-

631 3232 781 3302 quod
808 3247 999 3303 magna
1026 3247 1152 3302 pars
1186 3247 1400 3297 eorum,
1432 3246 1553 3301 qua;
1586 3232 1746 3287 nobis
1775 3233 2058 3298 eveniunt,
2089 3233 2218 3288 inde

2323 3205 3280 3316 σέιζὶνὲῷἷῆεέῖνζὲέρδὲπαεὲέιὶέτίᾆ
3316 3205 3899 3316 incitamenta,

632 3322 884 3378 accidant
927 3332 988 3377 ut
1026 3322 1134 3378 illis
1178 3325 1510 3395 castigemur
1548 3341 1613 3380 ac
1655 3324 2001 3390 erudiamur,
2036 3341 2100 3380 ac
2131 3325 2219 3381 vel

632 3413 908 3482 praeterita
943 3411 1141 3468 delicta
1173 3414 1453 3480 tollantur,
1479 3414 1566 3469 vel
1598 3429 1706 3483 qua
1737 3422 2021 3484 torpemus
2047 3415 2222 3487 negli-

633 3503 816 3572 gentia
854 3504 1202 3571 emendetur,
1248 3514 1343 3561 ant
1385 3505 1624 3577 denique
1652 3516 1716 3563 ut
1745 3505 1947 3562 futuris
1979 3508 2220 3577 peccatis

632 3592 723 3646 via
758 3594 1144 3663 praecludatur.
1176 3595 1279 3663 Qui
1328 3596 1498 3667 igitur
1542 3598 1728 3652 animo
1765 3604 1984 3666 reputat
2025 3584 2109 3651 ex.
2133 3598 2219 3655 his

632 3684 856 3754 aliquod
886 3685 941 3739 in
975 3701 1140 3740 causa
1179 3703 1321 3752 esse,
1353 3703 1454 3743 cur
1480 3688 1715 3744 tentatio
1743 3705 1881 3744 .eum
1919 3690 2216 3758 exceperit,

633 3775 946 3845 vapulando
990 3792 1100 3831 non
1143 3777 1486 3849 indignatur,
1522 3780 1828 3850 praesertim
1859 3795 1982 3834 cum
2017 3790 2073 3836 et
2104 3781 2221 3851 ipse

634 3867 740 3922 sibi
777 3869 986 3939 peccati
1029 3871 1285 3926 conscius
1319 3872 1392 3927 sit
1425 3888 1439 3926 :
1479 3887 1585 3927 nec
1617 3880 1873 3928 causatur
1910 3872 2086 3939 illum,
2120 3889 2222 3944 per

634 3973 798 4027 quem
853 3961 1086 4016 tentatio
1142 3962 1343 4017 accidit
1400 3962 1560 4033 (nam
1612 3964 1728 4019 sive
1776 3965 1912 4030 hoc,
1949 3965 2064 4020 sive
2113 3966 2222 4023 alio

634 4076 858 4130 operam
893 4064 1232 4129 conferente,
1264 4065 1574 4119 divinorum
1614 4065 1952 4137 judiciorum
1992 4067 2221 4121 calicem

634 4144 861 4206 omnino
892 4152 1084 4209 bibere
1129 4168 1256 4209 eum
1300 4154 1589 4225 oportuit),
1628 4155 1722 4210 sed
1757 4156 1814 4209 in
1848 4156 2020 4210 Deum
2049 4157 2224 4212 oculis

636 4244 933 4316 animoque
964 4245 1232 4313 intentus,
1263 4247 1315 4303 ei
1354 4249 1557 4320 gratias
1591 4249 1702 4320 agit
1742 4250 1899 4321 cujus
1934 4247 2224 4318 indulgen-

637 4334 710 4393 tia
735 4335 955 4401 accidit,
987 4351 1155 4407 seque
1185 4337 1300 4409 ipse
1326 4339 1532 4408 culpat,
1558 4354 1623 4394 ac
1650 4337 1818 4393 alacri
1846 4340 2031 4394 animo
2059 4339 2224 4394 disci-

637 4422 847 4490 plinam
901 4425 1167 4495 suscipit,
1213 4428 1365 4483 velut
1418 4443 1478 4484 se
1528 4428 1700 4483 David
1740 4428 1795 4482 in
1843 4427 2022 4503 Semci
2060 4429 2128 4494 “,
2161 4444 2225 4486 ac

639 4512 783 4569 sicut
809 4514 913 4569 Job
944 4515 1059 4584 ipse
1091 4531 1150 4571 se
1187 4517 1243 4571 in
1286 4534 1476 4586 uxore,
1509 4518 1767 4590 gessit“.
1812 4519 2085 4589 insipiens
2126 4535 2225 4575 au—
2252 4550 2299 4607 ι)

638 4610 772 4669 tem,
796 4606 932 4674 petit
960 4606 1077 4675 ipse
1104 4606 1324 4677 quidem
1357 4610 1502 4665 haud
1541 4624 1667 4665 raro
1701 4618 1761 4664 ut
1786 4610 1932 4664 Deus
1958 4611 2221 4667 miserea-

639 4700 767 4760 tnr',
795 4696 1230 4754 miscricordiam
1274 4708 1455 4757 tamen
1488 4701 1804 4756 venientem
1850 4716 1960 4756 non
2005 4702 2220 4775 recipit,

2320 3338 2524 3410 ἢπρδς
2575 3336 2959 3407 παρελθόντων
2999 3335 3288 3407 ἁμαρτιῶν
3337 3334 3644 3407 ἀναίρεσιν,
3681 3335 3715 3406 ἢ
3771 3334 3899 3405 πρὸς

2320 3428 2625 3499 ἐνεστώσης
2675 3428 2938 3499 ἀμελείας
2986 3427 3293 3499 διόρθωσιν,
3337 3426 3370 3498 ἢ
3406 3427 3544 3497 πρὸς
3603 3426 3899 3496 μελλόντων

2322 3520 2738 3591 ἁμαρτημάτων
2772 3519 2881 3592 [αι.
2926 3517 3456 3590 πλημμελημάτων]
3497 3519 3800 3589 ἀνακοπὴν.
3844 3517 3899 3569 '0

2321 3609 2414 3668 οὖν
2436 3610 2805 3682 λογιζόμενος,
2835 3612 2919 3665 ὅτι
2966 3610 3033 3664 δι’
3080 3609 3138 3664 ἒν
3183 3609 3387 3663 τούτων
3412 3608 3612 3677 συνέϐη
3657 3611 3689 3663 6
3716 3623 3896 3677 πειρα-

2323 3705 2477 3776 σμὸς,
2503 3704 2603 3756 οὐκ
2633 3703 2934 3771 ἀγανακτεῖ
2969 3700 3329 3770 τυπτόμενος,
3375 3700 3612 3768 μάλιστα
3656 3700 3751 3753 καὶ
3780 3715 3894 3751 συν-

2321 3794 2481 3859 ειδὼς
2526 3794 2707 3864 ἑαυτῷ
2754 3792 3062 3864 ἁμαρτίας·
3114 3791 3234 3845 οὐδὲ
3271 3792 3511 3845 αἰτιᾶται
3540 3791 3653 3852 τὸν,
3688 3790 3755 3843 δι’
3792 3781 3894 3841 οὗὸ

2323 3884 2657 3957 πειρασμός⁸
2685 3883 2789 3937 κάν
2811 3882 2918 3954 γὰρ
2949 3882 3018 3935 δι’
3045 3880 3231 3945 αὑτοῦ,
3264 3881 3367 3935 κᾶν
3386 3880 3454 3934 δι’
3482 3879 3667 3942 ἄλλου,
3695 3880 3895 3939 πάντως

2322 3979 2470 4030 πιεῖν
2512 3970 2626 4045 εἶχε
2658 3974 2766 4026 τῶν
2794 3970 2953 4025 θείων
2977 3972 3261 4043 χριμάτων
3278 3971 3340 4024 τὸ
3357 3972 3647 4053 ποτήριονς
3686 3968 3796 4023 ἀλλ’
3823 3968 3894 4029 είς

2320 4067 2413 4121 τὸν
2440 4065 2571 4118 Θεδν
2596 4061 2913 4126 ἀποϐλέπει,
2942 4064 3036 4115 καὶ
3062 4062 3375 4133 εὐχαριστεῖ
3400 4060 3478 4131 τῷ
3509 4058 3892 4130 συγχωρήσαν-

2321 4173 2395 4222 τι,
2432 4155 2527 4209 καὶ
2580 4153 2774 4208 ἑαυτὸν
2834 4153 3095 4217 αἰτιᾶται,
3129 4155 3225 4207 καὶ
3273 4153 3485 4222 δέχεται
3518 4153 3620 4222 τὴν
3661 4147 3892 4204 παιδείαν

2323 4244 2642 4316 προθύμως,
2674 4242 2863 4316 ὥσπερ
2889 4243 2916 4296 6
2942 4243 3110 4297 Aa6i6
3139 4243 3231 4296 ἐπὶ
3252 4242 3346 4296 τοῦ
3375 4240 3561 4313 Σεμεῖ,
3599 4248 3695 4296 καὶ
3720 4240 3889 4307 ὥσπερ

2320 4337 2351 4390 6
2388 4335 2507 4389 Ἰὼϐ
2537 4334 2630 4389 ἐπὶ
2658 4337 2754 4407 τῆς
2775 4333 3058 4402 γυναικός’
3094 4335 3123 4387 6
3152 4333 3208 4387 δὲ
3238 4334 3448 4405 ἄφρων,
3478 4334 3622 4386 αἰτεῖ
3653 4331 3749 4402 μὲν
3771 4326 3888 4380 πολε

2322 4425 2482 4492 λάκις
2506 4426 2597 4481 τὸν
2635 4426 2768 4480 Θεὸν
2800 4424 3090 4496 ἐλεηθῆναι
3112 4441 3128 4456 ο
3153 4425 3449 4497 ἐρχόμενον
3479 4424 3536 4477 δὲ
3555 4423 3618 4477 τὸ
3643 4422 3804 4483 ἕλεος,
3833 4417 3887 4470 οὔ

2326 4517 2712 4589 παραδέχεται,
2754 4514 2941 4586 ἐπειδὴ
2974 4515 3073 4586 οὐχ
3105 4515 3182 4578 ὡς
3212 4516 3420 4579 ἐκεῖνος
3454 4512 3670 4585 ἢθελεν,
3702 4508 3851 4582 ἦλθεν
3871 4519 3886 4535 '

2328 4610 2445 4665 ἀλλ’
2470 4609 2545 4675 ὡς
2572 4609 2755 4680 ἰατρὸς
2785 4608 2893 4663 τῶν
2920 4608 3108 4679 ψυχῶν
3138 4609 3440 4680 συμφέρειν
3484 4608 3752 4678 ἡγήσατο.
3792 4600 3888 4656 Καὶ

2330 4702 2419 4757 διά
2447 4700 2605 4755 τοῦτο
2640 4698 2896 4774 ὀλιγωρεῖ
2951 4700 3046 4755 καὶ
3082 4699 3425 4773 θορυϐεῖταισ
3474 4699 3571 4755 καὶ
3618 4696 3745 4752 ποτὲ
3780 4692 3885 4766 μὲν,

637 4875 686 4910 ⁸⁵
713 4876 893 4933 Eccle.
933 4893 969 4946 l,
999 4879 1091 4947 29,
1121 4879 1212 4935 '50.
1285 4879 1332 4914 “
1366 4880 1412 4935 Π
1448 4881 1583 4952 Reg.
1615 4896 1725 4947 XVI,
1759 4881 1847 4938 10.
1922 4881 1969 4915 “
2001 4881 2125 4939 Job.
2157 4897 2216 4949 ll,
2245 4880 2332 4938 10.

713 5034 787 5106 (b)
836 5036 1166 5101 Ἀνθέξεται
1210 5037 1622 5107 μακρόθυμος.
1651 5038 1811 5095 Hunc
1841 5038 2026 5096 locum
2055 5039 2220 5097 nobis

641 5107 917 5179 integrum
948 5106 1395 5179 s_eryavit}_l.ACI.
1424 5106 1604 5179 Baph.
1634 5109 1882 5165 Dufrenii
1916 5111 2041 5166 cod.
2071 5126 2221 5166 nunc

640 5177 865 5251 Regius,
887 5176 1189 5246 habuitque
1207 5177 1387 5251 Nobil‘.
1412 5178 1472 5232 In
1498 5176 1760 5235 Mazarin.
1786 5180 1913 5251 cod.
1937 5182 2223 5251 sequentia

639 5245 891 5320 breviata
922 5245 1114 5320 erant,
1138 5264 1243 5320 nec
1280 5249 1414 5304 satis
1442 5264 1510 5304 ex
1538 5250 1678 5305 sacri
1719 5245 2225 5320 scriptoris'sensu,

645 5317 742 5391 καὶ
769 5316 1006 5391 *ὕστερον
1039 5317 1305 5391 ἀναδώσει
1326 5321 1453 5383 τοὺς
1479 5320 1670 5391 λόγους
1703 5316 2191 5391 μετ””εὑφροσύνης
2207 5335 2223 5351 ’

639 5385 731 5456 τὸ,
757 5385 1061 5452 ἀνθέξεται,
1100 5388 1246 5443 idem
1282 5405 1347 5444 ac
1369 5430 1384 5453 ,
1439 5385 1714 5456 ἀνέξεταί
1755 5390 1893 5446 dicit
1928 5385 2121 5445 'Nobil.
2147 5385 2227 5444 'in

644 5452 969 5530 Scbol.,_sed
994 5458 1155 5530 longe
1181 5458 1326 5530 istud
1351 5461 1444 5515 hic
1470 5452 1656 5530 aptius
1669 5476 1732 5516 ac
1754 5461 2073 5530 expressius
2103 5477 2115 5512 :
2142 5469 2227 5516 est

644 5524 793 5602 enim
823 5525 905 5579 sic
928 5524 1234 5602 cohibere,
1255 5524 1521 5602 iramque'
1540 5540 1735 5602 tenere
1750 5524 2141 5602 ac'inlringerc
2170 5539 2229 5602 et

647 5594 1148 5670 sustinere._Vulg.
1214 5594 1466 5662 ἀνάδοσῐς
1504 5600 1843 5669 εὐφροσύνης
1891 5594 2043 5670 legit:
2078 5599 2226 5670 quod

646 5661 920 5736 reddidit,
949 5664 1016 5719 Et
1047 5661 1228 5736 po'stea
1264 5661 1486 5724 redditio
1512 5661 1860 5736 iucunditatis
1887 5686 1904 5724 :
1930 5661 2038 5724 nvec
2063 5661 2227 5724 aiiter

649 5729 744 5785 hic
765 5732 947 5786 Nobil.
978 5729 1280 5817 κακοζηλία
1322 5749 1478 5808 puto,
1506 5729 1703 5817 Latina
1725 5753 1824 5794 sua
1842 5739 2053 5817 Graecis
2077 5754 2227 5794 com-

656 5817 894 5871 ponere;
932 5803 1079 5871 quod
1129 5803 1266 5859 mihi
1295 5803 1398 5863 n'ec
1436 5803 1787 5865 commodum
1832 5809 1987 5873 satis,
2030 5825 2133 5865 nec
2158 5825 2225 5864 ex

2325 5039 2434 5097 ﬁde
2468 5037 2803 5114 interpretis
2831 5035 3389 5114 est._Unde_Sixtin:e
3440 5036 3733 5114 interpres,
3770 5030 3878 5114 etsi

2325 5126 2429 5167 nec
2466 5110 2582 5179 ipse
2611 5106 2744 5165 satis
2772 5107 3063 5180 expedite,
3105 5107 3175 5180 Et
3219 5116 3398 5180 postea
3452 5106 3700 5180 reddetur
3738 5106 3781 5158 ei
3798 5106 3880 5171 ju-

2328 5177 2590 5235 cunditas.
2620 5181 2740 5251 Vox
2768 5177 3063 5251 ἀναδώσει,
3085 5178 3165 5233 sic
3202 5178 3452 5233 absolute
3478 5177 3881 5251 pgsita,jneut_ra

2326 5261 2432 5313 est,
2458 5266 2562 5306 nec
2594 5250 2758 5304 aliter
2778 5248 3121 5318 exponenda,
3149 5262 3314 5316 quam
3347 5240 3495 5316 quod
3518 5246 3785 5301 Herodoto
3805 5240 3879 5293 di—

2326 5329 2533 5394 cuntur
2565 5317 3090 5394 ctrina}.ﬁvaooﬁwu.l
3119 5333 3413 5394 erumpere,
3449 5324 3687 5394 exstare,
3724 5319 3882 5394 scatuf

2326 5392 2435 5460 rire
2450 5408 2471 5458 ;
2498 5399 2563 5446 ut
2587 5387 2737 5460 quod
2758 5389 2863 5445 lsa.
2892 5404 3039 5449 Lvm.
3063 5388 3096 5442 8
3121 5405 3133 5440 :
3156 5387 3300 5460 Tunc
3325 5396 3567 5460 erumpet
3582 5387 3880 5460 matutinum

2328 5445 2505 5515 lumen
2553 5445 2735 5526 talum;
2774 5445 3087 5529 quanquam
3152 5456 3228 5529 ibi
3279 5465 3384 5520 est,
3440 5445 3750 5529 ῥαγήσεται.

2325 5531 2633 5601 elegantius
2663 5521 3054 5601 Jesu‘sASiraeh,
3081 5527 3176 5596 qui
3207 5528 3324 5601 ipse
3368 5521 3588 5601 scripsit
3609 5523 3807 5581 Graece,
3829 5521 3881 5601 ξεῖ

2327 5597 2531 5673 inut—Lua
2563 5601 2773 5673 lumina
2803 5597 2975 5673 Graeci
3015 5598 3310 5673 sermonis,
3343 5597 3450 5673 alia
3472 5597 3627 5673 longe
3645 5600 3877 5673 quam?!

2326 5664 2470 5724 LXX
2501 5669 2829 5725 Senioribus
2864 5686 2878 5722 :
2913 5668 2972 5722 in
3002 5667 3206 5736 quibus
3232 5667 3409 5727 ctiam,
3426 5664 3694 5722 laboravit
3722 5664 3879 5716 inter~

2326 5756 2475 5810 pres,
2499 5749 2563 5797 ut
2588 5755 2701 5796 non
2725 5749 2982 5796 accurate
3003 5738 3192 5793 omnia
3225 5736 3505 5793 redderet.
