4084 6332
179 360 328 425 929

1493 360 1725 421 LIBER
1764 360 2198 421 ASCETICUS.

3366 368 3472 431 93.2)

186 475 331 535 τοῖς
398 464 702 538 ἀνθρώποις
751 465 1058 538 θυμομαχεῖ
1085 482 1098 495 ·
1152 464 1282 519 ποτὲ
1315 465 1391 528 δὲ,
1445 467 1524 530 είς
1555 466 1646 519 τὸν
1676 467 1804 520 Θεὸν

1911 484 1977 522 eo
2005 467 2150 537 quod
2176 483 2282 521 non
2319 483 2388 523 co
2417 470 2579 524 modo
2608 485 2669 525 ae
2699 470 2792 526 ille
2826 471 3018 538 voluit,
3043 475 3224 542 venit;
3262 478 3356 532 sed
3382 496 3494 549 quo

193 561 561 632 βλασφημεῖ’
603 558 696 610 καὶ
745 557 846 626 μέν
882 573 965 609 τοι
1013 556 1107 608 καὶ
1133 555 1231 624 τὴν
1275 555 1668 626 ἀγνωμοσύνην
1701 556 1810 610 δει-

194 653 396 716 κνύει,
422 651 514 703 καὶ
542 649 690 719 παρά
734 646 927 718 ῥάϐδον
955 647 1026 716 (c)
1052 647 1112 700 οὐ
1143 646 1433 717 λαμϐάνει.

194 749 445 807 aestuat;
490 754 560 793 ac-
604 738 768 792 modo
811 737 1034 808 quidem
1086 738 1143 792 in
1184 738 1436 793 homines
1516 736 1598 793 ira
1671 738 2049 804 excandescit,

1916 558 2223 612 animorum
2272 559 2520 614 medicus
2563 560 2619 614 in
2670 575 2786 615 rem
2839 563 3086 618 conferre
3139 566 3491 625 existimavit.

1911 648 2280 715 Quamobrem
2343 650 2509 705 etiam
2567 651 2826 722 negligit,
2883 667 2948 706 ac
3011 669 3123 722 pra:
3183 659 3494 716 turbatione

2128 739 2293 794 modo
2338 749 2520 795 autem
2569 744 2627 795 in
2673 742 2846 798 Deum
2890 741 3059 797 verba
3141 743 3494 815 blasphemia:

191 834 368 903 jacit,
402 841 564 901 atque
596 832 734 886 adeo
781 831 1017 901 improbi
1059 833 1226 886 animi
1260 832 1434 886 labem
1466 832 1669 903 prodit,
1700 848 1804 888 nec
1838 841 2037 904 praeter
2060 834 2273 904 virgam
2298 835 2447 890 aliud
2477 837 2694 907 recipit.

285 934 402 994 κγ’.
433 928 541 981 Καὶ
583 929 612 980 6
654 925 909 996 ’Λδελφὸς
950 922 1107 978 εἴπεο
1143 927 1340 992 Καλῶς
1387 923 1568 990 εἴπας,
1599 928 1800 1000 Πάτερ·

198 1019 356 1073 ἀλλά
396 1018 702 1090 παρακαλῶ
730 1020 906 1072 εἰπεῖν
938 1036 1028 1089 μοι
1055 1019 1150 1072 καὶ
1169 1019 1347 1085 τοῦτο,
1384 1019 1501 1083 πῶς
1536 1021 1569 1091 η
1599 1022 1804 1090 ἐγκρά-

198 1127 338 1162 τεια
369 1110 623 1180 μαραίνει
643 1108 742 1179 τὴν
771 1108 1086 1178 ἐπιθυμίαν.
1112 1109 1222 1162 Kal.
1249 1108 1520 1180 ἀπεκρίθη
1546 1112 1574 1163 6
1602 1110 1804 1180 γέρωνυ

217 1203 456 1273 Ἐπειδὴ
488 1201 788 1271 ἀπέχεσθαι
818 1204 964 1254 ποιεῖ
993 1200 1230 1266 πάντων,
1251 1200 1361 1256 τῶν
1393 1201 1468 1273 μὴ
1502 1201 1690 1272 χρείαν
1716 1204 1808 1254 ὲκ-

202 1296 602 1368 πληρούντων,
633 1293 750 1349 ἀλλ’
783 1293 976 1365 ἡδονὴν
1021 1293 1393 1364 ἐμποιούντων
1414 1312 1430 1326 ·
1463 1296 1558 1348 καὶ
1593 1293 1807 1358 οὐδενὸς

211 1388 478 1458 μετέχειν
516 1387 680 1449 ποιεῖ,
731 1384 870 1453 πλὴν
904 1386 1038 1453 πρὸς
1066 1383 1125 1436 τὸ
1155 1383 1255 1454 ζῇν
1302 1383 1621 1452 ἀναγκαίων
1646 1399 1659 1412 ·
1684 1381 1805 1436 οὐδὲ

207 1479 290 1533 τὰ
327 1479 461 1548 ἡδέα
491 1476 729 1542 διώκειν,
769 1475 904 1528 ἀλλὰ
927 1477 994 1528 τά
1024 1475 1277 1545 ὠφέλιμα
1301 1491 1314 1505 ⁸
1351 1476 1442 1529 καὶ
1466 1475 1804 1545 συμμετρεῖν

208 1571 275 1624 δὲ
309 1572 380 1640 τῇ
413 1567 571 1639 χρείᾳ
599 1567 666 1621 τὰ
692 1565 952 1638 βρώματα
977 1567 1068 1620 καὶ
1097 1565 1166 1620 τὰ
1195 1565 1440 1635 πόματα·
1466 1565 1561 1617 καὶ
1587 1565 1688 1618 οὐκ
1710 1564 1804 1634 ὲᾷν

1982 928 2071 982 25.
2111 927 2183 983 Ει
2229 928 2369 983 dixit
2415 929 2584 984 frater
2619 947 2632 983 :
2665 929 2841 996 Bene,
2892 931 3072 996 Pater,
3122 930 3342 998 dixisti;
3395 934 3490 989 sed

1908 1018 2110 1073 amabo
2149 1026 2222 1084 te,
2249 1019 2354 1073 hoc
2387 1036 2608 1090 quoque
2640 1020 2836 1086 addas,
2869 1037 3105 1091 quonam
3135 1022 3298 1076 modo
3327 1024 3488 1078 absti-

1910 1109 2101 1164 nentia
2124 1111 2622 1180 concupiscentiam
2650 1123 2892 1167 maceret
2915 1119 3080 1182 atque
3105 1113 3340 1167 edomet.
3381 1113 3484 1167 Re.

1907 1201 2138 1272 spondit
2178 1217 2392 1258 senex:
2424 1203 2559 1269 Quia
2604 1203 2670 1258 iis
2717 1205 2974 1259 omnibus
3020 1205 3296 1259 abstinere
3338 1205 3488 1269 facit,

1911 1307 2035 1362 quae
2055 1307 2167 1346 non
2190 1301 2321 1346 sunt
2338 1293 2635 1347 necessarii
2657 1309 2809 1358 usus,
2838 1293 2934 1348 sed
2957 1294 3185 1366 delicias
3204 1295 3451 1364 praebent
3472 1312 3487 1347 :

1909 1397 2015 1436 nec
2059 1382 2267 1452 aliquid
2313 1382 2444 1436 sinit
2484 1397 2724 1447 sumere,
2759 1399 2922 1452 quam
2964 1383 3109 1453 quod
3147 1399 3370 1438 necesse
3408 1392 3492 1438 est

1907 1473 1976 1526 ad
2011 1467 2178 1527 vitam
2209 1473 2621 1528 sustentandam
2655 1491 2670 1526 :
2697 1488 2801 1528 nec
2831 1473 3100 1542 permittit
3123 1490 3186 1527 ea
3213 1475 3488 1544 persequi,

1905 1552 2034 1632 quae
2083 1562 2264 1622 dulcia
2314 1571 2462 1628 sunt,
2493 1563 2588 1617 sed
2639 1578 2762 1632 quae
2813 1563 2988 1626 utilia,
3020 1571 3074 1616 ct
3115 1572 3179 1617 ut
3214 1565 3399 1620 cibum
3437 1574 3495 1620 et

208 1661 300 1733 τῷ
329 1660 453 1732 [Fr.
487 1660 561 1730 μὴ
609 1661 702 1730 ὲᾷν
733 1661 790 1713 ὲν
824 1657 925 1728 τῷ]
961 1655 1173 1728 σώματι
1205 1657 1465 1728 περιττὴν
1491 1655 1766 1726 ὑγρότητα
1789 1669 1802 1683 ·

1908 1660 2101 1722 potum
2151 1654 2216 1708 ad
2257 1655 2420 1724 justas
2462 1654 2806 1708 necessitatis
2844 1654 3037 1709 modos
3077 1668 3490 1724 componamus,

213 1753 323 1807 καὶ
379 1753 545 1823 μόνην
595 1752 878 1821 συντηρεῖν
911 1751 1011 1819 τὴν
1065 1749 1210 1819 ζωὴν
1259 1747 1354 1800 τοῦ
1411 1747 1682 1818 σώματος,
1714 1745 1810 1798 καὶ

215 1842 582 1912 ἀνενόχλητον
637 1840 768 1894 αὐτὸ
814 1839 1102 1909 φυλάττειν
1161 1840 1242 1902 είς
1289 1837 1466 1908 ὁρμὴν
1499 1837 1805 1898 συνουσίας.

214 1933 413 1995 Οὕτως
453 1928 545 1986 οὖν
575 1933 607 2002 ἡ
641 1931 942 2002 ἐγκράτεια
971 1929 1069 2000 τὴν
1103 1929 1396 1999 ἐπιθυμίαν
1433 1929 1716 1998 μαραίνει⁶
1770 1929 1802 1997 ἡ

215 2025 279 2078 δὲ
311 2025 494 2097 ἡδονὴ,
525 2026 619 2078 καὶ
643 2021 926 2094 πλησμονὴ
949 2021 1056 2075 τῶν
1083 2020 1386 2092 βρωμάτων
1409 2021 1502 2074 καὶ
1522 2019 1805 2088 πομάτων,

215 2115 579 2188 ὲκθερμαίνει
605 2115 702 2188 τὴν
735 2115 1002 2184 γαστέρα,
1033 2115 1127 2166 καὶ
1159 2112 1453 2182 ἀναφλέγει
1481 2112 1580 2184 τὴν
1625 2109 1808 2183 ὄρεξιν

219 2211 363 2281 πρὸς
393 2209 621 2280 αἰσχρὰν
669 2207 982 2279 ἐπιθυμίαν,
1017 2207 1113 2260 καὶ
1160 2205 1280 2261 ὅλον
1311 2206 1542 2260 συνωθεῖ
1573 2206 1634 2260 τὸ
1668 2205 1808 2271 ζῶον

221 2303 366 2374 πρὸς
386 2303 485 2374 τὴν
505 2303 702 2372 ἄνομον
725 2301 939 2373 [ἄλογον
957 2302 1082 2371 fort.
1119 2299 1217 2370 leg.
1244 2298 1425 2353 Nobil.
1450 2299 1588 2370 quod
1618 2314 1808 2352 amen-

217 2403 336 2450 tem
369 2393 566 2466 reddit]
605 2393 771 2465 μίξιν.
801 2393 933 2446 Τότε
978 2393 1249 2463 ὀφθαλμοὶ
1281 2392 1538 2455 ἀναιδεῖς,
1569 2391 1662 2444 καὶ
1685 2389 1806 2460 χεὶρ

221 2482 581 2552 ἀχαλίνωτος,
612 2481 833 2551 γλῶσσα
861 2481 1096 2535 λαλοῦσα
1135 2481 1407 2554 θέλγητρα
1466 2479 1657 2548 ἀκοῆς,
1715 2478 1807 2530 καὶ

215 2567 319 2636 ὀὖς
350 2573 521 2641 ἀκοὴν
573 2572 807 2642 ματαίαν
855 2570 1320 2642 παραδεχόμενον·
1363 2569 1507 2632 νοῦς,
1546 2568 1641 2622 τοῦ
1671 2568 1806 2622 Θεοῦ

220 2663 614 2734 καταφρονῶν
650 2662 935 2734 καὶψυχὴ,
981 2663 1123 2716 κατὰ
1155 2661 1394 2716 διάνοιαν
1439 2661 1685 2731 μοιχείαν
1713 2661 1806 2730 ἐρ-

221 2754 524 2824 γαζομένη,
580 2754 672 2806 καὶ
730 2753 789 2806 τὸ
843 2753 1000 2823 σῶμα
1039 2752 1175 2824 πρὸς
1224 2751 1322 2823 τὴν
1350 2749 1588 2820 ἄθεσμον
1611 2748 1807 2820 πρᾶξιν

225 2845 627 2916 ἐκκαλουμένη.

303 2937 402 2992 κδ’.
438 2939 545 2990 Καὶ
574 2939 602 2990 6
640 2935 892 3004 ’Δδελφδς
927 2934 1060 3005 ἔφη’
1109 2933 1227 2986 Ἐπ’
1265 2933 1543 3002 ἀληθείας,
1600 2933 1804 3006 Πάτερ,

1907 1759 2014 1799 nec
2039 1744 2346 1813 superﬂuos
2363 1743 2578 1814 corpori
2606 1744 2867 1799 humores
2887 1760 3266 1814 congeramus,
3289 1746 3489 1801 solam-

1907 1850 2017 1904 que
2069 1835 2318 1905 corporis
2368 1835 2534 1889 vitam
2587 1849 2807 1890 servare
2863 1834 3202 1900 studeamus,
3241 1843 3432 1905 atque
3461 1853 3494 1892 a

1905 1925 2164 1980 coitionis
2192 1927 2442 1996 appetitu
2489 1926 2726 1979 liberum
2760 1925 3154 1981 custodiamus.
3195 1916 3286 1980 Sic
3326 1926 3495 1996 igitur

1903 2017 2243 2072 abstinentia
2294 2015 2797 2086 concupiscentiam
2847 2024 3091 2070 macerat
3143 2024 3308 2084 atque
3363 2015 3495 2070 edo-

1906 2119 2064 2164 mat:
2102 2110 2355 2179 voluptas
2413 2123 2580 2172 vero,
2629 2106 2850 2176 cibique
2909 2122 2973 2162 ac
3023 2115 3185 2176 potus
3235 2108 3496 2163 saturitas

1906 2201 2086 2254 ventri
2130 2202 2368 2256 calorem
2400 2198 2678 2263 conciliat,
2705 2206 2762 2253 et
2799 2198 2868 2253 ad
2905 2199 3080 2269 turpis
3116 2196 3494 2269 3781ibidi-

1906 2292 1995 2345 nis
2022 2292 2324 2362 appetitum
2351 2291 2624 2354 accendit,
2654 2298 2942 2360 totumque
2973 2289 3174 2343 animal
3208 2289 3276 2343 ad
3315 2288 3492 2358 illegi-

1909 2384 2057 2438 timze
2099 2384 2311 2454 copulae
2351 2383 2508 2437 devia
2547 2382 2850 2437 contrudit.
2884 2382 3039 2436 Tunc
3083 2382 3273 2436 lascivi
3321 2382 3490 2449 oculi,

1907 2473 2132 2527 effrenis
2156 2488 2370 2538 manus,
2390 2472 2577 2542 lingua
2598 2473 2830 2541 loquens
2853 2487 2973 2540 quae
2992 2486 3155 2525 aures
3177 2472 3489 2538 mulceant;

1907 2564 2058 2618 auris
2081 2565 2326 2618 inanium
2353 2563 2546 2628 avida;
2575 2577 2731 2616 mens
2755 2562 2927 2616 Deum
2951 2576 3251 2630 spernens;
3277 2562 3494 2617 animus

1908 2669 2094 2709 secum
2142 2654 2259 2724 ipse
2304 2652 2577 2722 cogitandi
2622 2660 2747 2707 actu
2791 2651 3118 2710 adulterium
3163 2660 3404 2720 patrans,
3435 2659 3494 2705 et

1907 2749 1976 2801 ad
2007 2745 2242 2800 nefanda
2273 2745 2498 2800 sceleris
2526 2744 2646 2814 ipso
2671 2759 2838 2814 Opere
2864 2757 3064 2812 corpus
3091 2758 3416 2812 provocans.

1975 2944 2067 3000 24.
2111 2944 2201 3000 Ait
2227 2944 2396 3001 frater
2427 2962 2440 2999 :
2469 2945 2610 3000 Vere
2642 2945 2716 2999 ita
2748 2959 2826 3010 se,
2871 2943 3050 3009 Pater,
3086 2944 3390 3010 reS'habet,
3429 2953 3492 2999 ut

227 3025 404 3090 οὕτως
445 3025 589 3095 ἔχει’
626 3023 762 3078 ἀλλά
817 3021 1120 3103 παρακαλῶ
1172 3022 1362 3092 μαθεῖν
1407 3024 1502 3076 καὶ
1551 3024 1679 3095 περὶ
1707 3025 1804 3095 τῆς

1907 3036 2078 3102 dicis;
2120 3052 2312 3090 verum
2358 3051 2492 3106 rogo
2533 3043 2595 3090 ut
2636 3045 2693 3090 et
2734 3035 2803 3091 de
2845 3036 3092 3090 oratione
3130 3034 3349 3099 doceas,
3382 3051 3490 3105 qua

228 3119 555 3189 προσευχῆς,
583 3116 699 3178 πῶς
728 3115 949 3187 χωρίζει
971 3115 1060 3168 τὸν
1082 3113 1206 3167 νοῦν
1231 3115 1446 3169 πάντων
1471 3115 1580 3168 τῶν
1603 3117 1809 3187 νοημάο

228 3228 358 3266 των.
391 3211 503 3264 Καὶ
531 3208 801 3280 ἀπεκρίθη
829 3210 856 3261 6
879 3207 1055 3278 γέρων
1077 3223 1093 3238 ο
1120 3206 1201 3259 Td:
1232 3209 1502 3278 νοήματα,
1535 3207 1644 3262 τῶν
1668 3226 1806 3280 πρα-

229 3301 453 3373 γμάτων
484 3303 590 3355 είσὶ
633 3302 880 3370 νοήματα
903 3313 917 3327 ο
966 3299 1076 3352 τῶν
1103 3298 1157 3352 δὲ
1200 3299 1562 3369 πραγμάτων,
1608 3300 1677 3352 τὰ
1705 3301 1806 3370 μὲν

229 3394 366 3445 εἰσὶν
399 3392 650 3461 αίσθητά·
684 3389 753 3443 τά
801 3389 878 3455 δὲ,
923 3389 1107 3461 νοητά.
1155 3389 1244 3449 Ἐν
1292 3390 1475 3453 αὐτοῖς
1503 3386 1594 3444 οὖν
1622 3393 1650 3445 6
1680 3392 1805 3456 νοῦς

224 3481 536 3552 διατρίϐων,
561 3481 628 3535 τὰ
659 3482 905 3551 νοήματα
930 3479 1110 3534 αὐτῶν
1144 3479 1466 3550 περιφέρει·
1499 3482 1532 3551 ἡ
1565 3481 1622 3534 δὲ
1644 3483 1805 3552 χάρις

235 3575 327 3641 τῆς
349 3572 675 3642 προσευχῆς,
734 3569 811 3640 τῷ
845 3569 964 3639 Θεῷ
991 3571 1250 3623 συνάπτει
1305 3571 1398 3624 τὸν
1451 3571 1607 3624 νοῦν·
1636 3572 1714 3642 τῷ
1747 3573 1804 3626 δὲ

229 3662 347 3733 Θεῷ
384 3663 748 3726 συνάπτουσα,
783 3660 1023 3730 χωρίζεῖκ
1057 3662 1275 3714 πάντων
1326 3661 1435 3715 τῶν
1493 3663 1799 3733 νοημάτων.

234 3753 364 3804 Τότε
393 3753 420 3803 6
441 3751 564 3812 νοῦς
589 3749 793 3818 γυμνὸς
831 3749 980 3818 αὐτῷ
1013 3749 1108 3820 [αι.
1142 3750 1220 3819 τῷ
1248 3751 1389 3821 Θεῷ]
1430 3753 1799 3821 προσομιλῶν,

233 3840 468 3910 θεοειδὴς
488 3841 715 3907 γίνεται.
748 3839 995 3901 Τοιοῦτος
1020 3839 1072 3891 δὲ
1096 3840 1397 3908 γινόμενος,
1427 3842 1496 3892 τὰ
1525 3841 1803 3910 πρέποντα

235 3932 358 4001 παρ’
387 3930 551 3983 αὐτοῦ
585 3931 746 3993 αἰτεῖ,
777 3929 870 3981 καὶ
894 3928 994 3998 τῆς
1019 3929 1254 3998 δεήσεως
1281 3929 1444 3982 αὑτοῦ
1474 3931 1535 3982 οὐ
1564 3931 1799 4002 διαμαρ-

235 4022 377 4075 τάνει
399 4021 546 4073 ποτέ.
580 4019 678 4073 Διά
704 4019 862 4075 τοῦτο
883 4012 980 4086 οὖν
1005 4021 1034 4073 6
1064 4018 1384 4083 Ἀπόστολος
1409 4019 1803 4086 ἀδιαλείπτως

237 4110 442 4165 κελεύει
477 4109 896 4182 προσεύχεσθαι,
923 4109 1009 4161 ἵνα
1034 4108 1126 4163 τὸν
1155 4108 1280 4163 νοῦν
1316 4109 1394 4180 τῷ
1416 4109 1536 4180 Θεῷ
1562 4111 1802 4180 συνεχῶς

239 4205 611 4265 συνάπτοντες,
663 4199 804 4254 κατά
857 4201 1052 4271 μικρὸν
1111 4199 1513 4272 ἀπορρήξωμεν
1565 4202 1664 4272 τῆς
1689 4200 1800 4255 τῶν

239 4293 431 4348 ὑλικῶν
462 4291 858 4364 προσπαθείας.

1907 3128 1998 3182 illa
2055 3129 2268 3182 ratione
2323 3127 2393 3180 ab
2453 3127 2712 3181 omnibus
2763 3126 3190 3197 cogitationibus
3249 3137 3488 3180 mentem

1905 3221 2120 3275 avellat.
2185 3219 2490 3289 Respondit
2549 3234 2717 3274 senex
2769 3237 2782 3272 :
2831 3217 3203 3288 Cogitationes
3263 3233 3328 3273 ac
3399 3235 3489 3272 ra-

1905 3309 2114 3370 tiones,
2166 3324 2351 3362 rerum
2395 3308 2760 3380 cogitationes
2805 3315 2971 3378 atque
3022 3309 3268 3362 rationes
3321 3316 3486 3374 sunt;

1905 3415 2091 3462 rerum
2135 3408 2316 3454 autem
2356 3399 2477 3454 alia:
2525 3407 2653 3453 sunt
2691 3415 2812 3469 quae
2853 3399 2956 3453 sub
2997 3414 3220 3453 sensum
3257 3397 3484 3464 cadunt,

1904 3490 2024 3545 alite
2052 3505 2173 3560 quae
2215 3489 2400 3544 animo
2449 3489 2851 3560 intelliguntur.
2887 3491 2947 3544 ln
2987 3490 3073 3544 his
3118 3490 3284 3560 igitur
3333 3507 3491 3546 mens

1905 3596 2112 3635 moram
2163 3581 2406 3645 trahens,
2441 3595 2630 3634 eorum
2666 3580 3026 3650 cogitationes
3066 3579 3382 3634 circumfert
3424 3595 3492 3634 ac

1903 3671 2176 3736 rationes;
2207 3671 2474 3726 orationis
2505 3680 2686 3725 autem
2723 3672 2917 3741 gratia.
2949 3679 3187 3725 mentem
3217 3671 3329 3724 Deo
3358 3688 3491 3725 con-

1899 3760 2108 3830 jungit;
2141 3774 2315 3828 eaque
2347 3761 2464 3828 ipsa
2501 3759 2715 3812 ratione
2750 3766 2806 3814 et
2836 3760 2981 3828 quod
3020 3760 3132 3813 Deo
3170 3761 3485 3828 conjungat,

1905 3864 1935 3902 a
1983 3847 2200 3902 cunctis
2250 3849 2678 3918 cogitationibus
2731 3864 2796 3904 ac
2852 3849 3163 3903 rationibus
3217 3850 3484 3919 alijungit.

1904 3935 2061 3989 Tunc
2089 3935 2351 3992 nimirum
2382 3952 2536 3990 mens
2566 3939 2710 3993 nuda
2749 3953 2872 3992 cum
2900 3939 3013 3992 Deo
3042 3954 3268 3992 versans
3298 3939 3487 4007 illique

1903 4037 2247 4086 assuescens,
2283 4023 2567 4079 deiformis
2596 4025 2820 4096 (divinis
2853 4026 3063 4080 scilicet
3110 4041 3339 4080 corusca
3383 4027 3486 4081 do-

1904 4111 2088 4184 tibus)
2137 4112 2339 4168 evadit.
2390 4114 2509 4170 Jam
2559 4130 2691 4170 vero
2737 4132 2858 4185 qua:
2908 4117 3032 4170 talis
3075 4116 3330 4182 exsistat,
3365 4134 3487 4187 quae

1902 4204 2133 4260 honesta
2162 4206 2272 4261 sint
2304 4222 2370 4261 ac
2400 4207 2632 4261 deceant
2660 4207 2729 4262 ab
2762 4208 2856 4262 illo
2899 4207 3074 4277 petit,
3107 4223 3210 4262 nec
3241 4224 3483 4277 unquam

1901 4294 2201 4350 frustratur
2227 4297 2360 4367 quin
2398 4295 2650 4366 accipiat,
2687 4313 2810 4367 quae
2835 4299 3084 4351 oratione
3117 4298 3312 4352 oravit.
3346 4298 3486 4353 llinc

238 4392 394 4462 igitur
423 4397 509 4446 est
544 4404 643 4444 cur
668 4388 963 4458 Apostolus
1005 4388 1116 4442 sine
1163 4388 1550 4442 intermissione
1597 4403 1756 4445 orare
1787 4391 2016 4463 jusserit
2051 4392 2118 4459 ",
2150 4401 2212 4448 ut
2254 4407 2452 4463 nempe
2485 4392 2702 4448 assidue
2730 4393 2842 4448 Deo
2870 4401 3110 4447 mentem
3144 4393 3481 4462 copulantes,

237 4504 265 4543 a
298 4500 642 4542 terrenorum
674 4483 934 4554 paulatim
966 4483 1196 4538 libidine
1226 4483 1634 4554 abrumpamus.

301 4581 394 4635 κε’.
428 4580 538 4634 Καὶ
563 4581 590 4632 6
630 4577 883 4646 Ἀδελφὺς
915 4573 1056 4630 εἷπε·
1087 4579 1199 4632 Kal.
1226 4578 1342 4643 πῶς
1369 4579 1397 4631 6
1417 4577 1543 4641 νοῦς
1571 4577 1794 4633 δύναται

1965 4580 2056 4636 25.
2096 4581 2189 4635 Ait
2224 4579 2393 4635 frater
2421 4597 2434 4634 :
2462 4579 2650 4648 Ecqua
2679 4594 2813 4634 vero
2841 4577 3056 4632 ratione
3087 4576 3199 4642 fiat,
3233 4585 3294 4631 ut
3328 4558 3482 4632 mens

237 4674 586 4736 ἀδιαλείπτως
616 4669 1046 4743 προσεύχεσθαι·
1095 4671 1192 4724 καὶ
1228 4670 1337 4742 γάρ
1370 4671 1663 4741 ψάλλοντες
1713 4673 1806 4725 καὶ

239 4766 688 4835 ἀναγινώσκοντες
717 4765 810 4818 καὶ
851 4763 1309 4833 συντυγχάνοντες
1349 4765 1444 4816 καὶ
1491 4763 1805 4839 διακονοῦνς

237 4875 338 4922 τες,
395 4858 475 4921 εἰς
511 4855 682 4910 πολλά
732 4855 894 4909 αὐτὸν
927 4851 1285 4925 περισπῶμεν
1317 4855 1566 4924 νοήματά
1613 4872 1672 4908 τε
1711 4853 1808 4908 καὶ⁸

240 4948 581 5019 θεωρήματα.
617 4947 727 5001 Καὶ
755 4945 1030 5018 ἀπεκρίθη
1053 4946 1082 4998 6
1105 4945 1284 5016 γέρων
1306 4960 1320 4976 ο
1357 4946 1522 4999 Οὐδὲν
1544 4945 1652 4999 τῶν
1682 4946 1809 4999 ἀδυ-

240 5039 400 5093 νάτων
428 5041 462 5111 ἡ
494 5038 615 5091 θεία
669 5037 862 5110 Γραφὴ
896 5037 1268 5110 προστάσσει·
1303 5038 1426 5091 ἐπεὶ
1454 5039 1551 5092 καὶ
1589 5032 1752 5101 αὐτὸς
1779 5037 1808 5092 ὁ

299 5195 338 5227 ⁵⁷
370 5194 392 5249 1
427 5193 623 5250 Thess.
659 5211 714 5255 v.
743 5195 830 5250 l7.

304 5331 368 5404 (c)
399 5331 504 5404 Kal
531 5331 692 5404 παρὰ
734 5330 979 5404 ρίἁὸἶδον.
1026 5329 1211 5404 Nobil.
1256 5320 1659 5404 πατρξοςηιεδιι,
1718 5326 1799 5381 sic

241 5397 421 5470 nein'pe
446 5397 690 5456 breviata
729 5397 995 5465 dictione,
1043 5410 1100 5455 et
1147 5401 1204 5454 in
1235 5415 1341 5468 qua
1372 5397 1537 5454 facile
1564 5397 1669 5451 fuit
1699 5411 1798 5470 e3-

243 5465 723 5544 scribcntirerrare.
755 5472 823 5544 Et
854 5484 1134 5544 paternam
1175 5465 1380 5539 virgam
1409 5477 1706 5544 aversatnr.
1736 5465 1797 5521 In

243 5558 338 5610 quo
392 5543 531 5596 nihil
583 5538 864 5597 acuminis
904 5551 1020 5604 est,
1067 5538 1341 5610 certzeque
1396 5538 1689 5593 antithesis
1729 5551 1794 5590 ex

243 5609 443 5667 Maximi
483 5612 644 5682 genio
681 5630 694 5665 :
735 5613 874 5666 bene
911 5621 1096 5682 autem
1130 5610 1184 5663 in
1215 5609 1471 5682 lectione,
1505 5623 1670 5682 quam
1713 5623 1798 5682 se—

245 5698 386 5752 quor.
420 5676 698 5752 Significat
729 5682 875 5737 enim
909 5679 1047 5736 nihil
1095 5693 1281 5752 Operae
1316 5676 1538 5752 facere,
1565 5678 1674 5752 _q_ui
1718 5676 1799 5730 sic

246 5747 452 5809 moleste
471 5747 656 5821 liabet,
681 5753 828 5824 quod
847 5747 1161 5824 castigatur,
1191 5748 1285 5820 qui
1305 5755 1362 5804 et
1385 5747 1792 5821 irnprobitatem

1900 4673 2020 4728 sine
2066 4671 2476 4728 intermissione
2521 4671 2680 4725 oret?
2711 4671 3049 4725 Psalmorum
3103 4669 3248 4722 enim
3310 4685 3482 4738 penso

1900 4771 1958 4819 et
1982 4763 2240 4828 lectione,
2268 4770 2324 4816 et
2353 4777 2664 4817 sermonem
2691 4761 2973 4816 miscendo
3002 4775 3065 4813 ac
3097 4759 3478 4825 ministrando;

1902 4852 1960 4907 in
2009 4853 2212 4907 multos
2269 4865 2390 4907 eam
2451 4853 2722 4922 cogitatus
2779 4866 3046 4920 sensaque
3103 4850 3477 4905 distrahimus.

1902 4943 2210 5014 Respondit
2245 4957 2415 4998 senex
2444 4959 2458 4995 :
2496 4941 2644 5001 Nihil
2681 4940 2952 5012 ejusmodi
2988 4939 3173 4994 divina
3199 4937 3480 5006 Scriptura

1902 5035 2170 5106 praecipit,
2212 5033 2359 5105 quod
2407 5033 2655 5103 praestari
2706 5048 2816 5088 non
2859 5032 3052 5103 possit.
3098 5031 3234 5084 Nam
3268 5037 3324 5083 et
3361 5028 3478 5112 ipse

1899 5325 2118 5396 prodat,
2137 5339 2242 5396 nec
2264 5325 2411 5380 levet
2433 5339 2610 5396 poena:
2635 5323 3014 5396 acerbitatem,
3032 5321 3129 5376 sed
3152 5322 3328 5396 magis
3352 5339 3478 5396 gra-

1899 5393 2012 5449 vet.
2039 5395 2195 5461 Quod
2230 5395 2353 5449 aliis
2385 5393 2691 5458 subditum,
2738 5393 3105 5463 παράκλησιν,
3134 5393 3312 5463 palam
3338 5395 3476 5462 glos-

1899 5480 2046 5534 sema
2072 5475 2174 5521 est.
2206 5465 2385 5519 Nolim
2415 5464 2668 5534 pluribus
2705 5461 2936 5517 onerare
2969 5463 3246 5534 chartam;
3274 5461 3472 5534 ipsum,

1897 5533 2093 5598 lector,
2153 5535 2199 5589 si
2252 5530 2444 5603 parato
2488 5534 2672 5586 animo
2724 5541 3010 5586 auctorem
3059 5531 3281 5603 adieris,
3326 5530 3473 5586 haud

1897 5603 2094 5658 leviter
2122 5619 2191 5658 ex
2228 5600 2321 5657 illo
2370 5603 2436 5658 ad
2479 5603 2804 5658 charitatem
2851 5610 2908 5657 ct
2945 5600 3425 5670 compunctionem
3455 5641 3470 5665 ,

1896 5689 2017 5797 gaza
2068 5674 2181 5730 duo
2219 5675 2380 5730 nobis
2405 5674 2644 5728 maxima
2682 5671 2738 5727 in
2783 5673 2871 5728 via
2901 5669 3199 5744 spirituali,
3234 5669 3473 5728 aedifica-

1935 5757 2066 5797 ens.

1935 5757 2066 5799 eris.
