4084 6332
636 301 743 369 931
844 309 850 315 ’

1808 295 1867 357 S.
1908 296 2198 359 ΜΑΧῙΜΙ
2238 292 2751 357 CONFESSOIIIS

3877 290 3993 354 932

637 415 936 489 Apostolus
962 424 1018 470 et
1047 411 1313 485 psallebat
1339 420 1396 467 et
1422 410 1636 483 legebat
1672 417 1730 464 ct
1766 408 2138 476 ministrabat,
2162 416 2219 463 et

2333 406 2654 471 Ἀπὸστολος
2683 405 2777 460 καὶ
2798 403 3026 476 ἔψαλλεν
3048 402 3145 459 καὶ
3161 403 3524 472 ἀνεγίνωσκε
3563 397 3686 455 καὶ
3709 397 3986 469 διηκόνει,

641 516 827 563 tamen
861 508 978 562 sine
1019 503 1432 558 intermissione
1469 502 1683 557 orabat.
1720 500 1877 556 Tunc
1914 501 2065 557 enim
2105 500 2230 571 quis

640 598 763 654 sine
804 594 1208 652 intermissione
1249 601 1391 659 orat,
1420 607 1557 663 cum
1602 591 1772 646 multa
1812 591 2126 647 reverentia
2165 606 2230 647 ac

639 704 851 753 amore,
884 688 996 742 Deo
1027 694 1210 741 mente
1246 684 1511 751 adbazret,
1543 692 1707 753 atque
1737 682 1808 737 ab
1850 682 1972 752 ejus
2009 696 2229 753 semper

639 795 736 849 spe
769 779 1001 850 pendet;
1046 785 1103 833 et
1133 777 1188 831 in
1226 776 1507 839 omnibus,
1550 773 1824 845 quidquid
1858 781 2034 845 gerat,
2062 773 2229 843 quid-

637 870 769 941 quid
801 870 1030 936 accidat,
1062 868 1117 923 in
1145 869 1240 923 illo
1266 866 1523 923 ﬁduciam
1551 866 1735 921 habet.
1764 866 1827 921 In
1845 880 1973 921 eum
2002 864 2228 920 modum

636 960 868 1017 allectus
916 959 1234 1030 Apostolus,
1280 957 1462 1014 aiebat
1502 975 1516 1011 :
1554 956 1680 1023 Quis
1735 973 1827 1010 nos
1876 956 2145 1027 separabit
2193 973 2228 1010 a

636 1055 896 1109 charitate
932 1051 1167 1107 Christi?
1210 1049 1523 1114 tribulatio,
1568 1067 1639 1103 an
1684 1048 1988 1119 angustiw?
2018 1055 2075 1102 et
2105 1061 2228 1117 quas

642 1155 956 1216 sequuntur
986 1143 1054 1197 ⁸⁸.
1111 1144 1181 1198 Et
1226 1152 1351 1214 post
1403 1158 1576 1213 pauca
1614 1159 1626 1196 :
1661 1140 1847 1197 Certus
1896 1157 2015 1195 sum
2063 1140 2224 1205 enim,

637 1239 766 1309 quia
823 1252 990 1307 neque
1053 1252 1229 1301 mors,
1282 1251 1446 1305 neque
1503 1236 1647 1300 vita,
1714 1250 1880 1304 neque
1949 1232 2126 1303 angeli
2158 1232 2223 1287 η.

636 1328 706 1383 Ει
757 1328 957 1382 iterum
1007 1344 1020 1380 :
1069 1317 1161 1381 In.
1194 1326 1437 1380 omnibus
1495 1324 1896 1379 tribulationem
1953 1324 2223 1395 patimur,

635 1418 730 1473 sed
778 1435 884 1472 non
933 1418 1339 1488 angustiamur;
1401 1417 1738 1486 aperiantur,
1780 1413 1871 1468 sed
1906 1428 2012 1467 non
2061 1412 2224 1467 desti-

639 1512 872 1577 tnimur;
945 1511 1362 1580 persecutionem
1428 1508 1687 1578 patimur,
1747 1505 1839 1560 sed
1897 1521 2005 1558 non
2068 1504 2223 1558 dere-

639 1602 965 1673 linquimur;
1033 1601 1349 1671 dejicimur,
1401 1600 1495 1654 sed
1550 1615 1653 1652 non
1706 1600 1959 1670 perimus.
2005 1596 2225 1667 Semper

637 1694 1099 1763 mortiﬁcationem
1136 1691 1302 1764 379
1340 1691 1553 1747 Domini
1588 1690 1715 1746 Iesu
1756 1692 1812 1744 in
1855 1702 2076 1761 corpore
2113 1689 2222 1742 cir-

2331 499 2427 553 καὶ
2447 497 2804 560 ἀδιαλείπτως
2850 494 3193 568 προσηύχετο
3257 492 3680 555 ’Δδιάλειπτος
3709 492 3830 562 γάρ
3866 492 3983 544 ἐστι

2330 588 2631 662 προσευχὴ,
2671 589 2734 643 τὸ
2760 589 2849 643 τὸν
2878 588 3002 643 νοῦν
3035 587 3181 658 ἔχειν
3205 589 3265 642 ὲν
3299 586 3587 657 εὐλαϐείᾳ
3628 583 3824 657 πολλῇ
3881 587 3979 638 καὶ

2329 679 2481 750 πόθῳ
2509 678 2904 749 προσκείμενον
2925 676 3007 750 τῷ
3042 677 3107 730 Θι
3124 676 3182 746 ἶ),
3215 678 3311 731 καὶ
3357 677 3464 747 τῆς
3521 675 3778 738 ἐλπίδος
3806 675 3970 729 αὐτοῦ

2328 771 2417 827 ἀεὶ
2470 769 2926 842 ἀποκρέμασθαι·
2965 770 3062 823 καὶ
3090 770 3170 831 είς
3201 769 3363 823 αὐτὸν
3412 766 3675 840 θαρῤἒῖν
3705 767 3775 819 ἐν
3809 768 3965 832 πᾶσι,

2327 865 2440 928 τοῖς
2475 879 2536 916 τε
2575 862 2761 934 ἔργοις
2789 862 2881 916 καὶ
2909 862 3021 924 τοῖς
3058 859 3475 932 συμϐαίνουσιν.
3506 858 3731 920 Οὕτως
3756 857 3967 912 διακεί-

2331 972 2494 1026 μενος
2523 954 2552 1007 δ
2602 952 2943 1016 Ἀπόστολος,
2981 951 3135 1019 ἔλεγε
3158 968 3173 982 ο
3215 953 3313 1017 Τίς
3334 949 3505 1021 ἡμᾶς
3536 948 3824 1017 χωρίσει
3849 947 3968 1001 ἀπὸ

2327 1044 2433 1115 τῆς
2458 1045 2696 1116 ἀγάπης
2726 1044 2833 1099 τοῦ
2852 1044 3112 1114 Χριστοῦ
3134 1059 3147 1072 ’
3172 1043 3381 1112 θλίψις
3396 1058 3418 1107 ;
3450 1042 3491 1110 ἢ
3518 1040 3966 1109 στενοχωρίας

2327 1139 2423 1192 καὶ
2461 1139 2529 1192 τὰ
2567 1138 2715 1210 ἑξῆς.
2755 1138 2865 1192 Kal
2896 1139 3014 1208 μετ’
3049 1137 3240 1206 ὀλίγα·
3276 1137 3639 1205 Πέπεισμαι
3695 1132 3843 1203 γὰρ,
3873 1132 3965 1186 ὅτι

2326 1230 2464 1285 οὔτε
2485 1228 2766 1296 θάνατος,
2800 1230 2940 1285 οὔτε
2968 1229 3100 1299 ζωὴ,
3123 1229 3263 1284 οὔτε
3289 1228 3572 1298 ἄγγελοι.
3607 1226 3743 1280 Καὶ
3768 1226 3959 1280 πάλιν*

2339 1322 2437 1375 Ἐν
2493 1320 2677 1376 παντί
2710 1322 3070 1391 θλιϐόμενοι,
3097 1320 3195 1375 καί
3223 1321 3296 1375 οὐ
3338 1319 3958 1388 στενοχωρούμενοι·

2324 1413 2743 1484 ἀπορούμενοι,
2782 1413 2881 1467 καί
2922 1414 3034 1466 οὐκ
3083 1411 3563 1480 ἐξαπορούμενοι
3588 1426 3605 1440 ·
3658 1409 3957 1480 διωκόμε-

2323 1519 2440 1568 νοι,
2478 1504 2618 1558 ἀλλ’
2669 1505 2741 1558 οὐ
2785 1505 3405 1573 καταλιμπανόμενον
3453 1503 3948 1572 καταϐαλλόμε-

2323 1614 2438 1663 νοι,
2468 1597 2607 1652 ἀλλ’
2642 1600 2753 1653 οὐκ
2775 1598 3203 1668 ἀπολλύμενοι.
3226 1595 3493 1651 Πάντοτε
3527 1595 3661 1664 τὴν
3718 1595 3951 1665 νέκρωο
4050 1662 4051 1669 χ

2322 1706 2430 1745 σιν
2457 1690 2565 1745 τοῦ
2584 1691 2806 1759 Κυρίου
2853 1689 3059 1757 Ἰησοῦ
3085 1690 3157 1743 ἐν
3184 1687 3267 1754 τῷ
3288 1688 3516 1759 σώματι
3558 1687 3948 1757 περιφέρον-
4050 1674 4051 1713 Ῡ

636 1761 1005 1856 cumferentes,
1031 1794 1090 1840 ut
1123 1761 1173 1839 et
1202 1761 1313 1839 sila
1353 1782 1480 1839 Jesu
1520 1783 1887 1854 manifestetur
1914 1784 1971 1838 in
2003 1782 2221 1838 mortali

2322 1799 2442 1849 τες,
2469 1782 2571 1836 ἵνα
2607 1772 2778 1851 καὶῆ
2812 1779 2925 1851 ζωὴ
2965 1781 3072 1837 τοῦ
3115 1780 3320 1850 Ἰησοῦ
3352 1778 3695 1852 φανερωθῇ
3757 1781 3839 1835 ἐν
3880 1779 3950 1850 τῇ

635 1891 797 1929 carne
829 1883 1012 1928 nostra
1046 1874 1112 1928 '°.

703 1965 791 2021 26.
834 1966 892 2020 In
937 1965 1086 2020 hunc
1134 1964 1302 2035 igitur
1352 1963 1577 2019 modum
1625 1963 1855 2020 all‘ectus
1894 1964 2219 2036 Apostolus,

634 2059 754 2114 sine
794 2057 1207 2113 intermissione
1243 2056 1466 2123 orabat;
1508 2057 1602 2127 qui
1645 2058 1703 2112 in
1740 2057 2001 2113 omnibus
2033 2059 2221 2128 operi-

634 2149 758 2215 bus,
797 2150 879 2204 uti
913 2148 1124 2204 dictum
1171 2155 1277 2214 est,
1316 2162 1380 2203 ac
1412 2147 1682 2218 quidquid
1721 2147 2030 2213 accidisset,
2059 2163 2090 2203 ε
2121 2148 2221 2205 Dei

631 2254 728 2309 spe
763 2239 1050 2309 penderet.
1088 2237 1223 2292 Eam
1259 2236 1331 2291 ob
1372 2251 1488 2291 rem
1532 2236 1707 2292 sancti
1745 2252 1937 2293 omnes
1974 2236 2223 2294 aﬂlictio—

632 2328 798 2384 nibus
836 2337 1003 2400 atque
1045 2326 1310 2383 aerumnis
1340 2342 1557 2395 semper
1591 2326 1923 2398 gaudebant,
1959 2337 2021 2383 ut
2051 2329 2106 2383 in
2137 2328 2222 2384 di-

632 2420 775 2474 vina:
804 2420 1090 2474 cbaritatis
1119 2417 1371 2473 habitum
1393 2432 1459 2471 ex
1488 2417 1595 2473 illis
1622 2417 1974 2489 proﬁcerent.
2006 2419 2221 2477 Idcirco

631 2511 817 2566 aiebat
862 2510 1159 2580 Apostolus
1191 2523 1207 2563 :
1239 2506 1607 2563 Libentissime
1647 2510 1813 2581 igitur
1852 2508 2121 2581 gloriabor
2163 2510 2220 2564 in

630 2602 1032 2670 inﬁrmitatibus
1054 2602 1204 2666 meis,
1222 2607 1278 2653 ut
1300 2600 1554 2654 inhabitet
1572 2602 1626 2655 in
1648 2619 1729 2656 me
1745 2603 1912 2656 virtus
1936 2600 2133 2657 Christi
2148 2602 2223 2659 ".i

631 2694 939 2764 Paucisque
984 2691 1288 2766 interjectis
1317 2706 1332 2744 :
1363 2687 1496 2748 Cum
1546 2692 1813 2761 infirmor,
1861 2701 1986 2748 tunc
2035 2702 2218 2765 potens

630 2801 747 2838 sum
782 2786 845 2839 ⁵⁸.
889 2785 996 2840 Sed
1040 2802 1119 2842 vae
1162 2788 1326 2844 nobis
1366 2788 1602 2852 miseris,
1632 2784 1779 2855 quod
1823 2785 2012 2839 relicta
2057 2785 2220 2840 nobis

632 2886 950 2932 sanctorum
974 2878 1197 2934 Patrum
1222 2881 1365 2948 vita;
1398 2880 1562 2950 idque
1587 2878 1643 2933 in
1665 2892 1831 2933 causa
1851 2885 1957 2945 est,
1984 2887 2045 2932 ut
2067 2878 2217 2933 omni

633 2968 866 3038 spiritali
901 2984 1068 3039 Opere
1100 2970 1437 3027 deﬁciamur.

701 3061 793 3114 27.
836 3060 903 3114 Et
929 3060 1068 3156 dixit
1101 3062 1271 3118 frater
1309 3080 1337 3156 εξ
1353 3060 1496 3156 Quid
1726 3068 1830 3125 est,
1858 3060 2040 3156 Dater,
2070 3061 2217 3131 quod
2243 3097 2286 3156 α

634 3153 1116 3220 compunctionem
1155 3170 1267 3210 non
1325 3154 1589 3209 habeam?
1643 3153 1948 3224 Respondit
1997 3170 2213 3211 senex:

633 3239 792 3306 Quod
822 3242 918 3296 Dci
952 3243 1206 3299 timorem
1237 3244 1308 3299 ob
1346 3244 1536 3300 oculos
1570 3260 1683 3300 non
1710 3245 2031 3302 habeamus.
2059 3246 2218 3315 Quod

634 3330 881 3385 omnium
912 3332 1179 3387 malorum
1220 3334 1435 3389 sentina
1473 3333 1603 3390 facti
1637 3350 1848 3403 sumus,
1885 3351 2118 3408 eamque
2145 3338 2217 3393 ob

635 3438 754 3476 rem
789 3424 1130 3479 tremendam
1162 3425 1260 3480 Dei
1293 3426 1560 3481 ultionem
1590 3426 1742 3482 velut
1773 3426 1977 3482 nudam
2014 3428 2221 3499 cogitad

637 3512 844 3567 tionem
882 3528 946 3569 ac
976 3515 1208 3572 rationis
1242 3517 1561 3588 ﬁgmentum
1594 3519 2040 3588 contempsimus.
2069 3519 2215 3574 Alio-

634 3605 731 3673 qui
765 3605 890 3675 quis
928 3622 1041 3661 non
1083 3607 1269 3663 animo
1313 3616 1732 3679 compungatur,
1762 3610 1856 3679 qui
1883 3609 2104 3682 Moysen
2150 3626 2223 3666 ex.

635 3694 732 3749 Dei
778 3710 1015 3765 persona
1047 3696 1235 3752 audiat
1272 3698 1329 3752 in
1367 3707 1686 3768 peccatores
1715 3698 1990 3755 dicentem
2027 3700 2218 3772 :Ignis

635 3802 881 3842 accensus
914 3796 988 3843 est
1018 3789 1074 3843 in
1103 3788 1283 3859 furore
1314 3805 1427 3844 meo
1450 3805 1469 3843 .'
1503 3789 1706 3845 ardebit
1740 3806 1902 3863 usque
1929 3791 1999 3845 ad
2023 3786 2221 3862 inferni

632 3879 938 3935 nouissima.
960 3879 1243 3935 Devorabit
1265 3890 1464 3963 terram
1488 3890 1537 3936 et
1566 3882 1681 3953 ejus
1703 3884 1944 3953 germina
1971 3899 1990 3938 :
2018 3882 2216 3953 [unda-

631 3976 811 4025 menta
865 3972 1122 4025 montium
1173 3973 1459 4027 comburet.
1513 3971 1852 4046 Congregabo
1908 3990 2069 4046 super
2129 3992 2216 4031 eos

628 4061 800 4125 mala,
848 4070 898 4115 et
934 4064 1162 4135 sagittas
1210 4081 1356 4119 meas
1392 4066 1657 4137 complebo
1692 4068 1747 4122 in
1782 4067 1853 4121 eis
1890 4066 1957 4121 ".
1996 4066 2066 4122 Et
2097 4082 2217 4123 rur-

627 4167 749 4207 sum
786 4172 799 4208 :
836 4154 1043 4211 Acuam
1086 4165 1142 4211 ut
1178 4158 1357 4230 fulgur
1398 4159 1639 4230 gladium
1676 4176 1873 4224 meum,
1908 4168 1958 4214 et
1994 4162 2216 4231 arripiet

619 4243 883 4314 judicium
921 4263 1112 4302 manus
1149 4265 1300 4315 mea;
1332 4256 1380 4303 et
1415 4249 1632 4304 reddam
1666 4249 1921 4304 ultionem
1959 4250 2227 4317 hostibus,.

626 4341 678 4387 et
716 4336 816 4401 his,
845 4338 937 4407 qui
982 4338 1206 4393 oderunt
1253 4355 1356 4405 me,
1405 4339 1695 4394 retribuam
1732 4339 1800 4392 “.
1842 4339 2038 4393 Isaiam
2081 4355 2216 4395 vero

2320 1870 2512 1940 θνητῇ
2537 1872 2717 1942 σαρκὶ
2741 1871 2933 1941 ἡμῶν.

2393 1969 2506 2028 κς’.
2541 1960 2731 2026 Οὕτως
2755 1957 2849 2016 οὖν
2877 1963 2906 2015 ὁ
2937 1960 3263 2025 Ἀπόστολος
3283 1959 3661 2031 διακείμενος,
3699 1961 3949 2016 ἀδιαλεί-

2322 2070 2474 2117 πτως
2511 2052 2615 2126 [αι.
2650 2053 2919 2126 διηνεκῶς
2949 2051 3043 2107 καὶ
3069 2051 3269 2126 ἁδιαλ]
3298 2053 3676 2123 προσηύχετο’
3710 2057 3779 2106 ὲν
3808 2056 3945 2107 πᾶσι

2320 2145 2428 2217 γὰρ
2465 2149 2579 2209 τοῖς
2609 2146 2816 2219 ἔργοις,
2866 2145 2943 2210 ὼς
2983 2145 3217 2217 εἴρηται,
3244 2144 3337 2198 καὶ
3369 2147 3482 2208 τοῖς
3511 2144 3945 2215 συμϐαίνουσιν
4050 2152 4051 2187 1

2320 2235 2492 2307 αὐτῷ,
2537 2236 2638 2309 τῆς
2671 2236 2885 2301 ἐλπίδος
2932 2235 3027 2290 τοῦ
3052 2235 3187 2290 Θεοῦ
3210 2237 3592 2307 ἀπεκρέματο.
3627 2236 3747 2290 Διὰ
3780 2237 3942 2290 τοῦτο
4050 2248 4051 2309 γ

2318 2330 2440 2393 ταῖς
2496 2328 2743 2400 θλίψεσιν
2800 2328 2888 2383 ἀεὶ
2932 2328 3153 2401 ἔχαιρον
3200 2329 3402 2413 πάντες
3434 2330 3484 2381 οί
3513 2328 3697 2396 ἅγιοι,
3733 2330 3833 2383 ἵνα
3862 2332 3942 2392 εἰς

2318 2420 2432 2486 ἕξιν
2459 2419 2652 2473 ἔλθωσι
2672 2420 2771 2490 τῆς
2804 2418 2953 2482 Θείας
2981 2420 3222 2491 ἀγάπης.
3266 2419 3379 2474 Kal
3409 2419 3499 2473 διὰ
3526 2418 3702 2473 τοῦτο
3741 2420 3940 2489 ἔλεγεν

2319 2513 2348 2565 ὁ
2394 2508 2719 2573 ’Δπόστολος
2745 2509 3031 2564 ’Ἥδιστα
3069 2503 3184 2563 οὖν
3228 2507 3621 2579 καυχήσομαι
3669 2508 3755 2562 ὲν
3806 2508 3937 2575 ταῖς

2318 2600 2661 2665 ἀσθενείαις
2678 2617 2821 2670 μου,
2846 2600 2947 2653 ἵνα
2968 2598 3361 2667 ἐπισκηνώσῃ
3387 2599 3481 2652 ἐπ’
3507 2598 3618 2668 ἐμὲ
3648 2599 3692 2668 ή
3743 2599 3938 2654 δύνα-

2313 2711 2418 2763 μις
2442 2693 2549 2749 τοῦ
2593 2690 2875 2762 Χριστοῦ.
2924 2691 3034 2745 Kal
3069 2692 3186 2761 μετ’
3211 2689 3367 2759 ὀλίγα
3386 2706 3400 2720 ·
3432 2691 3627 2744 Ὅταν
3649 2691 3933 2757 ἀσθενῶ,

2319 2786 2455 2839 τότε
2475 2784 2733 2850 δυνατός
2762 2784 2899 2852 ειμι.
2933 2781 3075 2835 Ἀλλ’
3105 2782 3231 2835 οὐαὶ
3257 2783 3392 2853 ἡμῖν
3424 2783 3538 2845 τοῖς
3566 2780 3823 2847 ἀθλίοις,
3851 2785 3933 2837 ὅτι

2319 2874 2688 2946 κατελίπομεν
2736 2875 2837 2945 τὴν
2865 2872 2985 2929 ὁδὸν
3018 2873 3127 2927 τῶν
3166 2874 3336 2941 ἁγίων
3367 2871 3662 2945 Πατέρων,
3701 2874 3811 2936 καὶ
3847 2875 3932 2928 διὰ

2316 2966 2475 3021 τοῦτο
2501 2964 2700 3039 ἔρημοι
2727 2967 2891 3035 ἐσμεν
2924 2964 3123 3028 παντὸς
3152 2963 3314 3036 ἔργου
3361 2964 3782 3034 πνευματικοῦ.

2390 3060 2495 3126 κζ’.
2523 3060 2633 3115 Καὶ
2655 3060 2683 3114 ὁ
2712 3058 2942 3129 ἀδελφὸς
2985 3052 3107 3111 εἷπε
3127 3074 3143 3090 ·
3174 3058 3273 3112 Διὰ
3304 3057 3395 3122 τί,
3429 3057 3641 3129 Πάτερ,
3669 3059 3780 3113 οὐκ
3800 3061 3926 3132 ⁴ἔχις)

2316 3152 2634 3218 ⁴κα¹ιάνυξιν;
2666 3151 2775 3203 Καὶ
2805 3141 3084 3223 ἀπεκρίθη
3111 3150 3141 3204 ὁ
3168 3150 3365 3220 γέρων·
3405 3149 3628 3221 Ἐπειδὴ
3656 3152 3765 3204 οὐκ
3800 3151 3922 3208 ἔστι

2319 3244 2482 3314 φόϐος
2510 3241 2647 3297 Θεοῦ
2692 3241 2951 3311 ἀπέναντι
2982 3241 3090 3295 τῶν
3114 3240 3411 3313 ὀφθαλμῶν
3448 3242 3630 3313 ἡμῶν.
3693 3244 3921 3317 Ἐπειδὴ

2318 3335 2538 3389 πάντων
2566 3333 2677 3388 τῶν
2724 3332 2911 3388 κακῶν
2938 3333 3245 3404 γεγόναμεν
3289 3334 3660 3403 καταγώγιον,
3704 3336 3807 3390 καὶ
3831 3336 3918 3390 διὰ

2317 3425 2493 3491 τοῦτο,
2521 3424 2597 3489 ὡς
2619 3423 2777 3494 ψιλοῦ
2802 3425 3075 3495 νοήματος
3101 3427 3595 3496 κατεφρονήσαμεν
3616 3425 3722 3494 τῆς
3753 3427 3918 3496 φοϐε-

2320 3518 2421 3588 ρᾶς
2451 3515 2544 3571 τοῦ
2587 3515 2724 3570 Θεοῦ
2777 3516 3071 3581 κολάσεως.
3112 3516 3266 3570 Ἐπεὶ
3302 3516 3388 3581 τίς
3410 3517 3472 3570 οὐ
3502 3519 3910 3586 κατανῦγεται,

2318 3608 2554 3672 ἀκούων,
2589 3605 2684 3660 τοῦ
2718 3605 2817 3676 μὲν
2844 3605 3123 3669 Μωῦσέως
3148 3604 3215 3658 ὲκ
3253 3605 3555 3676 προσώπου
3604 3607 3742 3661 Θεοῦ
3784 3610 3911 3680 περὶ

2312 3699 2429 3754 τῶν
2454 3697 2793 3771 ἁμαρτωλῶν
2826 3696 3081 3766 λέγοντος
3102 3734 3118 3760 ,
3158 3695 3243 3750 ὅτι
3270 3696 3398 3767 Πῦρ
3432 3698 3795 3755 ἐκκέκαυται
3840 3702 3909 3755 ἐκ

2316 3792 2424 3847 τοῦ
2455 3793 2646 3862 θυμοῦ
2663 3808 2784 3862 μου
2802 3805 2818 3821 ⁸
2843 3788 3215 3858 καυθήσεται
3231 3788 3344 3856 ἕως
3364 3788 3521 3857 ᾅδου
3544 3792 3900 3847 κατωτάτου.

2317 3883 2732 3953 Καταφάγεται
2752 3879 2892 3951 γῆν,
2927 3880 3025 3934 καὶ
3048 3879 3121 3934 τὰ
3158 3879 3469 3951 γενήματα
3513 3882 3737 3952 αὐτῆς·
3764 3883 3905 3953 φλέ-

2316 3976 2407 4041 ξει
2439 3973 2683 4043 θεμέλια
2715 3970 2918 4041 ὀρέων.
2941 3970 3193 4035 Συνάξω
3221 3974 3310 4037 εις
3342 3974 3575 4039 αὐτοὺς
3604 3976 3780 4040 κακὰ,
3807 3975 3903 4030 καί

2318 4069 2390 4120 τὰ
2412 4066 2571 4133 βέλη
2594 4082 2715 4134 μου
2759 4063 3110 4117 συντελέσω
3152 4064 3242 4129 είς
3265 4064 3531 4132 αὑτούς;
3566 4066 3679 4121 Kal
3713 4067 3897 4120 πάλιν·

2320 4154 2642 4226 Παροξυνῶ
2665 4156 2746 4222 ὠς
2772 4152 3096 4223 ἀστραπὴν
3135 4152 3254 4220 τὴν
3283 4155 3600 4225 μάχαιράν
3622 4176 3773 4232 μου,
3809 4158 3901 4213 καί

2315 4246 2628 4312 ἀνθέξεται
2649 4247 2931 4316 κρίματος
2954 4247 2993 4314 ἡ
3023 4262 3153 4313 χειρ
3179 4262 3302 4315 μου
3323 4264 3338 4278 ·
3379 4248 3481 4301 καὶ
3500 4249 3900 4307 ἀνταποδώσω

2315 4340 2500 4408 δίκην
2521 4339 2647 4406 τοῖς
2679 4337 2938 4407 ἐχθροῖς,
2968 4337 3068 4391 καί
3104 4336 3231 4404 τοῖς
3250 4339 3518 4408 μισοῦσί
3539 4357 3621 4409 με
3644 4343 3899 4397 ἀνταπο-

627 4422 957 4480 clamantem
1005 4428 1241 4497 accipiat
1277 4445 1291 4481 :
1333 4426 1463 4494 Quis
1513 4429 1851 4483 annuntiabit
1895 4428 2035 4513 vobis
2074 4444 2212 4499 quoa

2322 4429 2507 4485 δώσω.
2542 4429 2649 4482 Τοῦ
2670 4428 2726 4482 δὲ
2754 4427 2974 4481 Ἡσαΐου
3008 4426 3263 4498 βοῶντος,
3288 4428 3387 4496 Τίς
3419 4430 3753 4501 ἀναγγελεῖ
3770 4432 3899 4502 ὑμῖν

625 4512 764 4583 ignis
819 4515 1009 4570 ardet?
1059 4515 1188 4583 Quis
1248 4520 1585 4574 annuntiabit
1639 4518 1781 4573 vobis
1836 4512 2017 4572 locum
2062 4526 2217 4576 aeter-

628 4618 758 4656 num
786 4604 860 4658 lu"?
889 4605 1171 4661 Ambulate
1204 4609 1259 4662 in
1297 4608 1409 4662 luce
1445 4609 1581 4679 ignis
1614 4607 1793 4674 vestri,
1823 4615 1873 4662 et
1896 4609 1949 4661 in
1968 4611 2213 4679 ﬂamma,

626 4709 790 4765 quam
833 4698 1170 4754 succendistis
1203 4700 1271 4755 ".
1336 4700 1405 4755 Et
1458 4700 1658 4754 iterum
1701 4717 1715 4753 :
1755 4699 2129 4771 Egredientur,
2166 4712 2218 4756 et

624 4786 870 4841 uidebunt
894 4790 1155 4845 cadauera
1195 4792 1488 4859 hominum,
1526 4791 1617 4862 qui
1650 4792 1985 4861 prmoaricati
2009 4803 2132 4848 sunt
2159 4796 2215 4848 in

623 4895 725 4934 me.
768 4880 966 4936 Vermis
992 4884 1131 4938 enim
1154 4900 1337 4937 eorum
1363 4900 1468 4937 non
1499 4883 1772 4948 morietur,
1796 4892 1844 4937 et
1868 4885 2000 4954 ignis
2025 4901 2208 4942 eorum

622 4987 729 5025 non
758 4975 1118 5045 exstinguetur
1140 4992 1159 5030 :
1184 4984 1233 5029 et
1260 4983 1414 5028 erunt
1440 4976 1496 5028 in
1522 4975 1773 5029 visionem
1801 4977 1945 5029 omni
1962 4979 2115 5032 carni
2137 4979 2205 5034 ⁵⁷.

620 5063 913 5120 Jeremiam
943 5082 1166 5139 quoque
1194 5065 1469 5122 dicentem
1503 5084 1517 5121 :
1552 5067 1689 5122 Date
1724 5067 1951 5123 Domino
1978 5069 2087 5124 Deo
2123 5088 2209 5127 ue-

618 5164 730 5209 stro
760 5156 1010 5227 gloriam,
1043 5167 1333 5230 antequam
1367 5160 1807 5231 contenebrescat,
1836 5170 1885 5214 et
1919 5170 2207 5233 antequam

620 5245 888 5315 offendant
945 5248 1100 5318 pedes
1153 5250 1314 5303 vestri
1360 5248 1431 5303 ad
1474 5259 1679 5304 montes
1707 5249 2021 5322 caliginosos
2048 5252 2207 5306 “.Et

622 5349 816 5391 rursus
845 5354 858 5390 :
887 5339 1097 5405 Audite,
1123 5339 1348 5411 populus
1385 5340 1581 5395 stultus
1619 5352 1667 5395 et
1684 5344 1797 5396 sine
1835 5343 1990 5396 corde
2020 5359 2038 5396 :
2068 5342 2207 5396 oculi

621 5427 715 5490 eis,
752 5436 801 5480 et
843 5445 946 5484 non
982 5431 1191 5497 vident;
1233 5448 1388 5486 aures
1428 5433 1522 5497 eis,
1555 5442 1603 5487 et
1638 5450 1743 5487 non
1770 5434 2013 5488 audiunt.
2057 5433 2208 5487 Nun-

619 5515 747 5576 quid
790 5533 872 5570 me
909 5534 1013 5571 non
1049 5520 1316 5587 timebitis,
1353 5521 1479 5575 dicit
1522 5522 1819 5578 Dominus?
1861 5531 1954 5577 aut
1997 5539 2030 5576 a
2072 5523 2207 5589 {acie

694 5631 1193 5707 "Al_lom_.qvtn,755.
1270 5640 1314 5672 ⁸⁸
1345 5640 1480 5694 ibid.
1511 5641 1599 5696 58.
1676 5644 1723 5675 ³ο
1757 5642 1801 5696 ll
1824 5641 1934 5698 Cor
1984 5657 2058 5707 ιν,
2091 5641 2177 5707 10,
2210 5641 2298 5695 ll.

2319 4521 2411 4575 ὅτι
2456 4522 2576 4589 πῦρ
2625 4520 2852 4575 καίεται
2864 4536 2885 4586 ;
2934 4521 3027 4587 τίς
3064 4521 3395 4590 ἀναγγελεῖ
3414 4522 3564 4593 ὑμῖν
3596 4524 3705 4579 τὸν
3724 4526 3901 4579 τόπον

2317 4612 2427 4667 τὸν
2444 4611 2721 4677 αἱώνιον;
2747 4613 3084 4682 Πορεύεσθε
3106 4611 3186 4677 τῷ
3207 4614 3357 4683 φωτὶ
3379 4600 3491 4669 τοῦ
3508 4617 3706 4686 πυρές
3724 4615 3900 4687 ὑμῶν,

2318 4704 2419 4760 καὶ
2455 4704 2529 4773 τῇ
2551 4706 2753 4776 φλογί,
2777 4699 2817 4777 ᾖ
2843 4705 3232 4770 ὲξεκαύσατε.
3258 4706 3371 4759 Kal
3403 4707 3569 4761 πάλιν
3595 4726 3609 4738 ·
3644 4709 3904 4774 Ἐξελεύ-

2315 4810 2548 4857 σονται,
2585 4794 2682 4848 καὶ
2711 4793 2966 4863 ὄψονται
2987 4793 3060 4847 τὰ
3082 4792 3247 4845 κῶλα
3272 4791 3395 4845 τῶν
3417 4794 3774 4864 ἀνθρώπων,
3794 4796 3904 4850 τῶν

2316 4887 2814 4956 παραϐεϐηκότων
2834 4887 2903 4940 ἐν
2923 4885 3072 4955 ἐμοί.
3109 4883 3172 4938 '0
3197 4886 3311 4954 γὰρ
3337 4886 3598 4954 σκώληξ
3619 4888 3820 4942 αὐτῶν
3839 4890 3903 4941 οὐ

2316 4976 2693 5045 τελευτήσει,
2730 4976 2827 5030 καί
2868 4975 2932 5029 τὸ
2968 4974 3087 5043 πῦρ
3119 4973 3324 5028 αὐτῶν
3367 4978 3444 5031 οὐ
3474 4978 3899 5045 σϐεσθιξσεταυ

2314 5066 2415 5121 καὶ
2449 5070 2697 5122 ἔσονται
2717 5069 2806 5131 είς
2834 5066 3049 5135 ὅρασιν
3073 5064 3243 5133 πάσῃ
3267 5068 3481 5135 σαρκί.
3514 5071 3624 5123 Τοῦ
3654 5070 3712 5123 δὲ
3754 5071 3901 5140 Ἱερε-

2318 5158 2440 5226 μίου
2468 5159 2721 5227 λέγοντος
2742 5176 2757 5191 -
2787 5159 2930 5211 Δότε
2958 5155 3040 5223 τῷ
3087 5156 3289 5225 Κυρίῳ
3336 5155 3470 5230 [Fr.
3497 5163 3702 5230 Kvplcp
3722 5158 3899 5230 ὑμῶν]

2316 5248 2439 5314 Θεῷ
2467 5249 2638 5319 ὑμῶν
2660 5249 2850 5314 δόξαν
2875 5247 2988 5317 πρὸ
3031 5246 3143 5302 τοῦ
3159 5248 3491 5315 σκοτάσαι,
3528 5253 3630 5307 καί
3663 5253 3777 5322 πρὸ
3804 5251 3899 5306 τοῦ

2313 5342 2662 5410 προσκόψαι
2710 5340 2854 5408 τοὺς
2903 5340 3094 5406 πόδας
3113 5339 3281 5409 ὑμῶν
3314 5340 3414 5394 ἐπ’
3465 5344 3578 5415 ὄρη
3604 5344 3899 5401 σκοτεινά.

2313 5433 2425 5486 Kal
2465 5432 2632 5487 πάλιν
2650 5450 2663 5463 ο
2709 5434 3034 5487 Ἀκούσατε
3056 5429 3209 5496 λαὸς
3229 5432 3439 5500 μωρὸς
3460 5434 3565 5488 καὶ
3593 5435 3902 5504 ἀκάρδιος’

2314 5524 2607 5595 ὀφθαλμοὶ
2646 5523 2872 5591 αὐτοῖς,
2904 5524 3000 5578 καὶ
3029 5525 3101 5577 οὐ
3118 5522 3477 5587 ,βλέπουσιν
3494 5543 3511 5558 ο
3537 5523 3665 5602 dita
3683 5525 3901 5594 αὐτοῖς,

2399 5642 2444 5674 ⁸¹
2481 5643 2524 5697 ll
2551 5642 2678 5699 Cor.
2707 5659 2802 5707 xu,
2835 5643 2886 5697 9.
2965 5642 3009 5674 δ’
3042 5639 3178 5695 ibid.
3254 5640 3343 5695 10.
3451 5645 3503 5678 ⁸³
3549 5645 3716 5703 Deut.
3744 5659 3903 5711 unt,

620 5697 712 5768 22,
742 5700 831 5756 25.
906 5705 953 5735 ⁵³
989 5697 1123 5760 ibid.
1158 5708 1245 5761 Η.
1321 5711 1366 5742 ⁵⁸
1397 5711 1499 5765 lsa.
1535 5697 1847 5780 xxxutJ-L
1895 5713 1941 5745 “
1967 5697 2070 5766 lsa'.
2099 5697 2207 5779 ιη]

2347 5712 2391 5744 ⁵⁷
2421 5711 2525 5768 lsa.
2552 5697 2695 5781 nm,
2720 5697 2809 5769 24'.
2887 5712 2935 5746 ⁵⁸
2961 5712 3163 5769 Jerem.
3196 5726 3314 5779 xm,
3342 5712 3431 5769 l6.
