4140 6322
355 358 461 425 933

1628 354 1863 416 LIBER
1897 354 2323 419 ASCETICUS.

3491 363 3600 428 935
3668 351 3675 357 ’

345 472 444 525 καὶ
473 469 587 523 οὐκ
614 464 967 523 ἁκούουσιν.
1011 464 1150 534 Ἕμέ
1178 464 1250 517 οὺ
1278 462 1722 532 φοϐηθήσεσθε,
1753 466 1917 532 λέγει

2024 481 2138 519 mea
2184 482 2289 519 non
2341 464 2686 522 vercbimini?
2725 471 2815 539 qui
2859 469 3009 539 posui
3053 484 3273 524 arenam
3322 478 3604 531 terminum

345 562 598 631 Kﬁpeog;
636 557 673 627 ἢ
705 556 826 612 ἀπὸ
855 555 963 609 τοῦ
1000 552 1327 623 προσώπου
1359 571 1478 623 μου
1518 556 1630 608 οὐκ
1660 554 1921 620 εὐλαϐη-

347 652 639 719 θῄσεσθε;
666 648 776 703 τὸν
818 646 1161 713 ποιήσαντα
1204 646 1370 715 ὅριον
1418 644 1670 715 ψάμμον
1700 643 1774 713 τῇ
1819 651 1924 700 Bac

344 742 577 809 λάσσῃ,
611 741 967 808 πρόσταγμα
999 737 1263 803 αἰώνιον,
1297 738 1398 792 zeal
1445 739 1559 804 οὐχ
1591 736 1927 803 ὑπερϐήσε-

346 853 439 890 ται
465 852 483 900 ;
517 834 629 888 Καὶ
651 833 813 886 πάλιν
841 849 857 864 ’
893 832 1213 886 Παιδεύσει
1242 847 1315 885 σε
1334 831 1373 899 ἡ
1405 831 1753 886 ἀποστασία
1783 848 1922 895 σου,

346 927 445 979 zeal
478 924 517 992 ἠ
547 925 729 977 κακία
762 939 880 977 σου
906 922 1137 991 ἐλέγξει
1189 939 1282 976 σε.
1316 921 1425 977 Kal
1454 919 1655 991 γνῶθι.
1683 922 1780 976 καὶ
1811 920 1922 981 ἴδε.

347 1018 436 1071 ὅτι
464 1020 680 1084 πικρόν
704 1015 805 1069 σοί
830 1014 961 1067 ἐστι
996 1013 1062 1067 τὸ
1101 1013 1458 1067 καταλιπεῖν
1497 1028 1573 1067 σε
1599 1012 1734 1082 ἐμὲ,
1764 1012 1926 1081 λέγει

347 1106 581 1173 Κύριος.
618 1102 765 1171 Ἐγὼ
785 1102 1090 1169 ἐφύτευσα
1111 1101 1383 1170 ἄμπελον
1403 1103 1784 1170 καρποφόρον
1810 1100 1926 1153 reei-

347 1213 470 1250 σαν
485 1193 802 1261 ἀληθινήνο
822 1193 949 1259 πῶς
974 1192 1282 1261 ἐστράφης
1305 1194 1393 1257 είς
1421 1191 1717 1259 πικρίανή
1742 1191 1927 1261 ἄμπε-

348 1291 460 1353 λος
481 1287 520 1355 ἡ
548 1285 835 1353 ἀλλοτρία
853 1303 870 1348 ;
887 1286 997 1338 Καὶ
1019 1284 1197 1338 πάλιν·
1224 1286 1346 1337 Οὐκ
1371 1282 1626 1336 ἐκάθισα
1649 1282 1793 1349 μετὰ
1819 1299 1929 1337 συ-

349 1377 586 1444 νεδρίου
614 1374 937 1435 παιζόντων
960 1374 1128 1446 [Sixt.
1175 1372 1474 1442 συνεδρίῳ
1500 1372 1700 1428 αὐτῶν
1723 1371 1923 1445 παιζῖΓ

350 1468 489 1524 ἀλλ’
529 1469 919 1536 ηὐλαϐούμην
983 1465 1104 1520 ἀπὸ
1162 1466 1486 1534 προσώπου
1535 1467 1734 1534 χειρός
1785 1481 1924 1521 σου.

2027 557 2196 620 mari;
2236 566 2553 626 praeceptum
2577 566 2854 624 ceternum,
2876 570 2925 613 et
2959 577 3062 615 non
3083 563 3511 633 supergredictur
3535 569 3602 620 "”.

2022 642 2093 698 Et
2133 644 2334 700 iterum
2368 663 2381 698 :
2412 645 2674 717 Corripiet
2705 658 2754 702 te
2786 649 3002 718 defectio
3037 660 3151 716 tua,
3181 661 3230 705 et
3273 652 3479 708 malitia
3511 665 3603 711 tua

2024 744 2213 806 arguet
2249 745 2317 792 te.
2354 737 2424 792 Et
2463 742 2615 803 scito,
2650 747 2699 794 et
2730 742 2865 806 vide,
2900 744 3025 812 quia
3072 760 3320 798 amarum
3372 746 3464 800 tibi
3507 758 3603 813 est,

2024 828 2164 898 quod
2189 829 2465 900 reliqueris
2502 848 2604 897 me,
2634 833 2757 887 dicit
2786 833 2951 904 380
2979 834 3256 890 Dominus.
3306 837 3415 909 Ego
3449 828 3605 910 plan-

2026 921 2134 973 tavi
2186 921 2393 975 vineam
2441 923 2770 992 fructiferam
2825 940 3005 979 ueram
3054 942 3302 994 omnem;
3349 933 3608 999 quomodo

2024 1025 2177 1064 versa
2222 1026 2275 1064 es
2318 1012 2374 1066 in
2421 1014 2855 1080 amaritudinem,
2901 1015 3020 1069 vitis
3055 1015 3233 1070 aliena
3262 1017 3342 1071 8°?
3372 1017 3608 1075 lterum-

2024 1117 2133 1172 que
2165 1121 2179 1155 :
2205 1102 2325 1157 Non
2354 1104 2462 1158 sedi
2502 1122 2622 1159 cum
2669 1105 2890 1160 concilio
2917 1107 3246 1174 ludentium;
3270 1109 3362 1162 sed
3394 1110 3611 1183 verebar

2027 1209 2059 1245 a
2102 1189 2238 1260 facie
2277 1210 2468 1247 manus
2512 1201 2636 1248 tute.
2675 1194 2830 1250 Solus
2864 1196 3135 1261 sedebam,
3177 1200 3304 1267 quia
3352 1201 3611 1254 amaritu-

2026 1283 2148 1336 dine
2183 1282 2369 1353 plenus
2402 1299 2550 1338 eram
2574 1285 2639 1340 ⁶¹.
2676 1286 3018 1341 Ezechielem
3039 1303 3170 1343 vero
3195 1289 3447 1355 audiens,
3483 1293 3611 1361 quis

2026 1387 2140 1427 non
2175 1373 2406 1440 horrore
2436 1376 2865 1431 contremiseat?
2894 1377 3198 1448 Effundam,
3234 1379 3431 1449 inquit,
3467 1383 3610 1435 iram

2028 1479 2201 1518 meam
2232 1481 2390 1536 super
2415 1473 2484 1533 te,
2525 1473 2575 1519 et
2596 1467 2862 1538 eomplebo
2886 1469 3118 1538 furorem
3152 1486 3326 1525 meum
3353 1471 3410 1525 in
3438 1481 3489 1525 te
3515 1489 3535 1527 :
3561 1483 3611 1526 et

352 1562 702 1629 Καταμόνας
727 1557 1056 1628 ἐκαθήμην,
1098 1557 1187 1611 ὅτι
1244 1557 1483 1625 πικρίας
1513 1555 1924 1624 ἐνεπλήσθην.

2024 1555 2270 1626 iudicabo
2295 1567 2343 1611 te
2363 1559 2417 1613 in
2440 1561 2536 1613 viis
2566 1559 2691 1629 tuis,
2715 1570 2766 1615 et
2791 1561 2924 1615 dabo
2946 1578 3104 1632 super
3127 1570 3176 1617 te
3196 1579 3374 1618 omnes
3407 1565 3609 1621 abomi-

351 1652 450 1715 Τίς
473 1652 528 1705 δὲ
557 1652 619 1705 οὐ
645 1650 860 1720 φρίσσει
888 1648 984 1702 τοῦ
1042 1648 1305 1720 ’Ῑεζεκιὴλ
1348 1648 1584 1714 ἀκούων,
1640 1648 1890 1717 λέγοντος
1910 1663 1924 1679 ·

2028 1649 2266 1703 nationes
2291 1656 2410 1705 tuas
2435 1667 2454 1704 :
2480 1659 2530 1704 et
2554 1667 2658 1706 non
2697 1663 2876 1724 parcet
2908 1653 3093 1708 oculus
3125 1670 3291 1721 meus,
3322 1671 3487 1727 neque
3519 1660 3610 1712 mi-

362 1743 579 1815 Ἐκχεῶ
603 1745 721 1811 τὴν
747 1740 933 1812 ὀργήν
947 1759 1066 1812 μου
1090 1742 1188 1795 ἐπὶ
1209 1740 1306 1803 σέ,
1328 1741 1426 1795 zeal
1449 1740 1799 1795 συντελέσω
1823 1740 1926 1793 τόν

2026 1739 2310 1805 serebitur;
2359 1749 2409 1795 et
2451 1751 2574 1796 tunc
2621 1759 2896 1814 cognosces
2944 1745 3070 1815 quia
3111 1761 3203 1816 ego
3252 1745 3509 1803 Dominus
3538 1749 3605 1802 °'.

352 1800 542 1907 θυμόν
568 1800 687 1905 μου
717 1800 985 1889 aulaei"
1016 1832 1116 1888 zeal
1157 1800 1338 1900 κρινῶ
1374 1847 1450 1885 σε
1486 1832 1558 1885 ἐν
1583 1830 1714 1897 ταῖς
1763 1829 1926 1897 ὁδοῖς

2025 1828 2160 1897 Quis
2205 1846 2337 1887 vero
2384 1848 2453 1887 ex
2505 1834 2749 1891 Danielis
2788 1835 2975 1891 verbis
3023 1852 3135 1891 non
3180 1849 3605 1910 compungatur,

349 1946 487 1993 σου,
521 1928 616 1983 καί
637 1926 812 1981 δώσω
830 1926 928 1980 ἐπὶ
959 1926 1035 1980 σὲ
1062 1925 1259 1979 πάντα
1281 1924 1355 1977 τὰ
1367 1922 1759 1993 ,βδελύγματά
1782 1936 1921 1977 σου’

349 2022 451 2077 zeal
471 2023 543 2076 οὐ
570 2022 840 2091 φείσεται
862 2024 896 2075 ό
915 2019 1222 2089 ὀφθαλμός
1236 2035 1378 2087 μου,
1397 2015 1522 2071 οὐδ’
1548 2017 1620 2070 οὐ
1634 2016 1720 2086 μὴ
1745 2014 1920 2084 ἐλεήα

349 2128 471 2168 σω·
503 2113 601 2166 zeal
631 2114 764 2166 τότε
799 2108 1105 2180 ἐπιγνώσῃ
1166 2108 1256 2161 ὅτι
1317 2107 1432 2174 ἐγὼ
1464 2107 1699 2176 Κύριος.
1743 2106 1840 2169 Τίς
1867 2106 1925 2160 δὲ

348 2203 443 2258 τοῦ
494 2204 690 2274 Δανιὴλ
738 2201 950 2256 ἀκούων
998 2200 1060 2254 οὐ
1106 2198 1469 2266 κατανύγεται
1490 2214 1503 2227 ο
1533 2196 1925 2270 διαγράφοντος

349 2293 644 2366 διαρρήδην
673 2291 770 2363 τὴν
790 2291 1004 2363 ἡμέραν
1034 2291 1132 2360 τῆς
1170 2289 1406 2362 φοϐερᾶς
1440 2291 1708 2358 κρίσεως,
1759 2290 1818 2343 ὲν
1843 2283 1926 2352 οἷς

350 2401 537 2456 φησιν’
572 2384 721 2454 Ἐγὼ
745 2383 969 2453 Δανιὴλ
991 2381 1306 2449 ἐθεώρουν,
1339 2381 1452 2447 ἕως
1486 2375 1558 2437 οὗ
1587 2380 1788 2448 θρόνοι
1808 2378 1928 2432 ἐτέι

351 2482 568 2547 θησαν.
601 2475 710 2531 Kal
732 2476 1001 2541 ’Παλαιὸς
1022 2473 1260 2543 ἡμερῶν
1293 2470 1612 2540 ἐκάθησεν.
1649 2471 1720 2525 Τὸ
1752 2470 1927 2525 ἔνδυ-

349 2585 431 2639 μα
449 2568 637 2623 αὑτοῦ
664 2567 893 2623 λευκὸν
922 2568 1064 2621 ὡσεὶ
1104 2565 1252 2636 χιών
1272 2582 1287 2598 ο
1321 2565 1420 2619 zeal
1445 2565 1483 2632 ἠ
1512 2563 1646 2632 θρὶξ
1681 2561 1793 2631 τῆς
1824 2577 1925 2616 κε-

308 2684 319 2691 ·
350 2660 553 2731 φαλῆς
605 2660 792 2715 αὑτοῦ
829 2661 908 2727 ὡς
943 2660 1107 2728 ἔριον
1148 2657 1435 2726 καθαρόν.
1481 2656 1589 2710 Kal
1637 2656 1671 2710 ό
1711 2654 1927 2722 θρόνος

350 2754 538 2810 αὐτοῦ
569 2752 729 2823 φλὸξ
751 2753 942 2819 πυρός
967 2768 981 2782 ·
1007 2753 1062 2805 ol
1088 2768 1189 2819 τρο
1195 2748 1290 2819 χοὶ
1314 2746 1502 2803 αὑτοῦ
1524 2747 1645 2815 πῦρ
1673 2744 1923 2816 φλέγον.

2025 1920 2158 1976 dum
2209 1925 2557 1979 tremendum
2603 1925 2796 1997 judicii
2842 1926 2989 1982 diem
3032 1927 3109 1982 ita
3155 1929 3458 1984 describit?
3495 1930 3610 2002 Ego

2024 2011 2219 2067 Daniel
2235 2014 2492 2079 videbam,
2515 2016 2679 2070 donec
2698 2019 2873 2072 throni
2893 2020 3051 2089 positi
3076 2028 3199 2074 sunt
3222 2036 3241 2075 :
3263 2029 3314 2075 et
3347 2020 3610 2092 Antiquus

2026 2104 2231 2159 dierum
2259 2108 2413 2161 sedit.
2448 2107 2824 2164 Vestimentum
2854 2112 2968 2178 eius
2996 2112 3277 2166 candidum
3302 2114 3459 2184 quasi
3479 2114 3611 2181 nix;

2025 2204 2076 2249 et
2096 2195 2323 2266 capillus
2352 2199 2540 2269 capitis
2570 2200 2684 2271 ejus
2707 2201 2861 2270 quasi
2890 2199 3018 2255 lana
3055 2201 3201 2256 alba.
3236 2202 3471 2258 Thronus
3495 2204 3610 2275 ejus

2024 2288 2244 2357 flamma
2264 2289 2426 2360 ignis,
2451 2300 2499 2344 et
2532 2300 2664 2346 rota:
2686 2292 2800 2362 ejus
2820 2293 2958 2363 ignis
2986 2293 3198 2349 ardens.
3237 2294 3449 2350 Flavius
3475 2297 3608 2365 ignis

2026 2376 2289 2443 trahebat,
2321 2380 2592 2449 egrediens
2628 2383 2683 2435 in
2721 2391 2995 2453 conspectu
3037 2385 3172 2454 ejus.
3213 2385 3406 2441 Millies
3439 2386 3612 2442 millia

2026 2469 2401 2525 ministrabant
2426 2473 2494 2538 ei,
2528 2482 2577 2527 et
2610 2473 2801 2529 millies
2836 2479 3026 2532 centies
3059 2487 3278 2534 centena
3311 2481 3479 2536 millia
3519 2499 3609 2536 as-

2023 2556 2278 2618 sistebant
2327 2581 2511 2620 coram
2553 2582 2633 2621 eo.
2674 2566 2943 2624 Iudicium
2980 2571 3132 2636 sedit,
3176 2580 3226 2625 et
3270 2572 3392 2628 libri
3437 2576 3612 2645 aperti

2024 2661 2148 2707 sunt
2182 2653 2227 2685 “
2262 2671 2277 2709 :
2313 2656 2747 2729 uniuscujusque
2794 2658 3006 2716 scilicet
3034 2668 3192 2717 actus
3231 2671 3285 2717 et
3319 2679 3507 2734 opera.
3540 2664 3611 2720 Et

2027 2744 2228 2801 iterum
2263 2763 2277 2801 :
2312 2747 2641 2817 Aspiciebam
2677 2750 2733 2803 in
2770 2751 2968 2805 visione
3006 2753 3203 2819 noctis;
3242 2762 3295 2807 et
3331 2770 3445 2809 ecce
3489 2772 3611 2811 cum

351 2847 621 2915 Ποταμὸς
647 2845 838 2913 πυρὸς
855 2842 1079 2907 εἷλκεν,
1096 2841 1571 2911 ἐκπορευόμενος
1587 2838 1926 2908 ἔμπροσθεν

2027 2835 2245 2889 nubibus
2274 2834 2389 2890 ειείί
2411 2838 2565 2907 quasi
2606 2836 2770 2893 Filius
2806 2840 3030 2894 hominis
3063 2840 3323 2906 veniebat,
3350 2850 3400 2896 et
3440 2858 3612 2914 usque

351 2932 559 2988 αὑτοῦ.
605 2934 803 2986 Χίλιαι
845 2930 1111 3001 χιλιάδες
1162 2930 1584 2997 ἐλειτούργουν
1614 2925 1797 2991 αὐτῷ,
1825 2925 1926 2979 καί

2027 2924 2099 2978 ad
2123 2924 2414 2995 Antiquum
2457 2926 2662 2981 dierum
2691 2931 2947 2998 pervenit,
2995 2939 3042 2984 et
3080 2931 3137 2984 in
3180 2939 3456 3002 conspectu
3497 2933 3610 3004 ejus

346 3026 551 3096 μύριαι
569 3022 856 3093 μυριάδες
887 3020 1399 3089 παρειστήκεισαν
1429 3018 1773 3088 ἔμπροσθεν
1813 3017 1925 3070 αὑ-

2026 3016 2233 3071 oblatus
2273 3024 2350 3072 est
2381 3019 2457 3084 ei;
2498 3028 2548 3073 et
2584 3019 2741 3074 datus
2766 3029 2845 3075 est
2878 3023 2980 3093 ipsi
3002 3024 3330 3093 principatus
3363 3031 3413 3077 et
3446 3026 3611 3079 honor

352 3118 480 3171 τοῦ.
505 3096 820 3186 Κριτήριον
846 3112 1108 3174 ἐκάθισε,
1143 3112 1242 3166 καί
1264 3112 1470 3178 βίϐλοι
1500 3108 1921 3179 ἠνεῴχθησαν·

2027 3115 2077 3161 et
2104 3124 2345 3178 regnum.
2378 3108 2450 3164 Et
2477 3126 2654 3165 omnes
2683 3111 2883 3183 p0puli,
2930 3112 3116 3177 tribus,
3143 3113 3337 3184 linguae
3359 3116 3461 3185 ipsi
3499 3131 3613 3169 scr-

352 3206 423 3260 τὰ
442 3205 804 3278 πεπραγμένα
821 3204 1053 3258 ἑκάστου
1079 3203 1237 3274 δῆλον
1253 3204 1355 3256 ὅτι.
1383 3203 1492 3255 Καὶ
1513 3201 1695 3254 πάλιν·
1724 3198 1926 3255 Ἐθεώ-

2033 3200 2174 3253 vient
2209 3216 2228 3253 :
2267 3208 2315 3253 et
2354 3202 2583 3270 potestas
2617 3202 2730 3272 ejus
2764 3210 2993 3273 potestas
3038 3211 3276 3269 eeterna;
3309 3211 3361 3257 et
3388 3220 3612 3275 regnum

345 3314 502 3366 ρουν
531 3298 600 3350 ἐν
636 3295 883 3366 δράματι
912 3293 1020 3361 τῆς
1055 3293 1296 3359 νυκτὸς,
1348 3293 1445 3346 zeal
1479 3290 1609 3346 ἰδοὺ
1633 3290 1787 3360 μετὰ
1809 3289 1926 3343 τῶν

2031 3290 2146 3360 ejus
2176 3307 2397 3362 regnum
2432 3302 2713 3347 wternum.
2758 3293 2976 3348 Horruit
3025 3295 3244 3365 spiritus
3292 3311 3473 3361 meus,
3518 3313 3612 3368 ego

351 3387 625 3459 νεερελῶν
646 3388 751 3443 τοῦ
775 3388 1058 3456 οὐρανοῦ,
1083 3388 1165 3453 ὠς
1190 3386 1321 3451 Υίὸς
1340 3383 1655 3453 ἀνθρώπου
1683 3381 1926 3451 ἐρχόμε-

2035 3380 2244 3448 Daniel,
2273 3382 2328 3435 in
2361 3382 2540 3436 habitu
2592 3399 2726 3450 meo,
2764 3392 2814 3438 et
2855 3385 3077 3439 visiones
3120 3386 3307 3456 capitis
3351 3387 3454 3441 mei
3494 3403 3613 3441 con-

352 3498 460 3547 νος
487 3478 602 3552 ’ἦν’
634 3480 731 3534 zeal
768 3480 878 3546 ἕως
908 3479 1015 3534 τοῦ
1047 3475 1313 3533 Παλαιοῦ
1354 3474 1591 3545 ἡμερῶν
1613 3474 1880 3542 ἔφθασεν
1906 3488 1923 3505 ·

2031 3474 2374 3529 turbaverunt
2406 3490 2488 3527 me
2514 3474 2580 3527 “.
2698 3482 2699 3485 ‘

352 3575 451 3629 zeal
480 3571 736 3628 ἐνώπιον
768 3574 954 3629 αὑτοῦ
1001 3569 1392 3641 προσηνέχθη
1436 3565 1625 3633 αὐτῷ’
1664 3566 1763 3620 zeal
1797 3563 1958 3631 αὐτῷ
1992 3564 2170 3633 ἐδόθη
2226 3565 2265 3633 ἡ
2309 3565 2466 3635 ἁρχὴ
2511 3566 2611 3621 zeal
2661 3567 2700 3635 ἡ
2749 3567 2886 3636 τιμὴ
2927 3568 3027 3622 zeal
3072 3569 3110 3636 ἡ
3147 3567 3456 3634 βασιλεία.
3491 3569 3601 3624 Kal

353 3667 577 3732 πάντες
603 3668 657 3719 οί
685 3665 845 3731 λαοί,
899 3664 1107 3735 φυλαί,
1156 3660 1429 3733 γλῶσσαι
1479 3657 1639 3725 αὐτῷ
1712 3656 2125 3714 δουλεύσουσι
2151 3673 2166 3690 ο
2200 3657 2299 3710 zeal
2361 3659 2400 3725 ὴ
2465 3657 2720 3722 ἐξουσία
2784 3659 2991 3724 αὐτοῦ,
3031 3658 3285 3723 ἐξουσία
3334 3659 3571 3728 αἰώνιος
3596 3668 3609 3682 ⁶

354 3761 454 3818 zeal
479 3763 515 3830 ἠ
534 3761 824 3826 βασιλεία
847 3759 1056 3825 αὐτοῦ,
1074 3757 1366 3823 ,βασιλεία
1407 3753 1662 3820 αἰώνιος.
1705 3750 1953 3821 Ἐφριξε
1987 3751 2056 3806 τὸ
2080 3750 2316 3820 πνεῦμά
2339 3768 2489 3820 μου,
2516 3750 2632 3822 ἐγὼ
2676 3751 2924 3820 Δανιὴλ,
2962 3751 3033 3806 ἐν
3067 3752 3144 3823 τῇ
3173 3753 3296 3818 ἔξει
3316 3772 3459 3824 μου,
3511 3752 3610 3809 real

354 3858 416 3911 al
445 3854 686 3925 ὁράσεις
712 3855 825 3924 τῆς
851 3852 1121 3923 κεφαλῆς
1135 3869 1256 3922 μου
1282 3846 1749 3916 συνετάρασσόν
1765 3862 1863 3915 με.

427 3955 535 4020 κη’.
573 3946 669 4010 Τίς
698 3945 755 3999 δὲ
785 3945 876 3999 τοῦ
907 3945 1071 4000 Δαϐὶδ
1108 3944 1321 3998 ἀκούων
1354 3940 1417 3993 οὐ
1444 3938 1710 4009 φοϐεῖται,
1742 3935 1922 4003 λέγον-

356 4058 447 4107 τος
471 4058 485 4071 ο
518 4038 707 4104 Ἀπαξ
737 4037 1045 4103 ἐλάλησεν
1072 4040 1104 4092 ό
1132 4035 1298 4101 Θεὸς,
1321 4033 1431 4087 δύο
1464 4030 1648 4085 ταῦτα
1668 4028 1926 4097 ἤκουσα,

356 4130 447 4185 ὅτι
475 4129 542 4184 τὸ
570 4128 788 4198 κράτος
813 4127 919 4181 τοῦ
952 4126 1124 4188 Θεοῦ,
1142 4125 1238 4179 zeal
1260 4123 1399 4187 σοῦ,
1426 4123 1624 4206 Κύριε,
1643 4119 1708 4173 τὸ
1730 4118 1924 4182 ἔλεος·

357 4221 446 4277 ὅτι
476 4221 557 4276 σὺ
585 4219 918 4285 ἀποδώσεις
966 4216 1202 4281 ἑκάστῳ
1222 4215 1372 4270 κατὰ
1419 4213 1491 4268 τὰ
1538 4213 1682 4281 ἔργα
1717 4208 1925 4267 αὐτοῦ.

357 4313 470 4367 Καὶ
526 4311 689 4366 πάλιν
766 4310 863 4364 τοῦ
937 4305 1365 4376 Ἐκκλησιαστοῦ
1423 4303 1701 4372 λέγοντος·
1752 4298 1930 4366 Τέλος

356 4405 568 4472 λόγου,
626 4401 693 4456 τό
725 4400 847 4456 πᾶν
874 4398 1088 4453 άκουε·
1131 4396 1238 4450 τὸν
1277 4394 1424 4453 Θεὸν
1442 4391 1650 4463 φοϐοῦ,
1695 4389 1794 4444 zeal
1823 4388 1930 4454 τὰς

2103 3934 2193 3990 28.
2232 3934 2366 4001 Quis
2390 3948 2525 3990 vero
2552 3934 2812 3991 Davidem
2848 3935 3081 3990 audiens
3107 3949 3216 3990 non
3244 3934 3448 4001 timeat,
3479 3934 3612 3990 dum

2033 4026 2113 4082 ait
2149 4044 2161 4080 :
2192 4024 2366 4081 Semel
2405 4025 2607 4080 locutus
2635 4034 2713 4083 est
2747 4026 2909 4091 Deus,
2941 4027 3044 4080 duo
3082 4027 3192 4081 haec
3231 4026 3407 4080 audivi
3435 4044 3453 4080 :
3485 4028 3611 4097 quia

2032 4125 2263 4189 potestas
2292 4117 2389 4172 Dei
2418 4124 2529 4182 est,
2555 4125 2607 4170 et
2649 4125 2764 4184 tua,
2791 4117 3035 4184 Domine,
3059 4119 3448 4184 misericordia;
3485 4122 3611 4189 quia

1976 4210 1981 4221 '
2032 4219 2089 4264 tu
2127 4208 2309 4263 reddes
2346 4209 2627 4278 unicuique
2656 4209 2820 4280 juxta
2855 4225 3017 4279 opera
3050 4224 3148 4262 sua
3180 4210 3244 4262 ³⁸.
3291 4209 3615 4280 Rursusque

2031 4298 2417 4353 Ecclesiastem
2458 4316 2471 4351 :
2505 4297 2648 4352 Finis
2693 4299 2970 4362 sermonis,
3016 4306 3185 4352 totum
3235 4299 3362 4352 audi
3388 4315 3408 4352 :
3442 4299 3611 4354 Deum

2031 4390 2177 4454 time,
2215 4396 2265 4441 et
2310 4388 2588 4444 mandata.
2612 4390 2726 4460 ejus
2769 4390 3005 4455 custodi;
3047 4390 3142 4444 hoc
3180 4391 3317 4443 enim
3359 4400 3435 4444 est
3474 4399 3610 4446 totus

355 4462 609 4560 ἐντολάς
629 4493 815 4550 αὐτοῦ
832 4492 1137 4562 φύλασσε,
1156 4487 1244 4542 ὅτι
1263 4462 1575 4550 τοῦτοπᾶς
1602 4482 1926 4551 ἅνθρωπος·

2036 4482 2189 4535 Ιιοιηο
2211 4496 2230 4535 :
2259 4482 2384 4550 quia
2415 4496 2567 4535 omne
2608 4482 2807 4551 factum
2836 4481 3057 4537 adducet
3087 4479 3227 4537 Deus
3250 4482 3307 4536 in
3324 4482 3609 4552 judicium,

357 4587 448 4640 ὅτι
476 4588 726 4655 σύμπαν
750 4586 815 4639 τὸ
858 4585 1086 4651 ποίημα
1123 4581 1252 4644 ἄξει
1290 4582 1322 4634 ό
1360 4577 1503 4643 Θεὸς
1540 4576 1608 4630 ἐν
1640 4576 1836 4642 κρίσει
1864 4574 1926 4628 ἐν

2030 4572 2087 4626 in
2120 4573 2265 4627 omni
2307 4572 2447 4642 quod
2484 4572 2779 4644 neglectum
2811 4582 2907 4640 est,
2938 4575 3045 4629 sive
3087 4573 3298 4639 bonum,
3344 4574 3450 4628 sive
3492 4591 3611 4629 ma-

357 4679 536 4732 παντί
555 4676 1008 4746 παρεωραμένῳ,
1033 4674 1142 4728 ἐὰν
1170 4669 1416 4740 ἀγαθὸν,
1462 4667 1563 4722 zeal
1603 4665 1712 4722 ἐὰν
1747 4680 1934 4734 πονη-

360 4770 529 4917 ρὸζὸι.
564 4860 663 4924 Τίς
703 4860 760 4913 δὲ
804 4858 871 4913 τὰ
895 4859 1059 4928 ὅμοια
1087 4855 1305 4911 ἀκούων
1344 4854 1439 4908 τοῦ
1494 4852 1819 4907 ’Δποστόλου
1846 4852 1936 4906 λέ-

355 4967 564 5020 γοντος,
590 4950 652 5003 οὐ
674 4949 864 5020 τρέμει
887 4965 901 4980 ·
927 4946 1027 5002 Δεῖ
1047 4946 1157 5016 γὰρ
1182 4945 1411 5010 πάντας
1443 4941 1601 5013 ἡμᾶς
1626 4941 1932 5011 παραστῆ-

354 5056 454 5095 ναι
478 5039 560 5105 τῷ
575 5036 805 5108 ,ϐήματι
853 5037 960 5092 τοῦ
996 5035 1401 5113 Χριστοῦλνα
1439 5035 1759 5103 κομίσηται
1790 5032 1930 5088 ἔκα-

2034 4663 2145 4719 lum
2172 4663 2241 4717 9‘.

2100 4852 2191 4910 29.
2218 4852 2356 4921 Quis
2383 4868 2517 4910 vero
2539 4851 2671 4908 dum
2695 4866 2763 4907 ex
2791 4852 3054 4923 Apostolo
3085 4853 3175 4909 his
3205 4853 3403 4910 similia
3435 4856 3610 4924 audit,

2031 4961 2139 5000 non
2175 4945 2595 4999 contremiscat:
2629 4942 2843 5016 Oportet
2872 4944 3010 4997 enim
3050 4961 3143 4999 nos
3172 4962 3350 4999 omnes
3377 4948 3489 5001 sisti
3519 4949 3613 5001 tri-

2033 5035 2216 5090 bunali
2233 5035 2446 5100 Christi,
2460 5044 2519 5089 ut
2540 5035 2734 5106 referat
2750 5036 3109 5106 unusquisque
3125 5044 3508 5107 nostrum,quar
3522 5054 3614 5108 per

354 5146 503 5199 στος
527 5131 696 5202 ἡμῶν
731 5131 804 5185 τὰ
824 5131 920 5185 διὰ
942 5130 1049 5185 τοῦ
1075 5128 1370 5199 σώματος,
1394 5127 1515 5180 εἴτε
1543 5126 1787 5195 ἀγαθὸν,
1811 5126 1926 5179 εἶτε

2030 5147 2221 5200 corpus
2248 5130 2426 5200 gessit,
2463 5130 2570 5183 sive
2605 5129 2818 5194 bonum,
2846 5130 2954 5182 sive
2994 5129 3199 5183 malum
3224 5130 3290 5182 ⁸⁷.
3323 5129 3455 5195 Quis
3486 5144 3616 5200 ergo

356 5225 568 5279 κακόν.
590 5224 687 5287 Τίς
714 5220 808 5278 οὖν
837 5223 898 5276 οὐ
931 5223 1194 5294 θρηνήσει
1224 5222 1325 5291 τὴν
1346 5218 1600 5273 ἀπιστίαν
1629 5217 1805 5289 ἡμῶν,
1840 5217 1926 5271 καὶ

2033 5235 2145 5275 non
2183 5220 2367 5289 lugeat
2396 5219 2836 5274 incredulitatem
2867 5227 3110 5274 nostram
3140 5235 3205 5274 ac
3237 5222 3435 5275 mentis
3460 5222 3603 5275 caeci-

354 5318 456 5390 τὴν
481 5317 753 5386 τύφλωσιν
786 5317 887 5387 τῆς
913 5316 1092 5386 ψυχῆς
1142 5314 1330 5385 ἡμῶν*
1360 5314 1442 5367 ὅτι
1465 5313 1671 5366 τούτων
1715 5311 1926 5365 πάντων

2035 5319 2225 5377 tatem,
2255 5310 2401 5380 quod
2446 5310 2562 5365 haec
2602 5311 2787 5366 omnia
2818 5310 3107 5367 audientes
3134 5311 3459 5381 pmnitentia
3504 5316 3614 5367 nim

356 5408 667 5476 ἀκούοντες,
695 5409 757 5462 οὐ
791 5407 1051 5479 μετανοοῦ
1060 5425 1178 5478 μεν,
1202 5407 1297 5462 καὶ
1320 5405 1534 5477 πικρῶς
1554 5404 1816 5474 κλαίομεν
1839 5404 1926 5456 ἐπὶ

2040 5402 2313 5465 ducimur,
2340 5415 2445 5456 nec
2485 5414 2586 5470 pro
2625 5407 2773 5456 tanta
2823 5410 3009 5457 nostra
3047 5401 3380 5473 negligentia
3412 5417 3475 5458 ac
3506 5412 3615 5457 tor-

357 5506 424 5576 τῇ
454 5504 690 5577 τοσαύτῃ
712 5505 868 5575 ἡμῶν
893 5500 1125 5572 ἀμελείᾳ
1159 5498 1252 5553 καὶ
1286 5497 1561 5569 ῥᾳθυμίῃ
1593 5496 1660 5567 ἢν
1689 5494 1926 5564 προθεω-

2041 5508 2175 5565 pore
2200 5493 2358 5564 381
2388 5509 2573 5548 amare
2604 5492 2830 5548 ﬂemus?
2858 5492 3004 5547 Hanc
3020 5492 3287 5549 Jeremias
3318 5495 3510 5564 procul
3537 5497 3614 5550 vi-

428 5712 475 5745 ”
506 5709 710 5765 Jerem.
738 5724 795 5765 ν.
823 5706 914 5765 21,
944 5704 1035 5759 22.
1112 5702 1157 5735 ⁶⁰
1200 5702 1403 5757 Jerem.
1435 5697 1718 5765 11,19-21.
1798 5699 1839 5729 θ’
1871 5696 1926 5751 Je

2024 5712 2076 5750 n.
2108 5712 2196 5761 xv,
2228 5696 2313 5748 i7.
2363 5693 2435 5765 A“
2480 5692 2679 5765 Ezech.
2711 5709 2804 5765 v_u,
2839 5694 2891 5758 4,
2923 5693 2979 5749 9.
3073 5693 3131 5765 _‘_’
3161 5684 3295 5750 Dan.
3321 5710 3415 5762 vn,
3443 5695 3499 5763 9,
3529 5694 3594 5751 10

360 5783 403 5814 ⁸⁵
725 5746 795 5833 έ.’
827 5746 1065 5843 “539233.
1095 5746 1763 5839 [invii-'13.",“had-6.
1794 5746 1892 5833 xu,
1907 5746 1926 5797 Ῑ

2024 5746 2139 5821 ’ἶιῗ
2158 5746 2164 5750 ’
2183 5746 2250 5796 Ἦ
2272 5746 2318 5819 ll
2349 5746 2575 5828 Coriv,
2602 5763 2700 5827 1ος
2728 5746 2893 5819 Βόωί
2922 5746 3030 5831 inv,
3065 5761 3154 5820 10.
