4140 6322
505 346 517 355 “
546 347 654 404 9‘55

1708 347 1767 405 S.
1803 345 2086 406 MAXIMI
2128 343 2634 406 CONFESSORIS

3691 346 3794 411 936

547 462 708 525 dens,
739 457 919 514 aiebat
959 499 973 510 .
1011 455 1320 511 Maledictus
1360 455 1451 526 qui
1482 453 1607 524 facit
1639 469 1800 523 opera
1833 452 1926 506 Dei
1959 450 2126 522 negli-

2243 452 2344 520 ρῶν
2395 449 2684 520 Ἱερεμίας,
2725 451 2942 517 ελεγι-εν⁹
3007 446 3474 516 Ἐπικατάρατος
3520 451 3553 502 ὀ
3607 453 3798 505 ποιῶν

550 561 734 624 genter
761 552 825 604 ⁸⁸.
862 549 919 604 Si
951 549 1099 603 enim
1129 562 1228 602 nos
1256 547 1567 602 animorum
1597 546 1790 600 salutis
1817 560 1949 599 cura
1979 544 2125 600 serio

550 650 822 714 tangeret,
861 639 1078 695 Domini
1119 653 1428 694 sermonem
1473 646 1856 701 tremeremus,
1897 637 2126 707 ejusque

552 733 827 794 mandata,
875 728 1079 798 quibus
1123 735 1347 800 paratur
1388 727 1555 793 salus,
1603 725 1830 795 implere
1877 725 2129 780 studere-

551 832 696 877 mus.
734 821 1051 885 Enimvero,
1082 835 1216 890 _cum
1263 818 1552 886 Dominum
1591 816 1898 878 audiamus,
1942 816 2130 871 dicen-

551 921 661 967 tem
697 930 710 964 :
741 911 949 965 Intrate
999 927 1092 980 per
1136 920 1418 980 angustam
1459 917 1689 979 portam,
1719 923 1835 978 qua:
1872 907 2015 961 ducit
2060 906 2129 958 ad

551 1004 716 1055 vitam
755 1003 838 1066 ‘9;
886 1001 1047 1055 latam
1101 1008 1158 1054 et
1189 999 1513 1069 spatiosum,
1559 1014 1681 1067 qua:
1730 997 1797 1052 ad
1845 997 2129 1051 interitum

553 1096 726 1159 ducit,
755 1096 805 1148 ei
835 1094 1196 1164 praetulimus.
1231 1091 1598 1157 Quamobrem
1629 1089 1872 1144 audituri
1903 1103 2092 1143 sumus
2113 1127 2127 1150 ,

554 1201 680 1239 cum
711 1201 740 1238 e
773 1184 927 1238 cmlis
946 1181 1552 1251 adveneritjudicatum
1583 1179 1737 1233 vivos
1758 1188 1815 1234 et
1839 1187 2086 1232 mortuos
2113 1193 2127 1230 :

551 1277 632 1332 Ite
657 1295 690 1330 a
722 1292 823 1342 me,
856 1275 1142 1338 maledicti,
1174 1276 1229 1327 in
1263 1275 1437 1342 ignem
1479 1281 1754 1335 retentum,
1792 1271 1880 1340 qui
1911 1277 2131 1339 paratus

555 1377 629 1423 est
657 1368 864 1423 diabolo
895 1376 944 1421 et
979 1366 1180 1438 angelis
1213 1366 1324 1436 ejus
1349 1366 1413 1419 7°.

627 1641 716 1694 50.
760 1640 1141 1708 Futurumque
1165 1645 1251 1692 est
1277 1645 1337 1691 ut
1364 1636 1479 1691 haec
1509 1635 1822 1698 audiamus,
1848 1647 1959 1687 non
1975 1631 2134 1700 quasi

559 1732 700 1784 male
725 1729 1019 1800 egerimus,
1048 1728 1144 1783 sed
1182 1743 1250 1782 eo
1275 1727 1497 1781 nomine
1521 1726 1668 1796 quod
1705 1726 1848 1780 bona
1891 1723 2135 1794 neglexi-

2223 539 2296 594 τὰ
2324 539 2467 608 ἔργα
2513 541 2734 610 Κυρίου
2763 539 3017 610 ἀμελῶς.
3061 538 3122 592 Εἰ
3155 539 3263 609 γὰρ
3291 538 3510 609 εἴχομεν
3542 543 3799 610 φροντίδα

2225 633 2353 700 περὶ
2384 630 2484 700 τῆς
2509 630 2780 700 σωτηρίας
2809 629 2915 682 τῶν
2941 627 3128 698 ψυχῶν
3166 627 3343 698 ἡμῶν,
3385 629 3690 700 έτρέμομεν
3732 631 3800 685 ἂν

2222 721 2318 775 τὸν
2353 721 2510 790 λόγον
2541 720 2635 774 τοῦ
2681 721 2910 792 Κυρίου,
2965 722 3058 774 καὶ
3095 721 3428 792 ἐσπεύδομεν
3453 723 3803 793 κατορθῶσαι

2225 813 2325 876 τὰς
2368 813 2590 876 ἐντολὰς
2642 812 2827 877 αὐτοῦ,
2879 812 2948 866 δι’
2981 804 3057 866 ὧν
3111 812 3205 864 καὶ
3257 809 3592 880 ὲσωζὸμεθα.
3657 812 3802 865 Ἀλλ’

2227 905 2391 974 ἡμεῖς
2426 903 2715 967 ἀκούοντες
2771 903 2866 956 τοῦ
2906 903 3131 974 Κυρίου,
3168 903 3446 970 λέγοντος·
3476 904 3806 959 Εὶσέλθετε

2228 995 2328 1050 διὰ
2351 994 2462 1064 τῆς
2513 994 2738 1064 στενῆς
2771 995 2996 1062 πύλης,
3018 993 3132 1063 τῆς
3155 995 3521 1065 εὶσαγούσης
3567 998 3658 1062 εἰς
3687 997 3806 1063 τὴν

2230 1086 2382 1156 ζωήν
2403 1105 2417 1120 ο
2454 1088 2905 1158 προετιμήσαμεν
2930 1087 3028 1156 τὴν
3059 1087 3316 1140 πλατεῖαν
3347 1087 3440 1140 καὶ
3467 1087 3802 1159 εὐρύχωρον,

2229 1178 2326 1249 τὴν
2353 1179 2671 1247 ἀπάγουσαν
2700 1181 2778 1242 εἰς
2807 1179 2904 1250 τὴν
2934 1177 3231 1234 ἀπώλειαν.
3277 1178 3374 1232 Διά
3417 1178 3574 1232 τοῦτο
3611 1181 3809 1234 ἀκούο-

2235 1289 2359 1340 μεν,
2403 1273 2572 1326 Ὀταν
2624 1274 2689 1324 ὲκ
2735 1271 2842 1325 τῶν
2890 1272 3139 1342 οὐρανῶν
3196 1273 3571 1342 παραγίνηται
3618 1275 3805 1343 κρῖναι

2233 1362 2442 1426 ζῶντας
2476 1362 2572 1415 καὶ
2615 1362 2874 1433 νεκρούς’
2919 1361 3194 1430 Ὑπάγετε
3224 1361 3324 1415 ἀπ’
3367 1361 3535 1429 ἐμοῦ,
3575 1364 3628 1415 ei
3664 1379 3807 1414 κατ-

2231 1455 2537 1523 ηραμένοι,
2565 1455 2653 1518 εὶς
2680 1453 2747 1506 τὸ
2778 1451 2898 1520 πῦρ
2924 1453 2989 1505 τὸ
3018 1452 3294 1524 αἰώνιον,
3334 1453 3399 1505 τὸ
3441 1452 3807 1523 ἡτοιμασμέ-

2233 1563 2344 1601 νον
2365 1545 2444 1611 τῷ
2463 1545 2718 1610 διαϐόλῳ
2745 1544 2844 1598 καὶ
2871 1545 2993 1608 τοῖς
3019 1543 3295 1613 ἀγγέλοις
3321 1545 3527 1599 αὐτοῦ.

2305 1637 2370 1691 λ’.
2412 1637 2520 1691 Kal
2561 1636 2733 1689 ταῦτα
2765 1635 3054 1706 ἀκούομεν,
3085 1637 3182 1705 οὐχ
3214 1635 3289 1698 ὡς
3324 1635 3510 1699 κακῶς
3561 1636 3806 1706 πράξαν-

2235 1746 2346 1794 τες,
2379 1728 2494 1783 ἀλλ’
2527 1728 2600 1792 ὡς
2643 1727 2751 1781 τῶν
2783 1727 2963 1781 καλῶν
2995 1727 3390 1799 ἀμελήσαντες,
3418 1729 3514 1781 καὶ
3550 1728 3642 1780 τὸν
3670 1728 3808 1795 πλη-

560 1838 702 1886 mus,
734 1829 790 1876 et
823 1821 1132 1890 proximum
1159 1835 1270 1874 non
1293 1819 1606 1874 dileximus.
1635 1818 1733 1873 Sin
1761 1826 1944 1872 autem
1970 1816 2136 1870 etiam

2243 1821 2353 1873 σιον
2381 1819 2454 1890 μὴ
2480 1820 2884 1890 ἀγαπήσαντες.
2903 1819 2965 1871 Εἰ
2981 1819 3036 1872 δὲ
3053 1819 3147 1873 καὶ
3164 1819 3309 1872 κακὰ
3333 1819 3674 1891 ἐπράξαμεν,
3691 1819 3810 1883 πῶς

561 1915 701 1969 mala
730 1913 1189 1983 perpetravimus,
1227 1911 1508 1981 quomodo
1536 1911 1630 1980 qui
1676 1910 1756 1967 sic
1797 1910 2138 1980 negligenter

559 2006 741 2062 allecti
773 2005 964 2068 simus,
993 2003 1140 2058 diem
1189 2003 1347 2056 illum
1397 2003 1838 2058 sustinebimus?
1869 2003 2139 2058 Canerum

561 2096 768 2149 dictum
791 2103 875 2148 est
894 2092 1136 2161 antiquis
1171 2106 1268 2160 per
1292 2092 1532 2163 Moysem
1571 2108 1584 2144 :
1627 2092 1746 2145 Non
1778 2091 2137 2156 mmchaberis,

559 2187 678 2240 Non
705 2185 904 2254 furtum
937 2185 1116 2254 facies,
1151 2183 1268 2237 Non
1305 2184 1505 2237 occides
1527 2185 1596 2248 7‘,
1628 2193 1685 2238 et
1725 2199 1847 2253 quae
1895 2199 2141 2253 sequun-

562 2290 684 2344 tur;
734 2277 1001 2330 Dominus
1023 2286 1230 2340 autem,
1267 2275 1363 2344 qui
1413 2276 1530 2330 hace
1558 2274 1674 2330 sola
1715 2289 1937 2329 servare
1982 2273 2142 2329 Chri-

562 2374 764 2434 stiano,
789 2379 848 2424 ut
878 2370 951 2424 sit
979 2369 1281 2439 perfectus,
1318 2384 1428 2422 non
1447 2366 1701 2421 sutlicere
1736 2366 1982 2428 noverit,
2028 2365 2144 2420 aie-

563 2465 658 2518 bat
686 2482 698 2516 :
736 2463 851 2516 Nisi
879 2462 1221 2515 abundaverit
1251 2461 1470 2529 justitia
1496 2469 1668 2514 uestra
1691 2458 1808 2526 plus
1822 2475 1980 2532 quam
1996 2455 2142 2510 Scri-

561 2556 746 2611 barum
771 2567 818 2608 et
844 2554 1261 2619 Pharisaeorum,
1292 2569 1397 2606 non
1421 2551 1690 2606 intrabitis
1721 2553 1775 2604 in
1793 2565 2009 2620 regnum
2038 2563 2139 2602 σιε-

563 2645 736 2700 lorum
754 2647 822 2698 τ’.
850 2645 980 2698 Eam
1005 2645 1074 2700 ob
1107 2659 1222 2698 rem
1251 2659 1346 2699 sus
1371 2643 1550 2714 deque
1573 2642 1833 2712 omnique
1855 2641 2143 2696 occasione

561 2737 732 2791 animi
788 2734 1230 2800 sanctimoniam,
1270 2750 1378 2805 qua
1427 2744 1484 2790 et
1529 2749 1733 2804 corpus
1787 2732 2142 2788 sanctitatem

563 2829 861 2893 contrahit,
884 2843 1184 2898 veramque
1233 2827 1301 2883 ad
1343 2841 1504 2882 omne
1535 2826 1822 2882 hominum
1853 2839 2027 2896 genus
2054 2823 2142 2877 di-
2164 2859 2178 2874 .

562 2921 880 2983 lectionem,
919 2920 1250 2990 praescribit,
1283 2919 1486 2988 quibus
1534 2926 1592 2973 et
1621 2917 1689 2972 ad
1724 2932 1853 2971 eum
1891 2916 2146 2971 dilectio-

563 3024 693 3070 nem
730 3009 893 3062 liceat
925 3007 1172 3062 nancisci
1213 3023 1228 3060 :
1274 3022 1443 3076 seque
1474 3005 1592 3075 ipse
1619 3021 1684 3060 ac
1727 3004 2029 3075 discipulos
2075 3004 2144 3059 ad

2239 1913 2535 1983 ὐποισομεν
2561 1911 2662 1981 τὴν
2686 1911 2898 1982 ἡμέραν
2930 1911 3169 1980 εκείνην,
3213 1910 3388 1975 οὕτως
3434 1911 3651 1981 ἀμελῶς
3691 1911 3812 1963 δια-

2239 2005 2500 2074 κείμενοι;
2546 2002 2692 2074 Πλὴν
2739 2003 2831 2069 τὸ,
2881 2003 2961 2056 Οὐ
3007 2003 3374 2071 μοιχεύσεις,
3434 2004 3506 2056 οὐ
3539 2001 3812 2071 κλέψεις,

2239 2098 2311 2151 οὺ
2349 2096 2696 2164 φονεύσεις,
2725 2097 2820 2146 καὶ
2875 2094 2940 2146 τὰ
2983 2093 3135 2163 ἑξῆς,
3165 2096 3278 2156 τοῖς
3319 2094 3566 2165 ἀρχαίοις
3607 2093 3813 2164 ἐρρέθη

2239 2189 2328 2242 διὰ
2356 2188 2638 2252 Μωῠσέως
2657 2203 2672 2217 ο
2700 2187 2729 2238 ὁ
2755 2187 2810 2239 δὲ
2852 2185 3083 2256 Κύριος,
3114 2185 3271 2250 εἰδὼς
3299 2187 3381 2239 ὅτι
3411 2186 3509 2238 ούκ
3542 2186 3701 2255 ἀρκεῖ
3733 2183 3814 2254 τῷ

2239 2279 2551 2348 Χριστιανῷ
2570 2281 2603 2348 ἠ
2634 2279 2841 2332 τούτων
2869 2279 3030 2348 μόνον
3075 2279 3308 2349 τήρησις
3344 2276 3478 2346 πρὸς
3509 2276 3812 2340 τελείωσιν,

2241 2369 2456 2438 ἔλεγεν·
2497 2368 2678 2438 Ἀμὴν
2713 2368 2868 2436 λέγω
2900 2367 3066 2437 ὑμῖν,
3103 2369 3183 2421 ὅτι
3217 2368 3352 2420 Ἐὰν
3370 2367 3456 2436 μὴ
3492 2367 3814 2435 περισσεύ⁶

2239 2475 2322 2530 σῃ
2362 2451 2530 2530 ὑμῶν
2563 2462 2601 2529 ἠ
2639 2461 2992 2527 δικαιοσύνη
3021 2458 3212 2513 πλέον
3258 2458 3376 2512 τῶν
3417 2459 3816 2527 Γραιιματέων

2242 2554 2344 2608 καὶ
2380 2553 2742 2622 Φαρισαίων,
2770 2555 2842 2606 οὺ
2881 2551 2969 2622 μὴ
3003 2552 3316 2618 εἰσέλθητε
3356 2554 3445 2615 εις
3487 2551 3603 2618 τὴν
3633 2551 3816 2614 ,βασι-

2240 2646 2415 2700 λείαν
2449 2643 2569 2698 τῶν
2597 2643 2890 2712 οὐρανῶν.
2924 2644 3021 2696 Διά
3059 2643 3217 2696 τοῦτο
3257 2643 3368 2696 ἀνω
3404 2644 3498 2696 καὶ
3528 2642 3681 2695 κάτω
3720 2643 3816 2694 τὸν

2241 2738 2341 2809 τῆς
2361 2737 2541 2809 ψυχῆς
2572 2736 2864 2807 ἀγιασμὸν,
2890 2735 2958 2790 δι’
2988 2735 3054 2807 ἢν
3094 2734 3187 2789 καὶ
3217 2735 3276 2788 τὸ
3308 2735 3466 2806 σῶμα
3495 2735 3816 2804 ἁγιάζεται,

2243 2831 2340 2884 καὶ
2366 2830 2465 2901 τὴν
2497 2829 2632 2900 πρὸς
2666 2829 2878 2892 πάντας
2923 2826 3241 2899 ἀνθρώπους
3297 2827 3564 2898 εἰλικρινῆ
3594 2827 3817 2894 ἀγάπην

2243 2921 2623 2992 ἐνομοθέτησε,
2645 2920 2715 2974 δι’
2747 2913 2821 2974 ὧν
2865 2921 2958 2973 καὶ
2989 2919 3086 2991 τὴν
3109 2921 3190 2982 εἰς
3223 2920 3384 2972 αὑτὸν
3428 2920 3650 2989 ἀγάπην
3683 2920 3820 2988 κτή-

2246 3011 2444 3065 σασθαι
2469 3011 2747 3081 δυνάμεθα
2766 3026 2780 3041 ο
2823 3011 2920 3064 καὶ
2951 3010 3141 3064 ἑαυτὸν
3166 3010 3335 3063 τύπον
3367 3009 3528 3080 μέχρι
3559 3008 3817 3076 Θανάτου,

567 3108 802 3153 mortem
835 3114 1010 3168 usque
1039 3099 1352 3168 exemplum
1383 3115 1447 3153 ae
1483 3113 1734 3152 normam
1769 3097 1942 3162 dedit,
1993 3096 2074 3153 uti
2104 3111 2138 3152 a

2250 3103 2346 3157 καὶ
2396 3103 2525 3166 τοὺς
2559 3101 2724 3156 αὑτοῦ
2758 3101 3008 3174 μαθητὰς
3051 3103 3184 3174 ἡμῖν
3235 3102 3537 3172 παρέσχεν,
3575 3101 3653 3165 ὼς
3691 3100 3820 3153 πολ-

567 3190 728 3244 nobis
752 3191 950 3259 smpius
971 3191 1178 3245 dictum
1205 3200 1311 3244 est.

638 3307 726 3360 3|.
768 3306 940 3372 Quam
972 3322 1102 3377 ergo
1126 3308 1538 3361 excusationem
1590 3307 1645 3360 in
1675 3306 1764 3361 die
1789 3306 1883 3361 illo
1912 3306 2145 3361 habebi-

568 3414 712 3462 mus,
743 3398 836 3466 qui
890 3397 982 3450 tali
1025 3399 1276 3467 exemplo
1310 3397 1430 3450 fulti
1458 3397 1537 3452 sic
1588 3397 1807 3451 desides
1841 3411 2146 3466 segnesque

571 3489 804 3544 sumus?
835 3488 1050 3557 Lugcns
1086 3504 1186 3542 nos
1217 3487 1503 3551 Jeremias,
1543 3488 1638 3557 qui
1667 3497 1816 3542 tanta
1851 3488 2024 3558 gratia
2045 3487 2146 3542 d0—

570 3580 709 3642 nati,
736 3595 910 3648 usque
937 3579 1076 3632 adeo
1123 3573 1453 3650 negligentia
1497 3588 1806 3650 torpemus;
1843 3595 1940 3633 seu
1963 3579 2149 3648 potius

571 3670 778 3724 malitia
814 3670 964 3723 omni
992 3669 1136 3738 pleni
1160 3685 1371 3734 sumus,
1408 3671 1628 3724 aiebat:
1653 3669 1782 3734 Quis
1815 3669 1961 3723 dabit
1989 3670 2150 3739 capiti

573 3777 688 3815 meo
721 3777 938 3830 aquam,
979 3771 1026 3814 et
1056 3761 1221 3814 oculis
1257 3763 1380 3814 meis
1413 3762 1612 3831 fontem
1643 3761 2007 3831 lacrymarum
2034 3801 2050 3826 ,
2099 3771 2148 3814 et

571 3852 790 3926 plorabo
851 3853 1104 3923 populum
1156 3853 1292 3905 hunc
1334 3853 1417 3907 die
1448 3871 1512 3907 ac
1563 3863 1709 3906 nocte
1733 3854 1829 3906 ⁷³⁸1
1873 3853 2052 3908 Audio
2096 3862 2152 3907 et

573 3941 812 4012 Moysem
848 3941 916 3994 de
948 3940 1110 3994 nobis
1157 3939 1476 4010 loquentem
1509 3959 1522 3994 :
1558 3941 1625 3994 Et
1655 3941 1876 3994 comedit
1905 3939 2068 3994 Iacob
2102 3949 2152 3994 et

571 4040 844 4087 saturatus
889 4041 997 4097 est;
1025 4041 1075 4086 et
1105 4032 1460 4087 recalcitravit
1495 4033 1736 4088 dilectus.
1780 4034 2152 4104 Impinguatus

573 4132 670 4188 est,
695 4126 1022 4179 incrassatus
1056 4132 1153 4190 est,
1185 4124 1445 4179 dilatatus
1477 4135 1574 4190 est,
1615 4134 1664 4180 et
1687 4125 1961 4195 dereliquit
1986 4125 2153 4178 Deum

574 4215 828 4284 factorem
851 4232 1027 4281 suum,
1082 4227 1131 4270 et
1185 4217 1395 4270 recessit
1438 4234 1472 4270 a
1521 4216 1632 4270 Deo
1663 4215 1928 4270 salvatore
1959 4231 2053 4269 suo
2081 4215 2150 4270 ⁷⁵.

573 4305 858 4361 Michzeam
905 4322 1128 4376 quoque
1173 4309 1450 4378 lugentem
1489 4317 1654 4378 atque
1689 4307 1965 4361 dicentem
2004 4323 2017 4360 :
2067 4306 2153 4361 ιτω

574 4399 703 4452 mihi
741 4400 942 4464 anima,
988 4402 1111 4469 quia
1140 4403 1293 4471 periit
1341 4403 1458 4472 pius
1503 4401 1566 4453 de
1595 4409 1758 4466 terra,
1810 4408 1859 4454 et
1895 4401 1983 4471 qui
2011 4398 2152 4454 colat

2250 3194 2405 3257 λάκις
2437 3194 2678 3264 εἴρηται.

2318 3307 2422 3361 λα’.
2457 3307 2624 3360 Ποίαν
2672 3301 2766 3360 οὗν
2815 3305 3110 3373 ἀπολογίαν
3157 3305 3352 3376 ἕξομεν
3401 3306 3458 3358 ἐν
3513 3307 3578 3375 τῇ
3633 3307 3822 3379 ἡμέρᾳ

2249 3400 2453 3470 ἐκείνῃ,
2489 3399 2728 3453 τοιοῦτον
2762 3398 3068 3469 ὑπόδειγμα
3100 3397 3335 3468 ἔχοντες,
3369 3398 3460 3450 καὶ
3491 3397 3660 3460 οὕτως
3687 3399 3822 3468 ἀμε-

2247 3491 2497 3558 λοῦντες;
2551 3491 2728 3561 Ἥμᾶς
2779 3489 2993 3565 θρηνῶν
3055 3489 3324 3559 Ἱερεμίας
3374 3490 3500 3552 τοὺς
3548 3489 3822 3560 τοσαύτης

2249 3583 2468 3655 χάριτος
2506 3581 2862 3649 ἀξιωθέντας,
2913 3583 3008 3635 καὶ
3063 3581 3235 3644 οὕτως
3289 3581 3506 3650 ἀμελῶς
3543 3580 3820 3650 διακειμές

2249 3692 2401 3738 νους,
2467 3673 2664 3743 μᾶλλον
2702 3673 2781 3739 δὲ,
2839 3673 3022 3743 πάσης
3067 3672 3262 3733 κακίας
3313 3670 3822 3740 πεπληρωμένους,

2250 3764 2434 3832 ἔλεγε·
2473 3765 2568 3829 Τίς
2597 3762 2776 3817 δώσει
2807 3761 2884 3829 τῇ
2925 3759 3160 3831 κεφαλῇ
3183 3779 3303 3830 μου
3347 3760 3523 3829 ὕδωρ,
3554 3761 3652 3816 καὶ
3694 3759 3823 3826 τοῖς

2249 3857 2577 3927 ὀφθαλμοῖς
2604 3873 2723 3924 μου
2757 3855 2963 3924 πηγὴν
2991 3854 3286 3922 δακρύων,
3330 3853 3429 3907 καὶ
3477 3853 3822 3922 κλαύσομαι

2248 3948 2357 4002 τὸν
2382 3947 2538 4002 λαὸν
2567 3947 2784 4001 τοῦτον
2810 3945 3036 4015 ἡμέρας
3070 3945 3170 3998 καὶ
3208 3947 3429 4010 νυκτός
3453 3963 3469 4011 ἱ
3497 3946 3632 4016 Περὶ
3673 3947 3823 4015 ἡμεῖς

2251 4035 2375 4111 [1⁵⁸1.
2406 4035 2534 4108 περὶ
2572 4033 2752 4107 ἡμῶν]
2806 4033 2918 4104 ἐγὼ
2957 4033 3140 4090 ἀκούω
3171 4036 3268 4089 καὶ
3299 4034 3394 4088 τοῦ
3423 4035 3700 4098 Μωῦσέως
3731 4035 3821 4087 λέ-

2251 4145 2440 4197 γοντος
2460 4143 2474 4158 ο
2507 4127 2617 4181 Kal
2645 4127 2874 4196 ἔφαγεν
2919 4124 3146 4188 Ἰακὼϐ,
3184 4126 3284 4180 καὶ
3311 4126 3693 4192 ἐνεπλήσθη·
3724 4126 3824 4180 καὶ

2251 4216 2657 4272 ἀπελάκτισεν
2687 4219 2720 4270 ὀ
2741 4216 3144 4285 ήγαπημένοςο
3159 4215 3470 4286 ἐλιπάνθη,
3487 4217 3820 4284 ἐπαχύνθη,

2251 4306 2593 4375 ἐπλατύνθη
2621 4347 2634 4372 ,
2665 4305 2761 4360 καὶ
2789 4307 3142 4375 ἐγκατέλιπε
3176 4307 3324 4361 Θεὸν
3348 4308 3454 4362 τὸν
3483 4306 3826 4375 ποιήσαντα

2254 4398 2575 4462 αὐτὸν,καὶ
2605 4397 2840 4464 ἀπέστη
2860 4397 2979 4452 ἀπὸ
3013 4399 3162 4454 Θεοῦ
3188 4399 3460 4468 σωτῆρος
3479 4399 3684 4453 αὑτοῦ.
3714 4399 3826 4452 Καὶ

575 4491 820 4544 uirtutem
839 4493 895 4544 in
922 4493 1214 4545 hominibus
1235 4510 1336 4547 non
1361 4502 1456 4546 est.
1481 4492 1842 4563 Unusquisque
1856 4493 2144 4562 proximum

2255 4487 2352 4541 τοῦ
2385 4488 2621 4559 Μιχαίου
2654 4486 2975 4559 θρηνοῦντος
2999 4491 3096 4543 καὶ
3121 4489 3393 4556 λέγοντοςο
3423 4490 3590 4558 Οῖμοι
3611 4486 3824 4558 ψυχή]

576 4597 731 4636 suum
757 4582 998 4635 elidendo
1033 4582 1224 4638 elidit:
1257 4585 1312 4638 in
1341 4583 1543 4638 malum
1585 4601 1776 4638 manus
1797 4601 1919 4638 suas
1944 4599 2155 4654 prrepa-

580 4681 705 4726 rant
722 4673 791 4725 7'.
821 4672 1088 4728 Similiter
1105 4675 1268 4745 382
1287 4692 1507 4746 quoque
1532 4676 1872 4730 Psalmistam
1905 4675 1972 4730 de
1996 4675 2157 4729 nobis

578 4760 855 4816 dicentem
887 4761 1144 4816 :Salvum
1166 4781 1246 4818 me
1285 4766 1391 4834 fac,
1416 4765 1658 4830 Domine,
1686 4765 1936 4834 quoniam
1973 4764 2160 4834 defecit

578 4862 794 4907 sanctus
817 4869 833 4907 :
865 4856 1116 4924 quoniam
1146 4855 1419 4910 diminuta:
1455 4863 1580 4908 sunt
1602 4856 1846 4909 veritates
1863 4872 1896 4908 a
1919 4853 2046 4922 ﬁliis
2059 4854 2158 4909 Ito-

580 4942 872 5009 minum",
902 4951 958 4998 et
982 4948 1112 5013 qua:
1150 4952 1478 5014 sequuntur.

652 5216 742 5271 '52.
783 5218 1073 5288 Prophetae
1104 5232 1326 5289 quoque
1365 5217 1553 5274 verbis
1585 5233 1686 5274 nos
1714 5218 1906 5290 lugens
1926 5218 2158 5289 Aposto-

582 5306 692 5371 lus,
723 5307 905 5362 aiebat
933 5326 947 5361 :
979 5309 1100 5364 Non
1131 5310 1313 5380 estqui
1340 5308 1506 5378 faciat
1533 5310 1747 5376 bonum,
1773 5327 1879 5364 non
1895 5320 1971 5364 est
1990 5326 2157 5380 usque

585 5398 655 5451 ad
691 5416 879 5454 unum.
924 5398 1237 5470 Sepulcrum
1271 5409 1457 5472 patens
1493 5411 1568 5456 est
1599 5410 1781 5472 guttur
1804 5419 2021 5467 eorum;
2055 5401 2162 5456 lin-

583 5491 701 5560 guis
737 5492 848 5546 suis
877 5491 1057 5547 dolose
1087 5493 1334 5564 agebant.
1365 5493 1633 5548 Venenum
1675 5494 1920 5565 aspidum
1951 5494 2045 5548 sub
2080 5494 2165 5547 la-

657 5690 702 5723 ⁸⁸
731 5691 935 5747 Jerem.
966 5708 1149 5756 XLVIII,
1180 5693 1265 5748 lO.
1341 5694 1384 5726 "
1414 5694 1604 5748 Matth.
1640 5711 1692 5760 ν,
1721 5693 1812 5748 28.

1912 5695 1957 5724 "
1989 5693 2180 5746 Matth.
2216 5709 2340 5757 xxv,
2371 5695 2460 5750 41.

2252 4578 2343 4632 ὅτι
2365 4580 2684 4634 ἀπόλωλεν
2707 4579 2974 4646 εὐλαϐὴς
2999 4581 3119 4636 ἀπὸ
3149 4580 3257 4648 τῆς
3279 4580 3410 4651 γῆς,
3434 4580 3532 4634 καὶ
3557 4583 3590 4633 ὁ
3613 4595 3828 4646 κατορ-

2251 4669 2372 4726 θῶν
2399 4671 2470 4725 ἐν
2505 4669 2842 4740 ἀνθρώποις
2884 4673 2998 4740 οὐχ
3042 4671 3315 4740 ὑπάρχει.
3356 4673 3656 4736 ’Ἕκαστος
3710 4670 3822 4722 τὸν

2254 4762 2524 4832 πλησίον
2547 4763 2734 4818 αὐτοῦ
2761 4764 3080 4818 θλίϐουσιν
3109 4760 3375 4830 ἐκθλιϐῇ·
3412 4762 3510 4815 ἐπὶ
3540 4763 3604 4814 τὸ
3635 4761 3831 4813 κακὸν

2255 4853 2363 4921 τὰς
2389 4853 2594 4924 χεῖρας
2617 4854 2817 4909 αὐτῶν
2845 4853 3240 4925 ἑτοιμάζουσι.
3270 4855 3379 4908 Καὶ
3401 4853 3493 4906 τοῦ
3519 4852 3830 4921 Ψαλμῳδοῦ

2257 4946 2464 5016 ὁμοίως
2496 4946 2622 5017 περὶ
2647 4945 2803 5016 ἡμῶν
2832 4945 3110 5014 λέγοντος·
3151 4944 3362 5000 Σῶσόν
3377 4961 3475 5014 με,
3511 4945 3710 5010 Κύριε,
3741 4943 3832 4996 ὅτι

2258 5036 2615 5090 ἐκλέλοιπεν
2655 5035 2856 5102 ὄσιος’
2892 5035 2980 5090 ὅτι
3011 5035 3407 5104 ὼλιγώθησαν
3441 5038 3500 5089 al
3553 5033 3832 5102 άλήθειιιι

2259 5125 2380 5181 ἀπὸ
2408 5125 2528 5179 τῶν
2558 5124 2706 5180 υἱῶν
2731 5125 2850 5180 τῶν
2871 5125 3217 5194 ἀνθρώπων,
3252 5127 3346 5178 καὶ
3374 5125 3444 5178 τὰ
3469 5123 3651 5177 λοιπά.

2328 5217 2430 5288 λβ’.
2480 5217 2838 5288 Προφητικῶς
2867 5219 2962 5271 καὶ
2986 5219 3014 5270 ὁ
3061 5217 3381 5280 Ἀπόστολος
3411 5215 3622 5286 θρηνῶν
3661 5214 3830 5282 ἡμᾶς,

2261 5308 2482 5377 ἔλεγενο
2513 5311 2635 5362 Οὐκ
2673 5309 2808 5364 ἔστι
2855 5308 3044 5363 ποιῶν
3071 5309 3472 5378 χρηστότητα,
3510 5307 3623 5360 οὐκ
3661 5304 3834 5358 ἐστιν

2260 5399 2372 5465 ἕως
2399 5399 2558 5466 ἑνός.
2608 5400 2800 5469 Τάφος
2841 5399 3216 5468 ἀνεῳγμένος
3247 5400 3279 5452 ό
3328 5395 3561 5467 λάρυγξ
3595 5392 3830 5449 αὐτῶνθ

2263 5493 2394 5559 ταῖς
2415 5493 2722 5562 γλώσσαις
2755 5491 2952 5548 αὐτῶν
2984 5491 3370 5546 ἐδολιοῦσαν.
3406 5489 3522 5556 Ἰὸς
3554 5485 3834 5542 ἀσπίδων

2563 5696 2605 5728 ⁷³
2649 5693 2838 5750 Matth.
2870 5712 2923 5762 ν,
2953 5693 3041 5749 28.
3133 5692 3178 5724 "
3215 5690 3350 5748 ibid.
3387 5689 3478 5744 20.
3550 5688 3596 5720 ⁷³
3627 5687 3833 5746 Jerem.

587 5779 646 5827 χ,
677 5760 730 5815 l.
809 5761 853 5794 ⁷⁵
887 5763 1044 5817 Deut.
1073 5778 1239 5830 χχχιι,
1269 5763 1358 5821 15.
1433 5765 1478 5796 ⁷⁸
1508 5763 1672 5820 Micb.
1701 5780 1796 5826 vn,
1830 5763 1885 5818 2.
1964 5763 2009 5795 ⁷⁸
2043 5763 2185 5818 Psal.
2214 5779 2288 5822 ιιι.
2318 5763 2372 5818 9..
