4140 6322
446 287 544 350 937

1725 284 1960 346 LIBER
1996 282 2420 345 ASGETICUS.

3589 283 3693 345 938

447 372 568 440 ὑπό
602 370 673 425 τὰ
705 372 879 444 χείλη
907 370 1131 427 αὐτῶν*
1169 368 1342 430 tuo
1377 374 1571 437 στόμα
1590 373 1756 441 ἀρᾶς
1788 373 1888 427 καὶ
1924 388 2016 426 πι-

2117 371 2213 426 biis
2245 388 2428 425 eorum
2464 388 2482 424 :
2532 387 2754 441 quorum
2792 388 2848 426 os
2871 368 3235 426 maledictione
3262 378 3309 423 et
3334 374 3695 427 antaritua‘ins

449 464 629 532 κρίας
665 463 846 532 γέμει.
877 464 1216 534 Σύντριμμα
1258 465 1356 519 καὶ
1402 466 1770 533 ταλαιπωρία
1785 466 1866 551 ,ἐν
1887 464 2018 530 ταῖς

361 554 371 563 ’
451 554 627 631 ὁδοῖς.
665 552 884 620 αὐτῶν,
930 557 1027 609 καὶ
1075 557 1222 611 ὁδὸν
1253 556 1499 626 εἰρήνης
1541 560 1652 611 οὐκ
1704 557 2012 627 ἔγνωσαν·

452 645 564 697 οὐκ
616 643 747 696 ἐστι
795 644 981 710 φόϐος
1020 644 1170 700 Θεοῦ
1207 644 1497 700 ἀπέναντι
1535 646 1653 699 τῶν
1698 643 2019 714 ὀφθαλμῶν

446 732 766 790 αὑτῶνΑιὰ
786 734 944 787 τοῦτο
970 735 1131 791 πάλιν
1152 737 1473 806 προὸλέπων
1490 737 1559 790 τά
1587 737 1867 809 μέλλοντα,
1889 736 2019 807 περὶ

447 826 545 894 τῆς
568 825 662 878 νῦν
693 825 849 897 ἡμῶν
884 828 1128 896 πονηρᾶς
1157 828 1436 898 διαγωγῆς
1465 827 1601 898 πρὸς
1631 828 1725 881 τὸν
1756 827 2019 898 Τιμόθεον

450 917 648 986 γράφει
672 933 685 947 ·
722 915 903 970 Τοῦτο
925 916 994 968 δὲ
1014 917 1295 987 γίνωσκε,
1336 918 1424 971 ὅτι
1449 918 1519 971 ἐν
1550 918 1837 987 ἐσχάταις
1872 917 2018 987 ἠμέ-

440 1023 580 1074 ραις
622 994 1034 1074 ἐνστήσονται
1081 1009 1270 1076 καιροὶ
1301 1010 1596 1078 χαλεποί·
1636 1009 1880 1063 ἔσονται
1908 1009 2019 1077 γὰρ

450 1100 502 1150 οἱ
549 1095 845 1165 ἅνθρωποι
904 1098 1218 1166 φίλαυτοι,
1264 1100 1617 1170 φιλάργυροι
1638 1139 1654 1166 ,
1709 1098 2015 1168 ἀλαζόνες,

450 1189 852 1258 ὑπερήφανοι,
906 1189 1303 1259 βλάσφημοι,
1362 1191 1650 1259 γονεῦσιν
1719 1190 2016 1257 ἀπειθεῖς,

448 1280 785 1348 ἀχάριστοι,
831 1279 1086 1343 ἀνόσιοι,
1116 1280 1419 1350 ἄστοργοι,
1464 1280 1784 1345 ἄσπονδοι,
1818 1280 2016 1335 διάϐο-

449 1374 566 1433 λοι,
598 1369 898 1437 ἀκρατεῖς,
927 1370 1212 1441 ἀνήμεροι
1231 1411 1246 1437 ,
1282 1370 1670 1441 ἀφιλάγαθοι,
1713 1371 2016 1441 προδόται,

450 1460 784 1527 προπετεῖς,
809 1461 991 1514 καὶτὰ
1014 1460 1159 1531 ἑξῆς.
1190 1460 1290 1513 Διά
1314 1460 1473 1515 τοῦτο
1505 1463 1626 1514 οὐαὶ
1655 1464 1807 1533 ἡμῖν,
1835 1462 1915 1515 ὅτι
1939 1465 2018 1525 εἰς

450 1551 519 1603 τὰ
548 1550 750 1620 ἔσχατα
791 1550 901 1604 τῶν
954 1552 1142 1605 κακῶν
1186 1549 1625 1623 κατηντήσαμεν.
1671 1552 1769 1616 Τίς
1816 1552 1925 1624 γὰρ
1958 1552 2019 1617 ἐξ

450 1642 627 1712 ἡμῶν,
661 1641 785 1695 εἰπέ
859 1659 972 1713 μοι,
1032 1641 1142 1694 τῶν
1177 1643 1588 1713 προειρημένων
1631 1643 1817 1696 κακῶν
1869 1645 2017 1696 ἐστιν

2117 464 2331 533 plenum
2362 468 2457 515 est.
2491 460 2747 515 Contritio
2793 469 2840 514 et
2874 462 3153 531 infelicitas
3184 462 3239 514 in
3271 463 3366 515 viis
3416 479 3616 527 eorum,
3642 476 3693 519 ct

2115 556 2253 608 viam
2285 555 2427 624 pacis
2460 570 2565 607 non
2600 561 2950 624 cognoverunt
2978 570 2995 607 :
3027 569 3133 605 non
3160 560 3233 606 est
3263 554 3419 606 timor
3448 553 3542 607 Dei
3571 562 3694 607 ante

2117 644 2292 699 oculos
2319 661 2502 699 eorum
2533 644 2600 698 ⁷⁷.
2633 644 2845 699 Idcirco
2879 645 3081 699 iterum
3122 660 3244 714 qua:
3277 645 3464 723 futura
3507 656 3693 702 essent

2117 736 2428 806 praavidens
2490 735 2559 789 ad
2634 736 2985 790 Timotheum
3049 734 3243 790 scribit
3292 754 3304 789 :
3358 736 3468 790 Hoc
3518 747 3693 791 autem

2116 829 2267 893 scito,
2296 828 2434 898 quod
2459 829 2515 881 in
2529 829 2823 882 novissimis
2838 827 3015 881 diebus
3037 827 3310 882 instabunt
3343 839 3579 900 tempora
3605 848 3695 900 pe-

2117 915 2347 969 riculosa
2374 930 2391 969 :
2421 924 2575 969 erunt
2602 917 2741 969 enim
2767 915 3004 968 homines
3020 917 3214 984 seipsos
3230 925 3492 981 amantes,
3518 919 3691 982 avari,

2118 1005 2261 1074 fastu
2291 1005 2438 1072 elati,
2467 1006 2697 1078 superbi,
2725 1005 2990 1071 maledici,
3011 1007 3315 1077 parentibus
3342 1008 3689 1080 immorigeri,

2115 1097 2337 1167 ingrati,
2365 1096 2591 1163 scelesti,
2622 1099 2735 1151 sine
2764 1099 2975 1169 aﬂ'ectu,
3028 1098 3200 1167 inﬁdi,
3247 1098 3689 1168 calumniatores,

2117 1189 2546 1260 intemperantes,
2572 1189 2819 1255 immites,
2854 1190 3109 1244 bonorum
3136 1190 3476 1262 negligentes,
3509 1195 3693 1264 prodi-

2118 1288 2278 1344 tores,
2304 1283 2572 1335 temerarii
2590 1281 2658 1346 ",
2680 1274 2740 1336 et
2767 1297 2889 1351 quae
2929 1289 3257 1352 sequuntur.
3299 1284 3690 1351 Quamobrem,

2117 1386 2199 1426 vae
2240 1371 2419 1436 nobis,
2465 1371 2612 1441 quod
2664 1371 2718 1425 in
2759 1381 3006 1426 extrema
3041 1374 3308 1427 malorum
3346 1373 3689 1429 devenimus.

2118 1465 2255 1519 Nam
2287 1465 2411 1534 quis
2439 1472 2714 1530 nostrum,
2753 1464 2968 1531 amabo,
3018 1478 3215 1534 expers
3251 1474 3335 1520 est
3360 1483 3553 1521 eorum
3580 1482 3695 1521 ma-

2116 1556 2317 1621 lorum,
2349 1571 2472 1626 quae
2491 1555 2766 1610 diximus?
2784 1554 2977 1610 Nonne
3011 1555 3066 1610 in
3095 1555 3256 1610 nobis
3278 1556 3563 1625 impletum
3585 1567 3690 1623 est,

2112 1645 2266 1716 quod
2306 1646 2383 1699 ita
2421 1644 2633 1700 caelesti
2656 1644 2921 1699 vaticinia
2949 1644 3160 1699 dictum
3189 1645 3316 1699 est?
3341 1645 3535 1700 Nonne
3570 1661 3693 1700 om-

452 1734 737 1802 ἀμέτοχος.
771 1732 908 1802 Οὐχὶ
950 1731 1043 1785 ἐπὶ
1067 1732 1226 1803 ἡμῶν
1276 1733 1566 1805 ἐπληρώθη
1606 1734 1640 1803 ἡ
1678 1733 2014 1806 προφητεία;

2116 1752 2216 1791 nes
2245 1751 2438 1791 sumus
2482 1736 2623 1807 gulae
2668 1735 2903 1791 dediti?
2929 1736 3124 1791 Nonne
3170 1750 3363 1791 omnes
3407 1737 3694 1793 studemus

451 1824 527 1875 υὺ
550 1824 750 1885 πάντες
787 1821 953 1891 ἐσμὲν
975 1822 1411 1894 γαστρίμαργοι;
1449 1823 1523 1876 Οὐ
1570 1819 1772 1887 πάντες
1807 1824 2017 1894 φιλήδο-

451 1929 569 1977 νοι;
600 1913 674 1964 Οὐ
703 1911 904 1975 πάντες
937 1912 1224 1983 ὑλομανεϊς
1251 1912 1346 1965 καὶ
1384 1910 1662 1980 φιλόῦ).οι;
1711 1914 1785 1966 Οὐ
1816 1913 2018 1975 πάντες

454 2000 754 2071 θυμώδεις;
816 2003 890 2055 Οὐ
938 2001 1143 2064 ’πάντες
1174 2000 1504 2070 μηνιασται;
1542 2001 1616 2052 Οὐ
1645 2003 1845 2064 πάντες
1891 2018 2019 2073 μνη-

454 2092 700 2160 σίκακοι;
757 2094 830 2147 Οὐ
884 2094 1087 2156 πάντες
1139 2092 1397 2163 προδόται
1443 2091 1626 2164 πάσης
1673 2092 1905 2163 ἀρετῆςξ
1938 2093 2013 2146 Οὐ

451 2185 649 2246 πάντες
680 2183 940 2254 λοίδοροι;
983 2184 1057 2236 Οὐ
1090 2178 1291 2247 πάντες
1334 2182 1695 2252 φιλὸσκοπται
1719 2180 1839 2254 [F13
1868 2181 2020 2250 φιλο-

455 2271 759 2344 σκῶπται];
797 2274 871 2326 Οὐ
910 2273 1109 2336 πάντες
1162 2275 1486 2343 προπετεῖς;
1544 2273 1620 2326 Οὐ
1659 2273 1861 2337 πάντες
1896 2289 2019 2343 μισ-

452 2360 700 2427 άδελφοι;
728 2359 802 2414 Οὐ
833 2361 1035 2424 πάντες
1061 2359 1461 2431 τετυφωμένως
1492 2359 1567 2412 Οὐ
1601 2359 1799 2421 πάντες
1821 2356 2019 2421 ἀλαζό-

448 2467 566 2515 νες;
593 2451 686 2502 06‘
710 2452 909 2514 πάντες
963 2451 1336 2521 ὑπερήφανοι;
1368 2450 1441 2503 Οὐ
1484 2448 1685 2511 πάντες
1713 2444 2015 2512 κενόδοξοι;

448 2540 524 2591 οὐ
559 2540 759 2602 πάντες
785 2539 1079 2610 ὑποκριταί
1105 2555 1121 2602 ;
1150 2539 1225 2592 Οὐ
1265 2538 1466 2602 πάντες
1493 2538 1654 2591 δόλιοι
1676 2554 1692 2603 ;
1724 2536 1798 2603 Οὐ
1821 2536 2019 2600 πάντες

449 2631 735 2701 φθονεροίς
776 2632 850 2684 Οὐ
878 2632 1079 2694 πάντες
1112 2631 1513 2693 ἀνυπότακτοις
1543 2631 1616 2684 Οὐ
1646 2628 1850 2692 πάντες
1880 2630 2020 2700 ἀκη-

451 2722 699 2789 διασταί;
730 2722 809 2776 Οὐ
844 2724 1047 2785 πάντες
1084 2724 1373 2794 περίακτοι
1404 2721 1528 2794 [Fr.
1558 2720 1909 2796 περ·ιάκται];
1939 2722 2017 2774 Θῦ

449 2815 647 2877 πάντες
677 2814 944 2885 (ideonec;
971 2816 1044 2867 Οὑ
1078 2816 1276 2876 πάντες
1308 2816 1532 2885 ἀμελεῖς
1559 2815 1668 2867 τῶν
1706 2812 1799 2867 τοῦ
1836 2811 2023 2883 Σωτῆ·

451 2923 543 2976 ρος
567 2905 833 2971 ὲντολῶν;
869 2906 942 2959 Οὐ
976 2906 1174 2968 πάντες
1216 2907 1396 2975 πάσης
1445 2904 1646 2967 κακίας
1675 2902 2016 2974 ἀνάμεστοι;

450 2998 583 3067 Οὐχὶ
616 2997 920 3067 γεγόναμεν
940 2998 1060 3051 ἀντὶ
1088 2997 1218 3053 ναοῦ
1250 2997 1407 3063 Θεοῦ,
1426 2996 1551 3061 ναὸς
1579 2995 1849 3063 εἰδώλωνς
1883 2995 2019 3066 Οὐχὶ

2117 1828 2362 1885 libidini?
2383 1828 2576 1883 Nonne
2606 1843 2797 1883 omnes
2839 1836 3188 1883 terrenorum
3212 1843 3400 1883 amore
3430 1844 3572 1899 pene
3603 1830 3693 1884 in-

2117 1917 2364 1972 sanimus
2410 1916 2587 1986 iisque
2635 1917 2912 1972 inhiamus
2935 1917 2958 1972 ?
2981 1918 3176 1972 Nonne
3214 1932 3406 1972 omnes
3441 1918 3693 1974 iracundi

2078 2023 2090 2036 °
2116 2001 2354 2065 sumus?
2388 2009 2585 2064 Nonne
2629 2025 2819 2065 omnes
2860 2025 3091 2065 rancore
3137 2009 3308 2064 animi
3361 2010 3693 2081 iniuriarum

2119 2100 2383 2157 tenaces?
2404 2100 2597 2156 Nonne
2620 2112 2878 2172 perpetes
2909 2101 3230 2156 inimicitias
3248 2117 3439 2156 omnes
3465 2102 3694 2157 alimus?

2116 2194 2309 2249 Nonne
2363 2208 2556 2250 omnes
2602 2195 2823 2249 virtutis
2868 2194 3049 2250 omnis
3091 2193 3405 2264 proditores
3455 2193 3694 2248 sumus?

2116 2286 2309 2341 Nonne
2362 2301 2554 2342 omnes
2621 2285 2918 2342 maledici?
2987 2286 3182 2341 Nonne
3242 2300 3435 2340 omnes
3499 2286 3691 2341 convi-

2116 2379 2392 2435 ciatores?
2440 2378 2635 2434 Nonne
2675 2393 2868 2434 omnes
2919 2378 3203 2434 temerarii
3243 2394 3307 2433 ac
3343 2379 3694 2449 praacipites?

2115 2466 2309 2521 Nonne
2369 2480 2561 2519 omnes
2609 2465 2852 2519 fraterno
2901 2464 3031 2519 odio
3088 2465 3446 2520 laboramus?
3498 2466 3692 2521 Nonne

2117 2572 2308 2613 omnes
2333 2556 2505 2611 inﬂati
2536 2556 2759 2611 sumus?
2776 2557 2967 2611 Nonne
3001 2571 3192 2610 omnes
3215 2555 3443 2610 fastuosi
3462 2556 3694 2610 ?Nonne

2117 2663 2310 2705 omnes
2358 2647 2581 2718 superbi
2610 2649 2633 2700 ?
2661 2647 2853 2702 Nonne
2883 2662 3076 2713 omnes
3108 2648 3289 2702 inanis
3319 2649 3505 2717 gloriw
3531 2650 3693 2718 cupi-

2118 2739 2219 2794 di?
2249 2739 2443 2793 Nonne
2483 2752 2677 2793 omnes
2703 2737 3097 2792 simulatores?
3140 2737 3331 2792 Nonne
3364 2752 3555 2791 omnes
3595 2737 3695 2791 do-

2116 2830 2257 2887 losi?
2286 2830 2483 2885 Nonne
2511 2844 2704 2885 omnes
2732 2829 2946 2883 invidi?
2967 2829 3161 2884 Nonne
3191 2844 3383 2883 omnes
3405 2830 3645 2900 protervi
3670 2829 3695 2882 ?

2117 2919 2308 2979 Nonne
2357 2933 2551 2975 omnes
2590 2917 3121 2974 desidiosi?Nonne
3167 2934 3360 2974 omnes
3417 2920 3696 2975 versatilis

2118 3006 2285 3061 animi
2309 3006 2332 3059 ?
2352 3006 2545 3060 Nonne
2569 3020 2761 3060 omnes
2778 3005 2958 3076 pigri?
2977 3005 3168 3061 Nonne
3205 3021 3397 3060 onmes
3430 3008 3694 3076 neglectis

449 3089 569 3140 ἀντὶ
620 3087 937 3157 Πνεῦματος
975 3086 1154 3155 ἁγίου,
1203 3089 1529 3157 πνευμάτων
1562 3087 1812 3159 πονηρῶν
1850 3089 2015 3156 ἐσμεν

2120 3103 2403 3166 torpemus
2433 3095 2732 3150 Salvatoris
2771 3095 3080 3150 mandatis?
3103 3097 3297 3151 Nonne
3324 3112 3516 3151 omnes
3542 3099 3693 3151 omni

451 3177 802 3246 καταγώγιας
849 3177 984 3248 Οὐχὶ
1031 3179 1430 3248 πεπλασμένως
1481 3178 1570 3231 τὸν
1619 3177 1753 3231 Θεὸν
1796 3178 2016 3247 Πατέρα

449 3266 885 3339 ὲπικαλούμεθας
939 3268 1073 3338 Οὐχὶ
1124 3269 1246 3321 ἀντὶ
1273 3269 1406 3321 υἱῶν
1450 3268 1584 3321 Θεοῦ
1640 3269 1746 3322 υἱοὶ
1792 3271 2020 3339 γεέννης

449 3360 792 3429 γεγόναμεν;
834 3360 968 3430 Οὐχὶ
1011 3359 1253 3430 χείρονες
1298 3358 1405 3413 τῶν
1443 3359 1734 3423 Ἰουδαίων,
1761 3362 1810 3414 oi
1840 3360 1934 3413 νῦν
1960 3358 2021 3412 τὸ

452 3450 595 3521 μέγα
628 3449 863 3521 Χριστοῦ
894 3448 1064 3520 ὄνομα
1090 3452 1536 3521 περιφερόμενοι,
1562 3450 1866 3520 γεγόναμεν
1888 3466 1902 3515 ;
1926 3449 2022 3503 ml

455 3541 655 3613 μηδεὶς
711 3542 1091 3611 ἀγανακτείτω
1148 3546 1249 3612 τὴν
1296 3542 1551 3614 ἀλήθειαν
1608 3542 1841 3606 ἀκούων,
1899 3541 2021 3596 ἐπεὶ

450 3632 692 3685 κάκεῖνοι
714 3632 1020 3703 παράνομοι
1040 3632 1190 3697 ὄντες
1211 3632 1415 3700 ἔλεγον,
1446 3630 1649 3700 Ἠμεῖς
1669 3631 1778 3684 ἕνα
1794 3629 2022 3697 Πατέρα

450 3724 692 3794 ἔχομεν,
721 3724 828 3778 τὸν
850 3726 1000 3779 Θεόν
1022 3741 1037 3756 υ
1063 3724 1178 3777 ἀλλ’
1209 3727 1404 3794 ἢκουον
1433 3724 1584 3793 παρὰ
1625 3722 1720 3775 τοῦ
1748 3723 2020 3792 Σωτῆρος,

449 3815 532 3867 ὅτι
590 3813 786 3883 Ὑμεῖς
836 3813 905 3868 ἐκ
950 3812 1058 3868 τοῦ
1109 3815 1339 3881 Πατρός
1367 3810 1535 3880 ὑμῶν
1586 3811 1691 3864 τοῦ
1738 3810 2019 3864 διαϐόλου

449 3903 613 3967 ἐστὲ,
643 3904 740 3957 καὶ
772 3903 878 3970 τὰς
907 3904 1224 3973 ἐπιθυμίας
1256 3901 1363 3957 τοῦ
1381 3901 1610 3968 Πατρός
1632 3898 1800 3970 ὑμῶν
1822 3899 2022 3954 θέλετε

416 4019 421 4025 ‘
449 4007 663 4049 ποιειν.

2120 3203 2312 3243 sumus
2338 3188 2546 3243 malitia
2574 3189 2818 3258 repleti?
2847 3188 3039 3243 Nonne
3070 3205 3170 3258 pro
3198 3190 3291 3244 Dei
3326 3192 3550 3259 templo,
3580 3190 3694 3243 ido-

2119 3278 2297 3333 lorum
2323 3279 2615 3335 delubrum
2664 3280 2793 3335 l'aeti
2825 3282 3058 3337 sumus?
3085 3282 3278 3337 Nonne
3325 3298 3424 3352 pro
3455 3282 3695 3352 Spiritus

2119 3370 2295 3425 sancti
2329 3372 2473 3436 aula,
2498 3372 2965 3442 nequissimorum
2991 3374 3284 3443 spirituum
3318 3374 3551 3444 mapalia
3595 3390 3695 3428 au-

2118 3459 2349 3515 dimus?
2400 3460 2591 3517 Nonne
2640 3461 2764 3519 ﬁcte
2812 3463 2984 3518 Deum
3067 3464 3282 3518 Patrem
3330 3464 3696 3519 invocamus?

2118 3546 2312 3602 Nonne
2347 3563 2449 3617 pro
2498 3548 2627 3603 ﬁliis
2665 3549 2785 3615 Dei,
2825 3550 3091 3621 gehennae
3134 3551 3232 3605 ﬁlii
3278 3549 3407 3606 facti
3455 3551 3694 3607 Sumus?

2118 3635 2311 3692 Nonne
2359 3638 2564 3694 Judaeis
2595 3640 2903 3695 deteriores
2924 3641 3220 3706 evasimus,
3247 3642 3342 3712 qui
3389 3657 3537 3697 nunc
3580 3658 3696 3696 ma-

2119 3743 2286 3797 gnum
2312 3727 2517 3783 Christi
2538 3746 2740 3785 nomen
2767 3731 3230 3787 circumferimus.
3264 3733 3377 3787 Nec
3402 3733 3694 3802 quisquam

2121 3815 2343 3885 indigne
2375 3817 2516 3871 lerat
2537 3819 2665 3873 dum
2701 3819 2857 3873 audit
2885 3820 3196 3884 veritatem,
3233 3835 3356 3874 eum
3383 3830 3439 3874 et
3471 3823 3692 3875 scelesti

2121 3907 2202 3960 illi
2232 3907 2571 3978 obiectarent
2593 3917 2757 3979 atque
2780 3909 3031 3965 dicerent
3074 3927 3086 3962 :
3123 3909 3230 3964 Nos
3280 3927 3445 3964 unum
3475 3910 3693 3964 Patrem

2120 3997 2392 4063 habemus,
2432 3999 2601 4053 Deum
2652 4001 2735 4065 ⁷⁹;
2799 4000 2895 4054 sed
2949 3999 3243 4055 audierunt
3295 4015 3325 4054 a
3367 3999 3689 4055 Salvatore:

448 4090 610 4161 383
641 4090 736 4145 Vos
768 4105 830 4144 ea:
858 4097 1007 4161 patre
1037 4097 1207 4144 vestro
1232 4088 1439 4144 diabolo
1465 4090 1607 4154 estis,
1648 4095 1697 4142 et
1726 4090 1895 4159 patris
1920 4092 2079 4146 vestri
2108 4092 2367 4147 desideria
2398 4094 2554 4148 vultis
2590 4095 2761 4164 facere
2780 4093 2849 4146 αθ.

452 4236 455 4241 ,
518 4183 620 4251 λγ¹.
655 4183 780 4247 Πῶς
808 4180 901 4237 οῦν
939 4184 1034 4238 καὶ
1059 4185 1220 4254 ἡμεῖς
1249 4182 1567 4250 παραϐάται
1597 4182 1749 4243 ὄντες
1786 4181 1894 4235 τῶν
1924 4182 2013 4235 ἐν-

450 4274 619 4327 τολῶν
663 4274 850 4336 αὐτοῦ,
882 4275 951 4327 τὰ
981 4275 1157 4345 ’ὅμοια
1190 4276 1320 4344 παρ’
1355 4274 1520 4327 αὐτοῦ
1569 4274 1669 4326 οὐκ
1707 4270 2012 4341 ἀκούομεν;

2188 4187 2277 4240 53.
2319 4188 2608 4253 Quomodo
2651 4188 2817 4259 igitur
2848 4204 2948 4242 nos
2971 4202 3212 4258 quoque,
3252 4187 3346 4258 qui
3369 4188 3489 4258 ejus
3538 4205 3696 4243 man-

2116 4273 2368 4326 datorum
2406 4282 2832 4345 transgressores
2878 4275 3071 4337 simus,
3120 4290 3229 4327 non
3264 4272 3453 4329 eadem
3494 4290 3561 4329 ex
3599 4277 3692 4331 illo

460 4366 613 4420 Ἐπεὶ
656 4367 751 4421 καὶ
790 4368 819 4420 ό
862 4367 1184 4429 Ἀπόστολος
1222 4366 1351 4429 τοὺς
1392 4365 1673 4436 Πνεύματι
1709 4364 2013 4434 ἀγομένους

2118 4360 2451 4415 audiemus?
2486 4361 2620 4415 Nam
2650 4370 2708 4416 et
2729 4362 3043 4431 Apostolus,
3074 4375 3170 4416 eos
3216 4361 3311 4431 qui
3342 4360 3548 4431 Spiritu
3592 4364 3691 4419 Det
3775 4411 3787 4424 .

447 4453 600 4511 εἷπεν
622 4454 762 4512 εἶναι
798 4460 947 4522 υἱοὺς
972 4422 1139 4512 Θεοῦ·
1164 4422 1346 4512 ’Ὅσοι-
1365 4456 1436 4527 γὰ
1454 4476 1505 4529 ρ,
1539 4422 1694 4527 amat,
1718 4422 2016 4526 Πνεῦματι

2119 4460 2374 4519 aguntur,
2428 4450 2568 4505 ﬁlios
2597 4452 2694 4506 Dei
2745 4453 3123 4522 nuncupavit:
3160 4451 3466 4523 Quicunque
3511 4455 3688 4520 enim,

449 4550 597 4604 Θεοῦ
630 4550 892 4619 ἄγονται,
925 4546 1093 4606 οὗτοι
1120 4552 1280 4604 εἰσιν
1308 4548 1423 4604 υἱοὶ
1456 4551 1623 4604 Θεοῦ.
1648 4549 1771 4613 Πῶς
1797 4546 1889 4603 οῦν
1924 4549 2016 4602 καὶ

2118 4542 2316 4623 inquit,
2346 4542 2549 4613 Spiritu
2571 4544 2666 4597 Dci
2689 4552 2943 4614 aguntur,
2980 4545 3033 4598 Ιιί
3054 4555 3175 4598 sunt
3208 4545 3309 4613 ﬁlii
3338 4545 3433 4600 Dei
3452 4546 3518 4600 δι.
3542 4546 3692 4612 Quo-

447 4641 605 4709 ήμεῖς
645 4642 710 4693 ὲκ
737 4638 830 4693 τοῦ
878 4639 1110 4693 θανάτου
1150 4638 1430 4709 ἀγόμενοι,
1482 4640 1588 4692 υἱοὶ
1619 4639 1756 4692 Θεοῦ
1795 4639 2014 4692 ἀκούειν

2118 4650 2244 4690 nam
2274 4637 2439 4705 igitur
2467 4637 2629 4690 modo
2650 4652 2751 4691 nos
2785 4652 3011 4707 quoque
3028 4638 3122 4707 qui
3147 4654 3213 4691 ex
3242 4645 3418 4693 morte
3441 4653 3688 4709 agamur,

362 4786 363 4789 η
447 4730 741 4801 δυνάμεθα;
776 4730 846 4785 Ἠ)
875 4731 986 4800 γὰρ
1018 4732 1295 4799 φρόνημα
1325 4729 1436 4799 τῆς
1462 4729 1706 4797 σαρκός,
1737 4730 2010 4795 θάνατος.

448 4822 511 4874 Οἱ
539 4820 596 4874 δὲ
624 4819 899 4909 Πνεῦματι
921 4822 1199 4891 ἀγόμενοι,
1230 4823 1295 4874 ὲκ
1323 4820 1441 4872 τῶν
1473 4821 1701 4892 καρπῶν
1719 4821 1812 4872 τοῦ
1848 4820 2016 4873 Πνεῦ-

450 4928 616 4980 ματος
648 4906 797 4981 δῆλοί
849 4914 1009 4965 εἰσιν.
1043 4912 1284 4981 Εἴδωμεν
1320 4906 1413 4964 οὖν
1455 4913 1580 4974 τοὺς
1633 4911 1879 4981 καρποὺς
1915 4910 2008 4965 τοῦ

448 5001 762 5071 Πνεύματος
781 5019 795 5033 ·
825 5003 887 5055 '0
912 5003 1022 5073 γὰρ
1053 5003 1284 5070 καρπὸς
1307 5002 1413 5056 τοῦ
1435 5004 1800 5071 Πνεῦματος,
1822 5005 2008 5073 φησὶν,

342 5135 350 5141 .
445 5089 616 5142 ἐστὶν
641 5091 862 5159 ἀγάπη,
885 5092 1058 5160 χαρὰ,
1081 5090 1308 5161 εἰρήνη,
1334 5092 1728 5160 μακροθυμία,
1759 5094 2014 5160 χρηστό-

447 5193 577 5246 της,
615 5179 998 5249 ἀγαθοσύνη,
1051 5182 1276 5247 πίστις,
1332 5182 1632 5250 πραότης,
1681 5178 2011 5249 ἐγκράτεια.

447 5265 593 5338 'Apa.
620 5269 815 5341 ἔχομεν
836 5272 1010 5326 ταῦτα
1039 5275 1097 5326 ἐν
1125 5274 1338 5337 ἑαυτοῖς
1362 5290 1377 5340 ;
1408 5273 1553 5325 Ἀλλ’
1584 5272 1693 5326 εἴθε
1731 5273 1805 5343 μὴ
1830 5273 2013 5326 πάντα

447 5358 517 5411 τὰ
548 5359 782 5414 ἐναντία.
824 5362 947 5423 Πῶς
975 5359 1068 5415 οὖν
1097 5363 1207 5414 υἱοὶ
1252 5360 1387 5416 Θεοῦ
1429 5361 1648 5431 ἀκούειν
1700 5361 2008 5432 δυνάμεθα,

450 5451 543 5502 καὶ
569 5451 692 5521 οὐχὶ
726 5452 930 5523 μᾶλλον
963 5454 1027 5507 ὲκ
1053 5451 1461 5520 τοῦ-ἐναντίου
1495 5453 1569 5506 Τὸ
1609 5448 1831 5524 γὰρἐκ
1867 5469 2012 5516 τινος

517 5563 563 5596 '"
586 5564 725 5618 Psal.
759 5579 873 5627 xm,
902 5564 968 5629 ὅς
1001 5565 1158 5618 Rom.
1186 5581 1263 5629 ιιι,
1299 5565 1480 5620 12-18.
1555 5566 1600 5600 ⁷⁸
1630 5564 1675 5619 ll
1700 5565 1841 5621 Tim.
1879 5582 1957 5631 ιιι,
1994 5566 2103 5622 1-4.

452 5630 498 5663 ⁸⁸
528 5632 659 5690 ἰιιίἀ.
705 5636 758 5688 8.
835 5634 880 5665 ⁸³
909 5634 1084 5689 Galat.
1118 5636 1280 5721 ν,-

651 5724 920 5785 Ρλτιιοι..
975 5725 1092 5786 Gn.
1143 5723 1260 5783 XC.

2118 4728 2215 4781 ﬁlii
2240 4727 2334 4781 Dei
2351 4727 2543 4782 audire
2573 4729 2907 4797 possumus?
2935 4728 3131 4783 Sensus
3161 4731 3299 4782 enim
3325 4732 3522 4794 carnis,
3552 4746 3692 4783 mors

2118 4831 2195 4874 est
2224 4821 2287 4874 ".
2319 4820 2422 4887 Qui
2453 4828 2635 4885 autem
2663 4820 2873 4890 Spiritu
2900 4812 3156 4891 aguntur,
3181 4837 3248 4877 ex
3271 4822 3542 4876 fructibus
3565 4821 3691 4891 Spi-

2115 4911 2261 4964 ritus
2294 4909 2567 4964 manifesti
2590 4919 2736 4964 sunt.
2772 4909 3065 4965 Videamus
3100 4911 3266 4981 igitur
3287 4910 3498 4965 fruetus
3519 4909 3692 4979 Spiri-

2119 5010 2208 5057 tus
2239 5019 2252 5054 :
2282 5000 2503 5056 Fructus
2529 5003 2668 5056 enim
2722 5000 2978 5071 Spiritus,
3032 5002 3230 5072 inquit,
3278 5010 3383 5068 est,
3434 5003 3689 5067 charitas,

2116 5094 2392 5163 gaudium,
2432 5109 2568 5163 pax,
2618 5093 2997 5164 longanimitas
3023 5135 3037 5159 ,
3082 5094 3412 5163 benignitas,
3462 5092 3687 5156 bonitas,

2115 5183 2266 5251 ﬁdes,
2296 5185 2664 5250 mansuetudo,
2692 5186 3011 5239 continentia
3031 5184 3098 5237 ⁸³.
3130 5185 3269 5239 Num
3301 5185 3416 5239 haec
3443 5184 3498 5238 in
3530 5184 3691 5237 nobis

2115 5275 2418 5329 habemus?
2440 5276 2654 5333 Utinam
2690 5292 2821 5332 vero
2856 5260 2959 5330 nec
2996 5277 3268 5331 contraria
3295 5277 3509 5330 omnia!
3537 5275 3688 5342 Quo-

2113 5379 2240 5417 nam
2273 5363 2440 5435 igitur
2463 5366 2626 5419 modo
2650 5365 2744 5419 lilii
2762 5366 2880 5430 Dei,
2910 5376 2967 5421 et
2987 5381 3092 5420 non
3120 5366 3304 5435 potius
3335 5382 3364 5421 e
3388 5368 3685 5433 contrario,

2115 5452 2311 5507 audire
2344 5455 2676 5522 possumus?
2701 5454 2858 5521 Quod
2882 5455 3032 5510 enim
3057 5470 3125 5509 ex
3150 5455 3335 5524 aliquo
3363 5464 3550 5511 natum
3580 5465 3685 5521 est,

2215 5568 2259 5598 ⁷⁸³
2293 5566 2448 5620 Joan.
2479 5583 2591 5632 vni,
2622 5568 2708 5622 41.
2784 5568 2830 5601 ⁸ο
2862 5557 2997 5623 ibid.
3023 5569 3109 5624 44.
3187 5568 3231 5600 ⁸¹
3261 5569 3418 5625 Rom.
3455 5587 3568 5638 vm,
3600 5570 3686 5628 ll.

3177 5729 3254 5792 30
