4140 6322
528 323 633 386 939

1723 325 1783 383 S.
1820 322 2112 383 MAXIM];
2150 320 2653 385 CONFESSORIS

3673 311 3775 385 940

532 436 746 507 parenti
768 437 945 493 simile
970 448 1073 494 cst.
1103 436 1383 509 Signiﬁcat
1418 446 1600 493 autem
1622 438 1787 494 etiam
1822 440 2094 505 Dominus,

2210 438 2632 510 γεγεννημένον.
2655 440 2841 510 ὅμοιον
2852 437 2960 491 ατοῦ
2973 434 3361 507 γεγεννηκότος
3382 433 3518 487 ἐστι.
3546 431 3772 502 Δηλοῖδέ

532 529 602 584 iis
632 529 813 584 verbis
840 548 853 584 :
886 528 1035 596 Quod
1059 542 1246 585 nutum
1277 540 1352 584 est
1372 545 1433 583 ea:
1460 528 1681 601 Spiritu,
1707 533 1925 602 spiritus
1945 531 2103 597 est“;

528 636 633 676 nos
660 630 842 675 autem
873 638 1063 676 carnes
1091 620 1218 675 facti
1253 638 1465 687 sumus,
1496 621 1589 692 qui
1616 621 1904 677 desideriis
1926 623 2127 701 carnis.

530 707 797 763 adversus
811 707 1066 778 spiritum
1089 719 1408 775 arstuemus,
1432 709 1788 779 quamobrem
1810 710 1975 763 etiam
1993 726 2107 765 me-

530 798 637 854 rito
658 815 723 853 ex
750 799 841 853 illo
885 799 1141 854 audimus
1170 818 1182 853 :
1209 798 1325 853 Non
1349 801 1673 871 permanebit
1700 799 1929 871 Spiritus
1961 818 2104 856 meus

530 891 584 942 iu
638 887 929 942 hominibus
973 890 1106 955 istis,
1148 891 1273 960 quia
1317 906 1501 943 carnes
1527 888 1736 943 sunt".
1766 890 1904 957 Quia
1939 890 2105 962 igitur

530 978 744 1033 ratione
789 977 1086 1035 Christiani
1132 980 1324 1035 audire
1375 996 1697 1051 possumus,
1731 981 1825 1051 qui
1859 981 1916 1037 in
1943 982 2105 1045 nobis

530 1068 674 1137 quod
705 1067 910 1124 Christi
940 1069 1011 1125 sit
1038 1070 1179 1125 nihil
1202 1070 1504 1125 habeamus
1531 1071 1556 1124 ἲ

599 1272 691 1326 54.
734 1272 803 1326 At
830 1271 977 1326 dicet
1012 1272 1244 1329 fortasse
1287 1275 1530 1345 aliquis:
1566 1276 1753 1331 Fidem
1777 1277 1974 1344 habeo,
2006 1295 2103 1335 ca-

526 1377 635 1433 que
658 1362 713 1415 in
744 1378 868 1417 eum
898 1361 1035 1419 ﬁdes
1055 1364 1189 1418 satis
1216 1374 1302 1419 est
1334 1366 1403 1420 ad
1436 1367 1687 1422 salutem.
1716 1367 1786 1422 At
1808 1370 2104 1438 respondet

524 1450 762 1506 Jacobus
787 1452 869 1505 sic
899 1452 1193 1521 argutanti,
1223 1453 1443 1518 dicens:
1474 1455 1544 1509 Et
1571 1456 1832 1511 όιεηιοηεε
1860 1460 2099 1524 credunt,

526 1549 577 1595 et
601 1543 1006 1596 contremiscunt
1035 1542 1102 1597 ⁸⁸.
1136 1543 1204 1598 Ει
1237 1544 1439 1600 iterum
1479 1564 1494 1599 :
1524 1546 1676 1602 Fides
1708 1550 1823 1603 sine
1858 1549 2102 1620 operibus

524 1637 736 1703 mortua
760 1641 835 1686 est
862 1633 919 1686 in
946 1635 1258 1705 semetipsa;
1282 1645 1339 1689 ut
1378 1647 1429 1690 et
1457 1653 1616 1709 Opera
1643 1640 1876 1708 siueﬁde
1896 1632 1963 1696 “7'.
1986 1642 2111 1709 Qua-

523 1738 658 1779 vero
692 1723 901 1778 ratione
922 1724 1090 1779 etiam
1131 1726 1187 1781 in
1216 1742 1342 1782 eum
1374 1731 1671 1797 credimus,
1704 1743 1801 1787 aut
1830 1733 1882 1787 ei
1917 1734 1985 1789 de
2014 1734 2103 1790 l‘u-

524 1815 667 1870 turis
696 1826 1016 1885 praestamus
1044 1815 1228 1883 ﬁdem,
1254 1819 1347 1888 qui
1375 1835 1443 1874 ne
1477 1821 1544 1875 de
1577 1825 1942 1893 temporaneis
1972 1827 2099 1896 qui-

522 1907 647 1962 dem
674 1921 749 1967 ne
799 1921 920 1975 quae
955 1906 1121 1977 hujus
1165 1908 1290 1963 vitae
1331 1919 1480 1975 sunt,
1506 1912 1666 1967 ﬁdem
1691 1914 1768 1969 illi
1798 1915 2099 1973 habemus?

520 1996 884 2064 Quamobrem
927 1997 1093 2053 etiam
1138 2001 1372 2056 terrenis
1412 2003 1579 2059 rebus
1608 2005 1809 2061 affectu
1845 2009 2097 2078 ituplica-

521 2102 666 2151 mur,
696 2103 761 2142 ac
790 2087 885 2157 qui
915 2088 1067 2145 carni
1094 2089 1361 2157 vivamus,
1402 2092 1666 2149 adversus
1705 2097 1960 2167 spiritum
1990 2102 2097 2156 mi-

519 2178 763 2234 litamus.
789 2178 891 2246 Qui
920 2188 1104 2235 autem
1137 2184 1265 2237 vere
1293 2182 1514 2240 Christo
1543 2188 1916 2257 crediderant,
1942 2208 2098 2248 eum-

517 2285 627 2339 que
656 2278 852 2335 totum,
879 2272 1131 2328 mandata
1157 2272 1451 2343 implendo,
1480 2279 1678 2333 mentis
1709 2280 1830 2336 sinu
1864 2297 2096 2355 excepe-

519 2370 665 2427 rant,
693 2361 775 2417 sic
810 2363 1071 2417 nimirum
1101 2364 1358 2423 dicebant
1394 2385 1407 2420 :
1442 2368 1560 2422 Vivo
1598 2380 1796 2439 autem,
1834 2374 1956 2444 jam
1989 2393 2095 2431 non

518 2468 612 2522 ego
636 2468 649 2481 ·
676 2454 799 2507 vivit
826 2462 1002 2508 autem
1035 2456 1092 2509 in
1137 2472 1218 2509 me
1264 2455 1517 2514 Christus.
1552 2459 1704 2526 Quod
1751 2473 1930 2520 autem
1957 2484 2096 2522 nunc

517 2544 632 2597 vivo
650 2544 706 2597 in
735 2559 924 2609 carne,
955 2544 1060 2612 ﬁde
1088 2547 1199 2601 vivo
1233 2546 1356 2603 Filii
1387 2549 1509 2616 Dei,
1550 2555 1641 2622 qui
1697 2555 1882 2611 dilexit
1914 2576 2015 2626 me,
2044 2570 2094 2614 et

520 2632 739 2688 tradidit
777 2635 1114 2705 semetipsum
1158 2654 1254 2707 pro
1287 2654 1370 2693 me
1391 2639 1458 2694 ⁸⁸.
1490 2641 1701 2700 Idcirco
1726 2661 1852 2701 cum
1876 2664 1979 2719 pro
1996 2650 2093 2708 illo

518 2729 837 2791 paterentur
859 2723 928 2778 ad
968 2724 1217 2779 omnium
1249 2726 1481 2784 salutem
1512 2736 1938 2802 procurandum,
1969 2748 2091 2795 tan-

516 2827 682 2882 quam
710 2814 831 2884 ejus
852 2815 1029 2869 exacti
1058 2816 1386 2887 imitatores,
1408 2821 1634 2891 verique
1663 2824 1835 2893 ipsius
1863 2830 2090 2886 manda-

517 2910 700 2956 torum
720 2904 993 2969 cultores,
1044 2905 1303 2963 dicebant
1336 2925 1348 2960 :
1390 2906 1490 2973 Qui
1515 2912 1756 2968 conviciis
1786 2932 2087 2987 oneremur,

516 2994 906 3064 benedicimus;
935 2997 1025 3067 qui
1066 3001 1480 3068 persecutionem
1537 3006 1829 3073 patiamur,
1856 3012 2088 3066 sustine-

516 3103 668 3154 mus;
694 3090 785 3159 qui
802 3089 1091 3145 maledictis
1113 3099 1379 3161 petantur,
1397 3093 1725 3151 obsecramus
1740 3100 1783 3131 ⁸9
1799 3117 1817 3165 ;
1835 3100 1998 3174 384
2021 3119 2089 3158 eo
2116 3130 2160 3187 ο

517 3179 729 3235 scilicet
752 3180 897 3250 quod
932 3196 1060 3235 eum
1093 3181 1391 3238 audiebant
1413 3183 1717 3242 dicentem:
1742 3189 1961 3261 Diligite
1983 3195 2089 3248 iui-

517 3272 676 3324 micas
701 3280 918 3335 vestros,
943 3272 1224 3341 benefacite
1274 3272 1360 3338 iis,
1395 3277 1484 3345 qui
1520 3278 1742 3333 oderunt
1767 3296 1855 3335 vos
1882 3297 1900 3335 :
1934 3283 2096 3337 bene-.

517 3363 669 3417 dicite
694 3362 1120 3419 maledicentibus
1143 3367 1283 3422 vobis
1319 3384 1337 3421 :
1366 3378 1516 3422 orate
1546 3387 1640 3441 pro
1668 3373 1752 3437 iis,
1786 3377 1874 3444 qui
1894 3374 2091 3432 lwduut

514 3453 800 3522 injuria”,
824 3461 880 3510 et
907 3471 1030 3525 quae
1059 3466 1405 3527 sequuntur;
1438 3468 1553 3515 tum
1569 3478 1637 3517 ex
1657 3463 1860 3528 verbis,
1888 3474 2002 3521 tum
2024 3483 2092 3522 ex

515 3542 779 3612 operibus
802 3583 818 3609 ,
864 3545 957 3615 qui
1002 3545 1058 3600 iu
1090 3547 1172 3603 eis
1216 3549 1573 3618 operabatur,
1623 3568 1691 3609 ac
1714 3555 1872 3626 cujus
1905 3556 2089 3613 alllatu

516 3631 841 3701 agebantur,
873 3634 1083 3704 liquido
1108 3636 1361 3693 Christus
1383 3640 1739 3709 prodebatur.
1765 3643 1877 3698 Nos
1904 3657 2090 3700 autem

517 3724 612 3792 qui
635 3724 893 3780 omnibus
914 3727 1034 3797 ejus
1057 3730 1330 3787 mandatis
1351 3742 1540 3787 contra
1569 3734 1874 3790 obnitimur
1895 3738 2090 3793 adver-

516 3830 686 3884 saque
718 3829 1057 3888 praestamus,
1093 3821 1299 3880 idcirco
1323 3825 1475 3879 omni
1516 3825 1861 3883 immunditia
1897 3845 1962 3883 ac
1991 3846 2084 3884 ne-

514 3908 689 3975 quitia
742 3910 934 3979 repleti
974 3927 1187 3969 sumus.
1234 3914 1603 3981 Quamobrem
1640 3919 1809 3987 etiam
1858 3934 1958 3990 pro
1994 3922 2089 3977 Dei

518 3997 741 4065 templo,
773 3997 970 4055 domus
1002 4002 1393 4072 negotiationis
1431 4004 1613 4060 eﬂ‘ecti
1646 4022 1875 4074 sumus;
1903 4016 1959 4063 et
1991 4025 2089 4078 pro

514 4085 680 4141 domo
714 4089 982 4146 orationis
1003 4131 1018 4156 ,
1062 4094 1324 4162 spelunca
1361 4095 1636 4153 latronum
1659 4100 1703 4130 ⁹¹
1740 4116 1754 4152 :
1786 4115 1889 4169 pro
1929 4111 2088 4171 gente

514 4188 704 4233 sancta
726 4179 792 4245 ”,
821 4196 953 4251 gens
975 4184 1254 4252 peccatrix
1288 4204 1301 4239 :
1327 4202 1428 4256 pro
1455 4188 1551 4243 Dei
1587 4189 1768 4259 plebe,
1797 4191 1954 4260 plebs
1989 4193 2058 4248 de

512 4269 658 4324 lictis
692 4271 853 4339 plena
884 4289 1021 4342 :pro
1070 4282 1258 4330 sancto
1291 4277 1530 4345 semine,
1580 4295 1766 4337 semen
1810 4298 2085 4352 nequam:

512 4374 610 4428 pro
639 4361 764 4415 liliis
787 4361 905 4427 Dei,
929 4363 1024 4417 ιιιιι
1054 4366 1306 4422 scelerati
1332 4369 1402 4434 ⁸³,
1425 4384 1492 4423 eo
1515 4370 1665 4440 quod
1690 4371 2091 4442 dereliquimus

2209 531 2303 583 καὶ
2330 531 2557 602 Κύριος,
2584 530 2759 598 λέγων
2778 545 2791 557 ·
2821 528 2890 586 Τὸ
2910 526 3349 599 γεγεννημένον
3368 525 3436 579 ἐκ
3464 524 3572 579 τοῦ
3599 525 3777 577 Πνεύο

2207 640 2412 692 ματος,
2444 623 2682 693 πνεῦμά
2704 623 2896 677 ἐστιν.
2924 622 3119 691 Ἡμεῖς
3144 620 3202 674 δὲ
3232 618 3537 688 γεγόναμεν
3573 615 3775 685 σάρκες

2206 715 2607 787 ἐπιθυμοῦντες
2651 716 2795 771 κατά
2825 714 2921 768 τοῦ
2971 712 3308 783 Πνεύματος,
3339 711 3435 764 καὶ
3494 708 3584 762 διά
3620 707 3777 761 τοῦτο

2204 804 2431 868 δικαίως
2454 802 2725 875 ἀκούομεν
2760 804 2890 877 παρ’
2922 801 3118 856 αὐτοῦ’
3157 801 3238 855 Οὐ
3260 798 3347 870 μὴ
3384 798 3777 869 ἐγκαταμείνῃ

2206 895 2273 951 τὸ
2301 896 2550 966 Πνεῦμά
2590 914 2711 966 μου
2739 897 2810 950 ἐν
2842 896 2966 962 τοῖς
3021 894 3355 963 ἀνθρώποις
3404 892 3657 957 τούτοις,
3681 889 3780 944 διὰ

2205 986 2272 1040 τὸ
2345 983 2500 1041 εἶναι
2572 987 2795 1054 αὐτοὺς
2855 986 3107 1056 σάρκας.
3163 983 3287 1049 Πῶς
3360 979 3455 1037 οὖν
3505 979 3782 1051 δυνάμεθα

2203 1078 2423 1134 ἀκούειν
2448 1080 2789 1151 Χριστιανοὶ.
2821 1080 2874 1134 τί
2910 1096 3042 1133 ποτε
3065 1076 3159 1133 τοῦ
3190 1075 3429 1131 Χριστοῦ
3474 1077 3533 1129 ἐν
3564 1073 3779 1136 ἑαυτοῖς

2208 1168 2283 1240 μὴ
2310 1169 2525 1243 ἔχοντες
2560 1187 2573 1235 ;

2275 1260 2367 1315 λδ’.
2418 1261 2558 1315 Ἀλλ’
2595 1264 2711 1332 ἐρεῖ
2732 1278 2815 1324 τις
2845 1263 2997 1327 ἴσως,
3033 1261 3115 1313 ὅτι
3148 1259 3298 1330 Ἔχω
3318 1258 3417 1329 τὴν
3454 1258 3660 1324 πίστιν,
3686 1260 3780 1313 καὶ

2203 1353 2365 1422 ἀρκεῖ
2394 1371 2487 1422 μοι
2517 1355 2551 1419 ἡ
2584 1354 2767 1416 πίστις
2797 1354 2831 1423 ἡ
2854 1354 2935 1416 εἰς
2963 1350 3126 1405 αὑτὸν
3152 1351 3291 1423 πρὸς
3318 1350 3617 1422 σωτηρίαν.
3639 1350 3779 1404 Ἀλλ’

2205 1443 2624 1513 ἀντιφθέγγεται
2661 1443 2813 1514 αύτῷ
2863 1444 2893 1496 ὁ
2954 1441 3233 1512 Ἰάκωϐος,
3303 1441 3504 1511 λέγων,
3555 1442 3637 1496 ὅτι
3670 1441 3780 1497 Kal

2206 1534 2279 1589 τὰ
2338 1535 2619 1605 δαιμόνια
2663 1535 3030 1591 πιστεύουσι
3056 1535 3210 1599 ,ικαὶ
3260 1536 3616 1604 φρίσσουσι.
3670 1535 3782 1587 Καὶ

2203 1627 2392 1681 πάλιν
2437 1627 2500 1682 Ἠ
2539 1627 2746 1693 πίστις
2798 1628 2980 1698 χωρίς
3025 1626 3141 1681 τῶν
3161 1628 3371 1695 ἔργων,
3416 1624 3600 1695 νεκρά
3647 1627 3782 1680 ἐστι

2202 1722 2332 1773 καθ’
2364 1719 2593 1787 ἑαυτήν
2612 1732 2626 1747 '
2655 1720 2737 1786 ὼς
2768 1720 2867 1774 καὶ
2900 1717 2974 1773 τὰ
2998 1718 3142 1789 ἔργα
3164 1718 3306 1787 δίχα
3335 1719 3615 1784 πίστεως.
3654 1717 3780 1782 Πῶς

2203 1804 2261 1858 δὲ
2286 1805 2381 1859 καὶ
2407 1808 2736 1877 πιστεύομεν
2760 1808 2839 1870 εἰς
2867 1806 3050 1868 αὐτὸν,
3100 1807 3133 1878 ἢ
3175 1809 3305 1878 περὶ
3338 1808 3446 1862 τῶν
3476 1807 3780 1879 μελλόντων

2201 1897 2350 1968 αὐτῷ
2370 1898 2724 1970 πιστεύομεν,
2755 1900 2805 1952 οἱ
2838 1899 2968 1971 περὶ
2993 1900 3102 1956 τῶν
3126 1887 3481 1971 πωσκαίρων
3506 1901 3603 1954 καὶ
3635 1917 3779 1970 παρ·
3836 1952 3847 1959 .

2199 1987 2367 2044 ὀντων
2388 1988 2536 2060 αύτῷ
2548 1992 2624 2060 μὴ
2644 1990 3016 2054 πιστεύοντεςο
3032 1992 3127 2044 καὶ
3148 1990 3237 2045 διὰ
3260 1990 3421 2044 τοῦτο
3435 1994 3546 2054 τοῖς
3574 1991 3779 2055 ὑλικοίς

2202 2082 2647 2153 συμφυρόμενοι,
2681 2082 2777 2137 καὶ
2804 2084 2870 2153 τῇ
2906 2083 3070 2153 σαρκὶ
3104 2082 3307 2148 ζῶντες
3330 2098 3344 2112 ’
3386 2084 3481 2138 καὶ
3513 2082 3660 2137 κατά
3684 2081 3776 2136 τοῦ

2202 2175 2520 2244 Πνεύματος
2578 2175 3044 2247 στρατευόμενοι;
3105 2177 3168 2228 Oi
3202 2176 3258 2229 δὲ
3305 2175 3383 2248 τῷ
3435 2176 3663 2247 Χριστῷ
3718 2177 3776 2230 ἐν

2200 2266 2427 2338 ἀληθείᾳ
2457 2268 2870 2331 πιστεύσαντες,
2902 2268 2996 2320 καὶ⁵
3016 2266 3137 2320 ὅλον
3158 2267 3321 2320 αὐτὸν
3351 2269 3410 2320 ἐν
3441 2268 3659 2331 ἑαυτοῖς
3689 2267 3777 2322 διὰ
3883 2262 3889 2266 ’

2196 2359 2308 2412 τῶν
2338 2359 2569 2412 ἐντολῶν
2608 2358 3023 2421 εἰσοικισαντες,
3072 2357 3243 2422 οὕτως
3286 2358 3502 2427 ἔλεγον·
3550 2356 3647 2411 Ζῶ
3685 2356 3773 2423 δὲ,

2198 2449 2402 2503 οὐκέτι
2427 2448 2565 2520 ἐγὼ,
2620 2447 2689 2518 ζῇ
2712 2449 2781 2503 δὲ
2800 2450 2869 2504 ἐν
2900 2449 3029 2519 ἐμοὶ
3064 2451 3096 2503 ό
3138 2450 3414 2519 Χριστός.
3449 2452 3519 2502 ὐ
3549 2447 3617 2501 δὲ
3659 2448 3774 2502 νῦν

2198 2538 2271 2601 ζῶ
2320 2540 2393 2595 ἐν
2424 2541 2627 2611 σαρκὶ,
2662 2540 2736 2610 τῇ
2769 2541 2971 2596 πίστει
3015 2538 3088 2602 ζῶ
3115 2542 3220 2596 τοῦ
3265 2540 3401 2596 Υίοῦ
3445 2540 3553 2596 τοῦ
3595 2540 3771 2606 Θεοῦ,

2198 2631 2305 2686 τοῦ
2338 2631 2773 2703 ἀγαπήσαντός
2797 2650 2895 2702 με,
2942 2632 3042 2687 καί
3090 2633 3304 2701 δόντος
3347 2633 3565 2687 ἑαυτὸν
3614 2631 3773 2701 ὑπὲρ

2194 2722 2365 2792 ἐμοῦ.
2414 2723 2516 2778 Διά
2560 2724 2718 2778 τοῦτο
2773 2725 3078 2795 πάσχοντες
3125 2725 3263 2796 ὑπὲρ
3315 2722 3480 2779 αὐτοῦ
3528 2724 3619 2778 διὰ
3677 2723 3773 2795 τὴν

2197 2816 2417 2869 πάντων
2453 2817 2751 2886 σωτηρίαν,
2787 2818 2863 2882 ὡς
2904 2818 3155 2890 ἀκριϐεῖς
3186 2817 3350 2870 αὑτοῦ
3386 2816 3647 2887 μιμηταὶ,
3680 2816 3772 2870 καὶ

2198 2905 2303 2958 τῶν
2334 2904 2563 2958 ἐντολῶν
2593 2905 2758 2958 αὑτοῦ
2789 2907 3000 2977 γνήσιοι
3026 2906 3287 2974 φύλακες,
3319 2904 3534 2973 ἔλεγονο
3560 2904 3773 2959 Acida-

2186 2999 2473 3066 ρούμενοι
2533 2998 2944 3068 εὐλογοῦμεν,
3004 2996 3349 3067 διωκόμενοι
3409 2999 3768 3067 ἀνεχομεθα.

2187 3089 2738 3159 βλασφημούμενοι
2784 3088 3283 3158 παρακαλοῦμεν
3336 3088 3526 3159 ἐπειδὴ
3570 3089 3770 3159 ἢκουον

2191 3180 2357 3233 αὐτοῦ
2392 3181 2674 3248 λέγοντος·
2745 3178 3034 3248 ’Λγαπᾶτε
3078 3181 3221 3244 τοὺς
3265 3179 3513 3248 ἐχθροὺς
3558 3180 3766 3250 ὑμῶν’

2189 3268 2390 3334 καλῶς
2442 3267 2663 3322 ποιεῖτε
2718 3267 2845 3333 τοῖς
2880 3268 3177 3337 μισοῦσιν
3223 3266 3413 3335 ὑμᾶς·
3464 3268 3770 3338 εὐλογεῖτε

2188 3360 2333 3426 τοὺς
2358 3359 2811 3429 καταρωμένους
2834 3358 3010 3429 ὑμᾶς*
3030 3356 3444 3430 προσεύχεσθε
3464 3359 3620 3428 ὑπὲρ
3651 3360 3771 3415 τῶν

2189 3449 2637 3518 ἐπηρεαζόντων
2669 3448 2848 3520 ὑμᾶς,
2887 3453 2983 3504 καὶ
3015 3454 3083 3505 τὰ
3114 3452 3240 3522 ἑξῆς
3261 3467 3274 3480 ·
3315 3452 3411 3505 καὶ
3445 3453 3513 3505 ἐκ
3544 3451 3660 3504 τῶν
3691 3451 3769 3505 λό-

2189 3559 2302 3610 γων
2337 3540 2431 3593 καὶ
2476 3540 2584 3595 τῶν
2629 3540 2807 3613 ἔργων
2839 3544 2870 3596 ὁ
2918 3541 3157 3612 ἐνεργῶν
3199 3543 3258 3595 ἐν
3298 3545 3481 3606 αὐτοῖς
3530 3543 3767 3612 Χριστὸς

2189 3632 2545 3703 ὲφανεροῦτο’
2584 3634 2744 3704 ἡμεῖς
2787 3633 2867 3699 δὲ,
2929 3634 3117 3704 ἐπειδὴ
3142 3634 3345 3698 πάσαις
3370 3636 3490 3698 ταῖς
3525 3635 3765 3698 ἐντολαῖς

2188 3728 2356 3782 αὐτοῦ
2390 3730 2853 3799 ἀντιπράττομεν,
2885 3729 2973 3783 διὰ
3011 3728 3170 3782 τοῦτο
3200 3730 3382 3801 πάσης
3423 3729 3766 3802 ἀκαθαρσίας

2188 3822 2276 3873 ἐνε
2289 3820 2624 3891 πλήσθημεν.
2669 3819 2783 3873 Καὶ
2807 3820 2896 3873 διὰ
2936 3821 3096 3874 τοῦτο
3124 3821 3448 3891 γεγόναμεν,
3481 3821 3606 3875 ἀντὶ
3639 3820 3771 3875 ναοῦ

2187 3909 2346 3976 Θεοῦ,
2365 3908 2509 3975 οἶκος
2531 3910 2797 3982 ἐμπορίου
2814 3924 2829 3937 ·
2856 3912 2949 3964 καὶ
2968 3910 3088 3965 ἀντὶ
3112 3913 3263 3965 οῖκου
3289 3911 3767 3982 προσευχῆς,σπή-

2188 4000 2335 4054 λαιον
2350 4001 2583 4074 λῃστῶνσ
2604 4003 2724 4055 ἀντὶ
2751 4002 2933 4066 ἔθνους
2955 4003 3287 4073 ἀγιου,ἐθνος
3310 4005 3652 4075 ἀμαρτωλόν’
3677 4004 3767 4059 καὶ

2188 4093 2312 4148 ἀντὶ⁸
2326 4093 2457 4147 λαοῦ
2473 4092 2629 4159 θεοῦ,
2649 4093 2775 4157 λαὸς
2798 4094 3013 4166 πλήρης
3043 4095 3350 4167 ἁμαρτιῶν*
3368 4097 3490 4151 ἀντὶ
3521 4099 3768 4169 σπέρμα-

2188 4202 2278 4249 τος
2310 4184 2487 4252 ἀγίου,
2518 4184 2741 4255 σπέρμα
2765 4185 3018 4257 πονηρόν·
3047 4186 3141 4240 καὶ
3159 4185 3280 4240 ἀντὶ
3303 4186 3434 4239 υἱῶν
3454 4185 3619 4251 Θεοῦ,
3664 4185 3768 4240 υἱοὶ

2184 4276 2402 4347 ἄνομοι,
2444 4276 2632 4345 ἐπειδὴ
2674 4276 3112 4349 ἐγκατελιπομεν
3154 4278 3253 4341 τὰς
3285 4276 3506 4341 ἐντολὰς
3533 4278 3628 4331 τοῦ
3659 4280 3767 4332 Ku-

2193 4368 2332 4436 ρίου,
2379 4365 2475 4420 καὶ
2527 4367 2868 4448 δουλεύομεν
2886 4370 2999 4432 τοῖς
3040 4371 3301 4441 πονηροῖς
3350 4369 3629 4438 πνεύμασι
3664 4367 3765 4427 ,διὰ

512 4451 767 4505 mandata
808 4452 1061 4519 Domini,
1116 4455 1525 4529 immundisque
1571 4462 1723 4518 vitiis
1753 4478 1820 4517 ac
1866 4463 2086 4520 libidini

2195 4457 2297 4510 τῶν
2323 4457 2648 4529 ἀκαθάρτων
2680 4458 2892 4526 παθῶν,
2916 4461 3011 4515 καὶ
3034 4462 3471 4534 παρωργίσαμεν
3490 4461 3585 4515 τὸν
3615 4460 3766 4530 ἅγιον

513 4541 833 4611 mancipati,
865 4544 1220 4613 nequissimis
1250 4549 1538 4619 spiritibus
1569 4554 1889 4611 servitutem
1914 4558 2090 4613 servi-

512 4644 657 4696 mus,
685 4643 751 4684 ac
781 4631 1043 4687 Sanctum
1076 4634 1240 4690 Israel
1261 4641 1736 4697 exacerbavimus.

468 4750 478 4779 -,
582 4719 669 4774 55.
711 4720 844 4775 Eam
872 4722 943 4777 ob
970 4738 1085 4779 rem
1113 4726 1308 4797 lugens
1340 4745 1443 4786 nos
1484 4747 1715 4802 magnus
1756 4732 1944 4800 Isaias,
1972 4736 2087 4791 cla-

510 4819 643 4876 mat,
668 4812 763 4882 qui
792 4820 848 4869 et
878 4825 1080 4871 nostra:
1123 4818 1296 4873 ruinae
1320 4820 1481 4875 simul
1521 4837 1683 4892 opem
1721 4822 1866 4879 ferre
1907 4837 2084 4892 aveat,

510 4900 695 4971 aitque
723 4921 737 4957 ς
768 4901 912 4969 Quid
947 4905 1117 4960 adhuc
1161 4910 1532 4977 percutiamini
1558 4910 1808 4965 addentes
1832 4913 2084 4983 iniquita-

510 4995 846 5052 tcm?0mne
884 5008 1044 5070 caput
1082 5000 1138 5052 in
1165 5000 1380 5066 dolore,
1444 5010 1493 5055 et
1555 5019 1646 5056 cor
1671 5020 1825 5061 omne
1855 5006 1911 5059 in
1961 5024 2084 5063 mm-

510 5102 627 5140 rore
651 5103 669 5142 :
694 5106 727 5143 a
747 5088 961 5159 pedibus
989 5107 1151 5161 usque
1172 5091 1241 5145 ad
1258 5100 1417 5164 caput
1445 5103 1642 5149 nonest
1672 5096 1727 5149 in
1757 5113 1817 5150 eo
1842 5101 2046 5156 sanitas
2063 5118 2083 5156 :

508 5197 675 5250 neque
704 5182 916 5250 vulnus,
948 5200 1114 5255 neque
1132 5185 1288 5254 livor,
1327 5205 1493 5260 neque
1521 5189 1682 5262 plaga
1707 5202 1932 5249 tumens.
1962 5195 2082 5250 Non

506 5281 582 5325 est
612 5273 883 5344 malagma
916 5276 1217 5348 imponere,
1255 5296 1424 5351 neque
1456 5280 1652 5348 oleum,
1684 5274 1848 5355 neque
1890 5285 2084 5358 alliga-

510 5374 658 5420 turus
681 5368 750 5422 ".
779 5367 917 5421 Tum
942 5385 1074 5445 vero
1132 5372 1265 5442 quid
1307 5372 1437 5428 hinc
1466 5376 1717 5444 sequitur
1747 5395 1759 5429 :
1796 5376 2082 5449 Relinque-

510 5462 596 5506 tur
626 5452 744 5521 ﬁlia
802 5453 930 5509 Sion
961 5458 1095 5511 sicut
1127 5459 1529 5516 tabernaculum
1558 5464 1613 5518 in
1648 5465 1824 5531 uinea,
1866 5474 1915 5520 et
1946 5467 2081 5521 sicut

579 5650 805 5726 l’_‘_.loan_.
833 5669 911 5726 ιιι,
948 5655 996 5709 6.
1075 5658 1119 5688 ⁸⁸
1145 5659 1279 5714 Gen.
1317 5677 1389 5726 vi,
1427 5661 1481 5716 5.

2186 4550 2283 4604 τοῦ
2318 4552 2557 4624 Ἰσραήλ.

2224 4796 2231 4805 _
2254 4732 2348 4788 λε’.
2373 4736 2469 4788 Διὰ
2497 4720 2657 4788 τοῦτο
2680 4734 2893 4806 θρηνῶν
2922 4737 3067 4806 ἡμᾶς
3094 4736 3122 4789 ὁ
3153 4737 3325 4809 μέγας
3341 4736 3596 4801 Ἡσαΐας.
3632 4737 3766 4809 κρά-

2186 4824 2290 4889 ζει,
2344 4826 2610 4897 βοηθῆσαι
2662 4829 2779 4897 ἆμα
2832 4828 3157 4899 βουλόμενος
3205 4833 3269 4901 τῇ
3323 4829 3532 4885 πτώσει
3585 4830 3760 4903 ἡμῶν,

2192 4917 2396 4984 λέγων·
2437 4918 2497 4971 Τί
2544 4918 2629 4971 ἔτι
2682 4918 2956 4986 πληγῆτε
3015 4921 3440 4988 προστιθέντες
3480 4920 3761 4990 ἀνομίαιτ

2192 5006 2371 5063 Πᾶσα
2409 5011 2646 5079 κεφαλὴ
2676 5012 2764 5076 εις
2809 5010 3019 5077 πόνον,
3071 5012 3169 5069 καί
3215 5011 3383 5067 πᾶσα
3416 5011 3633 5079 καρδία
3677 5014 3761 5077 εἰς

2190 5102 2429 5169 λύπην*
2465 5101 2581 5156 ἀπὸ
2630 5100 2834 5154 ποδῶν
2862 5100 2974 5165 ἕως
3018 5101 3290 5170 κεφαλῆς
3327 5104 3438 5157 οὐκ
3476 5101 3654 5155 ἐστιν
3694 5101 3759 5154 ἐν

2190 5191 2352 5257 αὐτῷ
2405 5193 2767 5261 ὁλοκληρίαο
2821 5192 2958 5246 οὔτε
3001 5192 3261 5263 τραῦμα,
3313 5194 3452 5248 οὔτε
3497 5193 3754 5262 μώλωψ.

2189 5286 2328 5340 οὔτε
2357 5286 2562 5355 πληγὴ
2609 5286 3099 5356 φλεγγιαίνουσαο
3152 5288 3263 5340 οὐκ
3301 5288 3434 5340 ἐστι
3473 5283 3758 5355 μάλαγμα

2188 5376 2499 5442 ἐπιθεῖναι,
2541 5379 2681 5432 οὔτε
2711 5378 2939 5442 ἔλαιον,
2976 5379 3113 5432 οὔτε
3156 5376 3591 5446 καταδέσμους.
3629 5369 3758 5428 Εἶτα

2186 5468 2240 5519 τί
2268 5467 2328 5548 τὸ
2352 5469 2445 5521 ἐπὶ
2464 5467 2693 5537 τούτοις;
2736 5469 3381 5553 Έγκατειλειςοθήσεται
3428 5472 3466 5540 ἠ
3498 5465 3757 5535 θυγάτηρ

1556 5662 1601 5694 ⁸⁸
1622 5662 1744 5735 Jac.
1774 5679 1832 5725 ιι,
1848 5662 1956 5735 λθ.
2032 5665 2076 5698 ⁸⁷

2195 5664 2240 5720 τι.
2271 5664 2361 5718 ρο.
2402 5666 2448 5699 οε
2479 5665 2653 5721 Galat.
2683 5683 2740 5728 ιι,
2772 5666 2859 5721 eo.
2910 5643 2981 5700 ἰο
3018 5668 3036 5721 ι
3068 5667 3195 5723 Cor.
3229 5684 3299 5735 ιν,
3325 5669 3411 5723 ιε.
3485 5671 3531 5702 ν·
3560 5667 3748 5724 nauli.

508 5737 561 5787 ν,
592 5721 678 5778 44.
757 5721 799 5751 ¹¹¹
833 5722 1020 5778 Matth.
1058 5744 1162 5792 xxx,
1204 5730 1299 5795 l5;
1327 5721 1481 5785 Joau.
1516 5747 1573 5795 ιι,
1612 5732 1696 5785 16.
1775 5721 1864 5786 οίι
1901 5734 2045 5789 Pclr.
2081 5754 2093 5788 ι

2195 5741 2224 5789 ι.
2301 5738 2345 5768 ⁸³
2376 5735 2479 5791 lsa.
2514 5752 2548 5800 t,
2585 5737 2635 5789 4.
2714 5721 2757 5768 ’³
2789 5737 2889 5790 lsa.
2917 5753 2955 5799 1,
2986 5738 3038 5798 5.
3070 5721 3122 5792 θ.
