4140 6322
481 310 541 373 94
559 311 574 372 i

1761 312 1988 372 LIBER
2023 279 2479 372 ASCETICUS;

3619 305 3680 364 9i
3691 307 3723 368 2

483 417 634 472 Σιὼν
669 418 745 482 ὠς
767 416 967 484 σκηνὴ
993 418 1062 471 ἐν
1093 417 1419 487 ἀμπελῶνι,
1446 418 1540 472 καὶ
1559 418 1634 482 ὡς
1653 416 2044 487 ὀπωροφυλά-

2152 433 2404 487 ponorum
2453 415 2687 469 custodia
2730 415 2782 466 in
2817 409 3197 473 cucmnerario,
3231 412 3363 464 sicut
3397 411 3513 465 unbs
3546 428 3710 481 etpu-

481 524 614 562 κιον
664 505 738 560 ἑνλ
801 507 1168 574 σικυηλάτῳ.
1209 508 1291 571 ὡς
1335 509 1516 573 πόλις
1547 509 2044 576 πολιορκουμένη.

481 599 695 667 Ταύτην
724 599 878 666 ἡμῶν
909 599 1006 666 τῆς
1032 598 1211 668 ψυχῆς
1255 599 1354 668 τὴν
1385 600 1665 668 ἐρήμωσιν
1696 599 1789 651 καὶ
1818 600 1846 652 ὁ
1891 597 2048 652 Ἀπό·

483 691 665 752 evolo;
688 690 883 757 δηλῶν,
906 690 1088 757 ἔλεγε·
1125 689 1236 744 Καὶ
1284 690 1479 754 καθὼς
1519 693 1631 744 οὐκ
1678 691 2048 757 ἐδοκίμασαν

481 780 584 832 τὸν
623 779 773 833 Θεὸν
802 780 966 848 ἔχειν
992 783 1063 834 ἐν
1090 781 1426 851 ἐπιγνώσει,
1464 780 1806 848 παρέδωκεν
1825 780 2048 846 αὐτοὺς

481 873 513 923 ό
563 871 708 934 Θεὸς
752 873 842 936 εἰς
893 872 1181 940 ἀδόκιμον
1220 872 1402 934 νοῦν.
1449 871 1642 924 ποιεῖν
1687 871 1760 923 τὰ
1792 869 1877 950 μὴ
1909 874 2048 933 κιιθ⁸

479 962 742 1029 ήκοντα’
801 961 1305 1030 πεπληρωμένους
1348 961 1518 1030 πάσῃ
1576 961 1796 1028 ἀδικίᾳ,
1846 962 2045 1027 κακίᾳ,

481 1054 761 1122 πονηρίᾳ,
811 1052 1152 1121 πλεονεξίαι
1209 1052 1477 1123 μεστοὺς
1525 1053 1776 1120 φθόνου,
1833 1052 2046 1121 φόνου,

481 1144 707 1210 ἔριδος,
749 1145 956 1210 δόλου,
1015 1145 1401 1212 κακοηθείας,
1438 1142 1836 1211 ψιθυριστάς,
1879 1159 2049 1195 κατα·

480 1235 741 1300 λάλους,
806 1234 1182 1304 θεοστυγεῖς,
1235 1234 1540 1302 ὑϐριστὰς,
1597 1233 2045 1303 ὑπερηφάνους,

481 1326 794 1390 ἀλαζόνας,
826 1327 1150 1395 ἐφευρετὰς
1195 1326 1418 1390 κακῶν,
1451 1327 1736 1395 γονεῦσιν
1755 1325 2046 1392 ἀπειθεῖς,

479 1418 836 1484 ἀσυνέτους,
862 1420 1254 1485 ἀσυνθέτους,
1285 1421 1642 1490 ἀστόργους,
1674 1419 2046 1487 ἀσπόνδους,

480 1509 921 1578 ἀνελεήμονας·
978 1511 1197 1574 οἵτινες
1252 1511 1317 1563 τὸ
1382 1510 1671 1580 δικαίωμα
1716 1510 1821 1572 τοῦ
1899 1508 2049 1566 Θεοῦ

482 1601 856 1669 ἐπιγνόντες,
881 1601 969 1654 ὅτι
989 1604 1044 1655 οἱ
1082 1605 1154 1655 τὰ
1212 1601 1456 1656 τοιαῦτα
1482 1601 1864 1669 πράσσοντες
1895 1599 2050 1664 ἄξιοι

481 1688 740 1743 θανάτου
791 1691 970 1754 εἰσὶν,
1013 1693 1084 1744 οὐ
1115 1692 1309 1760 μόνον
1336 1690 1489 1744 αὐτὰ
1528 1691 1830 1755 ποιοῦσιν,
1884 1689 2050 1746 ἀλλὰ

2148 521 2313 582 gnata
2345 512 2410 564 9³.
2436 511 2581 564 lianc
2612 507 2805 563 animae.
2829 516 3027 561 nostra!
3058 503 3453 559 desolationem
3490 507 3721 572 Aposto-

2148 603 2238 658 lus
2261 618 2479 673 quoquc
2507 602 2840 672 significans,
2875 599 3057 652 aiebat
3094 615 3105 649 :
3147 596 3213 649 Et
3240 596 3374 650 sicut
3401 612 3505 648 non
3533 595 3721 664 proba-

2149 704 2334 748 verunt
2371 695 2560 748 habere
2585 693 2754 746 Deum
2790 692 2846 743 in
2873 690 3079 753 notitia,
3103 687 3319 746 tradidit
3340 685 3460 739 illos
3495 685 3632 738 Dens
3669 688 3721 738 in

2150 786 2426 856 reprobum
2450 802 2680 846 sensum,
2712 793 2766 836 ut
2789 784 2985 851 faciant
3012 798 3074 834 ea
3128 797 3240 850 quae
3261 796 3362 832 non
3389 779 3723 839 conveniunt;

2151 876 2372 946 repletos
2401 878 2542 929 omni
2566 875 2865 944 iniquitate,
2902 873 3128 933 malitia,
3162 871 3416 939 nequitia,
3449 870 3672 922 avaritia
3704 909 3719 923 .

2150 965 2329 1036 plenos
2361 967 2579 1029 invidia,
2607 965 2764 1028 ccede,
2804 966 2944 1027 rirca,
2977 961 3116 1026 dolo,
3149 959 3724 1030 malignitate;susur-

2148 1073 2324 1120 renes,
2373 1056 2710 1119 dctractores,
2744 1055 2851 1108 Deo
2890 1051 3124 1117 odibiles,
3173 1048 3592 1111 contumeliosos,
3631 1065 3730 1101 su-

2137 1147 2355 1217 .perbos,
2391 1149 2532 1216 fastu
2561 1146 2746 1210 elatos,
2780 1145 3042 1200 malorum
3073 1145 3384 1205 inventores,
3421 1140 3726 1211 parentibus

2149 1241 2529 1309 immorigeros,
2563 1240 2888 1307 insipientes,
2916 1235 3303 1303 incompositos,
3354 1236 3468 1287 sine
3517 1234 3726 1303 affectu,

2150 1330 2362 1398 infidos,
2407 1328 2863 1382 immisericordes.
2916 1326 3016 1391 Qui
3052 1343 3168 1379 cum
3199 1326 3468 1394 justitiam
3511 1324 3612 1377 Dei
3637 1339 3728 1376 c0-

2149 1422 2480 1490 gnovissent;
2535 1422 2672 1490 quod
2709 1421 2792 1481 hi,
2855 1421 2942 1488 qni
3002 1418 3133 1471 talia
3175 1426 3372 1487 agunt,
3419 1417 3565 1486 digni
3623 1417 3727 1469 sint

2151 1521 2337 1576 morte,
2376 1530 2478 1566 non
2503 1512 2673 1567 solum
2703 1527 2765 1564 ea
2800 1510 3029 1579 faciunt,
3062 1512 3164 1572 sed
3212 1512 3374 1563 etiam
3398 1509 3728 1571 consentiunt

2151 1602 2482 1671 facientibus.
2517 1602 2806 1670 Propterea
2842 1600 3060 1654 tradidit
3104 1599 3224 1653 illos
3259 1599 3399 1651 Deus
3434 1599 3486 1650 in
3509 1590 3732 1667 probro-

2149 1711 2233 1749 sos
2268 1696 2496 1764 affectus,
2522 1703 2578 1746 ut
2608 1695 2894 1764 ignominia
2918 1693 3146 1762 afficiant
3175 1707 3396 1761 corpora
3431 1690 3614 1742 sua-in
3644 1704 3731 1741 se-

481 1777 582 1832 καὶ
635 1780 1082 1834 συνευδοκοῦσι
1126 1779 1250 1846 τοῖς
1295 1779 1668 1850 πράσσουσι.
1715 1781 1818 1838 Διά
1869 1779 2047 1833 τοῦτο

2152 1786 2380 1855 metipsis
2405 1786 2473 1838 ⁸⁸.
2507 1787 2603 1840 His
2639 1802 2766 1840 vero
2801 1785 2932 1854 quid
2957 1785 3176 1838 comes?
3206 1779 3728 1849 Κουρίωνι-,ὡραίῃ

479 1873 821 1942 παρέδωκεν
841 1876 1063 1942 αὐτοὺς
1091 1880 1123 1930 ό
1163 1876 1305 1943 Θεὸς
1349 1878 1437 1943 εἰς
1466 1875 1622 1942 πάθη
1654 1875 1909 1945 ἀτιμίας,
1937 1873 2045 1928 τοῦ

479 1964 856 2034 ἀτιμάζεσθαι
895 1968 966 2023 τὰ
1005 1969 1250 2037 σώματα
1302 1968 1502 2022 αὐτῶν
1537 1969 1606 2022 ἐν
1645 1967 1898 2032 ἑαυτοῖς.
1935 1967 2046 2020 Καὶ

2150 1877 2235 1930 ira
2264 1876 2359 1930 Dei
2400 1877 2463 1930 de
2487 1876 2632 1940 ctelo,
2660 1894 2817 1946 super
2845 1892 3049 1929 omnem
3071 1876 3396 1945 impietatem
3443 1883 3491 1925 et
3518 1871 3733 1941 injusti-

2153 1968 2284 2020 tiam
2305 1967 2572 2022 hominum
2599 1967 2667 2029 9",
2696 1975 2752 2020 et
2771 1981 2892 2034 quae
2919 1974 3243 2033 sequuntur.

479 2055 531 2109 τί
555 2056 614 2109 τδ
655 2057 749 2110 ἐπὶ
792 2058 1040 2126 τούτοις;
1091 2061 1626 2126 Ἀποκαλύπτεται,
1669 2060 1853 2138 φησιν,
2089 2055 2235 2110 Θεοῦ
2295 2058 2397 2111 ἀπ’
2464 2045 2726 2125 οὐρανοῦ
2755 2057 2852 2109 ἐπὶ
2896 2055 3104 2110 πᾶσαν
3137 2055 3422 2108 ἀσέϐειαν
3455 2052 3554 2106 καὶ
3605 2051 3733 2106 ἀδι-

480 2149 620 2204 κίαν
643 2151 995 2219 ἀνθρώπων,
1030 2153 1124 2206 καὶ
1154 2153 1224 2207 τὰ
1261 2152 1407 2223 ἑξῆς.

548 2240 656 2305 λς’.
688 2241 902 2312 Ταύτην
930 2246 1029 2314 τῆς
1047 2243 1222 2314 ψυχῆς
1248 2245 1525 2316 ἐρήμωσιν
1546 2243 1638 2296 xa‘t
1657 2243 1684 2295 ὁ
1719 2240 1920 2313 Κύριος
1951 2257 2049 2310 μη·

479 2333 641 2400 νύων,
674 2333 858 2402 ἔλεγεν
880 2351 894 2365 ⁸
936 2336 1358 2404 Ἰερουσαλὴμ,
1418 2333 1807 2404 Ἰερουσαλὴμ
1837 2335 1874 2401 ἠ
1897 2335 2047 2388 ἀπο-

482 2426 804 2480 κτείνουσα
826 2427 968 2493 τοὺς
995 2428 1324 2496 προφήτας,
1347 2428 1445 2482 καὶ
1473 2427 1879 2482 λιθοϐολοῦσα
1906 2425 2046 2490 τοῖις

481 2516 976 2585 ἀπεσταλμένους
1003 2518 1154 2585 πρὸς
1194 2518 1418 2586 αὐτήν
1465 2517 1724 2583 ποσάκις
1772 2517 2048 2585 ἠθέλησα

478 2607 940 2676 ἐπισυναγαγεῖν
962 2610 1032 2662 τὰ
1054 2611 1231 2662 τέκνα
1260 2624 1399 2674 σου,
1421 2609 1500 2674 ὡς
1528 2609 1689 2675 ὄρνις
1720 2609 1790 2662 τὰ
1821 2607 2046 2661 νοσσία

479 2696 669 2764 αὐτῆς
706 2697 820 2751 ὑπὸ
845 2699 949 2764 τὰς
1003 2699 1321 2767 πτέρυγας,
1366 2701 1463 2754 καὶ
1517 2702 1627 2754 οὐκ
1659 2699 2044 2768 ὴθελήσατε;

492 2785 636 2839 Ἰδοὺ
661 2787 890 2854 ἀφίεται
917 2791 950 2841 ό
974 2783 1138 2852 οἶκος
1165 2787 1333 2857 ὑμῶν
1359 2789 1596 2856 ἕρημος.
1635 2790 1693 2841 '0
1730 2788 1784 2840 δὲ
1821 2789 2047 2851 Ἡσαΐας

483 2878 669 2930 πάλιν·
715 2877 900 2944 Ὁρῶν
943 2878 1104 2947 ἡμᾶς
1160 2879 1302 2944 τοὺς
1354 2879 1538 2947 δῆθεν
1588 2879 1894 2947 μοναχοὺς
1939 2877 2045 2942 τὰς

481 2968 822 3035 σωματικὰς
852 2968 1222 3036 λειτουργίας
1253 2967 1678 3032 ἐπιτελοῦντας
1695 2967 1906 3034 μόνον,
1936 2982 2044 3018 κα-

2223 2238 2311 2292 56.
2361 2236 2509 2292 Hanc
2549 2253 2765 2307 quoque
2802 2238 2997 2292 animae
3035 2236 3427 2299 desolationem
3473 2233 3736 2288 Dominus

2153 2327 2498 2398 signiﬁcans,
2552 2328 2778 2382 aiebat:
2822 2327 3144 2392 Jerusalem,
3188 2326 3351 2396 385
3403 2324 3732 2387 Jerusalem,

2152 2434 2268 2488 quae
2300 2420 2485 2472 occidis
2501 2420 2802 2489 prophetas,
2851 2428 2898 2472 et
2933 2417 3139 2488 lapidas
3171 2434 3278 2480 eos,
3305 2417 3396 2486 qui
3426 2415 3494 2468 ad
3519 2423 3568 2467 te
3592 2413 3736 2472 missi

2148 2518 2302 2573 sunt,
2334 2512 2535 2579 quoties
2576 2510 2716 2562 volui
2765 2525 3084 2579 congregare
3135 2508 3276 2576 ﬁlios
3311 2515 3446 2569 tuos,
3483 2505 3736 2575 quemad-

2151 2601 2362 2654 modum
2410 2599 2614 2671 gallina
2660 2608 2940 2670 congregat
2993 2599 3162 2670 pullos
3208 2615 3328 2653 suos
3375 2598 3468 2651 sub
3507 2595 3646 2661 alas,
3684 2602 3733 2648 et

2152 2697 2365 2750 noluisti
2395 2696 2420 2749 ?
2455 2694 2587 2749 Ecce
2625 2695 2952 2764 relinquetur
2988 2694 3170 2747 domus
3222 2702 3398 2748 vestra
3443 2690 3648 2743 deserta
3663 2687 3731 2742 ”.

2152 2783 2361 2837 Rursus
2391 2781 2523 2834 itero
2543 2780 2727 2843 Isaias,
2747 2796 2850 2834 nos
2872 2779 3130 2834 videlicet
3149 2779 3466 2840 monachos,
3497 2776 3590 2846 qui
3615 2790 3736 2830 eor-

2150 2874 2355 2944 poralia
2385 2873 2649 2926 duntaxat
2672 2871 2857 2924 munia
2883 2871 3167 2934 obeamus,
3191 2878 3605 2925 contemnamus
3632 2882 3734 2922 au-

2151 2977 2259 3020 tem
2285 2965 2569 3034 spiritalia,
2609 2971 2772 3030 atque
2811 2979 2877 3016 eo
2921 2964 3141 3018 nomine
3190 2961 3359 3015 inﬂati
3397 2961 3588 3025 simus,
3618 2959 3733 3028 spi-

479 3057 927 3126 τιιςρρονοῦντας
945 3057 1012 3109 δὲ
1037 3057 1154 3110 τῶν
1172 3057 1607 3126 πνευματικῶν,
1628 3056 1724 3108 καὶ
1750 3054 1846 3107 διὰ
1869 3053 2046 3106 τοῦτο

2152 3061 2257 3114 ritu
2296 3059 2550 3122 intuens,
2592 3058 2772 3112 aiebat
2809 3076 2820 3111 :
2855 3059 3042 3112 Audite
3082 3059 3291 3112 verbum
3325 3056 3553 3120 Domini,
3587 3057 3737 3126 prin-

481 3148 950 3219 τετυφωμένους,
976 3149 1205 3217 ἔλεγεν,
1245 3148 1569 3200 Ἀκούσατε
1600 3145 1786 3213 λόγον
1805 3144 2046 3210 Κυρίου,

481 3241 769 3308 ἄρχοντες
791 3237 1066 3306 Σοδόμων
1092 3253 1106 3267 ⁸
1135 3236 1460 3304 προσέχετε
1487 3236 1674 3304 νόμον
1705 3235 1872 3299 Θεοῦ,
1902 3234 2051 3298 λαὸς

482 3331 806 3397 Γομόρρας.
864 3328 925 3380 Τί
963 3344 1066 3396 μοι
1110 3324 1340 3392 πλῆθος
1385 3324 1504 3380 τῶν
1564 3324 1792 3381 θυσιῶν
1845 3323 2048 3392 ὺμῶν;

481 3421 730 3488 Πλήρης
773 3418 888 3486 εἰμὶ
959 3417 1078 3470 τῶν
1131 3415 1640 3486 ὁλοκαυτωμάτων
1686 3414 1900 3484 κριῶνο
1951 3413 2050 3467 καὶ

479 3510 664 3578 στέαρ
707 3507 923 3577 ἀρνῶν,
958 3509 1055 3561 καὶ
1100 3505 1242 3576 αἷμα
1300 3509 1532 3575 ταύρων
1576 3507 1674 3560 καὶ
1703 3505 1931 3575 τράγων
1978 3507 2048 3559 οὺ

475 3603 797 3668 βούλομαι.
839 3601 933 3665 Τίς
971 3601 1080 3668 γάρ
1113 3597 1432 3667 ἐξεζήτησε
1460 3598 1646 3652 ταῦτα
1671 3599 1737 3650 ἐκ
1778 3596 1895 3649 τῶν
1925 3613 2048 3664 χει-

475 3691 602 3758 ρῶν
635 3691 837 3760 ὑμῶν;
865 3689 1077 3743 ΙΙατεῖν
1105 3689 1220 3756 τὴν
1259 3687 1460 3754 αὐλήν
1499 3704 1622 3756 μου
1682 3689 1752 3740 οὺ
1785 3686 2049 3754 προσθή-

408 3794 415 3800 “
484 3768 688 3837 ἆεσθε.
728 3782 862 3834 Ἐὰν
887 3781 1104 3849 φέρητε
1143 3780 1478 3847 σεμίδαλιν,
1503 3777 1787 3846 μάταιον·
1839 3777 2050 3844 θυμία-

481 3889 564 3940 μιι
588 3871 753 3943 [SixL
783 3872 1007 3940 μάταιον
1038 3869 1310 3939 Θυμίαμα,
1348 3884 1449 3921 non
1484 3870 1617 3920 satis
1650 3864 2050 3937 αριο],,βδέλυ-

486 3961 603 4030 γμά
623 3963 727 4028 μοί
745 3961 895 4013 ἐστι.
946 3960 1056 4025 Τὰς
1098 3958 1425 4027 νουμηνίας
1451 3956 1614 4025 ὑμῶν
1643 3957 1740 4010 καὶ
1785 3957 1857 4010 τὰ
1907 3956 2053 4010 σάϐ-

488 4056 653 4111 ϐατα,
695 4051 791 4103 καὶ
839 4051 1064 4130 ᾐμέραν
1093 4049 1369 4118 μεγάλην
1408 4052 1518 4102 οὐκ
1574 4047 1876 4117 ἀνέχομαι.
1934 4051 2052 4115 Νη-

487 4142 696 4193 στείιιν
729 4141 822 4192 καὶ
857 4142 1067 4208 ἀργίαν
1089 4141 1184 4192 καὶ
1219 4140 1324 4204 τὰς
1357 4138 1563 4206 ἑορτὰς
1599 4138 1777 4206 ὑμῶν,
1817 4137 1984 4207 μισεῖ
2012 4139 2049 4203 τ)

487 4230 656 4304 ψυχή
687 4248 824 4298 μου.
879 4230 1231 4298 Ἐγενήθητέ
1260 4247 1360 4298 μοι
1392 4233 1478 4294 εὶς
1503 4229 1888 4297 πλησμονήν
1921 4230 2054 4282 οὐκ·

487 4324 574 4375 έτι
604 4325 674 4376 οὐ
711 4323 796 4389 μὴ
829 4323 1068 4375 ἀιόίσω.
1127 4322 1314 4373 ’Ὅταν
1353 4322 1456 4386 τὰς
1505 4322 1703 4388 χεῖρας
1752 4323 2054 4388 ἐκτείνητε

2157 3153 2293 3222 cipes
2316 3149 2697 3214 Sodomorum;
2728 3151 2982 3203 attendite
3010 3150 3109 3220 legi
3137 3149 3252 3211 Dei,
3277 3147 3498 3218 populus
3515 3147 3736 3203 Gomor-

2156 3244 2280 3294 rlue.
2323 3239 2436 3305 Quo
2489 3241 2616 3295 mihi
2674 3239 2954 3293 multitudo
3005 3240 3336 3293 victimarum
3383 3237 3736 3292 vestrarum-2

2154 3330 2353 3384 Plenus
2374 3347 2492 3384 sum
2517 3330 2832 3384 holocaustis
2852 3332 3118 3394 arietant;
3146 3339 3195 3382 et
3218 3329 3425 3399 adipem
3449 3345 3731 3398 agnorum,

2155 3429 2204 3473 et
2227 3422 2540 3490 sanguinem
2564 3429 2846 3474 taurorum
2878 3427 2927 3472 et
2953 3421 3216 3473 hircorum
3255 3419 3396 3471 nolo.
3425 3418 3553 3484 Quis
3593 3420 3735 3472 enim

2156 3511 2430 3580 exquisivit
2483 3513 2592 3564 haec
2641 3511 2705 3562 de
2752 3510 2992 3564 manibus
3022 3510 3247 3563 vestris?
3278 3509 3500 3564 Calcare
3537 3511 3734 3564 atrium

2156 3618 2332 3656 meum
2384 3618 2488 3655 non
2526 3604 2828 3672 apportatis.
2872 3599 2930 3656 Si
2965 3603 3197 3671 offeratis
3238 3601 3492 3666 similam,
3533 3602 3735 3670 frustra

2154 3701 2273 3746 est:
2300 3695 2587 3756 incensum,
2624 3694 2945 3746 abominatio
2993 3695 3118 3746 mihi
3153 3703 3246 3747 est.
3297 3693 3607 3748 Neomenias
3652 3709 3738 3747 vc-

2153 3792 2292 3836 stras
2318 3792 2364 3835 et
2386 3781 2639 3848 Sabbata,
2673 3793 2722 3836 et
2743 3785 2878 3837 diem
2905 3801 3158 3853 magnum
3181 3801 3280 3837 non
3313 3785 3734 3855 feroJejunimn

2152 3882 2201 3925 et
2233 3873 2390 3942 ferias
2428 3884 2476 3927 et
2515 3876 2820 3942 festivitates
2841 3883 3041 3928 vestras
3063 3876 3168 3928 odit
3204 3877 3384 3928 anima
3418 3893 3552 3930 mea.
3582 3877 3734 3931 Facti

2152 3965 2272 4018 estis
2319 3965 2444 4018 mihi
2478 3966 2533 4018 in
2567 3967 2886 4020 satietatem.
2939 3965 3059 4020 Non
3107 3965 3254 4019 ultra
3288 3967 3574 4020 dimittam.
3601 3967 3733 4024 Cum

2154 4057 2488 4111 extenderitis
2550 4074 2737 4112 manus
2770 4058 2839 4111 ad
2893 4074 2994 4121 me,
3041 4068 3283 4112 avertam
3317 4057 3491 4112 oculos
3533 4075 3671 4112 meos
3697 4076 3732 4112 α

2154 4148 2314 4213 vobis,
2341 4156 2390 4201 et
2437 4165 2554 4205 cum
2571 4148 3043 4219 multiplicaveritis
3075 4150 3388 4217 orationem,
3410 4165 3514 4203 non
3569 4165 3732 4202 exau-

2139 4239 2320 4293 diam.
2353 4238 2623 4304 Quorsum
2655 4241 2828 4294 vcro?
2875 4239 3064 4294 Manus
3098 4243 3236 4294 enim
3265 4247 3466 4302 vestris,
3511 4239 3730 4308 inquit,

2152 4329 2413 4399 sanguine
2443 4329 2612 4399 plena:
2648 4340 2769 4384 sunt
2801 4333 2870 4395 ’9;
2905 4331 3111 4385 idcirco
3158 4331 3441 4395 nimirum,
3472 4330 3598 4398 quia
3643 4336 3733 4399 qui

489 4414 636 4479 πρός
685 4429 781 4480 με,
835 4408 1194 4478 ἀποστρέψω
1239 4411 1377 4474 τοὺς
1412 4410 1755 4478 ὀφθαλμούς
1798 4427 1917 4477 μου
1951 4410 2048 4478 ἀφ’

2157 4421 2264 4473 odit
2294 4421 2513 4488 fratrem
2546 4439 2720 4485 suum,
2773 4422 3034 4476 homicida
3097 4431 3170 4476 est
3203 4425 3241 4479 ¹.
3293 4422 3528 4477 Proinde
3568 4421 3731 4491 quid-

487 4501 684 4570 ὑμῶν⁸
722 4502 819 4553 καὶ
862 4500 966 4553 ἐὰν
992 4500 1337 4566 πληθύνητε
1364 4498 1478 4566 τὴν
1513 4499 1744 4565 δέησιν,
1789 4501 1900 4551 οὐκ
1928 4501 2053 4553 εἱσ-

489 4593 822 4660 ακούσομαι
860 4588 1045 4659 ὑμῶν.
1112 4589 1296 4654 Διατί;
1342 4591 1412 4642 Al
1471 4587 1581 4657 γὰρ
1638 4589 1832 4657 χεῖρες
1859 4588 2046 4678 ὑμῶν,

2157 4511 2289 4580 quid
2355 4521 2438 4566 est
2509 4513 2833 4583 disciplina},
2893 4515 3268 4585 religiosaque
3319 4515 3732 4574 exercitationis

2155 4599 2421 4654 charitate
2462 4617 2572 4655 non
2598 4601 2814 4667 fultum,
2843 4603 3080 4657 alienum
3110 4620 3140 4657 a
3179 4599 3291 4658 Deo
3311 4613 3412 4660 est.

491 4685 678 4754 φησὶν,
733 4684 979 4751 αἵματος
1043 4681 1328 4750 πλήρεις·
1393 4682 1576 4752 ἐπειδὴ
1632 4686 1664 4736 ό
1712 4684 1910 4752 μισῶν
1953 4686 2060 4740 τὸν
2097 4688 2366 4760 ἀδελφὸν
2427 4695 2635 4758 αὺτοῦ,
2673 4697 3181 4764 ἀνθρωποκτόνος
3229 4697 3382 4751 ἐστί.
3433 4695 3529 4749 Διὰ
3575 4694 3733 4748 τοῦτο

491 4781 641 4834 πᾶσα
674 4782 902 4845 ἄσκησις
932 4780 1151 4848 ἀγάπην
1219 4778 1291 4847 μὴ
1333 4778 1527 4848 ἔχουσα
1559 4779 1810 4850 ἀλλοτρία
1835 4781 1927 4833 τοῦ
1991 4783 2124 4837 Θεοῦ
2163 4787 2508 4843 καθίσταται,

561 4872 626 4936 ζ’.
678 4873 778 4926 Διὰ
827 4873 984 4926 τοῦτο
1018 4873 1112 4927 καὶ
1161 4872 1257 4942 τὴν
1294 4873 1581 4944 ὑπόκρισιν
1617 4877 1776 4944 ἡμῶν
1815 4878 2052 4948 ἐλέγχων

492 4961 772 5032 πόρρωθεν
815 4962 1016 5030 ἔλεγεν·
1062 4962 1122 5015 '0
1143 4961 1292 5028 λαὸς
1325 4958 1521 5028 οὗτος,
1555 4964 1679 5030 τοῖς
1707 4966 1937 5032 χείλεσι
1965 4985 2053 5038 ,με

489 5051 646 5120 τιμᾷ·
674 5054 710 5120 ἡ
741 5053 808 5105 δὲ
829 5054 1040 5122 καρδία
1069 5052 1266 5109 αὐτῶν
1294 5055 1491 5121 πόρῤω
1512 5055 1719 5124 ἀπέχει
1751 5058 1852 5110 ἀπ’
1885 5059 2051 5128 ἐμοῦ,

485 5143 684 5212 μάτην
707 5143 774 5196 δὲ
798 5145 1076 5200 σέϐονταί
1089 5162 1185 5212 με,
1215 5145 1308 5198 καὶ
1331 5147 1398 5198 τὰ
1423 5145 1570 5214 ἑξῆς.
1602 5148 1710 5201 Καὶ
1733 5149 1873 5220 ἅπερ
1930 5153 1986 5205 δὲ
2027 5157 2054 5206 ὁ

493 5234 694 5302 Κύριος
727 5234 882 5303 ἡμῶν
907 5235 1058 5302 ἔλεγε
1084 5235 1379 5299 ταλανίζων
1404 5238 1529 5308 τοὺς
1552 5239 1898 5306 Φαρισαίους,
1926 5243 2055 5310 περὶ

493 5323 647 5392 ἡμῶν
669 5323 779 5390 ἐγὼ
805 5326 1006 5389 ἀκούω,
1037 5325 1144 5380 τῶν
1165 5326 1259 5379 νῦν
1293 5327 1619 5397 ὑποκριτῶν,
1650 5328 1758 5381 τῶν
1790 5332 2056 5402 τοσαύτης

493 5411 708 5483 χάριτος
730 5413 1087 5482 ἀξιωθέντων,
1116 5417 1207 5470 καὶ
1237 5415 1401 5486 χείρω
1428 5416 1648 5469 ἐκείνων
1671 5417 2052 5488 διακειμένων.

563 5594 914 5671 f'lsa.x,s_._
958 5596 1468 5671 °f_Ro_m.t,2§-32.
1544 5601 1586 5631 υτ
1631 5599 1760 5652 ibid.
1793 5600 1875 5654 i8.
1953 5603 2048 5656 νει

2152 5605 2218 5656 iii.
2244 5621 2390 5668 XXI",
2426 5607 2512 5671 57,
2546 5608 2630 5662 58.

496 5663 517 5695 ¹
547 5665 647 5718 lsa.
677 5681 821 5730 ιλιι,
853 5667 949 5728 15;
981 5665 1166 5719 Matth.
1197 5681 1282 5729 xv,
1319 5667 1369 5719 8.

2230 4883 2318 4937 '57.
2346 4883 2555 4938 Idi-irco
2589 4884 2754 4939 etiam
2780 4895 3021 4940 nostram
3048 4887 3239 4957 procul
3271 4884 3610 4956 hypocrisim
3641 4900 3730 4940 ar-

2161 4988 2352 5041 guens,
2388 4975 2607 5028 aiebat:
2641 4975 2874 5045 Populus
2910 4978 2989 5030 hic
3024 4976 3174 5031 labiis
3218 4993 3298 5029 me
3329 4977 3572 5039 honorat,
3640 4992 3730 5034 cor

2162 5073 2336 5115 autem
2374 5080 2551 5118 eorum
2589 5065 2739 5136 longe
2768 5075 2842 5120 est
2868 5085 2901 5120 a
2940 5083 3020 5120 me
3043 5083 3061 5120 :
3091 5069 3205 5121 sine
3233 5084 3393 5120 causa
3429 5077 3604 5119 autem
3639 5083 3730 5120 co-

2164 5151 2276 5204 lunt
2310 5169 2390 5205 me
2415 5154 2457 5216 ³,
2483 5162 2538 5207 et
2575 5171 2696 5224 quae
2731 5165 3055 5224 sequuntur.
3094 5156 3237 5222 Quin
3270 5166 3324 5210 et
3357 5171 3440 5218 ea,
3468 5172 3589 5224 qua:
3625 5156 3728 5208 Do-

2162 5244 2346 5302 minus
2392 5256 2579 5299 noster
2624 5249 2838 5301 locutus
2868 5257 2954 5302 est
2983 5247 3274 5317 deplorans
3317 5248 3637 5310 Pharisazos,
3674 5249 3729 5302 in

2161 5349 2259 5387 nos
2295 5333 2439 5388 dicta
2466 5351 2566 5405 ego
2598 5338 2784 5404 audio,
2812 5340 2907 5407 qui
2928 5355 3076 5394 nunc
3108 5339 3514 5410 hypocritarum
3545 5339 3728 5394 album

2163 5423 2490 5492 implemus:
2527 5427 2620 5494 qui
2659 5435 2804 5483 tanta
2840 5429 3047 5501 dignati
3088 5432 3283 5501 gratia,
3317 5431 3472 5501 pejus
3511 5429 3620 5484 illis
3655 5429 3732 5484 ia-

2712 5612 2754 5643 ”
2790 5611 2891 5665 isa.
2919 5628 2954 5677 ι,
2988 5611 3175 5667 10-15.
3252 5613 3320 5672 ¹.Ι
3355 5614 3508 5668 Joan.
3537 5612 3730 5680 111,15.
