2070 3161
239 142 291 174 943

236 246 431 281 importabilia,
446 254 473 276 et
488 250 655 285 imponimus
674 253 702 280 in
719 254 850 283 humeros
872 257 1024 291 hominum,

235 296 263 319 et
278 293 406 320 nolumus
418 294 503 328 digito
518 303 549 322 ea
565 304 675 324 movere
689 298 718 324 ³2
734 299 804 326 Num
821 305 849 328 et
867 309 917 329 nos
934 303 1026 330 omnia

235 344 318 371 opera
333 343 427 366 nostra
440 340 569 373 facimus,
581 347 609 369 ut
623 343 767 372 videamur
780 346 815 372 ab
827 347 990 376 hominibus
1000 349 1025 376 “?

233 382 304 409 Num
320 387 348 410 et
364 392 415 411 nos
434 393 558 414 amamus
576 388 679 422 primos
697 391 837 419 recuhitus
857 392 882 419 in
896 396 983 421 cmnis
996 399 1025 422 et

233 427 337 461 primas
358 429 438 456 sedes
463 430 490 457 in
513 431 656 460 hominum
678 436 806 468 coetibus,
826 445 858 465 ac
878 439 971 466 vocari
989 440 1023 467 ab

233 474 393 506 hominibus
417 476 515 510 Rahbi,
540 478 645 506 Rabbi?
660 488 691 508 ac
711 482 758 516 qui
782 483 840 511 haec
860 493 915 512 non
940 487 1022 514 etiam

232 517 411 553 atque'etiam
427 523 559 556 tribuant,
569 525 603 551 ad
619 532 734 554 mortem
751 536 838 564 usque
850 531 1022 567 inchuimur

232 572 263 591 ac
280 568 429 594 vexamus?
443 568 512 595 Num
530 573 557 596 et
571 579 622 598 nos
639 573 753 600 tulimus
768 575 872 603 clavem
888 578 1019 612 scientiae,

230 613 256 636 et
275 611 429 639 claudimus
449 621 562 648 regnum
581 617 714 645 cmlorum
738 627 830 647 coram
850 622 1018 658 hominibus,

231 659 261 681 ut
273 663 324 683 nec
336 656 387 691 ipsi
400 657 597 693 ingrediamur,
613 670 664 689 nec
680 663 742 691 illos
755 664 861 700 ingredi
871 667 1020 697 faciamus?

230 701 300 728 Num
312 706 340 729 et
356 711 407 731 nos
420 705 570 733 circuimus
585 715 660 735 mare
680 714 707 736 et
722 711 826 739 aridam
844 718 874 740 ut
886 714 1018 743 faciamus

231 754 315 773 unum
323 749 502 784 proselytum,
512 751 594 787 386
601 758 629 779 cl.
638 761 699 780 cum
707 755 794 784 factus
803 757 895 791 fuerit,
905 760 1019 789 facimus

226 799 292 818 eum
299 792 431 827 geheume
439 794 524 822 ﬁlium
532 797 616 831 duplo
623 806 703 833 quam
714 802 775 828 nos?
790 802 859 830 Num
871 809 898 831 et
907 813 957 832 nos
965 806 1017 833 du-

229 845 275 864 ces
298 839 362 865 cmci
383 847 488 873 sumus,
506 842 552 876 qui
565 845 821 880 colcmusculicem,
838 854 864 876 et
883 852 1016 878 camelum

226 882 393 916 glutiamus?
406 884 475 911 Num
491 890 519 912 et
532 895 582 913 nos
592 889 756 918 mundamus
768 893 841 926 quod
859 894 962 922 deforis
976 900 1018 923 est
1036 894 1056 921 B

226 927 323 955 ealicis
343 933 372 955 et
392 931 564 965 paropsidis;
585 934 658 967 quod
678 940 768 962 autem
789 944 914 966 nostrum
942 942 1016 970 intus

230 976 273 999 est
296 974 408 1008 plenum
431 980 474 1003 est
494 977 589 1011 rapina
612 983 640 1005 et
657 979 818 1014 iniquitate?
836 985 959 1018 quinimo
975 987 1016 1014 in-

227 1018 397 1047 continentia
419 1022 547 1056 turpique
565 1023 696 1051 libidine?
713 1025 783 1053 Num
794 1031 879 1056 etnos
897 1030 1016 1058 decima-

226 1070 288 1091 mus
307 1069 396 1092 rutam
408 1072 436 1093 et
451 1073 583 1101 mentam,
604 1077 740 1105 omneque
753 1072 824 1103 olus,
840 1079 867 1101 et
880 1067 1014 1109 judicium

225 1116 258 1136 ac
276 1109 453 1138 dilectionem
476 1112 524 1139 Dei
545 1115 885 1147 prtetermittimus?‘l\’um
911 1124 939 1147 et
964 1128 1015 1148 nos

225 1160 321 1180 sumus
344 1155 417 1181 sicut
440 1157 566 1190 sepulcra
589 1158 718 1191 obscura,
740 1161 788 1195 qui
811 1162 879 1190 foris
901 1165 1013 1198 quidem

222 1198 289 1233 justi
302 1199 461 1228 hominibus
478 1209 633 1235 pareamus,
650 1203 725 1232 intus
740 1210 830 1233 autem
842 1207 915 1241 pleni
928 1209 1013 1238 simus

223 1245 361 1279 hypocrisi
374 1250 402 1273 et
416 1246 593 1281 improbitate
615 1253 643 1276 et
662 1250 737 1277 omni
756 1254 889 1286 spurcitia
900 1255 1012 1283 "INum

223 1294 251 1316 ct
270 1297 319 1317 nos
334 1290 502 1319 aediﬁcamus
521 1294 647 1328 sepulcra
668 1301 820 1332 martyrum
838 1303 866 1325 et
882 1307 1013 1328 ornamus

207 1341 399 1364 .monumenta
412 1339 612 1372 apostolorum,
627 1344 709 1376 atque
726 1342 780 1370 illis
800 1344 904 1372 similes
917 1354 1012 1374 sumus

214 1381 268 1416 vqui
286 1389 334 1409 eos
351 1383 531 1411 occiderunt?
545 1385 612 1418 Quis
634 1394 700 1423 ergo
721 1396 776 1416 non
792 1389 892 1425 lugeat,
910 1393 956 1426 qui
972 1393 1012 1420 sic

221 1426 312 1455 aﬁ‘ecti
335 1429 423 1456 simus
439 1435 468 1457 et
486 1431 663 1460 laboremus?
681 1433 749 1467 Quis
767 1438 870 1463 tantam
889 1443 1011 1465 nostram

220 1474 407 1508 captivitatem
425 1476 554 1512 lacrymis
573 1486 627 1505 non
645 1482 844 1515 prosequatur?
863 1483 1010 1517 Propterea

220 1519 316 1554 inclyti
328 1520 375 1546 lilii
392 1521 440 1548 Dei
458 1523 577 1557 reputati
589 1528 653 1550 sunt
669 1525 695 1551 in
711 1534 774 1553 vasa
790 1532 885 1554 testea.
902 1529 1008 1557 Idcirco

219 1563 397 1591 obscuratum
418 1570 460 1592 est
481 1574 594 1599 aurum,
620 1567 793 1596 immutatum
814 1576 857 1597 est
874 1572 1008 1605 optimum

219 1613 363 1643 argentum
377 1610 397 1636 °.
409 1610 515 1638 Idcirco
524 1611 643 1639 Nazamei
654 1612 719 1639 Sion
733 1614 795 1641 nive
808 1615 1010 1650 splendidiores

219 1654 284 1681 facti
298 1662 394 1682 sumus
411 1657 489 1690 quasi
505 1656 665 1692 1Ethiopes;
680 1660 727 1693 qui
746 1660 816 1688 lacte
832 1662 1010 1691 candidiores

218 1704 308 1731 erant,
331 1707 414 1734 super
436 1705 620 1729 atramentum
645 1703 780 1739 denigrali
805 1710 879 1732 sunt.
903 1707 1009 1735 Idcirco

218 1744 398 1772 obtenebrata
412 1750 454 1773 est
465 1754 548 1781 supra
561 1747 704 1783 fuliginem
714 1751 821 1785 species
835 1757 941 1779 nostra.
955 1754 1007 1786 Qui

214 1789 409 1817 mutriebamur
427 1791 454 1818 in
478 1793 630 1826 coccineis,
651 1796 797 1829 amplexati
820 1805 915 1826 sumus
935 1804 1008 1826 ster-

216 1843 283 1863 cora
297 1845 303 1863 :
318 1842 346 1864 et
362 1839 449 1873 major
460 1838 532 1866 facta
547 1844 589 1867 est
601 1841 733 1876 iniquitas
748 1848 842 1872 nostra
857 1852 940 1880 super
956 1846 1008 1873 ini-

216 1880 350 1915 quitatem
372 1882 564 1911 Sodomorum.
587 1885 693 1914 ldcirco
718 1887 766 1915 ﬁlii
787 1888 841 1916 diei
871 1894 899 1917 et
925 1890 1006 1924 lucis,

215 1926 280 1954 facti
295 1935 389 1956 sumus
406 1929 454 1956 ﬁlii
467 1930 556 1958 noctis
570 1936 598 1958 et
614 1933 789 1960 tenebrarum
804 1935 825 1961 ".
842 1935 948 1963 Idcirco
957 1936 1007 1964 ﬁlii

215 1980 304 2015 regni,
325 1981 353 2008 in
375 1981 446 2009 ﬁlios
461 1983 594 2018 gehennae
613 1985 763 2013 evasimus.
787 1987 936 2022 Propterea
958 1988 1006 2016 ﬁlii

214 2026 333 2059 Excelsi,
355 2027 428 2055 sicut
451 2029 578 2057 homines
597 2031 741 2063 morimur,
759 2037 787 2060 et
800 2033 872 2060 sicut
887 2042 958 2061 unus
972 2043 1006 2062 ex

215 2072 388 2106 principibus
402 2073 527 2101 cadimus
548 2075 569 2101 ⁸.
589 2076 738 2110 Propterea
755 2078 849 2104 traditi
866 2087 962 2106 sumus
977 2080 1005 2106 in

215 2123 313 2144 manus
329 2118 451 2146 hostium
467 2119 624 2155 iniquorum
641 2122 785 2157 (smvorum
799 2124 905 2151 scilicet
919 2133 951 2152 ac
966 2125 1006 2153 fe-

215 2161 321 2189 rocium
336 2163 502 2201 daemonum)
519 2166 632 2201 regique
649 2167 752 2203 injusto
763 2174 792 2196 et
806 2170 1004 2198 scelestissimo

1023 1558 1044 1586 (Ξ

819 151 853 181 S.
869 152 995 183 MAXIM
999 154 1012 183 Ι
1033 154 1287 189 CONFESSORIS

235 201 377 230 boramus.
398 202 469 230 Num
497 209 524 231 et
543 213 593 232 nos
612 206 756 242 alligamus
778 212 861 237 onera
882 212 975 246 gravia
1001 217 1029 240 et
1043 216 1065 244 Α
1082 215 1116 240 ’Ἡ
1130 216 1190 251 οὐχὶ

1206 218 1253 244 καὶ
1277 219 1356 253 ἡμεῖς
1372 219 1526 257 δεσμοῢμεν
1546 225 1642 260 φορτία
1659 227 1744 261 βαρέα
1756 230 1803 255 χαὶ
1816 231 1881 256 δυσ-

1080 259 1232 295 ϐάστακτα,
1262 266 1309 290 καὶ
1336 265 1495 302 ὲπιτίθεμεν
1510 269 1556 295 ἐπὶ
1573 259 1636 302 τοὺς
1653 259 1744 307 ὧμ-ους
1761 275 1814 301 τῶν
1827 278 1875 303 ἀνι

1080 305 1211 339 θρώπων,
1226 307 1265 342 τῷ
1286 308 1314 335 δὲ
1339 309 1464 347 δακτύλῳ
1486 314 1566 348 ἡμῶν
1580 315 1610 342 οὐ
1635 305 1748 352 θέλομεν
1763 321 1875 355 κινῆσαι

1079 351 1167 384 αὑτά;
1197 353 1231 379 Ἦ
1261 354 1322 389 οὐχὶ
1350 356 1398 382 καὶ
1423 358 1522 393 ἡμεῖς,
1547 362 1636 389 πάντα
1654 351 1771 399 eam
1794 351 1874 402 ἡμῶν

1078 397 1209 433 ποιοῦμεν
1225 400 1294 435 πρὸς
1310 402 1341 427 τδ
1357 402 1487 439 θεαθῆναι
1501 406 1558 438 τοῖς
1572 397 1746 443 ἀνθρώποιςξ
1762 397 1874 449 "11';th

1078 442 1125 468 καὶ
1138 444 1220 477 ἡμεῖς
1233 445 1366 481 φιλοῦμεν
1373 447 1423 482 τὴν
1434 442 1636 484 πρωτοκλισίαν
1648 454 1676 480 ὲν
1687 442 1743 487 τοῖς
1754 442 1873 491 δείπνοις

1077 488 1190 520 καὶτὰς
1213 492 1455 529 πρωτοκαθεδρίας
1481 496 1510 522 ἐν
1536 498 1596 529 ταῖς
1617 504 1798 535 συναγωγαῖς,
1823 488 1872 531 καί.

1076 534 1218 562 καλεῖσθαι
1242 537 1294 563 ὑπὸ
1312 538 1365 565 τῶν
1391 540 1543 575 ἀνθρώπων
1574 543 1677 578 Ῥαὸϐὶ,
1701 534 1804 573 Ῥαϐὃί·
1824 551 1871 576 καὶ

1075 580 1139 611 τοὺς
1151 580 1237 608 ταῦτα
1251 583 1317 617 ἡμῖν
1334 584 1370 618 μὴ
1387 585 1489 621 σφόδρα
1505 588 1703 623 ἀπονέμοντας,
1720 592 1771 624 ἕως
1789 593 1871 620 θανά-

1073 634 1120 652 του
1134 626 1317 663 πολεμοῦμεν;
1335 630 1371 656 Ἦ
1379 631 1439 666 οὐχὶ
1453 632 1498 658 καὶ
1513 634 1593 668 ἡμεῖς
1607 636 1714 671 ἡραμεν
1730 638 1780 674 τὴν
1795 640 1871 667 κλεῖ-

1073 671 1108 698 δα
1121 672 1172 707 τῆς
1192 673 1331 707 γνώσεως,
1353 677 1401 703 καὶ
1419 677 1547 713 κλείομεν
1570 680 1620 717 τὴν
1644 671 1783 716 βασιλείαν
1814 686 1870 713 τῶν

1072 717 1195 752 οὐρανῶν
1212 718 1369 755 ἔμπροσθεν
1384 721 1438 748 τῶν
1451 723 1613 759 ἀνθρώπων,
1632 727 1699 762 μηδὲ
1710 721 1788 756 αὐτοὶ
1811 732 1868 757 εἱσ-

1073 764 1226 799 ερχόμενοι,
1249 765 1317 801 μηδὲ
1331 767 1431 800 αὐτοὺς
1444 769 1585 803 ποιοῦντες
1595 772 1743 807 είσελθεῖν;
1757 776 1792 802 Ἢ
1806 777 1868 812 οὐχὶ

1072 809 1119 835 καὶ
1135 809 1216 844 ἡμεῖς
1232 812 1400 847 περιάγομεν
1421 814 1472 849 τὴν
1492 815 1629 843 θάλασσαν
1652 820 1700 845 καὶ
1712 819 1760 854 τὴν
1780 809 1866 857 ξηράν

1073 854 1187 888 ποιῆσαι
1210 855 1257 882 ἕνα
1286 857 1466 892 προσήλυτον,
1482 861 1530 886 καὶ
1549 861 1613 888 ὅταν
1635 863 1757 899 γένηται,
1775 867 1866 893 ποιοῦ-

1075 906 1125 932 μεν
1142 900 1223 926 αὑτὸν
1243 901 1300 927 υἱὸν
1315 901 1428 937 γεέννης
1451 904 1608 941 διπλότερον
1633 909 1732 943 ήμῶν;
1754 912 1789 937 ’Ἡ
1805 913 1866 947 οὐχὶ

1068 944 1115 970 καὶ
1131 945 1213 979 ἡμεῖς
1231 947 1317 982 ἐσμεν
1346 949 1438 984 ὁδηγοὶ
1457 950 1563 985 τυφλοὶ,
1578 952 1624 978 τὸν
1651 954 1761 982 κόνωπα
1781 944 1865 984 διυλί-

1067 990 1169 1024 ζοντες,
1184 992 1230 1019 καὶ
1245 994 1294 1028 τὴν
1311 995 1435 1031 κάμηλον
1455 997 1672 1034 καταπίνοντες;
1692 1001 1727 1027 ’Ἡ
1747 1003 1806 1037 οὐχὶ
1817 1005 1864 1031 καὶ

1067 1036 1147 1071 ἡμεῖς
1159 1038 1346 1075 καθαρίζομεν
1361 1042 1390 1067 τὺ
1406 1041 1507 1075 ἔξωθεν
1527 1044 1574 1071 τοῦ
1593 1046 1725 1082 ποτηρίου
1750 1036 1798 1074 καί
1814 1050 1862 1084 τῆς

1067 1083 1225 1117 παροψίδος·
1253 1085 1284 1111 τὸ
1310 1086 1338 1112 δὲ
1362 1086 1462 1114 ἔσωθεν
1477 1089 1555 1124 ἡμῶν
1572 1090 1652 1126 γέμει
1671 1093 1799 1128 ἁρπαγῆς
1816 1083 1863 1121 καὶ

1065 1130 1222 1164 πλεονεξίας
1246 1132 1302 1168 [Fr.
1323 1132 1370 1161 κά).
1389 1136 1583 1174 ἀκαθαρσίας]·
1604 1139 1703 1174 μᾶλλον
1728 1141 1756 1167 δὲ
1775 1143 1863 1178 ἀκραο

1066 1175 1145 1207 σίας;
1161 1178 1195 1204 Ἣ
1210 1179 1270 1214 οὐχὶ
1286 1181 1333 1207 καὶ
1345 1182 1428 1216 ἡμεῖς
1444 1183 1669 1221 ἀποδεκατοῦμεν
1690 1187 1720 1213 τὸ
1737 1175 1861 1223 πήγανον

1065 1222 1112 1247 καὶ
1127 1222 1156 1249 τὸ
1171 1223 1314 1260 ἡδύοσμον,
1329 1227 1376 1253 καὶ
1390 1228 1444 1254 πᾶν
1456 1228 1582 1264 λάχανον·
1598 1232 1645 1258 καὶ
1658 1222 1854 1269 παρερχὸμεθα

1066 1267 1117 1301 τὴν
1142 1268 1233 1303 κρίσιν
1261 1271 1309 1297 καὶ
1324 1272 1372 1305 τὴν
1390 1274 1500 1309 ἀγάπην
1516 1275 1561 1302 τοῦ
1577 1277 1662 1311 Θεοῠ;
1677 1279 1713 1304 Ἦ
1812 1281 1859 1307 καὶ

1064 1313 1145 1346 ἡμεῖς
1163 1315 1248 1349 ἐσμεν
1263 1316 1300 1347 ὡς
1317 1317 1351 1343 τὰ
1368 1321 1488 1354 μνημεῖα
1510 1322 1544 1348 τὰ
1563 1322 1657 1358 ἄδηλα,
1685 1313 1784 1356 ἔξωθεν
1807 1326 1858 1361 μὲν

1064 1360 1221 1394 φαινόμενοι
1238 1363 1295 1393 τοῖς
1313 1363 1469 1399 ἀνθρώποις
1491 1367 1601 1400 δίκαιοι,
1621 1369 1722 1396 ἔσωθεν
1739 1371 1767 1397 δὲ
1781 1372 1856 1404 ὄντες

1065 1405 1158 1437 μεστοὶ
1173 1405 1345 1440 ὑποκρίσεως
1361 1408 1408 1434 καὶ
1425 1409 1541 1445 ἀνομίας
1564 1413 1611 1438 καὶ
1628 1414 1716 1449 πάσης
1732 1416 1855 1452 ἀκαθαρ-

1064 1449 1137 1479 σία;;
1158 1451 1192 1476 Ἣ
1213 1451 1273 1486 οὐχὶ
1296 1453 1343 1479 καὶ
1367 1454 1448 1489 ἡμεῖς
1470 1456 1664 1493 οἰκοδομοῦμεν
1677 1461 1741 1492 τοὺς
1752 1449 1856 1496 τάφους

1062 1494 1116 1520 τῶν
1137 1496 1302 1531 Μαρτύρων,
1331 1499 1379 1525 καὶ
1406 1501 1563 1536 κοσμοῦμεν
1590 1504 1625 1530 τὰ
1654 1507 1774 1540 μνημεῖα
1802 1507 1856 1533 τῶν

1068 1540 1247 1574 Ἀποστό).ων,
1272 1543 1318 1569 καὶ
1334 1544 1416 1579 ἐσμὲν
1444 1546 1530 1581 ὅμοιοι
1553 1548 1606 1575 τῶν
1632 1549 1856 1578 ἀποκτεινάντων

1062 1586 1179 1619 αὐτούς
1207 1587 1248 1619 τίς
1276 1586 1322 1615 οὖν
1341 1590 1372 1615 οὐ
1391 1590 1501 1618 κλαύσει
1524 1593 1597 1627 ἡμᾶς
1613 1594 1699 1627 οὕτως
1715 1596 1855 1632 διακειμέ-

1061 1639 1135 1662 νους.
1149 1632 1196 1663 Τίς
1212 1633 1242 1658 οὺ
1261 1633 1392 1670 θρηνὴσει
1419 1636 1469 1671 τὴν
1485 1638 1653 1675 τηλικαύτην
1670 1642 1747 1675 ἡμῶν
1773 1644 1855 1679 αἰχμ-

1060 1677 1196 1710 alme-fw;
1218 1679 1267 1706 Διά
1282 1679 1359 1706 τοῦτο
1378 1681 1430 1708 υίοὶ
1444 1682 1510 1709 Θεοῦ
1527 1684 1550 1710 οἰ
1564 1685 1660 1720 τίμιοι,
1672 1677 1854 1724 ἐλογίσθημεν

1060 1721 1097 1753 ὡς
1116 1723 1214 1756 ἀγγεῖα
1231 1723 1389 1759 ὀστράκινα.
1410 1727 1459 1752 Διὰ
1474 1727 1553 1754 τοῦτο
1570 1729 1723 1766 ἡμαυρώθη
1739 1732 1769 1758 τὸ

1061 1767 1127 1793 σίου·
1145 1768 1276 1805 ἠλλοιώθη
1291 1770 1322 1797 τὸ
1337 1771 1468 1807 ἀργύριον
1489 1773 1520 1800 τδ
1535 1774 1647 1808 ἀγαοόν.
1666 1776 1716 1802 Διὰ
1734 1767 1812 1805 τοῦτο
1827 1780 1852 1805 οἱ

1059 1811 1215 1848 Ναζωραῖοι
1235 1815 1316 1848 Σιὼν,
1334 1817 1359 1843 οι
1374 1817 1444 1854 ὑπὲρ
1466 1819 1542 1854 χιόνα
1557 1820 1725 1856 λάμψαντες,
1739 1824 1852 1858 γεγόνα-

1061 1868 1111 1893 μεν
1139 1860 1177 1892 ώς
1194 1861 1332 1895 Αἰθίοπες·
1347 1864 1372 1890 ot
1387 1864 1456 1900 ὑπὲρ
1473 1865 1542 1900 γάλα
1559 1866 1762 1901 λευκανθέντες,
1778 1870 1848 1906 ὑπὲρ

1060 1905 1143 1939 μέλαν
1158 1906 1347 1943 ὲζοφώθησαν.
1361 1910 1411 1937 Διὰ
1426 1910 1505 1938 τοῦτο
1515 1912 1662 1940 ἐσκότασεν
1679 1915 1750 1950 ὑπὲρ
1768 1905 1850 1943 d566-

1058 1950 1107 1984 λην
1134 1951 1164 1977 τὸ
1189 1949 1258 1983 εἶδος
1283 1954 1371 1988 ἡμῶν.
1397 1956 1429 1982 οι
1451 1956 1640 1993 τιθηνούμενοι
1664 1960 1710 1986 ἐπὶ
1731 1949 1848 1995 κόκκων,

1058 1995 1276 2032 περιεϐαλὸμεθα
1292 2000 1418 2035 κοπρίας·
1440 2002 1487 2028 καὶ
1509 2003 1680 2040 ἐμεγαλύνθη
1705 2006 1721 2041 ἡ
1750 2007 1850 2043 ἀνομία

1058 2040 1147 2075 ἡμῶν,
1164 2042 1234 2078 ὑπὲρ
1251 2044 1372 2079 ἀνομιῶν
1389 2047 1523 2082 Σοδόμων.
1538 2049 1588 2076 Διὰ
1603 2050 1680 2077 τοῦτο
1693 2040 1720 2078 of
1735 2040 1850 2089 υἱοὶ

1056 2085 1164 2119 ἡμέρας
1185 2087 1231 2113 καὶ
1254 2088 1300 2114 τοῦ
1315 2091 1413 2123 φωτὸς,
1435 2092 1488 2118 υἱοὶ
1514 2094 1667 2129 γεγόναμεν
1691 2097 1786 2129 νυκτὸς
1801 2085 1849 2124 καί.

1058 2132 1186 2163 σκότους.
1201 2133 1250 2159 Διὰ
1263 2134 1341 2161 τοῦτο
1356 2136 1408 2162 υἱοὶ
1423 2137 1472 2172 της
1494 2129 1643 2173 βασιλείας,
1660 2142 1713 2168 υἱοὶ
1735 2142 1848 2178 γεέννης

1059 2176 1224 2211 γεγόναμεν.
1241 2179 1291 2205 Διὰ
1300 2180 1379 2207 τοῦτο
1389 2182 1413 2207 οἱ
1430 2183 1483 2209 υἱοὶ
1506 2183 1643 2218 Ὑψίστου,
1659 2186 1697 2218 ὡς
1711 2176 1847 2221 ἅνθρωποι

215 2215 287 2242 ultra
310 2223 420 2244 omnem
448 2221 549 2245 terram
572 2219 694 2253 (illorum
718 2221 848 2249 nimirum
875 2223 1004 2259 principi)

1064 2222 1278 2259 ἀποθνήσκομεν,
1296 2227 1341 2251 καὶ
1355 2226 1393 2258 ὡς
1417 2225 1458 2259 εἷς
1474 2228 1528 2255 τῶν
1544 2230 1682 2266 ἀρχόντων
1701 2233 1847 2271 πίπτομεν.

213 2260 278 2295 quia
288 2263 465 2295 peccavimus
475 2272 506 2291 ac
519 2265 612 2300 inique
626 2267 743 2301 egimus,
756 2268 884 2296 violando
895 2270 1003 2298 Domini

214 2306 263 2333 Dei
288 2308 374 2334 nostri
399 2309 527 2336 mandata
541 2311 563 2342 ',
579 2315 607 2337 et
626 2314 814 2340 conculcando
828 2315 927 2341 Filium
944 2316 1003 2349 Dei,

215 2359 248 2378 ac
261 2359 436 2380 communem
453 2354 580 2382 ducendo
600 2358 761 2392 sanguinem
787 2360 943 2386 testamenti
971 2361 1002 2387 ιο.

211 2398 268 2425 Sed
282 2406 315 2425 ne
327 2399 474 2427 tradideris
484 2408 532 2428 nos
544 2401 571 2427 in
583 2401 664 2428 ﬁnem
677 2408 791 2437 propter
800 2412 900 2431 nomen
914 2409 1002 2439 tuum,

214 2444 340 2476 Domine,
367 2453 401 2472 ne
426 2445 544 2480 dissipes
570 2451 765 2474 testamentum
793 2452 888 2482 tuum;
912 2459 1003 2486 neque

213 2494 320 2516 avertas
339 2490 556 2518 misericordiam
569 2497 642 2519 tuam
657 2501 671 2519 a
686 2493 776 2526 nobis,
791 2499 903 2530 propter
919 2497 1003 2525 mise-

213 2535 335 2562 rationes
350 2540 411 2563 tuas
427 2537 458 2569 “,
480 2537 560 2564 Pater
581 2543 684 2571 noster,
706 2540 795 2574 quies
817 2541 844 2567 in
866 2542 957 2575 cmlis;
976 2547 1005 2570 et

213 2584 325 2614 propter
339 2581 445 2609 viscera
459 2582 591 2618 unigeniti
607 2584 668 2611 Filii
681 2585 739 2619 tuif,
761 2591 930 2622 propterque
949 2588 1003 2615 mi-

214 2625 392 2653 sericordiam
406 2627 527 2663 Spiritus
539 2630 636 2656 sancti.
658 2630 697 2657 Ne
713 2631 863 2658 memineris
876 2633 1003 2668 iniquita-

213 2673 269 2697 lum
287 2676 437 2700 nostrarum
452 2675 643 2708 antiquarum;
663 2677 710 2704 sed
732 2678 782 2704 cito
800 2679 942 2713 anticipent
957 2688 1004 2706 nos

213 2716 396 2745 misericordiae
422 2723 485 2751 tum,
512 2722 575 2755 quia
602 2730 731 2757 pauperes
760 2724 823 2757 facti
848 2732 939 2751 sumus
965 2725 1004 2751 ni-

249 2823 454 2865 ‘uLuc.'3(I._/l(}.
493 2828 503 2842 ⁸
517 2828 664 2865 ltiatthqt,
726 2832 736 2846 ⁸
754 2831 847 2858 Matth.
863 2840 936 2864 xxm,
951 2833 967 2859 5
982 2833 1031 2865 52;

212 2867 241 2891 v,
256 2858 282 2885 5.
320 2859 330 2874 '
346 2860 415 2887 Psal.
436 2869 513 2894 Lux,
529 2864 554 2889 7.
593 2864 602 2878 ⁹
619 2858 685 2890 Dan.
710 2873 748 2897 ιιι,
765 2866 795 2892 SI
811 2874 887 2900 seqq.

1058 2268 1107 2294 Διὰ
1128 2269 1206 2295 τοῦτο
1233 2271 1421 2307 παρεδόθημεν
1439 2274 1479 2305 είς
1497 2276 1592 2310 χεῖρας
1607 2277 1710 2313 ἐχθρῶν
1726 2268 1845 2313 ἀνόμων,

1058 2312 1113 2338 τῶν
1134 2313 1238 2348 ἀγρίων
1258 2314 1330 2349 λέγω
1350 2316 1494 2351 δαιμόνων,
1510 2320 1556 2346 καὶ
1572 2319 1678 2354 βασιλεῖ
1696 2312 1782 2357 ἀδίκου
1799 2312 1847 2350 καί.

1058 2359 1244 2394 πονηρωτάτῳ
1259 2361 1335 2395 παρὰ
1358 2363 1448 2389 πᾶσαν
1467 2364 1516 2399 τὴν
1537 2366 1598 2399 γῆν,
1616 2367 1716 2402 δηλαδὴ
1731 2369 1769 2403 τῷ
1784 2369 1848 2395 τού-

1056 2412 1109 2430 των
1125 2404 1245 2439 ἄρχοντι,
1260 2406 1301 2432 ὅτι
1314 2407 1473 2442 ἡμάρτομεν
1490 2411 1537 2436 καὶ
1552 2412 1739 2447 ἡνομήσαμεν,
1756 2422 1845 2449 παρα-

1055 2448 1152 2481 ϐάντες
1180 2451 1228 2482 τὰς
1270 2451 1379 2484 ἐντολὰς
1402 2454 1504 2489 Κυρίου
1549 2456 1596 2482 τοῦ
1634 2456 1701 2484 Θεοῦ
1745 2448 1846 2494 ἡμῶν,

1056 2495 1104 2522 καὶ
1117 2496 1357 2532 καταπατήσαντες
1368 2498 1412 2525 τὸν
1428 2499 1490 2526 Υίὺν
1505 2501 1550 2527 τοῦ
1571 2502 1638 2529 Θεοῦ
1654 2504 1701 2530 καὶ
1722 2504 1752 2531 τὸ
1775 2503 1846 2542 αἷμα

1057 2542 1106 2576 τῆς
1119 2541 1250 2577 διαθήκης
1277 2544 1365 2570 κοινὸν
1396 2546 1577 2581 ἡγησάμενοι.
1600 2549 1680 2576 Ἀὶλὰ
1703 2550 1740 2585 μὴ
1755 2560 1847 2587 παρα·-

1057 2587 1119 2622 δὸης
1137 2588 1193 2623 [Ἐγ.
1218 2589 1356 2625 παραδῷς]
1383 2592 1458 2626 ἡμᾶς
1482 2593 1523 2624 είς
1537 2594 1614 2626 τέλος
1642 2595 1687 2622 διὰ
1706 2596 1737 2622 τὸ
1761 2596 1847 2633 ὄνομά

1059 2641 1117 2666 σου,
1136 2634 1232 2669 Κύριε,
1248 2636 1295 2661 καὶ
1314 2636 1352 2671 μὴ
1375 2636 1553 2674 διασκεδάσῃς
1576 2640 1624 2674 τὴν
1639 2640 1769 2676 διαθήκην
1787 2651 1844 2670 σου*

1059 2680 1106 2706 καὶ
1125 2680 1161 2715 μὴ
1188 2681 1347 2718 ἀποστήσῃς
1367 2683 1396 2708 τὸ
1413 2684 1488 2715 ἔλεός
1504 2693 1551 2711 σου
1565 2686 1612 2720 ἀφ’
1625 2686 1711 2721 ἡμῶν,
1721 2687 1763 2714 διὰ
1782 2689 1846 2721 τοὺς

1059 2726 1217 2761 οίκτιρμοὺς
1232 2735 1290 2758 σου,
1307 2727 1399 2762 Πάτερ
1414 2729 1491 2763 ἡμῶν
1505 2730 1519 2756 ό
1535 2731 1563 2757 ὲν
1579 2732 1634 2763 τοῖς
1647 2731 1781 2767 οὐρανοῖς·
1794 2734 1844 2760 καὶ

1050 2833 1165 2873 Lucii“,
1182 2834 1282 2873 δεῇ-52,
1321 2835 1331 2850 ⁶
1343 2835 1444 2873 Thrcn.
1458 2846 1476 2870 I,
1492 2838 1523 2872 ὃς
1541 2840 1611 2873 iv,I,
1626 2841 1653 2868 2.
1691 2842 1702 2857 ⁷
1720 2842 1730 2869 I
1747 2841 1842 2871 Thess.

928 2869 948 2883 ’°
967 2868 1049 2896 Ilebr.
1067 2877 1092 2902 Χ,
1109 2869 1154 2896 28.
1194 2871 1213 2885 ¹¹
1230 2870 1298 2896 Dan.
1313 2878 1350 2903 ιιι,
1363 2872 1407 2905 54,
1425 2873 1469 2900 55.
