4140 6322
431 457 540 523 045

1700 446 1930 509 LIBER
1966 440 2373 507 ASCETICUS

3594 453 3699 519 946

429 575 518 629 διὰ
543 573 604 629 τὺ
627 573 773 637 ἔλεος
793 570 885 626 τοῦ
920 571 1074 641 ἀγιου
1109 587 1202 624 σου
1233 571 1569 641 Πνευματος.
1597 566 1692 636 Μὴ
1718 563 1994 637 μνησθῇς

2107 579 2205 616 nus
2227 564 2288 615 η.
2302 562 2507 634 Adjuva
2522 563 2779 627 nos,Deus
2796 562 3043 619 Sawator
3061 564 3223 636 387
3242 573 3436 631 noster,
3455 575 3506 620 et
3521 569 3703 639 propi-

425 662 597 734 ἡμῶν
627 661 891 734 ἀνομιῶν
912 662 1194 732 ἀρχαίων-ο
1237 661 1399 716 ἀλλὰ
1441 659 1594 730 ταχὺ
1639 658 2016 726 προκαταλα-

328 734 333 741 ’
430 754 700 808 Εέτωσαν
728 753 884 823 ἡμᾶς
917 757 972 807 οὶ
1008 752 1299 822 οἰκτιρμοί
1343 768 1482 817 σου,
1513 751 1602 805 ὅτι
1634 749 2015 819 ἐπτωχεύσα-

425 862 541 915 μεν
565 846 820 915 σφόδρα.
876 845 1198 911 Βοήθησον
1250 844 1397 915 ἡμῖν
1452 846 1485 898 ὁ
1534 842 1678 908 Θεὸς
1725 845 1757 896 ὀ
1809 840 2014 909 Σωτὴρ

429 936 868 1006 ἡμῶνοἝνεκεν
908 936 1019 1006 τῆς
1044 936 1233 1006 δόξης
1256 935 1371 990 τοῦ
1403 935 1696 1004 ὀνόματός
1723 950 1861 996 σου,
1895 932 2013 987 Kr}-

421 1043 533 1093 ριε,
553 1025 745 1094 ῥῦσαι
758 1025 935 1095 ἡμᾶς,
955 1026 1053 1080 καὶ
1078 1026 1353 1093 ἱλάσθητί
1375 1025 1501 1091 ταῖς
1525 1024 1830 1095 ἁμαρτίαις
1847 1023 2014 1094 ἡμῶν

425 1117 640 1171 ἕνεκεν
682 1116 790 1170 τοῦ
844 1117 1136 1187 ὀνόματός
1182 1134 1321 1184 σου,
1357 1117 1551 1187 Κύριε,
1615 1116 1873 1187 μνησθεὶς
1911 1114 2011 1182 τῆς

427 1206 683 1277 ἀπαρχῆς
712 1206 872 1276 ἡμῶν
897 1206 963 1277 ἣν
987 1205 1046 1272 ἐξ
1070 1205 1231 1277 ἡμῶν
1266 1204 1355 1259 διὰ
1390 1201 2010 1275 φιλανθρωπίανελαϐὼν

425 1300 465 1352 δι
491 1298 789 1368 μονογενής
833 1312 925 1350 σου
956 1297 1104 1363 Υἱὸς,
1133 1295 1276 1366 ὑπὲρ
1311 1295 1470 1367 ἡμῶν
1503 1295 1614 1366 ἔχει
1646 1295 1705 1348 ὲν
1734 1295 2009 1364 οὐρανοῖς»

426 1388 516 1441 ἴνα
556 1389 686 1460 ἡμῖν
723 1387 947 1459 βεϐαίαν
980 1388 1079 1460 τὴν
1110 1388 1305 1443 ἐλπίδα
1339 1389 1437 1459 τῆς
1472 1388 1747 1459 σωτηρίας
1774 1388 2007 1459 χαρίση⁹

426 1497 537 1533 ταιο
567 1481 662 1534 καὶ
700 1481 774 1553 μὴ
817 1480 907 1534 διὰ
953 1481 1052 1552 τὴν
1092 1481 1404 1550 ἀπόγνωσιν
1437 1480 1654 1552 χείρους
1697 1480 2007 1549 γενώμεθα,

426 1572 517 1633 διὰ
560 1572 622 1626 τὸ
648 1573 833 1643 τίμιον
862 1573 1031 1627 αὐτοῦ
1083 1568 1244 1645 αἷμα,
1285 1573 1321 1626 ὃ
1362 1573 1505 1644 ὑπὲρ
1545 1573 1645 1643 τῆς
1675 1571 1768 1626 τοῦ
1799 1573 2005 1643 κόσμου

426 1656 572 1730 ζωῆς
620 1659 854 1732 ἐξέχεενο
900 1661 992 1715 διὰ
1037 1664 1161 1726 τοὺς
1213 1663 1401 1731 ἁγίους
1430 1661 1597 1716 αὐτοῦ
1649 1663 2007 1727 Ἀποστόλους

425 1750 522 1804 καὶ
550 1752 872 1826 Μάρτυρας,
903 1754 952 1808 οἳ
998 1755 1142 1826 ὑπὲρ
1165 1753 1261 1810 τοῦ
1285 1755 1548 1826 ὀνόματος
1584 1755 1750 1809 αὑτοῦ
1779 1755 1838 1808 τὸ
1876 1755 2006 1809 ἴδιον

427 1838 566 1915 αἷμα
595 1845 830 1916 ἐξέχεονο
875 1846 965 1902 διὰ
1000 1848 1128 1910 τοὺς
1176 1847 1364 1916 ἁγίους
1392 1850 1683 1919 Προφήτας
1711 1836 1806 1902 καὶ
1829 1848 2002 1901 ῐῐατέ-

428 1952 528 2007 ρας
548 1938 643 1990 καὶ
676 1927 1053 2010 Ιῐατριάρχας,
1110 1939 1307 2004 οίτινες
1335 1939 1675 2010 ἠγωνίσαντο
1703 1938 2003 2011 εὐαρεστῆ-

427 2027 634 2101 σαι·τῷ
661 2028 802 2099 ἁγίῳ
845 2046 939 2083 σου
981 2030 1225 2101 ὀνόματι.
1274 2029 1367 2101 Mi;
1401 2028 1635 2105 παρίδῃς
1681 2030 1782 2100 τὴν
1820 2030 2003 2099 δέησιν

425 2116 604 2188 ἡμῶν,
640 2116 832 2189 Κύριε,
870 2118 1483 2195 μηδὲῇὲγκαταηεξίπῃς
1511 2120 1657 2192 ἡμᾶς
1697 2121 1776 2184 είς
1826 2118 1999 2184 τέλος.

426 2206 501 2260 οὗ
524 2207 631 2279 γὰρ
649 2209 742 2262 ἐπὶ
764 2214 881 2273 ταῖς
901 2210 1270 2276 δικαιοσύναις
1289 2212 1445 2283 ἡμῶν
1467 2210 1790 2275 πεποιθότες
1810 2209 1999 2282 ἐσμὲν,

423 2297 539 2352 ἀλλ’
571 2301 663 2354 ἐπὶ
696 2301 836 2355 ἐλέει
862 2301 940 2372 τῷ
970 2301 1069 2374 σῷ,
1102 2303 1170 2357 δι’
1199 2296 1261 2358 οῦ
1314 2304 1377 2358 τὺ
1432 2304 1590 2374 γένος
1639 2304 1798 2376 ήμῶν
1846 2320 2003 2377 περιά

425 2393 574 2461 ποιῇ.
622 2391 963 2465 Ἰκετεύομεν
1010 2394 1107 2449 καὶ
1145 2394 1573 2467 παρακαλοῦμεν
1606 2395 1705 2468 τὴν
1736 2395 1836 2468 σὴν
1864 2397 2002 2465 ἀγα-

425 2475 648 2550 θότητα,
676 2482 762 2536 ἵνα
790 2483 866 2555 μὴ
896 2484 1123 2555 γένηται
1146 2487 1227 2550 είς
1260 2487 1435 2557 κρῖμα
1455 2488 1588 2560 ἡμῖν
1615 2486 1677 2542 τδ
1708 2489 1999 2561 οἰκονομη-

427 2566 517 2621 θὶν
557 2572 689 2640 ἡμῖν
731 2573 836 2627 ὑπὸ
860 2574 956 2628 τοῦ
996 2576 1335 2646 Μονογενοῦς
1367 2594 1461 2631 σου
1488 2576 1620 2632 Υίοῦ
1652 2578 1790 2651 πρὸς
1824 2595 1999 2650 σωτη-

426 2657 551 2728 ρίαν
590 2663 908 2735 μυστήριον·
950 2666 1044 2720 καὶ
1089 2668 1164 2738 μὴ
1199 2667 1518 2739 ἁπορῤίψῃς
1560 2669 1708 2740 ἡμᾶς
1752 2669 1860 2723 ἀπὸ
1898 2668 1996 2724 τοῦ

403 2749 720 2825 επροσώπου
751 2770 865 2809 σου.
917 2755 1008 2829 Μὴ
1056 2757 1283 2832 βδελύξῃ
1312 2759 1468 2830 ἡμῶν
1517 2761 1616 2832 τὴν
1647 2761 1993 2834 ἁναξιότητα’

424 2838 544 2893 ἀλλ’
586 2842 808 2914 ἐλέησον
843 2848 991 2918 ἡμᾶς
1037 2850 1180 2905 κατὰ
1225 2851 1287 2905 τὸ
1337 2853 1483 2923 μέγα
1538 2870 1631 2906 σου
1686 2853 1856 2920 ἔλεος,
1901 2855 1997 2909 καὶ

424 2934 566 2988 κατὰ
616 2937 679 2990 τὸ
735 2938 937 3004 πλῆθος
978 2941 1086 2997 τῶν
1119 2940 1421 3016 οἰκτιρμῶν
1466 2962 1581 3012 σου,
1615 2947 1907 3015 παράγαγε
1927 2947 1996 3002 τὰ

422 3023 795 3096 ἁμαρτήματα
818 3027 928 3101 [Ἐν.
959 3029 1196 3102 alterque
1222 3032 1295 3088 Μ.
1326 3034 1676 3107 ἀνομήματα]
1704 3035 1884 3106 ἡμῶν,
1910 3036 1996 3090 ἵνα

425 3113 805 3188 ἀκατακρίτως
848 3122 1241 3192 προσελθόντες
1289 3124 1624 3181 κατενώπιον
1680 3126 1779 3196 τῆς
1832 3128 1994 3196 ἁγίας

2118 653 2223 707 tius
2252 661 2361 707 esto
2384 652 2611 724 peccatis
2632 654 2825 708 nostris
2856 662 3071 725 prapter
3098 671 3287 708 nomen
3318 664 3466 709 tuum
3491 656 3556 724 ¹³,
3582 657 3694 712 Do-

2117 744 2287 808 mine,
2332 760 2544 799 mcmor
2578 753 2781 801 nostrae
2813 726 3187 811 delibationis,
3222 762 3386 817 quam
3427 764 3496 803 ex
3533 748 3694 805 nobis

2115 851 2219 906 per
2247 852 2514 892 summam
2541 838 2937 909 benignitatem
2965 847 3023 893 et
3054 837 3407 893 clementiam
3443 841 3695 909 unigeni-

2115 933 2203 981 tus
2229 926 2398 981 Filius
2427 935 2553 983 tuus
2587 936 2890 998 acceptam,
2928 930 2982 982 in
3009 930 3163 984 cmlis
3195 945 3297 1000 pro
3320 931 3480 984 nobis
3502 931 3688 995 habet,

2114 1018 2181 1072 ad
2204 1029 2413 1073 certam
2442 1018 2569 1073 inde
2602 1020 2762 1075 nobis
2796 1036 2947 1091 spem
2974 1020 3166 1077 salutis
3196 1023 3559 1092 praestandam
3591 1041 3605 1076 ε
3635 1034 3695 1078 et

2112 1125 2202 1172 ne.
2231 1109 2443 1180 abjccta
2484 1111 2677 1165 salutis
2717 1126 2835 1181 spe.
2861 1113 3078 1182 pejores
3102 1113 3431 1179 evadamus;
3465 1123 3701 1185 propter

2112 1201 2233 1272 ejus
2260 1202 2582 1273 sanguinem
2606 1208 2767 1272 quem
2789 1203 2987 1259 effudit
3008 1220 3109 1275 pro
3132 1206 3325 1261 mundi
3355 1207 3469 1262 vita
3503 1225 3516 1261 :
3563 1223 3696 1277 pro—

2111 1300 2236 1363 pter
2261 1294 2381 1364 ejus
2409 1304 2626 1349 sanctos
2646 1296 2926 1364 apostolos
2946 1302 3003 1350 et
3031 1308 3317 1369 martyres,
3333 1299 3427 1368 qui
3451 1314 3552 1369 pro
3570 1299 3697 1369 ejus

2109 1384 2334 1438 nomine
2374 1385 2656 1454 proprium
2694 1386 3018 1456 sanguinem
3064 1385 3380 1442 eﬂ'uderunt
3411 1406 3425 1441 :
3461 1397 3695 1457 propter»

2111 1484 2335 1533 sanctos
2358 1477 2654 1548 prophetas
2685 1489 2744 1533 et
2770 1478 2963 1535 Patres
2989 1489 3051 1535 et
3080 1479 3446 1549 patriarchas,
3471 1481 3588 1550 qui,
3626 1490 3699 1535 ut“

2108 1568 2321 1623 nomini
2348 1577 2536 1623 sancto
2561 1562 2656 1623 tuo
2680 1569 3221 1639 placerent,.omnem
3243 1586 3465 1640 operam
3491 1587 3705 1647 poene:

2109 1668 2258 1713 runt.
2303 1658 2383 1714 Ne
2419 1658 2757 1729 despexeris,
2779 1659 3084 1715 orationem
3123 1666 3387 1723 nostram,
3433 1659 3684 1723 Domine,

2107 1764 2286 1819 neque
2328 1749 2679 1820 derelinquas
2716 1764 2817 1805 nos
2846 1750 2903 1803 in
2937 1749 3179 1805 ﬁnem“.
3205 1749 3396 1820 Neque
3433 1750 3582 1807 enim
3628 1750 3687 1806 in

2101 1840 2334 1911 justitiis
2370 1840 2578 1897 nostris
2607 1839 2866 1896 ﬁduciam
2907 1840 3194 1908 habemus,
3235 1841 3332 1896 sed
3374 1841 3431 1896 in
3462 1842 3686 1898 miseri-

2106 1931 2296 1986 cordia
2338 1938 2454 1997 tua,
2492 1947 2560 1987 ex
2600 1946 2709 2001 qua
2742 1931 2986 1986 humano
3022 1931 3212 2001 generi
3246 1946 3438 1986 curam
3471 1932 3687 2003 impen-

2105 2022 2192 2078 dis
2221 2023 2286 2077 ¹⁸.
2325 2021 2613 2093 Supplices
2657 2038 2913 2094 rogamus
2944 2030 3003 2078 et
3042 2023 3402 2079 obsecramus
3434 2023 3686 2096 benigni-

2103 2123 2271 2172 tatem
2328 2124 2500 2179 tuam,
2538 2130 2610 2170 ne
2658 2113 2806 2185 quod
2852 2114 3174 2186 unigenitus
3219 2115 3392 2172 Filius
3444 2122 3574 2173 tuus
3625 2117 3684 2173 in

2104 2208 2339 2263 salutem
2385 2206 2549 2262 nobis
2589 2206 3003 2277 dispensatione
3046 2207 3367 2278 mysterium
3397 2209 3587 2280 gessit,
3624 2208 3682 2265 in

2097 2298 2368 2371 judicium
2401 2305 2673 2363 vertatur,
2707 2303 2765 2352 et
2794 2313 2865 2353 ne
2896 2297 3157 2368 projicias
3187 2314 3289 2354 nos
3325 2315 3357 2355 a
3397 2298 3537 2367 [acie
3566 2310 3678 2356 tua.

2099 2393 2180 2447 Ne
2221 2391 2476 2462 indignos
2509 2405 2613 2446 nos
2657 2387 3017 2457 abomineris,
3060 2389 3158 2445 sed
3201 2391 3468 2448 miserere
3503 2394 3680 2450 nostri

2100 2483 2407 2539 secundum
2440 2496 2694 2552 magnam
2725 2480 3163 2537 misericordiam
3191 2491 3363 2550 tuam,
3390 2494 3449 2539 et
3477 2500 3679 2541 secun-

2100 2573 2230 2628 dum
2278 2571 2689 2627 multitudinem
2727 2569 3143 2627 miserationum
3180 2581 3401 2628 tuarum
3444 2575 3680 2632 transfer

2097 2673 2325 2736 peccata
2359 2672 2550 2720 nostra
2588 2663 2654 2730 “,
2677 2670 2739 2717 ut
2769 2662 3070 2718 indemnati
3107 2680 3172 2719 ac
3193 2665 3401 2737 judicio
3430 2668 3595 2723 soluti
3620 2668 3680 2728 in

2098 2763 2456 2826 conspectum
2491 2762 2695 2810 sanclae
2736 2754 2924 2825 gloriae
2966 2763 3073 2811 tua:
3115 2756 3420 2822 venientes,
3461 2772 3670 2813 merea-

2097 2864 2224 2903 mur
2253 2846 2523 2918 unigeniti
2568 2845 2694 2900 Filii
2732 2845 2812 2900 tui
2849 2847 3078 2902 numine
3112 2847 3362 2920 protegi;
3401 2866 3584 2920 neque
3618 2860 3679 2907 ut

2097 2944 2244 3000 servi
2287 2957 2548 3012 nequam,
2598 2956 2707 3011 qua
2754 2939 3064 3010 premimur
3103 2950 3461 3012 peccatorum
3508 2944 3674 3008 mole,

2095 3034 2396 3091 efﬁciamur
2414 3030 2879 3102 reprobi.Qumso,
2895 3031 3030 3087 here
3049 3033 3399 3104 omnipotens
3421 3033 3674 3100 Domine,

2096 3126 2295 3184 exaudi
2335 3125 2646 3180 orationem
2702 3131 2971 3197 nostram,
3016 3123 3146 3193 quia
3179 3134 3334 3180 extra
3370 3134 3423 3180 te
3461 3128 3678 3207 nullum

425 3223 518 3260 σου
560 3208 738 3279 δόξης,
764 3211 1083 3285 ἀξιωθῶμεν
1128 3216 1225 3286 τῆς
1278 3217 1487 3286 σκέπης
1535 3217 1988 3290 τοῦ.μονογενοῦς

2099 3219 2267 3274 alium
2310 3216 2568 3272 novimus
2615 3213 2680 3267 ⁸⁷.
2728 3213 2941 3269 Nomen
2983 3220 3140 3267 tuum
3191 3213 3513 3270 invocamus
3550 3234 3563 3270 :
3615 3224 3677 3272 tu

424 3313 519 3350 σου
552 3298 706 3366 Υίοῦ,
731 3303 824 3356 καὶ
858 3303 932 3374 μὴ
956 3304 1031 3378 ὡς
1057 3305 1235 3360 δοῦλοι
1262 3308 1491 3381 πονηροὶ
1517 3312 1635 3374 ταῖς
1665 3311 1986 3384 ἁμαρτίαις,

423 3388 739 3461 ἀποδόκιμοι
768 3391 878 3464 (Fr.
908 3394 1083 3451 δοῦλοι
1108 3399 1404 3470 ἁμαρτίας,
1435 3400 1781 3476 ἀποδόκιμοι]
1820 3403 1991 3473 γενώ-

424 3478 581 3547 μεθα.
613 3482 743 3548 Ναὶ,
778 3486 1027 3542 Δέσποτα
1057 3490 1433 3563 παντοδύναμε
1460 3492 1652 3565 Κύριε,
1671 3495 1988 3550 εἰσάκουσον

419 3569 516 3637 τῆς
558 3571 796 3645 δεήσεως
824 3578 1000 3647 ἡμῶν,
1035 3580 1117 3634 ὅτι
1141 3582 1301 3648 ὲκτδς
1327 3584 1421 3639 σοῦ
1443 3584 1600 3640 ἄλλον
1617 3587 1716 3641 οὐκ
1743 3587 1984 3658 οἴδαμεν.

419 3660 491 3713 Τὸ
521 3662 693 3733 ὄνομά
724 3682 816 3720 σου
841 3667 1196 3741 ὀνομάζομεν·
1245 3674 1309 3727 σὺ
1356 3675 1464 3745 γὰρ
1494 3671 1547 3729 εἴ
1583 3678 1611 3729 ὁ
1650 3677 1888 3748 ἐνεργῶν
1919 3679 1989 3732 τὰ

420 3751 597 3806 πάντα
629 3756 687 3808 ὲν
726 3758 882 3822 πᾶσι,
922 3761 1020 3815 καὶ
1053 3762 1153 3833 τὴν
1200 3764 1351 3835 παρὰ
1396 3765 1491 3819 σοῦ
1545 3768 1744 3831 πάντες
1793 3769 1987 3839 ἐπιζη-

415 3843 616 3912 τοῦμεν
639 3844 917 3918 βοήθειαν.
965 3851 1290 3924 Ἐπίϐλεψον
1339 3851 1434 3911 οὖν
1489 3859 1554 3911 ἐκ
1598 3858 1693 3912 τοῦ
1732 3858 1987 3929 οὐρανοῦ,

416 3932 611 4003 Κύριε,
652 3937 748 3990 καὶ
791 3938 866 3992 ῐδε
922 3941 987 3995 ἐκ
1022 3942 1117 3996 τοῦ
1150 3944 1300 3999 οῐκου
1341 3946 1439 4017 τῆς
1476 3946 1638 4016 ἁγίας
1677 3948 1835 4019 δόξης
1869 3968 1984 4007 σου.

416 4019 527 4074 Ποῦ
555 4022 702 4098 ἐστιν
734 4027 763 4079 ὁ
791 4027 950 4099 ζῆλός
977 4049 1071 4087 σου
1107 4033 1202 4088 καὶ
1241 4036 1276 4105 ἡ
1307 4034 1459 4107 ἰσχύς
1488 4053 1607 4105 σου;
1641 4038 1753 4094 Ποῦ
1785 4040 1902 4094 ἐστι
1926 4042 1989 4097 τὸ

414 4110 622 4179 πλῆθος
659 4114 752 4169 τοῦ
782 4118 965 4185 ἐλέους
1002 4139 1096 4177 σου
1134 4125 1231 4179 καὶ
1277 4125 1387 4179 τῶν
1422 4129 1728 4201 οἰκτιρμῶν
1762 4147 1880 4201 σου,
1904 4133 1987 4188 ὅτι

412 4201 643 4275 ἡνέσχες
685 4206 785 4277 τῆς
829 4210 1089 4275 πτώσεως
1123 4215 1283 4286 ἡμῶν
1307 4217 1414 4283 ;Σὺ
1456 4218 1566 4290 γὰρ
1595 4221 1754 4291 ἡμῶν
1795 4219 1850 4277 εἴ
1878 4226 1991 4279 Πα-

410 4294 539 4386 τὴρ,
573 4297 654 4351 ὅτι
700 4299 951 4372 Ἀδραὰμ
982 4304 1083 4359 οὐκ
1110 4305 1253 4373 ἔγνω
1301 4310 1471 4380 ἡμᾶς,
1500 4311 1595 4365 καὶ
1641 4312 1858 4386 Ἰσραὴλ
1887 4315 1987 4370 οὐκ

412 4384 629 4476 επέγνω
669 4389 836 4459 ἡμᾶς’
864 4392 1002 4447 ἀλλὰ
1053 4395 1140 4459 σὺ,
1188 4397 1385 4469 Κύριε,
1419 4398 1609 4471 Πατὴρ
1634 4401 1791 4473 ήμῶν
1812 4384 1987 4476 *ῥῦσαι

412 4473 580 4566 ημᾶς,
611 4475 691 4529 δτι
714 4478 810 4532 ἀπ’
838 4480 1014 4554 ἀρχῆς
1036 4483 1097 4537 τὸ
1120 4483 1292 4557 ὄνομά
1320 4502 1414 4543 σου
1447 4487 1509 4541 τὸ
1537 4487 1691 4559 ἅγιον
1720 4491 1806 4561 ἐφ’
1825 4473 1987 4566 ’ἡμᾶς

2097 3310 2304 3383 quippe
2348 3323 2410 3362 es
2449 3306 2546 3376 qui
2588 3303 2773 3360 omnia
2822 3303 2879 3357 in
2928 3303 3188 3359 omnibus
3227 3307 3474 3374 opem-is
3517 3307 3579 3371 is,
3609 3323 3674 3363 ac

2095 3409 2253 3457 tuum
2281 3414 2474 3455 omnes
2517 3394 2783 3457 auxilium
2821 3395 3138 3465 quaerimus.
3179 3395 3375 3467 Aspice
3404 3398 3572 3469 igitur
3603 3399 3674 3455 de

2095 3491 2527 3558 coelo,Domine,
2560 3498 2617 3544 et
2642 3487 2769 3543 vide
2807 3486 2877 3543 de
2913 3487 3227 3543 habitacula
3258 3499 3460 3546 sanctae
3486 3490 3674 3562 glorias

2094 3597 2221 3645 tuae.
2258 3584 2364 3642 Ubi
2403 3589 2488 3638 est
2526 3578 2804 3636 :emulatio
2853 3587 2944 3634 tua
2991 3586 3049 3633 et
3088 3578 3357 3636 fortitudo
3393 3581 3526 3637 tua?
3565 3581 3671 3643 Ubi

2093 3686 2178 3733 est
2227 3673 2526 3730 multitudo
2566 3669 2962 3725 misericordiae
3008 3679 3113 3724 tua:
3150 3678 3207 3725 et
3256 3671 3671 3728 miserationum

2093 3776 2336 3831 tuarum,
2382 3762 2531 3835 quod
2571 3758 2883 3817 sustinuisti
2922 3774 3024 3814 nos
3067 3761 3283 3816 ruinam
3325 3761 3544 3819 facere?
3589 3764 3671 3820 Tu

2092 3857 2242 3914 enim
2267 3873 2328 3912 es
2358 3856 2521 3911 Pater
2554 3861 2764 3917 noster,
2794 3850 2923 3921 quia
2952 3852 3228 3906 Abraham
3264 3870 3378 3908 non
3411 3858 3673 3927 cognovit

2091 3965 2216 4015 nos,
2232 3946 2467 4004 etlsracl
2489 3959 2591 3999 nos
2611 3959 2720 3999 non
2743 3942 2995 4013 agnovit:
3019 3943 3113 3998 sed
3135 3950 3214 4007 tu,
3234 3944 3488 4010 Domine,
3510 3947 3671 4003 Pater

2092 4050 2304 4106 noster,
2334 4038 2509 4094 libera
2548 4050 2671 4101 nos,
2706 4048 2873 4104 super
2895 4048 3035 4103 quos
3058 4033 3323 4089 nimirum
3348 4050 3378 4089 a
3394 4036 3670 4110 principio

2093 4146 2293 4187 nomen
2323 4134 2570 4185 sanctum
2603 4134 2783 4189 tuum,
2814 4134 2871 4179 et
2906 4123 3178 4196 unigeniti
3207 4125 3330 4180 Filii
3356 4125 3435 4181 tui
3462 4130 3669 4185 sancti-

2093 4238 2201 4294 que
2234 4220 2476 4292 Spiritus
2512 4226 2617 4273 est.
2654 4216 2766 4273 Cur
2798 4230 2986 4272 errare
3028 4230 3130 4271 nos
3156 4215 3337 4271 fecisti
3370 4233 3401 4272 a
3427 4218 3516 4274 via
3552 4228 3713 4284 tua,,.

2092 4313 2362 4370 Domine?
2414 4328 2482 4367 ne
2548 4308 2814 4378 corripias
2862 4323 2964 4362 nos
3016 4307 3074 4361 in
3124 4308 3277 4379 virga
3331 4309 3683 4380 judiciorum-

2095 4415 2319 4462 tuorum
2356 4403 2420 4457 ι’.
2453 4403 2516 4459 Ut
2542 4402 2668 4473 quid
2693 4401 2958 4455 indurasti
2984 4400 3148 4455 corda
3178 4410 3381 4469 nostra,
3415 4420 3480 4459 ne
3519 4406 3669 4461 time-

2094 4504 2345 4567 remusje
2371 4495 2457 4548 ὀἳ
2488 4492 2835 4563 dereliquisti
2866 4507 2971 4548 nos
3002 4492 3243 4550 licentia:
3263 4497 3505 4552 erroris?
3531 4496 3670 4554 Con-

410 4562 555 4629 ὲστι,
587 4566 685 4620 ml.
726 4567 821 4623 τοῦ
866 4574 1191 4643 μονογενοῦς
1240 4593 1334 4631 σου
1377 4576 1533 4644 Υίοῦ,
1573 4580 1666 4634 καὶ
1700 4581 1795 4635 τοῦ
1824 4562 1982 4653 ἁγίου

2099 4595 2248 4653 verte,
2309 4584 2550 4646 Domine,
2593 4598 2767 4637 servos
2815 4589 2932 4637 tuos
2997 4583 3068 4650 ¹¹,
3128 4595 3356 4656 propter
3416 4597 3681 4649 sanctam

413 4672 506 4709 σου
538 4658 872 4730 Πνεῦματος.
905 4664 970 4717 Τί
998 4665 1310 4737 ἐπλάνησας
1336 4671 1504 4740 ἡμᾶς,
1534 4671 1729 4744 Κύριε,
1756 4674 1862 4729 ἀπὸ
1882 4676 1984 4747 τῆς

409 4748 529 4804 ὀδοῦ
560 4766 673 4805 σου*
713 4754 789 4840 μὴ
820 4757 1116 4832 παιδεύσῃς
1145 4762 1291 4831 ἡμᾶς
1331 4766 1395 4834 τῇ
1427 4764 1607 4838 ρἀδῳ
1632 4767 1742 4822 τῶν
1774 4773 1979 4841 κριμά-

408 4855 518 4893 των
547 4859 661 4898 σου.
704 4846 766 4900 Τί
799 4847 1186 4919 ἐσκλήρυνας
1232 4853 1402 4921 ἡμῶν
1444 4857 1548 4923 τὰς
1577 4860 1842 4929 καρδίας,
1874 4863 1981 4918 τοῦ

407 4931 489 5022 μὴ
527 4934 839 5013 ςιξοόεἷσθαί
874 4954 990 5005 σε;
1023 4943 1420 5014 ἐγκατέλειψας
1459 4949 1606 5017 ἡμᾶς
1655 4954 1720 5022 τῇ
1760 4952 1983 5007 αὐτονο-

411 5020 511 5093 μίᾳ
534 5023 633 5094 τῆς
671 5025 920 5096 πλάνης;
967 5029 1392 5100 Ἔπίστρεψον,
1426 5035 1634 5103 Κύριε,
1666 5020 1809 5107 τοὺς
1848 5041 1986 5097 δού-

405 5114 555 5179 λους
610 5130 751 5181 σου,
810 5115 900 5171 διὰ
968 5119 1068 5190 τὴν
1098 5120 1259 5188 ἁγίαν
1332 5139 1425 5176 σου
1468 5124 1794 5196 Ἐκκλησίαν
1821 5147 1836 5161 ·
1898 5132 1986 5188 διὰ

2089 4674 2392 4732 Ecclesiam
2430 4682 2579 4728 tuam
2622 4689 2634 4702 ’
2672 4679 2900 4741 propter
2935 4681 3157 4730 sanctos
3185 4692 3378 4733 omnes
3411 4680 3505 4748 qui
3546 4679 3668 4736 fue-

2089 4778 2221 4822 runt
2242 4782 2272 4820 a
2304 4764 2595 4828 sazculo,ut
2622 4763 2877 4817 modicum
2915 4753 3048 4835 quid
3065 4766 3369 4822 haereditate
3397 4772 3667 4839 possidea-

2086 4877 2200 4913 mus
2214 4858 2400 4912 montis
2415 4856 2584 4910 sancti
2597 4854 2690 4907 tui.
2706 4852 2873 4924 388
2887 4853 3189 4911 Adversarii
3209 4861 3375 4913 nostri
3394 4859 3673 4915 conculca-

2085 4957 2272 5005 uerunt
2326 4948 2692 5003 sanctuarium
2748 4952 2899 5001 tuum
2952 4962 2971 4999 :
3036 4946 3164 5016 facti
3216 4966 3401 5015 sumus
3450 4952 3585 5005 sicut
3632 4970 3667 5006 a

2088 5040 2366 5112 principio,
2405 5055 2525 5091 cum
2566 5052 2671 5090 non
2708 5025 3077 5090 dominareris‘
3108 5044 3296 5107 nostri,
3337 5056 3432 5094 nec
3474 5058 3667 5097 nomen

2091 5141 2243 5186 tuum
2268 5131 2571 5184 invocatum
2602 5137 2731 5180 esset
2756 5141 2915 5185 super
2944 5142 3039 5182 nos
3071 5128 3139 5181 ”.

408 5204 615 5270 πάντας
672 5206 800 5272 τοὺς
835 5210 933 5263 ἀπ’
979 5211 1175 5276 αἰῶνος
1236 5214 1424 5283 ἁγίους
1500 5234 1616 5283 σου,
1660 5219 1746 5274 ἵνα
1782 5227 2002 5294 μικρὸν
2041 5221 2596 5294 κληρονομήσωμεν
2646 5217 2754 5272 τοῦ
2807 5218 2984 5287 ὄρους
3038 5217 3146 5272 τοῦ
3173 5219 3347 5289 ἁγίου
3398 5237 3537 5278 σου·
3598 5225 3665 5278 Οἱ

405 5298 753 5388 tinea-ardet
805 5300 976 5386 ἡμῶν
1028 5303 1458 5373 κατεπάτησαν
1492 5308 1560 5363 τὸ
1599 5309 1866 5383 ἀγίασμα
1921 5333 2039 5375 σου
2057 5334 2075 5353 ο
2122 5315 2442 5388 ἐγενόμεθα
2492 5310 2572 5377 ὡς
2628 5309 2695 5364 τὸ
2739 5308 2842 5367 ἀπ’
2929 5308 3121 5381 ἀρχῆς
3179 5311 3278 5366 ὅτε
3317 5315 3427 5368 οὐκ
3473 5312 3666 5386 ἦρξας

295 5382 298 5385 ‘
405 5382 590 5452 ἡμῶν,
629 5387 773 5441 οὐδὲ
807 5382 1113 5460 ἐπεκλήθη
1136 5393 1205 5448 τὸ
1236 5395 1425 5466 ὄνομα
1456 5412 1572 5454 σου
1597 5401 1690 5469 ἐφ’
1716 5382 1893 5473 ἡμᾶς,

472 5477 573 5570 ληξ.
611 5481 751 5536 Ἐὰν
771 5483 1022 5555 ἀνοίξῃς
1053 5489 1160 5543 τὸν
1195 5492 1474 5561 οιίοανὸν,
1529 5496 1742 5566 τρόμος
1780 5500 1974 5570 ,λήψε-

405 5582 497 5618 ται
519 5568 638 5623 ἀπὸ
665 5571 782 5626 σοῦ
811 5573 940 5642 ὄρη,
981 5577 1081 5631 καὶ
1110 5581 1476 5648 τακήσονται
1509 5586 1590 5652 ὡς
1642 5592 1825 5657 κηρὸς
1851 5568 1971 5648 ἀπὸ

2150 5499 2245 5555 38.
2265 5497 2323 5554 Si
2358 5497 2629 5569 aperueris
2660 5495 2870 5564 coelum,
2903 5504 3102 5553 tremor
3134 5516 3167 5554 α
3198 5507 3248 5553 te
3273 5508 3472 5555 montes
3495 5506 3662 5575 carri--

2081 5592 2206 5662 piet,
2235 5599 2284 5643 et
2308 5589 2593 5657 liquescent
2616 5590 2750 5642 sicut
2772 5604 2895 5643 cera
2921 5606 2953 5643 a
2970 5590 3106 5660 facie
3122 5591 3257 5663 ignis
3282 5591 3660 5667 :incendetque

403 5657 728 5724 προσώπου
760 5664 866 5717 τοῦ
897 5669 1122 5737 πυρός·
1156 5672 1253 5725 καὶ
1285 5677 1648 5731 κατακαύσει
1683 5680 1801 5748 πῦρ
1830 5682 1972 5749 τοὺς

2099 5685 2211 5756 gnis
2253 5681 2619 5748 adversarios;
2663 5689 2713 5734 et
2763 5682 3094 5736 tremendum
3142 5685 3242 5737 erit
3282 5700 3469 5742 nomen
3509 5698 3658 5743 tuum

477 5794 529 5888 2
544 5794 687 5888 [isti].
707 5803 998 5888 ὲκξχιηηξ
1024 5875 1036 5888 Ι
1080 5807 1301 5888 ληδῑᾱ.
1329 5810 1387 5888 91
1459 5814 1672 5888 ’fAlfsal.
1705 5833 1808 5883 uv,
1834 5819 1903 5882 ‘2;
1939 5836 2085 5888 mn,
2115 5822 2207 5877 2'5.

2322 5820 2367 5852 ¹³
2398 5821 2534 5875 Dan.
2583 5834 2657 5885 rx,
2690 5819 2775 5873 18.
2887 5822 2932 5853 ¹⁶
2959 5821 3104 5876 Psal.
3136 5838 3189 5887 ι,
3225 5822 3281 5887 2,
3311 5823 3395 5877 15.
3479 5824 3521 5856 ι’
3555 5821 3651 5874 Es-

406 5863 529 5920 ther
563 5882 675 5923 xm.
707 5867 760 5927 9,
790 5871 874 5924 l7.
955 5874 996 5905 ⁸³
1023 5875 1040 5929 |
1073 5875 1199 5932 Cor.
1232 5863 1408 5947 xu,76.
1484 5863 1994 5958 "'Iéilﬁnlifi’s-"i

2119 5863 2657 5948 uleremeHél'."
2679 5863 2861 5945 ἀνίει.
2896 5863 3189 5952 “flavi-7..-,
3208 5863 3409 5948 δ’ἰιῖίίί.
3440 5892 3526 5957 18,
