4140 6322
503 467 604 533 94⁵1

1658 472 1717 531 S.
1758 473 2044 534 ii-IAXlMI
2087 475 2593 537 CONFESSURIS

3663 467 3764 533 948

493 581 838 637 adversariis.
875 578 1006 635 Cum
1035 580 1216 648 feceris
1243 577 1495 650 gloriosa,
1523 597 1554 634 a
1593 592 1641 634 te
1674 593 1876 638 montes
1906 594 2078 638 terror

2198 587 2620 651 ὑπεναντίουςο
2677 582 2774 638 καὶ
2819 580 3072 653 φοϐερὸν
3097 579 3269 634 ἔσται
3314 576 3378 630 τὸ
3429 574 3618 646 δνομὰ
3649 595 3766 634 σου

494 675 761 742 corripiet.
790 671 831 726 Λ
861 669 1051 725 swculo
1077 686 1180 723 non
1207 671 1523 736 audivimus,
1546 689 1638 726 nec
1669 675 1913 728 viderunt
1935 675 2075 730 oculi

2177 679 2303 745 τοῖς
2326 675 2734 740 ὑπεναντίοις.
2783 675 2971 726 Ὅταν
3017 669 3206 735 ποιεῖς
3251 669 3322 722 τὰ
3355 667 3594 733 ἐνδοξα,
3623 670 3764 735 τρό·

494 765 660 820 nostri
692 763 856 816 Deum
885 771 1079 832 prarter
1113 771 1181 814 te.
1228 763 1297 817 Et
1337 779 1498 833 Opera
1541 773 1654 828 tua,
1691 782 1808 836 qua:
1839 767 2077 836 {acturus

2198 787 2287 835 ιος
2313 768 2574 837 λήψεται
2605 765 2723 820 ἀπὸ
2757 763 2875 818 σοῦ
2909 763 3038 832 ὄρη.
3082 761 3224 816 Ἀπὸ
3253 759 3360 814 τοῦ
3401 756 3622 824 αἰῶνος
3655 761 3768 813 οὐκ

494 874 546 911 es
583 857 960 910 sustinentibus
1000 857 1434 920 misericordiam.
1485 857 1591 911 illis
1635 860 1940 927 obviabunt,
1989 862 2080 931 qui

491 951 755 1021 justitiam
787 948 1011 1017 faciunt,
1033 964 1095 1000 ac
1127 948 1335 1001 viarum
1363 959 1576 1003 tuarum
1610 958 1768 1004 erunt
1800 967 2076 1007 memores.

493 1042 629 1096 Ecce
661 1049 716 1094 tu
758 1042 927 1094 iratus
969 1055 1042 1103 es,
1084 1048 1133 1093 et
1175 1056 1266 1094 nos
1313 1042 1638 1109 peccavimus
1682 1044 1748 1093 ³³.
1799 1042 2078 1109 Quinimo,

492 1142 848 1213 peccavimus
889 1155 1010 1204 nos,
1053 1150 1111 1195 et
1155 1151 1213 1195 tu
1254 1156 1315 1195 es
1360 1142 1535 1197 iratus
1573 1161 1587 1196 :
1636 1143 1838 1198 Idcirco
1877 1145 2082 1197 erravi-

496 1251 635 1300 mus,
661 1243 709 1288 et
741 1234 867 1303 facti
890 1249 1071 1288 sumus
1103 1233 1364 1286 immundi
1403 1249 1495 1287 nos
1523 1250 1739 1289 omnes:
1776 1237 1906 1289 sicut
1945 1253 2082 1306 pan-

498 1340 596 1381 uus
621 1331 966 1379 menstruam:
1003 1326 1172 1379 omnis
1206 1324 1419 1394 justitia
1459 1336 1661 1390 nostra,
1696 1335 1748 1379 et
1786 1328 1917 1380 sicut
1955 1326 2085 1394 [alia

499 1417 814 1485 deﬂuximus
849 1425 1063 1486 propter
1089 1415 1288 1469 scelera
1314 1425 1496 1469 nostra
1518 1434 1534 1482 ;
1561 1418 1635 1470 sic
1658 1427 1838 1471 ventus
1878 1421 2084 1487 auleret

496 1517 613 1570 nos,
652 1512 706 1558 et
741 1521 846 1558 non
881 1515 956 1558 est
987 1507 1075 1574 qui
1113 1506 1313 1558 invocet
1351 1522 1539 1560 nomen
1569 1516 1737 1572 tuum,
1766 1515 1814 1559 et
1845 1507 1933 1576 qui
1977 1522 2085 1558 me-

498 1614 615 1651 mor
635 1600 722 1663 sit,
751 1607 807 1651 ut
839 1597 1220 1669 apprehendat.
1250 1598 1320 1652 Et
1367 1599 1603 1652 avertiin
1657 1599 1845 1668 faciem
1877 1608 2024 1652 tuam
2055 1617 2088 1652 α

499 1691 668 1754 nobis,
714 1693 764 1743 et
812 1689 1078 1743 tradidisti
1127 1707 1218 1743 nos
1261 1697 1476 1760 prvpter
1514 1699 1727 1760 peccata
1772 1700 1976 1744 nostra.
2022 1690 2088 1746 Et

501 1791 663 1844 nunc,
691 1779 934 1845 Domine,
962 1776 1128 1834 Pater
1152 1789 1330 1834 noster
1356 1797 1408 1834 es
1445 1790 1535 1833 tu:
1567 1795 1661 1832 nos
1697 1789 1874 1833 autem
1912 1796 2091 1834 omnes

505 1869 695 1935 lutum,
745 1888 873 1942 opus
920 1889 1177 1926 manuum
1225 1881 1460 1925 tuarum.
1515 1871 1593 1926 Ne
1644 1871 2090 1943 irascarisnobis

2178 861 2549 929 ἠκούσαμεν,
2601 856 2745 912 οὐδὲ
2785 859 2840 910 οι
2888 852 3183 924 ὀφθαλμοὶ
3225 847 3395 921 ήμῶν
3419 850 3552 904 ἴδον
3595 850 3766 917 Θεὸν,

2181 952 2348 1021 πλὴν
2371 951 2508 1006 σοῦ.
2537 951 2646 1006 Kal
2672 949 2747 1004 τὰ
2771 947 2915 1020 ἔργα
2937 962 3077 1012 σου,
3105 945 3143 1000 d
3163 943 3441 1010 ποιήσεις
3463 941 3589 1009 τοῖς
3618 945 3768 997 ὑπο-

2175 1041 2473 1116 μένουσιν
2499 1043 2675 1098 ἔλεον
2702 1059 2716 1074 ·
2755 1039 3208 1107 συναντήσεται
3231 1038 3340 1109 γὰρ
3377 1036 3504 1103 τοῖς
3528 1037 3772 1091 ποιοῦσι

2183 1137 2248 1190 τὸ
2301 1135 2562 1200 δίκαιον,
2611 1135 2707 1188 καὶ
2760 1131 2879 1186 τῶν
2927 1131 3084 1186 ὁδῶν
3131 1145 3249 1185 σου
3284 1127 3769 1199 μνησθήσονται.

2196 1227 2351 1282 Ἰδοὺ
2380 1227 2462 1281 σὺ
2490 1227 2807 1296 ὠργίσθης,
2848 1225 2945 1278 καὶ
2986 1221 3157 1292 ἡμεῖς
3199 1221 3561 1291 ἡμάρτομεν.
3619 1220 3774 1276 Μᾶλ-

2183 1319 2274 1373 λον
2326 1319 2382 1372 as
2415 1320 2575 1389 ἡμεῖς
2621 1318 2962 1388 ἡμάρτομεν,
3027 1316 3120 1369 καὶ
3180 1316 3244 1368 σὺ
3301 1313 3618 1384 ὠργίσθηςο
3672 1310 3777 1366 Διά

2184 1410 2360 1464 τοῦτο
2399 1407 2848 1476 ἑπλανήθημεν,
2875 1406 2974 1459 καὶ
3017 1404 3388 1473 ἐγενήθημεν
3407 1402 3488 1468 ὡς
3515 1400 3776 1468 ἀκάθαρ-

2186 1521 2276 1557 τοι
2305 1503 2527 1569 πάντες
2552 1501 2756 1571 ἡμεῖς’
2785 1502 2865 1567 ὠς
2886 1500 3076 1568 ῥάκος
3110 1497 3580 1567 ἁποκαθημένης
3600 1494 3774 1550 πᾶσα

2188 1597 2226 1662 ἡ
2257 1593 2612 1661 δικαιοσύνη
2647 1592 2830 1662 ἡμῶνο
2857 1593 2953 1645 καὶ
2984 1591 3284 1660 ἐρῤὐημεν
3317 1589 3399 1654 ὡς
3449 1589 3657 1657 φύλλα,
3684 1585 3779 1639 διὰ

2188 1687 2297 1751 τὰς
2347 1684 2598 1753 ἀνομίας
2649 1681 2836 1752 ἡμῶν,
2879 1681 3068 1746 οὕτως
3122 1678 3262 1752 [ἄλ.
3297 1677 3499 1749 ὅντως]
3554 1676 3779 1750 ἄνεμος

2189 1778 2344 1830 οἴσει
2378 1772 2557 1844 ἡμᾶς,
2606 1775 2703 1826 καὶ
2759 1775 2870 1826 οὐκ
2918 1773 3089 1825 ἔστιν
3137 1772 3170 1824 ὁ
3205 1769 3684 1837 ἐπικαλούμενος
3715 1766 3779 1820 τὺ

2194 1867 2382 1937 ὄνομά
2429 1883 2569 1933 σου,
2617 1865 2715 1919 καὶ
2773 1867 2806 1918 ὀ
2853 1863 3150 1933 μνησθεὶς
3179 1859 3607 1916 ἀντιλαϐέσθαι
3637 1874 3779 1912 σου.

502 1965 690 2029 valde;
724 1973 774 2016 et
797 1965 931 2020 nein
955 1973 1186 2034 tempore
1216 1967 1515 2018 memineris
1535 1973 1866 2035 peccatorum
1889 1972 2092 2017 nostro-

2198 1962 2302 2017 Καὶ
2339 1960 2728 2027 ἀπέστρεψας
2784 1959 2851 2010 τὸ
2906 1957 3233 2024 πρόσωπόν
3269 1971 3386 2008 σου
3437 1954 3536 2021 ἀφ’
3582 1952 3777 2020 ἡμῶν,

500 2067 640 2111 rum.
684 2057 750 2110 Et
786 2064 925 2110 nunc
968 2059 1142 2128 aspice
1175 2057 1315 2127 quod
1349 2073 1444 2111 nos
1479 2065 1655 2110 omnes
1697 2054 1921 2126 populus
1965 2061 2085 2107 tuus

499 2156 680 2202 sumus
711 2164 728 2202 :
767 2151 949 2204 civitas
971 2150 1142 2204 sancti
1182 2150 1256 2202 tui
1284 2147 1411 2203 Sion
1437 2149 1642 2202 deserta
1668 2157 1742 2201 est
1771 2165 1788 2200 :
1825 2156 1880 2202 ut
1911 2147 2088 2199 deser-

2193 2051 2296 2108 καὶ
2337 2050 2688 2120 παρέδωκας
2734 2043 2910 2118 ἡμᾶς,
2950 2047 3047 2101 διὰ
3099 2047 3204 2112 τὰς
3251 2046 3540 2116 ἁμαρτίας
3588 2042 3778 2114 ἡμῶν.

2195 2148 2307 2203 Καὶ
2332 2147 2469 2211 νῦν,
2496 2146 2697 2214 Κύριε,
2724 2145 2925 2212 Πατὴρ
2952 2143 3119 2213 ἡμῶν
3151 2138 3209 2195 εἴ
3235 2142 3315 2194 σύ
3336 2159 3348 2170 °
3369 2138 3540 2209 ἡμεῖς
3575 2138 3645 2191 δὲ
3666 2153 3780 2204 πη-

505 2251 615 2295 tum
639 2241 781 2311 facta
818 2253 891 2296 est
925 2241 1246 2296 Jerusalem.
1283 2241 1347 2296 In
1389 2240 1815 2294 maledicti'onent
1841 2238 1983 2308 [aeta
2017 2243 2094 2290 est

2198 2241 2327 2306 λὸς,
2350 2241 2528 2310 ἔργον
2560 2237 2680 2291 τῶν
2709 2237 2925 2307 χειρῶν
2954 2251 3072 2289 σου
3095 2233 3338 2297 πάντες.
3373 2231 3470 2298 Μὴ
3495 2227 3781 2298 ὀργισθῇς

504 2346 688 2396 domus
711 2344 880 2397 sancti
905 2344 1091 2406 nostri,
1113 2359 1174 2396 ac
1193 2341 1389 2413 gloria,
1413 2342 1497 2395 cui
1512 2340 1890 2395 benedixerunt
1915 2353 2094 2410 patres

2198 2332 2354 2403 ἡμᾶς
2397 2324 2654 2401 σφόδρα,
2696 2330 2792 2384 καὶ
2823 2327 2910 2398 μὴ
2947 2329 3016 2380 ἐν
3058 2325 3240 2394 καιρῷ
3281 2321 3562 2393 μνησθῇς
3591 2322 3781 2391 ἁμαρ-

505 2437 696 2501 itostri,
727 2437 836 2506 igni
873 2450 1120 2487 succensa
1165 2442 1260 2499 est,
1302 2441 1592 2502 cunctaque
1629 2430 1831 2502 inclyta
1875 2445 2089 2484 corrue-

2198 2425 2334 2479 τιῶν
2355 2424 2541 2493 ἡμῶν.
2569 2423 2674 2477 Καὶ
2702 2421 2820 2475 νῦν
2845 2420 3180 2486 ἐπίϐλεψον
3203 2417 3292 2469 ὅτι
3317 2417 3466 2480 λαός
3488 2428 3604 2467 σου
3631 2412 3781 2465 mir-

504 2528 649 2579 ru‘nt.
802 2526 856 2578 in
894 2525 971 2578 his
1017 2524 1256 2577 omnibus
1296 2501 1612 2585 sustinuisti,
1643 2501 1886 2586 Domine,
1920 2528 1968 2572 et
2004 2526 2088 2572 ta-

2198 2532 2290 2583 τες
2315 2513 2516 2584 ἡμεῖς’
2565 2511 2746 2574 πόλις
2774 2509 2880 2564 τοῦ
2910 2509 3084 2576 ἁγίου
3120 2521 3238 2559 σου
3281 2504 3532 2575 ἐγενήθη
3557 2501 3782 2569 ἔρημος

504 2620 677 2684 cuisti,
705 2635 899 2689 nosque
923 2617 1078 2672 valde
1111 2616 1406 2671 humiliasti
1441 2616 1505 2670 “.

2198 2606 2341 2664 Σιών
2361 2622 2375 2638 ο
2407 2605 2488 2670 ὡς
2513 2603 2732 2672 ἕρημος
2755 2595 3009 2670 ἐγενήθη
3048 2591 3460 2665 Ἰερουσαλήμ.
3488 2594 3592 2658 Εἰς
3634 2606 3778 2644 κατ-

507 2682 671 2781 άραν
713 2715 746 2766 d
792 2682 955 2776 οἶκος
995 2708 1103 2762 τοῦ
1151 2709 1322 2777 ἁγίου
1366 2707 1556 2776 ἡμῶν,
1597 2707 1693 2759 καὶ
1738 2707 1776 2774 ἡ
1835 2702 1986 2769 δόξα
2049 2701 2130 2770 ἣν
2201 2699 2562 2768 ηὐλόγησιιν
2626 2691 2975 2762 οὶπατέρες
3034 2688 3222 2758 ἡμῶν,
3277 2682 3538 2766 ,ἐγενήθη
3613 2683 3783 2752 πυρί-

404 2858 407 2859 ,
508 2820 794 2871 καυστος,
829 2807 927 2859 καὶ
983 2805 1179 2859 πάντα
1227 2805 1297 2856 τὰ
1345 2797 1566 2868 ἔνδοξα
1603 2802 1930 2856 συνέπεσε.
1979 2797 2089 2853 Καὶ
2135 2794 2234 2849 ἐπὶ.
2260 2793 2413 2850 πᾶσι
2435 2793 2667 2856 τούτοις
2704 2787 2997 2856 ἠνέσχου,
3036 2784 3231 2852 Κύριε,
3271 2781 3370 2837 καὶ
3400 2779 3782 2851 ἐσιώπησας,

508 2903 604 2957 ua’l
631 2902 1039 2966 ἐταπείνωσας
1067 2901 1223 2970 ἡμᾶς
1252 2900 1359 2966 ἕως
1396 2901 1652 2969 σφόδρα.

579 2997 666 3052 59.
689 2998 813 3052 llaec
829 2996 1052 3066 quidem
1079 2996 1133 3049 in
1160 2995 1332 3066 ﬁgura
1380 2995 1554 3048 veteri
1592 2994 2089 3062 populoevenere;

510 3105 661 3145 nunc
700 3098 882 3143 autem
916 3089 968 3142 in
1006 3088 1170 3143 nobis
1203 3103 1335 3142 vere
1375 3086 1600 3155 impleta
1630 3094 1780 3150 sunt,
1810 3085 2096 3153 vieiuisque

513 3184 706 3238 nostris
728 3181 1070 3236 dmmonibus
1093 3179 1436 3251 approbrium
1468 3179 1596 3248 facti
1633 3194 1843 3243 sumus;
1876 3176 2098 3230 subsan-

2269 2978 2368 3032 λθ’.
2414 2975 2617 3044 Συνέϐη
2673 2974 2771 3044 μὲν
2797 2972 2970 3025 ταῦτα
3015 2967 3260 3032 τυπικῶς
3298 2967 3376 3038 τῷ
3425 2965 3648 3037 παλαιῷ
3691 2983 3783 3019 σου

2196 3074 2334 3141 λαῷ,
2365 3069 2458 3122 νῦν
2511 3069 2565 3120 δὲ
2611 3068 2690 3129 εἰς
2740 3065 2887 3136 ἡμᾶς
2963 3061 3231 3134 ἀληθινῶς
3276 3058 3387 3131 [αι.
3423 3059 3499 3122 ὡς
3543 3057 3782 3129 ἀληθῶς.

2200 3163 2284 3218 Sic
2331 3171 2377 3215 et
2403 3157 2534 3230 Fr.]
2575 3157 2962 3228 πεπλήρωται’
3020 3153 3119 3208 καὶ
3156 3150 3528 3222 ἐγενήθημεν
3551 3149 3785 3215 ὄνειδος

511 3276 659 3330 natio
685 3282 733 3325 et
763 3270 940 3324 illusio
977 3273 1055 3326 his
1114 3273 1204 3343 qui
1224 3280 1346 3325 sunt
1372 3272 1426 3324 in
1444 3271 1665 3324 circuitu
1687 3279 1865 3323 nostro
1902 3270 1967 3322 ⁸⁵.
1995 3267 2098 3322 Ve-

2202 3255 2326 3320 τοῖς
2384 3252 2652 3322 γείτοσιν
2709 3246 2878 3317 ἡμῶν
2933 3245 3198 3314 δαίμοσι,
3252 3240 3654 3312 μυκτιρισμὸς
3688 3238 3785 3293 καὶ

511 3383 637 3422 rum
673 3367 855 3437 aSpiee
884 3366 951 3419 de
990 3365 1152 3428 coelo,
1182 3373 1238 3419 et
1271 3363 1420 3426 vide,
1457 3372 1512 3416 et
1548 3363 1694 3416 salva
1729 3377 1832 3415 nos
1870 3368 2096 3430 propter

455 3533 462 3536 _
512 3476 716 3516 nomen
749 3468 996 3513 sanctum
1027 3468 1210 3521 tuum;
1241 3464 1508 3525 notasque
1541 3455 1624 3508 fac
1652 3454 1810 3508 nobis
1834 3452 2095 3507 adversa-

511 3555 724 3608 riorum
751 3559 1065 3604 nostrorum
1097 3547 1408 3613 fraudes,et
1436 3548 1502 3601 ab
1526 3561 1718 3601 eorum
1751 3558 1853 3598 nos
1881 3542 2098 3598 insidiis

511 3645 732 3700 libera:
771 3659 873 3698 nec
915 3659 944 3696 a
981 3641 1139 3695 nobis
1178 3641 1444 3695 auxilium
1487 3647 1642 3692 tuum
1683 3636 1919 3700 auferas,
1969 3635 2097 3706 quia

514 3753 623 3793 non
670 3737 803 3792 satis
847 3733 1031 3789 idonei
1069 3748 1260 3788 sumus
1293 3739 1353 3786 ut
1391 3729 1621 3786 adversa
1653 3729 1941 3784 vincamus
1982 3744 1995 3780 :
2041 3733 2098 3779 tu

515 3829 701 3885 autem
741 3837 938 3899 potens
963 3843 1044 3892 es,
1078 3835 1138 3880 ut
1173 3825 1241 3879 ab
1271 3823 1528 3878 omnibus
1561 3820 1894 3876 adversariis
1921 3820 2100 3873 salvos

513 3927 744 3994 praestes
787 3937 850 3976 ac
891 3919 1216 3975 incolumes.
1251 3916 1444 3971 Salvos
1480 3929 1581 3969 nos
1617 3913 1720 3974 fac,
1753 3912 2006 3976 Domine,
2033 3927 2101 3964 ex

514 4016 706 4072 mundi
753 4015 920 4087 lmjus
955 4011 1224 4068 molestiis
1268 4027 1331 4065 ac
1377 4008 1660 4080 periculis,
1696 4014 1922 4076 prepler
1953 4011 2100 4058 s’um-

516 4123 662 4163 mam
693 4107 996 4163 bonitatem
1021 4115 1191 4170 tuam,
1224 4112 1284 4158 ut
1306 4117 1443 4172 pura
1469 4098 1808 4156 conscientia
1841 4103 2101 4166 superato

517 4197 701 4254 szeculi
731 4215 975 4269 aequore,
1015 4197 1134 4251 sine
1169 4195 1401 4250 crimine
1436 4209 1500 4247 ac
1524 4192 1666 4246 labis
1698 4189 1821 4261 puri
1859 4195 2101 4243 astantes

506 4287 935 4348 'tiemeudotuo
974 4289 1256 4354 tribunali,
1285 4296 1503 4343 αξιοι-[ιω
1541 4285 1665 4340 vita:
1697 4282 1920 4353 praemia
1967 4295 2102 4336 con-

520 4385 675 4455 sequi
705 4399 1035 4439 mercamur.

593 4557 680 4612 40.
708 4557 803 4611 His
829 4554 1087 4611 omnibus
1112 4555 1276 4610 frater
1307 4553 1531 4616 auditis,
1563 4567 1626 4606 ac
1654 4551 1814 4605 valde
1841 4564 2101 4617 compun-

523 4654 668 4706 ctus,
701 4645 956 4717 lacrymis
985 4644 1237 4700 diﬂluens
1254 4643 1418 4715 389
1434 4643 1510 4697 ait
1535 4643 1683 4697 seni:
1708 4642 1896 4704 Plane,
1915 4640 2095 4703 Pater,
2133 4622 2174 4674 ί)

523 4745 587 4789 ut
616 4733 800 4798 video,
825 4733 976 4787 nulla
1007 4733 1140 4787 mihi
1165 4749 1289 4802 spes
1321 4731 1512 4786 salutis
1538 4730 1872 4784 residuaest.
1896 4727 2109 4796 Quippe

523 4826 833 4897 iniquitates
872 4841 999 4879 mea:
1034 4839 1388 4896 supergressa:
1420 4829 1543 4876 sunt
1596 4829 1755 4890 caput
1808 4835 1981 4872 meum
2011 4819 2055 4851 ’⁸
2094 4837 2106 4871 :

525 4917 758 4974 Obsecro
792 4925 975 4972 tamen
1001 4924 1063 4970 ut
1092 4916 1267 4979 dicas,
1296 4913 1428 4983 quid
1455 4910 1730 4983 agendum
1767 4918 1949 4980 putes.
1996 4909 2107 4964 Re-

525 4999 753 5078 spondit
785 5023 985 5063 senex:
1018 5007 1225 5061 Salutis
1248 5001 1650 5073 consequendi}:
1696 5001 1887 5064 moles,
1947 5015 2113 5070 supra

526 5101 798 5155 humanas
821 5097 1046 5169 quidem
1077 5097 1224 5151 vires
1250 5103 1335 5150 est
1365 5111 1377 5146 :
1411 5093 1553 5164 apud
1577 5093 1746 5146 Deum
1782 5099 1966 5146 autem
1996 5105 2111 5144 om-

526 5193 617 5245 nia
645 5191 930 5261 possibilia
958 5194 1108 5254 sunt,
1147 5187 1226 5242 uti
1256 5183 1526 5242 Dominus
1551 5186 1666 5255 ipse
1687 5184 1906 5237 locutus
1936 5192 2020 5237 est
2041 5184 2107 5234 ’τε

525 5283 960 5354 Prteoccnpemns
989 5296 1121 5351 ergo
1158 5279 1346 5350 {aciem
1370 5279 1482 5348 ejus
1514 5278 1568 5330 in
1589 5274 1948 5345 confessione;
1983 5273 2112 5326 οιίο-

527 5392 703 5430 remus
728 5384 776 5428 et
805 5373 1139 5444 procidamus
1163 5387 1224 5424 ac
1245 5369 1508 5438 ploremus
1539 5382 1720 5419 coram
1767 5363 1992 5418 Domino
2026 5364 2117 5433 qui

532 5470 781 5537 fecitnos,
813 5469 939 5538 quia
966 5466 1074 5536 ipse
1103 5472 1178 5516 est
1200 5462 1339 5515 Deus
1370 5469 1546 5513 noster
1579 5460 1623 5489 ⁸⁸
1653 5476 1665 5511 :
1713 5456 2111 5525 audiamusque

530 5573 656 5613 eum
685 5561 784 5627 per
814 5558 1004 5612 Isaiam
1030 5555 1301 5610 dicentem
1332 5571 1343 5606 :
1372 5553 1503 5607 Cum
1524 5566 1758 5605 reversus
1773 5549 2109 5620 ingemueris,

531 5649 708 5703 salvus
741 5651 838 5702 eris
865 5651 928 5700 '9.
961 5647 1027 5702 Et
1049 5651 1250 5702 iterum
1280 5664 1291 5698 :
1327 5643 1579 5714 Nunquid
1610 5659 1711 5696 non
1749 5641 1886 5695 valet
1925 5657 2110 5694 manus

606 5831 651 5862 ’³
675 5827 885 5884 Nahum
915 5845 950 5890 ι,
987 5829 1052 5891 5;
1091 5828 1196 5881 lsa.
1233 5842 1371 5888 Lxlv,
1409 5826 1512 5879 1-5.

539 5916 646 5968 xxx,
680 5899 769 5956 ‘26.
845 5899 889 5930 "‘
925 5891 1064 5952 Psal.
1097 5913 1345 5958 Lxxxxw,
1379 5897 1431 5950 2.
1509 5893 1552 5925 ²⁹
1581 5894 1685 5948 lsa.
1720 5909 1844 5951 xxx,
1883 5891 1963 5947 l5.

2202 3343 2547 3416 χλευασμὸς
2577 3339 2702 3406 τοῖς
2741 3339 2944 3404 κύκλῳ
2983 3334 3171 3405 ἡμῶν.
3217 3332 3358 3386 Ἀλλ’
3388 3331 3687 3400 ὲπίὸλεψον
3728 3329 3785 3395 ἐξ

2201 3433 2455 3507 οὐρανοῦ,
2486 3431 2580 3484 καὶ
2603 3429 2712 3494 εἶδε,
2746 3427 2840 3480 καὶ
2870 3427 3045 3479 σῶσον
3083 3425 3231 3495 ἡμᾶς
3263 3421 3350 3475 διὰ
3379 3422 3440 3473 τὸ
3483 3421 3664 3490 suone
3694 3436 3784 3472 σου

2199 3528 2260 3580 τὸ
2311 3527 2494 3594 ἅγιονο
2551 3522 2644 3575 καὶ
2694 3519 2961 3589 γνώρισον
3013 3519 3146 3586 ἡμῖν
3184 3514 3284 3577 τὰς
3330 3511 3617 3583 μεθοδείας
3676 3510 3783 3563 τῶν

2203 3617 2538 3674 ὑπεναντίων
2561 3615 2748 3686 ἡμῶνο
2789 3612 2883 3666 καὶ
2917 3610 3078 3680 ῥῦσαι
3107 3608 3254 3679 ἡμᾶς
3289 3607 3354 3659 ὲκ
3396 3604 3505 3657 τῶν
3540 3620 3784 3676 μηχανη-

2204 3713 2391 3781 μάτων
2427 3705 2628 3769 αὑτῶν,
2663 3704 2759 3759 καὶ
2785 3703 2859 3775 μὴ
2888 3700 3205 3772 ἀποστήσῃς
3237 3698 3329 3767 ἀφ’
3371 3694 3527 3767 ἡμῶν
3559 3694 3659 3766 τὴν
3691 3691 3784 3763 σὴν

2204 3801 2478 3872 βοήθειαν,
2511 3799 2592 3852 ὃτι
2615 3799 2777 3868 ἡμεῖς
2819 3795 2918 3864 οὐχ
2959 3791 3132 3847 ἱκανοί
3163 3795 3331 3862 ἐσμεν
3369 3789 3505 3859 πρὸς
3534 3787 3597 3839 τὸ
3635 3786 3785 3857 νικᾷν

2201 3893 2270 3945 τὰ
2300 3891 2721 3945 ἀντιπίπτοντα·
2752 3888 2815 3940 σὺ
2850 3886 2905 3938 δὲ
2935 3882 3159 3944 δυνατὸς
3190 3877 3240 3934 εἶ
3284 3881 3364 3942 εἰς
3393 3878 3453 3931 τὸ
3491 3876 3688 3942 σώζειν
3725 3876 3785 3927 ὲκ

2203 3985 2418 4038 πάντων
2453 3981 2560 4034 τῶν
2588 3978 2867 4034 ἐναντίων.
2925 3976 3106 4030 Σῶσον
3149 3975 3315 4044 ἡμᾶς,
3347 3970 3541 4041 Κύριε,
3586 3971 3650 4021 ὲκ
3680 3967 3784 4020 τῶν

2203 4072 2478 4144 δυσχερῶν
2515 4067 2607 4124 τοῦ
2651 4068 2859 4137 κόσμου
2889 4066 3104 4126 τούτου,
3135 4064 3278 4118 κατὰ
3307 4061 3403 4133 τὴν
3443 4058 3787 4132 χρηστότητά

2205 4184 2321 4228 σου,
2357 4166 2445 4218 ἵνα
2477 4165 2536 4216 ὲν
2579 4161 2798 4231 καθαρᾷ
2832 4157 3133 4228 συνειδήσει
3165 4157 3226 4209 τὸ
3271 4154 3507 4222 πέλαγος
3537 4151 3633 4205 τοῦ
3673 4150 3785 4222 βίου

2203 4257 2650 4328 διαπεράσαντες,
2688 4253 2970 4323 ἄμεμπτοι
3020 4251 3114 4303 καὶ
3148 4231 3399 4318 ἀνάρσιοι
3439 4243 3518 4315 τῷ
3574 4241 3786 4314 φοϐερῷ

2208 4352 2414 4424 βήματι
2465 4367 2557 4404 σου
2613 4349 3018 4420 παραστάντες,
3069 4340 3393 4413 ἀξιωοῶμεν
3436 4340 3536 4410 τῆς
3570 4337 3784 4394 αἰωνίου

2207 4448 2377 4516 ζωῆς.

2282 4539 2355 4608 μ’.
2385 4537 2572 4592 Ταῦτα
2611 4535 2787 4589 πάντα
2818 4529 3055 4593 ἀκούσας
3083 4529 3111 4582 ὁ
3143 4526 3415 4596 Ἀδελφδς,
3445 4523 3538 4577 καὶ
3587 4519 3785 4592 σφόδρα

2206 4631 2550 4697 κατανυγεὶς,
2582 4627 2718 4696 μετὰ
2750 4622 2998 4696 δακρύων
3039 4617 3160 4674 εἷπε
3207 4619 3285 4689 τῷ
3313 4619 3552 4688 γέροντι,
3583 4611 3658 4677 ὡς
3707 4611 3786 4677 Ἐξ

2207 4717 2282 4777 ὧν
2325 4721 2535 4792 θεωρῶ,
2572 4721 2777 4788 Πάτερ,
2808 4717 2906 4786 οὐχ
2941 4711 3325 4768 ὑπολέλειπται
3375 4725 3464 4780 μοι
3496 4708 3654 4769 ὲὶπὶς
3685 4722 3784 4757 σω-

2207 4815 2423 4886 τηρίας.
2448 4815 2512 4867 Ai
2539 4813 2648 4882 γὰρ
2678 4811 2915 4879 ἀνομίαι
2949 4824 3068 4877 μου
3108 4802 3417 4873 ὐπερῆραν
3451 4799 3568 4867 τὴν
3614 4815 3787 4865 κερα-

2210 4906 2330 4972 λήν
2369 4922 2488 4974 μου
2514 4920 2526 4934 ·
2587 4901 2724 4956 ἀλλὰ
2773 4897 3076 4970 παρακαλῶ
3137 4898 3310 4951 εἰπεῖν
3342 4909 3432 4964 μοι
3480 4891 3534 4943 τί
3563 4888 3789 4957 ὤθει).ον

2212 4997 2458 5066 ποιῆσαι.
2494 4995 2601 5048 Καὶ
2637 4993 2665 5045 ὁ
2690 4991 2874 5060 Γέρων
2895 4986 3213 5059 ἀποκριθεὶς
3241 4980 3360 5036 εἷπε
3383 5000 3397 5014 ·
3430 4982 3503 5035 Τὸ
3527 4979 3786 5045 σωθῆναι,

2208 5089 2361 5161 παρὰ
2395 5088 2492 5158 μὲν
2523 5082 2834 5156 ἀνθρώποις
2892 5080 3185 5134 ἀδύνατον·
3247 5074 3396 5146 παρὰ
3440 5073 3496 5126 δὲ
3543 5071 3622 5140 τῷ
3652 5067 3787 5136 Θεῷ,

2209 5157 2643 5238 πάνταῗδυνατὰ,
2677 5176 2751 5239 ὡς
2780 5174 2943 5236 αὐτὸς
2992 5170 3094 5240 ἔφη
3143 5171 3170 5222 ὀ
3225 5167 3468 5236 Κύριος·
3525 5157 3790 5231 Προφθά-

2204 5278 2412 5342 ’σωμεν
2443 5265 2556 5325 οὖν
2590 5269 2656 5322 τὸ
2672 5267 3000 5335 πρόσωπον
3018 5260 3204 5315 αὑτοῦ
3221 5258 3290 5312 ἐν
3318 5252 3750 5325 ἐξομολογήσει
3771 5288 3785 5311 ,

2214 5341 2736 5432 προσκυνήσωμεν
2767 5355 2861 5408 καὶ
2906 5349 3366 5421 προσπέσωμεν,
3401 5343 3499 5398 καὶ
3523 5341 3789 5396 κλαύσω·

2212 5427 2326 5526 μεν
2347 5427 2624 5507 ἐναντίον
2665 5446 2887 5516 Κυρίου
2924 5441 3033 5497 τοῦ
3073 5439 3441 5506 ποιήσαντος
3484 5427 3790 5526 ἠμᾶςηὸτι

2217 5514 2401 5611 αὐτός
2451 5544 2623 5596 ἐστιν
2652 5543 2685 5594 ό
2739 5514 2883 5602 Θεὸς
2916 5533 3114 5604 ἡμῶν·
3161 5530 3253 5584 καὶ
3301 5527 3588 5596 ἀκούωμεν
3631 5514 3788 5574 αὑτοῦ

2217 5638 2469 5707 λέγοντος
2501 5635 2588 5689 διὰ
2632 5634 2729 5703 τῆς
2771 5629 2988 5683 Ἡσαΐου
3043 5623 3227 5695 φωνῆς
3253 5662 3267 5686 ,
3298 5621 3378 5674 ὅτι
3424 5619 3605 5672 Ὅταν
3645 5612 3788 5668 ἀπο-

1615 5827 1658 5854 ²⁵
1693 5824 1794 5877 lsa.
1829 5839 1967 5878 Lxlv.
2008 5822 2059 5885 6,
2093 5820 2158 5874 l9.
2253 5820 2297 5852 ²⁵
2327 5818 2468 5874 Psal.
2498 5831 2716 5880 Lxxvm,
2755 5815 2806 5868 .l.
2883 5811 2930 5844 ³⁸
2965 5808 3104 5864 Psal.
3143 5819 3346 5866 xxxvn,
3383 5801 3435 5857 5.
3514 5797 3555 5826 ’⁷
3590 5789 3779 5847 Matth.
