4140 6322
421 434 530 507 919

1687 434 1922 497 LIBER
1959 430 2389 495 ASCETICUS.

3571 432 3683 497 950

420 549 697 622 πωφῇς
727 549 825 605 καὶ
858 549 1184 620 στενάξῃς,
1229 550 1362 605 τότε
1413 548 1685 621 σωθήσῃ.
1737 550 1850 605 Καὶ
1890 548 1993 603 πά-

2102 546 2309 602 Domini
2334 555 2391 601 ut
2421 547 2596 603 salvos
2616 546 2825 619 faciat?
2859 555 2952 604 aut
2990 556 3233 621 gravavit
3286 566 3469 605 aure».
3528 564 3681 603 suam

419 646 536 700 λιψ
572 645 673 712 Μὴ
714 646 829 698 οὐκ
885 645 1081 712 ἰσχύει
1129 645 1167 711 ἡ
1207 643 1341 712 χεὶρ
1363 644 1581 712 Κυρίου
1614 642 1722 698 τοῦ
1764 644 1959 697 σῶσαι
1973 660 1993 709 ;

422 733 731 802 ἣέϐάρυνε
768 731 833 786 τό
863 727 973 799 οὖς
987 733 1175 789 αὐτοῦ
1222 732 1330 787 τοῦ
1355 731 1443 802 μὴ
1470 734 1950 787 είσακούσασθαι
1974 747 1994 796 ;

436 827 621 881 Ἀλλὰ
645 825 721 879 τὰ
745 825 1137 894 ἁμαρτήματα
1162 821 1332 894 ἡμῶν
1357 822 1669 877 διιστῶσιν
1687 821 1997 892 ἀναμέσων

423 917 594 986 ἡμῶν
624 917 721 970 καὶ
749 915 858 971 τοῦ
888 915 1037 970 Θεοῦ
1056 931 1070 946 ο
1103 915 1202 970 καὶ
1227 914 1327 968 διὰ
1353 914 1461 980 τὰς
1489 913 1779 983 ἁμαρτίας
1798 912 1989 981 ἡμῶν,

423 993 770 1070 ἀπέστρεψε
795 1002 862 1055 τὸ
890 1001 1216 1070 πρόσωπον
1239 1001 1446 1066 αὐτοῦ,
1482 1000 1589 1055 τοῦ
1612 999 1698 1069 μὴ
1720 1000 1992 1069 ἐλεῆσαι.

424 1093 521 1151 Διὸ
544 1093 726 1162 λέγει’
756 1094 1095 1156 Λούσασθε,
1140 1093 1390 1161 καθαροὶ
1430 1091 1698 1160 γίνεσθε’
1744 1089 1998 1159 ἀφέλετε

425 1190 534 1253 τὰς
554 1186 847 1255 πονηρίας
860 1184 980 1240 ἀπὸ
998 1183 1121 1238 τῶν
1141 1182 1360 1253 ψυχῶν
1370 1181 1536 1251 ὑμῶν
1562 1181 1854 1243 ἀπέναντι
1880 1180 1999 1235 τῶν

426 1276 751 1347 ὀφθαλμῶν
788 1292 908 1347 μου
926 1291 940 1307 ⁸
976 1275 1298 1335 παύσασθε
1329 1274 1450 1328 τῶν
1471 1271 1773 1342 πονηριῶν
1791 1272 1959 1343 ὑμῶν
1979 1288 1995 1304 ·

424 1367 640 1439 μάθετε
718 1365 912 1421 καλὸν
977 1365 1173 1421 ποιεῖν
1197 1405 1215 1429 ,
1299 1364 1665 1433 summam-8
1750 1363 1954 1432 κρίσιν
1978 1401 1995 1428 ,

424 1459 651 1528 ρύσατε
715 1457 1129 1527 ἀδικούμενον,
1198 1455 1436 1525 κρίνατε
1489 1453 1728 1524 ὀρφανῷ
1778 1452 1879 1507 καὶ
1913 1452 2001 1506 διο

427 1549 720 1604 καιώσατε
750 1547 965 1617 χήραν,
1021 1547 1121 1602 καὶ
1179 1545 1371 1611 δεῦτε,
1423 1544 1526 1599 καὶ
1564 1543 1997 1614 διαλεχθῶμεν,

373 1679 377 1684 ε
425 1639 589 1710 λέγει
617 1639 834 1708 Κύριος
855 1653 871 1668 ·
897 1639 996 1692 καὶ
1021 1639 1131 1692 ἐὰν
1142 1631 1297 1691 ὦσιν
1324 1640 1386 1691 ut
1413 1636 1693 1706 ἁμαρτίαι
1718 1634 1878 1704 ὑμῶν
1920 1637 2000 1702 ὡς

427 1730 763 1803 φοινικοῦν,
821 1730 902 1797 ὡς
949 1730 1126 1799 χιόνα
1155 1726 1434 1783 λευκανῶ
1452 1744 1465 1758 ·
1507 1727 1617 1782 ἐὰν
1644 1726 1712 1781 δὲ
1741 1722 1895 1782 ὦσιν
1920 1727 2001 1794 ὡς

428 1827 736 1896 κόκκινον,
775 1821 917 1876 ὡσεὶ
937 1821 1103 1889 ἔριον
1123 1819 1418 1877 λευκανῶ.
1452 1819 1586 1885 Καὶ,
1631 1820 1765 1874 Ἐὰν
1788 1820 2002 1887 θέλητε

430 1914 531 1970 καὶ
549 1911 949 1980 είσακούσητέ
972 1929 1114 1981 μου,
1140 1912 1214 1965 τὰ
1236 1911 1429 1980 ἀγαθὰ
1447 1909 1557 1979 τῆς
1585 1910 1696 1980 γῆς
1715 1910 1998 1980 parcatis.

436 2004 509 2060 τὸ
546 2005 654 2075 γὰρ
679 2005 874 2072 στόμα
906 2002 1130 2072 Κυρίου
1150 2000 1420 2069 ἐλάλησε
1448 2001 1657 2055 ταῦτα.
1701 2002 1808 2053 Καὶ
1838 1999 2001 2054 πάλιν

428 2095 516 2150 διὰ
561 2094 732 2165 Ἰωήλ·
783 2091 1218 2161 Ἐπιστράφητε
1259 2093 1407 2161 πρός
1434 2079 1438 2084 ’
1453 2107 1530 2161 με
1578 2090 1648 2156 ἐξ
1686 2092 1841 2158 ὅλης
1891 2089 2003 2159 τῆς

429 2185 673 2253 καρδίας
706 2183 904 2253 ὑμῶν’
954 2183 1025 2237 ἐν
1058 2182 1312 2252 νηστείᾳ
1350 2183 1447 2236 καὶ
1484 2182 1554 2237 ἐν
1587 2180 1871 2251 κλαυθμῷ
1903 2179 2002 2234 καὶ

429 2273 658 2340 κοπετῷ
681 2290 694 2304 ·
734 2274 1092 2344 διαῤῥήξατε
1128 2275 1236 2340 τὰς
1275 2272 1524 2343 καρδίας
1559 2271 1746 2341 ὑμῶν,
1789 2272 1887 2325 καὶ
1929 2272 2001 2326 οὐ

429 2364 502 2420 τὰ
545 2363 743 2433 ἱμάτια
792 2363 979 2435 ὑμῶν.
1037 2364 1342 2433 Ἐλεήμων
1390 2364 1502 2432 γὰρ
1546 2362 1646 2416 καὶ
1686 2361 2003 2430 οἰκτίρμων

428 2457 560 2513 ἐστὶ
598 2456 833 2525 Κύριος,
859 2457 958 2512 καὶ
975 2455 1283 2527 μετανοῶν
1307 2454 1405 2508 ἐπὶ
1426 2453 1556 2520 ταῖς
1575 2455 1830 2518 κακίαις.
1858 2453 2003 2522 Πρὸς

443 2547 702 2618 Ἱεζεκιὴλ
716 2548 795 2612 δὲ,
825 2547 920 2603 Υίέ
937 2547 1276 2617 ἀνθρώπου,
1294 2541 1467 2600 εἷπον
1481 2544 1561 2611 τῷ
1576 2546 1721 2611 οἴκῳ
1733 2543 1999 2612 Ἰσραὴλ,

433 2638 632 2705 οὕτως
658 2639 1022 2709 ἐλαλήσατε,
1068 2639 1374 2708 λέγοντες,
1422 2639 1492 2692 Ai
1543 2636 1769 2690 πλάναι
1810 2634 2000 2704 ἡμῶν,

432 2729 532 2783 καὶ
558 2733 619 2784 αι
640 2730 876 2800 ἀνομίαι
897 2731 1066 2799 ἡμῶν
1082 2729 1175 2799 ἐφ’
1194 2728 1364 2798 ἡμῶν
1390 2729 1521 2782 ἐστι
1540 2745 1554 2759 ·
1586 2727 1686 2782 καὶ
1705 2728 1777 2781 ἐν
1793 2726 2002 2793 αὐταῖς

431 2821 726 2889 τηκόμεθα
748 2836 763 2851 ·
793 2820 893 2874 καὶ
920 2820 1046 2887 πῶς
1077 2818 1405 2890 ζησόμεθα;
1433 2815 1623 2874 Εἶπον
1656 2818 1882 2884 αὐτοῖς,
1910 2817 2003 2871 Ζῶ

431 2911 564 2980 ἐγὼ,
591 2912 755 2982 λέγει
784 2912 1021 2981 Κύριος,
1041 2914 1124 2967 Οὐ
1143 2913 1443 2981 ,βούλομαι
1469 2911 1580 2965 τὸν
1610 2910 1872 2965 θάνατον
1895 2910 2000 2965 τοῦ

430 3003 711 3076 ἀσεϐοῦς,
745 3002 903 3057 ὥστε
943 3003 1302 3071 ἐπιστρέψαι
1322 3002 1509 3057 αὑτὸν
1555 3001 1675 3056 ἀπὸ
1724 3001 1835 3071 τῆς
1856 3000 2001 3056 όδοῦ

429 3094 638 3157 αὑτοῦ,
663 3094 760 3149 καὶ
800 3093 908 3163 ζῇν
933 3096 1149 3149 αὐτόν’
1192 3093 1550 3163 ἀποστροφῇ
1576 3078 2002 3162 ἀποστρέψατε

2092 645 2153 691 ut
2181 656 2287 694 non
2321 640 2616 696 exaudiat?
2644 639 2748 696 Sed
2773 648 2988 710 peccata
3030 651 3215 696 nostra
3254 650 3508 713 separant
3543 643 3683 695 inter

2095 747 2191 785 nos
2220 738 2269 784 et
2294 731 2481 797 Deum,
2515 740 2563 786 et
2590 741 2802 806 propter
2829 741 3044 803 peccata
3079 736 3269 788 avertit
3304 734 3490 804 faciem
3526 749 3684 788 suam

2095 839 2129 875 a
2163 823 2332 886 nobis,
2360 832 2420 877 ut
2443 840 2547 878 non
2567 826 2897 879 ‘misereatur
2917 823 2982 877 ³⁰.
3025 824 3322 894 Propterea
3361 825 3439 878 ait
3463 842 3477 878 :
3505 824 3681 878 Lava-

2095 913 2247 981 mini,
2284 917 2467 970 mundi
2487 925 2648 970 estote
2669 931 2688 970 :
2719 916 2923 986 auferte
2947 916 3147 971 scelera
3181 916 3245 970 ab
3268 915 3549 970 animabus
3594 931 3681 968 ve-

2095 1009 2222 1064 stris
2257 1007 2320 1061 de
2356 1018 2634 1078 conspectu
2663 1008 2938 1062 oculorum
2965 1024 3200 1064 meorum
3216 1025 3245 1074 ς
3267 1015 3468 1061 cessate
3517 1023 3551 1060 a
3582 1023 3676 1059 ue-

2096 1097 2276 1168 quitiis
2299 1097 2482 1151 vestris
2507 1112 2525 1150 :
2550 1097 2727 1151 discite
2744 1097 2880 1151 bona
2906 1098 3097 1167 facere,
3123 1095 3381 1166 exquirite
3394 1094 3678 1166 judicium.

2100 1188 2320 1243 liberate
2359 1204 2695 1259 oppressum,
2706 1188 2946 1258 judicate
2975 1186 3205 1259 pupillos
3227 1194 3276 1240 et
3298 1184 3584 1254 iustiﬁcata
3609 1187 3682 1241 vi-

2097 1280 2282 1344 duam,
2305 1289 2356 1334 et
2386 1281 2575 1344 venite,
2629 1288 2679 1333 et
2711 1280 3057 1350 disputemus,
3113 1279 3239 1333 dicit
3264 1278 3521 1334 Dominus
3551 1294 3569 1332 :
3612 1277 3683 1332 Et

2096 1375 2143 1429 si
2168 1374 2364 1445 fuerint
2388 1381 2603 1443 peccata
2633 1383 2805 1427 vestra
2831 1373 2969 1427 sicut
3013 1374 3333 1444 phmnicium
3355 1413 3371 1436 ,
3422 1381 3682 1444 tanquam

2099 1466 2268 1520 nivem
2310 1465 2584 1529 dealbabo,
2636 1473 2686 1518 et
2733 1466 2781 1519 si
2839 1465 3049 1535 fuerint}
3086 1472 3344 1535 tanquam
3384 1465 3688 1528 coccinum,

2100 1557 2257 1628 quasi
2288 1556 2475 1610 lanam
2496 1554 2768 1610 dealbabo.
2804 1556 2894 1618 Et,
2926 1554 2984 1611 Si
3013 1555 3285 1609 volueritis
3309 1560 3359 1608 et
3410 1555 3685 1610 audieritis

2100 1666 2204 1715 me,
2233 1648 2369 1704 bona
2407 1656 2563 1704 terra:
2597 1649 2894 1703 comedetis.
2920 1646 2987 1704 0s
3024 1648 3161 1701 enim
3196 1646 3411 1719 Domini
3466 1648 3577 1701 huc
3608 1646 3686 1700 lo-

2100 1743 2279 1792 cutum
2314 1746 2388 1792 est
2417 1737 2484 1793 ³³.
2532 1738 2600 1792 Et
2623 1738 2823 1792 iterum
2858 1737 3029 1794 Joelis
3065 1721 3343 1806 praeconio
3379 1752 3392 1789 :
3452 1734 3682 1792 Conver-

2103 1829 2276 1882 timini
2307 1828 2377 1882 ad
2406 1845 2489 1882 me
2516 1830 2571 1882 in
2599 1837 2706 1882 toto
2729 1811 2883 1882 cdrde
2923 1837 3115 1892 vestro,
3147 1831 3203 1882 in
3223 1829 3435 1899 jejunio
3481 1835 3531 1880 et
3558 1829 3684 1898 ﬂetu

2103 1922 2154 1973 et
2186 1918 2403 1988 planctu
2434 1936 2452 1974 :
2480 1919 2701 1973 scindite
2723 1919 2883 1972 corda
2912 1927 3109 1983 vestra,
3136 1926 3184 1971 et
3222 1935 3327 1971 non
3376 1919 3685 1972 vestimenta

2100 2018 2306 2074 vestra;
2332 2011 2457 2078 quia
2489 2010 2780 2062 misericors
2807 2017 2856 2061 et
2876 2010 3160 2062 miscrator
3186 2007 3465 2074 Dominus,
3503 2016 3552 2061 et
3581 2024 3690 2078 pte—

2102 2101 2274 2154 nitens
2298 2116 2461 2171 super.
2487 2098 2704 2153 malitiis
2731 2099 2796 2153 ³¹.
2824 2099 2905 2153 Ad
2927 2098 3275 2154 Ezechielem
3307 2105 3493 2153 autem
3524 2115 3538 2151 :
3581 2095 3686 2151 Fili

2101 2191 2347 2271 hominis,
2380 2190 2462 2243 dic
2493 2190 2672 2244 domui
2698 2188 2892 2243 Israel:
2927 2187 3014 2243 Sic
3043 2188 3205 2243 locuti
3229 2190 3374 2253 estis,
3406 2172 3632 2242 dicentes
3660 2203 3677 2238 :

2105 2280 2326 2334 Errores
2352 2277 2521 2334 nostri
2551 2287 2599 2333 et
2625 2280 2929 2353 iniquitates
2952 2288 3145 2332 nostra:
3169 2294 3329 2348 super
3353 2293 3447 2331 nos
3465 2284 3609 2341 sunt,
3635 2285 3685 2328 et

2101 2370 2157 2422 in
2187 2368 2296 2423 illis
2317 2368 2759 2432 contabescimus;
2784 2375 2832 2421 et
2863 2366 3123 2438 qucenodo
3145 2365 3413 2420 vivemus?
3434 2365 3531 2419 Dic
3559 2365 3634 2418 eis
3664 2379 3684 2419 :

2105 2458 2227 2513 Vivo
2246 2475 2359 2528 ego,
2390 2458 2515 2511 dicit
2553 2454 2831 2523 Dominus,
2883 2456 3021 2511 Νοίο
3069 2464 3294 2510 mortem
3349 2456 3516 2526 impii,
3547 2455 3684 2509 sicut

2102 2558 2162 2602 ut
2195 2557 2532 2601 convertatur
2554 2564 2585 2607 α
2610 2549 2693 2601 via
2723 2563 2843 2609 sua,
2873 2554 2922 2599 et
2954 2547 3114 2600 vivat.
3152 2546 3440 2599 Aversione
3487 2546 3684 2597 averti-

2103 2639 2234 2691 mini
2258 2655 2291 2690 a
2319 2638 2405 2691 via
2431 2636 2712 2702 vestram?
2730 2636 2857 2706 quid
2878 2636 3198 2699 moriemini,
3218 2635 3402 2687 domus
3422 2632 3595 2686 Israel
3605 2632 3686 2685 ³³⁴ί

2103 2727 2328 2783 Tertius
2358 2735 2540 2782 autem
2567 2728 2885 2797 Regnorum
2914 2726 3078 2792 liber,
3099 2726 3461 2780 excellentem
3485 2722 3584 2777 Dei
3607 2723 3686 2776 le-

2101 2819 2330 2874 nitatem
2361 2806 2682 2883 ostendens,
2712 2817 2795 2873 sic
2818 2818 2918 2872 ait.
2952 2816 3090 2872 Cum
3125 2816 3372 2870 audisset
3429 2813 3682 2876 Achaab,

2102 2912 2159 2967 in
2210 2912 2464 2967 Nabuthe
2516 2925 2743 2966 versans
2803 2910 2996 2975 vinea,
3068 2908 3227 2979 cujus
3281 2906 3684 2977 possessionem

2100 3003 2335 3068 adierat,
2362 3018 2430 3058 eo
2454 3018 2620 3073 opera
2643 3002 2911 3058 Jezabelis
2932 3001 3013 3055 illi
3036 3001 3254 3056 sublato
3275 3008 3440 3068 atque
3466 3004 3683 3063 necato,

2101 3095 2237 3150 Elize
2270 3094 2463 3157 verba,
2522 3093 2800 3149 dicentis:
2832 3093 2959 3148 Haec
3009 3093 3138 3147 dicit
3194 3091 3457 3145 Dominus
3501 3088 3685 3142 Deus:

428 3185 546 3238 ἀπὸ
584 3183 696 3253 τῆς
747 3184 893 3239 ὁδοῦ
930 3182 1098 3254 ὐμῶν
1118 3199 1131 3214 υ
1166 3183 1265 3237 καὶ
1302 3184 1404 3239 ἵνα
1447 3185 1507 3238 τί
1554 3183 1997 3252 ἀποθνήσκετε,

2103 3186 2368 3253 Occidisti,
2398 3193 2449 3240 et
2471 3187 2745 3258 possedisti
2777 3193 2864 3239 :et
2896 3186 2950 3239 in
2984 3183 3117 3249 loco,
3170 3185 3226 3238 in
3258 3199 3362 3254 quo
3417 3181 3686 3235 tinxerunt

429 3269 593 3340 οἶκος
629 3273 910 3344 Ἰσραήλ.
975 3274 1041 3328 Ἦ
1085 3273 1145 3327 δὲ
1193 3274 1351 3346 τρίτη
1384 3273 1494 3328 τῶν
1540 3273 1858 3341 Βασιλειῶν,
1897 3273 1997 3343 τὴν

430 3363 733 3435 ὑπερϐολὴν
773 3365 875 3435 τῆς
915 3365 1010 3419 τοῦ
1065 3364 1203 3420 Θεοῦ
1253 3365 1620 3437 χρηστότητος
1667 3365 1996 3436 φανεροῦσα,

428 3452 572 3513 οὕτω
602 3454 768 3523 λέγει,
811 3456 898 3509 Ἐν
921 3456 1016 3526 ⁴τῷ
1053 3456 1281 3512 ἀκοῦσαι
1335 3456 1537 3528 Ἀχαὼό
1569 3457 1698 3512 ὄντα
1739 3457 1902 3512 αὐτὸν
1941 3459 2000 3512 ἐν

427 3544 506 3615 τῷ
533 3546 814 3617 ἀμπελῶνι
853 3547 947 3601 τοῦ
987 3548 1286 3612 Ναϐουθαὶ,
1337 3549 1397 3603 ὃν
1444 3549 1881 3620 ἐκληρονόμησεν
1942 3553 2001 3605 ὲν

428 3635 509 3704 τῷ
535 3637 855 3691 ἀποκτεῖναι
883 3639 1046 3692 αὐτὸν
1073 3639 1161 3694 διὰ
1206 3641 1307 3710 τῆς
1349 3640 1605 3706 ’Ῑεζάὸελ,
1644 3642 1770 3705 τοὺς
1810 3642 2002 3710 λόγους

439 3725 644 3791 Ἠλιοῦ,
672 3726 922 3796 λέγοντος
946 3745 962 3761 ·
995 3729 1139 3784 Τάδε
1168 3730 1329 3798 λέγει
1356 3732 1589 3797 Κύριος·
1607 3731 2001 3800 Ἐφόνευσας,

428 3816 526 3871 καὶ
543 3818 1060 3888 ἐκληρονόμησας·
1084 3820 1186 3875 καὶ
1202 3820 1273 3874 ἐν
1297 3819 1377 3884 τῷ
1397 3821 1577 3886 τόπῳ,
1596 3822 1669 3875 ἐν
1693 3816 1742 3889 ᾧ
1760 3822 2005 3888 ἐλειξαν

429 3909 484 3962 οἱ
515 3909 697 3976 κύνες
736 3909 803 3964 τὸ
847 3905 994 3979 αἷμα
1044 3910 1361 3975 Ναϐουθαὶ,
1409 3911 1541 3966 ἐκεῖ
1592 3913 1909 3976 λείεουσιν
1948 3917 2005 3969 οἱ

428 3996 610 4065 κύνες
637 4000 703 4053 τὸ
726 3994 874 4068 abut
903 4016 1021 4055 σου
1041 4017 1055 4035 υ
1077 4001 1177 4055 καὶ
1203 4001 1319 4067 τὴν
1349 4000 1599 4060 Ἰεζάϐελ
1622 4004 1802 4069 κύνες
1830 4019 2007 4058 κατα-

427 4087 717 4159 φάγονται
751 4090 822 4145 ἐν
849 4086 929 4158 τῷ
968 4092 1421 4161 προτειχίσματι
1451 4092 1559 4146 τοῦ
1613 4092 1883 4161 Ἰσραήλ.
1897 4092 2007 4147 Kal

427 4178 499 4232 ἐν
528 4179 625 4245 ,τῷ
676 4180 938 4242 ἀκοῦσαι
1001 4181 1224 4251 Ἀχαὰϐ
1260 4183 1406 4250 τοὺς
1461 4184 1686 4253 λόγους
1716 4185 2004 4251 τούτους,

427 4266 700 4337 διέρρηξε
720 4271 793 4325 τὰ
819 4270 1017 4340 ἱμάτια
1040 4271 1247 4337 αὑτοῦ,
1298 4274 1399 4329 καὶ
1424 4274 1593 4329 ἔθετο
1623 4273 1859 4329 σάκκον
1907 4274 2008 4329 ἐπι

431 4356 545 4425 τὴν
571 4359 769 4430 σάρκα
793 4362 999 4429 αὐτοῦ,
1031 4362 1127 4417 καὶ
1159 4363 1524 4431 ἐνήστευσε,
1572 4365 1674 4419 καὶ
1720 4365 2006 4435 ἐκοιμήθη

429 4449 500 4503 ἐν
544 4449 626 4515 τῷ
657 4451 886 4518 σάκκῳ.
928 4454 1041 4508 Καὶ
1083 4454 1322 4523 ἐγένετο
1365 4457 1546 4525 λόγος
1579 4456 1803 4523 Κυρίου
1856 4455 2009 4524 πρὸς

442 4543 669 4606 Ἠλιοῦ,
698 4544 894 4614 λέγων
916 4562 931 4577 ·
974 4545 1089 4602 Ἰδέ
1113 4546 1237 4618 (iul
1259 4547 1332 4603 al.
1358 4548 1511 4619 πῶς]
1532 4548 1826 4616 ἐνετράπη
1859 4548 2000 4620 [δὴ.
2034 4526 2081 4586 D

443 4632 727 4702 Ἑώρακας
760 4635 836 4698 ὡς
862 4635 1158 4705 κατενύγη.
1212 4632 1449 4700 Ιῗτλῐδες
1470 4635 1589 4707 ὅτι]
1635 4638 1858 4705 Ἀχαὰὸ
1881 4638 2001 4692 ἀπὸ

434 4722 756 4790 προσώπου
770 4742 910 4793 μου.
941 4728 1061 4781 Οὐκ
1080 4724 1281 4790 ἐπάξω
1295 4728 1511 4782 κακίαν
1529 4727 1598 4781 ἐν
1612 4726 1742 4791 ταῖς
1761 4728 2006 4797 ἡμέραις

430 4813 638 4871 αὐτοῦ.
679 4815 738 4868 ’0
765 4815 825 4870 δὲ
856 4817 1020 4872 dum
1058 4816 1191 4886 φησι
1214 4831 1231 4849 ⁸
1269 4818 1395 4886 Τὴν.
1410 4819 1670 4888 ἀνομίαν
1682 4837 1802 4887 μου
1831 4812 2007 4888 ἑτένώ-

425 4917 591 4971 ρισα,
624 4904 723 4958 καὶ
741 4905 858 4974 τὴν
883 4907 1178 4976 ἁμαρτίαν
1196 4927 1318 4978 μου
1341 4912 1453 4964 οὐκ
1490 4910 1788 4980 ἐκάλυψα.
1812 4909 2006 4978 ,EL-ra,

444 4993 857 5064 Ἐεαγόρευσα
927 4998 1056 5052 κατ’
1100 4997 1247 5067 ἐμοῦ
1304 4998 1422 5068 τὴν
1453 5000 1711 5069 ἀνομίαν
1750 5020 1870 5073 μου
1925 5004 2005 5071 τῷ

435 5086 647 5153 Κυρίῳ,
687 5086 784 5140 καὶ
806 5086 889 5141 σὺ
913 5087 1154 5157 ἀφῆκας
1176 5089 1290 5157 τὴν
1316 5088 1601 5145 ἀσέϐειαν
1622 5091 1734 5160 τῆς
1758 5093 2006 5162 καρδίας

2099 3295 2257 3333 canes
2282 3280 2597 3350 sanguinem
2626 3276 2907 3341 Nabuthae,
2952 3277 3023 3330 ibi
3070 3275 3271 3345 lingent
3299 3271 3464 3343 390
3519 3286 3686 3326 canes

2099 3372 2412 3442 sanguinem
2433 3378 2584 3424 tuum
2607 3386 2625 3424 :
2648 3377 2696 3422 et
2724 3384 2880 3422 canes
2893 3364 3191 3422 Iezabeiem
3217 3366 3486 3419 comedent
3511 3364 3565 3417 in
3589 3378 3687 3415 an-

2102 3459 2350 3516 temurali
2369 3447 2602 3515 Jezrael.
2628 3456 2965 3524 Audiensque
2994 3453 3206 3519 Achaab
3234 3467 3501 3508 sermones
3533 3451 3682 3511 istos,

2101 3552 2252 3607 scidit
2276 3551 2583 3606 vestimenta
2613 3565 2734 3613 sua,
2753 3554 2803 3601 et
2815 3546 3101 3619 jejunavit,
3134 3552 3183 3599 et
3207 3543 3421 3597 dormiit
3436 3542 3492 3596 in
3512 3556 3684 3595 sacco.

2108 3645 2180 3699 Et
2209 3645 2411 3714 factum
2449 3650 2526 3696 est
2551 3640 2767 3695 verbum
2826 3638 3044 3693 Domini
3085 3638 3155 3691 ad
3210 3636 3415 3701 Etiam,
3473 3634 3685 3688 dicens:

2107 3733 2291 3789 Vidisti
2313 3734 2452 3804 quod
2480 3732 2730 3802 confusus
2758 3740 2835 3785 est
2867 3729 3081 3785 Achaab
3123 3746 3157 3782 a
3197 3728 3332 3798 facie
3380 3725 3541 3781 mea?
3567 3724 3689 3779 Non

2103 3822 2359 3877 inducam
2387 3821 2591 3876 malum
2624 3819 2892 3885 indiebus
2919 3819 3033 3888 ejus
3063 3816 3131 3870 “.
3162 3814 3332 3869 David
3364 3823 3551 3869 autem
3585 3814 3689 3876 ait,

2104 3912 2450 3984 Iniquitatem
2482 3929 2655 3966 meam
2677 3912 2945 3981 cognitam
2978 3909 3094 3977 feci,
3120 3914 3170 3960 et
3200 3917 3471 3977 peccatum
3516 3921 3695 3958 meum

2108 4020 2213 4058 non
2246 4003 2516 4057 abscondi.
2538 4001 2694 4056 Dixi:
2728 3999 3027 4068 Con/itebor
3065 3998 3344 4052 adversum
3376 4012 3457 4050 me
3487 3995 3686 4065 iniqui—

2108 4104 2273 4149 tatem
2306 4095 2547 4158 Domino,
2575 4101 2625 4146 et
2652 4102 2708 4146 tu
2741 4092 2992 4145 remisisti
3012 4090 3337 4158 impietatem
3372 4086 3543 4140 cordis

2107 4187 2216 4242 Pro
2232 4188 2329 4241 hac
2344 4186 2515 4240 orabit
2549 4184 2618 4238 ad
2646 4192 2695 4237 te
2722 4184 2893 4237 omnis
2913 4189 3127 4236 sanctus
3152 4180 3207 4232 in
3238 4189 3470 4248 tempore
3492 4193 3689 4247 oppor-

2109 4285 2273 4341 tuno;
2305 4283 2355 4328 et
2380 4276 2442 4329 in
2465 4274 2664 4329 diluvio
2700 4289 2967 4344 aquarum
2991 4268 3281 4324 multarum
3315 4269 3383 4323 ad
3433 4284 3552 4321 euut
3584 4283 3695 4321 non

2111 4367 2563 4440 approximabunt
2598 4367 2664 4421 ³⁵.
2706 4367 2880 4421 Porro
2912 4363 3181 4419 Dominus
3241 4362 3295 4416 in
3346 4360 3689 4430 Evangelia:

2112 4459 2484 4514 Paenitentiam
2513 4459 2673 4528 agite,
2706 4457 2906 4526 inquit,
2932 4453 3375 4526 apprOpinquavit
3421 4452 3561 4505 enim
3601 4467 3687 4504 re-

2106 4568 2269 4623 gnum
2300 4549 2549 4605 caelorum
2569 4549 2634 4602 ³⁸.
2667 4547 2829 4614 Quin,
2848 4548 3013 4602 Petro
3038 4546 3432 4616 interrogante,
3475 4542 3688 4608 Quoties

2106 4643 2162 4695 in
2185 4642 2287 4707 die,
2311 4641 2358 4694 si
2384 4640 2669 4711 peccaverit
2689 4641 2745 4692 in
2773 4655 2856 4692 me
2892 4639 3060 4709 frater
3088 4653 3253 4695 meus.
3289 4635 3554 4689 dimittam
3588 4633 3633 4686 ei
3660 4632 3693 4685 ?‘

2107 4748 2271 4804 usque
2295 4734 2483 4804 septies
2499 4732 2580 4784 '7?
2619 4730 2919 4800 respondet
2950 4730 3024 4795 ei,
3056 4729 3150 4799 qui
3175 4737 3371 4783 natura
3401 4727 3601 4787 bonus,
3633 4732 3691 4778 et

2109 4827 2267 4894 cujus
2299 4822 2698 4880 inmstimabilis
2716 4822 2916 4876 lenitas
2940 4835 3006 4875 ac
3029 4819 3343 4890 benignitas
3376 4826 3462 4871 est
3499 4833 3512 4868 :
3568 4814 3687 4868 Non

2112 4916 2226 4968 dico
2258 4915 2348 4968 tibi
2390 4913 2601 4982 septies,
2657 4911 2750 4965 sed
2803 4925 2965 4980 usque
3008 4909 3358 4978 septuagesies
3419 4905 3604 4974 septies
3622 4904 3685 4955 ³⁸.

2110 5004 2249 5071 Quid
2289 5004 2419 5057 huic
2446 5017 2544 5072 par
2569 5001 2834 5056 bonitati?
2857 4998 3000 5066 Quid
3026 5007 3233 5053 tantam
3262 4997 3405 5051 hanc
3431 4993 3687 5048 humani-

2113 5103 2278 5150 tatem
2306 5108 2547 5162 azquare,
2576 5102 2673 5146 aut
2715 5106 2841 5157 eum
2868 5105 2933 5146 ea
2968 5088 3207 5144 conferri
3231 5085 3424 5157 possit.

429 5193 565 5244 μου.
616 5177 795 5247 ’Υπὲρ
852 5179 1068 5246 ταύτης
1119 5179 1514 5247 προσεύξεται
1562 5183 1712 5250 πρὸς
1749 5182 1825 5236 σὲ
1888 5182 2010 5251 πᾶς
2046 5183 2214 5250 ὅσιος
2238 5184 2308 5238 ἐν
2329 5180 2512 5252 καιρῷ
2534 5182 2755 5250 εὐθέτῳ
2776 5196 2794 5214 ·
2846 5180 2944 5234 καὶ
2968 5180 3040 5234 ἐν
3099 5175 3503 5247 κατακλυσμῷ
3541 5172 3684 5229 ὑδά-

430 5280 548 5318 των
569 5265 815 5320 πολλῶν
835 5267 985 5334 πρὸς
998 5268 1185 5322 αὐτὸν
1218 5272 1330 5324 οὐκ
1346 5270 1674 5341 ἐγγιοῦσιν.
1705 5272 1791 5327 Ἐν
1827 5273 1885 5327 δὲ
1910 5273 1992 5344 τῷ
2026 5273 2344 5345 Εὐαγγελίῳ
2395 5274 2424 5326 ὁ
2468 5272 2673 5344 Κύριος
2695 5312 2712 5340 ,
2777 5267 3148 5333 Μετανοεῖτε,
3216 5267 3401 5337 φησίν.
3462 5266 3677 5335 ἥγνισε

432 5352 543 5424 γὰρ
580 5356 619 5424 η
661 5357 954 5421 ,βασιλεία
995 5358 1114 5415 τῶν
1160 5361 1451 5431 οὐρανῶν.
1501 5363 1607 5418 Τοῦ
1662 5364 1718 5418 δὲ
1757 5367 1963 5437 Πέτρου
2035 5364 2366 5436 πυθομένου,
2421 5364 2685 5433 Ποσάκις
2748 5364 2860 5434 τῆς
2913 5363 3159 5436 ἡμέρας.
3191 5361 3303 5415 ἐὰν
3337 5361 3568 5432 δμάΡτΏ
3599 5360 3690 5422 εἷς

431 5443 535 5512 ἐμὲ
561 5446 874 5519 όάδελφός
892 5467 1031 5519 μου,
1059 5450 1276 5520 ἀφήσω
1313 5455 1473 5521 αὐτῷ
1499 5473 1516 5495 θ
1553 5456 1665 5525 ἕως
1711 5458 2000 5527 surdae;
2036 5460 2395 5532 ἀποκρίνεται
2440 5459 2588 5531 αὐτῷ
2633 5461 2663 5514 ὁ
2728 5458 2889 5529 φύσει
2948 5455 3156 5526 ἀγαθὸς
3208 5455 3304 5510 καὶ
3365 5454 3689 5515 ἀνείκαστος

433 5532 492 5586 δν
541 5539 900 5608 χρηπότητι·
942 5542 1026 5593 Οὐ
1072 5541 1227 5612 λέγω
1266 5558 1365 5600 σοι
1396 5546 1661 5615 ἑπτάκις,
1705 5549 1842 5604 ἀλλ’
1889 5549 2002 5617 ἕως
2036 5550 2534 5620 ἑϐδομηκοντάκις
2583 5548 2758 5604 ἑπτά.
2810 5549 2877 5603 Ti
2904 5547 3131 5616 ταύτης’
3175 5546 3276 5617 τῆς
3349 5546 3691 5618 ἀγαϐότητος

438 5626 756 5699 ἰσόρροπον;
787 5631 843 5685 τί
909 5631 1114 5703 ταύτης
1193 5636 1293 5706 τῆς
1367 5637 1781 5709 φιλανθρωπίας
1847 5641 2180 5713 ὲφάμιλλονς

507 5740 681 5816 ’Ἥξει
706 5744 817 5816 μς,
846 5746 866 5799 Ι
899 5748 952 5801 2.
1030 5748 1072 5780 ⁸¹
1107 5748 1209 5803 lsa.
1242 5767 1281 5815 ι,
1314 5752 1397 5814 l6,
1430 5754 1513 5808 ιι).
1591 5756 1634 5787 ³³
1660 5755 1776 5810 Joel
1830 5774 1889 5816 ιι,
1926 5758 2013 5816 i2.
2050 5759 2137 5813 l5.

438 5806 624 5864 27-29.
699 5812 743 5846 ³⁸
775 5804 917 5871 Psal.
951 5833 1097 5883 XXXI,
1122 5819 1173 5885 5,
1207 5803 1281 5873 6.,
1319 5803 1591 5878 Vbiatth.
1628 5803 1902 5890 I;,v‘i:7."3‘7

2157 5844 2304 5892 mu,
2332 5803 2545 5882 2‘17"“
2579 5803 2833 5882 {5382322

2273 5759 2316 5790 ³³
2348 5757 2545 5812 Ezech.
2582 5773 2768 5820 xum,
2803 5758 2988 5815 lO-H.
3087 5758 3133 5789 ”
3162 5755 3230 5811 Ill
3266 5755 3400 5824 Reg.
3447 5767 3557 5816 ut,
3593 5751 3685 5816 t9.
