4084 6332
460 305 560 375 951

1599 313 1658 373 S.
1699 312 1981 373 MAXIMI
2020 313 2527 377 CONFESSORIS

3668 314 3778 383 952

531 420 621 476 41.
656 420 759 487 Qui
798 417 963 491 igitur
990 417 1205 474 Domini
1232 417 1507 481 timorem,
1534 419 1761 489 ejusque
1781 418 2034 489 benigni-

2213 422 2324 491 μα’.
2370 423 2699 491 Ἐγνωκότες
2720 419 2813 479 οὖν
2836 424 2926 480 τὸν
2952 427 3042 481 τοῦ
3077 428 3289 500 Κυρίου
3324 428 3542 499 φόϐον,
3581 426 3697 497 τήν
3716 442 3776 480 τε

463 520 632 567 tatem
665 520 721 566 et
778 509 1122 565 clementiam
1170 524 1235 563 ac
1273 508 1745 575 misericordiam,
1810 524 1934 563 cum
1970 524 2037 563 ex

462 601 682 665 Veteri,
722 607 839 653 tum
873 614 939 652 ex
970 598 1124 652 Novo
1154 596 1530 651 lnstrumento
1558 597 1893 665 exploratam
1941 596 2038 651 ha-

461 691 711 754 beamus,
744 696 1131 744 convertamur
1163 702 1230 741 ex
1256 694 1369 741 toto
1407 685 1571 741 corde
1598 694 1829 751 nostro;
1853 695 1911 741 et
1941 702 2040 740 cur

460 796 775 854 pereamus,
797 778 1037 834 fratres?
1052 778 1428 834 Emundemus
1452 794 1667 844 manus,
1686 787 2035 849 peccatores:

461 879 629 936 corda
648 886 835 932 nostra
852 874 1245 940 castificemus,
1276 876 1371 946 qui
1403 875 1610 946 duplici
1638 875 1804 930 corde
1827 890 2037 930 sumus.

461 971 824 1040 Deploremus
879 978 939 1022 et
993 967 1315 1037 plangamus
1354 980 1419 1020 ac
1468 966 1754 1035 lugeamus
1817 972 2042 1033 propter

463 1069 692 1133 peccata
727 1068 940 1114 nostra.
981 1059 1171 1112 Pravis
1202 1057 1403 1112 studiis
1425 1057 1628 1111 nostris
1673 1055 1837 1109 ﬁnem
1868 1056 2043 1124 impo-

461 1167 662 1207 namus
698 1169 710 1203 :
744 1148 1197 1205 miserationibus
1222 1148 1440 1204 Domini
1487 1146 1651 1201 ﬁdem
1702 1145 2039 1211 habeamus;

462 1247 643 1303 minas
668 1246 787 1316 ejus
820 1242 1152 1306 timeamus;
1212 1239 1388 1309 ipsius
1425 1237 1682 1293 mandata
1712 1250 1995 1291 servemus
2024 1252 2039 1288 :

466 1341 760 1409 diligamus
785 1336 1022 1391 invicem
1051 1349 1118 1389 ex
1152 1342 1268 1388 toto
1297 1332 1485 1387 corde.
1519 1331 1796 1394 Dicamus,
1846 1330 2044 1385 fratres

465 1431 662 1494 nostri,
696 1438 751 1483 et
783 1428 872 1483 his
898 1427 992 1496 qui
1027 1426 1266 1481 oderunt
1303 1440 1424 1488 nos,
1449 1438 1513 1479 ac
1540 1439 1642 1477 nos
1664 1431 2041 1489 exsecrantur,

466 1529 530 1573 ut
568 1533 773 1573 nomen
835 1515 1055 1571 Domini
1087 1514 1453 1586 gloriﬁcetur,
1485 1522 1541 1567 et
1590 1513 1645 1566 in
1697 1512 2043 1584 jucunditate

467 1628 567 1669 sua
596 1611 871 1666 videatur.
904 1609 1013 1664 Alii
1036 1609 1160 1663 aliis
1202 1606 1601 1672 condonemus,
1637 1605 1731 1676 qui
1763 1604 1854 1659 alii
1908 1604 2045 1659 alios

468 1713 750 1760 tentantes
776 1702 1075 1773 patiamur,
1106 1699 1252 1755 sicut
1282 1706 1475 1753 omnes
1499 1713 1530 1752 a
1562 1696 1840 1753 communi
1887 1696 2043 1750 hoste

2138 515 2481 584 χρηστότητα
2504 515 2668 569 αὑτοῦ
2709 517 2802 569 καὶ
2844 519 2945 591 τήν
2974 520 3399 591 φιλανθρωπίαν
3440 520 3516 574 ἐκ
3570 536 3643 572 τε
3672 519 3775 589 τῆς

2140 605 2380 669 Παλαῖας
2414 606 2627 677 καὶτῆς
2657 608 2862 677 Καινῆς
2888 610 3173 681 διαθήκης,
3210 610 3684 682 ἐπιστρέψωμεν
3711 611 3772 676 ἐξ

2138 697 2268 766 ὅλης
2299 697 2398 766 τῆς
2431 696 2653 767 καρδίας
2695 698 2851 769 ἡμῶν
2877 716 2892 730 ·
2948 701 3043 755 καὶ
3096 701 3184 755 ἵνα
3235 701 3292 754 τί
3341 698 3767 768 ἀπολλύμεθα,

2141 788 2378 856 ἀδελφάς
2411 789 2815 860 Καθαρίσωμεν
2842 794 3050 862 χεῖρας,
3080 794 3131 845 οί
3151 793 3491 865 ἁμαρτωλοί
3520 809 3538 822 ⁸
3593 790 3767 858 ἁγνιο

2142 897 2322 950 σωμεν
2354 881 2453 945 τὰς
2484 882 2710 952 καρδίας
2736 883 2916 953 ἡμῶν,
2960 884 3011 937 οί
3044 885 3260 955 δίψυχοι
3279 900 3295 913 ’
3360 884 3765 953 ταλαιπωρή-

2143 988 2325 1043 σωμεν
2374 975 2466 1026 καὶ
2519 975 2895 1045 πενθήσωμεν,
2956 977 3050 1030 καὶ
3100 976 3436 1047 κλαύσωμεν
3492 974 3599 1028 διὰ
3653 973 3767 1037 τὰς

2141 1063 2412 1134 ἁμαρτίας
2441 1064 2618 1135 ήμῶν.
2667 1066 3011 1137 Παυσὼμεθα
3044 1068 3153 1120 τῶν
3195 1068 3483 1140 πονηριῶν
3532 1066 3718 1138 ἡμῶν
3742 1081 3764 1098 ⁸

2130 1155 2522 1226 πιστεύσωμεν
2548 1159 2669 1217 ταῖς
2700 1157 3088 1229 εὐπλαγχνίαις
3127 1158 3221 1212 τοῦ
3263 1160 3482 1231 Κυρίου
3516 1177 3531 1189 ·
3569 1159 3767 1227 c.9061;-

2145 1246 2325 1316 θῶμεν
2364 1248 2462 1310 τὰς
2501 1248 2729 1311 ἀπειλὰς
2763 1249 2949 1316 αὐτοῦ,
2983 1250 3305 1320 φυλάξωμεν
3342 1252 3447 1314 τὰς
3503 1249 3767 1313 ἐντολὰς

2144 1338 2342 1393 αὐτοῦ·
2416 1340 2790 1409 ἀγαπήσωμεν
2842 1340 3106 1408 ἀλλήλους
3170 1342 3228 1407 ἐξ
3280 1341 3411 1409 ὅλης
3467 1341 3760 1412 καρδίας.

2144 1431 2421 1500 Είπωμεν,
2470 1430 2693 1498 ἀδελφοὶ
2761 1430 2941 1501 ἡμῶν,
2995 1432 3090 1483 καὶ
3128 1433 3238 1494 τοῖς
3286 1430 3545 1500 μισοῦσιν
3584 1432 3761 1501 ἡμᾶς

2145 1522 2239 1574 καὶ
2270 1520 2735 1591 βδελυσσομὲνοις,
2768 1520 2854 1572 ἶνα
2890 1521 2949 1572 τὸ
2979 1520 3151 1590 ὄνομα
3206 1521 3412 1591 Κυρίου
3463 1519 3756 1590 δοξασθῇ,
3818 1554 3821 1557 -

2145 1614 2240 1666 καὶ
2267 1610 2405 1682 ὀφθῇ
2438 1613 2498 1665 ὲν
2522 1614 2593 1682 τῇ
2617 1611 2923 1682 εὐφροσύνῃ
2946 1612 3130 1665 αὐτοῦ.
3158 1612 3347 1682 Δῶμεν
3387 1610 3758 1680 συγγνώμην

2146 1704 2416 1774 ἀλλήλοις,
2445 1703 2512 1757 δι’
2542 1703 2789 1772 ἀλλήλων
2829 1703 3234 1774 πειραζόμενοι,
3270 1704 3345 1765 ὡς
3384 1703 3599 1764 πάντες
3632 1701 3758 1755 ὑπὸ

470 1797 879 1865 impugnamur.
914 1789 1245 1847 Obnitamur
1268 1787 1697 1859 cogitationibus
1719 1786 1924 1840 nostris
1968 1792 2048 1838 at-

2152 1795 2329 1849 κοινοῠ
2379 1780 2572 1865 ἐχθροῦ
2620 1793 3035 1863 πολεμούμενοι.
3081 1794 3445 1864 ’Δντιστῶμεν
3483 1795 3609 1856 τοῖς
3646 1792 3755 1845 λο-

471 1903 581 1958 que
607 1885 779 1948 vitiis,
803 1883 977 1938 Deum
1019 1880 1325 1951 adiutorem
1383 1880 1723 1941 invocantes,
1768 1875 2042 1946 nequissi-

470 1993 702 2047 mosque
732 1991 797 2029 ac
848 1973 1163 2029 immundos
1195 1971 1426 2042 spiritus
1471 1986 1502 2026 a
1564 1967 1725 2025 nobis
1770 1968 2067 2039 fugemus.‘

473 2066 710 2121 Carnem
733 2061 953 2133 spiritui
986 2058 1347 2130 subjiciamus
1373 2058 1441 2123 ",
1490 2057 1810 2127 subigentes
1837 2065 1959 2110 eam
1988 2061 2046 2108 et

472 2157 851 2229 suggillantes,
883 2169 948 2207 ac
982 2151 1250 2207 severiori
1279 2148 1430 2203 omni
1469 2147 1758 2217 disciplina
1787 2145 2047 2201 addicen-

474 2258 595 2303 tes:
629 2244 991 2300 Emundemus
1014 2258 1106 2295 nos
1131 2241 1195 2295 ab
1222 2240 1365 2294 omni
1406 2239 1808 2308 inquinamento
1866 2234 2045 2289 carnis

474 2348 525 2394 et
556 2339 772 2409 spiritus
796 2336 864 2388 “.
913 2333 1019 2388 Alii
1075 2332 1212 2385 alios
1248 2329 1571 2391 excitemus,
1622 2324 1691 2380 ad
1738 2323 2048 2379 dilectionis

474 2432 853 2497 bonorumque
880 2438 1110 2494 operum
1158 2418 1562 2491 prorritandam
1620 2416 2044 2472 :emulationem.

474 2521 554 2576 Ne
580 2520 669 2575 alii
706 2519 828 2573 aliis
852 2516 1216 2573 invideamus,
1243 2528 1346 2565 nec
1372 2510 1574 2580 quibus
1621 2508 1903 2564 invideant
1929 2508 2043 2572 alii,

474 2609 735 2667 amariori
760 2608 942 2663 animo
964 2606 1138 2659 simus
1165 2620 1178 2657 :
1215 2602 1372 2672 391
1413 2600 1548 2671 quin
1576 2600 1759 2669 potius
1805 2598 1897 2652 alii
1925 2597 2048 2652 aliis

473 2701 789 2759 miserantis
819 2698 1017 2754 affectu
1040 2695 1444 2765 impendamur,
1506 2704 1811 2759 sensusque
1860 2688 2050 2743 mode-

475 2793 582 2850 stia
611 2792 848 2847 invicem
891 2786 1229 2841 medeamur.
1260 2783 1337 2837 Ne
1360 2781 1451 2836 alii
1503 2780 1627 2834 aliis
1671 2778 2044 2841 detrahamus,

474 2900 614 2940 neve
640 2879 906 2938 conviciis
931 2878 1166 2933 invicem
1200 2872 1636 2944 proscindamus,
1671 2870 1800 2940 quia
1857 2884 2049 2924 sumus

475 2976 570 3030 alii
594 2974 827 3029 aliorum
859 2968 1108 3024 membra
1136 2967 1206 3020 ιι.
1234 2963 1589 3019 Excutiamus
1611 2978 1642 3016 a
1678 2959 1837 3016 nobis
1870 2958 2047 3029 negli-

474 3065 717 3137 gentiam
750 3077 814 3116 ac
840 3059 1149 3129 segnitiem,
1172 3057 1547 3124 adversusque
1580 3052 1806 3123 spiritus
1848 3050 2047 3120 nequi-

2148 1890 2369 1958 γισμοίς
2407 1886 2586 1958 ἡμῶν,
2634 1886 2728 1939 τὸν
2778 1886 2912 1939 Θεὸν
2954 1887 3043 1949 είς
3078 1887 3394 1956 συμμαχίαν
3428 1884 3761 1939 ἐπικαλού-

2153 1993 2336 2048 μενοιο
2371 1976 2467 2029 καὶ
2522 1975 2914 2046 φυγαδεύωμεν
2962 1974 3022 2040 ἐξ
3057 1975 3215 2044 ἡμῶν
3261 1976 3328 2029 τά
3369 1975 3591 2047 πονηρά
3641 1958 3755 2030 καὶ

2149 2068 2438 2138 ἀκάθαρτα
2489 2066 2796 2137 πνεύματα.
2836 2067 3223 2136 ’Υποτάξωμεν
3275 2066 3373 2138 τὴν
3423 2066 3612 2137 σάρκα
3657 2066 3752 2138 τῷ

2151 2159 2448 2228 πνεύματι,
2505 2157 2918 2221 ὑπωπιάζοντες
2977 2157 3074 2210 καὶ
3132 2155 3607 2225 δουλαγωγοῦντες
3669 2156 3747 2210 δι’

2153 2250 2371 2318 ἀπάσης
2399 2246 2797 2310 κακοπαθειας·
2850 2246 3280 2316 Καθαρισωμεν
3307 2245 3562 2311 ἑαυτοὺς
3602 2246 3747 2299 ἀπὸ

2151 2342 2377 2406 παντὸς
2409 2336 2733 2408 μολυσμοῦ
2772 2336 3000 2406 σαρκὸς
3047 2336 3147 2391 καὶ
3208 2337 3576 2406 πνεύματος.
3638 2338 3746 2389 Δι-

2152 2431 2454 2501 εγείρωμεν
2489 2429 2752 2500 ἀλλήλους
2810 2430 2890 2491 είς
2949 2426 3297 2498 παροξυσμὸν
3352 2428 3575 2498 ἀγάπης
3628 2428 3745 2481 καὶ

2152 2522 2335 2577 καλῶν
2390 2522 2585 2591 ἔργων.
2665 2517 2757 2589 Μὴ
2817 2517 3175 2587 φθονήσωμεν
3241 2516 3513 2586 ἀλλήλοις,
3585 2517 3738 2586 μηδὲ

2154 2613 2509 2683 φθονούμενοι
2530 2608 2892 2682 ἀγρωθῶμεν
2908 2625 2923 2640 ·
2969 2606 3415 2680 συμπαθήσωμεν
3436 2608 3492 2660 δὲ
3518 2608 3738 2677 μᾶλλον

2153 2704 2428 2775 ἀλλήλοις,
2456 2705 2551 2757 καὶ
2581 2703 2670 2756 διὰ
2712 2698 3211 2770 ταπεινοφροσύνης
3250 2698 3510 2770 ἀλλήλους
3554 2697 3741 2752 ίασώ-

2156 2796 2319 2867 μεθα.
2354 2796 2446 2866 Μὴ
2476 2793 2871 2864 καταλαλῶμεν
2905 2791 3173 2863 ἀλλήλων,
3236 2791 3371 2862 μηδὲ
3415 2789 3737 2862 σκώψωμεν

2153 2884 2413 2956 ἀλλήλους
2442 2901 2457 2916 ·
2496 2885 2580 2938 ὅτι
2607 2883 2773 2954 ἐσμὲν
2808 2882 3052 2953 ἀλλήλων
3094 2881 3250 2952 μέλη.
3301 2881 3735 2953 ’Δποὸἀλλωμεν

2153 2977 2247 3045 ἀφ’
2278 2974 2434 3047 ημῶν
2465 2975 2564 3047 τὴν
2591 2973 2850 3045 ἀμέλειαν
2881 2975 2975 3028 καὶ
2993 2973 3092 3044 τὴν
3120 2974 3391 3045 ρᾳθυμίαν
3411 2989 3428 3005 ο
3460 2975 3555 3027 καὶ
3583 2973 3735 3026 στῶ-

2158 3084 2256 3137 μεν
2293 3067 2557 3136 ἀνδρείως
2600 3068 2737 3121 κατὰ
2798 3067 2907 3119 τῶν
2964 3069 3288 3138 πνευμάτων
3325 3069 3424 3139 τῆς
3460 3069 3735 3140 πονηρίας

477 3134 569 3212 tia:
591 3156 809 3212 fortiter
841 3160 1070 3206 stemus.
1102 3149 1291 3204 Jesum
1321 3148 1600 3203 Christum
1643 3146 1852 3216 justum
1881 3142 2049 3197 advo-

2155 3134 2586 3230 ἀγωνιζόμενοι·
2668 3162 2764 3215 καὶ
2831 3160 3029 3230 ἔχομεν
3102 3134 3455 3232 παράκλητον
3519 3134 3733 3229 Ἰησοῦν

478 3256 659 3302 catum
685 3241 830 3312 apud
854 3240 1069 3294 Patrem
1094 3238 1391 3303 habemus;
1428 3245 1485 3291 et
1505 3237 1618 3306 ipse
1634 3244 1715 3290 est
1738 3233 2054 3304 propitiatio

476 3351 581 3406 pro
601 3330 841 3404 peccatis
865 3328 1068 3385 nostris
1084 3327 1159 3395 “;
1189 3341 1350 3397 quem
1378 3341 1517 3396 puro
1541 3324 1706 3379 corde
1718 3339 1785 3378 ex
1810 3332 1923 3378 toto
1940 3321 2057 3376 ani-

478 3443 568 3482 lllO
587 3420 1051 3488 orantes,veniam
1076 3426 1426 3489 peccatorum
1452 3433 1519 3472 CX
1543 3432 1611 3472 eo
1631 3430 2053 3485 consequemur.

478 3526 694 3584 Etenim
720 3539 881 3594 prope
901 3530 975 3576 est
1006 3520 1262 3575 Dominus
1288 3518 1524 3573 omnibus
1544 3516 1902 3573 invocantibus
1935 3531 2054 3569 eum

477 3623 536 3676 in
563 3618 785 3674 veritate
817 3614 885 3671 “.
918 3613 1131 3672 Idcirco
1149 3611 1227 3666 ait
1264 3628 1276 3663 :
1333 3610 1558 3666 Immola
1587 3609 1697 3663 Deo
1733 3606 2054 3677 sacriﬁcium

480 3709 674 3771 laudis,
715 3714 762 3760 et
789 3703 948 3758 redde
972 3701 1247 3756 Altissimo
1280 3707 1400 3754 vota
1421 3708 1513 3753 tua
1547 3714 1564 3751 :
1595 3707 1643 3752 et
1682 3698 1867 3752 invoca
1893 3711 1973 3750 me
1998 3697 2056 3751 in

478 3802 562 3856 die
599 3798 952 3853 tribulationis
985 3804 1087 3851 tua:
1114 3811 1131 3850 :
1157 3810 1343 3849 eruam
1380 3802 1427 3847 te
1443 3772 1491 3847 et
1518 3791 1836 3861 clariﬁcabis
1871 3808 1952 3846 me
1984 3790 2052 3843 “.

478 3890 585 3946 Sed
610 3900 666 3945 et
686 3903 907 3944 rursum
942 3886 1130 3951 Isaias,
1155 3883 1307 3940 Solve
1326 3901 1535 3938 omnem
1564 3883 1913 3956 alligaturam
1949 3885 2054 3938 ini—

476 3983 733 4053 quitatis:
771 3980 994 4036 dissolve
1056 3978 1400 4050 obligationes
1448 3977 1797 4033 violentorum
1837 3987 2054 4034 contra-

479 4086 658 4147 ctuum
676 4091 694 4139 ;
716 4074 922 4128 dimitte
960 4072 1255 4143 confractos
1278 4072 1336 4126 iu
1365 4072 1670 4126 remissione
1695 4111 1711 4137 ,
1759 4080 1808 4125 et
1848 4089 2057 4128 omnem

476 4170 797 4240 scripturam
828 4168 1070 4238 iniquam
1100 4165 1395 4220 conscinde.
1430 4163 1642 4236 Frange
1668 4166 1916 4220 esurienti
1954 4184 2055 4238 pa-

474 4278 595 4315 rtem
623 4269 792 4325 tuum,
825 4268 874 4314 et
894 4276 1154 4331 pauperes
1195 4260 1307 4313 sine
1354 4264 1489 4312 tecto
1534 4257 1692 4311 indue
1734 4259 1790 4312 in
1843 4258 2056 4313 domum

477 4361 646 4406 tuam.
683 4350 739 4406 Si
763 4350 953 4405 videris
974 4350 1198 4414 nudum,
1239 4350 1414 4420 aperi;
1447 4356 1495 4403 et
1515 4348 1820 4403 domesticos
1840 4350 2054 4404 seminis

2154 3249 2389 3319 Χριστὸν
2408 3250 2616 3304 δίκαιον
2648 3251 2784 3322 πρὸς
2801 3250 2893 3304 τὸν
2911 3252 3129 3321 Πατέρα
3144 3266 3159 3280 ο
3197 3251 3292 3305 καὶ
3310 3251 3471 3315 αὐτὸς
3502 3251 3734 3322 ἱλασμός

2157 3344 2273 3396 ἐστι
2299 3345 2427 3413 περὶ
2447 3344 2557 3396 τῶν
2587 3342 2871 3414 ἁμαρτιῶν
2907 3343 3100 3413 ήμῶνο
3135 3345 3229 3396 καὶ
3261 3343 3540 3413 δεηθῶμεν
3562 3343 3729 3396 αὑτοῦ

2156 3435 2214 3488 ὲν
2243 3434 2461 3505 καθαρᾷ
2487 3434 2702 3505 καρδίᾳ,
2733 3433 2793 3499 ἐξ
2814 3434 2946 3506 ὅλης
2968 3433 3146 3504 ψυχῆς
3178 3433 3356 3506 ἡμῶν,
3380 3434 3475 3488 καὶ
3503 3434 3731 3505 ἀφίησιν

2156 3527 2289 3596 ἡμῖν
2318 3524 2420 3589 τὰς
2454 3525 2733 3595 ἁμαρτίας
2753 3524 2943 3595 ἡμῶν·
2975 3525 3099 3578 Ὀτι
3131 3524 3312 3594 ἐγγὺς
3336 3525 3553 3592 Κύριος
3581 3524 3731 3579 πᾶσι

2155 3616 2988 3685 τοῒςρπικαλουμένοιςαύτὸν
3021 3617 3385 3685 ἐνάμὶηθειᾳ.
3423 3618 3516 3670 Διὸ
3551 3618 3730 3685 λέγει’

2158 3708 2361 3764 Θῦσον
2381 3707 2463 3774 τῷ
2500 3707 2622 3773 Θεῷ
2645 3708 2867 3762 θυσίαν
2897 3707 3203 3776 αἰνέσεως,
3248 3711 3346 3764 καὶ
3382 3708 3612 3775 ἀπόδος
3653 3708 3737 3774 τῷ

2165 3800 2434 3870 Tur/atq)
2476 3799 2583 3865 τὰς
2608 3797 2798 3869 εὐχάς
2831 3812 2971 3853 σου.
3011 3799 3122 3853 Kal
3164 3798 3526 3854 ἐπικάλεσαι
3556 3817 3636 3869 με
3664 3800 3736 3853 ὲν

2156 3892 2348 3961 ⁴ἡμέρᾳ
2415 3890 2674 3960 eamea;
2737 3906 2854 3946 σου
2881 3906 2894 3920 ⁸
2944 3891 3045 3945 καί
3107 3891 3432 3961 ἐξελοῦμαι
3477 3906 3573 3957 σε,
3637 3892 3740 3946 καί

2155 3983 2437 4049 δοξάσεις
2465 4000 2561 4050 με.
2597 3983 2708 4037 Καὶ
2731 3983 2760 4035 ὁ
2804 3983 3033 4046 Ἡσαΐας
3061 3983 3122 4036 δὲ
3151 3982 3344 4036 ’πάλιν⁸
3382 3973 3740 4037 Λύεπὰντα

2156 4075 2509 4145 σύνδεσμον
2540 4074 2796 4140 ἀδικίας,
2855 4073 3068 4129 διάλυε
3092 4073 3499 4144 mpm-pallae
3520 4074 3743 4138 ,βιαίων

2156 4165 2699 4235 συναλλαγμάτων,
2752 4165 3103 4220 ἀπόστελλε
3144 4165 3635 4233 τεθραυσμένους
3671 4163 3744 4217 ἐν

2156 4258 2389 4329 ἀφέσει.
2427 4258 2529 4311 καὶ
2571 4254 2782 4313 πᾶσαν
2815 4257 3181 4327 συγγραφὴν
3219 4256 3434 4311 ἄδικον
3487 4253 3741 4311 Gaiana.

2156 4351 2484 4419 Διάθρυπτε
2528 4348 2808 4403 πεινῶντι
2841 4349 2948 4404 τὸν
2967 4349 3152 4418 ἄρτον
3169 4363 3307 4414 σου,
3336 4348 3433 4403 καί
3463 4347 3744 4416 πτωχοὺς

476 4445 555 4498 tui
581 4459 645 4497 ne
682 4441 998 4512 despexeris.
1049 4439 1193 4494 Tunc
1226 4448 1462 4511 erumpet
1503 4442 1828 4495 matutinum
1874 4441 2049 4496 lumen

2156 4442 2453 4509 datérovc
2487 4439 2772 4510 εἰσάγαγε
2795 4441 2885 4506 είς
2923 4438 3034 4494 τὸν
3059 4435 3230 4493 οἶκόν
3254 4455 3390 4493 σου.
3441 4437 3581 4492 Ἐὰν
3605 4438 3745 4506 tam:

478 4546 648 4596 tuum,
693 4543 740 4586 et
777 4535 1033 4586 sanitates
1065 4540 1169 4587 tute
1194 4533 1349 4586 citius
1378 4534 1638 4586 orientur.
1668 4534 1736 4587 Et
1763 4534 1967 4603 prseibit
1997 4535 2054 4587 in

477 4631 755 4694 conspectu
787 4631 877 4676 tuo
905 4623 1113 4690 iustitia
1150 4630 1263 4686 tua,
1290 4630 1338 4674 et
1362 4621 1537 4691 gloria
1565 4622 1663 4675 Dei
1714 4624 2054 4678 circumdabit

479 4726 530 4768 te
558 4714 624 4768 ⁸⁸.
655 4713 798 4781 Quid
821 4729 951 4768 vero
975 4714 1281 4783 praeterea?
1315 4713 1458 4766 Tunc
1503 4711 1779 4779 clamabis,
1814 4722 1865 4768 et
1916 4714 2055 4770 Deus

478 4808 724 4862 exaudiet
753 4816 801 4861 te
827 4823 845 4862 :
868 4807 1040 4861 adhuc
1073 4805 1315 4876 loquente
1340 4813 1411 4871 te,
1439 4805 1576 4859 dicet
1606 4822 1625 4859 :
1663 4804 1796 4860 Ecce
1846 4806 2052 4861 adsum.

477 4899 620 4955 Tunc
646 4902 846 4955 orietur
876 4899 932 4953 in
958 4898 1181 4952 tenebris
1217 4896 1396 4951 lumen
1423 4904 1594 4962 tuum,
1624 4904 1673 4950 et
1706 4898 1932 4952 tenebrat
1954 4904 2057 4953 tua!

478 5002 631 5046 erunt
651 4993 785 5046 sicut
816 4991 1077 5047 meridies.
1117 4990 1185 5046 Et
1225 4991 1323 5045 erit
1370 4989 1505 5044 Deus
1531 4998 1703 5044 tecum
1747 5005 1974 5061 semper,
2005 4998 2055 5043 et

478 5083 774 5154 impleberis
802 5086 937 5138 sicut
958 5080 1219 5138 desiderat
1248 5083 1432 5137 anima
1463 5090 1555 5135 tua
1570 5081 1635 5135 "°.
1669 5082 1834 5137 Vides
1869 5096 1935 5136 ea
1966 5096 2056 5136 ra-

482 5176 653 5240 tione,
682 5175 829 5245 quod
853 5176 1234 5246 colligaturam
1256 5170 1565 5244 iniquitatis
1588 5188 1655 5228 ex
1685 5172 1852 5228 corde
1868 5180 2059 5227 nostro
2096 5234 2097 5237 η

484 5267 747 5322 solvimus
780 5308 794 5331 ,
854 5283 1185 5338 omnemque
1244 5266 1644 5337 obligationem
1692 5264 2067 5320 violentorum

486 5358 728 5412 rancoris
779 5366 1165 5413 contractuum
1217 5358 1593 5423 dissolvimus,
1639 5364 1806 5426 atque
1864 5354 2057 5426 proxi—

489 5461 636 5500 snum
666 5462 728 5501 ex
765 5458 877 5502 tota
905 5449 1112 5515 anima,
1147 5450 1365 5505 collatis
1413 5450 1470 5503 in
1525 5464 1654 5503 eum
1699 5446 2061 5512 muneribus,

486 5536 626 5589 denu
647 5537 755 5590 reri
807 5538 1113 5606 studemus,
1142 5540 1388 5595 scientia:
1440 5555 1542 5595 nos
1576 5541 1700 5594 luce
1726 5538 2039 5594 collustrari

2084 4483 2133 4542 D

2157 4532 2411 4604 γυμνὸν,
2458 4531 2742 4600 περίϐαλε
2765 4543 2781 4559 ⁸
2831 4529 2935 4585 καὶ
2990 4529 3112 4585 ἀπὸ
3174 4529 3296 4583 τῶν
3351 4529 3592 4583 οίκείων
3639 4529 3745 4583 τοῦ

2156 4621 2496 4693 σπέρματός
2518 4635 2636 4675 σου
2678 4622 2751 4675 οὺ
2800 4620 3060 4690 παρόψει
3107 4619 3230 4693 [Fr.
3275 4621 3374 4690 οὐχ
3403 4620 3676 4692 ὑπερόψει
3707 4620 3743 4692 ι.

2160 4714 2298 4768 Τότε
2348 4709 2683 4781 ῥαγήσεται
2731 4708 3001 4779 πρώτμον
3031 4708 3097 4763 τὸ
3145 4707 3274 4778 φῶς
3320 4724 3462 4771 σου,
3521 4709 3625 4763 καί
3672 4710 3749 4763 τὰ

2160 4808 2375 4877 lauacri
2419 4822 2538 4861 σου
2579 4805 2733 4875 ταχὺ
2756 4803 3081 4860 ἀναπλεῖ.-
3103 4804 3210 4858 Kal
3258 4807 3746 4873 προπορεὺσεται

2157 4898 2501 4972 ἔμπροσθέν
2513 4915 2630 4953 σου
2647 4900 2685 4966 ἠ
2701 4898 3056 4966 δικαιοσύνη
3077 4912 3214 4952 σου·
3232 4900 3329 4951 καὶ
3353 4898 3504 4962 δόξα
3522 4900 3750 4968 Κυρίου

2162 4993 2507 5064 περιστελεῖ
2526 5009 2619 5047 σε.
2647 4992 2757 5047 Καὶ
2781 4992 2834 5045 τί
2864 4993 2926 5046 τὸ
2947 4993 3039 5045 ἐπὶ
3066 4992 3297 5058 τούτοιςς
3353 4995 3491 5048 Τότε
3509 4992 3750 5062 βοήσῃ,

2164 5085 2263 5138 καί
2303 5087 2336 5137 ό
2384 5083 2528 5149 Θεὸς
2578 5084 3003 5137 εὶσακούσεταί
3050 5098 3198 5138 σου’
3272 5084 3360 5138 ἐτι
3405 5084 3755 5149 λαλοῦντός

2169 5187 2305 5235 σου,
2350 5172 2489 5240 ἐρεῖ,
2549 5171 2707 5228 Ἰδοὺ
2745 5172 3003 5244 πάρειμι.
3061 5174 3197 5229 Τότε
3240 5174 3523 5231 ἀνατελεῑ
3562 5175 3635 5230 ὲν
3672 5174 3756 5242 τῷ

2166 5264 2373 5318 σκότει
2394 5263 2460 5317 τὸ
2483 5263 2609 5334 φῶς
2636 5278 2777 5331 σου,
2807 5266 2906 5320 καὶ
2934 5265 3003 5320 τὸ
3027 5268 3249 5334 σκότος
3272 5283 3391 5322 σου
3413 5269 3495 5335 ὠς
3515 5284 3754 5339 μεσημ-

2166 5357 2319 5425 ϐρία.
2356 5355 2467 5411 Kal
2499 5356 2674 5411 ἔσται
2709 5357 2853 5424 Θεὸς
2888 5359 3041 5428 μετὰ
3071 5358 3191 5413 σοῦ
3231 5357 3594 5425 διοπαντός’
3651 5359 3755 5414 καί

2161 5446 2572 5516 ἐμπλησθήσῃ
2601 5447 2754 5502 καθὰ
2787 5447 3069 5517 ἐπιθυμεῖ
3097 5449 3137 5518 ή
3182 5446 3353 5517 ψυχή
3390 5460 3529 5502 σου.
3585 5447 3754 5517 Ὁρᾷς·

2161 5538 2244 5592 ὅτι
2275 5539 2331 5591 ἐν
2374 5537 2453 5608 τῷ
2498 5538 2650 5592 λύειν
2682 5539 2862 5593 πάντα
2907 5540 3206 5611 σύνδεσμον
3254 5539 3471 5601 ἀδικίας
3520 5539 3587 5591 ἐκ
3648 5538 3754 5609 τῆς

492 5664 509 5741 ’Δ
536 5665 793 5741 Δ³⁹1Αιὲοιῃ
820 5685 892 5741 ιιι,
919 5670 1009 5724 27.
1083 5671 1127 5704 ⁸ο
1154 5672 1222 5725 111
1251 5671 1379 5725 Cor.
1400 5688 1493 5733 vn,
1521 5672 1573 5725 8.
1653 5672 1693 5703 “
1724 5672 1927 5740 Epltcs.
1951 5677 2049 5739 Iv,‘

2213 5671 2255 5703 “
2288 5672 2492 5729 Noun.
2520 5689 2577 5741 ιι,
2610 5673 2660 5727 1.
2729 5674 2775 5707 ’⁸³
2809 5674 2951 5729 Psal.
2984 5690 3159 5741 cxuv,
3191 5674 3276 5730 18.
3353 5673 3399 5706 ⁸⁸
3426 5671 3572 5728 Psal.
3600 5688 3747 5741 nix,

493 5735 576 5802 11,
613 5738 697 5791 15.
772 5739 817 5769 ⁸⁵
849 5739 949 5793 lsa.
980 5756 1123 5805 tvm,
1156 5742 1205 5801 6,
1246 5742 1297 5794 8.
1380 5743 1422 5773 “
1458 5742 1591 5795 ibid.
1629 5742 1681 5806 9,
1720 5735 1802 5794 l6.
