4084 6332
278 472 399 538 953
1218 522 1229 529 ,
1532 432 1773 529 LIBER,
1810 452 2239 530 ASCETICUS.
2414 458 2421 467 ί
3450 459 3557 523 εει

275 588 526 661 καρδίας
585 580 768 656 ημῶν,
826 583 924 639 καῖ
972 581 1211 639 διαλύειν
1270 584 1450 637 πᾶσαν
1500 581 1868 654 στραγγαλιαν

1975 589 2138 651 atque
2166 595 2196 635 a
2227 579 2514 650 probrosis
2555 578 2846 635 affectibus
2895 575 3155 646 vitiisque
3205 573 3453 638 liberati,
3495 581 3565 629 et;

281 679 484 751 βιαίων
516 673 981 746 συναλλαγμάτων
1024 673 1391 745 μνησικακίας
1417 688 1430 703 ⁸
1484 674 1581 726 καὶ
1617 671 1869 727 σπεύδειν

1975 669 2116 724 ῡιηηί
2154 670 2361 723 virtute
2386 668 2600 738 impleri
2638 683 2702 722 ac
2728 668 2821 722 Dei
2849 665 3098 721 claritate
3128 661 3408 733 perfundi,
3428 675 3553 714 om»-

278 770 599 842 εὐεργετεῖν
636 765 728 820 τὸν
757 766 986 838 πλησίον
1006 766 1065 832 ἐξ
1094 765 1223 832 ὅλης
1249 765 1449 836 ψυχῆς,
1496 763 1575 833 τῷ
1605 761 1745 832 φωτὶ⁸
1769 762 1870 832 τῆς

1975 762 2137 830 nique
2188 761 2501 831 ignorantia
2567 759 2818 816 cxsolvi?
2868 768 3032 826 atque
3088 755 3249 818 adeo,
3307 767 3432 822 qua
3483 766 3552 805 ex

278 859 545 927 γνώσεως
568 856 1046 929 περιλαμπόμεθα,
1071 856 1167 910 καὶ
1187 855 1294 908 τῶν
1316 854 1504 907 παθῶν
1525 854 1626 922 τῆς
1645 852 1870 922 ἀτιμίας

1975 848 2282 904 Christiana
2311 850 2517 919 pietate
2539 856 2671 904 sunt
2698 856 2922 904 orantes
2952 844 3337 906 exaudiemur,
3358 843 3558 896 Deum-

278 949 748 1020 ὲλευθερούμεθα,
777 949 871 1002 καὶ
906 946 1088 1016 πάσης
1124 946 1325 1017 ἀρετῆς
1358 942 1736 1015 πληρούμεθα,
1772 942 1868 994 καὶ

1975 956 2075 1009 que
2101 956 2321 1010 semper
2345 942 2632 996 nobiscum
2663 941 3080 1003 habebimus,ac
3110 936 3383 992 desiderio
3407 934 3555 1004 quod

280 1040 398 1093 ὑπὸ
419 1042 518 1110 τῆς
556 1040 713 1110 δόξης
740 1039 832 1093 τοῦ
858 1033 992 1091 Θεοῦ
1036 1036 1529 1108 καταλαμπόμεθα,
1569 1036 1661 1089 καὶ
1687 1035 1869 1103 πάσης

1975 1032 2157 1101 pietati
2186 1033 2378 1097 haeret,
2410 1034 2782 1103 implebimur.

278 1133 515 1200 ἀγνοίας
542 1130 1007 1201 ὲλευθερούμεθα·
1052 1131 1145 1183 καὶ.
1174 1129 1600 1199 προσευχόμενοι
1635 1127 1704 1180 τὰ
1731 1119 1994 1195 Χριστοῦ,
2029 1125 2446 1195 είσακουόμεθα,
2513 1125 2605 1179 καὶ
2668 1124 2759 1178 τὸν
2822 1123 2954 1175 Θεδν
3004 1120 3122 1192 μεθ’
3156 1119 3315 1192 ήμῶν
3347 1118 3551 1186 ἕξομεν

278 1225 380 1278 διὰ
418 1224 636 1287 παντὸς,
677 1224 771 1276 καὶ
809 1222 912 1292 τῆς
957 1222 1097 1276 κατὰ
1130 1222 1261 1275 Θεὸν
1315 1221 1609 1291 ἐπιθυμίας
1639 1212 2018 1288 πληρούμεθα.

367 1316 476 1387 μβ’.
544 1317 944 1386 Ἀγαπήσωμεν
998 1312 1091 1370 οὖν
1149 1316 1442 1384 ἀλλήλους,
1497 1317 1589 1368 καὶ
1650 1309 1878 1381 ἀγαπώ-

288 1409 436 1481 μεθα
471 1408 575 1461 ὑπὸ
600 1405 887 1459 τοῦηΘεοῦ.
922 1405 1454 1476 Μακροθυμήσωμεν
1488 1406 1575 1456 ἐπ’
1602 1403 1876 1472 ἀλλήλοις,

286 1501 390 1555 καὶ
433 1499 776 1571 μακροθυμεῖ
801 1497 893 1550 ἐπὶ
930 1499 1047 1560 ταῖς
1074 1497 1369 1567 ἁμαρτίαις
1404 1495 1582 1565 ἡμῶν.
1615 1494 1707 1564 Μὴ
1736 1495 1876 1545 ἀπο-

284 1592 473 1660 δῶμεν
501 1589 666 1641 κακὸν
695 1587 816 1643 ἀντὶ
872 1586 1066 1651 κακοῦ,
1094 1599 1100 1605 ’
1126 1587 1223 1640 καὶ
1265 1587 1365 1639 οὐκ
1421 1585 1879 1655 ἀπολαμϐάνομεν

287 1681 436 1736 κατὰ
467 1679 565 1742 τὰς
599 1678 870 1751 ἁμαρτίας
906 1677 1083 1749 ἡμῶν.
1107 1677 1219 1747 Τὴν
1251 1676 1361 1747 γὰρ
1393 1674 1741 1746 συγχώρησιν
1765 1672 1874 1725 τῶν

287 1770 759 1842 παραπτωμάτων
800 1767 980 1839 ήμῶν,
1013 1768 1071 1820 ἐν
1107 1770 1176 1838 τῇ
1227 1767 1569 1836 συγχωρήσει
1591 1765 1697 1819 τῶν
1724 1763 1877 1817 ἀδελ-

288 1861 410 1931 φῶν
446 1860 794 1932 εὑρίσκομεν.
819 1861 927 1912 Καὶ
949 1858 1009 1911 τὸ
1033 1859 1181 1923 ἔλεος
1206 1857 1299 1911 τοῦ
1322 1856 1478 1919 θεοῦ,
1505 1858 1563 1910 ἐν
1595 1859 1662 1927 τῇ
1714 1855 1873 1925 ἐλεη-

2053 1313 2141 1366 4‘2.
2177 1313 2283 1367 Alii
2321 1314 2490 1385 igitur
2524 1313 2663 1367 alios
2698 1311 3014 1382 diligamus,
3052 1315 3109 1363 et
3140 1324 3171 1362 a
3199 1308 3315 1362 Deo
3362 1305 3558 1375 dilige-

1981 1416 2123 1454 mur.
2152 1403 2255 1456 Alii
2283 1404 2337 1456 in
2363 1404 2501 1458 alios
2524 1403 2685 1471 longa
2716 1400 2984 1471 patientia
3014 1414 3077 1452 ac
3108 1398 3331 1452 lenitate
3361 1395 3558 1458 simus,

1979 1493 2198 1562 eritque
2227 1495 2371 1550 Deus
2396 1503 2457 1548 ut
2487 1494 2769 1564 indulgeat
2806 1492 3047 1563 peccatis
3071 1488 3299 1543 nostris.
3318 1487 3398 1541 Ne
3427 1485 3557 1540 red-

1980 1584 2175 1640 damus
2200 1587 2399 1640 malum
2432 1603 2533 1656 pro
2568 1584 2734 1649 malo,
2769 1593 2826 1638 et
2855 1580 3158 1637 secundum
3190 1585 3412 1649 peccata
3453 1592 3556 1631 no-

1981 1686 2094 1732 stra
2123 1695 2234 1733 non
2264 1679 2595 1749 recipiemus
2617 1678 2683 1732 ⁸⁷.
2706 1677 3037 1732 Delictorum
3067 1672 3214 1728 enim
3244 1677 3558 1725 nostrorum

1980 1767 2402 1838 indulgentiam,
2436 1769 2492 1822 in
2520 1768 2749 1822 fratrum
2791 1763 3130 1834 indulgentia
3179 1758 3555 1823 inveniemus;

1980 1859 2143 1931 392
2184 1860 2389 1929 Deique
2424 1857 2825 1920 misericordia,
2860 1856 2915 1909 in
2946 1852 3184 1924 proximi
3212 1851 3560 1918 cleemosyna

292 1949 505 2023 μοσύνῃ
562 1947 658 2000 τοῦ
683 1947 911 2026 πλησίον
940 1948 1327 2016 ἐγκέκρυπται.
1362 1945 1461 1998 Διὰ
1499 1944 1655 1998 τοῦτο
1701 1946 1730 1997 6
1764 1943 1874 1996 Κύ-

1977 1922 2438 2007 ξῦεῶηᾶίιιίρει.
2495 1950 2711 2005 Idcirco
2765 1922 3031 2002 Dominus
3082 1943 3303 1998 aiebat:
3342 1939 3563 1994 Dimitte

289 2058 411 2114 ριος
437 2039 620 2106 ἔλεγεν
651 2055 664 2069 ·
702 2039 926 2107 Ἄφετε,
959 2036 1056 2092 καὶ
1093 2039 1457 2106 ἀφεθήσεται
1489 2035 1650 2105 ὑμῖν.
1711 2035 1818 2088 Καὶ
1854 2073 1870 2100 ,

303 2129 445 2183 Ἐὰν
507 2128 699 2198 ἀφῆτε
752 2128 872 2194 τοῖς
915 2126 1248 2196 ἀνθρώποις
1298 2128 1369 2181 τὰ
1429 2123 1876 2194 παραπτώματα

290 2217 513 2283 αὐτῶν,
546 2218 644 2270 καὶ
679 2220 712 2271 ό
761 2217 963 2283 Πατὴρ
1009 2217 1176 2286 ὑμῶν
1235 2221 1268 2272 ό
1321 2217 1600 2287 οὐράνιος
1651 2215 1876 2286 ἀφήσει

288 2308 440 2378 ὑμῖν
468 2309 540 2362 τὰ
575 2308 1018 2377 παραπτώματα
1045 2307 1233 2377 ὑμῶν.
1278 2310 1389 2363 Καὶ
1421 2308 1584 2363 πάλιν
1617 2324 1632 2339 ’
1669 2306 1876 2362 Μακά-

284 2414 410 2465 ριοι
442 2399 497 2449 ol
534 2395 878 2464 ἐλεήμονες,
904 2398 995 2449 ὅτι
1017 2394 1187 2450 αὐτοὶ
1212 2395 1663 2464 ἐλεηθήσονται.
1715 2393 1827 2447 Καὶ
1857 2433 1873 2459 ,

293 2476 372 2553 ’ῼ
394 2481 587 2552 μέτρῳ
620 2481 899 2548 μετρεῖτε,
943 2481 1513 2551 ἀντιμετρηθήσεται
1548 2479 1712 2550 ὑμῖν.
1743 2480 1875 2534 Ἰδοὺ

294 2572 591 2641 ἐχαρίσατο
615 2573 746 2640 ήμίν
774 2573 803 2623 6
833 2570 1034 2640 Κύριος
1056 2571 1255 2642 τρόπον
1294 2571 1589 2641 σωτηρίας,
1619 2571 1714 2623 καὶ¹
1744 2570 1877 2622 ἔδω-

294 2676 395 2715 κεν
437 2662 569 2730 ἡμῖν
596 2659 843 2724 ἐξουσίαν
875 2661 1090 2715 αἰώνιον
1117 2660 1212 2714 τοῦ
1247 2654 1500 2730 γενέσθαι
1520 2660 1689 2714 τέκνα
1714 2658 1873 2713 Θεοῦ⁶

295 2749 396 2804 καὶ
415 2751 472 2803 ὲν
504 2749 581 2822 τῷ
634 2749 895 2822 θελήματι
946 2750 1105 2822 ήμῶν
1153 2753 1270 2804 ἐστι
1320 2750 1503 2805 λοιπὸν
1544 2753 1579 2822 ή
1632 2750 1876 2821 σωτηρία

297 2839 478 2911 ἡμῶν·

184 2941 191 2947 ’
376 2928 486 2999 μγ’.
530 2929 719 3000 Δῶμεν
769 2925 860 2984 οὖν
883 2931 1110 2995 ἑαυτοὺς
1151 2931 1230 3002 τῷ
1253 2933 1443 3005 Κυρίῳ
1473 2933 1534 2997 ἐξ
1557 2933 1875 3004 ὁλοκλήρου,

301 3020 391 3074 ἶνα
420 3020 712 3092 ὁλόκληρον
762 3021 921 3075 αὑτὸν
970 3021 1369 3093 άντιλλάϐωμεν.
1428 3025 1723 3094 Γενώμεθα
1764 3024 1876 3078 Θεοὶ

298 3112 367 3166 δι’
419 3113 621 3166 αὐτόν·
682 3112 770 3166 διὰ
814 3113 922 3185 γὰρ
959 3114 1119 3167 τοῦτο
1166 3115 1453 3185 ἄνθρωπος
1471 3116 1684 3185 γέγονε,
1717 3116 1876 3184 φύσει

299 3202 377 3256 ὢν
428 3203 561 3267 Θεὸς
589 3204 685 3257 καὶ
725 3205 1019 3274 Δεσπότης.
1083 3205 1512 3276 Ὑπακούσωμεν
1570 3206 1740 3277 αὐτῷ,
1780 3207 1875 3260 καὶ

299 3294 464 3357 αὐτὸς
491 3293 791 3364 ἀκαμάτως
816 3295 1081 3362 ἀμύνεται
1105 3296 1232 3359 τοὺς
1257 3295 1489 3366 ἐχθροὺς
1516 3296 1672 3365 ήμῶν
1704 3314 1719 3328 ο
1748 3299 1817 3350 El
1844 3299 1875 3349 ὀ

299 3387 451 3452 λαός
476 3402 594 3453 μου
628 3385 858 3452 ἤκουσέ
878 3404 1017 3455 μου,
1049 3388 1234 3458 φησὶν,
1273 3388 1521 3456 Ἰσραὴλ
1558 3388 1686 3454 ταῖς
1715 3386 1876 3454 ὁδοῖς

296 3492 416 3543 μου
446 3479 498 3529 el
531 3476 821 3544 ἐπορεύθη
847 3494 861 3509 ·
908 3478 978 3532 ἐν
1011 3479 1090 3544 τῷ
1116 3479 1333 3547 μηδενί
1356 3480 1432 3534 ἂν
1463 3481 1605 3546 τοὺς
1624 3482 1877 3548 ἐχθροὺς

300 3564 499 3619 αὐτῶν
549 3566 942 3629 ἐταπείνωσα,
990 3569 1088 3622 καί
1121 3569 1217 3622 ἐπὶ
1250 3569 1390 3636 τοὺς
1419 3571 1737 3636 θλίϐοντας
1767 3573 1876 3624 αὐ·-

301 3657 447 3724 τοὺς
474 3658 773 3713 ἐπέϐαλον
801 3659 878 3713 ἂν
925 3660 1041 3729 τὴν
1090 3662 1256 3729 χεῖρά
1300 3680 1436 3728 μου.
1498 3663 1711 3716 Πᾶσαν
1762 3661 1878 3728 τὴν

301 3748 519 3801 ἐλπίδα
540 3749 704 3817 ἡμῶν
727 3750 818 3802 ἐπ’
847 3753 1034 3805 αὐτὸν
1062 3753 1253 3820 μόνον
1287 3752 1582 3821 θήσωμεν.
1624 3755 1731 3805 Καὶ
1770 3754 1877 3805 πᾶ-

305 3855 402 3893 σαν
433 3839 531 3909 τὴν
566 3841 835 3909 μέριμναν
866 3840 1025 3910 ήμῶν
1068 3840 1152 3892 ἐπ’
1188 3841 1348 3894 αὑτὸν
1393 3842 1551 3910 μόνον
1607 3842 1869 3911 ῥίψωμεν,

304 3929 397 3982 καὶ
443 3932 507 3982 ὲκ
545 3931 724 3999 πάσης
762 3929 1012 3999 θλίψεως,
1068 3931 1230 3993 αὐτὸς
1279 3932 1427 4001 ἡμᾶς
1474 3930 1732 4001 ῥύσεται·
1778 3932 1873 3985 καὶ

305 4019 482 4072 πάντα
520 4018 611 4072 τὸν
655 4018 787 4089 βίον,
834 4020 993 4083 αὐτὸς
1031 4022 1180 4090 ἡμᾶς
1217 4020 1511 4091 διαθρέψει.
1559 4021 1745 4077 Πάντα
1775 4022 1873 4091 μὲν

239 4140 244 4145 -
304 4108 584 4180 ἄνθρωπον
615 4110 678 4162 ἐκ
709 4108 885 4178 ψυχῆς
924 4110 1298 4180 ἀγαπήσωμεν
1320 4124 1332 4137 ·
1364 4112 1457 4163 ἐπὶ
1489 4110 1678 4181 μηδενὶ
1701 4112 1756 4164 δὲ
1782 4113 1873 4165 άν-

305 4198 533 4270 ορώπων
557 4201 656 4269 τὴν
683 4200 870 4252 ἐλπίδα
896 4199 1151 4271 θήσωμεν
1180 4219 1193 4233 ·
1235 4202 1317 4256 ὃτι
1346 4203 1430 4271 ἐφ’
1467 4204 1590 4256 ὅσον
1624 4205 1653 4256 6
1675 4203 1875 4272 Κύριος

307 4292 557 4362 συντηρετ
584 4291 753 4360 ἡμᾶς,
780 4290 876 4344 καὶ
896 4292 946 4344 οἱ
967 4291 1108 4361 φίλοι
1131 4293 1331 4357 πάντες
1357 4296 1504 4366 ἡμᾶς
1530 4296 1871 4368 περιέπουσι,

305 4385 395 4438 καὶ
422 4388 471 4438 οἱ
504 4385 689 4456 ἐχθροὶ
720 4386 922 4450 πάντες
952 4387 1087 4459 πρὸς
1111 4390 1261 4459 ἡμᾶς
1292 4390 1666 4445 ἀδυνατοῦσιν.
1702 4390 1874 4445 Ἐπὰν

304 4474 359 4529 δὲ
389 4478 418 4530 6
469 4476 671 4545 Κύριος
694 4478 842 4547 ἡμᾶς
871 4478 1265 4554 ἐγκαταλείπῃ,
1310 4481 1433 4535 τότε
1486 4468 1680 4536 καῖοἱ
1730 4482 1872 4553 φίλοι

1975 2049 2025 2095 et
2062 2042 2358 2096 dimittetur
2381 2042 2522 2097 vobis
2548 2040 2613 2096 “'.
2663 2041 2778 2095 Et:
2816 2036 2875 2093 Si
2913 2036 3219 2090 dimiseritis
3265 2030 3559 2086 hominibus

1974 2134 2164 2188 delicta
2186 2151 2387 2199 eorum,
2419 2135 2581 2188 etiam
2613 2133 2774 2188 Pater
2824 2138 2992 2184 vester
3059 2127 3279 2182 caelestis
3329 2124 3561 2177 dimittet

1975 2228 2114 2281 vobis
2149 2234 2365 2298 peccata
2414 2233 2589 2281 vestra
2624 2225 2690 2277 ι’.
2730 2224 2798 2278 Ει
2847 2237 3103 2277 rursum:
3142 2218 3296 2275 Beati
3355 2216 3560 2269 miseri-

1974 2319 2176 2381 cordes,
2212 2318 2464 2388 quoniam
2494 2316 2597 2388 ipsi
2623 2313 3037 2369 misericordiam
3073 2316 3459 2378 consequentur
3486 2306 3555 2360 ⁵⁸.

1974 2409 2071 2462 Ει;
2095 2408 2160 2463 1η
2171 2426 2274 2479 qua
2297 2425 2547 2462 mensura
2573 2407 2738 2460 mensi
2761 2405 2988 2476 fueritis,
3009 2402 3315 2456 remetietur
3330 2394 3554 2453 vobis“.

1974 2502 2078 2566 En,
2112 2501 2379 2555 Dominus
2414 2498 2608 2553 salutis
2638 2497 2801 2551 nobis
2828 2494 3051 2549 modum
3093 2490 3343 2554 indulsit,
3395 2497 3560 2543 teter-

1975 2605 2219 2659 namque
2252 2588 2412 2643 nobis
2442 2596 2773 2657 potestatem
2805 2584 2978 2647 dedit,
3012 2589 3072 2635 ut
3111 2579 3417 2635 efﬁciamur
3455 2577 3554 2632 lilii

1975 2681 2072 2735 Dei
2098 2681 2144 2712 "
2171 2696 2184 2733 :
2212 2687 2376 2748 atque
2406 2678 2543 2733 adeo
2573 2686 2760 2733 nostra
2792 2676 2940 2732 salus
2966 2674 3025 2728 in
3046 2680 3236 2727 nostra
3288 2670 3554 2740 deinceps

1973 2772 2257 2826 voluntate
2285 2771 2461 2840 posita
2489 2769 2583 2825 sit.

2046 2948 2134 3004 15.
2161 2947 2336 3018 Igitur
2358 2962 2460 3001 nos
2491 2946 2592 3016 ipsi
2614 2962 2681 3001 ex
2699 2952 2813 3000 toto
2835 2943 3000 3000 corde
3028 2941 3261 2997 Domino
3285 2936 3554 2993 dedamus

1977 3045 2040 3092 ut
2070 3047 2245 3091 totum
2273 3037 2452 3106 ipsum
2486 3035 2837 3104 recipiamus.
2866 3033 2951 3087 Dii
2974 3040 3203 3102 propter
3237 3030 3415 3099 ipsum
3439 3024 3559 3081 efﬂ-

1977 3128 2191 3209 ciamur
2217 3145 2229 3178 :
2261 3125 2315 3179 id
2345 3124 2491 3179 enim
2516 3138 2693 3178 causae
2718 3132 2822 3187 est,
2844 3138 2945 3176 cur
2978 3120 3070 3189 qui
3101 3127 3298 3171 natura
3327 3116 3473 3169 Deus
3491 3127 3558 3168 ac

1903 3249 1944 3306 ε
1979 3206 2247 3271 Dominus
2275 3223 2442 3278 esset,
2481 3214 2648 3268 homo
2672 3213 2848 3267 factus
2868 3212 2960 3267 sit.
2993 3211 3150 3265 Dicto
3169 3207 3249 3262 illi
3270 3206 3560 3261 audientes

1978 3309 2167 3371 simus,
2203 3308 2426 3375 ipseque
2472 3306 2626 3359 nullo
2655 3304 2875 3374 negotio
2908 3303 3096 3356 hostes
3135 3307 3352 3354 nostros
3417 3297 3559 3352 ulci-

1978 3410 2202 3455 scctur:
2235 3398 2293 3453 Si
2322 3396 2547 3470 populus
2577 3414 2723 3451 meus
2755 3397 2987 3448 audisset
3022 3409 3122 3457 me,
3163 3391 3360 3461 inquit,
3385 3389 3560 3445 Israel

1975 3492 2021 3544 si
2051 3491 2102 3543 in
2133 3490 2225 3543 viis
2260 3489 2386 3543 meis
2414 3487 2735 3542 ambulassct
2765 3527 2779 3550 ,
2810 3487 2864 3538 in
2888 3483 3051 3539 nihilo
3074 3482 3296 3554 forsitan
3317 3480 3560 3535 inimicos

1977 3600 2159 3637 eorum
2180 3580 2562 3645 Izumiliasscm,
2594 3589 2645 3633 et
2680 3596 2840 3650 super
2869 3576 3183 3633 tribulantes
3245 3592 3330 3630 eos
3386 3576 3560 3629 misis-

1974 3691 2085 3727 sem
2119 3691 2340 3727 manum
2369 3690 2543 3727 meam
2568 3673 2634 3727 ⁵³.
2663 3672 2894 3727 Omnem
2917 3684 3072 3739 spem
3097 3677 3343 3724 nostram
3399 3667 3454 3721 in
3491 3680 3558 3719 eo

1976 3763 2093 3817 solo
2122 3778 2415 3832 ponamus,
2470 3777 2799 3831 omnemque
2854 3760 3279 3815 sollicitudinem
3313 3769 3556 3814 nostram

1977 3851 2033 3903 in
2065 3865 2191 3904 eum
2217 3850 2591 3921 projiciamus,
2617 3859 2674 3903 et
2700 3849 2815 3918 ipse
2841 3864 2909 3902 ex
2936 3848 3087 3901 omni
3109 3845 3462 3900 tribulatione
3492 3845 3559 3899 li-

1976 3939 2196 3995 berabit
2224 3955 2354 4004 nos;
2389 3947 2669 4008 totamque
2693 3939 2862 3993 vitam
2887 3939 3003 4008 ipse
3033 3938 3293 3993 enutriet.
3325 3936 3556 3991 Omnem

1977 4029 2199 4102 quidem
2248 4029 2526 4083 hominem
2564 4045 2632 4083 ex
2688 4029 2874 4082 animo
2930 4028 3242 4099 diligamus,
3300 4026 3355 4080 in
3403 4025 3559 4080 nullo

1976 4129 2159 4175 tamen
2202 4119 2489 4174 hominum
2538 4133 2692 4187 spem
2748 4133 3019 4188 ponamus
3057 4136 3070 4171 :
3112 4117 3359 4188 quandiu
3407 4116 3557 4173 enim

1976 4210 2242 4265 Dominus
2263 4224 2364 4264 nos
2401 4215 2710 4271 conservat,
2748 4207 2937 4262 tandiu
2970 4207 3137 4261 etiam
3159 4221 3351 4262 omnes
3395 4204 3556 4260 amici

1977 4302 2172 4355 colunt
2199 4308 2257 4355 et
2281 4299 2597 4362 observant,
2620 4298 2867 4367 nullique
2888 4297 3176 4352 adversum
3208 4311 3310 4351 nos
3345 4296 3556 4351 inimici

1975 4393 2476 4467 praevalebunt.At,
2504 4393 2601 4448 ubi
2628 4408 2730 4448 nos
2745 4393 3012 4449 Dominus
3037 4392 3559 4463 dereliquerit,tunc

1975 4496 2033 4541 et
2053 4485 2217 4541 amici
2247 4499 2441 4539 omnes
2473 4484 2887 4554 derelinquunt,
2917 4483 3222 4553 omnesq‘ue
3264 4484 3557 4539 adversum

305 4568 499 4632 πάντες
527 4568 998 4636 ὲγχαταλείπουσι,
1049 4572 1143 4625 καὶ
1189 4574 1236 4626 οἱ
1287 4572 1470 4644 ἐχθροὶ
1518 4573 1717 4639 πάντες
1754 4573 1874 4629 καθ’

1982 4593 2086 4632 nos
2114 4576 2325 4631 inimici
2350 4576 2712 4632 invalescunt.
2741 4575 2848 4631 Sed
2872 4584 2930 4630 et
2961 4574 3055 4645 qui
3085 4576 3141 4629 in
3167 4575 3351 4646 scipso
3380 4575 3557 4630 conti-

305 4660 456 4731 ήμῶν
490 4658 788 4729 ίσχύουσιν.
828 4660 988 4714 Ἀλλά
1026 4662 1120 4715 καὶ
1163 4663 1192 4715 6
1225 4666 1305 4728 είς
1359 4665 1583 4719 σεαυτὸν
1632 4666 1868 4738 θαρρῶν,

306 4750 546 4801 πεσεῖται
578 4748 778 4818 πτῶμα
803 4749 1040 4817 ἐξαίσιον
1070 4768 1085 4782 ·
1117 4752 1146 4805 6
1176 4753 1234 4807 δὲ
1269 4752 1601 4826 φοϐούμενος
1627 4756 1719 4811 τὸν
1757 4756 1873 4810 Κύ-

310 4854 438 4909 ριον,
472 4838 838 4909 ὑψωθήσεται.
873 4841 972 4894 Διὰ
1027 4841 1185 4897 τοῦτο
1225 4845 1455 4899 ὀ’Δα6¹ιδ
1511 4847 1695 4917 ἔλεγεν
1720 4860 1735 4878 ο
1789 4850 1873 4903 Οὐ

305 4927 409 4998 γὰρ
436 4927 531 5018 ἐπὶ
556 4925 636 4993 τῷ
673 4927 828 4996 τόξῳ
854 4947 968 5018 μου
1005 4932 1211 4998 ἐλπιῶ,
1244 4936 1342 4990 καί
1373 4937 1412 5004 ἠ
1452 4938 1718 5008 ,ῥομφαία
1753 4958 1872 5010 μου

306 5020 373 5072 οὺ
422 5017 606 5072 σώσει
625 5036 717 5088 με.
755 5022 1038 5089 Ἕσωσας
1065 5024 1175 5094 γὰρ
1199 5027 1357 5095 ἡμᾶς
1391 5028 1459 5083 ἐκ
1487 5029 1607 5084 τῶν
1636 5034 1876 5087 θλιϐόν-

306 5124 419 5162 των
433 5106 608 5177 ἡμᾶς,
627 5110 727 5163 καὶ
747 5111 892 5179 τοὺς
905 5114 1241 5182 μισοῦντας
1262 5117 1439 5187 ἡμᾶς,
1467 5122 1874 5192 κατῄσχυνας.

318 5258 321 5263 ἱ
372 5196 474 5266 μδ’.
507 5198 597 5268 Μὴ
628 5198 996 5271 άνασχώμεθα
1020 5202 1130 5258 τῶν
1164 5205 1441 5275 λογισμῶν
1482 5209 1591 5262 τῶν
1640 5228 1872 5283 σμικρυο

306 5288 495 5342 νόντων
538 5289 698 5360 ἡμῶν
745 5291 845 5353 τὰς
877 5293 1173 5383 ἁμαρτίας,
1205 5300 1300 5352 καὶ
1339 5300 1440 5369 τὴν
1478 5301 1670 5369 ἄφεσιν
1697 5304 1878 5359 αὐτῶν

307 5379 580 5451 γεγονέναι
632 5379 1069 5453 μαντευομένων.
1114 5389 1248 5459 Περὶ
1272 5390 1453 5445 αὐτῶν
1479 5393 1585 5465 γὰρ
1613 5396 1641 5447 6
1670 5394 1873 5465 Κύριος

305 5469 725 5542 ἀσφαλιζόμενος
780 5474 946 5543 ἡμᾶς,
997 5476 1148 5546 ἔλεγε
1182 5497 1196 5514 ο
1255 5483 1588 5553 Προσέχετε
1639 5486 1874 5554 ἑαυτοῖς

305 5559 416 5616 ἀπὸ
461 5557 579 5613 τῶν
636 5560 1174 5634 ψευδοπροφητῶν,
1244 5571 1463 5639 οἵτινες
1517 5573 1873 5631 ἐλεύσονται

371 5765 416 5847 ‘1
452 5765 611 5847 R_om.
661 5784 765 5847 xu,
789 5770 999 5847 _l".'.___“
1031 5773 1165 5847 huc.
1196 5792 1272 5847 vi,
1298 5778 1384 5832 Η.
1460 5777 1505 5812 δ’
1535 5779 1726 5836 Matth.
1758 5796 1833 5847 vr,
1866 5786 1874 5834 ἢ

2029 5779 2075 5813 ⁸⁸
2103 5778 2293 5835 Matth.
2330 5795 2382 5844 v,
2417 5779 2469 5833 7.

309 5829 348 5861 ⁵³
381 5837 521 5892 Psal.
552 5854 710 5905 ωαχ,
742 5829 829 5905 14,
874 5841 963 5896 15.
1035 5843 1080 5877 ⁸⁸
1113 5829 1434 5917 Ρεαιίιέιξιιι,
1465 5851 1517 5915 7,
1537 5829 1595 5905 ἓξ

1980 4667 2081 4733 dit,
2115 4667 2388 4737 stupendo
2413 4682 2542 4721 casu
2571 4665 2862 4721 collidetur
2890 4683 2904 4717 :
2932 4666 3027 4735 qui
3058 4675 3242 4722 autem
3274 4666 3428 4721 timet
3454 4667 3556 4721 Do-

1981 4760 2214 4824 minum,
2247 4758 2600 4815 exaltabitur.
2647 4758 2856 4814 Idcirco
2912 4759 3077 4813 etiam
3119 4758 3303 4813 aiebat
3344 4757 3549 4813 David:

1976 4847 2097 4903 Non
2122 4848 2261 4901 enim
2288 4849 2341 4901 in
2372 4864 2499 4900 arcu
2520 4862 2633 4901 meo
2662 4848 2905 4919 sperabo,
2943 4855 2991 4901 et
3022 4847 3232 4919 gladius
3268 4864 3413 4901 meus
3446 4863 3549 4901 non

1977 4938 2204 4993 salvabit
2232 4954 2332 4992 me.
2364 4935 2600 4993 Salvasti
2628 4938 2768 4991 enim
2806 4954 2901 4992 nos
2940 4953 3004 4991 ea:
3042 4936 3384 5008 aﬁligentibus
3435 4951 3552 5002 nos,

1978 5038 2029 5084 et
2059 5046 2144 5084 eos
2168 5030 2259 5101 qui
2287 5045 2380 5083 nos
2408 5029 2651 5093 oderunt,
2681 5028 2961 5097 confudisti
2994 5027 3059 5081 ⁸⁵.
3356 5010 3361 5015 ί

2047 5213 2138 5269 44.
2159 5211 2238 5267 Ne
2270 5210 2323 5265 id
2347 5226 2520 5281 genus
2573 5209 2967 5280 cogitationum
3001 5207 3386 5272 sustineamus,
3433 5221 3554 5275 quae

1979 5313 2209 5378 peccata
2252 5311 2445 5357 nostra
2500 5301 2839 5363 diminuunt,
2889 5314 3063 5367 eaque
3110 5297 3270 5353 nobis
3327 5297 3555 5353 remissa

1978 5398 2306 5455 ariolantur.
2333 5392 2540 5449 Cautes
2566 5393 2715 5448 enim
2739 5393 2808 5448 de
2834 5392 2942 5447 illis
2973 5405 3074 5446 nos
3103 5407 3222 5446 esse
3253 5392 3556 5448 admonens

1976 5487 2262 5548 Dominus,
2290 5482 2474 5537 aiebat
2502 5500 2517 5536 :
2553 5482 2819 5537 Attendite
2844 5481 2983 5535 vobis
3013 5497 3046 5534 a
3092 5480 3243 5550 falsis
3289 5482 3554 5552 praplzetis

1978 5580 2068 5648 qui
2088 5574 2299 5630 venient
2339 5572 2409 5626 ad
2442 5589 2530 5628 vos
2555 5573 2610 5627 in
2636 5572 2951 5628 vestimentis
2980 5572 3154 5626 ovium
3175 5613 3194 5639 ,
3243 5573 3556 5627 intrinsecus

2570 5778 2615 5810 ⁸¹
2646 5774 2837 5831 Matth.
2867 5790 2964 5842 vn,
2988 5774 3044 5830 ‘2.
3121 5776 3167 5808 "
3199 5774 3356 5831 Joan.
3383 5789 3422 5841 ι,
3458 5771 3545 5831 12.
