4140 6322
559 422 669 485 955

1686 434 1747 493 s.
1787 418 2074 497 MAXIMI
2115 436 2622 508 CONFESSORIS

3709 461 3813 526 956

563 542 743 591 autem
765 548 889 593 sunt
919 538 1030 610 lupi
1049 557 1266 612 rapaces
1293 542 1361 596 ⁸³.
1391 542 1642 611 Quandiu
1675 547 1823 603 enim
1851 565 2007 605 mens
2031 567 2133 607 ne-

2236 556 2388 624 πρὸς
2440 558 2594 629 ὑμᾶς
2629 562 2703 617 ἐν
2740 560 3037 635 ἐνδύμασι
3075 565 3383 633 προϐάτων
3407 584 3420 599 ·
3473 566 3703 626 ἔσωθεν
3723 573 3809 640 δὲ,

567 636 683 680 sua
713 636 938 696 peccato
966 629 1238 696 turbatur,
1276 632 1510 688 necdum
1537 637 1658 706 ejus
1685 637 1902 692 veniam
1935 655 2134 697 conse-

563 714 677 768 cuti
700 730 924 770 sumus:
954 718 1195 773 nondum
1216 721 1362 775 enim
1402 721 1596 793 dignos
1633 725 1971 795 pmnitentiae
2021 728 2137 783 fru-

561 814 686 859 ctus
723 805 975 863 fecimus.
1002 809 1342 868 Pcenitentia:
1365 812 1579 870 fructus
1599 825 1683 871 est
1728 817 1896 872 animi
1931 819 2136 889 imper-

559 896 804 951 turbatio
820 908 1056 969 rataque
1088 900 1248 971 393
1308 905 1721 973 tranquillitas:
1766 907 1882 963 lucc
1927 922 2132 976 autem,

559 988 776 1058 peccati
805 998 891 1043 est
923 990 1174 1046 abolitio.
1198 993 1444 1052 Necdum
1487 1005 1670 1050 autem
1710 997 2008 1067 perfectam
2066 1001 2134 1055 il-

555 1078 666 1135 lam
693 1080 1244 1149 imperturbationem
1268 1099 1332 1141 ac
1362 1088 1820 1156 tranquillitatem
1864 1091 2011 1145 nacti
2037 1107 2134 1144 su-

556 1174 835 1243 mus;qui
862 1175 1028 1230 modo
1065 1176 1287 1246 quidem
1330 1178 1560 1234 affectus
1617 1182 1877 1235 molestos
1927 1184 2133 1237 sentia-

556 1279 702 1329 mus,
728 1265 893 1321 modo
919 1276 1105 1322 autem
1147 1284 1257 1323 non
1296 1271 1617 1325 sentiamus.
1664 1272 1916 1326 Nondum
1965 1273 2131 1344 igitur

554 1364 908 1425 peccatorum
927 1360 1143 1414 veniam
1164 1362 1409 1430 perfecte
1440 1362 1622 1432 adepti
1664 1379 1875 1418 sumus.
1916 1366 2051 1420 Nam
2100 1383 2130 1422 a

555 1456 785 1517 peccato
832 1450 1057 1519 quidem
1112 1452 1345 1522 originis
1384 1455 1525 1509 sacri
1560 1456 1901 1525 baptismatis
1948 1458 2133 1527 expia-

559 1538 710 1593 tione
733 1539 953 1595 liberati
980 1557 1212 1597 sumus:
1255 1544 1325 1597 ab
1347 1560 1412 1599 eo
1450 1554 1631 1599 autem
1662 1548 1807 1615 quod
1834 1557 2019 1602 nostra
2049 1556 2131 1604 te-

556 1627 813 1683 meritate
851 1637 978 1698 post
1022 1630 1291 1701 baptisma
1332 1634 1749 1701 committimus,
1801 1652 1904 1705 per
1957 1637 2133 1706 poeni-

556 1720 784 1775 tentiam
803 1721 1125 1778 liberamur.

625 1812 714 1866 45.
740 1811 882 1869 Vere
926 1815 1095 1884 igitur
1121 1816 1501 1885 paenitentiam
1546 1833 1789 1889 agamus,
1816 1826 1879 1874 ut
1921 1835 1951 1874 ο
1980 1818 2132 1876 vitiis

2234 644 2350 697 εἰσὶ
2389 646 2567 730 λύκοι
2599 647 2881 722 ἅρπαγες.
2929 652 3045 721 Ἐφ’
3092 652 3214 708 ὅσον
3268 653 3379 725 γὰρ
3402 655 3432 707 ό
3479 655 3603 720 νοῦς
3654 660 3812 730 ἡμῶν

2236 734 2341 789 ὑπὸ
2379 727 2480 807 τῆς
2523 739 2799 811 ἁμαρτίας
2824 742 3079 813 ὀχλεῖται,
3112 743 3267 798 οὔπω
3287 747 3386 816 τῆς
3414 727 3811 819 amt..qu

2234 826 2406 897 αὐτῆς
2434 828 2700 901 ἐτύχομεν
2731 848 2746 863 ’
2774 833 2985 888 οὐδέπω
3017 833 3128 906 γὰρ
3179 837 3427 906 καρποὺς
3468 837 3655 904 ἀξίους
3709 840 3808 911 τῆς

2237 919 2522 986 μετανοίας
2574 924 2972 994 πεποιήκαμεν.
3030 924 3256 996 Καρπδς
3305 928 3595 995 μετανοίας
3639 930 3808 995 ἐστὶν,

2233 1005 2472 1062 ἀπάθεια
2524 1009 2704 1081 ψυχῆς
2731 1025 2747 1040 ·
2801 1011 3043 1066 ἀπάθεια
3090 1013 3169 1076 δὲ,
3204 1013 3479 1083 egentet,-
3513 1017 3786 1089 ἁμαρτίας

2235 1095 2402 1150 Οὔπω
2426 1098 2482 1152 δὲ
2508 1098 2704 1171 ἔχομεν
2735 1101 2945 1156 τελείαν
2976 1103 3266 1166 ἀπάθειαν,
3322 1105 3451 1157 ποτὲ
3491 1106 3588 1175 μὲν
3623 1106 3809 1176 ὀχλούο

2237 1203 2387 1256 μενοι
2434 1190 2540 1243 ὑπὸ
2582 1192 2690 1244 τῶν
2722 1192 2931 1258 παθῶν,
2966 1194 3095 1247 ποτε
3128 1194 3185 1248 δὲ
3218 1196 3292 1267 μὴ
3328 1196 3664 1267 ὀχλούμενοι.
3695 1202 3810 1255 Οὐκ

2232 1280 2343 1348 ἄρα
2366 1280 2461 1350 τῆς
2481 1281 2589 1335 τῶν
2634 1283 2917 1356 ἁμαρτιῶν
2956 1286 3203 1353 ἀφέσεως
3258 1286 3479 1353 τελείως
3521 1290 3805 1362 ἐτύχομεν.

2232 1369 2343 1439 Τῆς
2370 1370 2469 1439 μὲν
2496 1371 2604 1442 γὰρ
2636 1375 2968 1445 προγονικῆς
3020 1376 3313 1447 ἁμαρτίας,
3364 1377 3454 1433 διὰ
3503 1379 3606 1434 ’τοῦ
3647 1382 3809 1451 ἀγίου

2233 1457 2608 1530 βαπτίσματος
2633 1462 3080 1534 ὲλευθερώθημεν
3107 1480 3123 1498 ·
3158 1465 3261 1536 τῆς
3307 1467 3366 1519 δὲ
3415 1468 3555 1537 μετά
3599 1469 3660 1524 τὸ
3709 1471 3810 1542 βά-

2232 1566 2444 1620 πτισμα
2485 1551 2871 1626 τολμηθείσης,
2930 1554 3018 1610 διά
3087 1557 3188 1630 τῆς
3246 1559 3536 1629 μετανοίας
3597 1561 3809 1618 ἐλευθεο

2231 1641 2493 1714 ρούμεοα.

2306 1818 2409 1890 με’.
2460 1822 2899 1893 Μετανοήσωμεν
2940 1817 3034 1879 οὖν
3081 1824 3338 1896 γνησίως,
3370 1828 3457 1884 ἵνα
3479 1829 3590 1884 τῶν
3621 1829 3810 1895 παθῶν

556 1916 622 1957 ac
671 1905 1185 1972 perturbationibus
1230 1908 1473 1974 liberati,
1517 1920 1871 1980 peccatorum
1912 1912 2130 1968 veniam

2234 1888 2709 1985 ὲλέυθερούμενοι,
2726 1888 2828 1985 τῆς
2870 1915 2978 1970 τῶν
3029 1888 3588 1990 ἀμαρτιῶγάφέσεως
3631 1890 3810 1994 τύχω-

556 2005 980 2063 consequamur.
1010 1996 1440 2054 Contemnamus
1487 2008 1859 2072 temporanea,
1884 2019 1953 2059 ne
1998 2020 2133 2075 pro-

560 2092 682 2153 pter
714 2084 804 2140 illa
840 2087 1160 2145 hominibus
1189 2100 1519 2163 pugnantes,
1554 2092 1873 2151 dilectionis
1902 2096 2134 2151 manda.

560 2181 677 2227 tum
705 2174 997 2243 violemus,
1026 2187 1084 2233 et
1119 2194 1149 2234 a
1185 2179 1281 2235 Dei
1313 2180 1614 2236 dilectione
1642 2182 1980 2239 excidamus.
2008 2183 2132 2256 Spi-

559 2267 664 2319 ritu
694 2268 1038 2336 ambulemus,
1054 2278 1103 2324 et
1123 2272 1379 2328 desideria
1399 2276 1572 2329 carnis
1596 2291 1698 2328 non
1718 2276 2045 2346 perﬁciamus
2064 2278 2134 2332 ".

559 2357 879 2428 Vigilemus,
907 2361 1079 2416 sobrii
1114 2364 1288 2419 simus
1327 2381 1348 2432 ,ε
1396 2380 1670 2421 sommum
1711 2367 1943 2437 pigritiae
1974 2367 2135 2422 dein-

556 2462 690 2517 ceps
718 2451 1084 2508 excutiamus.
1120 2453 1351 2512 Sanctos
1396 2456 1612 2511 Domini
1658 2457 1871 2529 pugiles
1912 2459 2139 2513 aemule-

554 2555 681 2594 mur
722 2556 737 2594 :
774 2541 1059 2598 imitemur
1107 2560 1302 2601 eorum
1336 2548 1638 2603 certamina
1670 2566 1684 2602 :
1729 2563 1795 2603 ea
1821 2564 1943 2618 quae
1984 2558 2137 2606 retro

554 2640 704 2695 sunt,
731 2633 1166 2703 obliviscamur;
1213 2647 1270 2693 et
1306 2639 1374 2694 ad
1407 2655 1494 2705 ea,
1528 2656 1651 2711 qua:
1680 2650 1810 2696 sunt
1853 2656 1885 2695 a
1929 2640 2137 2708 fronte,

553 2737 655 2777 nos
688 2723 837 2793 ipsos
858 2727 1220 2783 extendamus
1235 2730 1303 2783 ".
1331 2730 1614 2785 Imitemur
1635 2748 1828 2786 eorum
1851 2732 2138 2789 assiduum

553 2828 803 2879 cursum,
823 2818 992 2871 animi
1016 2818 1289 2875 fervorem
1318 2829 1375 2876 et
1396 2823 1758 2887 alacritatem,
1781 2824 2139 2879 continentia:

553 2906 927 2974 tolerantiam,
978 2910 1248 2967 castitatis
1298 2913 1740 2979 sanctimoniam,
1787 2915 1984 2970 fortem
2037 2931 2137 2985 pa-

555 2996 827 3063 tientiam,
883 3000 1320 3071 longanimitatis
1382 3004 1791 3071 sustinentium,
1830 3007 2140 3062 miseratio-

552 3087 643 3142 nis
704 3089 1094 3157 clementiam,
1150 3096 1598 3151 mansuetudinis
1645 3098 2138 3167 tranquillitatem,

553 3181 924 3237 aemulationis
954 3184 1250 3250 fervorem,
1280 3186 1595 3243 dilectionis
1620 3188 2010 3254 sinceritatem,
2034 3190 2139 3245 hu-
2160 3213 2207 3273 α

553 3268 804 3325 militatis
831 3273 1156 3340 eelsitatem,
1187 3276 1530 3346 paupertatis
1569 3277 1996 3346 simplicitatem,
2021 3277 2134 3332 for-

551 3359 871 3428 titudinem,
916 3362 1336 3433 benignitatem,
1377 3364 1679 3419 lenitatem.
1715 3364 1793 3419 Ne
1827 3364 2011 3434 supini
2036 3381 2134 3421 vo-

552 3452 860 3522 luptatibus
903 3469 1006 3508 nos
1032 3453 1301 3510 dedamus
1329 3473 1342 3509 :
1374 3471 1444 3511 ne
1482 3454 1912 3526 cogitationibus
1947 3470 2011 3510 ac
2050 3454 2135 3509 af-

551 3544 797 3600 fectibus
818 3547 1236 3613 mollescamus;
1262 3563 1333 3605 ne
1356 3547 1755 3604 conscientiam
1781 3548 2091 3617 polluamus
2118 3564 2134 3601 :

552 3634 749 3690 Pacem
784 3654 1163 3707 persequamur
1193 3656 1312 3693 cum
1348 3639 1587 3693 omnibus
1620 3648 1669 3692 et
1707 3639 2136 3704 sanctimoniam,

550 3728 667 3781 sine
696 3744 801 3797 qua
844 3746 995 3783 nemo
1030 3731 1215 3784 uidebit
1249 3731 1532 3785 Dominum
1552 3733 1618 3783 ⁵⁸.
1646 3730 1728 3785 Ad
1757 3731 1893 3792 haec,
1915 3732 2135 3795 fratres,

556 3820 849 3885 mundum,
881 3822 1184 3892 mundique
1232 3830 1507 3879 rectorem
1548 3823 1838 3893 fugiamus.
1880 3821 2136 3889 Carnem,

551 3915 611 3963 et
642 3923 709 3962 ea
738 3925 862 3979 quae
888 3913 1129 3966 carnalia
1148 3921 1299 3978 sunt,
1321 3913 1721 3983 relinquamus.
1747 3913 1805 3968 ln
1828 3913 1997 3969 caelos
2014 3928 2139 3967 cur-

551 4016 672 4058 sum
705 4006 1127 4070 contendamus,
1152 4007 1246 4061 ubi
1278 4016 1470 4063 noster
1496 4024 1598 4063 nos
1619 4017 1805 4063 manet
1834 4006 2139 4076 municipa-

559 4099 725 4155 tns”.
785 4100 1069 4166 Imitemur
1114 4102 1363 4157 divinum
1414 4103 1769 4172 Apostolum;
1845 4111 2128 4156 auctorem

551 4189 680 4244 vitae
696 4193 1249 4261 comprehendamus;
1274 4194 1397 4249 vitae
1423 4194 1570 4249 fonte
1593 4193 1860 4255 fruamur;
1891 4208 2017 4248 cum
2039 4208 2140 4246 an-
2187 4214 2194 4222 ι

552 4280 691 4349 gelis
717 4282 922 4335 choros
951 4281 1258 4350 ducamus;
1308 4300 1434 4340 cum
1462 4283 1810 4354 arebangelis
1848 4282 2141 4337 Dominum

555 4380 808 4425 nostrum
835 4372 1024 4427 Jcsum
1059 4373 1345 4436 Christum
1372 4373 1695 4444 laudemus;
1746 4372 1851 4441 ipsi
1878 4372 2054 4443 gloria
2086 4380 2143 4427 et

555 4459 875 4530 imperium,
918 4467 1026 4518 una
1057 4479 1182 4529 cun]
1215 4465 1377 4520 Patre
1409 4473 1467 4519 et
1496 4463 1708 4535 Spiritu
1746 4472 1959 4528 sancto,
1993 4478 2143 4517 nunc

555 4560 614 4606 et
641 4567 880 4623 semper,
906 4566 963 4610 et
1000 4555 1058 4610 in
1090 4558 1291 4611 saecula
1320 4558 1669 4613 smculorum.
1694 4556 1892 4612 Amen.

2237 2019 2356 2073 μεν.
2385 2004 2884 2075 Περιφρονήσωμεν
2901 2007 3011 2060 τῶν
3041 2009 3415 2080 προσκαίρων,
3477 2011 3564 2066 ἵνα
3617 2012 3691 2084 μὴ
3735 2014 3809 2067 δι’

2232 2090 2373 2146 αὐτὰ
2395 2095 2506 2157 τοῖς
2560 2092 2870 2164 ἀνθρώποις
2921 2097 3242 2167 μαχόμενοι,
3295 2098 3393 2169 τὴν
3441 2099 3661 2171 ἐντολὴν
3708 2102 3809 2170 τῆς

2232 2184 2454 2257 ἀγάπης
2475 2184 2830 2256 παραϐῶμεν,
2860 2187 2958 2241 καὶ
2976 2188 3075 2257 τῆς
3105 2187 3200 2241 τοῦ
3228 2187 3363 2242 Θεοῦ
3391 2189 3611 2262 ἀγάπης
3638 2191 3807 2245 ἐκπέ-

2235 2289 2436 2344 σωμεν.
2499 2275 2795 2344 Πνεύματι
2845 2275 3280 2346 περιπατῶμεν,
3331 2279 3433 2333 καί
3487 2280 3812 2350 ἐπιθυμίαν

2232 2363 2455 2432 σαρκὸς
2497 2365 2570 2418 οὐ
2620 2364 2706 2434 μὴ
2737 2365 3085 2435 τελέσομεν.
3121 2367 3582 2440 Γρηγορήσωμεν,
3628 2370 3810 2440 νήψω-

2236 2470 2337 2523 μεν
2366 2467 2382 2483 ⁶
2420 2454 2780 2525 ἀποϐάλωμεν
2809 2454 2995 2509 λοιπὸν
3017 2456 3109 2510 τὸν
3153 2456 3322 2512 ὕπνον
3362 2459 3462 2528 τῆς
3514 2459 3806 2531 ῥᾳθυμίας.

2233 2544 2573 2615 Ζηλώσωμεν
2608 2547 2735 2610 τοὺς
2759 2544 2949 2612 ἁγίους
2994 2544 3234 2616 ἀθλητὰς
3263 2547 3357 2601 τοῦ
3387 2549 3637 2620 Σωτῆρος
3663 2566 3680 2579 ο
3720 2567 3806 2618 μι-

2237 2635 2537 2708 μησώμεθα
2560 2635 2741 2690 αὐτῶν
2760 2636 2886 2699 τοὺς
2903 2636 3251 2705 ἀγῶνας,τῶν
3276 2637 3496 2693 ὄπισθεν
3518 2638 3823 2692 smine».

2235 2728 2472 2798 νόμενοι,
2506 2730 2620 2791 τοῖς
2645 2727 2705 2780 δὶ
2756 2726 3066 2799 ἔμπροσθεν
3112 2729 3570 2800 ὲπεκτεινόμενοι.
3612 2730 3809 2800 Μιμη-

2235 2818 2456 2889 σὼμεθα
2478 2817 2568 2872 τόν
2606 2809 3035 2871 ἀκατάπαυστον
3069 2818 3249 2871 αὐτῶν
3274 2819 3491 2891 δρόμον,
3522 2819 3621 2891 τὴν
3657 2818 3810 2884 ζέου-

2237 2927 2336 2969 σαν
2377 2908 2703 2982 προθυμίαν,
2743 2907 2843 2978 τῆς
2872 2908 3200 2979 ἐγκρατείας
3235 2908 3335 2979 τὴν
3360 2910 3674 2981 καρτερίαν,
3708 2911 3808 2981 τῆς

2236 3000 2591 3071 σωφροσύνης
2641 3000 2733 3054 τὸν
2771 3002 3062 3070 ἀγιασμδν,
3094 3003 3194 3073 τῆς
3241 3001 3520 3071 ὑπομονῆς
3552 3001 3651 3073 τὴν
3688 3019 3811 3071 γεν-

2235 3093 2494 3163 ναιότητα
2534 3092 2635 3160 τῆς
2665 3092 3045 3164 μακροθυμίας
3070 3092 3170 3164 τὴν
3215 3094 3433 3166 ἀνοχὴν,
3459 3093 3559 3164 τῆς
3589 3104 3811 3165 συμπα-

2239 3182 2390 3245 θείας
2420 3181 2513 3235 τδν
2540 3176 2745 3248 οῐκτον,
2773 3181 2873 3251 τῆς
2901 3183 3213 3255 πραΰτητος
3249 3184 3313 3238 τὸ
3356 3183 3650 3254 ἀτάραχον,
3713 3182 3808 3239 τοῦ

2238 3272 2400 3343 ζήλου
2430 3272 2527 3343 τὴν
2554 3271 2882 3343 θερμότητα,
2926 3273 3029 3342 τῆς
3063 3274 3284 3344 ἀγάπης
3320 3274 3383 3327 τὸ
3422 3275 3807 3345 ἀνυπόκριτον,

2232 3364 2331 3434 τῆς
2378 3362 2877 3434 ταπεινοφροσύνης
2918 3363 2979 3416 τὸ
3013 3362 3164 3433 ὕψος,
3208 3363 3310 3434 τῆς
3341 3362 3725 3435 ἀκτημοσύνης
3749 3363 3809 3416 τὸ

2234 3455 2545 3526 ἀπέριττον,
2578 3454 2678 3525 τὴν
2702 3451 2976 3524 ἀνδρείαν,
3004 3453 3104 3524 τὴν
3126 3453 3493 3525 χρηστότητα,
3516 3452 3616 3523 τὴν
3635 3452 3809 3506 ἐπιείο

2235 3562 2410 3600 κειαν.
2458 3544 2552 3616 Μὴ
2588 3543 2949 3616 ύπτιωθῶμεν
2976 3546 3095 3608 ταῖς
3131 3544 3344 3614 ἡδοναῖς
3369 3561 3382 3575 ·
3412 3544 3488 3616 μὴ
3514 3542 3804 3614 χαυνωθῶ-

2238 3653 2339 3705 μεν
2363 3636 2478 3699 τοῖς
2500 3634 2781 3705 λογισμοῖς
2811 3650 2825 3663 ·
2860 3632 2937 3705 μὴ
2976 3633 3317 3705 ρυπώσωμεν
3348 3634 3444 3705 τὴν
3481 3632 3805 3703 συνείδησιν·

2243 3726 2362 3793 Τὴν
2404 3725 2654 3795 εἰρήνην
2704 3721 3005 3793 διώκωμεν
3041 3724 3193 3792 μετὰ
3230 3723 3504 3785 πάντων,
3556 3721 3658 3776 καὶ
3704 3721 3808 3775 τὸν

2236 3818 2536 3887 ἁγιασμόν
2556 3832 2572 3847 ’
2617 3811 2691 3872 οὗ
2728 3812 2907 3883 χωρὶς
2959 3812 3161 3881 οὐδεὶς
3195 3814 3404 3882 ὄψεται
3431 3813 3539 3868 τὸν
3569 3814 3805 3881 Κύριον.

2237 3908 2348 3961 Καὶ
2376 3906 2469 3959 ἐπὶ
2500 3904 2731 3970 τούτοις,
2766 3903 3027 3974 φύγωμεν
3058 3903 3149 3958 τὸν
3175 3903 3399 3974 κόσμον,
3441 3902 3680 3972 ἀδελφοὶ,
3716 3903 3809 3956 καὶ

2237 3999 2329 4053 τὸν
2379 3997 2819 4068 κοσμοκράτορα.
2869 3992 3295 4065 Καταλείψωμεν
3347 3994 3448 4066 τὴν
3480 3994 3685 4072 σάρκα,
3716 3993 3809 4049 καὶ

2235 4090 2307 4145 τὰ
2348 4089 2602 4162 σαρκικὰ.
2650 4089 2745 4153 Et;
2770 4086 3032 4160 οὐρανοὺς
3060 4087 3457 4159 ἀναδράμωμεν
3485 4105 3501 4120 ο
3530 4088 3649 4147 ἐκεῖ
3675 4086 3806 4151 ἔξω·

2243 4200 2342 4255 μεν
2370 4183 2526 4253 ἡμῶν
2552 4180 2615 4234 τὸ
2639 4180 2961 4252 πολίτευμα.
2986 4181 3090 4245 Τὸν
3111 4179 3253 4234 θεῖον
3287 4179 3604 4234 ’Δπόστολον
3643 4196 3808 4251 μιμηο

2241 4269 2504 4341 σὼμεθαο
2542 4268 2634 4324 τὸν
2692 4268 2958 4340 Ἀρχηγδν
3002 4269 3102 4339 τῆς
3154 4267 3299 4336 ζωῆς
3357 4267 3755 4337 καταλάϐωμεν
3788 4282 3803 4296 ’

2237 4362 2338 4433 τῆς
2376 4362 2558 4432 πηγῆς
2584 4361 2685 4431 τῆς
2737 4361 2887 4431 ζωῆς
2936 4360 3353 4432 ἀπολαύσωμεν.
3401 4361 3506 4415 Σὺν
3557 4359 3807 4429 ἀγγέλοις

2240 4451 2587 4523 χορεύσωμεν
2616 4467 2630 4481 ·
2663 4452 2759 4505 σὺν
2800 4452 3160 4522 ἀρχαγγέλοις
3192 4451 3523 4522 ὑμνήσωμεν
3571 4449 3666 4503 τὸν
3701 4448 3806 4503 Κύ-

2165 4551 2216 4611 ι)
2244 4559 2358 4612 ριον
2383 4540 2540 4613 ἡμῶν
2581 4540 2788 4612 Ἰησοῦν
2811 4541 3048 4613 Χριστόν
3077 4558 3091 4573 ·
3116 4535 3162 4609 ᾧ
3184 4543 3218 4614 ἡ
3243 4541 3371 4605 δόξα
3400 4542 3495 4594 καὶ
3520 4540 3580 4593 τὸ
3610 4539 3806 4610 κράτος

2239 4630 2357 4699 ἅμα
2407 4631 2485 4703 τῷ
2521 4630 2693 4702 Ila.sz
2728 4633 2824 4685 σὺν
2852 4629 2930 4701 τῷ
2960 4630 3099 4704 ἀγίῳ
3130 4633 3426 4703 Πνεύματι,
3457 4631 3553 4685 νῦν
3578 4633 3675 4684 καὶ
3704 4630 3806 4692 ἀεὶ,

2236 4723 2331 4777 καὶ
2363 4725 2441 4788 εἰς
2474 4724 2599 4786 τοὺς
2621 4722 2821 4788 αἰῶνας
2857 4724 2966 4779 τῶν
2993 4722 3226 4778 αἰώνων.
3270 4725 3462 4797 Ἀμήν.

618 4849 666 4898 θ’
706 4858 899 4927 ,llattb.
938 4874 1031 4926 vn,
1065 4860 1151 4915 15.
1228 4859 1275 4892 ⁸⁸
1307 4859 1482 4915 Galat.
1523 4873 1575 4923 ν,
1605 4857 1687 4913 l6.
1763 4859 1807 4890 "
1844 4832 2081 4927 Philipp.
2116 4873 2139 4910 ις

2234 4858 2318 4913 l3.
2397 4858 2442 4890 ⁸⁸
2467 4857 2634 4914 Hebr.
2659 4874 2755 4924 xu,
2792 4858 2878 4915 14.
2953 4860 3000 4893 "
3024 4861 3265 4932 Philipp.
3291 4877 3369 4928 tn,
3393 4859 3488 4916 20.

1050 5148 1215 5222 39!.
1249 5147 1343 5204 ex
1376 5147 1653 5205 PHOTIO.

557 5246 814 5325 Ejusdem
884 5244 1018 5325 liber
1056 5244 1328 5325 .Ascetieus
1404 5242 1507 5313 (Ad
1529 5243 1809 5325 Lpictat'em
1856 5245 2134 5325 exercens)

626 5318 840 5387 aliaque
874 5316 1384 5387 quadringentorum
1415 5311 1657 5382 capitum
1708 5311 2044 5368 Lucubratio.

628 5409 763 5480 Legi
787 5409 953 5480 etiam
980 5407 1226 5480 ejusdem
1256 5406 1428 5480 sancti
1454 5403 2134 5480 MasimilibrumAsceti-

558 5473 911 5557 cumftlgnra
941 5473 1117 5532 habiti
1148 5477 1458 5557 inter_duos
1501 5475 1723 5557 dialogi,
1756 5475 1933 5529 altero
1966 5473 2141 5557 inter.

560 5545 806 5615 rogante,
861 5549 1050 5627 altero_
1086 5547 1478 5627 respondente.
1533 5545 1694 5627 ytilis
1741 5559 1872 5627 sane
1921 5545 2137 5627 cunctis

563 5614 848 5686 tractatu-3,
873 5633 938 5672 ac
970 5619 1056 5672 vel
1084 5614 1316 5671 maiime
1345 5615 1434 5678 iis,
1455 5615 1657 5686 quibus
1679 5614 1921 5686 colendae
1943 5614 2136 5686 virtuti

561 5684 787 5755 ejusque
826 5687 1270 5743 txercitamentis
1296 5683 1571 5741 sanctiore
1599 5683 1883 5755 proposito
1904 5683 2015 5737 vita
2041 5684 2137 5739 dc-
2166 5700 2167 5703 ‘

2722 5148 2816 5202 EK
2862 5147 2999 5201 ΤΩΝ
3047 5145 3319 5203 ΦΩΤΙΟΥ.

2239 5241 2348 5298 Τοῦ
2395 5240 2583 5296 αὐτοῦ
2641 5239 2995 5307 ’Λσκητικύς
3040 5241 3222 5306 λόγος
3249 5253 3265 5268 ο
3310 5236 3407 5290 καί
3444 5236 3615 5306 ἑτέρα
3659 5251 3799 5306 πρα-

2584 5306 2827 5381 γματεία
2852 5309 2922 5361 ἐν
2945 5306 2997 5361 υ¹
3029 5309 3376 5376 κεφαλαίοις
3414 5312 3455 5365 ⁸.

2320 5403 2660 5474 ’Λνεγνώσθη
2720 5400 2814 5455 τοῦ
2859 5399 3053 5474 ῳαύτοῦ
3116 5400 3271 5467 ἁγίου
3334 5400 3621 5474 Μαξίμου.
3653 5400 3800 5474 λβτίέί

2249 5468 2594 5554 Ἀσκητὶὲὸς,
2649 5468 2730 5554 είς
2782 5470 2975 5554 πεῦσιν
3024 5468 3497 5554 ξσχηματισμένος
3543 5468 3800 5554 καὶηάπός

2240 5539 2442 5613 κρισιν.
2464 5545 2579 5598 Καὶ
2607 5543 2874 5623 χρήσιμος
2916 5542 3012 5610 μὲν
3033 5540 3234 5627 ἅπασιν
3267 5542 3295 5593 ὁ
3343 5539 3557 5625 λόγος,τ
3576 5540 3802 5623 μαλιστα

2240 5613 2285 5665 δ’
2331 5609 2411 5677 οἷς
2443 5615 2674 5681 ἄσκησις
2701 5615 2733 5683 ἡ
2764 5610 3027 5683 πολιτεία.
3087 5609 3401 5683 Δίίθω-ν-γάρ,
3428 5610 3494 5663 δι’
3522 5628 3598 5683 ων
3630 5626 3693 5664 αν
3722 5621 3799 5669 τις

2241 5630 2283 5665 ο
2331 5632 2411 5677 οις
2443 5630 2674 5681 ασκησις
2701 5630 2733 5683 η
2764 5630 3027 5665 πολιτεία.
3093 5630 3250 5663 ιιυων
3277 5630 3401 5680 γαρ,
3428 5630 3489 5663 0t
3522 5630 3598 5663 ων
3630 5630 3693 5664 αν
3722 5630 3799 5669 τις

2241 5684 2664 5754 οὐρανοπολίτης
2715 5681 2943 5751 γένοιτο,
2995 5679 3112 5733 ἐστὶ
3156 5679 3470 5744 διδάσκαλος
3500 5681 3593 5735 καὶ
3643 5692 3799 5748 remp—

635 5842 653 5860 θ
676 5838 758 5903 Ad
790 5840 1131 5921 superiorem
1164 5841 1368 5898 librum
1404 5841 1737 5904 Asceticum,
1768 5849 1824 5897 et
1850 5839 2133 5907 sequentia
2171 5839 2348 5899 capita
2377 5839 2443 5896 de
2470 5838 2757 5895 cbaritate.
