4140 6322
1721 455 1782 515 S.
1826 454 2114 515 ΜΛΧΙΜῙ
2160 454 2672 518 CONFESSORIS
2757 508 2763 515 .

585 663 3787 706 ww

1283 823 1512 909 ΤΟΥ
1583 825 1730 912 EN
1788 824 2155 909 ΛΓΙΟΙΣ
2198 822 2640 911 ΠΑΤΡΟΣ
2715 823 3045 911 ΗΜΩΝ

1547 1011 1956 1147 ΑΒΒΑ
2048 1009 2857 1152 ΜΑΞΙΜΟΥ

1203 1255 2004 1377 ΚΕΦΑΛΑΙΑ
2097 1264 2458 1377 ΠΕΡΙ
2504 1266 3225 1380 -ΑΓΑΠΗΣ.

994 1623 1135 1756 S.
1265 1630 1420 1756 P.
1560 1634 1720 1760 N.
1836 1632 2154 1761 MA}

2253 1635 2524 1761 IMI
2631 1628 3419 1763 ABBATIS

1469 1884 1885 1977 CAPITA
1974 1887 2121 1976 DE
2217 1886 2936 1981 CHARITATE.

919 2202 1285 2261 PROLOGUS
1315 2205 1407 2260 AD
1444 2206 1792 2263 ELl’lDlUM.

635 2297 780 2353 Ecce
818 2295 890 2352 ad
945 2312 1072 2352 eum
1119 2296 1348 2361 librum,
1380 2313 1544 2367 quem
1585 2298 1652 2353 ad
1685 2299 1946 2369 pietatem
1985 2315 2148 2356 exer.

563 2398 804 2454 contem,
844 2388 1022 2458 deque
1070 2388 1181 2442 vita
1223 2388 1477 2460 religiose
1525 2390 1881 2457 instituenda,
1927 2392 2146 2462 scripsi,

566 2479 715 2539 hunc
750 2493 971 2550 quoque
1021 2477 1091 2532 de
1131 2478 1402 2534 ebaritate
1450 2480 1820 2550 compositum
1869 2488 1975 2537 true
2024 2482 2149 2537 misi

562 2569 861 2635 sanctitati,
914 2576 1073 2639 pater
1128 2567 1332 2638 Elpidi,
1388 2568 1505 2638 pari
1546 2579 1785 2640 quatuor
1839 2571 2151 2643 Evangeliis

565 2685 820 2734 numero,
871 2670 1120 2725 centenis
1148 2668 1611 2739 comprehensum
1643 2668 1963 2740 capitibus;
2007 2669 2149 2726 forte

565 2780 677 2818 non
718 2761 1014 2817 admodum
1067 2759 1296 2830 dignum
1337 2767 1443 2815 tua.
1477 2760 1915 2830 exspectatione;
1964 2770 2152 2816 nostra

564 2865 745 2909 tamen
801 2851 1007 2924 ingenii
1068 2850 1331 2906 facultate
1407 2864 1518 2905 non
1587 2848 1881 2905 minorem.
1944 2849 2151 2906 Verum

563 2945 701 3000 sciat
727 2945 991 3000 sanctitas
1019 2951 1109 2997 tua
1131 2984 1145 3009 ,
1173 2957 1241 3000 ne
1274 2942 1393 2997 haec
1421 2940 1646 3011 quidem
1683 2941 1791 2996 mei
1828 2941 2033 3012 ingenii
2068 2941 2151 2997 fe-

565 3045 744 3090 turam
779 3051 900 3091 csse
944 3052 957 3090 :
992 3034 1111 3099 sed,
1144 3033 1494 3104 perlustratis
1531 3040 1697 3103 atque
1747 3033 1993 3088 excussis
2028 3048 2154 3088 san-

565 3137 782 3182 ctorum
818 3128 1041 3182 Patrum
1069 3126 1228 3182 libris
1258 3141 1322 3181 ac
1364 3124 1604 3196 scriptis,
1635 3140 1732 3180 seu
1777 3126 2151 3191 sermonibus,

567 3219 808 3287 hincque
858 3227 1043 3273 mente
1094 3218 1162 3272 ad
1208 3225 1596 3289 argumentum
1644 3215 1876 3279 intenta,
1924 3231 1989 3270 ac
2028 3232 2153 3270 cum

565 3307 780 3378 paucis,
814 3309 987 3361 multa
1020 3306 1255 3361 strictim
1291 3306 1647 3375 breviterque
1695 3304 1993 3359 admodum
2037 3307 2143 3360 σοιν

565 3396 842 3466 legissem,
868 3394 1031 3465 395
1067 3402 1128 3448 ut
1157 3394 1457 3465 legentium
1492 3394 1711 3449 facilius
1741 3402 1994 3463 paterent
2024 3410 2157 3450 ocu—

565 3488 658 3555 lis,
684 3503 751 3543 ac
780 3488 1057 3555 memoria:
1103 3487 1414 3556 promptius
1444 3494 1827 3552 occurrerent,
1874 3495 1979 3544 tute
2031 3502 2157 3542 san-

2173 2213 2222 2272 A

2564 2209 2922 2264 ΠΡΟΛΟΓΟΣ
2960 2210 3139 2263 ΠΡΟΣ
3169 2208 3515 2264 ΕΛΠῙΔΙΟΝ.

2334 2300 2466 2357 Ἰδοὺ
2505 2300 2641 2372 πρὸς
2660 2300 2740 2372 τῷ
2782 2300 2910 2371 περὶ
2942 2298 3260 2372 Ἁσκητικοῦ
3292 2299 3408 2369 βίου
3436 2298 3516 2372 (α)
3543 2298 3713 2371 λόγῳ,
3737 2300 3832 2354 καὶ

2250 2392 2342 2446 τὸν
2363 2392 2492 2463 περὶ
2531 2391 2774 2462 Ἀγάπης
2814 2390 2973 2459 λόγον
3012 2391 3277 2463 πέπομφα
3308 2393 3373 2461 τῇ
3422 2392 3489 2461 σῇ
3529 2390 3832 2462 τιμιότητι,

2252 2484 2429 2555 πάτερ
2473 2482 2732 2548 Ἑλπίδιε,
2763 2484 2822 2537 ἐν
2848 2482 3156 2554 ἰσαρίθμοις
3202 2482 3516 2553 κεφαλαίοις
3557 2481 3668 2536 τῶν
3710 2499 3833 2536 τεσ-

2254 2576 2437 2647 σάρων
2487 2575 2838 2645 Εὐαγγελίων
2892 2574 3244 2629 έκατοντάσιν
3268 2591 3282 2606 ·
3332 2575 3485 2628 οὐδὲν
3544 2574 3643 2644 μὲν
3703 2575 3833 2638 ἴσως

2252 2669 2401 2737 ἄξιον
2448 2667 2551 2738 τῆς
2593 2667 2690 2738 σῆς
2724 2665 3052 2738 προσδοκίας
3082 2683 3098 2699 ο
3133 2669 3233 2737 τῆς
3258 2664 3315 2719 δέ
3344 2683 3407 2733 γε
3443 2666 3724 2736 ἡμετέρας
3748 2667 3834 2720 δυ-

2251 2761 2466 2831 νάμεως
2485 2759 2587 2813 οὐκ
2610 2757 2850 2812 ἔλαττον.
2877 2757 3026 2829 Πλὴν
3051 2757 3368 2827 γινωσκέτω
3399 2757 3472 2828 (b)
3502 2759 3536 2827 ἡ
3559 2757 3626 2828 σὴ
3660 2759 3835 2826 ἁγιω-

2255 2850 2410 2923 σύνη,
2439 2850 2522 2905 ὅτι
2546 2850 2667 2906 οὐδὲ
2687 2850 2860 2905 ταῦτα
2882 2851 2989 2904 εἰσὶ
3013 2850 3113 2920 τῆς
3144 2851 3283 2920 ὲμῆς
3301 2848 3544 2919 γεώργια
3571 2849 3832 2911 διανοίας·

2253 2943 2391 2999 ἀλλὰ
2430 2944 2556 3008 τοὺς
2595 2942 2705 2998 τῶν
2747 2942 2919 3012 ἁγίων
2963 2942 3223 3013 Πατέρων
3246 2939 3468 2994 διελθὼν
3490 2939 3709 3007 λόγους,
3741 2954 3836 2993 κα-

2254 3036 2433 3091 κεῖθεν
2480 3035 2576 3090 τδν
2626 3035 2706 3100 είς
2736 3034 2836 3107 τὴν
2888 3033 3143 3088 ὑπόθεσιν
3172 3034 3515 3088 συντείνοντα
3541 3030 3668 3085 νοῦν
3705 3032 3837 3086 ἀνα-

2251 3129 2546 3202 λεξάμενος
2574 3145 2588 3161 ο
2617 3129 2713 3184 καὶ
2737 3130 2792 3182 ὲν
2825 3127 3024 3196 ὀλίγοις
3078 3125 3250 3180 πολλὰ
3305 3124 3839 3196 κεφαλαιωδέστερονι
3870 3188 3873 3191 Ἴ

2256 3220 2600 3290 συναγαγὼν,
2635 3220 2723 3274 ἵνα
2752 3219 3058 3274 εύσύνοπτα
3091 3218 3354 3287 γένωνται
3392 3216 3481 3269 διὰ
3522 3219 3585 3270 τὸ
3622 3215 3837 3298 εὐμνη-

2259 3314 2516 3383 μόνευτον
2541 3330 2555 3344 ·
2617 3311 2915 3366 ἀπέστειλα
2956 3312 3023 3382 τῇ
3075 3312 3142 3381 σῇ
3203 3309 3464 3379 ὁσιότητι,
3498 3305 3837 3379 παρακαλῶν

2254 3402 2612 3472 εὐγνωμόνως
2659 3400 3080 3469 ἀναγινώσκειν,
3130 3398 3224 3452 καὶ
3255 3398 3423 3469 μόνην
3450 3396 3711 3467 θηρεύειν
3738 3396 3836 3466 τὴν

2256 3495 2313 3547 ὲν
2335 3493 2518 3556 αὐτοῖς
2549 3491 2819 3561 ὠφέλειαν
2844 3508 2858 3521 ·
2881 3490 2944 3544 τὸ
2971 3490 3029 3544 δὲ
3050 3489 3286 3554 ἀκαλλὲς
3312 3490 3412 3560 τῆς
3430 3502 3438 3510 ’
3458 3488 3660 3554 λέξεως
3722 3486 3831 3561 [Fr.

567 3581 743 3633 ctitati
777 3578 1015 3633 misisse.
1054 3576 1164 3632 Oro
1200 3584 1385 3631 autem
1418 3590 1483 3631 ac
1512 3575 1767 3641 obsecro,
1807 3582 1869 3630 ut
1920 3575 2154 3647 benigne

2254 3580 2365 3636 τῶν
2386 3579 2608 3654 λέξεων]
2636 3580 3034 3652 παραύλέπειν,
3080 3580 3176 3635 καὶ
3229 3577 3485 3650 εὔχεσθαι
3544 3568 3692 3649 ὑπὲρ
3737 3577 3834 3649 τῆς
3890 3610 3897 3615 -

544 3686 633 3733 ,σε
665 3677 949 3741 gratanter
991 3670 1160 3741 legas,
1208 3683 1484 3739 unamque
1525 3668 1580 3723 in
1612 3668 1694 3723 eis
1727 3668 2022 3724 utilitatem
2058 3683 2160 3723 ea--

568 3770 693 3831 ptes
725 3779 738 3815 :
782 3760 920 3816 rude
946 3775 1080 3816 vero
1115 3775 1180 3816 ac
1214 3760 1568 3815 invenustum
1602 3758 1821 3814 dicendi
1848 3774 2023 3831 genus
2046 3775 2147 3813 ne-

569 3853 761 3925 gligas,
789 3868 854 3907 ac
884 3867 1078 3923 preces
1099 3866 1201 3922 pro
1230 3859 1417 3907 nostra
1451 3849 1855 3915 mediocritate,
1877 3867 2001 3921 quae
2034 3851 2151 3906 fru-

568 3946 651 4017 gis
701 3944 880 4000 omnis
941 3944 1204 4015 spiritalis
1242 3958 1417 4002 vacua
1470 3943 1562 4011 sit,
1592 3942 1811 3998 fundas.
1852 3941 1994 4010 Quin
2044 3942 2151 3998 hoc

568 4034 735 4089 etiam
766 4032 969 4106 ﬂagito,
1001 4049 1073 4091 ne
1095 4042 1158 4090 ut
1183 4032 1570 4101 obtunderem,
1601 4034 1717 4089 haec
1747 4048 1778 4088 a
1826 4048 1914 4088 me
1945 4032 2152 4103 scripta

567 4125 870 4181 existimes.
903 4123 1020 4181 Hoc
1049 4124 1292 4196 implevi,
1315 4124 1465 4195 quod
1491 4134 1828 4195 praeceptum
1853 4131 1992 4183 erat.
2036 4124 2153 4180 Hoc

572 4230 628 4274 ut
661 4215 861 4281 dicam,
893 4213 952 4270 id
985 4230 1165 4272 causa:
1193 4224 1299 4278 est.
1323 4215 1469 4286 quod
1505 4215 1664 4270 libris
1697 4231 1762 4270 ac
1805 4216 2154 4270 sermonibus

570 4307 961 4372 obtundentes,
1001 4324 1109 4363 non
1138 4308 1299 4379 pauci
1361 4307 1527 4363 hodie
1558 4309 1857 4375 exsistant;
1905 4316 1960 4362 at
1990 4308 2153 4378 pauci

569 4396 868 4453 admodum
903 4398 998 4467 qui
1048 4399 1311 4469 operibus
1364 4398 1467 4471 ipsi
1514 4398 1792 4465 erudiant,
1845 4406 1942 4453 aut
1985 4398 2152 4453 etiam

571 4486 916 4541 erudiantur.
951 4487 1093 4554 Quin
1123 4490 1308 4559 potius
1346 4491 1452 4545 hoc
1503 4505 1657 4556 cura,
1687 4497 1752 4544 ut
1795 4489 2028 4560 singulis
2059 4505 2154 4546 ea-

573 4577 783 4647 pitibus
827 4578 1021 4633 sedulo
1060 4579 1327 4636 adhibeas
1368 4581 1635 4636 animum.
1689 4581 1805 4636 Nec
1848 4581 1996 4637 enim
2037 4597 2158 4637 om-

574 4669 691 4735 nia,
725 4682 788 4725 ut
810 4671 1089 4738 existimo,
1123 4673 1382 4728 omnibus
1433 4673 1715 4729 intellectu
1763 4672 1944 4728 facilia
1976 4684 2106 4729 sunt
2137 4692 2153 4730 :

574 4761 670 4815 sed
703 4762 963 4831 pleraque
992 4765 1264 4835 ejusmodi
1294 4773 1356 4819 ut
1391 4781 1586 4835 magna
1618 4765 1779 4836 vulgo
1811 4766 2157 4822 discussione

574 4864 790 4923 egeant,
840 4855 1054 4911 etiamsi
1102 4856 1408 4927 simplicius
1439 4857 1585 4910 dicta
1618 4855 1931 4910 videantur.
1975 4855 2159 4911 Forsi-

2248 3673 2405 3744 ήμῶν
2430 3672 2803 3744 μετριότητος,
2829 3672 2931 3743 τῆς
2951 3672 3131 3744 πάσης
3164 3671 3538 3743 πνευματικῆς
3565 3669 3833 3740 ὠφελείας

2249 3766 2478 3838 ἐρήμου.
2506 3764 2815 3837 Παρακαλῶ
2863 3763 2922 3817 δι
2972 3763 3069 3818 καὶ
3116 3762 3294 3826 τοῦτο,
3347 3764 3423 3836 μὴ
3477 3764 3559 3825 είς
3613 3762 3834 3834 ὕχλησιν

2250 3855 2502 3926 ἡγεῖσθαι
2517 3856 2587 3910 τὰ
2605 3856 2993 3928 γεγραμμέναζ
3023 3855 3320 3924 Ἐπιταγὴν
3342 3854 3451 3925 γὰρ
3472 3853 3653 3925 πεπλή
3663 3870 3829 3926 ρωκα.

2250 3948 2411 4017 Λέγω
2461 3946 2518 4001 δὲ
2565 3945 2745 4013 τοῦτο,
2806 3945 2997 4018 ἐπειδὴ
3045 3948 3095 4000 οἱ
3144 3945 3325 4016 λόγοις
3363 3944 3710 4015 ἐνοχλοῦντες
3734 3944 3829 4017 (l),

2251 4035 2436 4090 πολ).οί
2482 4038 2650 4107 ἔσμεν
2699 4037 2977 4108 σήμερον’
3026 4039 3077 4091 oi
3122 4036 3180 4091 δὲ
3226 4037 3409 4109 ἔργοις
3463 4038 3828 4103 παιδεύοντες,

2250 4122 2285 4193 ἢ
2323 4124 2418 4179 καὶ
2469 4123 2881 4195 παιδευόμενοι,
2930 4125 3073 4179 πάνυ
3100 4126 3238 4181 εἰσὶν
3267 4127 3455 4196 ὀλίγοι.
3505 4127 3673 4181 Ἀλλὰ
3700 4127 3829 4198 μᾶλ-

2250 4213 2342 4267 λον
2369 4214 2623 4284 ὲμπόνως
2660 4215 2951 4285 προσέχειν
2996 4216 3211 4287 ἑκάστῳ
3256 4216 3365 4270 τῶν
3398 4216 3734 4285 κεφαλαίων.
3758 4214 3830 4272 ού

2254 4305 2433 4359 πάντα
2464 4305 2575 4378 γὰρ
2608 4308 2795 4370 πᾶσιν,
2825 4307 2902 4371 ὡς
2926 4302 3103 4378 οἶμαι,
3159 4306 3297 4360 εἰσὶν
3350 4305 3597 4378 εῠληπτα
3626 4323 3646 4341 ο
3700 4304 3832 4360 ἀλλὰ

2253 4397 2347 4450 καὶ
2374 4396 2576 4468 πολλῆς
2599 4396 2667 4451 τὰ
2690 4396 2860 4450 πολλὰ
2899 4399 3011 4461 τοῖς
3035 4396 3251 4462 πολλοῖς
3286 4396 3515 4469 δεόμενα
3550 4396 3657 4467 τῆς
3715 4414 3830 4451 συν-

2254 4487 2575 4555 εξετάσεως,
2603 4488 2652 4541 εί
2686 4487 2781 4544 καὶ
2807 4487 2958 4542 δοκεῖ
2983 4487 3349 4560 ἁπλούστερον
3375 4489 3651 4561 εἰρῆσθαι.
3679 4490 3830 4550 Ἴσως

2256 4580 2348 4635 καὶ
2379 4578 2446 4635 ἄν
2471 4597 2528 4633 τι
2557 4577 2760 4651 φανείη
2788 4579 3058 4651 χρήσιμον
3091 4582 3157 4650 τῇ
3197 4579 3342 4652 ψυχῇ
3385 4579 3445 4646 ἐξ
3483 4580 3666 4634 αὐτῶν
3703 4580 3829 4633 ἀνα·

2255 4670 2681 4741 καλυπτόμενον.
2698 4670 2971 4742 ’Δναφανή
2980 4687 3131 4726 σεται
3158 4671 3215 4725 δὲ
3233 4671 3454 4736 πάντως
3470 4669 3606 4725 Θεοῦ
3627 4671 3824 4742 χάριτι,

2256 4761 2336 4832 τῷ
2362 4760 2713 4833 ἀπεριέργοις
2741 4760 2973 4825 ἐννοίαις
3012 4762 3107 4815 καὶ
3149 4763 3286 4832 μετὰ
3333 4762 3501 4832 φόϐου
3548 4762 3687 4817 Θεοῦ
3742 4760 3830 4815 καὶ

2258 4845 2480 4923 ἀγάπης
2507 4851 2958 4921 ἀναγινώσκοντι.
2992 4852 3083 4922 Τῷ
3134 4853 3191 4906 δὲ
3239 4852 3314 4923 μὴ
3363 4852 3633 4922 ὠφελείας
3678 4852 3829 4923 χάριν

578 4956 665 4999 tan
700 4946 848 5000 enim
869 4946 1075 5017 aliquid
1100 4946 1248 5018 quod
1274 4948 1459 5000 animo
1483 4944 1758 5000 conducat
1784 4959 1852 4999 ex
1875 4944 1956 5002 eis
1977 4962 2154 5001 emer-

2262 4943 2640 5015 πνευματικῆς
2666 4943 3066 5013 ἐντυγχάνοντι,
3099 4943 3132 5013 ἢ
3161 4942 3337 5014 τούτῳ
3363 4941 3443 5014 τῷ
3475 4944 3770 5014 πονήματι,
3796 4938 3826 5008 ἢ

645 5105 892 5181 (αῌᾷερὶ
914 5105 1245 5181 dumtaxat?
1265 5105 1433 5181 ﬁfqv.
1460 5109 1680 5166 Reddit.
1709 5109 1914 5181 Obsop.
1943 5110 2007 5164 de
2032 5111 2154 5166 vitae

571 5177 820 5233 exercitio
851 5193 869 5231 :
896 5193 999 5232 nec
1040 5175 1300 5233 emendat
1340 5177 1639 5235 Gesnerus.
1688 5175 2034 5236 Exercentem
2085 5181 2156 5235 ad

575 5246 1050 5322 pietatem/imum
1093 5247 1328 5322 reddidi,
1360 5261 1494 5322 post
1514 5250 1812 5315 Nobilium,
1846 5268 1875 5305 a
1912 5267 2022 5322 quo
2047 5252 2159 5306 ele-

575 5324 769 5387 ganter
808 5317 950 5371 liber
980 5319 1072 5373 ille
1105 5318 1297 5372 Latine
1345 5317 1597 5376 redditus
1634 5332 1738 5387 est,
1785 5317 2021 5387 sivefde
2047 5322 2157 5375 vita

577 5384 818 5454 religiose
838 5387 1206 5461 _i_nstituenda.
1242 5389 1482 5461 AErudite
1512 5384 1869 5461 pieque’Bill.
1910 5384 1956 5445 ’1.
2005 5408 2018 5444 I
2062 5390 2162 5444 Sa—

578 5468 796 5530 crarum
828 5456 1111 5530 Observat.
1142 5459 1195 5512 in
1240 5459 1381 5515 hanc
1414 5456 1586 5530 ipsam
1625 5456 1843 5519 vocem.
1875 5462 2156 5530 admonet,

581 5522 764 5576 Artem
794 5528 1095 5601 quamlibet
1117 5545 1181 5584 ac
1209 5522 1493 5601 scientiam
1519 5532 1767 5601 quaedam
1795 5531 2063 5585 vocabula
2089 5529 2157 5583 ad

581 5607 759 5675 usum“
773 5610 931 5675 suum
960 5598 1039 5651 sic
1065 5598 1621 5675 ac_commodasse,'ut
1648 5601 1965 5675 in_alienam
1999 5601 2158 5675 plane

581 5661 1037 5740 significationem
1063 5669 1323 5740 migrasse
1341 5661 1663 5740 rideantur.
1692 5671 1755 5724 In
1784 5672 1861 5724 his
1890 5661 2051 5740 igitur
2077 5670 2160 5722 in-

584 5739 858 5806 terpretes,
891 5733 1089 5803 inquit.
1120 5733 1208 5806 q'ui
1240 5739 1453 5793 verbum
1492 5741 1642 5793 verba
1683 5733 2155 5803 reddere'student,

587 5800 726 5878 nihil
744 5813 890 5854 alma
910 5800 1101 5878 agunt,
1130 5800 1291 5878 quam
1315 5817 1373 5860 ut
1398 5825 1493 5878 pro
1524 5809 1656 5872 lucc,
1685 5826 1855 5863 meras
1885 5800 2160 5862 lectoribus

590 5870 829 5926 tenebras
862 5870 1155 5945 oﬂiindant.
1182 5870 1435 5947 Legenda
1471 5895 1591 5948 quae
1621 5870 1836 5935 erudite
1868 5879 2159 5951 prosequi-

2250 5120 2356 5168 tur.
2380 5111 2579 5169 Videas
2603 5112 2809 5181 ubique
2838 5110 2951 5165 fere
2976 5109 3031 5164 in
3057 5109 3145 5164 his
3170 5120 3399 5178 peccare
3428 5099 3534 5182 qui.
3555 5109 3709 5182 8?!"

2250 5184 2431 5257 clesiaa
2459 5192 2638 5257 castra
2660 5174 2984 5257 militantes,
3016 5174 3314 5257 rerumque
3340 5174 3827 5257 ecclesiasticarum

2252 5252 2439 5318 rudes,
2474 5253 2883 5307 ecclesiasticos
2924 5259 3189 5304 tractatus
3214 5248 3313 5318 aevi
3350 5248 3614 5318 cujusque
3642 5248 3824 5318 aggref

2255 5303 2451 5376 diuum
2461 5303 2734 5392 r1'éiq‘ﬁé'
2748 5303 2962 5392 Graecis
2982 5303 2985 5304 ν
3012 5303 3234 5392 Latinos
3280 5303 3457 5371 facere
3491 5303 3757 5392 studenti”
3771 5303 3823 5392 is

2256 5392 2345 5445 his
2385 5393 2519 5446 mihi
2569 5387 2871 5463 proclivius
2903 5387 3337 5463 deprehendere,
3366 5401 3449 5463 ex“
3473 5387 3700 5463 antiquo
3731 5387 3824 5463 ιιξιι

2258 5477 2323 5515 ac
2352 5456 2766 5517 exercitatione.
2806 5456 3238 5530 Depreliendunt
3262 5456 3503 5530 inaliis,
3532 5456 3626 5530 qui
3665 5458 3823 5530 βεφ-

2259 5531 2450 5587 liarius
2506 5532 2561 5586 in
2624 5532 2733 5586 illis
2788 5519 2992 5585 versati
3046 5536 3208 5595 sunt,
3255 5519 3662 5597 iurisconsulti.
3715 5527 3823 5567 me“

2258 5601 2390 5657 dici.
2425 5610 2532 5656 etc.
3532 5638 3552 5657 .

2333 5643 2403 5731 llr,»
2425 5643 2604 5738 litin-
2628 5670 2985 5738 γινωσκέτω.
3004 5643 3560 5738 νεναηιίαηιεη-ίςξῃαῖ.
3581 5670 3702 5738 ιπρ,
3730 5650 3823 5738 [οἱ

2258 5724 2411 5805 verit,
2433 5724 2586 5796 sciui.
2621 5724 2746 5796 I'lrec
2773 5749 2953 5795 tamen
2975 5748 3140 5808 atque
3171 5737 3254 5808 his
3282 5724 3498 5795 similia,
3520 5724 3662 5808 quod
3690 5733 3821 5778 non

2259 5812 2515 5868 versione
2538 5811 2851 5880 emendata,
2883 5809 3029 5865 haud
3053 5807 3246 5880 procul
3277 5807 3616 5860 arcessenda.
