4084 6332
262 311 363 382 961
1196 302 1528 366 CAI’ITUM
1562 302 1661 362 DE
1697 299 2130 361 CHARITATE
2170 299 2558 362 CENTURIA
2596 302 2646 362 Ι.
3417 303 3522 368 962

267 429 362 484 atati
385 424 531 497 ἄλλῳ
558 421 876 495 οίῳδήποτε.
924 416 1087 471 una.
1114 416 1209 470 τοῦ
1238 416 1413 482 λέξεις
1441 414 1692 487 θηρεύειν
1711 411 1847 483 πρὸς

1972 418 2058 477 [ει.
2089 409 2326 468 Omnino
2350 418 2534 467 autem
2562 419 2807 482 emerget
2829 425 2892 466 ac
2922 411 3381 478 manifestabitur,
3406 415 3523 470 Deo

264 521 329 574 τὸ
358 495 583 582 κακίζεν
621 513 713 567 τὸν
754 510 1230 582 συγγραψάμενον,
1265 509 1351 563 ῐνα
1390 508 1613 562 σεαυτὸν
1637 505 1844 559 ἐκείνου

1972 518 2093 559 iene
2137 505 2405 575 propitio,
2440 504 2569 559 dum
2620 495 2745 574 quis
2773 504 2922 558 nulla
2954 505 3154 559 mentis
3186 506 3522 573 curiositate,

269 611 578 681 σοφώτερον
609 604 789 675 δῆθεν,
848 603 925 666 ὡς
957 600 1169 671 οἰησίας
1200 602 1239 665 ⁹,
1298 599 1642 670 παραστήσῃ,
1695 595 1846 650 οὐδὲν

1972 596 2047 651 sed
2076 611 2199 651 cum
2239 598 2336 651 Dei
2367 598 2562 651 timore
2609 612 2673 651 ac
2701 596 2997 650 dilectione
3036 595 3276 650 animum
3302 596 3525 651 lectioni

267 700 544 771 ὠφέλιμον
597 692 897 766 οὐδαμόθεν
944 689 1199 744 οὐδέποτε
1236 690 1669 757 ἀναφανήσεται.

1972 685 2229 742 idhibeat.
2286 686 2383 742 Sin
2449 698 2632 742 autem
2696 688 2915 757 aliquis,
2965 703 3078 742 non
3138 695 3201 741 ut
3252 689 3525 744 commodi

266 789 475 861 aliquid
530 786 795 857 spiritalis
845 795 1235 852 consequatur,
1294 794 1410 835 Sive
1469 780 1633 839 hanc.
1702 776 1818 831 sive
1876 776 2038 831 aliam
2105 779 2359 849 quamvis
2441 780 2880 835 lucubrationem
2925 779 3137 849 legerit,
3192 779 3287 834 sed
3343 789 3402 834 ut
3443 776 3528 833 di-

266 885 479 940 ctiones
509 889 748 953 aucupet
806 876 1050 934 auctoris
1093 872 1419 945 suggillandi
1468 886 1652 937 causa,
1718 878 1867 924 utse
1925 869 2185 924 nimirum
2241 872 2334 926 illo
2393 873 2783 942 sapientiorem
2848 870 3071 943 (quippe
3122 869 3265 924 fastu
3310 877 3528 923 tumens

266 975 665 1050 arrogansque)
711 974 990 1040 exhibeat,
1026 956 1158 1026 huic
1188 969 1331 1025 nihil
1365 982 1606 1038 unquam
1638 964 1748 1020 ulla
1786 978 1854 1019 ex
1890 977 1951 1017 re
1979 964 2183 1034 Oppido
2206 966 2341 1020 utile
2368 965 2699 1020 occurrerit.

659 1132 801 1186 ΤΟΥ
839 1132 1070 1189 ΔΙἾΟΥ
1098 1128 1459 1186 ΜΑΞΙΜΟΥ.

268 1225 479 1295 Πρώτη
507 1224 833 1290 ἐκατοντὰς
860 1222 982 1277 τῶν
1019 1223 1152 1293 περὶ
1191 1222 1430 1294 ἀγάπης
1479 1220 1844 1290 κεφαλαίων.

342 1363 413 1411 α’.
465 1355 677 1425 ’Δγάπη
715 1342 814 1425 μέν
831 1353 1257 1418 ὲστιν,διάθεσις
1276 1352 1455 1425 ψυχῆς
1489 1352 1691 1424 ἀγαθὴ.
1722 1350 1847 1405 καθ’

268 1446 337 1519 ἢν
361 1444 511 1498 οὐδὲν
541 1442 651 1497 τῶν
676 1443 868 1511 ὄντων,
893 1443 994 1513 τῆς
1017 1442 1112 1496 τοῦ
1132 1443 1268 1496 Θεοῦ
1289 1442 1541 1512 γνώσεως
1581 1444 1844 1515 προτιμᾷ.

284 1536 573 1592 ’Δδύνατον
593 1534 653 1588 δὲ
685 1534 765 1597 είς
793 1532 907 1600 ἕξιν
933 1533 1107 1588 ὲλθεῐν
1126 1534 1332 1602 ταύτης
1359 1533 1459 1602 τῆς
1489 1534 1730 1603 ἀγάπης,
1758 1534 1848 1587 τὸν

273 1626 413 1698 πρός
440 1643 493 1678 τι
524 1626 633 1678 τῶν
657 1623 918 1691 ἐπιγείων
941 1623 1135 1694 ἔχοντα
1158 1623 1545 1692 προσπάθειαν.

2466 1120 2719 1177 SANCTI
2752 1119 3034 1185 MAXIM],

2218 1214 2298 1269 De
2327 1215 2586 1269 charilate
2613 1220 2832 1266 centena
2863 1212 3038 1282 prima
3070 1210 3266 1281 capita.

2022 1367 2074 1421 l.
2104 1365 2380 1430 Charitas,
2410 1365 2556 1420 bona
2582 1373 2667 1420 est
2693 1363 2898 1419 mentis
2928 1361 3168 1426 all'ectio,
3197 1379 3305 1433 qua
3330 1361 3531 1418 divina:

1954 1456 2256 1527 cognitioni
2290 1456 2430 1515 nihil
2478 1454 2784 1525 anteponit.
2839 1454 2969 1524 Ejus
3017 1461 3198 1507 autem
3247 1451 3531 1507 charitatis

1952 1546 2203 1602 habitum
2245 1562 2408 1602 nemo
2442 1562 2684 1616 unquam
2713 1545 2930 1614 assequi
2961 1543 3154 1614 possit,
3178 1543 3272 1612 qui
3300 1543 3533 1597 terrenis

1953 1638 2083 1691 ullis
2113 1638 2280 1692 rebus
2311 1638 2496 1692 animo
2524 1637 2816 1692 devinctus
2849 1635 2941 1690 sit.

345 1715 409 1787 β’.
464 1718 712 1787 Ἀγάπην
748 1715 849 1786 μὲν
876 1716 1053 1768 τίκτει
1086 1715 1358 1769 ἀπάθεια·
1397 1713 1671 1768 ἀπάθειαν
1702 1713 1781 1778 δὲ,
1813 1714 1848 1784 ὴ

2022 1724 2077 1778 2.
2111 1723 2449 1779 Charitatem
2475 1724 2622 1795 parit
2654 1721 3114 1793 imperturbatio;
3161 1718 3532 1790 imperturba-

273 1808 353 1871 είς
382 1806 515 1860 Θεὸν
541 1806 697 1870 ἐλπίς
721 1822 734 1836 ·
775 1806 873 1879 τὴν
910 1806 968 1860 δὲ
994 1807 1202 1872 ἐλπίδα,
1236 1805 1480 1878 ὑπομονὴ
1514 1804 1608 1859 καὶ
1643 1821 1853 1876 μακρο-

1972 1816 2166 1873 .ionem
2206 1815 2493 1885 sedatique
2534 1813 2707 1869 animi
2746 1810 3223 1883 tranquillitatem,
3256 1824 3381 1879 spes
3414 1821 3537 1878 quas

273 1898 444 1970 θυμία
499 1894 568 1970 (ο)
596 1915 610 1931 ·
668 1897 873 1962 ταύτας
927 1899 1003 1963 δὲ,
1051 1901 1085 1971 ἡ
1147 1898 1473 1968 περιεκτικὴ
1513 1897 1850 1970 ἐγκράτειαο

273 1990 603 2062 ἐγκράτειαν
633 1988 715 2055 δὲ,
760 1990 790 2043 6
822 1989 918 2043 τοῦ
962 1988 1099 2044 Θεοῦ
1144 1989 1311 2060 φόϐος
1331 2006 1345 2020 ·
1390 1989 1482 2043 τὸν
1506 1988 1564 2044 δὲ
1598 1988 1786 2060 φόϐον,
1816 1989 1852 2061 ἡ

272 2085 355 2148 είς
377 2083 469 2137 τὸν
497 2082 705 2155 Κύριον
734 2081 941 2147 πίστις.

206 2334 209 2335 ν
343 2268 414 2333 τ’.
466 2262 528 2317 '0
557 2262 830 2320 πιστεύων
856 2261 935 2335 τῷ
966 2264 1179 2334 Κυρίῳ,
1209 2262 1451 2332 φοϐεῖται
1477 2262 1576 2333 τὴν
1606 2261 1850 2316 κόλασινο

273 2357 304 2410 6
330 2356 387 2411 δὲ
415 2355 753 2428 φοϐούμενος
782 2357 881 2430 τὴν
919 2357 1163 2420 κόλασιν,
1191 2355 1586 2430 ἐγκρατεύεται
1608 2356 1718 2410 άπὸ
1743 2355 1855 2409 τῶν

276 2449 466 2504 παθῶν
486 2466 501 2483 ·
528 2450 558 2503 6
587 2449 645 2504 δὲ
668 2448 1132 2520 ἐγκρατευόμενος
1155 2449 1263 2503 ἀπὸ
1288 2449 1394 2503 τῶν
1419 2448 1631 2513 παθῶν,
1648 2447 1855 2519 ὑπομέ-

277 2559 356 2596 νει
378 2542 449 2597 τὰ
481 2540 740 2613 θλιϐερά·
774 2542 802 2593 6
829 2540 888 2594 δὲ
919 2542 1207 2612 ὑπομένων
1236 2540 1303 2593 τὰ
1337 2539 1583 2612 θλιϐερὰ,
1615 2539 1726 2605 ἔξει
1772 2540 1854 2602 εἰς

276 2633 410 2689 Θεὸν
456 2633 650 2687 ἐλπίδα
676 2649 690 2662 ’
725 2634 760 2704 ἡ
800 2632 857 2689 δὲ
902 2634 981 2695 εἰς
1015 2633 1148 2687 Θεὸν
1187 2632 1366 2697 ἐλπὶς,
1408 2633 1631 2705 χωρίζει
1672 2632 1854 2702 πάσης

251 2727 472 2798 .γηῖνης
511 2724 888 2798 προσπαθείας
913 2725 1007 2780 τὸν
1026 2724 1185 2779 νοῦν*
1211 2725 1412 2796 ταύτης
1441 2726 1501 2779 δὲ
1531 2727 1560 2779 6
1589 2724 1715 2790 νοῦς
1745 2743 1855 2797 χω·-

280 2816 511 2887 ρισθεὶς,
541 2814 655 2881 ἕξει
679 2814 778 2886 τὴν
801 2816 883 2878 είς
906 2812 1038 2868 Θεὸν
1076 2814 1320 2885 ἀγάπην.

350 2988 412 3043 δ’.
463 2988 522 3041 '0
544 2960 774 3055 ἀγαπῶν
795 2984 885 3038 τὸν
907 2984 1038 3037 Θεὸν
1065 2984 1159 3054 (‘2),
1185 2964 1401 3036 πάντων
1426 2983 1533 3036 τῶν
1563 2984 1659 3037 ὑπ’
1686 2984 1853 3038 αὐτοῦ

1955 1905 2013 1960 in
2047 1906 2220 1966 Deum
2248 1912 2331 1960 est
2357 1923 2371 1958 :
2401 1913 2661 1959 caeterum
2700 1916 2878 1972 spem,
2911 1899 3174 1971 patientia
3198 1908 3254 1954 et
3283 1896 3536 1969 longani-

1952 1998 2118 2055 mitas
2143 2015 2156 2051 :
2187 1998 2288 2052 bas
2313 2011 2466 2059 vero,
2493 1997 2653 2066 cujus
2676 1994 2748 2050 sit
2774 1993 2940 2056 tueri,
2965 1989 3339 2056 continentia;
3369 2003 3539 2059 porro

1950 2090 2369 2152 continentiam,
2399 2087 2497 2143 Dei
2534 2088 2699 2142 timor
2729 2102 2743 2140 :
2775 2085 3051 2149 timorem,
3100 2100 3223 2155 quze
3249 2083 3307 2139 in
3355 2080 3540 2137 Domi-

1951 2197 2087 2237 num
2127 2189 2234 2247 est,
2271 2180 2430 2236 ﬁdes.

2020 2273 2075 2328 5.
2108 2272 2214 2340 Qui
2256 2272 2492 2327 Domino
2536 2271 2735 2334 credit,
2772 2286 2990 2341 poenam
3030 2266 3400 2340 pertimescit;
3443 2264 3538 2335 qui

1953 2373 2139 2419 autem
2172 2363 2519 2433 pertimescit
2569 2376 2810 2431 poenam,
2859 2374 2919 2415 se
2966 2376 2997 2414 a
3029 2358 3180 2413 vitiis
3227 2356 3472 2411 continet
3522 2370 3539 2407 :

1953 2456 2050 2526 qui
2088 2470 2222 2510 vero
2256 2471 2316 2510 se
2341 2471 2371 2509 a
2403 2454 2556 2509 vitiis
2583 2453 2850 2515 continet,
2880 2452 3156 2521 patienter
3180 2462 3453 2503 mrumnas
3479 2460 3544 2499 ac

1952 2545 2097 2599 mala
2151 2543 2373 2610 suﬂ‘ert;
2436 2544 2482 2598 is
2521 2558 2690 2612 porro
2745 2540 2841 2609 qui
2895 2540 3011 2593 haec
3063 2538 3336 2607 patienter
3382 2534 3546 2604 396

1954 2637 2168 2703 suffert,
2202 2650 2353 2706 spem
2387 2635 2443 2687 in
2470 2634 2640 2687 Deum
2671 2630 2965 2685 habiturus
2992 2638 3077 2683 est
3129 2644 3142 2680 :
3190 2642 3317 2696 spes
3358 2632 3543 2679 autem

1955 2727 2012 2782 in
2040 2728 2236 2791 Deum,
2263 2740 2294 2778 a
2331 2732 2549 2778 terrena
2586 2720 2737 2775 omni
2783 2720 3011 2774 libidine
3049 2724 3267 2786 separat
3300 2733 3312 2769 :
3348 2714 3416 2769 ab
3456 2714 3548 2769 his

1957 2818 2200 2888 denique
2230 2821 2524 2887 separatus
2551 2813 2787 2877 animus,
2818 2810 3140 2865 cbaritatcm
3168 2805 3547 2862 nansciscetur

1956 2924 2077 2979 qua:
2106 2907 2173 2962 ad
2200 2906 2374 2960 Deum
2401 2909 2503 2958 est.
3642 2888 3645 2893 ’

2028 2999 2081 3053 6.
2110 2996 2213 3063 Qui
2240 2995 2413 3049 Deum
2434 2990 2635 3061 diligit,
2662 2987 2879 3044 cunctis
2909 2987 2978 3042 ab
3012 3002 3080 3042 eo
3109 2985 3369 3051 conditis,
3397 2984 3550 3040 illius

278 3076 584 3147 γεγονότων
629 3076 876 3148 προτιμᾷ
912 3074 1009 3145 τὴν
1039 3074 1242 3143 γνῶσιν
1266 3072 1456 3138 αὑτοῦ,
1493 3075 1588 3128 καὶ
1616 3074 1856 3159 ἀδιαλείτ

1972 3087 2335 3158 cognitionem
2364 3097 2429 3138 ac
2473 3081 2757 3137 scientiam
2805 3078 3125 3148 anteponit;
3170 3077 3332 3147 eique
3378 3075 3550 3130 animi

281 3187 431 3233 πτως
457 3168 548 3223 διὰ
568 3167 663 3222 τοῦ
699 3166 890 3230 πόθου,
922 3165 1095 3237 ταύτῃ
1122 3169 1545 3238 προσκαρτερεὶι

352 3260 414 3317 ε’.
454 3262 520 3315 Εἰ
561 3260 739 3315 πάντα
786 3257 859 3313 τὰ
899 3257 1029 3311 ὅντα
1073 3256 1160 3310 διὰ
1205 3257 1299 3310 τοῦ
1329 3256 1465 3310 Θεοῦ
1497 3257 1594 3311 καὶ
1636 3256 1724 3310 διὰ
1765 3257 1859 3312 τὸν

282 3354 415 3409 Θεὸν
443 3352 656 3423 γέγονε·
670 3353 936 3424 κρείττων
959 3349 1052 3402 δὲὸ
1073 3347 1205 3413 Θεὸς
1232 3348 1341 3401 τῶν
1369 3348 1440 3401 δι’
1460 3347 1624 3402 αὐτοῦ
1638 3348 1861 3417 γεγονό-

283 3461 409 3502 των·
423 3447 452 3500 ό
466 3442 897 3516 καταλιμπάνων
911 3439 1006 3495 τὸν
1017 3439 1118 3494 Θεὸ
1128 3457 1149 3492 ν
1164 3439 1254 3493 τὸν
1268 3440 1613 3510 ἁσυγκρίτως
1626 3426 1864 3511 κρείττοὲ

284 3555 375 3599 να,
411 3536 644 3600 καὶτοῖς
670 3533 912 3606 χείροσιν
936 3529 1415 3602 Ξνασχολούμενος,
1442 3529 1716 3583 δείκνυσιν
1736 3529 1864 3582 ἑαυ-

285 3628 377 3682 τὸν
411 3625 761 3707 προτιμῶντα
792 3622 886 3676 τοῦ
917 3620 1073 3695 Θεοῦ,
1106 3621 1177 3675 τὰ
1207 3621 1275 3675 δι’
1304 3620 1471 3675 αὐτοῦ
1505 3620 1791 3689 γεγονότα.

361 3813 437 3872 ς’.
486 3807 546 3860 Ὀ
586 3806 653 3877 τῇ
702 3806 782 3867 εις
822 3801 956 3855 Θεὸν
1006 3799 1193 3870 ἀγάπῃ
1239 3798 1330 3852 τὸν
1366 3797 1491 3852 νοῦν
1529 3796 1666 3869 ἔχων
1696 3812 1868 3868 προσ-

298 3894 597 3966 ηλωμένον,
645 3891 867 3945 πάντων
911 3887 1018 3941 τῶν
1063 3886 1379 3958 ὁρωμένων,
1418 3884 1516 3938 καὶ
1565 3883 1731 3937 αὑτοῦ
1770 3881 1865 3937 τοῦ

294 3984 568 4055 σώματος,
599 3983 675 4046 ὡς
695 3979 978 4051 ἀλλοτρίου
1008 3978 1356 4048 καταφρονεῖ.

365 4077 430 4142 ζ’.
474 4077 537 4129 Εί
580 4073 846 4148 κρείττων
887 4070 983 4125 τοῦ
1043 4069 1294 4140 σώματος
1341 4068 1374 4139 ή
1427 4067 1573 4137 ψυχὴ
1599 4066 1714 4137 (5)’
1772 4065 1868 4119 καὶ

295 4167 561 4249 κρείττων
606 4163 701 4218 τοῦ
743 4162 951 4233 κόσμου
994 4160 1344 4231 ἅσυγκρίτως
1400 4159 1429 4212 6
1472 4158 1667 4220 κτίσας
1707 4156 1869 4211 αὐτὸν

295 4245 427 4324 Θεός
445 4276 457 4288 ·
492 4261 520 4328 6
547 4256 831 4328 προτιμῶν
853 4253 954 4324 τῆς
979 4251 1160 4323 ψυχῆς
1190 4251 1252 4304 τὸ
1276 4249 1458 4320 σῶμα,
1478 4249 1573 4302 καὶ
1596 4247 1693 4301 τοῦ
1732 4245 1868 4301 Θεοῦ

296 4352 388 4405 τὸν
418 4348 524 4404 ὑπὸ
547 4346 711 4402 αὑτοῦ
740 4343 1027 4401 κτισθέντα
1056 4341 1280 4412 κόσμον,
1304 4339 1460 4393 οὐδὲν
1510 4337 1622 4393 τῶν
1661 4336 1870 4392 εἰδωλο-

297 4440 641 4513 λατρούντων
661 4437 989 4505 διενήνοχεν.

370 4530 440 4601 η’.
492 4528 551 4582 Ὀ
598 4526 688 4580 τὸν
726 4524 851 4578 νοῦν
891 4522 991 4592 τῆς
1033 4522 1112 4585 είς
1156 4520 1288 4574 Θεὸν
1319 4518 1541 4589 ἀγάπης
1571 4516 1665 4573 καὶ
1695 4533 1868 4588 προσ-

301 4623 512 4693 εδρείας
552 4617 926 4689 άποχωρίσας,
962 4614 1056 4669 καί
1098 4630 1206 4667 τινι
1239 4612 1348 4664 τῶν
1391 4609 1669 4683 αἰσθητῶν
1698 4626 1870 4681 προσ-

300 4712 582 4783 δεδεμένον
614 4709 773 4780 ἔχων,
804 4700 959 4769 οὗτός
986 4706 1102 4758 ἐστι
1124 4706 1150 4757 6
1174 4700 1457 4773 προτιμῶν
1485 4701 1583 4770 τῆς
1611 4698 1790 4770 ψυχῆς
1812 4700 1874 4753 τὸ

306 4805 486 4874 σῶμα,
529 4802 622 4856 καὶ
665 4799 758 4853 τοῦ
793 4798 1078 4859 κτίσαντος
1122 4792 1279 4854 Θεοῦ.
1312 4792 1380 4849 τὰ
1404 4793 1495 4846 ὑπ’
1523 4791 1687 4846 αὐτοῦ
1721 4808 1878 4863 γεγο-

306 4895 453 4951 νότα.

375 4983 558 5039 'ldem
590 4979 810 5034 videtur
839 4992 907 5033 ac
930 4974 1241 5047 οίηματίας.

378 5074 449 5146 (ε)
509 5066 813 5138 Ὑπομονῆ
858 5062 1405 5146 ,καξμακρρᾷυμίαι
1451 5063 1640 5146 ,ἰμηςῖι
1684 5067 1887 5134 passim

310 5133 606 5201 maximus,
654 5133 715 5192 ut
745 5133 873 5191 sunt
904 5133 1093 5205 afﬁnes
1135 5135 1403 5205 virtutes,
1450 5133 1705 5205 idemque
1749 5152 1889 5205 pene

311 5214 485 5269 ambae
508 5224 671 5264 voces
699 5206 1032 5277 signiﬁcant."
1051 5204 1217 5277 Quod
1263 5203 1483 5277 passim
1506 5203 1889 5262 reddunt—0b-

314 5299 431 5352 sop.
458 5290 515 5335 et
538 5279 703 5352 Gesn.
731 5272 841 5340 b'ic,
869 5284 925 5329 et
950 5290 1008 5327 n.
1037 5274 1107 5352 4ο
1134 5290 1147 5326 :
1172 5273 1233 5325 τὸ
1259 5272 1890 5352 ὑπομονηρετε-ευεναη-

314 5341 411 5415 ιὶᾰ,
443 5365 553 5403 non
586 5348 719 5402 satis
742 5361 808 5400 ex
832 5341 1110 5415 communi
1141 5357 1241 5415 usu
1264 5341 1495 5415 esl,_et_si
1522 5341 1712 5415 Matth.
1744 5360 1888 5411 xxw,

314 5410 450 5477 illud
481 5437 494 5472 :
519 5421 546 5470 ὁ
577 5417 874 5484 ὑπομείνας
908 5414 985 5484 εἰς
1010 5411 1182 5484 τέᾈος,
1218 5411 1333 5479 ipse
1362 5410 1516 5484 Vulg.
1551 5411 1764 5480 reddat,
1792 5410 1893 5479 Qui

314 5479 723 5562 perseveraverit
760 5479 928 5562 usque
966 5483 1021 5562 in
1062 5479 1260 5562 ﬁnem;
1299 5479 1889 5562 rcdtliaelque‘possit,

317 5551 407 5632 'qui
432 5557 758 5632 sustinuerit.
786 5551 1097 5632 patientiam
1123 5551 1366 5612 tenuerit,
1391 5561 1496 5602 etc.
1529 5551 1681 5615 Quod
1713 5554 1895 5632 sequi-

321 5621 428 5693 t'ur,
461 5631 491 5695 ὴ
529 5642 634 5695 περ
660 5621 1230 5695 εκτικὴγὲγκρέιτεια.
1267 5633 1459 5695 quam_
1482 5636 1672 5695 vocem
1724 5624 1891 5695 alter,

320 5686 577 5767 acquisita
601 5686 923 5750 continentia
944 5686 1153 5759 reddit,
1182 5686 1342 5758 alter,
1366 5686 1710 5747 universalis:
1735 5691 1894 5762 longe

1966 3176 2244 3233 desiderio
2273 3189 2337 3229 ac
2362 3186 2549 3227 amore
2577 3170 2917 3224 incessanter
2948 3167 3259 3230 incumbit.,

2038 3271 2090 3325 5.
2118 3264 2467 3343 Cumomnia
2498 3279 2620 3334 quae
2652 3271 2802 3327 sunt,
2831 3261 2943 3314 Deo
2975 3268 3200 3313 auctore
3228 3273 3292 3313 ac
3322 3265 3554 3329 propter
3619 3257 3623 3261 ’

1965 3365 2141 3419 Deum
2181 3358 2402 3415 condita
2440 3356 2583 3421 sint;
2633 3354 2814 3423 sitque
2847 3352 3013 3416 Deus,
3040 3350 3110 3405 iis
3157 3364 3280 3420 qum
3313 3348 3431 3419 ipso
3456 3365 3556 3404 au-

1968 3464 2121 3511 ctore
2155 3450 2376 3507 condita
2408 3453 2560 3510 sunt,
2614 3445 2776 3514 longe
2812 3442 3194 3513 praestantior;
3237 3440 3335 3511 qui
3377 3440 3556 3496 Deum

1969 3545 2108 3600 citra
2146 3554 2367 3595 omnem
2396 3533 2866 3605 comparationem
2901 3531 3185 3586 meliorem
3213 3530 3552 3600 relinquens,

1969 3633 2345 3690 deterioribus
2394 3633 2702 3698 addicitur;
2761 3632 2995 3687 minoris
3042 3646 3103 3686 se
3160 3631 3333 3686 Deum
3373 3628 3556 3686 facere

1970 3723 2235 3787 ostendit,
2269 3738 2434 3792 quam
2465 3739 2588 3792 quae
2621 3722 2715 3778 illo
2748 3731 2975 3777 auctore
3007 3720 3228 3776 condita
3260 3728 3411 3776 sunt.

2041 3814 2095 3868 6.
2130 3811 2234 3878 Qui
2260 3811 2516 3866 charitati
2555 3810 2612 3863 in
2643 3811 2814 3865 Deum
2840 3825 2939 3864 cor
2972 3808 3192 3863 aﬂixum
3223 3808 3409 3873 habet,
3431 3824 3555 3878 quae

1973 3905 2032 3959 in
2075 3914 2356 3972 aspecmm
2407 3900 2613 3955 cadunt
2651 3900 2861 3963 omnia,
2922 3899 3214 3969 ipsumque
3255 3898 3394 3953 adeo
3431 3913 3554 3954 cor-

1972 4005 2098 4061 pus,
2131 3986 2437 4043 contemnit
2467 3994 2726 4054 tanquam
2761 3985 3025 4040 alienum.

1938 4144 1941 4151 ,
2043 4081 2097 4135 7.
2133 4078 2272 4135 Cum
2321 4078 2502 4132 anima
2532 4092 2763 4147 corpore
2802 4076 2999 4130 melior
3026 4074 3134 4141 sit;
3179 4075 3434 4145 Deosque
3476 4074 3555 4131 ci-

1974 4181 2061 4227 tra
2093 4186 2314 4227 omnem
2353 4168 2821 4239 comparationem
2853 4162 3199 4237 prmstantior
3228 4167 3297 4221 sit
3324 4165 3550 4231 mundo,

1973 4277 2139 4334 quem
2169 4261 2458 4317 condidit:
2490 4264 2584 4329 qui
2624 4273 2825 4329 corpus
2868 4258 3082 4319 animae,
3124 4256 3344 4327 Deoque
3390 4273 3553 4312 mun-

1975 4352 2108 4408 dum
2141 4353 2211 4408 ab
2252 4353 2372 4423 ipso
2416 4350 2719 4412 conditum,
2764 4347 3070 4419 anteponit,
3119 4347 3186 4410 is,
3231 4346 3299 4402 ab
3340 4346 3409 4401 iis
3456 4347 3554 4416 qui

1896 4416 1943 4472 θ
1972 4444 2135 4499 idolis
2168 4416 2376 4498 cuit—um
2413 4431 2700 4505 adhibent,
2728 4416 2916 4493 diﬂ'ert
2940 4438 3100 4491 nihil.

2018 4536 2102 4605 ⁸8.
2133 4534 2238 4602 Qui
2264 4543 2504 4588 mentem
2538 4549 2567 4587 a
2610 4532 2882 4587 charitate
2926 4530 2981 4586 in
3011 4531 3204 4594 Deum,
3233 4529 3459 4601 jugique
3498 4529 3556 4584 in

1977 4644 2105 4685 eum
2139 4626 2321 4683 studio
2351 4625 2704 4688 abstraxerit,
2752 4640 2818 4679 ac
2849 4632 3195 4682 terrenorum
3247 4623 3411 4677 alicui
3456 4622 3558 4677 de-

1980 4722 2220 4776 vinctam
2256 4717 2534 4782 habuerit,
2562 4716 2651 4771 liic
2675 4732 2878 4787 corpus
2908 4715 3125 4780 animae,
3153 4730 3218 4770 ac
3239 4731 3362 4784 qua:
3383 4730 3415 4768 a
3446 4714 3559 4771 Deo

1984 4811 2204 4867 condita
2240 4815 2392 4869 sunt,
2422 4807 2694 4863 conditori
2723 4806 2837 4861 Deo
2867 4804 3170 4877 anteponit.

1985 5072 2093 5129 alio
2123 5078 2355 5141 spectat.
2401 5067 2684 5141 Signiﬁcat
2732 5068 2821 5122 illa
2856 5068 3076 5141 quidem
3111 5067 3244 5141 alias
3272 5064 3563 5141 quamdam

1986 5135 2418 5211 complexionem
2468 5135 2539 5211 ac
2594 5138 3094 5211 unive‘rsalitatcnt;
3149 5135 3239 5188 hic
3288 5136 3563 5211 νει-στῆς

1986 5205 2310 5281 ἐγκρατείας
2342 5207 2619 5275 propriam
2668 5207 2934 5281 rationem
2959 5205 3225 5281 designat,
3261 5219 3367 5273 qua
3416 5205 3565 5260 velut

1987 5274 2661 5347 constringat’teneatque
2688 5290 2753 5347 ac
2779 5275 3059 5347 contineat
3102 5274 3364 5347 animum,
3399 5287 3467 5326 ne
3507 5287 3567 5327 se

1988 5342 2305 5420 passionu'm
2338 5361 2517 5420 pugna
2560 5342 2759 5420 abduci
2804 5343 2947 5420 sinat
2973 5358 3037 5397 ac
3068 5342 3211 5397 trahi
3245 5344 3300 5396 in
3333 5356 3567 5420 cernen-

1995 5410 2116 5474 sum
2146 5435 2159 5470 :
2191 5417 2295 5469 hoc
2336 5410 2482 5468 enim
2517 5414 2808 5468 continens
2840 5413 3029 5467 dill‘ert
3057 5428 3086 5466 a
3123 5419 3479 5481 temperante,
3512 5410 3568 5481 in

1997 5504 2108 5557 quo
2130 5488 2239 5556 jam
2284 5485 2459 5557 sedati
2503 5485 2615 5557 sint
2638 5483 2911 5557 allectus,
2938 5491 2998 5535 ut
3030 5482 3148 5535 sine
3180 5480 3359 5550 pugna
3392 5480 3573 5557 conti-

1998 5549 2147 5619 neat,
2173 5564 2229 5609 et
2257 5554 2412 5622 quasi
2451 5568 2517 5606 ex
2563 5553 2752 5607 habitu
2789 5553 3064 5622 perfecto;
3100 5549 3573 5622 «aptaactxhita-

1999 5641 2128 5697 que,
2154 5621 2287 5693 qua!
2305 5622 2374 5677 sit
2398 5622 2554 5693 quasi
2580 5621 2830 5695 περιοχῆ,
2863 5622 3165 5687 praesidium
3189 5629 3236 5673 et
3261 5621 3502 5674 munitio.
