4084 6332
611 274 718 342 967

1785 272 1846 328 3.
1888 268 2177 330 MAXIMI
2214 266 2724 329 CONFESSORIS

3859 258 3964 322 968

678 387 770 442 51.
825 384 1299 454 Quemadmodum
1347 382 1490 454 ignis
1536 349 1803 439 memoria
1839 397 2043 452 corpus
2084 397 2195 438 non

2369 378 2471 433 λα’.
2516 379 2741 448 Ὠσπερ
2780 376 2970 449 μνήμη
2994 373 3163 447 πυρδς
3192 373 3253 430 οὔ
3282 370 3623 449 θερμαίνει
3661 367 3735 423 τὸ
3774 368 3962 440 σῶμα,

609 478 884 541 calefacit,
930 479 1013 531 sic
1046 491 1151 530 nec
1188 474 1324 530 ﬁdes
1375 474 1617 531 scientiae
1666 473 2090 529 illustrationem
2141 475 2198 529 in

610 570 799 626 animo
834 578 1097 639 Operatur
1138 568 1184 622 si
1216 567 1473 623 Charitas
1501 567 1665 622 desit.

681 660 766 714 52.
803 659 956 713 Sicut
988 660 1082 712 lux
1114 658 1246 711 solis
1276 672 1471 711 sanum
1519 656 1742 712 oculum
1785 656 1853 710 ad
1889 670 1947 711 se
1988 655 2192 722 trahit;

610 751 691 804 sic
718 758 773 803 et
810 749 908 803 Dei
938 747 1178 817 cognitio
1215 762 1278 802 ac
1315 746 1566 811 scientia,
1596 762 1789 816 puram
1829 752 2066 800 mentem
2097 761 2197 815 per

606 840 932 895 cbaritatem
982 838 1218 893 naturali
1264 838 1335 893 ad
1378 852 1437 893 se
1484 837 1744 892 illecebra
1785 837 2015 907 pellicit.

683 1012 848 1083 399
884 1014 971 1067 55.
999 1012 1150 1067 Mens
1184 1027 1319 1082 pura
1355 1023 1459 1076 est,
1484 1025 1607 1080 qua:
1639 1008 1964 1081 ignorantiae
1984 1018 2195 1065 semota

610 1105 866 1177 caligine,
904 1105 1089 1159 divina
1110 1106 1231 1160 luce
1255 1105 1634 1160 collustratur.

680 1197 768 1252 54.
813 1197 992 1252 Purus
1017 1198 1236 1253 animus
1268 1205 1375 1263 est,
1421 1197 1516 1266 qui
1564 1211 1594 1250 a
1629 1194 1779 1249 vitiis
1824 1194 2090 1251 liberatus
2130 1212 2195 1251 ac

609 1287 1144 1357 perturbationibus,
1187 1287 1372 1343 divina
1417 1287 1689 1344 charitate
1741 1286 1946 1358 iugiter
1981 1288 2195 1342 exhila-

611 1387 788 1434 ratur.

680 1471 769 1525 55.
792 1471 1038 1527 Allectus
1067 1472 1405 1541 vituperium
1446 1471 1659 1525 habens
1694 1470 2062 1541 (perturbatio
2090 1469 2197 1525 sci-

610 1559 743 1614 licet
766 1568 931 1629 atque
961 1559 1177 1629 vitium)
1205 1569 1388 1615 motus
1420 1560 1588 1614 animi
1616 1569 1701 1614 est
1737 1559 2079 1614 innaturalis.

681 1647 770 1701 56.
809 1646 1074 1701 Ἀπάοεια
1109 1645 1685 1717 (imperturbationem
1727 1647 1994 1712 dicamus,
2038 1647 2195 1703 seda-

2299 468 2444 522 οῦτω
2483 468 2667 532 πίστις
2705 469 2835 523 ἄνευ
2865 467 3108 538 ἀγάπης,
3148 466 3250 519 οὐκ
3278 465 3532 537 ἐνεργεῖ
3572 462 3672 524 εἰς
3704 459 3826 530 τὴν
3860 459 3961 530 ou.

2299 560 2403 633 χὴν
2424 560 2514 614 τὸν
2552 560 2652 629 τῆς
2679 560 2936 629 γνώσεως
2965 558 3269 627 φωτισμόν.

2370 650 2475 720 λβ’.
2525 653 2740 722 ’Ὥσπερ
2774 651 2833 704 τὸ
2870 650 2985 718 φῶς
3009 648 3103 703 τοῦ
3136 649 3291 719 ἡλίου
3320 647 3422 700 τὸν
3460 644 3621 714 ὑγιῆ
3660 641 3957 713 ὀφθαλμὸν

2297 742 2377 805 εἰς
2400 742 2562 795 ἑαυτὸ
2591 743 2879 811 ἐφέλκεται
2898 758 2911 771 ’
2940 740 3083 794 οὕτω
3106 742 3201 793 καὶ
3224 741 3256 810 ἡ
3277 738 3506 806 γνῶσις
3542 734 3665 788 τοῦ
3712 734 3860 788 Θεοῦ
3883 736 3951 804 (5)

2296 834 2387 887 τὸν
2438 834 2678 904 καθαρὸν
2727 834 2857 888 νοῦν
2905 833 3150 903 φυσικῶς
3207 832 3297 886 διὰ
3354 833 3469 900 τῆς
3514 828 3789 898 ἀγάπης
3820 828 3948 896 πρὸς

2297 924 2498 993 ἑαυτὴν
2525 927 2846 979 ἐπισπᾶται.

2367 1014 2466 1085 λγ’.
2506 1017 2648 1080 Νοῦς
2682 1019 2799 1070 ὲστι
2834 1015 3097 1086 καθαρὸς,
3131 1015 3160 1067 ὁ
3184 1014 3417 1080 ἀγνοίας
3453 1010 3827 1084 χωρισθεὶς,
3859 1010 3943 1063 καὶ

2297 1107 2403 1160 ὑπὸ
2432 1107 2524 1165 τοῦ
2553 1108 2699 1161 θείου
2728 1108 2906 1177 φωτὸς
2930 1107 3453 1177 καταλαμπόμενος.

2365 1199 2463 1255 λδθ.
2491 1194 2666 1272 Ψυχή
2706 1202 2823 1255 ἔστι
2853 1200 3093 1273 καθαρὰ,
3129 1202 3163 1271 ἠ
3196 1198 3391 1253 παθῶν
3424 1194 3931 1266 ἑλευθερωθεῖςα,

2295 1295 2390 1349 καὶ
2419 1295 2526 1348 ὑπὸ
2567 1295 2669 1365 τῆς
2704 1292 2855 1350 θείας
2912 1293 3133 1364 ἀγάπης
3179 1290 3566 1352 ἀδιαλείπτως
3623 1292 3933 1359 εὐφραινο-

2297 1386 2434 1458 μένη
2445 1427 2460 1441 .

3836 1468 3925 1530 alve-

2364 1476 2460 1532 λε’.
2505 1475 2683 1539 Πάθος
2736 1473 2876 1547 [Duo
2924 1473 3075 1545 Regii
3133 1481 3342 1527 tantum
3385 1469 3606 1542 πάθος]
3656 1470 3794 1522 ἐστὶ

2294 1568 2443 1630 κτὸν,
2474 1566 2689 1638 κίνησις
2720 1567 2900 1637 ψυχῆς
2937 1564 3087 1635 παρά
3124 1565 3306 1634 φύσιν.

2364 1661 2472 1725 λς’.
2527 1659 2793 1714 Ἀπάθειά
2823 1661 2976 1712 ἐστιν
3008 1655 3262 1729 εἰρηνικὴ
3302 1656 3677 1718 κατάστασις
3713 1653 3918 1723 ψυχῆς,

611 1738 762 1808 tique
789 1737 957 1792 animi
983 1753 1048 1792 ac
1071 1738 1365 1794 aﬁ'ectibus
1392 1738 1552 1793 vacui
1588 1737 2064 1808 tranquillitatem)
2093 1753 2191 1795 oa-

2310 1750 2419 1807 ιαθ’
2446 1751 2514 1822 ἣν
2541 1749 2859 1818 δυσκίνητος
2888 1747 3097 1818 γίνεται
3121 1746 3268 1818 ψυχὴ
3305 1746 3442 1815 πρὸς
3471 1746 3726 1800 κακίαν.

611 1838 769 1884 catus
820 1837 906 1884 est
950 1828 1117 1884 animi
1175 1840 1371 1895 status,
1423 1844 1534 1900 quo
1591 1828 1640 1885 is
1684 1844 1829 1900 aegre
1873 1829 1942 1884 ad
1992 1829 2193 1885 vitium

612 1929 889 1976 movetur.

681 2014 770 2069 57.
800 2012 904 2080 Qui
934 2014 1218 2070 charitatis
1254 2015 1468 2071 fructus
1498 2016 1690 2071 sedulo
1724 2023 2057 2072 consecutus
2085 2020 2192 2080 est,

611 2107 702 2162 vel
734 2106 780 2161 si
825 2105 1113 2162 innumera
1144 2108 1471 2164 sustinenda
1504 2107 1617 2163 sint
1655 2108 1817 2172 mala,
1846 2107 1917 2162 ab
1950 2122 2016 2162 ea
2044 2122 2193 2160 nun-

612 2214 777 2269 quam
807 2199 1052 2254 animum
1085 2199 1404 2255 transferet.
1434 2198 1736 2268 Fidemque
1768 2198 1934 2253 faciat
1959 2196 2196 2267 Stepha-

614 2311 719 2350 nus
771 2293 978 2350 Christi
1032 2293 1356 2364 discipulus,
1404 2308 1471 2348 ac
1511 2292 1563 2347 ei
1614 2291 1822 2347 similes
1864 2292 1920 2358 ';
1968 2290 2197 2361 ipseque

614 2385 885 2449 Salvator,
921 2401 1020 2455 pro
1063 2385 1173 2439 illis
1212 2385 1430 2439 Patrem
1458 2392 1721 2454 precatus
1750 2383 1843 2452 qui
1874 2381 1994 2436 neci
2021 2380 2194 2435 tradi-

613 2475 836 2538 derunt,
876 2474 1205 2544 veniamque
1232 2474 1300 2528 ab
1328 2489 1415 2535 eo,
1462 2481 1721 2544 tanquam
1754 2472 1862 2526 illis
1890 2469 2195 2542 ignorantia

614 2566 1014 2629 laborantibus,
1042 2580 1241 2635 rogans
1263 2565 1308 2620 ⁸.

684 2672 773 2726 58.
801 2671 938 2727 Cum
965 2670 1250 2726 charitatis
1277 2670 1349 2727 sit
1377 2669 1768 2741 longanimem,
1800 2668 2103 2738 mitemque
2131 2682 2198 2724 ac

614 2763 913 2833 benignum
958 2778 1081 2818 esse
1113 2764 1157 2828 ’,
1199 2763 1292 2832 qui
1335 2763 1417 2817 ira
1460 2763 1597 2817 furit
1635 2762 1857 2832 agitque
1900 2761 2194 2827 malitiose,

615 2856 877 2910 nimirum
906 2855 1125 2909 alienus
1157 2869 1187 2907 a
1212 2853 1482 2908 charitate
1515 2853 1792 2908 efﬁcitur:
1822 2853 2037 2908 alienus
2064 2868 2197 2909 vero

501 2996 510 3013 ,
613 2965 646 3003 a
671 2949 964 3011 eharitate,
992 2964 1024 3003 a
1057 2948 1170 3002 Deo
1210 2947 1426 3001 alienus
1466 2953 1572 3011 est,
1607 2960 1733 2999 cum
1776 2945 1919 3000 Deus
1961 2945 2195 2999 charitas

613 3055 682 3099 sit
717 3049 783 3101 ".
1628 3147 1633 3148 γ
2096 3146 2104 3148 Δ
2221 3089 2265 3148 C

688 3151 777 3206 59.
821 3150 998 3204 Nolite
1030 3150 1220 3211 dicere,
1256 3148 1596 3204 ait.divinus
1619 3147 1910 3213 Jeremias,
1943 3146 2198 3219 templum

621 3239 833 3297 Domini
869 3259 1049 3295 sumus
1077 3242 1141 3294 ".
1184 3241 1264 3295 Tu
1293 3255 1514 3310 quoque
1547 3256 1617 3296 ne
1654 3241 1862 3295 dixeris
1897 3258 1911 3294 :
1946 3240 2104 3295 Nuda
2135 3256 2200 3295 ac

619 3335 734 3390 sola
772 3332 907 3388 ﬁdes
936 3334 991 3387 in
1034 3333 1325 3387 Dominum
1371 3341 1620 3386 nostrum
1662 3332 1847 3387 Jesum
1892 3332 2197 3400 Christum,

619 3420 856 3476 salutem
900 3417 1038 3472 mihi
1068 3426 1267 3489 potest,
1284 3426 1565 3488 praestare.
1598 3418 1718 3472 Non
1751 3419 1900 3474 enim
1935 3419 2041 3476 hoc
2080 3420 2197 3475 ﬁeri

620 3515 824 3581 potest,
854 3506 961 3562 nisi
1004 3508 1170 3563 etiam
1214 3508 1541 3564 cbaritatem
1582 3510 1638 3564 in
1675 3509 1855 3580 ipsum
1893 3527 1993 3581 per
2033 3526 2200 3582 opera

620 3599 1053 3669 comparaveris.
1075 3598 1157 3654 Ad
1191 3599 1497 3677 simplicem
1525 3600 1673 3655 enim
1710 3600 1872 3656 ﬁdem
1902 3602 2047 3672 quod
2077 3603 2206 3657 atti-

620 3699 718 3746 net
751 3707 765 3743 :
816 3689 992 3744 Etiam
1031 3691 1294 3745 da’mouet
1328 3691 1568 3757 credunt,
1602 3699 1653 3745 et
1691 3694 2095 3748 contremiscunt
2135 3695 2200 3749 “.

690 3780 780 3837 40.
826 3780 1128 3837 Charitatis
1171 3797 1311 3853 opus
1349 3790 1453 3847 est,
1492 3782 1747 3839 beneﬁcii
1787 3783 1844 3839 in
1884 3784 2198 3854 proximum

618 3884 688 3925 ex
716 3870 903 3925 animo
931 3870 1243 3934 collocatio,
1285 3878 1342 3925 et
1380 3871 1766 3941 longanimitas
1804 3879 1861 3927 et
1902 3872 2196 3944 patientia;

619 3962 862 4033 itemque
893 3970 1045 4018 recta
1074 3978 1200 4018 cum
1234 3962 1448 4017 ratione
1473 3963 1638 4018 rebus
1671 3963 1774 4017 uti.

688 4055 779 4109 41.
812 4053 919 4120 Qui
958 4054 1131 4109 Deum
1155 4052 1354 4124 diligit,
1395 4068 1497 4108 nec
1537 4055 1709 4108 ullum
1756 4050 1978 4108 tristitia
2006 4054 2197 4120 afﬁcit,

618 4159 723 4200 nec
742 4145 857 4215 ipse
877 4144 1166 4199 adversum
1192 4145 1430 4214 aliquem
1448 4143 1520 4198 ob
1547 4154 1900 4214 temporanea
1923 4145 2199 4200 tristitiam

619 4235 852 4290 assumit
878 4252 893 4289 :
928 4249 1036 4289 una
1056 4234 1324 4288 duntaxat
1349 4235 1428 4288 illi
1450 4234 1690 4289 salubris
1722 4234 1946 4289 tristitia
1966 4244 2070 4300 est,
2089 4252 2199 4305 qua

617 4335 674 4380 et
714 4324 884 4385 afﬁcit
925 4334 983 4379 et
1027 4325 1298 4390 afficitur;
1350 4340 1457 4394 qua
1499 4324 1692 4379 beatus
1731 4326 1933 4380 Paulus
1977 4334 2034 4381 et
2082 4327 2198 4396 ipse

620 4417 977 4471 contristatus
1010 4425 1114 4478 est,
1149 4426 1207 4470 et
1233 4416 1584 4469 contristavit
1611 4415 1933 4473 Corinthios
1968 4418 2032 4470 ¹³.

688 4503 779 4554 42.
825 4500 930 4566 Qui
969 4502 1141 4555 Deum
1181 4502 1380 4572 diligit,
1424 4504 1725 4573 angelicam
1756 4506 1881 4560 vitae
1926 4507 2195 4562 rationem

622 4591 677 4644 in
707 4599 853 4645 terra
885 4592 1160 4657 instituit;
1190 4609 1385 4662 nempe
1411 4595 1635 4664 jejuniis
1662 4611 1727 4649 ac
1750 4597 1955 4666 vigiliis
1973 4613 2194 4664 vacans,

621 4682 970 4752 psallensque
1007 4691 1064 4736 et
1104 4697 1291 4747 orans,
1340 4698 1444 4738 nec
1485 4684 1592 4739 nisi
1632 4701 1753 4755 quae
1791 4686 2092 4744 bona‘sint
2126 4690 2196 4745 de

621 4771 734 4825 ullo
762 4770 1045 4825 hominum
1077 4772 1346 4841 cogitans.

687 4858 777 4921 45.
812 4857 951 4914 Cum
988 4860 1138 4929 quod
1167 4860 1293 4929 quis
1326 4860 1499 4930 cupit,
1535 4860 1640 4917 hoc
1672 4869 1730 4917 et
1762 4865 1976 4933 assequi
2007 4867 2198 4922 conni-

619 4958 808 5019 tatur;
841 4951 1022 5020 sitque
1054 4952 1203 5006 Deus
1234 4952 1395 5006 bonis
1427 4952 1685 5009 omnibus
1719 4969 1782 5009 ac
1814 4954 2198 5012 desiderabilia

619 5040 745 5108 bus,
771 5042 911 5097 citra
934 5057 1153 5097 omnem
1186 5033 1656 5112 comparationem
1688 5045 1883 5099 melior
1916 5045 2197 5101 desidera-

619 5130 932 5202 biliorque;
966 5140 1185 5218 quanta
1230 5132 1421 5201 utique
1467 5133 1629 5187 nobis
1673 5132 1984 5189 adhibenda
2037 5133 2201 5206 400

620 5219 927 5291 diligentia,
965 5231 1021 5275 ιιι
1057 5221 1236 5292 ipsum
1271 5231 1468 5275 natura
1498 5221 1701 5276 bonum
1732 5236 1797 5277 ac
1833 5222 2202 5278 desiderabile

620 5312 1067 5379 consequamur?

690 5400 780 5455 44.
822 5402 902 5456 Ne
919 5417 1142 5458 carnem
1177 5410 1326 5458 tuam
1360 5404 1616 5475 turpibus
1643 5405 1862 5460 actibus
1884 5404 2200 5471 foedaveris,

620 5502 762 5545 neve
799 5492 1045 5547 animum
1094 5494 1282 5563 pravis
1323 5495 1754 5566 cogitationibus
1786 5496 2200 5566 inquinaveris;

691 5622 865 5700 1A.?!-
892 5642 987 5691 νην
1023 5630 1112 5700 59-
1188 5632 1210 5664 ⁸
1235 5633 1370 5689 Luc.
1404 5651 1551 5700 χιιι,
1580 5636 1667 5690 54.
1745 5635 1767 5667 ⁹
1794 5634 1963 5690 lCor.
1994 5650 2107 5700 xm,
2141 5634 2194 5689 4.

2310 5638 2317 5664 ’
2348 5633 2370 5690 l
2398 5633 2556 5689 Joan.
2589 5648 2660 5699 ιν,
2697 5633 2748 5688 8.

625 5689 671 5724 ι·
691 5690 737 5747 ιι
765 5692 894 5750 Cor.
924 5689 1020 5764 vn,
1052 5698 1103 5753 ε.

2229 4436 2273 4490 D

2366 2028 2470 2097 λζ’.
2525 2030 2585 2085 '0
2623 2030 2751 2094 τοὺς
2806 2027 3053 2100 καρποὺς
3096 2025 3196 2096 τῆς
3250 2023 3470 2095 ἀγάπης
3515 2022 3616 2076 διὰ
3666 2020 3912 2093 omasi};

2296 2123 2660 2194 κτησάμενος,
2711 2121 2773 2175 οὐ
2836 2118 3184 2191 μετατίθεται
3235 2117 3461 2185 ταύτης,
3537 2113 3660 2168 κᾶν
3738 2113 3912 2185 μυρία

2296 2212 2484 2282 πάσχῃ
2513 2210 2680 2265 κακά.
2714 2208 2825 2263 Καὶ
2858 2207 3097 2262 πειθέτω
3144 2224 3203 2261 σε
3246 2206 3516 2275 Στέφανος
3547 2205 3578 2256 ὁ
3616 2202 3732 2258 τοῦ
3779 2205 3910 2275 Χρι-

2298 2302 2426 2358 στοῦ
2460 2301 2731 2373 μαθητὴς,
2772 2301 2867 2356 καὶ
2896 2301 2946 2354 οἱ
2988 2300 3110 2354 κατ’
3150 2299 3343 2353 αὐτόν’
3374 2298 3472 2351 καὶ
3508 2296 3699 2360 αὐτὸς
3733 2300 3766 2349 ὁ
3799 2298 3907 2349 Σω-

2297 2394 2402 2464 τὴρ
2433 2392 2575 2463 ὑπὲρ
2614 2392 2722 2447 τῶν
2762 2389 3036 2462 φονευτῶν
3074 2389 3177 2462 [οι.
3240 2386 3606 2459 φονευόντων]
3666 2388 3907 2459 εὐχόμε-

2296 2502 2386 2547 νος
2432 2483 2510 2554 τῷ
2558 2484 2757 2554 Πατρὶ,
2795 2483 2890 2535 καὶ
2930 2481 3261 2553 συγγνώμην
3305 2483 3430 2552 παρ’
3464 2479 3647 2533 αὑτοῦ
3688 2480 3775 2543 ὡς
3808 2481 3903 2547 ἀγ-

2306 2577 2510 2632 νοοῦσιν
2541 2579 2883 2648 αἰτούμενος.

2366 2670 2471 2741 λη’.
2512 2671 2576 2723 Εἰ
2600 2670 2703 2740 τῆς
2728 2671 2951 2740 ἀγάπης
2971 2669 3088 2723 ἐστὶ
3117 2668 3176 2722 τὸ
3208 2665 3590 2739 μακροθυμεῖν
3628 2667 3740 2719 καὶ
3769 2684 3904 2735 χρη-

2299 2762 2608 2825 στεύεσθαι,
2659 2765 2689 2815 ὁ
2730 2761 3067 2833 θυμομαχῶν
3106 2761 3201 2814 καὶ
3230 2759 3706 2829 πονηρευόμενος,
3744 2758 3901 2811 ἀλλό-

2295 2853 2705 2926 τριοςδηλονὸτι
2724 2854 2825 2923 τῆς
2860 2855 3077 2923 ἀγάπης
3101 2851 3474 2905 καθίστασται·
3510 2852 3541 2902 ὁ
3578 2849 3638 2902 δὲ
3674 2850 3901 2921 ἀγάπης

2297 2947 2598 3018 ἀλλότριος,
2640 2945 2734 3000 τοῦ
2797 2945 2933 3000 Θεοῦ
2974 2946 3121 2998 ἐστιν
3174 2942 3471 3013 ἀλλότριος,
3502 2941 3676 3009 εἴπερ
3714 2944 3747 2995 ὀ
3776 2942 3899 3006 Θεὸς

2298 3039 2489 3109 ἀγάπη
2520 3038 2658 3093 ἔστί.

2371 3128 2473 3182 λθ’.
2514 3130 2612 3197 Μὴ
2683 3128 2911 3196 εἴπητε,
2963 3126 3129 3195 φησὶν
3176 3126 3205 3179 ὀ
3252 3123 3395 3187 θεῖος
3429 3121 3750 3193 Ἱερεμίας,
3814 3124 3898 3177 ὅτι

2298 3220 2445 3286 ναὸς
2484 3219 2706 3289 Κυρίου
2749 3218 2909 3273 ἐστέ.
2970 3219 3081 3272 Καὶ⁵
3127 3217 3192 3270 σὺ
3226 3214 3300 3286 μὴ
3328 3216 3511 3283 εῖπης,
3538 3214 3628 3266 ὅτι
3670 3215 3745 3268 Ἥ
3772 3215 3896 3286 ddi]

2300 3311 2485 3374 πίστις
2515 3311 2548 3381 ἡ
2575 3312 2654 3374 εἰς
2685 3311 2774 3364 τὸν
2802 3309 3007 3376 Κύριον
3035 3307 3190 3379 ἡμῶν
3224 3304 3429 3376 Ἰησοῦν
3452 3304 3704 3375 Χριστὸν
3736 3306 3897 3361 δύνα-

2298 3404 2388 3457 ταί
2425 3421 2492 3474 με
2526 3403 2718 3458 σῶσαι.
2762 3402 3070 3473 ’Δμήχανον
3085 3398 3195 3470 γὰρ
3222 3397 3403 3460 τοῦτο,
3432 3396 3532 3450 ἐὰν
3557 3396 3639 3467 μὴ
3666 3399 3771 3450 καὶ
3799 3398 3895 3467 τὴν

2299 3494 2522 3564 ἀγάπην
2553 3497 2632 3558 εἰς
2655 3493 2818 3547 αὑτὸν
2849 3492 2937 3545 διά
2966 3490 3075 3544 τῶν
3105 3489 3285 3560 ἔργων
3320 3488 3522 3557 κτήσῃ.
3555 3485 3638 3539 Τὸ
3693 3485 3758 3539 δὲ
3805 3486 3893 3557 ψι-

2300 3582 2407 3647 λῶς
2451 3582 2755 3637 πιστεύεινο
2818 3582 2928 3637 Kal
2968 3580 3040 3634 τὰ
3076 3578 3353 3648 δαιμόνια
3389 3576 3771 3630 πιστεύουσι
3800 3574 3891 3630 καὶ

2299 3675 2620 3743 φίσσουσι.

2377 3773 2451 3837 μ’.
2495 3766 2697 3836 Ἔργον
2744 3762 2969 3833 ἀγάπης
3012 3761 3161 3814 ἐστὶν
3209 3761 3244 3829 ἠ
3300 3759 3381 3822 είς
3423 3758 3516 3811 τὸν
3558 3759 3800 3831 πλησίον
3832 3762 3890 3813 ιι

2299 3856 2599 3919 διαθέσεως
2629 3853 2917 3926 εὐεργεσία
2961 3854 3057 3907 καὶ
3090 3851 3447 3922 μακροθυμία
3475 3851 3578 3904 καὶ
3606 3852 3887 3922 ὑπομονὴ·

2303 3951 2399 4004 καὶ
2427 3949 2489 4002 τὸ
2525 3946 2665 4018 μετά
2687 3945 2849 4017 ὀρθοῦ
2880 3945 3040 4013 λόγου
3070 3941 3379 4014 χρήσασθαι
3415 3945 3533 4006 τοῖς
3567 3943 3880 4015 πράγμασι.

2375 4045 2486 4111 μα’.
2543 4041 2599 4092 ’0
2642 4036 2876 4106 ἀγαπῶν
2897 4036 2989 4088 τὸν
3012 4034 3145 4088 Θεὸν
3166 4035 3225 4089 ού
3253 4033 3437 4097 λυπεῖ,
3470 4033 3599 4086 οὐδὲ
3630 4034 3883 4088 λυπεῖται

2301 4131 2437 4203 πρός
2464 4148 2588 4183 τινα
2621 4131 2713 4183 διὰ
2750 4129 3063 4198 πρόσκαιρα
3083 4142 3098 4158 ⁸
3132 4125 3264 4193 μίαν
3285 4125 3343 4179 δὲ
3369 4124 3554 4196 λύπην
3590 4129 3695 4181 καὶ
3725 4128 3884 4181 λυπεῖ

2301 4224 2397 4277 καὶ
2435 4223 2689 4275 λυπεῖται
2737 4220 3027 4289 σωτήριον,
3055 4217 3125 4288 ἢν
3165 4219 3194 4270 ὁ
3227 4216 3499 4288 μακάριος
3548 4217 3772 4281 Παῦλος
3801 4219 3888 4272 καὶ

2301 4314 2572 4387 ἐλυπήθη,
2602 4312 2701 4368 καὶ
2723 4312 2963 4382 ἐλύπησε
2997 4310 3125 4373 τοὺς
3159 4308 3502 4380 Κορινθίους.

3020 4409 3051 4441 υ

2378 4493 2486 4564 μβ¹.
2539 4491 2597 4547 '0
2630 4491 2858 4557 ἀγαπῶν
2891 4490 2982 4543 τὸν
3007 4488 3160 4551 Θεὸν,
3200 4485 3493 4556 ἀγγελικὸν
3526 4486 3643 4555 βίον
3672 4487 3768 4539 ἐπὶ
3794 4487 3885 4556 γῆς

2305 4587 2395 4655 ζῇ,
2434 4584 2711 4653 νηστεύων
2752 4583 2847 4635 καὶ
2885 4580 3202 4653 ἀγρυπνῶν,
3233 4580 3456 4649 ψάλλων
3508 4581 3609 4633 καὶ
3658 4597 3886 4650 προσευ-

2302 4679 2553 4748 χύμενος,
2586 4676 2680 4739 καὶ
2704 4675 2833 4746 περί⁵
2862 4674 3062 4737 παντὸς
3087 4672 3380 4744 ἀνθρώπου
3401 4672 3491 4725 ἀεὶ
3510 4672 3656 4725 καλά
3688 4670 3887 4740 λογιζό-

2347 4785 2482 4832 ενος.

2305 4786 2488 4929 μεζιῇί
2529 4856 2592 4910 Ei
2619 4846 2826 4918 οὗτινός
2874 4871 2959 4923 τις
3012 4851 3290 4923 ἐπιθυμεῖ,
3348 4853 3545 4907 τούτου
3583 4854 3683 4908 καὶ
3713 4855 3887 4924 τυχεῖν

2302 4951 2666 5022 ἀγωνίζεταιο
2700 4951 2918 5003 πάντων
2965 4946 3024 4999 δὲ
3056 4945 3163 4999 τῶν
3199 4946 3427 5015 ἀγαθῶν
3474 4947 3573 5000 καὶ
3612 4948 3879 5017 ἐπιθυμη-

2302 5033 2780 5112 τῶνάγαθὼτερον
2809 5038 2872 5092 τὸ
2903 5038 3057 5091 Θεῖον
3086 5036 3181 5090 καὶ
3214 5039 3698 5110 ὲπιθυμητότερον
3723 5041 3887 5106 ἀσυγ-

2302 5137 2504 5209 κρίτως
2525 5151 2541 5166 °
2573 5134 2745 5203 πόσην
2770 5131 2877 5202 ἄρα
2918 5130 3155 5201 σπουδὴν
3200 5130 3497 5198 ὀφείλομεν
3529 5132 3885 5198 ἐνδείξασθαι,

2303 5230 2388 5284 ῖνσ
2411 5227 2606 5282 τούτου
2627 5225 2722 5280 τοῦ
2741 5224 2902 5296 φύσει
2920 5221 3127 5292 ἀγαθοῦ
3148 5222 3607 5293 καὶὲπιθυμητοῦ
3619 5223 3886 5295 τύχωμεν.

2378 5405 2482 5476 μδ¹.
2521 5405 2615 5475 Μὴ
2648 5404 2884 5476 μολύνῃς
2914 5403 3013 5474 τὴν
3037 5400 3217 5473 σάρκα
3250 5418 3347 5455 σου
3380 5403 3438 5455 ὲν
3467 5405 3730 5475 αἰσχραῖς
3760 5404 3890 5477 πρά-

2305 5496 2445 5563 ξεσι,
2486 5495 2581 5548 καὶ
2615 5494 2691 5565 μὴ
2724 5495 2921 5565 μιάνῃς
2945 5492 3043 5563 τὴν
3064 5489 3243 5561 ψυχὴν
3275 5496 3541 5565 πονηροέ
3579 5494 3891 5566 λογισμοῖς·

2867 5634 2906 5664 ι’
2935 5632 3138 5690 Jercm.
3176 5647 3271 5696 vn,
3305 5633 3360 5687 4.
3480 5636 3524 5667 υ
3552 5636 3673 5693 Jac.
3708 5651 3771 5703 tt,
3807 5636 3894 5693 19.
