4140 6322
349 413 458 482 πθ

1271 410 1604 483 CAPITUM
1646 423 1742 484 DE
1777 404 2206 484 CHARI’I‘ATE
2241 414 2625 485 CENTURIA
2667 428 2715 486 ι.

3489 433 3592 495 979

353 530 505 598 καὶὴ
546 526 735 598 εἰρήνη
793 523 882 578 τοῦ
941 526 1076 580 Θεοῦ
1137 527 1493 585 ἐπελεύσεται
1548 536 1641 587 ἐπὶ
1684 536 1764 602 σὲ,
1823 537 1914 605 τὴν

2025 537 2486 606 supervenietun
2553 536 2650 590 tibi
2717 553 2818 606 pax
2870 538 2988 605 Dei,
3029 537 3353 594 charitatem
3417 541 3591 596 addu-

348 619 570 689 ἀγάπην
596 619 855 690 φέρουσα.

425 716 528 782 με’.
569 710 756 774 Λῖκιζε
803 709 902 781 τὴν
953 712 1132 783 σάρκα
1164 730 1255 766 σου
1282 714 1465 784 ἀσιτίᾳ
1496 718 1590 769 καί
1621 719 1920 789 ἀγρυπνία,

350 805 445 858 καὶ
481 803 741 872 σχόλασω
788 800 998 865 ἀόκνως
1035 803 1326 875 ψαλμωδία
1363 805 1454 858 καὶ
1481 811 1792 879 προσευχῇ·
1831 809 1926 863 καὶ

349 899 376 949 ὁ
403 892 675 964 ἁγιασμὸς
699 894 799 962 τῆς
826 895 1178 966 σωφροσύνης
1203 897 1296 950 ἐπὶ
1327 895 1385 948 σέ
1417 897 1790 964 ἐπελεύσεται,
1824 901 1920 970 τὴν

346 987 566 1056 ἀγάπην
597 983 802 1055 φέρων.
1135 1045 1140 1051 ι

419 1079 537 1148 μετ’.
583 1069 651 1131 ’Ὁ
684 1079 782 1147 τῆς
813 1078 961 1142 θείας
1004 1079 1366 1145 καταξιωθεὶς
1390 1082 1665 1152 γνώσεως,
1699 1082 1794 1134 καὶ
1827 1080 1918 1134 τὸν

340 1173 545 1240 ’ταύτης
578 1169 856 1240 φωτισμὸν
905 1159 992 1222 διὰ
1039 1173 1138 1242 τῆς
1175 1173 1397 1243 ἀγάπης
1449 1173 1815 1244 κτησάμενος,
1854 1173 1917 1227 οὗ

348 1256 730 1333 ριπισθὴσεταί
779 1269 907 1314 ποτε
943 1260 1049 1313 ὑπὸ
1080 1261 1175 1314 τοῦ
1203 1265 1302 1333 τῆς
1343 1262 1648 1328 κενοδοξίας
1675 1263 1922 1330 πνεύμα-

343 1369 436 1414 τος
465 1351 623 1422 {unus
667 1351 795 1421 Reg.
824 1345 1131 1423 δαίμονος]·
1167 1353 1195 1404 ὁ
1224 1353 1281 1406 δὲ
1320 1353 1520 1422 ταύτης
1557 1354 1723 1424 μήπω
1754 1371 1921 1408 κατα-

346 1445 583 1510 ξιωθεὶς,
632 1445 873 1515 εὐχερῶς
924 1444 1014 1496 ὑπ’
1067 1445 1237 1514 αὐτῆς
1291 1445 1649 1516 περιφέρεται
1676 1444 1826 1518 fodit.
1867 1453 1919 1499 et

340 1553 479 1588 unus
513 1534 640 1607 Reg.
675 1534 949 1606 φέρεται].
969 1525 1102 1588 ⁴Ἐὰν
1131 1529 1223 1587 οὖν
1245 1537 1273 1588 ὁ
1292 1536 1532 1598 τοιοῦτος
1563 1537 1619 1588 ἐν
1651 1537 1783 1588 πᾶσι
1807 1537 1918 1599 τοῖς

345 1629 435 1681 ὑπ’
468 1627 631 1680 αὐτοῦ
677 1627 1077 1699 πραττομένοις
1107 1627 1245 1696 πρὸς
1283 1627 1374 1679 τὸν
1422 1626 1554 1679 Θεὸν
1611 1625 1914 1697 ἀποϐλέψῃ,

342 1719 419 1780 ὡς
448 1717 514 1770 δι’
547 1718 710 1771 αὑτὸν
760 1715 937 1770 πάντα
968 1715 1160 1780 ποιῶν,
1199 1716 1396 1787 ῥᾳδίως
1442 1717 1537 1769 σὺν
1567 1713 1687 1786 Θεῷ
1722 1717 1918 1785 ἐκφεύ-

345 1810 491 1872 ξεται
523 1809 712 1878 αὐτὴν.

2026 641 2176 680 cens.

2096 717 2183 770 45.
2213 717 2402 787 Alllige
2431 733 2652 773 carnem
2695 727 2842 774 tuam
2879 720 3060 776 inedia
3096 732 3152 775 et
3183 723 3415 793 vigiliis;
3448 727 3593 795 psal-

2024 803 2129 856 mis
2181 804 2309 857 item
2357 805 2718 860 concinendis
2759 817 2814 860 et
2856 809 3088 862 orationi
3134 809 3404 866 indefesso
3443 829 3591 880 vaca,

2021 897 2483 966 ‘supervenietque
2532 899 2628 951 tibi
2672 901 2940 955 castitatis
2985 903 3342 958 sanctimonia
3385 915 3440 959 et
3480 907 3594 976 ipsa

2021 987 2346 1041 charitatem
2377 988 2673 1044 adducens.

2093 1079 2180 1132 46.
2208 1078 2310 1145 Qui
2337 1079 2578 1134 divinam
2609 1083 2893 1136 scientiam
2923 1086 3182 1154 consequi
3213 1088 3434 1155 meruit,
3452 1089 3594 1158 ejus-

2021 1182 2129 1236 que
2155 1167 2576 1223 illustrationem
2614 1171 2904 1228 charitatis
2937 1191 3040 1242 ope
3074 1178 3429 1245 comparavit,
3458 1194 3601 1232 nun-

2021 1267 2187 1322 quam
2218 1269 2345 1307 eum
2389 1254 2569 1308 inanis
2609 1258 2793 1326 gloria:
2833 1261 3061 1328 spiritus
3094 1262 3420 1317 dissuillabit
3455 1284 3465 1318 :
3502 1268 3597 1335 qui

2019 1359 2152 1398 vero
2177 1359 2297 1398 eam
2331 1347 2565 1400 necdum
2597 1358 2788 1404 nactus
2818 1361 2922 1416 est,
2951 1353 3100 1408 illius
3136 1355 3294 1410 facile
3318 1373 3454 1413 aura
3483 1360 3596 1413 cir-

2015 1421 2346 1489 cumfertur.
2375 1434 2546 1505 Igitur
2579 1437 2624 1490 si
2660 1440 2756 1507 qui
2791 1440 2916 1494 talis
2955 1451 3059 1505 est,
3097 1441 3151 1496 in
3185 1446 3440 1500 omnibus
3475 1463 3597 1516 qua:

2017 1525 2088 1580 ab
2121 1539 2188 1578 eo
2226 1534 2465 1594 aguntur
2497 1525 2551 1578 in
2579 1527 2750 1580 Deum
2778 1530 3078 1596 aspexerit,
3113 1540 3172 1584 ut
3203 1532 3256 1584 in
3283 1534 3440 1602 cujus
3469 1550 3597 1603 gra-

2016 1617 2150 1670 tiam
2185 1625 2384 1671 cuncta
2411 1626 2694 1687 operetur,
2735 1620 2955 1675 inanem
2982 1621 3209 1692 gloriam
3235 1623 3350 1678 Deo
3371 1625 3597 1695 auspice

2017 1707 2175 1763 facile
2206 1708 2426 1763 vitabit.

417 1899 522 1968 91;".
575 1875 832 1969 'Opﬁmn
869 1896 1047 1967 τυχὼν
1093 1897 1193 1966 τῆς
1237 1875 1664 1968 θείαςγνώσεως
1695 1898 1770 1967 (6)
1801 1898 1900 1982 τῆς

2087 1885 2176 1947 47.
2224 1893 2340 1960 Qui
2387 1896 2623 1951 necdum
2680 1896 2921 1953 divinam
2971 1902 3279 1967 scientiam,
3329 1919 3450 1974 quae
3498 1921 3599 1976 per

333 1988 426 2040 εδιᾶ
458 1987 677 2058 ἀγάπης
721 1987 1141 2059 ἐνεργουμένης,
1176 1985 1320 2056 μέγα
1344 1991 1531 2055 φρονεῖ
1544 1985 1636 2038 ἐπὶ
1665 1988 1782 2048 τοῖς
1811 1985 1907 2037 ὑπ’

340 2079 503 2132 αὐτοῦ
533 2079 675 2132 κατὰ
702 2079 834 2132 Θεὸν
866 2077 1283 2149 πραττομένοις.
1326 2077 1385 2132 '0
1411 2077 1466 2130 δὲ
1491 2076 1697 2150 ταύτης
1728 2078 1914 2147 τυχεῖν

339 2171 718 2235 καταξιωθείς,
754 2170 892 2241 μετὰ
917 2169 1210 2233 διαθέσεως
1234 2169 1378 2238 λέγει
1406 2171 1476 2224 τὰ
1501 2171 1595 2224 τοῦ
1643 2171 1912 2242 πατριάρ-

2015 1982 2344 2039 charitatem
2390 1986 2605 2041 aﬂlatur
2646 1988 2710 2051 ¹¹⁶,
2736 2001 2933 2044 nactus
2958 1994 3278 2065 est,_altum
3323 1995 3483 2063 sapit,
3524 1997 3595 2050 ob

2011 2088 2079 2128 ea
2108 2091 2229 2144 qua:
2269 2077 2338 2131 ab
2371 2078 2464 2132 illo
2507 2079 2592 2148 pic
2622 2092 2686 2132 ac
2723 2081 2981 2150 religiose
3027 2093 3289 2153 aguntur.
3333 2087 3435 2152 Qui
3465 2105 3596 2141 vero

2013 2165 2161 2220 hanc
2191 2169 2456 2237 consequi
2500 2171 2723 2234 meruit,
2757 2171 2925 2226 verba
2960 2173 3052 2227 illa
3096 2176 3328 2231 Abraha-
3370 2179 3598 2247 patriar-

338 2281 434 2332 χου
477 2262 732 2332 Ἀϐραὰμ
766 2264 1006 2331 ῥήματα,
1047 2260 1189 2332 ἅπερ
1234 2262 1397 2332 ἡνίκα
1453 2261 1554 2332 τῆς
1589 2261 1742 2325 θείας
1779 2254 1912 2314 κατι

2015 2256 2152 2321 οιπο,
2177 2272 2303 2311 cum
2331 2258 2515 2314 divina
2547 2261 2890 2330 apparitione
2914 2263 3167 2333 dignatus
3193 2275 3296 2332 est,
3320 2285 3386 2324 ex
3412 2270 3596 2326 animo

337 2353 544 2424 ηξιώθη
567 2353 908 2423 ἐπιφανείας,
931 2348 1105 2406 εἶπεν·
1139 2352 1284 2421 Ἐγὼ
1305 2354 1420 2422 εἰμὶ
1447 2352 1523 2422 γῆ
1548 2354 1642 2407 καὶ
1655 2351 1910 2418 σποδός.

410 2453 525 2515 μη¹.
580 2445 636 2499 Ὀ
682 2445 1017 2514 φοϐούμενος
1048 2445 1138 2496 τὸν
1194 2443 1425 2514 Κύριον,
1486 2443 1772 2513 συνόμιλον
1827 2445 1915 2496 ἀεὶ

335 2538 449 2607 ἔχει
497 2538 594 2608 τὴν
620 2535 1124 2606 ταπεινοφροσύνην
1146 2552 1160 2566 ο
1193 2535 1285 2588 καὶ
1315 2533 1402 2588 διὰ
1437 2533 1544 2586 τῶν
1591 2533 1796 2602 ταύτης
1826 2533 1914 2586 ἐν-

329 2629 698 2698 θυμημάτων,
757 2629 836 2689 είς
863 2624 960 2696 τὴν
997 2625 1146 2680 θείαν
1182 2625 1402 2693 ἀγάπην
1432 2624 1527 2676 καὶ
1556 2623 1914 2694 εὐχαριστίαν

337 2719 578 2788 ἔρχεται.
610 2717 956 2787 Μνημονεύει
982 2716 1089 2786 γὰρ
1118 2716 1216 2784 τῆς
1247 2715 1390 2768 κατὰ
1420 2715 1511 2767 τὸν
1547 2715 1751 2784 κόσμον
1779 2731 1912 2784 προ-

335 2810 498 2879 τέρας
523 2808 818 2878 διαγωγῆς,
846 2808 940 2860 καὶ
973 2807 1080 2860 τῶν
1121 2807 1381 2860 ποικίλων
1428 2806 1912 2877 παραπτωμάτων,

332 2902 432 2954 ’καὶ
464 2898 570 2951 τῶν
609 2899 672 2950 ἐκ
695 2898 945 2968 νεότητος
985 2894 1310 2966 συμϐάντων
1345 2894 1494 2964 αὐτῷ
1536 2891 1861 2964 πειρασμῶν
1884 2909 1899 2923 ο

337 2989 429 3039 καὶ
449 2986 561 3048 πῶς
583 2987 794 3039 πάντων
813 2984 1033 3038 ἐκείνων
1051 2984 1319 3056 ἐρρύσατο
1342 2983 1504 3038 αὐτὸν
1523 2983 1551 3035 ὁ
1569 2982 1792 3054 Κύριος,
1815 2983 1910 3037 καί

343 3080 674 3149 μετέστησεν
723 3078 830 3131 ἀπὸ
875 3076 975 3147 τῆς
1015 3076 1299 3147 ἐμπαθοῦς
1332 3075 1499 3146 ζωῆς,
1535 3077 1615 3138 είς
1645 3075 1738 3128 τὸν
1767 3073 1912 3127 κατᾶ

331 3169 472 3223 Θεὸν
517 3169 628 3239 βίον
652 3185 666 3198 υ
699 3167 794 3222 καὶ
830 3167 928 3221 σὺν
959 3167 1037 3237 τῷ
1071 3167 1241 3238 φόϐῳ,
1292 3165 1776 3237 προσλαμϐάνεται
1819 3163 1913 3217 καὶ

2016 2346 2226 2416 profert
2254 2366 2265 2401 :
2305 2349 2417 2420 Ego
2445 2367 2562 2404 sum
2592 2359 2736 2404 terra
2769 2363 2817 2405 et
2841 2355 2971 2407 cinis
2999 2345 3062 2409 ίδ.

2085 2435 2174 2489 48.
2214 2436 2318 2504 Qui
2351 2439 2507 2493 timet
2545 2440 2859 2506 Dominum,
2892 2443 3124 2499 modesti
3164 2447 3331 2501 animi
3371 2464 3592 2505 sensum

2011 2527 2095 2598 (id
2126 2537 2230 2594 est,
2252 2530 2642 2602 humilitatem)
2669 2547 2887 2602 semper
2921 2537 3372 2593 contubernalem
3405 2541 3592 2605 habet,

2015 2635 2222 2690 perque
2275 2623 2395 2692 ejus
2447 2624 2634 2677 animo
2679 2625 3037 2681 obversantes
3097 2629 3478 2698 cogitationes,
3525 2631 3594 2687 ad

2015 2706 2258 2760 divinam
2305 2708 2630 2763 charitatem
2678 2719 2737 2765 et
2781 2713 3090 2781 gratiarum.
3116 2715 3385 2770 actionem
3423 2719 3592 2773 venit.

2016 2800 2266 2854 Meminit
2307 2801 2456 2855 enim
2501 2803 2704 2872 prioris
2739 2820 2850 2858 suae
2886 2820 2952 2858 ex
2989 2807 3172 2860 saeculi
3205 2824 3307 2862 usu
3335 2809 3479 2873 vitaz,
3511 2810 3595 2864 di-

2016 2905 2412 2961 versorumque
2457 2901 2801 2959 'erratorum,
2856 2912 2919 2950 ac
2959 2909 3151 2951 earum
3205 2900 3592 2966 tentalionum,

2015 2996 2138 3050 qua:
2169 2995 2201 3034 a
2243 2982 2533 3052 iuventute
2577 2984 2653 3039 illi
2696 2986 3019 3041 acciderunt
3061 3005 3075 3040 :
3126 2991 3400 3059 quomodo
3427 2994 3593 3046 etiam

2013 3069 2282 3126 Dominus
2317 3073 2386 3151 ab
2419 3072 2506 3126 his
2543 3074 2800 3130 omnibus
2836 3091 2962 3129 eum
3001 3077 3340 3144 liberaverit,
3367 3089 3530 3151 atque
3562 3097 3592 3138 a

2015 3162 2128 3218 vita
2159 3149 2458 3221 libidinosa
2487 3166 2748 3237 vitiisque
2777 3168 2984 3235 dedita,
3025 3170 3093 3224 ad
3125 3187 3247 3226 eam
3288 3149 3591 3232 transtule-

336 3261 438 3330 τὴν
481 3237 721 3328 ἀγάπην,
753 3257 1092 3329 εὐχαριστῶν
1109 3237 1207 3311 ἀεὶ
1239 3256 1375 3328 μετὰ
1404 3254 1912 3326 ταπεινοφροσύνης

2017 3254 2114 3320 rit,
2161 3270 2284 3324 qua:
2324 3256 2434 3325 piis
2482 3272 2546 3311 ac
2589 3257 2864 3328 religiosis
2899 3259 3149 3315 moribus
3188 3263 3437 3319 instituta
3478 3267 3590 3322 sit:

335 3350 540 3421 πολλῆς
567 3349 644 3421 τῷ
673 3349 1059 3421 εὐεργέτῃ,καὶ
1095 3347 1403 3420 κυϐερνήτῃ
1433 3348 1533 3419 τῆς
1560 3349 1704 3416 ζωῆς
1732 3344 1911 3418 ἡμῶν.

2021 3343 2306 3415 ipsamque
2357 3347 2690 3402 charitatem
2733 3363 2867 3402 cum
2921 3349 3116 3405 timore
3159 3353 3412 3418 assumit,
3464 3371 3591 3410 cum

301 3459 530 3515 .magna
563 3457 758 3499 sensus
803 3441 1074 3497 modestia
1114 3440 1190 3514 (id
1236 3449 1340 3506 est,
1378 3441 1711 3512 humilitate)
1762 3439 2102 3497 benefactori
2174 3455 2241 3494 ac
2303 3439 2656 3510 gubernatori
2711 3443 2840 3497 vita:
2873 3452 3079 3498 nostra:
3120 3459 3339 3514 semper
3389 3447 3596 3518 gratias

337 3551 526 3590 aaens.

373 3575 526 3697 to:
557 3627 647 3695 Μὴ
679 3623 937 3696 ῥυπώσῃς
965 3623 1056 3678 τὸν
1110 3623 1234 3678 νοῦν
1269 3641 1386 3690 σου,
1412 3622 1690 3696 λογισμῶν
1719 3625 1907 3694 ἀνεχό-

340 3736 499 3788 μενος
548 3716 846 3787 ἐπιθυμίας
890 3718 984 3770 καὶ
1030 3717 1226 3787 θυμοῦ,
1279 3717 1364 3770 ἶνα
1411 3717 1486 3786 μὴ
1515 3716 1617 3785 τῆς
1661 3714 1912 3785 καθαρᾶς

340 3805 649 3878 προσευχῆς
691 3804 962 3874 ἐκπεσὼν,
997 3805 1076 3878 τῷ
1108 3807 1206 3877 τῆς
1236 3806 1468 3877 ἆκηδίας
1507 3806 1781 3874 πνεύματι
1809 3815 1909 3856 πε-

339 3899 588 3972 ριπέλσῃς.

407 3999 471 4046 ν’.
510 3991 585 4044 Τὸ
630 3989 933 4060 τηνικαῦτα
975 3991 1004 4042 ὁ
1051 3989 1174 4054 νοῦς
1212 3992 1312 4060 τῆς
1358 3987 1496 4058 πρὸς
1527 3987 1662 4039 Θεὸν
1705 3987 1917 4056 παρρη-

340 4084 462 4146 σίας
497 4083 777 4146 ἐκπίπτει,
821 4080 1057 4151 ὁπηνίκα
1099 4079 1415 4151 πονηροῖςῆ
1453 4079 1714 4157 ῥυπαροῖς
1765 4077 1911 4145 λογι-

343 4167 499 4244 σμοῖς
540 4173 821 4242 συνὸμιλος
851 4173 1097 4241 γένηται.

412 4272 514 4318 να’.
562 4265 622 4315 ’0
655 4265 756 4335 μὲν
784 4266 972 4335 ἄφρων
999 4264 1102 4317 ὑπὸ
1129 4263 1235 4316 τῶν
1268 4261 1460 4316 παθῶν
1504 4261 1790 4332 ἀγόμενος,
1823 4262 1912 4314 ὅτε

344 4357 443 4426 μὲν
469 4358 574 4410 ὑπὸ
605 4355 698 4409 τοῦ
717 4355 889 4426 θυμοῦ
912 4355 1228 4425 κινούμενος
1246 4354 1664 4425 ἐκταράσσεται,
1691 4353 1914 4423 φεύγειν

341 4446 642 4512 ἀλογίστως
689 4445 813 4506 τοὺς
849 4443 1111 4512 ἀδελφοὺς
1157 4441 1470 4509 ἐπείγεται·
1511 4442 1601 4493 ὅτε
1642 4440 1698 4492 δὲ
1749 4439 1910 4491 πάλιν
1943 4473 1984 4527 D

342 4535 448 4586 ὑπὸ
489 4535 588 4605 τῆς
627 4533 921 4602 ἐπιθυμίας
981 4530 1419 4601 ἐκθερμαίνεται,
1470 4528 1907 4599 μεταμελόμενος

338 4619 494 4686 αὖθις
539 4623 890 4693 προστρέχων
941 4621 1173 4689 ἀπαντᾷ.
1223 4621 1281 4670 '0
1308 4618 1363 4670 δὲ
1389 4618 1670 4687 φρόνιμος,
1697 4617 1785 4668 ἐπ’
1808 4617 1910 4684 ἁμ-

341 4699 584 4787 φοτέρων
638 4715 944 4768 τούναντίον
985 4715 1146 4766 ποιεῖ,
1198 4711 1290 4763 ἐπὶ
1328 4709 1426 4780 μὲν
1457 4707 1565 4779 γὰρ
1597 4707 1690 4760 τοῦ
1710 4705 1906 4776 θυμοῦ,

340 4810 438 4871 τὰς
483 4809 660 4869 αίτίας
698 4803 796 4878 τῆς
839 4807 1082 4876 ταραχῆς
1131 4802 1392 4870 ἐκκόψας,
1461 4803 1558 4871 τῆς
1601 4801 1740 4870 πρὸς
1781 4801 1907 4859 τοὺς

337 4898 598 4966 ἀδελφοὺς
627 4897 800 4965 λύπης
834 4895 1024 4948 ἐαυτὸν
1052 4893 1413 4946 ἀπαλλάττειν
1449 4891 1542 4942 ἐπὶ
1574 4889 1630 4941 δὲ
1652 4889 1753 4958 τῆς
1783 4890 1876 4940 ἐπι
1897 4915 1908 4922 -

337 4989 562 5059 θυμίας,
584 4989 681 5058 τῆς
707 4987 900 5055 ἀλόγου
935 4985 1110 5056 ὁρμῆς
1141 4983 1236 5035 καὶ
1269 4980 1556 5050 συντυχίας
1582 4977 1913 5048 ἐγκρατεύε-

335 5091 443 5132 ται.

407 5253 506 5322 νβ’.
549 5251 637 5304 Ἐν
669 5251 746 5321 τῷ
775 5249 954 5321 καιρῷ
981 5249 1088 5302 τῶν
1118 5238 1459 5318 πειρασμῶν,
1490 5243 1564 5315 μὴ
1599 5242 1908 5316 καταλίπῃς

334 5342 398 5396 τὸ
428 5341 788 5412 μοναστήριὸν
819 5357 913 5392 σου
935 5355 948 5368 ·
972 5338 1109 5392 ἀλλὰ
1139 5339 1273 5410 φέρε
1309 5337 1571 5406 γενναίως
1600 5335 1667 5388 τὰ
1689 5334 1908 5405 κύματα

332 5433 445 5485 τῶν
490 5431 800 5500 λογισμῶν,
860 5431 953 5483 καὶ
995 5429 1229 5500 μάλιστα
1279 5429 1388 5481 τῶν
1433 5427 1533 5497 τῆς
1584 5425 1762 5497 λύπης
1815 5428 1908 5480 καὶ

334 5523 587 5593 ἀκηδίας.
616 5522 773 5575 Οὕτω
796 5522 905 5594 γὰρ
929 5520 1284 5590 οίκονομικῶς
1304 5520 1379 5591 (g)
1408 5518 1496 5572 διὰ
1527 5518 1637 5572 τῶν
1672 5517 1904 5588 θλίψεων

414 5661 455 5707 ’⁸
483 5675 659 5732 Galat.
695 5693 747 5743 ν,
767 5677 833 5732 ’6.
912 5678 956 5708 ¹⁶
983 5675 1122 5732 Gen.
1153 5695 1265 5745 xxx,
1292 5679 1381 5733 2'7.

2085 3621 2172 3675 ιι).
2205 3619 2284 3676 Ne
2306 3621 2626 3690 cupiditatis
2663 3621 2868 3691 ineque
2899 3624 3262 3693 cogitationes
3290 3629 3590 3697 sustinens,

2008 3709 2262 3764 animum
2319 3719 2475 3764 tuum
2543 3710 2847 3779 pollueris,
2904 3727 2974 3766 ne
3025 3714 3295 3771 orationis
3351 3719 3592 3787 puritate

2017 3801 2240 3864 amissa,
2265 3800 2320 3853 in
2342 3799 2551 3855 acedia:
2574 3801 2830 3870 spiritum
2861 3797 3098 3857 indicas.

2091 3973 2178 4028 50.
2217 3974 2372 4028 Tunc
2402 3989 2558 4028 mens
2603 3989 2824 4028 omnem
2858 3975 2927 4029 ad
2949 3975 3121 4030 Deum
3151 3976 3404 4032 fiduciam
3431 3980 3592 4035 amit-

2012 4064 2099 4124 tit,
2136 4081 2262 4118 cum
2311 4064 2495 4134 pravis
2533 4065 2882 4136 sordidisque
2922 4067 3351 4138 cogitationibus
3398 4086 3590 4129 assue~

1946 4196 1954 4203 .
2011 4157 2177 4210 verit.

2083 4250 2170 4303 51.
2203 4249 2380 4304 Homo
2401 4264 2595 4305 vecors
2621 4251 2936 4320 nulliusque
2952 4251 3149 4322 judicii
3176 4253 3270 4322 qui
3295 4253 3590 4313 aﬂ'eetibus

2011 4357 2073 4397 ac
2122 4343 2352 4397 libidine
2405 4353 2618 4413 agatur,
2667 4352 2781 4398 tum
2831 4343 3077 4413 quidem,
3129 4361 3253 4401 eum
3303 4347 3589 4406 iracundia

2013 4442 2320 4488 commotus
2335 4435 2723 4498 conturbatur,
2753 4434 2984 4488 fratrum
3015 4437 3224 4492 insulse
3249 4441 3588 4495 consortium

2012 4525 2188 4578 vitare
2232 4525 2430 4594 satagit
2477 4543 2490 4576 :
2548 4539 2786 4593 cumque
2843 4541 3037 4580 rursus
3075 4527 3375 4597 cupiditate
3427 4531 3583 4602 ἀοι

2011 4624 2297 4679 exaestuat,
2333 4626 2542 4671 mutato
2573 4633 2768 4672 rursus
2798 4620 3051 4685 consilio,
3080 4621 3296 4676 illorum
3334 4639 3392 4677 se
3430 4624 3586 4678 coeti-

2014 4707 2118 4760 bus
2145 4721 2379 4775 propere
2411 4707 2630 4777 ingerit.
2675 4709 2767 4773 At,
2810 4712 2906 4779 qui
2951 4712 3195 4780 prudens
3235 4729 3300 4769 ac
3331 4715 3590 4770 cordatus

2013 4809 2118 4858 est.
2159 4813 2318 4851 secus
2353 4797 2410 4852 in
2438 4799 2687 4869 utrisque
2714 4817 2772 4855 se
2801 4804 2980 4872 gerit:
3019 4804 3301 4859 iracundia
3325 4806 3471 4859 enim
3502 4807 3587 4858 in-

2014 4889 2274 4953 stinctus,
2307 4891 2510 4944 excisis
2535 4891 2930 4962 indignationis
2968 4897 3170 4961 causis,
3197 4897 3346 4950 omni
3375 4913 3432 4950 se
3461 4913 3590 4966 erga

2019 4976 2218 5033 fratres
2261 4979 2581 5035 morositate
2616 4982 2887 5050 absolvit;
2925 4985 3245 5055 cupiditatis
3280 5001 3414 5040 vero
3452 4995 3588 5039 cestu

2017 5080 2233 5139 agente,
2291 5085 2321 5123 a
2371 5086 2574 5127 vesano
2625 5073 2835 5143 impetu
2883 5089 2950 5129 ac
2993 5091 3290 5146 congressu
3342 5089 3400 5129 se
3455 5083 3591 5129 tem-

2017 5170 2193 5228 perat.

2088 5249 2175 5304 52.
2218 5247 2337 5314 Quo
2369 5257 2614 5317 tempore
2657 5253 2991 5306 tentationes
3023 5253 3305 5324 ingruunt,
3335 5270 3404 5309 ne
3426 5254 3595 5309 dese—

2015 5352 2105 5394 ras
2133 5341 2532 5395 monasterium
2565 5349 2753 5408 tuum;
2785 5344 2918 5412 quin
2953 5354 3177 5398 strenue
3216 5345 3358 5401 ferto
3390 5347 3603 5400 ﬂuctus

2015 5427 2444 5498 cogitationum;
2481 5430 2790 5498 praesertim
2830 5447 2963 5487 vero
2999 5433 3234 5488 tristitiae
3270 5445 3327 5489 et
3361 5434 3591 5490 acedize.

2009 5518 2104 5574 ’Sic
2131 5519 2277 5574 enim
2319 5526 2469 5572 certa
2507 5517 2922 5588 dispensatione
2964 5539 3065 5594 per
3109 5524 3433 5580 afﬂictiones
3465 5539 3590 5595 pro.

409 5809 486 5881 (g)
515 5811 676 5864 Οὕτω
709 5814 814 5882 γὰρ
845 5815 1252 5882 οἰκονομικῶς.
1321 5816 1404 5870 Sic
1429 5815 1667 5886 provide,
1706 5830 1767 5867 ac
1823 5832 1914 5884 ιιιι(

2015 5814 2245 5881 reddidi,
2281 5825 2422 5872 certa
2450 5821 2856 5891 dispensatione.
2910 5819 3000 5874 Sic
3057 5837 3112 5873 η.
3140 5818 3242 5873 30:
3281 5819 3391 5889 Τῆς
3438 5829 3593 5870 κενοί

738 5906 1001 5968 ΕἈτιιοῐη
1047 5908 1160 5966 Gn.
1205 5909 1325 5970 XC.

3151 5910 3219 5966 31
