4140 6322
386 360 502 426 973

1310 352 1643 413 CAPITUM
1684 351 1780 411 DE
1812 350 2248 409 CHARITATE
2285 350 2676 411 CENTURIA
2714 353 2765 413 Ι.

3534 353 3642 418 974

466 469 571 540 ξα’.
614 465 762 539 Ἐγὼ
789 466 858 525 δὲ
877 466 1034 535 λέγω
1066 464 1228 535 ὑμῖν,
1269 466 1433 537 φησὶν
1459 468 1489 519 ὁ
1532 464 1770 536 Κύριος’
1812 465 1967 532 Ἀγα-

2135 465 2223 520 61.
2254 464 2367 535 Ego
2386 477 2563 520 autem
2597 467 2713 522 dico
2733 466 2898 531 vobis,
2920 466 3057 523 dicit
3087 468 3357 524 Dominus
3380 507 3398 534 ,
3430 469 3646 544 Diligite

398 561 551 617 πᾶτε
579 559 720 625 τοὺς
738 555 991 627 ἐχθροὺς
1018 555 1186 626 ὑμῶν
1205 572 1220 586 ο
1245 555 1448 621 καλῶς
1473 556 1696 610 ποιεῖτε
1722 553 1849 621 τοῖς
1869 571 1966 623 μι-

399 653 625 719 σοῦσιν
677 649 865 720 ὑμᾶς’
916 649 1334 718 προσεύχεσθε
1372 649 1524 717 ὑπὲρ
1556 647 1676 701 τῶν
1715 647 1969 715 ἐπηρεα-

397 744 619 807 ζόντων
652 740 829 811 ὑμᾶς.
880 741 981 794 Διά
1016 739 1071 793 τί
1120 740 1295 793 ταῦτα
1342 739 1706 810 προσέταξεν;
1736 740 1855 793 Ἵνα
1909 753 1969 790 σε

396 838 592 907 μίσους
617 834 710 887 καὶ
742 831 919 896 λύπης
971 831 1068 883 καὶ
1096 829 1267 902 ὀργῆς
1296 831 1391 883 καὶ
1423 831 1788 901 μνησικακίας
1815 829 1970 882 ἐλευ-

399 924 638 998 θερώσῃ,
691 924 786 976 καὶ
843 920 938 977 τοῦ
999 922 1256 991 μεγίστου
1298 922 1575 992 κτήματος
1623 921 1723 992 τῆς
1758 920 1970 983 τελείας

398 1025 618 1092 ἀγάπης
673 1016 1020 1089 καταξιὼσῃ’
1070 1016 1139 1087 ἢν
1174 1017 1457 1087 ἀμήχανον
1514 1015 1680 1086 ἔχειν,
1740 1015 1833 1069 τὸν
1895 1014 1970 1085 μὴ

399 1116 607 1177 πάντας
668 1111 988 1182 ἀνθρώπους
1046 1109 1107 1173 ἐξ
1162 1109 1277 1161 ίσου
1325 1108 1630 1176 ἀγαπῶντα
1692 1107 1834 1161 κατὰ
1884 1106 1972 1178 μί-

396 1223 570 1277 μησιν
601 1203 758 1265 Θεοῦ,
795 1201 891 1255 τοῦ
940 1201 1177 1264 πάντας,
1204 1198 1526 1272 ἀνθρώπους
1572 1199 1631 1265 ἐξ
1675 1197 1792 1251 ίσου
1836 1199 1972 1266 ἀγα·-

401 1297 644 1361 πῶντος,
689 1296 785 1349 καὶ
838 1293 1085 1365 θέλοντος
1119 1290 1359 1362 σωθῆναι
1402 1291 1500 1344 mi.
1548 1292 1628 1353 είς
1679 1289 1971 1358 ἐπίγνωσιν

398 1388 660 1459 ἀληθείας
697 1386 891 1440 ἐλθεῖν.
1454 1448 1457 1451 ν
1703 1435 1713 1447 ,

474 1480 571 1549 ξβι.
615 1476 764 1547 Ἐγὼ
808 1472 877 1529 δὲ
928 1475 1084 1545 λέγω
1130 1471 1312 1542 ὑμῖν*
1344 1469 1440 1541 Μὴ
1487 1470 1844 1539 ἀντιστῆναι
1891 1468 1972 1535 τῷ

402 1568 676 1637 πονηρῷ⁸
722 1569 861 1623 ἀλλ’
897 1567 1066 1632 ὅστις
1090 1582 1166 1619 σε
1198 1563 1448 1633 ῥαπίσει
1473 1561 1573 1615 ἐπὶ
1610 1561 1725 1628 τὴν
1764 1559 1973 1625 δεξιὰν

395 1661 677 1731 σιαγόνα,
699 1658 969 1727 στρέψον
996 1655 1157 1721 αὐτῷ
1195 1655 1315 1714 καὶ,
1334 1654 1448 1722 τὴν
1491 1653 1692 1715 ἄλλην
1715 1669 1730 1685 ο
1764 1651 1863 1705 καὶ
1891 1648 1972 1715 τῷ

403 1754 643 1809 θέλοντί
669 1767 767 1806 σοι
801 1748 1074 1817 κριθῆναι
1096 1748 1190 1801 καὶ
1222 1747 1330 1800 τὸν
1349 1744 1577 1815 χιτῶνά
1599 1760 1716 1797 σου
1738 1742 1967 1807 λαϐεῖν,

1015 1837 1279 1908 ἱμάτιον·
1311 1801 1409 1890 κὲι
1462 1833 1542 1901 τῷ
1580 1801 1971 1904 ἀτταρεύοντί
2002 1801 2045 1856 Β

396 1950 478 1991 σε
506 1936 715 2004 μίλιον
743 1931 833 1996 ἓν,
861 1933 1053 2002 ὕπαγε
1080 1931 1207 2000 μετ’
1236 1927 1423 1983 αὑτοῦ
1454 1927 1585 1983 δύο.
1602 1924 1704 1979 Διά
1731 1925 1816 1991 τί;
1857 1925 1973 1978 Ἰνα

406 2029 499 2081 καὶ
526 2027 584 2079 σὲ
609 2026 876 2097 ἀόργητον
901 2025 994 2077 καὶ
1010 2023 1282 2094 ἀτάραχον
1313 2018 1615 2090 διαφυλάξῃ
1637 2017 1731 2072 καὶ
1745 2017 1971 2079 ἀλυπον,

401 2120 655 2172 κάκεῖνον
698 2118 787 2171 διὰ
838 2118 936 2187 τῆς
984 2118 1082 2187 σῆς
1136 2112 1487 2178 ἀνεξικακίας
1539 2109 1841 2182 παιδεύσῃ,
1879 2109 1975 2163 καὶ

403 2209 746 2282 ἀμφοτέρους
771 2209 845 2272 ὡς
877 2205 1079 2277 ἀγαθὸς
1111 2206 1217 2261 ὑπὸ
1251 2205 1343 2260 τὸν
1401 2204 1563 2274 ζυγὸν
1593 2203 1691 2274 τῆς
1750 2201 1974 2273 ἀγάπης

406 2300 615 2371 ἀγάγῃο

478 2389 578 2459 ξγῗ.
614 2388 756 2459 Πρὸς
800 2388 942 2458 άπερ
988 2385 1290 2459 πράγματά
1335 2401 1467 2438 ποτε
1518 2382 1867 2452 πεπόνθαμεν
1888 2380 1973 2451 (j),

406 2483 613 2537 τούτων
660 2482 755 2534 καὶ
800 2481 902 2544 τὰς
935 2480 1233 2549 φαντασίας
1278 2478 1541 2548 ἐμπαθεῖς
1581 2474 1972 2546 περιφέρομεν.

418 2575 479 2628 ’0
512 2569 604 2627 οὖν
630 2572 726 2635 τὰς
754 2571 1018 2642 ἐμπαθεῖς
1044 2570 1210 2624 νικῶν
1235 2569 1553 2638 φαντασίας,
1582 2568 1674 2621 καὶ
1698 2566 1808 2621 τῶν
1838 2582 1978 2636 πρα-

409 2644 643 2735 γμάτὼῦ
657 2656 731 2717 ὧν
753 2663 828 2716 αἱ.
852 2660 1142 2730 φαντασίαι
1163 2660 1376 2721 πάντως
1408 2658 1770 2729 καταφρονεῖ·
1792 2652 1979 2724 ἐπειδὴ

408 2756 503 2811 τοῦ
537 2757 671 2827 πρὸς
700 2755 770 2809 τά
805 2754 1107 2824 πράγματα
1131 2750 1367 2821 πολέμου
1393 2751 1420 2802 ὁ
1454 2749 1589 2819 πρὸς
1625 2747 1723 2811 τὰς
1758 2746 1979 2818 μνήμας
2016 2812 2025 2818 _

408 2848 662 2907 τοσοῦτόν
692 2849 809 2900 ἐστι
833 2843 1214 2917 χαλεπώτερος
1234 2882 1249 2908 ,
1281 2843 1405 2897 ὅσον
1432 2841 1525 2894 τοῦ
1556 2839 1676 2894 κατ’
1702 2840 1979 2910 ἐνέργειαν

411 2940 768 3012 ἁμαρτάνειν,
788 2940 850 2993 τὸ
870 2936 1020 2992 κατά
1042 2936 1276 2992 διάνοιαν
1302 2937 1449 2988 ἐστιν
1470 2932 1871 3004 εὐκοπώτερον.

486 3231 581 3297 ξδ’.
615 3229 737 3284 Τῶν
766 3228 956 3283 παθῶν
986 3228 1055 3283 τὰ
1094 3227 1193 3299 μέν
1224 3229 1346 3281 ἐστι
1381 3226 1667 3298 σωματικά
1701 3226 1800 3298 (7),
1826 3224 1897 3279 τὰ
1928 3225 1984 3279 δὲ

408 3322 637 3394 ψυχικά.
680 3321 791 3375 Καὶ
819 3321 886 3375 τὰ
916 3320 1015 3391 μὲν
1041 3319 1354 3391 σωματικά,
1372 3320 1440 3373 ὲκ
1466 3317 1561 3372 τοῦ
1590 3315 1845 3390 σώματος
1871 3316 1984 3389 ἔχει

412 3414 826 3486 τάςηάφορμάςθ
856 3413 926 3468 τὰ
980 3413 1040 3466 δὲ
1077 3412 1304 3484 ψυχικά,
1345 3414 1411 3467 ὲκ
1453 3411 1562 3466 τῶν
1592 3410 1792 3479 ἔξωθεν
1840 3426 1984 3481 πρα-

412 3508 661 3579 γμάτων.
694 3506 1006 3578 ’Δμφότερα
1021 3505 1078 3559 δὲ
1105 3506 1422 3578 περικόπτει
1448 3506 1638 3574 ἀγάπη
1657 3505 1753 3559 καὶ
1783 3501 1986 3574 ἐγκρά-

414 3610 536 3646 τεια
559 3610 572 3624 ·
607 3595 641 3664 ἡ
674 3593 792 3663 μὲν,
821 3592 891 3647 τὰ
922 3592 1131 3663 ψυχικά
1149 3608 1163 3623 ·
1187 3593 1222 3665 ἡ
1246 3593 1327 3659 δὲ,
1353 3593 1424 3646 τὰ
1464 3593 1772 3664 σωματικά.

488 3684 582 3750 Es’.
618 3685 699 3739 Τὰ
732 3686 832 3755 μὲν
862 3683 971 3738 τῶν
1001 3684 1211 3750 παθῶν,
1248 3684 1344 3737 τοῦ
1368 3684 1601 3756 θυμικοῦ
1623 3702 1637 3716 ·
1672 3685 1742 3739 τά
1790 3686 1848 3739 δὲ
1888 3685 1985 3739 τοῦ

409 3774 812 3848 ἐπιθυμητικοῦ
862 3775 1059 3847 μέρους
1086 3777 1185 3845 τῆς
1212 3774 1409 3846 ψυχῆς,
1459 3777 1739 3845 τυγχάνει.
1781 3776 1986 3846 ’Δμφό-

418 3886 553 3941 τερα
585 3869 666 3933 δὲ,
695 3868 785 3921 διὰ
810 3867 918 3921 τῶν
947 3866 1251 3937 αἰσθήσεων
1285 3867 1539 3920 κινεῖται.
1566 3865 1701 3919 Τότε
1731 3866 1789 3920 δὲ
1821 3871 1986 3921 κινεί-

417 3980 529 4022 ται,
563 3961 650 4013 ὅτε
680 3959 898 4030 ἀγάπης
935 3961 968 4030 ὴ
997 3956 1142 4029 ψυχὴ
1175 3957 1272 4011 καὶ
1295 3956 1621 4028 ἐγκρατείας
1647 3957 1804 4020 ἐκτὸς
1838 3957 1985 4028 εὑρι-

422 4071 633 4108 σκεται.

492 4144 601 4209 ξς’.
645 4143 1132 4213 Δυσκαταγώνιστα
1164 4141 1361 4213 μᾶλλον
1386 4141 1454 4196 τὰ
1477 4141 1573 4195 τοῦ
1614 4140 1849 4212 θυμικοῦ
1888 4142 1986 4213 μέ-

2066 557 2307 613 im'micos
2322 566 2551 625 vestros;
2574 560 2862 633 benefacite
2881 560 2967 623 iis,
2993 562 3083 631 qui
3105 560 3331 616 oderunt
3347 579 3436 618 vos
3455 581 3475 619 :
3497 574 3647 621 orate

2068 661 2165 716 pro
2189 646 2641 702 calumniantibus
2683 634 2774 703 vos
2811 649 2877 703 ’³.
2915 649 3189 716 Quorsum
3234 651 3352 708 haec
3390 653 3468 707 illi
3507 670 3647 725 prte-

2068 739 2266 809 cepta?
2301 740 2374 797 Ut
2401 741 2664 796 nimirum
2700 742 2770 797 ab
2793 741 2923 797 odio
2954 750 3011 797 et
3034 743 3261 798 tristitia
3289 754 3346 799 et
3381 745 3460 800 ira
3482 756 3537 802 et
3564 748 3643 803 si-

2067 831 2296 886 multate
2349 830 2559 886 liberos
2620 838 2926 901 prastat-et,
2972 847 3144 902 reque
3197 836 3470 901 omnium,
3523 852 3647 906 quae

2068 923 2260 978 haberi
2297 931 2551 993 possunt,
2595 924 2831 980 maxima
2871 922 3223 994 dignaretur;
3264 925 3505 994 perlecta
3538 926 3647 982 sci-
3738 952 3760 973 ο

2068 1015 2200 1070 licet
2223 1015 2503 1070 cbar—itate
2547 1034 2561 1071 :
2612 1031 2720 1086 qua
2762 1015 3053 1086 praeditum
3126 1030 3248 1070 esse
3300 1016 3645 1087 impossibile

2068 1116 2174 1172 est,
2212 1109 2308 1179 qui
2340 1123 2533 1164 omnes
2562 1109 2816 1164 homines
2845 1124 2912 1163 ex
2938 1122 3105 1177 aequo
3139 1123 3250 1162 non
3283 1107 3511 1179 diligat;
3546 1109 3645 1164 Dei

2070 1200 2284 1258 scilicet
2326 1199 2658 1264 imitatione,
2709 1200 2804 1270 qui
2853 1214 3110 1270 peraeque
3157 1215 3350 1256 Otones
3393 1202 3646 1258 homines

2069 1291 2269 1362 diligit,
2308 1293 2537 1361 vultque
2572 1304 2678 1365 eos
2721 1291 2904 1347 salvos
2944 1291 3085 1354 ﬁeri,
3120 1290 3271 1361 et-sd
3301 1293 3643 1362 agnitionem

2070 1386 2321 1439 veritatis
2352 1385 2544 1439 venire
2574 1385 2641 1437 ⁸³.

2076 1515 2085 1523 .
2139 1476 2227 1531 62.
2262 1476 2373 1548 Ego
2400 1485 2577 1531 autem
2617 1476 2730 1530 dico
2752 1477 2889 1531 vobis
2909 1492 2926 1531 :
2949 1476 3069 1531 Non
3088 1479 3331 1531 resistere
3359 1476 3524 1540 malo,
3554 1476 3647 1530 sed

2068 1568 2117 1623 si
2148 1570 2264 1640 quis
2300 1577 2350 1622 te
2394 1569 2709 1640 percusserit
2751 1570 2806 1623 in
2845 1568 3117 1623 dexteram
3161 1566 3464 1631 maxillam,
3504 1575 3650 1621 uerte

2070 1659 2153 1715 illi
2177 1668 2227 1714 et
2258 1659 2507 1716 alteram.
2537 1660 2609 1715 Et
2641 1662 2708 1725 ei,
2743 1661 2832 1730 qui
2859 1659 2987 1714 uelit
3018 1667 3186 1714 tecum
3201 1660 3405 1730 judicio
3429 1667 3644 1713 conten-

2071 1752 2214 1817 dere,
2245 1760 2294 1805 et
2321 1753 2554 1806 tunicam
2582 1758 2729 1806 tuam
2754 1750 2957 1817 tollere,
2993 1751 3196 1806 dimitte
3221 1752 3269 1805 ei
3295 1758 3343 1805 et
3378 1750 3604 1822 pallium
3629 1765 3647 1802 ξ

2080 1849 2132 1895 et
2154 1842 2246 1913 qui
2271 1850 2321 1895 te
2350 1842 2585 1913 adegerit
2614 1840 2684 1895 ad
2704 1857 2879 1896 unum
2910 1838 3246 1906 milliarium,
3276 1839 3408 1895 vade
3439 1856 3558 1893 cum
3590 1855 3650 1892 eo

2078 1939 2131 1987 et
2157 1930 2270 1986 alia
2285 1931 2389 1985 duo
2413 1930 2481 1984 “.
2506 1930 2782 1996 Quorsum
2803 1928 2957 1985 haec?
2980 1929 3052 1985 Ut
3082 1938 3141 1984 et
3167 1936 3222 1983 te
3259 1927 3327 1982 ab
3366 1928 3516 1987 omni
3546 1928 3652 1982 ira-

2080 2023 2281 2081 cundia
2302 2033 2359 2079 et
2376 2024 2698 2080 turbatione
2727 2038 2792 2078 ac
2812 2022 3037 2078 tristitia
3055 2021 3355 2075 immunem
3377 2027 3649 2085 servaret,

2078 2126 2137 2173 et
2156 2124 2257 2171 tua
2283 2116 2576 2172 tolerantia
2615 2116 2771 2171 illum
2807 2114 3074 2177 erudiret,
3104 2111 3430 2181 ambosque,
3465 2117 3527 2165 ut
3555 2109 3652 2182 qui

2080 2210 2262 2266 bonus
2294 2209 2542 2274 exsistat,
2572 2222 2678 2263 suo
2708 2204 3023 2262 dilectionis
3049 2217 3118 2259 ac
3153 2201 3437 2257 charitatis
3460 2203 3654 2274 jugum

2080 2308 2321 2371 cogeret.

2153 2393 2242 2449 6'5.
2260 2392 2480 2459 Quibus
2508 2390 2676 2446 rebus
2706 2390 3036 2462 quandoque
3078 2392 3263 2447 allecti
3301 2390 3528 2454 fuimus,
3560 2387 3661 2441 ha-

2082 2500 2207 2540 rum
2228 2499 2450 2554 quoque
2466 2481 2792 2537 libidinosas
2810 2483 3174 2553 cogitationes
3193 2479 3654 2537 circumferimus.

2083 2577 2190 2645 Qui
2248 2576 2415 2646 igitur
2465 2573 2793 2629 libidinosas
2838 2573 3011 2627 vincit
3051 2571 3436 2639 cogitationes,
3489 2568 3657 2624 etiam

2085 2684 2197 2731 res.
2228 2682 2463 2739 quarum
2489 2676 2622 2720 sunt
2654 2663 3041 2734 cogitationes,
3076 2663 3304 2718 omnino
3331 2659 3656 2716 contemnit.

2085 2763 2263 2819 lTanto
2294 2760 2441 2816 enim
2484 2758 2726 2829 gravius,
2758 2754 2905 2825 quod
2943 2754 3210 2811 adversus
3256 2768 3443 2813 rerum
3488 2752 3660 2807 simu-

2085 2858 2255 2922 lacra,
2301 2856 2359 2911 in
2398 2852 2665 2908 memoria
2710 2850 2926 2914 relicta,
2959 2838 3125 2919 quam
3158 2847 3306 2921 quod
3346 2854 3535 2902 contra
3566 2858 3659 2898 res

2087 2949 2255 3020 ipsas,
2301 2947 2509 3002 bellum
2552 2945 2818 3016 gerimus,
2865 2953 3073 3013 quanto
3120 2940 3420 3011 proclivius
3469 2946 3556 2994 est
3598 2946 3659 2991 ut

2086 3051 2270 3097 mente
2320 3054 2383 3094 ac
2429 3037 2786 3109 cogitatione,
2831 3051 2998 3107 quam
3037 3041 3099 3089 ut
3148 3034 3267 3104 ipso
3318 3039 3447 3087 actu
3493 3038 3659 3099 atque

2006 3150 2050 3209 (ζ
2083 3154 2249 3213 opere
2272 3146 2587 3207 peccemus.

2154 3232 2242 3287 64.
2292 3228 2628 3287 Atl‘ectuum,
2679 3220 2771 3276 alii
2820 3217 3139 3289 corporales
3187 3223 3338 3280 sunt,
3384 3214 3478 3269 alii
3537 3213 3658 3269 ani-

2082 3324 2275 3380 males.
2316 3321 2394 3375 Ac
2418 3316 2647 3387 quidem
2675 3311 3013 3381 corporales,
3049 3324 3116 3364 ex
3145 3321 3379 3377 corpore
3417 3303 3662 3361 occasio-

2082 3432 2186 3472 nes
2217 3413 2425 3468 habent
2456 3427 2470 3462 :
2504 3406 2768 3462 animales
2790 3416 2946 3465 vero,
2971 3417 3039 3456 ex
3065 3401 3177 3455 illis
3204 3415 3328 3469 qure
3358 3407 3490 3453 sunt
3523 3397 3659 3451 foris

2085 3505 2441 3580 proveniunt.
2485 3499 2759 3567 Utrosque
2809 3509 2947 3549 vero
3005 3501 3261 3547 resecant
3307 3490 3550 3546 charitas
3603 3496 3661 3544 et

2074 3595 2458 3655 continentia:
2491 3592 2604 3654 illa,
2632 3588 2934 3651 animales;
2966 3586 3101 3649 haec,
3135 3585 3466 3654 corporales.

2156 3690 2245 3744 65.
2276 3686 2610 3743 Aﬂectuum,
2652 3679 2746 3733 alii
2782 3677 3076 3731 irascentis
3104 3675 3274 3729 animi
3305 3675 3483 3745 partis
3507 3683 3659 3737 sunt,

2086 3780 2180 3836 alii
2224 3771 2688 3845 concupiscentis.
2737 3770 2969 3838 Utrique
3015 3782 3148 3821 vero
3188 3781 3451 3821 sensuum
3493 3780 3661 3835 opera

2086 3878 2399 3927 moventur.
2446 3866 2713 3932 Tuncque
2758 3860 2898 3915 adeo
2946 3857 3160 3912 moveri
3203 3856 3494 3925 contingit,
3536 3871 3662 3910 cum

2088 3961 2248 4035 503
2296 3958 2513 4014 animus
2553 3963 2709 4009 extra
2761 3950 3086 4007 charitatem
3158 3945 3665 4015 continentiamque

2084 4047 2384 4106 exstiterit.

2159 4162 2247 4218 66.
2272 4157 2564 4215 Irascentis
2584 4156 2748 4210 animi
2773 4154 2946 4225 partis
2966 4152 3192 4206 allectus
3214 4148 3489 4204 diﬂicilius
3510 4147 3669 4217 longe

422 4252 547 4305 ρους
567 4235 667 4306 τῆς
692 4234 869 4311 ψυχῆς
904 4234 1058 4307 πάθη
1074 4234 1173 4307 (8),
1198 4232 1350 4305 παρά
1378 4234 1446 4288 τά
1471 4232 1565 4287 τοῦ
1592 4232 1979 4304 ἐπιθυμητικοί

2090 4251 2390 4326 expugnari
2416 4257 2678 4321 possunt,
2735 4262 2898 4317 quam
2936 4241 3397 4312 concupiscentis.
3461 4239 3669 4294 Idcirco

419 4327 694 4397 τυγχάνει.
718 4327 810 4380 Διὸ
844 4329 937 4381 καὶ
969 4326 1152 4398 μεῖξον
1181 4326 1245 4381 τὸ
1276 4328 1567 4399 φάρμακον
1595 4326 1714 4381 κατ’
1736 4324 1925 4391 αὐτοῦ,
1956 4328 1979 4395 ἦ

2091 4324 2258 4403 etiam
2286 4345 2462 4415 majus
2490 4342 2753 4397 adversus
2778 4350 2897 4393 eam
2928 4335 3233 4391 remedium
3258 4350 3289 4388 a
3313 4333 3547 4389 Domino
3570 4324 3668 4385 da-

422 4418 611 4489 ἐντολὴ
637 4419 736 4489 τῆς
766 4419 987 4490 ἀγάπης
1013 4419 1119 4473 ὑπὸ
1147 4418 1242 4472 τοῦ
1271 4419 1478 4492 Κυρίου
1509 4418 1687 4489 ἐδόθη.
1750 4412 1757 4435 ¹

2097 4447 2208 4493 tum
2226 4444 2329 4499 est,
2354 4412 2672 4488 mandatum
2691 4430 2902 4487 scilicet
2916 4425 3205 4482 charitatis
3226 4438 3321 4478 seu
3339 4419 3668 4477 dilectionis.

495 4488 607 4574 EC’.
627 4510 812 4563 Πάντα
844 4513 914 4564 τά
944 4488 1084 4564 ἀλλα
1113 4510 1283 4578 πάθη,
1322 4488 1376 4582 ἢ-
1403 4510 1500 4564 τοῦ
1528 4488 1764 4581 θυμικοῦ
1793 4511 1979 4582 μέρους

2167 4528 2257 4583 67.
2296 4488 2493 4581 (iuncti
2523 4523 2617 4578 alii
2645 4520 2893 4585 aﬂ‘ectus,
2930 4526 3024 4573 aut
3054 4516 3378 4571 irascentem
3410 4512 3674 4566 duntaxat

423 4603 522 4671 τῆς
551 4602 749 4672 ψυχῆς,
775 4603 809 4673 ἢ
836 4602 928 4656 τοῦ
963 4602 1363 4674 ἐπιθυμητικοῦ
1391 4603 1554 4674 μόνον
1588 4604 1889 4672 ἐφάπτεται
1912 4620 1925 4634 ⁸
1957 4602 1979 4654 i

2100 4618 2269 4674 animi
2295 4625 2527 4687 partem,
2583 4623 2680 4667 aut
2708 4607 3523 4681 concupiscentemattingunt;
3581 4611 3675 4658 aut

424 4694 521 4749 καὶ
550 4695 644 4747 τοῦ
672 4693 1001 4763 λογιστικοῦ,
1026 4695 1103 4758 ὡς
1138 4696 1171 4764 ἡ
1203 4694 1339 4766 λήθη
1388 4696 1484 4749 καὶ
1526 4697 1558 4767 ἠ
1593 4696 1816 4765 ἄγνοια·
1865 4698 1897 4767 ἡ
1934 4696 1979 4749 δὲ

2097 4711 2261 4765 etiam
2287 4706 2519 4764 rationis
2542 4705 2876 4767 facultatem,
2923 4712 2983 4757 ut
3005 4700 3208 4757 oblivio
3235 4709 3292 4755 et
3320 4696 3626 4769 ignorantia
3655 4710 3671 4748 :

423 4787 642 4857 ἀκηδία,
673 4786 864 4840 πασῶν
895 4787 1004 4839 τῶν
1027 4787 1129 4857 τῆς
1154 4787 1335 4858 ψυχῆς
1362 4789 1645 4858 δυνάμεων
1676 4788 1979 4859 ἐπιδραττα

2101 4800 2291 4857 acedia
2317 4813 2472 4865 vero,
2504 4810 2695 4852 omnes
2715 4793 2911 4848 animae
2942 4787 3089 4847 virés
3117 4791 3447 4871 corripiens.
3482 4800 3675 4841 omnes

429 4878 587 4946 μένη,
625 4878 805 4930 πάντα
834 4877 1020 4946 σχεδὸν
1051 4876 1395 4947 ὁμοθυμαδὸν
1425 4880 1569 4931 κινεῖ
1607 4878 1675 4930 τά
1702 4877 1867 4949 πάθῃ.
1903 4877 1979 4930 Διὶ

2100 4892 2218 4949 fere
2288 4893 2451 4949 simul
2514 4902 2742 4960 unoque
2805 4889 3014 4957 impetu
3057 4885 3294 4940 affectus
3342 4885 3672 4937 commovet.

425 4973 518 5022 καὶ
553 4968 770 5021 πάντων
804 4970 913 5022 τῶν
942 4968 1116 5021 ἀλλων
1156 4968 1345 5022 παθῶν
1378 4973 1497 5023 ἐστι
1532 4970 1854 5041 βαρύτατον.
1884 4972 1979 5023 Κα-

2103 4988 2450 5057 Quapropter
2477 4985 2641 5040 etiam
2679 4980 2892 5036 cunctis
2918 4978 3040 5034 aliis
3069 4975 3362 5033 affectibus
3393 4972 3676 5026 molestior

425 5057 533 5120 λῶς
560 5054 653 5112 οὖν
680 5060 708 5111 ὁ
738 5058 938 5129 Κύριος
967 5059 1029 5112 τὸ
1056 5060 1175 5114 κατ’
1207 5060 1376 5130 αὐτῆς
1395 5060 1684 5130 φάρμακον
1714 5060 1963 5126 δεδωκὼς

2103 5054 2389 5135 εειίΒειιε
2429 5078 2596 5147 igitur
2631 5074 2918 5140 Dominus,
2944 5070 3218 5141 assignato
3245 5065 3511 5122 adversus
3554 5077 3675 5117 eam

442 5149 544 5202 Ἐν
576 5149 648 5219 τῇ
688 5153 964 5223 ὑπομονῇ
992 5152 1181 5225 ὑμῶν,
1203 5153 1374 5222 λέγει,
1410 5154 1727 5225 κτήσασθε
1762 5156 1868 5221 τὰς
1889 5161 1977 5224 ψυ

2105 5169 2490 5225 remedio:ln
2539 5167 2800 5239 patientia
2859 5175 3054 5228 vestra,
3110 5162 3308 5233 inquit,
3367 5156 3679 5231 possidentis

429 5242 543 5308 χὰς
566 5242 752 5311 ὑμῶν.

2109 5260 2318 5314 animas
2342 5267 2543 5312 uestras
2567 5259 2634 5311 ’⁸.

503 5340 971 5426 εειιηιὴ.ν,ιι.
1047 5355 1482 5429 ’³1¹Τῢη.η,5.
1559 5364 1979 5436 "hhutb.v,3:

2077 5373 2146 5426 ll.
2219 5372 2265 5403 ³³
2297 5371 2432 5426 Luc.
2462 5387 2572 5435 xxi,
2606 5371 2692 5425 l9.

400 5488 593 5578 λψς
612 5496 997 5578 ,Πρὸὶςωᾶξξερ
1041 5497 1354 5578 πράγματᾴ
1410 5515 1554 5578 ποτε
1591 5502 1976 5578 πεπόνθαμεν

2104 5503 2225 5557 Non
2253 5502 2346 5559 hic
2373 5502 2443 5557 de
2466 5501 2681 5568 dolore,
2712 5500 2807 5556 sed
2831 5501 2900 5555 de
2919 5499 3152 5578 libidine
3176 5513 3361 5578 sermo
3400 5505 3485 5552 cst
3507 5488 3683 5578 _Ma_xi-

430 5566 580 5642 Niliil
612 5568 706 5622 hic
743 5566 965 5642 difﬁcile
1002 5567 1108 5623 nisi
1138 5566 1262 5642 quis
1294 5569 1454 5635 plane
1478 5570 1681 5642 hospes
1706 5570 1760 5624 in
1798 5566 1999 5642 scien-
2106 5588 2228 5638 mo;
2254 5589 2417 5642 quam
2442 5589 2509 5627 ex
2542 5566 2731 5627 rerum
2766 5587 2892 5632 usu,
2926 5570 2991 5642 in
3017 5568 3352 5642 memoriam
3400 5566 3685 5642 cogitatio-

436 5640 513 5695 tia
540 5644 835 5711 tnorunret
865 5634 1171 5711 aﬁ‘ectuum'
1195 5634 1445 5711 (totaque
1483 5634 1868 5711 ipsa_Gr:£cia)
1905 5642 1998 5705 sit,
2107 5634 2318 5711 aesque
2345 5642 2514 5698 animi
2549 5642 2791 5711 imprimi
2821 5656 2886 5695 ac
2909 5634 3312 5711 derivari,_rite
3338 5634 3529 5702 tradit,
3553 5650 3683 5691 vero

431 5708 626 5832 quales
660 5723 716 5763 se
734 5706 940 5777 Obsop.
962 5717 1019 5760 et
1050 5706 1215 5762 Gesn.
1252 5706 1573 5770 ostendunt,
1600 5708 1732 5792 dum
1762 5706 2002 5764 sic'red—
2110 5706 2310 5781 bisque
2343 5714 2584 5783 propriis
2607 5706 2756 5766 nulla
2783 5711 3011 5781 ambage
3042 5708 3326 5779 exprimit.

476 5786 575 5832 unt
607 5818 622 5832 .
672 5775 819 5832 Ouas
842 5792 925 5831 res
964 5779 1232 5832 quondam
1261 5776 1500 5831 dolenter
1525 5776 1857 5832 nertulzmus.
1891 5789 1999 5832 etc.

476 5786 575 5834 unt
607 5818 622 5845 ,
672 5775 819 5844 Quas
842 5775 925 5831 res
964 5779 1232 5845 quondam
1261 5776 1500 5831 dolenter
1524 5776 1857 5847 pertulimus,
1891 5789 1999 5835 etc.
