4140 6322
369 398 468 464 977

1265 387 1604 451 CAPITUM
1643 385 1740 445 DE
1778 385 2206 445 CHARITATE
2244 386 2385 444 (ΖΕΝ
2407 387 2631 446 l‘URIA
2676 387 2723 445 Ι.

3505 387 3611 449 9’78

362 518 533 583 ἑτέρα
560 513 886 578 δυνήσεται
922 509 1075 580 ἡμᾶς
1110 513 1358 581 χωρίσαι
1402 512 1521 567 ἀπὸ
1565 510 1675 579 τῆς
1702 507 1936 577 ἀγάπης

2051 524 2246 576 parare
2276 530 2308 566 a
2328 512 2587 566 charitate
2620 511 2738 576 Dei,
2770 525 2886 580 qua:
2916 516 2991 562 est
3021 508 3077 562 in
3113 506 3321 563 Christo
3356 507 3482 561 Iesu
3517 508 3608 562 Do.

363 606 469 660 τοῦ
497 603 664 666 Θεοῦ,
693 602 796 668 τῆς
823 603 892 656 ἐν
917 601 1147 670 Χριστῷ
1182 602 1384 669 Ἰησοῦ
1415 600 1493 668 τῷ
1520 601 1714 669 Κυρίῳ
1743 598 1930 668 ήμῶν.

435 694 525 746 οδ’.
562 693 693 762 Περὶ
719 691 774 743 δὲ
816 691 914 761 τῆς
945 692 1024 754 εἰς
1057 693 1148 744 τὸν
1203 691 1432 762 πλησίον
1483 691 1723 760 ἀγάπης,
1767 689 1933 742 ἄκουε

364 785 527 838 πάλιν
548 778 636 835 οἷα
655 783 902 849 λέγουσιν
926 798 948 844 °_
977 781 1284 848 Ἀλήθειαν
1308 781 1464 850 λέγω
1481 781 1550 834 ἐν
1581 777 1833 850 Χριστῷ,
1861 782 1934 833 οὐ

362 875 679 944 ψεύδομαι,
714 873 1260 941 συμμαρτυρούσης
1309 890 1411 942 μοι
1449 871 1546 926 καὶ
1596 871 1706 940 τῆς
1735 887 1936 926 συνει-

362 965 597 1034 δήσεώς
641 983 760 1034 μου
809 965 880 1018 ἐν
916 965 1215 1033 Πνεύματι
1263 965 1410 1033 ἁγιῳ
1434 980 1446 992 ·
1493 963 1583 1016 ὅτι
1632 964 1797 1030 λύπη
1831 965 1936 1032 μοι

363 1061 496 1114 ἐστι
528 1057 753 1126 πολλὴ,
800 1057 898 1112 καὶ
935 1057 1317 1122 ἀδιάλειπτος
1361 1056 1546 1124 ὀδύνη
1599 1055 1674 1124 τῇ
1722 1057 1936 1124 καρδίᾳ

361 1169 500 1220 μου.
529 1150 816 1218 Ηὺχόμην
849 1149 959 1220 γὰρ
987 1150 1252 1218 ἀνάθεμα
1283 1145 1435 1206 εἶναι
1460 1149 1643 1215 αὐτὸς
1669 1148 1784 1220 ἐγὼ
1815 1149 1932 1203 ἀπὸ

364 1242 472 1296 τοῦ
495 1242 753 1310 Χριστοῦ
791 1241 943 1309 ὑπὲρ
986 1242 1104 1296 τῶν
1137 1241 1416 1311 ἀδελφῶν
1463 1261 1604 1312 μου,
1633 1243 1752 1297 τῶν
1787 1257 1935 1312 συγ-

363 1331 554 1403 γενῶν
577 1351 698 1402 μου
735 1333 886 1386 κατὰ
923 1331 1140 1401 σάρκα,
1181 1333 1400 1399 οἵτινές
1431 1336 1590 1389 εἰσιν
1639 1334 1931 1402 Ἰσραηλῖ-

363 1440 480 1488 ται,
519 1424 612 1476 καὶ
652 1423 722 1476 τὰ
775 1423 922 1494 ἑξῆς.
965 1423 1240 1486 Ὡσαύτως
1267 1425 1360 1478 καὶ
1401 1427 1430 1478 ὀ
1463 1425 1724 1494 Μωῦσῆς,
1756 1424 1849 1477 καὶ
1883 1425 1931 1477 0i

361 1515 541 1568 λοιποὶ
572 1513 716 1582 ἆγιοι
750 1512 908 1585 [unus
945 1514 1070 1585 Reg.
1095 1515 1188 1568 καὶ
1219 1516 1423 1579 πάντες
1453 1519 1500 1570 οἱ
1526 1515 1716 1588 avios].

434 1612 527 1662 σε’.
563 1606 630 1658 '0
666 1605 741 1677 μὴ
787 1605 1146 1676 καταφρονῶν
1179 1605 1336 1676 δόξης
1366 1607 1457 1660 καὶ
1496 1607 1686 1679 ἡδονῆς
1709 1609 1805 1680 (9),
1839 1609 1933 1662 καὶ

363 1693 465 1762 τῆς
493 1692 701 1746 τούτων
735 1693 1056 1764 αὐξητικῆς,
1090 1695 1182 1746 καὶ
1210 1695 1275 1747 δι’
1319 1695 1487 1758 αὑτάς
1518 1697 1928 1767 συνισταμένης,

2046 602 2189 654 mino
2221 614 2398 656 nostro
2429 605 2492 656 ’⁸.
3379 672 3383 676 η

2116 687 2203 742 74.
2244 689 2320 744 De
2360 689 2628 744 cliaritate
2682 696 2864 744 autem
2915 703 3044 758 erga
3089 687 3440 757 proximum,
3489 690 3620 744 audi

2043 795 2236 836 rursus
2260 781 2440 852 qualia
2472 783 2764 836 enuntiant
2805 796 2819 834 :
2858 779 3142 834 Veritatem
3167 780 3282 833 dico
3304 780 3358 833 in
3389 779 3618 844 Christo,

2041 890 2146 927 non
2181 875 2422 938 mentior,
2473 860 2825 926 testimoniitm
2865 872 2991 924 mihi
3020 871 3320 940 pcrhibente
3340 873 3454 941 ipsa
3489 889 3619 926 con-

2037 963 2255 1017 scientia
2273 979 2387 1017 mea
2415 965 2470 1017 in
2493 963 2694 1035 Spiritu
2723 970 2905 1017 sancto
2928 979 2944 1016 :
2969 961 3222 1033 quoniam
3251 961 3466 1016 tristitia
3491 964 3616 1017 mihi

2039 1071 2235 1124 magna
2266 1062 2361 1121 est,
2401 1065 2448 1108 et
2498 1057 2773 1110 continuus
2816 1053 2968 1106 dolor
3007 1053 3151 1106 cordi
3182 1069 3314 1106 meo.
3354 1053 3616 1123 Optabam

2037 1145 2178 1197 enim
2204 1159 2297 1212 ego
2338 1145 2448 1213 ipse
2472 1145 2754 1197 anathema
2786 1158 2895 1196 esse
2934 1160 2966 1196 a
3002 1140 3209 1197 Christo
3237 1159 3332 1213 pro
3362 1142 3617 1212 fratribus

2041 1235 2192 1296 meis,
2225 1236 2312 1304 qui
2341 1242 2466 1286 sunt
2519 1235 2728 1303 cognati
2775 1235 2877 1287 mei
2919 1233 3202 1287 secundum
3258 1250 3491 1298 carnem,
3530 1235 3617 1303 qui

2037 1330 2159 1376 sunt
2181 1320 2444 1376 Israelita?
2468 1323 2535 1385 ’⁷,
2576 1330 2633 1374 et
2664 1337 2788 1390 qua:
2819 1330 3148 1390 sequuntur.
3187 1321 3454 1376 Similiter
3475 1337 3616 1390 quo-

2037 1429 2145 1484 que
2176 1416 2386 1489 Moyses
2408 1413 2476 1480 ’⁸,
2507 1430 2571 1468 ac
2599 1415 2776 1469 sancti
2801 1415 3022 1486 reliqui.

2106 1593 2196 1647 75.
2233 1591 2337 1658 Qui
2367 1591 2595 1662 gloriam
2613 1600 2668 1645 et
2696 1592 3056 1661 voluptatem,
3091 1605 3156 1644 ac
3207 1606 3328 1660 qua:
3370 1591 3479 1646 illis
3517 1607 3616 1645 au-

2035 1693 2282 1737 mentum
2319 1682 2558 1752 praebet,
2593 1697 2896 1752 earumque
2947 1681 3121 1751 gratia
3163 1681 3441 1746 consistit,
3474 1676 3620 1756 [ava-

366 1784 748 1855 φιλαργυρεας,
781 1786 879 1847 τὰς
919 1785 1011 1837 τοῦ
1058 1785 1230 1854 θυμοῦ
1284 1787 1588 1857 προφάσεις
1638 1788 1927 1840 ἐκκόπτειν

2045 1773 2214 1827 ritiam
2241 1788 2350 1826 non
2384 1774 2710 1836 contemnit,
2741 1772 2786 1826 is
2817 1773 2914 1826 irae
2949 1775 3270 1827 occasiones
3294 1773 3619 1827 exscindere

363 1877 426 1928 οὐ
455 1875 697 1929 δύναται.
736 1877 794 1928 '0
835 1875 890 1928 δὲ
931 1875 1132 1938 ταύτας
1165 1877 1240 1949 μὴ
1265 1855 1531 1944 ἐκόπτων,
1580 1877 1679 1948 τῆς
1721 1878 1928 1942 τελείας

2045 1874 2147 1913 non
2212 1859 2480 1928 potuerit.
2521 1857 2622 1924 Qui
2653 1868 2838 1914 autem
2888 1859 2988 1913 has
3034 1873 3146 1912 non
3195 1865 3465 1929 amputat,
3517 1873 3620 1915 nec

364 1964 590 2035 ἀγάπης
613 1968 794 2038 τυχεῖν
827 1967 888 2019 οὺ
919 1966 1164 2022 δύναται.

436 2059 542 2117 ος’.
580 2054 924 2118 Ταπείνωσις
947 2056 1042 2108 καὶ
1073 2055 1434 2123 κακοπάθεια,
1461 2059 1638 2128 πάσης
1659 2059 1933 2131 ἁμαρτίας

367 2143 712 2216 ἐλευθεροῦσι
740 2147 831 2199 τὸν
859 2145 1145 2216 ἄνθρωπον
1167 2162 1183 2177 ·
1220 2150 1254 2220 η
1298 2148 1418 2219 μὲν,
1443 2149 1510 2202 τά
1536 2151 1633 2220 τῆς
1657 2151 1834 2221 ψυχῆς
1853 2167 1865 2180 ⁸
1898 2155 1933 2223 ἡ

364 2235 443 2299 δὲ,
475 2235 543 2288 τὰ
567 2235 661 2290 τοῦ
691 2237 938 2308 σώματος
974 2237 1386 2310 περικόπτουσα
1412 2240 1582 2310 πάθη.
1629 2241 1796 2294 Τοῦτο
1826 2242 1934 2315 γὰρ

368 2324 540 2378 ποιῶν
569 2327 663 2378 καὶ
685 2328 712 2378 ό
745 2328 1012 2398 μακάριος
1041 2327 1290 2395 φαίνεται
1317 2330 1499 2395 Δαὸὶδ,
1521 2333 1578 2385 ἐν
1602 2329 1682 2394 οἷς
1717 2331 1933 2402 εὐχεται

367 2415 506 2484 πρξς
531 2414 621 2466 τὸν
652 2415 804 2481 Θεὸν,
860 2416 1063 2485 λέγων·
1112 2418 1216 2471 ἰδὲ
1254 2419 1368 2487 τὴν
1412 2423 1781 2475 ταπείνωσιν
1816 2440 1936 2490 μου

367 2502 468 2556 καὶ
501 2503 611 2558 τὸν
653 2507 848 2561 κόπον
870 2526 1011 2577 μου,
1051 2510 1149 2564 καὶ
1197 2510 1345 2580 ἄφες
1377 2511 1581 2578 πάσας
1616 2513 1723 2588 τὰς
1755 2515 1938 2584 ἀμαρ-

367 2593 500 2659 τίας
513 2612 654 2662 μου.

439 2684 534 2750 οξ.
568 2687 668 2740 Διά
701 2690 798 2756 μὲν
830 2689 938 2743 τῶν
970 2691 1197 2750 ἐντολῶν
1228 2697 1256 2749 ὁ
1295 2696 1518 2767 Κύριος,
1549 2695 1778 2763 ἀπαθεῖς
1814 2700 1939 2763 τοὺς

369 2776 772 2847 ἐργαζομένους
825 2781 998 2845 αὑτὰς
1037 2783 1324 2838 ἀποτελεῖ·
1384 2787 1474 2840 διὰ
1520 2786 1578 2840 δὲ
1625 2786 1734 2840 τῶν
1779 2787 1940 2842 Θείων

369 2870 672 2941 δογμάτων,
705 2875 794 2929 τὸν
829 2876 1108 2946 φωτισμὸν
1157 2877 1256 2948 τῆς
1281 2877 1534 2947 γνώσεως
1563 2880 1748 2946 αὐτοῖς
1780 2881 1941 2954 χαρι-

369 2959 546 3028 (erat.

441 3063 539 3127 o'q'.
573 3056 758 3112 Πάντα
779 3059 848 3114 τά
871 3059 1138 3130 δόγματα,
1168 3061 1202 3130 ἢ
1242 3063 1371 3133 περὶ
1401 3064 1535 3118 Θεοῦ
1563 3066 1723 3132 εἰσιν,
1751 3066 1784 3137 ἢ
1813 3067 1943 3135 περὶ

2033 1951 2332 2021 perfectam
2372 1951 2698 2006 charitatem
2724 1951 2988 2020 consequi
3014 1951 3208 2021 possit.

2107 2037 2198 2092 76.
2238 2037 2530 2094 Humilitas
2559 2039 2853 2108 carnisque
2882 2038 3181 2102 aﬂlictatio,
3205 2038 3275 2094 ab
3311 2038 3461 2092 omni
3493 2054 3620 2108 pec-

2035 2139 2156 2185 cato
2189 2130 2468 2186 hominem
2505 2132 2748 2186 liberant
2782 2151 2794 2184 :
2832 2147 3067 2202 quarum
3114 2132 3228 2198 illa,
3259 2132 3468 2198 animi;
3501 2131 3619 2186 hate

2033 2239 2188 2288 vero,
2227 2225 2482 2294 corporis
2520 2233 2767 2294 amputat
2793 2224 2945 2277 vitia.
2989 2224 3102 2278 Hoc
3144 2224 3294 2278 enim
3319 2233 3375 2278 et
3421 2225 3619 2279 beatus

2035 2311 2204 2365 David
2239 2321 2496 2382 praastare
2532 2320 2894 2376 monstratur,
2932 2328 3055 2368 cum
3087 2313 3142 2366 in
3185 2314 3303 2368 hinc
3332 2311 3504 2370 verba
3549 2313 3620 2368 ad

2035 2403 2206 2457 Deum
2242 2413 2529 2474 precatur:
2561 2404 2683 2458 Vide
2712 2403 3067 2459 humilitatem
3102 2422 3274 2460 meam
3305 2413 3355 2460 et
3389 2405 3619 2460 laborem

2038 2506 2229 2554 meum,
2250 2500 2299 2543 et
2325 2491 2527 2544 dimitte
2549 2491 2725 2544 omnia
2745 2500 2960 2560 peccata
2988 2508 3101 2544 mea
3129 2494 3194 2546 ³³.

2112 2680 2198 2732 77.
2241 2677 2508 2732 Dominus
2545 2692 2643 2747 per
2681 2676 2958 2742 mandata,
3008 2691 3106 2732 eos
3149 2678 3243 2748 qui
3286 2689 3509 2734 servant
3555 2693 3620 2738 ac

2040 2780 2361 2841 operantur,
2395 2770 2464 2825 ab
2494 2769 2786 2825 aﬂectibus
2808 2785 2873 2824 ac
2898 2768 3060 2841 ωε
3091 2766 3321 2826 libidine
3347 2771 3620 2830 immunes

2040 2863 2224 2919 reddit
2260 2881 2273 2917 :
2305 2879 2405 2934 per
2426 2862 2612 2917 divina
2639 2870 2822 2917 autem
2850 2862 3125 2934 dogmata,
3157 2864 3402 2920 scientia:
3432 2863 3515 2919 eis
3556 2864 3622 2918 il-

2041 2955 2427 3011 lustrationem
2447 2954 2663 3009 tribuit.

2114 3049 2200 3103 78.
2244 3049 2504 3119 Dogmata
2527 3046 2708 3102 omnia
2729 3063 2793 3102 ac
2823 3047 3068 3112 decreta,
3101 3056 3195 3103 aut
3223 3048 3292 3104 de
3322 3049 3434 3104 Deo
3470 3057 3621 3118 sunt,

369 3145 582 3242 ὁρατῶν
602 3149 698 3203 καὶ
724 3148 991 3222 ἀοράτων,
1026 3152 1212 3226 ἢπερὶ
1248 3154 1348 3225 τῆς
1379 3156 1437 3209 ἐν
1473 3155 1656 3221 αὐτοῖς
1688 3160 1940 3228 προνοίας

2046 3150 2142 3194 aut
2163 3141 2230 3196 de
2260 3141 2426 3195 rebus
2449 3141 2504 3194 in
2525 3149 2808 3211 aspectum
2825 3140 3170 3206 cadentibus,
3193 3151 3286 3196 aut
3311 3156 3433 3211 quae
3451 3142 3624 3197 aciem

372 3237 470 3291 καὶ
492 3238 748 3308 κρίσεως.

444 3415 542 3471 00'.
583 3415 649 3471 Ἦ
685 3418 782 3488 μὲν
845 3419 1180 3494 ἐλεημοσύνη
1208 3422 1342 3494 (10),
1386 3425 1466 3479 τδκ
1490 3425 1720 3497 θυμικὸν
1777 3428 1941 3501 μέρος

371 3508 468 3578 τῆς
501 3507 679 3580 ψυχῆς
707 3510 1026 3581 θεραπεύει·
1075 3517 1106 3585 ἡ
1149 3515 1205 3568 δὲ
1239 3518 1487 3588 νηστεία,
1517 3519 1616 3590 τὴν
1667 3522 1767 3590 μὲν
1818 3525 1940 3576 ἐπι-

374 3599 574 3670 θυμίαν
610 3603 862 3672 μαραίνει
881 3619 894 3633 ³
919 3605 953 3676 ἡ
991 3605 1048 3658 δὲ
1073 3609 1370 3681 προσευχὴ,
1395 3610 1486 3662 τὸν
1511 3610 1635 3664 νοῦν
1666 3613 1940 3682 καθαίρει,

375 3692 469 3743 καὶ
511 3693 647 3762 πρὸς
693 3693 791 3764 τὴν
841 3693 948 3747 τῶν
1002 3695 1170 3751 ὄντων
1227 3699 1462 3770 θεωρίαν
1505 3704 1942 3770 παρασκευάζει.

377 3779 518 3851 Πρὸς
557 3783 665 3852 γὰρ
694 3783 791 3846 τὰς
820 3783 1081 3854 δυνάμεις
1115 3786 1217 3857 τῆς
1245 3786 1446 3859 ψυχῆς,
1477 3791 1570 3842 καὶ
1597 3789 1696 3854 τὰς
1723 3792 1945 3856 ἐντολὰς

374 3874 403 3924 ό
435 3871 638 3944 Κύριος
660 3876 796 3944 ἡμῖν
817 3877 1131 3946 ἐχαρίσατο.

446 3972 521 4020 π’.
554 3966 781 4022 Μάθετε
808 3971 909 4024 ἀπ’
938 3970 1104 4039 ἐμοῦ,
1137 3972 1322 4042 φησὶν,
1347 3973 1436 4027 ὅτι
1465 3972 1654 4042 πρᾶός
1693 3977 1808 4045 εἰμι
1848 3977 1946 4031 καὶ

376 4060 655 4127 ταπεινὸς
678 4059 752 4128 τῇ
773 4062 1007 4132 καρδίᾳ,
1038 4065 1132 4117 καὶ
1165 4065 1232 4119 τὰ
1263 4066 1411 4136 ἐξῆς.
1455 4067 1517 4120 Ἥ
1549 4068 1647 4137 μὲν
1679 4071 1942 4142 πραότης,

377 4149 652 4219 ἀτάραχον
693 4151 784 4204 τὸν
826 4151 996 4222 θυμὸν
1018 4153 1369 4224 διαφυλάττει
1395 4175 1410 4190 °
1441 4161 1474 4229 ἡ
1507 4159 1564 4212 δὲ
1590 4161 1944 4226 ταπείνωσις,

376 4239 549 4309 τύφου
571 4241 666 4294 καὶ
697 4242 1003 4308 κενοδοξίας
1032 4247 1124 4298 τὸν
1156 4247 1281 4300 νοῦν
1302 4239 1599 4322 ἐλευθεροῖ.

449 4425 559 4474 ita}.
587 4421 773 4485 Διττός
817 4425 963 4476 ἐστιν
989 4425 1016 4478 ὁ
1035 4424 1129 4477 τοῦ
1156 4425 1290 4479 Θεοῦ
1322 4428 1484 4496 φόϐος
1506 4446 1519 4459 ’
1553 4431 1581 4482 ὁ
1611 4431 1710 4500 μὲν
1745 4433 1809 4486 ἐκ
1840 4433 1947 4486 τῶν

2046 3234 2332 3288 oculorum
2371 3233 2607 3306 fugiunt,
2636 3242 2734 3288 aut
2764 3233 2831 3288 de
2855 3233 3216 3304 providentiae
3246 3248 3311 3288 ac
3346 3233 3538 3305 judicii
3567 3234 3620 3290 in

2044 3325 2127 3381 eis
2154 3325 2479 3380 rationibus.

2116 3411 2204 3476 79.
2244 3421 2576 3493 Eleemoyna
2632 3422 2960 3479 irascentem
3001 3422 3169 3477 animi
3198 3431 3408 3492 partem
3435 3437 3622 3489 curat;

2043 3517 2314 3588 jejunium
2371 3517 2729 3588 cupiditatem
2788 3525 3034 3574 macerat
3080 3535 3093 3571 :
3139 3517 3316 3572 oratio
3385 3523 3624 3572 mentem

2048 3617 2266 3679 purgat,
2291 3617 2346 3664 et
2368 3609 2434 3664 ad
2458 3625 2640 3666 rerum
2668 3610 3193 3680 contemplationem
3211 3608 3622 3680 praeparat.Pro

2049 3700 2369 3754 facultatum
2393 3694 2541 3754 enim
2573 3701 2739 3756 animi
2776 3700 3207 3769 ratione,.etiam
3237 3701 3493 3758 mandata
3519 3699 3626 3755 l)o-.

2054 3792 2238 3845 miritis
2275 3792 2521 3846 tradidit.

2123 3977 2208 4032 80.
2250 3977 2444 4031 Discite
2479 3995 2511 4031 a
2536 3993 2635 4041 me,
2675 3975 2875 4045 inquit,
2917 3978 3043 4048 quia
3070 3977 3210 4029 mitis
3226 3991 3345 4029 sum
3376 3982 3425 4027 et
3457 3973 3628 4026 Immi—

2055 4065 2118 4118 lis
2149 4063 2302 4118 corde
2324 4063 2390 4128 ³⁸,
2432 4071 2488 4118 et
2510 4079 2631 4132 qua:
2659 4072 2984 4131 sequuntur.
3027 4060 3175 4114 Mitis
3205 4058 3372 4114 animi
3409 4056 3628 4112 alfectio

2052 4172 2150 4212 seu
2196 4156 2411 4220 lenitas,
2464 4154 2560 4211 ira»,
2607 4153 2920 4208 facultatem
2969 4151 3305 4207 inturbatam
3348 4147 3637 4214 custodit;

2053 4249 2335 4303 humilitas
2382 4262 2514 4301 vero
2550 4262 2580 4300 a
2627 4245 2901 4316 superbiae
2962 4243 3106 4300 fastu
3146 4258 3210 4298 ac
3265 4241 3416 4298 inani
3457 4239 3632 4313 gloria

2056 4350 2294 4395 mentem
2321 4339 2547 4394 liberam
2575 4337 2778 4392 reddit.

2127 4433 2214 4486 81.
2245 4433 2453 4500 Duplex
2477 4438 2563 4485 est
2598 4431 2692 4485 Dei
2718 4430 2882 4483 timor
2915 4447 2929 4484 :
2970 4430 3130 4494 alter,
3155 4442 3321 4498 quem
3355 4428 3625 4483 minarum

378 4510 619 4563 ἀπειλῶν
659 4513 758 4583 τῆς
793 4513 1067 4578 κολάσεως
1099 4517 1230 4586 ἡμῖν
1278 4519 1675 4591 ἐντικτόμενος,
1718 4522 1787 4575 δι’
1819 4524 1877 4577 ὃν
1911 4527 1940 4595 η

2052 4526 2137 4581 vis
2167 4525 2528 4592 incussusque
2565 4522 2818 4593 supplicii
2847 4531 3028 4578 terror
3064 4521 3118 4576 in
3143 4520 3303 4576 nobis
3333 4520 3502 4590 parit;
3528 4535 3626 4591 per

379 4603 678 4672 ἐγκράτεια
708 4606 804 4658 καὶ
829 4609 860 4677 ἡ
886 4609 1150 4681 ὑπομονὴ,
1177 4611 1271 4664 καὶ
1301 4612 1335 4682 ἡ
1372 4613 1452 4674 εἰς
1475 4612 1608 4665 Θεὸν
1647 4615 1823 4679 ἐλπὶς,
1857 4619 1950 4670 καὶ

381 4694 414 4762 ή
443 4695 699 4760 ἀπάθεια,
731 4699 788 4764 ἐξ
813 4693 938 4769 ἧςή
989 4700 1203 4772 ἀγάπη,
1242 4702 1385 4756 κατά
1428 4703 1582 4769 τάξιν
1632 4707 1764 4776 ημῖν
1800 4708 1951 4776 ἐγγί-

378 4800 591 4836 νονταιο
627 4788 653 4838 ὁ
682 4785 758 4852 δὲ,
780 4787 916 4859 αὐτῇ
949 4793 1015 4860 τῇ
1041 4791 1229 4864 ἀγάπῃ
1261 4792 1632 4858 συνέζευκται,
1664 4797 1952 4853 εὐλάϐειαν

378 4875 447 4943 τῇ
477 4873 620 4945 ψυχῇ
661 4877 750 4929 ἀεὶ
783 4878 1046 4948 ἐμποιῶν,
1083 4882 1170 4934 ἵνα
1205 4882 1278 4954 μὴ
1308 4883 1395 4938 διὰ
1442 4884 1541 4956 τὴν
1591 4887 1689 4954 τῆς
1731 4890 1952 4962 ἀγάπης

379 4967 714 5036 παρρησίαν,
741 4971 820 5033 εἰς
850 4974 1254 5046 καταφρόνησιν
1284 4975 1420 5027 Θεοῦ
1448 4977 1598 5049 ἔλθῃ.

452 5056 560 5127 πβ’.
596 5059 700 5112 Τὸν
754 5062 853 5132 μὲν
888 5064 1101 5134 πρῶτον
1132 5065 1294 5133 φόϐον
1335 5065 1439 5131 ἔξω
1474 5067 1656 5137 βάλλει
1688 5069 1721 5140 ἡ
1771 5072 1954 5126 τελεία

379 5150 567 5220 acim;
617 5153 716 5222 τῆς
767 5153 947 5224 ψυχῆς
980 5155 1080 5224 τῆς
1133 5160 1477 5228 κεκτημένης
1515 5161 1707 5232 αὐτὴν,
1757 5167 1955 5236 μηκέτι

379 5241 482 5308 τὴν
525 5242 748 5298 κόλασιν
794 5245 1164 5318 φοϐουμένης·
1220 5249 1314 5302 τὸν
1357 5251 1414 5303 δέ
1456 5251 1731 5325 δεύτερον,
1789 5259 1952 5330 ἑαυτῇ

380 5333 496 5402 ἔχει
544 5335 651 5400 ἀεὶ,
687 5336 763 5400 ὡς
811 5339 1026 5410 εῐρηται
1068 5342 1518 5412 συνεζευγμένον.
1574 5348 1682 5400 Καὶ
1731 5348 1807 5419 τῷ
1854 5351 1954 5419 μὲν

379 5424 582 5498 πρώτῳ
616 5428 785 5499 φόϐῳ,
817 5430 1046 5501 ἁρμόζει
1072 5433 1150 5496 τὸ,
1192 5431 1274 5499 Τῷ
1299 5436 1460 5503 φόϐῳ
1497 5439 1717 5506 Κυρίου
1748 5441 1951 5496 ἐκκλί-

383 5536 468 5573 νει
515 5519 636 5586 πᾶς
671 5520 790 5576 ἀπὸ
829 5523 1035 5579 κακοῦ.
1088 5525 1217 5592 Καὶ,
1270 5527 1451 5596 Ἀρχὴ
1503 5531 1722 5600 σοφίας
1769 5534 1952 5603 φόϐος

449 5701 690 5776 ‘i‘_Rom.
726 5721 838 5767 vni.
867 5707 955 5761 55.
1058 5709 1100 5738 ³⁷
1129 5707 1285 5762 Rom.
1340 5725 1412 5772 ιχ,
1447 5711 1496 5776 1,
1537 5712 1589 5768 5.

382 5777 423 5808 ’⁸
457 5774 478 5830 Ι
506 5773 664 5830 Joan.
705 5791 777 5840 tv,
811 5775 894 5831 18.
973 5778 1014 5808 ³²
1043 5777 1200 5831 Prov.
1231 5795 1318 5845 xv,
1351 5780 1435 5834 9.7.

1697 5717 1739 5747 ’⁸
1771 5718 1941 5773 Exod.
1976 5734 2138 5788 χχχιι,
2165 5720 2224 5774 51

2051 4633 2216 4690 quem
2241 4616 2605 4679 continentia,
2633 4614 2917 4685 patientia,
2944 4630 3069 4686 spes
3111 4613 3167 4668 in
3189 4614 3384 4680 Deum,
3425 4613 3627 4684 imper-

2053 4709 2294 4765 turbatio
2332 4707 2421 4781 (ex
2449 4723 2556 4778 qua
2595 4707 2856 4777 cbaritas)
2907 4695 3146 4780 quadam
3178 4705 3234 4760 in
3277 4705 3441 4762 nobis
3481 4705 3632 4760 serie

2050 4802 2480 4874 progignuntur;
2502 4801 2661 4866 alter,
2687 4799 2789 4870 ipsi
2826 4799 3155 4871 conjunctus
3183 4797 3458 4862 cbaritati,
3484 4811 3627 4852 sem-

2053 4911 2150 4965 per
2173 4894 2417 4949 animum
2454 4893 2658 4964 pietate
2699 4905 3044 4961 componens
3085 4905 3148 4945 ac
3197 4888 3530 4953 reverentia,
3556 4903 3627 4943 ne

2052 5003 2151 5057 per
2173 4987 2458 5041 cbaritatis
2486 4984 2737 5040 ﬁduciam
2765 4984 2819 5037 in
2852 4985 3231 5052 contemptum
3256 4981 3354 5035 Dei
3379 4981 3588 5036 veniat.

2120 5078 2209 5133 82.
2250 5079 2493 5134 Primum
2517 5078 2767 5131 timorem
2820 5075 2968 5131 foras
3001 5073 3171 5129 mittit
3217 5071 3461 5143 perfecta
3494 5071 3629 5127 cba-

2055 5173 2189 5227 ritas
2221 5171 2288 5236 ³¹,
2314 5171 2543 5241 ejusque
2566 5169 2752 5224 animo
2797 5168 2970 5239 ejicit,
2989 5166 3085 5236 qui
3118 5165 3208 5221 illa
3242 5164 3509 5235 praeditus
3531 5161 3625 5227 sit,

2053 5280 2126 5319 ne
2153 5264 2259 5335 jam
2305 5263 2496 5316 timeat
2543 5275 2761 5331 pugnam
2800 5278 2813 5314 :
2849 5260 3084 5314 alterum
3108 5273 3262 5322 vero,
3293 5257 3373 5313 uti
3418 5255 3626 5310 dictum

2056 5365 2162 5420 est,
2207 5369 2425 5425 semper
2461 5353 3044 5423 babet-conjunctum.
3083 5350 3158 5405 Ac
3195 5348 3369 5420 priori
3403 5346 3625 5419 quidem

2060 5447 2241 5504 timori
2263 5446 2518 5517 quadrat,
2541 5444 2686 5514 quod
2717 5443 2793 5499 ita
2805 5443 3009 5500 dicitur
3036 5459 3048 5495 :
3075 5441 3279 5500 Timore
3295 5440 3508 5496 Domini
3535 5439 3623 5492 de-

2057 5537 2220 5592 clinat
2255 5538 2421 5591 omnis
2447 5554 2479 5591 a
2503 5533 2646 5589 malo
2676 5535 2743 5588 ³³.
2774 5533 2842 5589 Et
2874 5550 2888 5587 :
2929 5532 3150 5588 Initium
3175 5530 3448 5599 sapientia:
3474 5531 3631 5584 timor

2369 5719 2413 5752 "
2447 5719 2585 5774 Psal.
2633 5737 2811 5786 ωτι-ιιι,
2860 5718 2978 5772 155.
3112 5721 3155 5753 ³ο
3199 5715 3386 5773 Matth.
3431 5733 3504 5781 ιιι,
3545 5715 3630 5770 29.
