4140 6322
287 376 388 444 931

1179 385 1516 447 CAPITUM
1557 385 1655 448 DE
1692 384 2130 481 ῼΗΑΒΙΤΑΤΕ
2169 387 2559 449 CENTURIA
2599 389 2626 448 Ι

3448 385 3565 452 2982

359 498 475 563 πη’.
515 491 684 546 Ὅταν
708 491 796 547 ἀεὶ
825 493 883 548 ὲν
915 493 994 566 τῷ
1023 495 1203 568 καιρῷ
1231 498 1331 568 τῆς
1365 499 1675 570 προσευχῆς
1704 497 1869 570 μηδὲν

2047 497 2136 554 88.
2171 497 2310 554 Cum
2363 500 2508 555 inter
2533 497 2827 564 orandum,
2872 499 3022 552 nulla
3074 512 3314 568 unquam
3376 513 3562 553 rerum

287 585 399 638 τῶν
429 583 524 638 τοῦ
567 585 775 656 κόσμου
823 589 1112 659 νοημάτων
1153 589 1474 663 διενοχλήσῃ
1503 591 1581 663 τῷ
1619 589 1714 662 νῷ,
1745 591 1870 644 τότε

293 676 526 743 γίνωσκε
560 677 757 732 σαυτὸν
787 678 864 751 μὴ
909 677 1016 745 ἔξω
1065 675 1208 736 εῖναι
1251 681 1360 737 τῶν
1392 683 1535 754 ὅρων
1582 682 1686 753 τῆς
1730 683 1872 737 ἀπα-

293 771 467 835 θείας.

365 859 473 914 πθ¹.
511 860 680 914 Ὅταν
713 863 746 935 ὴ
776 861 922 935 ψυχὴ
953 862 1190 937 ἄρχηται
1217 865 1315 938 τῆς
1348 865 1484 930 ίδίας
1506 865 1693 934 ὑγείας
1717 867 1875 920 ἐπαι-

297 952 610 1020 σθάνεσθαι,
641 956 764 1009 τότε
800 957 894 1010 καὶ
926 957 1025 1022 τὰς
1075 959 1132 1012 ἐν
1164 959 1279 1021 τοῖς
1322 956 1512 1022 ὕπνοις
1546 958 1873 1029 φαντασίας,

294 1044 457 1115 ψιλὰς
490 1047 586 1099 κα)⁵
611 1047 922 1119 ἀταράχους
953 1049 1178 1122 ἄρχεται
1210 1050 1452 1121 βλέπειν.

367 1135 441 1204 ξ’.
475 1137 687 1209 Ὠσπερ
716 1139 808 1193 τὸν
836 1140 1095 1212 αίσθητδν
1120 1142 1400 1213 ὀφθαλμὸν
1423 1145 1456 1216 ὴ
1505 1142 1740 1216 καλλονῇ
1765 1142 1877 1199 τῶν

295 1228 509 1300 ὁρατῶν
529 1247 543 1267 η
573 1229 716 1284 οὕτω
747 1231 964 1286 καὶτὸν
989 1233 1228 1306 καθαρὸν
1263 1234 1410 1302 νοῦν,
1454 1237 1489 1307 ἡ
1526 1235 1726 1304 γνῶσις
1767 1237 1879 1292 τῶν

297 1324 547 1392 ἀοράτων
576 1323 712 1394 πρὸς
744 1325 946 1398 ἑαυτὴν
978 1327 1303 1383 ἐπισπᾶται.
1342 1328 1582 1402 Ἀόρατα
1607 1329 1666 1384 δὲ
1706 1329 1876 1400 λέγω,

296 1413 365 1467 τά
391 1412 680 1488 ἀσώματα.

369 1597 478 1662 ιιαν.
519 1595 680 1664 Μέγα
714 1596 812 1666 μὲν
837 1597 900 1651 τὸ
926 1597 1064 1670 πρός
1095 1600 1164 1656 τὰ
1198 1601 1501 1672 πράγματα
1525 1603 1600 1676 μὴ
1624 1603 1878 1676 πάσχεινο

301 1689 486 1758 μεῖζον
532 1689 589 1742 δὲ
645 1689 852 1761 πολλῷ,
897 1692 958 1746 τὸ
1013 1693 1150 1764 πρὸς
1210 1694 1311 1757 τὰς
1353 1696 1656 1765 φαντασίας
1701 1698 1881 1753 αὐτῶν

297 1778 482 1852 ἁπαθῆ
520 1781 812 1852 διαμεῖναι.
858 1784 1002 1837 Διότι
1049 1787 1078 1839 ὁ
1122 1785 1211 1840 διά
1259 1787 1367 1839 τῶν
1417 1787 1694 1860 λογισμῶν
1744 1793 1882 1860 πρὸς

297 1872 449 1942 ἡμᾶς
477 1872 586 1925 τῶν
619 1873 891 1944 δαιμόνων
927 1875 1162 1948 πόλεμος
1185 1917 1200 1942 ,
1231 1877 1326 1932 τοῦ
1359 1878 1446 1933 διὰ
1478 1879 1588 1934 τῶν
1621 1881 1882 1952 πραγμά-

295 1981 404 2018 των
435 1965 675 2036 πολέμου
705 1967 823 2020 ἐστὶ
849 1967 1254 2041 χαλεπώτερος.

368 2056 474 2125 ιβ’.
533 2057 594 2112 '0
635 2058 736 2123 τὰς
784 2060 990 2132 ἀρετὰς
1041 2062 1419 2134 κατορθώσας,
1451 2065 1549 2119 καὶ
1591 2068 1656 2139 τῇ
1682 2066 1884 2136 γνώσει

296 2149 627 2222 πλουτήσας,
650 2152 726 2216 ὡς
754 2154 1002 2222 φυσικῶς
1025 2155 1213 2210 λοιπὸν
1236 2159 1308 2211 τὰ
1334 2159 1641 2230 πράγματα
1665 2160 1882 2232 διορῶν,

296 2241 476 2298 πάντα
509 2244 652 2299 κατὰ
681 2245 772 2301 τὸν
801 2245 966 2318 ὀρθὸν
997 2248 1157 2316 λόγον
1194 2249 1290 2302 καὶ
1317 2251 1551 2321 πράττει
1581 2252 1676 2306 καὶ
1709 2253 1887 2307 διαλέ-

295 2352 475 2404 γεται,
507 2336 568 2388 τὸ
602 2335 821 2392 σύνολον
857 2338 931 2410 μὴ
964 2341 1473 2412 παρατρεπόμενος.
1518 2344 1614 2397 Ἐκ
1650 2343 1762 2416 γὰρ
1789 2343 1884 2400 τοῦ

297 2431 537 2498 εὐλόγως
571 2432 604 2502 ἢ
650 2433 982 2505 παραλόγως
1012 2436 1128 2499 τοῖς
1157 2436 1451 2508 πράγμασι
1487 2437 1818 2509 χρήσασθαι,
1848 2439 1882 2511 ἢ

297 2525 607 2597 ἐνάρετοιῆ
651 2526 848 2594 φαῦλοι
889 2527 1178 2598 γινόμεθα.

371 2622 478 2686 ιιγο.
507 2617 742 2688 Σημεῖον
761 2617 938 2690 ἄκρας
963 2619 1258 2690 ἀπαθείας,
1287 2621 1349 2675 τὸ
1378 2621 1510 2691 ψιλὰ
1533 2622 1601 2675 τὰ
1634 2622 1886 2693 νοήματα

298 2708 407 2761 τῶν
435 2708 778 2780 πραγμάτων
807 2709 896 2764 ἀεὶ
924 2711 1242 2766 ἀναϐαίνειν
1271 2713 1364 2766 ἐπὶ
1383 2713 1484 2783 τὴν
1512 2713 1765 2783 καρδίαν,
1791 2714 1889 2771 καὶ

301 2799 666 2871 ὲγρηγορότος
695 2799 790 2854 τοῦ
819 2799 1096 2872 σώματος,
1126 2803 1223 2856 καὶ
1251 2803 1396 2858 κατὰ
1429 2806 1556 2868 τοὺς
1591 2804 1813 2870 ὕπνους.

372 2977 473 3046 ιβ.
517 2978 615 3032 Διά
661 2979 760 3049 μὲν
799 2978 900 3049 τῆς
925 2979 1189 3051 ἐργασίας
1217 2979 1327 3035 τῶν
1355 2980 1604 3047 ἐντολῶν,
1630 2981 1701 3034 τά
1735 2982 1885 3054 πάθη

295 3069 330 3122 ’ὁ
358 3068 483 3133 νοῦς
514 3069 827 3124 ἀποδύεταιο
858 3070 948 3124 διὰ
974 3072 1030 3125 δὲ
1059 3075 1159 3143 τῆς
1200 3073 1309 3126 τῶν
1345 3072 1559 3145 ὁρατῶν
1584 3090 1881 3144 πνευματι-

1974 591 2159 646 saeculi
2181 593 2420 661 cogitata
2462 592 2694 647 molesta
2724 591 3058 662 ingruerint,
3097 599 3229 645 tunc
3253 601 3410 645 extra
3458 591 3564 646 im-

1973 680 2431 748 perturbationis,
2467 679 2748 750 animique
2791 678 3214 749 tranquillitatis
3247 678 3453 733 sedatis
3475 680 3558 732 af-

1973 769 2212 826 fectibus
2237 772 2394 837 ﬁnes,
2427 770 2575 826 haud
2600 779 2651 826 te
2677 771 3039 826 constitutum
3063 785 3182 825 esse
3207 770 3449 824 noveris.

2047 863 2134 920 89.
2176 864 2282 921 Ubi
2317 863 2536 920 animus
2567 879 2681 920 suae
2727 863 2982 919 sanitatis
3012 877 3235 918 sensum
3267 863 3557 932 percipere

1976 957 2230 1028 coeperit,
2275 966 2408 1014 tunc
2457 972 2514 1015 et
2543 975 2665 1030 qua:
2716 960 2774 1015 in
2815 960 3026 1015 somnis
3060 959 3179 1016 visa
3210 960 3370 1026 ﬁunt,
3417 959 3564 1014 nuda

1979 1050 2230 1121 citraque
2256 1052 2734 1121 perturbationem
2763 1053 2955 1108 videre
2987 1053 3204 1124 incipit.

2049 1141 2138 1198 90.
2178 1143 2658 1209 Quemadmodum
2708 1161 2895 1200 rerum
2922 1146 3224 1202 visibilium
3258 1147 3569 1217 pulchritu-

1979 1232 2073 1298 do,
2103 1235 2326 1290 oculum
2358 1235 2618 1291 sensibus
2645 1236 2966 1307 obiectum;
2998 1236 3370 1308 sic-etpuram
3405 1255 3567 1293 men—

1981 1335 2092 1383 tem
2139 1326 2207 1382 ad
2251 1343 2312 1383 se
2364 1328 2540 1384 allicit
2608 1322 2854 1400 cognitio
2919 1345 3111 1384 rerum
3173 1330 3564 1386 invisibilium.

1977 1415 2142 1492 407
2167 1417 2474 1475 lnvisibilia
2524 1427 2712 1476 autem
2751 1434 2914 1487 voco,
2959 1419 3204 1492 Spiritus
3237 1422 3453 1477 scilicet
3505 1437 3568 1476 ac

1979 1510 2077 1580 qui
2108 1510 2423 1582 incorporei
2449 1519 2604 1570 sunt.

2051 1601 2143 1657 9|.
2161 1602 2416 1675 Magnum
2441 1603 2665 1674 quidem
2684 1619 2870 1660 rerum
2885 1603 3114 1662 libidine
3133 1604 3356 1659 minime
3385 1603 3526 1659 aﬁici
3553 1622 3566 1658 :

1982 1702 2039 1749 at
2071 1694 2235 1766 longe
2257 1696 2458 1767 majus,
2481 1696 2564 1751 sic
2589 1712 2977 1768 perseverare,
3013 1703 3078 1751 ut
3102 1712 3173 1752 ne
3211 1712 3405 1752 earum
3442 1699 3566 1768 qui-

1982 1785 2109 1842 dem
2148 1788 2580 1859 cogitationibus
2608 1789 2882 1846 aﬁiciaris.
2915 1788 3130 1860 Quippe
3157 1789 3378 1860 gravius
3421 1788 3568 1860 quod

1984 1894 2085 1949 per
2129 1895 2224 1936 eas
2267 1875 2570 1948 daemones,
2607 1897 2772 1952 quam
2793 1882 2940 1954 quod
2963 1898 3063 1953 per
3090 1898 3179 1938 res
3198 1882 3374 1954 ipsas,
3397 1882 3450 1936 in
3469 1898 3570 1938 nos

1985 1970 2192 2025 bellum
2209 1971 2518 2027 instruunt.

2053 2062 2145 2117 92.
2175 2063 2279 2130 Qui
2308 2065 2420 2135 jam
2439 2064 2678 2120 virtutes
2723 2063 2980 2135 adeptus,
3002 2079 3074 2119 ac
3097 2065 3324 2120 scientia
3365 2064 3573 2135 potitus

1985 2161 2093 2218 est,
2118 2161 2181 2208 ut
2218 2155 2311 2223 qui
2354 2154 2620 2225 deinceps
2656 2169 2746 2210 res
2776 2155 3038 2226 dispiciat
3075 2156 3157 2210 uti
3202 2164 3400 2210 natura
3424 2169 3574 2211 com-

1987 2251 2244 2314 paratum
2268 2253 2376 2309 est,
2424 2253 2626 2301 cuncta
2661 2254 2814 2300 recta
2856 2246 3074 2300 ratione
3131 2254 3248 2301 tum
3285 2247 3416 2316 agit,
3455 2256 3572 2300 tum

1987 2335 2258 2404 loquitur,
2291 2336 2449 2390 nullo
2475 2351 2706 2406 prorsus
2743 2336 2797 2390 in
2830 2337 3017 2408 aliquo
3046 2351 3243 2392 errore
3280 2337 3570 2392 abductus.

1987 2425 2068 2480 Ex
2103 2441 2172 2482 eo
2207 2426 2358 2480 enim
2390 2428 2539 2496 quod
2574 2436 2728 2482 recte
2778 2442 2847 2482 ex
2899 2428 3112 2482 ratione
3162 2442 3226 2482 ac
3263 2428 3576 2483 inconsulte

1989 2517 2158 2572 rebus
2187 2526 2435 2583 utamur,
2463 2525 2560 2573 aut
2589 2518 2824 2572 studiosi
2857 2518 3099 2574 autmali
3137 2517 3429 2574 eiiicimur.

2059 2609 2146 2664 93.
2169 2607 2408 2664 Summae
2435 2608 2954 2679 imperturbationis
2981 2610 3266 2680 animique
3287 2609 3577 2665 aﬁ‘ectibus

1987 2702 2151 2756 vacui
2180 2701 2447 2756 indicium
2474 2711 2580 2765 est,
2599 2701 2748 2772 quod
2767 2701 2929 2758 nudae
2958 2718 3178 2773 semper
3207 2718 3269 2757 ac
3294 2703 3576 2774 simplices

1990 2804 2179 2844 rerum
2232 2791 2490 2845 notiones
2537 2805 2812 2861 sensaque
2848 2791 2906 2845 in
2955 2806 3054 2847 cor
3103 2792 3425 2858 ascendant,
3461 2795 3580 2850 sive

1989 2880 2119 2936 dum
2151 2896 2354 2951 corpus
2381 2881 2590 2952 vigilat,
2617 2882 2734 2938 sive
2760 2883 2892 2938 dum
2919 2899 3086 2954 scpor
3117 2893 3288 2940 tenet.

2061 2972 2149 3028 94.
2183 2973 2504 3029 Praestando
2529 2974 2805 3035 mandata,
2833 2975 3052 3031 animus
3072 2976 3336 3031 libidines
3360 2991 3426 3032 ac
3445 2976 3578 3030 vitia

1989 3068 2184 3140 exuit:
2227 3085 2412 3124 rerum
2465 3085 2599 3126 vero
2631 3071 2688 3124 in
2711 3081 2994 3141 aspectum
3029 3071 3346 3127 cadentium
3383 3087 3583 3142 specu-

303 3160 408 3232 κῆς
435 3161 691 3234 θεωρίας,
727 3162 797 3216 τὰ
840 3162 1067 3234 ἐμπαθῆ
1099 3165 1210 3217 τῶν
1247 3163 1591 3235 πραγμάτων
1613 3166 1881 3236 νοήματα.

1989 3161 2221 3227 latione,
2244 3161 2572 3218 libidinosas
2611 3171 2779 3232 atque
2805 3163 2942 3218 vitio
2970 3165 3246 3220 haerentes
3269 3181 3455 3222 rerum
3480 3180 3569 3218 co-

301 3252 402 3308 Διά
450 3253 509 3306 δὲ
566 3255 666 3324 τῆς
710 3253 819 3308 τῶν
861 3255 1110 3326 ἀοράτων
1140 3256 1390 3326 γνώσεως
1435 3255 1574 3328 (13),
1635 3257 1732 3330 τὴν
1777 3257 1888 3312 τῶν

300 3340 514 3412 ὁρατῶν
549 3341 801 3413 θεωρίανο
848 3343 1052 3415 ταύτην
1085 3344 1162 3410 δὲ,
1221 3344 1308 3399 διὰ
1353 3348 1452 3417 τῆς
1505 3345 1760 3416 γνώσεως
1789 3346 1887 3419 τῆς

302 3432 467 3502 ἁγίας
499 3434 751 3506 Τριάδος.
1347 3435 1352 3440 ’

377 3531 478 3595 ιε’.
512 3527 723 3595 Ὥσπερ
758 3529 787 3582 ὁ
835 3528 986 3599 ἥλιος
1035 3528 1346 3582 ἀνατέλλων
1399 3529 1491 3583 καὶ
1537 3530 1630 3583 τὸν
1685 3529 1889 3600 κόσμον

304 3617 577 3686 φωτίζων,
609 3617 850 3672 δείκνυσί
881 3637 938 3674 τε
975 3619 1166 3674 ἑαυτὸν
1193 3621 1287 3674 καὶ
1313 3622 1384 3676 τὰ
1415 3621 1688 3676 ὑπἀὐτοῦ
1722 3641 1890 3692 φωτι-

303 3711 506 3783 ζόμενα
537 3710 1020 3782 πράγματαοοῦτω
1044 3711 1181 3766 καὶὸ
1198 3713 1296 3782 τῆς
1325 3713 1674 3784 δικαιοσύνης
1701 3715 1890 3777 Ἤλιος

301 3803 381 3874 τῷ
411 3803 638 3876 καθαρῷ
678 3801 754 3872 νῷ
795 3802 1123 3866 ἀνατέλλων,
1149 3803 1245 3857 καὶ
1283 3802 1472 3857 ἑαυτὸν
1504 3803 1764 3869 δείκνυσι,
1795 3806 1890 3858 καὶ

304 3895 522 3949 πάντων
552 3894 660 3949 τῶν
695 3895 785 3948 ὐπ’
831 3893 996 3948 αὐτοῦ
1027 3894 1329 3964 γεγονότων
1373 3893 1468 3948 καὶ
1509 3894 1890 3966 γενησομένων

303 3989 431 4052 τοὺς
451 3988 663 4058 λόγους.

373 4085 491 4150 ιιςθ.
524 4083 640 4135 Οὐκ
678 4082 744 4136 ἐκ
773 4081 875 4153 τῆς
898 4080 1088 4145 οὐσίας
1125 4079 1292 4135 αὐτοῦ
1330 4079 1423 4134 τὸν
1466 4077 1599 4134 Θεὸν
1626 4078 1891 4150 γινώσκο-

289 4192 430 4246 μεν,
463 4173 581 4228 ἀλλ’
609 4176 676 4228 ὲκ
713 4173 810 4244 τῆς
845 4173 1251 4244 μεγαλουργίας
1279 4171 1446 4226 αὐτοῦ
1500 4172 1598 4226 καὶ
1630 4171 1892 4244 προνοίας

304 4266 414 4321 τῶν
442 4265 631 4321 ὄντων.
689 4265 789 4320 Διά
832 4265 1039 4318 τούτων
1085 4265 1194 4336 γὰρ
1230 4265 1306 4329 ὼς
1336 4265 1406 4318 δι’
1433 4264 1738 4335 ἐσόπτρων,
1782 4264 1887 4336 τὴν

303 4357 533 4426 ἄπειρον
579 4354 891 4426 ἀγαθότητα
939 4356 1035 4409 καὶ
1079 4355 1274 4426 σοφίαν
1308 4356 1402 4409 καὶ
1454 4353 1684 4426 δύναμιν
1720 4372 1889 4409 κατα-

306 4463 557 4519 νοουμεν.

1991 3255 2313 3327 gitationes;
2341 3269 2528 3308 rerum
2561 3263 2746 3309 autem
2782 3255 3146 3310 invisibilium
3175 3256 3425 3321 scientia,
3451 3255 3568 3312 visi-

1990 3347 2187 3402 bilium
2215 3346 2652 3417 speculationem
2681 3364 2694 3400 :
2727 3346 2871 3402 hanc
2891 3347 3132 3418 denique
3180 3357 3383 3404 sanctae
3399 3347 3582 3403 Trini-

1989 3440 2123 3495 tatis
2149 3439 2382 3495 scientia
2417 3439 2630 3510 abjicit.

2057 3533 2151 3589 95.
2190 3531 2670 3599 Quemadmodum
2701 3533 2782 3588 sol
2813 3533 3002 3590 oriens
3028 3549 3094 3589 ac
3143 3533 3412 3588 mundum
3452 3534 3581 3588 illu-

1991 3625 2234 3688 minans,
2291 3634 2408 3679 tum
2455 3625 2573 3693 ipse
2634 3639 2714 3690 se,
2771 3634 2885 3678 tum
2915 3640 3039 3693 quae
3075 3625 3224 3679 illius
3276 3624 3583 3695 fulgoribus

1991 3715 2414 3777 collustrantur,
2457 3710 2646 3782 prodit
2681 3728 2696 3764 :
2739 3711 2819 3765 sic
2871 3720 2928 3765 et
2959 3711 3190 3781 justitite
3235 3709 3328 3766 Sol
3364 3710 3588 3766 mundat

1996 3805 2169 3860 menti
2211 3789 2495 3867 exeriens,
2535 3811 2649 3856 tum
2686 3802 2965 3872 seipsum,
3015 3812 3130 3856 tum
3177 3802 3297 3871 ipso
3353 3811 3582 3856 auctore

1994 3895 2346 3952 conditorum
2380 3891 2628 3948 omnium
2654 3906 2718 3946 ac
2745 3890 3159 3949 condendorum
3204 3891 3448 3946 rationes
3488 3907 3580 3946 os-

1995 3986 2198 4042 tendit.

2067 4075 2158 4134 96.
2197 4074 2318 4131 Non
2356 4089 2425 4129 ex
2469 4073 2783 4129 substantia
2817 4089 2916 4129 sua
2951 4072 3122 4128 Deum
3173 4072 3584 4145 cognoscimus,

1995 4167 2093 4223 sed
2128 4182 2194 4222 ex
2240 4166 2541 4222 creationis
2584 4166 2992 4237 magniﬁcentia
3045 4181 3345 4236 rerumque
3399 4167 3584 4236 provi-

1997 4260 2209 4316 dentia.
2236 4260 2344 4315 Per
2377 4259 2495 4314 haec
2522 4259 2672 4314 enim
2727 4267 2791 4314 ut
2835 4275 2934 4330 per
2988 4258 3253 4328 specula,
3311 4257 3581 4318 inﬁnitam

2003 4352 2371 4424 intelligimus
2414 4351 2721 4408 bonitatem
2775 4359 2832 4408 et
2884 4350 3214 4422 sapientiam
3269 4359 3326 4406 et
3382 4361 3582 4422 poten-

1999 4445 2156 4500 tiam.

378 4539 483 4608 ιιζι.
525 4541 587 4593 '0
614 4539 858 4612 καθαρὸς
885 4539 1034 4604 νοῦς,
1077 4539 1111 4612 ἢ
1162 4541 1222 4594 ὲν
1265 4542 1380 4603 τοῖς
1423 4540 1602 4610 ψιλοῖς
1655 4540 1884 4612 νοήμασι

2068 4539 2158 4594 97.
2199 4536 2402 4592 Munda
2441 4549 2622 4602 mens,
2675 4543 2771 4591 aut
2798 4535 2854 4590 in
2906 4534 3072 4590 nudis
3094 4533 3466 4590 humanarum
3493 4550 3582 4590 re-

305 4632 414 4686 τῶν
445 4632 802 4706 ἀνθρωπίνων
833 4634 1175 4710 πραγμάτων
1233 4633 1570 4706 εὐρίσκεται,
1621 4632 1655 4704 ἢ
1711 4636 1771 4688 ὲν
1817 4636 1882 4706 τῇ

304 4717 414 4780 τῶν
438 4723 652 4796 ὁρατῶν
686 4727 894 4798 φυσικῇ
930 4725 1156 4796 θεωρίᾳ,
1199 4725 1233 4796 ἢ
1267 4727 1326 4780 ὲν
1369 4727 1437 4797 τῇ
1469 4725 1579 4780 τῶν
1615 4725 1887 4798 ἀοράτων·

305 4816 340 4880 ἢ
369 4819 430 4871 ἐν
452 4815 530 4889 τῷ
556 4816 697 4887 φωτὶ
741 4818 842 4889 τῆς
881 4818 1045 4887 ἁγίας
1073 4817 1324 4889 Τριάδος.

377 4997 488 5066 ιιηῆ
505 4994 594 5046 Ἐν
617 4995 684 5067 τῇ
708 4991 816 5048 τῶν
845 4991 1058 5066 ὁρατῶν
1088 4990 1294 5064 θεωρίᾳ
1318 4991 1660 5063 γενόμενοςιὸ
1691 4990 1836 5058 νοῦς,
1856 4992 1892 5065 ἢ

303 5086 434 5151 τοὺς
453 5087 720 5155 φυσικοὺς
764 5084 945 5140 αὐτῶν
992 5085 1184 5153 λόγους
1217 5085 1495 5156 ὲρευνᾷ,ἢ
1529 5084 1656 5148 τοὺς
1693 5083 1762 5137 δι’
1797 5083 1896 5136 αὐ-

303 5177 417 5232 τῶν
443 5178 899 5250 σημαινομένους,
929 5178 963 5250 ἢ
999 5178 1172 5249 αὐτὴν
1198 5179 1296 5250 τὴν
1333 5177 1517 5232 αίτίαν
1543 5177 1715 5248 ζητεῖ.

379 5367 486 5436 ιιθν.
538 5368 629 5424 Ἐν
673 5368 732 5422 δὲ
771 5370 838 5440 τῇ
870 5366 980 5442 τῶν
1030 5367 1280 5440 ἀοράτων
1315 5366 1634 5439 διατρίϐων,
1673 5366 1798 5430 τούς
1829 5383 1890 5420 τε

308 5463 577 5532 φυσικοὺς
625 5461 809 5514 αὐτῶν
853 5461 1046 5530 λόγους
1089 5461 1264 5530 ζητεῖ,
1317 5461 1411 5514 καὶ
1441 5460 1540 5532 τὴν
1585 5461 1766 5514 αίτίαν
1792 5459 1892 5531 τῆς

306 5555 577 5625 γενέσεως
620 5553 824 5621 αὐτῶν,
876 5553 970 5607 καὶ
1011 5553 1080 5607 τὰ
1111 5553 1324 5617 τούτοις
1353 5552 1641 5608 ἀκόλουθα.
1673 5555 1785 5607 Καὶ
1811 5553 1894 5618 τίς

311 5647 343 5714 ἡ
385 5645 516 5716 περὶ
557 5645 756 5708 αὐτοὺς
789 5645 1016 5715 πρόνοια
1054 5643 1150 5697 καὶ
1193 5643 1395 5714 κρίσις.

381 5823 452 5890 ρ’.
495 5817 584 5873 Ἐν
631 5818 687 5873 δὲ
719 5817 838 5890 Θεῷ
862 5819 1153 5891 γενῦμενος
1179 5860 1192 5886 ,
1240 5821 1366 5884 τοὺς
1401 5821 1529 5893 περὶ
1569 5821 1668 5894 τῆς
1707 5822 1895 5890 οὐσίας

1999 4647 2124 4686 rum
2159 4628 2597 4702 cogitationibus
2643 4644 2707 4684 ac
2763 4627 3148 4699 conceptibus,
3178 4637 3281 4683 aut
3316 4629 3374 4683 in
3416 4637 3582 4683 natu-

2000 4723 2103 4778 rali
2131 4737 2320 4778 rerum
2350 4720 2658 4777 visibilium
2689 4728 2787 4775 aut
2826 4719 3189 4777 invisibilium
3235 4718 3583 4789 contempla-

1999 4815 2188 4882 tione;
2225 4821 2326 4869 aut
2349 4813 2592 4884 denique
2617 4812 2673 4867 in
2705 4819 2912 4868 sancta:
2964 4810 3254 4866 Trinitatis
3289 4809 3414 4864 luce
3456 4823 3585 4861 ver-

1999 4917 2177 4963 satur.

2072 5001 2162 5057 98.
2190 5001 2253 5056 ln
2281 5014 2474 5056 rerum
2529 4995 2709 5056 oculis
2769 4997 3147 5067 subiectarum
3203 4982 3582 5066 speculatione

1998 5107 2232 5148 versans
2286 5091 2548 5156 animus,
2607 5099 2704 5145 aut
2747 5087 3027 5144 naturales
3085 5099 3278 5141 earum
3337 5083 3584 5136 rationes

1997 5190 2300 5248 scrutatur,
2331 5191 2427 5238 aut
2447 5197 2571 5254 quae
2605 5197 2705 5254 per
2731 5196 2826 5237 eas
2850 5177 3252 5250 signiﬁcantur,
3280 5185 3376 5232 aut
3401 5175 3582 5245 ipsum

1996 5292 2186 5332 earum
2215 5282 2502 5330 auctorem
2546 5274 2805 5328 rimatur.

2072 5368 2160 5425 99.
2201 5367 2406 5423 Earum
2456 5381 2591 5422 vero
2634 5381 2757 5436 qua:
2808 5364 3095 5420 oculorum
3153 5361 3328 5416 aciem
3369 5357 3586 5429 fugiunt

2001 5459 2468 5529 contemplatione
2505 5455 2739 5521 deﬁxus,
2773 5453 3316 5523 naturalesipsarum
3344 5449 3587 5520 exquirit

1997 5555 2262 5615 rationes,
2322 5565 2539 5604 necnon
2602 5546 3008 5618 procreationis
3057 5556 3302 5608 causam,
3364 5549 3422 5595 et
3460 5556 3584 5610 qua:

1996 5646 2162 5720 ωε
2189 5644 2278 5698 his
2305 5649 2668 5697 consectanea
2697 5647 2849 5695 sunt.
2879 5637 3141 5705 Quaenam
3181 5632 3423 5702 denique
3450 5647 3580 5702 erga

1998 5739 2226 5810 spiritus
2246 5733 2592 5804 providentia
2623 5748 2685 5788 ac
2715 5731 2985 5802 judicium
3011 5729 3104 5784 sit.

2072 5824 2194 5878 100.
2226 5825 2293 5878 At
2329 5823 2419 5877 ubi
2443 5821 2509 5875 ad
2552 5822 2722 5876 Deum
2762 5819 3021 5885 evaserit,
3069 5816 3308 5889 primum
3354 5811 3578 5884 quidem
