4140 6322
410 356 518 419 985

1283 346 1615 407 CAPITUM
1650 344 1749 405 DE
1787 340 2217 403 ClIARlTA'l‘E
2253 338 2641 402 CENTURIA
2687 335 2769 396 II.

3538 331 3646 395 986

404 468 600 524 τούτου
643 460 951 535 συμϐαίνει,
984 459 1048 514 τὸ
1086 457 1512 531 ἀπερισπάστως
1559 453 1978 529 προσεύχεσθαι.

2093 452 2407 523 expediant;
2452 433 2600 507 unde
2647 448 2729 513 illi
2775 442 3067 513 contingit,
3105 448 3170 496 ut
3208 437 3350 496 nihil
3388 450 3522 509 vaga
3558 448 3651 493 aut

481 650 544 699 ε’.
579 641 695 697 Οὐκ
741 639 903 710 ἀρκεῖ
946 634 1225 707 πρακτικὴ
1276 632 1497 705 μέθοδος
1531 631 1609 702 (η)
1641 631 1778 702 πρὸς
1812 628 1872 683 τὸ
1899 645 1984 682 τε·

411 736 572 802 λείως
604 733 697 789 τὸν
748 731 873 787 νοῦν
923 728 1112 785 παθῶν
1165 726 1598 798 ἐλευθερωθῆναι
1644 723 1780 793 (15),
1839 720 1981 775 ὥστε

378 898 387 901 ﬁ
412 829 708 901 δυνηθῆναι
737 825 900 880 αὐτὸν
918 822 1344 897 ἀπερισπάστως
1374 815 1793 888 προσεύχεσθαι,
1823 815 1872 867 εί
1908 812 1984 883 μὴ

414 923 509 976 καὶ
541 920 787 991 διάφοροι
813 916 976 972 αὐτὸν
996 913 1326 978 διαδέξονται
1346 907 1707 980 πνευματικαὶ
1736 905 1981 975 θεωρίαι.

426 1012 493 1064 Ἥ
530 1009 627 1080 μὲν
675 1010 808 1079 γὰρ,
848 1006 1121 1078 ἀκρασίας
1170 1004 1264 1058 καὶ
1320 1003 1511 1073 μίσους
1554 1000 1712 1070 μόνον
1738 997 1832 1051 τὸν
1860 995 1986 1050 νοῦν

415 1101 708 1170 ἐλευθεροῖ·
740 1102 797 1153 αί
824 1097 904 1162 δὲ,
935 1098 1030 1152 καὶ
1051 1096 1221 1168 λήθης
1250 1094 1345 1149 καὶ
1374 1091 1597 1161 ἀγνοίας
1618 1088 1780 1144 αὐτὸν
1808 1087 1984 1142 ἀπαλα

416 1194 687 1249 λάττουσι·
721 1190 815 1245 καὶ
841 1188 983 1244 οῦτω
1025 1188 1310 1259 δυνήσεται
1347 1185 1422 1249 ὡς
1454 1183 1534 1237 δεῖ
1562 1179 1987 1253 προσεύξασθαι.

484 1377 561 1436 ς’.
596 1369 711 1440 Τῆς
757 1367 1004 1441 καθαρᾶς
1038 1362 1346 1437 προσευχῆς
1375 1362 1469 1417 δύο
1512 1361 1651 1415 εἰσὶν
1693 1358 1990 1430 ἀκρόταται

419 1458 796 1523 καταστάσεις·
829 1461 864 1529 ἠ
909 1458 1026 1529 μὲν,
1088 1457 1200 1519 τοῖς
1255 1454 1580 1527 πρακτικοῖς
1606 1470 1621 1484 ·
1672 1452 1706 1523 ὴ
1759 1450 1840 1515 δὲ,
1876 1452 1989 1513 τοῖς

418 1553 768 1624 θεωρητικαῖς
813 1547 1298 1619 ἐπιωμόαίνουσα.
1343 1546 1455 1600 Kal.
1486 1546 1520 1617 ἠ
1564 1545 1684 1614 μὲν,
1719 1543 1785 1595 ἐκ
1816 1542 1985 1611 φόϐου

419 1642 555 1697 Θεοῦ
585 1643 678 1696 καὶ
718 1640 932 1704 ἐλπίδος
972 1638 1187 1708 ἀγαθῆς
1233 1640 1300 1710 τῇ
1343 1636 1489 1708 ψυχῇ
1516 1635 1812 1703 ἐγγίνεται·
1840 1634 1876 1704 ὴ
1909 1632 1988 1700 δὲ,

420 1734 529 1789 ἀπὸ
550 1732 693 1791 θείου
723 1732 924 1804 ἔρωτος
973 1731 1072 1784 καὶ
1124 1729 1433 1802 ἀκροτάτης
1473 1727 1813 1799 καθάρσεως.
1842 1724 1989 1778 Γνω-

425 1826 667 1899 ρίσματα
694 1825 750 1879 δέ
780 1823 873 1879 τοῦ
904 1825 1002 1896 μὲν
1038 1822 1255 1895 πρώτου
1307 1821 1529 1894 μέτρου,
1556 1820 1618 1873 τὸ
1647 1821 1706 1872 ἐν
1745 1817 1824 1890 τῷ
1864 1834 1990 1870 συν-

423 1921 651 1989 αγαγεῖν
684 1919 776 1973 τὸν
830 1916 956 1971 νοῦν
1002 1919 1067 1971 ἐκ
1112 1915 1329 1969 πάντων
1358 1914 1467 1968 τῶν
1503 1911 1597 1966 τοῦ
1628 1912 1834 1982 κόσμου
1868 1929 1994 1981 νοη-

427 2011 631 2080 μάτων,
662 2008 758 2063 καὶ
786 2007 863 2072 ὡς
897 2007 1045 2077 αὐτῷ
1077 2004 1243 2061 αὑτοῦ
1280 2004 1679 2076 περισταμένου
1705 2003 1800 2055 τοῦ
1833 2001 1991 2070 Θεοῦ,

422 2101 611 2172 ὥσπερ
646 2100 740 2154 καὶ
764 2097 1036 2170 παρέστη,
1075 2094 1349 2151 ποιεῖσθαι
1373 2094 1473 2159 τὰς
1506 2092 1819 2167 προσευχάς
1855 2093 1992 2147 άπε-

426 2194 739 2265 ρισπάστως
767 2193 863 2246 καὶ
891 2189 1280 2262 άνενοχλήτως·
1312 2187 1406 2241 τοῦ
1441 2187 1499 2240 δέ
1541 2187 1819 2258 δευτέρου,
1848 2185 1909 2239 τδ
1937 2187 1995 2239 ἐν
2021 2258 2029 2267 .

423 2287 562 2358 αὐτῇ
593 2289 661 2356 τῇ
701 2286 846 2357 ὁρμῇ
893 2284 992 2355 τῆς
1024 2282 1330 2354 προσευχῆς
1381 2279 1695 2352 ἀρπαγῆναι
1733 2281 1823 2332 τὸν
1870 2276 1995 2333 νοῦν

424 2375 532 2430 ὑπὸ
558 2373 653 2427 τοῦ
686 2372 832 2426 θείου
867 2372 962 2424 καὶ
992 2371 1220 2444 ἀπείρου
1264 2368 1461 2438 φωτὸς,
1496 2368 1590 2421 καὶ
1631 2368 1770 2438 μήτε
1801 2364 1994 2420 ἐαυτοῦ

428 2465 566 2543 μήτε
607 2463 753 2528 τινὸς
789 2462 949 2517 ἄλλου
976 2462 1084 2517 τῶν
1127 2461 1294 2514 ὄντων
1330 2461 1392 2512 τὺ
1421 2459 1637 2513 σύνολον
1669 2457 1995 2511 ἐπαισθάνε-

428 2556 574 2617 σθαι,
608 2555 658 2607 εἰ
707 2554 784 2624 μὴ
828 2552 992 2622 μόνου
1018 2548 1114 2603 τοῦ
1155 2549 1243 2602 διὰ
1269 2548 1367 2618 τῆς
1392 2546 1610 2618 ἀγάπης
1637 2546 1694 2599 ἐν
1723 2545 1871 2617 αὐτῷ
1898 2547 1996 2619 τὴν

427 2645 683 2714 τοιαύτην
720 2641 982 2712 ἔλλαμψιν
1037 2638 1408 2711 ἐνεργοῦντος.
1463 2639 1597 2690 Τότε
1636 2637 1694 2689 δέ
1729 2636 1824 2691 καὶ
1869 2636 1998 2706 περὶ

429 2735 555 2798 τοὺς
600 2731 730 2804 περὶ
769 2729 905 2784 Θεοῦ
957 2728 1150 2797 λόγους
1199 2726 1555 2797 κινούμενος,
1605 2725 1848 2796 καθαρὰς
1903 2726 1999 2777 καὶ

428 2823 633 2897 τρανάς
654 2823 753 2886 τὰς
783 2822 912 2894 περὶ
941 2817 1105 2874 αὐτοῦ
1135 2818 1399 2890 λαμϐάνει
1437 2817 1726 2888 ἐμφάσεις.

422 2914 425 2917 Α
499 2915 564 2980 ('-
598 2916 665 2972 Ὅ
686 2932 770 2979 τις
802 2914 1015 2984 ἀγαπᾷ,
1066 2910 1256 2967 τούτου
1304 2909 1399 2963 καὶ
1445 2910 1730 2978 ἀντέχεται
1759 2907 1996 2971 πάντως·

429 3009 526 3065 καὶ
569 3007 789 3062 πάντων
827 3004 934 3059 τῶν
980 3002 1117 3075 πρὸς
1167 3000 1325 3055 τοῦτο
1374 2998 1775 3070 ἐμποδιζόντων
1825 2995 1995 3068 αύτῷ,

2080 544 2507 615 cogitationibus
2526 541 2792 597 distracta
2808 535 3045 593 orationi
3066 530 3372 588 incumbat.

2148 634 2312 707 5.09
2342 634 2395 687 5.
2454 632 2574 686 Non
2613 628 2814 685 suliicit
2874 622 3117 680 colendae
3163 620 3398 676 actionis
3457 622 3545 673 via
3591 632 3656 672 ac

2082 727 2243 789 ratio,
2267 724 2337 779 ad
2359 723 2603 778 animum
2618 716 2998 775 abaﬂ'ectibus
3014 712 3258 784 perfecte
3276 709 3650 772 liberandum,

2082 825 2145 873 ut
2174 815 2496 871 indistracte
2521 827 2585 867 ac
2610 818 2795 866 mente
2850 822 2963 861 non
3014 818 3151 874 vaga
3186 816 3381 857 vacare
3414 798 3653 854 orationi

2082 906 2289 978 possit;
2315 904 2415 959 nisi
2433 902 2601 979 etiam
2621 899 2853 955 diversae
2866 891 3358 963 contemplationes
3383 888 3656 958 spiritales

2085 982 2436 1054 accesserint.
2474 994 2611 1050 Nam
2648 991 2793 1048 actio
2846 989 3072 1058 quidem
3136 985 3206 1039 ab
3254 981 3653 1037 incontinentia

2085 1098 2248 1160 atque
2274 1088 2401 1142 odio
2432 1093 2677 1140 mentem
2702 1083 2929 1148 liberat;
2965 1074 3457 1144 contemplationes
3499 1085 3653 1133 vero,

2086 1177 2155 1233 ab
2187 1176 2464 1232 oblivione
2492 1181 2549 1228 et
2581 1170 2891 1241 ignorantia
2919 1186 2933 1222 :
2981 1185 3012 1224 a
3034 1167 3241 1237 quibus
3267 1161 3558 1234 expeditus
3590 1175 3658 1214 ac

2085 1268 2246 1326 liber.
2269 1281 2368 1335 pro
2388 1277 2540 1321 eoae
2564 1238 2722 1316 decet
2752 1258 2956 1331 poterit
2985 1271 3165 1313 orare.
3706 1238 3711 1255 ⁵

2158 1358 2211 1414 6.
2246 1355 2463 1412 Munda:
2514 1352 2784 1410 orationis
2812 1350 2922 1406 duo
2968 1355 3096 1403 sunt
3132 1342 3377 1417 supremi
3434 1348 3609 1397 status
3639 1356 3652 1388 :

2088 1462 2325 1521 quorum
2352 1446 2491 1501 alter
2509 1440 2824 1499 colentibus
2852 1436 3126 1492 actionem
3169 1431 3460 1495 convenit;
3494 1427 3655 1489 alter,

2089 1519 2176 1595 his
2201 1538 2296 1609 qui
2323 1531 2775 1605 contemplationi
2807 1528 3052 1586 student.
3102 1524 3181 1580 Ac
3225 1523 3377 1595 prior
3409 1519 3655 1591 quidem,

2088 1649 2155 1688 ex
2180 1630 2278 1686 Dei
2306 1630 2502 1684 timore
2532 1626 2743 1682 aebona
2764 1636 2882 1693 spe,
2907 1619 3094 1675 animo
3125 1615 3373 1679 accedit;
3425 1612 3659 1666 alterum

2089 1738 2244 1789 vero,
2266 1720 2365 1776 Dei
2388 1734 2543 1774 amor
2570 1728 2894 1785 summaque
2915 1708 3216 1767 mundities
3239 1704 3405 1777 parit.
3453 1701 3662 1758 Prioris

2094 1814 2241 1871 modi
2273 1811 2480 1868 indicia
2504 1816 2656 1874 sunt,
2694 1807 2927 1863 collecta
2953 1809 3137 1859 mente
3165 1815 3197 1854 a
3220 1794 3514 1853 mundanis
3541 1807 3661 1846 om-

2093 1905 2261 1961 nibus
2284 1899 2734 1975 cogitationibus,
2791 1896 3050 1971 velutque
3093 1892 3207 1947 Deo
3262 1888 3345 1944 illi
3394 1892 3663 1958 praesente

2095 2001 2197 2075 (uti
2234 2009 2290 2057 et
2328 2014 2461 2055 vere
2489 2010 2732 2069 praesens
2776 1991 2880 2064 est)
2921 1989 3240 2046 indistracte
3285 1983 3547 2052 omnique
3577 1994 3667 2035 se-

2093 2074 2240 2147 mota
2279 2089 2674 2161 cogitationum
2708 2079 3178 2154 interpellantium
3229 2074 3413 2139 turba,
3459 2085 3617 2126 orare
3643 2086 3664 2124 :

2092 2183 2416 2256 posterioris
2448 2196 2602 2239 vero.
2656 2177 2760 2234 sub
2819 2176 2941 2247 ipso
2974 2169 3252 2243 [orationis
3288 2168 3498 2237 impetu
3544 2162 3664 2234 rapi

2094 2276 2339 2331 animum
2361 2271 2547 2328 divina
2574 2278 2632 2328 et
2659 2268 2873 2324 inﬁnita
2892 2266 3038 2328 luce,
3059 2277 3124 2317 ac
3152 2274 3331 2329 neque
3353 2256 3462 2322 sui,
3484 2268 3666 2324 neque

2096 2367 2244 2422 illius
2282 2378 2509 2436 prorsus
2556 2361 2792 2415 aliarum
2848 2370 3036 2412 rerum
3088 2365 3313 2408 sensum
3354 2346 3664 2419 percipere,

2060 2467 2461 2530 praeterquam
2510 2456 2631 2525 ejus
2680 2452 2968 2515 duntaxat,
3020 2445 3116 2516 qui
3176 2460 3275 2516 per
3317 2442 3665 2504 charitatem,

2097 2552 2262 2606 talem
2296 2549 2352 2604 in
2405 2563 2473 2603 eo
2524 2543 2950 2599 iiiustrationem
2988 2538 3172 2593 alllatu
3221 2550 3323 2591 suo
3381 2539 3664 2602 operatur.

2098 2640 2361 2715 Tuncque
2414 2635 2552 2691 adeo
2601 2633 2769 2688 etiam
2813 2630 2960 2685 circa
2988 2627 3230 2683 rationes
3276 2638 3399 2693 qua;
3450 2621 3517 2676 de
3555 2621 3670 2675 Dco

2098 2709 2247 2793 sunt,
2283 2734 2488 2790 motus,
2513 2724 2691 2779 claras
2719 2721 2788 2777 de
2840 2720 2951 2775 illo
2981 2733 3047 2773 ac
3094 2715 3421 2785 conspicuas
3469 2709 3670 2780 accipit

2098 2815 2629 2890 repraesentationes.

2171 2911 2224 2964 7.
2264 2907 2420 2976 Quod
2446 2906 2572 2975 quis
2595 2902 2799 2974 diligit,
2832 2898 3061 2954 omnino
3114 2895 3283 2952 etiam
3322 2891 3671 2963 amplectitur

2101 3009 2157 3058 et
2178 2999 2309 3056 colit
2328 3016 2344 3066 ;
2363 3013 2426 3052 ac
2445 2998 2490 3053 si
2520 2995 2655 3067 quid
2681 2994 2760 3049 illi
2791 2990 3187 3062 impedimento
3222 2986 3314 3052 sit,
3336 2981 3666 3045 contemnit,

430 3100 782 3171 καταφρονεῖ,
822 3097 911 3151 ἵνα
958 3070 1036 3170 μη
1064 3092 1229 3149 αὐτοῦ
1270 3091 1542 3164 στερηθῇ,
1588 3092 1682 3145 καὶ
1727 3092 1820 3145 τὸν
1866 3089 1994 3143 Θεὸν

2104 3106 2176 3146 ne
2202 3090 2298 3145 illo
2315 3087 2520 3160 privari
2545 3087 2723 3156 ipsum
2754 3080 3074 3152 contigerit;
3105 3077 3200 3148 qui
3220 3091 3351 3147 ergo
3384 3074 3556 3129 Deum
3586 3070 3673 3124 di-

429 3191 684 3260 ἀγαπῶν,
716 3188 1057 3259 ἐπιμελεῖται
1110 3185 1359 3256 καθαρᾶς
1406 3183 1737 3253 προσευχῆς·
1765 3183 1860 3235 καὶ
1888 3182 1998 3235 πᾶν

430 3280 603 3343 πάθος
636 3278 773 3350 πρὸς
809 3275 966 3330 τοῦτο
1016 3272 1308 3345 ἐμποδίζον
1356 3270 1505 3342 αύτῷ
1525 3311 1540 3337 ,
1592 3269 1887 3325 ἀποϐάλλει
1938 3268 1999 3336 ἐξ

430 3368 627 3426 ἐαυτοῦ

499 3467 572 3534 η’.
619 3460 681 3515 '0
724 3459 824 3532 τὴν
877 3457 1090 3529 μητέρα
1128 3456 1237 3511 τῶν
1278 3454 1467 3509 παθῶν
1498 3452 1790 3509 ἀποϐαλὼν
1815 3449 2003 3520 φιλαυ-

429 3553 574 3620 τίαν,
630 3549 726 3604 xui.
757 3547 827 3604 τὰ
872 3547 1035 3602 λοιπά
1087 3545 1329 3618 εὐχερῶς
1375 3545 1471 3599 σὺν
1512 3543 1633 3614 Θεῷ
1662 3541 1997 3597 ἀποτίθεται·

429 3639 542 3700 οἷον
573 3643 762 3715 ὀργὴν,
797 3639 996 3709 λύπην,
1048 3635 1432 3709 μνησικακίαν,
1478 3633 1572 3687 καὶ
1603 3631 1674 3686 τά
1713 3632 1858 3702 ἑξῆς·
1892 3632 1921 3683 ὁ
1945 3630 2002 3683 δὲ

360 3792 363 3793 ,
431 3737 538 3791 ὑπὸ
569 3735 663 3789 τοῦ
715 3730 932 3804 πρώτου
995 3727 1392 3801 κρατούμενος,
1439 3724 1545 3779 ύπδ
1581 3723 1676 3777 τοῦ
1725 3720 1997 3791 δευτέρου,

432 3826 534 3891 κᾶν
592 3825 667 3897 μὴ
723 3823 887 3894 θέλῃ,
938 3817 1322 3890 τιτρώσκεται.
1358 3814 1620 3869 Φιλαυτία
1667 3812 1725 3866 δέ
1761 3813 1909 3873 ἐστι,
1942 3808 2004 3862 τὸ

433 3918 569 3991 πρὸς
595 3916 658 3969 τὸ
700 3914 861 3986 σῶμα
889 3910 1079 3983 πάθος.

503 4093 570 4149 θ’.
603 4089 701 4144 Διά
728 4088 828 4152 τὰς
855 4086 1017 4141 πέντε
1048 4084 1251 4148 ταύτας
1279 4081 1462 4144 αἰτίας
1480 4081 1529 4134 οί
1559 4077 1835 4151 ἄνθρωποι
1864 4076 2005 4146 ἀγα-

436 4183 608 4240 πῶσιν
631 4180 916 4252 ἀλλήλους,
954 4176 1065 4249 εζτε
1096 4173 1418 4237 ἐπαινετῶς,
1449 4171 1559 4225 είτε
1580 4169 1818 4241 ψεκτῶς.
1855 4162 2001 4234 Οἴον,

433 4274 467 4348 ἤ
500 4274 589 4328 διά
626 4274 716 4327 τὸν
753 4270 906 4336 Θεὸν,
941 4268 1016 4332 ὡς
1062 4269 1090 4321 ὀ
1139 4265 1393 4336 ἐνάρετος
1436 4262 1681 4326 πάντας,
1729 4261 1825 4314 καὶ
1871 4258 1946 4323 ὡς
1977 4260 2006 4313 ό

2099 3180 2240 3252 ligit,
2275 3195 2426 3250 purae
2451 3175 2688 3232 orationi
2716 3171 3059 3245 diligentiam
3106 3168 3295 3232 habet,
3338 3176 3671 3232 omnemque

2100 3272 2359 3326 affectum
2389 3285 2453 3325 ac
2476 3267 2764 3324 libidinem
2799 3274 2855 3322 et
2880 3259 3404 3323 incommOdantem,
3432 3270 3462 3311 a
3492 3269 3551 3311 se
3579 3269 3671 3308 re-

2092 3364 2235 3436 jicit.

2170 3454 2222 3509 8.
2250 3452 2355 3521 Qui
2382 3452 2680 3509 all‘ectuum
2708 3448 2958 3507 omnium
2985 3461 3050 3503 ac
3079 3443 3340 3500 vitiorum
3361 3444 3668 3512 parentem,

2103 3562 2304 3602 caecum
2333 3547 2514 3601 carnis
2541 3558 2783 3600 amorem
2823 3536 3161 3613 (φιλαυτίαν)
3188 3533 3473 3606 abiecerit,
3514 3528 3671 3586 facile

2103 3637 2269 3692 etiam
2300 3652 2422 3707 quae
2451 3643 2581 3690 sunt
2601 3634 2813 3703 reliqua
2846 3631 3002 3695 vitia,
3034 3628 3131 3684 Dei
3160 3642 3286 3697 ope,
3320 3620 3669 3679 eliminabit:

2106 3729 2242 3782 iran
2266 3726 2501 3789 scilicet,
2526 3710 2828 3783 tristitiam.
2856 3720 3188 3792 iniuriarum
3240 3713 3587 3775 memoriam,
3617 3718 3676 3766 et

2104 3833 2227 3888 quae
2256 3823 2585 3885 sequuntur.
2626 3813 2730 3879 Qui
2764 3819 2946 3865 autem
2974 3824 3005 3863 a
3042 3807 3227 3878 priore
3257 3806 3352 3859 illo
3406 3803 3671 3867 vincitvr,

2105 3923 2136 3964 a
2165 3905 2409 3965 secundo
2432 3904 2568 3959 velit
2591 3902 2731 3957 nolit
2757 3900 3100 3955 vulneratur.
3125 3897 3223 3951 Est
3244 3904 3427 3956 autem
3476 3893 3674 3973 φιλαυ-

2103 3998 2212 4061 τία,
2242 3994 2602 4067 qualibidine
2632 4007 2833 4064 corpus
2855 3988 3266 4061 prosequimur.

2174 4090 2228 4145 9.
2250 4088 2504 4158 Quinque
2527 4085 2612 4140 hae
2631 4099 2810 4139 causae
2852 4091 2981 4137 sunt
3010 4095 3074 4135 ac
3113 4077 3379 4140 rationes,
3425 4075 3496 4131 ob
3535 4089 3679 4145 quas

2106 4176 2362 4233 homines
2390 4174 2485 4230 alii
2518 4174 2658 4228 alios
2687 4170 2941 4243 diligunt.
2973 4168 3089 4224 sive
3113 4182 3178 4231 ea
3211 4162 3506 4220 dilectione
3551 4178 3679 4233 qua:

2106 4267 2323 4324 laudem
2347 4265 2570 4329 habeat,
2599 4262 2713 4318 sive
2743 4277 2864 4333 quae
2885 4259 3006 4314 vitii
3033 4271 3249 4322 noxam,
3276 4269 3339 4309 ac
3369 4252 3531 4325 digna
3565 4252 3674 4306 ’νί-

431 4341 524 4420 τὸν
552 4364 804 4436 ἐνάρετον
830 4359 934 4416 κᾶν
974 4361 1139 4430 μήπω
1186 4356 1461 4428 ἐνάρετος·
1500 4353 1535 4426 ἢ
1584 4351 1673 4407 διά
1712 4351 1895 4423 φύσιν,
1928 4351 1994 4416 ὡς

2106 4354 2324 4427 tuperio
2348 4353 2436 4408 sit.
2461 4352 2572 4407 Aut
2598 4350 2745 4405 enim
2767 4355 2996 4420 propter
3023 4345 3218 4410 Deum,
3244 4351 3307 4397 ut
3328 4341 3423 4412 qui
3465 4341 3683 4395 virtute.

432 4458 482 4511 οί
517 4433 694 4525 γονείς
715 4453 784 4508 τά
810 4451 1014 4514 τέκνα,
1045 4448 1142 4503 και
1179 4446 1435 4519 εμπαλιν·
1471 4444 1498 4514 η
1538 4443 1628 4498 διὰ
1674 4441 1994 4509 κενοδοξίαν,

2101 4445 2366 4521 praeditus
2391 4448 2496 4509 est,
2539 4455 2734 4497 omnes
2767 4438 2983 4510 diligit;
3018 4451 3081 4492 ac
3110 4433 3254 4493 sicut
3279 4433 3484 4489 virtute
3533 4446 3687 4501 praes

435 4548 509 4612 ὡς
529 4521 568 4602 ⁷δ
603 4544 957 4616 δοξαζόμενος
978 4541 1070 4597 τὸν
1110 4539 1417 4605 δοξάζοντα·
1443 4536 1476 4608 ἢ
1507 4535 1594 4589 διὰ
1622 4533 1994 4606 φιλαργυρίαν,

2106 4537 2305 4601 ditum,
2327 4532 2421 4604 qui
2452 4531 2688 4588 necdum
2717 4530 2834 4602 ipse
2857 4528 3098 4583 animum
3136 4523 3332 4582 virtuti
3360 4521 3633 4581 addixerit
3656 4537 3688 4597 τ’

433 4611 504 4700 ὡς
535 4637 565 4689 δ
600 4635 692 4689 τὸν
720 4611 976 4688 πλούσιον
1002 4630 1091 4684 διὰ
1119 4628 1303 4698 λῆψιν·
1328 4626 1362 4697 ἦ
1404 4625 1492 4679 διὰ
1517 4623 1848 4703 φιληδονίαν,
1876 4622 1951 4685 ὡς
1978 4622 1994 4675 ἐ

2104 4628 2191 4685 vel
2218 4633 2451 4699 propter
2480 4632 2760 4688 naturam,
2797 4622 2879 4677 uti
2920 4626 3183 4691 parentes
3222 4616 3434 4672 liberos
3457 4654 3472 4679 ,
3511 4611 3658 4667 vicis-

431 4698 529 4797 την
559 4726 808 4795 γαστέρα
849 4720 1286 4795 θεραπευόμενος
1333 4718 1430 4772 καὶ
1459 4716 1529 4771 τὰ
1579 4698 1683 4769 ὑπὸ
1734 4714 1994 4786 γαστέρα.

2104 4698 2319 4785 simque
2343 4713 2510 4786 ἀ.ιο
2541 4730 2555 4765 :
2587 4720 2683 4767 aut
2714 4711 2896 4770 inanis
2928 4709 3115 4781 gloria:
3155 4702 3353 4772 causa,
3388 4711 3450 4761 ut
3503 4702 3550 4757 is
3577 4698 3689 4775 qui;

434 4819 541 4870 Καὶ
571 4819 605 4889 ἡ
639 4817 739 4888 μὲν
767 4815 979 4888 πρώτη,
1013 4812 1296 4881 ἐπαινετή·
1322 4812 1355 4883 ή
1384 4810 1442 4865 δὲ
1474 4809 1726 4881 δευτέρα,
1750 4808 1912 4880 μέση·
1943 4807 1994 4863 al

2101 4807 2383 4874 laudatur,
2423 4821 2551 4862 eum
2578 4803 2777 4875 diligit,
2802 4802 2897 4873 qui
2921 4801 3110 4858 laudat
3134 4817 3147 4853 :
3183 4807 3281 4853 aut
3297 4801 3523 4867 propter
3544 4806 3687 4856 ava-.

430 4904 488 4960 δέ
524 4905 728 4973 λοιπαὶ,
756 4903 1044 4975 ἐμπαθεῖς.

2101 4896 2309 4962 ritiam,
2332 4903 2394 4951 ut
2417 4895 2513 4967 qui
2537 4893 2765 4956 divitem
2786 4890 2967 4962 diligit
3002 4897 3230 4961 propter
3254 4898 3485 4947 munera
3509 4897 3524 4934 :
3578 4891 3688 4962 aut:

426 4997 669 5071 denique
699 4996 771 5052 ob
794 4995 1093 5063 libidinem,
1127 5010 1193 5053 ac
1225 4995 1583 5066 voluptatem,
1628 5000 1693 5051 ut
1735 4993 1830 5063 qui
1868 4999 2118 5048 ventrem
2150 5007 2216 5049 ac
2276 5007 2515 5055 venerea
2569 4990 2720 5047 colit.
2755 4988 2835 5047 Ac
2887 4986 3111 5057 quidem
3168 4982 3322 5055 prior
3359 4991 3546 5043 causa,
3587 4975 3683 5043 in-,

433 5097 516 5145 ter
535 5104 630 5145 eas
654 5087 907 5144 habenda
936 5095 1041 5154 est,
1075 5103 1198 5158 quae
1248 5086 1457 5142 habent
1483 5084 1739 5151 laudem;
1772 5086 1968 5149 altera,
2010 5086 2156 5151 inter
2193 5084 2434 5151 medias;
2480 5084 2726 5154 reliquae,
2767 5081 2902 5137 vitio
2933 5080 3162 5134 haerent.

502 5189 555 5237 t'.
602 5182 728 5236 Ἐὰν
765 5180 917 5245 τινάς
964 5182 1062 5252 μὲν
1114 5182 1296 5252 μισῇς,
1344 5178 1495 5243 τινάς
1547 5178 1606 5233 δὲ
1631 5179 1755 5232 οὐδὲ
1780 5180 1999 5250 ἀγαπᾷς

428 5273 549 5328 οὐδὲ
582 5274 766 5344 μισῇς·
815 5273 1034 5345 ἐτέρους
1087 5272 1147 5326 δὲ
1192 5272 1444 5344 ἀγαπᾷς,
1476 5270 1617 5325 ἀλλὰ
1643 5270 1994 5342 συμμέτρων

428 5362 620 5465 ἄλλους
670 5363 729 5419 δέ
784 5365 995 5437 σφόδρα
1021 5365 1259 5436 ἀγαπᾷς·
1296 5365 1362 5420 ἐκ
1393 5363 1597 5435 ταύτης
1624 5363 1725 5435 τῆς
1749 5363 1998 5435 ἀνισότη-

2174 5179 2260 5238 10.
2293 5178 2351 5234 Si
2391 5179 2526 5233 alios
2555 5177 2755 5243 odisti;
2807 5175 2944 5230 alios
2992 5186 3097 5227 nec
3139 5167 3343 5239 diligis,
3377 5178 3481 5219 nec
3540 5176 3670 5218 vero

2102 5270 2306 5337 odisti;
2342 5270 2480 5325 alios
2524 5278 2707 5325 autem
2754 5265 2937 5338 diligis
2985 5261 3228 5334 quidem,
3266 5258 3364 5316 sed
3405 5255 3621 5318 modice
3651 5272 3679 5327 ιι

2103 5362 2242 5418 alios
2273 5361 2513 5431 denique
2545 5357 2928 5415 vehementius
2956 5353 3159 5425 diligis,
3188 5352 3258 5407 ‘ex
3288 5351 3393 5406 hac
3422 5348 3681 5417 inrequax

499 5515 579 5600 (ξι)
618 5500 1237 5600 ,Πρασέὶξιθεὴ-μέθοδοςε
1275 5517 1435 5575 Ratio
1481 5517 1697 5600 scilicet
1727 5515 1987 5600 polentia:

2093 5514 2343 5600 nihilque
2363 5528 2555 5600 vagam
2579 5513 2635 5568 in
2660 5527 2725 5600 ea
2757 5512 3153 5600 continendam
3172 5516 3436 5600 rogitem.
3460 5503 3665 5600 Qbsop...

428 5574 762 5657 actionis'ac
790 5574 1017 5657 virtutis
1046 5574 1302 5652 moralis;
1342 5574 1464 5657 quae
1486 5587 1745 5642 videlicet
1793 5593 1982 5640 contra
2090 5593 2146 5640 et
2177 5574 2342 5657 Gesn.
2384 5574 2582 5657 ΕΪῙίσαφ
2611 5584 2752 5641 ratio
2781 5592 2831 5637 et
2856 5580 3161 5657 diseiplipa.
3204 5578 3361 5657 _Nihi_l
3411 5584 3538 5646 apte
3561 5574 3680 5657 aut;

428 5656 767 5737 θεωρητικὴν
800 5656 1057 5737 distincta
1089 5658 1190 5737 sit_:_
1206 5656 1377 5737 quam
1406 5666 1695 5737 utramque
1722 5670 1982 5736 necessa-

428 5724 567 5806 riam
596 5724 883 5793 Maximus
936 5724 1335 5804 contendit—ad
1382 5724 1648 5782 orationis
1692 5726 1936 5797 quietem
1963 5764 1978 5787 ,

2089 5664 2147 5725 et
2195 5654 2255 5707 τὸ
2289 5646 2725 5725 ἀπερισπάστως
2755 5646 3170 5725 προσεύχεσθαι,
3198 5648 3459 5720 indefessa
3501 5654 3551 5700 et
3586 5646 3676 5719 ing

2089 5724 2327 5785 desinens
2350 5722 2541 5793 orandi
2578 5722 2852 5779 sedulitas.
