4140 6322
406 348 511 407 9‘33

1299 353 1634 417 CAPITUM
1668 357 1766 415 DE
1805 354 2236 415 CIIARITATE
2274 354 2664 418 CEN'I‘URIA
2700 357 2785 418 ΙΙ.

3563 357 3669 420 990

403 461 506 514 ἐπὶ
532 460 713 532 φιλίαν
755 461 1020 535 ἄλογον,ἢ
1058 466 1152 518 ἐπὶ
1198 468 1353 537 μῖσος
1404 468 1650 540 ἄκριτον,
1691 467 1727 539 ἦ
1763 485 1958 532 τινος,

2062 472 2417 532 _turam,aut
2462 468 2519 522 in
2561 484 2806 524 amorem
2858 469 3075 524 ratione
3119 476 3421 535 carentem,
3471 476 3568 524 aut
3617 468 3674 522 in

399 554 496 610 διά
531 572 584 608 τι
612 554 722 608 τῶν
756 556 1052 626 αἰσθητῶν.
1081 552 1207 613 Οἷον
1233 561 1327 613 ἐπὶ
1363 560 1464 630 μὲν
1492 561 1675 627 φιλίαν
1705 560 1919 628 ἄλογον,
1950 559 1984 630 ἢ

406 648 737 719 βρωμάτων,
761 649 1092 720 ἥγυναικὸς,
1121 650 1154 720 ἢ
1183 652 1503 722 χρημάτων,
1532 652 1564 722 ἢ
1595 649 1756 721 δόξης
1787 667 1988 721 παρερο

403 740 666 808 χομένης,
704 740 739 809 ἦ
761 758 907 804 τινος
944 741 1107 795 ἄλλου
1138 741 1245 795 τῶν
1275 741 1571 813 αἰσθητῶν,
1606 742 1639 812 ἢ
1671 742 1761 794 διὰ
1786 739 1981 794 ταῦτα.

386 830 538 903 θ’άπὶ
564 835 720 901 μῖσος
751 832 806 886 δὲ
854 832 1094 902 ἄκριτον·
1128 828 1239 888 οἷον
1280 834 1315 905 ἡ
1348 850 1492 897 τινος
1519 833 1625 886 τῶν
1650 833 1987 904 προειρημέ-

403 942 530 981 νων.
560 924 632 988 ὡς
660 926 898 995 εἴρηται,
937 925 972 997 ἢ
1001 924 1138 996 πρός
1167 942 1291 978 τινα
1322 924 1411 978 διὰ
1431 924 1629 978 ταῦτα.

2091 561 2280 616 odium
2317 564 2687 634 sinejudicio,
2726 564 2842 619 sive
2869 561 3102 634 alicujus
3151 561 3253 625 rei,
3287 560 3403 616 sive
3444 567 3672 631 propter

2089 666 2204 706 rem
2227 652 2467 721 aliquam
2496 654 2548 708 in
2576 669 2799 709 sensum
2833 652 3143 708 cadentem.
3172 652 3308 706 Puta
3342 651 3396 705 in
3424 664 3667 705 amorem

2089 745 2303 800 ratione
2332 755 2633 810 carentem,
2667 754 2762 800 aut
2792 744 3062 809 ciborum,
3085 752 3180 796 aut
3204 743 3390 797 uxoris
3420 756 3517 795 seu
3544 757 3661 795 mu-

2085 830 2258 897 lieris,
2286 844 2382 887 aut
2404 836 2780 905 pecuniarum,
2819 843 2914 889 aut
2941 833 3097 888 ﬂuxae
3122 833 3326 904 gloriae,
3359 840 3452 886 aut
3478 832 3666 903 cujus-

2084 929 2230 998 piam
2271 932 2501 987 alterius
2545 932 2890 987 sensibilium
2920 974 2933 997 ,
2982 939 3078 986 aut
3128 941 3355 1001 propter
3407 929 3545 983 haec.
3602 927 3662 981 In

404 1018 596 1072 odium
624 1033 755 1073 vero
777 1016 897 1072 sine
923 1017 1154 1088 judicio,
1191 1028 1346 1087 puta,
1374 1026 1469 1073 aut
1509 1018 1744 1090 alicujus
1789 1032 1982 1073 eorum
2022 1035 2143 1089 qua:
2171 1024 2318 1079 dicta
2346 1033 2496 1090 sunt,
2525 1027 2603 1081 uti
2631 1026 2842 1081 dictum
2862 1033 2968 1091 est,
2996 1034 3091 1081 aut
3148 1024 3202 1077 in
3263 1022 3499 1093 aliquem
3532 1037 3660 1090 pro-

402 1122 526 1180 pter
551 1110 663 1165 illa.
1050 1177 1059 1187 ι

476 1202 564 1265 ιζ’.
609 1201 886 1273 ’Ἡηπάλιν
938 1203 1106 1257 κακία
1155 1203 1323 1267 ἐστὶν,
1369 1202 1403 1272 ἡ
1437 1201 1750 1272 ἐσφαλμένη
1798 1201 1980 1272 κρίσις

399 1290 509 1344 τῶν
539 1295 851 1362 νοημάτων,
974 1293 1336 1347 ἐπακολουθεῖ
1392 1295 1426 1364 ἠ
1470 1295 1819 1364 παράχρησις
1870 1292 1978 1346 τῶν

402 1384 768 1454 πραγμάτων.
803 1380 927 1438 Οἷον
954 1385 1031 1449 ὡς
1062 1383 1156 1449 ἐπὶ
1179 1383 1278 1453 τῆς
1317 1384 1594 1452 γυναικὸς,
1627 1386 1660 1455 ἡ
1690 1382 1825 1454 ὀρθὴ
1852 1382 1977 1453 κρί-

402 1492 486 1539 σις
518 1476 617 1546 τῆς
648 1476 954 1540 συνουσίας,
1001 1478 1030 1529 ὁ
1080 1475 1283 1540 σκοπός
1314 1477 1431 1529 ἐστι
1468 1475 1569 1544 τῆς
1611 1473 1971 1537 παιδοποιίας.

411 1566 471 1619 '0
498 1563 594 1620 οὖν
625 1568 706 1632 είς
749 1567 850 1639 τὴν
871 1566 1064 1639 ἡδονὴν
1094 1567 1560 1637 ἀποϐλεψάμενος,
1602 1566 1811 1637 ἐσφάλη
1846 1564 1974 1636 περὶ

2160 1204 2248 1260 17.
2284 1206 2394 1262 Aut
2415 1224 2608 1263 rursus
2645 1208 2839 1263 vitium
2867 1216 2951 1262 est
2968 1207 3082 1265 sive
3113 1206 3352 1277 pravitas
3378 1219 3443 1258 ac
3501 1202 3656 1256 mali-

2088 1296 2183 1361 tia,
2213 1297 2409 1354 falsum
2438 1300 2606 1356 animi
2656 1308 3021 1370 conceptuum
3070 1311 3464 1362 sensorumque
3512 1294 3662 1365 judi-

2083 1384 2254 1450 cium,
2291 1387 2437 1456 quod
2465 1388 2671 1442 abusus
2712 1402 2894 1441 rerum
2953 1385 3225 1455 sequitur.
3255 1383 3416 1437 Verbi
3460 1382 3653 1453 gratia,

2082 1474 2138 1529 in
2164 1493 2356 1544 uxore,
2383 1487 2595 1534 rectum
2628 1479 2838 1548 copula:
2881 1477 3152 1547 judicium
3198 1483 3303 1540 est,
3349 1474 3656 1528 liberorum

2081 1566 2563 1637 suscipiendorum
2594 1567 2740 1623 linis.
2762 1568 2865 1635 Qui
2898 1569 3064 1638 igitur
3082 1566 3150 1621 ad
3184 1565 3520 1634 voluptatem
3557 1578 3654 1618 seu

397 1657 499 1728 τὴν
552 1658 761 1730 κρίσιν,
801 1658 864 1712 τὸ
895 1658 970 1730 μὴ
1005 1657 1168 1713 καλὸν
1194 1658 1270 1723 ὡς
1298 1657 1463 1712 καλὸν
1496 1657 1863 1728 ἡγησάμενος.
1914 1658 1958 1710 'C

2080 1656 2366 1712 libidinem
2393 1658 2624 1729 aspexit,
2660 1658 2709 1713 is
2734 1658 2941 1729 judicio
2966 1656 3134 1712 falsus
3161 1663 3266 1720 est,
3294 1655 3388 1724 qui
3417 1668 3530 1707 non
3554 1653 3656 1713 b0.-

397 1749 530 1817 γοῦν
554 1749 817 1815 τοιοῦτος,
844 1748 1202 1821 παραχρῆται
1230 1749 1452 1817 γυναικὶ
1470 1747 1973 1819 συνουσιαζόμενος.

399 1840 513 1894 Καὶ
536 1841 629 1895 ἐπὶ
702 1841 812 1895 τῶν
880 1840 1055 1896 ἄλλων
1131 1841 1479 1913 πραγμάτων
1536 1840 1632 1894 καλ⁸
1688 1840 1977 1912 νοημάτων

394 1931 619 2002 ὁμοίως.

468 2026 559 2092 ιη’.
592 2021 722 2075 Ὅτε
768 2020 858 2076 τὸν
885 2021 1010 2076 νοῦν
1061 2038 1155 2076 σου
1207 2023 1259 2077 οί
1299 2020 1412 2095 [Fr.
1456 2023 1623 2076 Ὅταν
1676 2021 1855 2075 τοίνυν
1883 2022 1975 2077 τὸν

391 2110 517 2165 νοῦν
558 2110 633 2183 οί]
675 2111 928 2181 δαίμονες
966 2112 1068 2182 τῆς
1100 2114 1459 2186 σωφροσύνης
1488 2113 1827 2177 ἐκϐαλόντες,
1863 2113 1973 2179 τοῖς

389 2203 491 2273 τῆς
524 2204 783 2274 πορνείας
809 2205 1088 2276 λογισμοῖς
1142 2204 1623 2277 περικυκλώσωσι,
1674 2207 1796 2260 τότε
1820 2206 1971 2277 μετὰ

386 2295 643 2365 δακρύων
683 2295 808 2364 λέγε
842 2296 977 2366 πρὸς
1010 2298 1099 2350 τὸν
1133 2298 1433 2369 Δεσπότηνο
1479 2299 1875 2366 Ἐκϐαλόντες
1893 2318 1970 2369 με

387 2388 508 2443 νῦν
555 2389 1051 2456 περιεκύκλωσάν
1088 2374 1185 2459 με,
1219 2390 1282 2444 τὸ
1322 2390 1672 2461 ἀγαλλίαμά
1702 2409 1821 2461 μου
1859 2393 1969 2446 λύ-

387 2479 612 2548 τρωσαί
640 2496 739 2548 με,
755 2479 876 2534 ἀπὸ
908 2480 1027 2533 τῶν
1053 2481 1501 2536 κυκλωσάντων
1519 2499 1597 2551 με
1620 2498 1633 2512 ’
1669 2482 1764 2537 καὶ
1796 2482 1962 2556 σώζῃ.

416 2554 423 2559 ’
462 2569 547 2624 ιθ’.
590 2570 773 2638 Βαρὺς
802 2572 832 2624 ὁ
879 2571 979 2642 τῆς
1019 2571 1277 2642 πορνείας
1324 2573 1559 2643 δαίμων,
1589 2575 1690 2627 καὶ
1723 2554 1968 2646 σφοδριῦς

385 2663 688 2722 ἐπιτίθεται
719 2665 833 2729 τοῖς
894 2663 1039 2719 κατά
1088 2665 1183 2718 τοῦ
1243 2665 1451 2730 πάθους
1518 2669 1963 2739 ἀγωνιζομένοις·

385 2754 484 2808 καὶ
516 2752 750 2824 μάλιστα
786 2756 845 2807 ἐν
874 2756 941 2825 τῇ
974 2753 1208 2826 ἀμελείᾳ
1234 2755 1335 2825 τῆς
1357 2757 1592 2831 διαίτης,
1626 2761 1720 2815 καὶ
1750 2762 1807 2812 ἐν
1841 2764 1964 2823 ταῖς

386 2845 698 2918 συντυχίαις
718 2846 827 2900 τῶν
846 2845 1142 2916 γυναικῶν.
1164 2846 1482 2919 Λεληθότως
1504 2849 1614 2920 γὰρ
1636 2853 1701 2921 τῇ
1730 2850 1964 2922 λειότητι

383 2938 484 3008 τῆς
517 2937 711 3009 ἡδονῆς
743 2938 1101 2993 ὑωκλέπτων
1148 2938 1240 2993 τὸν
1291 2939 1436 3005 νοῦν,
1469 2942 1761 3011 μετέπειτα
1792 2946 1964 3014 ἐπεμ-

383 3007 559 3083 ϐαίνει
589 3007 678 3084 διά
705 3032 805 3101 τῆς
836 3031 1056 3101 μνήμης
1084 3032 1411 3103 ἡσυχάζοντι
1440 3007 1542 3104 (1}),
1580 3033 1641 3087 τό
1711 3048 1771 3088 τε
1800 3007 1959 3107 σῶμα
1989 3007 2031 3064 C

382 3119 723 3190 ἐμπυρίζων,
754 3122 850 3174 καὶ
886 3122 1138 3187 ποικίλας
1176 3122 1392 3194 μορφὰς
1430 3122 1509 3195 τῷ
1546 3124 1622 3195 νῷ
1653 3114 1956 3197 παριστῶν.

383 3209 475 3264 Διὸ
507 3210 604 3265 καὶ
650 3210 788 3281 πρὸς
828 3211 926 3280 τὴν
978 3212 1382 3281 συγκατάθεσιν
1426 3214 1525 3284 τῆς
1554 3214 1829 3285 ἁμαρτίας
1859 3218 1958 3270 αὺο

380 3301 475 3354 τὸν
512 3302 845 3356 ἐκκαλεῖται·
877 3302 949 3369 ἃς
986 3304 1081 3358 ἐὰν
1112 3305 1273 3378 θέλῃς
1303 3304 1382 3379 μὴ
1404 3306 1739 3379 ἐγχρονίζειν
1767 3310 1827 3362 ἐν
1850 3308 1953 3369 σοὶ.

381 3395 638 3463 νηστείαν
668 3395 939 3451 ἀναλαδοῦ
988 3397 1087 3452 καὶ
1145 3398 1314 3454 κόπον
1363 3400 1458 3454 καὶ
1504 3400 1833 3470 ἀγρυπνίαν,
1862 3401 1956 3456 καὶ

378 3482 480 3554 τὴν
503 3482 674 3555 καλὴν
702 3484 932 3556 ἡσυχίαν
969 3485 1107 3556 μετά
1133 3487 1385 3552 ἐκτενοῦς
1417 3490 1743 3567 προσευχῆς.

446 3667 519 3743 μ’.
559 3661 623 3716 Ol
676 3661 774 3733 τὴν
816 3661 994 3734 ψυχὴν
1042 3661 1198 3733 ήμῶν
1251 3663 1338 3718 ἀεὶ
1367 3663 1675 3734 ζητοῦντες,
1728 3666 1817 3721 διά
1844 3668 1955 3722 τῶν

377 3753 642 3825 ἐμπαθῶν
666 3754 941 3823 λογισμῶν
968 3754 1225 3824 ζητοῦσιν
1255 3756 1388 3828 (16),
1422 3755 1510 3809 ἵνα
1540 3756 1708 3827 αὐτὴν
1738 3760 1819 3822 είς
1853 3760 1955 3829 τὴν

377 3848 519 3902 κατὰ
549 3847 812 3912 διάνοιαν,
848 3846 883 3916 ἦ
914 3846 1012 3917 τὴν
1055 3846 1178 3901 κατ’
1224 3843 1503 3918 ἐνέργειαν
1546 3849 1821 3921 ἁμαρτίαν
1852 3850 1954 3921 ἐμ·

375 3938 635 3994 ϐάλωσιν.
661 3939 832 3993 Ὅταν
868 3933 963 3993 οὖν
1013 3937 1217 4011 εὕρωσι
1257 3939 1349 3993 τὸν
1380 3938 1507 3995 νοῦν
1541 3940 1618 4012 μὴ
1656 3942 1954 4015 παραδεχό-

381 4039 561 4094 μενον,
625 4024 749 4078 τότε
801 4024 1254 4096 αίσχυνθήσονται
1322 4028 1417 4083 καὶ
1483 4028 1947 4101 ἐντραπήσονταιο

374 4114 506 4168 ὅταν
537 4112 594 4166 δέ
623 4116 690 4186 τῇ
715 4117 1062 4187 πνευματικῇ
1093 4114 1299 4188 θεωρίᾳ
1320 4117 1799 4192 ἐνασχολούμενον,
1826 4122 1951 4176 τότε

375 4205 890 4277 ἀποστραφήσονται
913 4206 1008 4260 καὶ
1036 4208 1594 4281 καταισχυνθήσονται
1629 4211 1832 4284 σφόδρα
1861 4214 1950 4270 διὰ

373 4293 588 4365 τάχους.

448 4386 554 4436 καν.
616 4383 876 4438 Διακόνου
935 4384 1093 4454 λόγον
1148 4388 1336 4458 ἐπέχει
1376 4389 1472 4462 (r),
1528 4392 1558 4444 ὁ
1627 4393 1765 4465 πρὸς
1818 4397 1946 4461 τοὺς

378 4473 558 4547 ἱεροὺς
584 4474 802 4543 ἀγῶνας
842 4475 1079 4547 ἀλείφων
1102 4478 1194 4532 τὸν
1219 4480 1363 4545 νοῦν,
1399 4483 1494 4535 καὶ
1517 4481 1642 4547 τοὺς
1684 4485 1950 4556 ἐμπαθεῖς

373 4563 670 4636 λογισμοὺς
706 4567 1029 4621 ἀπελαύνων
1073 4569 1170 4622 ἀπ’
1208 4570 1396 4627 αὐτοῦ’
1451 4573 1826 4645 πρεσϐυτέρου
1866 4577 1944 4644 δὲ,

373 4657 404 4709 ὁ
438 4659 520 4722 εἰς
546 4660 647 4731 τὴν
683 4659 886 4730 γνῶσιν
923 4662 1032 4715 τῶν
1059 4661 1230 4717 ὅντων
1256 4662 1529 4732 φωτίζων,
1570 4666 1663 4720 καὶ
1692 4669 1790 4740 τὴν
1822 4669 1949 4740 ψευ-

446 4791 490 4833 ”
518 4793 661 4851 Psal.
693 4812 801 4864 xw,
831 4796 928 4866 ll;
958 4813 1105 4864 xxxi,
1134 4799 1188 4856 7.
1263 4800 1467 4858 “Psal.
1494 4818 1573 4870 vr,
1608 4804 1696 4859 ll.

447 4931 525 5003 (ᾳ)
566 4934 940 5012 Ἐπᾳμὸαζνει
977 4935 1082 5012 δια
1112 4936 1224 5005 τῆς
1252 4937 1499 5012 μνήμης
1517 5008 1530 5012 _
1549 4942 1934 5012 ἡσυχάζοντι.

373 5000 433 5058 Id
452 5000 754 5082 pragsertiin
778 5005 846 5060 ad
869 5000 1305 5082 monachos'fqui
1331 5000 1783 5082 ἡξυάἆζοντεξθὶ
1809 5000 1939 5082 ήσυὲ

372 5073 575 5146 χαιπαὶ
618 5086 1028 5144 nuncupantur,
1078 5073 1245 5146 quasi
1291 5073 1469 5132 amica
1494 5073 1797 5145 solitudine
1830 5073 1933 5139 sae-

373 5142 659 5218 culariuln
707 5142 956 5200 munium
986 5163 1051 5203 ac
1078 5142 1352 5218 curarum
1413 5142 1791 5218 immunitate,
1838 5155 1935 5212 uni

373 5212 509 5295 Deo,
541 5228 605 5295 ac
626 5212 693 5269 iis
715 5229 849 5295 quae.
869 5216 1228 5295 suntsalutis,
1254 5226 1534 5295 vacantes.
1560 5221 1677 5295 Illis
1721 5212 1854 5295 ergo
1903 5241 1935 5280 a

372 5282 709 5352 neglectiore
736 5282 923 5340 'victus
962 5286 1195 5348 ratione,
1247 5302 1312 5342 ac
1334 5282 1934 5348 muliercularumvcol-

370 5350 595 5427 loquiis,
632 5368 732 5427 per
764 5357 1088 5427 memoriam
1137 5356 1417 5427 obrepunt
1458 5359 1758 5426 dtemones,
1802 5364 1935 5419 dum

373 5422 570 5477 sedent
589 5422 844 5496 solitarii,
873 5440 939 5480 ac
961 5441 1087 5481 cum
1121 5442 1220 5496 per
1248 5422 1565 5489 solitudinis
1587 5422 1932 5489 occasionem

372 5504 433 5545 se
457 5493 867 5568 supra__levare
905 5493 1209 5568 deberent;
1259 5497 1481 5568 jamque
1526 5499 1582 5555 in
1613 5504 1935 5559 caelestibus

373 5561 786 5641 versari-Ll‘libil
811 5579 921 5641 e_re
949 5563 1153 5641 Obsop.
1175 5561 1510 5641 Ap'deincepg
1540 5587 1634 5641 per
1667 5575 1935 5631 memoria:

371 5630 819 5705 tranquillitatem
838 5630 1153 5705 ingreditur.
1201 5637 1280 5692 Ac
1334 5630 1630 5695 nec'Ge'sn.
1669 5630 1936 5697 Memoria:

370 5699 576 5759 iucami
591 5708 641 5754 et
665 5699 915 5757 securise'
929 5706 1185 5759 insinuat.
1219 5705 1311 5761 Sic
1358 5708 1621 5771 nimirum
1654 5711 1934 5767 Calvinia-

370 5782 478 5833 ms
523 5771 753 5840 candor,
794 5772 850 5831 nl
893 5774 1067 5846 magis
1102 5775 1393 5846 supinitas,
1444 5778 1637 5851 reique
1668 5782 1933 5839 ecclesia-

2079 1765 2211 1803 num
2241 1758 2496 1822 tanquam
2524 1751 2729 1806 bonum
2749 1749 3125 1806 azstimaverit.
3175 1746 3279 1814 Qui
3329 1746 3496 1819 igitur
3531 1746 3656 1801 talis

2077 1848 2185 1900 est,
2246 1840 2445 1910 copula
2485 1841 2757 1896 abutitur.
2804 1839 3071 1896 Similiter
3129 1851 3347 1908 quoque
3379 1836 3435 1890 in
3488 1835 3655 1891 rebus

2074 1929 2219 1992 aliis,
2247 1939 2412 2000 atque
2430 1931 2600 1985 animi
2624 1931 2821 1986 sensis.

2147 2020 2234 2076 l8.
2256 2020 2392 2077 Cum
2417 2023 2600 2095 itaque
2629 2023 2906 2078 daemones
2930 2030 3170 2077 mentem
3214 2030 3363 2075 tuam
3398 2035 3428 2074 a
3477 2018 3643 2074 casti-

2074 2113 2206 2168 tatis
2230 2129 2359 2170 arce
2390 2115 2681 2187 dejectam,
2721 2114 3078 2171 scortationis
3104 2129 3169 2169 ac
3215 2112 3463 2169 libidinis
3499 2111 3650 2181 cogi-

2074 2204 2377 2260 tationibus
2402 2206 2892 2271 circumdederiut,
2911 2216 3041 2262 tunc
3065 2206 3121 2261 in
3150 2205 3423 2277 lacrymas
3440 2201 3651 2256 ell‘usus

2074 2296 2250 2351 dicito
2298 2297 2367 2352 ad
2401 2298 2693 2353 Dominum
2728 2316 2742 2354 :
2779 2299 3061 2371 Ejicientcs
3105 2313 3187 2352 me
3239 2312 3378 2353 nunc
3420 2296 3648 2352 circum—

2069 2384 2328 2439 dederunt
2365 2404 2479 2453 me;
2515 2387 2800 2442 exsultatio
2830 2405 2946 2442 mea
2981 2403 3107 2441 erue
3134 2403 3216 2440 me
3243 2403 3275 2439 a
3304 2384 3648 2439 circumdan-

2069 2477 2204 2531 tibus
2232 2495 2313 2532 me
2343 2478 2387 2511 "
2411 2496 2426 2544 ;
2453 2489 2508 2534 et
2535 2479 2718 2535 salvus
2751 2480 2885 2535 eris.

2140 2568 2228 2623 l9.
2255 2567 2447 2623 Gravis
2480 2578 2566 2624 est
2598 2579 2656 2625 et
2688 2570 2954 2625 molestus
3000 2568 3355 2625 scortationis
3410 2567 3644 2631 daemon,

2066 2658 2560 2730 vehementiusque
2583 2675 2682 2716 eos
2714 2662 3020 2733 impugnat,
3066 2661 3162 2733 qui
3195 2661 3459 2717 adversus
3516 2658 3646 2715 libi.

2065 2748 2251 2804 dinem
2294 2759 2575 2806 certamen
2601 2760 2967 2825 susceperunt
2994 2770 3008 2806 :
3037 2752 3204 2824 idque
3235 2753 3470 2808 maxime
3516 2768 3644 2808 cum

2063 2841 2369 2911 neglectior
2391 2843 2574 2897 victus
2603 2842 2744 2898 ratio
2776 2852 2883 2909 est,
2918 2843 3049 2899 etin
3104 2843 3400 2915 colloquiis
3447 2844 3645 2900 mulie-

2064 2946 2208 2985 rum.
2246 2931 2587 3005 Imprudenti
2638 2934 2788 2988 enim
2829 2936 3129 3006 voluptatis
3157 2937 3414 2993 illecebra
3456 2937 3640 2995 animo

2065 3021 2357 3093 obrepens,
2399 3022 2751 3095 postmodum
2780 3041 2967 3083 secum
2999 3026 3198 3099 ipsum,
3225 3028 3449 3097 otioque
3478 3041 3642 3097 agen-

2066 3120 2198 3178 tem,
2227 3129 2326 3183 per
2355 3116 2678 3170 memoriam
2699 3118 3034 3187 aggredltur,
3074 3126 3189 3172 tum
3239 3132 3445 3189 corpus
3474 3116 3641 3171 ardo-

2066 3201 2220 3256 ribus
2246 3201 2570 3270 incendens,
2602 3213 2719 3257 tum
2756 3220 2886 3259 vero
2915 3205 3085 3262 menti
3136 3205 3386 3261 diversas
3435 3204 3640 3261 formas

2048 3290 2392 3351 'obtendens.
2415 3293 2543 3360 Has,
2567 3295 2611 3350 si
2635 3295 2689 3349 in
2724 3306 2775 3353 te
2801 3297 3005 3353 morari
3034 3297 3198 3362 nolis,
3227 3296 3499 3370 jejunium
3547 3312 3637 3352 as-

2063 3401 2219 3442 sume
2275 3395 2332 3441 et
2380 3386 2625 3444 laborem
2672 3397 2729 3443 et
2771 3387 3008 3459 vigilias,
3069 3388 3467 3459 honestamque
3510 3404 3635 3443 cum

2062 3477 2273 3548 prolixa
2320 3475 2482 3553 512
2513 3479 2765 3534 oratione
2790 3478 3038 3535 vacantis
3079 3478 3250 3534 animi
3289 3479 3531 3550 quietem
3573 3493 3637 3535 ac

2061 3567 2434 3623 solitudinem.

2128 3667 2215 3722 20.
2235 3667 2339 3736 Qui
2369 3668 2610 3725 animam
2634 3676 2881 3725 nostram
2904 3684 3124 3742 semper
3147 3680 3421 3741 quaerunt,
3443 3687 3544 3743 per
3569 3670 3624 3727 li-

2059 3757 2342 3814 bidinosas
2362 3765 2527 3829 atque
2539 3759 2673 3813 vitio
2691 3759 2962 3816 haerentes
2976 3761 3335 3831 cogitationes
3358 3768 3632 3832 quaarunt,

2060 3860 2121 3905 ut
2145 3848 2201 3903 in
2227 3857 2514 3919 peccatum
2557 3850 2705 3923 quod
2741 3850 2795 3904 in
2821 3858 3005 3906 mente
3040 3861 3315 3915 versatur,
3353 3852 3440 3907 vel
3483 3853 3635 3926 quod

2058 3936 2179 4008 ipso
2215 3948 2341 3992 actu
2365 3947 2638 4007 patratur,
2677 3938 3001 4010 conjiciant;
3021 3938 3127 3997 Ubi
3164 3940 3336 4015 igitur
3386 3939 3631 3995 animum

2056 4030 2157 4085 has
2182 4045 2294 4084 non
2341 4029 2723 4086 admittentem
2778 4031 3110 4099 invenerint,
3142 4038 3276 4086 tunc
3302 4030 3629 4086 erubescent

2056 4137 2121 4176 ac
2141 4121 2355 4193 pudore
2382 4121 2807 4189 suﬂ‘undentur;
2834 4122 2929 4178 ubi
2955 4131 3141 4178 autem
3172 4121 3407 4193 spiritali
3439 4137 3628 4177 vacan-

2056 4221 2164 4269 tem
2198 4213 2670 4284 contemplationi,
2692 4221 2824 4269 tunc
2859 4230 2919 4270 se
2944 4213 3001 4269 in
3022 4214 3204 4287 fugam
3233 4216 3545 4287 proripient
3570 4226 3627 4273 et

2053 4304 2461 4360 confundentur
2488 4305 2650 4360 valde
2690 4306 2954 4361 velociter
2969 4305 3036 4361 ι’.
3060 4284 3075 4303 “

2123 4397 2216 4453 21.
2237 4395 2462 4451 Diaeoni
2485 4412 2777 4468 personam
2807 4398 2972 4469 gerit,
3003 4397 3098 4469 qui
3123 4396 3190 4453 ad
3210 4412 3396 4455 sacros
3423 4413 3624 4469 agones

2051 4488 2297 4545 animum
2328 4488 2566 4561 inungit,
2596 4498 2761 4559 atque
2784 4490 2853 4544 ab
2880 4505 2947 4546 eo
2982 4490 3307 4548 libidinosas
3341 4490 3624 4563 cogitatio-

2050 4598 2151 4639 nes
2173 4580 2346 4654 abigit
2378 4600 2392 4638 :
2424 4582 2734 4654 presbyteri
2773 4591 2983 4648 autem,
3011 4584 3107 4656 qui
3145 4600 3333 4640 rerum
3391 4584 3624 4641 scientia

2050 4673 2308 4741 illustrat,
2335 4688 2400 4730 ac
2422 4672 2545 4730 falsi
2567 4675 2810 4732 nominis
2838 4676 3124 4736 scientiam
3154 4678 3468 4749 proscribit.
3492 4679 3621 4749 Epi-

2041 4947 2197 5025 sticte
2225 4948 2561 5025 ignorantia,
2584 4949 2711 5006 unis
2748 4950 2860 5009 illis
2891 4951 3226 5025 indulgenda
3262 4951 3357 5025 qui
3385 4967 3490 5008 nec
3509 4952 3617 5010 Ec-

2042 5018 2269 5073 clesiani
2300 5020 2530 5074 scivere.

2115 5087 2186 5158 (r)
2208 5090 2499 5144 Διακόνου
2534 5088 2721 5157 λόγον
2755 5088 2978 5159 ἐπέχει.
3004 5090 3214 5159 Obsop.
3240 5091 3473 5146 Him‘uri
3504 5110 3618 5148 ser-

2041 5173 2246 5231 nionem
2258 5159 2783 5231 sapienter-sustinet.
2802 5160 3008 5231 Inepte.
3030 5159 3200 5215 Paulo
3215 5162 3432 5222 melius.
3447 5163 3614 5222 Gesn.

2044 5226 2267 5285 Diaconi
2289 5226 2382 5285 seu
2401 5229 2639 5305 ministri
2668 5226 2930 5305 rationem
2956 5234 3197 5305 stistinet.
3235 5231 3614 5305 Πρεσϐυτέρου

2043 5311 2245 5351 nomen
2269 5297 2417 5367 quod
2439 5299 2660 5352 senioris
2710 5300 2875 5354 ambo
2925 5299 3187 5365 reddunt,
3221 5297 3332 5354 non
3387 5297 3617 5361 satis'ex

2042 5381 2145 5421 usu
2158 5367 2553 5440 ecclesiastico;
2573 5383 2640 5422 ex
2659 5384 2770 5437 quo
2788 5370 3077 5440 presbyteri
3094 5370 3335 5425 reddidi.
3356 5371 3503 5427 Bene
3524 5382 3610 5428 est

2040 5436 2189 5514 quod
2255 5436 2854 5514 Μιιιίωιιιι.ιιιιειιθιιὶίΔ
2901 5436 3299 5514 perfectionem
3362 5443 3611 5514 episcopi

2040 5505 2211 5579 dicit:
2242 5514 2379 5562 utet
2399 5506 2547 5578 quod
2579 5505 2793 5579 ungunt
2815 5505 3132 5565 Graecorum
3161 5505 3613 5568 minores'sacer-

2042 5576 2221 5640 dotes,
2278 5593 2390 5648 non
2418 5576 2940 5648 ~proprii'ipsorum
2996 5581 3244 5636 muneris
3285 5582 3377 5646 sit,
3412 5583 3509 5639 sed
3532 5584 3609 5642 ex

2042 5646 2402 5721 concessione
2424 5646 2487 5702 ac
2514 5646 2858 5721 indulgentia
2878 5649 3265 5721 episcOporum
3294 5651 3403 5707 illis
3440 5655 3604 5707 attri-

2044 5715 2279 5798 bu_tum:_
2317 5733 2442 5798 cum
2475 5715 2805 5798 tamen'per
2825 5715 3179 5798 Qeiiideniem
3230 5721 3355 5798 ej_us_
3391 5722 3479 5798 rei
3511 5723 3601 5783 in~

2041 5785 2330 5857 dulgendat
2349 5787 2601 5855 facultas,
2625 5785 2792 5844 unius
2816 5788 2890 5845 sit
2908 5790 3141 5848 Romani
3170 5785 3457 5853 antistitis.
