4084 6332
582 302 681 367 991
1741 308 1803 367 s.
1846 304 2131 365 MAXlMl
2168 302 2673 363 CONFESSORIS
3789 284 3902 345 992

587 410 742 482 Scopi
769 411 1027 483 denique,
1046 412 1140 483 qui
1164 428 1320 468 sacro
1349 422 1629 484 unguento
1648 414 1892 470 scientia:
1919 412 2154 467 adoran-
2181 422 2200 472 Λ

2280 410 2501 480 ἰώνυμον
2529 411 2731 479 γνῶσιν
2779 407 3154 480 ἐξαφανίζων·
3214 401 3553 459 ὲπισκοποῦ
3606 395 3697 458 δὲ.
3740 394 3776 447 ὅ

588 500 673 557 (ιε
699 512 1007 573 sancteque
1044 503 1327 558 Trinitatis
1358 504 1586 574 perlicit.

2275 500 2399 572 ίγίῳ
2435 502 2593 573 μύρῳ
2620 501 2844 555 τελειῶν
2887 501 2988 571 τῆς
3016 498 3271 569 γνώσεως
3312 494 3421 564 τῆς
3455 497 3888 560 προσκυνητης

1018 636 1025 643 .
2254 590 2348 643 καὶ
2393 591 2554 658 ἁγίας
2581 590 2831 659 Τριάδος.

659 672 745 729 22.
772 672 1121 731 lnﬁrmantur
1139 675 1434 739 daemones,
1458 674 1588 730 dum
1611 675 1707 746 qui
1730 675 1784 730 in
1816 675 1977 731 nobis
2019 674 2153 731 aﬂ‘e-

2323 678 2427 748 κβ⁹.
2475 677 2787 733 ’Δσθενοῦσι
2846 677 2945 748 μὲν
2998 675 3050 731 οί
3104 674 3386 744 δαίμονες,
3439 668 3590 753 ὅταν
3628 663 3727 716 διὰ
3770 659 3881 713 τῶν

588 769 709 817 ctus
739 772 946 820 suntac
964 766 1244 831 libidines,
1267 768 1519 822 mandata
1551 768 1861 837 praestando
1890 768 2153 823 minuun-

2269 768 2481 822 ἐντολῶν
2515 769 2775 840 μειῶνται
2804 768 2873 820 τὰ
2906 765 3054 835 πάθη
3091 764 3160 817 τά
3190 764 3249 815 ὲν
3293 763 3459 832 ἡμῖν·
3516 753 3882 811 ἀπόλλυνται

590 859 711 903 tur:
740 862 976 921 pereunt
1003 871 1153 920 vero,
1202 871 1328 911 cum
1360 867 1518 927 parta
1573 858 1743 912 animi
1781 858 2152 929 imperturba-

2266 857 2329 925 ἢ,
2356 861 2485 914 ὅταν
2512 863 2591 924 είς
2617 860 2770 924 τέλος
2803 859 2893 914 διὰ
2930 859 3031 927 τῆς
3058 855 3329 916 ἀπαθείας
3372 851 3483 921 τῆς
3525 845 3732 917 ψυχῆς
3789 842 3879 906 ἒξ-

586 938 755 1004 tione,
818 943 914 998 illo
971 945 1348 1018 proﬂigantur,
1385 964 1495 1003 non
1529 949 1763 1018 amplius
1810 949 2155 1005 invenientes

2264 952 2643 1020 ιφανίζωνται,
2679 952 2879 1023 μηκέτι
2910 949 3252 1020 εὑρίσκοντες
3297 945 3371 997 τὰ
3403 941 3480 996 δι’
3504 932 3593 992 ὧν
3636 940 3704 990 ὲν
3732 936 3877 1002 αὐτῇ

581 1032 785 1100 quibus
813 1034 867 1088 in
894 1052 962 1090 eo
994 1036 1329 1103 residebant,
1358 1054 1423 1095 ac
1452 1039 1598 1094 bello
1627 1040 1989 1095 lacessebant.
2037 1039 2151 1095 Sit-

2263 1042 2563 1112 εὑρίσκοντο
2611 1043 2705 1095 καὶ
2751 1042 3047 1112 ἐπολέμουν
3083 1038 3286 1107 αὐτήν·
3318 1034 3422 1089 καὶ
3452 1030 3638 1085 τοῦτο
3674 1028 3745 1080 ἂν
3788 1025 3876 1095 εἰη

577 1137 688 1189 que
706 1122 760 1177 id
793 1125 939 1193 quod
972 1126 1044 1181 ita
1078 1127 1288 1184 dictum
1313 1140 1427 1186 est:
1452 1130 1894 1200 Inﬁrmabuntur,
1925 1139 1976 1185 et
2004 1133 2148 1201 peri-

2264 1128 2330 1193 εδ,
2375 1129 2818 1197 Ἁσθενιὶσουσι,
2846 1130 2940 1184 καί
2964 1127 3339 1184 ἀπολοῦνται
3365 1121 3496 1178 ἀπὸ
3520 1117 3877 1189 προσώπου

578 1211 707 1266 bunt
742 1232 776 1267 α
809 1216 943 1284 facie
971 1227 1062 1272 tua
1091 1218 1157 1273 δι.
2249 1234 2386 1273 σου.

647 1300 738 1356 25.
772 1304 875 1359 Alii
899 1306 1184 1363 hominum
1216 1310 1457 1365 humano
1494 1311 1691 1367 timore
1730 1327 1788 1367 se
1811 1328 1842 1367 a
1863 1312 2015 1367 vitiis
2045 1312 2147 1367 ab-

2321 1315 2426 1377 κγ’.
2463 1310 2526 1363 Ol
2575 1311 2673 1379 μὲν
2707 1310 2817 1365 τῶν
2842 1309 3146 1382 ἀνθρώπων
3173 1309 3263 1363 διὰ
3286 1306 3462 1377 φόϐον
3495 1299 3873 1370 ἀνθρώπινον

574 1389 817 1459 stinent;
849 1395 963 1460 alii,
996 1396 1179 1452 inanis
1209 1399 1417 1470 gloriae;
1440 1401 1556 1464 alii,
1577 1401 1931 1459 continentia:
1958 1418 2144 1470 causa;

2259 1399 2355 1452 τῶν
2392 1399 2579 1454 παθῶν
2623 1402 2935 1472 ἀπέχονται·
2970 1403 3022 1455 οἱ
3062 1401 3141 1465 δὲ,
3173 1400 3264 1454 διὰ
3315 1393 3675 1462 κενοδοξίαν
3721 1390 3872 1443 ἄλλοι

576 1480 669 1533 alii
710 1482 947 1555 denique
980 1485 1047 1542 iis
1097 1488 1424 1557 liberantur,
1462 1491 1778 1547 divinorum
1807 1492 2146 1563 iudiciorum

2259 1490 2325 1552 Βὲ,
2344 1490 2412 1543 δι’
2433 1492 2782 1561 ἐγκράτειαν·
2809 1493 2988 1565 ἕτεροι
3010 1494 3086 1559 δὲ,
3111 1492 3200 1546 διά
3226 1491 3391 1545 θείων
3415 1486 3744 1558 κριμάτων
3763 1481 3872 1535 τῶν

578 1582 785 1629 terrore
816 1579 1088 1633 exterriti.

2248 1581 2438 1635 παθῶν
2457 1583 2889 1654 ἐλευθεροῦνται.

641 1664 732 1719 24.
764 1665 959 1723 Cuncti
983 1670 1199 1726 Domini
1233 1689 1538 1740 sermones,
1569 1686 1810 1746 quatuor
1842 1675 1962 1731 haec
1993 1693 2144 1732 com-
2179 1744 2209 1747 _

2322 1675 2419 1728 κδ’.
2445 1678 2653 1741 Πάντες
2675 1678 2725 1731 οἱ
2756 1676 2905 1747 λόγοι
2930 1677 3022 1730 τοῦ
3054 1675 3284 1746 Κυρίου,
3314 1674 3385 1728 τὰ
3420 1671 3698 1739 τέσσαρα
3729 1664 3865 1719 ταῦ-

573 1755 925 1827 plectuntur;
954 1762 1165 1819 scilicet
1213 1765 1491 1833 mandata,
1517 1744 1739 1823 decreta
1753 1783 1849 1823 seu
1866 1769 2144 1839 dogmata,
2177 1744 2186 1798 ¹

2251 1783 2312 1819 τα
2351 1769 2686 1840 περιέχουσι·
2719 1744 3099 1834 τάςγέντολάς,
3132 1744 3202 1821 τὰ
3232 1767 3509 1836 δόγματα,
3548 1762 3663 1823 τὰς
3702 1760 3864 1812 ἀπει-

575 1850 771 1915 minas,
806 1854 1075 1922 promissa
1109 1874 1122 1910 :
1157 1873 1487 1929 omnemque
1517 1859 1761 1915 durioris
1794 1861 1920 1915 vitaz
1976 1860 2146 1915 disci-

2247 1854 2364 1919 λάς.
2391 1858 2488 1921 τὰς
2524 1859 2876 1928 ἐπαγγελίας·
2912 1859 3006 1913 καὶ
3054 1859 3233 1911 πᾶσαν
3280 1852 3749 1925 σκληραγωγξαν
3775 1850 3860 1901 διὰ

572 1941 779 2010 plinam
838 1945 1177 2003 sustinemus
1211 1949 1430 2004 illorum
1486 1965 1685 2018 causa;
1731 1959 1864 2021 puta
1912 1953 2141 2023 jejunia,

2242 1945 2416 1998 ταῦτα
2438 1947 2802 2020 ὑπομένομεν·
2832 1938 2965 2013 οἷον,
2999 1948 3277 2018 νηστείας,
3308 1944 3663 2018 ἀγρυπνίας-
3701 1958 3855 2012 χαμ-

571 2032 806 2102 vigilias,
846 2035 1233 2104 humisternia,
1291 2040 1511 2096 labores
1549 2051 1607 2097 et
1667 2043 1947 2098 molestias
1999 2044 2143 2099 inter

2245 2038 2449 2103 ευνίας,
2514 2041 2718 2104 κόπους
2761 2043 2857 2095 καὶ
2888 2039 3121 2112 μόχθους
3156 2041 3214 2093 ὲν
3239 2037 3576 2100 διακονίαις,
3623 2035 3851 2104 ὕϐρεις,

576 2121 1025 2193 ministrandum,
1063 2127 1389 2198 injuriarum
1421 2132 1835 2201 procaeitatem,
1868 2132 2140 2198 infamias,

2244 2129 2488 2199 ἀτιμίας,
2525 2130 2906 2204 στρεϐλώσεις,
2939 2132 3230 2196 θανάτους,
3261 2131 3356 2184 καὶ
3386 2128 3459 2181 τὰ
3498 2128 3710 2197 ὃμοια.
3753 2126 3853 2179 Διὰ

572 2220 868 2279 tormenta,
907 2224 1134 2281 mortes,
1190 2225 1355 2288 atque
1401 2219 1489 2274 his
1515 2220 1732 2274 similia.
1760 2221 1851 2276 Ait
1878 2222 2090 2277 etenim
2124 2238 2140 2276 :

2244 2220 2353 2292 γὰρ
2389 2221 2530 2289 τοὺς
2580 2223 2802 2292 λόγους
2850 2223 2968 2277 τῶν
2996 2223 3216 2293 χειλῶν
3262 2236 3414 2286 σου,
3461 2220 3648 2290 φησὶν
3678 2259 3698 2284 ν
3736 2218 3850 2286 έτὺ

573 2300 797 2374 Propter
821 2306 977 2360 verba
1028 2306 1292 2363 Iabiorum
1332 2318 1547 2364 tuorum
1597 2328 1690 2383 ego
1738 2314 1990 2367 custodivi
2030 2319 2142 2368 vias

1464 2328 1547 2364 um
1597 2328 1690 2383 ego
1738 2314 1990 2367 custodivi
2030 2319 2142 2368 vias
2242 2312 2517 2381 ἐφύλαξα
2554 2313 2735 2382 ὀδοὺς
2781 2313 3077 2383 σκληράς.

568 2393 733 2450 duras
763 2396 830 2450 δ’.
1914 2392 1917 2395 ’

638 2487 728 2542 25.
755 2487 1123 2545 Continentiae
1151 2505 1386 2558 merces,
1412 2495 1692 2564 tranquilli
1724 2496 1893 2551 animi
1920 2497 2143 2553 habitus

2312 2497 2415 2547 κε’.
2449 2493 2658 2557 Μισθὸς
2707 2496 2808 2566 τῆς
2832 2494 3160 2564 ἐγκρατείας
3183 2535 3198 2558 ,
3250 2494 3283 2563 ἡ
3337 2490 3615 2546 ἀπάθεια·
3650 2493 3761 2562 τῆς
3788 2491 3841 2546 δὲ

567 2592 631 2633 ac
670 2578 1094 2649 imperturbatio
1142 2594 1269 2639 est:
1326 2583 1454 2639 lidei
1497 2593 1702 2651 autem,
1759 2587 2007 2642 scientia.
2062 2588 2177 2659 Ac,

2242 2580 2497 2645 πίστεως,
2527 2583 2561 2651 ή
2606 2581 2829 2651 γνῶσις·
2856 2584 2950 2637 καὶ
2982 2585 3015 2654 ἡ
3056 2584 3155 2654 μὲν
3195 2582 3457 2646 ἀπάθεια,
3508 2582 3701 2635 τίκτει
3741 2584 3840 2651 τὴν

566 2668 789 2740 quidem
823 2668 1265 2743 imperturbatio,
1278 2675 1702 2745 discretionem;
1722 2679 1957 2735 scientia
1985 2696 2137 2749 vero,

2239 2669 2529 2740 διάκρισιν·
2561 2674 2595 2742 ὴ
2626 2672 2683 2725 δὲ
2720 2671 2942 2742 γνῶσις,
2987 2674 3087 2744 τὴν
3133 2675 3216 2738 είς
3244 2672 3378 2728 Θεὸν
3427 2672 3667 2745 ἀγάπην
3720 2672 3833 2745 [Fu

566 2761 892 2819 charitatem
932 2765 991 2820 in
1021 2766 1197 2822 Deum
1232 2769 1401 2839 parit.

1194 2789 1197 2821 ι
1232 2769 1401 2839 ρει-η.
2238 2758 2337 2829 τὴν
2367 2757 2516 2812 θείαν
2539 2759 2807 2833 ἀγάπην].

629 2852 722 2916 96.
760 2853 912 2909 Mens
946 2856 1051 2911 rite
1089 2858 1307 2915 actione
1334 2858 1658 2931 defungens,
1693 2860 1761 2915 ad
1788 2862 2138 2932 prudentiam

2310 2850 2423 2915 κς’.
2452 2849 2770 2924 Πρακτικὴν
2826 2852 2925 2923 μὲν
2969 2855 2998 2907 ό
3040 2852 3169 2917 νοῦς
3199 2852 3513 2925 κατορθῶν,
3568 2855 3658 2918 είς
3694 2854 3832 2924 φρόη

564 2943 823 3017 proﬁcit;
862 2945 1097 3017 fungens
1130 2964 1262 3003 vero
1325 2951 1816 3020 contemplatione,
1845 2954 1916 3010 ad
1958 2956 2142 3012 scien-

2238 2957 2395 3011 νησιν
2423 2942 2758 3013 προκόπτει·
2792 2942 3136 3015 θεωρητικὴν
3183 2944 3266 3006 δὲ,
3323 2944 3406 3008 είς
3452 2943 3689 3013 γνῶσιν.
3720 2945 3830 3015 Τῆς

561 3036 719 3103 tiam.
753 3035 831 3091 Ac
860 3037 1065 3105 prioris
1086 3038 1310 3107 quidem
1365 3039 1541 3093 munii
1568 3048 1675 3105 est,
1708 3051 1772 3098 ut
1813 3045 1881 3100 ad
1913 3046 2138 3105 virtutis
2163 3092 2174 3141 γ

2243 3031 2343 3102 μὲν
2364 3032 2473 3103 γάρ
2514 3034 2684 3098 ἐστιν,
2734 3036 2816 3098 είς
2839 3035 3113 3107 διάκρισιν
3139 3036 3345 3106 ἀρετῆς
3373 3037 3474 3089 καὶ
3497 3037 3708 3101 κακίας
3736 3040 3832 3107 9r;-

561 3135 726 3196 atque
749 3124 868 3180 vitii
897 3127 1308 3194 discretionem,
1337 3137 1637 3186 certantem
1665 3133 1940 3204 adducat;
1998 3139 2136 3195 alte-
2164 3124 2174 3141 ’

2295 3141 2357 3176 ειν
2380 3124 2473 3177 τὸν
2496 3124 2928 3195 ἀγωνιζόμενον·
2975 3127 3078 3197 τῆς
3104 3127 3185 3192 δὲ,
3235 3128 3319 3192 είς
3344 3128 3479 3191 τοὺς
3521 3129 3658 3199 περὶ
3684 3130 3830 3181 ἀσω-

563 3217 681 3272 rius
714 3233 869 3282 vero,
898 3227 960 3272 ut
995 3233 1122 3273 eum
1159 3220 1253 3290 qui
1294 3220 1444 3276 illius
1465 3222 1742 3295 particeps
1763 3227 1853 3292 sit,
1874 3228 1943 3283 ad
1970 3230 2135 3299 spiri-

2242 3216 2430 3283 μάτων
2455 3216 2550 3270 καὶ
2578 3218 2849 3289 σωμάτων
2879 3217 3071 3288 λόγους
3104 3220 3267 3288 ἄγειν
3293 3220 3392 3274 τὸν
3426 3220 3683 3293 μέτοχον.
3719 3221 3828 3291 Τῆς

557 3323 717 3378 tuum
744 3327 1151 3382 corporumque
1179 3311 1342 3384 413
1366 3313 1609 3369 rationes
1636 3318 1922 3386 provehat.
1950 3320 2136 3377 Gratia

2236 3308 2293 3361 δὲ
2336 3308 2656 3381 θεολογικῆς
2701 3309 2945 3382 χάριτος,
2996 3311 3377 3383 τοτηνικαῦτα
3430 3313 3824 3379 καταξιοῦται,

559 3413 751 3467 autem
802 3403 1117 3474 theologica
1146 3413 1281 3458 tunc
1312 3404 1535 3459 demum
1572 3405 1853 3477 dignatur,
1888 3427 2012 3466 cum
2049 3414 2138 3470 bis

2235 3399 2470 3469 ὁπηνίκα
2502 3401 2570 3454 τὰ
2596 3400 2971 3473 προειρημένα
2998 3403 3178 3456 πάντα
3207 3402 3305 3458 διὰ
3332 3404 3448 3458 τῶν
3478 3406 3586 3475 τῆς
3613 3407 3827 3476 ἀγάπης

557 3513 683 3568 quae
730 3497 879 3552 dicta
916 3505 1064 3560 sunt,
1124 3496 1385 3551 omnibus
1448 3499 1740 3567 superatis,
1775 3513 2043 3575 naetaque
2074 3516 2137 3562 ut

2236 3491 2453 3561 πτερῶν
2479 3491 2835 3562 διαπεράσας,
2864 3492 2960 3547 καὶ
2989 3493 3049 3544 ὲν
3069 3490 3195 3564 Θεῷ
3223 3495 3557 3567 γενόμενος,
3585 3497 3678 3551 τδν
3708 3499 3827 3568 περὶ

558 3590 636 3646 sit
663 3589 717 3643 in
750 3588 884 3648 Deo,
906 3598 1037 3657 quae
1074 3589 1222 3645 circa
1254 3590 1427 3647 Deum
1459 3602 1563 3659 est,
1594 3594 1887 3662 rationem,
1934 3612 2033 3666 pro
2066 3614 2134 3654 eo

2236 3580 2402 3635 αὐτοῦ
2440 3581 2597 3650 λόγον
2628 3581 2718 3635 διὰ
2749 3580 2843 3635 τοῦ
2883 3582 3225 3653 πνεύματος,
3268 3585 3352 3650 ὡς
3383 3589 3721 3661 ἀνθρωπίνῳ
3758 3588 3829 3661 νῷ

554 3697 624 3749 ac
658 3680 913 3734 humana:
946 3680 1116 3734 menti
1139 3696 1461 3737 concessum
1479 3691 1585 3749 est,
1610 3701 1709 3755 per
1732 3686 1986 3755 spiritum
2009 3704 2135 3744 con-

1273 3696 1461 3737 :essum
1479 3691 1585 3749 est,
1610 3701 1709 3755 per
1732 3686 1986 3755 spiritum
2009 3704 2135 3744 con-
2234 3671 2480 3740 δυνατὸν,
2508 3673 2886 3743 διασκοπήσειι

555 3774 841 3831 siderabit.

622 3866 713 3923 27.
739 3866 946 3922 Divinze
980 3866 1254 3934 scientiae,
1281 3867 1502 3939 Deoque
1536 3883 1762 3940 operam
1794 3881 2129 3938 navaturus,

2307 3855 2407 3919 κζ’.
2438 3858 2457 3878 ⁸
2489 3854 2774 3925 Θεολογεῖν
2805 3854 3038 3928 μέλλων,
3085 3858 3165 3928 μὴ
3206 3859 3346 3924 τοὺς
3380 3862 3512 3915 κατ’
3558 3864 3724 3918 αὐτὸν
3750 3863 3835 3937 ζη-

553 3974 624 4015 ne
664 3957 810 4029 ipsas
850 3959 971 4029 ejus
1009 3955 1257 4015 rationes
1291 3958 1554 4029 exquiras
1597 3958 1801 4032 (neque
1837 3961 1986 4015 enim
2023 3962 2132 4018 ulla

2233 3948 2405 4019 τήσῃς
2440 3946 2633 4015 λόγους
2694 3949 2799 4021 (oti-
2825 3948 2901 4019 μὴ
2947 3947 3059 4018 γὰρ
3092 3948 3238 4022 εὕρῃ
3275 3953 3647 4023 ἀνθρώπινος
3679 3957 3798 4020 νοῦς
3821 3971 3834 3987 ’

555 4066 800 4122 unquam
847 4049 1090 4106 humana
1137 4058 1323 4107 mente
1370 4059 1501 4107 sunt
1545 4052 2024 4123 pervestigabiles;
2075 4060 2133 4108 at

2232 4040 2350 4096 ἀλλ’
2389 4040 2509 4094 οὐδὲ
2561 4041 2719 4096 ἄλλου
2767 4043 2911 4106 τινὸς
2958 4040 3069 4095 τῶν
3116 4043 3271 4114 μετά
3309 4046 3503 4119 Θεὸν),
3557 4049 3700 4104 ἀλλά
3727 4050 3839 4112 τοὺς

552 4161 733 4216 neque
774 4146 943 4201 ullius
985 4145 1235 4212 alterius,
1265 4161 1482 4213 eorum,
1509 4161 1631 4217 quae
1667 4161 1698 4201 a
1741 4147 1853 4202 Deo
1888 4147 2128 4203 secunda

2233 4133 2361 4204 περὶ
2391 4133 2586 4200 αὑτὸν,
2622 4134 2699 4197 ὡς
2729 4128 2842 4187 οἷόν
2863 4151 2925 4187 τε
2949 4177 2964 4201 ,
2995 4134 3321 4192 διασκόπει.
3353 4133 3490 4193 Οἷον
3535 4142 3671 4206 τοὺς
3725 4142 3841 4211 περὶ

553 4235 703 4308 sunt)
740 4236 836 4291 sed
867 4251 1061 4291 eorum
1092 4248 1217 4306 qua:
1247 4237 1397 4292 circa
1426 4244 1586 4302 sunt,
1613 4235 1794 4307 quoad
1827 4252 1928 4306 per
1954 4236 2129 4292 facul-

2231 4223 2529 4294 ἀῖδιότητος
2551 4265 2566 4288 ,
2598 4225 2855 4297 ἀπειρίας
2887 4242 2947 4279 τε
2981 4227 3077 4279 καὶ⁵
3114 4227 3423 4297 ἀοριστίας
3447 4271 3464 4297 ,
3503 4233 3843 4303 ἀγαθότητός

551 4336 722 4382 tatem
753 4327 1003 4392 licuerit,
1029 4327 1267 4398 dispice;
1301 4336 1433 4398 puta
1461 4327 1814 4393 aeternitatis,
1844 4326 2128 4385 inﬁnitatis

2231 4333 2291 4368 τε
2320 4316 2415 4369 καὶ
2444 4315 2639 4385 σοφίας
2684 4317 2778 4369 καὶ
2809 4316 3130 4385 δυνάμεως,
3167 4318 3610 4393 δημιουργικῆς
3653 4342 3716 4387 τε
3761 4328 3844 4379 καὶ

551 4434 617 4475 ac
678 4417 1105 4483 immensitatis,
1169 4418 1544 4490 bonitatisque
1605 4428 1663 4473 et
1728 4418 2011 4489 sapientiae
2070 4410 2164 4474 et]

2233 4404 2613 4477 προνοητικῆς,
2649 4406 2742 4457 καὶ
2768 4404 3023 4474 κριτικῆς
3047 4403 3164 4458 τῶν
3199 4406 3408 4467 ὄντων.
3445 4406 3630 4476 Οὗτος
3664 4413 3774 4485 γὰρ
3797 4415 3846 4466 ἐν

551 4508 835 4577 potentiae,
862 4507 1068 4577 quibus
1096 4525 1185 4564 res
1211 4510 1481 4576 condidit,
1512 4510 1729 4581 illisque
1761 4511 2033 4580 providet,
2064 4527 2130 4567 ac

2235 4495 2538 4568 ἀνθρώποις
2572 4494 2746 4567 μέγας
2781 4494 3031 4564 θεολόγος
3050 4535 3067 4563 ,
3123 4498 3155 4551 ό
3187 4498 3418 4560 τούτων
3468 4502 3610 4567 τοὺς
3665 4504 3848 4570 λόγους

546 4596 757 4667 judicio
802 4596 971 4671 regit.
1024 4595 1125 4651 Hic
1183 4599 1333 4653 enim
1393 4599 1540 4653 inter
1590 4600 1850 4654 mortales
1900 4614 2129 4670 magnus

1314 4614 1333 4651 ι
1393 4599 1540 4653 inter
1590 4600 1850 4654 mortales
1900 4614 2129 4670 magnus
2230 4590 2331 4648 κᾶν
2360 4589 2543 4654 ποσῶς
2576 4588 2927 4660 ἐξευρίσκων-

548 4677 841 4759 theologus
872 4693 976 4753 est,
998 4686 1093 4756 qui
1125 4688 1326 4743 horum
1354 4687 1605 4751 rationes
1636 4688 1903 4758 tantisper
1932 4689 2125 4745 saltem

549 4779 853 4847 adinvenit.

616 4869 706 4925 28.
733 4870 827 4925 Ille
850 4869 938 4924 vir
961 4876 1159 4940 potens
1187 4879 1292 4936 est,
1324 4870 1417 4940 qui
1452 4868 1741 4925 scientiam
1768 4871 1971 4926 actioni
1988 4887 2122 4928 con-

2296 4860 2401 4946 κηδ.
2434 4872 2672 4935 Δυνατδς
2698 4871 2859 4945 ἀνὴρ,
2884 4872 2912 4924 ό
2940 4873 3007 4942 τῇ
3037 4871 3248 4942 πράξει
3283 4873 3396 4944 τὴν
3418 4876 3642 4944 γνῶσιν
3671 4880 3853 4945 magis.

542 4961 745 5033 iunxit.
783 4961 920 5016 Nam
965 4961 1138 5016 altera
1182 4961 1438 5034 quidem,
1484 4961 1841 5033 cupiditatem
1888 4972 2126 5021 macerat

2243 4968 2341 5031 ξας,
2375 4966 2455 5037 τῇ
2494 4964 2593 5036 μὲν
2621 4963 2732 5035 γὰρ
2756 5003 2772 5029 ,
2816 4961 2914 5033 τὴν
2947 4961 3257 5031 ἐπιθυμίαν
3299 4966 3589 5038 μαραίνει
3629 4972 3732 5025 καὶ
3773 4973 3856 5027 τὸν

545 5042 796 5124 iramque
821 5055 1006 5121 sedat;
1033 5056 1205 5110 altera
1226 5070 1381 5122 vero,
1404 5064 1589 5111 mente
1612 5053 1865 5112 sublimis
1881 5056 2048 5121 volat,
2071 5065 2128 5113 et

2241 5059 2397 5129 >υμὸν
2440 5057 2677 5129 ἡμεροῖ·
2733 5057 2802 5126 τῇ
2855 5055 2949 5119 δὲ,
3001 5054 3092 5107 τὸν
3120 5055 3257 5110 νοῦν
3292 5063 3511 5133 πτεροῖ
3542 5100 3560 5126 ,
3594 5064 3700 5117 καὶ
3727 5066 3854 5134 πρὸς

545 5147 600 5221 in
629 5147 801 5201 Deum
830 5146 1071 5203 excedit.

2223 5148 2357 5202 Θεὸν
2381 5147 2511 5218 ἐκδη
2520 5148 2629 5218 μεϊ.
2682 5159 2694 5170 ⁸

614 5238 705 5293 29.
750 5238 889 5297 Cum
934 5239 1070 5294 dicit
1116 5240 1383 5298 Dominus
1430 5260 1444 5296 :
1500 5242 1612 5313 Ego
1660 5251 1708 5296 et
1754 5240 1918 5296 Pater
1958 5258 2122 5295 unum

2296 5243 2399 5295 κθ’.
2438 5241 2606 5294 Ὅταν
2627 5237 2762 5309 λέγῃ
2807 5235 3038 5307 Κύριος·
3076 5237 3250 5305 Ἐγὼ,
3308 5244 3420 5297 καὶ
3456 5249 3495 5300 ό
3526 5250 3770 5320 Πατὴρ,
3796 5258 3854 5314 ἓν

544 5331 815 5400 sumus“,
849 5333 1099 5387 eamdem
1145 5348 1268 5389 esse
1316 5335 1610 5390 essentiam
1658 5331 1949 5405 signiﬁcat.
1984 5332 2122 5388 Cum

2241 5332 2421 5397 ἐσμεν
2449 5369 2464 5393 ,
2516 5329 2580 5383 τδ
2619 5327 2815 5381 ταυτὸν
2859 5327 2957 5396 τῆς
3003 5327 3202 5387 οὐσίας
3248 5336 3567 5403 σημαίνει,
3601 5340 3779 5394 Ὅταν
3806 5341 3854 5393 δὲ

546 5435 680 5490 vero
708 5421 909 5481 iterum
941 5423 1052 5479 ait:
1084 5424 1197 5496 Ego
1228 5429 1284 5481 in
1313 5426 1496 5494 Patre,
1522 5435 1572 5481 et
1598 5426 1763 5481 Pater
1788 5426 1844 5479 in
1861 5442 1942 5479 me
1957 5432 2031 5479 est
2052 5425 2118 5491 “,

2238 5419 2390 5475 πάλιν
2418 5418 2551 5489 λέγῃ
2574 5434 2588 5449 ·
2632 5416 2779 5487 Ἐγὼ
2805 5415 2875 5469 ἐν
2902 5412 2982 5480 τῷ
3027 5417 3242 5485 Harp),
3278 5421 3394 5480 καί
3452 5427 3492 5479 ὁ
3541 5429 3764 5506 Πατὴρ
3793 5431 3851 5487 ἐν

580 5557 622 5608 ιι
653 5558 793 5612 Psal.
833 5576 909 5627 ix,
940 5563 994 5616 4.
1072 5562 1118 5594 ⁸³
1161 5564 1302 5620 Psal.
1341 5582 1448 5626 ινι,
1477 5566 1564 5621 Η.
1640 5565 1686 5599 ⁸⁸
1712 5566 1869 5622 Joan.
1907 5582 1960 5631 x,
1991 5564 2078 5619 50.
2155 5560 2193 5594 ⁴⁴

886 5600 909 5627 ,,
940 5563 994 5616 4.
1072 5562 1118 5594 δ’
1161 5564 1302 5620 Psal.
1341 5582 1448 5626 xw,
1477 5566 1564 5621 Η.
1640 5565 1686 5599 ⁸⁸
1712 5566 1869 5622 Joan.
1907 5582 1960 5631 x,
1991 5564 2078 5619 50.
2155 5560 2201 5594 “
2241 5559 2376 5615 ibid.
2410 5558 2499 5613 58.

627 5699 642 5731 '-
672 5692 897 5765 Eadcm.
933 5694 1045 5761 fere
1076 5707 1219 5751 cent.
1251 5715 1289 5764 ι,
1324 5716 1372 5753 c.
1405 5701 1504 5762 ult.
