4140 6322
324 372 430 439 993

1237 371 1569 434 CAPITUM
1609 373 1708 434 DE
1745 373 2174 434 CHARITATE
2210 374 2600 437 CENTURIA
2639 376 2722 437 ΙΙ.

3462 376 3573 439 994

324 478 457 548 ἐμοὶ
478 517 494 543 ,
522 477 585 530 τὸ
622 475 927 549 ἀχώριστον
971 475 1121 548 δηλοῖ
1157 478 1263 532 τῶν
1291 480 1661 535 ὑποστάσεων.
1714 482 1776 535 Οί
1808 475 1900 534 οὖν

2011 480 2295 537 indivisam
2346 497 2704 551 personarum
2750 481 3192 554 conjunctioncm
3236 481 3571 539 manifestat.

336 567 611 641 Γριθεῖται
650 568 977 639 χωρίζοντες
1010 567 1104 623 τοῦ
1134 569 1346 641 Πατρὸς
1376 569 1469 624 τὸν
1504 571 1659 636 Υἱδν,
1690 572 1770 633 εἰς
1796 573 1904 642 άμ-

327 664 640 732 ιιςίκρημνον
670 661 1059 731 ἐμπίπτουσιν.
1097 660 1168 715 Ἦ
1207 661 1318 731 γὰρ
1356 663 1627 717 ωναῖδιον
1655 662 1905 731 λέγοντες

326 753 406 825 τῷ
451 753 628 826 Ηατρὶ
658 752 752 807 τὸν
785 752 914 807 Υἱδν
936 792 953 819 ,
986 754 1310 824 χωρίζοντες
1342 754 1399 807 δὲ
1439 755 1603 809 αὐτὸν
1632 755 1691 822 ἐξ
1718 754 1902 821 αὐτοῦ,

327 849 736 917 ἀναγκάζονται
781 847 960 917 λέγειν
996 848 1072 920 μὴ
1100 848 1160 914 ἐξ
1189 848 1355 902 αὐτοῦ
1391 849 1765 920 γεγεννῆσθαι,
1813 849 1906 903 καὶ

330 943 592 1011 ἐμπεσεῖν
620 942 702 1004 εἰς
727 940 790 994 τὸ
816 942 964 1010 τρεῖς
985 940 1165 1009 λέγειν
1187 942 1377 1006 Θεοὺς,
1407 941 1502 995 καὶ
1533 944 1683 1012 τρεῖς
1706 942 1902 1012 ἀρχάς·

331 1033 365 1103 ἢ
405 1033 466 1098 ὲξ
510 1031 676 1088 αὑτοῦ
723 1031 1078 1103 γεγεννῆσθαι
1123 1032 1373 1101 λέγοντες
1402 1074 1417 1098 ,
1455 1033 1779 1107 χωρίζοντες
1827 1034 1904 1102 δὲ,

333 1123 737 1195 ἀναγκάζονται
770 1124 952 1192 λέγειν
995 1123 1071 1196 μὴ
1103 1125 1367 1179 συναΐδιον
1413 1121 1552 1180 εἶναι
1597 1125 1675 1196 τῷ
1712 1127 1904 1197 Πατρὶ,

332 1218 429 1271 καὶ
455 1218 679 1288 ποιῆσαι
727 1216 832 1270 ὑπὸ
875 1217 1064 1288 χρόνον
1109 1216 1203 1271 τὸν
1243 1217 1354 1272 τῶν
1381 1218 1587 1289 χρόνων
1617 1218 1903 1289 δεσπότην.

331 1311 455 1381 Χρὴ
494 1304 603 1381 γὰρ
651 1310 750 1364 καὶ
792 1309 886 1364 τὸν
935 1309 1031 1364 ἕνα
1070 1308 1204 1363 Θεὸν
1247 1311 1471 1381 τηρεῖν,
1510 1310 1732 1374 καὶτὰς
1759 1313 1908 1383 τρεῖς

335 1401 664 1465 ὑποστάσεις
690 1401 1007 1473 ὁμολογεῖν,
1052 1401 1195 1456 κατὰ
1227 1402 1319 1456 τὸν
1361 1402 1535 1472 μέγαν
1568 1404 1869 1476 Γρηγόριον
1888 1421 1903 1436 ·

335 1494 433 1547 καὶ
450 1493 690 1563 ἑκάστην
721 1495 861 1563 μετὰ
884 1492 982 1564 τῆς
1013 1492 1295 1562 ἰδιότητος.
1351 1495 1462 1549 Kal.
1490 1494 1598 1566 γὰρ
1631 1514 1650 1547 ι
1685 1495 1909 1565 διαιρεῖ-

286 1594 299 1604 ·
333 1604 426 1640 ται
469 1605 488 1638 ι
525 1587 663 1657 μὲν,
695 1585 810 1640 ἀλλ’
840 1604 860 1638 ι
900 1585 1258 1659 ἀδιαιρέτως,
1296 1585 1438 1641 κατὰ
1485 1586 1575 1640 τὸν
1619 1587 1780 1640 αὐτὸν
1813 1585 1908 1641 καὶ

338 1677 667 1730 συνάπτεται
702 1678 824 1747 μὲν,
877 1676 1227 1747 διῃρημένως
1257 1676 1339 1743 δέ,
1364 1695 1382 1727 ι
1443 1678 1554 1731 Καὶ
1596 1677 1685 1731 διὰ
1726 1676 1902 1743 τοῦτο,

335 1766 647 1840 παράδαξος
703 1766 796 1820 καὶ
841 1766 875 1839 ή
933 1767 1195 1839 διαίρεσις
1256 1769 1351 1821 καὶ
1398 1767 1432 1838 ή
1489 1767 1698 1832 ῑνωσις.
1753 1768 1904 1821 Ἐπεὶ

335 1860 389 1912 τί
428 1858 540 1930 ἔχει
567 1859 629 1912 τὸ
659 1859 965 1931 παράδοξον
991 1859 1081 1931 (ε),
1128 1861 1178 1912 εί
1213 1860 1289 1924 ὡς
1321 1858 1608 1929 ἄνθρωπος
1636 1858 1908 1931 ἀνθρώπῳ

335 1949 542 2021 ἦνωταί
591 1967 655 2004 τε
708 1950 802 2005 καὶ
833 1948 1205 2023 κεχώρισται,
1251 1948 1394 2005 οὕτω
1438 1950 1532 2005 καὶ
1574 1951 1605 2003 ὁ
1660 1952 1785 2016 Υἱὸς
1829 1950 1908 2022 τῷ

335 2041 532 2113 Πατρὶ,
561 2042 655 2096 καὶ
679 2042 832 2096 οὐδὲν
855 2042 1016 2096 πλέον
1039 2059 1053 2108 ;

403 2134 470 2187 λ’.
520 2134 581 2187 '0
607 2132 814 2198 τέλειος
842 2135 901 2187 ὲν
928 2133 1120 2206 ἀγάπη
1144 2172 1159 2198 ,
1190 2133 1285 2188 καὶ
1314 2134 1394 2198 είς
1440 2132 1610 2205 ἄκρον
1635 2133 1909 2199 ἀπαθείας

335 2225 526 2291 ἐλθὼν,
558 2226 657 2279 οὐκ
688 2224 980 2279 ἐπίσταται
1016 2225 1281 2298 διαφορὰν
1313 2225 1446 2278 ἰδίου
1477 2226 1571 2279 καὶ
1601 2226 1905 2298 ἀλλοτρίου,

331 2316 369 2387 ἢ
415 2315 554 2379 ἰδίας
592 2315 688 2369 καὶ
720 2315 1011 2386 ἀλλοτρίας
1034 2355 1049 2380 ,
1107 2315 1141 2386 ἢ
1197 2315 1392 2371 πιστοῦ
1431 2317 1527 2371 καὶ
1569 2317 1831 2381 ἀπίστου,
1874 2316 1906 2388 ἢ

333 2409 525 2464 δούλου
564 2410 659 2464 καὶ
697 2409 1003 2482 ἐλευθέρου,
1036 2408 1069 2480 ἢ
1102 2409 1240 2474 ὅλως
1266 2410 1497 2482 ἄρσενος
1528 2414 1623 2466 καὶ
1651 2411 1867 2481 θηλείας
1891 2427 1905 2443 ⁸

335 2498 739 2569 ἀλλ’άνώτερος
763 2499 864 2570 τῆς
897 2500 1006 2555 τῶν
1029 2499 1222 2554 παθῶν
1250 2501 1566 2570 τυραννίδος
1595 2502 1906 2572 γενόμενος,

337 2590 435 2643 καὶ⁵
476 2591 558 2652 εἰς
582 2588 681 2661 τὴν
724 2589 855 2660 μίαν
901 2589 1066 2659 φύσιν
1105 2587 1220 2642 τῶν
1258 2588 1566 2661 ἀνθρώπων
1608 2589 1912 2643 ἀποϐλεπό-

341 2697 524 2751 μενος,
547 2679 758 2744 πάντας
779 2679 839 2746 ὲξ
866 2678 979 2733 τσου
1009 2678 1224 2751 θεωρεῖ,
1251 2681 1348 2733 καὶ
1377 2680 1514 2751 πρὸς
1541 2681 1747 2743 πάντας
1782 2681 1912 2743 ἴσως

339 2771 633 2825 διάκειται.
660 2770 776 2824 Οὐκ
807 2768 924 2822 εστι
949 2768 1058 2840 γάρ
1101 2771 1160 2823 ὲν
1193 2770 1345 2841 αὺτῷ
1384 2770 1587 2843 Ἕλλην
1632 2772 1728 2825 καὶ
1779 2771 1910 2824 Ἰου-

336 2865 504 2926 δαῖος,
540 2862 664 2916 οὐδὲ
695 2862 866 2926 ἄρσεν
891 2862 986 2915 καὶ
1026 2861 1183 2926 θῆλυ,
1236 2861 1355 2915 οὐδὲ
1398 2861 1585 2926 δοῦλος
1634 2863 1727 2917 καὶ
1755 2862 1912 2916 ἐλεύ-

342 2956 499 3026 θερος
527 2968 540 2984 ·
573 2952 712 3007 ἀλλὰ
735 2953 804 3007 τὰ
836 2952 1016 3006 πάντα
1055 2953 1146 3006 καὶ
1180 2953 1241 3006 ὲν
1276 2954 1413 3006 πᾶσι
1440 2954 1699 3025 Χριστός.

411 3044 514 3098 λα’.
573 3042 670 3095 Ἐκ
717 3041 824 3095 τῶν
866 3041 1247 3112 ὑποκειμένων
1292 3042 1351 3095 ἐν
1395 3044 1461 3114 τῇ
1507 3042 1652 3114 ψυχῇ
1699 3043 1909 3107 παθῶν,

2006 573 2194 642 ltaque
2236 574 2558 641 Tritheitaz,
2606 575 2697 645 qui
2749 574 2948 629 Filium
2996 589 3029 629 a
3070 574 3229 630 Patre
3279 587 3572 645 separant,

2006 665 2266 736 utrinque
2314 667 2367 720 in
2420 660 2784 738 praecipitium
2832 666 3055 721 cadunt.
3099 666 3208 720 Aut
3251 666 3397 721 enim
3442 668 3572 721 dum

2004 756 2206 811 Filium
2251 757 2399 812 Patri
2439 770 2770 814 coaeternum
2816 759 3036 823 docent,
3068 772 3133 813 ac
3172 766 3355 813 tamen
3399 760 3467 814 ab
3507 776 3574 815 eo

2006 849 2335 919 sejungunt,
2382 864 2608 905 necesse
2653 850 2860 904 habent
2905 857 2963 903 ut
3009 865 3076 904 ex
3116 864 3184 904 eo
3223 859 3412 904 natum
3452 866 3573 906 esse

2006 948 2229 1010 negent,
2255 956 2431 1011 eoque
2463 942 2717 1007 evadant,
2747 950 2806 996 ut
2835 950 2950 995 tres
2974 941 3116 995 Deos
3141 955 3205 994 ac
3232 941 3337 995 tria
3366 942 3573 1011 princi-

2006 1031 2096 1102 pia
2139 1031 2353 1098 dicant;
2403 1041 2664 1087 aut'cum
2713 1048 2780 1088 ex
2825 1033 2920 1088 illo
2964 1040 3154 1088 natum
3198 1041 3467 1098 statuant,
3511 1049 3575 1087 ac

2006 1130 2190 1177 tamen
2239 1124 2547 1194 sejungant,
2577 1139 2802 1180 necesse
2846 1134 2932 1179 est
2970 1132 3033 1179 ut
3075 1124 3261 1180 dicant
3301 1142 3408 1180 non
3452 1143 3575 1178 esse

2009 1221 2341 1268 coaeternum
2375 1214 2544 1279 Patri,
2572 1215 2913 1285 temporique
2955 1207 3260 1286 temporum
3296 1226 3573 1271 auctorem

2008 1306 2322 1378 subjiciam.
2358 1306 2596 1362 Necesse
2640 1307 2788 1362 enim
2834 1317 2951 1372 est,
2988 1317 3048 1363 ut
3089 1318 3146 1363 et
3187 1324 3357 1364 unum
3404 1311 3575 1365 Deum

2007 1404 2315 1464 teneamus,
2341 1405 2398 1453 et
2429 1406 2543 1453 tres
2572 1412 2857 1467 personas,
2883 1406 2946 1453 ut
2970 1399 3152 1470 magni
3176 1396 3426 1470 Gregorii
3454 1415 3580 1455 sen-

2007 1491 2182 1546 tentia
2223 1498 2308 1546 est
2332 1492 2371 1556 ',
2407 1489 2792 1556 conﬁteamur,
2831 1505 3271 1561 unamquamque
3313 1508 3435 1547 cum
3480 1509 3576 1548 sua

2007 1581 2363 1653 proprietate.
2405 1601 2425 1635 ι
2462 1580 2798 1637 Dividuntur
2837 1601 2856 1633 ›
2900 1582 3077 1647 enim,
3113 1588 3173 1636 ut
3206 1582 3349 1637 idem
3388 1585 3578 1646 sentit,
3682 1576 3687 1580 ’

2008 1673 2105 1729 sed
2150 1692 2170 1726 ι
2216 1672 2480 1739 indivise;
2520 1680 2579 1728 et
2615 1680 3040 1735 connectuntur,
3071 1672 3167 1727 sed
3207 1672 3475 1741 dlscrete;
3521 1682 3582 1727 ut

2007 1774 2065 1823 et
2096 1764 2360 1821 discretio
2392 1779 2537 1820 nova
2569 1765 2661 1831 sit,
2691 1772 2748 1819 et
2777 1765 2930 1819 unio.
2962 1784 2981 1816 ι
3019 1764 3239 1834 Alioqui
3269 1757 3582 1834 enimquid

2008 1872 2215 1914 novum
2251 1866 2307 1913 et
2338 1857 2655 1921 insolitum,
2689 1856 2836 1926 quod
2866 1856 2947 1911 sic
2976 1855 3149 1911 Filius
3179 1856 3327 1911 Patri
3360 1857 3585 1912 uniatur

2007 1957 2065 2005 et
2093 1950 2164 2005 ab
2197 1965 2264 2005 eo
2297 1949 2610 2014 dirimatur,
2641 1948 2919 2018 quomodo
2951 1949 3117 2003 homo
3147 1949 3361 2004 homini
3395 1949 3591 2006 unitos!

2007 2052 2113 2106 est,
2144 2051 2200 2097 et
2229 2042 2297 2097 ab
2323 2056 2390 2096 eo
2412 2041 2715 2108 discretus;
2744 2056 2849 2095 nec
2874 2041 3080 2110 aliquid
3107 2041 3374 2112 amplius?

2079 2133 2168 2189 50.
2201 2124 2397 2201 Qui'in
2428 2133 2696 2188 charitate
2728 2132 3036 2203 perlectus,
3068 2148 3446 2205 summamque
3478 2136 3591 2190 im-

2006 2227 2314 2297 perturbati
2351 2226 2521 2280 animi
2556 2225 3009 2295 tranquillitatem
3049 2225 3278 2296 adeptus
3314 2235 3419 2293 est,
3453 2243 3583 2298 pro-

2009 2318 2117 2388 prii
2146 2326 2204 2372 et
2233 2317 2420 2384 alieni,
2457 2317 2574 2372 sive
2599 2317 2839 2387 propriae
2867 2324 2923 2371 ct
2946 2317 3158 2383 alienae,
3187 2316 3362 2372 ﬁdelis
3387 2327 3444 2373 et
3465 2318 3589 2373 inﬂa

2010 2410 2183 2475 delis,
2211 2411 2356 2465 servi
2391 2424 2455 2464 ac
2484 2409 2673 2475 liberi,
2707 2423 3042 2479 prorsusque
3073 2409 3301 2463 masculi
3331 2424 3394 2464 ac
3424 2408 3592 2483 414

2008 2500 2229 2556 feminae
2276 2498 2577 2554 discrimen
2631 2496 2845 2553 nullum
2895 2499 3084 2564 novit;
3142 2500 3238 2553 sed
3287 2498 3585 2555 atl‘ectuum

2010 2598 2269 2661 superata
2299 2589 2606 2661 tyrannide,
2633 2589 2799 2659 inque
2832 2603 2997 2643 unam
3024 2589 3308 2643 hominum
3332 2582 3589 2644 naturain

2010 2681 2333 2751 reSpiciens,
2366 2696 2559 2736 omnes
2602 2672 2855 2750 peraeque
2894 2681 3225 2745 considerat,
3260 2682 3587 2752 cunctisque

2010 2772 2298 2841 aequaliter
2329 2771 2562 2826 aﬂ’ectus
2591 2778 2695 2826 est.
2724 2768 2844 2826 Non
2878 2772 3026 2825 enim
3059 2773 3114 2825 in
3145 2786 3212 2826 eo
3245 2779 3330 2827 est
3363 2771 3591 2828 Gracus

2011 2878 2075 2917 ac
2096 2863 2337 2927 Judazus,
2362 2864 2642 2917 masculus
2666 2868 2724 2916 et
2745 2862 2970 2928 femina,
2994 2877 3186 2918 servus
3211 2872 3269 2919 et
3294 2863 3460 2931 liber;
3487 2864 3589 2919 sed

2012 2955 2197 3009 omnia
2224 2953 2280 3007 in
2308 2955 2568 3009 omnibus
2595 2953 2849 3009 Christus
2868 2953 2934 3007 ".

2082 3048 2170 3101 5i.
2208 3039 2492 3100 Daemones
2533 3059 2601 3098 ex
2647 3043 2910 3114 subjectis
2950 3044 3005 3098 in
3042 3045 3227 3100 animo
3266 3045 3586 3109 aﬁ'cctibus,

340 3136 712 3210 λαμϐάνουσιν
737 3136 793 3189 oi.
835 3136 1088 3207 δαίμονες
1132 3135 1231 3199 τὰς
1279 3136 1539 3206 ἀφορμὰς
1592 3136 1688 3190 τοῦ
1745 3140 1910 3192 κινεῖν

2017 3141 2336 3194 occasiones
2366 3152 2665 3207 ansamque
2699 3137 2994 3208 arripiunt,
3022 3146 3085 3192 ut
3113 3138 3338 3194 vitiosas
3369 3155 3435 3194 ac
3464 3140 3591 3194 libi«

344 3234 402 3285 ἐν
432 3233 563 3303 ἡμῖν
591 3232 720 3294 τοὺς
753 3229 1023 3300 ὲμπαθεῖς
1058 3228 1374 3298 λογισμούς.
1402 3225 1542 3283 Εἶτα
1589 3228 1677 3284 διὰ
1709 3230 1913 3285 τούτων

345 3318 708 3391 πολεμοῦντες
739 3319 833 3372 τὸν
868 3318 1027 3382 νοῦν,
1074 3316 1418 3381 ἐκϐιάζονται
1467 3318 1630 3371 αὑτὸν
1672 3321 1751 3382 είς
1782 3336 1913 3388 συγ-

344 3415 637 3471 κατάθεσιν
694 3414 870 3468 ἑλθεῖν
927 3412 1028 3484 τῆς
1085 3412 1379 3483 ἁμαρτίας.
1447 3414 1802 3485 Ἦττηθέντος
1856 3415 1913 3468 δὲ

345 3512 535 3577 αὑτοῦ,
584 3511 815 3580 ἄγουσιν
863 3512 944 3574 είς
980 3509 1080 3581 τὴν
1124 3509 1265 3564 κατὰ
1324 3500 1562 3566 διάνοιαν
1612 3512 1914 3584 ἁμαρτίαν.

344 3606 457 3660 Καὶ
496 3605 701 3676 ταύτης
729 3602 1185 3673 άποτελεσθείσης
1204 3642 1221 3670 ,
1255 3604 1514 3675 φέρουσιν
1540 3605 1703 3658 αὐτὸν
1728 3604 1914 3659 λοιπὸν

345 3694 688 3764 αἰχμάλωτον
713 3694 794 3757 εἰς
820 3691 918 3764 τὴν
950 3693 1170 3764 πρᾶξιν.
1203 3694 1358 3747 Μετὰ
1378 3684 1434 3748 δὲ
1466 3694 1672 3765 ταύτην
1705 3694 1912 3761 λοιπὸν,

347 3789 395 3839 οἱ
425 3785 529 3855 τὴν
562 3783 740 3854 ψυχὴν
778 3782 866 3836 διὰ
890 3781 997 3836 τῶν
1032 3782 1315 3852 λογισμῶν
1343 3783 1732 3854 ἐρημώσαντες
1752 3822 1767 3848 ,
1817 3784 1916 3838 σὺν

348 3876 532 3938 αὐτοῖς
577 3871 943 3944 ὑποχωροῦσι.
978 3872 1144 3926 Μένει
1202 3873 1260 3926 δὲ
1298 3873 1456 3942 μόνον
1506 3875 1564 3924 ὲν
1610 3872 1687 3943 τῷ
1739 3872 1814 3944 νῷ
1854 3874 1916 3926 τὸ

351 3965 569 4018 εἴδωλον
604 3965 702 4036 τῆς
747 3963 1023 4034 ἁμαρτίας
1049 4003 1063 4028 ,
1117 3963 1246 4034 περὶ
1276 3958 1337 4017 οῦ
1388 3979 1553 4034 φησιν
1605 3966 1633 4018 ὁ
1670 3966 1874 4035 Κύριος
1899 3981 1913 3996 ⁸

353 4056 539 4109 Ὅταν
587 4055 751 4124 ἴδητε
782 4055 848 4109 τὸ
877 4053 1194 4125 βδέλυγμα
1221 4054 1332 4124 τῆς
1351 4055 1701 4125 ἐρημώσεως
1728 4057 1920 4124 ἑστὼς

350 4146 423 4198 ἐν
449 4148 609 4212 τόπῳ
643 4146 810 4216 ἁγίῳ,
843 4149 876 4201 ὀ
911 4145 1345 4215 ἀναγινώσκων
1375 4148 1582 4202 νοείτω
1602 4166 1621 4179 τ
1641 4150 1722 4203 ὅτι
1754 4150 1919 4215 τόπος

353 4236 506 4305 ἅγιος
536 4239 629 4290 καὶ
654 4237 778 4300 ναὸς
810 4237 967 4302 Θεοῦ,
1006 4238 1036 4291 ὁ
1066 4237 1192 4302 νοῦς
1223 4237 1459 4311 ὑπάρχει
1486 4239 1580 4292 τοῦ
1608 4241 1915 4314 ἀνθρώπου,

353 4329 410 4379 ὲν
532 4327 582 4379 οἱ
614 4326 866 4397 δαίμονες
909 4327 995 4381 διὰ
1044 4328 1154 4381 τῶν
1191 4328 1456 4397 ὲμπαθῶν
1502 4331 1776 4403 λογισμῶν
1820 4334 1919 4405 τὴν

351 4415 528 4487 ψυχὴν
554 4414 960 4494 ἐρημώσαντες,
991 4416 1053 4470 τὸ
1075 4417 1292 4470 εἴδωλον
1314 4419 1416 4489 τῆς
1453 4420 1727 4491 ἁμαρτίας
1754 4422 1916 4494 ἔστη-

2016 3232 2239 3286 dinosas
2272 3231 2329 3285 in
2363 3230 2524 3284 nobis
2557 3230 2919 3300 cogitationes
2950 3230 3306 3285 exsuscitent.
3339 3230 3595 3302 Tumque

2014 3337 2115 3392 per
2147 3310 2267 3377 illas
2301 3322 2544 3392 animum
2583 3321 2991 3392 impugnantes,
3020 3321 3077 3376 in
3110 3323 3320 3392 peccati
3354 3332 3591 3378 conserv

2015 3430 2136 3469 sum
2184 3422 2406 3485 cogunt.
2447 3413 2634 3482 quue
2679 3422 2971 3482 superato,
3007 3415 3062 3468 in
3112 3421 3397 3483 peccatum
3440 3412 3589 3484 quod

2016 3507 2219 3560 mentis
2294 3505 2535 3575 cogitatu
2596 3503 2795 3575 agitur,
2866 3504 3114 3559 trahunt.
3166 3503 3287 3570 Quo
3365 3504 3591 3559 demum

2015 3606 2261 3669 peracto,
2296 3596 2574 3666 captivum
2601 3596 2657 3650 in
2674 3595 2946 3650 actionem
2973 3610 3037 3650 ac
3057 3611 3196 3666 opus
3220 3595 3425 3650 ferunt.
3461 3594 3590 3651 Post

2016 3689 2289 3744 actionem
2319 3702 2448 3742 vero
2473 3702 2537 3742 ac
2565 3701 2723 3756 opus,
2748 3687 2843 3756 qui
2875 3687 3136 3742 immissis
3165 3689 3594 3758 cogitationibus

2017 3781 2254 3835 animam
2297 3778 2721 3843 desolaverunt,
2761 3793 2887 3833 cum
2934 3778 3017 3833 eis
3058 3778 3354 3846 secedunt;
3406 3790 3595 3835 manet

2016 3888 2149 3928 vero
2174 3871 2231 3925 in
2256 3880 2442 3925 mmte
2473 3869 2649 3923 solum
2679 3869 2840 3923 inane
2869 3869 3079 3938 peccati
3111 3870 3489 3936 simulacrum,
3520 3872 3593 3925 de

2017 3977 2127 4032 quo
2174 3960 2251 4015 ait
2296 3961 2561 4014 Dominus
2616 3977 2628 4013 ι
2682 3958 2815 4014 Cum
2865 3960 3098 4013 videritis
3147 3961 3590 4015 abominationem

2018 4054 2355 4109 desolationis
2386 4062 2615 4107 stantem
2642 4054 2695 4106 in
2729 4052 2837 4106 loco
2862 4059 3074 4117 sancto;
3103 4054 3193 4123 qui
3225 4052 3365 4122 legit,
3380 4052 3591 4107 intelli-

2018 4145 2203 4217 gat";
2253 4160 2481 4214 nempe,
2517 4145 2698 4198 locum
2747 4154 2995 4198 sanctum
3043 4158 3105 4197 ac
3147 4143 3242 4198 Dei
3293 4143 3590 4213 templum,

2018 4252 2139 4293 esse
2164 4236 2406 4291 hominis
2432 4236 2676 4290 animum
2702 4250 2796 4290 seu
2823 4244 3083 4297 mentem,
3103 4235 3158 4288 in
3183 4249 3289 4304 qua
3315 4234 3595 4291 daemones

2018 4343 2118 4398 per
2142 4327 2467 4382 libidinosas
2489 4326 2855 4396 cogitationes
2878 4325 3121 4381 desolata
3151 4326 3351 4392 anima,
3378 4328 3594 4398 peccati

2022 4419 2228 4475 idolum
2258 4424 2589 4474 statuerunt.
2618 4416 2745 4472 Htec
2772 4431 2904 4471 vero
2935 4416 3099 4471 etiam
3128 4418 3282 4487 juxta
3314 4417 3391 4472 rei
3426 4428 3595 4488 gestae

356 4484 716 4561 σανξὊτιίδὲ
737 4507 831 4561 καὶ
861 4507 1145 4578 ίστορικῶς
1165 4504 1262 4579 ἤδη
1290 4484 1464 4563 ταῦτα
1486 4484 1725 4579 χέχονεν,
1745 4484 1910 4579 οὐδείς

2024 4509 2189 4564 iidem
2227 4509 2337 4580 jam
2363 4507 2643 4573 evenisse,
2678 4524 2860 4575 nemo,
2895 4507 3156 4572 arbitror,
3190 4508 3459 4579 ambiget,
3494 4510 3595 4579 qui

353 4596 462 4649 τῶν
499 4598 568 4651 τὰ
608 4599 938 4669 ’Ῑωσήππεια
965 4599 1350 4667 ἀνεγνωκότων
1371 4642 1386 4667 ,
1428 4602 1502 4665 ὡς
1526 4598 1681 4672 οἴμαι
1703 4646 1717 4668 ,
1749 4607 1921 4676 ἀμφι-

356 4688 562 4743 ϐάλλει.
612 4689 759 4760 Πλὴν
806 4690 951 4754 τινές
982 4707 1114 4761 φασι
1159 4691 1252 4745 καὶ
1283 4692 1377 4746 ἐπὶ
1411 4693 1517 4747 τοῦ
1548 4695 1922 4769 Ἀντιχρῑστου

350 4778 522 4834 ταῦτα
540 4779 885 4851 γενήσεσθαι.

422 4870 521 4941 λβ’.
556 4863 696 4942 Τρία
722 4873 835 4925 εισι
857 4871 927 4925 τὰ
955 4872 1206 4925 κινοῦντα
1228 4874 1376 4943 ἡμᾶς
1410 4874 1500 4928 ἐπὶ
1534 4875 1603 4928 τὰ
1628 4876 1770 4931 καλά
1792 4894 1806 4910 ·
1851 4877 1921 4932 τὰ

354 4962 560 5029 φυσικὰ
597 4962 889 5034 σπέρματα
911 4977 925 4993 ·
958 4961 1017 5016 αἱ
1043 4958 1196 5030 ἆγιαι
1238 4963 1529 5033 Δυνάμεις,
1564 4965 1712 5036 καὶὴ
1739 4966 1918 5039 ἀγαθὴ

353 5050 693 5122 προαίρεσις.
721 5051 834 5105 Καὶ
870 5049 939 5104 τὰ
966 5049 1064 5120 μὲν
1091 5050 1299 5118 φυσικὰ
1345 5051 1656 5122 σπέρματα,
1693 5052 1769 5118 ὡς
1792 5054 1919 5109 ὅταν

426 5190 473 5222 ⁸⁸
500 5188 675 5246 Galat.
714 5198 794 5255 nt,
822 5188 914 5243 28.
987 5189 1034 5222 “
1062 5190 1257 5246 Matth.
1289 5206 1435 5256 ων,
1472 5188 1569 5245 l5.

420 5308 457 5326 ⁹⁹
482 5303 632 5360 Orat.
669 5303 736 5360 15
764 5312 820 5360 et
843 5304 996 5372 alibi,
1021 5305 1233 5371 59,749.

424 5416 492 5490 (ε)
529 5417 692 5490 Ἐπεὶ
722 5418 931 5490 τζᾼὲχσι
951 5418 1312 5490 παράδοξον.
1345 5418 1502 5490 quod
1531 5418 1805 5476 Maximus
1824 5421 1919 5474 ina

354 5486 697 5559 conueniens
714 5486 874 5559 al'fert
924 5486 1190 5559 adversus
1212 5486 1533 5551 Tritheitas,
1577 5490 1725 5559 quod
1764 5491 1917 5545 nulla

355 5557 695 5628 ιιιοῇοιῂυηίο
725 5557 797 5628 sit
814 5557 969 5626 juxta
998 5557 1145 5628 illos,
1188 5560 1311 5614 Filii
1347 5574 1472 5614 cum
1499 5557 1682 5625 Patre,
1744 5575 1910 5628 quam

356 5636 441 5680 est
470 5626 565 5680 ﬁlii
592 5627 833 5699 hominis
851 5642 978 5680 cum
1007 5627 1236 5699 homine
1266 5638 1443 5699 patre,
1476 5628 1529 5683 id
1547 5644 1678 5683 vero
1707 5626 1915 5698 Obsop.

358 5704 627 5751 assertum
669 5696 834 5768 facit,
871 5711 935 5750 ac
974 5695 1045 5768 si,
1081 5695 1284 5753 doceat
1304 5700 1590 5760 Maximus,
1640 5700 1786 5768 quod
1815 5695 1916 5753 nec

358 5768 499 5821 torte
555 5766 942 5835 grammaticus
982 5765 1338 5833 admitteret,
1386 5784 1491 5824 nec
1550 5765 1690 5823 alius
1729 5785 1796 5823 ex
1851 5784 1915 5824 ca

2021 4600 2195 4655 libros
2223 4617 2251 4654 a
2278 4598 2517 4670 Iosepho
2544 4600 2887 4670 conscriptos
2911 4601 3105 4671 legerit
3134 4598 3216 4670 (ι).
3245 4600 3385 4655 Sunt
3408 4608 3596 4656 tamen

2024 4694 2119 4765 qui
2150 4702 2396 4765 tempore
2429 4693 2780 4759 Antichristi,
2810 4694 2935 4749 haec
2955 4693 3147 4776 eadem
3173 4694 3359 4749 futura
3387 4694 3575 4749 dicant

2093 4878 2182 4932 3‘2.
2210 4874 2335 4933 Tria
2363 4885 2490 4933 sunt
2519 4892 2620 4933 nos
2646 4876 2711 4931 ad
2740 4892 2803 4931 ea
2830 4892 2952 4946 quae
2977 4876 3210 4931 honesta
3236 4884 3366 4929 sunt
3388 4889 3449 4928 ac
3477 4872 3602 4927 ollir

2025 4968 2097 5023 cii
2157 4968 2553 5038 provocantia;
2577 4968 2849 5023 naturalia
2881 4967 3097 5022 scilicet
3125 4967 3361 5029 semina,
3393 4971 3600 5019 sancte

2024 5055 2291 5126 Virtutes,
2334 5068 2391 5115 et
2431 5061 2578 5116 bona
2616 5058 2891 5116 voluntas.
2933 5056 3016 5111 Ae
3057 5056 3278 5127 quidem
3322 5053 3601 5108 naturalia

2010 5418 2220 5493 schola.
2260 5416 2397 5475 Nam
2428 5420 2508 5477 sic
2539 5420 2753 5477 reddit:
2786 5415 3243 5493 Quemadmodum
3272 5415 3595 5493 eni'm'Igpmor

2011 5492 2209 5563 [lumini
2244 5493 2421 5545 unitas
2466 5500 2663 5563 φησι
2711 5485 3058 5563 segregatus,
3107 5489 3184 5542 sic
3226 5487 3388 5563 etiam
3426 5485 3599 5563 _Pam‘

2010 5558 2205 5632 Filius,
2238 5568 2294 5632 et
2353 5560 2487 5615 nihil
2508 5631 2513 5632 ν
2541 5560 2699 5632 plus.
2728 5555 3046 5632 iS'ed'hene
3093 5566 3199 5623 est,
3234 5556 3381 5627 quod
3418 5555 3587 5611 Gesn.

2010 5630 2347 5702 emendavit,
2371 5646 2434 5686 ac
2456 5629 2555 5702 sic
2577 5631 2787 5702 putida
2819 5629 3066 5702 sustulit.

2085 5698 2384 5825 (tgsLibro
2444 5701 2522 5755 De
2568 5694 2700 5756 ίῐειιο
2752 5700 2999 5756 Iudaico.
3057 5696 3196 5756 Vide
3265 5697 3462 5752 Baron.
3517 5694 3589 5749 ad

2011 5785 2104 5822 an.
2136 5774 2225 5825 68.
2848 5792 2853 5797 ·
