4140 6322
620 343 733 407 995
797 345 806 355 ’
1616 406 1620 411 θ
1790 335 1853 394 S.
1895 333 2181 393 ΜΑΧΙΜΙ
2222 333 2255 392 C

2222 332 2730 393 CONFESSORIS
2956 356 2965 369 ε
3753 338 3838 401 99ῦ

623 454 861 518 semina,
884 460 969 517 ut,
999 464 1125 507 cum
1159 448 1213 504 id
1248 447 1397 519 quod
1428 447 1683 502 volumus
1717 456 1779 501 ut
1808 445 2013 501 faciant
2044 446 2206 500 nobis
2234 448 2258 504 Α

2203 480 2206 493 .
2234 448 2279 504 Α
2307 444 2335 498 ὃ
2363 445 2590 516 θέλομεν
2632 446 2717 500 ἵνα
2751 444 2980 498 ποιῶσιν
3011 446 3144 516 ἡμίν
3175 445 3226 498 oi
3262 442 3557 516 ἄνθρωποι,
3591 448 3680 500 καὶ
3703 452 3838 520 ἡμεῖς

624 547 912 604 homines.
952 558 1055 599 nos
1092 557 1313 612 quoque
1358 541 1469 595 illis
1512 539 1768 595 similiter
1807 537 2107 599 fecerimus
2124 536 2203 603 ";

2201 584 2203 593 ,
2304 537 2505 607 ὁμοίως
2540 539 2783 608 ποιῶμεν
2811 539 2992 601 αὐτοῖς
3018 549 3033 565 ⁸
3086 538 3119 607 ἢ
3157 537 3233 601 ὡς
3285 538 3413 592 ὅταν
3446 538 3640 610 ἴδωμέν
3660 558 3766 596 τινα
3790 547 3836 598 ἐν

623 642 743 706 vel,
785 647 845 692 ut
885 654 1012 692 eum
1052 636 1299 706 aliquem
1341 634 1394 688 in
1442 633 1694 703 angustia
1738 640 1834 686 aut
1878 631 2206 687 necessitate

2200 651 2206 683 ι
2307 628 2563 681 στενώσει
2593 629 2625 700 ἢ
2685 631 2744 683 ἐν
2791 630 3005 700 ἀνάγκη
3033 669 3049 691 ,
3102 629 3198 682 καὶ
3231 629 3478 698 φυσικῶς
3513 630 3754 700 ἐλεῶμεν.
3784 635 3835 688 Al

623 734 907 794 videntes,
954 730 1134 793 illius,
1177 727 1415 783 naturali
1470 727 1640 780 ductu
1691 732 1856 794 atque
1906 723 2204 786 instinctu,

2200 766 2204 781 ,
2303 720 2362 774 δὲ
2399 723 2551 791 ἆγιαι
2588 724 2891 792 Δυνάμεις,
2927 718 3041 778 οἷον
3086 723 3214 776 ὅταν
3246 721 3555 791 κινούμενοι
3601 725 3689 777 ἐπὶ
3710 727 3835 797 καλῷ

624 824 834 879 miserti
877 823 1172 877 fuerimus.
1208 821 1420 875 Sanctae
1459 826 1643 875 autem
1689 818 1944 881 virtutes,
1979 825 2041 871 ut
2078 832 2206 872 cum

2202 838 2206 869 ι
2305 815 2615 885 πράγματι,
2649 814 2900 886 εὕρωμεν
2929 815 3221 886 συνεργίαν
3249 813 3482 885 ἀγαθὴν,
3525 817 3618 870 καὶ
3669 835 3837 871 κατευ-

623 917 916 970 honestum
951 913 1241 983 aliquidae
1270 911 1431 966 cilicii
1467 911 1730 981 aggressi,
1750 909 1955 963 bonum
1989 907 2207 978 adjuto-

2203 938 2207 947 ι
2304 906 2575 977 οδὼμεθα.
2618 907 2683 961 Ἦ
2729 907 2786 961 δὲ
2814 907 2994 978 ἀγαθὴ
3038 907 3385 978 προαίρεσις,
3415 906 3492 972 ὡς
3514 908 3636 963 ὅταν
3662 909 3838 983 διακρί-

624 1009 767 1063 rium
806 1007 1206 1070 invenerimus,
1237 1019 1439 1073 resque
1468 1003 1631 1057 nobis
1662 1015 1927 1071 prospere
1955 999 2205 1055 cesserit.

2202 1043 2205 1052 .
2306 1015 2489 1062 νοντες
2544 998 2652 1053 ἀπὸ
2704 997 2799 1052 τοῦ
2849 998 3022 1055 κακοῦ
3078 999 3140 1053 τὸ
3207 998 3412 1066 καλὸν,
3467 998 3737 1072 αἱρώμεθα
3788 1004 3837 1057 τὸ

623 1100 771 1154 Bona
814 1099 1054 1166 denique
1103 1097 1395 1159 voluntas,
1444 1103 1504 1149 ut
1547 1109 1675 1149 cum
1725 1092 1933 1147 bonum
1984 1106 2016 1145 a
2063 1093 2210 1147 malo
2305 1090 2533 1158 ἀγαθόν.

623 1186 1102 1249 discernentes,'id
1129 1185 1276 1255 quod
1302 1192 1388 1239 est
1414 1184 1618 1238 bonum
1646 1181 2001 1252 elegerimus.

693 1277 782 1332 55.
813 1276 943 1330 Tria
979 1290 1176 1330 rursus
1208 1283 1339 1329 sunt
1366 1289 1487 1343 qua:
1521 1288 1624 1327 nos
1656 1280 1880 1327 movent
1910 1271 1979 1326 ad
2014 1270 2154 1326 mala
2189 1288 2204 1325 :

2202 1290 2204 1322 ι
2374 1268 2479 1339 λγ.
2523 1269 2663 1340 Τρία
2688 1270 2746 1323 δὲ
2772 1271 2935 1325 πάλιν
2977 1271 3085 1325 sic!
3115 1271 3185 1326 τὰ
3220 1270 3475 1328 κινοῦντα
3509 1275 3651 1346 ἡμᾶς
3684 1275 3764 1328 ἐπὶ
3785 1274 3837 1328 τὰ

621 1389 820 1442 nempe
864 1372 1096 1427 all‘ectus
1145 1384 1246 1426 seu“
1315 1369 1790 1440 perturbationes,
1830 1368 2109 1423 daemones
2150 1375 2209 1423 et

2202 1383 2209 1422 ;
2306 1364 2456 1417 κακά
2483 1377 2499 1391 °
2529 1363 2598 1417 τὰ
2622 1364 2806 1433 σπάθη,
2840 1365 2892 1417 οί
2937 1363 3214 1434 δαίμονες,
3254 1366 3346 1419 καὶ
3377 1368 3411 1435 ἡ
3445 1368 3585 1436 κακὴ
3617 1360 3837 1439 προαίρε-

623 1466 767 1520 mala
790 1466 1066 1519 Voluntas.
1091 1462 1168 1517 Ac
1194 1462 1416 1531 quidem
1447 1460 1679 1516 aﬂ‘ectus
1708 1476 1807 1516 seu
1838 1460 2208 1530 perturbatio-

2199 1488 2208 1500 -
2308 1471 2414 1518 σις.
2448 1453 2558 1509 Καὶ
2586 1454 2658 1508 τὰ
2691 1455 2792 1525 μὲν
2822 1455 2968 1528 πάθη
2990 1495 3005 1517 ,
3045 1456 3122 1520 ὡς
3169 1457 3298 1510 ὅταν
3329 1457 3680 1529 ἐπιθυμῶμεν
3721 1461 3834 1529 τιρά-

623 1573 757 1621 nes,
792 1566 853 1610 ut
886 1571 1008 1610 cum
1045 1555 1217 1609 invita
1250 1553 1492 1617 ratione,
1526 1551 1607 1607 rei
1636 1552 1874 1623 alicujus
1908 1551 2206 1621 cupiditate

2202 1574 2206 1603 ι
2305 1565 2516 1619 γματος
2557 1548 2712 1620 παρὰ
2756 1548 2917 1618 λόγον
2947 1565 2960 1578 ·
3013 1544 3124 1604 οἷον
3172 1549 3206 1621 ἢ
3244 1549 3559 1620 βρώματος,
3598 1549 3735 1622 παρὰ
3769 1550 3837 1603 τὸν

625 1649 912 1712 ducimur;
949 1655 1081 1716 puta
1113 1645 1245 1710 cibi,
1273 1651 1474 1714 praeter
1503 1658 1667 1714 quam
1701 1642 1850 1712 quod
1878 1643 1964 1697 vel
2001 1658 2207 1713 opporo

2202 1671 2207 1683 -
2306 1641 2499 1712 καιρὸν
2525 1681 2539 1705 ,
2575 1642 2608 1712 ἢ
2639 1641 2790 1712 παρὰ
2844 1643 2944 1712 τὴν
2987 1641 3179 1712 χρείαν
3199 1683 3215 1707 ,
3262 1642 3295 1715 ἢ
3327 1643 3586 1711 γυναικὸς
3613 1642 3749 1713 παρὰ
3767 1642 3837 1695 τὶν

626 1751 821 1795 tunam
869 1747 1116 1807 tempus,
1149 1737 1233 1792 vel
1273 1738 1422 1807 justa
1463 1734 1770 1790 necessitas
1811 1733 2078 1799 suaserit;
2118 1733 2205 1788 vel

2202 1778 2205 1787 ,
2309 1733 2512 1787 σκοπὸν
2537 1733 2639 1802 τῆς
2667 1735 3034 1798 παιδοποιίας,
3068 1734 3162 1787 καὶ
3192 1733 3290 1802 τῆς
3344 1734 3424 1805 μὴ
3473 1733 3712 1803 νομίμου.
3752 1732 3837 1784 Καὶ

626 1824 816 1879 uxoris
844 1823 957 1877 alio
992 1822 1097 1877 line
1128 1837 1291 1892 quam
1328 1821 1664 1891 suscipiendi
1700 1821 1936 1886 liberos,
1967 1829 2064 1874 aut
2095 1836 2204 1875 non
2240 1807 2261 1862 Ῑ

2202 1868 2204 1875 ,
2240 1807 2280 1862 Β
2311 1823 2474 1877 πάλιν
2501 1863 2517 1889 ,
2559 1825 2690 1878 ὅταν
2739 1824 3124 1896 ὀργιζώμεοα,
3176 1824 3209 1896 ἢ
3268 1824 3572 1895 λυπώμεοα
3619 1824 3752 1896 παρὰ
3791 1823 3837 1875 rb

623 1918 788 1990 415
827 1918 1086 1987 legitimae
1123 1915 1405 1986 conjugis,
1441 1930 1507 1969 ac
1546 1930 1758 1978 rursus,
1811 1930 1935 1969 cum
1976 1922 2075 1968 aut
2108 1914 2206 1968 ira:

2198 1932 2206 1968 ι
2310 1915 2458 1979 εἰκός
2479 1931 2493 1945 ·
2535 1909 2667 1980 οἷον,
2701 1917 2845 1970 κατὰ
2870 1916 2965 1970 τοῦ
3002 1917 3393 1987 ἀτιμάσαντος,
3420 1916 3453 1988 ἢ
3486 1915 3833 1987 ζημιώσαντος.

625 2021 722 2066 aut
746 2012 984 2065 tristitia
1016 2010 1410 2087 indulserimus
1439 2024 1599 2063 secus
1626 2024 1691 2063 ac
1714 2010 1901 2075 decet;
1932 2016 2085 2077 puta,
2111 2007 2206 2061 ad-

2202 2038 2206 2048 -
2310 2007 2373 2060 Ol
2398 2006 2454 2060 δὲ
2482 2005 2759 2076 δαίμονες,
2790 2001 2903 2061 οἷον
2927 2007 3056 2061 ὅταν
3092 2010 3150 2061 ὲν
3174 2010 3240 2080 τῇ
3287 2007 3522 2079 ἀμελείᾳ
3547 2007 3712 2078 ἡμῶν,
3740 2023 3837 2060 καις

624 2117 823 2157 versus
845 2117 971 2155 eum
1000 2101 1094 2171 qui
1127 2101 1331 2170 probro
1363 2098 1567 2163 all‘ecit,
1593 2109 1690 2157 aut
1710 2099 1971 2154 damnum
1998 2098 2205 2153 intulit.

2201 2139 2205 2151 .
2311 2097 2708 2169 ροσκοποῦντες
2750 2097 3101 2153 ἐπιτίθωνται
3141 2101 3273 2171 ἡμῖν
3322 2100 3480 2169 ἄφνω
3514 2098 3645 2170 μετὰ
3674 2098 3836 2168 πολλῆς

624 2188 911 2249 Daemones
932 2208 1083 2257 vero,
1107 2200 1168 2246 ut
1190 2207 1315 2246 cum
1340 2191 1502 2246 nobis
1523 2192 1893 2262 negligentius
1919 2193 2211 2262 agentibus
2238 2206 2241 2209 '

2203 2206 2241 2248 ι·
2311 2190 2676 2262 σφοδρότητος
2724 2191 3005 2256 κινοῦντες
3058 2193 3131 2247 τὰ
3178 2192 3558 2264 προειρημένα
3586 2190 3737 2262 πάθη,
3763 2192 3838 2244 καὶ

626 2286 972 2340 occasionem
999 2291 1300 2353 captantes,
1325 2283 1626 2353 derepente
1650 2298 1845 2354 magna
1863 2283 2211 2339 vehementia

2200 2301 2211 2337 ι
2310 2282 2381 2336 τὰ
2402 2283 2584 2352 ὅμοια.
2618 2282 2683 2336 Ἦ
2708 2283 2766 2337 δὲ
2788 2283 2933 2354 κακὴ
2958 2284 3298 2355 προαίρεσις,
3329 2279 3463 2350 οἷον,
3488 2284 3575 2338 ὅτε
3604 2285 3657 2337 ὲν
3675 2282 3835 2353 γνώσει

626 2390 692 2430 ac
724 2376 932 2445 impetu
967 2375 1021 2429 in
1055 2388 1156 2427 nos
1187 2373 1523 2439 invaserint,
1555 2373 1855 2438 movendo,
1883 2389 2024 2444 quos
2058 2374 2206 2439 dixi,

1659 2373 1855 2438 vendo,
1883 2389 2024 2444 quos
2058 2374 2206 2439 dixi,
2309 2373 2404 2428 τοῦ
2436 2373 2628 2441 καλοῦ,
2660 2375 2849 2431 κακῶν
2887 2375 3294 2446 ἀνθαιρώμεθα.

625 2473 878 2539 allectus,
911 2481 1075 2541 atque
1105 2472 1194 2525 his
1227 2470 1457 2526 similes.
1490 2471 1628 2527 Mala
1650 2470 1895 2542 denique
1923 2471 2196 2536 voluntas,
2240 2478 2300 2526 ut
2322 2487 2447 2527 cum
2472 2456 2693 2542 cognito
2713 2471 2859 2542 quod
2880 2471 3176 2527 honestum
3199 2471 3271 2527 sit
3291 2488 3361 2528 ac
3393 2472 3573 2537 oﬂieii,
3619 2485 3718 2541 prae
3763 2467 3836 2523 illo

625 2572 808 2621 tamen
833 2562 1033 2616 malum
1061 2560 1334 2631 eligimus.

698 2654 787 2708 54.
825 2650 1137 2715 Laborum,
1176 2664 1316 2719 quos
1356 2648 1580 2704 virtutis
1627 2664 1791 2704 causa
1836 2648 2201 2718 suscipimus,

2200 2694 2201 2707 ,
2380 2647 2474 2703 λδ’.
2530 2647 2731 2703 Μισθοὶ
2788 2649 2895 2702 τῶν
2965 2649 3143 2703 πὸνων
3200 2650 3302 2720 τῆς
3364 2651 3595 2723 ἀρετῆς,
3645 2651 3764 2703 εἰσὶν
3809 2648 3835 2719 ἡ

625 2744 870 2814 praemia,
900 2739 1284 2812 imperturbati
1315 2740 1485 2794 animi
1521 2740 1894 2809 tranquillitas
1927 2756 1990 2795 ac
2020 2739 2204 2795 scien-

2200 2769 2204 2777 ι
2307 2737 2544 2795 ἀπάθεια
2572 2738 2665 2793 καὶ
2693 2740 2726 2810 ἠ
2754 2740 2973 2807 γνῶσις.
3012 2735 3181 2795 Αὗται
3213 2742 3325 2812 γὰρ
3368 2742 3610 2812 πρόξενοι
3635 2743 3835 2810 γίνονται

629 2837 721 2893 tia.
750 2834 845 2891 lla;
888 2835 1035 2888 enim
1084 2840 1233 2897 sunt,
1261 2847 1383 2902 quae
1429 2831 1592 2886 nobis
1635 2830 1932 2886 conciliant
1973 2845 2203 2907 regnum

2197 2850 2203 2882 l
2311 2830 2588 2901 βασιλείας
2620 2832 2865 2903 οὐρανῶν
2890 2848 2903 2863 ·
2935 2833 3011 2896 ὡς
3034 2833 3218 2887 καὶτὰ
3249 2834 3400 2904 πάθη
3429 2834 3518 2888 καὶ
3547 2836 3578 2906 ἠ
3612 2835 3832 2901 ἀγνωσία,

627 2929 924 2990 caelorum;
967 2921 1429 2992 quemadmodum
1468 2920 1633 2976 etiam
1672 2920 1903 2975 affectus
1939 2935 2037 2974 seu
2076 2937 2203 2990 per-
2236 2959 2262 3019 ί

2198 2950 2203 2960 .
2236 2959 2282 3019 C
2314 2922 2586 2985 κολάσεως
2609 2924 2849 2977 αἰωνίου.
2898 2923 2959 2977 ’0
2990 2919 3085 2978 οὖν
3122 2925 3355 2990 τούτους
3384 2925 3462 2997 [in
3494 2943 3593 2981 uno
3615 2925 3728 2996 Reg.
3753 2941 3833 2979 cm.

625 3018 991 3079 turbationes,
1032 3029 1096 3069 ac
1147 3013 1488 3084 ignorantia,
1531 3011 1863 3081 supplicium
1910 3021 2201 3067 :eternum.
2244 3011 2260 3019 “

2199 3054 2201 3063 ι
2244 3011 2282 3019 “
2312 3013 2540 3086 ταύτας]
2588 3014 2680 3068 διὰ
2728 3014 2886 3079 δόξαν
2930 3013 3237 3086 ἀνθρώπων
3285 3017 3511 3089 ζητῶν,
3551 3020 3640 3073 καὶ
3676 3017 3742 3088 μὴ
3783 3015 3834 3069 δι’

626 3108 733 3175 Qui
762 3107 929 3178 igitur
952 3106 1206 3159 humana:
1234 3104 1425 3172 gloria:
1452 3117 1637 3166 causa,
1660 3103 1748 3157 vel
1778 3103 1907 3167 alio,
1930 3117 2092 3172 quam
2126 3103 2206 3157 rei

2201 3105 2206 3156 ἱ
2308 3108 2440 3162 αὐτὸ
2465 3107 2526 3160 τὸ
2554 3106 2749 3173 καλὸν,
2795 3108 2984 3162 ἀκούει
3022 3109 3174 3179 παρὰ
3199 3110 3300 3179 τῆς
3334 3111 3559 3183 Γραφῆς
3581 3127 3595 3141 ³
3625 3108 3836 3172 Αίτεῖτε,

627 3200 805 3270 ipsius
836 3197 1170 3258 honestatis,
1200 3195 1341 3258 line,
1366 3194 1485 3248 haec
1515 3193 1713 3263 quaerit
1742 3209 1806 3248 ac
1836 3202 2204 3259 consectatur,

1987 3202 2204 3259 :ctatur,
2307 3198 2406 3254 καί
2435 3200 2507 3253 οὐ
2535 3198 2902 3269 laudante,
2937 3200 3088 3256 διότι
3123 3201 3326 3268 κακῶς
3351 3200 3622 3257 αἰτεῖσθε.

631 3290 731 3345 abs
755 3288 1039 3358 Scriptura
1058 3285 1217 3341 audit
1239 3304 1252 3338 :
1274 3285 1484 3350 Petilia,
1508 3294 1555 3338 et
1580 3301 1684 3339 non
1710 3285 1966 3356 accipitis,
1987 3301 2046 3339 eo
2068 3286 2208 3356 quod
3526 3310 3531 3315 ρ

630 3379 773 3435 male
799 3379 992 3450 petatis
1013 3377 1079 3431 “.

700 3470 791 3525 55.
820 3468 988 3523 Multa
1028 3473 1179 3531 sunt,
1207 3479 1423 3529 eorum,
1453 3479 1576 3534 qua:
1612 3463 1852 3520 humano
1887 3466 2073 3521 studio
2109 3482 2205 3538 ge-

2199 3498 2205 3508 ι
2375 3464 2473 3521 λε’.
2508 3465 2632 3519 Εἰσὶ
2678 3464 2847 3519 πολλά
2877 3482 3001 3520 τινα
3034 3465 3194 3535 φύσει
3229 3469 3379 3524 καλὰ
3405 3468 3507 3523 ὑπὸ
3540 3468 3641 3522 τῶν
3663 3463 3834 3537 ἀνθρὼ-

631 3572 851 3627 runtur,
882 3569 1078 3615 natura
1107 3574 1206 3613 sua
1236 3558 1378 3612 bona
1405 3566 1571 3626 atque
1600 3557 1852 3623 honesta,
1882 3559 1996 3629 ipsa
2026 3567 2206 3615 tamen

2196 3578 2206 3614 ι
2310 3573 2425 3610 πων
2452 3556 2737 3628 γινόμενα,
2782 3557 2898 3611 ἀλλ’
2930 3558 2992 3611 οὐ
3025 3558 3167 3613 καλὰ
3195 3559 3367 3613 πάλιν
3394 3561 3484 3614 διά
3518 3577 3633 3613 τινα
3653 3557 3831 3612 αίτίαν·

630 3669 826 3710 rursus
852 3653 1036 3722 aliqua
1063 3666 1132 3705 ex
1159 3665 1324 3705 causa
1352 3665 1465 3704 non
1492 3650 1636 3705 bona
1665 3666 1729 3706 ac
1781 3651 2042 3717 honesta;
2076 3661 2204 3723 puta

2305 3642 2437 3719 οἷον,
2484 3649 2705 3719 νηστεία
2752 3650 2847 3703 καὶ⁵
2904 3650 3201 3720 ἀγρυπνία,
3243 3654 3523 3724 προσευχὴ
3565 3652 3652 3706 καὶ
3688 3649 3839 3719 ψαλμ-

626 3746 895 3818 jejunium
920 3753 976 3799 et
996 3742 1216 3815 vigiliae,
1239 3742 1414 3797 oratio
1436 3749 1493 3796 et
1515 3743 1839 3811 psalmodia,
1860 3743 2207 3815 eleemosyna

2198 3765 2207 3799 ι
2305 3738 2474 3811 φδία,
2503 3741 2837 3813 ἐλεημοσύνη
2869 3743 2973 3803 καὶ,
2999 3741 3292 3814 ξενοδοχία,
3348 3745 3505 3814 φύσει
3550 3740 3677 3797 καλὰ
3722 3741 3833 3811 ἔργα

629 3846 688 3894 ct
709 3838 1076 3908 hospitalitas,
1098 3850 1266 3905 opera
1297 3843 1428 3890 sunt
1453 3843 1648 3895 natura
1676 3835 1817 3890 bona
1846 3845 2011 3905 amne
2035 3837 2206 3892 hone-

2198 3866 2206 3876 -
2306 3833 2443 3887 εἰσίν
2463 3851 2478 3865 ο
2535 3833 2651 3889 ἀλλ’
2703 3835 2831 3889 ὅταν
2881 3835 2969 3889 διὰ
3002 3834 3314 3900 κενοδοξίαν
3339 3837 3628 3907 γίνωνται,
3656 3830 3833 3886 οὐκέτι

631 3939 743 3996 sta;
772 3928 889 3998 ipsa
923 3936 1103 3981 tamen
1139 3941 1250 3980 non
1279 3923 1514 3994 amplius
1540 3924 1685 3979 bona
1708 3940 1774 3981 ac
1799 3925 2052 3993 honesta,
2079 3942 2206 3981 cum
2307 3925 2467 3981 καλά.
2592 3926 2600 3935 ’

629 4021 810 4075 inanis
835 4012 1021 4089 gloriae
1050 4017 1233 4072 studio
1261 4015 1410 4071 fiant.

699 4108 786 4165 36.
821 4107 1099 4171 Omnium,
1132 4120 1254 4175 quze
1296 4120 1328 4159 a
1364 4105 1525 4161 nobis
1563 4112 1821 4176 aguntur,
1854 4105 2002 4160 Deus
2038 4105 2202 4161 linem

2196 4126 2202 4160 l
2374 4102 2484 4168 λς’.
2530 4103 2756 4156 Πάντων
2802 4100 2911 4155 τῶν
2964 4101 3356 4174 πραττομένων
3412 4103 3500 4168 ὑφ’
3556 4099 3702 4172 ἡμῶν
3760 4095 3831 4148 τὸν

627 4201 845 4272 ιιιιωτίι,
870 4199 986 4254 sive
1020 4206 1250 4269 prepter
1291 4196 1492 4267 ipsum,
1519 4198 1636 4253 sive
1675 4198 1746 4254 ob
1781 4199 1943 4252 aliam
1980 4213 2202 4253 causam

2196 4218 2202 4252 l
2306 4194 2510 4248 σκοπὸν
2540 4194 2696 4264 ζητεῖ
2722 4196 2751 4246 ὁ
2774 4193 2907 4256 Θεός
2926 4210 2940 4226 ο
2968 4194 3080 4247 εἴτε
3104 4192 3171 4246 δι’
3204 4194 3371 4248 αὐτὸν
3401 4194 3712 4266 πράττομεν,
3742 4188 3831 4242 sit:

627 4293 862 4363 agimus.
2235 4304 2262 4359 ί

2235 4304 2279 4359 ι)
2303 4286 2369 4340 δι’
2408 4285 2574 4356 ἄλλην
2613 4287 2809 4339 αἰτιαν.

697 4384 786 4438 37.
810 4382 947 4438 Cum
974 4382 1221 4439 audieris
1250 4397 1318 4437 ex
1343 4380 1628 4450 Scriptura
1663 4366 1677 4433 ἐ
1708 4379 1973 4446 Quoniam
2004 4389 2059 4434 ιιι
2088 4381 2204 4434 red-

2194 4415 2204 4426 .
2374 4377 2470 4442 λζν.
2508 4378 2620 4446 (l7)
2653 4377 2823 4430 Ὅταν
2877 4376 3122 4449 ἀκούσῃς
3159 4378 3256 4448 τῆς
3304 4379 3527 4450 Γραφῆς
3550 4364 3829 4443 “λεγούσης“

629 4475 718 4528 des
746 4474 1028 4543 unicuique
1056 4472 1346 4527 secundum
1372 4488 1534 4543 opera
1561 4488 1661 4525 sua
1683 4471 1759 4537 ";
1792 4486 1922 4526 cave
1956 4470 2030 4525 ita
2058 4470 2205 4525 acci-

2192 4500 2205 4511 -
2304 4469 2433 4522 ’Ὀτι
2454 4467 2536 4522 σὺ
2565 4468 2900 4536 ἀποδώσεις
2920 4468 3156 4535 ἑκάστῳ
3182 4469 3336 4524 κατὰ
3371 4472 3445 4526 τὰ
3471 4456 3610 4539 ἔργα
3642 4462 3827 4519 αὑτοῦ·

628 4565 770 4635 pias,
796 4572 859 4618 ut
887 4564 1190 4617 secundum
1221 4579 1306 4629 ea,
1338 4579 1460 4633 quae
1489 4578 1600 4618 non
1631 4572 1782 4617 recto
1807 4571 2045 4632 aguntur
2075 4561 2202 4629 ﬁne,

2196 4604 2202 4626 ,
2300 4560 2359 4612 οὗ
2404 4558 2471 4612 τὰ
2512 4560 2665 4630 παρὰ
2696 4559 2787 4612 τὸν
2820 4559 2982 4631 ὀρθὸν
3013 4560 3219 4614 σκοπὸν
3250 4561 3595 4632 πραττόμενα
3618 4599 3633 4624 ,
3676 4558 3719 4609 εἰ
3756 4554 3831 4607 καὶ

628 4654 798 4711 etiam
828 4653 873 4708 si
897 4654 1042 4707 bona
1068 4652 1360 4706 videantur
1388 4667 1454 4707 ae
1486 4652 1738 4716 honesta,
1764 4651 1910 4705 Deus
1941 4651 2084 4705 bona
2114 4665 2204 4705 re-

2201 4680 2204 4689 ·
2301 4652 2449 4706 δοκεῖ
2492 4651 2634 4706 καλά
2667 4647 2826 4718 εἶναι,
2855 4654 2884 4707 ὀ
2908 4654 3040 4718 Θεὸς
3070 4654 3211 4708 καλὰ
3242 4655 3597 4709 ἀποδίδωσιν·
3632 4648 3751 4703 ἀλλὰ
3775 4644 3836 4698 τά·

630 4744 867 4807 tribuat;
909 4741 1004 4796 sed
1045 4741 1346 4797 secundum
1386 4754 1451 4796 ea
1492 4739 1701 4808 utique,
1727 4754 1848 4808 qua:
1879 4730 2016 4793 fiunt
2048 4747 2197 4793 recto

2190 4759 2197 4789 ν
2304 4743 2445 4797 κατὰ
2475 4743 2562 4797 τὸν
2606 4743 2766 4814 ὀρθὸν
2807 4745 3070 4815 δηλονότι.
3119 4748 3194 4801 Οὐ
3233 4747 3343 4818 γὰρ
3371 4749 3452 4811 εἰς
3482 4745 3550 4800 τὰ
3584 4743 3825 4812 γινόμενα.

628 4833 755 4890 ﬁne.
800 4833 896 4889 Dei
944 4833 1089 4889 enim
1127 4832 1393 4904 judicium
1441 4847 1551 4884 non
1602 4830 1718 4898 ipsa
1769 4829 2030 4894 attendit,
2073 4845 2195 4899 quae

2191 4851 2195 4880 ε
2301 4835 2418 4889 ἀλλ’
2445 4837 2524 4899 είς
2562 4837 2654 4890 τὸν
2681 4837 2882 4892 σκοπὸν
2904 4837 3016 4892 τῶν
3043 4839 3366 4910 γινομένων,
3398 4841 3431 4910 ἡ
3459 4836 3550 4892 τοῦ
3585 4832 3707 4889 Θεοῦ
3730 4828 3826 4899 κρε-

625 4926 783 4991 ﬁunt,
808 4925 904 4982 sed
935 4942 1124 4981 eorum
1150 4924 1311 4980 linem
1339 4938 1403 4978 ac
1430 4922 1790 4992 preposilum.

978 4942 1124 4980 orum
1150 4924 1311 4980 linem
1339 4938 1403 4978 ac
1430 4922 1790 4992 propositum.
2302 4940 2386 4989 σις
2422 4926 2613 4996 ἐφορᾷ.

694 5017 783 5072 58.
822 5018 1106 5087 Superbiae
1152 5016 1397 5078 daemon,
1434 5012 1638 5082 duplici
1682 5011 1944 5082 praeditus
1986 5011 2193 5068 malitia

2189 5045 2193 5067 ι
2369 5016 2472 5088 λη’.
2515 5017 2571 5070 ’0
2596 5017 2696 5087 τῆς
2722 5016 3101 5086 ὑπερηφανίας
3128 5016 3357 5087 δαίμων,
3388 5017 3575 5085 διπλῆν
3615 5012 3717 5082 ἔχει
3744 5007 3824 5077 τὴν

623 5118 710 5163 est
738 5126 751 5163 :
779 5117 876 5163 aut
898 5109 1043 5163 enim
1073 5106 1346 5162 monacho
1378 5111 1572 5159 auctor
1594 5111 1698 5169 est,
1728 5111 1789 5157 ut
1815 5102 1919 5157 sibi
1948 5103 2065 5173 ipse
2087 5103 2200 5157 vir-

2189 5135 2200 5144 -
2304 5108 2568 5179 πονηρίαν
2592 5126 2605 5139 ·
2634 5109 2667 5179 ἢ
2705 5108 2813 5179 γὰρ
2842 5106 3019 5178 ἑαυτῷ
3047 5108 3330 5162 ἀναπείθει
3359 5108 3450 5162 τὸν
3484 5104 3699 5177 μοναχὸν
3730 5102 3824 5155 ἐπι-

627 5200 763 5254 tutis
788 5215 953 5269 Opera
983 5198 1245 5261 ascribat,
1307 5211 1418 5250 non
1452 5202 1630 5249 autem
1656 5194 1788 5259 Deo,
1820 5193 1915 5264 qui
1944 5203 2001 5249 et
2025 5193 2198 5249 bono-

2188 5228 2198 5237 '
2303 5197 2538 5268 γράφειν
2563 5196 2631 5250 τὰ
2670 5194 3088 5265 κατορθώματα,
3117 5195 3210 5248 καὶ
3234 5195 3357 5264 οὐχὶ
3385 5193 3464 5263 τῷ
3498 5190 3630 5261 Θεῷ,
3654 5184 3724 5255 τῷ
3749 5180 3823 5235 καὶ

625 5305 747 5344 rum
789 5289 1017 5360 largitor
1053 5298 1165 5353 est,
1201 5297 1257 5343 et
1290 5287 1358 5342 ad
1398 5286 1705 5357 praestanda
1742 5286 1961 5341 virtutis
1996 5301 2191 5355 opera,

2183 5328 2191 5351 ›
2301 5286 2522 5359 χορηγῷ
2572 5287 2682 5341 τῶν
2725 5285 2947 5349 καλῶν.
2987 5287 3079 5340 καὶ
3117 5283 3299 5357 βοηθῷ
3324 5282 3461 5356 πρὸς
3492 5276 3818 5351 κατόρθωσιν·

624 5378 870 5449 adjutor;
918 5389 1042 5443 aut,
1079 5379 1184 5434 nisi
1229 5379 1502 5448 paruerit,
1535 5376 1970 5447 imperfectiores
2013 5377 2194 5432 adhuc

2185 5394 2194 5431 ι
2298 5380 2332 5449 ἦ
2364 5378 2536 5447 τούτῳ
2564 5377 2640 5449 μὴ
2675 5378 2996 5447 πειθόμενον
3021 5418 3034 5440 ,
3065 5379 3190 5439 τοὺς
3217 5376 3297 5429 ἔτι
3326 5372 3709 5443 ,ἀτελεστὲρους
3733 5360 3820 5415 τῶν

626 5468 855 5524 fratrum
896 5471 1332 5527 contemnendos
1370 5469 1632 5540 suggerit.
1684 5468 1900 5538 ignorat
1931 5483 2065 5523 vero
2097 5469 2191 5538 qui

2183 5469 2191 5522 i
2298 5468 2540 5538 ἀδελφῶν
2581 5468 2695 5541 (ιι)
2729 5469 3019 5522 ὑποϐάλλει
3064 5468 3384 5534 ὲξουθενεῖν.
3438 5463 3637 5532 Ἀγνοεί
3670 5456 3721 5511 δὶ
3746 5454 3818 5506 καὶ

695 5622 741 5657 δ’
776 5624 968 5680 Matth.
1004 5642 1101 5692 vn,
1137 5626 1224 5679 l2.
1301 5626 1346 5657 ’⁸⁸
1373 5625 1488 5680 Jac.
1517 5640 1590 5690 ιγ,
1618 5624 1670 5679 5.
1749 5623 1794 5656 ⁸⁸
1822 5625 1982 5680 Rom.
2011 5639 2068 5687 ιι,
2099 5622 2132 5676 6

700 5757 779 5831 (ιι)
812 5758 934 5814 Τῶν
978 5759 1275 5829 ἀδελφῶν.
1333 5759 1652 5828 Simplicior
1711 5758 1844 5812 mihi
1899 5757 2015 5811 visa
2065 5755 2183 5809 haec
2220 5754 2385 5810 lectio
2431 5769 2495 5809 ac
2517 5755 2733 5822 verior,
2790 5769 2913 5825 qua:
2952 5754 3070 5825 ipsa
3131 5754 3293 5811 unius
3334 5751 3456 5809 eod.
3508 5743 3653 5817 Regii
3711 5742 3809 5798 est;
