4140 6322
532 400 639 465 999

1698 397 1758 454 S.
1801 392 2086 453 ΜΑΧΙΜΙ
2124 389 2632 452 CONFESSORIS

3622 398 3736 465 10οθ

531 534 637 570 non
674 517 854 588 utique
884 512 1254 586 judicaremur
1290 526 1307 564 :
1346 510 1469 563 dum
1499 510 1808 580 judicamur
1844 520 2044 573 autem,
2071 528 2101 563 a

2208 509 2633 579 παιδευόμεθα,
2683 509 2783 562 ἵνα
2830 507 2916 578 μὴ
2975 508 3097 562 σὺν
3137 501 3217 573 τῷ
3252 508 3455 577 κόσμῳ
3496 527 3735 585 κατακρι.

530 606 756 661 Domino
782 607 1117 677 corripimur,
1140 620 1203 657 ne
1229 620 1346 656 cum
1374 604 1467 656 hoc
1490 602 1684 657 mundo
1708 602 2100 657 damnamur".

604 698 692 752 42.
723 696 859 771 Cum
900 712 966 750 ex
1010 694 1308 764 improviso
1348 694 1447 748 tibi
1492 693 1720 749 tentatio
1755 694 2000 758 venerit,
2031 710 2100 748 ne

533 789 684 843 illum
739 787 1112 851 accusaveris,
1160 803 1259 856 per
1301 802 1463 857 quem
1509 786 1692 851 venit,
1736 786 1830 841 sed
1882 801 2100 841 causam

532 896 715 950 qumre
759 879 830 933 ob
874 895 1038 949 quam
1085 879 1176 933 illa
1219 878 1451 942 venerit,
1489 878 1861 948 inveniesque‘
1883 894 1992 948 quo
2035 879 2103 932 ad

533 971 816 1025 meliorem
855 969 1068 1040 frugem
1111 969 1479 1040 componaris.
1519 969 1737 1038 Alioqui
1775 969 1952 1034 enim,
1989 969 2104 1024 sive

534 1061 657 1124 hoc,
688 1060 802 1114 sive
834 1060 942 1114 alio
971 1069 1219 1125 auclore,
1247 1059 1579 1115 ebibendum
1609 1060 1708 1114 tibi
1737 1069 1859 1114 erat
1886 1060 2101 1116 divino-

532 1169 651 1206 rum
680 1153 1012 1223 judiciorum
1041 1152 1401 1207 absinthium.

599 1246 687 1299 43.
715 1244 987 1310 Quantum
1025 1246 1309 1315 improbus
1340 1260 1401 1299 es
1433 1261 1496 1299 ac
1530 1244 1716 1314 pravis
1743 1243 2008 1311 moribus,
2033 1258 2121 1299 ne.

530 1352 728 1393 renuas
749 1352 915 1392 carne
938 1336 1212 1403 alllictari;
1238 1345 1297 1391 ut
1315 1338 1436 1409 ejus
1456 1335 1740 1391 laboribus
1762 1336 2100 1403 humiliatus,

527 1445 733 1500 expnas
758 1428 1033 1498 superbia:
1057 1427 1275 1482 fastum;

600 1535 690 1588 44.
708 1532 1097 1588 Tentationum
1113 1531 1252 1597 alite,
1266 1531 1604 1601 voluptates;
1620 1532 1760 1594 aliae,
1778 1544 2100 1598 maerorem;

530 1625 670 1689 alias,
700 1639 995 1693 corporum
1024 1623 1301 1677 cruciatus
1327 1622 1647 1677 hominibus
1671 1621 1971 1676 adducunt.
1997 1622 2103 1676 Pro

527 1716 827 1771 aﬂ‘eetuum
867 1717 1016 1770 enim
1057 1715 1241 1769 animo
1280 1715 1523 1769 haerente
1566 1728 1753 1779 causa,
1794 1713 2100 1768 animorum

529 1808 778 1864 medicus
806 1824 904 1879 per
930 1823 1028 1862 sua
1052 1806 1261 1878 judicia
1289 1805 1517 1861 adhibet
1540 1814 1597 1861 et
1623 1804 1973 1859 medicinam.

598 1996 688 2050 45.
712 1993 842 2061 Quae
867 1992 1178 2047 inferuntur
1200 1991 1554 2056 teutationes,
1576 1990 1696 2044 aliis
1719 1988 1942 2059 quidem
1968 1986 2106 2042 infe-

527 2096 747 2152 runtur,
772 2095 832 2140 ut
863 2084 1145 2154 praaterita
1180 2091 1403 2152 peccata
1431 2081 1671 2146 diluant;
1705 2080 1827 2134 aliis
1854 2094 2015 2143 vero,
2044 2086 2105 2133 ut

527 2194 650 2249 quae.
679 2175 1173 2248 impraesentiarum
1214 2182 1471 2244 peccant;
1514 2172 1636 2227 aliis
1670 2172 1930 2242 denique,
1961 2180 2020 2224 ut
2050 2170 2104 2224 in

525 2269 687 2342 417
716 2275 1001 2338 posterum
1031 2263 1422 2321 committenda
1462 2263 1777 2329 inhibeant;
1821 2267 2018 2331 praeter
2040 2275 2104 2315 ea

527 2362 670 2416 mala
710 2375 830 2429 quae
866 2356 1208 2429 probationis
1250 2369 1414 2410 causa
1448 2352 1742 2417 eveniunt,
1770 2361 1831 2406 ut
1859 2352 1914 2406 iu
1943 2351 2105 2407 beato

525 2452 648 2508 Joh.

597 2542 684 2596 46.
712 2539 983 2595 Cordatus
1012 2537 1199 2602 homo,
1225 2535 1536 2590 divinorum
1563 2534 1899 2604 judiciorum
1929 2549 2106 2588 reme-

525 2629 677 2682 dium
704 2635 986 2696 reputans,
1018 2640 1140 2695 quaa
1170 2624 1297 2678 inde
1328 2623 1405 2677 illi
1434 2622 1659 2677 tristitia
1689 2623 1941 2691 malaque
1972 2638 2102 2677 eve-

526 2722 718 2787 niunt,
749 2735 906 2790 atquo
947 2718 1131 2772 animo
1174 2715 1378 2786 gratias
1418 2728 1585 2783 agens
1627 2713 1850 2778 tolerat;
1895 2712 2104 2766 nullum

525 2814 694 2868 alium
734 2813 933 2866 horum
975 2817 1287 2872 auctorem,
1332 2816 1699 2876 praeterquam
1742 2812 1964 2875 peccata
2006 2818 2104 2859 sua

525 2905 865 2959 existimans.
889 2904 1094 2959 Vccors
1131 2909 1314 2955 autem
1346 2912 1407 2951 ac
1437 2897 1736 2967 insipiens,
1764 2894 2103 2966 sapientissi-

524 3006 671 3051 mam
718 2992 815 3050 Dei
864 2991 1268 3063 providentiam
1316 2988 1607 3058 ignorans,
1642 2986 1773 3041 dum
1816 2996 2008 3056 peccat
2048 2996 2105 3042 et

525 3088 840 3157 castigatur,
868 3092 963 3139 aut
1001 3081 1057 3135 in
1102 3083 1306 3144 Deum,
1337 3085 1433 3132 aut
1476 3078 1533 3130 in
1577 3076 1829 3132 homines
1873 3092 2102 3133 suorum

527 3179 799 3234 malorum
828 3175 998 3230 refert
1023 3186 1265 3227 causam.

597 3271 688 3325 47.
723 3268 862 3323 Sunt
900 3262 1149 3334 quaedam
1191 3276 1313 3331 quae
1354 3258 1654 3315 aﬁectuum
1699 3274 1764 3313 ac
1808 3244 2106 3313 libidinum

528 3370 740 3417 motum
794 3357 1109 3418 inhibeant,
1139 3368 1244 3407 nec
1282 3358 1636 3421 augmentum
1670 3349 1849 3404 facere
1889 3350 2100 3416 sinant;

527 3461 763 3522 suntque
786 3448 899 3502 alia
922 3461 1046 3515 qum
1075 3442 1403 3497 imminuant
1441 3450 1606 3509 atque
1644 3439 1913 3494 deterant.
1945 3440 2101 3504 Puta,

524 3540 794 3613 jejunium
819 3544 875 3592 et
895 3535 1051 3590 labor
1074 3542 1130 3587 et
1150 3531 1352 3602 vigiliae
1394 3530 1753 3600 cupiditatem
1778 3530 1967 3600 augeri
1992 3543 2101 3584 non

530 3633 748 3697 sinunt;
781 3625 1023 3684 solitudo
1044 3638 1178 3680 vero
1206 3634 1261 3679 et
1285 3621 1674 3692 contemplatio
1697 3630 1753 3675 et
1776 3622 1954 3675 oratio
1975 3620 2102 3674 Dei-

526 3741 637 3796 que
678 3737 831 3778 amor
878 3721 1050 3790 ipsam
1089 3717 1353 3772 minuunt
1381 3724 1545 3785 atque
1576 3713 1808 3769 elidunt.
1841 3712 2105 3769 Similiter

522 3830 749 3887 quoque
776 3814 833 3868 in
866 3812 975 3877 ira;
1004 3809 1155 3864 verbi
1193 3806 1396 3878 gratia,
1427 3804 1841 3875 longanimitas,
1870 3803 2100 3875 injuria-

529 3918 652 3962 rum
679 3903 882 3960 oblivio
907 3909 963 3956 et
983 3898 1348 3954 mansuetudo
1369 3906 1520 3952 motu
1546 3895 1769 3961 sistunt,
1790 3910 1892 3950 nec
1914 3897 2101 3950 sinunt

527 4009 854 4067 augescere;
890 3989 1130 4045 Charitas
1154 4003 1286 4043 vero
1315 3997 1368 4043 el
1394 3988 1741 4057 eleemosyna
1766 3993 1823 4040 et
1844 3984 2099 4057 benigni-

528 4093 613 4139 tas
653 4094 977 4149 morumque
1016 4078 1258 4133 suavitas
1297 4085 1354 4132 et
1390 4076 1726 4140 humanitas,
1752 4076 2008 4130 minuunt
2035 4090 2099 4131 ac

525 4175 838 4231 debilitant.

596 4268 685 4322 48.
707 4264 877 4335 Cujus
905 4261 1122 4318 animus
1148 4274 1366 4330 semper
1388 4260 1443 4314 in
1472 4258 1643 4313 Deum
1669 4266 1968 4314 conversus
1993 4267 2095 4325 est,

528 4358 694 4428 hujus
731 4371 952 4426 quoque
994 4353 1267 4424 cupiditas
1302 4353 1365 4411 in
1402 4351 1649 4406 divinum
1690 4351 2099 4422 superexcrevit

526 4462 807 4512 amorem;
857 4445 1078 4512 iraque,
1112 4451 1225 4496 tota
1266 4443 1321 4497 vi
1364 4456 1461 4497 sua
1500 4443 1558 4496 in
1596 4442 1837 4497 divinam
1882 4443 2097 4497 transiit

525 4539 875 4594 cbaritatem.
902 4536 1172 4590 Diuturno
1201 4534 1346 4589 enim
1376 4534 1577 4589 divina:
1605 4533 1914 4589 dilectionis
1944 4550 2096 4591 com—
2130 4530 2170 4582 υ

527 4629 767 4692 mercio,
795 4635 944 4681 totus
965 4624 1183 4679 lucidus
1210 4625 1488 4690 redditus,
1514 4625 1729 4695 sibique
1756 4627 1870 4696 ipse
1896 4626 2098 4695 patibi-

524 4720 636 4775 lem
689 4717 775 4772 sui
831 4726 1041 4785 partem
1098 4715 1303 4767 arctius
1358 4715 1699 4785 astringens,
1743 4716 1799 4770 in
1851 4716 2097 4771 divinum

526 4805 934 4866 incessabilem,
954 4803 1040 4857 uti
1070 4802 1278 4856 dictum
1305 4812 1406 4866 est,
1431 4818 1692 4868 amorem,
1719 4805 2011 4875 jugemque
2035 4819 2099 4859 ac

525 4912 826 4969 perennem
864 4895 1191 4949 charitatem
1214 4894 1518 4961 convertit;
1552 4895 1776 4950 omnino
1803 4914 1835 4951 a
1863 4898 2098 4953 terrenis

524 4992 581 5046 in
609 4991 779 5044 Deum
810 4986 1125 5043 traducens.

595 5083 684 5137 49.
711 5078 864 5135 llaud
894 5094 1120 5150 prorsus
1157 5078 1252 5148 qui
1296 5092 1399 5133 nec
1437 5077 1665 5143 invidet,
1689 5094 1792 5135 nec
1821 5079 2096 5149 irascitur,

524 5187 627 5229 nec
664 5171 880 5242 injuriae
922 5184 1154 5234 memor,
1182 5168 1261 5231 illi
1303 5168 1396 5247 qui
1437 5167 1577 5222 lzesit
1615 5167 1834 5240 injuria,
1859 5171 2101 5231 offensus

520 5274 629 5328 est,
655 5264 765 5334 jam
806 5276 1025 5332 quoque
1065 5260 1124 5314 in
1165 5275 1291 5315 emn
1322 5259 1675 5315 dilectionem
1700 5261 1887 5318 habet.
1915 5262 2102 5321 Potest

575 5401 620 5432 “
651 5400 674 5454 Ι
702 5398 831 5455 Cor.
863 5416 938 5465 XI,
963 5388 1052 5453 3i.

593 5513 667 5585 (ν)
704 5514 781 5585 7’0
834 5515 1019 5585 θυμὸς
1059 5514 1337 5585 όλοστός.
1391 5514 1512 5569 Non
1552 5517 1754 5571 omissa
1809 5518 1927 5574 haec
1982 5537 2089 5577 vox

520 5584 757 5656 liesych.
781 5584 877 5656 cui
906 5584 1141 5656 ὁλοστρς,
1163 5585 1281 5647 ὅλος
1306 5586 1379 5647 ὡς
1405 5585 1540 5640 ἐστι.
1569 5588 1645 5642 Ae
1674 5589 1852 5656 liquet
1873 5606 1996 5646 esse
2020 5593 2091 5648 ab

519 5652 672 5723 ὅλος,
698 5652 889 5723 eadem
922 5654 1036 5707 fere
1061 5652 1257 5723 forma,
1282 5670 1387 5723 qua
1411 5673 1439 5708 a
1474 5656 1656 5719 πολὺς,
1696 5652 1908 5718 πολλοῦ.
1966 5663 2091 5714 πολ-

519 5721 728 5797 λοστὸς.
763 5722 858 5797 Est
882 5737 1034 5797 ergo,
1067 5721 1159 5797 ira
1184 5721 1347 5776 totum
1375 5725 1513 5797 quod
1545 5736 1658 5797 est;
1691 5744 1754 5782 ac
1780 5729 1927 5797 quod
1960 5732 2089 5785 red-

521 5791 658 5855 didi,
679 5792 820 5845 omni
844 5807 939 5844 sua
975 5792 1039 5844 ri.
1071 5791 1344 5859 Mirorque
1373 5791 1501 5861 Quid
1531 5796 1733 5865 Obsnp.
1766 5791 1818 5851 in
1851 5811 2086 5854 montem

2208 598 2419 668 θῶμεν.

2282 690 2392 761 μβ’.
2434 692 2604 745 Ὅταν
2629 709 2710 744 σοι
2744 690 2874 763 ἔλθῃ
2918 691 2976 758 ἐξ
3006 687 3416 763 ἀπροσδοκήτου
3450 697 3736 768 πειρασμὸς,

2211 781 2287 853 μὴ
2336 783 2427 835 τὸν
2472 783 2542 836 δι’
2576 775 2636 835 οὗ
2683 783 2879 836 αἰτιῶ⁶
2929 782 3066 839 ἀλλά
3101 783 3162 838 τὸ
3211 784 3297 838 διὰ
3345 783 3399 836 τί
3450 783 3624 858 ζήτει,
3661 790 3741 844 καὶ

2207 873 2484 945 εὑρίσκεις
2511 875 2816 947 διόρθωσιν.
2862 876 3034 942 Ἐπεὶ,
3066 878 3177 930 εἴτε
3217 877 3284 931 δι’
3314 877 3539 941 ἐκείνου,
3564 880 3662 935 εῐτε
3684 882 3740 937 δι’

2205 963 2399 1032 ἄλλου,
2454 968 2596 1019 πιεῖν
2652 963 2798 1036 εἶχες
2843 966 2952 1023 τῶν
3011 966 3106 1022 τοῦ
3167 966 3303 1022 Θεοῦ
3357 968 3627 1040 χριμάτων
3693 973 3745 1028 τὺ

2206 1052 2366 1124 totve
2374 1072 2469 1109 ιον.

2278 1246 2392 1311 μγζ.
2454 1240 2621 1295 Ὅσον
2671 1238 2724 1296 εἴ
2780 1244 3122 1316 κακότροπος
3145 1282 3161 1311 ,
3209 1246 3269 1300 τὸ
3319 1248 3640 1304 κακοπαθεῖν
3682 1253 3744 1323 μὴ

2205 1332 2507 1388 ἀπαναίνου
2530 1376 2545 1399 ,
2585 1335 2670 1391 ἵνα
2701 1336 2768 1390 δι’
2807 1338 2979 1408 αὐτῆς
3031 1339 3389 1405 ταπεινωθεὶς
3414 1382 3432 1406 ,
3477 1342 3572 1413 τὴν
3601 1344 3740 1418 ὑπερ-

2204 1426 2446 1497 ηφανίαν
2476 1428 2671 1502 ἐμέσῃ.
3622 1474 3633 1483 .

2278 1518 2381 1588 μδ’.
2408 1519 2472 1571 Οἱ
2497 1520 2596 1590 μὲν
2626 1520 2734 1573 τῶν
2766 1519 3109 1591 πειρασμῶν,
3137 1519 3330 1591 ἡδονάς
3353 1536 3368 1550 ⁸
3406 1522 3455 1574 οἱ
3476 1521 3549 1587 δὲ,
3571 1523 3742 1589 λύπαςδ

2203 1610 2253 1662 οἱ
2281 1608 2359 1675 δὲ,
2389 1611 2581 1673 ὀδύνας
2603 1612 2921 1681 σωματικὰς
2948 1614 3060 1676 τοῖς
3080 1611 3392 1683 ἀνθρώποις
3421 1616 3745 1686 προσάγουσι.

2202 1701 2362 1757 Κατά
2400 1702 2510 1773 γὰρ
2533 1703 2634 1774 τὴν
2666 1704 2995 1774 ἐγκειμένην
3024 1706 3089 1774 τῇ
3120 1703 3266 1776 ψυχῇ
3308 1705 3494 1760 αἰτίαν
3530 1707 3632 1761 τῶν
3658 1726 3748 1763 πα-

2205 1792 2336 1858 θῶν,
2371 1795 2464 1847 καὶ
2493 1794 2554 1847 τὸ
2583 1795 2874 1866 φάρμακον
2903 1797 2931 1848 ὁ
2969 1796 3150 1867 ἰατρὸς
3180 1796 3287 1851 τῶν
3318 1796 3510 1869 ψυχῶν
3535 1799 3621 1855 διὰ
3657 1801 3750 1855 τῶν

2203 1885 2376 1939 αὐτοῦ
2418 1886 2701 1957 χριμάτων
2732 1887 3062 1957 ἐπιτίθησιν.

2279 1985 2381 2049 με’.
2422 1980 2486 2031 Αἱ
2527 1979 2786 2050 ἐπιφοραὶ
2821 1979 2932 2031 τῶν
2964 1979 3324 2052 πειρασμῶν,
3353 1989 3473 2049 τοῖς
3504 1987 3599 2054 μὲν
3636 1986 3752 2057 πρὸς

2204 2069 2309 2140 ἢδη
2360 2069 2664 2137 γεγονότων
2709 2069 3121 2141 ἁμαρτημάτων
3180 2071 3462 2143 ἀναίρεσιν
3489 2092 3504 2105 .
3542 2077 3648 2138 τοῖς
3684 2076 3750 2138 δὲ,
3826 2139 3835 2148 ⁴

2206 2161 2343 2232 πρὸς
2377 2159 2474 2214 νῦν
2520 2160 2968 2231 ἐνεργουμένωνο
3018 2161 3237 2231 ἀλλοις,
3295 2165 3438 2236 πρὸς
3485 2167 3754 2238 μελλόντων

2204 2255 2548 2326 ἐνεργεῖσθαι
2582 2253 2898 2325 ἀνακοπὴν,
2945 2256 3264 2323 ἐπάγονται.
3306 2259 3450 2329 Δέχα
3493 2260 3598 2314 τῶν
3637 2262 3754 2331 πρὸς

2204 2345 2433 2416 δοκιμὴν
2474 2344 3002 2421 ἐπισυμδαινόντων,
3035 2347 3111 2410 ὡς
3139 2349 3232 2401 ἐπὶ
3262 2348 3361 2402 τοῦ
3402 2348 3541 2405 Ἰώσ.

2280 2529 2400 2595 μςν.
2440 2522 2500 2577 Ὅ
2530 2523 2630 2594 μὲν
2660 2524 2909 2595 ἐχέφρων
2931 2564 2945 2588 ,
2990 2526 3099 2579 τῶν
3128 2526 3290 2583 θείων
3345 2529 3633 2601 κριμάτων
3674 2530 3760 2601 τὴν

2209 2615 2452 2686 ἰατρείαν
2480 2615 2936 2688 ἀναλογιζόμενος
2955 2659 2968 2679 ,
3005 2620 3355 2690 εὐχαρίστως
3391 2623 3546 2693 φέρει
3571 2622 3660 2686 τὰς
3683 2621 3760 2675 διὰ

2205 2709 2413 2762 τούτων
2455 2709 2963 2782 ἐπισυμδαινοῦσας
3010 2712 3158 2782 αὐτῷ
3195 2719 3492 2785 συμφοράς
3517 2731 3531 2745 '
3579 2716 3762 2785 μηδένα

2205 2800 2365 2855 ἄλλον
2404 2801 2610 2854 τούτων
2643 2802 2816 2855 αῐτιον
2838 2843 2852 2866 ,
2952 2802 3049 2866 τὰς
3086 2802 3285 2857 ἑαυτοῦ
3322 2806 3605 2877 ἁμαρτίας
3631 2806 3762 2874 λογι-

2206 2891 2452 2972 ζόμενος.
2500 2891 2559 2945 '0
2598 2892 2655 2945 δὲ
2684 2894 2895 2964 ἄφρων,
2935 2893 3031 2966 τὴν
3062 2893 3155 2948 τοῦ
3185 2895 3321 2951 Θεοῦ
3363 2898 3573 2965 ἀγνοῶν
3606 2916 3765 2967 cogam-

2204 2983 2374 3054 τάτην
2404 2985 2678 3054 πρόνοιαν,
2711 2986 3042 3056 ἁμαρτάνων
3072 2988 3162 3040 καὶ
3190 2988 3604 3060 παιδευόμενος,
3633 2990 3761 3060 ῆτὸν

2204 3073 2359 3141 Θεὸν,
2395 3075 2427 3146 ἢ
2459 3076 2586 3140 τοὺς
2620 3077 2942 3149 ἀνθρώπους
2982 3081 3090 3134 τῶν
3119 3081 3328 3135 ἐαυτοῦ
3361 3083 3549 3138 κακῶν
3579 3082 3762 3146 αἰτίους

2205 3164 2504 3236 λογίζεται.
3462 3190 3467 3191 ν

2281 3259 2390 3330 μιΐ.
2439 3260 2561 3314 Εἰσί
2593 3276 2717 3315 τινα
2753 3262 2984 3317 ἱστῶντα
3039 3262 3107 3317 τὰ
3152 3265 3302 3336 πάθη
3346 3269 3446 3338 τῆς
3495 3267 3761 3336 κινήσεως.

2207 3350 2301 3403 καὶ
2362 3350 2437 3421 μὴ
2489 3352 2665 3406 ἐῶντα
2714 3354 2989 3424 προϐῆναι
3036 3358 3115 3420 εις
3165 3356 3403 3428 αὔξησιν
3435 3375 3451 3390 ·
3510 3359 3601 3412 καὶ
3641 3355 3764 3408 εἰσὶν

2204 3441 2368 3511 ἕτερα
2409 3442 2758 3508 ἐλαττοῦντα,
2814 3448 2908 3500 καὶ
2958 3448 3038 3511 είς
3084 3446 3316 3518 μείωσιν
3365 3452 3589 3518 ἄγοντα.
3635 3447 3764 3511 Οἷον,

2204 3535 2425 3605 νηστεία
2464 3538 2557 3590 καὶ
2590 3538 2756 3602 κόπος
2809 3540 2902 3594 καὶ
2943 3542 3238 3612 ἀγρυπνία,
3274 3545 3380 3599 οὐκ
3410 3544 3572 3597 ἐῶσιν
3599 3544 3765 3607 αὕξειν

2204 3624 2302 3694 τὴν
2327 3623 2621 3695 ἐπιθυμίαν
2641 3642 2654 3657 ⁸
2679 3627 3022 3701 ἀναχώρησις
3048 3631 3103 3684 δέ
3130 3632 3223 3685 καὶ
3252 3633 3466 3705 empta
3501 3633 3594 3687 καὶ
3619 3650 3767 3704 προσ-

2204 3716 2358 3787 ευχὴ,
2397 3717 2490 3770 καὶ
2519 3716 2659 3789 ἔρως
2688 3721 2768 3783 εἰς
2806 3720 2956 3786 Θεὸν,
2989 3723 3303 3778 ἐλαττοῦσιν
3334 3727 3508 3798 αὐτὴν
3529 3769 3544 3793 ,
3588 3728 3674 3778 καὶ
3697 3725 3767 3786 εἰς

2202 3808 2507 3877 ἀφανισμὸν
2557 3809 2770 3877 ἀγουσι.
2820 3814 2932 3866 Καὶ
2981 3815 3074 3868 ἐπὶ
3104 3817 3198 3869 τοῦ
3229 3818 3412 3890 θυμοῦ
3455 3819 3513 3873 δὲ
3562 3817 3765 3888 ὁμοίιος.

2203 3893 2362 3964 Οίον,
2401 3901 2753 3972 μακροθυμία
2808 3906 2900 3958 καὶ¹
2932 3907 3317 3978 ἀμνησικακία
3371 3912 3468 3965 καὶ
3520 3910 3764 3981 πραότης.

2205 3989 2423 4044 ἱστῶσιν
2456 3993 2640 4059 αὑτὸν,
2670 3996 2764 4048 καὶ
2783 3997 2885 4050 οὐκ
2914 3998 3074 4053 ἐῶσιν
3113 4001 3302 4067 αὔξειν
3325 4024 3339 4037 ο
3378 4004 3573 4074 ἀγάπη
3606 4000 3770 4057 δὲκαὶ

2200 4080 2536 4153 ἐλεημοσύνη
2599 4085 2696 4138 καὶ
2747 4089 3052 4161 χρηστότης
3094 4092 3190 4147 καὶ
3234 4094 3660 4164 φιλανθρωπία,
3700 4095 3771 4154 εἰς

2202 4173 2426 4242 μείωσιν
2458 4174 2701 4242 ἄγουσιν.

2273 4264 2385 4335 μη’.
2428 4259 2650 4332 Οὗτινος
2712 4269 2740 4321 ὁ
2788 4268 2913 4333 νοῦς
2957 4269 3249 4339 διαπαντός
3305 4274 3431 4330 ἐστι
3469 4277 3605 4348 πρὸς
3631 4276 3771 4340 Θεὸν,

2198 4354 2387 4409 τούτου
2440 4359 2535 4412 καὶ
2582 4360 2911 4431 ἡέπιθυμία
2954 4364 3036 4427 εἰς
3085 4366 3177 4419 τὸν
3218 4367 3370 4422 θεῖον
3404 4368 3774 4443 ὐπρηὺξησεν

2199 4447 2376 4518 ἔρωτα
2402 4467 2414 4480 ·
2446 4450 2540 4503 καὶ
2572 4452 2600 4503 ὁ
2636 4450 2804 4523 θυμδς
2831 4455 3052 4521 όλοστος
3099 4459 3175 4529 (y)
3230 4462 3315 4525 είς
3348 4463 3452 4532 τὴν
3481 4462 3631 4515 θείαν
3658 4473 3776 4530 μετ·

2199 4541 2412 4613 ἐτράπη
2455 4545 2695 4615 ἀγάπην.
2750 4547 2827 4617 Τῇ
2887 4548 2993 4618 γὰρ
3044 4552 3238 4623 χρονίᾳ
3276 4556 3384 4623 τῆς
3417 4555 3570 4618 θείας
3596 4551 3777 4620 ἐλλάμε-

2198 4631 2342 4701 ψεως
2379 4636 2671 4707 μετουσίᾳ,
2728 4638 2849 4701 ὅλος
2905 4641 3202 4712 φωτοειδὴς
3246 4645 3544 4712 γεγονὼς,
3598 4645 3688 4698 καὶ
3726 4641 3778 4695 τὺ

2202 4723 2504 4793 παθητικὸν
2532 4726 2696 4779 αὑτοῦ
2735 4729 2899 4800 μέρος
2928 4731 3065 4801 πρὸς
3093 4734 3289 4788 ἐαυτὸν
3329 4738 3668 4807 συσφίγξας,
3707 4734 3778 4795 εις

2198 4812 2379 4885 ἔρωτα
2417 4815 2578 4881 θεῖον,
2612 4817 2687 4881 ὡς
2728 4818 2963 4890 εἴρηται,
2996 4823 3409 4896 ἀκατάληκτον,
3446 4830 3544 4882 καὶ
3574 4829 3780 4896 ἀγάπην

2194 4906 2630 4974 ἀκατάπαυστον,
2662 4908 2923 4980 ἔστρεψεν
2945 4952 2960 4978 ,
2987 4914 3125 4978 ὅλως
3151 4917 3216 4969 ἐκ
3237 4917 3356 4970 τῶν
3386 4919 3651 4989 ἐπιγείων
3698 4914 3782 4970 ἐπὶ

2196 4996 2258 5049 τὸ
2286 4995 2442 5051 Θεῖον
2477 5001 2830 5070 ματαγαγὼν.

2270 5090 2378 5158 μθ’,
2409 5091 2480 5142 Οὐ
2510 5092 2727 5157 πάντως
2756 5094 2784 5146 ὁ
2815 5096 2892 5167 μὴ
2940 5085 3171 5167 φθονῶν,
3204 5102 3353 5173 μηδὲ
3414 5103 3781 5175 ὀργιζόμενος,

2201 5181 2337 5249 μηδὲ
2372 5184 2724 5252 μνησικακῶν
2755 5185 2831 5256 τῷ
2890 5188 3212 5259 λυπήσαντι,
3264 5192 3375 5263 ἥδη
3432 5196 3533 5249 καὶ
3575 5194 3781 5262 ἀγάπην

2204 5273 2316 5343 ἔχει
2363 5276 2498 5345 πρὸς
2556 5276 2736 5332 αὐτόν.
2768 5280 3001 5335 Δύναται
3032 5284 3138 5356 γὰρ
3183 5284 3286 5339 καὶ
3339 5288 3517 5360 μήπω
3543 5284 3781 5356 ἀγαπῶν,

2196 5540 2431 5615 venerit.
2472 5549 2597 5588 cum
2661 5536 2926 5615 reddidit,
2990 5539 3064 5615 Et
3101 5540 3333 5615 anilitas
3362 5561 3504 5615 non
3551 5546 3780 5615 iniqui”;

2193 5601 2344 5679 quod
2370 5612 2426 5679 et
2448 5615 2658 5679 mutare
2690 5601 2936 5679 Gesnero
2958 5610 3152 5679 religio
3193 5610 3327 5666 fuit.
3361 5614 3601 5679 Utrique
3630 5601 3777 5668 etiam

2192 5669 2483 5794 ῗὲνχιριονίᾳ,
2526 5674 2712 5730 diurna
2743 5677 2916 5740 hmsit,
2943 5669 3093 5748 quod
3115 5679 3183 5735 sit
3218 5669 3523 5751 typorum,
3547 5698 3643 5748 pro
3672 5682 3777 5735 diu-
