4140 6322
367 403 491 468 [001

1277 402 1612 466 CAPITUM
1653 405 1749 466 DE
1787 405 2218 465 CHARITATE
2256 405 2643 465 CENTURIA
2685 405 2767 465 II.

3485 408 3622 475 1092

360 520 532 572 κακὸν
561 518 684 572 ἀντὶ
716 515 884 572 κακοῦ
919 515 994 587 μὴ
1035 516 1326 571 ἀποδοῦναι
1349 560 1363 580 ,
1397 519 1486 571 διὰ
1534 521 1631 589 τὴν
1675 520 1893 590 ἐντολήν
1920 535 1934 550 ·

2050 519 2186 573 enim
2212 561 2225 583 ,
2257 518 2361 573 etsi
2404 519 2647 573 nondum
2690 505 2908 590 diligat,
2936 520 3139 574 malum
3182 538 3283 592 pro
3326 524 3470 580 malo
3510 544 3618 582 non

358 616 423 668 οὐ
468 614 688 676 πάντως
735 614 791 666 δὲ
835 611 914 665 ἔτι
956 613 1051 666 καὶ
1095 612 1258 665 καλὸν
1305 614 1696 668 ἀνταποδοῦναι
1743 615 1940 680 κακοῦ,

360 704 658 766 ἁϐιάστως.
697 703 769 756 Τὸ
812 702 921 773 γὰρ
954 703 1019 754 ἐκ
1064 701 1358 765 διαθέσεως
1406 703 1585 767 καλῶς
1630 706 1803 758 ποιεῖν
1829 706 1942 768 τοῖς

363 794 621 866 μισοῦσι,
696 795 865 866 μόνης
941 794 1060 847 ἐστὶ
1136 796 1236 865 τῆς
1304 794 1680 866 πνευματικῆς
1730 792 1943 859 τελείας

360 891 603 959 ἀγάπης.
1154 954 1163 958 δ

434 983 498 1036 ν’.
536 984 706 1053 Οὐχ-ὁ
735 982 809 1054 μὴ
840 982 1072 1051 ἀγαπῶν
1101 994 1246 1047 τινα,
1292 982 1393 1053 ἤδη
1424 983 1640 1047 πάντως
1668 984 1763 1036 καὶ
1796 986 1946 1055 μισεῖ

359 1080 524 1132 αὐτόν
551 1095 562 1107 ·
610 1080 732 1132 οὐδὲ
764 1078 927 1131 πάλιν
950 1121 964 1144 ,
996 1082 1024 1133 ὁ
1057 1077 1133 1149 μὴ
1183 1078 1390 1147 μισῶν,
1442 1079 1544 1149 ἤδη
1586 1079 1802 1142 πάντως
1848 1081 1944 1133 καὶ

361 1171 570 1240 ἀγαπᾷ.
628 1169 785 1227 Ἀλλὰ
818 1171 1038 1224 δύναται
1085 1169 1161 1232 ὡς
1198 1170 1361 1241 μέσος
1395 1165 1535 1224 εἶναι
1570 1169 1706 1241 πρὸς
1738 1172 1899 1223 αὐτόν
1925 1186 1940 1201 °

358 1263 630 1327 τουτέστι,
665 1263 802 1332 μήτε
834 1263 1077 1333 ἀγαπᾷν,
1112 1262 1250 1332 μήτε
1289 1265 1487 1331 μισεῖν.
1520 1261 1632 1332 Τὴν
1662 1261 1772 1334 γὰρ
1805 1263 1941 1331 ἁγα-

363 1354 601 1424 πητικὴν
636 1353 877 1407 διάθεσιν
900 1397 914 1419 ,
961 1355 1112 1425 μόνοι
1142 1356 1190 1408 οἱ
1221 1354 1279 1407 ἐν
1317 1353 1394 1425 τῷ
1445 1354 1618 1425 ἐνάτῳ
1663 1355 1946 1427 κεφαλαίῳ

360 1444 564 1515 ταύτης
616 1449 713 1518 τῆς
756 1447 1109 1510 ἑκατοντάδος
1159 1446 1442 1518 εἰρημένοι
1506 1447 1663 1500 πέντε
1713 1447 1943 1519 τρόποι,

358 1538 610 1607 ἐμποιεῖν
647 1538 992 1606 πεφύκασιν,
1039 1540 1068 1593 ὅ
1114 1557 1176 1594 τε
1227 1539 1514 1604 ἐπαινετὸς
1547 1540 1638 1593 καὶ
1678 1540 1707 1593 6
1758 1539 1944 1609 μέσος,

363 1634 461 1686 καὶ
486 1636 535 1687 oi
574 1633 784 1702 ψεκτοί.

435 1819 536 1867 να¹.
571 1813 740 1866 Ὅταν
776 1813 890 1883 ἴδῃς
939 1813 1031 1867 τὸν
1080 1815 1205 1869 νοῦν
1238 1831 1331 1869 σου
1381 1819 1493 1882 τοῖς
1543 1816 1748 1878 ὑλικοίς
1779 1814 1947 1887 ἡδέως

363 1903 818 1974 ἐνασχολούμενον
839 1946 855 1970 ,
897 1906 993 1958 καὶ
1024 1907 1137 1969 τοῖς
1185 1905 1393 1962 τούτων
1422 1908 1689 1977 νοήμασιν
1717 1905 1944 1978 ἐμφιλο-

363 1996 648 2067 χωροῦντα
675 2037 690 2060 ,
739 1996 976 2065 γίνωσκε
1036 1999 1261 2053 σεαυτὸν
1313 2000 1486 2053 ταῦτα
1539 2000 1740 2070 μᾶλλον
1790 1998 1948 2071 ἥτὸν

362 2087 494 2141 Θεὸν
520 2090 841 2156 ἀγαπῶντα.
876 2090 1069 2143 Ὅπου
1096 2089 1206 2160 γάρ
1224 2092 1395 2145 ἐστιν
1418 2094 1451 2145 ό
1480 2093 1785 2159 θησαυρός
1808 2108 1945 2158 σου,

365 2181 531 2253 φησὶν
563 2183 591 2234 6
619 2182 842 2254 Κύριος,
882 2182 1015 2236 ἐκεῖ
1047 2183 1146 2236 καὶ
1193 2184 1230 2250 ἠ
1268 2183 1481 2252 καρδία
1512 2184 1703 2238 ἔσται.

435 2270 536 2343 νβ’.
574 2272 718 2336 Νοῦς
748 2274 866 2344 Θεῷ
902 2275 1306 2344 συναηπτόμενος
1330 2315 1344 2339 ,
1380 2274 1473 2328 καὶ
1504 2274 1654 2344 αὐτῷ
1695 2275 1948 2346 ἐγχρονί-

363 2361 473 2427 ζων
498 2363 587 2416 διὰ
620 2364 930 2434 προσευχῆς
972 2364 1066 2416 καὶ
1120 2365 1375 2433 ἀγάπης,
1411 2363 1575 2432 σοφὸς
1611 2364 1819 2431 γίνεται
1854 2363 1949 2417 καὶ

364 2454 572 2522 ἀγαθὸς
613 2455 709 2507 καὶ
743 2453 970 2519 δυνατὸς
1006 2457 1101 2509 καὶ
1146 2456 1528 2527 φιλάνθρωπος
1560 2458 1652 2509 κα)⁸
1701 2456 1947 2526 ἐλεήμων

364 2548 460 2616 καὶ
492 2547 846 2617 μακρόθυμος
873 2566 886 2579 ·
940 2551 1034 2601 καὶ
1088 2549 1274 2614 ἁπλῶς
1308 2550 1483 2602 εἰπεῖν
1504 2589 1517 2612 ,
1554 2549 1732 2603 πάντα
1765 2548 1950 2620 σχεδὸν

364 2642 433 2694 τὶ
491 2638 610 2694 θεῖα
645 2639 913 2709 ἰδιώματα
963 2642 1021 2693 ἐν
1078 2641 1256 2710 ἐαυτῷ
1307 2641 1616 2712 περιφέρει.
1657 2640 1860 2694 Τούτου
1894 2640 1950 2693 δὲ

324 2797 331 2805 ἢ
366 2729 669 2801 ἀναχωρῶν
724 2729 849 2802 [Fr.
883 2730 1211 2803 ἀποχωρῶν]
1232 2773 1246 2796 ,
1283 2732 1507 2785 καὶτῶν
1543 2731 1746 2785 ὐλικῶν
1780 2746 1950 2804 προσ-

364 2818 562 2892 χωρῶν
599 2861 612 2885 ,
681 2821 714 2892 ἢ
752 2822 1033 2891 κτηνώδης
1079 2822 1290 2889 γίνεται
1330 2821 1610 2892 φιλήδονος
1663 2822 1904 2890 γεγονώς
1932 2835 1947 2851 ·

365 2912 401 2983 ἢ
458 2910 767 2983 θηριώδης,
829 2913 918 2967 διὰ
971 2912 1144 2967 ταῦτα
1216 2915 1328 2977 τοῖς
1406 2912 1721 2984 ἀνθρώποις
1780 2914 1947 2985 μαχό-

370 3021 549 3076 μενος.

438 3101 542 3163 νγ¹.
574 3095 795 3163 Κόσμον
823 3096 973 3166 λέγει
1032 3097 1065 3168 ἡ
1106 3097 1299 3169 Γραφὴ
1335 3098 1404 3151 τὰ
1432 3098 1593 3151 ὑλικὰ
1622 3097 1950 3169 πράγματα·

2044 609 2311 675 reddere,
2363 610 2506 680 quod
2562 609 2636 663 ita
2692 599 3029 680 praeceptum
3080 612 3183 678 sit;
3232 630 3346 669 non
3393 619 3622 674 omnino

2044 708 2226 754 autem
2255 699 2436 766 adhuc
2467 701 2630 753 etiam
2672 700 2877 755 bonum
2915 716 3016 770 pro
3052 704 3195 757 malo
3237 705 3381 760 ultro
3420 724 3620 778 reperi-

2044 790 2195 846 dere.
2223 791 2368 846 Bene
2407 791 2555 846 cnim
2596 808 2662 846 ex
2702 792 2885 847 animo
2924 793 3103 849 facere
3137 796 3220 851 his
3242 798 3336 866 qui
3361 800 3618 867 oderunt,

1968 923 1977 935 .
2046 884 2300 952 perfecta:
2326 883 2588 937 duntaxat
2611 883 2873 952 spiritalis
2895 886 3178 943 charitatis
3201 896 3303 945 est.

2118 973 2205 1026 50.
2252 973 2356 1039 Qui
2402 990 2513 1029 non
2559 974 2738 1045 diligit
2780 975 3054 1044 aliquem,
3094 995 3204 1033 non
3242 982 3355 1051 jam
3399 984 3622 1040 omnino

2046 1060 2208 1114 etiam
2239 1061 2386 1127 odit;
2419 1078 2520 1116 nec
2548 1079 2578 1117 e
2604 1072 2813 1127 contra,
2843 1065 2936 1134 qui
2965 1082 3075 1121 non
3104 1068 3239 1131 odit,
3261 1070 3371 1139 jam
3396 1074 3623 1129 omnino

2047 1152 2212 1206 etiam
2241 1152 2419 1224 diligit
2444 1171 2456 1206 :
2491 1153 2586 1208 sed
2615 1161 2673 1207 ut
2696 1155 2911 1210 medius
2936 1172 3062 1228 erga
3092 1158 3244 1213 illum
3274 1176 3394 1217 esse
3418 1172 3618 1235 potest,

2049 1242 2103 1297 id
2131 1251 2243 1308 est,
2268 1245 2350 1298 sic
2372 1243 2553 1298 animo
2582 1257 2958 1314 comparatus,
2986 1258 3045 1301 ut
3071 1264 3250 1319 neque
3276 1250 3492 1322 diligat,
3520 1270 3619 1313 nc-

2047 1349 2155 1404 que
2195 1334 2394 1389 oderit.
2420 1334 2740 1389 Dilectionis
2767 1337 2912 1390 enim
2941 1336 3227 1405 aﬂ‘ectum,
3253 1341 3331 1395 illi
3360 1344 3625 1401 duntaxat

2049 1425 2296 1497 quinque
2328 1425 2477 1480 modi
2507 1427 2563 1479 in
2594 1425 2754 1481 nobis
2782 1427 2988 1482 habent
3016 1429 3267 1500 gignere,
3298 1448 3437 1503 quos
3476 1452 3622 1493 nono

2048 1519 2226 1588 capite
2267 1517 2433 1593 5.13
2466 1533 2530 1572 ex
2572 1518 2659 1573 his
2697 1528 2919 1573 centum
2958 1521 3152 1589 retuli;
3189 1531 3305 1578 tum
3333 1541 3527 1597 nempe
3580 1530 3625 1583 is

2047 1610 2142 1681 qui
2168 1610 2382 1664 laudem
2408 1610 2595 1677 habet,
2620 1621 2733 1665 tum
2760 1611 2853 1683 qui
2879 1604 3091 1668 medius
3110 1624 3214 1679 est,
3238 1624 3351 1673 tum
3379 1620 3471 1689 qui
3497 1629 3625 1687 sunt

2051 1699 2323 1768 vituperio
2345 1699 2493 1770 digni

2121 1791 2209 1844 51.
2238 1790 2376 1845 Cum
2418 1791 2651 1846 terrenis
2680 1790 2845 1846 rebus
2872 1807 3173 1864 earumque
3203 1796 3624 1873 cogitationibus

1981 1855 2023 1915 Β
2053 1891 2289 1935 mentem
2340 1889 2487 1936 tuam
2532 1882 2768 1936 libenter
2814 1883 3091 1960 immorari
3134 1885 3367 1953 videris;
3412 1870 3625 1955 biecite

2050 1973 2242 2043 magis,
2266 1989 2430 2043 quam
2470 1974 2641 2031 Deum
2681 1973 2929 2048 diligere,
2953 1977 3176 2033 noveris
3208 1997 3221 2033 :
3256 1980 3352 2035 Ubi
3381 1983 3521 2041 enim
3547 1989 3625 2038 cst

2053 2067 2329 2120 thesaurus
2359 2075 2501 2132 tuus,
2529 2067 2605 2120 ait
2631 2066 2916 2135 Domiruis,
2941 2068 3011 2124 ibi
3038 2077 3086 2123 et
3113 2087 3203 2125 cor
3228 2073 3326 2127 erit
3347 2073 3414 2128 ⁵³.

2118 2256 2202 2311 52.
2244 2257 2355 2312 Deo
2390 2259 2721 2329 conjunctus
2758 2259 3003 2325 animus,
3034 2261 3196 2332 eique
3234 2266 3502 2322 orationis
3539 2267 3626 2322 in-

2049 2350 2250 2405 stantia
2291 2360 2347 2405 et
2382 2350 2649 2407 charitate
2692 2351 2975 2419 assiduus,
3009 2356 3226 2424 sapiens
3266 2366 3322 2412 et
3356 2359 3538 2416 bonus
3571 2368 3629 2416 et

2049 2451 2247 2511 potens
2298 2448 2354 2498 et
2408 2443 2679 2513 benignus
2726 2453 2783 2498 et
2828 2445 3145 2502 misericors
3197 2458 3253 2503 et
3297 2450 3629 2522 longanimis

2049 2530 2283 2586 edicitur
2326 2550 2337 2584 :
2384 2541 2566 2601 atque,
2595 2541 2655 2586 ut
2691 2532 2863 2588 verbo
2901 2534 3110 2600 dicam,
3148 2547 3372 2594 cunctas
3411 2541 3526 2596 fere
3570 2544 3628 2598 in

2051 2623 2231 2692 seipso
2260 2623 2474 2679 divinas
2505 2622 2821 2678 circumfert
2849 2623 3022 2679 dotes.
3056 2616 3195 2681 Dum
3224 2643 3464 2692 vero.eo
3495 2633 3627 2685 reli-

2051 2715 2413 2778 cto,terrenis
2442 2730 2499 2770 se
2530 2715 2698 2769 rebus
2730 2716 2995 2787 adiungit,
3021 2726 3117 2771 aut
3140 2721 3411 2789 pecuinus
3443 2714 3627 2777 evadit

2054 2804 2340 2874 (voluptati
2380 2806 2592 2861 scilicet
2631 2821 2695 2861 ac
2731 2806 2949 2861 libidini
2989 2808 3229 2880 deditus)
3266 2820 3360 2867 aut
3397 2812 3624 2876 ferinus.

2051 2905 2238 2945 earum
2276 2908 2439 2947 causa
2480 2893 2757 2961 hostiliter
2788 2909 3026 2969 pugnam
3061 2896 3314 2971 rixasque
3347 2902 3629 2961 instruens

2052 2995 2178 3035 cum
2207 2982 2543 3038 hominibus.

2122 3086 2209 3141 55.
2240 3082 2502 3142 Mundum
2551 3088 2839 3159 Scriptura
2903 3106 2992 3149 res
3042 3105 3291 3151 terrenas
3329 3107 3517 3164 vocat;
3564 3115 3630 3157 ac

366 3188 462 3241 καὶ
493 3189 752 3258 κοσμικοί
793 3192 935 3256 εἰσι,
981 3192 1029 3243 oi
1072 3190 1282 3254 τούτοις
1321 3191 1411 3244 τὸν
1446 3190 1569 3243 νοῦν
1599 3186 1949 3261 ἐνασχολοῦν-

2053 3178 2315 3234 mundani
2350 3187 2501 3247 sunt,
2521 3181 2620 3252 qui
2656 3182 2743 3237 his
2774 3192 2969 3238 vacant
3001 3194 3166 3256 atque
3197 3187 3382 3247 animo
3417 3189 3630 3259 impen-

366 3298 489 3344 τες,
550 3280 685 3352 πρὸς
730 3281 824 3344 οὒς
881 3283 975 3335 καὶ
1045 3281 1193 3352 λέγει
1257 3282 1792 3353 ἐντρεπτικώτερον·
1849 3281 1947 3350 Μὴ

367 3372 637 3442 ἀγαπᾶτε
682 3372 789 3426 τὸν
837 3374 1107 3442 κόσμον,
1157 3374 1314 3444 μηδὲ
1366 3373 1440 3428 τὰ
1482 3375 1551 3428 ἐν
1592 3371 1673 3440 τῷ
1721 3376 1945 3443 κόσμῳ.

378 3465 440 3519 Ἠ
457 3464 740 3532 ἐπιθυμία
766 3463 875 3533 τῆς
896 3463 1143 3533 σαρκὸς,
1170 3467 1269 3519 καὶ
1291 3465 1572 3533 ἐπιθυμία
1594 3464 1712 3518 τῶν
1729 3466 1952 3532 ὀφθαλ-

362 3553 532 3623 μῶν,
581 3556 677 3609 καὶ
721 3556 760 3623 ἠ
807 3555 1126 3615 ἀλαζονεία
1185 3556 1289 3610 τοῦ
1356 3558 1532 3625 βίου,
1597 3557 1709 3612 οὐκ
1780 3555 1952 3611 ἐστιν

368 3644 437 3698 ἐκ
475 3647 579 3699 τοῦ
616 3646 762 3700 Θεοῦ
787 3662 800 3677 ·
859 3647 996 3700 ἀλλ’
1043 3648 1113 3701 ἐκ
1142 3647 1246 3701 τοῦ
1278 3647 1510 3718 κόσμου
1551 3648 1706 3710 ἐστὶ,
1748 3647 1843 3702 καὶ
1883 3646 1953 3701 τὰ

372 3738 521 3808 ἑξῆς.

452 3831 534 3884 θδ¹.
574 3832 818 3905 Μοναχός
851 3834 995 3886 ἐστιν
1014 3874 1028 3898 ,
1060 3833 1087 3885 6
1114 3833 1221 3888 τῶν
1250 3831 1451 3886 ὑλικῶν
1487 3832 1829 3903 πραγμάτιον
1860 3830 1952 3884 τὸν

371 3919 498 3975 νοῦν
538 3922 921 3993 ἀποχωρίσας·
975 3923 1071 3976 καὶ
1121 3922 1188 3975 δι’
1222 3922 1551 3992 ἐγκρατείας
1585 3922 1681 3973 καὶ
1731 3920 1952 3991 ἀγάπης

373 4015 469 4066 καὶ
525 4014 843 4086 ψαλμῳδίας
891 4015 987 4068 καὶ
1028 4015 1334 4085 προσευχῆς
1393 4010 1821 4084 προσκαρτερῶν
1876 4011 1953 4082 τῷ

374 4104 518 4176 Θεῷ.

445 4204 539 4251 γε’.
571 4198 953 4269 Κτηνοτρόφος
997 4197 1094 4267 μέν
1132 4198 1280 4250 ἐστιν
1305 4194 1515 4267 νοητὸς,
1555 4196 1583 4248 6
1610 4193 1911 4266 πρακτικός
1933 4210 1949 4225 ο

373 4290 587 4360 κτηνῶν
615 4292 723 4361 γὰρ
749 4291 906 4360 λόγον
941 4293 1198 4359 ἐπέχουσι
1221 4290 1292 4343 τὰ
1327 4289 1500 4359 ἠθικὰ
1530 4287 1948 4361 κατορθώματα·

372 4382 455 4437 διὸ
507 4385 601 4436 καὶ
655 4383 839 4451 ἔλεγεν
897 4385 926 4436 ὁ
972 4383 1167 4436 Ἰακὼὸ
1198 4400 1211 4413 ·
1261 4382 1502 4451 Ἄνδρες
1558 4383 1954 4452 κτηνοτρόφοι

375 4475 538 4528 εἰσὶν
564 4477 618 4528 οι
650 4474 859 4539 παῖδές
886 4490 1021 4529 σου.
1082 4473 1291 4545 Ποιμὴν
1321 4473 1725 4554 δὲηπροϐάτων,
1750 4475 1778 4527 6
1809 4491 1951 4542 γνωο

380 4563 584 4626 στικός.
620 4565 914 4635 Προὸάτων
943 4566 1051 4635 γὰρ
1087 4563 1246 4633 λόγον
1274 4565 1562 4635 ἐπέχουσιν
1597 4565 1646 4617 οι
1673 4564 1946 4634 λογισμοὶ,

378 4656 471 4707 ἐπὶ
504 4655 572 4709 τὰ
607 4655 707 4728 ὄρη
739 4653 846 4709 τῶν
872 4654 1246 4728 θεωρημάτων
1278 4654 1383 4708 ὑπὸ
1408 4654 1502 4710 τοῦ
1539 4655 1630 4711 νοῦ
1662 4656 1948 4726 ποιμαινό-

382 4764 558 4817 μενοι.
604 4749 705 4802 Διά
756 4748 915 4802 τοῦτο
962 4749 1056 4801 καὶ
1085 4748 1405 4817 Βδέλυγμα
1449 4748 1573 4814 τοῖς
1606 4748 1951 4819 Αἰγυπτίοις

377 4837 499 4904 πᾶς
535 4839 759 4910 ποιμὴν
790 4839 1128 4909 προϐάτων,
1182 4838 1349 4908 ἤγουν
1380 4842 1498 4903 ταῖς
1544 4841 1810 4904 ἐναντίαις
1861 4841 1953 4893 δυ-

379 4929 601 5000 νάμεσι.

457 5111 567 5169 νς’.
604 5105 662 5159 '0
691 5106 793 5175 μὲν
822 5106 1024 5175 φαῦλος
1053 5107 1197 5171 νοῦς,
1243 5107 1565 5178 κινουμένου
1587 5107 1680 5161 τοῦ
1709 5107 1962 5180 σώματος

382 5195 477 5250 διὰ
521 5197 631 5249 τῶν
687 5198 996 5268 αἰσθήσεων
1049 5200 1143 5252 ἐπὶ
1200 5199 1297 5262 τὰς
1339 5200 1477 5262 ἰδίας
1524 5199 1821 5269 ἐπιθυμίας
1868 5201 1964 5253 καὶ

381 5287 982 5358 ἡδονὰς,ἐξακολουθεῖ,
1018 5290 1113 5343 καὶ
1143 5290 1595 5359 συγκατατίθεται
1627 5292 1744 5354 ταῖς
1772 5290 1961 5343 τούτου

384 5379 714 5449 φαντασίαις
753 5383 846 5435 καὶ⁸
886 5384 1121 5452 ὁρμαῖς-ο
1153 5385 1180 5436 6
1218 5383 1275 5436 δὲ
1321 5383 1596 5453 ἐνάρετος,
1628 5383 1959 5456 ἐγκρατεύε-

382 5487 499 5535 ται,
536 5472 630 5524 καὶ
671 5472 891 5542 κατέχει
940 5473 1131 5527 ἐαυτὸν
1167 5474 1275 5527 ἀπὸ
1313 5472 1420 5528 τῶν
1466 5473 1731 5543 ἐμπαθῶν
1756 5485 1960 5543 φανταέ

386 5559 522 5613 σιῶν
572 5563 667 5616 καὶ
706 5564 895 5634 ὁρμῶν
921 5605 935 5630 ,
986 5565 1078 5617 καὶ
1131 5564 1332 5635 μᾶλλον
1394 5566 1674 5635 φιλοσοφεῖ
1720 5564 1961 5635 βελτίους

385 5654 615 5722 ποιῆσαι
646 5654 742 5718 τὰς
775 5657 1033 5718 τοιαύτας
1062 5655 1229 5710 αὐτοῦ
1260 5657 1524 5727 κινήσεις.

2051 3270 2288 3338 duntur,
2322 3273 2525 3342 quibus
2571 3274 2737 3328 etiam
2782 3276 3055 3332 austerius
3099 3278 3441 3351 objurganda
3487 3283 3566 3339 ait
3608 3303 3625 3339 :

2050 3361 2225 3417 Nolite
2268 3362 2488 3436 diligere
2533 3365 2821 3430 mundum,
2858 3383 3024 3438 neque
3065 3385 3128 3423 ea
3172 3386 3290 3441 qua
3331 3373 3388 3426 in
3430 3374 3627 3429 mundo

2049 3463 2191 3510 sunt.
2222 3455 2655 3529 Concupiscentia
2691 3461 2897 3523 carnis,
2924 3470 2973 3514 et
3004 3465 3419 3533 concupiscentia
3451 3467 3630 3523 oculo-

2052 3563 2191 3610 rum,
2213 3553 2261 3600 et
2284 3548 2528 3618 superbia
2555 3551 2696 3615 vitaz,
2720 3566 2823 3604 non
2851 3560 2972 3606 sunt
2994 3568 3058 3606 ea:
3077 3552 3207 3621 Deo,
3231 3556 3322 3613 sed
3347 3572 3412 3612 ea:
3435 3560 3628 3617 nitendo

2049 3649 2173 3697 sunt
2198 3638 2265 3705 ⁸³,
2291 3648 2347 3694 ct
2371 3656 2493 3711 quae
2522 3649 2848 3711 sequuntur.

2124 3809 2210 3864 54.
2245 3807 2545 3864 Monachus
2580 3816 2698 3875 est,
2729 3809 2822 3880 qui
2863 3818 3102 3866 mentem
3135 3828 3292 3869 suam
3326 3830 3358 3869 a
3392 3820 3629 3881 terrenis

2053 3898 2218 3957 rebus
2241 3898 2537 3967 abstraxit;
2563 3917 2625 3955 ac
2650 3902 2743 3971 qui
2768 3918 2868 3972 per
2885 3903 3278 3961 continentiam
3304 3914 3360 3962 et
3381 3907 3630 3963 dilectio.-

2052 4011 2177 4050 nem
2212 4003 2266 4049 et
2297 3994 2656 4064 psalmodiam
2692 3994 2996 4067 orandique
3032 3997 3312 4065 studium,
3344 4000 3458 4059 Deo
3486 4005 3627 4073 assi-

2053 4086 2196 4141 duus
2220 4087 2455 4142 exsistit.

2123 4176 2210 4234 55.
2245 4164 2520 4249 Spiritalis
2560 4185 2815 4250 p‘ecorum
2861 4186 3049 4250 pastor
3085 4190 3201 4249 est,
3229 4182 3327 4253 qui
3356 4184 3628 4241 actionem

2053 4274 2187 4330 colit
2229 4291 2243 4329 :
2285 4290 2545 4346 pecorum
2580 4275 2729 4331 enim
2768 4275 3038 4331 rationEm
3080 4277 3307 4345 habent,
3338 4280 3626 4345 moralium

2055 4381 2223 4437 opera
2251 4367 2537 4421 virtutum.
2567 4367 2779 4423 idcirco
2808 4367 2971 4425 etiam
2999 4368 3182 4427 aiebat
3203 4370 3373 4426 Jacob
3401 4389 3413 4425 :
3439 4371 3630 4428 Pasto-

2055 4470 2139 4517 νει
2176 4477 2421 4534 pecorum
2457 4471 2581 4516 sunt
2618 4462 2753 4517 servi
2794 4461 2870 4515 tui
2889 4461 2954 4517 ⁵⁸.
2984 4459 3179 4521 Ovium
3222 4471 3404 4520 autem
3445 4476 3630 4534 pastor

2055 4567 2167 4622 est,
2198 4558 2292 4628 qui
2332 4556 2516 4613 studet
2551 4557 2796 4612 scientiae
2832 4573 2897 4613 ac
2932 4559 3401 4629 contemplationi.
3432 4559 3627 4617 Ovium‘

2054 4653 2202 4709 enim
2233 4651 2500 4707 rationem
2526 4651 2730 4707 habent
2758 4652 3114 4723 cogitationes
3133 4653 3419 4723 animique
3446 4668 3623 4717 sensa.

2057 4760 2179 4814 quae
2214 4744 2270 4799 in
2310 4743 2589 4801 montibus
2625 4744 2954 4816 spiritalium
2999 4746 3522 4815 contemplationum
3564 4762 3629 4801 ac

2059 4836 2345 4891 notionum
2392 4851 2421 4890 a
2469 4843 2651 4893 mente
2696 4843 3019 4905 pascuntur.
3063 4836 3358 4904 Propterea
3400 4837 3563 4890 etiam
3614 4855 3627 4889 :

2060 4928 2394 4984 Abominatio
2430 4936 2505 4981 est
2541 4926 2804 5001 AEgyptiis
2841 4927 3008 4987 omnis
3044 4934 3229 4998 pastor
3264 4928 3438 4989 ovium
3457 4927 3532 4994 ⁵⁵,
3576 4928 3632 4989 id

2059 5029 2165 5084 est,
2192 5018 2524 5074 adversariis
2548 5017 2929 5088 potestatibus.

2134 5107 2218 5163 56.
2254 5109 2424 5163 Prava
2455 5123 2630 5173 mens,
2662 5107 2888 5163 incitato
2918 5119 3145 5176 corpore
3176 5122 3433 5161 sensuum
3467 5123 3633 5178 opera

2063 5199 2120 5253 in
2149 5215 2276 5256 suas
2307 5198 2639 5268 cupiditates
2668 5214 2732 5254 ac
2765 5198 3026 5255 libidines
3045 5239 3062 5264 ,
3089 5200 3330 5269 proclive
3360 5200 3631 5269 sequitur,

2062 5292 2401 5361 assentitque
2438 5292 2586 5347 illius
2616 5292 3133 5363 cogitationibuset
3161 5294 3587 5362 appetitionibus
3617 5312 3630 5349 :

2064 5391 2120 5437 at
2144 5382 2237 5451 qui
2263 5382 2484 5437 virtutis
2509 5383 2687 5437 cultor
2708 5390 2813 5447 est,
2833 5383 2949 5452 ipse
2977 5399 3034 5438 se
3058 5383 3323 5449 continet,
3345 5391 3634 5454 temperat-

2062 5489 2171 5543 que
2202 5489 2233 5528 a
2263 5473 2933 5544 vitiosiscogitationibus
2962 5483 3019 5530 et
3048 5475 3496 5547 appetitionibus,
3525 5492 3640 5531 ma-t

2062 5566 2254 5635 gisque
2287 5564 2726 5635 philosophatur,
2753 5582 2816 5623 ac
2849 5567 3035 5624 studet
3066 5578 3130 5623 ut
3153 5568 3423 5641 ejusmodi
3457 5578 3639 5626 motus

2062 5658 2275 5712 meliori
2305 5656 2464 5727 fruge
2492 5667 2801 5728 componat.

375 5806 421 5840 δ’
460 5803 649 5861 Matth.
682 5820 756 5869 νι,
788 5806 879 5859 21.
952 5807 997 5840 ⁵³
1022 5807 1043 5860 Ι
1068 5807 1226 5861 Joan.
1262 5822 1320 5874 ιι,
1355 5806 1440 5862 15.
1516 5808 1562 5841 ⁵³
1594 5808 1731 5863 Gen.
1767 5823 1929 5876 xtvn,

2080 5812 2123 5842 ⁸⁵
2150 5810 2288 5877 Gen.
2322 5827 2464 5873 nm,
2502 5813 2589 5867 5-1.

638 5899 910 5961 ΡΔἹἮΟΙ..
945 5900 1059 5961 GR.
1098 5901 1218 5961 XC.

3252 5908 3331 5968 3‘)
