4140 6322
518 425 522 429 4
566 371 703 437 1003
1306 388 1317 401 ’
1734 376 1794 441 s.
1834 372 2122 436 MAXIMI
2155 371 2663 439 CONFESSORIS
3689 389 3812 456 mm

636 487 724 540 57.
756 483 1068 546 Virtutum,
1104 482 1223 539 alia:
1257 498 1511 554 corporis
1547 494 1701 548 sunt;
1746 485 1895 548 aliae,
1930 484 2128 539 animae

2328 484 2425 550 vC’.
2461 488 2581 542 Τῶν
2621 489 2865 562 ἀρετῶν,
2898 494 2954 547 αί
2986 492 3086 564 μέν
3126 496 3231 551 εισι
3267 498 3580 568 σωματικαὶ
3606 516 3620 530 ·
3657 500 3712 554 αί
3740 501 3794 554 δὲ

562 583 643 633 Ac
684 576 930 645 corporis
966 574 1189 644 quidem
1234 539 1393 639 simtu,
1431 574 1597 647 419
1636 577 1805 631 veluti
1844 539 2136 647 jejunium.

2250 576 2501 650 ψυχικαί.
2552 540 2674 636 Καὶι
2714 539 3025 653 σωμάτικαῗ
3075 596 3175 656 μέν
3214 539 3813 662 εἰσινῗ-οίδ;,νηξτενίάῖ

562 664 784 738 vigiliae,
808 664 1197 723 humisternia,
1221 664 1574 729 ministratio,
1600 681 1859 720 manuum
1884 635 2060 731 labor,
2082 681 2136 721 nt

2250 635 2529 742 ἀγρυπνία
2548 715 2562 738 ,
2598 635 2868 746 χαμευύία
2888 717 2903 741 ,
2935 635 3185 733 διακονία
3205 721 3220 746 ,
3250 635 3573 752 ετρᾧᾶχεῖᾷέν

532 827 541 861 Ι
567 772 731 828 quem
761 768 1072 827 gravemus,
1100 756 1187 810 vel
1221 764 1280 810 ut
1303 754 1426 810 aliis
1453 756 1781 820 tribuamus,
1808 767 1918 812 etc.
1942 755 2136 812 Anima

2253 765 2328 837 μὴ
2351 767 2687 839 ἐπιϐαρῆσαί
2716 788 2865 861 τινα,
2890 770 2929 842 ἢ
2957 771 3093 842 πρὸς
3125 773 3432 842 μετάδοσιν,
3460 777 3556 829 καὶ
3583 776 3651 830 τά
3671 775 3813 845 ἑξῆς.

561 860 744 906 autem
787 849 874 921 (id
909 858 1022 911 est,
1058 858 1366 918 spectantes
1401 847 1467 902 ad
1504 849 1769 919 animam)
1811 858 1967 913 sunt,
2002 851 2151 904 velut

565 942 806 999 Charitas
852 951 949 997 seu
992 940 1247 1006 dilectio,
1289 940 1705 1011 longanimitas,
1751 933 2144 1005 mansuetudo,

558 1033 923 1098 continentia,
949 1033 1147 1097 oratio,
1174 1041 1283 1086 etc.
1314 1031 1594 1101 Siquidem
1625 1032 1791 1102 igitur
1813 1047 1881 1085 ex
1912 1031 2146 1102 quadam

560 1125 909 1189 necessitate,
941 1131 1037 1177 aut
1064 1123 1335 1194 corporali
1371 1138 1501 1177 casu
1534 1130 1699 1193 atque
1757 1131 1957 1178 eventu
1994 1122 2148 1194 (puta

557 1214 905 1287 aegritudine,
932 1228 1029 1268 seu
1054 1212 1249 1282 quovis
1278 1212 1387 1267 alio
1417 1212 1536 1283 ejus
1564 1212 1802 1283 generis)
1832 1212 2142 1283 contigerit,

560 1316 623 1360 ut
661 1320 783 1370 eas,
819 1320 940 1373 quae
982 1304 1229 1373 corporis
1269 1310 1419 1367 sunt,
1453 1303 1692 1358 virtutes
1728 1313 1990 1374 praestare
2034 1321 2145 1359 non

558 1397 741 1460 liccat,
766 1393 982 1448 veniam
1012 1392 1280 1446 habemus
1307 1408 1337 1446 a
1363 1391 1617 1457 Domino,
1644 1392 1734 1449 cui
1762 1402 1821 1448 et
1844 1407 2024 1448 causze
2049 1410 2146 1448 ex-

557 1488 785 1559 plorata:
814 1493 962 1539 sunt.
993 1483 1090 1539 Sin
1123 1494 1306 1538 autem
1344 1484 1438 1549 iis,
1464 1500 1586 1554 quae
1619 1494 1748 1539 sunt
1779 1485 2005 1550 animae,
2033 1500 2143 1541 non

558 1577 945 1646 defungamur,
972 1576 1179 1629 nullam
1212 1575 1456 1629 habituri
1485 1591 1679 1631 sumus
1707 1578 2139 1632 excusationem.

556 1670 679 1726 Non
705 1667 858 1722 enim
885 1667 971 1723 hae
995 1666 1222 1737 perinde
1245 1682 1310 1722 ac
1333 1667 1650 1737 corporales
1676 1677 1807 1723 sunt
1829 1668 2141 1725 necessitati

557 1765 840 1835 subjectae.

627 1854 717 1910 58.
757 1851 965 1920 Quaein
988 1852 1162 1906 Deum
1192 1858 1277 1905 est
1309 1849 1571 1912 Charitas,
1596 1848 1800 1903 ﬂuxam
1822 1864 2041 1904 omnem
2073 1864 2139 1906 ac
2170 1825 2212 1880 Β

555 1944 817 2001 caducam
839 1942 1199 2012 voluptatem,
1229 1956 1562 2010 omnemque
1582 1941 1828 1996 laborem
1853 1951 2016 2012 atque
2038 1943 2139 1997 do-

553 2039 730 2094 iorem
761 2045 824 2091 ut
859 2042 1194 2097 contemnat,
1224 2033 1271 2088 is
1303 2032 1399 2103 qui
1434 2032 1526 2087 illa
1560 2031 1825 2102 praeditus
1848 2042 1953 2097 est,
1982 2033 2133 2089 facit.

554 2131 597 2187 F
600 2130 856 2199 idemque
883 2127 1089 2183 faciant
1114 2124 1289 2182 sancti
1312 2139 1526 2192 omnes,
1554 2132 1706 2179 tanta
1728 2131 1953 2195 propter
1972 2123 2135 2181 Chri-

554 2230 699 2279 stum
725 2218 994 2291 perpessi.

624 2312 715 2369 59.
750 2306 986 2365 Attende
1019 2303 1117 2359 tibi
1168 2319 1199 2358 a
1243 2303 1513 2358 malorum
1554 2311 1806 2374 parente,
1855 2305 2136 2373 φιλαυτίας

553 2406 744 2476 (quam
765 2398 989 2470 vocant)
1022 2406 1218 2467 estque
1242 2410 1421 2481 caacus
1442 2396 1560 2450 sine
1588 2396 1803 2451 ratione
1827 2411 1984 2451 amor
2011 2411 2136 2451 cor-

552 2497 727 2569 poris.
759 2495 841 2549 Ex
869 2492 974 2547 hac
997 2489 1145 2546 enim
1174 2487 1329 2542 velut
1386 2487 1675 2556 apparenti
1718 2486 1956 2557 quadam
1986 2487 2132 2558 aequi

553 2588 738 2660 specie
774 2585 1057 2648 oriuntur,
1102 2581 1280 2652 prima
1314 2579 1405 2633 illa
1456 2593 1521 2632 ac
1549 2578 1965 2649 generalissima
1996 2578 2136 2633 furi-

553 2679 742 2736 bunda
770 2677 878 2734 tria
919 2675 1084 2740 vitia;
1124 2672 1264 2745 gulae
1298 2669 1531 2734 scilicet,
1582 2669 1827 2725 avaritiae
1866 2678 1924 2725 et
1953 2670 2134 2725 inanis

551 2769 759 2844 gloriae,
792 2781 987 2823 causas
1022 2763 1215 2833 utique
1253 2772 1558 2828 ansamque
1586 2758 1867 2821 habentia,
1921 2775 1990 2815 ex
2038 2775 2135 2813 ne-

551 2860 791 2920 cessaria
813 2856 1062 2927 corporis
1091 2869 1223 2909 cura
1260 2869 1274 2906 :
1306 2866 1374 2906 ex
1404 2850 1608 2919 quibus
1652 2849 1921 2905 malorum
1952 2852 2134 2906 omnis

551 2969 711 3025 seges
729 2949 1097 3023 progignitur.
1129 2945 1322 3015 Opera:
1348 2941 1587 3011 pretium
1613 2939 1782 3011 igitur
1811 2941 1902 3005 sit,
1932 2941 2011 2994 uti
2043 2941 2130 2995 di-

551 3044 765 3107 cebam,
789 3050 853 3097 ut
872 3038 1188 3095 necessario
1220 3036 1496 3099 attendas,
1518 3032 1802 3102 multaque
1829 3034 2131 3089 sobrietate

551 3150 618 3194 ac
667 3133 955 3204 diligentia
1004 3130 1272 3184 adversus
1327 3126 1471 3180 hanc
1501 3122 1803 3193 depugnes.
1837 3125 1949 3180 Hac
1980 3126 2128 3180 enim

552 3224 786 3291 sublata,
817 3237 941 3293 quae
970 3236 1039 3276 ex
1069 3220 1163 3274 illa
1192 3225 1343 3284 sunt,
1370 3214 1506 3271 vitia
1532 3214 1718 3268 omnia
1749 3230 1858 3269 una
1883 3217 1999 3272 tolli
2030 3233 2128 3271 nc-

547 3330 704 3376 σθεθθ
727 3321 833 3370 est.

621 3405 714 3462 60.
750 3403 944 3461 Cacus
996 3403 1089 3458 ille
1135 3404 1389 3475 corporis
1444 3420 1620 3472 amor,
1665 3403 1718 3460 ei
1761 3402 1985 3473 quidem
2038 3400 2133 3470 qui

553 3499 859 3557 monachus
877 3496 970 3563 sit,
999 3496 1168 3567 inque
1185 3496 1412 3552 virtutis
1431 3499 1682 3568 palaestra
1703 3494 1979 3559 exerceat,
2002 3510 2134 3563 sug-

554 3591 719 3665 gerit,
768 3601 833 3646 ut
871 3588 1252 3645 misericordia
1286 3590 1506 3660 corpori
1557 3589 1863 3660 indulgeat,
1900 3603 1964 3642 ac
1988 3588 2132 3643 ultra

554 3698 721 3754 quam
749 3681 941 3737 deceat
960 3694 1026 3734 ac
1051 3678 1347 3733 honestum
1384 3677 1478 3744 sit,
1520 3679 1588 3733 ad
1614 3678 1770 3734 cibos
1798 3678 2129 3745 conveniat;

554 3772 790 3845 quadam
822 3770 1036 3826 scilicet
1075 3769 1230 3824 velut
1272 3768 1536 3839 requitate
1591 3784 1657 3824 ac
1706 3770 2130 3841 gubernatione,

552 3880 665 3938 quo
696 3862 958 3935 paulatim
996 3860 1278 3926 inductus,
1314 3860 1372 3916 in
1396 3861 1646 3917 libidinis
1677 3863 1918 3932 vitaque
1970 3862 2128 3917 volu-

550 3956 745 4029 ptaria:
768 3955 981 4011 foVeam
1005 3952 1234 4008 incidat.
1251 3952 1511 4008 Saeculari
1537 3969 1692 4020 vero,
1713 3955 1826 4026 jam
1855 3954 1984 4010 inde
2009 3969 2135 4010 sua-

552 4049 668 4117 det,
704 4055 768 4105 ut
806 4046 989 4103 carnis
1019 4060 1208 4100 curam
1238 4044 1293 4098 in
1321 4044 1617 4100 desideriis
1652 4045 1818 4101 faciat
1845 4047 1912 4101 ⁸⁸.

621 4142 712 4197 61.
752 4139 1086 4211 Supremum
1116 4135 1387 4192 orationis
1420 4143 1622 4192 statum
1673 4137 1825 4192 hunc
1881 4152 2003 4194 esse
2047 4139 2134 4195 di-

546 4244 704 4301 cunt,
737 4243 801 4290 ut
843 4247 1000 4288 mens
1041 4245 1207 4287 carne
1239 4239 1295 4286 et
1321 4229 1530 4286 mundo
1561 4230 1838 4287 excedens
1870 4239 2134 4302 extraque

552 4343 772 4386 omnem
807 4324 1118 4389 materiam,
1155 4338 1221 4378 ac
1261 4323 1431 4378 nullis
1459 4323 1673 4378 imbuta
1702 4339 1890 4379 rerum
1917 4323 2131 4392 formis,

552 4423 634 4479 sic
657 4421 966 4477 orationem
994 4424 1238 4488 peragat.
1268 4415 1429 4471 Hunc
1461 4416 1631 4487 igitur
1652 4416 2133 4491 statum‘quisquis

2247 861 2494 933 Ψυχικαὶ
2527 863 2584 918 δέ
2615 865 2754 918 εἰσιν
2776 904 2791 929 ,
2821 859 2931 918 οἷον
2962 867 3150 936 ἀγάπη
3176 908 3190 934 ,
3224 868 3597 940 μακροθυμία,
3649 875 3815 942 πραό-

2245 970 2346 1025 της
2369 994 2385 1019 ,
2447 957 2746 1027 ἐγκράτεια
2768 1000 2783 1024 ,
2814 959 3090 1029 προσευχὴ
3115 997 3130 1023 ,
3162 961 3256 1013 καὶ
3285 962 3353 1015 τὰ
3385 963 3535 1033 ἑξῆς.
3575 963 3699 1016 Ἐὰν
3730 960 3817 1017 οὖν

2248 1047 2311 1102 ἐκ
2344 1065 2488 1111 τινος
2525 1049 2771 1120 ἀνάγκης
2793 1091 2807 1115 ,
2855 1050 2888 1122 ἢ
2930 1053 3304 1121 περιστάσεως
3328 1058 3682 1127 σωματικῆς,
3711 1050 3817 1109 οἷον
3874 1066 3891 1092 ί

2248 1140 2593 1211 ἀρρωστίας,
2641 1141 2675 1211 ἡ
2723 1158 2868 1205 τινος
2907 1142 3018 1200 τῶν
3050 1142 3333 1211 τοιούτων,
3363 1146 3542 1217 συμϐῇ
3577 1148 3713 1217 ἡμῖν
3746 1147 3817 1218 μὴ

2249 1230 2532 1286 ἐκτελέσαι
2582 1232 2878 1305 δυνηθῆναι
2906 1233 3008 1298 τὰς
3052 1238 3460 1308 προειρημένας
3499 1242 3816 1307 σωματικάς

2244 1325 2445 1395 ἀρετὰς
2467 1364 2480 1387 ,
2512 1324 2845 1396 συγγνώμην
2885 1326 3086 1397 ἔχομεν
3137 1328 3289 1398 παρά
3319 1331 3552 1401 Κυρίου,
3586 1331 3680 1384 τοῦ
3720 1332 3813 1385 καὶ

2242 1414 2342 1476 τὰς
2369 1415 2549 1477 αἰτίας
2593 1414 2795 1478 εἰδότος
2817 1431 2828 1444 ”
2866 1416 2967 1479 τὰς
3001 1415 3060 1469 δὲ
3084 1415 3320 1486 ψυχικὰς
3357 1419 3432 1490 μὴ
3468 1418 3814 1484 ἐκτελοῦντες

2242 1507 2499 1597 οὐδεμίαν
2561 1508 2755 1578 ἕξομεν
2811 1509 3133 1579 ἀπολογίαν.
3201 1511 3277 1564 Οὐ
3358 1511 3468 1584 γάρ
3526 1512 3666 1565 εἰσιν
3714 1512 3815 1566 ὑπὸ

2242 1603 2505 1672 ἀνάγκην.

2315 1866 2417 1940 νη’.
2458 1869 2523 1923 Ἦ
2555 1871 2635 1934 είς
2667 1868 2799 1922 Θεὸν
2827 1869 3039 1942 ἀγάπη,
3066 1871 3248 1942 πάσης
3300 1871 3494 1943 ἡδονῆς
3544 1889 3815 1946 παρερχο-

2247 1962 2435 2034 μένης,
2461 1964 2555 2015 καὶ
2581 1963 2781 2027 παντὸς
2807 1964 2972 2016 πόνου
3007 1964 3099 2016 καὶ
3129 1963 3306 2034 λύπης
3330 1964 3507 2019 πείθει
3532 1982 3814 2037 καταφροο

2243 2055 2353 2105 νεῖν
2377 2054 2468 2106 τὸν
2501 2051 2727 2123 μέτοχον
2752 2052 2944 2122 αὐτῆς.
2977 2053 3086 2107 Καὶ
3108 2053 3446 2109 πειθέτωσάν
3478 2071 3538 2108 σε
3566 2058 3618 2109 οὶ
3663 2056 3811 2124 ἅγιοι

2242 2145 2466 2213 πάντες,
2496 2145 2735 2201 τοσαῦτα
2768 2145 3099 2208 πεπονθότες
3119 2144 3209 2198 διά
3229 2146 3488 2217 Χριστόν.

2312 2327 2409 2384 νθῖ
2440 2329 2683 2400 Πρόσεχε
2724 2328 2937 2399 σεαυτῷ
2957 2327 3067 2382 ἀπὸ
3094 2326 3196 2398 τῆς
3228 2325 3435 2398 μητρὸς
3457 2324 3567 2380 τῶν
3602 2325 3815 2393 κακῶν,

2242 2424 2546 2493 φιλαυτίας,
2577 2423 2700 2494 ῆτις
2723 2423 2873 2476 ἐστὶν
2902 2423 2935 2490 ή
2977 2420 3074 2474 τοῦ
3129 2419 3383 2489 σώματος
3420 2419 3613 2486 ἄλογος
3638 2419 3810 2488 φιλία.

2254 2517 2348 2569 Ἐκ
2373 2517 2579 2585 ταύτης
2639 2514 2747 2586 γὰρ
2787 2511 3168 2581 εὐλογοφανῶς
3215 2511 3490 2564 τίκτονται
3518 2510 3569 2564 οἱ
3607 2508 3815 2578 πρῶτοι

2240 2610 2332 2665 καὶ
2372 2606 2638 2679 ἐμπαθεῖς
2673 2606 2768 2660 καὶ
2807 2602 3165 2673 γενικώτατοι
3202 2604 3347 2673 τρεῖς
3370 2601 3638 2672 ἐμμανεῖς
3665 2587 3815 2669 λογιέ

2242 2702 2368 2772 σμοί
2388 2719 2400 2733 ·
2440 2703 2467 2754 ὁ
2490 2699 2590 2770 τῆς
2619 2696 3065 2770 γαστριμαργίας
3089 2695 3255 2762 λέγω,
3283 2693 3379 2747 καὶ
3405 2691 3777 2763 φιλαργυρίας
3799 2730 3813 2753 ,

2188 2848 2191 2853 τ
2240 2795 2335 2849 καὶ
2359 2791 2668 2856 κενοδοξίας
2699 2806 2713 2819 ⁸
2747 2789 2847 2851 τὰς
2881 2788 3133 2860 ἀφορμὰς
3159 2788 3224 2840 ὲκ
3247 2786 3351 2855 τῆς
3380 2786 3687 2854 ἀναγκαίας
3724 2783 3814 2838 τοῦ

2242 2887 2492 2959 σώματος
2523 2882 2684 2955 δῆθεν
2708 2880 3076 2953 λαμϐάνοντες
3100 2879 3289 2950 χρείας
3312 2894 3326 2908 σ
3368 2878 3425 2945 ἐξ
3444 2870 3520 2931 ὧν
3556 2879 3817 2946 γεννᾶται

2239 2985 2386 3046 ἅπας
2412 2982 2439 3034 ὁ
2469 2980 2578 3034 τῶν
2612 2976 2804 3032 κακῶν
2830 2974 3156 3043 κατάλογος.
3192 2975 3287 3026 Δεῖ
3321 2967 3436 3036 οὖν,
3460 2971 3537 3035 ὡς
3572 2971 3813 3042 εἴρηται,

2240 3075 2529 3150 προσέχειν
2555 3069 2887 3140 ἀναγκαίως,
2909 3068 3003 3122 καὶ
3033 3065 3204 3138 ταύτῃ
3235 3065 3492 3136 πολεμεῖν
3523 3063 3663 3135 μετά
3683 3060 3818 3117 πολ-

2230 3171 2329 3241 λῆς
2361 3169 2595 3241 νήψεως.
2661 3166 2878 3235 Ταύτης
2949 3162 3059 3234 γάρ
3106 3159 3526 3232 ἀναιρουμένης,
3556 3172 3816 3211 συναναι-

2238 3265 2458 3337 ροῦνται
2490 3262 2692 3325 πάντες
2714 3260 2762 3314 οί
2802 3257 2862 3324 ἐξ
2883 3259 3074 3329 αὐτῆς.

2305 3417 2368 3484 ξ’.
2397 3417 2470 3470 Τὸ
2487 3417 2586 3487 τῆς
2617 3412 2905 3485 φιλαυτίας
2936 3410 3131 3475 πάθος,
3163 3407 3242 3478 τῷ
3278 3407 3378 3478 μὲν
3393 3402 3614 3476 μοναχῷ
3639 3402 3810 3458 ἐλεεῖν

2235 3510 2547 3585 ύποτίθεται
2579 3507 2639 3561 τὸ
2669 3505 2852 3577 σῶμα,
2890 3505 2984 3558 καὶ
3010 3500 3283 3556 συνελθεῖν
3335 3497 3488 3568 παρά
3515 3499 3593 3550 ’τὸ
3645 3510 3812 3567 προσ-

2233 3605 2366 3676 ῆκον
2396 3605 2477 3666 είς
2514 3602 2584 3654 τὰ
2615 3596 2881 3669 βρώματα
2906 3613 2920 3627 ·
2955 3592 3267 3663 οἰκονομίας
3314 3589 3477 3660 δῆθεν
3505 3587 3673 3660 χάριν
3719 3585 3810 3676 καὶ

2234 3675 2637 3766 κυϐερνήσεως,
2673 3691 2761 3744 ἵνα
2810 3686 2956 3742 κατά
2983 3684 3180 3756 μικρὸν
3209 3680 3684 3752 παρασυρόμενος,
3732 3675 3813 3739 εἰς

2231 3789 2324 3843 τὸν
2351 3786 2545 3857 βόθρον
2567 3784 2667 3855 τῆς
2696 3778 3005 3852 φιληδονίας
3031 3775 3270 3848 ἐμπέσῃ.
3309 3772 3401 3842 Τῷ
3446 3770 3505 3824 δὲ
3558 3766 3811 3841 κοσμικῷ

2232 3876 2481 3932 ἐντεῦθεν
2513 3874 2612 3947 ήδη
2641 3872 2897 3944 πρόνοιαν
2921 3869 2993 3940 (z)
3017 3863 3168 3936 αὐτῷ
3203 3861 3480 3919 ποιεῖσθαι
3504 3860 3585 3924 είς
3614 3859 3809 3914 ἐπιθυ-

2238 3965 2368 4038 μίαν
2398 3961 2712 4018 ὑποϐάλλει.

2307 4142 2405 4211 ξα’.
2433 4142 2545 4214 Τὴν
2581 4142 2682 4212 τῆς
2722 4136 3029 4211 προσευχῆς
3087 4133 3396 4207 ἀκροτάτην
3448 4129 3811 4191 κατάστασιν,

2233 4238 2438 4307 ταύτην
2471 4233 2611 4289 εἶναι
2664 4233 2904 4301 λέγουσι.
2930 4230 2992 4282 τὸ
3046 4227 3153 4292 ἔξω
3208 4225 3415 4297 σαρκὸς
3454 4222 3550 4277 καὶ
3599 4223 3812 4292 κόσμου

2235 4330 2487 4403 γενέσθαι
2502 4327 2593 4381 τδν
2608 4325 2754 4390 νοῦν,
2771 4325 2865 4377 καὶ
2882 4323 3043 4378 άῦλον
3067 4323 3245 4390 πάντη
3263 4318 3358 4373 καὶ
3382 4316 3623 4371 ἀνείδεον
3649 4317 3710 4368 ὲν
3739 4313 3816 4383 τῷ

2237 4417 2654 4492 προσεύχεσθαι.
2727 4415 2785 4469 Ὁ
2816 4409 2910 4468 οὖν
2956 4411 3162 4482 ταύτην
3217 4407 3493 4479 ἀλώὸητον
3536 4403 3819 4477 διατηρῶν

551 4514 828 4585 integrum
883 4512 1229 4579 illaesumque
1258 4508 1517 4576 servarit,
1540 4508 1632 4565 hic
1657 4524 1788 4566 vere
1814 4510 2133 4567 indesinen-

2240 4499 2349 4585 τὴν
2391 4502 2747 4573 κατάστασιν,
2807 4499 2964 4569 οὗτος
3014 4503 3184 4567 ὅντως
3231 4500 3596 4562 ἀδιαλείπτως
3638 4512 3816 4570 προσ-

552 4615 639 4662 ter
663 4614 787 4660 orat
813 4605 881 4659 ⁵⁷.

623 4694 712 4749 62.
752 4688 1228 4760 Quemadmodum
1279 4703 1485 4758 corpus
1517 4692 1816 4759 emoriens,
1846 4709 1877 4748 a
1917 4697 2135 4753 cunctis

552 4789 680 4841 vitae
714 4782 950 4855 negotiis
980 4781 1262 4851 rebusque
1288 4780 1473 4835 saeculi
1499 4782 1693 4851 procul
1728 4783 1977 4841 abscedit
2006 4804 2020 4841 :
2057 4789 2135 4845 ita

550 4884 609 4934 et
639 4892 816 4943 mens,
846 4874 1012 4948 420
1056 4886 1286 4929 summae
1322 4872 1471 4927 illius
1518 4873 1787 4931 orationis
1817 4878 1967 4934 cultu
2011 4896 2133 4937 mo-

543 4970 724 5037 .riens,
768 4984 801 5025 ιι
828 4966 1127 5024 mundanis
1157 4964 1417 5022 omnibus
1445 4965 1877 5038 cogitationibus
1915 4988 2137 5045 separa-

621 5129 667 5164 ⁸⁸
706 5130 868 5186 Rom.
895 5142 1010 5193 xm,
1052 5126 1139 5182 Η.
1218 5124 1264 5157 ³⁷
1297 5124 1318 5178 l
1349 5122 1543 5180 Thess.
1571 5142 1626 5193 ν,
1659 5127 1746 5182 17.

616 5271 691 5346 (π)
734 5264 1556 5346 Ἐιςτεῡρενιδηπρςςνοιανς
1603 5265 1939 5346 nemnem
1995 5270 2125 5325 inde

541 5334 727 5415 palam
751 5340 829 5415 ad
851 5336 1177 5415 explendam
1197 5334 1505 5415 libidinem,
1532 5334 1800 5415 inducens
1829 5334 1901 5415 ad
1933 5355 2120 5394 curam

549 5405 764 5484 corpori
790 5405 1136 5484 habendam;
1175 5406 1379 5484 quippe
1406 5405 1780 5484 hominesqui
1826 5409 2019 5484 vivunt
2061 5419 2125 5464 ut

548 5473 820 5545 eda-nt,ac
850 5479 1020 5551 genio
1039 5473 1382 5551 indulgeant.
1415 5473 1492 5551 De
1517 5473 1975 5551 mundanisenim
2005 5494 2127 5534 ser-

546 5568 639 5607 mo
671 5544 774 5609 est.
804 5544 944 5619 quos
974 5544 1243 5602 Maximus
1277 5544 1675 5619 opponitviris
1723 5548 2019 5619 religiosis,
2071 5556 2129 5607 et

547 5622 641 5692 qui
681 5614 1048 5692 advirtutem
1071 5623 1388 5692 exerceant,
1441 5614 1647 5692 quibus
1670 5614 1918 5692 carnalia
1968 5618 2124 5681 vitia,

546 5684 770 5746 nonnisi
835 5688 1019 5757 specie
1071 5684 1203 5739 boni
1252 5684 1483 5757 obtecta
1514 5684 1804 5757 obrepant.
1874 5688 2000 5743 llmc
2048 5690 2128 5744 sic

544 5762 714 5827 clara,
747 5753 1027 5815 contrario
1052 5769 1217 5827 sensu
1242 5753 1447 5822 Obsop.
1491 5753 1693 5827 reddit,
1733 5756 1976 5827 facitque
2007 5758 2128 5826 φιλ-

543 5824 759 5897 αυτίας,
798 5830 923 5886 cwci
983 5824 1178 5880 amoris
1206 5839 1470 5893 corporis,
1509 5825 1659 5895 quod
1689 5824 2127 5898 magis—Charita-

2235 4621 2650 4765 ευέθῖῗὶιίισπερ
2685 4687 2745 4741 τδ
2774 4686 2938 4755 σῶμα
2966 4681 3309 4751 ἀποθνῆσκον
3333 4720 3348 4745 ,
3375 4677 3595 4732 πάντων
3649 4674 3816 4746 χωρί-

2236 4787 2386 4852 ζεται
2415 4782 2526 4837 τῶν
2546 4779 2639 4834 τοῦ
2666 4778 2782 4850 βίου
2811 4774 3160 4847 πραγμάτιον
3189 4785 3208 4804 ο
3235 4769 3377 4824 οὕτω
3410 4769 3502 4822 καὶ
3531 4768 3559 4821 ὁ
3582 4766 3714 4830 νοῦς
3760 4767 3817 4817 ὲν

2233 4878 2311 4950 τῷ
2336 4877 2522 4948 ἄκρως
2572 4868 2973 4944 προσεύχεσθαι
3018 4862 3398 4933 ἀποθνήσκων,
3427 4861 3650 4915 πάντων
3708 4874 3816 4927 χω-

2237 4946 2449 5044 ρίζεται
2495 4965 2606 5020 τῶν
2644 4960 2741 5018 τοῦ
2772 4961 2980 5031 κόσμου
3035 4955 3345 5026 νοημάτων.
3389 4953 3515 5006 Ἐὰν
3569 4950 3685 5019 γάρ
3742 4946 3815 5017 μὴ

2233 5268 2324 5331 tis,
2350 5265 2559 5334 Deique
2581 5261 2701 5334 ejus
2724 5257 3272 5334 auctoris,_exsistat.
3297 5254 3392 5334 Sic
3434 5253 3582 5334 enirn
3610 5251 3814 5334 infice-

2233 5322 2323 5393 tus
2361 5322 2526 5389 homo
2558 5351 2570 5385 :
2609 5322 2788 5396 Quare
2819 5322 3015 5385 homini
3047 5326 3315 5381 mundano
3347 5322 3668 5396 etswculari
3694 5324 3815 5396 suae

2220 5408 2362 5478 jicil,
2392 5413 2449 5478 ut
2477 5394 2803 5478 providentia
2836 5401 3070 5470 quadam
3093 5398 3190 5478 sibi
3219 5394 3460 5478 ερηςςιιαι
3490 5396 3546 5447 in
3571 5394 3813 5474 capenda

2223 5463 2668 5545 concupiscentia.
2700 5463 2859 5545 _Non'
2899 5479 3007 5524 tam
3063 5467 3301 5545 absurde
3324 5465 3512 5545 .Gesn.
3544 5463 3651 5545 etsi
3706 5480 3814 5545 nec

2224 5547 2315 5609 ille
2344 5532 2478 5600 satis
2502 5542 2765 5609 advertit,
2787 5554 2899 5610 quo
2949 5546 3161 5610 spectet
3206 5536 3340 5591 illud
3376 5536 3454 5599 εἰς
3483 5532 3809 5610 ἐπιθυμίαν.

2222 5603 2336 5670 Nec
2365 5614 2567 5667 mirum
2597 5614 2652 5665 in
2701 5603 2938 5676 medico,
2978 5603 3171 5679 "quem
3209 5624 3308 5677 par
3345 5615 3429 5679 est
3484 5605 3536 5679 in
3573 5603 3809 5679 Galeno,

2223 5700 2385 5755 quam
2411 5682 2676 5755 iniPaulo
2716 5675 3085 5755 versatiOrein
3130 5675 3321 5755 fuisse.
3363 5676 3653 5745 Ascriptus
3688 5675 3812 5746 ejus

2222 5749 2400 5820 locus,
2425 5754 2491 5809 ad
2520 5768 2684 5824 quem
2716 5751 2984 5806 Maximus
3016 5749 3237 5804 alludit.
