4140 6322
390 396 531 463 1005

1273 393 1610 455 CAPITUM
1651 392 1747 453 DE
1785 390 2222 452 CllARITATE
2261 389 2654 451 CENTURIA
2693 389 2776 450 ΙΙ.

3524 346 3663 454 ιοσδ

387 516 481 571 τὸν
502 511 745 568 τοιοῦτον
773 511 910 585 θάνῃ
936 509 1187 574 θάνατον,
1223 509 1362 581 μετά
1383 508 1519 563 Θεοῦ
1546 507 1841 580 εὑρεθῆναι
1869 506 1967 560 καὶ

2086 521 2183 559 .ur.
2218 505 2338 560 Nisi
2366 505 2517 561 enim
2556 505 2679 576 eius
2725 501 2948 574 generis
3002 506 3240 557 mortem
3282 499 3507 567 obierit,
3541 515 3669 556 cum

390 607 558 678 ζῆσαι
581 606 641 658 οὐ
672 604 914 658 δύναται.

463 695 565 767 ξγ’.
600 697 808 768 Μηδείς
830 714 892 750 σε
918 697 1201 767 ἀπατήσῃ,
1237 695 1462 767 μοναχὲ,
1496 696 1587 748 ὅτι
1623 694 1705 750 ἔνι
1744 709 1806 748 σε
1864 710 1972 747 σω-

393 789 553 861 θῆναι
588 789 747 860 ἡδονῇ
780 791 872 843 καὶ
898 787 1173 861 κενοδοξία
1191 785 1533 842 δουλεύοντα.

462 965 557 1033 ξδ’.
580 967 789 1036 Ὥσπερ
806 965 866 1019 τὸ
896 963 1169 1034 σῶμαηδιά
1204 963 1311 1016 τῶν
1340 960 1689 1033 πραγμάτων
1722 959 1975 1029 ἁμαρτά-

392 1078 495 1123 νει,
526 1059 621 1113 καὶ
680 1057 792 1129 ἔχει
836 1057 975 1127 πρὸς
1036 1053 1420 1123 παιδαγωγίαν
1481 1052 1582 1112 τὰς
1651 1049 1978 1121 σωματικὰς

394 1152 619 1222 ἀρετὰς,
647 1150 735 1203 ἴνα
759 1151 1033 1219 σωφρονῇ’
1067 1147 1211 1200 οὕτω
1241 1146 1336 1200 καὶ
1361 1146 1391 1197 6
1407 1142 1531 1208 νοῦς
1555 1142 1644 1197 διὰ
1666 1142 1774 1195 τῶν
1795 1144 1979 1212 ἐμπα-

396 1241 506 1295 θῶν
561 1240 870 1312 νοημάτων,
913 1241 1007 1292 καὶ
1046 1237 1159 1308 ἔχει
1200 1236 1466 1299 ὡσαύτως
1509 1235 1670 1306 πρὸς,
1696 1232 1978 1302 παιδαγω-

394 1334 520 1403 γίαν
548 1334 646 1397 τὰς
665 1331 902 1402 ψυχικὰς
933 1331 1155 1401 ἀρετὰς,
1187 1328 1277 1383 ἵνα
1311 1327 1570 1400 καθαρῶς
1620 1325 1713 1380 καὶ
1753 1324 1980 1389 ἀπαθῶς

396 1423 537 1495 ὁρῶν
562 1423 629 1476 τά
658 1421 982 1492 πράγματα,
1027 1421 1304 1491 σωφρονῇ.

466 1595 560 1664 ξε¹.
592 1598 800 1668 Ὥσπερ
829 1596 929 1659 τὰς
960 1595 1174 1666 ἡμέρας
1197 1593 1535 1665 διαδέχονται
1557 1592 1616 1645 αι
1645 1590 1863 1653 νύκτες,
1887 1588 1981 1643 καὶ

392 1689 465 1744 τά
489 1688 622 1759 θέρη
664 1689 713 1741 οἱ
774 1683 1041 1756 χειμῶνες
1073 1699 1088 1714 ο
1118 1682 1263 1736 οὕτω
1293 1678 1603 1745 κενοδοξίαν
1648 1677 1741 1732 καὶ
1762 1675 1978 1748 ἡδονὴν,

393 1779 565 1835 λύπαι
618 1779 717 1833 καὶ
767 1776 974 1841 ὀδύναι,
1004 1774 1117 1828 εἴτε
1152 1775 1211 1828 ὲν
1257 1772 1338 1844 τῷ
1366 1773 1615 1845 παρόντι,
1646 1770 1758 1824 εἴτε
1800 1768 1860 1823 ὲν
1901 1766 1981 1838 τῷ

400 1872 666 1945 μέλλοντι.

467 1962 575 2032 ξς’.
611 1964 726 2018 Οὐκ
756 1962 905 2017 ἔστιν
956 1962 1353 2034 ἀμαρτήσαντα
1387 1962 1649 2029 ἐκφυγεῖν
1696 1961 1797 2033 τὴν
1853 1959 1979 2032 μέλ-

402 2059 604 2113 λουσαν
663 2057 865 2128 κρίσιν,
912 2055 1039 2110 ἄνευ
1099 2054 1366 2108 ἑκουσίων
1412 2052 1648 2111 ἐνταῦθα
1703 2052 1977 2124 πόνων,ἢ

395 2148 666 2203 ἀκουσίων
699 2146 994 2218 ἐπιφορῶν.

468 2238 565 2306 ξς.
590 2240 688 2293 Διά
734 2239 897 2291 πέντε
953 2237 1135 2302 αἰτίας
1187 2239 1322 2308 φασὶ
1353 2237 1802 2310 παραχωρεῖσθαι
1830 2239 1982 2309 ἡμᾶς

396 2334 505 2388 ὑπὸ
548 2329 684 2385 Θεοῦ
724 2328 1078 2400 πολεμεῖσθαι
1114 2330 1221 2384 ὑπὸ
1276 2329 1570 2400 δαιμόνων.
1598 2329 1713 2384 Καὶ
1756 2329 1982 2402 πρώτην

398 2425 498 2496 μὲν
522 2420 661 2477 εἷναί
682 2438 866 2491 φασιν,
900 2421 993 2475 ἴνα
1015 2421 1410 2492 πολεμούμενοι
1431 2422 1525 2476 καὶ
1553 2422 1983 2493 ἀντιπολεμοῦν-

393 2535 509 2582 τες,
537 2517 614 2578 εἰς
646 2514 920 2584 διᾴκρισιν
951 2516 1048 2583 τῆς
1073 2515 1276 2585 ἀρετῆς
1309 2514 1405 2568 καὶ
1436 2517 1536 2586 τῆς
1577 2514 1781 2577 κακίας
1812 2514 1983 2569 ἔλθω-

401 2610 520 2678 μεν.
552 2607 820 2676 Δευτέραν
854 2604 932 2668 δὲ,
965 2605 1053 2657 ἶνα
1085 2603 1311 2675 πολέμῳ
1342 2604 1439 2658 καὶ
1480 2605 1630 2675 πόνῳ
1655 2604 1757 2673 τὴν
1781 2604 1983 2676 ἀρετὴν

399 2697 688 2768 κτώμενοι,
719 2695 945 2765 βεϐαίαν
991 2694 1166 2765 αὐτὴν
1194 2694 1289 2749 καὶ
1318 2693 1718 2765 ἀμετάπτωτον
1746 2692 1981 2763 ἒξωμεν.

400 2790 602 2860 Τρίτην
647 2788 727 2851 δὲ,
760 2789 846 2841 ἴνα
893 2788 1299 2856 προκόπτοντες
1346 2786 1426 2848 εἰς
1480 2786 1579 2856 τὴν
1631 2786 1856 2857 ἀρετὴν,
1909 2786 1984 2856 μὴ

403 2881 868 2954 ὑψηλοφρονῶμεν
891 2921 906 2946 ,
967 2878 1107 2935 ἀλλά
1170 2878 1436 2949 μάθωμεν
1510 2881 1982 2949 ταπεινοφρονεῖν.

401 2974 682 3046 Τετάρτην
744 2975 820 3038 δὲ,
844 2973 932 3026 ἵνα
977 2972 1338 3044 πειραθέντες
1382 2971 1484 3042 τῆς
1539 2972 1738 3034 κακίας
1761 2971 1863 3042 (ιι),
1892 2971 1984 3025 τέ-

401 3066 554 3121 λειον
590 3069 746 3138 μῖσος
776 3064 947 3135 αὐτὴν
977 3065 1321 3136 μισήσωμεν.
1357 3064 1629 3137 Πέμπτην
1660 3065 1719 3118 δὲ
1755 3064 1852 3118 ἐπὶ
1875 3064 1986 3120 πά·-

404 3178 546 3226 σαις,
575 3161 665 3215 ἵνα
711 3158 945 3221 ἀπαθεῖς
990 3159 1294 3229 γενόμενοι,
1335 3159 1412 3230 μὴ
1459 3157 1853 3230 ἐπιλαθώμεθα
1878 3158 1982 3231 τῆς

400 3253 608 3317 οίκείας
647 3251 952 3318 ἀσθενείας,
1012 3251 1147 3322 μήτε
1206 3251 1307 3322 τῆς
1353 3249 1448 3304 τοῦ
1497 3248 1869 3322 βοηθήσαντος
1896 3250 1983 3303 δυ-

402 3344 642 3416 νάμεως.
1692 3379 1697 3384 ,

475 3432 577 3507 ξη’.
610 3434 824 3507 Ὥσπερ
870 3432 966 3489 τοῦ
1009 3431 1305 3498 πεινῶντος
1338 3435 1369 3489 6
1397 3433 1523 3498 νοῦς
1565 3433 1731 3506 ἄρτον
1779 3430 1986 3505 φαντά-

404 3527 581 3594 ζεται,
618 3527 710 3580 καὶ
735 3526 830 3581 τοῦ
856 3525 1119 3595 διψῶντος
1146 3524 1312 3598 ὕδωρ,
1338 3525 1483 3580 οὕτω
1512 3525 1608 3581 καὶ
1631 3525 1727 3580 τοῦ
1751 3541 1985 3597 γαστρι-

409 3621 622 3693 μάργου
660 3620 938 3683 ποικιλίας
996 3621 1313 3692 ἐδεσμάτων
1339 3632 1357 3651 ⁶
1382 3621 1479 3674 καὶ
1527 3618 1624 3674 τοῦ
1672 3618 1982 3689 φιληδόνου,

409 3711 624 3783 μορφὰς
658 3711 935 3779 γυναικῶν
958 3727 973 3742 ’
1015 3712 1110 3765 καὶ⁵
1134 3713 1163 3765 6
1194 3709 1292 3765 τοῦ
1313 3709 1593 3777 κενοδόξου
1614 3751 1628 3777 ,
1652 3711 1754 3774 τάς
1792 3708 1853 3775 ἐξ
1890 3709 1984 3763 ἀνι

407 3802 641 3875 θρὼπων
664 3802 829 3874 τιμάς
857 3819 871 3832 ·
897 3803 991 3857 καὶ
1019 3788 1116 3855 τοῦ
1146 3799 1507 3871 φιλαργύρου,
1537 3799 1606 3853 τὰ
1636 3798 1807 3871 κέρδη
1839 3816 1855 3833 ο
1890 3799 1988 3853 καὶ

402 3896 499 3950 τοῦ
551 3895 918 3968 μνησικάκου,
951 3894 1053 3966 τὴν
1090 3895 1308 3964 ἄμυναν
1339 3891 1437 3946 τοῦ
1463 3891 1809 3963 λυπήσαντος
1834 3909 1850 3924 ·
1887 3892 1987 3948 καὶ

403 3990 499 4044 τοῦ
549 3989 837 4063 φθονεροῦ,
870 3990 971 4061 τὴν
1002 3989 1250 4043 κάκωσιν
1295 3986 1391 4041 τοῦ
1451 3986 1845 4057 φθονουμένου,
1888 3987 1987 4041 καὶ

405 4078 498 4133 ἐπὶ
536 4079 646 4133 τῶν
678 4079 854 4134 ἄλλων
888 4077 1079 4133 παθῶν
1112 4077 1333 4149 ὁμοίως.
1372 4076 1467 4130 Ἐκ
1500 4075 1612 4147 γάρ
1644 4075 1755 4129 τῶν
1796 4075 1987 4131 παθῶν

404 4168 731 4242 ὀχλούμενος
756 4171 900 4236 νοῦς,
927 4170 1197 4243 λαμϐάνει
1227 4170 1297 4226 τά
1315 4168 1543 4242 ἐμπαθῆ
1574 4171 1826 4242 νοήματα
1842 4209 1860 4235 ,
1886 4170 1986 4224 καὶ

405 4266 768 4338 ἔγρηγορότος
815 4265 913 4320 τοῦ
973 4264 1246 4337 σώματος,
1277 4267 1371 4320 καὶ
1424 4264 1567 4319 κατὰ
1603 4265 1732 4329 τοὺς
1757 4264 1982 4329 ὕπνους.

478 4353 573 4419 ξθ’.
599 4355 769 4410 Ὅταν
793 4355 1059 4426 ἐπιθυμία
1088 4355 1248 4429 αὔξῃ,
1274 4355 1374 4420 τὰς
1399 4357 1688 4427 ποιητικὰς
1715 4356 1826 4409 τῶν
1865 4358 1988 4426 ἡδο-

405 4446 511 4500 νῶν
575 4445 708 4513 ὔλας
755 4450 812 4500 ὲν
863 4450 977 4512 τοῖς
1018 4447 1206 4511 ὕπνοις
1236 4451 1264 4502 ὁ
1295 4448 1419 4513 νοῦς
1468 4446 1825 4518 φαντάζεταιο
1856 4449 1987 4502 ὅταν

2084 594 2197 649 Deo
2220 595 2428 648 versari
2459 609 2524 649 ac
2548 594 2737 649 vivere
2757 608 2868 647 non
2891 600 3096 662 potest.

2154 687 2243 742 65.
2282 687 2457 742 Nemo
2493 696 2566 751 te,
2601 687 2697 756 qui
2735 686 3069 741 monachum
3113 684 3457 755 proﬁtearis,
3504 684 3671 739 sedu-

2084 787 2192 844 cal,
2222 788 2485 849 tanquam
2508 778 2628 834 ﬁeri
2660 779 2856 849 possit,
2883 786 2945 832 ut
2986 777 3261 848 voluptati
3284 791 3350 831 ac
3377 776 3531 831 inani
3555 778 3671 847 gic-

2086 872 2181 927 τίω
2213 872 2458 937 deditus,
2490 872 2725 949 salutem
2751 870 3134 940 consequaris.

2154 964 2242 1019 64.
2284 962 2760 1030 Quemadmodum
2788 978 2989 1033 corpus
3034 978 3221 1018 rerum
3266 962 3496 1019 obtentu
3544 978 3672 1034 pec-

2085 1064 2192 1123 cat,
2229 1056 2505 1127 habetque
2533 1056 2604 1112 ad
2653 1056 3000 1127 disciplinam
3028 1072 3123 1112 eas
3146 1056 3404 1120 virtutes,
3447 1071 3571 1126 quae
3598 1056 3669 1112 ad

2084 1164 2288 1219 corpus
2316 1158 2588 1220 spectant,
2624 1157 2686 1204 ut
2721 1150 3011 1205 erudiatur
3043 1167 3056 1203 :
3095 1149 3176 1205 sic
3202 1157 3261 1204 et
3292 1164 3449 1205 mens
3476 1149 3670 1204 libidi-

2085 1256 2346 1297 nosarum
2377 1242 2601 1297 incursu
2635 1243 3053 1312 cogitationum,
3086 1241 3364 1312 habetque
3413 1240 3672 1297 similiter
3760 1301 3770 1311 ,

2085 1336 2154 1391 ad
2182 1336 2533 1406 disciplinam
2573 1335 2771 1391 animm
2805 1336 3063 1402 virtutes,
3095 1337 3302 1406 quibus
3344 1334 3553 1390 munde
3587 1335 3671 1390 οἰα-

2088 1437 2283 1501 traque
2311 1430 2601 1487 libidinem
2645 1446 2738 1487 res
2776 1439 3072 1497 contuens,
3116 1430 3303 1486 sobria
3350 1430 3506 1502 fruge
3551 1431 3670 1500 ipsa

2087 1532 2474 1593 componatur.

2157 1614 2246 1670 65.
2288 1614 2768 1681 Quemadmodum
2825 1614 2937 1670 diei
2993 1614 3247 1671 succedit
3292 1630 3403 1670 nox
3431 1656 3445 1677 ,
3500 1624 3670 1685 atque

2084 1709 2262 1763 aestati
2300 1707 2522 1764 hiems:
2556 1708 2639 1764 sic
2681 1708 2903 1762 inanem
2951 1708 3180 1779 gloriam
3223 1723 3287 1763 ac
3330 1707 3668 1779 voluptatem

2086 1816 2233 1872 pone
2272 1811 2583 1872 sequuntur
2610 1801 2838 1856 tristitia
2881 1808 2937 1856 et
2965 1801 3145 1866 dolor,
3176 1801 3292 1856 sive
3326 1800 3384 1854 in
3410 1799 3671 1870 praesenti

2012 1873 2058 1930 Β
2084 1892 2309 1955 saeculo,
2340 1892 2458 1947 sive
2488 1892 2547 1946 in
2570 1892 2782 1948 futuro.

2154 1979 2245 2035 66.
2289 1980 2436 2034 Fieri
2467 1995 2580 2035 non
2611 1988 2796 2050 potest
2818 1987 2878 2035 ut
2897 1980 3110 2051 peccati
3142 1996 3273 2036 reus
3308 1980 3557 2036 futurum
3583 1980 3671 2052 iu-

2081 2071 2292 2129 dicium
2333 2073 2553 2139 evadat,
2606 2073 2816 2143 absque
2861 2074 3150 2128 laboribus
3174 2074 3289 2128 vita
3334 2074 3438 2128 hac
3470 2080 3668 2144 spente

2082 2166 2400 2236 assumptis,
2436 2164 2524 2221 vel
2557 2165 2726 2221 illatis
2756 2165 2940 2229 malis,
2974 2180 3098 2235 qua:
3122 2166 3403 2236 patienter
3432 2165 3595 2220 ferat.

2152 2258 2243 2314 67.
2277 2257 2536 2327 Quinque
2587 2255 2830 2312 aﬁ‘erunt
2877 2270 3093 2322 causas,
3118 2256 3190 2310 ob
3224 2270 3361 2326 quas
3394 2270 3495 2311 nos
3523 2254 3670 2311 Deus

2082 2365 2115 2405 a
2144 2348 2491 2405 daemonibus
2514 2348 2825 2419 oppugnari
2874 2346 3042 2401 sinat.
3075 2346 3155 2401 Ac
3176 2348 3409 2416 primam
3440 2342 3669 2417 quidem

2082 2454 2205 2496 esse
2238 2440 2415 2505 aiunt,
2453 2448 2517 2495 ut
2558 2437 2690 2494 dum
2754 2453 2938 2509 pugna
2972 2437 3133 2508 petiti
3178 2452 3570 2508 repugnamus,
3606 2453 3670 2494 ac

2083 2530 2416 2594 resistimus,
2450 2527 2674 2585 virtutis
2700 2528 2934 2599 vitiique
2967 2530 3359 2584 discretionem
3388 2544 3666 2600 paremus.

2082 2620 2327 2677 Alteram
2358 2628 2565 2685 autem,
2592 2629 2654 2675 ut
2675 2628 2833 2691 parta
2858 2620 3007 2675 bello
3028 2620 3236 2675 virtute
3264 2628 3429 2690 atque
3454 2621 3667 2684 labore,

2085 2711 2298 2767 ﬁrmam
2346 2712 2493 2772 illam
2528 2712 2924 2781 immotamque
2956 2718 3261 2768 teneamus.
3300 2712 3566 2775 Tertiam,
3607 2722 3671 2767 ut

2084 2804 2308 2859 virtutis
2360 2803 2614 2873 profectu
2640 2818 2753 2857 non
2801 2804 2973 2857 altum
3019 2803 3316 2873 sapiamus,
3344 2804 3441 2858 sed
3474 2814 3673 2859 sensus

2084 2895 2414 2951 modestiam
2460 2895 2761 2951 discamus.-
2807 2881 3095 2961 Q'uartam,
3128 2902 3190 2950 ut
3222 2895 3347 2951 vitii
3394 2894 3543 2951 facto
3574 2911 3675 2965 pe-
3718 2961 3724 2967 _

2086 2984 2286 3051 riculo,
2319 2983 2567 3053 perfecto
2595 2984 2775 3054 ipsum
2800 2984 2931 3040 odio
2950 2999 3373 3055 prosequamur.
3409 2985 3672 3052 Quintam

2086 3076 2327 3148 denique
2357 3092 2423 3132 ac
2451 3091 2793 3147 supremam,
2818 3086 2881 3132 ut
2905 3077 3294 3148 imperturbati
3319 3078 3490 3133 animi
3521 3085 3673 3133 trand-

2087 3172 2416 3241 quillitatem
2446 3173 2656 3244 adepti,
2684 3173 3082 3230 imbecillitatis
3113 3175 3355 3245 propriae
3392 3189 3503 3229 non
3532 3156 3678 3229 obii;

2086 3258 2511 3325 viscamur,nec
2542 3260 2697 3332 eius,
2731 3261 2827 3331 qui
2861 3260 3083 3334 adiutor
3114 3261 3241 3330 fuit,
3272 3262 3533 3333 potentia:
3570 3262 3674 3317 im-

2085 3366 2364 3408 memores
2392 3351 2570 3409 simus
2866 3425 2880 3437 .
3073 3344 3075 3348 ’
3109 3349 3112 3352 ’

2155 3444 2245 3502 68.
2286 3444 2764 3513 Quemadmodum
2798 3445 3037 3504 famelici
3073 3448 3312 3515 animus,
3344 3463 3545 3519 panem
3574 3460 3673 3503 co-

2085 3537 2354 3610 gitatione
2379 3537 2663 3608 informat,
2698 3554 2765 3595 ac
2792 3538 3080 3605 sitibundi,
3107 3556 3306 3612 aquam
3330 3558 3346 3608 ;
3390 3541 3472 3596 sic
3493 3549 3550 3596 et
3573 3557 3675 3612 gu-

2086 3630 2212 3698 losi,‘
2249 3631 2428 3687 varias
2449 3630 2713 3702 cupedias
2726 3638 2785 3685 et
2808 3630 3022 3699 edulia;
3053 3631 3345 3700 luxuriosi,
3377 3631 3670 3688 mulierum

2086 3718 2327 3786 formas;
2354 3720 2536 3775 inanis
2569 3720 2757 3791 glorias
2785 3720 2999 3791 cupidi,
3032 3721 3308 3779 humanos
3341 3723 3585 3779 honores
3608 3738 3673 3779 ac

2088 3810 2318 3876 laudes;
2346 3812 2521 3878 avari,
2543 3812 2736 3879 lucra;
2762 3828 3051 3873 rancorem
3088 3814 3369 3882 habentis,
3400 3817 3522 3887 eius
3543 3817 3671 3871 vin-

2091 3899 2293 3955 dictam
2322 3915 2353 3954 a
2382 3914 2492 3971 quo
2525 3901 2784 3971 iniuriam
2807 3903 3060 3972 accepit;
3094 3902 3289 3966 invidi,
3316 3904 3437 3974 ejus
3463 3905 3669 3960 malum

2089 3990 2147 4046 in
2176 4005 2342 4060 quem
2367 3990 2576 4045 exarsit
2603 3989 2845 4056 invidia;
2876 3990 3134 4061 idemque
3156 3991 3214 4046 in
3245 3991 3477 4062 reliquis
3495 3994 3668 4049 vitiis.

2088 4081 2324 4137 Animus
2359 4080 2510 4137 enim
2539 4082 2649 4138 illis
2673 4088 2951 4153 gravatus,
2983 4082 3184 4154 hisque
3206 4084 3287 4139 illi
3312 4084 3672 4140 obtundenti-

2089 4172 2218 4237 bus,
2262 4171 2589 4227 libidinosas
2632 4171 3015 4244 cogitationes,
3075 4174 3192 4229 sive
3238 4187 3472 4245 corpore
3508 4174 3671 4246 ‘vigi-

2089 4266 2262 4331 lante,
2297 4265 2415 4321 sive
2440 4265 2498 4320 in
2525 4262 2758 4330 somnis,
2784 4266 3043 4321 assumit.

2158 4355 2318 4429 42],
2343 4356 2432 4413 69.
2471 4355 2646 4411 Aucta
2669 4357 2838 4411 semel
2874 4355 3345 4427 concupiscentia,
3375 4356 3592 4413 animus
3614 4358 3672 4413 in

2090 4451 2298 4507 somnis
2331 4465 2396 4505 ea
2425 4448 2707 4513 informat,
2744 4462 2868 4518 quae
2910 4449 3252 4519 voluptatem
3290 4464 3356 4504 ac
3378 4448 3671 4503 libidinem

405 4541 462 4594 δὲ
488 4542 516 4593 6
553 4541 744 4612 θυμὸς,
778 4541 849 4596 τὰ
879 4543 1061 4612 φόϐων
1109 4546 1368 4612 ποιητικά
1410 4542 1598 4612 βλέπει
1656 4542 1983 4612 πράγματα.

2094 4549 2303 4598 creant.
2337 4540 2596 4595 Auctiore
2620 4555 2755 4595 vero
2788 4540 2891 4607 ira,
2923 4554 3016 4595 res
3058 4539 3330 4596 terrificas
3354 4540 3523 4596 videt.
3556 4541 3673 4595 Au-

408 4633 642 4703 Δΰξουσι
684 4636 869 4706 μέντοι
916 4636 986 4690 τά
1038 4636 1209 4706 πάθη,
1268 4639 1314 4689 οἱ
1364 4636 1665 4707 ἀκάθαρτοι
1707 4636 1985 4706 δαίμονες,

408 4728 674 4798 συνεργὸν
700 4728 798 4797 τὴν
849 4728 1124 4800 ἡμετέραν
1169 4727 1430 4798 ἀμέλειαν
1464 4727 1859 4798 λαμϐάνοντες,
1896 4729 1990 4782 καὶ

407 4818 578 4872 ταῦτα
628 4819 981 4891 ἐρεθίζοντες.
1026 4819 1343 4873 Ἐλαττοῦσι
1400 4821 1455 4873 δὲ
1508 4822 1557 4873 ot
1619 4822 1766 4889 ἅγιοι
1824 4820 1990 4889 ἀγγε·

407 4910 523 4977 λοι,
557 4918 694 4984 πρὸς
751 4915 851 4985 τὴν
907 4913 1016 4967 τῶν
1048 4914 1260 4985 ἀρετῶν
1306 4916 1452 4986 ἠμᾶᾶ⁵
1496 4914 1773 4978 κινοῦντες
1819 4915 1990 4986 ὲργα-

409 5005 551 5061 σίαν.

478 5097 553 5161 θ’,
586 5098 658 5151 Τὸ
687 5098 787 5169 μὲν
815 5099 1214 5171 ἐπιθυμητικὸν
1268 5099 1368 5170 τῆς
1415 5098 1593 5169 ψυχῆς
1649 5099 1984 5168 πυκνότερον

407 5186 807 5259 ἐρεθιζόμενον,
847 5190 958 5257 ἕξιν
1003 5189 1313 5260 φιληδονίας
1362 5187 1682 5258 δυσκίνητον
1728 5190 1794 5260 τῇ
1838 5187 1986 5260 ψυχῇ

408 5280 682 5352 ἐντίθησιν
709 5301 722 5317 μ
755 5285 783 5336 ὁ
816 5282 872 5336 δὲ
905 5282 1076 5354 θυμὸς
1118 5282 1360 5353 συνεχῶς
1404 5278 1849 5357 ταρασσόμενος,
1880 5282 1989 5341 δει-

407 5374 498 5428 λὸν
543 5376 639 5429 καὶ
682 5376 946 5446 ἄνανδρον
1011 5376 1103 5430 τὸν
1148 5376 1275 5430 νοῦν
1307 5371 1705 5446 ἀπεργάζεται.
1768 5374 1987 5430 ’ἰῶνται

408 5466 487 5533 δὲ,
505 5468 564 5520 τὸ
584 5468 704 5539 μὲν,
732 5468 967 5540 ἄσκησις
981 5468 1345 5540 ὲπιτεταμένη
1373 5465 1626 5536 νηστείας
1653 5469 1746 5521 καὶ
1769 5467 1987 5539 ἀγρυπ-

482 5623 560 5697 fa)
596 5626 730 5680 "Ira
776 5626 1155 5697 πειραθέντες
1210 5624 1321 5697 τῆς
1374 5627 1605 5697 κακίας.
1671 5627 1792 5681 Non
1847 5626 1989 5681 bene

409 5694 575 5752 ambo
601 5696 917 5767 superiores
949 5697 1180 5766 interpr.
1223 5694 1285 5751 Ut
1308 5695 1516 5767 tentati
1550 5713 1566 5750 :
1597 5697 1730 5760 lmo,
1755 5705 1841 5767 ut,
1869 5697 1983 5751 vitii

411 5767 552 5837 facta
578 5766 972 5837 periculo,rejus
1022 5768 1243 5837 experti.
1298 5766 1389 5821 Sic
1437 5768 1585 5822 enim
1638 5768 1780 5821 bene
1823 5766 1985 5821 Suid.

411 5836 588 5909 πειρῶ
614 5845 671 5891 et
698 5836 995 5907 πειρῶμαι,
1021 5836 1210 5908 γενικῇ
1242 5837 1546 5908 ἀπόπειραν
1572 5836 1851 5907 ποιοῦμαι.
1896 5853 1983 5908 pe-

2089 4642 2218 4709 gent
2248 4648 2416 4704 porro
2450 4631 2681 4686 adectus
2724 4647 2789 4687 ac
2814 4626 3283 4703 perturbiltiones,
3326 4632 3527 4702 impuri
3558 4632 3672 4687 dm—

2089 4742 2301 4791 mones,
2344 4724 2399 4779 id
2434 4724 2613 4795 ipsum
2644 4725 2795 4794 quod
2822 4726 2992 4780 vitam
3034 4725 3672 4797 negligimus,.subsidio

2089 4824 2434 4877 assumentes
2457 4834 2521 4873 ac
2554 4817 2913 4887 proritantes.
2938 4817 3193 4870 ﬂinuunt
3211 4830 3343 4871 vero
3370 4816 3542 4869 sancti
3572 4829 3672 4867 an-

2089 4912 2196 4985 geli
2226 4909 2321 4981 qui
2352 4910 2421 4964 ad
2447 4907 2759 4979 praestanda
2789 4908 3060 4961 virtutum
3087 4921 3254 4976 opera
3296 4905 3529 4959 incitent
3550 4918 3673 4973 per-

2095 5012 2483 5072 moveantque.

2166 5096 2252 5151 70.
2288 5095 2470 5149 Animi
2516 5092 2601 5149 vis
2624 5091 3023 5161 concupiscens
3053 5088 3185 5144 dum
3212 5088 3464 5143 crebrius
3499 5086 3647 5156 prori

2090 5198 2258 5252 tatur,
2295 5186 2546 5242 libidinis
2574 5185 2826 5240 habitum
2868 5182 3091 5238 difficile
3116 5182 3377 5237 mobilem
3407 5180 3463 5234 in
3490 5180 3672 5234 anima

2091 5282 2286 5353 ponit:
2324 5280 2403 5334 ira
2424 5293 2561 5334 vero
2588 5278 2795 5350 iugiter
2824 5286 3122 5339 commota,
3169 5274 3554 5329 meticulosum
3588 5281 3676 5325 at-c

2091 5387 2199 5445 que
2240 5371 2516 5427 imbellem
2545 5371 2789 5425 animum
2821 5367 3025 5425 reddit.
3055 5367 3266 5423 Sanant
3296 5373 3479 5420 autem
3510 5374 3676 5433 atque

2094 5467 2407 5529 medentur,
2465 5462 2547 5517 illi
2604 5462 2861 5533 quidem,
2922 5461 3286 5533 ieiuniorum,
3337 5457 3672 5528 vigiliarum,

2098 5624 2327 5680 rivulum
2369 5623 2528 5746 [πίω
2574 5621 2837 5691 experior.
2859 5619 2974 5674 Hoc
2996 5620 3143 5674 enim
3193 5627 3299 5681 est,
3345 5615 3676 5697 quod_pe_r-

2098 5696 2294 5746 iactum
2328 5695 2363 5746 il
2392 5695 2462 5746 ud
2491 5693 2679 5746 odium
2713 5692 2877 5746 uarit.
2913 5689 3009 5744 ubi
3062 5689 3188 5746 quis
3237 5689 3383 5745 serio
3417 5695 3672 5746 resnmnt,

2088 5696 2294 5750 fectum
2328 5689 2462 5748 illud
2491 5689 2679 5747 odium
2713 5692 2877 5761 parit,
2913 5689 3009 5744 ubi
3062 5689 3188 5759 quis
3237 5689 3389 5761 serio
3417 5689 3672 5761 resipuit,

2089 5766 2491 5832 amborumque
2510 5754 2816 5817 Adiscrimen
2854 5761 2995 5831 (vitii
3018 5754 3096 5827 ac'
3113 5760 3357 5819 virtutis)
3382 5760 3501 5830 ipso
3516 5754 3687 5827 quasi,

2090 5845 2275 5908 gustu,
2299 5832 2378 5905 τῷ
2415 5835 2597 5902 πάθει,
2627 5833 2900 5905 cognovit.
