4140 6322
459 413 589 478 1007

1613 415 1675 475 S.
1709 413 1995 475 MAXIMI
2035 411 2540 474 CONFESSOIUS

3570 404 3702 466 1033

460 541 690 598 precum
736 535 997 583 contenta
1026 527 1284 599 jugisque
1314 527 1678 592 exercitatio;
1712 527 1842 582 huic
1876 540 2032 591 vero,

2160 525 2257 587 νίας
2286 525 2380 578 καὶ
2413 521 2719 594 προσευχῆς
2744 539 2758 553 ·
2792 522 2883 575 τὸν
2910 520 2966 574 δὲ
2988 561 3001 583 ,
3037 521 3341 591 χρηστότης
3384 517 3479 571 καὶ
3512 519 3703 586 φιλαν-

460 618 679 683 lenitas,
702 618 1032 689 benignitas,
1063 618 1327 685 charitas,
1350 617 1748 672 misericordia.

531 709 621 763 Ἠ.
662 708 964 771 Daemones,
1018 716 1114 762 aut
1164 723 1351 762 rerum
1402 706 1626 763 incursu
1657 706 1863 761 bellum
1909 721 2032 759 mo-

452 807 610 863 vent,
653 808 748 853 aut
774 797 1196 857 libidinosarum
1225 799 1280 853 in
1321 799 1489 854 rebus
1511 798 1927 869 cogitationum.
1957 797 2035 852 Ac

429 875 683 961 'quidem
711 905 897 944 rerum
941 890 1188 956 incursu,
1213 905 1311 946 eos
1360 890 1457 961 qui
1490 890 1547 944 in
1574 891 1739 946 rebus
1772 905 1836 944 ac
1869 904 2037 960 nego-

462 983 555 1039 tiis
588 990 914 1049 versantur;
948 984 1342 1054 cogitationum
1366 998 1524 1050 vero,
1569 998 1686 1049 eos,
1716 983 1812 1053 qui
1835 997 1895 1037 se
1927 981 2037 1037 illis

459 1082 654 1153 procul
684 1081 1086 1137 subduxerunt.

534 1173 622 1228 72.
661 1171 877 1238 Quanto
923 1167 1227 1240 proclivius
1282 1175 1370 1222 est
1422 1182 1488 1222 ac
1539 1165 1794 1230 facilius,
1854 1172 2037 1219 tecum

462 1266 649 1322 animo
688 1280 754 1320 ac
784 1261 1118 1334 cogitatione
1143 1273 1394 1330 peccare,
1449 1272 1615 1328 quam
1649 1257 1769 1328 ipso
1796 1268 1927 1312 actu
1957 1264 2041 1311 at-

457 1372 571 1427 que
590 1371 790 1427 opere;
827 1362 981 1410 tanto
1022 1352 1248 1423 gravius
1273 1357 1359 1406 est
1392 1351 1624 1413 bellum,
1674 1347 1824 1419 quod
1844 1357 2039 1402 ex'co-

463 1448 846 1520 gitationibus,
872 1459 1037 1517 quam
1070 1443 1219 1514 quod
1245 1458 1314 1498 ex
1346 1443 1514 1499 rebus
1542 1440 1888 1513 negotiisque
1911 1453 2043 1494 con-

464 1540 648 1594 ﬂatur.

539 1629 627 1685 7'5.
667 1629 778 1683 Res
808 1628 942 1697 ipsa:
973 1634 1131 1681 extra
1162 1632 1404 1680 mentem
1452 1630 1581 1680 sunt
1622 1640 1638 1677 :
1686 1636 1874 1678 rerum
1906 1635 2044 1678 vero

466 1720 849 1792 cogitationes.
875 1718 1021 1772 intra
1039 1714 1371 1797 consistunt.
1396 1715 1530 1786 Ejus
1557 1714 1741 1785 itaque
1767 1713 2046 1770 facultatis

2135 615 2354 686 θρωπία
2379 615 2473 668 καὶ
2494 614 2685 683 ἀγάπη
2712 614 2806 667 καὶ
2840 612 3004 675 ἔλεος.

2202 706 2304 759 σοι’.
2346 708 2413 759 Ἥ
2444 706 2535 759 διὰ
2558 706 2665 757 τῶν
2698 709 3037 774 πραγμάτιον
3060 706 3109 757 οἱ
3152 703 3406 773 δαίμονες
3433 699 3704 770 πολεμοῦ-

2137 814 2237 859 σιν,
2274 798 2306 869 ἢ
2346 797 2435 850 διὰ
2472 797 2578 849 τῶν
2620 799 2680 848 ὲν
2710 798 2826 856 τοῖς
2848 794 3171 863 πράγμασιν
3206 791 3476 863 ὲμπαθῶν
3498 790 3707 860 νοημά-

2134 907 2264 945 των.
2316 890 2427 944 Καὶ
2478 889 2567 942 διὰ
2612 889 2710 960 μὲν
2755 887 2862 940 τῶν
2924 887 3290 958 πραγμάτων,
3314 885 3440 949 τοὺς
3491 887 3548 937 ὲν
3594 886 3709 947 τοῖς

2136 980 2625 1053 πράγμασινδντας
2645 1020 2660 1046 ,
2690 980 2779 1033 διὰ
2834 980 2891 1032 δὲ
2945 978 3054 1033 τῶν
3103 978 3412 1050 νοημάτων,
3444 979 3570 1041 τοὺς
3600 976 3711 1031 τῶν

2139 1076 2481 1148 πραγμάτων
2505 1074 2973 1146 κεχωρισμένους.
3511 1068 3521 1076 ’

2207 1163 2306 1234 οβ’.
2348 1161 2509 1218 Ὀσον
2573 1155 2723 1217 ἐστὶν
2770 1161 3148 1233 εὐκοπώτερον
3193 1160 3434 1214 τδτκατά
3470 1159 3711 1213 διάνοιαν

2136 1257 2477 1327 ἁμαρτάνειν
2503 1254 2597 1308 τοῦ
2628 1254 2750 1308 κατ’
2780 1253 3086 1324 ἐνέργειαν,
3114 1251 3368 1306 τοσοῦτόν
3390 1252 3505 1304 ἐστι
3538 1250 3709 1321 βαρύ-

2137 1366 2295 1419 τερος
2323 1346 2465 1401 όπδιά
2520 1344 2628 1399 τῶν
2668 1344 2955 1418 νοημάτων
3000 1344 3273 1413 πόλεμος,
3319 1341 3414 1396 τοῦ
3466 1343 3555 1395 διὰ
3602 1341 3714 1393 τῶν

2140 1438 2507 1512 πραγμάτων.

2211 1612 2313 1683 ογ’.
2338 1615 2422 1669 Τά
2466 1614 2569 1686 μὲν
2620 1614 2924 1686 πρᾶγματα
2958 1611 3158 1678 ἔξωθέν
3205 1612 3311 1666 εἱσι
3355 1610 3449 1666 τοῦ
3478 1610 3572 1665 νοῦ
3597 1628 3611 1644 ο
3643 1611 3711 1666 τὲ

2141 1704 2200 1760 δὲ
2224 1705 2428 1761 τούτων
2460 1706 2709 1777 νοήματα
2763 1702 2872 1758 ἔσω
2904 1703 3268 1757 συνίστανται.
3313 1702 3401 1755 Ἐν
3431 1700 3581 1773 αὐτῷ
3617 1698 3714 1757 οὖν

466 1820 574 1871 est.
601 1811 742 1866 bene
772 1810 901 1877 illis,
929 1824 1000 1862 an
1033 1793 1215 1876 secus,
1251 1815 1460 1862 utatur.
1484 1805 1643 1873 Quod
1667 1806 1819 1861 enim
1850 1822 2045 1875 errore

2160 1806 2283 1863 ιστι,
2315 1798 2379 1851 τὸ
2417 1793 2479 1852 εὖ
2528 1797 2746 1860 τούτοις
2795 1795 3125 1868 χρήσασθαι,
3160 1794 3194 1866 η
3238 1794 3444 1858 κακῶς.
3471 1795 3550 1865 τῇ
3605 1795 3716 1866 γὰρ

470 1902 640 1973 animi
675 1900 852 1957 sensis
881 1907 1123 1963 utamur,
1158 1912 1341 1952 rerum
1366 1896 1577 1953 abusus
1602 1897 1983 1967 consequitur.

2160 1889 2461 1961 ὲσφαλμένῃ
2487 1888 2596 1943 τῶν
2629 1887 2918 1958 νοημάτων
2976 1886 3172 1958 χρήσει
3201 1882 3275 1956 (b)
3302 1887 3336 1955 ή
3368 1886 3719 1958 παράχρησις

542 2088 630 2143 74.
668 2085 809 2141 Sunt
833 2085 951 2141 haec
979 2084 1117 2151 tria,
1168 2083 1313 2139 unde
1342 2098 1500 2140 mens
1541 2083 1868 2142 libidinosas
1901 2085 2053 2158 cogi-

476 2179 710 2236 tationes
732 2177 995 2245 assumit;
1022 2190 1227 2248 nempe
1240 2192 1309 2233 ex
1332 2190 1521 2244 sensu,
1551 2193 1621 2234 ex
1645 2178 2049 2248 complexione,

474 2287 542 2326 ex
573 2269 859 2327 memoria.
891 2271 970 2324 Ac
995 2268 1226 2339 quidem
1250 2285 1323 2325 ex
1343 2283 1532 2335 sensu,
1561 2284 1689 2325 cum
1724 2269 1923 2325 resilli
1948 2269 2050 2324 ob-

471 2364 631 2435 jectae
661 2361 864 2432 quibus
901 2357 1190 2425 aliieimur,
1225 2359 1292 2414 ad
1338 2359 1668 2416 libidinosas
1690 2374 1811 2416 eam
1843 2360 2053 2431 cogita-

479 2454 657 2509 tiones
693 2451 1001 2522 impellunt.
1038 2450 1123 2506 Ex
1144 2450 1525 2520 complexione
1555 2459 1742 2506 autem
1786 2466 1885 2506 seu
1918 2458 2056 2506 tem-

479 2553 825 2617 peramento,
859 2557 987 2599 cum
1018 2556 1116 2611 per
1146 2540 1489 2598 luxuriosam
1515 2542 1697 2598 vietus
1740 2541 2010 2597 rationem
2030 2581 2051 2607 ,

478 2643 576 2691 aut
608 2633 933 2706 operatione
986 2631 1323 2696 dmmonum,
1385 2637 1480 2685 aut
1502 2644 1613 2700 per
1669 2628 2054 2701 agritudinem

480 2730 718 2799 aliquam
770 2724 1017 2787 deterior
1047 2724 1192 2779 facta
1254 2737 1319 2778 ac
1371 2723 1681 2788 immutata,
1716 2722 1786 2777 ad
1828 2722 2059 2777 vitiosas

470 2820 746 2894 ejusmodi
781 2816 1147 2890 cogitationes
1191 2815 1413 2881 excitat,
1443 2814 1533 2870 vel
1588 2813 1813 2883 obloqui
1862 2813 2056 2869 Provi-

482 2913 685 2968 dentiae
736 2909 905 2980 cogit.
960 2906 1042 2961 Ex
1073 2905 1341 2961 memoria
1374 2920 1525 2972 vero,
1563 2920 1691 2961 cum
1744 2905 1838 2959 illa
1872 2919 2057 2959 rerum

484 3002 687 3076 quibus
732 2997 918 3056 allecti
961 3004 1056 3052 aut
1088 2996 1348 3053 delectati
1384 3010 1608 3063 sumus,
1644 3004 1946 3067 conceptus
1971 3010 2060 3051 re-

469 3093 663 3158 gfricat,
719 3090 998 3161 similique
1051 3086 1263 3142 ratione
1295 3086 1364 3143 ad
1416 3086 1646 3143 vitiosas
1694 3086 2058 3157 cogitationes

480 3189 687 3237 movet.

492 3336 497 3339 ,
558 3273 649 3327 75.
686 3272 893 3328 Rerum
926 3275 1089 3331 nobis
1113 3292 1145 3331 a
1176 3277 1292 3332 Deo
1336 3273 1394 3328 in
1427 3286 1587 3327 usum
1631 3282 2016 3326 eoneessarum
2040 3307 2056 3334 ,

470 3363 607 3418 aliae
638 3363 694 3417 in
726 3364 910 3419 animo
933 3373 1082 3428 sunt,
1108 3365 1229 3419 alia:
1255 3364 1310 3417 in
1345 3375 1599 3431 corpore,
1628 3359 1757 3414 aliae
1774 3358 1922 3413 circa
1944 3371 2063 3415 cor-

484 3470 612 3525 pus.
653 3455 790 3509 Puta
835 3454 892 3510 in
952 3456 1184 3523 animo,
1239 3454 1363 3525 ejus
1421 3453 1600 3518 vires;
1664 3451 1723 3506 in
1778 3462 2059 3519 corpore,

486 3546 651 3618 422
682 3562 943 3603 sensuum
981 3562 1181 3619 organa
1212 3562 1281 3601 ac
1334 3543 1586 3603 membra
1620 3541 1833 3612 reliqua
1862 3558 1876 3595 :
1909 3540 2060 3597 circa

492 3652 713 3706 corpus,
748 3638 879 3699 cibi.
911 3638 1308 3711 possessiones,
1353 3649 1509 3706 opes,
1534 3649 1601 3689 ac
1642 3631 1700 3687 id
1730 3645 1905 3703 genus
1931 3629 2060 3685 alia.

476 3728 649 3795 Quod
671 3716 758 3783 his
785 3729 952 3800 igitur
974 3729 1114 3787 bene
1134 3737 1231 3783 aut
1254 3727 1395 3782 male
1429 3734 1670 3790 utamur,
1706 3737 1805 3779 seu
1841 3721 1911 3778 iis
1940 3735 2065 3792 quae

473 3821 639 3881 circa
671 3820 784 3876 haec
808 3821 1090 3887 accidunt,
1115 3820 1247 3876 boui
1275 3828 1374 3875 aut
1395 3816 1525 3873 mali
1556 3814 1848 3877 eﬂicimur.

564 4097 652 4154 76.
691 4096 1074 4154 Acciderat-ium
1135 4099 1192 4153 in
1228 4097 1414 4163 rebus,
1465 4095 1570 4151 alia
1616 4095 1673 4149 in
1708 4095 1895 4150 animo
1913 4102 2063 4159 sunt,

490 4189 602 4243 alia
656 4188 714 4244 in
748 4204 1014 4260 corpore;
1047 4189 1153 4243 alia
1186 4189 1256 4244 iis
1298 4188 1356 4243 in
1389 4186 1578 4251 rebus,
1612 4200 1736 4256 qua
1765 4192 1898 4241 sunt
1921 4185 2066 4240 circa

486 4294 715 4349 corpus.
770 4280 850 4335 Ac
893 4280 1116 4350 quidem
1153 4279 1212 4334 in
1265 4280 1472 4344 animo,
1528 4276 1704 4333 veluti
1753 4275 1985 4332 scientia
2012 4283 2070 4331 et

500 4370 827 4440 ignorantia,
863 4369 1071 4425 oblivio
1097 4378 1154 4425 et
1186 4367 1474 4434 memeria,
1507 4366 1735 4423 dilectio
1767 4372 1826 4421 et
1855 4364 2065 4428 odium,

508 4460 675 4515 timor
689 4464 744 4516 e't
772 4460 1022 4527 audacia,
1055 4460 1275 4516 tristitia
1295 4467 1352 4515 et
1374 4458 1657 4529 gaudium,
1681 4464 1849 4527 atque
1878 4456 1964 4512 bis
1997 4455 2070 4511 si-

2085 3214 2131 3278 C

2148 1982 2258 2037 τῶν
2291 1981 2635 2055 πραγμάτων
2659 1977 2962 2035 ἀκολουθεῖ.

2220 2071 2310 2127 06'.
2336 2073 2434 2126 Διά
2463 2071 2572 2125 τῶν
2600 2070 2769 2143 τριῶν
2796 2069 3003 2124 τούτων
3021 2069 3291 2140 λαμῦάνει
3312 2070 3341 2123 ό
3369 2067 3493 2132 νοῦς
3524 2070 3718 2139 city.-

2152 2164 2297 2235 παθῆ
2325 2167 2573 2235 νοήματα
2589 2180 2603 2193 ·
2626 2163 2715 2217 διὰ
2736 2163 2836 2233 τῆς
2858 2162 3183 2232 αἰσθήσεως,
3214 2161 3301 2215 διὰ
3328 2164 3428 2232 τῆς
3448 2161 3719 2231 κράσεως,

2151 2254 2244 2309 διὰ
2272 2254 2374 2323 τῆς
2410 2254 2650 2325 μνήμης.
2686 2253 2793 2306 Καὶ
2827 2251 2917 2305 διὰ
2949 2251 3048 2322 μὲν
3080 2251 3177 2321 τῆς
3220 2249 3561 2320 αἰσθήσεως,
3593 2252 3723 2303 ὃταν

2155 2337 2562 2410 προσϐάλλοντα
2588 2336 2726 2407 αὐτῇ
2759 2334 2826 2388 τά
2855 2335 3157 2405 πράγματα
3179 2332 3316 2404 πρὸς
3341 2333 3486 2406 ἅπερ
3514 2331 3584 2402 τά
3623 2334 3721 2387 πά-

2154 2430 2222 2501 θη
2271 2427 2623 2499 κεκτήμεθα,
2668 2429 2793 2498 κινῇ
2846 2427 3012 2480 αὐτὸν
3059 2425 3198 2498 πρὸς
3266 2426 3534 2498 ἐμπαθεῖς
3573 2426 3721 2494 λογιε

2155 2523 2345 2594 ομούς.
2370 2521 2539 2576 Διάδὲ
2565 2522 2664 2592 τῆς
2693 2521 2962 2591 κράσεως,
2997 2520 3126 2573 ὅταν
3159 2518 3219 2583 ἐξ
3246 2517 3548 2572 ἀκολάστου
3586 2518 3725 2571 διαί-

2155 2632 2275 2684 της.
2305 2615 2338 2685 ἢ
2363 2612 2646 2685 ἐνεργείας
2691 2610 3042 2682 δαιμόνων,ή
3101 2610 3404 2681 νοσήματός
3453 2626 3599 2673 τινος
3630 2610 3724 2664 ἀλ.

2155 2704 2502 2777 λοιουμένηή
2532 2703 2629 2759 τοῦ
2673 2703 2927 2774 σώματος
2957 2704 3175 2774 κρᾶσις,
3207 2704 3327 2772 κινῇ
3360 2701 3523 2754 αὑτὸν
3562 2700 3727 2754 πάλιν

2156 2799 2291 2870 πρὸς
2317 2797 2585 2869 ἐμπαθεῖς
2603 2796 2921 2867 λογισμοὺς,
2946 2796 2979 2867 ἢ
3000 2794 3142 2849 κατά
3180 2795 3278 2863 τῆς
3313 2794 3594 2865 Προνοίας.
3626 2794 3728 2846 Διά

2156 2892 2213 2946 δὲ
2245 2891 2345 2961 τῆς
2378 2889 2768 2961 μνήμης,αδταν
2818 2887 2927 2942 τῶν
2987 2887 3327 2959 πραγμάτων
3382 2886 3520 2959 πρὸς
3583 2885 3729 2955 ἅπερ

2159 2983 2510 3053 πεπόνθαμεν
2538 2981 2607 3034 τά
2639 2981 2886 3051 νοήματα
2923 2982 2957 3052 ή
3000 2980 3188 3051 μνήμη
3213 2979 3486 3052 ἀναφέρῃ,
3516 2979 3611 3033 καὶ
3644 2996 3728 3032 κι-

2159 3077 2223 3147 νῇ
2252 3074 2417 3128 αὑτὸν
2442 3074 2646 3146 ὁμοίιος
2682 3072 2815 3146 πρὸς
2840 3072 3109 3144 ἐμπαθεῖς
3135 3070 3447 3142 λογισμούς.

2231 3256 2322 3312 σε’.
2356 3256 2477 3311 Τῶν
2522 3259 2602 3321 είς
2667 3258 2860 3329 χρῆσιν
2902 3255 3056 3326 παρὰ
3110 3252 3247 3309 Θεοῦ
3300 3253 3562 3309 δοθέντων
3596 3254 3732 3325 ἡμῖν

2160 3352 2503 3423 πραγμάτων
2536 3391 2551 3417 ,
2586 3349 2653 3403 τὰ
2703 3350 2823 3420 μὲν,
2862 3349 2921 3401 ὲν
2957 3351 3023 3429 τῇ
3077 3347 3265 3419 ψυχῇ,
3306 3347 3373 3400 τά
3426 3347 3504 3412 δὲ,
3544 3348 3604 3400 ὲν
3650 3347 3731 3417 τῷ

2163 3440 2376 3511 σώματι
2409 3479 2424 3505 ,
2478 3440 2550 3493 τὰ
2588 3438 2691 3503 δὲ,-
2730 3437 2861 3509 πεηρὶ
2898 3437 2965 3490 τὸ
3005 3437 3164 3507 σῶμα
3216 3437 3549 3507 εὑρίσκεται,
3594 3432 3730 3498 οἷον,

2162 3534 2221 3587 ὲν
2273 3533 2373 3603 μὲν
2424 3535 2490 3603 τῇ
2541 3531 2709 3605 ψυχῇ,
2744 3531 2803 3585 αἱ
2856 3529 3117 3601 δυνάμεις
3174 3530 3348 3601 αὐτῆς
3384 3546 3399 3562 ⁸
3430 3532 3489 3583 ἐν
3536 3529 3598 3583 δὲ
3653 3528 3734 3600 τῷ

2164 3626 2396 3695 σώματι,
2436 3624 2504 3678 τὰ
2542 3624 2874 3695 αἰσθητήρια
2910 3623 3004 3676 καὶ
3031 3622 3100 3677 τά
3135 3621 3299 3676 λοιπά
3326 3622 3464 3692 μέλη
3488 3637 3502 3653 ·
3527 3623 3654 3693 περὶ
3673 3621 3734 3674 δὲ

2161 3719 2224 3770 τὸ
2269 3716 2470 3788 σῶμα,
2504 3716 2804 3788 βρώματα,
2847 3716 3126 3787 κτήματα,
3186 3714 3280 3769 καὶ
3322 3714 3390 3768 τά
3444 3713 3590 3784 ἑξῆς.
3659 3714 3734 3766 Τὸ

2164 3805 2259 3864 οὖν
2308 3805 2367 3864 εὖ
2423 3808 2632 3874 τούτοις
2684 3808 3057 3881 χρήσασθαιή
3114 3807 3386 3878 κακῶς,ἦ
3447 3809 3557 3870 τοῖς
3604 3807 3732 3877 περὶ

2165 3900 2335 3954 ταῦτα
2393 3898 2815 3970 συμὸεὸηκόσιν,
2850 3899 2883 3970 ή
2915 3898 3258 3971 ἐναρέτουςῆ
3287 3898 3528 3969 φαύλους
3585 3899 3735 3968 ἡμᾶς

2166 3991 2477 4062 ἀποφαίνει.
3016 4022 3021 4027 -
3602 4016 3607 4019 τ

2240 4081 2347 4148 ος’.
2370 4084 2412 4136 Τ
2417 4083 2492 4135 ὧν
2522 4084 2581 4135 ὲν
2600 4084 2712 4146 τοῖς
2749 4082 3041 4152 πράγμασι
3072 4079 3606 4151 συμϐεϐηκότων,τά
3638 4080 3740 4151 μέν

2166 4156 2274 4230 εισι
2297 4175 2404 4231 τῶν
2434 4176 2492 4228 ὲν
2528 4177 2594 4245 τῇ
2624 4173 2769 4246 ψυχῇ
2796 4213 2812 4239 ,
2842 4174 2909 4228 τά
2930 4175 3018 4239 δὲ,
3044 4172 3154 4227 τῶν
3182 4178 3242 4227 ἐν
3272 4173 3351 4244 τῷ
3383 4172 3595 4244 σώματι
3618 4214 3633 4235 ,
3667 4175 3741 4227 τὰ

2168 4267 2246 4333 δὲ,
2277 4268 2387 4321 τῶν
2418 4268 2550 4336 περὶ
2580 4268 2640 4321 τὸ
2669 4266 2834 4337 σῶμα
2864 4267 3223 4337 πραγμάτιον.
3253 4265 3366 4320 Καὶ
3409 4266 3519 4320 τῶν
3550 4266 3651 4337 μὲν
3679 4268 3738 4318 ἐν

2168 4363 2233 4433 τῇ
2259 4360 2428 4432 ψυχῇ,
2464 4354 2597 4425 οἷον,
2638 4360 2844 4429 γνῶσις
2897 4358 2992 4413 καὶ
3042 4358 3256 4428 ἄγνοια,
3313 4359 3453 4429 λήθη
3480 4360 3573 4413 καὶ
3602 4359 3739 4429 μνή·

2173 4471 2248 4525 μη
2270 4493 2285 4516 .
2318 4452 2506 4523 ἀγάπη
2540 4453 2633 4506 καὶ
2667 4455 2846 4522 μῖσος,
2873 4449 3036 4520 φόϐος
3073 4450 3168 4504 καὶ
3194 4451 3392 4522 θάρσος
3420 4489 3434 4515 ,
3470 4450 3611 4520 λύπη
3644 4451 3737 4504 καὶ

501 4549 668 4603 milia.
705 4550 763 4604 lu
797 4563 1029 4618 corpore
1075 4547 1281 4613 autem,
1326 4556 1459 4618 puta
1520 4548 1774 4617 voluptas
1799 4553 1856 4602 et
1887 4546 2060 4613 dolor,

2171 4545 2336 4617 χαρά,
2374 4544 2471 4598 καὶ
2516 4545 2593 4598 τὰ
2649 4544 2778 4613 ἑξῆς
2804 4559 2817 4573 ·
2850 4543 2958 4597 τῶν
2995 4543 3051 4596 δὲ
3102 4545 3161 4597 ὲν
3204 4541 3284 4614 τῷ
3337 4542 3570 4614 σώματι,
3599 4539 3735 4605 οἷον,

500 4656 694 4696 sensus
737 4650 794 4696 et
825 4640 1052 4709 orbitas,
1115 4640 1374 4696 valetudo
1410 4648 1468 4695 et
1498 4637 1799 4710 agritudo,
1862 4637 1979 4692 vita
2009 4648 2068 4694 et

493 4746 670 4799 mors,
706 4739 779 4787 .et
809 4730 1035 4786 similia.
1065 4731 1224 4788 Circa
1266 4746 1470 4800 corpus
1501 4745 1656 4795 vero,
1690 4729 1861 4784 veluti
1915 4729 2066 4798 larga

492 4822 684 4893 proles
712 4823 940 4894 ejusque
981 4823 1248 4888 carentia,
1280 4821 1487 4879 divitiae
1513 4830 1570 4876 et
1605 4828 1927 4890 paupertas,
1958 4819 2077 4889 glo-

502 4912 585 4967 ria
633 4922 689 4968 et
741 4912 1065 4984 ignominia,
1130 4928 1197 4968 ac
1230 4910 1501 4984 ejusmodi
1560 4910 1792 4980 reliqua.
1843 4909 2071 4976 Horum,

501 5003 606 5059 alia
653 5004 816 5070 bona,
853 5004 959 5060 alia
994 5004 1139 5059 mala
1200 5003 1488 5057 hominum
1514 5001 1723 5073 judicio
1776 5000 2071 5068 habentur,

496 5110 625 5154 cum
677 5097 817 5152 nihil
873 5097 934 5152 in
976 5096 1060 5151 eis
1096 5095 1300 5151 malum
1357 5095 1430 5150 sit
1490 5094 1711 5165 propria
1768 5093 1945 5163 ipsius
1978 5109 2070 5150 ra-

569 5229 644 5303 (b)
680 5229 760 5299 Τῇ
787 5231 1138 5302 ἐσφαλμένῃ
1176 5230 1297 5303 τῷν
1321 5229 1636 5303 νοημάτων)
1674 5229 1906 5303 χρήσει.
1948 5230 2070 5303 _Usu

499 5300 828 5373 meum
844 5300 1149 5373 conjuncta.
1186 5302 1338 5359 Unus
1362 5302 1565 5373 Regius
1620 5300 1841 5373 habuit_
1865 5300 2066 5373 κρίσει.

502 5372 608 5428 Sed
634 5379 761 5439 etc.
793 5371 882 5436 82,
909 5370 1005 5426 ubi
1035 5373 1228 5428 eadem
1275 5372 1549 5427 sententia
1594 5379 1700 5436 est,
1754 5370 2071 5439 habentque

501 5436 732 5567 perinde
755 5441 925 5523 edita,
957 5443 1171 5523 χρήσει,
1199 5441 1536 5523 Begiicodd.
1575 5448 1630 5494 et
1693 5439 1850 5495 Dufr.
1890 5436 2071 5510 κρίσει

543 5511 743 5565 abeat:
776 5512 880 5565 fuit
909 5512 1068 5567 facile
1101 5520 1424 5567 antiquariis
1460 5512 1695 5565 alterum
1722 5510 1895 5564 altero
1945 5525 2069 5565 mu-

543 5511 743 5565 abeat:
776 5512 880 5565 fuit
909 5510 1068 5567 facile
1101 5510 1424 5580 antiquariis
1460 5512 1695 5565 alterum
1722 5510 1895 5564 altero
1945 5525 2069 5565 mu-

504 5591 641 5642 tare,
660 5593 785 5633 cum
815 5596 1003 5635 sensus
1018 5592 1270 5636 neutrum
1298 5581 1549 5634 videatur
1577 5594 1854 5647 respuere,
1889 5587 1949 5647 et
1968 5594 2068 5632 vo-

504 5664 596 5703 ces
623 5647 865 5703 sic-sono
887 5648 1078 5706 amnes
1110 5650 1223 5703 sint
1267 5650 1490 5719 ipsaque
1536 5646 1859 5718 scriptione.
1903 5646 2074 5719 Magis

505 5728 687 5798 tamen
708 5724 897 5798 putent
921 5719 1208 5798 scripsisse
1267 5717 1483 5798 χρήσει,
1540 5719 1687 5798 quod
1732 5726 1791 5771 et
1844 5717 2107 5798 ret_.i_nui.-

507 5786 662 5843 Unde
683 5800 801 5854 cap.
831 5786 900 5840 78
935 5802 949 5838 :
984 5786 1077 5858 Μὴ
1103 5786 1367 5858 παραχρῶ
1387 5790 1502 5842 τοῖς
1552 5786 1815 5857 νοήμασιν
1874 5790 2074 5850 ubique

2176 4637 2336 4710 ήδονὴ
2359 4637 2454 4691 καὶ
2496 4638 2681 4701 πόνος,
2745 4637 2996 4708 αἴσθησις
3015 4637 3108 4690 καὶ
3135 4637 3386 4707 πήρωσις
3411 4674 3425 4699 ,
3463 4634 3618 4703 ὑγεία
3646 4635 3740 4688 καὶ

2172 4731 2348 4796 νόσος,
2407 4729 2520 4800 ζωὴ
2565 4729 2658 4782 καὶ
2714 4727 2961 4793 θάνατος,
2993 4728 3088 4781 καὶ
3137 4726 3206 4781 τὰ
3246 4728 3490 4782 τοιαῦτα.
3522 4727 3645 4781 Τῶν
3684 4727 3745 4780 δὲ

2172 4823 2303 4895 περὶ
2326 4822 2387 4875 τὸ
2416 4820 2596 4892 σῶμα,
2635 4813 2766 4884 οἷον,
2804 4818 3056 4873 εὐτεκνία
3083 4819 3178 4872 καὶ
3223 4819 3469 4885 ἀτεκνία,
3514 4818 3745 4881 πλοῦτςς

2170 4914 2266 4968 καὶ
2333 4913 2516 4975 πενία,
2570 4912 2697 4976 δόξα
2747 4912 2842 4964 καὶ
2886 4910 3110 4977 ἀδοξία,
3142 4912 3237 4965 καὶ
3278 4913 3348 4965 τὰ
3398 4911 3549 4982 ἑξῆς.
3603 4909 3745 4963 Τού-

2169 5021 2279 5058 των
2307 5003 2396 5068 δὲ,
2431 4998 2501 5056 τὰ
2553 5002 2655 5073 μὲν
2688 5000 2849 5067 καλὰ,
2873 5001 2940 5055 τά
2991 5001 3050 5054 δὲ
3088 5000 3238 5056 κακά
3273 5003 3389 5066 τοῖς
3436 4999 3748 5074 ἀνθρώποις

2170 5093 2473 5166 νομίζεται,
2505 5092 2658 5147 οὐδὲν
2700 5091 2880 5147 αὐτῶν
2916 5093 3110 5146 νκακὸν
3152 5091 3213 5147 ὃν
3251 5093 3331 5165 τῷ
3398 5092 3511 5163 ἰδίῳ
3573 5093 3747 5162 λόγῳ·

2167 5246 2510 5302 componens
2542 5245 2699 5287 usum
2737 5231 2885 5298 usui,
2913 5231 2968 5286 in
2996 5231 3162 5287 animi
3202 5230 3514 5302 rationibus
3580 5238 3635 5302 et
3685 5230 3750 5302 in

2173 5299 2377 5366 rebus;
2412 5302 2740 5372 egregieque
2763 5303 2993 5371 exponit
3017 5312 3212 5357 auctor
3243 5299 3429 5372 Schol.
3484 5316 3552 5355 ex
3590 5299 3746 5355 Dufr.

2171 5372 2296 5428 cod.
2354 5373 2410 5425 in
2455 5371 2765 5427 ’sacrarum
2823 5372 3146 5442 imaginum,
3212 5371 3320 5442 τῶν
3381 5374 3753 5442 χαρακτήρων

2172 5443 2468 5512 νοήμασινο
2502 5442 2707 5512 quibus
2739 5441 3148 5512 abutioétendit
3176 5441 3269 5512 qui
3299 5441 3753 5511 easimpugneut.

2174 5510 2638 5581 Beprmsenta’nda
2662 5511 2779 5573 hmo
2809 5510 3016 5565 scholia
3040 5519 3163 5580 post
3190 5510 3449 5581 quartum
3495 5510 3758 5581 centena.-

2175 5580 2343 5645 rium,
2369 5596 2492 5648 qum
2514 5582 2744 5635 alterius
2777 5582 2961 5650 potius
2994 5579 3274 5645 videntur,
3304 5594 3465 5650 quam
3511 5579 3752 5642 Maximi,

2177 5665 2242 5703 ac
2263 5650 2383 5730 ejus
2408 5650 2499 5719 qui
2527 5660 2649 5721 post
2674 5649 3137 5705 lconoclastarum
3164 5661 3348 5707 natam
3400 5649 3649 5709 haeresim
3673 5651 3757 5703 vi-

2179 5730 2341 5773 Xei‘ll.
