4140 6322
426 356 562 421 Ιοῦθ

1296 362 1630 425 CAPITUM
1670 360 1767 420 DE
1806 350 2234 416 CHARITATE
2269 349 2657 410 CENTURIA
2696 349 2777 409 II.

3529 340 3668 405 lOlO

426 471 578 543 ποιρά
604 470 660 525 δὲ
687 469 785 538 τὴν
811 473 1026 543 χρῆσιν,
1054 471 1163 527 εἴτε
1203 474 1350 529 κακά
1387 474 1612 547 κυρίως,
1647 473 1756 542 εἴτε
1817 466 1996 539 ἀγαθά

2114 460 2284 528 Lione;
2320 459 2415 515 sed
2460 474 2631 529 penes
2690 471 2849 511 usum
2904 468 3032 510 vere
3065 461 3161 508 aut
3193 453 3354 516 mala,
3394 459 3490 505 aut
3522 450 3667 521 bona

426 562 758 636 εὑρίσκεται.

497 655 593 722 σε’.
622 659 778 733 Καλὴ
824 663 858 731 ἡ
910 662 1112 732 γνῶσις
1157 666 1225 736 τῇ
1288 663 1450 732 φύσει
1477 680 1491 695 ο
1550 660 1753 733 ὁμοίως
1805 658 1860 712 δὲ
1903 660 1999 711 καὶ

428 749 587 821 ὑγεία
610 769 624 783 σ
650 752 787 807 ἀλλὰ
820 755 1081 811 τάναντία
1101 759 1228 820 τοὺς
1248 756 1474 820 πολλοὺς
1497 756 1640 827 ἤπερ
1661 755 1833 807 ταῦτα
1855 751 1999 820 ὢνη-

430 858 541 896 σεν.
582 842 709 906 Τοῖς
760 845 866 917 γὰρ
905 847 1130 915 φαύλοις
1196 849 1296 902 ούκ
1325 849 1438 911 ⁹είς
1506 847 1669 901 καλὸν
1708 846 1741 914 ἡ
1789 844 2003 913 ’γνῶσις

431 933 738 1004 συμϐαίνει,
767 937 817 989 εί
852 938 945 993 καὶ
970 942 1036 1011 τῇ
1073 939 1252 1009 φύσει,
1282 941 1358 1004 ὡς
1383 939 1600 1011 εἴρηται
1619 978 1635 1004 ,
1666 938 1787 991 ἐστὶ
1818 935 1959 1007 καλὴ
1983 952 1997 967 ο

428 1025 627 1092 ὁμοίως
646 1026 701 1080 δὲ
718 1028 837 1081 οὐδὲ
855 1030 1030 1098 ὑγεία,
1056 1031 1176 1085 οὐδὲ
1197 1031 1446 1095 πλοῦτος,
1469 1030 1589 1084 οὐδὲ
1604 1028 1868 1100 χαρά.·οὺ
1893 1026 2000 1099 γὰρ

434 1116 818 1188 συμφερόντως
838 1120 1048 1184 τούτοις
1079 1118 1394 1191 κέχρηνται.
1425 1122 1570 1192 ’Δρα
1607 1115 1701 1175 οὖν
1734 1119 1997 1173 τάναντία

433 1206 641 1270 τούτοις
671 1210 960 1280 συμφέρει.
998 1210 1223 1265 ούκοῦν⁶
1239 1212 1361 1266 οὐδὲ
1394 1213 1580 1266 ἐκεῖνα
1614 1211 1762 1265 κακά
1784 1211 1861 1282 τῷ
1888 1210 2002 1280 ἰδίῳ

432 1296 574 1368 λόγῳ
606 1301 883 1370 τυγχάνει,
915 1303 962 1355 εί
993 1303 1086 1357 καὶ
1113 1302 1261 1358 δοκεῖ
1286 1303 1431 1358 κακά
1461 1300 1622 1358 εἶναι.

504 1469 605 1542 οη’.
633 1472 722 1543 Μὴ
749 1474 1023 1546 παραχρῶ
1058 1475 1171 1538 τοῖς
1204 1474 1470 1545 νοήμασιν
1498 1472 1631 1547 (19),
1671 1474 1759 1528 ἶνα
1811 1472 1884 1544 μὴ
1944 1472 2005 1536 ἐξ

437 1562 684 1634 ἀνάγκης
738 1564 975 1628 καὶτοῖς
1022 1566 1310 1636 πράγμασι
1360 1560 1710 1637 παραχρήσῃ.
1744 1565 1866 1619 Ἐὰν
1896 1565 2004 1636 γὰρ

439 1655 628 1724 μήτις
695 1654 910 1726 πρῶτον
970 1654 1112 1710 κατά
1167 1655 1405 1710 διάνοιαν
1459 1655 1890 1727 ἀμαρτάνῃ,οὐκ
1937 1654 2004 1709 ἂν

438 1742 659 1815 ἁμάρτῃ
692 1745 822 1797 ποτὲ
853 1747 973 1798 κατ’
999 1745 1302 1817 ἐνέργειαν.

2100 551 2533 620 comperiantur.
2634 614 2639 619 δ

2173 643 2259 696 77.
2301 642 2451 696 Bona
2512 649 2596 697 est
2642 649 2839 694 natura
2896 636 3169 703 scientia;
3229 634 3486 691 similiter
3540 648 3674 688 vero

2101 733 2268 789 etiam
2324 734 2532 789 sanitas
2571 750 2585 787 :
2622 732 2810 793 multis
2872 739 3054 787 tamen
3105 728 3279 800 magis
3344 726 3676 798 profuerunt
3722 724 3734 781 ἐ

2103 824 2303 881 horum
2342 824 2641 881 contraria.
2692 824 2848 878 Malis
2878 822 3027 878 enim
3061 836 3128 876 ac
3155 819 3445 894 improbis,
3472 834 3584 874 non
3617 817 3676 873 in

2103 917 2312 972 bonum
2337 916 2485 971 cedit
2519 915 2779 982 scientia;
2810 914 3029 970 tametsi
3063 912 3197 979 illa,
3227 909 3517 966 utdictum
3566 913 3673 971 est,

2102 1018 2300 1064 natura
2330 1008 2403 1064 sit
2434 1008 2610 1075 bona;
2643 1008 2871 1078 parique
2907 1007 3120 1062 ratione
3142 1017 3248 1061 nec
3274 1002 3553 1068 valetudo,
3574 1015 3679 1057 nec

2105 1099 2330 1163 divitiae,
2359 1115 2541 1169 neque
2587 1099 2865 1170 gaudium.
2900 1097 3020 1155 Non
3073 1096 3221 1153 enim
3272 1094 3363 1150 liis
3424 1100 3676 1157 utuntur,

2108 1198 2169 1247 ut
2200 1190 2310 1245 illis
2342 1199 2426 1246 est
2459 1191 2613 1247 utile.
2660 1190 2832 1262 Igitur
2863 1188 3183 1246 conducunt
3222 1187 3420 1242 borum
3454 1192 3675 1242 contra-

2106 1281 2207 1336 ria.
2246 1281 2389 1351 Ergo
2415 1296 2518 1336 nec
2551 1281 2642 1335 illa
2676 1282 2817 1336 mala
2850 1288 2978 1335 sunt
3041 1279 3263 1351 propria
3308 1280 3556 1349 ipsorum
3592 1290 3679 1328 ra-

2107 1374 2279 1437 tione,
2309 1374 2411 1429 etsi
2443 1373 2702 1428 videntur
2734 1388 2855 1427 esse
2888 1373 3050 1426 mala.

2181 1464 2267 1518 78.
2306 1461 2448 1519 Cave
2487 1464 2733 1518 abutaris
2781 1461 3211 1533 cogitationibus
3245 1459 3524 1529 animique
3554 1474 3680 1513 sen-

2106 1556 2187 1612 sis
2215 1597 2229 1619 ,
2292 1573 2363 1612 ne
2424 1565 2481 1613 et
2508 1556 2675 1612 rebus
2731 1554 3042 1625 necessario
3076 1553 3340 1609 abutaris.
3381 1552 3495 1608 Nisi
3530 1552 3679 1606 enim

2106 1649 2232 1718 quis
2256 1649 2412 1719 prius
2445 1657 2629 1705 mente
2661 1656 2872 1718 peccet,
2907 1662 3189 1719 nunquam
3215 1647 3335 1717 ipso
3364 1653 3490 1707 actu
3514 1652 3679 1714 atque

2107 1754 2274 1808 opere
2304 1738 2632 1809 peccaverit.

525 1793 659 1815 "r'u
698 1793 819 1797 ""'
855 1793 951 1798 νη*-
1002 1793 1302 1817 "'l‘|"""

504 1835 803 1892 οθ¹.Είκὼν
849 1838 943 1892 τοῦ
987 1836 1173 1909 χοϊκοῦ
1235 1840 1292 1893 αί
1336 1837 1549 1908 γενικαὶ
1587 1839 1775 1894 κακίαι
1833 1839 2006 1910 ὑπάρ-

2142 1793 2264 1885 “79.
2304 1793 2536 1887 :l‘erreni
2573 1832 2753 1902 imago
2804 1841 2935 1887 sunt
2968 1832 3244 1903 generalia
3290 1831 3457 1887 vitia:
3493 1830 3678 1886 stulti—

435 1949 622 2005 χουσιν
652 1949 667 1964 '
712 1929 846 1998 οἷον,
896 1933 1195 2006 ἀφροσύνη,
1228 1933 1419 1998 δειλία,
1477 1932 1762 1999 ἀκολασία,
1800 1931 2001 1987 ἀδικία.

442 2022 625 2079 Είκὼν
654 2024 710 2078 δὲ
731 2026 826 2080 τοῦ
850 2026 1194 2097 ἐπουρανίου,
1235 2028 1291 2079 αἱ
1332 2026 1548 2096 γενικαὶ
1589 2024 1780 2096 ἀρεταὶ
1806 2064 1821 2090 ,
1854 2019 1965 2077 οἷον
1988 2064 2003 2089 ,

439 2116 724 2187 φρόνησις,
789 2119 1031 2191 ἀνδρεία,
1064 2119 1411 2192 σωφροσύνη,
1442 2117 1780 2189 δικαιοσύνη.
1820 2116 2006 2172 Ἀλλὰ

438 2208 631 2275 καθὼς
652 2210 1023 2279 ἐφορέσαμεν
1041 2210 1157 2281 τὴν
1178 2212 1379 2267 εἰκόνα
1408 2210 1515 2265 τοῦ
1549 2210 1758 2280 χοϊκοῦ
1786 2248 1798 2275 ,
1832 2207 2005 2277 φορέ-

439 2315 642 2368 auger
664 2300 762 2357 καί
803 2301 919 2369 τὴν
942 2303 1149 2357 εἰκόνα
1178 2303 1283 2357 τοῦ
1316 2302 1704 2370 ἐπουρανίου.

510 2389 583 2444 π’.
626 2393 687 2446 El
715 2391 889 2456 θέλεις
916 2395 1101 2464 εὑρεῖν
1134 2394 1232 2467 τὴν
1264 2390 1382 2448 ὁδὸν
1429 2394 1526 2464 τὴν
1563 2393 1890 2461 ἀπάγουσαν
1926 2394 2008 2455 είς

436 2485 535 2554 τὴν
567 2483 731 2555 ζωὴν,
765 2486 823 2537 ὲν
856 2488 923 2556 τῇ
947 2484 1049 2556 ὁδῷ
1068 2486 1237 2556 αὐτὴν
1287 2486 1459 2556 ζήτει,
1490 2488 1652 2542 κάκεῖ
1684 2486 1857 2557 αὐτὴν
1908 2485 2004 2538 εὐι-

442 2578 669 2648 ρίσκεις,
703 2581 767 2649 τῇ
795 2577 1023 2650 είπούσῃ
1052 2595 1066 2611 ⁶
1111 2577 1253 2648 Ἐγώ
1275 2581 1391 2650 ειμι
1416 2580 1455 2647 ἡ
1495 2578 1654 2646 ὁδὸς,
1686 2579 1787 2632 καὶ
1815 2580 1853 2647 ἡ
1874 2575 1987 2646 ζωὴ

440 2667 595 2735 καὶὴ
634 2668 903 2734 ἀλήθεια.
935 2669 1082 2740 Πλὴν
1120 2669 1329 2743 σφόδρα
1379 2669 1635 2740 ὲμπόνως
1673 2668 1849 2741 ζήτει,
1871 2668 2006 2725 διότι

441 2759 634 2828 ὀλίγοι
671 2760 833 2815 εἰσὶν
879 2763 932 2814 οί
981 2761 1371 2829 εὑρίσκοντες
1405 2761 1601 2829 αὐτήν
1623 2778 1637 2793 ο
1668 2761 1764 2816 καὶ
1816 2762 2009 2832 μήπως

441 2849 551 2901 τῶν
611 2848 806 2919 ὀλίγων
860 2850 1232 2920 ἀπολειφθεὶς,
1290 2851 1427 2923 μετά
1485 2851 1593 2906 τῶν
1664 2851 2010 2923 πολλῶνᾏεὺ-

451 2939 680 3012 ρεθήσῃ.

512 3036 621 3083 πα⁸.
643 3030 740 3085 Διά
767 3031 834 3087 τὰ
846 3033 1005 3087 πέντε
1026 3032 1196 3088 ταῦτα
1226 3036 1258 3105 ὴ
1282 3034 1427 3109 ψυχὴ
1446 3036 1552 3089 ἀπὸ
1578 3036 1860 3108 ἁμαρτιῶν
1879 3036 2010 3090 ἀνα-

2109 1920 2204 1984 tia,
2234 1919 2469 1990 ignavia,
2531 1920 2976 1992 intemperantia,
3017 1923 3305 1995 iniustitia.
3360 1922 3543 1994 Imago
3576 1937 3675 1978 an-

2108 2019 2216 2067 tem
2257 2014 2517 2079 caelestis,
2573 2015 2891 2084 prudentia,
2949 2014 3237 2081 fortitudo,
3287 2014 3677 2086 temperantia,

2105 2103 2316 2175 iustitia
2361 2122 2374 2157 :
2416 2104 2609 2160 Verum
2632 2108 2767 2161 sicut
2798 2106 3124 2178 portavimus
3153 2106 3439 2179 imaginem
3460 2107 3683 2173 terreni,

2108 2182 2373 2265 portemus
2403 2206 2451 2251 et
2480 2199 2765 2271 imaginem
2799 2200 3017 2255 calcatis
3039 2201 3180 2255 "'5'.

2173 2395 2260 2450 80.
2302 2395 2359 2452 Si
2406 2396 2493 2453 vis
2526 2398 2777 2457 invenire
2828 2399 2999 2463 viam,
3049 2412 3175 2467 quae
3203 2396 3357 2453 ducit
3388 2396 3457 2453 ad
3490 2396 3680 2461 vitam.

2109 2502 2229 2544 eam
2256 2487 2312 2541 in
2346 2486 2433 2542 via
2467 2502 2673 2557 qurere,
2710 2486 2901 2557 ibique
2931 2502 3051 2542 eam
3085 2486 3365 2552 invenies;
3392 2499 3590 2556 nempe
3626 2485 3682 2543 in

2109 2578 2218 2642 via,
2251 2594 2375 2649 quze
2420 2578 2516 2645 ait,
2556 2577 2667 2648 Ego
2716 2595 2834 2633 sum
2885 2580 2994 2643 eia,
3041 2585 3090 2632 et
3122 2579 3231 2632 vita
3284 2584 3334 2631 et
3386 2577 3580 2635 ueritas
3614 2575 3681 2631 °°.

2110 2667 2303 2735 Quaere
2360 2683 2492 2725 vero
2523 2677 2768 2734 strenue,
2818 2666 3207 2736 indefessoque
3246 2666 3434 2721 labore
3464 2674 3529 2722 et
3562 2664 3682 2723 acri

2111 2758 2400 2827 industria,
2458 2775 2527 2816 eo
2582 2759 2726 2831 quod
2763 2758 2919 2829 pauci
2973 2767 3115 2823 sunt,
3167 2759 3259 2828 qni
3314 2758 3586 2812 inveniunt
3613 2755 3684 2810 il-

2113 2848 2222 2905 lam
2255 2850 2330 2915 ⁸¹;
2369 2864 2438 2905 ne
2484 2850 2626 2905 forte
2676 2864 2977 2921 paucorum
3018 2848 3239 2904 illorum
3272 2847 3530 2903 exclusus
3572 2862 3690 2900 nu-.

2112 2957 2285 3007 mero,
2318 2957 2442 2999 cum
2477 2941 2667 2997 multis
2695 2942 3015 2996 inveniaris.

2187 3034 2273 3089 81.
2315 3033 2572 3105 Quinque
2605 3034 2711 3089 ista
2742 3043 2892 3100 sunt,
2921 3034 2994 3089 ob
3024 3048 3147 3103 qure
3174 3033 3392 3097 animus
3426 3048 3457 3087 a
3488 3045 3684 3102 pecea-

447 3121 708 3177 κόπτεται
742 3138 755 3152 ⁶
791 3124 829 3195 ἢ
854 3124 944 3177 διὰ
974 3124 1064 3178 τὸν
1085 3124 1246 3193 φόϐον
1275 3124 1381 3178 τῶν
1401 3124 1722 3197 ἀνθρώπων,
1755 3127 1788 3197 ἢ
1811 3125 1899 3180 διὰ
1919 3126 2010 3179 τὸν

2114 3125 2184 3181 tis
2224 3124 2594 3194 absterretur;
2629 3134 2724 3182 aut
2786 3140 2984 3195 nempe
3049 3125 3291 3181 humano
3346 3124 3565 3188 timore,
3591 3129 3688 3177 aut

444 3213 607 3280 φόϐον
633 3215 731 3285 τῆς
757 3215 1011 3288 κρίσεως,
1045 3215 1078 3288 ἢ
1109 3216 1196 3270 διὰ
1215 3215 1311 3288 τὴν
1347 3216 1647 3287 μέλλουσαν
1680 3216 2004 3289 μισθαποδο-

386 3348 393 3355 .
447 3302 586 3372 σίαν,
614 3304 649 3377 ἢ
680 3304 767 3361 διὰ
786 3306 884 3377 τὴν
913 3308 1135 3379 ἀγάπην
1155 3306 1254 3362 τοῦ
1281 3307 1443 3374 Θεοῦ,
1496 3308 1531 3380 ἦ
1572 3308 1880 3364 τελευταῖον
1919 3309 2007 3364 διὰ

449 3393 749 3464 συνείδησιν
772 3396 1098 3453 τύπτουσαν.

516 3483 625 3556 πβ’.
659 3482 818 3552 Τινές
852 3507 1036 3558 φασιν,
1068 3491 1152 3544 ὅτι
1187 3492 1286 3544 οὐκ
1316 3491 1383 3545 ἂν
1405 3485 1474 3562 ἦν
1495 3490 1557 3545 τὺ
1587 3492 1758 3546 κακὸν
1796 3494 1855 3546 ὲν
1896 3494 2010 3558 τοῖς

444 3571 616 3642 οὖσιν,
641 3579 693 3629 εί
731 3581 859 3650 μήτι
881 3579 926 3632 δ’
956 3579 1021 3634 ἂν
1050 3581 1213 3651 ἑτέρα
1239 3596 1325 3644 τις
1352 3576 1421 3653 ἦν
1451 3582 1702 3654 δύναμις,
1735 3585 1769 3655 ἡ
1819 3584 2012 3639 ἀνθέλ-

447 3683 617 3721 κουσα
644 3669 789 3738 ἡμᾶς
820 3671 906 3724 ἐπ’
935 3671 1086 3727 αὐτό.
1119 3672 1272 3740 Αὕτη
1319 3673 1375 3728 δέ
1414 3673 1563 3729 ἐστιν
1600 3675 1754 3731 οὐδὲν
1802 3675 2009 3749 ἕτερον,

449 3756 482 3828 ἢ
521 3758 555 3828 ἠ
587 3758 694 3813 τῶν
749 3761 889 3816 κατά
944 3762 1106 3833 φύσιν
1163 3763 1258 3818 τοῦ
1303 3763 1725 3839 νοῦ-ἐνεργειῶν
1757 3766 2011 3838 ἀμέλεια.

448 3848 650 3921 Διόπερ
674 3851 723 3904 οἱ
747 3851 951 3907 τούτων
980 3854 1080 3924 τὴν
1100 3855 1420 3926 ἐπιμέλειαν
1447 3856 1779 3928 ποιούμενοι,
1818 3859 1889 3914 τὰ
1916 3859 2016 3931 μὲν

452 3939 617 4006 καλὰ,
684 3941 774 3996 ἀεὶ
823 3942 1037 4001 ποιοῦσι
1066 3962 1080 3975 ο
1115 3946 1185 4001 τὰ
1207 3946 1266 4001 δὲ
1300 3948 1446 4003 κακά
1479 3947 1742 4022 [Fr."Opa
1793 3950 1846 4005 τί
1899 3954 2033 4008 ἐστι.

450 4031 660 4104 κακία],
694 4033 966 4091 οὐδέποτε.
1016 4036 1083 4092 Εί
1113 4032 1205 4092 οὖν
1236 4033 1411 4103 θέλεις
1439 4040 1535 4095 καὶ
1561 4042 1647 4106 σὺ,
1675 4041 1896 4098 ἀπωσαι
1920 4044 2018 4116 τὴν

450 4124 733 4194 ἀμέλειαν,
764 4128 857 4185 καὶ
883 4128 1301 4197 συναπελαύνεις
1327 4131 1427 4204 τὴν
1454 4132 1653 4188 κακίαν
1675 4149 1689 4163 θ
1721 4134 1843 4205 ἥτις
1872 4138 2020 4193 ἐστιν

449 4218 484 4284 ἡ
515 4217 826 4290 ἐσφαλμένη
859 4221 1053 4292 χρῆσις
1085 4221 1193 4276 τῶν
1221 4224 1506 4294 νοημάτων
1528 4264 1542 4290 ,
1572 4218 1606 4298 ᾗ
1662 4226 2022 4283 ἐπακολουθεί

449 4308 483 4377 ἡ
516 4308 863 4381 παράχρησις
885 4311 993 4366 τῶν
1020 4314 1383 4385 πραγμάτων.

522 4396 631 4466 πγ’.
658 4399 813 4454 Κατὰ
841 4401 1002 4472 φύσιν
1032 4404 1148 4458 ἐστὶ
1172 4404 1264 4460 τοῦ
1294 4408 1353 4475 εν
1378 4409 1512 4478 ἡμῖν
1545 4407 1763 4479 λογικοῦ
1797 4411 2019 4483 μέρους,

2101 3215 2298 3294 judicii
2340 3224 2526 3283 metu,
2578 3226 2674 3275 aut
2699 3232 2797 3288 spe
2843 3217 3046 3275 futurae
3095 3216 3391 3280 mercedis,
3435 3222 3532 3271 aut
3586 3215 3687 3270 Dei

2109 3308 2400 3376 charitate,
2421 3318 2517 3365 aut
2542 3317 2824 3380 postremo
2852 3309 3027 3381 ipsius
3059 3309 3411 3367 conscientia:
3433 3307 3684 3364 verbere.

2177 3493 2341 3567 423
2377 3495 2468 3551 82.
2507 3495 2649 3553 Sunt
2674 3498 2771 3568 qui
2819 3499 3028 3564 dicant,
3066 3514 3180 3555 non
3229 3498 3351 3555 fore
3395 3496 3600 3553 malum
3631 3496 3689 3551 in

2111 3583 2300 3650 rebus,
2331 3584 2442 3640 nisi
2463 3595 2613 3643 esset
2651 3588 2757 3643 alia
2786 3588 3036 3658 quaedam
3082 3590 3168 3649 vis
3206 3589 3490 3647 contrario
3529 3588 3687 3659 quasi

2115 3674 2355 3747 imwlsu
2386 3677 2443 3733 in
2474 3677 2613 3734 illud
2645 3680 2891 3737 trahens.
2909 3679 3036 3736 Haec
3066 3695 3202 3737 vero
3232 3681 3374 3737 nihil
3402 3680 3551 3736 aliud
3576 3690 3684 3741 est,

2116 3781 2283 3837 quam
2330 3769 2666 3827 naturalium
2714 3770 2888 3826 animi
2927 3771 3131 3827 virium
3185 3770 3691 3841 operationumquo

2114 3855 2438 3926 neglectus;
2481 3874 2655 3929 quare
2695 3861 2790 3930 qui
2823 3860 3020 3916 harum
3051 3875 3243 3916 curam
3276 3870 3495 3932 gerunt,
3545 3860 3691 3917 bona

2117 3962 2336 4019 semper
2365 3959 2555 4020 agunt,
2579 3950 2722 4007 mala
2752 3968 2906 4019 vero,
2929 3966 3231 4023 nunquam.
3259 3952 3432 4024 Igitur
3460 3962 3519 4007 tu
3548 3967 3695 4021 quoa

2117 4057 2227 4115 que
2276 4042 2323 4098 si
2369 4044 2474 4110 vis,
2516 4044 2662 4115 pelle
2709 4044 3119 4115 negligentiam,
3154 4059 3374 4114 unaque
3401 4042 3595 4098 vitium
3627 4058 3691 4098 ac

2120 4132 2385 4193 malitiam
2433 4135 2730 4206 expulisti;
2766 4134 3013 4190 fallacem
3054 4133 3268 4191 scilicet
3299 4131 3468 4187 animi
3519 4132 3692 4185 ratio-
3797 4175 3801 4179 .

2120 4240 2253 4281 num
2284 4241 2467 4291 usum,
2512 4226 2602 4282 cui
2643 4225 2830 4282 statim
2874 4240 3058 4283 comes
3092 4232 3179 4279 est
3208 4224 3325 4295 ipse
3367 4222 3575 4279 abusus
3604 4236 3698 4276 rea

2123 4330 2270 4370 I‘lllll.

2194 4408 2282 4463 85.
2329 4408 2371 4462 E
2400 4416 2596 4463 natura
2649 4417 2753 4473 est,
2787 4408 2908 4479 ejus
2957 4406 3015 4462 in
3040 4407 3201 4463 nobis
3223 4405 3418 4477 partis,
3451 4420 3574 4476 qua:
3604 4420 3692 4460 ra-

450 4488 513 4543 τό
543 4507 603 4544 τε
629 4491 967 4563 ὑποταγῆναι
1024 4495 1102 4567 τῷ
1148 4495 1278 4569 θείῳ
1334 4497 1478 4571 λόγῳ
1506 4542 1522 4568 ,
1581 4503 1675 4555 καὶ
1722 4501 1779 4555 τὸ
1832 4503 2019 4575 ἄρχειν

2128 4500 2278 4556 tione
2304 4499 2501 4567 utitur,
2530 4508 2610 4567 ut,
2641 4508 2698 4555 ct
2722 4499 2924 4555 divinze
2971 4498 3239 4555 subdatur
3266 4497 3487 4562 rationi,
3534 4504 3592 4553 et
3615 4496 3693 4551 illi

453 4580 548 4636 τοῦ
580 4582 639 4635 ὲν
665 4585 798 4655 ἡμῖν
855 4585 1050 4655 ἀλόγου
1109 4587 1333 4659 μέρους.
1364 4590 1515 4664 Αὕτη
1571 4588 1666 4646 οὖν
1697 4594 1731 4665 ή
1782 4593 1934 4659 τάξις
1964 4597 2022 4650 ἐν

456 4671 592 4725 πᾶσι
649 4672 1020 4745 φυλαχθήτω,
1079 4679 1176 4730 καὶ
1244 4676 1374 4731 οὔτε
1402 4679 1465 4734 τὸ
1533 4681 1704 4736 κακὸν
1755 4682 1905 4737 ἔσται
1966 4686 2025 4740 ἐν

455 4764 569 4826 τοῖς
627 4760 797 4831 οὖσιν,
860 4765 985 4820 οὔτε
1042 4767 1104 4821 τὸ
1150 4769 1239 4821 ἐπ’
1293 4769 1425 4824 αὐτὸ
1484 4770 1743 4830 ἀνθέλκον
1788 4774 2022 4848 εὑρεθή-

462 4868 635 4909 σεται.

529 4939 633 4997 πδ’.
668 4944 732 4996 Oi
783 4946 1042 5014 μὲν-τῶν
1099 4947 1399 5020 λογισμῶν,
1453 4952 1619 5006 ἀπλοῖ
1658 4955 1819 5020 εἰσιν,
1867 4956 1919 5009 οί
1971 4956 2030 5010 δὲ

460 5035 727 5093 σύνθετοι.
761 5039 870 5092 Καὶ
889 5040 1052 5094 ἀπλοί
1076 5039 1177 5110 μέν
1196 5041 1354 5105 εἰσιν,
1389 5042 1440 5095 οἱ
1470 5041 1704 5108 ἀπαθεῖς
1734 5059 1752 5076 ·
1783 5044 2030 5101 σύνθετοι

458 5123 537 5191 δὲ,
571 5126 622 5178 oi.
647 5127 936 5196 ἐμπαθεῖς,
968 5131 1045 5195 ὡς
1076 5133 1140 5184 ὲκ
1164 5116 1369 5197 πάθους
1399 5133 1493 5186 καὶ
1519 5134 1790 5204 νοήματος
1813 5135 2033 5206 συγκεί-

463 5231 635 5284 μενοι.
670 5216 888 5273 Τούτων
921 5219 1097 5286 ούτως
1138 5220 1393 5293 ἑχόντων,
1434 5222 1664 5289 πολλοὺς
1706 5225 1817 5281 τῶν
1842 5228 2032 5283 ἀπλῶν

460 5307 607 5361 εστιν
663 5310 789 5364 ίδεῖν
821 5313 1121 5382 ἑπομένους
1147 5315 1258 5377 τοῖς
1282 5313 1577 5382 συνθέτοις,
1603 5317 1730 5371 ὅταν
1757 5315 2030 5390 ἄρξωνται

462 5404 730 5460 κινεῖσθαι
760 5407 896 5477 πρὸς
940 5409 1003 5462 τὺ
1043 5409 1184 5463 κατὰ
1220 5409 1462 5465 διάνοιαν
1488 5411 1844 5484 ἁμαρτάνειν.
1881 5409 2026 5482 Οἷον,

462 5491 541 5571 ὡς
598 5496 690 5548 ἐπὶ
738 5497 836 5553 τοῦ
868 5499 1091 5570 χρυσίου
1131 5514 1147 5531 ⁸
1188 5500 1353 5571 ἀνέϐη
1384 5502 1475 5555 ἐπὶ
1504 5501 1604 5574 τὴν
1637 5504 1859 5575 μνήμην
1885 5507 2030 5571 τινὸς

462 5582 720 5654 λογισμὸς
775 5589 905 5658 περὶ
951 5589 1176 5661 χρυσίου
1231 5590 1525 5661 ἐμπαθὴς·
1554 5594 1648 5647 καὶ
1705 5594 1933 5667 ὥρμησε
1963 5600 2027 5669 τῇ

2121 4591 2265 4663 parti
2297 4590 2551 4662 imperet,
2575 4607 2699 4662 quae
2720 4591 2776 4646 in
2810 4589 2973 4647 nobis
2992 4586 3226 4645 ra'onis
3251 4602 3448 4658 expers
3466 4595 3570 4644 est.
3597 4586 3696 4641 llic

2122 4684 2292 4756 igitur
2324 4685 2462 4740 ordo
2515 4684 2570 4739 in
2598 4683 2858 4739 omnibus
2894 4692 3099 4748 teneat,
3139 4696 3204 4737 ac
3251 4696 3433 4751 neque
3489 4680 3692 4735 malum

2122 4775 2232 4830 erit
2258 4775 2316 4832 in
2362 4776 2549 4839 rebus,
2603 4789 2709 4831 nec
2742 4777 3003 4830 occurret
3050 4770 3259 4843 aliquid
3288 4770 3436 4840 quod
3461 4769 3530 4825 ad
3559 4769 3698 4825 illud

2126 4866 2421 4922 adversum
2458 4865 2661 4921 trahat.

2201 4967 2289 5023 84.
2330 4967 2512 5022 Animi
2553 4968 2795 5023 rationes
2829 4982 2893 5022 ac
2929 4964 3311 5036 cogitationes,
3344 4961 3463 5017 alia:
3488 4960 3699 5030 simpli-

2129 5070 2219 5112 ces
2250 5065 2396 5121 sunt,
2421 5057 2541 5112 aliae
2560 5056 2896 5126 compositae.
2914 5054 2993 5110 Ac
3012 5055 3290 5124 simplices
3304 5052 3525 5122 quidem
3548 5060 3696 5118 sunt,

2129 5145 2476 5201 illibidinosae
2500 5154 2556 5201 et
2579 5143 2699 5199 sine
2727 5144 2980 5213 passione
3006 5160 3020 5197 :
3045 5140 3360 5212 composita:
3383 5156 3538 5206 vero,
3568 5140 3698 5195 libi—

2132 5236 2339 5292 dinosae
2361 5251 2425 5291 ac
2461 5234 2706 5306 passiOni
2739 5235 3067 5305 conjunctae,
3101 5242 3361 5304 tanquam
3380 5247 3445 5288 ex
3471 5230 3701 5288 libidine

2134 5338 2230 5378 seu
2253 5322 2527 5393 passione,
2562 5321 2875 5390 mentisque
2901 5328 3172 5389 conceptu
3209 5319 3542 5388 compositae.
3574 5318 3703 5375 Haec

2135 5431 2260 5471 cum
2286 5415 2361 5470 ita
2396 5430 2455 5470 se
2490 5413 2750 5478 habeant,
2795 5409 2986 5466 videre
3016 5419 3102 5466 est
3135 5411 3336 5466 multas
3368 5404 3703 5481 simplicium

2134 5506 2526 5578 cogitationum
2555 5504 2709 5575 sequi
2744 5501 3094 5572 compositas,
3135 5517 3261 5558 cum
3291 5502 3497 5557 moveri
3523 5517 3705 5572 cmpe-

2135 5599 2250 5655 rint
2280 5599 2335 5654 in
2366 5605 2675 5670 peccatum,
2703 5594 2849 5668 quod
2879 5594 3030 5650 intus
3063 5595 3246 5651 animo
3278 5593 3509 5666 geritur.
3539 5594 3705 5650 Velut

537 5764 657 5806 re-"
689 5766 857 5825 ιροιη.
892 5784 981 5836 ιν,
1012 5770 1099 5825 49.
1176 5771 1219 5804 θ’
1259 5770 1501 5831 Joan.'tv
1533 5811 1549 5841 ,
1585 5772 1639 5829 6.
1716 5773 1757 5805 "
1792 5772 1987 5829 Matth.
2018 5790 2113 5843 vn,
2153 5774 2239 5829 14.
