4140 6322
506 370 637 440 lOii
1673 383 1731 442 S.
1775 381 2063 444 MAXIMI

2187 385 2605 447 'NFESSORIS
3638 382 3771 448 1012

504 489 564 545 in
585 504 746 552 auro,
770 488 1018 544 ascendit
1052 490 1107 545 in
1142 489 1467 548 memoriam
1500 491 1764 565 alicujus,
1792 494 2082 548 libidinosa

2189 499 2399 569 διανοίᾳ
2428 501 2521 553 ἐπὶ
2557 500 2619 554 τὸ
2662 497 2938 563 κλέπτειν,
2970 498 3067 552 καὶ⁵
3104 496 3399 552 ἀπετέλεσε
3460 498 3602 551 κατά
3649 499 3771 553 νοῦν

502 591 562 637 et
588 597 715 637 cum
749 582 951 637 aii'ectu
1002 582 1123 636 auri
1159 583 1443 653 cogitatio,
1480 585 1777 656 animoque
1830 586 2082 651 incitatus

2190 589 2290 659 τὴν
2320 589 2617 660 ἁμαρτίαν.
2661 590 2985 643 Συνείποντο
3018 589 3075 642 δὲ
3099 592 3168 660 τῇ
3199 590 3390 661 μνήμῃ
3408 588 3500 642 τοῦ
3521 591 3769 660 χρυσίου,

503 673 574 728 ad
619 672 935 738 furandum,
973 682 1263 745 peccatum
1294 685 1479 732 mente
1503 679 1924 744 consummavit.
1953 678 2082 733 Auri

2188 680 2285 732 καὶ
2323 682 2356 750 ἡ
2389 682 2578 752 μνήμη
2607 679 2702 735 τοῦ
2732 681 3054 754 βαλλαντίου
3084 681 3304 735 καὶτοῦ
3339 681 3635 753 σκευαρίου
3679 683 3771 736 καὶ

502 777 637 818 vero
659 762 979 818 memoriam
1020 767 1231 834 pariter
1250 766 1418 821 etiam
1451 767 1790 836 sequebatur
1827 767 2090 837 memoria

505 867 780 909 crumeme
801 862 856 906 et
903 853 1097 909 abbaci
1126 863 1183 910 et
1226 856 1491 922 cubiculi,
1520 872 1584 911 ac
1614 858 1978 928 reliquorum.
2010 856 2086 912 Ac

503 945 727 1016 quidem
765 946 888 1003 auri
918 947 1187 1001 memoria
1224 950 1530 1018 composita
1560 959 1703 1013 erat,
1735 949 1939 1018 quippe
1962 960 2085 1018 quae

501 1037 791 1091 libidinem
845 1036 1216 1109 aﬂ‘ectumquc
1257 1039 1533 1107 habebat;
1581 1056 1860 1096 crumena:
1894 1047 2083 1107 autem

500 1137 558 1185 et
583 1128 739 1184 abaci
767 1144 832 1183 ac
861 1128 1223 1205 reliquorum,
1261 1131 1515 1205 simplex,
1544 1133 1692 1202 quod
1727 1132 1796 1187 ad
1830 1132 1924 1186 illa
1959 1131 2084 1186 ani-

500 1233 628 1273 mus
652 1218 944 1273 libidinem
970 1227 1134 1289 atque
1164 1219 1424 1276 affectum
1456 1238 1567 1277 non
1601 1222 1857 1277 habebat.
1887 1221 2086 1291 Sicque

501 1311 557 1366 in
592 1310 742 1366 omni
788 1310 896 1366 alia
949 1311 1306 1382 cogitatione,
1352 1328 1412 1368 se
1449 1329 1538 1368 res
1579 1314 1783 1381 habet;
1836 1314 1892 1368 in
1937 1312 2089 1367 inani

499 1403 694 1473 gloria,
741 1401 796 1455 in
824 1417 992 1457 uxore
1017 1418 1114 1457 seu
1148 1405 1403 1469 muliere,
1431 1420 1496 1478 ac
1520 1405 1769 1476 reliquis.
1795 1406 1912 1471 Non
1937 1405 2088 1459 enim

500 1507 694 1549 omnes
735 1492 1101 1564 cogitationes
1144 1512 1267 1565 quae
1322 1497 1677 1553 libidinosam
1733 1506 1898 1568 atque
1950 1499 2089 1553 vitio

498 1586 802 1640 haerentem
833 1598 1142 1654 sequuntur
1159 1588 1569 1658 cogitationem,
1598 1590 1730 1660 ipsae
1766 1590 1931 1645 etiam
1960 1588 2081 1643 libi-

2186 770 2282 823 τοῦ
2308 771 2696 825 κουσουκλείου
2724 773 2817 843 (c),
2843 772 2938 825 καὶ
2970 771 3078 825 τῶν
3116 770 3266 840 ἑξῆς.
3300 772 3462 843 Καὶὴ
3501 774 3598 842 μὲν
3637 774 3771 844 μιή-

2195 877 2270 932 μη
2301 862 2395 915 τοῦ
2448 863 2698 933 χρυσίου,
2730 859 2799 935 ἦν
2819 863 2833 879 '
2855 862 3111 927 σύνθετος
3134 880 3147 894 ·
3179 861 3292 933 εἶχε
3326 862 3435 933 γὰρ
3458 849 3525 917 ¹’τὸ
3564 865 3735 928 πάθος
3754 883 3769 897 ο

2189 956 2222 1024 ἡ
2250 954 2307 1008 δὲ
2365 954 2461 1009 τοῦ
2509 954 2829 1024 βαλλαντίου
2877 956 2974 1009 καὶ
3035 956 3131 1009 τοῦ
3175 956 3470 1026 σκευαρίου
3519 957 3613 1010 καὶ
3664 957 3772 1011 τῶν

2191 1044 2341 1114 ἑξῆς,
2374 1046 2540 1118 ἁπλῆ.
2574 1048 2650 1100 Οὐ
2687 1046 2797 1119 γὰρ
2821 1043 2934 1116 εἶχε
2984 1047 3121 1119 πρὸς
3153 1048 3293 1101 αὐτὰ
3352 1048 3524 1111 πάθος
3556 1050 3586 1100 ὁ
3624 1048 3769 1113 νοῦς.

2190 1139 2301 1192 Καὶ
2321 1140 2416 1193 ἐπὶ
2444 1137 2644 1203 παντὸς
2667 1139 2725 1193 δὲ
2750 1138 3011 1210 λογισμοῦ
3043 1140 3242 1209 ὁμοίως
3268 1140 3382 1211 ἔχει
3404 1179 3420 1205 ,
3480 1141 3573 1194 ὲπί
3596 1157 3656 1193 τε
3676 1159 3773 1194 κε-

2189 1231 2454 1299 νοδοξίας,
2480 1231 2578 1285 καὶ
2606 1232 2699 1285 ἐπὶ
2726 1233 3009 1301 γυναικὸς,
3039 1232 3136 1286 καὶ
3165 1232 3273 1286 τῶν
3302 1232 3526 1286 λοιπῶν.
3562 1233 3636 1287 Οὐ
3662 1232 3772 1303 γὰρ

2191 1322 2393 1384 πάντες
2441 1324 2489 1375 οί
2535 1323 2894 1393 συνεπόμενοι
2937 1322 3014 1393 τῷ
3046 1322 3288 1393 ὲμπαθεϊ
3316 1322 3565 1395 λογισμῷ
3624 1323 3773 1392 λογι-

2193 1416 2343 1484 σμοὶ,
2369 1416 2464 1469 καὶ
2499 1415 2770 1485 ἐμπαθεῖς
2806 1417 2963 1475 εἰσιν.
2995 1415 3071 1477 ὡς
3095 1414 3378 1482 ἀπέδειξεν
3413 1417 3442 1468 ὁ
3468 1417 3647 1482 λόγος.
3675 1417 3772 1469 Ἐκ

2190 1501 2396 1554 τούτων
2432 1499 2528 1554 οὖν
2554 1501 2833 1571 δυνάμεθα
2854 1502 3082 1569 γνῶναι,
3109 1505 3236 1557 ποῖα
3273 1504 3343 1556 τὰ
3388 1504 3607 1575 ἐμπαθῆ
3644 1505 3770 1574 νοή-

2196 1607 2365 1661 ματα,
2395 1590 2491 1643 xui.
2516 1592 2647 1643 ποτα
2676 1589 2743 1643 τὰ
2772 1590 2938 1646 ἁπλᾶ.
3412 1588 3415 1591 ’

499 1679 710 1734 dinosa:
756 1686 888 1732 sunt
926 1679 1248 1751 haerentque
1271 1682 1430 1748 vitio,
1468 1684 1546 1737 uti
1591 1683 1851 1753 probavit
1875 1683 2078 1737 oratio.
2120 1682 2261 1738 Hinc
2294 1683 2479 1753 itaque
2535 1698 2831 1753 possumus
2886 1684 3216 1754 intelligere,
3249 1700 3497 1757 quaenam
3532 1684 3642 1739 sint
3674 1699 3769 1739 co-

499 1771 793 1855 gitationes
850 1770 1160 1829 libidinosa:
1188 1814 1203 1841 ,
1278 1773 1614 1845 ail'ectuique
1681 1791 1780 1832 seu
1828 1775 2073 1846 passioni
2112 1776 2441 1847 conjunctae,
2479 1790 2545 1831 ac
2600 1791 2852 1846 quaenam
2890 1777 3011 1847 ejus
3074 1776 3217 1837 labis
3245 1777 3520 1835 immunes
3561 1776 3772 1846 simpli-

497 1882 720 1938 cesque.

568 1958 658 2013 85.
696 1957 838 2013 Sunt
879 1956 977 2028 qui
1015 1954 1227 2031 dicant,
1263 1953 1546 2028 daemones
1590 1955 1648 2011 in
1681 1956 1892 2011 somnis
1923 1956 2082 2011 inho-

2256 1952 2362 2009 πε’.
2400 1954 2557 2020 Τινὲς
2583 1955 2682 2027 μέν
2716 1973 2902 2026 φασιν,
2931 1958 3013 2011 ὅτι
3049 1955 3159 2010 τῶν
3197 1956 3406 2026 μορίων
3444 1956 3540 2010 τοῦ
3581 1957 3747 2028 σῶμα.

495 2059 681 2124 nestas
711 2049 960 2120 corporis
1011 2056 1202 2118 partes
1234 2048 1579 2117 contingere,
1618 2063 1797 2118 eoque
1835 2055 2092 2104 contactu

496 2141 852 2198 seortationis
899 2139 1160 2195 aﬂ’ectum
1194 2153 1259 2192 ac
1290 2137 1582 2192 libidinem
1628 2138 1780 2195 ciere
1810 2157 1825 2193 :
1862 2148 2092 2208 tumque

496 2234 836 2303 concitatum
865 2233 1125 2288 allectum
1164 2245 1229 2286 ac
1266 2229 1579 2296 libidinem,
1612 2246 1713 2300 per
1738 2232 2086 2295 memoriam,

497 2327 753 2382 mulieris
785 2324 1019 2401 formam
1046 2322 1218 2378 menti
1236 2320 1401 2394 424
1417 2320 1665 2391 objicere
1696 2337 1763 2377 ac
1790 2331 2092 2387 praesenta-

495 2435 580 2475 re.
597 2418 708 2474 Alii
731 2432 887 2484 vero,
922 2414 1186 2472 muliebri
1222 2428 1321 2470 eos
1345 2412 1540 2468 habitu
1577 2429 1643 2469 ac
1667 2416 1877 2484 specie,
1899 2415 2089 2470 animo

496 2518 801 2582 apparere;
827 2507 1194 2579 corporisque
1232 2505 1492 2576 pudenda
1536 2507 1956 2573 contrectando,
1988 2524 2088 2579 ap-

492 2596 730 2675 petitum
751 2612 995 2664 movere,
1032 2610 1090 2656 et
1122 2599 1206 2655 sic
1244 2613 1344 2669 per
1366 2598 1546 2653 somni
1564 2600 1812 2669 quietem
1844 2600 2087 2656 illuden-

495 2684 570 2750 tia
603 2695 724 2750 visa
752 2692 1100 2763 contingere.
1129 2690 1239 2746 Alii
1271 2699 1459 2747 autem
1488 2706 1708 2756 rursus,
1730 2693 2007 2762 vigentem
2020 2692 2085 2756 in

492 2787 904 2858 propinquante
934 2786 1185 2841 daemone
1231 2782 1490 2840 allectum
1519 2796 1587 2839 ac
1610 2784 1922 2851 libidinem,
1954 2784 2088 2839 alle-

494 2887 645 2935 ctum
677 2877 1075 2947 libidinemque
1101 2890 1346 2942 movere,
1378 2885 1545 2945 atque
1577 2875 1655 2930 ita
1689 2875 1933 2930 animum
1958 2892 2086 2947 sug-

491 2979 720 3040 gerente
753 2968 1022 3023 memoria
1069 2968 1275 3021 formas
1300 2965 1701 3030 conferentem,
1739 2966 2087 3037 cogitationi-

493 3059 600 3116 bus
626 3060 954 3115 accendere.
988 3058 1262 3114 Similiter
1278 3072 1499 3127 quoque
1526 3058 1581 3111 in
1606 3058 1731 3113 aliis
1768 3058 2085 3115 libidinosis

492 3151 745 3223 vitioque
769 3151 1112 3208 haerentibus
1132 3151 1299 3214 visis,
1326 3166 1449 3221 quae
1467 3150 1561 3205 alii
1584 3151 1686 3215 sic,
1719 3150 1811 3204 alii
1838 3152 1976 3206 alias
1999 3152 2086 3207 di-

493 3247 629 3295 cunt
654 3238 1000 3309 contingere:
1024 3237 1298 3293 Caeterum
1336 3238 1391 3292 in
1413 3238 1586 3304 nullo,
1611 3253 1679 3293 ex
1698 3239 1886 3305 dictis,
1918 3240 2083 3295 modo

2191 2065 2283 2111 τος
2313 2046 2722 2119 καθαπτόμενοι
2746 2050 2793 2102 οἱ
2823 2048 3077 2118 δαίμονες
3102 2049 3244 2102 κατά
3269 2049 3394 2112 τοὺς
3418 2048 3642 2116 ὕπνους,
3681 2068 3773 2105 κι-

2189 2138 2341 2193 νοῦσι
2379 2140 2439 2193 τὸ
2466 2139 2638 2203 πάθος
2664 2138 2766 2210 τῆς
2794 2139 3052 2211 πορνείας
3086 2156 3100 2170 ·
3130 2136 3250 2192 εἶτα
3277 2140 3338 2193 τὸ
3370 2139 3543 2204 πάθος
3587 2144 3772 2196 κινού-

2193 2244 2388 2299 μενον,
2419 2227 2685 2300 ἀναφέρει
2717 2228 2817 2300 τὴν
2860 2228 3074 2300 μορφὴν
3121 2229 3223 2298 τῆς
3260 2227 3518 2297 γυναικὸς
3546 2228 3636 2282 διά
3668 2230 3771 2302 τῆς

2193 2319 2418 2390 μνήμης
2439 2320 2535 2372 ἐπὶ
2559 2319 2651 2373 τὸν
2676 2318 2821 2374 νοῦν.
2849 2319 3007 2381 Τινὲς
3026 2318 3101 2380 δὲ,
3134 2320 3215 2372 ὅτι
3275 2318 3353 2388 τῷ
3414 2318 3516 2388 μὲν
3570 2318 3646 2391 νῷ
3713 2321 3771 2374 ἐν

2190 2411 2431 2479 σχήματι
2482 2409 2744 2478 γυναικὸς
2774 2408 3215 2479 παραφαίνονται
3249 2425 3263 2438 ·
3293 2407 3405 2461 τῶν
3442 2424 3504 2461 τε
3562 2410 3769 2479 μορίων

2188 2501 2285 2554 τοῦ
2316 2501 2572 2571 σώματος
2603 2500 3033 2572 καθαπτόμενοι,
3065 2502 3162 2572 τὴν
3199 2499 3379 2571 ὄρεξιν
3408 2500 3648 2564 κινοῦσι,
3674 2503 3768 2555 καὶ

2188 2591 2333 2645 οὕτω
2364 2592 2608 2658 γίνονται
2658 2594 2716 2646 αἱ
2768 2592 3084 2662 φαντασίαι.
3121 2592 3338 2662 ’Έτεροι
3377 2591 3435 2644 δὲ
3464 2591 3652 2658 πάλιν,
3684 2593 3765 2646 ὅτι

2185 2683 2247 2737 τὸ
2275 2683 2446 2748 πάθος
2472 2686 2534 2738 τὸ
2555 2685 2885 2755 ἐπικρατοῦν
2905 2687 2964 2738 ὲν
2991 2683 3067 2755 τῷ
3119 2684 3473 2753 πλησιάζοντι
3496 2684 3719 2754 δαίμονι
3742 2724 3757 2747 ,

2185 2778 2328 2830 κινεῖ
2347 2776 2408 2832 τὸ
2453 2776 2626 2841 πάθος
2657 2794 2670 2806 ·
2707 2777 2804 2830 καὶ
2861 2775 3035 2840 οὕτως
3085 2775 3383 2830 άνάπτεται
3432 2775 3571 2843 πρὸς
3620 2775 3770 2845 λογι-

2188 2869 2365 2940 σμοὺς
2392 2871 2425 2941 ἡ
2454 2869 2625 2941 ψυχὴ,
2652 2869 3000 2939 ἀναφέρουσα
3027 2868 3126 2932 τὰς
3154 2867 3370 2941 μορφὰς
3389 2867 3477 2921 διά
3497 2869 3599 2938 τῆς
3637 2870 3773 2939 μνή-

2190 2977 2319 3031 μης.
2358 2961 2469 3015 Καὶ
2511 2962 2606 3014 ἐπὶ
2664 2960 2772 3014 τῶν
2809 2960 2985 3014 ἀλλων
3026 2960 3081 3013 δὲ
3138 2959 3399 3029 ὲμπαθῶν
3457 2959 3774 3028 φαντασιῶν

2183 3053 2384 3125 ὁμοίως
2414 3093 2429 3117 ,
2484 3054 2534 3106 oi
2600 3053 2699 3124 μὲν
2749 3052 2945 3115 οὓτως,
3003 3052 3054 3105 οἱ
3098 3051 3156 3106 δὲ
3202 3050 3376 3114 οὕτως
3447 3051 3773 3121 συμϐαίνειν

2186 3142 2341 3212 φασί.
2374 3143 2521 3216 Πλὴν
2550 3145 2608 3199 έν
2633 3145 2810 3198 οὐδενὶ
2838 3145 2945 3198 τῶν
2985 3144 3293 3216 εἰρημένων
3347 3144 3565 3213 τρόπων
3621 3141 3774 3213 ἰσχύ-

2185 3253 2307 3291 ουσι
2330 3235 2506 3300 πάθος
2524 3236 2582 3290 τὸ
2605 3239 2918 3309 οίονδήποτε
2945 3237 3164 3308 κινῆσαι
3191 3238 3243 3290 oi
3262 3237 3535 3306 δαίμονες,
3555 3234 3773 3307 παρού-

496 3337 729 3401 possunt
756 3331 1035 3385 daemones
1065 3331 1232 3385 ullam
1265 3329 1553 3384 libidinem
1579 3330 1951 3402 all‘ectumque
1984 3348 2082 3387 seu

2191 3346 2291 3400 σης
2327 3333 2392 3403 τῇ
2426 3332 2570 3402 ψυχῇ
2600 3329 2826 3398 ἀγάπης
2855 3328 2952 3382 καὶ
2999 3328 3345 3400 ἐγκρατείας,
3376 3326 3500 3381 οὗτε
3530 3328 3772 3400 ἐγρηγοα

493 3423 972 3494 perturbationem
996 3437 1240 3487 movere,
1266 3421 1569 3476 dummodo
1603 3423 1844 3479 charitas
1864 3433 1923 3478 et
1953 3438 2086 3479 cou-

495 3515 729 3571 tiuentia
759 3523 960 3584 praesto
1006 3514 1136 3579 sint,
1173 3516 1291 3569 sive
1340 3513 1594 3585 pervigili
1646 3528 1902 3593 corpore,
1964 3515 2081 3571 sive

495 3608 588 3663 illo
608 3621 805 3663 somno
823 3615 1072 3677 gravato.

564 3699 654 3755 86.
694 3699 1078 3755 lilandatorum
1141 3699 1314 3771 legis,
1362 3699 1472 3754 alia
1529 3709 1587 3755 et
1632 3699 1997 3770 corporaliter
2020 3706 2080 3755 et

494 3789 821 3859 spiritaliter
835 3806 1121 3847 servemus
1150 3806 1379 3847 necesse
1417 3800 1522 3857 est,
1556 3791 1663 3847 alia
1690 3792 1870 3848 solum
1906 3791 2077 3862 spiri-

494 3882 701 3936 taliter.
724 3882 889 3937 Verbi
917 3883 1111 3954 gratia,
1134 3882 1284 3954 quod
1312 3883 1387 3938 ita
1409 3883 1621 3938 dictum
1656 3893 1746 3939 est
1773 3900 1787 3938 :
1812 3882 1932 3938 Non
1956 3898 2080 3937 mae-

494 3972 754 4027 chaberis.
801 3972 920 4027 Non
957 3974 1178 4027 occides.
1208 3973 1326 4029 Non
1363 3975 1563 4044 furtum
1594 3975 1755 4044 facies
1769 3975 1838 4040 “,
1886 3981 1944 4030 et
1989 3973 2079 4029 his

495 4064 697 4121 similia
727 4074 844 4131 ,‘et
890 4066 1257 4136 corporaliter
1308 4075 1366 4121 et
1424 4067 1753 4136 spiritaliter
1806 4067 2079 4122 servanda

495 4166 675 4212 sunt:
706 4171 772 4211 ac
800 4171 933 4211 vero
959 4156 1285 4227 spiritaliter
1333 4156 1538 4227 triplici
1562 4159 1798 4214 ratione.
1830 4157 2083 4213 Circum-

495 4248 603 4303 cidi
629 4258 834 4317 autem,
887 4250 1185 4305 ohservaue
1217 4250 1523 4305 Sabbatum
1548 4252 1616 4317 ⁸³,
1651 4268 1851 4323 agnum
1886 4253 2082 4307 immo-

495 4340 611 4395 lare
638 4349 696 4396 et
726 4342 1018 4397 comedere
1048 4357 1238 4414 azyma
1264 4358 1389 4397 cum
1424 4343 1653 4398 lactucis
1674 4345 1986 4415 agrestibus
2011 4345 2079 4411 “,

496 4443 556 4488 et
581 4434 669 4490 bis
700 4435 923 4499 similia,
949 4434 1299 4490 solummodo
1325 4435 1670 4505 spiritaliter.

2191 3429 2349 3500 ρότος
2376 3425 2472 3481 τοῦ
2501 3423 2771 3496 σώματος,
2796 3421 2921 3475 οὔτε
2957 3421 3102 3476 κατά
3130 3423 3258 3485 τοὺς
3298 3420 3527 3486 ὕπνους.

2257 3696 2376 3764 σις’.
2403 3695 2483 3751 Τά
2507 3695 2606 3767 μὲν
2627 3692 2734 3748 τῶν
2753 3690 2847 3745 τοῦ
2877 3690 3044 3762 νόμου
3080 3686 3308 3742 ἐντολῶν
3327 3685 3423 3740 καὶ
3439 3682 3777 3755 σωματικῶς

2183 3788 2278 3846 καὶ
2290 3784 2676 3857 πνευματικῶς
2703 3784 2918 3853 ἀνάγκη
2938 3782 3249 3850 φυλάττειν’
3268 3779 3335 3832 τὰ
3355 3777 3431 3840 δὲ,
3453 3793 3588 3830 πνευ
3600 3791 3771 3847 ματι-

2183 3883 2296 3948 κῶς
2314 3882 2491 3954 μόνον.
2512 3874 2637 3933 Οἴον
2650 3878 2732 3945 τὸ,
2757 3880 2839 3933 Οὺ
2852 3873 3308 3947 μοιχεύσεις,οὑ
3327 3870 3673 3941 φονεύσεις,
3692 3868 3777 3921 Οὐ

2182 3973 2457 4044 κλέψεις,
2490 3971 2589 4026 καὶ
2621 3971 2692 4024 τὰ
2740 3971 2922 4040 ὅμοια,
2951 3967 3048 4022 καὶ
3092 3965 3419 4038 σωματικῶς
3447 3963 3542 4016 καὶ
3600 3978 3776 4015 πνευ-

2192 4065 2438 4140 ματικῶς
2464 4065 2569 4136 χρὴ
2601 4062 2914 4135 φυλάττειν.
2947 4060 3058 4114 Καὶ
3093 4055 3481 4128 πνευματικῶς
3507 4054 3566 4106 δὲ
3608 4067 3777 4131 τρισ-

2189 4159 2317 4223 σῶς.
2352 4158 2426 4211 Τὸ
2451 4156 2509 4210 δὲ
2538 4152 2962 4225 περιτέμνεσθαι
3009 4149 3104 4204 καὶ
3134 4148 3423 4218 φυλάττειν
3468 4146 3531 4199 τὸ
3558 4143 3779 4199 Σάϐὗα-

2183 4267 2298 4314 τον,
2321 4248 2418 4303 καὶ
2472 4246 2674 4316 σφάξαι
2729 4245 2821 4298 τὸν
2877 4244 3051 4315 ἀμνὸν
3098 4243 3193 4297 καὶ
3222 4240 3434 4295 ἔδεσθαι
3461 4238 3658 4309 ἄζυμα
3681 4234 3780 4289 ἐπὶ

2186 4343 2453 4415 πικρίδων
2488 4341 2584 4414 (ά),
2617 4341 2712 4395 καὶ
2737 4340 2806 4393 τὰ
2834 4339 3013 4409 ὃμοια,
3048 4334 3438 4408 πνευματικῶς
3475 4330 3669 4404 μόνον.

567 4588 612 4629 ⁸)
644 4587 818 4650 Exod.
850 4605 940 4653 xx,
970 4589 1035 4644 l5
1068 4587 1163 4653 iis
1196 4586 1390 4647 Matth.
1429 4603 1483 4673 v,
1516 4587 1585 4643 27
1614 4602 1769 4658 seqq.
1847 4589 1892 4620 ⁸⁸
1921 4588 2057 4644 Gen.

2187 4604 2218 4655 ι,
2255 4587 2340 4642 10.
2418 4588 2465 4619 ⁸⁵
2495 4585 2670 4641 Exod.
2708 4601 2803 4652 xn,
2843 4584 2877 4638 5
2902 4600 3058 4656 seqq.

562 4735 638 4810 (ς)
671 4741 779 4796 Καὶ
809 4740 914 4797 τοῦ
941 4738 1269 4813 σκευαρίού
1300 4745 1401 4802 καί
1446 4745 1555 4800 τοῦ
1618 4745 2071 4803 κουόουκλειόυ.

2187 4756 2445 4813 scaurum,
2473 4759 2651 4807 scura,
2683 4742 2840 4811 quasi
2862 4757 2895 4793 a
2934 4757 2989 4794 se
3030 4732 3178 4813 cura,
3242 4734 3423 4806 inquit
3450 4734 3778 4813 Martinius,
3815 4726 3823 4747 ³

497 4811 736 4885 Primam
763 4829 978 4877 vocem,
1010 4811 1275 4885 qum—erat
1306 4816 1583 4885 σκεδρεου,
1609 4825 1663 4869 et
1691 4815 1743 4868 in
1768 4814 1923 4885 Dufr,
1949 4813 2072 4885 cod.

497 4883 775 4954 σκευρίου.
835 4896 897 4939 ut
950 4883 1249 4948 mtitarem,
1300 4883 1555 4940 fecerunt
1614 4884 1868 4954 plerique
1919 4884 2075 4954 Regii

494 4953 741 5076 animuin
770 4955 976 5025 quibus
1021 4964 1203 5011 exstat
1232 4970 1339 5008 vox
1408 4953 1698 5026 σκευαρίου
1754 4956 1874 5024 ipsa
1909 4953 2079 5024 probo

518 5022 772 5076 ‘raecamt
792 5025 859 5076 ad
886 5024 1101 5076 Maximi
1130 5026 1234 5076 hoc
1257 5026 1378 5076 loco
1396 5026 1741 5076 nronosilum
1770 5025 2073 5076 notissima.

518 5022 859 5095 intexet—ad
886 5024 1101 5078 Maximi
1130 5026 1234 5080 hoc
1257 5026 1378 5079 loco
1395 5022 1741 5095 propoéilum
1770 5022 2073 5095 aptissima.

494 5092 778 5166 Aristoph.
810 5095 865 5148 in
893 5096 1075 5160 Pluto,
1115 5096 1368 5166 ’Ἃπαντα
1396 5092 1473 5147 ’δ’
1502 5092 1637 5166 ἡμῖν
1662 5092 1949 5166 ἀργυρίου,
1984 5096 2078 5148 καὶ

494 5163 742 5236 χρυσίου,
772 5165 842 5218 τὰ
875 5168 1141 5235 σκευάρια
1169 5165 1349 5236 πλήρη
1383 5166 1499 5218 ἐστί
1523 5163 1758 5220 ἐΟιηιιῖα
1807 5163 1953 5219 nobis
1986 5182 2079 5220 va-

494 5233 669 5307 sculo,
699 5245 920 5304 argento
947 5244 996 5307 et
1044 5233 1178 5297 auro
1215 5233 1337 5290 sum
1388 5235 1569 5307 plena,
1603 5238 1657 5290 id
1712 5246 1817 5295 est.
1861 5237 2075 5307 nullum

495 5302 642 5377 domi
683 5302 980 5377 vas—Lquod
1001 5324 1110 5361 non
1140 5316 1367 5377 argento
1388 5302 1636 5375 auroque
1657 5305 2075 5377 repleverimus.

497 5369 687 5447 Utitur
707 5383 763 5447 et
793 5369 1072 5431 Plutarch.
1110 5395 1122 5429 :
1150 5369 1231 5432 θον
1254 5378 1416 5447 plane
1440 5369 1865 5433 Max’imuseinn
1898 5377 2076 5444 ipsum

495 5444 691 5497 cornici
732 5446 915 5498 locum
943 5444 1267 5515 respexerit.
1297 5448 1678 5501 Germanicam
1740 5462 1870 5500 vero
1919 5462 2083 5499 usur—

497 5526 559 5578 pa
573 5526 655 5566 sse
676 5529 891 5586 vocem,
915 5518 1074 5586 cujus
1091 5518 1302 5571 nullum
1326 5518 1643 5586 exemplum
1664 5532 1733 5571 ex
1763 5516 1872 5570 alio
1893 5516 2082 5586 Graeco

498 5590 723 5655 auctore
762 5584 950 5655 all‘erri
985 5584 1196 5655 possit,
1246 5596 1307 5641 ut
1359 5584 1617 5649 credam,
1658 5586 1847 5641 nullus
1882 5585 2079 5639 adduci

501 5650 742 5725 possim_;
794 5654 978 5722 ipsam
1003 5650 1333 5725 'pn'esertim
1394 5655 1817 5711 incommodam.
1877 5655 2083 5709 Volunt

500 5720 649 5773 enim
679 5720 950 5777 Meursius
980 5720 1045 5779 in'
1066 5741 1168 5779 suo
1190 5726 1440 5780 Graecob.
1471 5733 1528 5780 et
1553 5743 1620 5781 cx
1660 5742 1727 5781 co
1766 5726 1985 5780 Martin.
2023 5725 2080 5779 in

503 5787 706 5847 Lexico
749 5793 1045 5865 etymolog.
1091 5793 1400 5865 signiﬁcare
1468 5796 1762 5861 horreum,
1815 5795 2074 5861 scabrum,

2189 4812 2328 4882 quod
2356 4813 2426 4883 ibi
2457 4814 2633 4883 fruges
2656 4808 2904 4883 demessa:
2927 4808 3549 4883 reconduntur,_ac‘sunt
3600 4808 3663 4861 in
3689 4822 3781 4859 se-

2186 4876 2333 4936 curo.
2368 4876 2467 4938 Δι’
2496 4876 2627 4937 num
2659 4884 2714 4936 in
2772 4882 2972 4935 horreo
3020 4890 3077 4934 et
3134 4877 3419 4947 pecuniae?
3471 4876 3782 4946 ipsumque

2185 4953 2433 5007 medium
2452 4953 2584 5023 quid
2617 4954 2673 5008 in
2703 4968 2812 5022 quo
2848 4959 3162 5023 serventur,
3208 4948 3353 5001 inter
3392 4961 3779 5023 crumenam,

2183 5023 2300 5079 sive
2326 5016 2692 5093 marsppium,
2710 5016 2766 5077 et
2789 5021 3106 5076 cubiculum
3135 5034 3232 5074 seu
3255 5016 3551 5093 conclave?
3575 5016 3777 5085 Nugae.

2184 5093 2422 5161 Medium
2477 5087 2609 5148 sane
2673 5109 2800 5147 vasa
2848 5092 2975 5155 alia,
3035 5087 3584 5161 totaquewsupeilex,
3616 5101 3780 5161 arca.

2184 5158 2410 5227 abacus,
2443 5179 2506 5218 ac
2552 5163 2761 5231 reliqua
2822 5163 2941 5231 ejus
2981 5156 3198 5230 generis
3238 5156 3464 5231 (Grati-is
3491 5156 3673 5231 σκεύη
3722 5164 3780 5211 et

2187 5235 2470 5306 σκευάρια)
2495 5249 2632 5306 quae
2651 5227 2766 5302 ipsa
2792 5227 3125 5306 inicuhi'culo
3153 5230 3325 5306 posita
3342 5227 3617 5306 sacculos
3640 5241 3778 5306 con-

2189 5297 2386 5367 tinent,
2430 5304 2483 5357 in
2514 5297 2723 5372 quibus
2753 5302 2872 5357 auri
2901 5302 3002 5362 vis,
3035 5316 3145 5353 uua
3178 5300 3294 5367 ipsa
3338 5297 3443 5350 iuri
3492 5297 3774 5372 expetita.

2186 5366 2702 5447 sicquelibidinose
2726 5382 2782 5447 et
2818 5387 2941 5435 cum
2977 5372 3176 5447 olfactu
3202 5366 3322 5447 ’_s_cu
3372 5366 3695 5447 passione,_
3716 5376 3779 5420 ut

2187 5436 2589 5516 hic-subtiliter
2616 5444 2908 5516 maximus,
2939 5441 3194 5516 cogitata.
3216 5438 3329 5491 Vox
3360 5436 3773 5516 xooﬁouzcleiov,

2183 5514 2267 5567 vel
2298 5523 2357 5566 ut
2383 5514 2497 5577 alii,
2556 5511 2929 5571 κουθοὺκλιον,
2991 5505 3236 5564 Romana
3285 5516 3390 5571 est,
3443 5521 3506 5559 ex
3562 5505 3776 5577 ljatina

2184 5574 2501 5645 cubiculum,
2526 5582 2833 5652 cujusmodi
2868 5583 3054 5653 plures
3088 5578 3324 5653 mutuati
3364 5585 3533 5653 sunt"

2253 5653 2328 5723 (ά)
2366 5645 2645 5707 Ἔδεσθὶιι
2680 5645 2880 5719 (igniti
2903 5652 3001 5703 ἐπὶ
3032 5648 3339 5715 πικρίδων.
3370 5645 3603 5723 Reddidi
3639 5660 3770 5723 eum

2180 5712 2405 5778 liieron.
2444 5732 2503 5777 ct
2534 5724 2670 5791 Vulg
2721 5712 2966 5787 llehraga,
3002 5712 3478 5791 ctqlimiprosime
3518 5732 3597 5768 ex
3654 5712 3771 5771 Hc-

2179 5793 2383 5853 braicis
2420 5787 2679 5865 expressa
2709 5800 2856 5859 sunt,
2878 5787 3320 5846 amaritudinibus
3348 5787 3553 5841 habent
3599 5801 3615 5837 :
3671 5799 3773 5839 ex-
