  <div class='ocr_page' id='page_1' title='image "/cluster/home/n/w/nwhite01/storage/ocr_20150623/90/mdp.39015022223161/512.png"; bbox 0 0 4140 6322; ppageno 0'>
   <div class='ocr_carea' id='block_1_1' title="bbox 396 302 534 371">
    <p class='ocr_par' dir='ltr' id='par_1_1' title="bbox 396 302 534 371">
     <span class='ocr_line' id='line_1_1' title="bbox 396 302 534 371; baseline -0.007 -1"><span class='ocrx_word' id='word_1_1' title='bbox 396 302 534 371; x_wconf 80' lang='lat'><strong>1013</strong></span> 
     </span>
    </p>
   </div>
   <div class='ocr_carea' id='block_1_2' title="bbox 1281 284 2769 358">
    <p class='ocr_par' dir='ltr' id='par_1_2' title="bbox 1281 284 2769 358">
     <span class='ocr_line' id='line_1_2' title="bbox 1281 284 2769 358; baseline -0.01 -1"><span class='ocrx_word' id='word_1_2' title='bbox 1281 295 1629 358; x_wconf 80' lang='lat' dir='ltr'><strong>CAPITUM-</strong></span> <span class='ocrx_word' id='word_1_3' title='bbox 1658 294 1756 354; x_wconf 92' lang='lat' dir='ltr'>DE</span> <span class='ocrx_word' id='word_1_4' title='bbox 1795 287 2236 352; x_wconf 79' lang='lat' dir='ltr'><strong>CHARITATE‘</strong></span> <span class='ocrx_word' id='word_1_5' title='bbox 2264 284 2652 346; x_wconf 74' lang='lat' dir='ltr'><strong>CENTURIA</strong></span> <span class='ocrx_word' id='word_1_6' title='bbox 2689 284 2769 343; x_wconf 89' lang='lat' dir='ltr'><strong>II.</strong></span> 
     </span>
    </p>
   </div>
   <div class='ocr_carea' id='block_1_3' title="bbox 3518 282 3655 347">
    <p class='ocr_par' dir='ltr' id='par_1_3' title="bbox 3518 282 3655 347">
     <span class='ocr_line' id='line_1_3' title="bbox 3518 282 3655 347; baseline 0 0"><span class='ocrx_word' id='word_1_7' title='bbox 3518 282 3655 347; x_wconf 66' lang='grc'><strong>1014</strong></span> 
     </span>
    </p>
   </div>
   <div class='ocr_carea' id='block_1_4' title="bbox 464 389 1973 482">
    <p class='ocr_par' dir='ltr' id='par_1_4' title="bbox 464 398 1966 482">
     <span class='ocr_line' id='line_1_4' title="bbox 464 398 1966 482; baseline -0.011 -16"><span class='ocrx_word' id='word_1_8' title='bbox 464 410 572 477; x_wconf 55' lang='grc' dir='ltr'>πῖ.</span> <span class='ocrx_word' id='word_1_9' title='bbox 599 411 759 482; x_wconf 83' lang='grc' dir='ltr'>Τρεῖς</span> <span class='ocrx_word' id='word_1_10' title='bbox 803 408 942 461; x_wconf 80' lang='grc' dir='ltr'>εἰσιν</span> <span class='ocrx_word' id='word_1_11' title='bbox 990 402 1180 475; x_wconf 72' lang='grc' dir='ltr'>ἠθικαὶ</span> <span class='ocrx_word' id='word_1_12' title='bbox 1212 403 1577 464; x_wconf 78' lang='grc' dir='ltr'><strong>καταστάσεις</strong></span> <span class='ocrx_word' id='word_1_13' title='bbox 1607 398 1966 469; x_wconf 83' lang='grc' dir='ltr'>γενικώτεραι</span> 
     </span>
    </p>
   </div>
   <div class='ocr_carea' id='block_1_5' title="bbox 2075 389 3651 482">
    <p class='ocr_par' dir='ltr' id='par_1_5' title="bbox 2140 389 3651 462">
     <span class='ocr_line' id='line_1_5' title="bbox 2140 389 3651 462; baseline 0.001 -15"><span class='ocrx_word' id='word_1_14' title='bbox 2140 392 2229 448; x_wconf 85' lang='grc'><strong>87.</strong></span> <span class='ocrx_word' id='word_1_15' title='bbox 2262 393 2396 448; x_wconf 86' lang='lat' dir='ltr'><strong>Tres</strong></span> <span class='ocrx_word' id='word_1_16' title='bbox 2442 400 2573 448; x_wconf 91' lang='lat' dir='ltr'><strong>sunt</strong></span> <span class='ocrx_word' id='word_1_17' title='bbox 2601 389 3009 462; x_wconf 84' lang='lat' dir='ltr'><strong>generalissimi</strong></span> <span class='ocrx_word' id='word_1_18' title='bbox 3033 399 3215 451; x_wconf 86' lang='lat' dir='ltr'><strong>status</strong></span> <span class='ocrx_word' id='word_1_19' title='bbox 3243 393 3482 449; x_wconf 84' lang='lat' dir='ltr'><strong>murales</strong></span> <span class='ocrx_word' id='word_1_20' title='bbox 3506 394 3651 450; x_wconf 83' lang='lat' dir='ltr'><strong>inter</strong></span> 
     </span>
    </p>
   </div>
   <div class='ocr_carea' id='block_1_6' title="bbox 394 488 1966 575">
    <p class='ocr_par' dir='ltr' id='par_1_6' title="bbox 394 488 1966 575">
     <span class='ocr_line' id='line_1_6' title="bbox 394 488 1966 575; baseline -0.011 -17"><span class='ocrx_word' id='word_1_21' title='bbox 394 504 463 575; x_wconf 79' lang='grc' dir='ltr'><strong>(ε)</strong></span> <span class='ocrx_word' id='word_1_22' title='bbox 498 505 556 556; x_wconf 79' lang='grc' dir='ltr'>ὲν</span> <span class='ocrx_word' id='word_1_23' title='bbox 607 503 717 564; x_wconf 86' lang='grc' dir='ltr'>τοῖς</span> <span class='ocrx_word' id='word_1_24' title='bbox 768 499 1042 572; x_wconf 83' lang='grc' dir='ltr'>μοναχοῖς.</span> <span class='ocrx_word' id='word_1_25' title='bbox 1091 495 1204 549; x_wconf 72' lang='grc' dir='ltr'>Καὶ</span> <span class='ocrx_word' id='word_1_26' title='bbox 1256 492 1445 565; x_wconf 83' lang='grc' dir='ltr'><strong>πρώτη</strong></span> <span class='ocrx_word' id='word_1_27' title='bbox 1506 492 1629 563; x_wconf 81' lang='grc' dir='ltr'>μὲν,</span> <span class='ocrx_word' id='word_1_28' title='bbox 1687 491 1747 544; x_wconf 79' lang='grc' dir='ltr'><strong>τὸ</strong></span> <span class='ocrx_word' id='word_1_29' title='bbox 1798 488 1966 560; x_wconf 85' lang='grc' dir='ltr'>μηδὲν</span> 
     </span>
    </p>
   </div>
   <div class='ocr_carea' id='block_1_7' title="bbox 395 581 1967 667">
    <p class='ocr_par' dir='ltr' id='par_1_7' title="bbox 395 581 1967 667">
     <span class='ocr_line' id='line_1_7' title="bbox 395 581 1967 667; baseline -0.013 -15"><span class='ocrx_word' id='word_1_30' title='bbox 395 594 733 667; x_wconf 79' lang='grc' dir='ltr'><strong>ἁμαρτάνειν</strong></span> <span class='ocrx_word' id='word_1_31' title='bbox 763 591 886 646; x_wconf 84' lang='grc' dir='ltr'>κατ’</span> <span class='ocrx_word' id='word_1_32' title='bbox 918 590 1199 661; x_wconf 76' lang='grc' dir='ltr'><strong>ἐνέργειαν</strong></span> <span class='ocrx_word' id='word_1_33' title='bbox 1235 603 1249 616; x_wconf 91' lang='grc'>·</span> <span class='ocrx_word' id='word_1_34' title='bbox 1274 585 1507 655; x_wconf 82' lang='grc' dir='ltr'>δευτέρα</span> <span class='ocrx_word' id='word_1_35' title='bbox 1525 585 1601 645; x_wconf 78' lang='grc' dir='ltr'>δὲ,</span> <span class='ocrx_word' id='word_1_36' title='bbox 1634 582 1694 636; x_wconf 83' lang='grc' dir='ltr'><strong>τὸ</strong></span> <span class='ocrx_word' id='word_1_37' title='bbox 1747 581 1823 652; x_wconf 82' lang='grc' dir='ltr'>μὴ</span> <span class='ocrx_word' id='word_1_38' title='bbox 1872 583 1967 649; x_wconf 84' lang='grc' dir='ltr'><strong>ὲγ-</strong></span> 
     </span>
    </p>
   </div>
   <div class='ocr_carea' id='block_1_8' title="bbox 392 671 1965 759">
    <p class='ocr_par' dir='ltr' id='par_1_8' title="bbox 392 671 1965 759">
     <span class='ocr_line' id='line_1_8' title="bbox 392 671 1965 759; baseline -0.01 -19"><span class='ocrx_word' id='word_1_39' title='bbox 392 687 663 759; x_wconf 77' lang='grc' dir='ltr'><strong>χρονίζειν</strong></span> <span class='ocrx_word' id='word_1_40' title='bbox 691 686 749 738; x_wconf 84' lang='grc' dir='ltr'>ὲν</span> <span class='ocrx_word' id='word_1_41' title='bbox 786 685 854 754; x_wconf 76' lang='grc' dir='ltr'>τῇ</span> <span class='ocrx_word' id='word_1_42' title='bbox 922 681 1068 752; x_wconf 77' lang='grc' dir='ltr'><strong>ψυχῇ</strong></span> <span class='ocrx_word' id='word_1_43' title='bbox 1119 678 1245 743; x_wconf 83' lang='grc' dir='ltr'>τοὺς</span> <span class='ocrx_word' id='word_1_44' title='bbox 1293 675 1563 747; x_wconf 78' lang='grc' dir='ltr'>ἐμπαθεῖς</span> <span class='ocrx_word' id='word_1_45' title='bbox 1627 671 1920 743; x_wconf 79' lang='grc' dir='ltr'>λογισμούς</span> <span class='ocrx_word' id='word_1_46' title='bbox 1951 686 1965 699; x_wconf 94' lang='grc'><strong>·</strong></span> 
     </span>
    </p>
   </div>
   <div class='ocr_carea' id='block_1_9' title="bbox 393 764 1966 853">
    <p class='ocr_par' dir='ltr' id='par_1_9' title="bbox 393 764 1966 853">
     <span class='ocr_line' id='line_1_9' title="bbox 393 764 1966 853; baseline -0.013 -17"><span class='ocrx_word' id='word_1_47' title='bbox 393 781 552 853; x_wconf 79' lang='grc' dir='ltr'>τρίτη</span> <span class='ocrx_word' id='word_1_48' title='bbox 575 779 652 844; x_wconf 82' lang='grc' dir='ltr'><strong>δὲ,</strong></span> <span class='ocrx_word' id='word_1_49' title='bbox 680 777 743 831; x_wconf 81' lang='grc' dir='ltr'>τὸ</span> <span class='ocrx_word' id='word_1_50' title='bbox 762 776 862 839; x_wconf 83' lang='grc' dir='ltr'>τὰς</span> <span class='ocrx_word' id='word_1_51' title='bbox 898 772 1111 846; x_wconf 79' lang='grc' dir='ltr'>μορφὰς</span> <span class='ocrx_word' id='word_1_52' title='bbox 1139 770 1250 825; x_wconf 91' lang='grc' dir='ltr'><strong>τῶν</strong></span> <span class='ocrx_word' id='word_1_53' title='bbox 1289 767 1584 838; x_wconf 71' lang='grc' dir='ltr'>γυναικῶν,</span> <span class='ocrx_word' id='word_1_54' title='bbox 1617 766 1711 818; x_wconf 71' lang='grc' dir='ltr'><strong>καὶ</strong></span> <span class='ocrx_word' id='word_1_55' title='bbox 1739 765 1847 816; x_wconf 88' lang='grc' dir='ltr'><strong>τῶν</strong></span> <span class='ocrx_word' id='word_1_56' title='bbox 1872 764 1966 816; x_wconf 87' lang='grc' dir='ltr'>λυ-</span> 
     </span>
    </p>
   </div>
   <div class='ocr_carea' id='block_1_10' title="bbox 396 860 1653 946">
    <p class='ocr_par' dir='ltr' id='par_1_10' title="bbox 396 860 1653 946">
     <span class='ocr_line' id='line_1_10' title="bbox 396 860 1653 946; baseline -0.012 -18"><span class='ocrx_word' id='word_1_57' title='bbox 396 873 688 946; x_wconf 83' lang='grc' dir='ltr'>πησάντων</span> <span class='ocrx_word' id='word_1_58' title='bbox 714 866 942 931; x_wconf 79' lang='grc' dir='ltr'>ἀπαθῶς</span> <span class='ocrx_word' id='word_1_59' title='bbox 972 866 1196 934; x_wconf 89' lang='grc' dir='ltr'>θεωρεῖν</span> <span class='ocrx_word' id='word_1_60' title='bbox 1223 862 1364 915; x_wconf 75' lang='grc' dir='ltr'>κατὰ</span> <span class='ocrx_word' id='word_1_61' title='bbox 1392 860 1653 914; x_wconf 82' lang='grc' dir='ltr'>διάνοιαν.</span> 
     </span>
    </p>
   </div>
   <div class='ocr_carea' id='block_1_11' title="bbox 463 1057 1971 1146">
    <p class='ocr_par' dir='ltr' id='par_1_11' title="bbox 463 1057 1971 1146">
     <span class='ocr_line' id='line_1_11' title="bbox 463 1057 1971 1146; baseline -0.015 -16"><span class='ocrx_word' id='word_1_62' title='bbox 463 1072 580 1146; x_wconf 70' lang='grc' dir='ltr'>ιιι-η’.</span> <span class='ocrx_word' id='word_1_63' title='bbox 620 1072 906 1142; x_wconf 80' lang='grc' dir='ltr'>Ἀκτήμων</span> <span class='ocrx_word' id='word_1_64' title='bbox 943 1067 1092 1121; x_wconf 71' lang='grc' dir='ltr'>ἐστὶν</span> <span class='ocrx_word' id='word_1_65' title='bbox 1142 1065 1172 1117; x_wconf 85' lang='grc' dir='ltr'><strong>ό</strong></span> <span class='ocrx_word' id='word_1_66' title='bbox 1202 1060 1616 1132; x_wconf 78' lang='grc' dir='ltr'><strong>ἀποταξάμενος</strong></span> <span class='ocrx_word' id='word_1_67' title='bbox 1667 1057 1806 1146; x_wconf 80' lang='grc' dir='ltr'>πᾶσι</span> <span class='ocrx_word' id='word_1_68' title='bbox 1859 1057 1971 1146; x_wconf 75' lang='grc' dir='ltr'>τοῖς</span> 
     </span>
    </p>
   </div>
   <div class='ocr_carea' id='block_1_12' title="bbox 398 1145 1974 1236">
    <p class='ocr_par' dir='ltr' id='par_1_12' title="bbox 398 1145 1974 1236">
     <span class='ocr_line' id='line_1_12' title="bbox 398 1145 1974 1236; baseline -0.015 -16"><span class='ocrx_word' id='word_1_69' title='bbox 398 1145 737 1236; x_wconf 80' lang='grc' dir='ltr'>ὑπάρχουσιν</span> <span class='ocrx_word' id='word_1_70' title='bbox 770 1156 920 1228; x_wconf 82' lang='grc' dir='ltr'>αὐτῷ</span> <span class='ocrx_word' id='word_1_71' title='bbox 944 1197 959 1222; x_wconf 89' lang='grc'><em>,</em></span> <span class='ocrx_word' id='word_1_72' title='bbox 992 1156 1089 1209; x_wconf 75' lang='grc' dir='ltr'><strong>καὶ</strong></span> <span class='ocrx_word' id='word_1_73' title='bbox 1146 1152 1311 1224; x_wconf 80' lang='grc' dir='ltr'>μηδὲν</span> <span class='ocrx_word' id='word_1_74' title='bbox 1352 1150 1416 1204; x_wconf 78' lang='grc' dir='ltr'>τὸ</span> <span class='ocrx_word' id='word_1_75' title='bbox 1466 1147 1685 1202; x_wconf 83' lang='grc' dir='ltr'>σύνολον</span> <span class='ocrx_word' id='word_1_76' title='bbox 1728 1145 1824 1199; x_wconf 72' lang='grc' dir='ltr'><strong>ἐπὶ</strong></span> <span class='ocrx_word' id='word_1_77' title='bbox 1868 1145 1974 1214; x_wconf 83' lang='grc' dir='ltr'>γῆς</span> 
     </span>
    </p>
   </div>
   <div class='ocr_carea' id='block_1_13' title="bbox 398 1239 1974 1328">
    <p class='ocr_par' dir='ltr' id='par_1_13' title="bbox 398 1239 1974 1328">
     <span class='ocr_line' id='line_1_13' title="bbox 398 1239 1974 1328; baseline -0.015 -15"><span class='ocrx_word' id='word_1_78' title='bbox 398 1257 736 1328; x_wconf 79' lang='grc' dir='ltr'><strong>κεκτημένος</strong></span> <span class='ocrx_word' id='word_1_79' title='bbox 775 1252 913 1320; x_wconf 82' lang='grc' dir='ltr'>πλὴν</span> <span class='ocrx_word' id='word_1_80' title='bbox 940 1248 1035 1303; x_wconf 91' lang='grc' dir='ltr'><strong>τοῦ</strong></span> <span class='ocrx_word' id='word_1_81' title='bbox 1062 1247 1318 1318; x_wconf 84' lang='grc' dir='ltr'>σώματος</span> <span class='ocrx_word' id='word_1_82' title='bbox 1345 1260 1361 1277; x_wconf 77' lang='grc' dir='ltr'><strong><em>ο</em></strong></span> <span class='ocrx_word' id='word_1_83' title='bbox 1399 1244 1495 1297; x_wconf 73' lang='grc' dir='ltr'>καὶ</span> <span class='ocrx_word' id='word_1_84' title='bbox 1525 1243 1628 1312; x_wconf 80' lang='grc' dir='ltr'><strong>τὴν</strong></span> <span class='ocrx_word' id='word_1_85' title='bbox 1662 1240 1801 1310; x_wconf 82' lang='grc' dir='ltr'>πρὸς</span> <span class='ocrx_word' id='word_1_86' title='bbox 1839 1239 1974 1292; x_wconf 78' lang='grc' dir='ltr'>αὐτὸ</span> 
     </span>
    </p>
   </div>
   <div class='ocr_carea' id='block_1_14' title="bbox 393 1330 1974 1419">
    <p class='ocr_par' dir='ltr' id='par_1_14' title="bbox 393 1330 1974 1419">
     <span class='ocr_line' id='line_1_14' title="bbox 393 1330 1974 1419; baseline -0.013 -17"><span class='ocrx_word' id='word_1_87' title='bbox 393 1349 453 1402; x_wconf 74' lang='grc' dir='ltr'>δὲ</span> <span class='ocrx_word' id='word_1_88' title='bbox 511 1347 695 1419; x_wconf 78' lang='grc' dir='ltr'><strong>σχέσιν</strong></span> <span class='ocrx_word' id='word_1_89' title='bbox 740 1342 1061 1415; x_wconf 70' lang='grc' dir='ltr'>διαρρήξας,</span> <span class='ocrx_word' id='word_1_90' title='bbox 1087 1338 1165 1409; x_wconf 86' lang='grc' dir='ltr'>τῷ</span> <span class='ocrx_word' id='word_1_91' title='bbox 1189 1336 1312 1407; x_wconf 80' lang='grc' dir='ltr'><strong>Θεῷ</strong></span> <span class='ocrx_word' id='word_1_92' title='bbox 1333 1336 1428 1389; x_wconf 73' lang='grc' dir='ltr'><strong>καὶ</strong></span> <span class='ocrx_word' id='word_1_93' title='bbox 1455 1335 1570 1397; x_wconf 79' lang='grc' dir='ltr'>τοῖς</span> <span class='ocrx_word' id='word_1_94' title='bbox 1596 1331 1849 1387; x_wconf 77' lang='grc' dir='ltr'>εὐσεϐέσι</span> <span class='ocrx_word' id='word_1_95' title='bbox 1873 1330 1974 1402; x_wconf 80' lang='grc' dir='ltr'><strong>τὴν</strong></span> 
     </span>
    </p>
   </div>
   <div class='ocr_carea' id='block_1_15' title="bbox 397 1429 1395 1502">
    <p class='ocr_par' dir='ltr' id='par_1_15' title="bbox 397 1429 1395 1502">
     <span class='ocr_line' id='line_1_15' title="bbox 397 1429 1395 1502; baseline -0.014 -7"><span class='ocrx_word' id='word_1_96' title='bbox 397 1438 589 1495; x_wconf 72' lang='grc' dir='ltr'>ἑαυτοῦ</span> <span class='ocrx_word' id='word_1_97' title='bbox 620 1437 1040 1492; x_wconf 81' lang='grc' dir='ltr'>κατεπίστευσεν</span> <span class='ocrx_word' id='word_1_98' title='bbox 1061 1429 1395 1502; x_wconf 84' lang='grc' dir='ltr'>οἰκονομίαν.</span> 
     </span>
    </p>
   </div>
   <div class='ocr_carea' id='block_1_16' title="bbox 468 1600 1977 1680">
    <p class='ocr_par' dir='ltr' id='par_1_16' title="bbox 468 1600 1977 1680">
     <span class='ocr_line' id='line_1_16' title="bbox 468 1600 1977 1680; baseline -0.011 -11"><span class='ocrx_word' id='word_1_99' title='bbox 468 1612 577 1669; x_wconf 81' lang='grc' dir='ltr'>πθ’.</span> <span class='ocrx_word' id='word_1_100' title='bbox 600 1611 721 1666; x_wconf 86' lang='grc' dir='ltr'>Τῶν</span> <span class='ocrx_word' id='word_1_101' title='bbox 755 1609 1055 1680; x_wconf 80' lang='grc' dir='ltr'>κτωμένων</span> <span class='ocrx_word' id='word_1_102' title='bbox 1101 1607 1152 1659; x_wconf 79' lang='grc' dir='ltr'>οἱ</span> <span class='ocrx_word' id='word_1_103' title='bbox 1195 1605 1293 1678; x_wconf 77' lang='grc' dir='ltr'>μὲν</span> <span class='ocrx_word' id='word_1_104' title='bbox 1322 1602 1549 1666; x_wconf 81' lang='grc' dir='ltr'>ἀπαθῶς</span> <span class='ocrx_word' id='word_1_105' title='bbox 1582 1601 1818 1656; x_wconf 78' lang='grc' dir='ltr'>κτῶνται</span> <span class='ocrx_word' id='word_1_106' title='bbox 1843 1617 1856 1630; x_wconf 76' lang='grc' dir='ltr'><strong>ο</strong></span> <span class='ocrx_word' id='word_1_107' title='bbox 1896 1600 1977 1654; x_wconf 82' lang='grc' dir='ltr'>διὸ</span> 
     </span>
    </p>
   </div>
   <div class='ocr_carea' id='block_1_17' title="bbox 399 1696 1970 1777">
    <p class='ocr_par' dir='ltr' id='par_1_17' title="bbox 399 1696 1970 1777">
     <span class='ocr_line' id='line_1_17' title="bbox 399 1696 1970 1777; baseline -0.009 -15"><span class='ocrx_word' id='word_1_108' title='bbox 399 1709 496 1763; x_wconf 75' lang='grc' dir='ltr'><strong>καὶ</strong></span> <span class='ocrx_word' id='word_1_109' title='bbox 523 1705 874 1777; x_wconf 81' lang='grc' dir='ltr'>στερούμενοι</span> <span class='ocrx_word' id='word_1_110' title='bbox 902 1702 1114 1766; x_wconf 83' lang='grc' dir='ltr'>αὐτῶν,</span> <span class='ocrx_word' id='word_1_111' title='bbox 1145 1701 1207 1754; x_wconf 82' lang='grc' dir='ltr'>οὐ</span> <span class='ocrx_word' id='word_1_112' title='bbox 1263 1697 1561 1753; x_wconf 81' lang='grc' dir='ltr'>λυποῦνται</span> <span class='ocrx_word' id='word_1_113' title='bbox 1589 1709 1604 1726; x_wconf 83' lang='grc'><strong><em>⁸</em></strong></span> <span class='ocrx_word' id='word_1_114' title='bbox 1641 1696 1717 1761; x_wconf 84' lang='grc' dir='ltr'>ὡς</span> <span class='ocrx_word' id='word_1_115' title='bbox 1762 1698 1814 1750; x_wconf 79' lang='lat' dir='ltr'><strong>oi</strong></span> <span class='ocrx_word' id='word_1_116' title='bbox 1867 1696 1970 1766; x_wconf 81' lang='grc' dir='ltr'><strong>τὴν</strong></span> 
     </span>
    </p>
   </div>
   <div class='ocr_carea' id='block_1_18' title="bbox 396 1790 1971 1870">
    <p class='ocr_par' dir='ltr' id='par_1_18' title="bbox 396 1790 1971 1870">
     <span class='ocr_line' id='line_1_18' title="bbox 396 1790 1971 1870; baseline -0.009 -15"><span class='ocrx_word' id='word_1_117' title='bbox 396 1800 654 1870; x_wconf 78' lang='grc' dir='ltr'>ἁρπαγὴν</span> <span class='ocrx_word' id='word_1_118' title='bbox 682 1797 790 1851; x_wconf 90' lang='grc' dir='ltr'><strong>τῶν</strong></span> <span class='ocrx_word' id='word_1_119' title='bbox 818 1794 1172 1867; x_wconf 81' lang='grc' dir='ltr'>ὑπαρχόντων</span> <span class='ocrx_word' id='word_1_120' title='bbox 1207 1793 1395 1856; x_wconf 82' lang='grc' dir='ltr'>αὐτοῖς</span> <span class='ocrx_word' id='word_1_121' title='bbox 1429 1790 1569 1862; x_wconf 76' lang='grc' dir='ltr'>μετὰ</span> <span class='ocrx_word' id='word_1_122' title='bbox 1598 1791 1773 1861; x_wconf 75' lang='grc' dir='ltr'>χαρᾶς</span> <span class='ocrx_word' id='word_1_123' title='bbox 1802 1806 1971 1861; x_wconf 86' lang='grc' dir='ltr'>προσ-</span> 
     </span>
    </p>
   </div>
   <div class='ocr_carea' id='block_1_19' title="bbox 398 1882 1973 1962">
    <p class='ocr_par' dir='ltr' id='par_1_19' title="bbox 398 1882 1973 1962">
     <span class='ocr_line' id='line_1_19' title="bbox 398 1882 1973 1962; baseline -0.006 -17"><span class='ocrx_word' id='word_1_124' title='bbox 398 1889 699 1962; x_wconf 78' lang='grc' dir='ltr'>δεξάμενοι.</span> <span class='ocrx_word' id='word_1_125' title='bbox 728 1891 792 1943; x_wconf 77' lang='lat' dir='ltr'><strong>Oi</strong></span> <span class='ocrx_word' id='word_1_126' title='bbox 819 1888 878 1942; x_wconf 78' lang='grc' dir='ltr'>δὲ</span> <span class='ocrx_word' id='word_1_127' title='bbox 911 1886 1176 1959; x_wconf 72' lang='grc' dir='ltr'>ἐμπαθῶς</span> <span class='ocrx_word' id='word_1_128' title='bbox 1205 1884 1448 1939; x_wconf 77' lang='grc' dir='ltr'>κτῶνται</span> <span class='ocrx_word' id='word_1_129' title='bbox 1474 1897 1491 1915; x_wconf 86' lang='grc'>⁶</span> <span class='ocrx_word' id='word_1_130' title='bbox 1517 1882 1652 1937; x_wconf 83' lang='grc' dir='ltr'>διότι</span> <span class='ocrx_word' id='word_1_131' title='bbox 1685 1882 1973 1954; x_wconf 80' lang='grc' dir='ltr'>μέλλοντες</span> 
     </span>
    </p>
   </div>
   <div class='ocr_carea' id='block_1_20' title="bbox 366 1974 1976 2054">
    <p class='ocr_par' dir='ltr' id='par_1_20' title="bbox 366 1974 1976 2054">
     <span class='ocr_line' id='line_1_20' title="bbox 366 1974 1976 2054; baseline -0.006 -18"><span class='ocrx_word' id='word_1_132' title='bbox 366 2001 380 2015; x_wconf 86' lang='grc'><strong>·</strong></span> <span class='ocrx_word' id='word_1_133' title='bbox 400 1981 732 2054; x_wconf 76' lang='grc' dir='ltr'>στερεῖσθαι,</span> <span class='ocrx_word' id='word_1_134' title='bbox 771 1979 1064 2050; x_wconf 84' lang='grc' dir='ltr'>περίλυποι</span> <span class='ocrx_word' id='word_1_135' title='bbox 1122 1979 1368 2048; x_wconf 88' lang='grc' dir='ltr'>γίνονται</span> <span class='ocrx_word' id='word_1_136' title='bbox 1408 1993 1423 2010; x_wconf 78' lang='grc' dir='ltr'><strong>ο</strong></span> <span class='ocrx_word' id='word_1_137' title='bbox 1451 1976 1529 2040; x_wconf 84' lang='grc' dir='ltr'>ὡς</span> <span class='ocrx_word' id='word_1_138' title='bbox 1555 1977 1585 2030; x_wconf 86' lang='grc' dir='ltr'><strong>ό</strong></span> <span class='ocrx_word' id='word_1_139' title='bbox 1610 1976 1669 2030; x_wconf 65' lang='grc' dir='ltr'>ἐν</span> <span class='ocrx_word' id='word_1_140' title='bbox 1696 1974 1774 2045; x_wconf 88' lang='grc' dir='ltr'>τῷ</span> <span class='ocrx_word' id='word_1_141' title='bbox 1800 1975 1976 2043; x_wconf 83' lang='grc' dir='ltr'>Εὐαγ-</span> 
     </span>
    </p>
   </div>
   <div class='ocr_carea' id='block_1_21' title="bbox 398 2065 1975 2147">
    <p class='ocr_par' dir='ltr' id='par_1_21' title="bbox 398 2065 1975 2147">
     <span class='ocr_line' id='line_1_21' title="bbox 398 2065 1975 2147; baseline -0.008 -18"><span class='ocrx_word' id='word_1_142' title='bbox 398 2076 564 2147; x_wconf 81' lang='grc' dir='ltr'>γελίῳ</span> <span class='ocrx_word' id='word_1_143' title='bbox 576 2074 848 2139; x_wconf 78' lang='grc' dir='ltr'>πλούσιος,</span> <span class='ocrx_word' id='word_1_144' title='bbox 879 2070 1121 2140; x_wconf 71' lang='grc' dir='ltr'>ἀπῆλθε</span> <span class='ocrx_word' id='word_1_145' title='bbox 1139 2070 1545 2137; x_wconf 81' lang='grc' dir='ltr'>λυπούμενος.</span> <span class='ocrx_word' id='word_1_146' title='bbox 1570 2067 1633 2119; x_wconf 83' lang='grc' dir='ltr'>Εί</span> <span class='ocrx_word' id='word_1_147' title='bbox 1656 2065 1712 2119; x_wconf 76' lang='grc' dir='ltr'>δὲ</span> <span class='ocrx_word' id='word_1_148' title='bbox 1728 2065 1825 2120; x_wconf 76' lang='grc' dir='ltr'><strong>καὶ</strong></span> <span class='ocrx_word' id='word_1_149' title='bbox 1848 2082 1975 2119; x_wconf 86' lang='grc' dir='ltr'>στε-</span> 
     </span>
    </p>
   </div>
   <div class='ocr_carea' id='block_1_22' title="bbox 402 2154 1979 2235">
    <p class='ocr_par' dir='ltr' id='par_1_22' title="bbox 402 2154 1979 2235">
     <span class='ocr_line' id='line_1_22' title="bbox 402 2154 1979 2235; baseline -0.005 -17"><span class='ocrx_word' id='word_1_150' title='bbox 402 2163 643 2235; x_wconf 85' lang='grc' dir='ltr'>ροῦνται,</span> <span class='ocrx_word' id='word_1_151' title='bbox 692 2163 857 2235; x_wconf 87' lang='grc' dir='ltr'>μέχρι</span> <span class='ocrx_word' id='word_1_152' title='bbox 909 2160 1142 2215; x_wconf 83' lang='grc' dir='ltr'>θανάτου</span> <span class='ocrx_word' id='word_1_153' title='bbox 1192 2158 1507 2213; x_wconf 79' lang='grc' dir='ltr'>λυποῦνται.</span> <span class='ocrx_word' id='word_1_154' title='bbox 1535 2156 1643 2210; x_wconf 90' lang='grc' dir='ltr'>Τοῦ</span> <span class='ocrx_word' id='word_1_155' title='bbox 1692 2154 1786 2211; x_wconf 79' lang='grc' dir='ltr'><strong>οὖν</strong></span> <span class='ocrx_word' id='word_1_156' title='bbox 1836 2157 1979 2211; x_wconf 81' lang='grc' dir='ltr'>ἀπα·</span> 
     </span>
    </p>
   </div>
   <div class='ocr_carea' id='block_1_23' title="bbox 397 2247 1978 2323">
    <p class='ocr_par' dir='ltr' id='par_1_23' title="bbox 397 2247 1978 2323">
     <span class='ocr_line' id='line_1_23' title="bbox 397 2247 1978 2323; baseline -0.003 -15"><span class='ocrx_word' id='word_1_157' title='bbox 397 2254 526 2319; x_wconf 87' lang='grc' dir='ltr'>θοῦς</span> <span class='ocrx_word' id='word_1_158' title='bbox 578 2250 671 2308; x_wconf 70' lang='grc' dir='ltr'>καὶ</span> <span class='ocrx_word' id='word_1_159' title='bbox 719 2252 815 2307; x_wconf 89' lang='grc' dir='ltr'><strong>τοῦ</strong></span> <span class='ocrx_word' id='word_1_160' title='bbox 864 2251 1147 2323; x_wconf 78' lang='grc' dir='ltr'>ἑμπαθοῦς</span> <span class='ocrx_word' id='word_1_161' title='bbox 1192 2250 1293 2322; x_wconf 83' lang='grc' dir='ltr'>τὴν</span> <span class='ocrx_word' id='word_1_162' title='bbox 1340 2249 1582 2305; x_wconf 81' lang='grc' dir='ltr'>διάθεσιν</span> <span class='ocrx_word' id='word_1_163' title='bbox 1666 2250 1701 2319; x_wconf 84' lang='grc' dir='ltr'><strong>ἡ</strong></span> <span class='ocrx_word' id='word_1_164' title='bbox 1781 2247 1978 2319; x_wconf 81' lang='grc' dir='ltr'>στέρη-</span> 
     </span>
    </p>
   </div>
   <div class='ocr_carea' id='block_1_24' title="bbox 392 2343 751 2414">
    <p class='ocr_par' dir='ltr' id='par_1_24' title="bbox 392 2343 751 2414">
     <span class='ocr_line' id='line_1_24' title="bbox 392 2343 751 2414; baseline 0.006 -17"><span class='ocrx_word' id='word_1_165' title='bbox 392 2361 488 2409; x_wconf 83' lang='grc' dir='ltr'><strong>σις</strong></span> <span class='ocrx_word' id='word_1_166' title='bbox 521 2343 751 2414; x_wconf 73' lang='grc' dir='ltr'>ἐλέγχει.</span> 
     </span>
    </p>
   </div>
   <div class='ocr_carea' id='block_1_25' title="bbox 467 2517 1977 2590">
    <p class='ocr_par' dir='ltr' id='par_1_25' title="bbox 467 2517 1977 2590">
     <span class='ocr_line' id='line_1_25' title="bbox 467 2517 1977 2590; baseline -0.003 -14"><span class='ocrx_word' id='word_1_167' title='bbox 467 2525 540 2590; x_wconf 57' lang='grc' dir='ltr'>ιε.</span> <span class='ocrx_word' id='word_1_168' title='bbox 573 2520 712 2584; x_wconf 82' lang='grc' dir='ltr'>Τοὺς</span> <span class='ocrx_word' id='word_1_169' title='bbox 759 2519 859 2590; x_wconf 78' lang='grc' dir='ltr'>μὲν</span> <span class='ocrx_word' id='word_1_170' title='bbox 901 2519 1089 2589; x_wconf 79' lang='grc' dir='ltr'>ἄκρως</span> <span class='ocrx_word' id='word_1_171' title='bbox 1161 2518 1632 2588; x_wconf 84' lang='grc' dir='ltr'>προσευχομένους</span> <span class='ocrx_word' id='word_1_172' title='bbox 1677 2517 1768 2589; x_wconf 79' lang='lat' dir='ltr'><strong>(f)</strong></span> <span class='ocrx_word' id='word_1_173' title='bbox 1817 2518 1977 2572; x_wconf 81' lang='grc' dir='ltr'>πολε-</span> 
     </span>
    </p>
   </div>
   <div class='ocr_carea' id='block_1_26' title="bbox 400 2605 1980 2684">
    <p class='ocr_par' dir='ltr' id='par_1_26' title="bbox 400 2605 1980 2684">
     <span class='ocr_line' id='line_1_26' title="bbox 400 2605 1980 2684; baseline -0.003 -19"><span class='ocrx_word' id='word_1_174' title='bbox 400 2610 594 2684; x_wconf 92' lang='grc' dir='ltr'>μοῦσιν</span> <span class='ocrx_word' id='word_1_175' title='bbox 631 2611 680 2663; x_wconf 92' lang='grc' dir='ltr'><strong>οί</strong></span> <span class='ocrx_word' id='word_1_176' title='bbox 711 2609 986 2679; x_wconf 77' lang='grc' dir='ltr'>δαίμονες,</span> <span class='ocrx_word' id='word_1_177' title='bbox 1040 2608 1127 2661; x_wconf 84' lang='grc' dir='ltr'>τνα</span> <span class='ocrx_word' id='word_1_178' title='bbox 1168 2607 1238 2661; x_wconf 76' lang='grc' dir='ltr'>τὰ</span> <span class='ocrx_word' id='word_1_179' title='bbox 1271 2608 1520 2677; x_wconf 82' lang='grc' dir='ltr'>νοήματα</span> <span class='ocrx_word' id='word_1_180' title='bbox 1549 2605 1657 2661; x_wconf 87' lang='grc' dir='ltr'><strong>τῶν</strong></span> <span class='ocrx_word' id='word_1_181' title='bbox 1706 2608 1980 2678; x_wconf 87' lang='grc' dir='ltr'>αἰσθητῶν</span> 
     </span>
    </p>
   </div>
   <div class='ocr_carea' id='block_1_27' title="bbox 398 2698 1980 2775">
    <p class='ocr_par' dir='ltr' id='par_1_27' title="bbox 398 2698 1980 2775">
     <span class='ocr_line' id='line_1_27' title="bbox 398 2698 1980 2775; baseline -0.003 -18"><span class='ocrx_word' id='word_1_182' title='bbox 398 2702 741 2775; x_wconf 85' lang='grc' dir='ltr'>πραγμάτων</span> <span class='ocrx_word' id='word_1_183' title='bbox 796 2700 929 2770; x_wconf 78' lang='grc' dir='ltr'>ψιλὰ</span> <span class='ocrx_word' id='word_1_184' title='bbox 961 2700 1037 2771; x_wconf 84' lang='grc' dir='ltr'>μὴ</span> <span class='ocrx_word' id='word_1_185' title='bbox 1072 2698 1532 2770; x_wconf 76' lang='grc' dir='ltr'>ἀναλαμϐάνωσιο</span> <span class='ocrx_word' id='word_1_186' title='bbox 1571 2700 1699 2763; x_wconf 83' lang='grc' dir='ltr'>τοὺς</span> <span class='ocrx_word' id='word_1_187' title='bbox 1741 2698 1799 2753; x_wconf 77' lang='grc' dir='ltr'>δὲ</span> <span class='ocrx_word' id='word_1_188' title='bbox 1840 2717 1980 2769; x_wconf 88' lang='grc' dir='ltr'>γνω-</span> 
     </span>
    </p>
   </div>
   <div class='ocr_carea' id='block_1_28' title="bbox 401 2791 1981 2863">
    <p class='ocr_par' dir='ltr' id='par_1_28' title="bbox 401 2791 1981 2863">
     <span class='ocr_line' id='line_1_28' title="bbox 401 2791 1981 2863; baseline 0 -14"><span class='ocrx_word' id='word_1_189' title='bbox 401 2796 639 2859; x_wconf 83' lang='grc' dir='ltr'>στικοὺς,</span> <span class='ocrx_word' id='word_1_190' title='bbox 676 2794 764 2848; x_wconf 85' lang='grc' dir='ltr'><strong>ῐνα</strong></span> <span class='ocrx_word' id='word_1_191' title='bbox 800 2793 1187 2863; x_wconf 73' lang='grc' dir='ltr'>ὲγχρονίξωσιν</span> <span class='ocrx_word' id='word_1_192' title='bbox 1212 2791 1272 2845; x_wconf 75' lang='grc' dir='ltr'>ὲν</span> <span class='ocrx_word' id='word_1_193' title='bbox 1301 2791 1488 2855; x_wconf 82' lang='grc' dir='ltr'>αὐτοῖς</span> <span class='ocrx_word' id='word_1_194' title='bbox 1516 2793 1566 2845; x_wconf 86' lang='grc' dir='ltr'>οῑ</span> <span class='ocrx_word' id='word_1_195' title='bbox 1595 2791 1868 2861; x_wconf 71' lang='grc' dir='ltr'>ὶμπαθεῖς</span> <span class='ocrx_word' id='word_1_196' title='bbox 1894 2791 1981 2849; x_wconf 84' lang='grc' dir='ltr'>λο-</span> 
     </span>
    </p>
   </div>
   <div class='ocr_carea' id='block_1_29' title="bbox 397 2880 1983 2957">
    <p class='ocr_par' dir='ltr' id='par_1_29' title="bbox 397 2880 1983 2957">
     <span class='ocr_line' id='line_1_29' title="bbox 397 2880 1983 2957; baseline -0.003 -17"><span class='ocrx_word' id='word_1_197' title='bbox 397 2886 585 2957; x_wconf 82' lang='grc' dir='ltr'>γισμοί</span> <span class='ocrx_word' id='word_1_198' title='bbox 609 2900 623 2914; x_wconf 88' lang='grc'><strong>·</strong></span> <span class='ocrx_word' id='word_1_199' title='bbox 649 2885 774 2948; x_wconf 78' lang='grc' dir='ltr'>τοὺς</span> <span class='ocrx_word' id='word_1_200' title='bbox 800 2884 858 2937; x_wconf 85' lang='grc' dir='ltr'>δὲ</span> <span class='ocrx_word' id='word_1_201' title='bbox 892 2883 1020 2955; x_wconf 82' lang='grc' dir='ltr'>περὶ</span> <span class='ocrx_word' id='word_1_202' title='bbox 1051 2883 1149 2954; x_wconf 79' lang='grc' dir='ltr'>τὴν</span> <span class='ocrx_word' id='word_1_203' title='bbox 1179 2881 1379 2953; x_wconf 76' lang='grc' dir='ltr'>πρᾶξιν</span> <span class='ocrx_word' id='word_1_204' title='bbox 1402 2880 1861 2951; x_wconf 77' lang='grc' dir='ltr'>ἀγωνιζομένους,</span> <span class='ocrx_word' id='word_1_205' title='bbox 1893 2880 1983 2936; x_wconf 81' lang='grc' dir='ltr'><strong>ῐνα</strong></span> 
     </span>
    </p>
   </div>
   <div class='ocr_carea' id='block_1_30' title="bbox 397 2973 1980 3044">
    <p class='ocr_par' dir='ltr' id='par_1_30' title="bbox 397 2973 1980 3044">
     <span class='ocr_line' id='line_1_30' title="bbox 397 2973 1980 3044; baseline -0.002 -13"><span class='ocrx_word' id='word_1_206' title='bbox 397 2978 661 3032; x_wconf 81' lang='grc' dir='ltr'>πείσωσιν</span> <span class='ocrx_word' id='word_1_207' title='bbox 711 2976 910 3039; x_wconf 79' lang='grc' dir='ltr'>αὐτοὺς</span> <span class='ocrx_word' id='word_1_208' title='bbox 942 2975 1064 3028; x_wconf 82' lang='grc' dir='ltr'>κατ’</span> <span class='ocrx_word' id='word_1_209' title='bbox 1105 2973 1391 3044; x_wconf 78' lang='grc' dir='ltr'>ἐνέργειαν</span> <span class='ocrx_word' id='word_1_210' title='bbox 1419 2973 1755 3044; x_wconf 82' lang='grc' dir='ltr'>ἁμαρτάνειν</span> <span class='ocrx_word' id='word_1_211' title='bbox 1775 2990 1788 3005; x_wconf 89' lang='grc'>·</span> <span class='ocrx_word' id='word_1_212' title='bbox 1819 2973 1980 3028; x_wconf 80' lang='grc' dir='ltr'>παντὶ</span> 
     </span>
    </p>
   </div>
   <div class='ocr_carea' id='block_1_31' title="bbox 393 3061 1978 3138">
    <p class='ocr_par' dir='ltr' id='par_1_31' title="bbox 393 3061 1978 3138">
     <span class='ocr_line' id='line_1_31' title="bbox 393 3061 1978 3138; baseline -0.002 -18"><span class='ocrx_word' id='word_1_213' title='bbox 393 3065 454 3123; x_wconf 79' lang='grc' dir='ltr'>δὲ</span> <span class='ocrx_word' id='word_1_214' title='bbox 471 3067 656 3138; x_wconf 82' lang='grc' dir='ltr'>τρόπῳ</span> <span class='ocrx_word' id='word_1_215' title='bbox 699 3064 832 3137; x_wconf 75' lang='grc' dir='ltr'>πρὸς</span> <span class='ocrx_word' id='word_1_216' title='bbox 854 3065 1063 3128; x_wconf 82' lang='grc' dir='ltr'>πάντας</span> <span class='ocrx_word' id='word_1_217' title='bbox 1084 3063 1467 3132; x_wconf 76' lang='grc' dir='ltr'>ἀγωνίζονται,</span> <span class='ocrx_word' id='word_1_218' title='bbox 1488 3063 1577 3117; x_wconf 75' lang='grc' dir='ltr'><strong>ἵνα</strong></span> <span class='ocrx_word' id='word_1_219' title='bbox 1598 3063 1705 3117; x_wconf 84' lang='grc' dir='ltr'>ἀπὸ</span> <span class='ocrx_word' id='word_1_220' title='bbox 1726 3062 1822 3117; x_wconf 89' lang='grc' dir='ltr'><strong>τοῦ</strong></span> <span class='ocrx_word' id='word_1_221' title='bbox 1842 3061 1978 3129; x_wconf 85' lang='grc' dir='ltr'>Θεοῦ</span> 
     </span>
    </p>
   </div>
   <div class='ocr_carea' id='block_1_32' title="bbox 396 3156 1521 3229">
    <p class='ocr_par' dir='ltr' id='par_1_32' title="bbox 396 3156 1521 3229">
     <span class='ocr_line' id='line_1_32' title="bbox 396 3156 1521 3229; baseline -0.004 -15"><span class='ocrx_word' id='word_1_222' title='bbox 396 3159 450 3213; x_wconf 85' lang='grc' dir='ltr'><strong>οί</strong></span> <span class='ocrx_word' id='word_1_223' title='bbox 470 3158 690 3214; x_wconf 85' lang='grc' dir='ltr'>δείλαιοι</span> <span class='ocrx_word' id='word_1_224' title='bbox 713 3160 841 3224; x_wconf 82' lang='grc' dir='ltr'>τοὺς</span> <span class='ocrx_word' id='word_1_225' title='bbox 873 3156 1195 3229; x_wconf 82' lang='grc' dir='ltr'>ἀνθρώπους</span> <span class='ocrx_word' id='word_1_226' title='bbox 1220 3157 1521 3227; x_wconf 86' lang='grc' dir='ltr'>χωρίσωσι.</span> 
     </span>
    </p>
   </div>
   <div class='ocr_carea' id='block_1_33' title="bbox 467 3412 1977 3486">
    <p class='ocr_par' dir='ltr' id='par_1_33' title="bbox 467 3412 1977 3486">
     <span class='ocr_line' id='line_1_33' title="bbox 467 3412 1977 3486; baseline -0.003 -15"><span class='ocrx_word' id='word_1_227' title='bbox 467 3421 578 3486; x_wconf 70' lang='grc' dir='ltr'>ιια’.</span> <span class='ocrx_word' id='word_1_228' title='bbox 611 3417 675 3471; x_wconf 79' lang='grc' dir='ltr'><strong>ΟΞ</strong></span> <span class='ocrx_word' id='word_1_229' title='bbox 723 3414 865 3471; x_wconf 81' lang='grc' dir='ltr'>κατὰ</span> <span class='ocrx_word' id='word_1_230' title='bbox 905 3413 998 3469; x_wconf 79' lang='grc' dir='ltr'>τὸν</span> <span class='ocrx_word' id='word_1_231' title='bbox 1028 3413 1143 3485; x_wconf 86' lang='grc' dir='ltr'>βίον</span> <span class='ocrx_word' id='word_1_232' title='bbox 1180 3412 1371 3468; x_wconf 90' lang='grc' dir='ltr'>τοῦτον</span> <span class='ocrx_word' id='word_1_233' title='bbox 1394 3414 1501 3467; x_wconf 74' lang='grc' dir='ltr'>ὑπὸ</span> <span class='ocrx_word' id='word_1_234' title='bbox 1530 3413 1630 3482; x_wconf 86' lang='grc' dir='ltr'>τῆς</span> <span class='ocrx_word' id='word_1_235' title='bbox 1652 3412 1804 3477; x_wconf 84' lang='grc' dir='ltr'>θείας</span> <span class='ocrx_word' id='word_1_236' title='bbox 1845 3430 1977 3484; x_wconf 87' lang='grc' dir='ltr'>προ-</span> 
     </span>
    </p>
   </div>
   <div class='ocr_carea' id='block_1_34' title="bbox 395 3504 1975 3577">
    <p class='ocr_par' dir='ltr' id='par_1_34' title="bbox 395 3504 1975 3577">
     <span class='ocr_line' id='line_1_34' title="bbox 395 3504 1975 3577; baseline -0.002 -14"><span class='ocrx_word' id='word_1_237' title='bbox 395 3507 548 3573; x_wconf 80' lang='grc' dir='ltr'>νοίας</span> <span class='ocrx_word' id='word_1_238' title='bbox 577 3508 658 3572; x_wconf 89' lang='grc' dir='ltr'><strong>είς</strong></span> <span class='ocrx_word' id='word_1_239' title='bbox 687 3507 970 3562; x_wconf 78' lang='grc' dir='ltr'>εὐσέϐειαν</span> <span class='ocrx_word' id='word_1_240' title='bbox 1019 3505 1512 3576; x_wconf 79' lang='grc' dir='ltr'>ὲγγυμναζόμενοι,</span> <span class='ocrx_word' id='word_1_241' title='bbox 1540 3504 1631 3558; x_wconf 77' lang='grc' dir='ltr'>διὰ</span> <span class='ocrx_word' id='word_1_242' title='bbox 1669 3505 1779 3559; x_wconf 90' lang='grc' dir='ltr'><strong>τῶν</strong></span> <span class='ocrx_word' id='word_1_243' title='bbox 1808 3505 1975 3577; x_wconf 89' lang='grc' dir='ltr'>τριῶν</span> 
     </span>
    </p>
   </div>
   <div class='ocr_carea' id='block_1_35' title="bbox 394 3591 1975 3673">
    <p class='ocr_par' dir='ltr' id='par_1_35' title="bbox 394 3591 1975 3673">
     <span class='ocr_line' id='line_1_35' title="bbox 394 3591 1975 3673; baseline -0.002 -20"><span class='ocrx_word' id='word_1_244' title='bbox 394 3598 602 3653; x_wconf 82' lang='grc' dir='ltr'>τούτων</span> <span class='ocrx_word' id='word_1_245' title='bbox 622 3600 943 3673; x_wconf 84' lang='grc' dir='ltr'>πειρασμῶν</span> <span class='ocrx_word' id='word_1_246' title='bbox 970 3595 1381 3669; x_wconf 76' lang='grc' dir='ltr'>δοκιμάζονταιο</span> <span class='ocrx_word' id='word_1_247' title='bbox 1411 3591 1544 3661; x_wconf 72' lang='grc' dir='ltr'>οἷον,</span> <span class='ocrx_word' id='word_1_248' title='bbox 1577 3597 1610 3668; x_wconf 83' lang='grc' dir='ltr'>ἢ</span> <span class='ocrx_word' id='word_1_249' title='bbox 1642 3597 1730 3651; x_wconf 81' lang='grc' dir='ltr'><strong>διά</strong></span> <span class='ocrx_word' id='word_1_250' title='bbox 1748 3598 1845 3667; x_wconf 84' lang='grc' dir='ltr'><strong>τῆς</strong></span> <span class='ocrx_word' id='word_1_251' title='bbox 1868 3597 1975 3651; x_wconf 87' lang='grc' dir='ltr'><strong>τῶν</strong></span> 
     </span>
    </p>
   </div>
   <div class='ocr_carea' id='block_1_36' title="bbox 395 3687 1977 3762">
    <p class='ocr_par' dir='ltr' id='par_1_36' title="bbox 395 3687 1977 3762">
     <span class='ocr_line' id='line_1_36' title="bbox 395 3687 1977 3762; baseline -0.003 -17"><span class='ocrx_word' id='word_1_252' title='bbox 395 3690 565 3762; x_wconf 82' lang='grc' dir='ltr'>ἡδέων</span> <span class='ocrx_word' id='word_1_253' title='bbox 594 3690 815 3757; x_wconf 83' lang='grc' dir='ltr'>δόσεως,</span> <span class='ocrx_word' id='word_1_254' title='bbox 846 3690 923 3754; x_wconf 84' lang='grc' dir='ltr'><strong>ὡς</strong></span> <span class='ocrx_word' id='word_1_255' title='bbox 951 3689 1045 3742; x_wconf 72' lang='grc' dir='ltr'><strong>ἐπὶ</strong></span> <span class='ocrx_word' id='word_1_256' title='bbox 1073 3689 1262 3756; x_wconf 80' lang='grc' dir='ltr'>ὑγείας</span> <span class='ocrx_word' id='word_1_257' title='bbox 1294 3688 1388 3741; x_wconf 78' lang='grc' dir='ltr'>καὶ</span> <span class='ocrx_word' id='word_1_258' title='bbox 1428 3687 1658 3750; x_wconf 82' lang='grc' dir='ltr'>κάλλους</span> <span class='ocrx_word' id='word_1_259' title='bbox 1690 3689 1784 3741; x_wconf 79' lang='grc' dir='ltr'>καὶ</span> <span class='ocrx_word' id='word_1_260' title='bbox 1828 3689 1977 3742; x_wconf 82' lang='grc' dir='ltr'>εὐτε-</span> 
     </span>
    </p>
   </div>
   <div class='ocr_carea' id='block_1_37' title="bbox 467 3819 1537 3890">
    <p class='ocr_par' dir='ltr' id='par_1_37' title="bbox 467 3819 1537 3890">
     <span class='ocr_line' id='line_1_37' title="bbox 467 3819 1537 3890; baseline -0.007 -8"><span class='ocrx_word' id='word_1_261' title='bbox 467 3826 513 3859; x_wconf 80' lang='grc'><strong>⁸⁸</strong></span> <span class='ocrx_word' id='word_1_262' title='bbox 547 3824 717 3881; x_wconf 78' lang='lat' dir='ltr'><strong>Hebr.</strong></span> <span class='ocrx_word' id='word_1_263' title='bbox 748 3839 803 3890; x_wconf 72' lang='grc' dir='ltr'><strong>ι,</strong></span> <span class='ocrx_word' id='word_1_264' title='bbox 835 3823 923 3878; x_wconf 72' lang='grc'><strong>54.</strong></span> <span class='ocrx_word' id='word_1_265' title='bbox 1000 3822 1046 3854; x_wconf 78' lang='grc'><strong>⁸⁸</strong></span> <span class='ocrx_word' id='word_1_266' title='bbox 1077 3820 1270 3876; x_wconf 82' lang='lat' dir='ltr'><strong>Matth.</strong></span> <span class='ocrx_word' id='word_1_267' title='bbox 1307 3837 1415 3886; x_wconf 74' lang='lat' dir='ltr'><strong>xu,</strong></span> <span class='ocrx_word' id='word_1_268' title='bbox 1448 3819 1537 3875; x_wconf 73' lang='lat'><strong>22.</strong></span> 
     </span>
    </p>
   </div>
   <div class='ocr_carea' id='block_1_38' title="bbox 395 3961 1973 4038">
    <p class='ocr_par' dir='ltr' id='par_1_38' title="bbox 395 3961 1973 4038">
     <span class='ocr_line' id='line_1_38' title="bbox 395 3961 1973 4038; baseline -0.001 -18"><span class='ocrx_word' id='word_1_269' title='bbox 395 3965 660 4038; x_wconf 82' lang='lat' dir='ltr'><strong>ponitque</strong></span> <span class='ocrx_word' id='word_1_270' title='bbox 692 3963 927 4038; x_wconf 70' lang='lat' dir='ltr'><strong>Tan-gum</strong></span> <span class='ocrx_word' id='word_1_271' title='bbox 948 3961 1357 4038; x_wconf 49' lang='lat' dir='ltr'><strong>aneloslfum</strong></span> <span class='ocrx_word' id='word_1_272' title='bbox 1376 3963 1555 4038; x_wconf 48' lang='lat' dir='ltr'><strong>herbis</strong></span> <span class='ocrx_word' id='word_1_273' title='bbox 1591 3964 1830 4038; x_wconf 67' lang='lat' dir='ltr'><strong>amaris;</strong></span> <span class='ocrx_word' id='word_1_274' title='bbox 1863 3963 1973 4019; x_wconf 84' lang='lat' dir='ltr'><strong>sic-</strong></span> 
     </span>
    </p>
   </div>
   <div class='ocr_carea' id='block_1_39' title="bbox 436 4031 1970 4103">
    <p class='ocr_par' dir='ltr' id='par_1_39' title="bbox 436 4031 1970 4103">
     <span class='ocr_line' id='line_1_39' title="bbox 436 4031 1970 4103; baseline -0.001 -12"><span class='ocrx_word' id='word_1_275' title='bbox 436 4051 505 4091; x_wconf 90' lang='lat' dir='ltr'><strong>ue</strong></span> <span class='ocrx_word' id='word_1_276' title='bbox 536 4031 704 4090; x_wconf 77' lang='lat' dir='ltr'><strong>etiam</strong></span> <span class='ocrx_word' id='word_1_277' title='bbox 743 4031 855 4088; x_wconf 79' lang='lat' dir='ltr'><strong>Leo</strong></span> <span class='ocrx_word' id='word_1_278' title='bbox 878 4032 1050 4089; x_wconf 86' lang='lat' dir='ltr'><strong>Judas</strong></span> <span class='ocrx_word' id='word_1_279' title='bbox 1076 4033 1132 4103; x_wconf 89' lang='lat' dir='ltr'><strong>in</strong></span> <span class='ocrx_word' id='word_1_280' title='bbox 1178 4032 1331 4103; x_wconf 79' lang='lat' dir='ltr'><strong>Bibl.</strong></span> <span class='ocrx_word' id='word_1_281' title='bbox 1376 4031 1600 4103; x_wconf 85' lang='lat' dir='ltr'><strong>Tigur.;</strong></span> <span class='ocrx_word' id='word_1_282' title='bbox 1643 4032 1970 4103; x_wconf 86' lang='lat' dir='ltr'><strong>Cyprianus,</strong></span> 
     </span>
    </p>
   </div>
   <div class='ocr_carea' id='block_1_40' title="bbox 395 4053 1974 4175">
    <p class='ocr_par' dir='ltr' id='par_1_40' title="bbox 395 4053 1974 4175">
     <span class='ocr_line' id='line_1_40' title="bbox 436 4053 1970 4103; baseline -0.001 -12"><span class='ocrx_word' id='word_1_283' title='bbox 436 4053 505 4091; x_wconf 85' lang='lat' dir='ltr'><strong>ue</strong></span> <span class='ocrx_word' id='word_1_284' title='bbox 536 4053 704 4090; x_wconf 76' lang='lat' dir='ltr'><strong>etiam</strong></span> <span class='ocrx_word' id='word_1_285' title='bbox 745 4053 855 4088; x_wconf 75' lang='lat' dir='ltr'><strong>L80</strong></span> <span class='ocrx_word' id='word_1_286' title='bbox 878 4053 1050 4089; x_wconf 77' lang='lat' dir='ltr'><strong>Juuas</strong></span> <span class='ocrx_word' id='word_1_287' title='bbox 1076 4053 1132 4087; x_wconf 83' lang='lat' dir='ltr'><strong>1n</strong></span> <span class='ocrx_word' id='word_1_288' title='bbox 1178 4053 1320 4087; x_wconf 82' lang='lat' dir='ltr'><strong>DIDI.</strong></span> <span class='ocrx_word' id='word_1_289' title='bbox 1387 4053 1600 4103; x_wconf 74' lang='lat' dir='ltr'><strong>llgUl‘.;</strong></span> <span class='ocrx_word' id='word_1_290' title='bbox 1643 4053 1970 4103; x_wconf 66' lang='lat' dir='ltr'><strong>uyprtanus,</strong></span> 
     </span>
     <span class='ocr_line' id='line_1_41' title="bbox 395 4053 1974 4175; baseline -0.001 -15"><span class='ocrx_word' id='word_1_291' title='bbox 395 4053 528 4162; x_wconf 57' lang='lat' dir='ltr'><strong>gum</strong></span> <span class='ocrx_word' id='word_1_292' title='bbox 549 4104 834 4175; x_wconf 76' lang='lat' dir='ltr'><strong>picridibus</strong></span> <span class='ocrx_word' id='word_1_293' title='bbox 887 4101 1556 4175; x_wconf 77' lang='lat' dir='ltr'><strong>edent;_Syxt._interpr.</strong></span> <span class='ocrx_word' id='word_1_294' title='bbox 1602 4103 1766 4172; x_wconf 92' lang='lat' dir='ltr'><strong>paulo</strong></span> <span class='ocrx_word' id='word_1_295' title='bbox 1829 4102 1974 4175; x_wconf 89' lang='lat' dir='ltr'><strong>forte</strong></span> 
     </span>
    </p>
   </div>
   <div class='ocr_carea' id='block_1_41' title="bbox 396 4170 1971 4245">
    <p class='ocr_par' dir='ltr' id='par_1_41' title="bbox 396 4170 1971 4245">
     <span class='ocr_line' id='line_1_42' title="bbox 396 4170 1971 4245; baseline -0.001 -15"><span class='ocrx_word' id='word_1_296' title='bbox 396 4170 708 4245; x_wconf 82' lang='lat' dir='ltr'><strong>religiosior</strong></span> <span class='ocrx_word' id='word_1_297' title='bbox 733 4172 1025 4245; x_wconf 80' lang='lat' dir='ltr'><strong>retinenda</strong></span> <span class='ocrx_word' id='word_1_298' title='bbox 1052 4170 1238 4245; x_wconf 78' lang='lat' dir='ltr'><strong>phrasi</strong></span> <span class='ocrx_word' id='word_1_299' title='bbox 1268 4170 1679 4245; x_wconf 11' lang='lat' dir='ltr'><strong>Graeca—,‘super</strong></span> <span class='ocrx_word' id='word_1_300' title='bbox 1727 4174 1971 4243; x_wconf 80' lang='lat' dir='ltr'><strong>pierides.</strong></span> 
     </span>
    </p>
   </div>
   <div class='ocr_carea' id='block_1_42' title="bbox 397 4242 1975 4315">
    <p class='ocr_par' dir='ltr' id='par_1_42' title="bbox 397 4242 1975 4315">
     <span class='ocr_line' id='line_1_43' title="bbox 397 4242 1975 4315; baseline 0 -15"><span class='ocrx_word' id='word_1_301' title='bbox 397 4242 736 4315; x_wconf 13' lang='lat' dir='ltr'><strong>Sigﬁilicarig</strong></span> <span class='ocrx_word' id='word_1_302' title='bbox 766 4258 941 4313; x_wconf 88' lang='lat' dir='ltr'><strong>genus</strong></span> <span class='ocrx_word' id='word_1_303' title='bbox 993 4242 1220 4315; x_wconf 53' lang='lat' dir='ltr'><strong>herba},</strong></span> <span class='ocrx_word' id='word_1_304' title='bbox 1274 4250 1331 4297; x_wconf 90' lang='lat' dir='ltr'><strong>et</strong></span> <span class='ocrx_word' id='word_1_305' title='bbox 1380 4242 1604 4315; x_wconf 78' lang='lat' dir='ltr'><strong>quidem</strong></span> <span class='ocrx_word' id='word_1_306' title='bbox 1651 4242 1867 4315; x_wconf 83' lang='lat' dir='ltr'><strong>agreste</strong></span> <span class='ocrx_word' id='word_1_307' title='bbox 1916 4254 1975 4300; x_wconf 91' lang='lat' dir='ltr'><strong>et</strong></span> 
     </span>
    </p>
   </div>
   <div class='ocr_carea' id='block_1_43' title="bbox 394 4313 1971 4385">
    <p class='ocr_par' dir='ltr' id='par_1_43' title="bbox 394 4313 1971 4385">
     <span class='ocr_line' id='line_1_44' title="bbox 394 4313 1971 4385; baseline -0.001 -15"><span class='ocrx_word' id='word_1_308' title='bbox 394 4313 665 4381; x_wconf 81' lang='lat' dir='ltr'><strong>amarum,</strong></span> <span class='ocrx_word' id='word_1_309' title='bbox 692 4313 830 4385; x_wconf 85' lang='lat' dir='ltr'><strong>citra</strong></span> <span class='ocrx_word' id='word_1_310' title='bbox 860 4313 1302 4385; x_wconf 80' lang='lat' dir='ltr'><strong>controversiam</strong></span> <span class='ocrx_word' id='word_1_311' title='bbox 1316 4321 1420 4385; x_wconf 83' lang='lat' dir='ltr'><strong>est.</strong></span> <span class='ocrx_word' id='word_1_312' title='bbox 1446 4314 1632 4369; x_wconf 76' lang='lat' dir='ltr'><strong>Genus</strong></span> <span class='ocrx_word' id='word_1_313' title='bbox 1676 4313 1854 4385; x_wconf 70' lang='lat' dir='ltr'><strong>intybi</strong></span> <span class='ocrx_word' id='word_1_314' title='bbox 1885 4322 1971 4385; x_wconf 84' lang='lat' dir='ltr'><strong>est</strong></span> 
     </span>
    </p>
   </div>
   <div class='ocr_carea' id='block_1_44' title="bbox 2078 484 3655 558">
    <p class='ocr_par' dir='ltr' id='par_1_44' title="bbox 2078 484 3655 558">
     <span class='ocr_line' id='line_1_45' title="bbox 2078 484 3655 558; baseline -0.003 -15"><span class='ocrx_word' id='word_1_315' title='bbox 2078 488 2402 545; x_wconf 84' lang='lat' dir='ltr'><strong>monachos.</strong></span> <span class='ocrx_word' id='word_1_316' title='bbox 2440 488 2520 541; x_wconf 79' lang='lat' dir='ltr'><strong>Ac</strong></span> <span class='ocrx_word' id='word_1_317' title='bbox 2550 487 2765 556; x_wconf 90' lang='lat' dir='ltr'><strong>primus</strong></span> <span class='ocrx_word' id='word_1_318' title='bbox 2789 484 3014 554; x_wconf 88' lang='lat' dir='ltr'><strong>quidem</strong></span> <span class='ocrx_word' id='word_1_319' title='bbox 3038 494 3142 550; x_wconf 89' lang='lat' dir='ltr'><strong>est,</strong></span> <span class='ocrx_word' id='word_1_320' title='bbox 3180 485 3318 540; x_wconf 84' lang='lat' dir='ltr'><strong>nihil</strong></span> <span class='ocrx_word' id='word_1_321' title='bbox 3360 492 3487 540; x_wconf 88' lang='lat' dir='ltr'><strong>actu</strong></span> <span class='ocrx_word' id='word_1_322' title='bbox 3526 500 3655 558; x_wconf 71' lang='lat' dir='ltr'><strong>pe:-</strong></span> 
     </span>
    </p>
   </div>
   <div class='ocr_carea' id='block_1_45' title="bbox 2077 576 3653 649">
    <p class='ocr_par' dir='ltr' id='par_1_45' title="bbox 2077 576 3653 649">
     <span class='ocr_line' id='line_1_46' title="bbox 2077 576 3653 649; baseline -0.006 -10"><span class='ocrx_word' id='word_1_323' title='bbox 2077 597 2223 645; x_wconf 89' lang='lat' dir='ltr'><strong>care,</strong></span> <span class='ocrx_word' id='word_1_324' title='bbox 2267 587 2432 649; x_wconf 87' lang='lat' dir='ltr'><strong>atque</strong></span> <span class='ocrx_word' id='word_1_325' title='bbox 2471 592 2641 647; x_wconf 90' lang='lat' dir='ltr'><strong>opere</strong></span> <span class='ocrx_word' id='word_1_326' title='bbox 2676 594 2690 630; x_wconf 89' lang='lat'><strong>:</strong></span> <span class='ocrx_word' id='word_1_327' title='bbox 2720 577 2860 631; x_wconf 90' lang='lat' dir='ltr'><strong>alter</strong></span> <span class='ocrx_word' id='word_1_328' title='bbox 2891 591 3047 642; x_wconf 90' lang='lat' dir='ltr'><strong>vero,</strong></span> <span class='ocrx_word' id='word_1_329' title='bbox 3084 576 3413 633; x_wconf 82' lang='lat' dir='ltr'><strong>libidinosas</strong></span> <span class='ocrx_word' id='word_1_330' title='bbox 3442 584 3501 631; x_wconf 85' lang='lat' dir='ltr'><strong>et</strong></span> <span class='ocrx_word' id='word_1_331' title='bbox 3532 589 3653 631; x_wconf 85' lang='lat' dir='ltr'><strong>cum</strong></span> 
     </span>
    </p>
   </div>
   <div class='ocr_carea' id='block_1_46' title="bbox 2078 664 3652 739">
    <p class='ocr_par' dir='ltr' id='par_1_46' title="bbox 2078 664 3652 739">
     <span class='ocr_line' id='line_1_47' title="bbox 2078 664 3652 739; baseline -0.003 -15"><span class='ocrx_word' id='word_1_332' title='bbox 2078 668 2278 726; x_wconf 70' lang='lat' dir='ltr'><strong>affectu</strong></span> <span class='ocrx_word' id='word_1_333' title='bbox 2305 667 2671 739; x_wconf 77' lang='lat' dir='ltr'><strong>cogitationes</strong></span> <span class='ocrx_word' id='word_1_334' title='bbox 2706 666 2761 720; x_wconf 88' lang='lat' dir='ltr'><strong>in</strong></span> <span class='ocrx_word' id='word_1_335' title='bbox 2788 664 2974 721; x_wconf 90' lang='lat' dir='ltr'><strong>animo</strong></span> <span class='ocrx_word' id='word_1_336' title='bbox 3019 666 3225 721; x_wconf 91' lang='lat' dir='ltr'><strong>morari</strong></span> <span class='ocrx_word' id='word_1_337' title='bbox 3276 681 3388 721; x_wconf 91' lang='lat' dir='ltr'><strong>non</strong></span> <span class='ocrx_word' id='word_1_338' title='bbox 3423 666 3607 721; x_wconf 88' lang='lat' dir='ltr'><strong>sinere</strong></span> <span class='ocrx_word' id='word_1_339' title='bbox 3636 683 3652 720; x_wconf 91' lang='lat'><strong>:</strong></span> 
     </span>
    </p>
   </div>
   <div class='ocr_carea' id='block_1_47' title="bbox 2080 757 3656 828">
    <p class='ocr_par' dir='ltr' id='par_1_47' title="bbox 2080 757 3656 828">
     <span class='ocr_line' id='line_1_48' title="bbox 2080 757 3656 828; baseline -0.003 -11"><span class='ocrx_word' id='word_1_340' title='bbox 2080 762 2297 827; x_wconf 86' lang='lat' dir='ltr'><strong>tertius,</strong></span> <span class='ocrx_word' id='word_1_341' title='bbox 2340 759 2635 816; x_wconf 83' lang='lat' dir='ltr'><strong>mulierum</strong></span> <span class='ocrx_word' id='word_1_342' title='bbox 2668 757 2816 828; x_wconf 85' lang='lat' dir='ltr'><strong>ipsas</strong></span> <span class='ocrx_word' id='word_1_343' title='bbox 2860 757 3088 823; x_wconf 82' lang='lat' dir='ltr'><strong>formas,</strong></span> <span class='ocrx_word' id='word_1_344' title='bbox 3121 773 3186 813; x_wconf 90' lang='lat' dir='ltr'><strong>ac</strong></span> <span class='ocrx_word' id='word_1_345' title='bbox 3213 772 3408 813; x_wconf 87' lang='lat' dir='ltr'><strong>eorum</strong></span> <span class='ocrx_word' id='word_1_346' title='bbox 3438 758 3535 828; x_wconf 88' lang='lat' dir='ltr'><strong>qui</strong></span> <span class='ocrx_word' id='word_1_347' title='bbox 3566 758 3656 813; x_wconf 87' lang='lat' dir='ltr'><strong>in-</strong></span> 
     </span>
    </p>
   </div>
   <div class='ocr_carea' id='block_1_48' title="bbox 2072 847 3657 923">
    <p class='ocr_par' dir='ltr' id='par_1_48' title="bbox 2072 847 3657 923">
     <span class='ocr_line' id='line_1_49' title="bbox 2072 847 3657 923; baseline 0.001 -17"><span class='ocrx_word' id='word_1_348' title='bbox 2072 853 2221 923; x_wconf 87' lang='lat' dir='ltr'><strong>juria</strong></span> <span class='ocrx_word' id='word_1_349' title='bbox 2258 852 2553 914; x_wconf 79' lang='lat' dir='ltr'><strong>laeserunt,</strong></span> <span class='ocrx_word' id='word_1_350' title='bbox 2606 849 2756 904; x_wconf 88' lang='lat' dir='ltr'><strong>nulla</strong></span> <span class='ocrx_word' id='word_1_351' title='bbox 2836 847 3068 903; x_wconf 88' lang='lat' dir='ltr'><strong>libidine</strong></span> <span class='ocrx_word' id='word_1_352' title='bbox 3124 865 3189 904; x_wconf 88' lang='lat' dir='ltr'><strong>ac</strong></span> <span class='ocrx_word' id='word_1_353' title='bbox 3235 848 3657 918; x_wconf 77' lang='lat' dir='ltr'><strong>perturbatione</strong></span> 
     </span>
    </p>
   </div>
   <div class='ocr_carea' id='block_1_49' title="bbox 2079 943 2635 1012">
    <p class='ocr_par' dir='ltr' id='par_1_49' title="bbox 2079 943 2635 1012">
     <span class='ocr_line' id='line_1_50' title="bbox 2079 943 2635 1012; baseline -0.011 -14"><span class='ocrx_word' id='word_1_354' title='bbox 2079 952 2263 999; x_wconf 87' lang='lat' dir='ltr'><strong>mente</strong></span> <span class='ocrx_word' id='word_1_355' title='bbox 2292 943 2635 1012; x_wconf 87' lang='lat' dir='ltr'><strong>conspicere.</strong></span> 
     </span>
    </p>
   </div>
   <div class='ocr_carea' id='block_1_50' title="bbox 2149 1032 3661 1105">
    <p class='ocr_par' dir='ltr' id='par_1_50' title="bbox 2149 1032 3661 1105">
     <span class='ocr_line' id='line_1_51' title="bbox 2149 1032 3661 1105; baseline -0.001 -14"><span class='ocrx_word' id='word_1_356' title='bbox 2149 1036 2239 1091; x_wconf 91' lang='lat'><strong>88.</strong></span> <span class='ocrx_word' id='word_1_357' title='bbox 2273 1036 2490 1105; x_wconf 86' lang='lat' dir='ltr'><strong>Pauper</strong></span> <span class='ocrx_word' id='word_1_358' title='bbox 2523 1042 2610 1088; x_wconf 84' lang='lat' dir='ltr'><strong>est</strong></span> <span class='ocrx_word' id='word_1_359' title='bbox 2640 1033 2779 1088; x_wconf 84' lang='lat' dir='ltr'><strong>nihil</strong></span> <span class='ocrx_word' id='word_1_360' title='bbox 2834 1032 3075 1098; x_wconf 83' lang='lat' dir='ltr'><strong>habens,</strong></span> <span class='ocrx_word' id='word_1_361' title='bbox 3122 1034 3218 1104; x_wconf 86' lang='lat' dir='ltr'><strong>qui</strong></span> <span class='ocrx_word' id='word_1_362' title='bbox 3256 1033 3515 1089; x_wconf 89' lang='lat' dir='ltr'><strong>omnibus</strong></span> <span class='ocrx_word' id='word_1_363' title='bbox 3542 1035 3661 1090; x_wconf 87' lang='lat' dir='ltr'><strong>suis</strong></span> 
     </span>
    </p>
   </div>
   <div class='ocr_carea' id='block_1_51' title="bbox 2080 1125 3659 1197">
    <p class='ocr_par' dir='ltr' id='par_1_51' title="bbox 2080 1125 3659 1197">
     <span class='ocr_line' id='line_1_52' title="bbox 2080 1125 3659 1197; baseline -0.001 -16"><span class='ocrx_word' id='word_1_364' title='bbox 2080 1127 2437 1183; x_wconf 82' lang='lat' dir='ltr'><strong>facultatibus</strong></span> <span class='ocrx_word' id='word_1_365' title='bbox 2470 1125 2903 1192; x_wconf 83' lang='lat' dir='ltr'><strong>abrenuntiavit,</strong></span> <span class='ocrx_word' id='word_1_366' title='bbox 2945 1126 3196 1196; x_wconf 88' lang='lat' dir='ltr'><strong>nihilque</strong></span> <span class='ocrx_word' id='word_1_367' title='bbox 3225 1142 3457 1197; x_wconf 87' lang='lat' dir='ltr'><strong>prorsus</strong></span> <span class='ocrx_word' id='word_1_368' title='bbox 3489 1141 3659 1196; x_wconf 84' lang='lat' dir='ltr'><strong>super</strong></span> 
     </span>
    </p>
   </div>
   <div class='ocr_carea' id='block_1_52' title="bbox 2083 1218 3659 1292">
    <p class='ocr_par' dir='ltr' id='par_1_52' title="bbox 2083 1218 3659 1292">
     <span class='ocr_line' id='line_1_53' title="bbox 2083 1218 3659 1292; baseline 0.001 -20"><span class='ocrx_word' id='word_1_369' title='bbox 2083 1227 2310 1283; x_wconf 88' lang='lat' dir='ltr'><strong>terram,</strong></span> <span class='ocrx_word' id='word_1_370' title='bbox 2344 1228 2575 1287; x_wconf 82' lang='lat' dir='ltr'><strong>excepto</strong></span> <span class='ocrx_word' id='word_1_371' title='bbox 2612 1218 2879 1272; x_wconf 81' lang='lat' dir='ltr'><strong>duntaxat</strong></span> <span class='ocrx_word' id='word_1_372' title='bbox 2912 1233 3170 1289; x_wconf 84' lang='lat' dir='ltr'><strong>corpore,</strong></span> <span class='ocrx_word' id='word_1_373' title='bbox 3206 1219 3489 1290; x_wconf 82' lang='lat' dir='ltr'><strong>possidet:</strong></span> <span class='ocrx_word' id='word_1_374' title='bbox 3528 1234 3659 1292; x_wconf 82' lang='lat' dir='ltr'><strong>erga</strong></span> 
     </span>
    </p>
   </div>
   <div class='ocr_carea' id='block_1_53' title="bbox 2081 1309 3661 1383">
    <p class='ocr_par' dir='ltr' id='par_1_53' title="bbox 2081 1309 3661 1383">
     <span class='ocr_line' id='line_1_54' title="bbox 2081 1309 3661 1383; baseline 0 -16"><span class='ocrx_word' id='word_1_375' title='bbox 2081 1312 2230 1383; x_wconf 91' lang='lat' dir='ltr'><strong>quod</strong></span> <span class='ocrx_word' id='word_1_376' title='bbox 2256 1311 2424 1366; x_wconf 87' lang='lat' dir='ltr'><strong>etiam</strong></span> <span class='ocrx_word' id='word_1_377' title='bbox 2466 1310 2879 1381; x_wconf 87' lang='lat' dir='ltr'><strong>abruptoomni</strong></span> <span class='ocrx_word' id='word_1_378' title='bbox 2918 1309 3119 1366; x_wconf 83' lang='lat' dir='ltr'><strong>all‘ectu</strong></span> <span class='ocrx_word' id='word_1_379' title='bbox 3151 1327 3216 1367; x_wconf 91' lang='lat' dir='ltr'><strong>ac</strong></span> <span class='ocrx_word' id='word_1_380' title='bbox 3239 1312 3489 1378; x_wconf 86' lang='lat' dir='ltr'><strong>libidine,</strong></span> <span class='ocrx_word' id='word_1_381' title='bbox 3534 1326 3661 1367; x_wconf 88' lang='lat' dir='ltr'><strong>sua-</strong></span> 
     </span>
    </p>
   </div>
   <div class='ocr_carea' id='block_1_54' title="bbox 2082 1400 3660 1471">
    <p class='ocr_par' dir='ltr' id='par_1_54' title="bbox 2082 1400 3660 1471">
     <span class='ocr_line' id='line_1_55' title="bbox 2082 1400 3660 1471; baseline 0 -14"><span class='ocrx_word' id='word_1_382' title='bbox 2082 1418 2205 1458; x_wconf 90' lang='lat' dir='ltr'><strong>rum</strong></span> <span class='ocrx_word' id='word_1_383' title='bbox 2251 1402 2377 1457; x_wconf 56' lang='lat' dir='ltr'><strong>vitas</strong></span> <span class='ocrx_word' id='word_1_384' title='bbox 2423 1401 2701 1455; x_wconf 90' lang='lat' dir='ltr'><strong>rationum</strong></span> <span class='ocrx_word' id='word_1_385' title='bbox 2744 1400 3164 1471; x_wconf 87' lang='lat' dir='ltr'><strong>dispositionem</strong></span> <span class='ocrx_word' id='word_1_386' title='bbox 3194 1417 3259 1458; x_wconf 87' lang='lat' dir='ltr'><strong>ac</strong></span> <span class='ocrx_word' id='word_1_387' title='bbox 3290 1418 3504 1467; x_wconf 85' lang='lat' dir='ltr'><strong>curam,</strong></span> <span class='ocrx_word' id='word_1_388' title='bbox 3550 1402 3660 1459; x_wconf 91' lang='lat' dir='ltr'><strong>Deo</strong></span> 
     </span>
    </p>
   </div>
   <div class='ocr_carea' id='block_1_55' title="bbox 2082 1492 2847 1566">
    <p class='ocr_par' dir='ltr' id='par_1_55' title="bbox 2082 1492 2847 1566">
     <span class='ocr_line' id='line_1_56' title="bbox 2082 1492 2847 1566; baseline -0.007 -16"><span class='ocrx_word' id='word_1_389' title='bbox 2082 1496 2298 1566; x_wconf 88' lang='lat' dir='ltr'><strong>piisquc</strong></span> <span class='ocrx_word' id='word_1_390' title='bbox 2325 1492 2459 1547; x_wconf 91' lang='lat' dir='ltr'><strong>viris</strong></span> <span class='ocrx_word' id='word_1_391' title='bbox 2480 1492 2847 1548; x_wconf 86' lang='lat' dir='ltr'><strong>concredidit.</strong></span> 
     </span>
    </p>
   </div>
   <div class='ocr_carea' id='block_1_56' title="bbox 2151 1584 3659 1655">
    <p class='ocr_par' dir='ltr' id='par_1_56' title="bbox 2151 1584 3659 1655">
     <span class='ocr_line' id='line_1_57' title="bbox 2151 1584 3659 1655; baseline 0.001 -14"><span class='ocrx_word' id='word_1_392' title='bbox 2151 1586 2241 1642; x_wconf 86' lang='lat'><strong>89.</strong></span> <span class='ocrx_word' id='word_1_393' title='bbox 2273 1587 2479 1641; x_wconf 89' lang='lat' dir='ltr'><strong>Eorum</strong></span> <span class='ocrx_word' id='word_1_394' title='bbox 2533 1586 2628 1655; x_wconf 87' lang='lat' dir='ltr'><strong>qui</strong></span> <span class='ocrx_word' id='word_1_395' title='bbox 2678 1584 2883 1639; x_wconf 84' lang='lat' dir='ltr'><strong>habent</strong></span> <span class='ocrx_word' id='word_1_396' title='bbox 2930 1584 3331 1655; x_wconf 83' lang='lat' dir='ltr'><strong>possessiones,</strong></span> <span class='ocrx_word' id='word_1_397' title='bbox 3391 1586 3486 1641; x_wconf 88' lang='lat' dir='ltr'><strong>alii</strong></span> <span class='ocrx_word' id='word_1_398' title='bbox 3539 1586 3659 1642; x_wconf 89' lang='lat' dir='ltr'><strong>sine</strong></span> 
     </span>
    </p>
   </div>
   <div class='ocr_carea' id='block_1_57' title="bbox 2087 1672 3661 1737">
    <p class='ocr_par' dir='ltr' id='par_1_57' title="bbox 2087 1672 3661 1737">
     <span class='ocr_line' id='line_1_58' title="bbox 2087 1672 3661 1737; baseline 0.003 -11"><span class='ocrx_word' id='word_1_399' title='bbox 2087 1672 2285 1727; x_wconf 74' lang='lat' dir='ltr'><strong>affectu</strong></span> <span class='ocrx_word' id='word_1_400' title='bbox 2342 1690 2405 1728; x_wconf 89' lang='lat' dir='ltr'><strong>ac</strong></span> <span class='ocrx_word' id='word_1_401' title='bbox 2450 1672 2683 1727; x_wconf 82' lang='lat' dir='ltr'><strong>libidine</strong></span> <span class='ocrx_word' id='word_1_402' title='bbox 2720 1672 2945 1737; x_wconf 80' lang='lat' dir='ltr'><strong>habent,</strong></span> <span class='ocrx_word' id='word_1_403' title='bbox 2985 1673 3131 1728; x_wconf 92' lang='lat' dir='ltr'><strong>unde</strong></span> <span class='ocrx_word' id='word_1_404' title='bbox 3162 1682 3217 1728; x_wconf 91' lang='lat' dir='ltr'><strong>et</strong></span> <span class='ocrx_word' id='word_1_405' title='bbox 3246 1675 3464 1729; x_wconf 88' lang='lat' dir='ltr'><strong>illarum</strong></span> <span class='ocrx_word' id='word_1_406' title='bbox 3495 1675 3661 1731; x_wconf 88' lang='lat' dir='ltr'><strong>amis-</strong></span> 
     </span>
    </p>
   </div>
   <div class='ocr_carea' id='block_1_58' title="bbox 2002 1759 3658 1837">
    <p class='ocr_par' dir='ltr' id='par_1_58' title="bbox 2002 1759 3658 1837">
     <span class='ocr_line' id='line_1_59' title="bbox 2002 1759 3658 1837; baseline 0.003 -20"><span class='ocrx_word' id='word_1_407' title='bbox 2002 1759 2044 1817; x_wconf 82' lang='grc' dir='ltr'><strong>Β</strong></span> <span class='ocrx_word' id='word_1_408' title='bbox 2079 1763 2234 1818; x_wconf 89' lang='lat' dir='ltr'><strong>sione</strong></span> <span class='ocrx_word' id='word_1_409' title='bbox 2268 1779 2376 1817; x_wconf 90' lang='lat' dir='ltr'><strong>non</strong></span> <span class='ocrx_word' id='word_1_410' title='bbox 2409 1764 2639 1818; x_wconf 77' lang='lat' dir='ltr'><strong>dolent:</strong></span> <span class='ocrx_word' id='word_1_411' title='bbox 2672 1763 2826 1819; x_wconf 89' lang='lat' dir='ltr'><strong>velut</strong></span> <span class='ocrx_word' id='word_1_412' title='bbox 2856 1763 2937 1818; x_wconf 89' lang='lat' dir='ltr'><strong>illi</strong></span> <span class='ocrx_word' id='word_1_413' title='bbox 2964 1764 3061 1834; x_wconf 92' lang='lat' dir='ltr'><strong>qui</strong></span> <span class='ocrx_word' id='word_1_414' title='bbox 3104 1780 3231 1820; x_wconf 89' lang='lat' dir='ltr'><strong>cum</strong></span> <span class='ocrx_word' id='word_1_415' title='bbox 3275 1765 3478 1837; x_wconf 84' lang='lat' dir='ltr'><strong>gaudio</strong></span> <span class='ocrx_word' id='word_1_416' title='bbox 3509 1767 3658 1837; x_wconf 88' lang='lat' dir='ltr'><strong>rapi-</strong></span> 
     </span>
    </p>
   </div>
   <div class='ocr_carea' id='block_1_59' title="bbox 2076 1854 3662 1926">
    <p class='ocr_par' dir='ltr' id='par_1_59' title="bbox 2076 1854 3662 1926">
     <span class='ocr_line' id='line_1_60' title="bbox 2076 1854 3662 1926; baseline 0.003 -18"><span class='ocrx_word' id='word_1_417' title='bbox 2076 1870 2203 1909; x_wconf 91' lang='lat' dir='ltr'><strong>nam</strong></span> <span class='ocrx_word' id='word_1_418' title='bbox 2278 1854 2548 1909; x_wconf 88' lang='lat' dir='ltr'><strong>bonorum</strong></span> <span class='ocrx_word' id='word_1_419' title='bbox 2593 1870 2821 1910; x_wconf 90' lang='lat' dir='ltr'><strong>suorum</strong></span> <span class='ocrx_word' id='word_1_420' title='bbox 2881 1865 3245 1926; x_wconf 88' lang='lat' dir='ltr'><strong>susceperunt</strong></span> <span class='ocrx_word' id='word_1_421' title='bbox 3285 1858 3372 1921; x_wconf 77' lang='lat'><strong>“;</strong></span> <span class='ocrx_word' id='word_1_422' title='bbox 3425 1857 3520 1912; x_wconf 90' lang='lat' dir='ltr'><strong>alii</strong></span> <span class='ocrx_word' id='word_1_423' title='bbox 3567 1873 3662 1913; x_wconf 88' lang='lat' dir='ltr'><strong>au-</strong></span> 
     </span>
    </p>
   </div>
   <div class='ocr_carea' id='block_1_60' title="bbox 2076 1947 3650 2004">
    <p class='ocr_par' dir='ltr' id='par_1_60' title="bbox 2076 1947 3650 2004">
     <span class='ocr_line' id='line_1_61' title="bbox 2076 1947 3650 2004; baseline -0.001 -1"><span class='ocrx_word' id='word_1_424' title='bbox 2076 1955 2185 2003; x_wconf 86' lang='lat' dir='ltr'><strong>tem</strong></span> <span class='ocrx_word' id='word_1_425' title='bbox 2241 1963 2364 2001; x_wconf 85' lang='lat' dir='ltr'><strong>cum</strong></span> <span class='ocrx_word' id='word_1_426' title='bbox 2421 1947 2622 2002; x_wconf 80' lang='lat' dir='ltr'><strong>all‘ectu</strong></span> <span class='ocrx_word' id='word_1_427' title='bbox 2666 1964 2731 2002; x_wconf 90' lang='lat' dir='ltr'><strong>ac</strong></span> <span class='ocrx_word' id='word_1_428' title='bbox 2782 1947 3013 2004; x_wconf 88' lang='lat' dir='ltr'><strong>libidine</strong></span> <span class='ocrx_word' id='word_1_429' title='bbox 3054 1947 3259 2002; x_wconf 86' lang='lat' dir='ltr'><strong>habent</strong></span> <span class='ocrx_word' id='word_1_430' title='bbox 3301 1947 3449 2003; x_wconf 89' lang='lat' dir='ltr'><strong>unde</strong></span> <span class='ocrx_word' id='word_1_431' title='bbox 3477 1947 3650 2004; x_wconf 85' lang='lat' dir='ltr'><strong>etiam</strong></span> 
     </span>
    </p>
   </div>
   <div class='ocr_carea' id='block_1_61' title="bbox 2076 2037 3662 2107">
    <p class='ocr_par' dir='ltr' id='par_1_61' title="bbox 2076 2037 3662 2107">
     <span class='ocr_line' id='line_1_62' title="bbox 2076 2037 3662 2107; baseline 0.001 -15"><span class='ocrx_word' id='word_1_432' title='bbox 2076 2052 2203 2092; x_wconf 89' lang='lat' dir='ltr'><strong>cum</strong></span> <span class='ocrx_word' id='word_1_433' title='bbox 2234 2038 2343 2092; x_wconf 89' lang='lat' dir='ltr'><strong>illis</strong></span> <span class='ocrx_word' id='word_1_434' title='bbox 2366 2038 2620 2107; x_wconf 84' lang='lat' dir='ltr'><strong>privandi</strong></span> <span class='ocrx_word' id='word_1_435' title='bbox 2658 2039 2790 2103; x_wconf 89' lang='lat' dir='ltr'><strong>sint,</strong></span> <span class='ocrx_word' id='word_1_436' title='bbox 2819 2039 3025 2094; x_wconf 86' lang='lat' dir='ltr'><strong>morosi</strong></span> <span class='ocrx_word' id='word_1_437' title='bbox 3054 2037 3195 2093; x_wconf 81' lang='lat' dir='ltr'><strong>fiunt</strong></span> <span class='ocrx_word' id='word_1_438' title='bbox 3222 2054 3290 2094; x_wconf 90' lang='lat' dir='ltr'><strong>ac</strong></span> <span class='ocrx_word' id='word_1_439' title='bbox 3310 2038 3532 2104; x_wconf 85' lang='lat' dir='ltr'><strong>tristes;</strong></span> <span class='ocrx_word' id='word_1_440' title='bbox 3567 2053 3662 2093; x_wconf 87' lang='lat' dir='ltr'><strong>ve—</strong></span> 
     </span>
    </p>
   </div>
   <div class='ocr_carea' id='block_1_62' title="bbox 2075 2129 3656 2200">
    <p class='ocr_par' dir='ltr' id='par_1_62' title="bbox 2075 2129 3656 2200">
     <span class='ocr_line' id='line_1_63' title="bbox 2075 2129 3656 2200; baseline 0.001 -16"><span class='ocrx_word' id='word_1_441' title='bbox 2075 2129 2160 2184; x_wconf 90' lang='lat' dir='ltr'><strong>lut</strong></span> <span class='ocrx_word' id='word_1_442' title='bbox 2188 2129 2343 2185; x_wconf 83' lang='lat' dir='ltr'><strong>dives</strong></span> <span class='ocrx_word' id='word_1_443' title='bbox 2378 2130 2469 2185; x_wconf 88' lang='lat' dir='ltr'><strong>ille</strong></span> <span class='ocrx_word' id='word_1_444' title='bbox 2516 2129 2571 2184; x_wconf 84' lang='lat' dir='ltr'><strong>in</strong></span> <span class='ocrx_word' id='word_1_445' title='bbox 2602 2130 2899 2200; x_wconf 83' lang='lat' dir='ltr'><strong>Evangelio</strong></span> <span class='ocrx_word' id='word_1_446' title='bbox 2926 2147 2939 2184; x_wconf 92' lang='lat'><strong>:</strong></span> <span class='ocrx_word' id='word_1_447' title='bbox 2964 2129 3107 2185; x_wconf 81' lang='lat' dir='ltr'><strong>Abiit</strong></span> <span class='ocrx_word' id='word_1_448' title='bbox 3141 2132 3310 2186; x_wconf 80' lang='lat' dir='ltr'><strong>tristis</strong></span> <span class='ocrx_word' id='word_1_449' title='bbox 3340 2132 3385 2164; x_wconf 83' lang='lat'><strong>“</strong></span> <span class='ocrx_word' id='word_1_450' title='bbox 3447 2149 3460 2186; x_wconf 92' lang='lat'><strong>:</strong></span> <span class='ocrx_word' id='word_1_451' title='bbox 3514 2147 3580 2187; x_wconf 86' lang='lat' dir='ltr'><strong>ac</strong></span> <span class='ocrx_word' id='word_1_452' title='bbox 3612 2132 3656 2188; x_wconf 88' lang='lat' dir='ltr'><strong>si</strong></span> 
     </span>
    </p>
   </div>
   <div class='ocr_carea' id='block_1_63' title="bbox 2077 2221 3659 2295">
    <p class='ocr_par' dir='ltr' id='par_1_63' title="bbox 2077 2221 3659 2295">
     <span class='ocr_line' id='line_1_64' title="bbox 2077 2221 3659 2295; baseline 0.004 -21"><span class='ocrx_word' id='word_1_453' title='bbox 2077 2221 2260 2292; x_wconf 89' lang='lat' dir='ltr'><strong>reipsa</strong></span> <span class='ocrx_word' id='word_1_454' title='bbox 2290 2222 2499 2292; x_wconf 82' lang='lat' dir='ltr'><strong>privari</strong></span> <span class='ocrx_word' id='word_1_455' title='bbox 2526 2222 2842 2293; x_wconf 81' lang='lat' dir='ltr'><strong>contigerit,</strong></span> <span class='ocrx_word' id='word_1_456' title='bbox 2870 2223 2939 2277; x_wconf 87' lang='lat' dir='ltr'><strong>ad</strong></span> <span class='ocrx_word' id='word_1_457' title='bbox 2979 2233 3215 2280; x_wconf 87' lang='lat' dir='ltr'><strong>mortem</strong></span> <span class='ocrx_word' id='word_1_458' title='bbox 3242 2240 3421 2295; x_wconf 88' lang='lat' dir='ltr'><strong>usque</strong></span> <span class='ocrx_word' id='word_1_459' title='bbox 3442 2224 3659 2284; x_wconf 88' lang='lat' dir='ltr'><strong>dolent.</strong></span> 
     </span>
    </p>
   </div>
   <div class='ocr_carea' id='block_1_64' title="bbox 2078 2311 3664 2391">
    <p class='ocr_par' dir='ltr' id='par_1_64' title="bbox 2078 2311 3664 2391">
     <span class='ocr_line' id='line_1_65' title="bbox 2078 2311 3664 2391; baseline 0.006 -25"><span class='ocrx_word' id='word_1_460' title='bbox 2078 2311 2389 2369; x_wconf 90' lang='lat' dir='ltr'><strong>Libidinosi</strong></span> <span class='ocrx_word' id='word_1_461' title='bbox 2420 2329 2553 2385; x_wconf 88' lang='lat' dir='ltr'><strong>ergo</strong></span> <span class='ocrx_word' id='word_1_462' title='bbox 2597 2324 2655 2370; x_wconf 89' lang='lat' dir='ltr'><strong>et</strong></span> <span class='ocrx_word' id='word_1_463' title='bbox 2687 2329 2797 2369; x_wconf 90' lang='lat' dir='ltr'><strong>non</strong></span> <span class='ocrx_word' id='word_1_464' title='bbox 2840 2313 3131 2371; x_wconf 89' lang='lat' dir='ltr'><strong>libidinosi</strong></span> <span class='ocrx_word' id='word_1_465' title='bbox 3183 2317 3452 2385; x_wconf 88' lang='lat' dir='ltr'><strong>animum,</strong></span> <span class='ocrx_word' id='word_1_466' title='bbox 3481 2319 3664 2391; x_wconf 89' lang='lat' dir='ltr'><strong>arguit</strong></span> 
     </span>
    </p>
   </div>
   <div class='ocr_carea' id='block_1_65' title="bbox 2077 2404 3064 2477">
    <p class='ocr_par' dir='ltr' id='par_1_65' title="bbox 2077 2404 3064 2477">
     <span class='ocr_line' id='line_1_66' title="bbox 2077 2404 3064 2477; baseline 0.003 -18"><span class='ocrx_word' id='word_1_467' title='bbox 2077 2413 2244 2475; x_wconf 86' lang='lat' dir='ltr'><strong>atque</strong></span> <span class='ocrx_word' id='word_1_468' title='bbox 2267 2406 2523 2475; x_wconf 81' lang='lat' dir='ltr'><strong>explorat</strong></span> <span class='ocrx_word' id='word_1_469' title='bbox 2552 2407 2631 2461; x_wconf 89' lang='lat' dir='ltr'><strong>rei</strong></span> <span class='ocrx_word' id='word_1_470' title='bbox 2656 2407 2775 2476; x_wconf 84' lang='lat' dir='ltr'><strong>ipsa</strong></span> <span class='ocrx_word' id='word_1_471' title='bbox 2805 2404 3064 2477; x_wconf 84' lang='lat' dir='ltr'><strong>privatio.</strong></span> 
     </span>
    </p>
   </div>
   <div class='ocr_carea' id='block_1_66' title="bbox 2148 2494 3661 2574">
    <p class='ocr_par' dir='ltr' id='par_1_66' title="bbox 2148 2494 3661 2574">
     <span class='ocr_line' id='line_1_67' title="bbox 2148 2494 3661 2574; baseline 0.003 -21"><span class='ocrx_word' id='word_1_472' title='bbox 2148 2494 2312 2567; x_wconf 70' lang='grc'><strong>425</strong></span> <span class='ocrx_word' id='word_1_473' title='bbox 2342 2496 2431 2552; x_wconf 82' lang='grc'><strong>90.</strong></span> <span class='ocrx_word' id='word_1_474' title='bbox 2460 2497 2569 2552; x_wconf 89' lang='lat' dir='ltr'><strong>Eos</strong></span> <span class='ocrx_word' id='word_1_475' title='bbox 2591 2498 2685 2568; x_wconf 87' lang='lat' dir='ltr'><strong>qui</strong></span> <span class='ocrx_word' id='word_1_476' title='bbox 2709 2514 3029 2570; x_wconf 89' lang='lat' dir='ltr'><strong>supremum</strong></span> <span class='ocrx_word' id='word_1_477' title='bbox 3060 2514 3126 2556; x_wconf 90' lang='lat' dir='ltr'><strong>ac</strong></span> <span class='ocrx_word' id='word_1_478' title='bbox 3148 2500 3507 2571; x_wconf 83' lang='lat' dir='ltr'><strong>purissimum</strong></span> <span class='ocrx_word' id='word_1_479' title='bbox 3536 2518 3661 2574; x_wconf 85' lang='lat' dir='ltr'><strong>pre-</strong></span> 
     </span>
    </p>
   </div>
   <div class='ocr_carea' id='block_1_67' title="bbox 2080 2585 3664 2659">
    <p class='ocr_par' dir='ltr' id='par_1_67' title="bbox 2080 2585 3664 2659">
     <span class='ocr_line' id='line_1_68' title="bbox 2080 2585 3664 2659; baseline 0.006 -20"><span class='ocrx_word' id='word_1_480' title='bbox 2080 2585 2241 2640; x_wconf 87' lang='lat' dir='ltr'><strong>candi</strong></span> <span class='ocrx_word' id='word_1_481' title='bbox 2265 2601 2439 2657; x_wconf 86' lang='lat' dir='ltr'><strong>genus</strong></span> <span class='ocrx_word' id='word_1_482' title='bbox 2468 2594 2882 2653; x_wconf 89' lang='lat' dir='ltr'><strong>consectantur,</strong></span> <span class='ocrx_word' id='word_1_483' title='bbox 2909 2588 3235 2659; x_wconf 82' lang='lat' dir='ltr'><strong>impugnant</strong></span> <span class='ocrx_word' id='word_1_484' title='bbox 3266 2590 3564 2659; x_wconf 65' lang='lat' dir='ltr'><strong>diemones,</strong></span> <span class='ocrx_word' id='word_1_485' title='bbox 3591 2606 3664 2648; x_wconf 71' lang='lat' dir='ltr'><strong>ne</strong></span> 
     </span>
    </p>
   </div>
   <div class='ocr_carea' id='block_1_68' title="bbox 2082 2678 3662 2754">
    <p class='ocr_par' dir='ltr' id='par_1_68' title="bbox 2082 2678 3662 2754">
     <span class='ocr_line' id='line_1_69' title="bbox 2082 2678 3662 2754; baseline 0.006 -24"><span class='ocrx_word' id='word_1_486' title='bbox 2082 2686 2271 2733; x_wconf 81' lang='lat' dir='ltr'><strong>rerum</strong></span> <span class='ocrx_word' id='word_1_487' title='bbox 2313 2679 2369 2733; x_wconf 89' lang='lat' dir='ltr'><strong>in</strong></span> <span class='ocrx_word' id='word_1_488' title='bbox 2419 2693 2643 2734; x_wconf 88' lang='lat' dir='ltr'><strong>sensum</strong></span> <span class='ocrx_word' id='word_1_489' title='bbox 2687 2678 3002 2735; x_wconf 85' lang='lat' dir='ltr'><strong>cadentium</strong></span> <span class='ocrx_word' id='word_1_490' title='bbox 3052 2682 3231 2737; x_wconf 84' lang='lat' dir='ltr'><strong>nudas</strong></span> <span class='ocrx_word' id='word_1_491' title='bbox 3278 2683 3662 2754; x_wconf 85' lang='lat' dir='ltr'><strong>simplicesque</strong></span> 
     </span>
    </p>
   </div>
   <div class='ocr_carea' id='block_1_69' title="bbox 2080 2757 3663 2843">
    <p class='ocr_par' dir='ltr' id='par_1_69' title="bbox 2080 2757 3663 2843">
     <span class='ocr_line' id='line_1_70' title="bbox 2080 2757 3663 2843; baseline 0.007 -21"><span class='ocrx_word' id='word_1_492' title='bbox 2080 2768 2266 2823; x_wconf 88' lang='lat' dir='ltr'><strong>animo</strong></span> <span class='ocrx_word' id='word_1_493' title='bbox 2301 2769 2543 2826; x_wconf 85' lang='lat' dir='ltr'><strong>rationes</strong></span> <span class='ocrx_word' id='word_1_494' title='bbox 2568 2785 2838 2841; x_wconf 89' lang='lat' dir='ltr'><strong>sensaque</strong></span> <span class='ocrx_word' id='word_1_495' title='bbox 2861 2757 3318 2843; x_wconf 83' lang='lat' dir='ltr'><strong>apprenhendant</strong></span> <span class='ocrx_word' id='word_1_496' title='bbox 3340 2792 3355 2828; x_wconf 91' lang='lat'><strong>:</strong></span> <span class='ocrx_word' id='word_1_497' title='bbox 3377 2775 3663 2833; x_wconf 70' lang='lat' dir='ltr'><strong>studentes</strong></span> 
     </span>
    </p>
   </div>
   <div class='ocr_carea' id='block_1_70' title="bbox 2082 2860 3664 2934">
    <p class='ocr_par' dir='ltr' id='par_1_70' title="bbox 2082 2860 3664 2934">
     <span class='ocr_line' id='line_1_71' title="bbox 2082 2860 3664 2934; baseline 0.004 -20"><span class='ocrx_word' id='word_1_498' title='bbox 2082 2867 2270 2915; x_wconf 89' lang='lat' dir='ltr'><strong>autem</strong></span> <span class='ocrx_word' id='word_1_499' title='bbox 2303 2860 2547 2916; x_wconf 64' lang='lat' dir='ltr'><strong>scientiae</strong></span> <span class='ocrx_word' id='word_1_500' title='bbox 2575 2877 2639 2917; x_wconf 89' lang='lat' dir='ltr'><strong>ac</strong></span> <span class='ocrx_word' id='word_1_501' title='bbox 2671 2863 3147 2934; x_wconf 84' lang='lat' dir='ltr'><strong>contemplationi,</strong></span> <span class='ocrx_word' id='word_1_502' title='bbox 3174 2874 3238 2919; x_wconf 92' lang='lat' dir='ltr'><strong>ut</strong></span> <span class='ocrx_word' id='word_1_503' title='bbox 3264 2866 3574 2923; x_wconf 78' lang='lat' dir='ltr'><strong>libidinosae</strong></span> <span class='ocrx_word' id='word_1_504' title='bbox 3605 2875 3664 2924; x_wconf 90' lang='lat' dir='ltr'><strong>et</strong></span> 
     </span>
    </p>
   </div>
   <div class='ocr_carea' id='block_1_71' title="bbox 2083 2951 3659 3023">
    <p class='ocr_par' dir='ltr' id='par_1_71' title="bbox 2083 2951 3659 3023">
     <span class='ocr_line' id='line_1_72' title="bbox 2083 2951 3659 3023; baseline 0.003 -15"><span class='ocrx_word' id='word_1_505' title='bbox 2083 2967 2211 3008; x_wconf 85' lang='lat' dir='ltr'><strong>cum</strong></span> <span class='ocrx_word' id='word_1_506' title='bbox 2259 2951 2460 3007; x_wconf 67' lang='lat' dir='ltr'><strong>allecto</strong></span> <span class='ocrx_word' id='word_1_507' title='bbox 2506 2953 2868 3023; x_wconf 78' lang='lat' dir='ltr'><strong>cogitationes</strong></span> <span class='ocrx_word' id='word_1_508' title='bbox 2913 2955 2970 3010; x_wconf 89' lang='lat' dir='ltr'><strong>in</strong></span> <span class='ocrx_word' id='word_1_509' title='bbox 3005 2955 3089 3012; x_wconf 92' lang='lat' dir='ltr'><strong>eis</strong></span> <span class='ocrx_word' id='word_1_510' title='bbox 3136 2971 3346 3012; x_wconf 90' lang='lat' dir='ltr'><strong>moram</strong></span> <span class='ocrx_word' id='word_1_511' title='bbox 3395 2959 3659 3014; x_wconf 84' lang='lat' dir='ltr'><strong>trahant:</strong></span> 
     </span>
    </p>
   </div>
   <div class='ocr_carea' id='block_1_72' title="bbox 2083 3041 3665 3114">
    <p class='ocr_par' dir='ltr' id='par_1_72' title="bbox 2083 3041 3665 3114">
     <span class='ocr_line' id='line_1_73' title="bbox 2083 3041 3665 3114; baseline 0.004 -16"><span class='ocrx_word' id='word_1_512' title='bbox 2083 3056 2180 3098; x_wconf 89' lang='lat' dir='ltr'><strong>eos</strong></span> <span class='ocrx_word' id='word_1_513' title='bbox 2219 3041 2461 3112; x_wconf 84' lang='lat' dir='ltr'><strong>denique</strong></span> <span class='ocrx_word' id='word_1_514' title='bbox 2507 3043 2606 3113; x_wconf 89' lang='lat' dir='ltr'><strong>qui</strong></span> <span class='ocrx_word' id='word_1_515' title='bbox 2652 3043 2709 3098; x_wconf 89' lang='lat' dir='ltr'><strong>in</strong></span> <span class='ocrx_word' id='word_1_516' title='bbox 2752 3044 2971 3100; x_wconf 84' lang='lat' dir='ltr'><strong>actione</strong></span> <span class='ocrx_word' id='word_1_517' title='bbox 3017 3056 3298 3102; x_wconf 87' lang='lat' dir='ltr'><strong>certamen</strong></span> <span class='ocrx_word' id='word_1_518' title='bbox 3338 3047 3562 3114; x_wconf 86' lang='lat' dir='ltr'><strong>habent,</strong></span> <span class='ocrx_word' id='word_1_519' title='bbox 3602 3058 3665 3104; x_wconf 92' lang='lat' dir='ltr'><strong>ut</strong></span> 
     </span>
    </p>
   </div>
   <div class='ocr_carea' id='block_1_73' title="bbox 2007 3110 3661 3206">
    <p class='ocr_par' dir='ltr' id='par_1_73' title="bbox 2007 3110 3661 3206">
     <span class='ocr_line' id='line_1_74' title="bbox 2007 3110 3661 3206; baseline 0.004 -16"><span class='ocrx_word' id='word_1_520' title='bbox 2007 3110 2052 3168; x_wconf 56' lang='grc' dir='ltr'><strong>(ἶ</strong></span> <span class='ocrx_word' id='word_1_521' title='bbox 2086 3142 2209 3190; x_wconf 89' lang='lat' dir='ltr'><strong>actu</strong></span> <span class='ocrx_word' id='word_1_522' title='bbox 2253 3149 2317 3189; x_wconf 90' lang='lat' dir='ltr'><strong>ac</strong></span> <span class='ocrx_word' id='word_1_523' title='bbox 2352 3110 2473 3205; x_wconf 78' lang='lat' dir='ltr'><strong>ipso</strong></span> <span class='ocrx_word' id='word_1_524' title='bbox 2505 3110 2672 3205; x_wconf 79' lang='lat' dir='ltr'><strong>opere</strong></span> <span class='ocrx_word' id='word_1_525' title='bbox 2705 3151 2936 3206; x_wconf 78' lang='lat' dir='ltr'><strong>peccare</strong></span> <span class='ocrx_word' id='word_1_526' title='bbox 2965 3137 3253 3193; x_wconf 85' lang='lat' dir='ltr'><strong>suadeant.</strong></span> <span class='ocrx_word' id='word_1_527' title='bbox 3290 3138 3452 3192; x_wconf 86' lang='lat' dir='ltr'><strong>Omni</strong></span> <span class='ocrx_word' id='word_1_528' title='bbox 3477 3110 3661 3196; x_wconf 75' lang='lat' dir='ltr'><strong>autem</strong></span> 
     </span>
    </p>
   </div>
   <div class='ocr_carea' id='block_1_74' title="bbox 2086 3227 3663 3305">
    <p class='ocr_par' dir='ltr' id='par_1_74' title="bbox 2086 3227 3663 3305">
     <span class='ocr_line' id='line_1_75' title="bbox 2086 3227 3663 3305; baseline 0.005 -23"><span class='ocrx_word' id='word_1_529' title='bbox 2086 3228 2253 3284; x_wconf 92' lang='lat' dir='ltr'><strong>modo</strong></span> <span class='ocrx_word' id='word_1_530' title='bbox 2298 3227 2567 3289; x_wconf 89' lang='lat' dir='ltr'><strong>adversus</strong></span> <span class='ocrx_word' id='word_1_531' title='bbox 2614 3244 2829 3297; x_wconf 88' lang='lat' dir='ltr'><strong>omnes,</strong></span> <span class='ocrx_word' id='word_1_532' title='bbox 2865 3231 3118 3287; x_wconf 85' lang='lat' dir='ltr'><strong>scelerati</strong></span> <span class='ocrx_word' id='word_1_533' title='bbox 3167 3231 3456 3288; x_wconf 89' lang='lat' dir='ltr'><strong>decertant</strong></span> <span class='ocrx_word' id='word_1_534' title='bbox 3497 3242 3663 3305; x_wconf 85' lang='lat' dir='ltr'><strong>atque</strong></span> 
     </span>
    </p>
   </div>
   <div class='ocr_carea' id='block_1_75' title="bbox 2084 3319 3313 3394">
    <p class='ocr_par' dir='ltr' id='par_1_75' title="bbox 2084 3319 3313 3394">
     <span class='ocr_line' id='line_1_76' title="bbox 2084 3319 3313 3394; baseline 0.002 -20"><span class='ocrx_word' id='word_1_535' title='bbox 2084 3319 2388 3385; x_wconf 89' lang='lat' dir='ltr'><strong>luctantur,</strong></span> <span class='ocrx_word' id='word_1_536' title='bbox 2426 3330 2490 3376; x_wconf 90' lang='lat' dir='ltr'><strong>ut</strong></span> <span class='ocrx_word' id='word_1_537' title='bbox 2517 3320 2769 3377; x_wconf 88' lang='lat' dir='ltr'><strong>homines</strong></span> <span class='ocrx_word' id='word_1_538' title='bbox 2793 3337 2823 3376; x_wconf 92' lang='lat' dir='ltr'><strong>a</strong></span> <span class='ocrx_word' id='word_1_539' title='bbox 2850 3322 2963 3377; x_wconf 91' lang='lat' dir='ltr'><strong>Deo</strong></span> <span class='ocrx_word' id='word_1_540' title='bbox 2993 3322 3313 3394; x_wconf 84' lang='lat' dir='ltr'><strong>abjungant.</strong></span> 
     </span>
    </p>
   </div>
   <div class='ocr_carea' id='block_1_76' title="bbox 2155 3408 3664 3483">
    <p class='ocr_par' dir='ltr' id='par_1_76' title="bbox 2155 3408 3664 3483">
     <span class='ocr_line' id='line_1_77' title="bbox 2155 3408 3664 3483; baseline 0.004 -19"><span class='ocrx_word' id='word_1_541' title='bbox 2155 3409 2245 3464; x_wconf 78' lang='lat' dir='ltr'><strong>9i.</strong></span> <span class='ocrx_word' id='word_1_542' title='bbox 2281 3408 2388 3477; x_wconf 85' lang='lat' dir='ltr'><strong>Qui</strong></span> <span class='ocrx_word' id='word_1_543' title='bbox 2426 3410 2483 3465; x_wconf 92' lang='lat' dir='ltr'><strong>in</strong></span> <span class='ocrx_word' id='word_1_544' title='bbox 2523 3410 2629 3466; x_wconf 90' lang='lat' dir='ltr'><strong>hac</strong></span> <span class='ocrx_word' id='word_1_545' title='bbox 2674 3411 2894 3467; x_wconf 89' lang='lat' dir='ltr'><strong>mortali</strong></span> <span class='ocrx_word' id='word_1_546' title='bbox 2927 3413 3063 3478; x_wconf 87' lang='lat' dir='ltr'><strong>vita,</strong></span> <span class='ocrx_word' id='word_1_547' title='bbox 3096 3412 3286 3468; x_wconf 86' lang='lat' dir='ltr'><strong>divina</strong></span> <span class='ocrx_word' id='word_1_548' title='bbox 3319 3414 3664 3483; x_wconf 82' lang='lat' dir='ltr'><strong>providentia</strong></span> 
     </span>
    </p>
   </div>
   <div class='ocr_carea' id='block_1_77' title="bbox 2079 3500 3662 3575">
    <p class='ocr_par' dir='ltr' id='par_1_77' title="bbox 2079 3500 3662 3575">
     <span class='ocr_line' id='line_1_78' title="bbox 2079 3500 3662 3575; baseline 0.003 -19"><span class='ocrx_word' id='word_1_549' title='bbox 2079 3500 2149 3556; x_wconf 85' lang='lat' dir='ltr'><strong>ad</strong></span> <span class='ocrx_word' id='word_1_550' title='bbox 2181 3501 2443 3571; x_wconf 83' lang='lat' dir='ltr'><strong>pietatem</strong></span> <span class='ocrx_word' id='word_1_551' title='bbox 2469 3510 2819 3568; x_wconf 77' lang='lat' dir='ltr'><strong>exercentur,</strong></span> <span class='ocrx_word' id='word_1_552' title='bbox 2851 3502 3054 3572; x_wconf 88' lang='lat' dir='ltr'><strong>triplici</strong></span> <span class='ocrx_word' id='word_1_553' title='bbox 3075 3502 3179 3558; x_wconf 89' lang='lat' dir='ltr'><strong>hac</strong></span> <span class='ocrx_word' id='word_1_554' title='bbox 3206 3504 3513 3560; x_wconf 85' lang='lat' dir='ltr'><strong>tentatione</strong></span> <span class='ocrx_word' id='word_1_555' title='bbox 3532 3520 3662 3575; x_wconf 91' lang='lat' dir='ltr'><strong>pro-</strong></span> 
     </span>
    </p>
   </div>
   <div class='ocr_carea' id='block_1_78' title="bbox 2078 3593 3663 3668">
    <p class='ocr_par' dir='ltr' id='par_1_78' title="bbox 2078 3593 3663 3668">
     <span class='ocr_line' id='line_1_79' title="bbox 2078 3593 3663 3668; baseline 0.002 -17"><span class='ocrx_word' id='word_1_556' title='bbox 2078 3593 2308 3651; x_wconf 85' lang='lat' dir='ltr'><strong>bantur.</strong></span> <span class='ocrx_word' id='word_1_557' title='bbox 2342 3596 2437 3652; x_wconf 85' lang='lat' dir='ltr'><strong>Vel</strong></span> <span class='ocrx_word' id='word_1_558' title='bbox 2468 3595 2615 3665; x_wconf 91' lang='lat' dir='ltr'><strong>quod</strong></span> <span class='ocrx_word' id='word_1_559' title='bbox 2648 3595 2966 3652; x_wconf 87' lang='lat' dir='ltr'><strong>tribuantur</strong></span> <span class='ocrx_word' id='word_1_560' title='bbox 2995 3612 3118 3666; x_wconf 74' lang='lat' dir='ltr'><strong>quae</strong></span> <span class='ocrx_word' id='word_1_561' title='bbox 3143 3596 3325 3652; x_wconf 83' lang='lat' dir='ltr'><strong>dulcia</strong></span> <span class='ocrx_word' id='word_1_562' title='bbox 3347 3608 3498 3664; x_wconf 91' lang='lat' dir='ltr'><strong>sunt,</strong></span> <span class='ocrx_word' id='word_1_563' title='bbox 3529 3607 3663 3668; x_wconf 85' lang='lat' dir='ltr'><strong>puta</strong></span> 
     </span>
    </p>
   </div>
   <div class='ocr_carea' id='block_1_79' title="bbox 2083 3688 3661 3762">
    <p class='ocr_par' dir='ltr' id='par_1_79' title="bbox 2083 3688 3661 3762">
     <span class='ocr_line' id='line_1_80' title="bbox 2083 3688 3661 3762; baseline 0.003 -18"><span class='ocrx_word' id='word_1_564' title='bbox 2083 3690 2320 3755; x_wconf 85' lang='lat' dir='ltr'><strong>sanitas,</strong></span> <span class='ocrx_word' id='word_1_565' title='bbox 2376 3688 2763 3759; x_wconf 89' lang='lat' dir='ltr'><strong>pulchritudo,</strong></span> <span class='ocrx_word' id='word_1_566' title='bbox 2815 3689 3052 3760; x_wconf 85' lang='lat' dir='ltr'><strong>ingenua</strong></span> <span class='ocrx_word' id='word_1_567' title='bbox 3106 3691 3397 3761; x_wconf 83' lang='lat' dir='ltr'><strong>amplaque</strong></span> <span class='ocrx_word' id='word_1_568' title='bbox 3447 3693 3661 3762; x_wconf 79' lang='lat' dir='ltr'><strong>proles,</strong></span> 
     </span>
    </p>
   </div>
   <div class='ocr_carea' id='block_1_80' title="bbox 2080 3962 3660 4033">
    <p class='ocr_par' dir='ltr' id='par_1_80' title="bbox 2080 3962 3660 4033">
     <span class='ocr_line' id='line_1_81' title="bbox 2080 3962 3660 4033; baseline 0.002 -15"><span class='ocrx_word' id='word_1_569' title='bbox 2080 3963 2344 4019; x_wconf 88' lang='lat' dir='ltr'><strong>carnibus</strong></span> <span class='ocrx_word' id='word_1_570' title='bbox 2373 3962 2640 4019; x_wconf 90' lang='lat' dir='ltr'><strong>etlarido.</strong></span> <span class='ocrx_word' id='word_1_571' title='bbox 2678 3962 2898 4033; x_wconf 88' lang='lat' dir='ltr'><strong>Egregii</strong></span> <span class='ocrx_word' id='word_1_572' title='bbox 2919 3977 3054 4017; x_wconf 86' lang='lat' dir='ltr'><strong>vero</strong></span> <span class='ocrx_word' id='word_1_573' title='bbox 3071 3963 3421 4033; x_wconf 87' lang='lat' dir='ltr'><strong>interpretes.</strong></span> <span class='ocrx_word' id='word_1_574' title='bbox 3457 3964 3660 4033; x_wconf 79' lang='lat' dir='ltr'><strong>quibus</strong></span> 
     </span>
    </p>
   </div>
   <div class='ocr_carea' id='block_1_81' title="bbox 2081 4033 3659 4102">
    <p class='ocr_par' dir='ltr' id='par_1_81' title="bbox 2081 4033 3659 4102">
     <span class='ocr_line' id='line_1_82' title="bbox 2081 4033 3659 4102; baseline 0.001 -13"><span class='ocrx_word' id='word_1_575' title='bbox 2081 4035 2163 4090; x_wconf 91' lang='lat' dir='ltr'><strong>sic</strong></span> <span class='ocrx_word' id='word_1_576' title='bbox 2186 4035 2352 4090; x_wconf 90' lang='lat' dir='ltr'><strong>liceat</strong></span> <span class='ocrx_word' id='word_1_577' title='bbox 2380 4034 2435 4088; x_wconf 91' lang='lat' dir='ltr'><strong>in</strong></span> <span class='ocrx_word' id='word_1_578' title='bbox 2455 4033 2625 4088; x_wconf 90' lang='lat' dir='ltr'><strong>sacris</strong></span> <span class='ocrx_word' id='word_1_579' title='bbox 2660 4033 2873 4097; x_wconf 90' lang='lat' dir='ltr'><strong>ludere,</strong></span> <span class='ocrx_word' id='word_1_580' title='bbox 2921 4033 3005 4087; x_wconf 90' lang='lat' dir='ltr'><strong>vel</strong></span> <span class='ocrx_word' id='word_1_581' title='bbox 3032 4041 3313 4102; x_wconf 88' lang='lat' dir='ltr'><strong>stuporem</strong></span> <span class='ocrx_word' id='word_1_582' title='bbox 3343 4034 3659 4090; x_wconf 88' lang='lat' dir='ltr'><strong>ostendere.</strong></span> 
     </span>
    </p>
   </div>
   <div class='ocr_carea' id='block_1_82' title="bbox 2078 4102 3662 4175">
    <p class='ocr_par' dir='ltr' id='par_1_82' title="bbox 2078 4102 3662 4175">
     <span class='ocr_line' id='line_1_83' title="bbox 2078 4102 3662 4175; baseline 0.003 -17"><span class='ocrx_word' id='word_1_583' title='bbox 2078 4104 2198 4175; x_wconf 76' lang='lat' dir='ltr'><strong>Non</strong></span> <span class='ocrx_word' id='word_1_584' title='bbox 2235 4105 2393 4160; x_wconf 91' lang='lat' dir='ltr'><strong>licuit</strong></span> <span class='ocrx_word' id='word_1_585' title='bbox 2435 4102 2680 4158; x_wconf 81' lang='lat' dir='ltr'><strong>Hebraeis</strong></span> <span class='ocrx_word' id='word_1_586' title='bbox 2732 4103 3066 4172; x_wconf 89' lang='lat' dir='ltr'><strong>profecturis</strong></span> <span class='ocrx_word' id='word_1_587' title='bbox 3117 4118 3289 4173; x_wconf 89' lang='lat' dir='ltr'><strong>panes</strong></span> <span class='ocrx_word' id='word_1_588' title='bbox 3319 4118 3579 4175; x_wconf 89' lang='lat' dir='ltr'><strong>coquere,</strong></span> <span class='ocrx_word' id='word_1_589' title='bbox 3605 4115 3662 4162; x_wconf 92' lang='lat' dir='ltr'><strong>et</strong></span> 
     </span>
    </p>
   </div>
   <div class='ocr_carea' id='block_1_83' title="bbox 2079 4174 2845 4244">
    <p class='ocr_par' dir='ltr' id='par_1_83' title="bbox 2079 4174 2845 4244">
     <span class='ocr_line' id='line_1_84' title="bbox 2079 4174 2845 4244; baseline -0.003 -15"><span class='ocrx_word' id='word_1_590' title='bbox 2079 4174 2237 4231; x_wconf 88' lang='lat' dir='ltr'><strong>licuit</strong></span> <span class='ocrx_word' id='word_1_591' title='bbox 2261 4175 2589 4230; x_wconf 88' lang='lat' dir='ltr'><strong>salsamenta</strong></span> <span class='ocrx_word' id='word_1_592' title='bbox 2613 4188 2809 4244; x_wconf 88' lang='lat' dir='ltr'><strong>parare</strong></span> <span class='ocrx_word' id='word_1_593' title='bbox 2833 4175 2845 4227; x_wconf 88' lang='lat' dir='ltr'><strong>l</strong></span> 
     </span>
    </p>
   </div>
   <div class='ocr_carea' id='block_1_84' title="bbox 2154 4241 3660 4317">
    <p class='ocr_par' dir='ltr' id='par_1_84' title="bbox 2154 4241 3660 4317">
     <span class='ocr_line' id='line_1_85' title="bbox 2154 4241 3660 4317; baseline 0.001 -18"><span class='ocrx_word' id='word_1_594' title='bbox 2154 4244 2224 4317; x_wconf 91' lang='lat' dir='ltr'><strong>(e)</strong></span> <span class='ocrx_word' id='word_1_595' title='bbox 2254 4245 2421 4317; x_wconf 74' lang='grc' dir='ltr'>Τρεῖς</span> <span class='ocrx_word' id='word_1_596' title='bbox 2447 4241 2857 4317; x_wconf 37' lang='grc' dir='ltr'>εισιιξ-ἠθιξιαί</span> <span class='ocrx_word' id='word_1_597' title='bbox 2906 4241 3315 4317; x_wconf 52' lang='grc' dir='ltr'>κατωτᾴσειςη</span> <span class='ocrx_word' id='word_1_598' title='bbox 3344 4244 3660 4317; x_wconf 62' lang='grc' dir='ltr'><strong>⁸γιςοξιθιινὲντιει-</strong></span> 
     </span>
    </p>
   </div>
   <div class='ocr_carea' id='block_1_85' title="bbox 2074 4313 3656 4385">
    <p class='ocr_par' dir='ltr' id='par_1_85' title="bbox 2074 4313 3656 4385">
     <span class='ocr_line' id='line_1_86' title="bbox 2074 4313 3656 4385; baseline 0.001 -15"><span class='ocrx_word' id='word_1_599' title='bbox 2074 4313 2213 4383; x_wconf 54' lang='grc' dir='ltr'>ραι(</span> <span class='ocrx_word' id='word_1_600' title='bbox 2242 4316 2501 4372; x_wconf 77' lang='lat' dir='ltr'><strong>Videntur</strong></span> <span class='ocrx_word' id='word_1_601' title='bbox 2534 4313 2731 4385; x_wconf 80' lang='lat' dir='ltr'><strong>triplex</strong></span> <span class='ocrx_word' id='word_1_602' title='bbox 2750 4313 2860 4385; x_wconf 81' lang='lat' dir='ltr'><strong>iste</strong></span> <span class='ocrx_word' id='word_1_603' title='bbox 2886 4313 3363 4385; x_wconf 82' lang='lat' dir='ltr'><strong>exercentiumad</strong></span> <span class='ocrx_word' id='word_1_604' title='bbox 3400 4314 3656 4383; x_wconf 88' lang='lat' dir='ltr'><strong>pietatem</strong></span> 
     </span>
    </p>
   </div>
   <div class='ocr_carea' id='block_1_86' title="bbox 396 4382 3658 4460">
    <p class='ocr_par' dir='ltr' id='par_1_86' title="bbox 396 4382 3658 4460">
     <span class='ocr_line' id='line_1_87' title="bbox 396 4382 3658 4460; baseline 0.001 -22"><span class='ocrx_word' id='word_1_605' title='bbox 396 4385 605 4456; x_wconf 86' lang='grc' dir='ltr'>πικρίς.</span> <span class='ocrx_word' id='word_1_606' title='bbox 631 4384 949 4460; x_wconf 57' lang='grc' dir='ltr'><strong>Δι-ειὶίίίιιιιιιε</strong></span> <span class='ocrx_word' id='word_1_607' title='bbox 974 4383 1118 4460; x_wconf 79' lang='lat' dir='ltr'><strong>G_a_za</strong></span> <span class='ocrx_word' id='word_1_608' title='bbox 1161 4382 1307 4453; x_wconf 90' lang='lat' dir='ltr'><strong>apud</strong></span> <span class='ocrx_word' id='word_1_609' title='bbox 1354 4382 1521 4460; x_wconf 49' lang='lat' dir='ltr'><strong>{\risg.</strong></span> <span class='ocrx_word' id='word_1_610' title='bbox 1579 4391 1637 4460; x_wconf 82' lang='lat' dir='ltr'><strong>et</strong></span> <span class='ocrx_word' id='word_1_611' title='bbox 1692 4382 1970 4453; x_wconf 81' lang='lat' dir='ltr'><strong>Theophr.</strong></span> <span class='ocrx_word' id='word_1_612' title='bbox 2008 4404 2050 4460; x_wconf 80' lang='grc' dir='ltr'>υ</span> <span class='ocrx_word' id='word_1_613' title='bbox 2076 4382 2283 4460; x_wconf 67' lang='lat' dir='ltr'><strong>gradus</strong></span> <span class='ocrx_word' id='word_1_614' title='bbox 2323 4402 2387 4441; x_wconf 89' lang='lat' dir='ltr'><strong>ac</strong></span> <span class='ocrx_word' id='word_1_615' title='bbox 2414 4382 2938 4460; x_wconf 62' lang='lat' dir='ltr'><strong>status,&#39;e_xplicatip</strong></span> <span class='ocrx_word' id='word_1_616' title='bbox 2971 4385 3090 4455; x_wconf 83' lang='lat' dir='ltr'><strong>ejus</strong></span> <span class='ocrx_word' id='word_1_617' title='bbox 3140 4384 3286 4460; x_wconf 81' lang='lat' dir='ltr'><strong>quod</strong></span> <span class='ocrx_word' id='word_1_618' title='bbox 3316 4382 3529 4440; x_wconf 80' lang='lat' dir='ltr'><strong>dixerat</strong></span> <span class='ocrx_word' id='word_1_619' title='bbox 3564 4401 3658 4441; x_wconf 89' lang='lat' dir='ltr'><strong>su-</strong></span> 
     </span>
    </p>
   </div>
   <div class='ocr_carea' id='block_1_87' title="bbox 396 4452 1972 4525">
    <p class='ocr_par' dir='ltr' id='par_1_87' title="bbox 396 4452 1972 4525">
     <span class='ocr_line' id='line_1_88' title="bbox 396 4452 1972 4525; baseline -0.001 -15"><span class='ocrx_word' id='word_1_620' title='bbox 396 4452 785 4525; x_wconf 82' lang='lat' dir='ltr'><strong>amaraginem.</strong></span> <span class='ocrx_word' id='word_1_621' title='bbox 818 4452 960 4525; x_wconf 86' lang='lat' dir='ltr'><strong>Plin.</strong></span> <span class='ocrx_word' id='word_1_622' title='bbox 1008 4452 1109 4506; x_wconf 88' lang='lat' dir='ltr'><strong>lib.</strong></span> <span class='ocrx_word' id='word_1_623' title='bbox 1131 4452 1434 4525; x_wconf 12' lang='lat' dir='ltr'><strong>sii,i.c.8:</strong></span> <span class='ocrx_word' id='word_1_624' title='bbox 1472 4452 1763 4525; x_wconf 76' lang='lat' dir='ltr'><strong>Pessimum</strong></span> <span class='ocrx_word' id='word_1_625' title='bbox 1809 4470 1972 4525; x_wconf 77' lang='lat' dir='ltr'><strong>genus</strong></span> 
     </span>
    </p>
   </div>
   <div class='ocr_carea' id='block_1_88' title="bbox 394 4523 1969 4595">
    <p class='ocr_par' dir='ltr' id='par_1_88' title="bbox 394 4523 1969 4595">
     <span class='ocr_line' id='line_1_89' title="bbox 394 4523 1969 4595; baseline -0.001 -16"><span class='ocrx_word' id='word_1_626' title='bbox 394 4541 514 4595; x_wconf 81' lang='lat' dir='ltr'><strong>cum</strong></span> <span class='ocrx_word' id='word_1_627' title='bbox 540 4523 944 4595; x_wconf 66' lang='lat' dir='ltr'><strong>exprobratione</strong></span> <span class='ocrx_word' id='word_1_628' title='bbox 970 4523 1349 4595; x_wconf 73' lang='lat' dir='ltr'><strong>amaritudinis</strong></span> <span class='ocrx_word' id='word_1_629' title='bbox 1367 4524 1723 4595; x_wconf 63' lang='lat' dir='ltr'><strong>appellavere</strong></span> <span class='ocrx_word' id='word_1_630' title='bbox 1747 4523 1969 4595; x_wconf 69' lang='lat' dir='ltr'><strong>pici-ida.</strong></span> 
     </span>
    </p>
   </div>
   <div class='ocr_carea' id='block_1_89' title="bbox 395 4590 1972 4665">
    <p class='ocr_par' dir='ltr' id='par_1_89' title="bbox 395 4590 1972 4665">
     <span class='ocr_line' id='line_1_90' title="bbox 395 4590 1972 4665; baseline -0.002 -16"><span class='ocrx_word' id='word_1_631' title='bbox 395 4594 579 4650; x_wconf 87' lang='lat' dir='ltr'><strong>Diosc.</strong></span> <span class='ocrx_word' id='word_1_632' title='bbox 605 4590 673 4650; x_wconf 78' lang='grc'><strong>’1.</strong></span> <span class='ocrx_word' id='word_1_633' title='bbox 731 4610 792 4658; x_wconf 84' lang='grc' dir='ltr'>ιι,</span> <span class='ocrx_word' id='word_1_634' title='bbox 826 4592 939 4665; x_wconf 8' lang='grc'><strong>7160</strong></span> <span class='ocrx_word' id='word_1_635' title='bbox 963 4593 1176 4665; x_wconf 27' lang='grc' dir='ltr'>ιηδέρας</span> <span class='ocrx_word' id='word_1_636' title='bbox 1239 4590 1424 4665; x_wconf 43' lang='grc' dir='ltr'>δισσὴ.</span> <span class='ocrx_word' id='word_1_637' title='bbox 1447 4590 1533 4647; x_wconf 75' lang='grc' dir='ltr'><strong>’ὧν</strong></span> <span class='ocrx_word' id='word_1_638' title='bbox 1562 4595 1594 4665; x_wconf 78' lang='grc' dir='ltr'><strong>ῂ</strong></span> <span class='ocrx_word' id='word_1_639' title='bbox 1672 4590 1771 4665; x_wconf 65' lang='grc' dir='ltr'><strong>μὲν</strong></span> <span class='ocrx_word' id='word_1_640' title='bbox 1804 4593 1972 4665; x_wconf 75' lang='grc' dir='ltr'>ἀγρία</span> 
     </span>
    </p>
   </div>
   <div class='ocr_carea' id='block_1_90' title="bbox 399 4660 1971 4736">
    <p class='ocr_par' dir='ltr' id='par_1_90' title="bbox 399 4660 1971 4736">
     <span class='ocr_line' id='line_1_91' title="bbox 399 4660 1971 4736; baseline 0.002 -20"><span class='ocrx_word' id='word_1_641' title='bbox 399 4666 604 4735; x_wconf 73' lang='grc' dir='ltr'>πικρὶς,</span> <span class='ocrx_word' id='word_1_642' title='bbox 654 4667 696 4736; x_wconf 14' lang='grc' dir='ltr'><strong>ίή</strong></span> <span class='ocrx_word' id='word_1_643' title='bbox 751 4664 846 4717; x_wconf 74' lang='grc' dir='ltr'><strong>καὶ</strong></span> <span class='ocrx_word' id='word_1_644' title='bbox 879 4660 1137 4736; x_wconf 79' lang='grc' dir='ltr'>κιχώριον</span> <span class='ocrx_word' id='word_1_645' title='bbox 1187 4660 1528 4736; x_wconf 15' lang='grc' dir='ltr'>καλουμένη.»</span> <span class='ocrx_word' id='word_1_646' title='bbox 1564 4660 1971 4736; x_wconf 83' lang='lat' dir='ltr'><strong>intybum</strong></span> 
     </span>
    </p>
   </div>
   <div class='ocr_carea' id='block_1_91' title="bbox 395 4731 1975 4804">
    <p class='ocr_par' dir='ltr' id='par_1_91' title="bbox 395 4731 1975 4804">
     <span class='ocr_line' id='line_1_92' title="bbox 395 4731 1975 4804; baseline 0.001 -17"><span class='ocrx_word' id='word_1_647' title='bbox 395 4731 706 4803; x_wconf 78' lang='lat' dir='ltr'><strong>agreste,in</strong></span> <span class='ocrx_word' id='word_1_648' title='bbox 732 4748 844 4804; x_wconf 92' lang='lat' dir='ltr'><strong>quo</strong></span> <span class='ocrx_word' id='word_1_649' title='bbox 860 4731 1089 4804; x_wconf 86' lang='lat' dir='ltr'><strong>perinde</strong></span> <span class='ocrx_word' id='word_1_650' title='bbox 1125 4745 1190 4786; x_wconf 88' lang='lat' dir='ltr'><strong>ac</strong></span> <span class='ocrx_word' id='word_1_651' title='bbox 1221 4731 1564 4804; x_wconf 75' lang='lat' dir='ltr'><strong>inplacentis</strong></span> <span class='ocrx_word' id='word_1_652' title='bbox 1615 4731 1975 4788; x_wconf 79' lang='lat' dir='ltr'><strong>infermenta-</strong></span> 
     </span>
    </p>
   </div>
   <div class='ocr_carea' id='block_1_92' title="bbox 396 4800 1972 4874">
    <p class='ocr_par' dir='ltr' id='par_1_92' title="bbox 396 4800 1972 4874">
     <span class='ocr_line' id='line_1_93' title="bbox 396 4800 1972 4874; baseline 0.002 -18"><span class='ocrx_word' id='word_1_653' title='bbox 396 4800 490 4868; x_wconf 59' lang='grc' dir='ltr'>σε,</span> <span class='ocrx_word' id='word_1_654' title='bbox 515 4805 693 4859; x_wconf 84' lang='lat' dir='ltr'><strong>voluit</strong></span> <span class='ocrx_word' id='word_1_655' title='bbox 720 4800 879 4874; x_wconf 64' lang='lat' dir='ltr'><strong>Deus</strong></span> <span class='ocrx_word' id='word_1_656' title='bbox 914 4800 1315 4874; x_wconf 35' lang='lat' dir='ltr'><strong>repraesentati’</strong></span> <span class='ocrx_word' id='word_1_657' title='bbox 1344 4800 1752 4874; x_wconf 80' lang='lat' dir='ltr'><strong>festinationem</strong></span> <span class='ocrx_word' id='word_1_658' title='bbox 1819 4804 1972 4859; x_wconf 91' lang='lat' dir='ltr'><strong>illam</strong></span> 
     </span>
    </p>
   </div>
   <div class='ocr_carea' id='block_1_93' title="bbox 395 4870 1974 4945">
    <p class='ocr_par' dir='ltr' id='par_1_93' title="bbox 395 4870 1974 4945">
     <span class='ocr_line' id='line_1_94' title="bbox 395 4870 1974 4945; baseline 0.001 -18"><span class='ocrx_word' id='word_1_659' title='bbox 395 4888 653 4945; x_wconf 81' lang='lat' dir='ltr'><strong>egressus</strong></span> <span class='ocrx_word' id='word_1_660' title='bbox 670 4889 740 4945; x_wconf 77' lang='lat' dir='ltr'><strong>e_x</strong></span> <span class='ocrx_word' id='word_1_661' title='bbox 770 4870 1200 4945; x_wconf 13' lang='lat' dir='ltr'><strong>Egyptd,gquasi</strong></span> <span class='ocrx_word' id='word_1_662' title='bbox 1229 4872 1585 4928; x_wconf 88' lang='lat' dir='ltr'><strong>tumultuarie</strong></span> <span class='ocrx_word' id='word_1_663' title='bbox 1603 4882 1660 4928; x_wconf 92' lang='lat' dir='ltr'><strong>et</strong></span> <span class='ocrx_word' id='word_1_664' title='bbox 1710 4874 1974 4945; x_wconf 90' lang='lat' dir='ltr'><strong>i_mprovi-</strong></span> 
     </span>
    </p>
   </div>
   <div class='ocr_carea' id='block_1_94' title="bbox 395 4942 1975 5015">
    <p class='ocr_par' dir='ltr' id='par_1_94' title="bbox 395 4942 1975 5015">
     <span class='ocr_line' id='line_1_95' title="bbox 395 4942 1975 5015; baseline 0 -16"><span class='ocrx_word' id='word_1_665' title='bbox 395 4959 455 4999; x_wconf 88' lang='lat' dir='ltr'><strong>se</strong></span> <span class='ocrx_word' id='word_1_666' title='bbox 482 4944 634 4999; x_wconf 87' lang='lat' dir='ltr'><strong>nullo</strong></span> <span class='ocrx_word' id='word_1_667' title='bbox 659 4943 727 5015; x_wconf 86' lang='lat' dir='ltr'><strong>ad</strong></span> <span class='ocrx_word' id='word_1_668' title='bbox 767 4942 978 5015; x_wconf 71' lang='lat' dir='ltr'><strong>tantum</strong></span> <span class='ocrx_word' id='word_1_669' title='bbox 1022 4942 1134 5015; x_wconf 87' lang='lat' dir='ltr'><strong>iter</strong></span> <span class='ocrx_word' id='word_1_670' title='bbox 1198 4952 1529 5009; x_wconf 88' lang='lat' dir='ltr'><strong>commeatu,</strong></span> <span class='ocrx_word' id='word_1_671' title='bbox 1564 4959 1663 5015; x_wconf 81' lang='lat' dir='ltr'><strong>per</strong></span> <span class='ocrx_word' id='word_1_672' title='bbox 1693 4943 1975 5015; x_wconf 53' lang='lat' dir='ltr'><strong>Egyptio-</strong></span> 
     </span>
    </p>
   </div>
   <div class='ocr_carea' id='block_1_95' title="bbox 396 5013 1971 5085">
    <p class='ocr_par' dir='ltr' id='par_1_95' title="bbox 396 5013 1971 5085">
     <span class='ocr_line' id='line_1_96' title="bbox 396 5013 1971 5085; baseline 0.002 -20"><span class='ocrx_word' id='word_1_673' title='bbox 396 5028 522 5067; x_wconf 85' lang='lat' dir='ltr'><strong>rum</strong></span> <span class='ocrx_word' id='word_1_674' title='bbox 557 5013 952 5083; x_wconf 79' lang='lat' dir='ltr'><strong>expellentium</strong></span> <span class='ocrx_word' id='word_1_675' title='bbox 980 5014 1132 5085; x_wconf 42' lang='lat' dir='ltr'><strong>vimg</strong></span> <span class='ocrx_word' id='word_1_676' title='bbox 1168 5021 1229 5067; x_wconf 86' lang='lat' dir='ltr'><strong>ut</strong></span> <span class='ocrx_word' id='word_1_677' title='bbox 1255 5021 1597 5085; x_wconf 60' lang='lat' dir='ltr'><strong>cum_satyra;</strong></span> <span class='ocrx_word' id='word_1_678' title='bbox 1625 5013 1812 5085; x_wconf 80' lang='lat' dir='ltr'><strong>herbae</strong></span> <span class='ocrx_word' id='word_1_679' title='bbox 1834 5013 1971 5068; x_wconf 34' lang='lat' dir='ltr'><strong>’non</strong></span> 
     </span>
    </p>
   </div>
   <div class='ocr_carea' id='block_1_96' title="bbox 396 5082 1973 5165">
    <p class='ocr_par' dir='ltr' id='par_1_96' title="bbox 396 5082 1973 5165">
     <span class='ocr_line' id='line_1_97' title="bbox 396 5082 1973 5165; baseline 0.002 -29"><span class='ocrx_word' id='word_1_680' title='bbox 396 5082 879 5165; x_wconf 43' lang='lat' dir='ltr'><strong>suppeterent.,_‘ex</strong></span> <span class='ocrx_word' id='word_1_681' title='bbox 904 5082 1215 5165; x_wconf 63' lang='lat' dir='ltr'><strong>agrestibus</strong></span> <span class='ocrx_word' id='word_1_682' title='bbox 1232 5082 1546 5165; x_wconf 71' lang='lat' dir='ltr'><strong>supplenda</strong></span> <span class='ocrx_word' id='word_1_683' title='bbox 1572 5083 1973 5165; x_wconf 66' lang='lat' dir='ltr'><strong>fuerit_carum</strong></span> 
     </span>
    </p>
   </div>
   <div class='ocr_carea' id='block_1_97' title="bbox 399 5152 1974 5236">
    <p class='ocr_par' dir='ltr' id='par_1_97' title="bbox 399 5152 1974 5236">
     <span class='ocr_line' id='line_1_98' title="bbox 399 5152 1974 5236; baseline 0.002 -30"><span class='ocrx_word' id='word_1_684' title='bbox 399 5152 584 5236; x_wconf 74' lang='lat' dir='ltr'><strong>inopia</strong></span> <span class='ocrx_word' id='word_1_685' title='bbox 616 5171 629 5207; x_wconf 93' lang='lat'><strong>:</strong></span> <span class='ocrx_word' id='word_1_686' title='bbox 656 5170 726 5209; x_wconf 77' lang='lat' dir='ltr'><strong>ex</strong></span> <span class='ocrx_word' id='word_1_687' title='bbox 755 5153 851 5208; x_wconf 93' lang='lat' dir='ltr'><strong>illo</strong></span> <span class='ocrx_word' id='word_1_688' title='bbox 881 5152 1094 5236; x_wconf 69' lang='lat' dir='ltr'><strong>scilicet</strong></span> <span class='ocrx_word' id='word_1_689' title='bbox 1111 5152 1286 5236; x_wconf 66' lang='lat' dir='ltr'><strong>intybi</strong></span> <span class='ocrx_word' id='word_1_690' title='bbox 1306 5168 1526 5234; x_wconf 78' lang='lat' dir='ltr'><strong>genere,</strong></span> <span class='ocrx_word' id='word_1_691' title='bbox 1553 5153 1701 5236; x_wconf 72' lang='lat' dir='ltr'><strong>quod</strong></span> <span class='ocrx_word' id='word_1_692' title='bbox 1714 5153 1791 5236; x_wconf 68' lang='lat' dir='ltr'><strong>ab</strong></span> <span class='ocrx_word' id='word_1_693' title='bbox 1825 5169 1974 5236; x_wconf 85' lang='lat' dir='ltr'><strong>ama-</strong></span> 
     </span>
    </p>
   </div>
   <div class='ocr_carea' id='block_1_98' title="bbox 401 5222 1968 5293">
    <p class='ocr_par' dir='ltr' id='par_1_98' title="bbox 401 5222 1968 5293">
     <span class='ocr_line' id='line_1_99' title="bbox 401 5222 1968 5293; baseline 0.003 -19"><span class='ocrx_word' id='word_1_694' title='bbox 401 5222 642 5279; x_wconf 89' lang='lat' dir='ltr'><strong>ritudine</strong></span> <span class='ocrx_word' id='word_1_695' title='bbox 666 5238 867 5278; x_wconf 89' lang='lat' dir='ltr'><strong>nomen</strong></span> <span class='ocrx_word' id='word_1_696' title='bbox 882 5224 1068 5290; x_wconf 89' lang='lat' dir='ltr'><strong>habet,</strong></span> <span class='ocrx_word' id='word_1_697' title='bbox 1104 5222 1346 5293; x_wconf 72' lang='lat' dir='ltr'><strong>satisque</strong></span> <span class='ocrx_word' id='word_1_698' title='bbox 1385 5222 1565 5293; x_wconf 90' lang='lat' dir='ltr'><strong>ipsum</strong></span> <span class='ocrx_word' id='word_1_699' title='bbox 1591 5224 1813 5280; x_wconf 91' lang='lat' dir='ltr'><strong>salubre</strong></span> <span class='ocrx_word' id='word_1_700' title='bbox 1840 5235 1925 5281; x_wconf 89' lang='lat' dir='ltr'><strong>est</strong></span> <span class='ocrx_word' id='word_1_701' title='bbox 1956 5243 1968 5279; x_wconf 94' lang='lat'><strong>:</strong></span> 
     </span>
    </p>
   </div>
   <div class='ocr_carea' id='block_1_99' title="bbox 398 5291 1974 5374">
    <p class='ocr_par' dir='ltr' id='par_1_99' title="bbox 398 5291 1974 5374">
     <span class='ocr_line' id='line_1_100' title="bbox 398 5291 1974 5374; baseline 0.003 -28"><span class='ocrx_word' id='word_1_702' title='bbox 398 5293 559 5374; x_wconf 70' lang='lat' dir='ltr'><strong>cujus</strong></span> <span class='ocrx_word' id='word_1_703' title='bbox 598 5294 826 5374; x_wconf 85' lang='lat' dir='ltr'><strong>multam</strong></span> <span class='ocrx_word' id='word_1_704' title='bbox 856 5294 1073 5374; x_wconf 80' lang='lat' dir='ltr'><strong>copiam</strong></span> <span class='ocrx_word' id='word_1_705' title='bbox 1112 5292 1168 5347; x_wconf 86' lang='lat' dir='ltr'><strong>in</strong></span> <span class='ocrx_word' id='word_1_706' title='bbox 1200 5291 1634 5374; x_wconf 43' lang='lat' dir='ltr'><strong>@gyptﬁpotuit</strong></span> <span class='ocrx_word' id='word_1_707' title='bbox 1656 5309 1799 5374; x_wconf 78' lang='lat' dir='ltr'><strong>esse,</strong></span> <span class='ocrx_word' id='word_1_708' title='bbox 1833 5309 1974 5364; x_wconf 90' lang='lat' dir='ltr'><strong>pene</strong></span> 
     </span>
    </p>
   </div>
   <div class='ocr_carea' id='block_1_100' title="bbox 393 5362 1973 5487">
    <p class='ocr_par' dir='ltr' id='par_1_100' title="bbox 393 5362 1973 5487">
     <span class='ocr_line' id='line_1_101' title="bbox 393 5362 1973 5487; baseline 0.004 -73"><span class='ocrx_word' id='word_1_709' title='bbox 393 5362 508 5487; x_wconf 54' lang='lat' dir='ltr'><strong>Em</strong></span> <span class='ocrx_word' id='word_1_710' title='bbox 531 5362 757 5419; x_wconf 88' lang='lat' dir='ltr'><strong>ineunte</strong></span> <span class='ocrx_word' id='word_1_711' title='bbox 781 5372 990 5429; x_wconf 63' lang='lat' dir='ltr'><strong>testate,</strong></span> <span class='ocrx_word' id='word_1_712' title='bbox 1011 5362 1111 5434; x_wconf 87' lang='lat' dir='ltr'><strong>pro</strong></span> <span class='ocrx_word' id='word_1_713' title='bbox 1129 5362 1366 5434; x_wconf 76' lang='lat' dir='ltr'><strong>regionis</strong></span> <span class='ocrx_word' id='word_1_714' title='bbox 1387 5362 1536 5418; x_wconf 91' lang='lat' dir='ltr'><strong>illius</strong></span> <span class='ocrx_word' id='word_1_715' title='bbox 1556 5362 1973 5433; x_wconf 65' lang='lat' dir='ltr'><strong>temperie,cum</strong></span> 
     </span>
     <span class='ocr_line' id='line_1_102' title="bbox 450 5431 1973 5487; baseline 0.001 -1"><span class='ocrx_word' id='word_1_716' title='bbox 450 5431 658 5487; x_wconf 69' lang='lat' dir='ltr'><strong>ebraeos</strong></span> <span class='ocrx_word' id='word_1_717' title='bbox 679 5434 857 5487; x_wconf 83' lang='lat' dir='ltr'><strong>primo</strong></span> <span class='ocrx_word' id='word_1_718' title='bbox 883 5449 1070 5487; x_wconf 87' lang='lat' dir='ltr'><strong>mense</strong></span> <span class='ocrx_word' id='word_1_719' title='bbox 1090 5448 1154 5487; x_wconf 89' lang='lat' dir='ltr'><strong>ea</strong></span> <span class='ocrx_word' id='word_1_720' title='bbox 1175 5432 1403 5487; x_wconf 69' lang='lat' dir='ltr'><strong>contulit</strong></span> <span class='ocrx_word' id='word_1_721' title='bbox 1423 5433 1595 5487; x_wconf 78' lang='lat' dir='ltr'><strong>exire.</strong></span> <span class='ocrx_word' id='word_1_722' title='bbox 1632 5432 1973 5487; x_wconf 70' lang='lat' dir='ltr'><strong>Salsamenta</strong></span> 
     </span>
    </p>
   </div>
   <div class='ocr_carea' id='block_1_101' title="bbox 450 5431 1974 5503">
    <p class='ocr_par' dir='ltr' id='par_1_101' title="bbox 450 5431 1974 5503">
     <span class='ocr_line' id='line_1_103' title="bbox 450 5431 1974 5503; baseline 0.003 -17"><span class='ocrx_word' id='word_1_723' title='bbox 450 5431 658 5503; x_wconf 70' lang='lat' dir='ltr'><strong>ebraaos</strong></span> <span class='ocrx_word' id='word_1_724' title='bbox 679 5434 857 5503; x_wconf 91' lang='lat' dir='ltr'><strong>primo</strong></span> <span class='ocrx_word' id='word_1_725' title='bbox 883 5431 1070 5503; x_wconf 72' lang='lat' dir='ltr'><strong>mense</strong></span> <span class='ocrx_word' id='word_1_726' title='bbox 1090 5448 1154 5489; x_wconf 88' lang='lat' dir='ltr'><strong>ea</strong></span> <span class='ocrx_word' id='word_1_727' title='bbox 1175 5431 1403 5503; x_wconf 77' lang='lat' dir='ltr'><strong>contigit</strong></span> <span class='ocrx_word' id='word_1_728' title='bbox 1423 5433 1595 5489; x_wconf 78' lang='lat' dir='ltr'><strong>exire.</strong></span> <span class='ocrx_word' id='word_1_729' title='bbox 1632 5431 1974 5491; x_wconf 71' lang='lat' dir='ltr'><strong>Salsamenta</strong></span> 
     </span>
    </p>
   </div>
   <div class='ocr_carea' id='block_1_102' title="bbox 399 5501 1975 5575">
    <p class='ocr_par' dir='ltr' id='par_1_102' title="bbox 399 5501 1975 5575">
     <span class='ocr_line' id='line_1_104' title="bbox 399 5501 1975 5575; baseline 0.005 -21"><span class='ocrx_word' id='word_1_730' title='bbox 399 5501 496 5571; x_wconf 88' lang='lat' dir='ltr'><strong>qui</strong></span> <span class='ocrx_word' id='word_1_731' title='bbox 529 5501 966 5575; x_wconf 69' lang='lat' dir='ltr'><strong>redderet,unus</strong></span> <span class='ocrx_word' id='word_1_732' title='bbox 994 5501 1198 5575; x_wconf 75' lang='lat' dir='ltr'><strong>Obsop.</strong></span> <span class='ocrx_word' id='word_1_733' title='bbox 1226 5501 1624 5575; x_wconf 77' lang='lat' dir='ltr'><strong>exspectandus</strong></span> <span class='ocrx_word' id='word_1_734' title='bbox 1644 5514 1784 5569; x_wconf 86' lang='lat' dir='ltr'><strong>erat,</strong></span> <span class='ocrx_word' id='word_1_735' title='bbox 1815 5504 1975 5575; x_wconf 88' lang='lat' dir='ltr'><strong>eique</strong></span> 
     </span>
    </p>
   </div>
   <div class='ocr_carea' id='block_1_103' title="bbox 399 5572 1977 5645">
    <p class='ocr_par' dir='ltr' id='par_1_103' title="bbox 399 5572 1977 5645">
     <span class='ocr_line' id='line_1_105' title="bbox 399 5572 1977 5645; baseline 0.003 -20"><span class='ocrx_word' id='word_1_736' title='bbox 399 5586 611 5645; x_wconf 83' lang='lat' dir='ltr'><strong>morem</strong></span> <span class='ocrx_word' id='word_1_737' title='bbox 629 5589 846 5645; x_wconf 84' lang='lat' dir='ltr'><strong>gerens,</strong></span> <span class='ocrx_word' id='word_1_738' title='bbox 867 5572 1035 5645; x_wconf 85' lang='lat' dir='ltr'><strong>Gesn.</strong></span> <span class='ocrx_word' id='word_1_739' title='bbox 1058 5573 1257 5645; x_wconf 84' lang='lat' dir='ltr'><strong>Notum</strong></span> <span class='ocrx_word' id='word_1_740' title='bbox 1273 5573 1411 5645; x_wconf 79' lang='lat' dir='ltr'><strong>quid</strong></span> <span class='ocrx_word' id='word_1_741' title='bbox 1430 5573 1778 5639; x_wconf 80' lang='lat' dir='ltr'><strong>salsamenta,</strong></span> <span class='ocrx_word' id='word_1_742' title='bbox 1826 5572 1977 5645; x_wconf 72' lang='grc' dir='ltr'>ταρι-</span> 
     </span>
    </p>
   </div>
   <div class='ocr_carea' id='block_1_104' title="bbox 400 5640 1974 5714">
    <p class='ocr_par' dir='ltr' id='par_1_104' title="bbox 400 5640 1974 5714">
     <span class='ocr_line' id='line_1_106' title="bbox 400 5640 1974 5714; baseline 0.006 -22"><span class='ocrx_word' id='word_1_743' title='bbox 400 5640 671 5714; x_wconf 76' lang='grc' dir='ltr'>χεόματᾱ.</span> <span class='ocrx_word' id='word_1_744' title='bbox 699 5641 754 5697; x_wconf 92' lang='lat' dir='ltr'><strong>in</strong></span> <span class='ocrx_word' id='word_1_745' title='bbox 780 5643 1027 5712; x_wconf 89' lang='lat' dir='ltr'><strong>piscibus</strong></span> <span class='ocrx_word' id='word_1_746' title='bbox 1058 5640 1328 5713; x_wconf 66' lang='lat' dir='ltr'><strong>praecipue</strong></span> <span class='ocrx_word' id='word_1_747' title='bbox 1361 5643 1528 5708; x_wconf 85' lang='lat' dir='ltr'><strong>dicta,</strong></span> <span class='ocrx_word' id='word_1_748' title='bbox 1588 5645 1684 5714; x_wconf 87' lang='lat' dir='ltr'><strong>qui</strong></span> <span class='ocrx_word' id='word_1_749' title='bbox 1750 5646 1832 5703; x_wconf 86' lang='lat' dir='ltr'><strong>sic</strong></span> <span class='ocrx_word' id='word_1_750' title='bbox 1863 5640 1974 5702; x_wconf 81' lang='lat' dir='ltr'><strong>sale</strong></span> 
     </span>
    </p>
   </div>
   <div class='ocr_carea' id='block_1_105' title="bbox 403 5710 1972 5785">
    <p class='ocr_par' dir='ltr' id='par_1_105' title="bbox 403 5710 1972 5785">
     <span class='ocr_line' id='line_1_107' title="bbox 403 5710 1972 5785; baseline 0.003 -19"><span class='ocrx_word' id='word_1_751' title='bbox 403 5710 741 5767; x_wconf 61' lang='lat' dir='ltr'><strong>tondiuntur</strong></span> <span class='ocrx_word' id='word_1_752' title='bbox 782 5710 838 5768; x_wconf 80' lang='lat' dir='ltr'><strong>et</strong></span> <span class='ocrx_word' id='word_1_753' title='bbox 894 5710 1246 5768; x_wconf 74' lang='lat' dir='ltr'><strong>macerantur</strong></span> <span class='ocrx_word' id='word_1_754' title='bbox 1280 5729 1294 5767; x_wconf 88' lang='lat'><strong>:</strong></span> <span class='ocrx_word' id='word_1_755' title='bbox 1327 5710 1658 5785; x_wconf 74' lang='lat' dir='ltr'><strong>quandoque</strong></span> <span class='ocrx_word' id='word_1_756' title='bbox 1704 5715 1871 5771; x_wconf 89' lang='lat' dir='ltr'><strong>etiam</strong></span> <span class='ocrx_word' id='word_1_757' title='bbox 1918 5716 1972 5771; x_wconf 91' lang='lat' dir='ltr'><strong>in</strong></span> 
     </span>
    </p>
   </div>
   <div class='ocr_carea' id='block_1_106' title="bbox 2076 4453 3658 4579">
    <p class='ocr_par' dir='ltr' id='par_1_106' title="bbox 2076 4453 3658 4579">
     <span class='ocr_line' id='line_1_108' title="bbox 2076 4453 3658 4579; baseline 0.002 -71"><span class='ocrx_word' id='word_1_758' title='bbox 2076 4453 2280 4579; x_wconf 64' lang='grc' dir='ltr'>ρει-ἰοτί</span> <span class='ocrx_word' id='word_1_759' title='bbox 2303 4470 2426 4538; x_wconf 59' lang='lat' dir='ltr'><strong>cap.</strong></span> <span class='ocrx_word' id='word_1_760' title='bbox 2453 4455 2723 4536; x_wconf 84' lang='lat' dir='ltr'><strong>servanda</strong></span> <span class='ocrx_word' id='word_1_761' title='bbox 2757 4453 3014 4537; x_wconf 68' lang='lat' dir='ltr'><strong>quaedam</strong></span> <span class='ocrx_word' id='word_1_762' title='bbox 3034 4453 3293 4510; x_wconf 88' lang='lat' dir='ltr'><strong>mandata</strong></span> <span class='ocrx_word' id='word_1_763' title='bbox 3315 4463 3378 4538; x_wconf 63' lang='lat' dir='ltr'><strong>et</strong></span> <span class='ocrx_word' id='word_1_764' title='bbox 3397 4470 3658 4524; x_wconf 88' lang='lat' dir='ltr'><strong>corpora-</strong></span> 
     </span>
     <span class='ocr_line' id='line_1_109' title="bbox 2102 4524 3654 4579; baseline 0 0"><span class='ocrx_word' id='word_1_765' title='bbox 2102 4534 2205 4579; x_wconf 87' lang='lat' dir='ltr'><strong>Iter</strong></span> <span class='ocrx_word' id='word_1_766' title='bbox 2219 4538 2277 4579; x_wconf 93' lang='lat' dir='ltr'><strong>et</strong></span> <span class='ocrx_word' id='word_1_767' title='bbox 2295 4526 2657 4579; x_wconf 82' lang='lat' dir='ltr'><strong>sumtallter:</strong></span> <span class='ocrx_word' id='word_1_768' title='bbox 2709 4524 3024 4579; x_wconf 73' lang='lat' dir='ltr'><strong>spiritaliter</strong></span> <span class='ocrx_word' id='word_1_769' title='bbox 3083 4524 3141 4578; x_wconf 65' lang='grc' dir='ltr'>δὲ</span> <span class='ocrx_word' id='word_1_770' title='bbox 3181 4541 3450 4579; x_wconf 79' lang='grc' dir='ltr'>τοισσως·</span> <span class='ocrx_word' id='word_1_771' title='bbox 3508 4528 3654 4579; x_wconf 78' lang='lat' dir='ltr'><strong>quod</strong></span> 
     </span>
    </p>
   </div>
   <div class='ocr_carea' id='block_1_107' title="bbox 2102 4524 3654 4596">
    <p class='ocr_par' dir='ltr' id='par_1_107' title="bbox 2102 4524 3654 4596">
     <span class='ocr_line' id='line_1_110' title="bbox 2102 4524 3654 4596; baseline 0.001 -17"><span class='ocrx_word' id='word_1_772' title='bbox 2102 4526 2277 4581; x_wconf 86' lang='lat' dir='ltr'><strong>iteret</strong></span> <span class='ocrx_word' id='word_1_773' title='bbox 2295 4524 2657 4596; x_wconf 80' lang='lat' dir='ltr'><strong>spiritaliter;</strong></span> <span class='ocrx_word' id='word_1_774' title='bbox 2709 4524 3024 4596; x_wconf 72' lang='lat' dir='ltr'><strong>spiritaliter</strong></span> <span class='ocrx_word' id='word_1_775' title='bbox 3083 4524 3141 4578; x_wconf 64' lang='grc' dir='ltr'>δὲ</span> <span class='ocrx_word' id='word_1_776' title='bbox 3181 4525 3450 4596; x_wconf 83' lang='grc' dir='ltr'>τρισσῶς·</span> <span class='ocrx_word' id='word_1_777' title='bbox 3508 4528 3654 4595; x_wconf 88' lang='lat' dir='ltr'><strong>quod</strong></span> 
     </span>
    </p>
   </div>
   <div class='ocr_carea' id='block_1_108' title="bbox 2077 4542 3648 4665">
    <p class='ocr_par' dir='ltr' id='par_1_108' title="bbox 2077 4542 3648 4665">
     <span class='ocr_line' id='line_1_111' title="bbox 2077 4542 3648 4596; baseline 0.001 -17"><span class='ocrx_word' id='word_1_778' title='bbox 2077 4542 2321 4581; x_wconf 79' lang='lat' dir='ltr'><strong>uterets</strong></span> <span class='ocrx_word' id='word_1_779' title='bbox 2363 4542 2657 4590; x_wconf 81' lang='lat' dir='ltr'><strong>tritamer;</strong></span> <span class='ocrx_word' id='word_1_780' title='bbox 2709 4542 3024 4595; x_wconf 80' lang='lat' dir='ltr'><strong>spmtamer</strong></span> <span class='ocrx_word' id='word_1_781' title='bbox 3083 4542 3141 4578; x_wconf 83' lang='lat' dir='ltr'><strong>os</strong></span> <span class='ocrx_word' id='word_1_782' title='bbox 3181 4542 3450 4596; x_wconf 85' lang='grc' dir='ltr'>τρισσως·</span> <span class='ocrx_word' id='word_1_783' title='bbox 3508 4542 3648 4595; x_wconf 78' lang='lat' dir='ltr'><strong>quon</strong></span> 
     </span>
     <span class='ocr_line' id='line_1_112' title="bbox 2077 4542 3648 4665; baseline 0.001 -17"><span class='ocrx_word' id='word_1_784' title='bbox 2077 4610 2189 4650; x_wconf 89' lang='lat' dir='ltr'><strong>non</strong></span> <span class='ocrx_word' id='word_1_785' title='bbox 2208 4542 2569 4652; x_wconf 50' lang='lat' dir='ltr'><strong>reddiderunt</strong></span> <span class='ocrx_word' id='word_1_786' title='bbox 2593 4595 2799 4665; x_wconf 82' lang='lat' dir='ltr'><strong>Obsop.</strong></span> <span class='ocrx_word' id='word_1_787' title='bbox 2834 4602 2889 4651; x_wconf 89' lang='lat' dir='ltr'><strong>et</strong></span> <span class='ocrx_word' id='word_1_788' title='bbox 2918 4593 3082 4652; x_wconf 83' lang='lat' dir='ltr'><strong>Gesn.</strong></span> <span class='ocrx_word' id='word_1_789' title='bbox 3106 4595 3255 4665; x_wconf 89' lang='lat' dir='ltr'><strong>quod</strong></span> <span class='ocrx_word' id='word_1_790' title='bbox 3270 4595 3648 4657; x_wconf 59' lang='lat' dir='ltr'><strong>.forteinseitia</strong></span> 
     </span>
    </p>
   </div>
   <div class='ocr_carea' id='block_1_109' title="bbox 2077 4664 3657 4737">
    <p class='ocr_par' dir='ltr' id='par_1_109' title="bbox 2077 4664 3657 4737">
     <span class='ocr_line' id='line_1_113' title="bbox 2077 4664 3657 4737; baseline 0.002 -19"><span class='ocrx_word' id='word_1_791' title='bbox 2077 4680 2272 4721; x_wconf 90' lang='lat' dir='ltr'><strong>vacare</strong></span> <span class='ocrx_word' id='word_1_792' title='bbox 2298 4673 2579 4737; x_wconf 80' lang='lat' dir='ltr'><strong>putarent.</strong></span> <span class='ocrx_word' id='word_1_793' title='bbox 2619 4664 2852 4737; x_wconf 60' lang='lat' dir='ltr'><strong>Triplex</strong></span> <span class='ocrx_word' id='word_1_794' title='bbox 2882 4682 3027 4737; x_wconf 87' lang='lat' dir='ltr'><strong>ergo</strong></span> <span class='ocrx_word' id='word_1_795' title='bbox 3047 4664 3141 4731; x_wconf 83' lang='lat' dir='ltr'><strong>illa</strong></span> <span class='ocrx_word' id='word_1_796' title='bbox 3182 4667 3474 4721; x_wconf 87' lang='lat' dir='ltr'><strong>moralium</strong></span> <span class='ocrx_word' id='word_1_797' title='bbox 3515 4682 3657 4736; x_wconf 59' lang='lat' dir='ltr'><strong>pra!-</strong></span> 
     </span>
    </p>
   </div>
   <div class='ocr_carea' id='block_1_110' title="bbox 2077 4735 3656 4808">
    <p class='ocr_par' dir='ltr' id='par_1_110' title="bbox 2077 4735 3656 4808">
     <span class='ocr_line' id='line_1_114' title="bbox 2077 4735 3656 4808; baseline -0.002 -18"><span class='ocrx_word' id='word_1_798' title='bbox 2077 4735 2363 4808; x_wconf 16' lang='lat' dir='ltr'><strong>ceptorulm</strong></span> <span class='ocrx_word' id='word_1_799' title='bbox 2421 4735 2689 4806; x_wconf 86' lang='lat' dir='ltr'><strong>spiritalis</strong></span> <span class='ocrx_word' id='word_1_800' title='bbox 2754 4735 3072 4808; x_wconf 84' lang='lat' dir='ltr'><strong>observatio</strong></span> <span class='ocrx_word' id='word_1_801' title='bbox 3124 4736 3225 4791; x_wconf 87' lang='lat' dir='ltr'><strong>ista</strong></span> <span class='ocrx_word' id='word_1_802' title='bbox 3264 4745 3390 4802; x_wconf 86' lang='lat' dir='ltr'><strong>est;</strong></span> <span class='ocrx_word' id='word_1_803' title='bbox 3439 4735 3656 4808; x_wconf 67' lang='lat' dir='ltr'><strong>utnec</strong></span> 
     </span>
    </p>
   </div>
   <div class='ocr_carea' id='block_1_111' title="bbox 2077 4805 3651 4876">
    <p class='ocr_par' dir='ltr' id='par_1_111' title="bbox 2077 4805 3651 4876">
     <span class='ocr_line' id='line_1_115' title="bbox 2077 4805 3651 4876; baseline 0.001 -16"><span class='ocrx_word' id='word_1_804' title='bbox 2077 4805 2283 4876; x_wconf 80' lang='lat' dir='ltr'><strong>opere.</strong></span> <span class='ocrx_word' id='word_1_805' title='bbox 2343 4805 2465 4862; x_wconf 74' lang='lat' dir='ltr'><strong>nec</strong></span> <span class='ocrx_word' id='word_1_806' title='bbox 2499 4820 2718 4861; x_wconf 89' lang='lat' dir='ltr'><strong>morosa</strong></span> <span class='ocrx_word' id='word_1_807' title='bbox 2791 4806 3125 4875; x_wconf 84' lang='lat' dir='ltr'><strong>cogitatione</strong></span> <span class='ocrx_word' id='word_1_808' title='bbox 3193 4805 3651 4876; x_wconf 84' lang='lat' dir='ltr'><strong>transgrediaris.</strong></span> 
     </span>
    </p>
   </div>
   <div class='ocr_carea' id='block_1_112' title="bbox 2075 4875 3657 4945">
    <p class='ocr_par' dir='ltr' id='par_1_112' title="bbox 2075 4875 3657 4945">
     <span class='ocr_line' id='line_1_116' title="bbox 2075 4875 3657 4945; baseline -0.001 -15"><span class='ocrx_word' id='word_1_809' title='bbox 2075 4875 2485 4945; x_wconf 72' lang='lat' dir='ltr'><strong>perfectamque</strong></span> <span class='ocrx_word' id='word_1_810' title='bbox 2509 4883 2707 4930; x_wconf 88' lang='lat' dir='ltr'><strong>nactus</strong></span> <span class='ocrx_word' id='word_1_811' title='bbox 2762 4875 3066 4937; x_wconf 83' lang='grc' dir='ltr'>ἀπάθειαν,</span> <span class='ocrx_word' id='word_1_812' title='bbox 3136 4891 3207 4945; x_wconf 86' lang='lat' dir='ltr'><strong>ne</strong></span> <span class='ocrx_word' id='word_1_813' title='bbox 3275 4875 3468 4930; x_wconf 87' lang='lat' dir='ltr'><strong>formis</strong></span> <span class='ocrx_word' id='word_1_814' title='bbox 3534 4875 3657 4943; x_wconf 81' lang='lat' dir='ltr'><strong>qui-</strong></span> 
     </span>
    </p>
   </div>
   <div class='ocr_carea' id='block_1_113' title="bbox 2076 4944 3658 5028">
    <p class='ocr_par' dir='ltr' id='par_1_113' title="bbox 2076 4944 3658 5028">
     <span class='ocr_line' id='line_1_117' title="bbox 2076 4944 3658 5028; baseline -0.001 -28"><span class='ocrx_word' id='word_1_815' title='bbox 2076 4944 2202 5028; x_wconf 76' lang='lat' dir='ltr'><strong>dem</strong></span> <span class='ocrx_word' id='word_1_816' title='bbox 2235 4949 2363 5004; x_wconf 91' lang='lat' dir='ltr'><strong>ullis</strong></span> <span class='ocrx_word' id='word_1_817' title='bbox 2411 4945 2669 5018; x_wconf 88' lang='lat' dir='ltr'><strong>cogitatis</strong></span> <span class='ocrx_word' id='word_1_818' title='bbox 2706 4945 2893 5002; x_wconf 88' lang='lat' dir='ltr'><strong>animo</strong></span> <span class='ocrx_word' id='word_1_819' title='bbox 2932 4944 3188 5007; x_wconf 82' lang='lat' dir='ltr'><strong>alliciaris</strong></span> <span class='ocrx_word' id='word_1_820' title='bbox 3214 4954 3311 5001; x_wconf 87' lang='lat' dir='ltr'><strong>aut</strong></span> <span class='ocrx_word' id='word_1_821' title='bbox 3364 4945 3658 5014; x_wconf 84' lang='lat' dir='ltr'><strong>perturbe-</strong></span> 
     </span>
    </p>
   </div>
   <div class='ocr_carea' id='block_1_114' title="bbox 2074 5031 2173 5072">
    <p class='ocr_par' dir='ltr' id='par_1_114' title="bbox 2074 5031 2173 5072">
     <span class='ocr_line' id='line_1_118' title="bbox 2074 5031 2173 5072; baseline 0.01 -1"><span class='ocrx_word' id='word_1_822' title='bbox 2074 5031 2173 5072; x_wconf 73' lang='grc' dir='ltr'>ινδ.</span> 
     </span>
    </p>
   </div>
   <div class='ocr_carea' id='block_1_115' title="bbox 2149 5082 3652 5157">
    <p class='ocr_par' dir='ltr' id='par_1_115' title="bbox 2149 5082 3652 5157">
     <span class='ocr_line' id='line_1_119' title="bbox 2149 5082 3652 5157; baseline -0.002 -17"><span class='ocrx_word' id='word_1_823' title='bbox 2149 5086 2213 5157; x_wconf 80' lang='lat' dir='ltr'><strong>(f)</strong></span> <span class='ocrx_word' id='word_1_824' title='bbox 2268 5084 2415 5151; x_wconf 83' lang='grc' dir='ltr'>Τοὺς</span> <span class='ocrx_word' id='word_1_825' title='bbox 2464 5084 2660 5157; x_wconf 73' lang='grc' dir='ltr'>ᾄκρως</span> <span class='ocrx_word' id='word_1_826' title='bbox 2718 5084 3262 5157; x_wconf 58' lang='grc' dir='ltr'>προσευχομένους.</span> <span class='ocrx_word' id='word_1_827' title='bbox 3321 5082 3652 5154; x_wconf 88' lang='lat' dir='ltr'><strong>Supremum</strong></span> 
     </span>
    </p>
   </div>
   <div class='ocr_carea' id='block_1_116' title="bbox 2078 5154 3649 5227">
    <p class='ocr_par' dir='ltr' id='par_1_116' title="bbox 2078 5154 3649 5227">
     <span class='ocr_line' id='line_1_120' title="bbox 2078 5154 3649 5227; baseline -0.001 -15"><span class='ocrx_word' id='word_1_828' title='bbox 2078 5154 2226 5212; x_wconf 79' lang='lat' dir='ltr'><strong>istud</strong></span> <span class='ocrx_word' id='word_1_829' title='bbox 2249 5154 2517 5227; x_wconf 79' lang='lat' dir='ltr'><strong>orationis</strong></span> <span class='ocrx_word' id='word_1_830' title='bbox 2542 5154 2742 5225; x_wconf 83' lang='lat' dir='ltr'><strong>genus,</strong></span> <span class='ocrx_word' id='word_1_831' title='bbox 2777 5169 2888 5227; x_wconf 88' lang='lat' dir='ltr'><strong>quo</strong></span> <span class='ocrx_word' id='word_1_832' title='bbox 2929 5156 3001 5209; x_wconf 88' lang='lat' dir='ltr'><strong>sit</strong></span> <span class='ocrx_word' id='word_1_833' title='bbox 3025 5155 3649 5227; x_wconf 87' lang='lat' dir='ltr'><strong>indesinenter__orare.</strong></span> 
     </span>
    </p>
   </div>
   <div class='ocr_carea' id='block_1_117' title="bbox 2075 5223 3654 5297">
    <p class='ocr_par' dir='ltr' id='par_1_117' title="bbox 2075 5223 3654 5297">
     <span class='ocr_line' id='line_1_121' title="bbox 2075 5223 3654 5297; baseline -0.004 -15"><span class='ocrx_word' id='word_1_834' title='bbox 2075 5226 2339 5297; x_wconf 77' lang='lat' dir='ltr'><strong>explicuit</strong></span> <span class='ocrx_word' id='word_1_835' title='bbox 2358 5223 2629 5297; x_wconf 79' lang='lat' dir='ltr'><strong>Maximus</strong></span> <span class='ocrx_word' id='word_1_836' title='bbox 2649 5241 2698 5280; x_wconf 90' lang='lat' dir='ltr'><strong>c.</strong></span> <span class='ocrx_word' id='word_1_837' title='bbox 2730 5223 2819 5297; x_wconf 61' lang='lat'><strong>6|}</strong></span> <span class='ocrx_word' id='word_1_838' title='bbox 2850 5240 2985 5295; x_wconf 91' lang='lat' dir='ltr'><strong>pura</strong></span> <span class='ocrx_word' id='word_1_839' title='bbox 3016 5226 3134 5295; x_wconf 90' lang='lat' dir='ltr'><strong>ipsa</strong></span> <span class='ocrx_word' id='word_1_840' title='bbox 3160 5234 3346 5297; x_wconf 77' lang='lat' dir='ltr'><strong>mente</strong></span> <span class='ocrx_word' id='word_1_841' title='bbox 3367 5223 3654 5297; x_wconf 51' lang='lat' dir='ltr'><strong>adhaeren-</strong></span> 
     </span>
    </p>
   </div>
   <div class='ocr_carea' id='block_1_118' title="bbox 2077 5293 3719 5365">
    <p class='ocr_par' dir='ltr' id='par_1_118' title="bbox 2077 5293 3719 5365">
     <span class='ocr_line' id='line_1_122' title="bbox 2077 5293 3719 5365; baseline -0.005 -14"><span class='ocrx_word' id='word_1_842' title='bbox 2077 5293 2163 5351; x_wconf 62' lang='lat' dir='ltr'><strong>do&#39;</strong></span> <span class='ocrx_word' id='word_1_843' title='bbox 2188 5297 2321 5361; x_wconf 91' lang='lat' dir='ltr'><strong>Deo,</strong></span> <span class='ocrx_word' id='word_1_844' title='bbox 2350 5296 2557 5365; x_wconf 86' lang='lat' dir='ltr'><strong>absque</strong></span> <span class='ocrx_word' id='word_1_845' title='bbox 2582 5296 2710 5351; x_wconf 89' lang='lat' dir='ltr'><strong>ullis</strong></span> <span class='ocrx_word' id='word_1_846' title='bbox 2738 5293 2908 5357; x_wconf 78' lang='lat' dir='ltr'><strong>etiam</strong></span> <span class='ocrx_word' id='word_1_847' title='bbox 2936 5293 3121 5350; x_wconf 79' lang='lat' dir='ltr'><strong>rerum</strong></span> <span class='ocrx_word' id='word_1_848' title='bbox 3153 5293 3347 5349; x_wconf 88' lang='lat' dir='ltr'><strong>formis</strong></span> <span class='ocrx_word' id='word_1_849' title='bbox 3375 5310 3388 5347; x_wconf 91' lang='lat'><strong>:</strong></span> <span class='ocrx_word' id='word_1_850' title='bbox 3413 5293 3506 5365; x_wconf 84' lang='lat' dir='ltr'><strong>qui</strong></span> <span class='ocrx_word' id='word_1_851' title='bbox 3544 5300 3654 5365; x_wconf 77' lang='lat' dir='ltr'><strong>sta-</strong></span> <span class='ocrx_word' id='word_1_852' title='bbox 3710 5335 3719 5343; x_wconf 94' lang='lat'><strong>.</strong></span> 
     </span>
    </p>
   </div>
   <div class='ocr_carea' id='block_1_119' title="bbox 2079 5362 3652 5434">
    <p class='ocr_par' dir='ltr' id='par_1_119' title="bbox 2079 5362 3652 5434">
     <span class='ocr_line' id='line_1_123' title="bbox 2079 5362 3652 5434; baseline -0.004 -12"><span class='ocrx_word' id='word_1_853' title='bbox 2079 5376 2170 5424; x_wconf 90' lang='lat' dir='ltr'><strong>tus</strong></span> <span class='ocrx_word' id='word_1_854' title='bbox 2200 5367 2368 5423; x_wconf 89' lang='lat' dir='ltr'><strong>etiam</strong></span> <span class='ocrx_word' id='word_1_855' title='bbox 2395 5362 2503 5418; x_wconf 74' lang='grc' dir='ltr'><strong>τῶν</strong></span> <span class='ocrx_word' id='word_1_856' title='bbox 2532 5366 2874 5428; x_wconf 86' lang='grc' dir='ltr'>Γνωστικῶν,</span> <span class='ocrx_word' id='word_1_857' title='bbox 2914 5373 2971 5419; x_wconf 91' lang='lat' dir='ltr'><strong>et</strong></span> <span class='ocrx_word' id='word_1_858' title='bbox 3011 5380 3205 5420; x_wconf 89' lang='lat' dir='ltr'><strong>eorum</strong></span> <span class='ocrx_word' id='word_1_859' title='bbox 3234 5365 3330 5433; x_wconf 89' lang='lat' dir='ltr'><strong>qui</strong></span> <span class='ocrx_word' id='word_1_860' title='bbox 3373 5362 3652 5434; x_wconf 81' lang='lat' dir='ltr'><strong>spiritales</strong></span> 
     </span>
    </p>
   </div>
   <div class='ocr_carea' id='block_1_120' title="bbox 2076 5431 3652 5505">
    <p class='ocr_par' dir='ltr' id='par_1_120' title="bbox 2076 5431 3652 5505">
     <span class='ocr_line' id='line_1_124' title="bbox 2076 5431 3652 5505; baseline -0.004 -13"><span class='ocrx_word' id='word_1_861' title='bbox 2076 5446 2226 5502; x_wconf 88' lang='lat' dir='ltr'><strong>sunt,</strong></span> <span class='ocrx_word' id='word_1_862' title='bbox 2286 5451 2384 5491; x_wconf 88' lang='lat' dir='ltr'><strong>seu</strong></span> <span class='ocrx_word' id='word_1_863' title='bbox 2426 5435 2880 5505; x_wconf 87' lang='lat' dir='ltr'><strong>contemplationi</strong></span> <span class='ocrx_word' id='word_1_864' title='bbox 2924 5431 3315 5504; x_wconf 84' lang='lat' dir='ltr'><strong>impeduntui&#39;,</strong></span> <span class='ocrx_word' id='word_1_865' title='bbox 3374 5431 3652 5505; x_wconf 64' lang='lat' dir='ltr'><strong>communi</strong></span> 
     </span>
    </p>
   </div>
   <div class='ocr_carea' id='block_1_121' title="bbox 2076 5500 3651 5576">
    <p class='ocr_par' dir='ltr' id='par_1_121' title="bbox 2076 5500 3651 5576">
     <span class='ocr_line' id='line_1_125' title="bbox 2076 5500 3651 5576; baseline -0.005 -12"><span class='ocrx_word' id='word_1_866' title='bbox 2076 5500 2223 5564; x_wconf 85' lang='lat' dir='ltr'><strong>statu</strong></span> <span class='ocrx_word' id='word_1_867' title='bbox 2270 5507 2525 5576; x_wconf 78' lang='lat' dir='ltr'><strong>superior</strong></span> <span class='ocrx_word' id='word_1_868' title='bbox 2568 5500 2666 5576; x_wconf 70' lang='lat' dir='ltr'><strong>hic</strong></span> <span class='ocrx_word' id='word_1_869' title='bbox 2724 5506 2960 5561; x_wconf 75' lang='lat' dir='ltr'><strong>Maximo</strong></span> <span class='ocrx_word' id='word_1_870' title='bbox 3003 5500 3353 5576; x_wconf 64' lang='lat' dir='ltr'><strong>insinuatur.</strong></span> <span class='ocrx_word' id='word_1_871' title='bbox 3432 5500 3651 5576; x_wconf 75' lang='lat' dir='ltr'><strong>Frigide</strong></span> 
     </span>
    </p>
   </div>
   <div class='ocr_carea' id='block_1_122' title="bbox 2076 5573 3652 5650">
    <p class='ocr_par' dir='ltr' id='par_1_122' title="bbox 2076 5573 3652 5650">
     <span class='ocr_line' id='line_1_126' title="bbox 2076 5573 3652 5650; baseline -0.004 -17"><span class='ocrx_word' id='word_1_872' title='bbox 2076 5592 2210 5650; x_wconf 89' lang='lat' dir='ltr'><strong>ergo</strong></span> <span class='ocrx_word' id='word_1_873' title='bbox 2242 5573 2692 5646; x_wconf 79' lang='lat' dir='ltr'><strong>Obsop.Crebras</strong></span> <span class='ocrx_word' id='word_1_874' title='bbox 2724 5576 3051 5648; x_wconf 82' lang='lat' dir='ltr'><strong>precationes</strong></span> <span class='ocrx_word' id='word_1_875' title='bbox 3092 5575 3164 5630; x_wconf 87' lang='lat' dir='ltr'><strong>ad</strong></span> <span class='ocrx_word' id='word_1_876' title='bbox 3215 5575 3383 5630; x_wconf 77' lang='lat' dir='ltr'><strong>Deum</strong></span> <span class='ocrx_word' id='word_1_877' title='bbox 3429 5573 3652 5643; x_wconf 60' lang='lat' dir='ltr'><strong>fundens</strong></span> 
     </span>
    </p>
   </div>
   <div class='ocr_carea' id='block_1_123' title="bbox 2079 5655 2174 5702">
    <p class='ocr_par' dir='ltr' id='par_1_123' title="bbox 2079 5655 2174 5702">
     <span class='ocr_line' id='line_1_127' title="bbox 2079 5655 2174 5702; baseline 0.021 -2"><span class='ocrx_word' id='word_1_878' title='bbox 2079 5655 2174 5702; x_wconf 79' lang='lat' dir='ltr'><strong>tes.</strong></span> 
     </span>
    </p>
   </div>
  </div>
