4140 6322
1710 139 1739 146 ..-
1758 141 1763 145 .

486 268 624 345 1015

1646 269 1687 330 S
1749 270 2038 330 MAXIMI
2077 268 2591 332 CONFESSORIS

3623 269 3761 337 10I6

485 388 720 455 divitiae,
746 388 943 458 gloria,
972 396 1029 443 et
1055 386 1253 442 similia
1287 404 1300 440 :
1334 385 1418 440 vel
1442 384 1590 455 quod
1621 385 1795 440 tristia
1826 385 2073 439 inferan-

2185 386 2336 448 κνίας
2365 386 2460 440 καὶ
2491 387 2792 457 χρημάτων
2829 385 2925 439 καὶ
2958 384 3140 454 δόξης,
3182 383 3275 437 καὶ
3299 382 3411 437 τῶν
3451 383 3683 454 ὁμοίων·
3727 386 3760 457 ἦ

488 494 601 549 utr,
656 490 791 552 puta
815 481 1031 536 orbatio
1053 480 1381 543 liberorum,
1406 494 1572 548 Opum
1594 478 1892 549 gloriaeque
1913 476 2079 532 amis-

483 572 572 627 sio
606 591 620 626 :
654 582 749 627 aut
772 573 1013 642 denique
1041 588 1155 642 per-
1172 586 1236 626 ea
1264 563 1388 642 quas
1417 586 1619 641 corpus
1643 571 1985 633 excruciant,
2019 577 2080 624 ut

484 672 617 720 sunt
663 664 840 719 morbi
887 673 944 719 et
983 672 1281 729 tormenta,
1320 673 1486 734 atque
1521 663 1608 719 his
1638 662 1863 717 similia.
1897 662 2080 733 Atque

484 748 559 805 ad
577 752 791 821 priores
817 753 1065 824 quidem,
1090 754 1168 807 ait
1193 754 1458 808 Dominus
1483 771 1497 806 :
1525 752 1584 808 Si
1607 755 1725 825 quis
1750 770 1853 807 non
1885 768 2082 809 renuu-

484 848 584 898 εἱσι
633 846 873 901 omnibus
922 864 1039 918 qme
1085 849 1345 919 possidet,
1399 865 1504 901 non
1554 854 1722 919 potest
1767 864 1913 900 meus
1971 862 2082 901 esse

485 937 778 1008 discipulus
818 940 884 995 ⁶¹¹.
918 939 1002 994 Ad
1043 956 1142 995 eos
1185 950 1369 996 autem
1411 941 1503 1011 qui
1555 939 1784 995 secundi
1828 954 1891 994 ac
1931 941 2078 995 tertii

485 1026 699 1100 ordinis
736 1036 867 1083 sunt
898 1046 911 1083 :
945 1029 1010 1083 In
1054 1031 1312 1100 patientia
1360 1040 1535 1086 uestra
1576 1031 1833 1102 possidete
1872 1032 2081 1087 animos

484 1126 689 1173 vestras
717 1119 782 1171 ⁸⁸.

557 1211 649 1266 92.
691 1210 943 1277 Quatuor
976 1212 1128 1274 haec,
1181 1212 1431 1282 corporis
1486 1213 1920 1284 complexionem
1981 1229 2078 1269 seu

489 1310 989 1371 Irruperamentum
1030 1305 1326 1359 immutare
1376 1305 1553 1371 aiunt,
1596 1320 1774 1375 eaque
1818 1306 2077 1361 immuta-

489 1395 643 1449 tione
679 1395 1046 1465 cogitationes
1087 1396 1294 1461 animo,
1341 1398 1426 1451 vel
1460 1396 1806 1461 libidinosas,
1842 1398 1931 1452 vel
1967 1413 2077 1451 non

488 1484 851 1550 libidinosas,
924 1488 1275 1552 ministrare;
1327 1489 1589 1545 videlicet
1654 1490 1921 1561 angelos,
1967 1490 2079 1545 da:-

489 1590 704 1640 mones,
749 1576 900 1632 aeris
942 1581 1421 1648 temperationem,
1467 1590 1525 1635 et
1563 1580 1741 1636 victus
1779 1581 2074 1635 rationem.

488 1666 567 1722 Ac
597 1666 823 1738 quidem
846 1670 1074 1741 angelos
1116 1670 1273 1726 aiunt
1314 1688 1569 1728 sermone
1596 1674 1923 1740 immutare;
1964 1672 2078 1728 dae-

489 1770 685 1813 mones
732 1767 951 1827 autem,
1000 1770 1209 1817 attactu
1260 1777 1356 1817 seu
1408 1763 1875 1829 contrectatione;
1930 1763 2079 1818 aeris

490 1851 974 1919 temperationem,
1005 1864 1111 1924 qua
1153 1855 1288 1911 alias
1330 1855 1576 1926 aliasque
1620 1855 1771 1910 subit
1810 1854 2078 1911 mutatio-

488 1951 592 1992 nes
623 1954 639 1990 :
677 1938 858 1994 victus
895 1942 1191 2008 rationem,
1232 1958 1486 1999 escarum
1525 1959 1590 1999 ac
1633 1952 1864 2015 potuum
1896 1946 2079 2016 quali-

491 2029 720 2095 tatibus,
746 2046 1055 2104 eorumque
1085 2035 1422 2095 abundantia
1449 2052 1513 2091 ac
1540 2037 1851 2107 parcitate;
1882 2045 2084 2107 praeter

492 2120 617 2175 illas
666 2122 1110 2192 immutationes,
1162 2144 1287 2199 quae
1330 2143 1397 2183 ex
1450 2130 1754 2195 memoria,
1800 2129 2079 2200 rebusque

490 2210 629 2265 visis
678 2220 849 2283 atque
894 2216 1102 2274 auditis
1152 2219 1229 2273 illi
1286 2220 1545 2275 accidunt
1588 2237 1601 2273 :
1642 2220 1719 2275 ita
1764 2221 1974 2276 scilicet
2018 2230 2082 2277 ut

489 2301 649 2373 prior
681 2305 903 2361 animus
931 2308 1222 2374 adiciatur,
1253 2326 1320 2365 ex
1363 2310 1451 2376 iis,
1482 2326 1603 2381 qum
1643 2312 1721 2366 illi
1765 2313 1941 2367 tristia
1984 2314 2079 2369 lm-

495 2401 619 2447 tave
648 2396 938 2451 eveniunt.
973 2398 1153 2469 Atque
1190 2415 1256 2455 ex
1301 2401 1390 2456 bis
1427 2402 1651 2471 quidem
1695 2403 1928 2460 allectus
1962 2405 2083 2459 ani-

2182 478 2269 531 διὰ
2291 478 2391 547 τῆς
2411 479 2520 531 τῶν
2542 477 2802 551 λυπηρῶν
2823 477 3092 546 ἐπιφορᾶς
3117 476 3230 546 (Ξο)
3256 492 3272 507 ο
3301 472 3433 541 οἷον,
3459 478 3763 547 στερήσεως

2181 563 2409 635 τέκνων,
2447 573 2545 624 καὶ
2570 571 2868 641 χρημάτων
2902 570 2992 622 καὶ
3018 567 3178 637 δόξης
3205 583 3219 597 ·
3259 568 3292 637 ἢ
3323 567 3412 621 διὰ
3434 569 3543 620 τῶν
3575 569 3768 633 όδύνας

2182 659 2553 730 ἐμποιούντων
2582 659 2659 729 τῷ
2699 659 2943 729 σώματι·
2972 652 3104 713 οἷον.
3133 657 3457 728 νοσημάτων
3483 658 3577 711 καὶ
3602 658 3767 728 βασά-

2181 768 2310 818 νων,
2343 751 2438 806 καὶ
2460 751 2567 804 τῶν
2590 751 2737 820 ἑξῆς.
2773 751 2882 803 Καὶ
2914 750 3050 819 πρὸς
3075 748 3172 819 μὲν
3197 749 3323 811 τοὺς
3347 747 3596 819 πρώτους
3616 750 3766 817 λέγει

2182 845 2211 896 6
2244 843 2449 914 Κύριος
2472 860 2485 873 ⁸
2507 843 2578 897 Εἴ
2612 861 2703 909 τις
2724 844 2833 896 οὐκ
2865 840 3274 897 ἀποτάσσεται
3308 838 3461 896 πᾶσι
3500 841 3625 907 τοῖς
3656 845 3767 897 ὐπ-

2181 933 2478 1004 ἁρχουσιν
2502 932 2682 1000 αὐτῷ,
2711 936 2784 987 οὺ
2825 933 3079 987 δύναταί
3117 949 3236 1001 μου
3284 927 3438 988 εἶναι
3471 933 3763 1001 μαθητής.

2186 1027 2328 1099 Πρὸς
2359 1028 2415 1081 δὲ
2445 1028 2573 1091 τοὺς
2598 1027 2886 1097 δευτέρους
2909 1027 3003 1079 καὶ
3025 1026 3242 1096 τρίτους
3262 1042 3275 1056 ·
3322 1024 3420 1077 Ἐν
3439 1023 3512 1092 τῇ
3538 1028 3763 1095 ὑπομο-

2181 1117 2261 1187 νῇ
2292 1118 2461 1187 ὑμῶν
2482 1118 2791 1188 κτήσησθε
2824 1118 2931 1184 τὰς
2962 1116 3169 1187 ψυχὰς
3201 1113 3387 1185 ὑμῶν.

2253 1210 2358 1277 ιιβο.
2390 1211 2470 1263 Τὰ
2501 1211 2743 1281 τέσσαρα
2773 1210 2948 1265 ταῦτά
2972 1227 3138 1281 φασιν
3171 1209 3461 1265 ἀλλοιῶσαι
3494 1210 3592 1281 τὴν
3623 1212 3757 1281 κρᾶ-

2184 1318 2270 1355 σιν
2294 1302 2387 1355 τοῦ
2423 1301 2697 1372 σώματος,
2721 1304 2818 1356 καὶ
2842 1303 3041 1356 διδόναι
3069 1301 3147 1372 τῷ
3188 1302 3265 1373 νῷ
3293 1302 3611 1373 λογισμοὺς,
3652 1305 3763 1356 εἴτε

2182 1394 2451 1463 ἐμπαθεῖς
2479 1394 2545 1447 δι’
2588 1396 2778 1464 αὐτῆς,
2829 1395 2939 1448 εἴτε
2972 1395 3235 1459 ἀπαθεῖς·
3264 1390 3398 1459 οἷον,
3434 1395 3560 1457 τοὺς
3597 1395 3765 1463 ἀγγέ-

2181 1490 2328 1554 λους,
2360 1490 2486 1552 τοὺς
2526 1488 2808 1559 δαίμονας,
2856 1490 2984 1552 τοὺς
3020 1488 3210 1557 ἀέρας,
3266 1487 3364 1559 τὴν
3403 1488 3634 1542 δίαιταν.
3663 1488 3771 1539 Καὶ

2182 1581 2309 1643 τοὺς
2343 1580 2443 1650 μὲν
2496 1579 2759 1648 ἀγγέλους
2807 1578 2953 1650 λόγῳ
2984 1581 3152 1650 φασιν
3196 1578 3520 1632 ἀλλοιῶσαι⁸
3556 1579 3682 1641 τοὺς
3714 1577 3771 1631 δὲ

2182 1672 2468 1743 δαίμονας,
2507 1671 2576 1725 δι’
2608 1672 2824 1742 ἐπαφῆς
2851 1687 2865 1701 ⁸
2898 1672 3027 1733 τοὺς
3076 1669 3134 1724 δὲ
3167 1670 3360 1740 ἀέρας,
3390 1673 3511 1733 ταῖς
3540 1668 3770 1739 μεταϐο-

2112 1738 2156 1798 B
2183 1738 2304 1827 λαῖς
2322 1780 2336 1794 ·
2490 1763 2549 1818 δὲ
2579 1738 2811 1827 δίαιταν,
2841 1765 2962 1827 ταῖς
2982 1763 3097 1817 τῶν
3126 1738 3434 1834 βρωμάτων
3457 1738 3553 1815 και
3593 1760 3770 1831 πομά-

2184 1872 2295 1910 των
2324 1855 2596 1924 ποιότησι,
2633 1855 2729 1908 καὶ
2749 1853 3076 1926 πλεονασμῷ
3097 1856 3194 1908 καὶ
3235 1852 3529 1907 ἐλαττώσει
3550 1868 3564 1881 ·
3596 1852 3771 1923 παρὲξ

2185 1945 2296 1999 τῶν
2323 1943 2410 1999 διὰ
2442 1946 2664 2016 μνήμης
2694 1945 2786 1998 καὶ
2821 1946 2992 2015 ἀκοῆς
3014 1945 3110 1998 καὶ
3153 1944 3397 2014 ὁράσεως
3438 1941 3775 2013 συμὸιιινου⁴⁹

2191 2038 2301 2091 σῶν
2332 2037 2469 2108 αὐτῇ
2503 2035 2863 2100 άλλοιώσεων,
2888 2035 3356 2107 πρωτοπαθούσης
3373 2035 3475 2104 τῆς
3506 2033 3684 2104 ψυχῆς
3705 2034 3771 2086 ἐκ

2186 2128 2294 2183 τῶν
2316 2127 2737 2198 συμπιπτόντων
2773 2128 2908 2199 αὑτῇ
2940 2128 3200 2198 λυπηρῶν
3233 2128 3265 2197 ἣ
3293 2125 3626 2196 χαροποιῶν.
3663 2126 3773 2179 Καὶ

2187 2222 2253 2275 ὲκ
2277 2221 2479 2274 τούτων
2512 2222 2611 2290 μὲν
2641 2220 2925 2291 πάσχουσα
2954 2223 2985 2290 ἡ
3018 2218 3187 2290 ψυχὴ,
3221 2219 3424 2273 ἀλλοιοί
3448 2218 3547 2288 τὴν
3574 2217 3773 2286 κρᾶσιν

2188 2313 2282 2368 τοῦ
2317 2312 2596 2383 σώματος’
2649 2315 2715 2366 ὲκ
2768 2312 2827 2366 δὲ
2882 2311 2990 2366 τῶν
3025 2311 3437 2383 προειρημένων
3494 2312 3528 2380 ἡ
3574 2310 3772 2381 κρᾶσις

2189 2392 2573 2477 ἀλλοιουμένη,
2603 2406 2834 2476 παρέχει
2864 2404 2941 2477 τῷ
2968 2406 3043 2476 νῷ
3068 2406 3379 2476 λογισμούς.
3468 2462 3478 2471 ,

490 2501 636 2553 nius,
663 2492 912 2560 corporis
947 2502 1441 2563 temperamentum
1470 2498 1755 2565 immutat;
1787 2500 2078 2572 ipsumque
2113 2517 2182 2557 ex
2211 2490 2340 2569 illis,
2370 2517 2503 2573 qua:
2553 2504 2700 2560 dicta
2730 2512 2881 2568 sunt,
2943 2504 3179 2558 subinde
3210 2503 3585 2568 immutatum,
3623 2498 3775 2569 cogi-

490 2577 734 2635 tationes
754 2579 940 2635 animo
964 2582 1247 2637 ministrat
1274 2600 1337 2639 ac
1368 2587 1596 2654 praebet.

562 2669 652 2723 95.
695 2670 842 2726 Mors
871 2668 1094 2742 quidem
1133 2686 1267 2730 vere
1303 2690 1366 2729 ac
1403 2678 1652 2747 proprie,
1690 2680 1966 2749 separatio
2000 2687 2086 2735 est

2251 2682 2360 2747 ιιγο.
2392 2676 2631 2742 Θάνατος
2677 2678 2776 2748 μέν
2829 2679 2945 2732 ἐστι
2991 2679 3198 2750 κυρίως
3235 2681 3264 2731 6
3290 2677 3385 2732 τοῦ
3427 2679 3565 2733 Θεοῦ
3600 2696 3775 2752 χωρι-

488 2773 523 2836 a
550 2757 665 2814 Deo
700 2776 715 2813 :
746 2761 943 2816 mortis
981 2770 1168 2817 autem
1218 2766 1500 2833 stimulus,
1541 2779 1829 2836 peccatum
1854 2771 1936 2837 °’;
1973 2784 2083 2839 quo

2185 2769 2352 2839 σμός⁸
2389 2770 2616 2841 κέντρον
2643 2770 2700 2823 δὲ
2735 2769 2987 2829 Θανάτου,
3030 2772 3063 2841 ἠ
3105 2771 3350 2843 ἁμαρτία
3371 2786 3385 2800 °
3429 2771 3457 2823 ὅ
3478 2770 3778 2842 δεξάμενος

490 2850 739 2908 Δάιιπιιιε
770 2864 1049 2924 suscepto,
1079 2857 1242 2910 simul
1273 2872 1305 2911 a
1332 2858 1484 2929 ligno
1513 2861 1660 2927 vitaz,
1688 2872 1742 2916 ct
1768 2878 1795 2915 a
1831 2862 2083 2932 paradiso

2185 2861 2210 2913 6
2250 2860 2442 2931 Ἀδὰμ,
2471 2861 2608 2931 ὁμοῦ
2644 2860 2737 2914 τοῦ
2764 2862 2865 2932 τῆς
2888 2861 3036 2933 ζωῆς
3061 2863 3241 2927 ξύλου,
3270 2864 3361 2916 καὶ
3380 2862 3475 2916 τοῦ
3505 2866 3776 2943 παραδεῖτ

492 2954 552 2999 et
592 2947 704 3003 Deo
748 2952 991 3006 extorris
1037 2953 1216 3008 factus
1265 2963 1384 3020 est;
1446 2959 1867 3028 necessarioque
1918 2956 2083 3015 etiam

2185 2966 2278 3004 σου
2302 2952 2397 3004 καὶ
2427 2952 2523 3004 τοῦ
2552 2951 2688 3006 Θεοῦ
2731 2952 3012 3028 ἐξόριστος
3051 2955 3242 3023 γέγονε
3265 2973 3279 2985 °
3314 2951 3358 3023 ᾧ
3397 2956 3774 3028 ἐπηκολούθηο

493 3049 646 3093 mors
683 3042 935 3111 corporis
966 3054 1265 3100 consecuta
1304 3055 1410 3101 est.
1440 3047 1582 3102 Vere
1625 3060 1806 3103 autem
1838 3051 1948 3105 vita
1973 3060 2076 3115 est,

2186 3057 2278 3094 σεν
2314 3038 2374 3106 ἐξ
2406 3042 2654 3112 ἀνάγκης
2695 3044 2789 3097 καὶ
2818 3045 2847 3096 6
2882 3043 2978 3097 τοῦ
3032 3043 3284 3115 σώματος
3342 3044 3591 3109 θάνατος.
3644 3047 3772 3119 leui;

493 3132 591 3210 qui
626 3133 703 3187 ait
735 3151 749 3187 :
778 3134 891 3205 Ego
916 3152 1035 3190 sum
1075 3134 1242 3207 426
1278 3136 1387 3193 vita
1411 3140 1479 3193 "°.
1520 3132 1623 3195 llic
1653 3141 1916 3208 moriens,
1950 3150 2077 3199 eum

2185 3132 2237 3186 δὲ
2263 3134 2466 3203 κυρίως
2526 3134 2673 3187 ἐστὶν
2696 3137 2725 3187 ὁ
2753 3134 2951 3190 εἰπών·
2986 3135 3133 3207 Ἐγώ
3151 3139 3267 3206 ειμι
3287 3138 3325 3205 ἡ
3357 3136 3488 3204 ζωή.
3516 3131 3682 3202 Οὗτος
3712 3141 3774 3192 ὲν

492 3224 590 3303 qui
620 3235 739 3281 erat
767 3234 1020 3282 mortuus
1046 3230 1112 3283 ad
1142 3230 1309 3283 vitam
1340 3230 1535 3286 rursus
1563 3234 1864 3289 revocavit.

2185 3221 2261 3291 τῷ
2295 3222 2511 3293 Θανάτῳ
2536 3224 2829 3294 γενόμενος
2855 3225 2953 3295 (g),
2983 3225 3075 3280 τὸν
3118 3227 3464 3298 νεκρωθέντα
3495 3229 3655 3283 πάλιν
3685 3228 3773 3293 εἰς

2182 3313 2279 3384 τὴν
2313 3313 2459 3386 ζωὴν
2498 3316 2862 3385 ἐπανήγαγεν.
3362 3317 3379 3333 ’

566 3402 654 3457 94.
696 3401 869 3473 Quem
902 3416 1217 3460 sermonem
1248 3407 1672 3475 conscribimus,
1713 3410 1798 3465 vel
1839 3424 1907 3467 eo
1947 3424 2081 3468 con-

496 3493 796 3551 sul-ibimus
823 3503 884 3551 ut
909 3496 1037 3566 ejus
1060 3498 1498 3567 meminerimus,
1531 3500 1616 3555 vel
1647 3512 1707 3555 ut
1731 3504 2082 3558 commodum

496 3585 841 3654 referamus;
874 3588 964 3643 vel
1012 3589 1179 3644 etiam
1236 3598 1470 3660 utraque
1512 3607 1579 3647 ex
1633 3608 1797 3648 causa
1842 3612 1857 3648 :
1894 3596 1979 3651 vel
2025 3606 2086 3652 ut

498 3677 760 3737 damnum
808 3679 1141 3747 Quibusdam
1192 3681 1517 3748 inferamus,
1558 3685 1645 3740 vel
1697 3689 2084 3746 ostentationis

500 3785 688 3838 causa,
722 3772 807 3828 vel
835 3774 966 3842 quia
1000 3774 1354 3829 conscribere
1386 3777 1653 3846 cogimur.

568 3857 659 3913 95.
702 3858 882 3914 Locus
913 3876 1149 3929 pascure,
1181 3861 1362 3916 virtus
1394 3872 1478 3916 est
1513 3864 1566 3918 in
1611 3865 1829 3922 actione
1868 3868 2082 3937 posita;

499 3965 642 4020 aqua
668 3967 801 4017 vero
825 3952 1144 4009 refectionis
1171 3954 1240 4019 τί,
1271 3966 1451 4007 rerum
1479 3956 1726 4012 scicntia.

570 4040 659 4096 96.
700 4041 905 4098 Umbra
956 4044 1152 4099 mortis
1207 4055 1312 4110 est,
1351 4046 1590 4101 humana
1638 4048 1771 4102 vita.
1821 4047 2086 4121 Quisquis

502 4130 670 4201 igitur
700 4148 825 4188 eum
857 4132 971 4189 Deo
1007 4144 1284 4202 versatur,
1322 4154 1386 4193 ac
1430 4154 1618 4199 secum
1660 4141 1832 4196 Deum
1864 4158 2088 4197 versan-

505 4230 615 4276 tem
656 4222 854 4288 liabet,
905 4224 999 4279 hic
1039 4225 1255 4295 liquido
1300 4227 1485 4283 dicere
1538 4238 1715 4299 potest
1757 4249 1770 4284 :
1804 4232 1943 4287 Nam
1992 4237 2088 4289 etsi

504 4314 845 4369 ambulavero
895 4316 951 4370 in’
1003 4312 1172 4371 medio
1221 4318 1422 4376 umbra:
1477 4323 1695 4389 mortis,
1747 4338 1851 4378 non
1899 4325 2087 4381 timebo

506 4403 675 4475 inata,
702 4407 955 4475 quoniam
982 4414 1038 4459 tu
1066 4424 1269 4463 mecum
1296 4424 1348 4463 es
1368 4408 1433 4465 τ’.

578 4508 666 4562 97.
708 4508 852 4563 Pura
889 4524 1066 4574 mens,
1095 4522 1275 4567 rectas
1317 4524 1403 4568 res
1444 4514 1637 4568 videt:
1675 4519 2083 4590 exercitataque

506 4599 687 4654 oratio
733 4610 798 4655 ac
841 4603 1110 4658 sermonis
1151 4597 1255 4671 vis,
1295 4620 1417 4675 qua:
1450 4617 1579 4662 sunt
1615 4607 1753 4677 visa,
1793 4610 1896 4665 sub
1928 4629 2086 4683 aspe-

508 4700 660 4746 ctum
689 4692 847 4762 ponit
878 4708 893 4746 :
923 4690 1039 4749 haec
1058 4712 1210 4762 vero,
1246 4697 1396 4752 auris
1428 4699 1576 4754 clara
1601 4702 1851 4771 suscipit.
1875 4704 1965 4769 At,
1990 4705 2085 4774 qui

510 4783 689 4839 tzibus
736 4784 857 4840 istis
898 4795 1070 4853 caret,
1114 4788 1391 4843 dicentem
1439 4789 1715 4860 improbat
1766 4802 1830 4846 ac
1870 4793 1947 4849 illi
1986 4795 2084 4851 de-

510 4878 697 4933 trahit.
1236 4888 1241 4893 ’

584 4951 671 5009 98.
701 4952 838 5013 Cum
867 4959 980 5014 Deo
1008 4966 1113 5023 est,
1137 4958 1231 5027 qui
1254 4964 1499 5022 sanctam
1528 4957 1851 5013 Trinitatem
1880 4972 2088 5029 cogno-

511 5049 642 5121 scit,
685 5052 916 5123 ejusque
961 5051 1246 5122 opiﬁcium
1292 5060 1352 5108 et
1398 5051 1835 5123 providentiam;
1876 5051 2086 5125 quique

2254 3404 2355 3472 ηδ’.
2399 3406 2458 3459 '0
2491 3404 2649 3475 λόγος
2689 3406 3163 3479 συγγραφόμενος,
3195 3406 3227 3478 ἢ
3273 3408 3409 3478 πρὸς
3439 3405 3535 3478 τὴν
3571 3405 3771 3461 ἑαυτοῦ

2184 3496 2492 3568 ὑπόμνησιν
2543 3498 2936 3568 συγγράφεται,
2990 3498 3023 3569 ἢ
3077 3498 3216 3568 πρὸς
3260 3497 3546 3567 ὠφέλειαν.
3604 3492 3773 3569 ﬁxa}.

2185 3588 2371 3657 ἄμφω,
2403 3589 2435 3659 ἢ
2471 3588 2608 3661 πρὸς
2648 3588 2850 3662 ϐλάϐην
2881 3590 3062 3656 τινῶν,
3099 3589 3294 3665 ἣπρὸς
3330 3586 3607 3658 ἐπίδειξιν,
3646 3588 3772 3663 ηιξ

2185 3682 2457 3750 ἀνάγκης.
2548 3675 2552 3680 ’

2258 3867 2356 3930 [ιε’.
2393 3862 2567 3925 Τόπος
2597 3864 2713 3915 ἐστὶ
2754 3863 2923 3933 χλόης
2989 3865 3022 3933 ἡ
3079 3863 3360 3936 πρακτικὴ
3394 3865 3595 3936 ἀρετή·
3624 3864 3734 3920 ῦδω

2186 3951 2571 4015 ἀναπαύσεως.
2608 3954 2641 4024 ἡ
2665 3952 2869 4020 γνῶσις
2897 3954 3005 4006 τῶν
3032 3956 3357 4022 γεγονότων.
3666 3979 3676 3986 ·

2256 4043 2372 4113 ιιςῖ
2407 4043 2543 4097 Σκιὰ
2565 4043 2796 4097 θανάτου
2826 4045 2973 4098 ἐστὶν
3002 4048 3034 4117 ἡ
3067 4044 3382 4116 ἀνθρωπίνη
3417 4046 3551 4117 ζωή.
3596 4045 3665 4099 Εἴ
3685 4063 3772 4113 τις

2185 4133 2279 4192 οὖν
2306 4140 2423 4191 ἐστι
2458 4136 2717 4209 μετὰ’τοῦ
2739 4138 2895 4202 Θεοῦ,
2926 4140 3020 4191 καὶ
3041 4139 3070 4191 6
3096 4137 3232 4202 Θεὸς
3267 4141 3385 4209 μετ’
3409 4138 3573 4191 αὐτοῦ
3597 4139 3769 4205 ἐστιν,

2186 4223 2344 4293 οὗτος
2373 4229 2595 4283 δύναται
2648 4231 2820 4284 εἰπεῖν
2843 4228 3091 4302 ἐναργῶς
3120 4228 3199 4296 τὸ,
3264 4231 3399 4285 Ἐὰν
3422 4231 3531 4299 γὰρ
3556 4243 3771 4300 πορευ-

2189 4322 2271 4378 θῶ
2303 4325 2369 4378 ἐν
2388 4322 2557 4393 μέσῳ
2583 4320 2765 4391 σκιᾶς
2796 4323 3076 4391 θανάτου,
3100 4325 3173 4379 οὐ
3213 4324 3636 4395 φοϐηθήσομαι
3669 4342 3772 4379 κα-

2118 4424 2163 4485 ῐ)
2191 4414 2287 4480 κὰ,
2316 4416 2406 4469 ὅτι
2441 4415 2523 4470 σὺ
2547 4417 2676 4485 μετ’
2708 4417 2856 4486 ἐμοῦ
2884 4413 2957 4471 εἴ.

2258 4507 2362 4577 κζ’.
2396 4507 2539 4571 Νοῦς
2569 4508 2666 4579 μὲν
2686 4507 2927 4575 καθαρὸς
2954 4507 3090 4580 ὀρθά
3140 4507 3327 4579 βλέπει
3351 4507 3422 4562 τὰ
3449 4509 3767 4581 πράγματα·

2187 4598 2346 4669 λόγος
2377 4599 2434 4653 δὲ
2464 4598 2933 4672 γεγυμνασμένος,
2965 4601 3056 4655 ὑπ’
3078 4600 3200 4672 ὄψιν
3235 4601 3359 4670 ἄγει
3388 4599 3455 4654 τά
3486 4600 3767 4672 ὁραθένταο

2188 4693 2325 4763 ἀκοὴ
2356 4694 2415 4748 δὲ
2448 4695 2675 4766 λαμπρὰ
2729 4695 3050 4765 ὑποδέχεται
3085 4694 3246 4749 αὑτά.
3290 4695 3349 4748 ’0
3378 4694 3435 4747 δὲ
3466 4694 3577 4749 τῶν
3606 4690 3771 4766 τριῶν

2194 4787 2577 4858 ἐστερημένος,
2609 4786 2702 4839 τὸν
2730 4787 2989 4858 εἰρηκότα
3016 4785 3233 4851 κακίζει
3268 4785 3368 4858 (h).

2266 4967 2371 5033 ιιηι.
2398 4960 2553 5019 Μετὰ
2584 4964 2676 5017 τοῦ
2730 4965 2866 5019 Θεοῦ
2914 4968 3061 5020 ἐστιν
3092 4968 3121 5019 6
3166 4964 3263 5035 τὴν
3293 4963 3455 5031 ἁγίαν
3491 4960 3772 5030 γινώσκων

2198 5055 2427 5125 Τριάδα,
2459 5054 2554 5107 καὶ
2602 5054 2702 5124 τὴν
2730 5055 3092 5125 δημιουργίαν
3139 5054 3332 5123 αὐτῆς,
3371 5052 3465 5105 καὶ
3493 5052 3595 5122 τὴν
3646 5048 3773 5120 πρό-

579 5203 620 5234 ⁶⁷
656 5210 792 5269 Luc.
819 5227 930 5279 xlv,
967 5213 1056 5269 55.
1134 5214 1177 5247 ⁸⁸
1210 5214 1343 5270 Luc.
1372 5230 1481 5282 nt,
1518 5215 1602 5269 l9.
1680 5216 1725 5247 ⁶⁹
1755 5214 1776 5270 l
1801 5214 1929 5271 Cor.
1960 5231 2048 5282 xv,
2076 5216 2083 5269 1

2241 5216 2289 5249 ’⁸
2312 5216 2474 5272 Joan.
2501 5230 2610 5281 xn',
2641 5216 2693 5272 6.
2796 5217 2840 5249 τί
2875 5212 3018 5272 Psal.
3050 5230 3179 5283 χιιι,
3213 5214 3266 5270 Ξ.
3365 5210 3410 5244 ⁷⁸
3444 5209 3584 5266 ibid.
3613 5206 3668 5265 4.

585 5350 664 5421 (9)
706 5350 810 5404 Ἔν
831 5350 911 5416 τῷ
938 5354 1170 5418 θανάτῳ
1198 5356 1538 5423 γενόμενος.
1579 5354 1636 5407 ln
1688 5362 1864 5408 morte
1907 5364 2090 5409 versa-

514 5424 628 5482 tus,
674 5430 851 5493 morte
900 5424 1272 5493 perfunctus;
1330 5441 1395 5479 ac
1457 5424 1606 5493 quod
1663 5424 1921 5486 reddidi,
1973 5438 2095 5477 mo-

520 5503 689 5562 riens.
748 5490 935 5560 inepta
978 5492 1181 5562 Obsop.
1238 5490 1677 5558 circumlocutio,
1768 5494 1830 5547 In
1915 5495 2098 5548 mortis

519 5558 719 5615 vesicas
746 5558 1022 5629 angustiis,
1053 5558 1165 5632 quo
1207 5579 1311 5619 nec
1359 5579 1489 5619 vere
1536 5575 1791 5618 mortuus
1825 5564 2101 5635 signitice-

522 5635 635 5683 ιιιτ.

531 5687 537 5694 ’
597 5695 673 5767 (h)
707 5695 824 5751 Τὸν
840 5699 1116 5767 εἰρηκότα
1138 5702 1370 5761 κακίζει.
1402 5702 1564 5757 Gesn.
1595 5703 1648 5757 in
1676 5702 2102 5775 margJ’identur

2201 5354 2309 5428 nam
2341 5355 2557 5408 obscura
2576 5373 2606 5428 A:
2638 5370 2702 5410 ac
2718 5353 3209 5428 certetibscuravit
3237 5346 3618 5428 Obst-‘qtqlp
3657 5360 3773 5428 τςΐτ

2203 5422 2546 5496 sioncucum
2572 5426 2688 5496 ipsa
2738 5425 3087 5496 intelligenti,
3152 5431 3208 5480 et
3262 5432 3321 5478 ut
3369 5416 3611 5496 reddidi,
3668 5416 3775 5496 sin}

2205 5495 2371 5548 clara.
2400 5490 2458 5548 in
2488 5510 2545 5549 se
2577 5488 2759 5565 itaque
2820 5488 3089 5565 Maiimus
3134 5506 3326 5548 verum
3378 5494 3642 5565 expert“?
3694 5488 3774 5565 (³ξὲ

2205 5546 2364 5618 suam
2398 5546 2647 5631 ausas,“
2658 5546 3365 5630 ἑὸάςαᾶέζέἇὸσῖζάῑρὶὲήιόηι
3388 5546 3768 5689 ξὲιὩ-εῢοηάί

2206 5634 2416 5688 scilicet
2444 5635 2514 5689 ab
2539 5635 2627 5689 iis.
2659 5636 2861 5689 quibus
2891 5635 3072 5689 desint
3113 5634 3190 5689 illi
3229 5650 3502 5689 commem
3569 5632 3681 5684 ala.
3713 5629 3768 5675 ιιι

2206 5634 2416 5688 scilicet
2444 5629 2627 5716 abiis,
2659 5636 2861 5716 quibus
2891 5635 3072 5716 desint
3113 5634 3190 5690 illi
3229 5629 3681 5716 commemt’g‘awn
3713 5629 3771 5675 ιιι

2206 5719 2332 5760 eum
2366 5706 2499 5762 satis
2520 5706 2734 5778 assequi
2763 5707 2995 5777 possint.
