4084 6332
292 340 445 413 ῙθΠ⁸

1170 350 1505 411 CAPITUM
1540 348 1638 410 DE
1674 349 2106 410 CHARITATE
2144 347 2535 411 CENTURIA
2573 351 2691 412 III.

3404 354 3542 420 1018

294 502 441 538 νοιαν
465 502 477 514 ·
515 483 608 538 καὶ
627 483 686 537 τὸ
712 481 951 553 παθητὸν
982 481 1147 554 μέρος
1189 483 1287 554 τῆς
1318 483 1500 555 ψυχῆς
1533 482 1742 545 ἀπαθὲς
1779 499 1855 536 κε-

1971 462 2255 533 patibilem
2296 463 2466 517 animi
2504 472 2718 533 partem
2765 461 3057 543 aﬂec‘tibus
3098 464 3330 525 vacuam
3364 465 3558 526 nactus

289 595 398 645 κτη
409 577 588 645 μένος.

361 664 465 731 ψ’.
497 664 610 734 Τὴν
648 661 840 734 ῥάϐδον
878 664 1163 734 σημαίνειν
1202 666 1336 733 φασὶ
1393 664 1493 735 τὴν
1547 667 1738 737 κρίσιν
1774 663 1870 734 τὴν

283 757 383 809 τοῦ
405 755 573 808 Θεοῖν
601 756 702 824 τὴν
739 757 795 809 δὲ
827 755 1151 826 βακτηρίαν,
1195 760 1294 826 τὴν
1322 758 1599 829 πρόνοιαν.
1636 756 1742 809 Τοῦ
1776 751 1870 808 οῦν

215 889 221 898 .
283 852 387 918 τῆς
433 847 637 899 τούτων
689 847 946 914 γνώσεως
978 847 1366 925 μετειληφότος
1415 849 1533 901 ἐστὶ
1562 847 1622 900 τὸ
1650 846 1827 915 λέγειν
1853 862 1866 877 ο

294 942 360 994 ἸΙ
371 938 594 1007 ῥάϐδος
622 952 740 992 σου
763 938 863 991 καί
886 937 925 1005 ἠ
946 939 1250 1008 βακτηρία
1268 955 1406 1003 σου,
1429 936 1609 996 αὗταί
1622 956 1701 1009 με
1723 952 1870 1006 παρ-

281 1032 615 1088 εκάλεσαν.

361 1123 425 1196 ρ’.
459 1124 591 1180 Ὅτε
623 1126 651 1178 ὁ
674 1123 795 1188 νοῦς
819 1124 1009 1178 παθῶν
1037 1124 1323 1195 γυμνωθῇ,
1350 1127 1442 1178 καὶ
1472 1128 1537 1196 τῇ
1568 1124 1674 1177 τῶν
1700 1123 1870 1176 ὄντων

281 1215 719 1286 καταλάμπηται
744 1214 969 1287 θεωρίᾳ,
1005 1216 1126 1269 τότε
1156 1215 1379 1270 δύναται
1414 1218 1511 1271 καὶ
1542 1217 1600 1269 ὲν
1629 1215 1747 1285 Θεῷ
1776 1229 1871 1281 γε·

281 1308 493 1374 νέσθαι,
521 1308 613 1362 καὶ
638 1307 713 1372 ὡς
743 1307 825 1362 δεῖ
857 1306 1275 1380 προσεύχεσθαι.

851 1511 990 1565 ΤΟΥ
1035 1508 1284 1564 ΑΥΤΟΥ

596 1603 734 1671 Περὶ
754 1602 982 1673 ἀγάπης
1015 1602 1180 1670 τρίτη
1207 1600 1552 1667 ἐκατοντάς.

362 1705 430 1753 α’.
481 1698 546 1750 Ἡ
576 1663 1067 1767 μὲνψεῦλογοςητῶν
1090 1663 1379 1765 νοημάτων
1408 1663 1522 1748 καὶ⁷
1552 1692 1660 1748 τῶν
1685 1709 1865 1764 πραγ-
1893 1700 1940 1761 Β
2039 1667 2092 1720 ί·
2131 1663 2479 1767 εοηνθηξθηε
2524 1675 2591 1767 βλ(

289 1792 478 1863 μάτων
514 1789 730 1860 χρῆσις,
781 1785 1134 1857 σωφροσύνης
1182 1787 1279 1839 καὶ
1323 1786 1544 1857 ἀγάπης
1587 1787 1681 1839 καὶ
1724 1782 1865 1854 γνώ-

289 1882 430 1945 σεώς
476 1883 593 1935 ἐστι
643 1880 937 1950 ποιητική’
983 1880 1017 1950 ή
1056 1878 1112 1931 δὲ
1172 1878 1402 1947 ἄλογος,
1439 1877 1738 1941 ἀκολασίας
1770 1879 1865 1945 καὶ

291 1974 481 2045 μίσους
513 1973 608 2026 καὶ
636 1972 892 2042 ἁγνοία-ς.,
986 2020 991 2023 .

362 2156 428 2226 β’.
466 2155 822 2224 Ἠτοίμασας
850 2150 1110 2207 ἐνώπιόν
1148 2167 1269 2220 μου
1323 2146 1633 2217 τράπεζαν,
1664 2146 1760 2200 καὶ
1797 2144 1867 2201 τὰ

212 2256 215 2257 ⁷
288 2245 435 2316 ἑξῆς.
483 2245 546 2297 Ἠ
571 2241 818 2313 τράπεζα
847 2239 1078 2295 ἐνταῦθα
1109 2240 1364 2313 σημαίνει
1416 2240 1516 2309 τὴν
1553 2236 1864 2310 πρακτικὴν

288 2319 513 2409 ἀρετήν.
560 2335 706 2407 Αὕτη
751 2336 858 2405 γὰρ
889 2335 947 2401 ἐξ
984 2333 1233 2397 ἐναντίας
1266 2332 1373 2386 τῶν
1402 2331 1689 2387 θλιϐόντων
1717 2331 1869 2401 ἡμᾶς

288 2428 442 2496 παρὰ
471 2425 707 2498 Χριστοῦ
740 2425 1067 2498 ήτοιμάσθη.
1124 2424 1197 2477 Τὸ
1228 2424 1285 2477 δὲ
1308 2423 1487 2477 ἔλαιον
1511 2424 1571 2475 τὸ
1595 2422 1862 2474 -λιπαῖνον

287 2520 379 2571 τὸν
407 2518 553 2581 νοῦν,
580 2518 677 2589 τὴν
706 2518 939 2589 Θεωρίαν
956 2516 1069 2569 τῶν
1091 2515 1409 2585 γεγονότων.
1437 2515 1511 2567 Τὸ
1532 2513 1587 2566 δὲ
1607 2516 1869 2583 ποτήριον

288 2607 381 2659 τοῦ
408 2608 543 2660 Θεοῦ
583 2607 692 2679 (ί),
725 2608 826 2677 τὴν
853 2607 1056 2676 γνῶσιν
1082 2608 1182 2677 τὴν
1223 2605 1316 2658 τοῦ
1347 2605 1505 2658 Θεοῦ.
1538 2605 1610 2657 Τὸ
1629 2604 1684 2657 δὲ
1717 2604 1864 2667 ἔλεος

288 2696 477 2764 αὐτοῦ,
500 2700 591 2751 τὸν
610 2698 784 2766 Λόγον
812 2698 977 2751 αὐτοῦ
999 2698 1094 2750 καὶ
1122 2697 1275 2750 Θεόν.
1309 2690 1478 2760 Οὗτος
1506 2696 1616 2766 γὰρ
1649 2695 1738 2749 διὰ
1762 2694 1862 2763 τῆς

286 2790 755 2861 ὲνανθρωπήσεως
778 2788 943 2842 αὑτοῦ
966 2787 1290 2843 καταδιώκει
1314 2788 1494 2850 πάσας
1510 2787 1608 2850 τὰς
1626 2786 1863 2858 ἡμέρας,

286 2883 391 2945 ἕως
426 2877 489 2933 οῦ
514 2882 723 2944 πάντας
754 2880 1038 2951 καταλάϐῃ
1056 2880 1183 2942 τοὺς
1213 2878 1647 2948 σωθησομένους,
1675 2877 1863 2949 ὥσπερ

285 2973 376 3028 τὸν
407 2973 635 3028 Παῦλον.
655 2974 713 3025 '0
742 2973 798 3025 δὲ
823 2969 993 3036 οἶκος,
1020 2972 1117 3042 τὴν
1141 2970 1440 3040 βασιλείαν,
1473 2972 1530 3023 ὲν
1552 2964 1586 3043 ᾖ
1617 2970 1863 3023 ἀποκαθ-

289 3066 532 3118 ίστανται
571 3067 773 3129 πάντες
833 3067 881 3119 οἱ
908 3066 1072 3132 ἅγιοι.
1109 3064 1176 3116 Ἦ
1204 3062 1260 3115 δὲ
1298 3061 1576 3133 μακρότης
1602 3062 1710 3116 τῶν
1730 3064 1864 3134 ἡμε-

289 3157 416 3229 ρῶν,
447 3158 547 3230 τὴν
583 3158 799 3212 αἰώνιον
821 3158 988 3227 ζωήν.

352 3250 420 3318 γε,
459 3252 616 3305 κατὰ
661 3251 1008 3321 παράχρησιν
1061 3250 1117 3302 αἱ
1159 3248 1350 3302 κακίαι
1392 3247 1502 3301 τῶν
1551 3248 1649 3317 τῆς
1682 3247 1861 3318 ψυχῆς

282 3341 566 3413 δυνάμεων
592 3345 721 3413 ἡμῖν
748 3342 1237 3412 ὲπισυμϐαίνουσιν
1254 3357 1269 3370 ·
1301 3336 1434 3404 οἷον,
1461 3343 1560 3412 τῆς
1590 3358 1649 3393 τε
1671 3339 1860 3393 ἐπιθυ-

287 3436 540 3506 μητικῆς,
568 3436 662 3489 καὶ
704 3436 804 3506 τῆς
854 3435 1190 3505 θυμοειδοῦς,
1243 3434 1464 3504 καὶτῆς
1521 3433 1853 3503 λογιστικῆς.

284 3524 392 3579 Καὶ
410 3526 509 3596 τῆς
542 3524 973 3596 μὲννλογιστικῆς
1001 3523 1284 3595 δυνάμεως
1310 3522 1654 3596 παράχμησίς
1685 3523 1854 3586 ἐστιν,

283 3617 526 3686 ἀγνωσία
555 3619 650 3670 καὶ
682 3617 964 3688 ἀφροσύνη
989 3632 1002 3647 ο
1043 3616 1144 3686 τῆς
1171 3617 1229 3670 δὲ
1259 3615 1576 3685 θυμοειδοῦς
1615 3615 1709 3667 καὶ
1740 3616 1860 3666 ὲπι-

285 3707 611 3778 θυμητικῆς,
642 3711 796 3778 μῖσος
842 3711 939 3762 καὶ
985 3708 1271 3763 ἀκολασία.
1305 3708 1513 3778 Χρῆσις
1542 3707 1598 3759 δὲ
1628 3706 1854 3770 τούτων,

284 3798 481 3865 γνῶσις
503 3800 598 3853 καὶ
631 3800 894 3869 φρόνησις
914 3841 927 3862 ,
963 3799 1152 3869 ἀγάπη
1184 3812 1243 3851 τε
1270 3799 1366 3851 καὶ
1394 3797 1736 3866 σωφροσύνη.
1792 3797 1857 3848 Et

283 3888 339 3940 δὲ
369 3889 550 3954 τοῦτο,
579 3890 729 3943 οὐδὲν
754 3890 864 3943 τῶν
889 3890 993 3945 ὑπὸ
1020 3889 1155 3944 Θεοῦ
1212 3888 1538 3943 κτισθέντων
1567 3889 1662 3941 καὶ
1692 3903 1853 3954 γεγο-

242 4030 246 4033 .
283 3982 448 4034 νότων
484 3981 602 4035 ἐστὶ
632 3981 822 4035 κακόν.

348 4074 411 4127 δ’.
441 4076 515 4128 Οὐ
543 4075 613 4127 τὰ
654 4072 916 4143 βρώματα
963 4073 1131 4137 κακὰ,
1181 4072 1295 4125 ἀλλ’
1339 4072 1373 4143 ἡ
1406 4070 1852 4141 γαστριμαργία*

281 4168 398 4222 οὐδὲ
418 4168 453 4238 ὴ
485 4165 818 4232 παιδοποιία,
842 4165 954 4220 ἀλλ’
980 4168 1013 4236 ἡ
1049 4165 1274 4236 πορνεῖα
1295 4179 1309 4194 ⁸
1331 4165 1452 4218 οὐδὲ
1479 4164 1550 4218 τὰ
1572 4166 1850 4235 χρήματα,

281 4261 391 4313 ἀλλ’
420 4261 454 4331 ἠ
489 4242 857 4331 φιλαργιῗρία”
889 4258 1009 4312 οὐδὲ
1045 4260 1077 4329 ἠ
1108 4257 1256 4324 δόξα,
1317 4258 1432 4313 ἀλλ’
1482 4260 1516 4329 ὴ
1552 4257 1847 4323 κενοδοξία.

1976 568 2081 614 est.

2050 651 2137 706 99.
2172 652 2390 722 Virgam
2416 651 2573 706 aiunt
2598 648 2906 720 signiﬁcare
2929 651 3024 706 Dei
3049 650 3319 721 judicium
3350 670 3363 707 :
3387 652 3555 707 bacu-

1946 745 2092 799 .lum
2137 757 2302 808 vero,
2358 742 2787 812 providentiam.
2834 743 2967 821 Ejus
3014 757 3166 813 ergo,
3207 744 3300 813 qui
3354 745 3552 799 horum

1976 838 2227 906 percepit
2252 835 2562 898 scientiam,
2587 844 2673 889 est
2703 841 2763 888 ut
2788 833 2936 889 dicat
2962 851 2975 887 :
3003 833 3161 906 Virga
3190 840 3281 888 tua
3308 841 3356 887 et
3390 833 3551 888 bacu-

1974 928 2056 983 lus
2085 936 2227 991 tuus,
2250 927 2367 997 ipsa
2394 941 2475 980 me
2503 922 2775 980 consolata
2798 931 2923 977 sunt
2950 921 3020 975 ".

2047 1117 2166 1171 100.
2210 1114 2315 1172 Ubi
2356 1131 2512 1170 mens
2553 1113 2759 1170 nudata
2787 1112 3100 1178 aﬂ‘ectibus,
3133 1127 3319 1167 rerum
3355 1126 3550 1182 specu-

1970 1208 2177 1262 latione
2221 1205 2656 1285 collustrabitur,
2681 1213 2796 1259 tum
2833 1219 2958 1258 cum
2979 1203 3093 1259 Deo
3121 1201 3352 1267 versari,
3383 1209 3459 1266 et,
3488 1207 3549 1255 ut

1970 1306 2209 1369 oportet,
2248 1312 2407 1353 orare
2445 1296 2669 1368 poterit.

1902 1419 1973 1432 —

2583 1474 2665 1531 Ε]
2674 1474 2911 1532 USDEM

2207 1563 2284 1627 De
2314 1572 2575 1626 charitate
2607 1569 2759 1623 tertio
2793 1574 3012 1620 centena
3041 1566 3237 1635 capita.

2636 1661 2849 1713 ratione
2890 1655 3285 1725 cogitationum
3323 1665 3541 1707 rerum-

1966 1772 2074 1829 que
2109 1770 2173 1812 ac
2198 1753 2544 1824 negotiorum
2574 1766 2729 1815 usus,
2769 1747 3189 1817 temperantiam
3226 1759 3292 1800 ac
3322 1743 3546 1798 castita-

1966 1858 2111 1914 tem,
2163 1847 2487 1901 cbaritatem
2539 1852 2596 1898 et
2641 1840 2932 1896 scientiam
2984 1838 3177 1908 parit:
3214 1836 3312 1906 qui
3357 1842 3545 1890 autem

1963 1938 2225 1993 abhorret
2270 1952 2301 1990 a
2342 1934 2578 1999 ratione,
2614 1929 3118 2000 intemperantiam,
3159 1928 3459 1998 odiumque
3487 1935 3546 1984 et

1963 2030 2348 2102 ignorantiam.
3213 2084 3217 2088 ,

2031 2121 2087 2176 2.
2147 2118 2364 2176 Parasti
2418 2119 2475 2172 in
2535 2123 2811 2187 conspectu
2867 2126 2980 2167 meo
3037 2126 3275 2165 mensam
3309 2110 3377 2177 ⁷⁸,
3431 2120 3540 2169 etc.

1962 2212 2150 2268 Mensa
2184 2211 2275 2267 hic
2298 2211 2563 2265 virtutem
2595 2206 2889 2279 signiﬁcat,
2915 2219 3038 2275 qua:
3063 2202 3282 2258 actione
3304 2204 3537 2273 geritur.

1964 2302 2090 2359 Haec
2119 2305 2271 2358 enim
2303 2320 2334 2358 a
2366 2300 2588 2358 Christo
2616 2305 2807 2369 parata
2838 2302 2942 2364 est,
2971 2311 3039 2351 ex
3076 2295 3310 2350 adverso
3343 2306 3541 2350 eorum

1963 2397 2057 2468 qui
2106 2395 2376 2450 tribulant
2416 2408 2538 2448 nos.
2582 2391 2777 2447 Oleum
2822 2395 3008 2443 autem
3052 2394 3291 2441 mentem
3332 2385 3537 2455 impin-

1961 2503 2165 2561 guans,
2201 2503 2386 2543 rerum
2437 2493 2744 2541 crcatarum
2792 2481 3247 2552 speculationem.
3278 2479 3376 2534 Dei
3404 2495 3539 2534 vero

1964 2580 2125 2643 calix,
2160 2578 2255 2633 Dei
2288 2574 2658 2647 cognitionem
2696 2588 2759 2628 ac
2792 2570 3098 2626 scientiam.
3137 2564 3267 2640 Ejus
3298 2567 3537 2637 denique

1964 2669 2363 2733 misericordia,
2396 2667 2570 2737 ipsius
2593 2663 2835 2719 Verbum
2862 2676 2925 2715 ac
2945 2660 3139 2716 Deum.
3165 2659 3348 2728 Ipsum
3373 2657 3535 2729 427

1962 2763 2111 2818 enim
2155 2776 2262 2831 qua
2305 2758 2588 2813 hominem
2638 2753 2837 2819 induit,
2877 2750 3230 2822 persequitur
3277 2749 3540 2804 omnibus

1962 2853 2193 2915 diebus,
2238 2848 2416 2905 donec
2459 2863 2651 2903 omnes
2699 2844 2989 2900 salvandos
3029 2839 3534 2911 comprehenderit,

1964 2945 2045 2998 uti
2066 2943 2321 2998 Paulum.
2354 2940 2579 3005 Domus,
2615 2953 2842 3010 regnum
2865 2945 2949 2991 est
2972 2932 3030 2991 in
3059 2933 3206 3004 quod
3237 2930 3537 2987 reducendi

1890 3039 1932 3097 Ο
1965 3044 2094 3090 sunt
2118 3049 2312 3089 omnes
2334 3031 2531 3090 sancti.
2572 3027 2880 3100 Longitudo
2908 3027 3144 3092 dierum,
3165 3024 3280 3080 vita
3307 3032 3534 3079 aeterna.

2030 3268 2084 3322 5.
2122 3267 2314 3321 Abusu
2343 3266 2545 3321 virium
2585 3266 2802 3332 animae,
2825 3264 2960 3319 vitia
2993 3264 3158 3319 nobis
3190 3262 3532 3329 inolescunt;

1960 3367 2076 3414 tum
2124 3360 2334 3415 scilicet
2376 3358 2845 3428 concupiscentis,
2884 3366 3003 3411 tum
3042 3356 3331 3413 irascentis
3364 3353 3533 3408 animi

1956 3453 2063 3519 vis,
2102 3461 2217 3509 tum
2252 3450 2426 3523 partis
2464 3450 2715 3505 rationis.
2750 3450 2829 3505 Ac
2852 3448 3079 3519 quidem
3103 3448 3275 3519 partis
3302 3447 3535 3502 rationis

1957 3545 2196 3611 abusus,
2239 3544 2549 3616 ignorantia
2597 3551 2682 3599 est
2729 3552 2785 3598 et
2809 3542 3075 3608 stultitia;
3120 3541 3213 3595 irae
3250 3552 3433 3596 autem
3476 3548 3534 3595 et

1958 3635 2295 3705 cupiditatis,
2335 3634 2522 3688 odium
2563 3643 2619 3687 et
2661 3632 3079 3703 intemperantia
3116 3650 3128 3685 :
3163 3634 3355 3686 harum
3399 3646 3531 3686 vero

1956 3739 2111 3790 usus,
2145 3723 2378 3777 Scientia
2417 3731 2474 3775 et
2514 3721 2830 3790 prudentia,
2867 3720 3203 3790 dilectioquc
3236 3727 3293 3774 et
3322 3730 3532 3791 tempe-

1957 3814 2158 3868 rantia.
2204 3812 2361 3877 Quod
2415 3811 2459 3865 si
2500 3811 2576 3865 ita
2615 3818 2719 3873 est,
2762 3809 2899 3863 nihil
2935 3826 3129 3865 eorum
3180 3827 3303 3880 quze
3343 3826 3374 3865 a
3419 3812 3533 3866 Deo

1956 3910 2140 3958 creata
2171 3908 2326 3964 sunt,
2357 3900 2586 3969 ipsoque
2614 3906 2841 3953 auctore
2874 3906 2935 3953 ut
2965 3906 3153 3954 essent
3176 3911 3530 3968 acceperunt,

1956 3992 2161 4047 malum
2182 4000 2287 4048 est.

2022 4085 2077 4138 4.
2117 4084 2236 4140 Non
2270 4089 2382 4144 cibi
2422 4091 2549 4145 mali
2582 4101 2730 4156 sunt,
2767 4091 2861 4146 sed
2894 4090 3052 4161 gula;
3092 4107 3196 4146 nec
3227 4091 3529 4146 liberorum

1954 4178 2291 4246 procreatio,
2323 4181 2419 4237 sed
2469 4182 2758 4249 scortatio;
2796 4198 2899 4238 nec
2951 4185 3220 4252 pecuniae,
3260 4182 3355 4237 scd
3400 4199 3529 4237 ava-

1952 4271 2114 4339 ritia;
2154 4287 2334 4343 neque
2358 4274 2551 4345 gloria,
2581 4275 2675 4329 sed
2712 4274 2892 4331 inanis
2925 4275 3118 4345 gloria.
3159 4274 3314 4340 Quod
3357 4275 3407 4331 si.
3453 4274 3529 4331 ita

284 4352 343 4404 El
364 4351 421 4405 δὲ
434 4350 613 4416 τοῦτο,
636 4350 793 4404 οὐδὲν
822 4351 880 4403 ὲν
908 4352 1020 4414 τοῖς
1049 4345 1167 4404 οὖσι
1198 4350 1389 4413 κακὸν,
1419 4350 1468 4403 εί
1506 4350 1580 4420 μὴ
1607 4350 1637 4417 ἠ
1674 4350 1851 4419 παρά-

1954 4369 2059 4428 est,
2089 4362 2229 4417 nihil
2266 4363 2325 4418 in
2360 4363 2531 4420 rebus
2568 4366 2770 4420 malum
2808 4375 2912 4431 est,
2950 4364 3054 4420 nisi
3096 4364 3321 4431 abusus,
3355 4380 3426 4420 ex
3460 4379 3529 4420 eo

282 4459 496 4512 χρησις,
522 4442 644 4512 ἥτις
670 4439 955 4510 συμϐαίνει
978 4442 1044 4495 ὲκ
1074 4441 1175 4512 τῆς
1196 4438 1291 4494 τοῦ
1320 4439 1413 4494 νοῦ
1435 4438 1696 4509 ἀμελείας
1724 4440 1851 4509 περὶ

278 4534 372 4603 τὴν
408 4533 647 4603 φυσικὴν
674 4531 970 4602 γεωργίαν.

345 4631 406 4680 ε’.
437 4624 510 4677 Τὸ
531 4627 588 4677 ὲν
612 4623 831 4694 δαίμοσι
862 4623 1031 4678 κακὸν
1077 4623 1253 4677 ταῦτα
1298 4619 1435 4677 εἷναί
1484 4639 1652 4693 φησιν
1677 4623 1705 4675 ό
1741 4639 1841 4691 μαι

279 4717 464 4789 κάριος
505 4718 778 4780 Διονύσιος
827 4716 918 4788 (1')
946 4757 960 4781 ,
1000 4715 1172 4786 θυμὸν
1216 4715 1431 4783 ἄλογον,
1466 4715 1625 4769 ἄνουν
1651 4714 1844 4767 ἐπιθυ-

283 4808 428 4878 μίαν,
463 4806 760 4875 φαντασίαν
795 4806 1065 4877 προπετῆ.
1112 4806 1330 4874 Ἀλογία
1358 4806 1415 4860 δὲ
1443 4806 1536 4861 καὶ
1570 4806 1724 4860 ἄνοια
1751 4805 1848 4860 καὶ

278 4902 572 4969 προπέτεια
598 4900 691 4953 ἐπὶ
712 4901 819 4953 τῶν
841 4898 1076 4969 λογικῶν
1102 4901 1388 4971 στερήσεις
1435 4900 1542 4953 είσὶ
1569 4898 1727 4968 λόγου
1752 4899 1848 4952 καὶ

275 4985 361 5041 νοῦ
393 4988 488 5041 καὶ
526 4987 924 5058 περισκέψεως.
966 4989 1032 5041 Δί
1061 4987 1117 5041 δὲ
1165 4987 1449 5059 στερήσεις
1471 5031 1487 5052 ,
1522 4988 1630 5042 τῶν
1680 4987 1846 5054 ἓξεὼν

276 5079 378 5134 είσι
409 5077 676 5152 δεύτεραι.
706 5083 850 5152 "Aput
870 5076 962 5136 οὖν
985 5077 1053 5153 ἦν
1075 5083 1163 5135 ὅτε
1189 5082 1434 5154 ὑπῆρχεν
1458 5084 1516 5137 ὲν
1545 5081 1728 5145 αὐτοῖς
1756 5081 1844 5136 λό-

348 5234 395 5267 "
419 5233 562 5290 Psal.
597 5249 726 5301 xm,
759 5235 813 5289 4.
892 5237 937 5266 ’⁸
966 5236 1109 5291 Psal.
1142 5251 1272 5302 xxu,
1305 5236 1358 5292 5.

339 5392 399 5477 (ᾗ
431 5394 499 5449 Τὸ
529 5393 597 5448 δὲ
627 5395 913 5477 ποτήηνοτ·
938 5398 1045 5477 τοῦ
1074 5397 1240 5477 Θεοῦ.
1269 5397 1532 5477 sequitur
1573 5399 1842 5477 magimus

273 5464 583 5529 lectionem,
609 5481 775 5540 quam
808 5466 1004 5540 haberi
1025 5470 1082 5540 ἐν
1107 5472 1169 5540 τῇ
1200 5464 1376 5540 κοινῇζ
1405 5479 1601 5540 auctor
1644 5467 1841 5540 lliero-

274 5550 492 5605 nymus;
517 5543 708 5604 estque
739 5536 991 5592 Psalterii
1019 5536 1236 5594 Ληιίὶἰεί
1275 5536 1611 5603 ρι’ῐὶοιηοιιί,
1662 5537 1836 5593 Pocu-

276 5604 379 5658 ίιιηι
405 5615 563 5679 tuum
602 5605 893 5661 inebrians.
942 5608 1104 5679 Cypr.
1158 5610 1195 5664 l.
1255 5626 1326 5676 ll,
1375 5610 1538 5678 epist.
1576 5609 1610 5662 5
1645 5608 1840 5679 εβιιίίπ

276 5676 685 5751 ξιιιιρὺιεὸτίαιιε,
710 5692 967 5751 perquam
984 5676 1256 5751 :optimus.
1277 5676 1633 5751 ScholLDufr.
1660 5676 1796 5735 Cod.
1821 5698 1834 5732 :

277 5745 379 5799 Καὶ
404 5745 464 5799 τὸ
495 5745 753 5820 ποτήριόν
787 5745 879 5801 σου
904 5745 1173 5822 μεθύσκον
1209 5769 1297 5822 με,
1325 5751 1400 5814 ὼς
1425 5747 1479 5805 εἴ
1521 5751 1827 5823 κράτιστον.

1950 4469 2151 4523 nempe
2189 4455 2536 4525 contingens,
2572 4457 2718 4527 quod
2757 4457 2975 4513 animus
3004 4472 3068 4512 ea
3106 4471 3228 4527 qua:
3267 4466 3396 4512 sunt
3431 4472 3529 4512 na-

1950 4552 2088 4598 tura!
2120 4545 2302 4599 colere
2334 4547 2578 4618 negligit.

2022 4631 2074 4686 5.
2117 4631 2314 4686 Malum
2366 4633 2423 4688 in
2478 4634 2819 4692 daemonibus
2854 4636 2972 4692 haec
3013 4653 3158 4705 esse,
3207 4637 3283 4692 ait
3331 4638 3527 4694 beatus

1934 4721 2264 4793 Dionysius,
2301 4722 2437 4778 iram
2465 4724 2680 4781 scilicet
2705 4726 2912 4798 absque
2946 4729 3179 4796 ratione,
3214 4730 3522 4785 dementem

1950 4809 2257 4877 libidinem,
2285 4815 2670 4883 cogitationem
2698 4818 3055 4888 prazcipitem.
3077 4819 3265 4889 Atqui,
3294 4820 3525 4875 rationis

1952 4904 2261 4973 mentisque
2309 4905 2587 4972 absentia,
2628 4919 2687 4964 et
2732 4925 2976 4981 praeceps
3022 4912 3192 4968 animi
3241 4913 3518 4982 cogitatio,

1949 4993 2286 5062 privationes
2311 5004 2441 5052 sunt
2470 4999 2718 5066 rationis,
2739 5003 3050 5071 mentisque
3082 5004 3434 5073 perspicacis,
3460 5020 3522 5059 ac

1950 5092 2170 5140 attentas
2202 5086 2658 5146 considerationis
2687 5110 2700 5145 :
2733 5092 3071 5160 privationes
3105 5104 3309 5161 autem,
3335 5103 3520 5167 postea

1944 5403 2036 5483 {iit
2084 5403 2235 5460 Hier.
2290 5406 2593 5465 Hebraeaet
2623 5410 2791 5474 LXX,
2842 5424 3143 5483 omnesque
3197 5414 3523 5483 interpretes

1946 5473 2152 5558 habere
2181 5489 2413 5558 μαψ-ιιι
2433 5487 2490 5558 et
2519 5490 2716 5558 nostra
2756 5473 2936 5553 Vulg:
2969 5473 3138 5558 calix“
3204 5473 3357 5558 meai
3408 5486 3524 5539 ine-

1945 5543 2147 5625 brium.
2181 5543 2303 5601 Uno
2331 5548 2504 5619 Regio
2530 5552 2654 5625 cod.
2684 5550 2844 5608 deest
2863 5543 2983 5608 "vox
3005 5550 3164 5621 Θεοῦ,
3195 5553 3291 5611 sed
3325 5568 3518 5625 parum

1946 5615 2289 5696 refertgcun}
2312 5615 2510 5696 omnes
2546 5621 2647 5696 alii
2666 5631 3083 5696 repraesentem.

2016 5685 2080 5757 (j)
2112 5686 2186 5741 De
2217 5688 2404 5744 divinis
2426 5685 2748 5758 nominibus;
2772 5708 2893 5766 cap.
2912 5694 2967 5762 4,
2994 5709 3050 5765 p.
3074 5692 3205 5753 2l2.
