4084 6332
534 317 671 387 Ῑθίθ

1697 314 1757 374 S.
1792 309 2079 371 ΜΑΧΙΜΙ
2116 305 2623 371 CONFESSORIS

3675 303 3819 371 1020

528 435 710 490 riores
738 440 868 489 sunt
903 418 1209 488 babitibus.
1252 429 1386 487 Erat
1417 441 1551 499 ergo
1584 441 1710 481 cum
1748 425 1804 478 in
1839 422 1922 476 eis
1946 427 2107 475 erant

2235 435 2306 483 ὀς
2336 420 2429 474 καὶ
2462 420 2586 485 νοῦς
2618 419 2714 475 καὶ
2769 416 3091 491 περίσκεψις
3120 395 3375 490 εὐλαϐής.
3420 417 3490 471 Εί
3516 415 3583 471 δὲ
3628 416 3811 477 τοῦτο,

530 525 695 587 ratio,
728 524 1038 591 mentisque
1068 519 1427 590 perspicacia,
1468 524 1525 571 et
1558 515 1803 585 prudens
1839 520 2108 578 cautaque

2235 513 2333 566 ιύδὲ
2363 515 2412 566 oi
2441 513 2694 583 δαίμονες
2719 512 2882 582 φύσει
2908 514 3067 566 κακοί
3090 531 3101 544 ’
3131 513 3248 568 ἀλλ’
3276 513 3343 565 ὲκ
3383 510 3810 592 παραχρήσεως

532 611 920 667 consideratio.
969 610 1064 665 Sin
1107 618 1290 664 autem
1327 608 1403 662 ita
1441 623 1500 662 se
1544 622 1632 661 res
1669 603 1855 667 habet,
1896 617 1964 656 ne
2006 600 2109 670 ipsi

2235 604 2320 657 τῶν
2344 604 2593 681 φυσικῶν
2624 604 2906 677 δυνάμεων
2936 604 3101 660 κακοὶ
3128 604 3406 674 γεγόνασι.

533 704 756 775 quidem
788 702 1065 756 daemones
1101 711 1297 755 natura
1341 699 1469 754 mali
1504 707 1667 764 sunt;
1706 695 1802 752 sed
1837 712 1901 753 ex
1943 710 2111 765 pravo
2140 770 2155 782 θ

536 812 635 850 usu
669 793 1004 848 naturalium
1031 794 1231 848 virium
1259 794 1388 848 muli
1419 792 1546 846 facti
1579 798 1721 847 sunt.

605 887 657 941 6.
698 885 1042 950 Aﬂ‘cctuum,
1091 886 1185 939 alii
1232 883 1553 950 libidinem,
1608 883 1703 938 alii
1754 883 1972 946 odium,
2019 880 2115 935 alii

533 986 835 1048 utrumque
891 976 1144 1048 pariunt:
1200 982 1320 1030 tum
1370 976 1582 1031 scilicet
1639 975 1954 1041 libidinem,
1995 982 2113 1028 tum

532 1069 747 1123 odium.

612 1165 663 1217 7.
705 1159 960 1216 Edacitas
1006 1160 1369 1230 ciborumque
1412 1158 1685 1230 exquisita
1721 1159 1998 1223 lautitics,
2043 1157 2114 1212 li-

538 1252 785 1307 bidincm
814 1252 1149 1323 progignunt
1175 1271 1187 1305 :
1224 1252 1453 1307 avaritia
1477 1268 1609 1307 vero
1635 1258 1691 1307 et
1714 1250 1892 1305 inanis
1918 1251 2114 1321 gloria,

541 1344 731 1398 odium
778 1342 837 1396 in
878 1344 1189 1413 proximum
1234 1361 1247 1397 :
1296 1354 1353 1399 at
1400 1345 1601 1399 horum
1649 1358 1848 1413 parens
1884 1343 2119 1398 carnalis

540 1450 697 1489 amor
726 1433 1026 1507 (φιλαυτία)
1060 1436 1347 1504 utriusque
1373 1444 1457 1490 est
1484 1443 1695 1490 auctor.

612 1525 665 1580 8.
705 1524 1094 1605 miiauciaﬁsic
1122 1525 1288 1594 dicta)
1332 1526 1659 1581 libidinosus
1694 1535 1779 1581 est
1819 1540 1884 1581 ac
1918 1525 2118 1579 rationi

543 1616 847 1673 adversans
891 1633 1047 1673 amor
1082 1634 1146 1672 ac
1187 1617 1359 1672 libido
1396 1618 1664 1687 corporis.
1706 1616 1845 1671 lluic
1880 1616 2120 1671 charitas

544 1709 997 1779 continentiaque
1026 1717 1406 1779 opponuntur.
1441 1709 1614 1779 Igitur
1654 1710 1708 1762 in
1741 1724 1851 1777 quo
1877 1717 1959 1762 est
1996 1722 2121 1762 cor—

2284 859 2359 918 ς¹.
2395 853 2475 906 Τὰ
2501 853 2601 924 μὲν
2637 852 2746 906 τῶν
2767 852 2975 917 παθῶν,
3009 853 3304 917 ἀκολασίας
3324 868 3339 883 '
3361 852 3432 907 τὰ
3458 852 3547 919 δὲ,
3584 850 3804 923 μίσους·

2214 946 2282 1000 τά
2312 946 2390 1013 δὲ,
2428 947 2520 999 καὶ
2553 945 2850 1009 ἀκολασίας
2875 945 2969 998 καὶ
3011 945 3202 1016 μίσους
3241 946 3348 999 είσὶ
3375 944 3671 1016 ποιητικά.

2287 1146 2351 1212 ζ’.
2386 1146 2699 1215 Πολυφαγία
2732 1144 2824 1199 καὶ
2849 1145 3153 1217 ήδυφαγία,
3193 1145 3497 1211 ἀκολασίας
3543 1146 3687 1200 εἰσὶν
3721 1149 3810 1200 ai-

2216 1257 2307 1293 τια
2335 1239 2456 1312 [Fr.
2499 1237 2726 1311 αίτιαι]·
2764 1234 3095 1310 φιλαργυρία
3152 1240 3208 1292 δὲ
3248 1240 3343 1293 καὶ
3368 1239 3677 1307 κενοδοξία,
3712 1240 3813 1309 μί-

2219 1348 2345 1396 σους
2382 1332 2516 1403 πρὸς
2541 1330 2630 1385 τὸν
2661 1331 2904 1400 πλησίον.
2945 1332 3011 1384 Ἦ
3041 1331 3097 1383 δὲ
3122 1331 3324 1386 τούτων
3374 1333 3563 1403 μήτηρ
3610 1332 3815 1402 φιλαυ-

2216 1425 2307 1477 τία
2346 1425 2455 1475 τῶν
2489 1423 2816 1494 ἀμφοτέρων
2841 1423 2988 1475 ἐστὶν
3017 1424 3183 1477 αἰτία.

2290 1521 2360 1586 η’.
2401 1515 2661 1569 Φιλαυτία
2715 1518 2865 1569 ἐστὶν
2896 1516 2928 1585 ἡ
2955 1516 3090 1586 πρὸς
3118 1515 3179 1567 τὸ
3214 1516 3372 1585 σῶμα
3409 1516 3669 1587 ἐμπαθὴς
3711 1518 3817 1569 καὶ

2220 1608 2412 1671 ἄλογος
2455 1606 2635 1676 φιλία’
2776 1608 3076 1662 ἀντίκειται
3117 1607 3305 1676 ἀγάπη
3337 1607 3430 1659 καὶ
3477 1609 3813 1676 ἐγκράτεια.

2234 1700 2291 1753 '0
2322 1699 2460 1771 ἔχων
2515 1699 2611 1772 τὴν
2662 1698 2975 1771 φιλαυτίαν,
3024 1699 3182 1773 δῆλον
3230 1699 3312 1753 ὅτι
3362 1699 3477 1770 ἔχει
3524 1701 3709 1753 πάντα
3744 1703 3816 1755 τά

545 1802 698 1869 poris
729 1801 821 1856 ille
860 1758 1038 1867 amor,
1063 1758 1280 1856 retrartum
1318 1810 1401 1856 est
1433 1758 1583 1855 vitiis
1616 1798 1874 1854 omnibus
1911 1806 2121 1853 scatere
2151 1758 2194 1812 Β
2223 1793 2395 1864 πάθη.

430 1874 438 1881 ’
545 1909 610 1950 ac
642 1878 944 1950 affectibus.

614 1982 669 2037 9.
702 1982 897 2049 Nemo,
944 1981 1129 2051 inquit
1174 1981 1503 2052 Apostolus,
1548 1997 1761 2035 carnem
1805 1996 1963 2035 suam
2004 1980 2123 2034 odio

545 2074 727 2131 habuit
752 2073 834 2140 7';
862 2072 1118 2145 suggillat
1142 2081 1320 2128 tamen
1345 2082 1394 2128 et
1422 2075 1479 2129 in
1507 2074 1817 2129 servitutem
1842 2073 2031 2145 redigit
2051 2072 2121 2137 ⁷⁸,

544 2166 687 2225 nihil
727 2166 964 2237 amplius
1001 2165 1055 2221 ei
1098 2166 1380 2235 praebens,
1416 2182 1583 2237 quam
1629 2167 1814 2223 cibum
1855 2176 1915 2221 et
1957 2164 2123 2221 indu-

546 2264 758 2325 menta;
783 2257 1008 2326 haecque
1030 2255 1170 2311 adeo
1188 2264 1454 2327 quantum
1470 2256 1539 2310 ad
1559 2256 1732 2311 solam
1750 2256 1875 2314 vita
1906 2263 2126 2311 susten-

551 2347 812 2402 tationem
823 2345 992 2419 428
1007 2347 1382 2403 necessarium
1400 2348 1492 2402 sit.
1519 2346 1611 2403 Sic
1629 2347 1799 2417 igitur
1821 2348 1946 2418 quis
1963 2346 2130 2402 illibi-

549 2438 748 2493 dinose
783 2439 1045 2509 nulloque
1071 2439 1210 2494 vitio
1248 2454 1368 2494 eam
1393 2439 1598 2510 diligit;
1638 2454 1701 2494 ac
1737 2441 1890 2495 velut
1925 2439 2127 2495 divinis

549 2532 897 2587 ancillantem
937 2532 1039 2586 alit
1071 2539 1129 2587 et
1167 2531 1337 2597 fovet,
1374 2533 1486 2588 illis
1522 2532 1789 2588 duntaxat
1818 2534 2127 2601 concessis,

549 2624 754 2695 quibus
776 2624 896 2693 ejus
919 2623 1222 2695 indigentia
1251 2625 1460 2694 expleri
1489 2627 1682 2696 possit.

622 2714 707 2770 10.
739 2714 911 2783 Quem
935 2715 1061 2784 quis
1082 2715 1280 2784 diligit,
1307 2716 1531 2771 omnino
1553 2718 1719 2773 etiam
1743 2718 1927 2773 colere
1953 2715 2131 2772 oﬂicio

550 2805 769 2875 satagit.
804 2805 861 2861 Si
894 2806 1023 2875 quis
1052 2821 1185 2878 ergo
1216 2806 1389 2862 Deum
1435 2807 1633 2878 diligit,
1678 2823 1907 2878 prorsus
1940 2808 2130 2874 etiam,

556 2910 678 2965 qua:
720 2896 800 2950 illi
849 2897 1053 2966 placita
1091 2907 1218 2953 sunt
1255 2908 1516 2968 praestare
1553 2900 1740 2955 studet
1771 2918 1784 2952 :
1821 2900 1905 2955 sin
1951 2907 2132 2955 autem

557 3001 817 3054 carnem,
861 3003 984 3059 qua:
1032 3002 1155 3043 eam
1198 2989 1531 3070 oblectando
1569 2990 1701 3057 sint,
1742 2991 1860 3047 haec
1899 2991 2135 3049 libenter

556 3074 711 3132 facit.

632 3180 720 3235 ll.
756 3181 870 3236 Deo
904 3182 1126 3252 quidem
1161 3185 1384 3255 placent
1414 3186 1657 3242 charitas
1692 3196 1748 3243 et
1777 3191 2138 3258 temperantia

560 3286 660 3326 seu
711 3273 956 3339 castitas,
993 3276 1385 3345 contemplatio
1435 3276 1567 3333 item
1618 3288 1676 3334 et
1726 3280 1931 3348 oratio;
1984 3282 2138 3336 carni

561 3380 714 3430 vero,
746 3367 873 3437 gula
908 3376 966 3421 et
1001 3367 1426 3443 intemperantia
1463 3384 1560 3425 seu
1599 3370 1804 3438 libido;
1836 3387 1899 3426 ac
1937 3373 2140 3441 quibus

566 3455 659 3510 illa
697 3463 989 3527 augentur.
1024 3457 1234 3513 Idcirco
1264 3477 1278 3512 :
1312 3458 1414 3525 Qui
1446 3461 1502 3514 in
1530 3477 1691 3515 carne
1717 3470 1859 3527 sunt,
1886 3463 1995 3517 Deo
2022 3463 2142 3535 pia-

564 3564 680 3602 cere
712 3566 817 3603 non
847 3558 1065 3620 possunt
1091 3552 1158 3605 "'.
1194 3550 1297 3616 Qui
1322 3561 1497 3607 autem
1525 3562 1647 3608 sunt
1681 3554 1895 3621 Christi,
1926 3573 2142 3612 carnem

564 3656 718 3694 suam
755 3640 1131 3710 cruciﬁxemnt
1169 3660 1287 3697 cum
1339 3645 1476 3699 vitiis
1517 3653 1569 3698 et
1614 3648 2039 3719 concupiscentiis
2070 3648 2138 3704 ’⁸.

638 3729 724 3784 12.
764 3730 998 3786 Animus
1042 3732 1098 3787 in
1142 3732 1313 3788 Deum
1353 3749 1605 3805 vergens,
1636 3745 1884 3807 nutuque
1926 3739 1984 3792 in
2014 3753 2143 3793 eum

565 3821 911 3890 propensior,
950 3838 1154 3894 corpus
1188 3840 1407 3880 servum
1436 3827 1621 3892 habet,
1658 3843 1761 3884 nec
1789 3838 1989 3899 praeter
2015 3830 2145 3885 vita:

567 3913 876 3968 necessaria
902 3915 1203 3985 quidquam
1229 3916 1307 3971 illi
1330 3918 1539 3988 praebet
1568 3936 1582 3972 :
1614 3918 1699 3974 sin
1725 3929 1907 3976 autem
1935 3921 1991 3976 in
2021 3937 2143 3978 car-

566 4018 691 4057 nem
735 4004 888 4059 vitiis
935 4006 1300 4076 mancipatur,
1351 4008 1498 4064 illius
1556 4024 1774 4079 semper
1845 4025 2033 4066 curam
2086 4012 2144 4067 in

566 4092 859 4152 desideriis
880 4110 1048 4167 agens
1076 4098 1144 4173 '°.

639 4191 725 4243 l3.
767 4188 824 4244 Si
869 4189 977 4244 hoc
1006 4190 1197 4245 studes
1238 4204 1296 4247 ut
1332 4192 1726 4262 cogitationum
1767 4209 1994 4266 compos
2027 4194 2144 4250 elli-

567 4279 754 4343 ciaris,
780 4280 1011 4336 allectus
1043 4297 1178 4337 cura
1228 4298 1293 4337 ac
1331 4283 1608 4349 libidines,
1645 4284 1955 4354 horumque
1990 4284 2145 4341 facile

565 4369 761 4435 vietor,
801 4371 985 4426 animo
1034 4372 1156 4428 illas
1195 4373 1403 4443 ejicies.
1453 4375 1590 4428 Puta
1661 4374 1720 4429 in
1759 4375 2141 4441 fornicatione,

563 4464 769 4534 jejuna,
804 4464 989 4533 vigila,
1033 4464 1245 4530 labora,
1293 4466 1574 4521 solitarius
1619 4482 1751 4536 age;
1804 4466 1859 4520 in
1897 4467 1975 4520 ira
2014 4483 2145 4523 vero

568 4569 632 4609 ac
667 4553 912 4617 tristitia,
957 4554 1183 4624 gloriam
1227 4566 1283 4611 et
1328 4557 1629 4621 infamiam,
1661 4572 1857 4625 resque
1895 4566 2144 4613 terrenas

568 4653 879 4699 contemne.
931 4645 991 4700 In
1049 4645 1372 4717 injuriarum
1426 4647 1690 4701 memoria
1736 4662 1800 4700 ac
1845 4646 2141 4715 simultate,

567 4751 664 4792 ora
699 4752 802 4807 pro
833 4752 900 4793 eo
925 4737 1021 4808 qui
1058 4737 1190 4794 fecit
1218 4740 1496 4810 injuriam,
1533 4747 1590 4793 et
1618 4737 1961 4792 liberabcris.

532 4818 543 4910 ί

572 5007 669 5071 ris,
705 5007 800 5061 sed
847 5006 1022 5077 magis
1061 5009 1130 5063 ad
1175 5007 1488 5063 dilectionis
1530 5014 1862 5077 praeceptum
1907 5008 2143 5080 teipsum

572 5097 860 5152 contende.
907 5098 1071 5154 Prius
1113 5098 1262 5153 enim
1306 5098 1352 5153 si
1398 5097 1608 5168 egeris,
1659 5098 1716 5153 in
1758 5100 2145 5157 ostentationis

638 4917 724 4970 14.
763 4916 843 4971 Ne
913 4925 966 4973 te
999 4915 1456 4973 imbecillioribus
1493 4914 1776 4970 hominum
1821 4915 2142 4971 commetia-
2206 4967 2213 4973 .

572 5186 783 5242 foveam
843 5186 1039 5253 cades;
1093 5187 1179 5242 sin
1241 5195 1424 5241 autem
1478 5187 1749 5253 alterum,
1792 5187 1859 5244 ad
1910 5189 2147 5245 modesti

570 5289 765 5331 sensus
793 5275 1190 5331 sublimitatem
1227 5276 1520 5347 provebes.

641 5367 726 5422 15.
771 5367 829 5425 Si
888 5367 1116 5423 omnino
1177 5367 1484 5426 dilectionis
1535 5371 1772 5441 proximi
1825 5372 2145 5428 mandatum

2295 1973 2356 2030 θ’.
2392 1972 2623 2040 Οὐδεὶς,
2655 1973 2819 2044 φησὶν
2853 1972 3193 2039 ’Δπόστολος,
3224 1973 3340 2043 τὴν
3362 1974 3583 2030 ἑαυτοῦ
3603 1976 3818 2044 σάρκα

2222 2064 2518 2136 ἐμίσησεν
2537 2079 2550 2094 ⁸
2574 2064 2716 2119 ἀλλ’
2740 2061 3048 2123 ὑποπιάζει
3070 2063 3351 2131 δηλονότι
3380 2065 3478 2120 καί
3498 2065 3815 2135 δουλαγω-

2224 2153 2335 2226 τεῒ,
2370 2154 2541 2226 μηδὲν
2570 2153 2733 2208 πλέον
2761 2154 2899 2225 αὐτῇ
2953 2153 3234 2225 παρέχων,
3277 2154 3414 2225 πλὴν
3459 2155 3548 2210 διά
3596 2157 3817 2229 τροφῆς

2225 2248 2319 2300 καὶ
2348 2245 2757 2316 σκεπασμάτων
2783 2260 2797 2275 ·
2829 2245 2925 2298 καὶ
2952 2244 3159 2298 τούτων
3190 2245 3386 2316 μόνων,
3435 2246 3545 2300 τῶν
3580 2248 3724 2318 πρὸς
3751 2247 3817 2301 τὺ

2226 2339 2328 2411 ζῇν
2350 2338 2684 2407 ἀναγκαίων.
2705 2333 2894 2399 Οὕτως
2917 2332 3010 2390 οῦν
3032 2334 3258 2400 ἀπαθῶς
3280 2353 3366 2400 τις
3399 2338 3590 2408 ἀγαπᾷ
3612 2338 3810 2410 αὑτήν*

2226 2430 2322 2483 καὶ
2368 2428 2444 2492 ὡς
2493 2427 2761 2499 ὑπηρέτιν
2806 2427 2915 2480 τῶν
2969 2426 3130 2480 θείων
3183 2426 3438 2497 ἐκτρέφει
3479 2427 3680 2498 αὐτὴν.
3717 2429 3815 2482 καὶ

2229 2521 2426 2576 θάλπει
2460 2522 2571 2584 τοῖς
2603 2519 2700 2590 τὴν
2741 2518 2951 2572 ἔνδειαν
2985 2518 3155 2589 αὐτῆς
3183 2516 3569 2589 ἀποπληροῦσι
3597 2519 3811 2588 μόνοις.

2305 2703 2356 2750 ι’.
2389 2696 2488 2749 "Ov
2517 2711 2602 2758 τις
2631 2695 2841 2764 ἀγαπᾷ,
2870 2692 3058 2748 τοῦτον
3085 2693 3303 2756 πάντως
3334 2692 3429 2747 καὶ
3457 2693 3683 2747 σπεύδει
3718 2694 3811 2748 θε-

2235 2789 2513 2860 ραπεύειν.
2552 2789 2614 2841 El
2644 2783 2737 2842 οὖν
2758 2787 2848 2842 τδν
2873 2787 3006 2840 Θεόν
3025 2803 3111 2850 τις
3137 2787 3349 2858 ἀγαπᾷ,
3378 2786 3603 2850 πάντως
3621 2787 3720 2841 καὶ
3745 2787 3814 2842 τὰ

2232 2882 2438 2953 ἀρεστά
2471 2881 2618 2952 αὐτῷ
2669 2879 2889 2934 σπεύδει
2934 2882 3110 2934 ποιεῖν
3134 2896 3149 2911 ο
3186 2881 3235 2933 εί
3261 2880 3317 2933 δὲ
3346 2878 3447 2952 τὴν
3487 2879 3697 2950 σάρκα,
3744 2880 3812 2934 τά

2232 2974 2438 3043 ταύτην
2459 2974 2726 3045 τέρποντα
2755 2971 3015 3026 ἐκτελεῖν.

2309 3158 2400 3205 ια’.
2437 3150 2528 3222 Τῷ
2557 3151 2658 3221 μὲν
2689 3150 2808 3220 Θεῷ
2831 3151 3055 3222 ἀρέσκει
3085 3150 3272 3222 ἀγάπη
3324 3151 3417 3205 καὶ
3459 3152 3815 3223 σωφροσύνη,

2238 3242 2333 3297 καὶ
2372 3241 2572 3313 θεωρία
2593 3240 2689 3294 καὶ
2717 3241 2992 3312 προσευχὴ
3014 3256 3028 3271 ·
3067 3243 3132 3312 τῇ
3157 3241 3213 3293 δὲ
3240 3240 3424 3312 σαρκὶ,
3461 3258 3816 3313 γαστριμαρ-

2239 3333 2336 3402 γία
2382 3334 2475 3388 καὶ
2525 3333 2808 3397 ἀκολασία,
2862 3331 2959 3387 καὶ
3017 3332 3087 3385 τά
3136 3332 3341 3385 τούτων
3395 3332 3686 3403 αὐξητικά.
3717 3334 3817 3387 Διά

2239 3426 2418 3492 τοῦτο,
2440 3412 2507 3480 Oi
2535 3425 2605 3479 ἐν
2625 3425 2805 3493 σαρκὶ
2831 3424 3151 3492 ὅντες,Θεῷ
3174 3424 3390 3494 ἀρέσαι
3412 3426 3483 3479 οὐ
3500 3424 3812 3479 δύνανται.

2243 3520 2312 3572 οι
2353 3518 2423 3571 δὲ
2446 3516 2552 3572 τοῦ
2588 3516 2872 3586 Χριστοῦ,
2900 3514 3015 3583 τὴν
3046 3514 3247 3585 σάρκα
3267 3515 3663 3585 ἐσταύρωσαν
3685 3514 3815 3571 σὺν

2239 3611 2367 3676 τοῖς
2393 3611 2706 3680 παθήμασι
2732 3609 2831 3671 καὶ
2858 3609 2987 3675 ταῖς
3012 3608 3370 3678 ἐπιθυμίαις.

2316 3702 2406 3773 ιβ’.
2450 3696 2510 3755 ’0
2532 3702 2657 3765 νοῦς
2685 3701 2781 3756 ὲάν
2817 3701 2917 3773 μὲν
2942 3699 3106 3771 νεύσῃ
3134 3700 3271 3772 πρὸς
3314 3698 3467 3763 θεὸν,
3492 3698 3596 3769 ἔχει
3615 3695 3804 3752 δοῦλον

2242 3796 2302 3852 τὸ
2323 3797 2503 3866 σῶμα,
2531 3796 2626 3849 καὶ
2651 3794 2813 3848 πλέον
2836 3793 2989 3848 οὐδὲν
3021 3792 3172 3862 αὐτῷ
3199 3792 3434 3864 παρέχει
3461 3792 3563 3845 τῶν
3587 3791 3724 3862 πρὸς
3745 3791 3815 3845 τδ

2244 3886 2344 3960 ζῇν
2368 3886 2683 3956 ἀναγκαίων
2704 3903 2718 3917 ο
2753 3884 2849 3939 ὲάν
2880 3884 2939 3939 δὲ
2969 3882 3135 3957 νεύσῃ
3163 3882 3299 3955 πρὸς
3331 3882 3430 3954 τὴν
3465 3883 3664 3954 σάρκα,
3691 3881 3820 3936 δου-

2243 3979 2431 4033 λοῦται
2461 3981 2574 4043 τοῖς
2634 3976 2857 4044 πάθεσι,
2890 3976 3148 4048 πρόνοιαν
3198 3975 3372 4047 αὐτῆς
3402 3974 3492 4029 ἀεὶ
3520 3976 3603 4038 είς
3628 3972 3823 4028 ἐπιθυ-

2248 4073 2377 4144 μίας
2407 4071 2747 4141 ποιούμενος.

2319 4168 2407 4231 ιγ’.
2433 4162 2496 4215 El
2526 4159 2703 4223 θέλεις
2728 4158 2837 4213 τῶν
2883 4156 3164 4228 λογισμῶν
3205 4155 3606 4235 περιγίνεσθαι,
3640 4156 3832 4226 ἐπιμε-

2244 4253 2338 4308 λοῦ
2364 4253 2471 4307 τῶν
2508 4251 2717 4317 παθῶν,
2746 4251 2841 4304 καὶ
2872 4249 3115 4321 εὐχερῶς
3144 4250 3341 4313 αὐτοὺς
3373 4250 3437 4302 ἐκ
3467 4248 3566 4302 τοῦ
3591 4248 3689 4303 νοῦ
3722 4250 3832 4303 ἀπὸ

2246 4346 2450 4398 τούτων
2473 4343 2776 4409 ἐξελαύνεις
2806 4340 2929 4415 [Fr.
2951 4343 3014 4395 ὲκ
3034 4341 3127 4395 τοῦ
3153 4340 3245 4393 νοῦ
3280 4340 3651 4411 ἀπλαύνειςῖ.
3684 4336 3831 4405 Οἷον,

2178 4421 2223 4478 Ι)
2251 4438 2343 4491 ἐπὶ
2367 4437 2464 4507 μὲν
2488 4435 2587 4503 τῆς
2631 4435 2907 4503 πορνείας,
2936 4435 3183 4504 νήστευε,
3213 4431 3504 4499 ἀγρύπνει,
3541 4433 3835 4495 κοπίασον,

2255 4528 2475 4582 ιδίασον.
2516 4526 2637 4580 Ἐπὶ
2663 4526 2719 4579 δὲ
2751 4527 2851 4596 τῆς
2880 4526 3049 4599 ὀργῆς
3075 4525 3172 4578 καὶ
3201 4523 3299 4591 τῆς
3318 4523 3516 4592 λύπης,
3552 4526 3838 4597 καταφρό-

2250 4637 2330 4673 νει
2357 4618 2517 4689 δόξης
2545 4618 2637 4670 καὶ
2671 4618 2895 4688 ἀτιμίας
2939 4617 3033 4671 καὶ
3060 4614 3169 4668 τῶν
3198 4614 3396 4668 ὑλικῶν
3422 4617 3774 4685 πραγμάτων
3798 4624 3835 4670 ·.

2262 4711 2387 4765 Ἐπὶ
2413 4710 2469 4764 δὲ
2502 4710 2601 4781 τῆς
2630 4708 3017 4781 μνησικακίας,
3041 4707 3343 4781 προσεύχου
3368 4706 3512 4778 ὑπὲρ
3542 4707 3638 4761 τοῦ
3658 4708 3840 4781 λυπή-

2250 4820 2464 4871 σαντος,
2496 4802 2589 4856 καὶ
2615 4801 2955 4874 ἀπαλλάττῃ.
3028 4813 3032 4819 ’

2322 4917 2403 4971 ιδ’.
2433 4916 2526 4988 Μὴ
2553 4916 2661 4970 τῶν
2689 4914 2992 4987 ἀνθρώπων
3033 4916 3143 4979 τοῖς
3179 4913 3592 4983 ἀσθενεστέροις
3638 4911 3841 4968 ἑαυτὸν

2250 5007 2616 5081 Μραμέτρει,
2673 5005 2808 5059 ἀλλά
2857 5007 2923 5078 τῇ
2974 5005 3158 5076 ἐντολῇ
3206 5004 3304 5073 τῆς
3350 5004 3577 5073 ἀγάπης
3629 5004 3841 5074 μᾶλλον

2254 5099 2599 5172 παράτεινον.
2633 5096 2760 5160 Τοῖς
2798 5095 2897 5166 μὲν
2931 5093 3041 5166 γὰρ
3063 5093 3460 5163 παραμετρῶν,
3486 5094 3571 5156 εἰς
3614 5094 3710 5146 τὸν
3743 5092 3840 5162 βό-

2254 5190 2380 5260 θρον
2416 5189 2513 5261 τῆς
2534 5190 2763 5260 οἰήσεως
2798 5187 3124 5259 ἐμπίπτειςο
3158 5188 3222 5256 τῇ
3256 5184 3313 5238 δὲ
3343 5184 3720 5254 παρατείνων,
3754 5187 3839 5249 είς

2250 5279 2315 5333 τὸ
2337 5278 2472 5348 ὕψος
2504 5280 2602 5348 τῆς
2628 5276 3129 5346 ταπεινοφροσύνης
3154 5274 3507 5346 προκόπτεις.

2325 5376 2405 5424 ιε’.
2437 5370 2500 5423 Εἰ
2531 5369 2669 5433 ὅλως
2686 5368 2785 5440 τῆς
2805 5367 2939 5438 πρὸς
2973 5368 3067 5421 τὸν
3098 5366 3325 5438 πλησίον
3358 5366 3584 5438 ἀγάπης
3615 5366 3717 5438 τὴν
3748 5369 3839 5421 ὲν-

639 5522 687 5555 "'
711 5521 918 5592 Ephes.
947 5538 1004 5588 ν,
1029 5520 1121 5578 29.
1196 5522 1244 5555 ⁷⁸
1269 5522 1291 5578 Ι
1318 5521 1446 5580 Cor.
1477 5539 1553 5591 ιι,
1581 5524 1674 5580 27.
1750 5524 1795 5556 ⁷⁷
1826 5523 1987 5580 Rom.
2020 5539 2133 5592 vm,

2290 5522 2337 5556 "
2358 5520 2532 5578 Galat.
2557 5538 2611 5589 v,
2638 5522 2727 5577 24.
2803 5522 2849 5556 ⁷³
2881 5522 3039 5577 Rom.
3070 5537 3185 5587 xm,
3214 5520 3302 5575 14.

639 5660 664 5734 ‘_
691 5660 785 5734 Fr_.
805 5660 1120 5734 Σημείωσον
1147 5661 1261 5724 πῶς
1285 5661 1391 5734 χρὴ
1417 5661 1798 5734 περιγενέσθαι
1826 5662 2034 5718 παθῶν.
2074 5663 2137 5716 Ἀί

2235 5662 2368 5718 ’νωθι
2396 5664 2456 5719 τὸ
2474 5664 2719 5719 εἰκοστόν
2740 5678 2753 5694 ’
2779 5660 3028 5729 Observa,
3054 5658 3312 5732 quomodo
3331 5658 3437 5714 sint
3468 5660 3837 5729 expugnanda

571 5731 720 5785 uitia.
753 5729 888 5801 Lege
924 5745 970 5781 ε.
997 5729 1084 5784 20.
