4084 6332
241 374 372 437 1021

1121 378 1457 438 CAPITUM
1499 379 1596 437 DE
1635 375 2068 436 CIIARITATE
2107 375 2497 437 CENTURIA
2537 377 2655 439 III.

3378 378 3515 441 10°22

238 485 401 555 τολὴν
433 483 742 553 φυλάττεις,
782 483 924 555 ὑπὲρ
957 483 1100 547 τίνος
1129 485 1203 551 (Ιι)
1228 486 1328 554 τῆς
1373 486 1508 557 πρὸς
1534 485 1697 538 αὐτὸν
1735 484 1831 538 λύ-

1940 486 2203 548 custodis,
2233 503 2333 542 cur
2362 487 2559 541 offensi
2592 488 2644 540 in
2669 502 2793 541 cum
2831 489 2996 542 animi
3029 489 3381 566 acerbitatem
3418 505 3511 556 pa-

237 593 349 646 πης
393 576 492 646 τὴν
527 575 755 645 πικρίαν
785 575 1071 640 ἐντίκτεις,
1108 576 1140 646 ἢ
1172 577 1332 646 δῆλον
1379 579 1461 630 ὅτι
1505 577 1706 646 ταύτης
1759 576 1830 629 τά

238 666 554 735 πρόσκαιρα
584 664 872 735 προτιμῶν
897 665 993 718 καὶ
1024 665 1204 719 αὐτῶν
1237 665 1710 736 ἀντιποιούμενος,
1737 665 1829 718 τὸν

239 755 467 822 ἀδελφὺν
506 755 772 825 πολεμεῖς
803 773 818 823 ;

315 854 408 912 ις’.
437 847 512 900 Οὐ
547 847 636 900 διά
665 847 764 918 τὴν
791 848 984 919 χρείαν
1019 846 1274 902 τοσοῦτον
1303 847 1366 901 τὸ
1408 847 1630 918 χρυσίον
1654 849 1830 917 ζηλω-

238 940 330 993 τὸν
359 941 473 1002 τοῖς
499 938 815 1009 ἀνθρώποις
857 940 1105 1008 γέγονεν,
1139 940 1264 993 ὅσον
1306 939 1369 992 τὸ
1405 938 1472 992 δι’
1509 938 1675 992 αὑτοῦ
1704 940 1829 1002 τοὺς

241 1030 468 1091 πολλοὺς
502 1030 604 1092 τὰς
642 1029 838 1099 ἡδονὰς
868 1028 1214 1100 θεραπεύειν.

315 1120 402 1183 ιζ’.
449 1119 590 1191 Τρία
647 1121 756 1173 εἰσὶ
785 1119 854 1173 τὰ
893 1118 1045 1173 αἴτια
1081 1121 1183 1190 τῆς
1220 1119 1331 1173 τῶν
1365 1119 1670 1191 χρημάτων
1696 1119 1832 1185 ἀγά-

242 1227 352 1280 πης
385 1210 519 1275 (91),
567 1210 869 1281 φιληδονία,
916 1211 1194 1276 κενοδοξία
1238 1213 1336 1266 καὶ
1372 1213 1622 1267 ἀπιστία.
1657 1212 1832 1265 Χαλε-

243 1302 466 1371 πωτέρα
493 1301 550 1354 δέ
579 1301 689 1354 τῶν
717 1301 812 1355 δύο
842 1305 873 1372 ἡ
909 1303 1138 1357 ἀπιστία
1161 1302 1522 1376 καθέστηκεν.

320 1475 410 1546 ιη’.
463 1476 521 1529 '0
554 1477 654 1546 μὲν
688 1478 972 1548 φιλήδονος
1018 1479 1212 1550 ἀγαπᾷ
1257 1479 1564 1550 ἀργύριον,
1619 1479 1708 1533 ἶνα
1761 1478 1831 1532 δι’

245 1568 412 1620 αὐτοῦ
437 1569 686 1640 τρυφήσῃ
709 1585 723 1599 °
749 1572 776 1622 6
825 1571 881 1624 δὲ
912 1569 1212 1636 κενόδοξος,
1270 1572 1358 1626 ἴνα
1383 1571 1453 1624 δι’
1483 1569 1648 1624 αὐτοῦ
1678 1570 1833 1638 δοξα-

249 1659 349 1730 σθῇ
373 1677 385 1689 ο
417 1662 444 1713 6
477 1661 534 1713 δέ
581 1663 829 1726 ἄπιστος,
865 1663 953 1716 ῖνα
986 1663 1172 1735 κρύψῃ
1225 1664 1321 1734 καὶ
1376 1663 1588 1734 φυλάξῃ
1615 1703 1629 1725 ,
1673 1662 1832 1733 λιμὸν

249 1751 605 1822 φοϐούμενος,
646 1753 679 1823 ἥ
735 1754 914 1824 γῆρας
943 1753 976 1824 ἢ
1031 1754 1246 1825 νόσονῆ
1282 1755 1545 1820 ξενιτείαν
1572 1771 1585 1784 ·
1615 1757 1710 1809 καὶ
1743 1755 1832 1808 ἐπ’

1931 577 2042 632 ris?
2079 578 2218 632 Num
2254 580 2413 647 plane
2440 579 2587 648 quod
2621 581 2988 649 temporaneis
3019 580 3182 633 rebus
3212 595 3332 632 eam
3362 589 3514 647 post-

1929 667 2154 734 babeas,
2190 684 2253 722 ac
2288 669 2432 738 ipsas
2466 669 2633 735 colas,
2669 670 2828 724 fratri
2865 669 3111 723 infensus
3144 668 3402 723 exsistis?

2003 841 2089 897 16.
2129 843 2250 897 Νοη
2306 851 2415 897 tam
2457 845 2616 914 justre
2663 844 3010 899 necessitatis
3067 859 3266 909 causa,
3318 859 3514 898 aurum

1930 935 2249 990 hominibus
2298 937 2666 1004 expetendum
2717 937 2897 992 visum
2959 945 3079 1002 est,
3139 951 3305 1006 quam
3367 935 3512 1006 quod

1929 1027 2129 1096 vulgo:
2156 1027 2468 1096 voluptates
2498 1027 2867 1082 aclibidinem
2901 1028 2996 1082 illo
3025 1027 3267 1081 foveant.

2003 1118 2089 1170 17.
2133 1117 2355 1186 Triplex
2402 1133 2566 1172 causa
2608 1126 2692 1172 est
2743 1135 2806 1172 ac
2853 1119 2994 1173 ratio
3041 1116 3305 1189 diligendi
3341 1132 3515 1187 pecu-

1931 1206 2080 1270 nias;
2126 1208 2471 1276 voluptatum
2511 1222 2686 1272 amor,
2733 1208 2912 1262 inanis
2949 1208 3122 1279 gloria
3164 1214 3221 1261 ct
3262 1205 3514 1260 difﬁden-

1931 1297 2032 1353 tia.
2089 1298 2329 1367 Utraque
2386 1307 2572 1353 autem
2629 1300 2784 1370 pejor
2830 1315 2894 1353 ac
2944 1299 3186 1354 deterior
3237 1306 3322 1353 est
3377 1295 3516 1352 ditii-

1933 1389 2144 1443 dentia.

2007 1480 2095 1534 18.
2136 1481 2186 1535 ls
2215 1481 2440 1550 quidem
2475 1481 2570 1551 qui
2600 1481 2868 1550 voluptati
2911 1480 3132 1535 deditus
3166 1490 3272 1546 est,
3309 1481 3517 1536 idcirco

1932 1571 2198 1641 pecunias
2239 1571 2438 1642 diligit,
2483 1579 2544 1624 ut
2589 1587 2688 1641 per
2725 1587 2820 1626 eas
2863 1570 3078 1624 deliciis
3116 1570 3328 1624 diﬂluat
3367 1587 3381 1622 :
3420 1569 3517 1639 qui

1933 1672 2119 1717 autem
2155 1663 2336 1717 inanis
2369 1662 2556 1732 gloriae
2598 1662 2832 1732 cupidus
2865 1661 3030 1733 429
3069 1668 3172 1727 est,
3204 1668 3266 1714 ut
3297 1674 3396 1730 per
3426 1675 3520 1714 eas

1935 1755 2110 1825 gloria
2135 1754 2340 1824 fulgeat
2366 1771 2378 1806 :
2411 1762 2486 1814 at,
2514 1754 2607 1822 qui
2643 1752 2944 1808 difﬁdentia
2973 1753 3186 1808 laborat
3214 1768 3308 1807 seu
3334 1753 3518 1806 incre-

248 1841 398 1912 αὐτῷ
422 1842 622 1912 μᾶλλον
650 1843 883 1910 ἐλπίζει,
917 1845 950 1917 ἢ
987 1847 1079 1899 ἐπὶ
1107 1846 1184 1918 τῷ
1225 1847 1345 1917 Θεῷ
1377 1846 1455 1918 τῷ
1503 1847 1687 1919 πάσης
1715 1847 1834 1900 κτί-

1940 1845 2102 1900 dulus
2125 1853 2230 1910 est,
2257 1853 2317 1899 ut
2345 1846 2587 1900 occultet
2612 1860 2677 1899 ac
2701 1850 2903 1910 servet,
2937 1839 3135 1898 famem
3164 1844 3383 1908 timens,
3425 1849 3522 1896 aut

252 1947 393 1993 σεως
442 1931 783 2002 δημιουργῷ,
817 1933 909 1989 καὶ
945 1936 1242 2006 προνοητῇ,
1291 1934 1396 2000 ἕως
1440 1935 1548 1991 τῶν
1592 1935 1836 2006 ἐσχάτων

251 2021 347 2075 καὶ
385 2022 730 2094 μικροτάτων
762 2021 937 2089 ζώων.

323 2287 413 2343 ιϐ’.
450 2289 730 2362 Τέσσαρές
764 2291 904 2344 εἰσιν
931 2291 981 2344 οἱ
1041 2291 1491 2364 περιποιούμενοι
1542 2293 1834 2364 χρήματα·

250 2381 300 2433 oi
331 2379 722 2451 προειρημένοι
770 2383 942 2452 τρεῖς,
976 2381 1074 2434 καὶ
1103 2383 1131 2434 6
1161 2381 1526 2452 οἰκονομικός.
1574 2381 1751 2445 Μόνος
1778 2381 1837 2434 δὲ

251 2464 407 2536 οὗτος
427 2471 671 2542 δηλονότι
699 2472 877 2544 ὀρθῶς
912 2476 1302 2544 περιποιεῖται,
1348 2474 1435 2528 ῖνα
1481 2475 1698 2546 ἑκάστῳ
1737 2473 1838 2542 τὴν

251 2566 439 2637 χρείαν
464 2567 718 2636 παρέχων
749 2566 824 2638 μὴ
851 2566 1102 2640 διαλείπῃ
1129 2567 1279 2620 ποτέ.

322 2849 392 2897 κ’.
424 2842 634 2906 Πάντες
677 2843 726 2896 οί
757 2842 1022 2912 ἐμπαθεῖς
1061 2843 1373 2916 λογισμοὶῆ
1407 2844 1468 2899 τὺ
1505 2836 1836 2918 ἐπιθυμῆτι-

251 2934 347 2987 κὸν
372 2935 472 3004 τῆς
495 2933 674 3004 ψυχῆς
719 2932 1058 3005 ἐρεθίζουσιν
1078 2974 1093 2998 ,
1127 2934 1160 3004 ἢ
1193 2934 1254 2988 τὸ
1281 2935 1513 3006 θυμικὸν
1559 2937 1834 3008 ἐκταράσ-

253 3040 455 3089 σουσιν,
483 3023 517 3092 ἢ
549 3023 609 3076 τὸ
629 3023 938 3092 λογιστικὸν
961 3023 1366 3088 ἐπισκοτίξουσι
1390 3042 1404 3056 ⁸
1431 3027 1526 3080 καὶ
1555 3027 1619 3080 ἐκ
1647 3027 1837 3080 τούτου

252 3111 540 3183 συμϐαίνει
560 3112 654 3166 τὸν
688 3112 813 3168 νοῦν
841 3113 1216 3184 ὀφθαλμιάσαι
1243 3117 1378 3188 πρὸς
1405 3118 1503 3189 τὴν
1533 3134 1837 3188 πνευματι-

251 3204 353 3277 κὴν
381 3203 634 3275 θεωρίαν,
663 3205 759 3258 καὶ
783 3205 882 3277 τὴν
919 3207 1016 3276 τῆς
1040 3210 1354 3279 προσευχῆς
1378 3209 1666 3280 ἐκδημίαν.
1725 3211 1835 3262 Καὶ

250 3296 442 3350 τούτου
472 3297 633 3368 χάριν
659 3297 866 3366 ὀφείλει
889 3300 918 3352 6
952 3300 1208 3369 μοναχδς,
1241 3301 1336 3354 καὶ
1369 3302 1607 3372 μάλιστα
1639 3303 1666 3354 6
1708 3304 1837 3373 ἡσυ-

253 3387 459 3460 χάζων,
521 3389 764 3458 ἀκριϐῶς
812 3392 923 3453 τοῖς
951 3391 1232 3462 λογισμοῖς
1266 3393 1576 3464 προσέχειν,
1618 3394 1838 3457 καὶτὰς

252 3479 456 3533 τούτων
485 3480 662 3545 αίτίας
688 3481 784 3534 καὶ
811 3482 1013 3550 γνῶναι
1044 3482 1140 3535 καὶ
1173 3484 1486 3538 ἐκκόπτειν.
1537 3483 1837 3538 Γινώσκειν

251 3571 309 3626 δὲ
337 3572 542 3635 οὕτως·
576 3568 710 3635 οἷον,
738 3574 1044 3644 ἐρεθίζουσι
1082 3575 1144 3626 τὸ
1188 3577 1586 3646 ἐπιθυμητικὸν
1610 3577 1710 3644 τῆς
1739 3578 1840 3646 ψυ-

255 3664 358 3733 χῆς
382 3664 440 3716 αί
476 3664 745 3734 ἐμπαθεῖς
775 3664 987 3733 μνῆμαι
1037 3663 1146 3717 τῶν
1178 3666 1748 3732 γυναικῶνκτούτων
1781 3669 1838 3720 δέ

255 3753 427 3816 αἰτία,
460 3755 494 3822 ή
520 3751 631 3805 τῶν
661 3752 968 3822 βρωμάτων
999 3754 1095 3806 καὶ
1133 3755 1396 3822 πομάτων
1429 3756 1692 3826 ἀκρασία,
1745 3757 1839 3808 καὶ

254 3845 288 3912 ἡ
327 3842 506 3894 αὐτῶν
528 3843 638 3896 τῶν
663 3843 944 3910 γυναικῶν
980 3842 1160 3914 πυκνὴ
1188 3845 1281 3896 καὶ
1320 3845 1515 3913 ἄλογος
1553 3845 1835 3914 συντυχία.

256 3931 586 4003 Περικόπτει
617 3932 676 3985 δέ
726 3933 930 3996 ταύτας
961 3935 1125 3987 πεῖνα
1149 3934 1242 3986 καὶ
1273 3934 1404 4004 δίψα
1433 3935 1527 3987 καὶ
1561 3935 1842 4004 ἀγρυπνία

257 4025 350 4078 καὶ
372 4023 742 4097 ἀναχώρησις.
774 4023 880 4077 Τὸν
903 4025 960 4078 δέ
992 4025 1164 4095 θυμὸν
1197 4025 1360 4079 πάλιν
1409 4027 1841 4097 ἐκταράσσουσιν

257 4119 312 4172 αί
338 4116 610 4188 ἐμπαθεῖς
643 4117 854 4188 μνῆμαι
887 4117 996 4172 τῶν
1023 4118 1388 4191 λυπησάντων
1405 4136 1418 4149 ο
1445 4119 1595 4173 αίτία
1621 4119 1679 4172 δὲ
1717 4118 1843 4172 τού-

255 4225 387 4275 των,
420 4206 703 4278 φιληδονία
733 4209 826 4263 καὶ
859 4207 1134 4274 κενοδοξία
1165 4210 1262 4265 καὶ
1301 4209 1571 4280 φιλοΰλία.
1602 4209 1703 4264 Διά
1733 4211 1842 4282 γάρ

254 4300 430 4356 ταῦτα
460 4301 488 4352 6
520 4299 778 4370 ἐμπαθὴς
819 4299 1092 4364 λυπεῖται,
1138 4299 1172 4372 ἢ
1225 4301 1302 4365 ὡς
1355 4299 1664 4372 στερηθεὶς,
1697 4299 1729 4370 ἢ
1765 4301 1842 4365 ὡς

261 4393 336 4464 μὴ
367 4388 660 4460 ἐπιτυχών.
683 4391 1012 4462 Περικόπτει
1044 4391 1100 4445 δὲ
1122 4391 1321 4456 ταύτας
1368 4391 1630 4462 ήτούτων
1662 4391 1843 4446 αὐτῶν

1864 3169 1906 3224 C

1938 1945 2301 2002 senectutem,
2343 1945 2439 1991 aut
2476 1937 2760 2001 morbum,
2809 1944 2904 1990 aut
2945 1936 3242 1990 incolatum
3289 1953 3303 1987 :
3346 1934 3522 2006 magis

1938 2027 1994 2082 in
2031 2028 2132 2098 eis,
2167 2043 2332 2098 quam
2380 2027 2434 2082 in
2485 2028 2617 2092 Deo,
2656 2041 2844 2086 rerum
2882 2025 3130 2080 omnium
3173 2034 3420 2091 auctore,
3456 2039 3521 2080 ac

1937 2122 2034 2189 qui
2067 2118 2282 2174 cunctis
2306 2118 2614 2187 provideat,
2650 2117 2720 2172 ad
2754 2130 3030 2173 extremas
3063 2129 3237 2188 usque
3265 2117 3522 2173 minutis-

1937 2211 2215 2282 simasque
2239 2211 2568 2277 animantes,
2593 2224 2746 2280 spem
2774 2226 3009 2281 ponens.

2009 2303 2098 2358 19.
2139 2302 2388 2369 Quatuor
2434 2310 2564 2357 sunt
2609 2302 2896 2356 hominum
2935 2317 3169 2372 genera,
3210 2299 3305 2370 qui
3349 2315 3521 2370 pecu--

1936 2396 2048 2452 niis
2089 2397 2342 2465 student;
2378 2399 2482 2453 tria
2527 2399 2640 2469 jam
2695 2400 2998 2462 nominata,
3038 2409 3094 2455 et
3137 2401 3295 2470 cujus
3338 2408 3523 2469 partes

1937 2488 2295 2558 dispensandi
2348 2489 2490 2552 sint,
2541 2489 2629 2542 vel
2678 2489 2887 2558 publici
2929 2489 3014 2544 vel
3066 2489 3265 2558 privati
3314 2488 3517 2542 aararii.

1939 2579 2102 2636 Solus
2146 2591 2332 2635 autem
2378 2580 2471 2634 hic
2529 2588 2678 2635 recte
2719 2581 2786 2635 iis
2818 2595 3008 2634 curam
3055 2579 3242 2644 habet,
3278 2586 3339 2632 ut
3376 2594 3521 2632 nun-

1939 2687 2103 2742 quam
2128 2671 2292 2738 desit,
2316 2685 2428 2742 quo
2451 2672 2614 2742 justze
2641 2673 2908 2744 cujusque
2931 2671 3248 2726 necessitati
3273 2669 3522 2743 sufﬁcere

1946 2765 2141 2836 possit.

2007 2855 2098 2910 9.0.
2140 2855 2362 2910 Vitiosa:
2409 2869 2602 2911 omnes
2651 2870 2716 2911 ac
2766 2855 3079 2912 libidinosae
3126 2853 3521 2926 cogitationes,

1941 2955 2036 3002 aut
2084 2947 2570 3018 concupiscentem
2623 2947 2792 3002 animi
2838 2955 3050 3017 partem
3098 2947 3392 3016 proritant,
3429 2953 3526 3000 aut

1942 3036 2271 3090 irascentem
2305 3036 2661 3099 conturbant,
2697 3043 2790 3090 aut
2829 3036 3099 3090 rationem
3133 3035 3521 3089 obtencbrant.

1943 3125 2189 3195 Hineque
2235 3125 2508 3196 contingit
2551 3125 2812 3180 caecutire
2857 3132 3099 3179 mentem
3140 3123 3286 3192 quod
3329 3123 3527 3177 attinet

1938 3217 2006 3270 ad
2039 3216 2340 3286 spiritalem
2377 3217 2930 3285 contemplationem,
2963 3225 3019 3270 et
3061 3224 3122 3268 ut
3166 3220 3429 3283 evagetur
3470 3213 3527 3265 in

1937 3308 2208 3361 oratione.
2247 3308 2460 3362 Idcirco
2493 3307 2658 3362 etiam
2689 3322 2871 3376 operae
2902 3306 3140 3376 pretium
3197 3312 3281 3358 est
3317 3311 3378 3357 ut
3407 3316 3527 3355 mo-

1937 3400 2170 3464 nachus,
2203 3398 2438 3453 maxime
2466 3413 2600 3452 vero
2631 3397 2724 3467 qui
2752 3397 3033 3453 solitarius
3063 3402 3206 3466 agat,
3235 3395 3530 3464 diligenter

1938 3490 2367 3560 cogitationibus
2414 3489 2656 3543 animum
2700 3489 2970 3551 attendat,
3002 3501 3303 3555 earumque
3336 3499 3530 3539 causas

1939 3593 2056 3636 tum
2102 3583 2356 3646 noverit,
2408 3589 2523 3635 tum
2573 3581 2876 3635 exscindat.
2927 3579 3154 3634 Noverit
3194 3586 3375 3632 autem
3421 3577 3528 3630 hoc

1939 3674 2057 3728 fere
2107 3673 2308 3736 modo,
2362 3673 2518 3726 verbi
2571 3672 2766 3742 gratia,
2817 3672 3300 3740 concupiscentem
3360 3667 3529 3723 animi

1940 3771 2151 3832 partem
2182 3763 2457 3830 proritant
2477 3763 2786 3816 libidinosa:
2818 3763 3110 3816 mulierum
3141 3762 3385 3831 repetitae
3418 3776 3532 3814 me-

1941 3851 2150 3905 moriae.
2200 3849 2406 3904 Harum
2461 3858 2644 3904 autem
2694 3867 2894 3914 causa,
2949 3851 3198 3905 ciborum
3253 3861 3528 3920 potusque

1943 3941 2369 4012 intemperantia
2401 3949 2507 4007 est,
2551 3943 2906 4012 ipsarumque
2947 3942 3242 3995 mulierum
3278 3941 3530 3995 crebrius

1943 4028 2206 4102 extraque
2250 4035 2521 4086 rationem
2566 4033 2808 4102 expetita
2857 4032 3150 4101 colloquia.
3185 4030 3531 4085 Exscindunt

1942 4138 2076 4177 vero
2119 4122 2255 4187 haec,
2290 4122 2463 4177 fames
2491 4132 2548 4178 et
2579 4123 2699 4178 sitis
2723 4132 2779 4178 et
2807 4124 3030 4195 vigiliae,
3057 4130 3114 4178 et
3146 4137 3399 4177 secessus
3431 4138 3528 4177 seu

1945 4213 2264 4269 solitudinis
2288 4223 2505 4283 captata
2537 4213 2775 4269 silentia.
2810 4214 2910 4270 Ira:
2941 4214 3052 4269 vim
3085 4225 3277 4268 rursus
3308 4221 3532 4267 contur—

1944 4306 2100 4370 bant,
2138 4319 2263 4359 cum
2295 4305 2497 4359 affectu
2537 4307 2845 4375 conjunctae
2882 4321 3074 4360 eorum
3119 4303 3532 4359 recordationes

1947 4397 2042 4467 qui
2073 4397 2331 4466 injuriam
2367 4395 2570 4452 fecere.
2603 4397 2811 4451 Harum
2839 4406 3023 4452 autem
3053 4411 3237 4460 causa,
3279 4396 3529 4465 volupta-

257 4482 661 4552 καταφρόνησις
717 4483 812 4536 καὶ
861 4482 1247 4550 ἐξουδένωσις,
1297 4485 1384 4538 διά
1429 4483 1529 4555 τὴν
1568 4485 1650 4548 είς
1705 4483 1836 4539 Θεὸν

1947 4496 2063 4540 tum
2106 4485 2306 4552 libido,
2339 4486 2626 4556 inanisque
2661 4487 2832 4557 gloria
2871 4502 2936 4542 ac
2971 4495 3316 4540 terrenarum
3354 4500 3528 4539 amor.

257 4571 504 4641 ἀγάπην.

1947 4577 2074 4632 Haec
2113 4576 2261 4632 enim
2307 4585 2455 4639 sunt,
2493 4593 2729 4646 quorum
2773 4591 2936 4631 causa
2983 4591 3226 4646 maerore
3272 4575 3530 4641 aﬂicitur,

259 4666 352 4734 qui
385 4666 674 4721 affectibus
708 4667 942 4733 laborat,
975 4667 1060 4722 vel
1093 4668 1248 4737 quasi
1277 4667 1544 4733 amiserit,
1605 4669 1690 4722 vel
1757 4670 1904 4739 quod
1945 4671 2171 4724 minime
2211 4685 2437 4739 compos
2474 4669 2650 4724 factus
2683 4669 2774 4724 sit.
2819 4670 2944 4724 Ilzcc
2972 4683 3103 4725 vero
3133 4674 3400 4737 amputat,
3429 4669 3516 4723 ho-

261 4774 382 4812 rum
419 4758 663 4828 ipsorum
703 4765 1054 4828 contemptus
1095 4775 1159 4814 ac
1201 4759 1502 4829 dcspectio,
1529 4776 1635 4830 qua
1671 4761 1841 4814 Deum
1883 4763 2154 4818 charitate
2191 4762 2488 4833 diligimus.

329 4857 432 4904 xa’.
468 4851 732 4905 Γινώσκει
766 4853 795 4905 6
816 4851 948 4916 Θεὸς
975 4853 1186 4917 ἐαυτὸν,
1227 4854 1486 4920 γινώσκει
1522 4855 1614 4908 καὶ
1643 4855 1709 4907 τὰ
1749 4855 1841 4906 ὑπ’

258 4941 424 4993 αύτοῦ
452 4942 735 5009 γεγονότα.
792 4940 1128 4995 Γινώσκουσι
1179 4943 1237 4996 δὲ
1265 4943 1360 4996 καὶ
1385 4944 1441 4994 ai
1476 4942 1625 5010 ἅγιαι
1676 4945 1844 4997 Δυνά-

264 5049 386 5102 μεις
420 5032 512 5085 τὸν
543 5032 677 5086 Θεόν
697 5047 712 5061 ’
737 5031 1068 5100 γινώσκουσι
1095 5033 1152 5086 δὲ
1183 5034 1277 5086 καὶ
1299 5035 1365 5086 τά
1386 5033 1490 5086 ὑπὸ
1521 5033 1654 5085 Θεοῦ
1684 5051 1840 5102 γεγοο

260 5125 407 5178 νότα.
448 5123 585 5175 Ἀλλ’
621 5125 718 5194 οὐχ
755 5123 830 5188 ὡς
871 5127 900 5178 6
929 5125 1062 5188 Θεὸς
1096 5124 1358 5192 γινώσκει
1405 5125 1596 5178 ἐαυτὸν
1652 5125 1746 5177 καὶ
1779 5127 1846 5178 τὰ

263 5214 354 5266 ὑπ’
381 5213 546 5268 αὐτοῦ
579 5215 867 5283 γεγονότα,
899 5215 1042 5269 οὕτω
1069 5217 1165 5269 καὶ
1195 5219 1249 5270 αί
1280 5217 1432 5286 ἅγιαι
1465 5217 1734 5287 Δυνάμεις
1756 5218 1844 5270 τὸν

264 5303 398 5357 Θεὸν
420 5307 514 5358 καὶ
551 5305 619 5358 τὰ
657 5306 750 5358 ὑπ’
771 5306 938 5359 αὐτοῦ
968 5309 1256 5376 γεγονότα.
1861 5290 1868 5296 ’

335 5421 406 5489 Ut)
447 5421 624 5488 ’Υπὲρ
654 5423 836 5486 τίνος.
873 5422 953 5476 Ab
975 5423 1100 5486 hac,
1134 5440 1245 5478 non
1275 5422 1478 5478 infelici
1505 5423 1598 5476 illo
1623 5422 1845 5491 quidem

264 5493 602 5560 conjectura,
629 5493 744 5561 ipsa
772 5502 953 5546 tamen
1012 5495 1155 5547 haud
1207 5494 1434 5557 (lillieili,
1465 5495 1546 5546 vel
1585 5493 1627 5545 si
1683 5494 1845 5546 codd.

264 5562 778 5631 deessent,,incipit
811 5564 1025 5629 Billius,
1053 5564 1417 5632 quorumdam
1471 5564 1685 5616 Maximi
1759 5579 1852 5617 ca-

265 5632 440 5700 pitum
472 5632 538 5686 de
569 5634 837 5687 charitate
885 5635 1366 5696 emendationem,
1429 5642 1576 5688 tanta
1631 5633 1851 5689 scilicet

264 5703 437 5774 Augia
471 5712 672 5772 spreta,
707 5715 967 5772 quantam
1003 5706 1387 5774 superioribus
1419 5703 1614 5774 partim
1663 5714 1851 5774 osten-

267 5771 345 5838 di,
371 5789 434 5828 ac
463 5771 618 5843 quasi
642 5771 836 5844 digito,
866 5771 1149 5830 nonnullis
1214 5775 1280 5829 ad
1328 5771 1608 5844 specimen
1669 5773 1850 5829 allatis

2015 4857 2104 4911 2|.
2139 4857 2284 4912 Deus
2314 4871 2370 4910 sc
2407 4856 2522 4925 ipse
2554 4851 2868 4924 cognoscit;
2905 4849 3185 4921 cognoscit
3217 4847 3382 4902 etiam
3410 4859 3530 4912 quae

1949 4948 2017 5001 ab
2049 4948 2167 5018 ipso
2202 4947 2422 5002 condita
2452 4954 2600 4999 sunt.
2640 4943 2743 4998 Sed
2775 4951 2832 4997 et
2863 4950 3065 4997 sanctae
3091 4939 3333 4993 Virtutes
3359 4936 3531 4988 Deum

1952 5045 2312 5108 cognoscunt;
2332 5037 2464 5105 quin
2492 5035 2656 5088 etiam
2677 5039 3038 5102 cognoscunt,
3058 5044 3181 5098 qua)
3207 5043 3237 5081 a
3261 5027 3373 5080 Deo
3400 5038 3530 5078 con-

1953 5129 2067 5183 dita
2093 5135 2242 5182 sunt.
2280 5126 2344 5179 At
2372 5141 2482 5178 non
2515 5125 2657 5178 sicut
2684 5123 2829 5176 Deus
2850 5138 2907 5176 se
2929 5124 3106 5189 ipsum
3131 5114 3433 5187 cognoscit,
3465 5128 3532 5168 ac

1950 5233 2072 5286 quae
2103 5217 2171 5271 ab
2198 5217 2318 5285 ipso
2345 5215 2562 5269 condita
2585 5221 2734 5275 sunt,
2766 5213 2847 5265 sic
2876 5210 3039 5264 etiam
3059 5214 3262 5262 sancta:
3285 5206 3531 5260 Virtutes

1949 5309 2120 5363 Deum
2134 5316 2575 5379 cognoscunt,ac
2589 5320 2710 5374 qua:
2741 5304 2852 5356 Deo
2874 5310 3101 5355 auctore
3131 5298 3351 5353 condita
3379 5303 3526 5350 sunt.

1949 5439 2014 5478 ac
2044 5422 2277 5484 sullixis,
2311 5420 2635 5490 monstravi.
2699 5417 2811 5470 Nec
2854 5411 3326 5490 insequentibus
3370 5411 3530 5480 longe

1947 5494 2063 5549 fere
2099 5483 2361 5560 majorem
2425 5491 2510 5542 vir
2555 5489 2752 5560 doctus
2803 5485 3033 5540 adhibet.
3081 5483 3442 5560 diligentiam,
3470 5490 3532 5560 ut

1947 5566 2092 5636 quod
2121 5550 2202 5617 illi
2233 5561 2289 5614 in
2323 5560 2557 5636 Maximo
2607 5556 2849 5636 positum
2875 5625 2886 5636 .
2908 5569 3109 5636 opem,
3158 5550 3304 5632 haud
3343 5550 3528 5636 magni

1947 5627 2458 5704 sit,q11anquanict
2517 5627 2634 5699 ipse
2685 5627 3122 5682 eruditissimum
3169 5627 3351 5678 virum
3401 5635 3530 5678 eum

1948 5704 2213 5778 agnoscit.
