4140 6322
585 339 729 407 1023.

1739 348 1802 408 S.
1844 344 2131 405 ΜΑΧΙΜΙ
2168 342 2676 402 CONFESSORIS

3687 340 3822 405 109.4

651 454 743 508 9.2.
779 453 924 510 Deus
968 454 1082 525 ipse
1129 454 1394 525 seipsum,
1430 471 1498 511 ex
1536 457 1696 512 beata
1739 474 1840 514 sua
1879 456 2163 528 cognoscit

2333 456 2437 527 κβ’.
2474 458 2535 510 Ὀ
2562 456 2663 527 μὲν
2704 456 2837 520 Θεὸς
2883 457 3074 511 ἑαυτὸν
3106 456 3387 526 γινώσκει,
3421 456 3489 510 ἐκ
3513 457 3615 527 τῆς
3649 473 3826 527 μακα-

586 546 862 612 essentia;
897 562 1019 616 quae
1072 554 1256 601 autem
1303 547 1423 619 ipso
1469 548 1634 621 430
1673 560 1898 608 auctore
1940 555 2162 613 condita

586 644 734 697 sunt,
765 651 831 690 ex
860 651 955 691 sua
998 637 1307 706 sapientia;
1348 654 1448 708 per
1473 655 1658 709 quam,
1693 650 1748 697 et
1780 642 1837 697 in
1860 660 1968 714 qua
2004 660 2162 700 crea-

587 726 668 779 vit
710 727 910 780 omnia.
949 726 1162 782 Sancta:
1206 736 1390 784 autem
1423 730 1690 796 Virtutes,
1726 732 1898 787 Deum
1938 736 2162 804 quidem

587 815 1007 885 participatione
1034 825 1395 887 cognoscunt,
1420 820 1515 889 qui
1549 821 1723 891 major
1750 821 1822 878 sit
1850 824 2000 878 omni
2032 837 2161 894 par-

588 905 937 975 ticipatione;
974 923 1065 963 res
1106 917 1292 964 autem
1331 911 1400 966 ab
1430 926 1498 966 eo
1534 912 1809 979 conditas,
1838 915 2070 987 legendo
2098 933 2163 973 ac

585 994 946 1067 percipiendo
973 1014 1095 1069 quae
1126 1000 1181 1054 in
1209 1001 1291 1055 eis
1317 1003 1558 1057 rationes
1588 1019 1653 1059 ac
1685 1020 1847 1060 sensa
1873 1016 2020 1061 sunt.

654 1085 743 1140 2⁸5.
779 1087 942 1142 Extra
974 1096 1212 1145 mentem
1254 1100 1385 1146 sunt
1423 1108 1512 1148 res
1547 1103 1778 1161 creatae;
1803 1111 1993 1152 earum
2029 1114 2162 1153 vero

587 1175 733 1230 intra
768 1191 831 1231 se
874 1179 1108 1233 assumit
1155 1183 1696 1253 contemplationem.
1741 1186 1896 1242 Haud
1936 1203 2068 1243 vero
2104 1205 2164 1245 se

586 1285 677 1325 res
718 1271 793 1326 ita
836 1272 1009 1337 habet
1048 1275 1105 1329 in
1148 1275 1284 1342 Deo,
1315 1278 1411 1346 qui
1454 1279 1845 1349 sempiternus,
1892 1282 2160 1349 inﬁnitus,

588 1360 911 1426 immensus,
952 1370 1067 1417 tum
1117 1366 1285 1420 rebus
1343 1367 1535 1423 tribuit
1584 1380 1645 1425 ut
1692 1381 1894 1437 essent,
1939 1382 2054 1428 tum
2103 1383 2165 1430 ut

585 1453 725 1509 bene
754 1455 1026 1526 beateque
1059 1472 1125 1511 ac
1155 1457 1208 1510 in
1240 1467 1566 1528 perpetuum
1598 1470 1804 1517 essent.

654 1544 744 1599 ει.
780 1546 1018 1602 Ratione
1056 1549 1369 1618 mentisque
1398 1551 1760 1623 intelligentia
1787 1562 1948 1611 utens
1972 1570 2161 1612 essen-

586 1632 661 1688 tia
691 1650 787 1689 seu
814 1643 1031 1702 natura,
1059 1637 1160 1694 Dei
1183 1641 1355 1694 sancti
1380 1641 1656 1711 particeps
1679 1652 1764 1697 est
1790 1643 1930 1715 (ejus
1953 1646 2166 1702 scilicet

585 1726 849 1782 bonitatis
871 1737 928 1783 et
949 1729 1251 1801 sapientiae)
1278 1746 1344 1786 eo
1367 1733 1513 1802 quod
1537 1742 1641 1796 est,
1664 1743 1722 1787 et
1742 1735 1889 1804 quod
1914 1745 1976 1790 ut
2004 1737 2164 1793 beata

2265 550 2386 620 ρίας
2437 550 2624 614 οὐσίας
2653 548 2854 606 αὐτοῦ*
2902 550 2971 604 τὰ
3019 550 3078 603 δὲ
3124 551 3215 603 ὐπ’
3251 549 3417 605 αὐτοῦ
3444 550 3722 620 γεγονότα,
3760 551 3827 605 ὲκ

2259 642 2361 711 τῆς
2394 644 2584 711 σοφίας
2606 641 2773 699 αὐτοῦ
2793 658 2806 673 ·
2853 642 2920 696 δι’
2945 637 3012 714 ἦς
3044 642 3142 697 καὶ
3174 643 3233 696 ὲν
3332 642 3401 696 τὰ
3432 642 3613 698 πάντα
3643 641 3826 712 ἐποίη-

2263 749 2372 787 σεν.
2392 734 2457 786 Αἱ
2483 733 2538 786 δὲ
2558 733 2712 802 ἅγιαι
2728 733 2994 805 Δυνάμεις
3035 735 3127 787 τὸν
3150 735 3247 804 μὲν
3279 735 3415 787 Θεὸν
3440 737 3640 805 μετοχῇ
3667 734 3825 803 γινώο

2262 837 2505 885 σκουσιν,
2539 821 2678 891 ὑπὲρ
2717 823 2953 894 μετοχὴν
2982 822 3111 875 ὄντα
3132 839 3144 852 ·
3177 823 3245 876 τὰ
3278 822 3335 875 δὲ
3367 824 3459 875 ὑπ’
3480 822 3647 877 αὐτοῦ
3674 840 3830 893 γεγο-

2262 912 2411 980 νότα,
2443 911 2709 985 ἀναλήψει
2741 913 2850 967 τῶν
2888 916 2945 967 ὲν
2974 913 3158 978 αὐτοῖς
3191 912 3581 986 θεωρημάτων.

2333 1088 2440 1159 κγ’.
2471 1089 2617 1155 Ἔξω
2645 1091 2749 1161 μὲν
2775 1090 2870 1145 τοῦ
2923 1090 3014 1144 νοῦ
3044 1092 3152 1144 εισι
3178 1090 3248 1145 τὰ
3275 1090 3539 1160 γεγονότα
3557 1106 3572 1121 ο
3602 1088 3751 1144 ἔνδον
3772 1090 3830 1143 δὲ

2262 1181 2363 1252 τὴν
2398 1181 2578 1236 αὐτῶν
2611 1182 2847 1255 θεωρίαν
2876 1181 3267 1254 ἀναλαμϐάνει.
3300 1183 3416 1253 Οὐχ
3459 1181 3711 1245 οὐτωςδὲ
3740 1183 3833 1236 ἐπὶ

2263 1274 2400 1328 Θεοῦ
2432 1274 2527 1328 τοῦ
2573 1275 2743 1330 ἀϊδίου
2782 1276 2877 1330 καὶ
2922 1276 3151 1346 ἀπείρου
3197 1275 3295 1329 καὶ
3343 1275 3618 1344 ἀορίστου,
3646 1274 3743 1327 καὶ
3773 1275 3833 1325 τὸ

2264 1360 2403 1418 εἶναι
2434 1363 2529 1417 καὶ
2557 1359 2614 1418 εὐ
2642 1360 2782 1419 εἶναι
2809 1364 2903 1418 καὶ
2940 1365 3027 1418 ἀεὶ
3062 1359 3202 1418 εἶναι
3232 1366 3345 1427 τοῖς
3374 1360 3495 1417 οὖσι
3527 1362 3831 1434 χαρισαμέ-

2262 1468 2376 1506 νου.

2335 1544 2435 1601 κδ’.
2460 1543 2595 1599 Θεοῦ
2627 1545 2846 1615 μετέχει
2872 1544 3147 1614 τώέὰγίου
3176 1545 3211 1616 ἡ
3239 1541 3521 1614 λογιστικὴ
3544 1544 3640 1597 καὶ
3672 1540 3835 1611 νοερά

2263 1636 2445 1701 οὐσία,
2491 1637 2640 1708 αὐτῷ
2675 1654 2737 1691 τε
2786 1636 2863 1708 τῷ
2890 1633 3051 1701 εἶναι,
3103 1636 3201 1689 καὶ
3237 1637 3306 1706 τῇ
3353 1634 3489 1705 πρὸς
3517 1632 3579 1686 τὸ
3606 1629 3665 1686 εὖ
3698 1628 3835 1684 εἶναι

2263 1726 2663 1798 ἐπιτηδειότητι
2682 1744 2695 1758 ·
2720 1726 3053 1798 ἀγαθότητός
3078 1726 3139 1780 τέ
3174 1743 3339 1796 φημι,
3369 1725 3463 1779 καὶ
3492 1723 3684 1793 σοφίας
3704 1737 3720 1752 ·
3746 1723 3835 1776 καὶ

587 1814 658 1867 sit
700 1813 895 1871 idonea
930 1824 1051 1884 est;
1099 1834 1207 1889 qua
1251 1820 1383 1875 item
1436 1823 1607 1891 gratia
1662 1823 1719 1877 in
1764 1826 2164 1895 sempiternum

2266 1821 2330 1891 τῇ
2358 1820 2494 1891 πρὸς
2522 1819 2688 1876 τὸάεὶ
2708 1816 2847 1875 εἶναι
2876 1821 3086 1892 χάριτι.
3117 1819 3307 1891 Ταύτῃ
3330 1816 3425 1874 οὐν
3453 1819 3547 1875 τὸν
3586 1818 3724 1872 Θεὸν
3762 1835 3838 1886 γι·

585 1925 707 1964 esse
750 1918 950 1980 potest.
996 1911 1109 1967 Hae
1152 1913 1339 1985 itaque
1383 1917 1599 1972 ratione
1640 1918 1812 1974 Deum
1858 1923 2163 1991 cognoscit.

588 2003 697 2057 Res
726 2013 911 2060 autem
957 2007 1029 2061 ab
1072 2022 1140 2062 eo
1183 2007 1453 2074 conditas,
1485 2025 1628 2076 eam,
1652 2026 1774 2079 quae
1798 2011 1855 2065 in
1884 2012 1995 2067 illis
2027 2015 2165 2068 arti-

588 2094 778 2151 ﬁciose
820 2098 1046 2155 elucens
1094 2100 1497 2165 consideratur,
1542 2102 1623 2155 uti
1665 2102 1878 2158 dictum
1921 2112 2040 2170 est,
2090 2105 2168 2160 le-

587 2184 765 2254 gendo
808 2202 874 2241 ac
914 2188 1270 2257 percipiendo
1309 2189 1666 2258 sapientiam;
1703 2205 1827 2259 qua:
1866 2189 1983 2261 ipsa
2018 2193 2167 2248 nuda

585 2281 781 2345 estaac
823 2276 1076 2346 simplex,
1111 2293 1223 2332 non
1267 2294 1398 2333 vere
1439 2288 1500 2334 ut
1537 2280 1762 2335 exsistat
1803 2280 2164 2339 Substantiam

587 2365 817 2433 habens,
845 2367 940 2422 sed
972 2368 1029 2422 in
1057 2378 1241 2425 mente
1270 2371 1599 2426 consistens.

656 2458 744 2513 25.
779 2458 1027 2525 Quatuor
1052 2460 1268 2518 divinas
1296 2463 1473 2528 dotes,
1502 2464 1706 2533 quibus
1740 2481 1830 2521 res
1860 2466 2165 2533 contineat,

586 2546 877 2618 foveatque
907 2564 971 2606 ac
997 2551 1305 2609 incolumes
1334 2562 1577 2624 praestet,
1601 2571 1702 2625 per
1728 2572 1996 2612 summam
2023 2559 2170 2614 Deus

587 2636 922 2705 bonitatem,
968 2644 1424 2706 communicavit,
1471 2644 1833 2716 producendo
1875 2648 2183 2703 essentiam

587 2739 683 2778 seu
710 2734 964 2781 naturam
994 2736 1237 2783 utentem
1271 2730 1485 2787 ratione
1511 2740 1568 2787 et
1595 2732 1990 2802 intelligentem
2021 2754 2035 2786 :
2065 2733 2171 2790 hoc

588 2826 786 2881 nempe
817 2813 967 2882 quod
990 2823 1075 2869 est
1100 2831 1221 2871 esse
1251 2825 1309 2871 et
1338 2833 1557 2889 semper
1578 2835 1719 2886 esse,
1757 2821 2170 2893 bonitatemque

585 2909 642 2954 et
673 2903 1019 2972 sapientiam.
1048 2902 1295 2971 Quorum
1326 2905 1458 2971 duo,
1490 2910 1745 2965 essentiae
1771 2910 1995 2978 tribuit;
2033 2912 2172 2966 duo-

584 3006 693 3060 que
723 2993 956 3064 reliqua,
983 2995 1285 3051 voluntatis
1315 2998 1610 3069 aptitudiui
1637 3014 1702 3054 ac
1737 3000 1953 3055 arbitrii
1992 3001 2173 3070 (boni-

586 3089 757 3137 tatem
781 3084 993 3139 scilicet
1016 3093 1070 3140 et
1092 3087 1443 3161 sapientiam)
1469 3090 1697 3161 utquod
1723 3091 1839 3160 ipse
1863 3106 1964 3160 per
1984 3107 2172 3148 essen-

2266 1907 2485 1967 νὼσκει.
2526 1913 2608 1967 Τὰ
2642 1911 2700 1967 δὲ
2732 1914 2823 1966 ὐπ’
2850 1911 3019 1966 αὐτοῦ
3045 1910 3328 1981 γεγονότα,
3356 1914 3422 1982 τῇ
3450 1909 3740 1980 ἀναλήψει,
3764 1909 3837 1972 ὡς

2266 2002 2501 2074 εἴρηται,
2531 2006 2632 2076 τῆς
2659 2007 2717 2058 ἐν
2743 2007 2857 2070 τοῖς
2890 2004 3140 2074 γεγονόσι
3169 2004 3551 2077 θεωρουμένης
3581 2002 3836 2074 τεχνικῆς

2269 2096 2460 2165 σοφίας
2487 2095 2635 2167 (22)·
2675 2096 2798 2167 ἥτις
2850 2096 2967 2149 ἐστὶ
3018 2096 3151 2168 ψιλὴ
3190 2096 3276 2169 (ί)
3326 2097 3423 2150 καὶ
3465 2095 3836 2157 ἀνυπόστατος

2266 2186 2324 2239 ὲν
2345 2185 2422 2256 τῷ
2456 2186 2530 2257 νῷ
2561 2185 2950 2258 συνισταμένη.

2340 2439 2439 2498 κε’.
2490 2443 2750 2514 Τέσσαρα
2808 2444 2917 2496 τῶν
2970 2440 3130 2496 θείων
3185 2443 3510 2513 ἰδιωμάτων,
3541 2443 3841 2496 συνεκτικὰ

2268 2536 2363 2589 καὶ
2389 2535 2731 2606 φρουρητικά
2761 2535 2858 2588 καὶ
2877 2535 3212 2590 διασωστικὰ
3234 2535 3341 2589 τῶν
3369 2534 3558 2596 ὄντων,
3577 2534 3645 2587 δι’
3665 2535 3840 2605 ἄκραν

2268 2628 2581 2698 ἀγαθότητα
2615 2626 3022 2697 ὲκοινοποίησεν
3054 2630 3083 2680 ὁ
3112 2627 3265 2693 Θεὸς,
3298 2626 3641 2698 παραγαγὼν
3679 2629 3762 2690 εἰς
3784 2626 3841 2679 τὸ

2269 2713 2408 2769 εἶναι
2437 2716 2535 2787 τὴν
2578 2716 2802 2786 λογικὴν
2836 2715 2933 2769 καὶ
2983 2714 3177 2786 νοεράν
3211 2716 3428 2769 οὐσίανο
3460 2718 3523 2769 τὸ
3558 2717 3639 2779 ὃν,
3668 2718 3736 2770 τὸ
3757 2718 3839 2770 ἀεὶ

2269 2807 2350 2870 ὃν,
2386 2807 2484 2879 τὴν
2512 2806 2831 2877 ἀγαθὸτητα
2873 2807 2968 2861 καὶ
2996 2807 3211 2876 σοφίαν.
3253 2805 3470 2860 Τούτων
3499 2806 3567 2860 τὰ
3621 2807 3727 2877 μὲν
3754 2807 3841 2862 δύο

2268 2903 2338 2971 τῇ
2363 2898 2521 2967 οὐσίᾳ
2551 2897 2794 2968 παρέσχε
2813 2914 2827 2929 ·
2881 2897 2947 2951 τὰ
2975 2897 3031 2951 δὲ
3059 2897 3173 2963 δύο,
3215 2901 3282 2970 τῇ
3336 2901 3590 2969 γνωμικῇ
3646 2901 3841 2968 ἐπιτη-

2270 2990 2502 3059 δειότητι
2524 3005 2537 3019 ’
2571 2988 2671 3060 τὴν
2694 2988 3006 3060 ἁγαθότητα
3030 2990 3124 3042 καὶ
3165 2988 3264 3060 τὴν
3297 2988 3488 3056 σοφίαν
3514 3005 3528 3018 ·
3567 2989 3655 3043 ἵνα
3704 2990 3842 3059 ᾇπερ

2272 3081 2417 3134 ἐστὶν
2447 3081 2607 3143 αὐτὸς
2638 3082 2760 3134 κατ’
2782 3079 2990 3144 οὐσίαν,
3015 3081 3233 3150 γίνηται
3261 3082 3293 3150 ἡ
3316 3081 3495 3144 κτίσις
3519 3079 3659 3133 κατά
3718 3099 3843 3151 μετ-

587 3174 719 3228 tiam
773 3184 891 3242 est,
944 3177 999 3232 id
1053 3188 1308 3234 creatura
1360 3180 1510 3236 illius
1560 3184 1894 3239 commercio
1943 3185 2159 3240 evadat.

2269 3172 2475 3225 ουσίαν.
2499 3171 2597 3225 Διὰ
2628 3170 2832 3241 ταύτην
2860 3169 3107 3242 [Calecas
3130 3170 3349 3242 ταῦτα],
3374 3170 3468 3223 καὶ
3499 3171 3620 3223 κατ’
3654 3171 3845 3225 εἰκόνα

510 3335 517 3340 ἡ
584 3264 825 3334 EjuSque
869 3283 1061 3335 causa,
1109 3268 1251 3326 facta
1295 3269 1502 3328 dicitur
1537 3274 1603 3328 ad
1640 3275 1735 3329 Dei
1779 3275 2070 3346 imaginem
2106 3285 2161 3332 et

585 3354 1002 3412 similitudinem
1028 3360 1096 3413 ⁸ο.
1128 3359 1206 3415 Ac
1232 3361 1453 3431 quidem
1495 3362 1563 3417 ad
1600 3363 1914 3433 imaginem,
1947 3371 2009 3418 ut
2041 3381 2162 3435 quae

586 3446 677 3509 sit,
707 3448 829 3518 ejus
859 3449 955 3519 qui
992 3457 1109 3517 est;
1155 3467 1219 3507 ac
1261 3469 1385 3523 quae
1429 3469 1646 3523 semper
1675 3454 1765 3518 sit,
1795 3457 1913 3524 ejus
1949 3455 2041 3524 qui
2079 3466 2163 3511 est

586 3552 831 3607 semper;
872 3555 1188 3611 quanquam
1236 3559 1349 3599 non
1390 3543 1459 3600 ab
1485 3555 1692 3600 aeterno
1718 3554 1775 3599 et
1810 3546 1927 3600 sine
1956 3546 2166 3616 princi-

588 3626 699 3696 pio,
733 3629 789 3682 in
826 3641 1098 3685 aeternum
1146 3642 1352 3699 tamen,
1382 3644 1438 3690 et
1485 3644 1545 3690 ut
1575 3636 1629 3691 ei
1668 3636 1814 3706 quod
1859 3645 1945 3692 est
1982 3637 2167 3692 nullus

587 3716 715 3773 linis
763 3721 1040 3777 succedat.
1086 3722 1169 3777 Ad
1223 3723 1645 3782 similitudinem
1694 3742 1859 3795 vero,
1906 3737 2164 3797 tanquam

587 3810 786 3879 bonus,
820 3815 937 3884 ejus
970 3816 1063 3886 qui
1104 3817 1285 3873 bonus
1325 3826 1430 3883 est,
1461 3826 1518 3874 et
1556 3828 1615 3874 ut
1643 3820 1882 3890 sapiens,
1919 3822 2038 3891 ejus
2069 3819 2166 3890 qui

2271 3261 2365 3315 καὶ
2402 3261 2662 3331 ὁμοίωσιν
2696 3260 2834 3313 Θεοῦ
2884 3260 3103 3328 λέγεται
3153 3260 3503 3329 γεγενῆσθαι.
3558 3260 3672 3314 Καὶ
3729 3262 3842 3316 κατ’

2268 3353 2452 3406 εἰκόνα
2482 3353 2601 3424 μὲν,
2626 3353 2703 3417 ὼς
2733 3351 2814 3419 ὃν,
2845 3352 2996 3415 ὄντος
3018 3368 3032 3381 ·
3071 3354 3165 3406 καὶ
3210 3352 3285 3416 ὡς
3324 3353 3409 3405 ἀεὶ
3434 3351 3514 3419 ὃν,
3555 3353 3645 3407 ἀεὶ
3669 3353 3841 3416 ὄντος⁸

2267 3446 2318 3498 εἰ
2347 3447 2443 3500 καὶ
2473 3445 2550 3516 μὴ
2581 3446 2851 3517 ἀνάρχως,
2900 3444 3013 3499 ἀλλ’
3052 3445 3420 3515 ἀτελευτήτως
3442 3458 3457 3474 ·
3507 3444 3632 3498 καθ’
3653 3445 3844 3516 ὁμοίω-

2275 3556 2358 3590 σιν
2380 3538 2458 3601 δὲ,
2498 3540 2572 3601 ὼς
2602 3538 2855 3605 ’”ἀγαθὸς,
2892 3536 3099 3605 ἀγαθοῦ
3122 3554 3135 3567 ·
3167 3537 3262 3589 καὶ
3311 3536 3385 3600 ὼς
3420 3537 3604 3604 σοφὸς,
3640 3535 3840 3605 σοφοῦ·

2271 3630 2365 3683 τοῦ
2399 3628 2540 3684 κατά
2571 3629 2755 3699 φύσιν,
2785 3630 2814 3682 ὁ
2841 3628 2981 3682 κατά
3007 3628 3186 3700 χάριν.
3215 3628 3325 3680 Καὶ
3345 3629 3463 3681 κατ’
3486 3627 3678 3681 εἰκόνα
3721 3628 3838 3698 μὲν,

2275 3725 2422 3776 πᾶσα
2445 3722 2606 3791 φύσις
2636 3723 2827 3800 λογική
2858 3723 2975 3776 ἐστι
3003 3721 3097 3775 τοῦ
3122 3719 3258 3774 Θεοῦ
3280 3739 3292 3752 ·
3330 3720 3451 3775 καθ’
3474 3721 3740 3790 ὁμοίωσιν
3764 3720 3841 3783 δὲ,

2277 3817 2428 3887 μόνοι
2455 3819 2504 3870 οἱ
2531 3816 2728 3884 ἀγαθοὶ
2754 3817 2847 3871 καὶ
2878 3816 3051 3885 σοφοί.

582 3907 807 3976 sapiens
834 3917 953 3976 est;
987 3913 1126 3982 ejus,
1155 3910 1250 3983 qui
1287 3928 1384 3983 per
1415 3922 1692 3978 naturam,
1714 3914 1761 3968 is
1792 3912 1889 3982 qui
1916 3928 2018 3983 per
2044 3909 2273 3983 gratiam
2308 3924 2371 3966 ac
2405 3908 2590 3963 divino
2619 3923 2872 3964 munere.
2927 3907 3105 3979 Atque
3153 3906 3222 3962 ad
3284 3906 3380 3961 Dei
3445 3905 3671 3977 quidem
3706 3907 3844 3962 ima-

585 3999 768 4068 ginem
813 4008 897 4057 est
931 4003 1112 4059 omnis
1150 4013 1349 4061 natura
1387 4013 1548 4060 utens
1618 4005 1876 4061 ratione:
1947 4002 2016 4060 ad
2087 4000 2506 4058 similitudinem
2542 4016 2697 4068 vero,
2737 4001 2778 4055 ii
2821 4000 3088 4056 duntaxat
3134 4000 3230 4070 qui
3276 3998 3408 4054 boni
3454 4006 3514 4053 et
3562 4000 3844 4071 sapientes

583 4090 876 4146 exsistunt.

652 4183 743 4239 26.
779 4183 968 4241 Omnis
991 4167 1298 4242 substantia
1323 4188 1535 4245 ratione
1560 4196 1723 4245 utens
1744 4203 1809 4244 ac
1832 4188 2164 4259 intelligens,

2346 4191 2457 4249 xg’.
2480 4184 2640 4238 Πᾶσα
2672 4181 2706 4251 ἡ
2748 4178 2943 4251 λογικὴ
2972 4177 3068 4232 καὶ
3090 4174 3251 4247 νοερά
3291 4174 3448 4229 οὐσία
3476 4173 3739 4247 διῄρηται
3767 4178 3844 4240 εἰς

587 4275 642 4328 in
695 4273 836 4330 duos
870 4276 1061 4332 ‘divisa
1112 4279 1337 4334 ordines
1383 4289 1501 4347 est;
1551 4280 1607 4335 in
1657 4288 1912 4335 naturam
1959 4281 2164 4336 scilicet

2272 4279 2394 4334 δύο·
2431 4275 2730 4340 τουτέστιν,
2766 4272 2847 4336 εἷς
2878 4271 2977 4342 τὴν
3026 4268 3322 4338 ἀγγελικὴν
3366 4269 3462 4321 καὶ
3489 4268 3589 4337 τὴν
3631 4268 3841 4341 ἀνθρω-

585 4362 885 4439 angelicam
921 4374 977 4420 et
1006 4365 1325 4422 humanam.
1356 4369 1679 4439 Rursusque
1709 4369 1953 4438 angelica
1985 4370 2164 4425 omnis

2273 4370 2435 4441 πίνην
2465 4366 2647 4437 φύσιν.
2678 4365 2787 4418 Καὶ
2814 4364 2964 4417 πᾶσα
3012 4363 3049 4434 ἡ
3104 4358 3369 4431 ἀγγελικὴ
3402 4359 3563 4428 φύσις
3590 4358 3843 4432 διῄρηται

584 4462 802 4519 natura,
837 4455 893 4510 in
935 4456 1075 4514 duas
1112 4459 1453 4516 universales
1487 4462 1802 4518 voluntates
1845 4469 2164 4532 turmasque

589 4542 758 4568 .ῐε..2,.-
791 4552 868 4568 --ι
920 4555 1031 4568 ιη...
1067 4547 1275 4568 --ειι--ι
1314 4559 1517 4568 _-.__.,-
1558 4549 1692 4568 ,ιι-
1735 4559 1747 4568 .
1778 4565 1840 4568 η--
1878 4549 2157 4568 ___I-_.__,

2273 4435 2436 4518 πάλιν
2458 4435 2538 4525 εἰς
2563 4460 2658 4514 δύο
2686 4456 2980 4520 καθολικὰς
3008 4455 3232 4526 γνώμας
3259 4472 3320 4508 τε
3356 4455 3452 4509 καὶ
3484 4453 3691 4523 ἀγέλας
3727 4452 3841 4526 (ml,

587 4542 763 4598 divisa
786 4552 891 4609 est,
920 4555 1034 4600 tum
1065 4547 1278 4603 scilicet
1309 4559 1526 4606 sanctas
1545 4549 1702 4622 531
1735 4559 1849 4604 tum
1872 4549 2162 4617 scelestas;

2272 4558 2431 4625 ἁγίας
2463 4572 2521 4607 τε
2541 4553 2637 4607 καὶ
2666 4553 2880 4618 ἐναγεῖς
2902 4565 2914 4577 ·
2942 4548 3238 4613 τουτέστιν,
3274 4549 3357 4610 είς
3385 4547 3542 4615 ἁγίας
3570 4548 3839 4617 Δυνάμεις

586 4632 694 4687 hoc
735 4642 839 4700 est,
876 4635 934 4690 in
977 4650 1196 4693 sanctas
1243 4639 1618 4696 Fortitudines
1657 4649 1713 4695 et
1758 4640 2005 4710 impuros
2052 4639 2164 4695 daa-

2269 4647 2366 4702 καὶ
2403 4643 2750 4715 ἀκαθάρτους
2783 4639 3062 4709 δαίμονας.
3099 4637 3213 4691 Καὶ⁸
3245 4639 3397 4691 πᾶσα
3438 4638 3472 4708 ἡ
3524 4636 3839 4709 ἀνθρωπίνη

587 4740 798 4782 mones.
827 4725 1018 4785 Omnis
1045 4729 1177 4784 item
1212 4731 1449 4787 humana
1477 4739 1696 4797 natura,
1716 4732 1771 4786 in
1798 4732 1936 4786 duas
1957 4732 2157 4786 solumc

551 4811 555 4814 ’
589 4816 752 4873 modo
793 4819 969 4875 divisa
1006 4830 1090 4877 est
1125 4823 1464 4880 universales
1495 4824 1807 4879 voluntates
1844 4837 1910 4879 ac
1947 4830 2166 4879 senten-

589 4908 720 4976 tias;
751 4911 871 4981 pias
898 4913 1113 4970 scilicet
1142 4924 1200 4971 et
1224 4914 1441 4985 impias.

660 5071 706 5104 '°
741 5070 878 5128 Gen.
914 5085 955 5137 ι,
985 5071 1076 5128 26.

658 5207 720 5278 (ι)
760 5208 920 5273 "Huc
948 5205 1267 5278 ἐστιψιλή.
1292 5205 1501 5278 Nempe
1524 5220 1626 5275 pro
1646 5204 2005 5278 fundamento
2031 5214 2159 5260 sunt

586 5276 718 5357 ipsae
761 5285 1049 5357 creaturae,
1083 5286 1144 5331 ut
1196 5276 1662 5357 divinammipsam
1705 5277 2058 5357 sapientiam.
2096 5292 2161 5329 ac

588 5345 830 5427 rationes
855 5347 916 5427 in
934 5347 1048 5402 Deo
1081 5355 1399 5427 connotant.
1430 5345 1525 5400 Sic
1550 5347 1696 5400 enim
1723 5345 1927 5401 dicitur
1940 5346 2161 5427 sapien-

589 5418 722 5496 tiam
747 5417 1011 5473 ell‘udisse
1035 5433 1202 5496 super
1216 5417 1407 5496 omnia
1420 5431 1587 5496 opera
1616 5432 1713 5471 sua
1735 5433 1750 5481 ;
1769 5431 1874 5485 qua
1900 5415 2158 5496 nimirum

589 5486 775 5567 divina
798 5504 898 5567 sua
921 5497 1041 5567 arte
1068 5485 1163 5567 ita
1188 5485 1467 5567 condidit,
1509 5496 1571 5567 _ut
1600 5501 1809 5567 earum
1838 5485 2157 5567 considera-

589 5553 813 5628 tioneet
840 5557 1223 5628 intelligentia,
1263 5564 1475 5628 natura:
1508 5556 2037 5628 intelligentesipsa:
2073 5569 2159 5608 sa-

590 5624 855 5696 pientiam
881 5624 1147 5696 inimente
1169 5627 1579 5692 consistentem,
1628 5624 1948 5696 ignorantia:
1988 5639 2160 5695 oppo-

591 5694 773 5774 sitam2
806 5695 1129 5774 acquirant;
1155 5696 1311 5774 quasi
1330 5697 1565 5774 Deoper
1589 5694 2157 5774 creaturasdocente‘,

593 5778 713 5822 cum
758 5764 874 5835 ipse
898 5764 967 5819 ab
991 5765 1098 5820 illis
1124 5766 1261 5820 nihil
1286 5764 1539 5836 accipiat,
1583 5766 1676 5820 sed
1700 5766 1756 5822 in
1773 5764 2040 5834 sapientia
2064 5779 2162 5818 sua

2269 4737 2525 4809 διῄρηται
2550 4734 2631 4796 είς
2658 4730 2884 4801 γνώμας
2918 4730 3077 4802 μόνον
3124 4727 3419 4792 καθολικάς
3451 4728 3567 4794 δύο,
3596 4728 3841 4793 εὐσεϐεῖς

2268 4832 2413 4900 λέγω
2442 4828 2537 4883 καὶ
2563 4822 2799 4888 ἀσεϐεῖς.

2263 5211 2320 5258 et
2356 5212 2511 5267 arte;
2576 5200 2657 5271 (in
2715 5199 2940 5271 decreto
2982 5212 3095 5271 sua:
3144 5192 3466 5267 voluntatis)
3508 5210 3654 5250 unus
3701 5197 3838 5265 ipse,

2265 5273 2449 5353 omnia
2475 5269 2597 5353 quin
2618 5279 2748 5353 sunt
2778 5269 2893 5353 ullo
2918 5269 3097 5353 modo,
3128 5273 3439 5353 cognoscat.

2338 5341 2433 5414 (m)
2493 5333 3091 5414 -Elc_6z’;o‘xa(_io.1mdc
3117 5333 3353 5414 γνῶμας
3387 5333 3575 5414 τεναξὶ
3596 5334 3833 5414 ἀγέλας-ε

2265 5402 2426 5478 Quod
2445 5420 2564 5466 erat
2592 5402 3497 5481 dweltxag,‘mendum‘agnovit
3519 5403 3712 5466 Gesn,
3746 5402 3836 5481 sed

2265 5476 2697 5555 e'mendareunon
2728 5477 3116 5555 potuit._No_bis
3143 5476 3401 5530 restituto
3430 5484 3580 5555 textu
3599 5488 3729 5527 mss.
3759 5476 3839 5524 ui-

2266 5552 2342 5606 hil
2358 5553 2467 5621 jam
2491 5550 2708 5621 diiiieile
2725 5543 2990 5621 occurrit.
3019 5547 3380 5621 Neeneeesse
3407 5543 3658 5621 pluribus
3676 5555 3839 5621 vexa—

2265 5614 2525 5691 re,'qu0d
2558 5619 2764 5688 Obsop.
2800 5619 2998 5692 illeque
3021 5615 3419 5692 reddide_runt._
3460 5614 3689 5692 Praestet
3733 5624 3835 5692 una

2268 5678 2509 5761 spongia
2545 5678 2742 5761 cuneta
2784 5678 2992 5755 delere,
3020 5701 3182 5756 quam
3220 5685 3454 5755 singulis
3481 5678 3835 5754 suggillandis

2269 5760 2487 5833 tempus
2506 5760 2680 5816 otiose
2715 5768 2915 5814 terere.
