4084 6332
258 333 408 403 1025

1107 346 1441 409 CAPITUM
1482 346 1580 406 DE
1619 340 2049 404 CIIARITATE
2085 340 2473 401 CENTURIA
2512 341 2628 403 III.

3369 339 3503 411 1026

328 460 429 526 κζ’.
466 462 531 513 '0
565 459 663 531 μὲν
708 459 840 523 Θεὸς
876 465 951 524 ὡς
982 458 1351 529 αὑτοΰπαρξις
1413 454 1497 521 ὢν,
1526 455 1620 509 καὶ
1661 454 1822 506 αὑτό·
1851 504 1857 514 ,

1997 454 2087 507 27.
2122 453 2267 508 Deus
2294 454 2514 523 quidem
2542 454 2637 523 qui
2674 454 2788 523 ipsa
2819 469 2919 523 per
2948 470 3006 511 se
3027 457 3293 515 exsistens
3321 473 3511 513 essen-

255 570 319 622 αγ
332 554 526 622 αθότης
553 552 647 605 καὶ
669 551 963 619 αὑτοσοφία
995 567 1008 582 ⁸
1044 550 1241 621 μᾶλλον
1275 548 1332 602 δὲ
1358 546 1718 618 ἀληθέστερον
1748 546 1818 597 εί-
1868 618 1873 623 ἱ

256 645 397 706 πεῖν,
428 642 521 694 καὶ
553 641 692 710 ὑπὲρ
721 640 893 695 ταῦτα
920 642 1116 707 πάντα,
1156 639 1308 693 οὐδὲν
1348 637 1467 708 ἔχει,
1494 638 1556 690 τὸ
1610 636 1828 690 σύνολον

257 732 520 786 ἐναντίον.
559 732 640 783 Τὰ
665 730 721 783 δὲ
759 732 1052 800 κτίσματα,
1097 731 1172 792 ὼς
1215 729 1393 782 πάντα
1456 728 1556 797 μὲν
1612 725 1829 796 μεθέξει

259 824 352 876 καὶ
395 823 579 893 χάριτι
630 823 728 894 τὴν
768 821 1002 893 ὕπαρξιν
1046 809 1240 891 ἔχοντα
1271 836 1285 851 ⁸
1333 820 1404 873 τὰ
1434 819 1490 872 δὲ
1514 818 1708 887 λογικὰ
1736 818 1831 869 καὶ

258 913 440 985 νοερὰ,
468 916 563 969 καὶ
590 913 688 986 τὴν
709 914 1042 983 ἁγαθότητος
1065 914 1162 967 καὶ
1195 911 1385 982 σοφίας
1401 910 1828 981 ἐπιτηδειότητα,

259 1005 370 1075 ἔχει
405 1005 646 1058 ἐναντίον
671 1024 682 1035 ·
725 1008 792 1076 τῇ
828 1005 926 1075 μὲν
951 1004 1205 1075 ὑπάρξει,
1234 1005 1296 1056 τὸ
1330 1003 1406 1074 μὴ
1436 1001 1702 1072 ὑπάρχειν
1722 1017 1735 1029 ⁸
1764 1003 1830 1070 τῇ

254 1096 312 1150 δὲ
341 1096 442 1165 τῆς
473 1096 812 1168 ἁγαθότητος
843 1097 937 1149 καὶ
969 1095 1157 1164 σοφίας
1194 1093 1607 1165 ἐπιτηδειότητι,
1641 1090 1833 1144 κακίαν

259 1189 351 1240 καὶ
376 1187 668 1255 ἀγιωσίαν.
706 1187 813 1241 Καὶ
845 1188 908 1240 τὸ
945 1186 1044 1258 μὲν
1074 1185 1345 1256 ὑπάρχειν
1369 1184 1513 1255 ἀεὶῆ
1549 1184 1624 1254 μὴ
1659 1182 1837 1252 ὑπάρ-

259 1297 373 1350 χειν
405 1278 577 1333 ταῦτα
608 1278 722 1351 [Fr.
752 1280 820 1332 τὰ
853 1278 1047 1347 λογικὰ
1078 1279 1174 1332 καὶ
1201 1275 1408 1350 vespa},
1436 1278 1493 1329 ἐρν
1522 1280 1587 1346 τῇ
1617 1274 1836 1344 ἐξουσίᾳ

258 1371 354 1424 τοῦ
389 1371 748 1440 πεποιηκότος
775 1372 890 1424 ὲστί
910 1370 924 1399 ⁸
945 1371 1005 1424 τὸ
1024 1370 1081 1424 δὲ
1112 1369 1357 1440 μετέχειν
1381 1370 1478 1438 τῆς
1503 1367 1837 1435 ἀγαθότητος

264 1459 431 1513 αὑτοῦ
471 1462 565 1513 καὶ
604 1463 695 1530 τῆς
726 1461 917 1530 σοφίας
952 1460 1086 1532 ἢμὴ
1120 1461 1389 1535 μετέχειν,
1410 1462 1467 1513 ὲν
1486 1462 1551 1531 τῇ
1587 1457 1838 1529 βουλήσει

261 1551 369 1604 τῶν
390 1550 621 1621 λογικῶν
644 1551 900 1624 ὑπάρχει.

333 1838 439 1901 κη’.
469 1830 534 1883 Οί
576 1830 673 1900 μὲν
706 1829 964 1899 Ἕλληνες
1000 1828 1079 1897 (η)
1131 1827 1192 1892 ἐξ
1224 1827 1394 1880 ἀϊδίου
1426 1825 1673 1893 λέγοντες
1719 1842 1841 1878 συν·
1871 1787 1917 1846 Β

265 1922 532 1993 ὑπάρχειν
556 1920 634 1989 τῷ
672 1918 791 1990 Θεῷ
818 1919 917 1988 τὴν
940 1918 1049 1970 τῶν
1084 1916 1253 1970 ὄντων
1280 1915 1486 1977 οὐσίαν,
1506 1915 1606 1976 τὰς
1625 1914 1683 1968 δὲ
1711 1913 1842 1985 περὶ

264 2013 431 2084 αὐτὴν
478 2012 771 2081 ποιότητας
817 2008 1064 2087 μόνονὲξ
1087 2007 1252 2061 αὑτοῦ
1280 2008 1568 2079 ἐσχηκέναι
1599 2024 1614 2039 ⁸
1651 2010 1716 2078 τῇ
1745 2007 1844 2078 μὲν

264 2106 444 2176 οὐσίᾳ,
478 2103 631 2158 οὐδὲν
660 2103 909 2172 λέγουσιν
933 2100 1175 2155 ἐναντίον
1199 2115 1214 2129 ⁸
1250 2101 1310 2153 ὲν
1338 2100 1396 2152 δὲ
1432 2101 1553 2162 ταῖς
1592 2099 1843 2168 ποιότησι

268 2195 478 2267 μόναις,
510 2192 612 2265 τὴν
666 2192 979 2247 ἐναντίωσιν
1018 2186 1177 2244 εἶναι.
1220 2190 1412 2259 Ἡμεῖς
1454 2188 1512 2242 δὲ
1554 2188 1722 2259 μόνην
1759 2188 1845 2240 λέ-

265 2301 433 2364 γομεν
462 2286 560 2354 τὴν
589 2284 741 2339 θείαν
763 2283 951 2337 οὐσίαν
1009 2282 1084 2354 μὴ
1135 2281 1281 2351 ἔχειν
1334 2298 1388 2335 τι
1444 2278 1706 2340 ἐναντίον,
1768 2278 1845 2343 ὡς

1928 546 2005 601 tia
2027 556 2084 601 et
2109 546 2327 601 bonitas
2357 554 2414 601 et
2448 547 2715 616 sapientia
2748 546 2855 611 sit;
2886 549 3019 616 quin
3046 559 3103 604 et
3137 551 3223 605 his
3252 553 3513 608 omnibus

1918 635 2018 709 -(ιιι
2046 637 2234 691 verius
2260 637 2476 707 loquar)
2519 638 2772 707 superior
2807 640 3062 706 exsistat;
3100 641 3238 695 nihil
3284 658 3512 712 prorsus

1932 729 2099 784 habet
2126 729 2491 785 contrarium.
2512 729 2706 786 Creata
2730 746 2891 797 vero,
2917 741 2979 786 ut
3001 734 3145 802 quod
3176 736 3360 790 omnia
3386 753 3513 807 par—

1934 821 2249 890 ticipatione
2284 837 2464 892 exque
2505 822 2679 892 gratia
2708 823 2966 888 habeant,
2998 825 3143 895 quod
3187 836 3315 881 sunt
3343 829 3396 882 in
3425 845 3513 884 re-

1933 928 2055 966 rum
2098 922 2324 979 natura;
2355 915 2567 971 utentia
2595 929 2812 984 quoque
2841 918 3054 971 ratione
3096 933 3162 971 ac
3198 919 3511 991 intelligen-

1936 1003 2032 1066 tia,
2064 1003 2211 1073 quod
2244 1003 2506 1059 bonitatis
2530 1020 2593 1060 ac
2626 1006 2912 1075 sapientia:
2938 1010 3285 1077 capessendae
3316 1011 3514 1067 idonea

1933 1094 2221 1160 exsistant,
2257 1097 2594 1151 contrarium
2633 1097 2868 1164 habent;
2899 1100 3231 1156 exsistantiae
3264 1102 3509 1171 quidem,

1935 1199 2049 1239 non
2090 1185 2499 1252 exsistentiam;
2550 1188 2897 1256 capessendae
2949 1205 3082 1245 vero
3139 1191 3404 1248 bonitatis
3450 1210 3515 1251 ac

1935 1276 2218 1345 sapientia:
2257 1276 2575 1345 aptitudini,
2621 1278 2745 1332 vitii
2795 1280 3122 1348 pravitatem
3157 1292 3213 1337 et
3260 1284 3517 1354 ignoran-

1938 1366 2093 1421 tiam.
2125 1365 2204 1421 Ac
2230 1366 2451 1436 quidem
2481 1377 2542 1423 ut
2575 1368 2693 1423 haec
2723 1383 2942 1438 semper
2967 1371 3233 1428 exsistant
3271 1383 3367 1429 aut
3405 1392 3513 1431 non

1937 1457 2225 1521 exsistant,
2258 1460 2378 1529 ejus
2413 1459 2509 1528 qui
2535 1459 2784 1515 condidit
2826 1461 3041 1516 arbitrii
3075 1469 3161 1516 est
3199 1472 3257 1517 et
3278 1472 3518 1533 potesta-

1942 1546 2013 1601 tis
2041 1564 2055 1600 :
2082 1556 2144 1601 ut
2173 1558 2361 1603 autem
2397 1543 2551 1603 illius
2574 1548 2836 1603 bonitatis
2858 1557 2914 1602 et
2934 1549 3217 1618 sapientiae
3249 1566 3516 1607 commer-

1941 1639 2030 1696 cio
2056 1641 2334 1711 gaudeant
2356 1641 2442 1696 vel
2475 1656 2588 1694 non
2621 1639 2915 1710 gaudeant,
2950 1641 3009 1694 in
3050 1641 3169 1710 ipsa
3207 1643 3516 1700 animorum

1944 1732 2226 1787 voluntate
2254 1732 2527 1787 consistit.

2012 1824 2102 1879 28.
2130 1824 2327 1890 Graeci,
2372 1825 2469 1895 qui
2510 1840 2699 1880 rerum
2741 1827 3035 1883 essentiam
3063 1845 3124 1885 ac
3157 1831 3520 1887 substantiam

1943 1912 2014 1967 ab
2044 1922 2253 1969 aeterno
2291 1913 2456 1967 simul
2501 1928 2627 1968 cum
2660 1915 2774 1970 Deo
2812 1916 3086 1972 exstitisse
3121 1917 3334 1987 dicant)
3352 1921 3523 1975 solas-

1941 2020 2051 2076 que
2107 2006 2178 2060 ab
2206 2020 2273 2060 eo
2297 2006 2575 2075 accepisse
2608 2007 2900 2076 qualitates
2935 2024 3057 2077 quae
3095 2025 3215 2065 eam
3244 2013 3521 2080 amiciant,

1941 2095 2194 2153 essentize
2223 2094 2444 2163 quidem
2489 2111 2553 2150 ac
2598 2096 2937 2163 substantiae,
2987 2099 3180 2153 dicunt
3222 2098 3374 2156 nihil'
3403 2118 3521 2160 esse

1943 2187 2311 2253 contrarium;
2335 2202 2664 2257 omnemque
2684 2187 2822 2243 adeo
2845 2191 3293 2248 contrarietatem
3316 2194 3373 2248 in
3392 2195 3522 2250 solis

1944 2279 2301 2348 qualitatibus
2338 2293 2480 2334 esse.
2528 2279 2639 2334 Nos
2683 2286 2867 2334 autem
2903 2297 3070 2336 unam
3110 2282 3354 2340 divinam
3393 2285 3527 2341 sul:-

268 2371 438 2427 ἀῖδιόν
462 2388 531 2424 τε
563 2367 731 2426 οὖσαν
761 2370 855 2424 καὶ
879 2369 1130 2440 ἄπειρον,
1155 2370 1250 2423 καὶ
1270 2367 1568 2438 ὰῖδιότητος
1589 2366 1846 2437 ἀλλήλαις

1955 2370 2222 2434 stantiam,
2260 2370 2498 2427 dicimus
2542 2373 2693 2427 omni
2733 2373 3011 2428 contrario
3057 2391 3274 2442 carere;
3323 2377 3526 2448 quippe

268 2464 596 2535 χαριστικήν
629 2481 643 2497 ⁸
676 2467 743 2534 τῇ
776 2463 832 2516 δὲ
862 2462 969 2533 τῶν
994 2463 1162 2542 ὄντων
1191 2461 1368 2531 οὐσίᾳ,
1392 2456 1531 2514 εἶναι
1563 2460 1659 2530 μὲν
1678 2460 1743 2512 τὸ
1772 2459 1846 2531 μὴ

1955 2470 2208 2516 aeternam
2237 2471 2293 2517 et
2324 2462 2617 2529 inﬁnitam,
2649 2463 2864 2532 hocque
2901 2464 3083 2533 ipsum
3128 2467 3358 2537 reliquis
3389 2485 3528 2539 prae-

265 2556 325 2612 ὃν
343 2557 601 2610 ἔναντίον⁸
622 2557 722 2610 καὶ
746 2556 806 2608 ἐν
825 2558 891 2626 τῇ
922 2554 1138 2625 ἐξουσίᾳ
1159 2553 1253 2607 τοῦ
1279 2553 1485 2623 κυρίως
1505 2554 1654 2614 ὄντος
1675 2552 1848 2621 ὑπάρο

1955 2560 2205 2617 stantem,
2250 2561 2312 2605 ut
2357 2567 2576 2622 semper
2617 2562 2673 2607 et
2718 2554 2849 2623 ipsae
2892 2568 3248 2623 permaneant
3288 2576 3302 2611 :
3338 2574 3525 2614 rerum

269 2668 404 2721 χειν,
433 2651 497 2704 τὸ
525 2650 613 2702 ἀεὶ
650 2645 792 2702 εἶναι
821 2647 991 2717 αὐτὴν
1042 2647 1075 2717 ἢ
1121 2647 1195 2718 μὴ
1244 2642 1406 2711 εἶναι,
1449 2644 1844 2715 ἀμεταμέλητα

1955 2657 2081 2696 vero
2114 2643 2435 2698 substantiae
2480 2643 2557 2697 id.
2581 2644 2921 2698 contrarium
2951 2660 3074 2701 esse
3116 2650 3524 2713 contendimus,

272 2738 329 2792 δὲ
357 2732 497 2791 εἶναι
533 2738 601 2790 τὰ
657 2735 974 2808 χαρίσματα
1007 2733 1193 2786 αὑτοῦ.
1237 2733 1347 2786 Καὶ
1395 2733 1483 2786 διὰ
1534 2730 1714 2794 τοῦτο,
1755 2731 1850 2783 καὶ

1955 2731 2097 2801 quod
2139 2742 2224 2786 est
2259 2746 2371 2785 non
2415 2746 2537 2787 esse
2580 2746 2644 2787 ac
2684 2731 3163 2803 nihilum;.inque
3205 2734 3353 2788 illius
3379 2734 3529 2804 quod

274 2828 420 2883 εστιν
470 2829 577 2895 ἀεὶ,
618 2828 711 2881 καὶ
763 2825 915 2880 ἔσται
960 2828 1028 2895 τῇ
1085 2825 1561 2892 παντοκρατορικῇ
1622 2822 1849 2891 δυνάμει

1955 2839 2078 2879 vere
2108 2838 2174 2878 ac
2203 2824 2426 2893 proprie
2461 2832 2546 2879 est
2576 2824 2813 2893 positum
2844 2835 3137 2896 potestate,
3169 2837 3229 2882 ut
3262 2827 3353 2882 illa
3388 2842 3532 2882 scm-

274 2919 733 2991 διακρατουμένη,
789 2920 838 2971 εί
893 2917 988 2971 καὶ
1030 2915 1145 2987 ἔχει
1194 2915 1254 2969 τὸ
1290 2914 1364 2985 μὴ
1394 2913 1453 2967 ὃν
1484 2915 1744 2976 ἐναντίον,
1775 2912 1852 2976 ὡς

1955 2931 2051 2988 per
2081 2915 2326 2980 exsistat,
2360 2923 2456 2970 aut
2496 2931 2606 2971 non
2634 2917 2885 2972 exsistat.
2916 2917 3157 2973 Tametsi
3200 2920 3319 2988 ejus
3359 2917 3532 2972 dono-

275 3011 514 3082 εἴρηται,
543 3011 619 3074 ὡς
652 3012 718 3065 ὲκ
749 3010 824 3081 μὴ
867 3008 1018 3072 ὄντος
1052 3009 1133 3070 εἰς
1182 3006 1245 3060 τὸ
1291 3002 1432 3061 εἶναι
1483 3004 1848 3075 παραχθεῖσα,

1955 3025 2077 3064 rum
2107 3008 2253 3064 haud
2301 3008 2479 3078 ipsum
2510 3008 2775 3077 poeniteat
2805 3009 2873 3063 δι.
2923 3009 3111 3079 anue
3158 3010 3369 3064 ratione
3410 2996 3531 3066 esse

276 3102 368 3155 ml.
399 3102 457 3154 ἐν
486 3103 553 3174 τῇ
584 3099 837 3171 βουλήσει
872 3096 1037 3153 αὑτοῦ
1063 3097 1264 3167 ἔχουσα
1301 3096 1363 3149 τὸ
1414 3091 1557 3149 εἶναι
1604 3096 1773 3167 αὑτὴν
1815 3095 1850 3166 ἢ

1955 3116 2077 3157 eam
2105 3115 2321 3170 semper
2343 3114 2409 3154 ac
2436 3099 2552 3155 fore
2581 3101 2829 3156 omnium
2857 3102 3259 3157 conservatrice
3289 3100 3535 3172 potentia

279 3193 355 3263 μὴ
372 3188 530 3248 εἶναι.
1959 3193 2029 3249 ad
2061 3190 2467 3262 perennitatem
2501 3205 2624 3245 eam
2655 3191 2995 3257 continente,
3028 3193 3244 3247 tametsi
3278 3208 3388 3246 non
3414 3206 3536 3247 esse

278 3292 443 3356 atque
466 3283 700 3339 nihilum
730 3281 1066 3337 contrarium
1092 3280 1277 3345 habet,
1312 3278 1393 3334 uti
1422 3278 1628 3334 dictum
1652 3287 1755 3346 est,
1790 3291 1852 3339 ut
1888 3300 2010 3356 quae
2038 3299 2104 3339 ex
2144 3282 2320 3339 nihilo
2359 3289 2424 3337 ut
2469 3289 2635 3346 esset,
2705 3281 2993 3350 producta,
3032 3281 3089 3336 in
3153 3298 3260 3337 una
3299 3283 3420 3353 ejus
3443 3297 3539 3337 vo.

278 3376 488 3434 luutate
518 3377 625 3431 hoc
650 3375 795 3446 quod
822 3382 907 3430 est
932 3389 1053 3429 eam
1082 3388 1201 3429 esse
1241 3372 1329 3427 vel
1363 3387 1473 3426 non
1498 3386 1641 3437 esse,
1670 3372 1857 3429 habet.

350 3472 453 3528 κθ’.
493 3471 708 3542 Ὠσπερ
737 3469 796 3523 τὸ
825 3468 992 3524 κακὸν
1028 3466 1287 3538 στέρησίς
1320 3468 1468 3520 ἐστιν
1495 3466 1724 3537 ἀγαθοῦ,
1757 3464 1856 3521 καὶ

285 3567 319 3637 ἡ
355 3563 601 3635 ἀγνωσία
628 3561 880 3632 στέρησίς
909 3561 1026 3613 ἔστι
1061 3558 1313 3628 γνώσεως
1337 3573 1352 3588 ⁸
1391 3557 1534 3611 οὕτω
1562 3559 1658 3612 καὶ
1694 3559 1755 3612 τὸ
1779 3559 1854 3631 μὴ

244 3725 248 3728 γ
280 3660 344 3713 ὃν
386 3654 636 3727 στέρησίς
663 3657 778 3708 ἐστι
802 3653 895 3706 τοῦ
925 3652 1075 3715 ὄντος
1103 3667 1119 3683 ⁸
1152 3650 1214 3704 οὑ
1246 3649 1339 3703 τοῦ
1364 3649 1569 3719 κυρίως
1598 3649 1655 3703 δὲ
1682 3649 1854 3712 ὄντος·

285 3749 384 3801 οὑκ
437 3748 550 3818 ἔχει
592 3746 700 3816 γὰρ
732 3744 970 3797 ἐναντίον
1003 3758 1019 3774 ⁸
1054 3741 1191 3796 ἀλλὰ
1215 3740 1310 3793 τοῦ
1343 3740 1483 3794 κατὰ
1523 3738 1739 3810 μέθεξιν
1761 3737 1857 3794 τοῦ

288 3837 491 3911 κυρίως
523 3835 699 3896 ὄντος.
739 3834 852 3887 Καὶ
895 3835 948 3886 αἱ
981 3832 1079 3902 μὲν
1104 3832 1211 3885 τῶν
1260 3831 1542 3902 προτέρων
1572 3830 1861 3899 στερήσεις

286 3929 351 3997 τῇ
378 3924 570 3995 γνώμῃ
597 3923 705 3976 τῶν
725 3922 1025 3992 γεγονότων
1049 3920 1274 3973 ἕπονται
1297 3932 1312 3950 ο
1341 3918 1374 3987 ἡ
1395 3916 1454 3970 δὲ
1472 3914 1566 3970 τοῦ
1604 3914 1859 3985 δευτέρω

288 4021 346 4072 ὲν
382 4019 448 4088 τῇ
482 4015 733 4085 βουλήσει
765 4012 859 4067 τοῦ
885 4012 1249 4083 πεποιηκότος
1275 4008 1580 4080 ὑπάρχεται
1604 4022 1620 4039 ⁸
1652 4005 1746 4059 τοῦ
1774 4007 1862 4061 ἀεὶ

287 4111 354 4164 δι’
384 4107 697 4178 ἀγαθότητα
731 4103 1054 4178 βουλομένου
1106 4101 1246 4157 εἷναι
1289 4101 1362 4156 τὰ
1424 4100 1574 4166 ὄντα,
1622 4098 1720 4153 καὶ
1773 4098 1862 4154 ἀεὶ

291 4202 380 4257 ὑπ’
408 4198 573 4254 αὐτοῦ
608 4195 1032 4271 εὑεργετεῖσθαι.

362 4459 428 4516 λ’.
471 4459 653 4515 Πάντα
683 4458 753 4512 τὰ
773 4455 1055 4527 γεγονότα,
1107 4453 1177 4509 τὰ
1227 4453 1327 4524 μέν
1376 4453 1485 4506 είσι
1523 4449 1719 4520 λογικὰ
1768 4450 1858 4506 καὶ

295 4552 480 4624 νοερὰ,
517 4552 611 4606 καὶ
635 4550 746 4604 τῶν
770 4548 1033 4604 διαντίων
1062 4547 1285 4602 δεκτικά
1316 4563 1331 4579 ⁸
1371 4541 1502 4607 οἷον,
1535 4545 1736 4616 ἀρετῆς
1772 4543 1868 4622 καὶ

298 4645 517 4711 κακίας,
549 4644 643 4698 καὶ
672 4640 925 4711 γνώσεως
972 4639 1068 4694 καὶ
1105 4636 1378 4707 ἀγνωσίας
1405 4652 1418 4666 ⁸
1455 4635 1523 4690 τὰ
1550 4635 1607 4689 δὲ
1641 4634 1871 4707 σώματα

297 4736 548 4808 διάφορα,
578 4735 644 4789 ὲκ
669 4733 780 4788 τῶν
812 4730 1070 4792 ἐναντίων
1089 4728 1419 4784 συνεστῶταο
1453 4727 1719 4794 τουτέστι,
1743 4730 1868 4798 γῆς,

371 4872 415 4905 ⁸⁸
445 4871 607 4926 Rom.
635 4886 711 4935 ιι,
741 4869 831 4925 29.

383 4987 460 5054 (η)
504 4989 570 5041 Οἱ
597 4987 711 5054 μὲν
751 4985 1062 5051 Ἕλληνες.
1105 4980 1475 5054 Aristotelem
1496 4979 1879 5054 maxime_sug-

301 5047 459 5135 gillat
493 5066 552 5113 et
577 5047 1034 5135 Peripateticos;
1071 5059 1301 5108 cunctos
1350 5050 1597 5135 denique

301 5123 463 5203 ﬁlios,
498 5126 593 5197 qui
621 5123 906 5203 materiam
922 5123 1036 5203 Deo
1065 5137 1303 5203 coaevam
1330 5128 1649 5203 ponerent)"
1674 5123 1877 5203 ipsaru-

301 5189 411 5272 que
451 5189 773 5272 necessario
822 5194 1216 5272 exsistentem;
1274 5189 1347 5245 ini
1385 5206 1526 5272 quos
1590 5189 1873 5272 .Ch'rysost.

304 5260 412 5326 non
437 5281 548 5323 uno
570 5266 692 5320 loco
722 5264 945 5336 egregie
977 5263 1244 5336 disputat,
1298 5260 1607 5336 acmreliqui
1663 5260 1871 5336 Patres.

303 5326 885 5417 Mirorque~quomvodo
903 5333 986 5389 sic
1013 5326 1194 5414 avide,
1229 5332 1325 5400 qui
1350 5326 1663 5417 ῼΙιτὶεςίεῃε
1715 5326 1874 5381 insti-

306 5410 410 5464 tuti
432 5400 645 5468 sumu‘s,
669 5418 955 5473 unumque
983 5403 1303 5473 noverimus
1326 5401 1389 5453 τὸ
1408 5402 1612 5473 κυρίως
1635 5400 1716 5461 ὃν,
1749 5411 1879 5473 eum

305 5466 519 5535 scilicet
552 5466 648 5545 qui
678 5466 1052 5545 Mosiplocutus
1075 5482 1179 5538 est,
1207 5470 1307 5545 Quj
1332 5478 1409 5545 est
1446 5466 1585 5545 man
1615 5466 1883 5545 m_e_,__Ari-

305 5537 623 5605 stotelicuin
678 5543 829 5603 istud
869 5537 1214 5606 hauriamus,
1267 5539 1584 5595 Substann‘w
1622 5537 1754 5592 nihil
1806 5544 1880 5590 est

307 5616 660 5682 contrarium,
705 5623 897 5670 etnon
939 5613 1113 5683 magis
1165 5626 1292 5667 cum
1336 5610 1570 5683 Maximo
1619 5609 1878 5683 dicimus,

307 5704 432 5747 esse
453 5686 533 5757 illi
563 5679 906 5757 contrarium
938 5679 1054 5738 non
1069 5697 1191 5757 esse
1219 5696 1283 5735 ac
1299 5680 1554 5743 nihilum,
1591 5679 1737 5749 quod
1768 5692 1879 5757 una

308 5756 568 5819 excludat
592 5755 779 5813 divina
805 5755 1080 5821 voluntas,
1105 5754 1283 5824 ipsum
1306 5766 1497 5807 revera
1520 5763 1706 5805 comes
1728 5754 1880 5802 omni

1892 4340 1938 4397 D

2033 3464 2123 3521 29.
2170 3463 2324 3519 Sicut
2354 3462 2564 3518 malum
2597 3462 2728 3518 boni
2762 3463 2998 3533 privatio
3028 3472 3114 3520 est
3134 3505 3149 3529 ,
3180 3471 3235 3519 ει
3285 3466 3541 3536 ignorari.

1963 3554 2039 3610 tia
2086 3553 2324 3625 privatio
2368 3553 2652 3610 scientiae:
2694 3555 2774 3610 sic
2815 3571 3034 3626 quoque
3078 3572 3187 3611 non
3231 3571 3331 3614 ens
3376 3568 3539 3631 atque

1963 3643 2219 3708 nihilum,
2248 3643 2490 3712 privatio
2513 3644 2659 3699 entis
2687 3650 2789 3707 est.
2821 3659 2920 3699 seu
2947 3646 3068 3715 ejus
3095 3646 3240 3715 quod
3269 3657 3384 3714 est;
3430 3666 3541 3706 non

1964 3741 2153 3791 autem
2171 3734 2292 3802 ejus
2311 3734 2461 3802 quod
2482 3742 2568 3789 est
2589 3749 2721 3789 vere
2738 3743 2795 3790 et
2815 3737 3036 3804 proprie
3057 3737 3134 3808 (id
3156 3739 3302 3797 enim
3329 3742 3540 3796 nullum

1966 3821 2305 3877 contrarium
2353 3821 2565 3893 habet),
2590 3823 2687 3878 sed
2735 3824 2883 3892 quod
2929 3825 3078 3880 illius
3122 3827 3542 3898 participatione

1964 3919 2069 3975 est,
2094 3910 2243 3980 quod
2281 3925 2413 3966 vere
2448 3927 2516 3967 ac
2546 3912 2767 3981 proprie
2806 3921 2911 3969 est.
2940 3915 3019 3969 Ac
3045 3916 3290 3985 priorum
3320 3920 3539 3988 quidem

1965 4002 2325 4074 privationes,
2373 4001 2540 4074 432
2582 4011 2890 4060 creatorum
2932 4006 3267 4063 voluntatem
3298 4025 3542 4081 sequun-

1967 4103 2088 4160 tur;
2116 4093 2442 4164 posterioris
2477 4110 2612 4149 vero
2636 4095 2894 4164 privatio,
2927 4096 2983 4150 in
3011 4097 3131 4168 ejus
3166 4100 3261 4168 qui
3297 4103 3544 4158 condidit

1966 4186 2247 4241 voluntate
2274 4185 2515 4256 positum
2549 4196 2668 4252 est;
2706 4187 2803 4256 qui
2835 4202 2899 4242 ea
2944 4203 3052 4257 qua
3094 4190 3264 4258 pollet
3299 4191 3543 4248 bonitate

1964 4292 2054 4332 res
2083 4291 2302 4347 semper
2332 4291 2455 4331 esse
2483 4276 2621 4343 vult,
2659 4286 2715 4332 et
2744 4278 2891 4348 quod
2921 4278 3042 4349 ejus
3069 4287 3154 4333 est
3184 4282 3449 4351 muneris,
3477 4284 3544 4340 ab

1966 4385 2034 4425 eo
2059 4383 2276 4438 semper
2303 4368 2603 4438 suscipere.

2039 4459 2129 4514 '50.
2159 4458 2484 4515 Creatorem
2514 4458 2837 4523 universim,
2862 4460 2967 4515 alia
2997 4470 3126 4518 sunt
3153 4463 3364 4518 ratione
3389 4473 3547 4520 uten-

1966 4544 2043 4600 tia
2067 4552 2124 4601 et
2150 4544 2528 4615 intelligentia,
2557 4547 3074 4621 contrariorumque
3129 4552 3382 4621 capacia;
3412 4564 3546 4624 puta

1968 4637 2195 4691 virtutis
2219 4644 2276 4691 et
2305 4637 2444 4702 vitii,
2477 4637 2830 4708 scientiaeque
2862 4647 2919 4694 et
2946 4640 3300 4710 ignorantiae;
3331 4645 3437 4699 alia
3465 4646 3548 4700 di-

1973 4742 2130 4782 versa
2152 4742 2401 4787 corpora.
2420 4744 2488 4783 ex
2506 4729 2798 4784 contrariis
2816 4731 3135 4800 constituta,
3159 4742 3299 4790 terra
3315 4735 3548 4804 scilicet,

1978 4978 2261 5053 quodest,
2302 4977 2710 5053 uno_duntaxat_
2765 4978 2859 5053 illo
2900 4988 3148 5053 excepto,
3201 4980 3281 5034 uti
3332 4983 3539 5053 excipit

1977 5048 2263 5112 Maximus,
2295 5048 2555 5118 quodest
2586 5048 2787 5118 κυρίως
2827 5048 2883 5100 in
2906 5050 3062 5118 cujus
3095 5052 3405 5105 necessario
3453 5048 3543 5109 es-

1976 5122 2285 5188 sentiaest,
2316 5116 2609 5188 quodest,
2642 5116 2772 5185 quia
2803 5116 2984 5188 unum‘
3026 5133 3056 5171 a
3088 5133 3147 5171 se
3178 5133 3388 5188 ensque
3447 5138 3544 5178 lie-

1975 5187 2277 5243 ccssarium
2300 5197 2414 5251 est;
2438 5187 2649 5254 reliqua
2679 5186 3002 5258 qttod‘sunt,
3030 5189 3150 5258 ejus
3189 5186 3391 5258 habent
3420 5206 3547 5258 par-

1978 5259 2316 5328 ticipatione,
2356 5264 2413 5309 et
2447 5258 2600 5328 quasi
2636 5254 2884 5328 precario
2926 5273 2959 5328 :_
2987 5254 3132 5326 quod
3170 5257 3353 5313 dicere
3385 5254 3550 5315 Maxi-

1977 5324 2130 5382 muin
2162 5342 2270 5381 non
2309 5328 2443 5381 satis
2461 5326 2703 5379 advertit
2727 5324 2894 5379 Gesn.
2932 5324 3061 5379 duin
3104 5330 3422 5382 movendam
3448 5347 3550 5384 vo-

1982 5414 2100 5453 cem
2146 5396 2484 5468 κυρίως-εἰει,
2517 5403 2613 5450 aut
2641 5394 2949 5468 addendam
2984 5405 3268 5468 negantem
3310 5400 3554 5468 particu-

1980 5468 2089 5522 lam
2110 5469 2191 5532 οὑ,
2218 5464 2270 5522 in
2297 5466 2406 5537 illis
2422 5467 2542 5535 ejus
2569 5465 2775 5537 verbis,
2804 5464 2940 5537 ᾁλλὰ
2963 5464 3078 5518 τοῦ
3122 5467 3263 5537 κατὰ
3310 5464 3551 5537 ’μέθεξιν

1978 5538 2071 5590 τοῦ
2100 5538 2306 5608 κυρίως
2334 5536 2515 5608 Δίξντοςς,
2571 5535 2717 5608 quod
2747 5534 2939 5608 etiam
2963 5537 3067 5591 rite
3100 5534 3377 5608 suilixerat
3428 5540 3551 5596 Bill.

1978 5554 2071 5590 του
2100 5551 2306 5608 κυρίως
2342 5551 2515 5599 οντες,
2571 5551 2717 5659 Ἑιοα
2762 5551 2926 5588 etiam
2963 5551 3067 5591 rite
3100 5551 3377 5593 sumxerat
3429 5551 3551 5596 lilii.

1977 5608 2183 5686 thop.
2229 5604 2372 5686 nihil
2388 5605 2551 5686 bene,
2625 5606 2688 5686 ed
2708 5606 2819 5675 ejus
2852 5606 2940 5675 qui
2960 5607 3244 5686 secundum
3267 5610 3562 5682 participa-

1980 5675 2172 5734 tionem
2202 5675 2541 5739 peculiariter
2576 5683 2673 5732 est.
3114 5684 3119 5689 '
