4140 6322
607 365 739 431 1027

1776 362 1837 424 8,
1879 358 2164 420 ΜΑΧΙΜΙ
2205 356 2349 417 CON
2360 359 2714 419 FESSORIS

3736 361 3880 427 1028

599 497 750 548 aere,
782 481 908 553 igne
947 489 1001 536 et
1029 494 1188 550 aqua.
1221 478 1400 547 Atque
1439 477 1545 530 alia
1586 475 1808 544 quidem
1841 472 2067 527 omnino
2108 473 2194 524 in-

2299 475 2481 543 ἀέρος,
2537 475 2729 544 πυρὸς,
2765 473 2953 536 ὕδατος
2981 491 2994 505 ·
3034 474 3128 528 καὶ
3163 473 3230 526 τὰ
3290 471 3390 545 μέν
3451 475 3559 526 εἰσι
3614 475 3883 545 ἀσώματα

599 589 863 645 corporea
895 583 1024 629 sunt
1062 571 1412 640 materiaeque
1440 569 1705 638 expertia,
1741 566 1957 621 tametsi
1989 567 2187 618 borum

600 669 784 738 aliqua
828 666 940 720 sint
969 663 1296 734 corporibus
1330 661 1658 730 conjuncta;
1689 658 1794 712 alia
1830 658 2008 712 solum
2053 670 2187 709 con-

599 763 793 818 stituta
819 775 888 813 ex
915 759 1144 813 materia
1169 767 1224 812 et
1247 760 1442 811 forma.

670 855 758 907 5i.
785 851 961 906 Omne
997 866 1197 920 corpus
1231 856 1427 904 natura
1458 844 1740 903 immobile
1775 851 1862 898 est
1891 858 1904 896 :
1938 851 2192 897 movetur

598 954 787 1000 autem
815 945 884 998 ab
909 943 1113 1006 anima,
1143 944 1342 1012 partim
1377 947 1566 993 utente
1591 937 1825 1000 ratione,
1852 935 2051 1006 partim
2080 949 2191 988 non

599 1047 814 1101 utente,
839 1036 1040 1106 partim
1064 1035 1230 1089 etiam
1257 1048 1367 1086 non
1395 1031 1688 1085 sentiente.

669 1128 758 1181 5‘2.
813 1127 1156 1181 Facultatum
1207 1124 1432 1185 animae,
1483 1121 1590 1174 alia
1633 1118 1958 1173 nutrimenti
2009 1126 2094 1171 est
2138 1123 2195 1170 et

597 1222 899 1292 augmenti,
945 1219 1050 1273 alia
1093 1217 1370 1288 cogitandi
1400 1223 1456 1269 et
1489 1211 1804 1283 appetendi,
1840 1211 1946 1266 alia
1977 1209 2195 1263 utenda:

600 1313 832 1367 rationis
881 1320 938 1366 et
985 1309 1350 1379 intelligendi.
1387 1307 1465 1362 Ac
1500 1305 1666 1376 primi
1711 1304 1934 1374 quidem
1977 1302 2196 1374 generis

599 1407 777 1459 solum
813 1404 1109 1474 participes
1150 1410 1278 1456 sunt
1326 1400 1530 1468 stirpes
1581 1406 1638 1452 et
1681 1397 1914 1464 planta};
1967 1393 2195 1449 secundi

600 1506 884 1565 pneterea,
921 1493 1095 1547 bruta:
1138 1491 1481 1555 animantes;
1518 1489 1665 1542 tertii
1693 1503 1818 1540 cum
1855 1485 2072 1540 duobus
2106 1501 2196 1538 re-

599 1588 788 1657 liquis,
824 1585 1098 1639 homines.
1129 1583 1207 1637 Ac
1232 1583 1445 1652 priores
1473 1580 1696 1649 quidem
1722 1579 1845 1633 duae
1884 1578 2194 1642 facultates,

601 1675 946 1746 corruptioni
988 1674 1238 1730 obnoxiae
1264 1682 1411 1738 sunt,
1441 1671 1602 1728 tertia
1628 1687 1756 1726 vero
1783 1671 1854 1725 ab
1883 1686 1945 1726 ea
1993 1671 2195 1724 immu-

601 1770 687 1823 nis
713 1769 978 1838 probatur
1001 1783 1064 1822 ac
1094 1766 1442 1820 immortalis.

2297 568 2472 636 πάντη
2531 568 2623 620 καὶ
2671 567 2826 630 ἄῦλα,
2885 569 2932 619 εί
2984 568 3075 620 καί
3119 585 3239 620 τινα
3289 567 3491 621 τούτων
3523 568 3883 631 συνέζευκται

2298 658 2514 730 σώμασι
2556 680 2570 693 ο
2601 659 2669 712 τὰ
2697 659 2755 712 δὲ
2790 658 2848 723 ἐξ
2881 659 3012 731 ὕλης
3047 662 3140 713 καὶ
3185 660 3358 723 εἴδους
3401 661 3561 732 μόνον
3614 662 3725 732 ἔχει
3781 667 3880 736 τὴν

2301 753 2581 808 σύστασιν.

2370 847 2469 900 λα’.
2504 848 2688 900 Πάντα
2721 848 2787 901 τὰ
2819 850 3070 917 σώματα,
3104 846 3246 899 κατὰ
3276 847 3437 914 φύσιν
3458 847 3606 900 ἐστὶν
3628 847 3877 917 ἀκίνητα·

2300 944 2533 995 κινεῖται
2566 942 2622 995 δὲ
2652 942 2758 994 ὑπὸ
2788 942 2889 1010 τῆς
2917 941 3096 1011 ψυχῆς
3122 958 3136 973 ·
3167 943 3234 994 τὰ
3263 940 3382 1012 μὲν,
3414 940 3640 1010 λογικῆς
3663 954 3680 970 ⁸
3712 940 3780 993 τά
3801 941 3881 1005 δὲ,

2301 1032 2493 1101 ἀλόγου
2515 1049 2529 1062 ο
2555 1033 2624 1086 τά
2651 1034 2730 1096 δὲ,
2761 1033 3111 1103 ἀναισθήτου.

2370 1125 2470 1197 λβ’.
2499 1126 2620 1179 Τῶν
2652 1126 2898 1197 ψυχικῶν
2926 1125 3216 1196 δυνάμεων
3249 1127 3281 1195 ἡ
3321 1125 3418 1195 μέν
3468 1127 3587 1177 ἐστι
3617 1124 3886 1197 θρεπτικὴ

2302 1219 2396 1272 καὶ
2428 1218 2695 1290 αὐξητικὴ
2725 1236 2738 1248 ·
2773 1221 2804 1289 ή
2838 1218 2895 1271 δὲ
2929 1217 3267 1288 φανταστικὴ
3299 1217 3394 1270 καὶ
3417 1218 3694 1288 όρμητική
3726 1220 3795 1288 ’ἡ
3827 1218 3886 1270 δὲ

2301 1309 2584 1381 λογιστικὴ
2623 1310 2718 1362 καὶ
2750 1311 2997 1382 νοητική.
3043 1311 3152 1362 Καὶ
3177 1308 3277 1378 τῆς
3313 1307 3410 1378 μὲν
3444 1309 3668 1379 πρώτης
3715 1309 3884 1379 μόνης

2306 1400 2591 1472 μετέχουσι
2636 1402 2704 1454 τὰ
2749 1400 2894 1466 φυτά
2921 1417 2936 1432 σ
2985 1401 3084 1470 τῆς
3128 1399 3182 1453 δὲ
3230 1401 3488 1471 δευτέρας
3531 1400 3669 1471 πρὸς
3714 1401 3882 1471 ταύτῃ

2303 1496 2370 1548 τὰ
2402 1495 2572 1564 ἀλογα
2605 1496 2719 1559 ζῶα
2753 1515 2767 1526 ·
2803 1497 2902 1566 τῆς
2925 1496 2982 1549 δὲ
3027 1496 3216 1567 τρίτης
3247 1497 3383 1567 πρὸς
3443 1499 3562 1560 ταῖς
3607 1497 3778 1562 δυσὶν,
3835 1501 3884 1552 οἱ

2303 1584 2601 1656 ἄνθρωποι.
2662 1586 2771 1639 Καὶ
2809 1588 2864 1639 αἱ
2927 1590 3024 1656 μὲν
3070 1586 3163 1639 δύο
3205 1587 3512 1656 δυνάμειςν
3537 1587 3815 1658 φθαρταί·
3852 1594 3884 1657 η

2303 1676 2360 1728 δὲ
2391 1677 2572 1749 τρίτη,
2624 1677 2898 1746 ἄφθαρτος
2929 1680 3023 1733 καὶ
3051 1677 3317 1742 ἀθάνατος
3338 1678 3742 1735 ἀποδείκνυται.

671 1835 760 1915 55.
809 1861 1022 1915 Sanctae
1051 1859 1298 1914 Virtutes
1330 1866 1444 1912 tum
1492 1857 1615 1912 aliae
1648 1857 1803 1921 alias,
1837 1863 1951 1910 tum
1999 1854 2193 1908 huma-

2369 1835 2470 1904 λγ’.
2505 1837 2790 1909 Ἀλλήλαις
2843 1837 3220 1909 μεταδιδοῦσαι
3272 1837 3555 1906 φωτισμοῦ
3616 1839 3673 1891 αἱ
3730 1838 3886 1906 ἆγιαι

603 1969 730 2008 nam
775 1963 1029 2008 naturam
1065 1952 1460 2015 illuminantes,
1515 1959 1610 2004 aut
1658 1965 1755 2005 sua
1802 1947 2197 2018 impartiuntur

602 2048 828 2111 virtute,
853 2053 948 2099 aut
969 2061 1075 2114 qua
1106 2045 1315 2114 pollent
1345 2042 1592 2097 scientia.
1621 2044 1697 2095 Ac
1717 2041 1921 2095 virtute
1948 2039 2194 2109 quidem,

603 2137 755 2191 velut
791 2137 992 2191 divina:
1021 2135 1186 2190 simili
1219 2133 1484 2199 bonitate,
1513 2149 1622 2203 qua
1668 2142 1783 2187 tum
1819 2132 2044 2201 seipsas,
2080 2139 2195 2183 tum

602 2228 725 2281 alia:
753 2227 907 2290 alias,
941 2243 1006 2281 ac
1042 2226 1331 2280 inferiores
1357 2225 1731 2289 demerentur,
1761 2223 2049 2279 efﬁciendo
2075 2221 2195 2276 dei-

605 2319 808 2373 formes
835 2336 848 2372 :
879 2319 1110 2373 scientia
1135 2333 1286 2382 vero,
1313 2306 1410 2372 aut
1434 2318 1501 2372 de
1528 2318 1642 2372 Deo
1664 2317 1954 2372 sublimius
1989 2315 2196 2385 aliquid

603 2411 945 2483 detegendo;
975 2412 1048 2466 Tu
1072 2412 1240 2479 enim,
1269 2411 1468 2480 inquit,
1498 2409 1802 2465 Altissimus
1828 2411 1884 2464 in
1913 2417 2193 2475 internum,

603 2503 827 2556 Domine
855 2503 935 2569 3‘;
969 2512 1066 2557 aut
1107 2502 1178 2558 de
1209 2503 1535 2572 corporibus
1573 2501 1935 2572 profundius,
1986 2509 2080 2554 aut
2128 2499 2197 2555 de

605 2595 944 2664 incorporeis
989 2596 1298 2665 animisque
1345 2595 1572 2661 certius,
1614 2603 1709 2649 aut
1741 2593 1811 2650 de
1849 2594 2198 2665 providentia

603 2685 826 2751 clarius,
861 2695 957 2740 aut
991 2687 1059 2740 de
1078 2686 1290 2758 judicio
1321 2687 1589 2756 apertius.

677 2778 766 2832 54.
807 2779 1004 2834 Mentis
1057 2780 1346 2848 impuritas
1392 2795 1456 2834 ea
1505 2787 1590 2834 est
1637 2780 1817 2850 primo
1859 2781 2002 2845 loco,
2049 2780 2198 2851 quod

603 2869 796 2924 falsam
829 2869 1198 2940 cognitionem
1248 2870 1488 2925 habeat:
1519 2878 1634 2924 tum
1681 2886 1832 2936 vero,
1877 2873 2026 2941 quod
2070 2873 2196 2926 uni-

602 2951 898 3012 versalium
941 2957 1149 3027 aliquid
1179 2957 1389 3012 nesciat
1433 2958 1603 3030 (quod
1635 2958 1845 3014 scilicet
1888 2959 1955 3013 ad
2001 2961 2198 3015 huma-

602 3065 729 3104 nam
773 3057 1013 3104 mentem
1049 3049 1266 3114 attinet,
1315 3050 1492 3120 angeli
1523 3050 1670 3104 enim
1717 3051 1958 3120 partium
1985 3062 2090 3115 est,
2133 3065 2198 3108 ac

604 3138 900 3204 facultatis,
937 3146 999 3192 ut
1050 3153 1119 3192 ne
1157 3139 1520 3209 Singularium
1571 3141 1796 3209 quidem
1833 3142 2042 3211 aliquid
2093 3160 2194 3198 ne-

603 3225 762 3294 sciat)
792 3245 804 3279 :
839 3227 1004 3281 tertio
1033 3235 1239 3292 autem,
1273 3228 1420 3297 quod
1447 3229 1581 3284 vitio
1612 3229 1886 3286 haerentes
1915 3248 1978 3286 ac
2007 3233 2193 3288 libidi-

603 3317 828 3372 dinosas
871 3317 1230 3387 cogitationes
1275 3317 1477 3373 habeat
1503 3337 1518 3374 :
1545 3329 1745 3390 quarto
1773 3321 2017 3391 demum,
2049 3325 2197 3394 quod

604 3417 830 3477 peccato
861 3422 1190 3462 consensum
1227 3409 1490 3478 prebeat.

675 3498 765 3552 55.
801 3498 1012 3553 Anima:
1043 3499 1332 3570 impuritas
1360 3510 1464 3569 est,
1495 3517 1606 3557 non
1648 3503 1729 3559 sic
1756 3506 1996 3576 operari,
2029 3514 2090 3561 ut
2117 3508 2196 3563 illi

599 3605 671 3644 ex
702 3599 900 3644 natura
926 3602 1302 3660 comparatum
1329 3602 1432 3648 est.
1467 3594 1598 3649 Inde
1627 3596 1776 3651 enim
1812 3597 1868 3651 in
1898 3597 2083 3654 animo
2111 3604 2195 3672 gi-

602 3690 849 3752 gnuntur
890 3683 1202 3739 libidinosae
1241 3686 1603 3757 cogitationes
1650 3705 1716 3745 ac
1755 3689 1986 3746 vitiosae.
2041 3691 2197 3750 Tunc

600 3774 751 3829 enim
785 3783 848 3828 ut
875 3784 1087 3830 naturae
1123 3785 1560 3835 consentaneum
1609 3789 1695 3837 est
1721 3791 2003 3852 Operatur,
2032 3782 2195 3858 433

601 3882 727 3922 cum
755 3867 1010 3937 patibiles
1070 3871 1192 3939 ejus
1233 3870 1522 3928 facultates
1562 3874 1668 3946 (ira
1709 3875 1921 3932 scilicet
1948 3887 2004 3932 et
2036 3881 2194 3950 cupi-

600 3958 764 4030 ditas)
797 3959 1021 4014 incursu
1060 3974 1267 4026 rerum,
1299 3961 1464 4032 inque
1493 3963 1604 4018 illis
1643 3966 1922 4020 rationum
1955 3977 2012 4022 et
2047 3971 2197 4040 cogi-

603 4051 892 4114 tationum,
921 4051 1229 4106 manserint
1249 4067 1279 4106 a
1302 4052 1532 4109 libidine
1553 4069 1618 4109 ac
1643 4057 2062 4125 perturbatione
2087 4061 2193 4115 im-

602 4157 821 4197 munes.

672 4231 760 4286 56.
809 4231 1071 4303 Corporis
1101 4234 1393 4304 impuritas
1421 4244 1526 4302 est,
1565 4246 1854 4307 peccatum
1887 4240 2037 4311 quod
2075 4241 2193 4313 ipso

597 4331 724 4378 actu
752 4333 918 4395 atque
945 4341 1111 4395 opere
1143 4337 1412 4397 patratur.

670 4417 758 4471 57.
808 4419 1060 4484 Quietem
1095 4419 1274 4491 diligit
1319 4437 1382 4476 ac
1427 4423 1817 4494 solitudinem,
1860 4427 1956 4498 qui
2005 4428 2191 4483 saeculi

2299 1929 2569 1998 Δυνάμεις
2599 1946 2613 1959 ·
2648 1930 2744 1984 καὶ
2769 1932 2836 2001 τῇ
2877 1929 3196 2002 ἀνθρωπίνῃ
3240 1933 3418 1998 φύσει,
3471 1930 3504 2000 ἢ
3548 1930 3648 1998 τῆς
3706 1930 3885 1982 αὐτῶν

2297 2022 2500 2093 ἀρετῆς
2520 2023 2923 2093 μεταδιδόασιν,
2957 2023 2990 2094 ἢ
3030 2023 3133 2094 τῆς
3163 2024 3220 2075 ὲν
3249 2024 3438 2086 αὐταῖς
3467 2021 3743 2092 γνώσεως.
3775 2023 3888 2075 Καὶ

2299 2112 2504 2182 ἀρετῆς
2558 2116 2679 2184 μὲν,
2721 2109 2835 2167 οἷον
2883 2115 3219 2185 θεομιμήτου
3262 2114 3620 2183 ἀγαθότητος,
3664 2113 3789 2167 καθ’
3822 2116 3886 2184 ἣν

2297 2205 2396 2260 καὶ
2429 2205 2649 2271 ἑαυτὰς,
2703 2207 2799 2259 καὶ
2851 2205 3109 2276 ἀλλήλας,
3165 2207 3262 2259 καὶ
3316 2207 3418 2269 τὰς
3478 2206 3886 2274 ὑποϐεϐηκυὶας

2297 2299 2668 2370 εὐεργετοῦσι,
2699 2299 2952 2362 θεοειδεῖς
2983 2299 3347 2369 ἐργαζόμεναι
3376 2315 3390 2328 ·
3424 2301 3683 2368 γνώσεως
3715 2300 3794 2363 δὲ,
3851 2301 3883 2370 ἢ

2297 2392 2426 2464 περὶ
2454 2391 2590 2445 Θεοῦ
2610 2409 2663 2446 τι
2692 2392 3025 2463 ὑψηλότερον
3053 2409 3066 2422 ·
3109 2392 3193 2446 Σὺ
3215 2397 3344 2465 γὰρ,
3369 2397 3555 2464 φησὶν,
3585 2394 3888 2462 ’Ὑψίστας

2297 2487 2384 2550 εἰς
2418 2484 2526 2537 τὸν
2557 2481 2765 2548 αἰῶνα,
2812 2485 2989 2551 Κύριε
3024 2497 3036 2511 ·
3076 2483 3108 2554 ἢ
3147 2483 3277 2554 περὶ
3313 2483 3605 2552 σωμάτων,
3652 2484 3886 2553 βαθύτε-

2301 2593 2392 2646 ρον
2422 2576 2491 2646 ·ἢ
2529 2576 2660 2646 περὶ
2691 2575 3024 2645 ἀσωμάτων,
3055 2575 3448 2648 ἀκριϐέστερον
3477 2594 3490 2609 ο
3521 2578 3552 2646 ἢ
3588 2577 3720 2647 περὶ
3751 2595 3886 2647 προ-

2298 2669 2467 2732 νοίας,
2504 2667 2828 2738 τρανότερον
2859 2683 2871 2695 ·
2898 2666 2932 2737 ἢ
2958 2666 3088 2737 περὶ
3117 2667 3378 2737 κρίσεως,
3419 2667 3774 2738 σαφέστερον.

2367 2772 2460 2826 λδ’.
2493 2772 2630 2835 Νοός
2664 2775 2779 2825 ὲστι
2804 2771 3138 2843 ἀκαθαρσία,
3195 2773 3413 2842 πρῶτον
3447 2774 3564 2844 μὲν,
3596 2775 3656 2826 τὸ
3685 2774 3887 2843 γνῶσιν

2297 2861 2444 2932 ἔχειν
2471 2861 2644 2930 ψευδῆ
2670 2877 2684 2890 ·
2710 2861 2964 2933 δεύτερον
2989 2863 3066 2925 δὲ,
3104 2862 3165 2914 τὺ
3191 2865 3406 2930 ἀγνοεῖν
3429 2883 3483 2916 τι
3507 2865 3615 2916 τῶν
3632 2865 3886 2919 καθόλου·

2297 2953 2373 3016 ὼς
2413 2952 2550 3022 πρὸς
2594 2951 2937 3024 ἀνθρώπινον
2966 2953 3090 3006 νοῦν
3123 2953 3266 3022 λέγω
3289 2972 3303 2986 ο
3347 2955 3579 3024 ἀγγέλου
3629 2957 3738 3026 γάρ
3768 2960 3890 3011 ἐστι

2297 3045 2357 3098 τὸ
2413 3045 2577 3115 μηδὲν
2620 3044 2730 3098 τῶν
2785 3046 2880 3098 ἐπὶ
2926 3045 3126 3117 μέρους
3183 3049 3438 3114 ἀγνοεῖν
3502 3048 3685 3116 τρίτον
3714 3049 3794 3113 δὲ,
3832 3051 3892 3103 τὸ

2297 3138 2566 3208 ἐμπαθεῖς
2625 3137 2767 3208 ἔχειν
2796 3137 3090 3210 λογισμούς
3119 3139 3252 3213 (25)*
3282 3139 3539 3211 τέταρτον
3568 3141 3648 3209 δὲ,
3676 3130 3738 3196 τὸ
3760 3157 3893 3212 συγ-

2301 3229 2686 3284 κατατίθεσθαι
2706 3234 2772 3302 τῇ
2795 3231 3063 3304 ἁμαρτίᾳ.

2373 3493 2470 3546 λε’.
2502 3493 2699 3563 Ψυχῆς
2734 3494 2883 3548 ἐστιν
2919 3494 3254 3567 ἀκαθαρσία,
3282 3495 3342 3549 τὸ
3367 3495 3442 3568 μὴ
3468 3497 3712 3568 ἐνεργεῖν
3741 3499 3894 3552 κατά

2297 3583 2459 3654 φύσιν
2483 3585 2616 3657 (24).
2653 3587 2748 3639 Ἐκ
2767 3586 2956 3640 τούτου
2990 3587 3096 3658 γάρ
3124 3588 3399 3642 τίκτονται
3422 3589 3501 3660 τῷ
3524 3589 3600 3661 νῷ
3625 3593 3672 3643 οί
3700 3593 3892 3661 ἐμπα-

2298 3678 2410 3743 θεῖς
2438 3679 2708 3750 λογισμοί.
2737 3680 2869 3734 Τότε
2902 3680 3012 3754 γάρ
3045 3682 3186 3735 κατὰ
3221 3682 3384 3752 φύσιν
3407 3685 3641 3755 ἐνεργεῖ,
3669 3685 3802 3739 ὅταν
3836 3687 3891 3738 αῖ
3919 3680 3921 3682 ’

2297 3769 2600 3841 παθητικαὶ
2622 3771 2792 3843 αὐτῆς
2816 3772 3074 3844 δυνάμεις
3106 3792 3120 3807 ⁸
3154 3778 3182 3829 ό
3207 3774 3380 3848 θυμὸς
3406 3776 3550 3845 λέγω
3575 3778 3669 3831 καὶ
3699 3779 3731 3848 ή
3756 3779 3889 3831 ἑπι-

2297 3863 2495 3934 θυμία,
2532 3865 2590 3917 ὲν
2625 3866 2693 3936 τῇ
2714 3865 2821 3919 τῶν
2870 3869 3215 3939 πραγμάτων
3266 3871 3363 3923 καὶ
3416 3870 3528 3926 τῶν
3583 3870 3642 3924 ἐν
3695 3871 3889 3935 αὐτοῖς

2294 3958 2584 4030 νοημάτων
2621 3958 2884 4032 προϐολῇ,
2922 3960 3155 4026 ἀπαθεῖς
3181 3961 3521 4034 διαμείνωσι.

2367 4236 2477 4302 λς’.
2526 4237 2789 4310 Σώματός
2831 4238 2982 4293 ἔστιν
3027 4236 3354 4311 ἀκαθαροία,
3391 4237 3424 4295 ἡ
3452 4241 3572 4294 κατ’
3595 4238 3885 4310 ἐνέργειαν

2295 4330 2560 4404 ἁμαρτία.

2365 4424 2462 4488 λζ’.
2507 4424 2722 4494 Ἀγαπᾷ
2769 4423 2998 4494 ἡσυχίαν
3038 4426 3066 4478 ὁ
3113 4424 3188 4496 μὴ
3230 4425 3456 4497 πάσχων
3502 4424 3640 4497 πρὸς
3677 4426 3749 4479 τὰ
3788 4425 3880 4479 τοῦ

597 4509 766 4565 rebus
791 4526 898 4564 non
935 4511 1172 4565 aﬂicitur
1199 4530 1211 4565 :
1248 4529 1549 4585 omnesque
1586 4517 1838 4574 homines
1868 4521 2065 4591 diligit,
2093 4523 2188 4591 qui

2298 4515 2502 4585 κόσμου
2534 4531 2548 4545 ·
2617 4515 2712 4568 καλ⁵
2763 4517 2951 4588 ἀγαπᾷ
2999 4517 3207 4582 πάντας
3261 4517 3658 4589 ἀνθρώπο’.›ς“ό
3711 4521 3881 4589 μηδὲν

600 4603 807 4655 nullam
840 4602 1017 4672 diligit
1045 4604 1410 4659 humanarum
1442 4623 1625 4662 rerum
1657 4627 1669 4663 :
1703 4611 1912 4680 Deique
1937 4629 2001 4668 ac
2039 4613 2187 4668 divi-

599 4708 798 4747 norum
829 4693 998 4763 pollet
1031 4695 1282 4762 scientia,
1316 4699 1409 4767 qui
1456 4699 1513 4752 in
1558 4701 1711 4754 nullo
1744 4702 2064 4770 oll'cnditur,
2101 4704 2189 4758 vel

600 4792 824 4855 propter
869 4786 1089 4852 delicta,
1130 4789 1217 4843 vel
1263 4798 1490 4860 propter
1540 4793 1900 4863 cogitationes
1949 4813 2071 4867 quae
2123 4815 2191 4854 ex

597 4878 914 4948 suspicione
944 4890 1268 4937 nascuntur.

667 4969 756 5024 58.
805 4969 1058 5040 Magnum
1106 4971 1330 5040 quidem
1381 4978 1486 5037 est,
1536 4971 1688 5025 nulla
1744 4975 1910 5029 rebus
1959 4977 2189 5033 libidine

598 5058 773 5126 allici;
802 5070 857 5116 at
892 5063 1052 5133 longe
1080 5062 1185 5116 hoc
1219 5064 1415 5133 majus,
1450 5079 1642 5118 earum
1687 5065 1852 5119 etiam
1898 5069 2190 5139 cogitatio—

597 5152 782 5218 nibus,
810 5168 842 5206 a
872 5153 1104 5209 libidine
1138 5153 1438 5209 immunem
1471 5154 2042 5228 imperturbatumque
2076 5176 2191 5216 ma-

599 5262 756 5302 nere.

665 5340 755 5396 59.
787 5339 1038 5397 Charitas
1065 5352 1122 5397 et
1147 5342 1512 5408 continentia,
1546 5343 1792 5398 animum
1820 5345 2190 5415 imperturba-

598 5439 713 5486 tum
742 5449 871 5504 erga
905 5450 993 5489 res
1026 5449 1323 5504 rerumque
1353 5434 1714 5506 cogitationes
1743 5437 2085 5492 custodiunt.

665 5608 758 5662 40.
793 5609 922 5664 Pius
962 5613 1176 5667 animus
1210 5628 1273 5668 ac
1306 5612 1614 5681 religiosus,
1653 5629 1763 5668 non
1801 5614 2066 5671 adversus
2101 5635 2188 5673 res

669 5793 714 5827 ⁶²
747 5791 890 5849 Psal.
923 5805 1026 5859 xei,
1058 5792 1111 5847 9.

2295 4607 2525 4674 ἀγαπῶν
2565 4606 2905 4677 ἀνθρώπινον
2932 4623 2946 4639 ο
2985 4609 3080 4662 καὶ
3114 4611 3314 4676 γνῶσιν
3344 4609 3454 4679 ἔχει
3485 4609 3620 4662 Θεοῦ
3655 4611 3747 4662 καί
3775 4611 3879 4663 τῶν

2296 4697 2477 4763 θείων,
2523 4700 2549 4751 ὁ
2589 4699 2666 4770 μὴ
2705 4700 3194 4772 σκανδαλιζόμενος
3227 4702 3306 4764 είς
3329 4720 3470 4767 τινα,
3508 4703 3617 4755 εἴτε
3651 4703 3739 4756 διὰ
3776 4721 3879 4757 πα-

2301 4789 2661 4860 ραπτώματα,
2690 4791 2798 4844 εἴτε
2829 4791 2918 4845 διὰ
2950 4793 3242 4863 λογισμοὺς
3274 4795 3332 4860 ἐξ
3362 4794 3639 4858 ὑπονοίας.

2365 4958 2468 5029 λη’.
2497 4959 2657 5028 Μέγα
2690 4961 2788 5028 μὲν
2809 4961 2869 5014 τὺ
2893 4961 2968 5031 μὴ
2997 4961 3226 5032 πάσχειν
3271 4963 3408 5034 πρὸς
3444 4963 3512 5016 τὰ
3555 4938 3876 5036 πράγματα·

2302 5049 2487 5118 μεῖζον
2522 5051 2579 5102 δὲ
2610 5050 2801 5104 τούτου
2827 5051 3029 5123 πολλῷ,
3065 5053 3125 5106 τὸ
3151 5054 3288 5124 πρὸς
3311 5055 3380 5108 τά
3408 5055 3614 5109 τούτων
3635 5058 3876 5127 νοήματα

2299 5139 2484 5210 ἀπαθῆ
2506 5140 2799 5210 διαμεῖναι.

2361 5339 2460 5395 λθ’.
2504 5339 2720 5411 Ἀγάπη
2743 5341 2838 5394 καὶ
2857 5342 3154 5412 ἐγκράτεια
3207 5343 3393 5415 ἀπαθῆ
3419 5343 3510 5397 τὸν
3538 5343 3664 5398 νοῦν
3696 5345 3880 5414 διατη-

2291 5433 2444 5504 ροῦσι
2465 5433 2600 5504 πρός
2624 5451 2683 5486 τε
2710 5434 2777 5487 τὰ
2798 5435 3119 5505 πράγματα,
3149 5437 3242 5489 καὶ
3269 5435 3404 5508 πρὸς
3432 5435 3498 5488 τά
3528 5436 3733 5490 τούτων
3761 5437 3878 5506 νοή-

2291 5544 2458 5594 ματα.

2364 5615 2435 5688 μ’.
2469 5617 2542 5669 Οὐ
2579 5615 2715 5687 πρὸς
2741 5616 2807 5670 τά
2845 5617 3148 5688 πράγματα
3177 5620 3205 5672 ὁ
3236 5617 3360 5681 νοῦς
3388 5619 3618 5690 πολεμεῖ
3650 5620 3744 5674 τοῦ
3772 5618 3879 5674 θεο-
