4084 6332
316 386 336 451 l
348 389 448 453 029

1166 371 1503 436 CAPITUM
1537 369 1634 428 DE
1675 361 2108 426 CIIARITATE
2143 361 2530 423 CENTURIA
2571 365 2688 425 III.

3440 370 3576 439 1030

313 498 523 569 φιλοῦς,
554 496 674 549 οὐδὲ
703 493 842 565 πρὸς
866 492 932 546 τὰ
956 491 1160 545 τούτων
1192 488 1439 557 νοήματα
1465 501 1476 514 ·
1509 480 1646 536 ἀλλὰ
1669 478 1805 550 πρὸς
1828 477 1891 530 τὰ

1996 483 2221 546 pugnat,
2257 483 2353 530 aut
2386 493 2571 532 rerum
2603 478 2966 548 cogitationes
3002 497 3015 534 :
3061 482 3156 537 sed
3191 482 3458 541 adversus
3491 491 3575 543 at”-

313 589 458 659 πάθη
505 587 576 640 τὰ
621 587 734 648 τοῖς
772 585 1005 655 νοήμασι
1049 577 1468 647 συνεζευγμένα.
1494 570 1639 636 υἷον,
1663 573 1725 625 οὐ
1757 569 1890 641 πρὸς

310 683 408 750 τὴν
439 681 672 748 γυναῖκα
732 678 980 747 πολεμεῖ,
1036 673 1154 728 οὐδὲ
1215 670 1352 741 πρὸς
1407 668 1498 721 τὸν
1549 666 1888 735 λυπήσαντα,

311 772 431 824 οὐδὲ
463 771 596 840 πρὸς
622 769 722 832 τὰς
743 768 947 822 τούτων
969 764 1266 835 φαντασίας
1291 779 1303 792 ·
1337 759 1472 814 ἀλλὰ
1494 757 1628 828 πρὸς
1649 757 1716 810 τὰ
1742 755 1891 824 πάθη

310 861 379 914 τὰ
410 863 530 923 ταῖς
560 857 883 930 φαντασίαις
913 852 1333 924 συνεζευγμένα.

386 1045 495 1109 μα’.
553 1037 737 1098 ’Δπας
779 1036 807 1087 6
862 1033 1095 1101 πόλεμος
1148 1029 1242 1083 τοῦ
1294 1023 1530 1097 μοναχοῦ
1579 1022 1713 1093 πρὸς
1764 1021 1895 1082 τοὺς

310 1132 571 1199 δαίμονας
597 1169 611 1193 ,
659 1128 747 1180 ἵνα
784 1126 854 1178 τά
881 1124 1026 1193 πάθη
1050 1123 1158 1175 τῶν
1193 1119 1480 1190 νοημάτων
1503 1115 1734 1186 χωρίσῃ.
1766 1111 1894 1164 Ἀλ-

311 1223 416 1284 λως
462 1220 570 1289 γάρ
619 1216 844 1279 ἀπαθῶς
877 1216 946 1269 τὰ
977 1214 1278 1284 πράγματα
1310 1210 1528 1282 βλέπειν
1549 1207 1610 1260 οὐ
1645 1206 1890 1259 δύναται.

387 1395 495 1465 μβ⁹.
518 1394 678 1446 ’Ἄλλο
710 1391 827 1445 ἐστὶ
851 1393 1103 1462 πρᾶγμα,
1135 1389 1230 1442 καὶ
1259 1388 1385 1442 ἄλλο
1412 1386 1607 1456 νόημα,
1648 1385 1742 1438 καὶ
1765 1383 1894 1438 ἄλλο

316 1486 506 1550 πάθος.
571 1487 680 1539 Καὶ
729 1486 963 1554 πρᾶγμα
1007 1483 1104 1553 μέν
1148 1483 1296 1534 ἐστιν
1325 1521 1338 1545 ,
1376 1477 1508 1543 οἷον,
1541 1479 1700 1548 ἀνὴρ,
1730 1477 1890 1545 γυνὴ,

314 1581 532 1651 χρυσδς.
562 1579 654 1631 καὶ
688 1578 755 1631 τὰ
789 1577 931 1646 ἑξῆς.
967 1576 1162 1646 Νόημα
1200 1575 1256 1627 δὲ
1283 1616 1297 1639 ,
1347 1571 1479 1636 οἷον,
1523 1571 1709 1642 μνήμη
1761 1569 1892 1639 ψιλή

313 1687 453 1732 τινος
477 1668 585 1721 τῶν
607 1667 1041 1738 προειρημένων.
1068 1666 1242 1729 Πὰθος
1260 1665 1336 1731 δὲ,
1360 1660 1490 1728 οἷον,
1510 1661 1660 1731 φιλία
1676 1661 1891 1728 ἄλογος,

315 1759 347 1829 ἢ
391 1761 547 1830 μῖσος
595 1759 815 1829 ἄκριτόν
858 1775 1000 1821 τινος
1023 1758 1131 1811 τῶν
1163 1755 1597 1828 προειρημένων.
1629 1753 1771 1826 Πρὸς
1800 1747 1892 1806 οὖν

313 1851 376 1904 τὸ
405 1849 576 1914 πάθος
605 1851 722 1904 ἐστὶ
747 1850 841 1903 τοῦ
873 1849 1108 1920 μονοιχοῦ
1145 1852 1179 1921 ἡ
1215 1849 1384 1919 μάχη.

389 2127 498 2198 μγ’.
548 2125 749 2198 Νόημά
773 2125 888 2178 ἐστι
919 2123 1182 2195 ἐμπαθὲς,
1208 2122 1466 2193 λογισμὸς
1497 2119 1750 2182 σύνθετος
1780 2119 1888 2172 ἀπδ

316 2218 523 2282 πάθους
558 2217 653 2271 καὶ
687 2217 976 2287 νοήματος.
1013 2213 1354 2285 Χωρίσωμεν
1376 2213 1439 2267 τὸ
1467 2211 1638 2274 πάθος
1661 2210 1770 2264 ἀπὸ
1793 2207 1887 2262 τοῦ

316 2314 604 2384 νοήματος,
632 2310 727 2364 καὶ
772 2307 1038 2378 ἀπομένει
1083 2307 1112 2358 6
1137 2304 1397 2376 λογισμὸς
1443 2303 1616 2373 ψιλός.
1645 2298 1889 2371 Χωρίζο-

318 2421 416 2474 μεν
444 2403 501 2456 δὲ
531 2401 599 2456 δι’
629 2400 849 2471 ἀγάπης
880 2397 1254 2469 πνευματικῆς
1287 2393 1382 2448 καὶ
1413 2391 1763 2464 ἐγκρατείας,
1793 2390 1888 2444 ἐὰν

316 2494 578 2565 θέλωμεν.

389 2664 491 2734 μδν.
547 2665 614 2717 At
669 2661 767 2733 μὲν
820 2660 1032 2732 ἀρεταὶ,
1073 2658 1186 2713 τῶν
1219 2656 1408 2712 παθῶν
1442 2655 1532 2709 τὸν
1570 2654 1695 2708 νοῦν
1727 2654 1891 2724 χωρί-

317 2755 498 2820 ζουσιν
526 2771 540 2785 ο
576 2753 630 2806 αἱ
666 2752 723 2803 δὲ
757 2749 1128 2820 πνευματικαὶ
1155 2746 1396 2818 θεωρίαι,
1428 2745 1536 2799 τῶν
1565 2744 1734 2814 ψιλῶν
1764 2762 1892 2815 νοη-

215 2835 220 2838 “
320 2847 502 2915 μάτων
533 2861 547 2874 ·
579 2845 613 2914 ὴ
653 2843 710 2895 δὲ
757 2841 972 2912 καθαρά
1022 2838 1298 2911 προσευχὴ
1351 2837 1499 2907 αὐτῷ
1537 2836 1703 2910 αὑτὸν
1749 2852 1892 2906 παρ-

320 2933 528 3001 ίστησιν
559 2929 639 3001 τῷ
666 2929 805 2999 Θεῷ.

389 3030 494 3094 με’.
521 3023 588 3077 Αἱ
613 3023 710 3094 μὲν
732 3020 946 3093 ἀρεταὶ,
971 3020 1058 3074 διὰ
1078 3019 1176 3091 τὴν
1205 3018 1406 3088 γνῶσιν
1432 3017 1542 3071 τῶν
1571 3016 1890 3086 γεγονότων·

1918 1817 1966 1875 Β

1990 566 2168 638 fectus
2193 582 2258 622 ac
2295 569 2576 635 libidines,
2609 586 2731 639 qua
2761 571 2870 625 illis
2899 573 3205 644 conjunctae
3239 587 3386 632 sunt.
3416 581 3575 645 Puta,

1990 675 2102 714 non
2129 677 2254 716 cum
2289 663 2518 716 muliere
2551 668 2776 733 pugnat,
2808 663 2895 718 vel
2927 679 3050 719 eum
3084 682 3151 720 eo
3175 669 3272 736 qui
3311 670 3443 726 fecit
3489 673 3576 727 in-

1985 747 2209 818 juriam,
2241 765 2344 804 nec
2384 765 2510 804 cum
2543 767 2737 805 eorum
2771 753 3190 811 obversantibus
3219 759 3402 813 animo
3427 764 3578 833 cogi-

1992 839 2218 902 tatibus,
2265 841 2362 894 sed
2409 856 2534 896 cum
2581 842 2894 910 aﬂ‘ectibus,
2940 861 3080 915 quos
3125 848 3204 902 illi
3255 853 3580 922 conjunctos

1993 930 2200 985 habent

2063 1021 2152 1075 41.
2188 1022 2321 1076 Belli
2369 1031 2481 1078 tota
2512 1027 2596 1080 vis
2637 1027 2905 1082 adversus
2954 1029 3232 1087 daemones
3277 1032 3334 1087 in
3367 1050 3435 1089 eo
3476 1036 3578 1091 sita

1992 1121 2077 1168 est
2107 1115 2397 1178 monache,
2428 1125 2490 1170 ut
2529 1119 2759 1173 affectus
2784 1135 2846 1174 ac
2875 1120 3136 1176 libidines
3166 1139 3196 1177 a
3222 1127 3421 1180 mentis
3448 1142 3581 1180 eon-

1994 1204 2247 1273 ceptibus
2272 1215 2509 1274 separet.
2536 1209 2684 1263 Alias
2714 1209 2861 1263 enim
2894 1226 2984 1265 res
3016 1212 3222 1282 absque
3255 1215 3486 1272 libidine
3513 1232 3581 1274 ac

1993 1293 2412 1363 perturbatione
2446 1296 2635 1351 videre
2669 1314 2778 1352 non
2817 1309 3018 1368 potest.

2063 1385 2153 1438 42.
2197 1384 2359 1439 Aliud
2407 1395 2493 1440 est
2539 1403 2648 1450 res,
2682 1389 2832 1442 aliud
2878 1392 3047 1445 animi
3081 1402 3398 1464 conceptus,
3427 1396 3577 1451 aliud

1993 1477 2224 1532 affectus
2264 1493 2360 1532 seu
2404 1479 2596 1534 libido.
2627 1480 2705 1534 Ac
2732 1483 2954 1551 quidem
2997 1500 3084 1539 res
3126 1495 3229 1550 est,
3258 1489 3428 1542 veluti
3468 1490 3575 1555 vir,

1994 1569 2218 1633 femina,
2256 1587 2476 1635 aurum,
2501 1587 2565 1626 ac
2595 1574 2825 1643 reliqua.
2861 1575 3043 1630 Animi
3074 1588 3390 1646 conceptus,
3422 1589 3576 1650 puta,

1993 1661 2298 1731 cujuspiam
2336 1678 2526 1716 eorum
2557 1681 2678 1733 qua:
2714 1665 2858 1720 dicta
2885 1675 3032 1731 sunt,
3065 1669 3212 1723 nuda
3235 1671 3579 1742 simplexque

1993 1754 2278 1807 memoria.
2330 1754 2575 1810 Aﬂ‘ectus
2625 1766 2808 1812 autem
2855 1773 2951 1813 seu
2999 1760 3194 1827 libido,
3230 1764 3382 1817 velut
3423 1780 3580 1820 amor

1993 1844 2207 1898 alienus
2233 1859 2265 1898 a
2299 1845 2530 1910 ratione,
2558 1847 2644 1900 vel
2674 1847 2863 1901 odium
2887 1849 3097 1919 judicio
3123 1851 3353 1907 rationis
3382 1868 3579 1909 carens

1987 1935 2219 2005 alicujus
2266 1935 2559 1991 dictorum.
2611 1938 2876 1994 Monacho
2927 1941 3096 2010 igitur
3129 1942 3394 1997 adversus
3437 1945 3575 1999 απο-

1988 2035 2136 2081 ctum
2163 2042 2225 2082 ac
2251 2027 2538 2082 libidinem
2567 2029 2836 2086 incumbit
2863 2034 3236 2101 pugnandum.

2055 2117 2146 2170 45.
2185 2110 2388 2171 Vitiosa
2435 2117 2840 2189 libidinosaque
2875 2123 3077 2177 mentis
3121 2126 3433 2195 conceptio,
3477 2141 3574 2183 co-

1988 2205 2178 2276 gitatio
2200 2215 2285 2262 est
2317 2209 2618 2277 composita
2643 2225 2711 2264 ex
2735 2211 2964 2267 libidine
3007 2229 3106 2268 seu
3148 2216 3370 2282 aﬂ‘ectu,
3414 2234 3574 2274 men-

1990 2297 2170 2368 tisque
2196 2298 2286 2353 illa
2309 2301 2688 2370 conceptione.
2722 2303 3052 2372 Separemus
3084 2322 3214 2376 ergo
3243 2309 3312 2362 ab
3350 2325 3413 2363 ea
3442 2311 3572 2366 libi-

1989 2388 2174 2443 dinem
2203 2405 2299 2444 seu
2325 2391 2603 2457 affectum,
2631 2395 2848 2462 eritque
2882 2396 3030 2450 nuda
3067 2412 3130 2451 ac
3163 2398 3395 2468 simplex
3421 2397 3570 2472 cogi-

1990 2479 2144 2534 tatio.
2195 2479 2582 2549 Separabimlls
2623 2493 2843 2549 autem,
2889 2486 3020 2541 dum
3060 2489 3437 2556 voluerimus,
3473 2507 3572 2560 per

1991 2568 2342 2625 dilectionem
2366 2573 2667 2640 spiritalem
2693 2583 2747 2630 et
2771 2577 3188 2632 continentiam.

2062 2659 2149 2712 44.
2184 2660 2448 2724 Virtutes,
2479 2662 2548 2716 ab
2595 2664 2883 2720 aﬁ‘ectibus
2929 2675 3092 2736 atque
3137 2668 3288 2724 vitiis
3331 2681 3569 2727 mentem

1992 2761 2249 2818 separant
2277 2769 2289 2804 :
2315 2753 2591 2822 spiritales
2613 2765 2794 2810 autem
2815 2761 3324 2828 contemplationes,
3352 2780 3382 2818 a
3409 2765 3572 2822 nudis

1993 2840 2128 2909 ipsis
2169 2845 2525 2912 conceptibus
2562 2862 2625 2901 ac
2663 2849 3127 2917 cogitationibus:
3157 2842 3294 2921 pura
3333 2855 3573 2928 denique

1994 2932 2192 2996 oratio,
2224 2933 2326 3002 ipsi
2356 2936 2466 2989 Deo
2494 2952 2614 2989 eam
2641 2937 2882 2993 adhibet.

2067 3023 2230 3094 434
2285 3025 2373 3078 45.
2410 3026 2686 3089 Virtutes,
2746 3036 2974 3097 propter
3022 3046 3208 3084 rerum
3261 3042 3570 3089 creatarum

317 3117 352 3187 ἡ
401 3116 458 3169 δὲ
502 3114 726 3184 γνῶσις,
770 3112 859 3166 διὰ
897 3113 989 3166 τὸν
1031 3111 1368 3181 γινώσκοντα
1397 3126 1410 3141 ·
1445 3113 1473 3163 6
1503 3109 1559 3162 δὲ
1581 3107 1886 3202 γινώσκων,

1996 3113 2280 3167 scientiam
2321 3123 2475 3180 sunt;
2527 3116 2777 3178 scientia,
2819 3127 3043 3188 pr0pter
3070 3137 3196 3175 eum
3230 3123 3326 3191 qui
3365 3125 3470 3179 scit
3508 3141 3572 3180 ac

316 3207 406 3261 διὰ
434 3207 527 3260 τὸν
566 3203 860 3275 ἀγνώστως
895 3204 1319 3275 γινωσκόμενον,
1368 3204 1460 3258 καὶ
1506 3202 1644 3271 ὑπὲρ
1692 3200 1891 3270 γνῶσιν

1996 3205 2277 3275 cognoscit
2319 3223 2330 3257 :
2375 3221 2710 3276 cognoscens
2755 3219 2938 3264 autem
2984 3227 3047 3266 ac
3091 3212 3303 3277 sciens,
3350 3225 3574 3284 propter

318 3298 671 3369 γινώσκοντα.

393 3567 511 3632 pg’.
568 3559 681 3630 Οὐχ
733 3559 811 3621 ὡς
848 3555 1247 3630 προσδεόμενός
1277 3569 1420 3616 τινος
1460 3552 1489 3606 6
1534 3550 1893 3623 ὑπερπλήρης

319 3651 470 3715 Θεὸς,
504 3651 829 3720 παρήγαγεν
867 3649 946 3710 εἰς
976 3645 1039 3700 τὸ
1071 3641 1210 3702 εἶναι
1231 3646 1303 3698 τὰ
1325 3643 1588 3714 γεγονότα
1620 3659 1633 3673 ν
1669 3642 1894 3696 ἀλλ’ἵνα

321 3742 461 3795 αὐτὰ
497 3741 595 3810 μὲν
631 3737 796 3794 αὐτοῦ
820 3737 1099 3806 ἀναλόγως
1143 3737 1438 3806 μετέχοντα
1469 3732 1740 3804 ἀπολαύῃ,
1778 3731 1892 3802 [Fr.

322 3830 633 3901 ἀπολαύσῃ]
683 3827 846 3890 αὐτὸς
875 3827 935 3880 δὲ
962 3824 1241 3896 εὐφρανθῇ
1272 3825 1367 3877 ἐπὶ
1387 3823 1500 3884 τοῖς
1522 3821 1704 3892 ἔργοις
1725 3818 1891 3872 αὑτοῦ

321 3924 462 3994 ὁρῶν
501 3922 640 3978 αὐτὰ
675 3919 1096 3990 εὐφραινόμενα,
1129 3917 1224 3971 καὶ
1263 3916 1354 3970 τὸν
1381 3914 1675 3984 ἀκόρεστον
1701 3910 1897 3981 ἀκορέ-

324 4031 466 4077 στως
497 4010 571 4084 (ο)
606 4012 696 4064 ἀεὶ
731 4008 1120 4080 κορεννύμενα.

395 4107 502 4176 μζ’.
531 4103 763 4165 Πολλοὺς
795 4100 907 4170 ἔχει
933 4101 961 4152 6
993 4099 1198 4170 κόσμος
1222 4099 1469 4169 πτωχοὺς
1497 4097 1573 4169 τῷ
1603 4101 1894 4169 πνεύματι,

321 4198 460 4253 ἀλλὰ
514 4195 666 4266 παρὰ
697 4193 758 4247 τὸ
794 4193 1093 4263 προσῆκον.
1131 4191 1241 4246 Kal.
1273 4191 1504 4255 πολλοὺς
1539 4190 1893 4262 πενθοῦντας,

322 4287 460 4344 ἀλλά
505 4287 593 4340 διά
645 4285 849 4356 ζημίας
897 4282 1217 4354 χρημάτων,
1259 4282 1292 4353 ἢ
1344 4282 1616 4347 ἀποϐολάς
1666 4284 1891 4339 τέκνων.

324 4379 435 4432 Kal.
461 4376 688 4439 πολλοὺς
722 4377 938 4444 πραεῖς,
968 4373 1103 4427 ἀλλὰ
1140 4374 1278 4443 πρὸς
1306 4373 1372 4426 τὰ
1401 4373 1690 4444 ἀκάθαρτα
1717 4375 1886 4447 πάθη.

1993 3311 2118 3350 eum
2144 3297 2238 3366 qui
2260 3297 2443 3367 ignota
2470 3299 2678 3354 ratione
2700 3299 2872 3354 scitur
2893 3315 2957 3356 ac
2974 3306 3344 3372 cognoscitur,
3364 3307 3574 3376 scitque

1993 3403 2059 3442 ac
2089 3388 2368 3458 cognoscit
2400 3405 2562 3459 supra
2588 3406 2806 3446 omnem
2849 3393 3095 3449 scientiae
3136 3410 3201 3450 ac
3245 3399 3577 3467 cognitionis

1994 3479 2244 3533 modum.

2064 3570 2154 3624 46.
2188 3570 2306 3625 Non
2335 3571 2490 3627 velut
2536 3572 2720 3642 aliquo
2759 3572 3032 3644 indigens,
3060 3577 3155 3646 qui
3200 3593 3364 3647 supra
3411 3594 3574 3648 quam

1993 3659 2190 3728 plenus
2223 3671 2325 3727 est,
2365 3661 2526 3727 Deus,
2561 3678 2654 3718 res
2700 3665 2962 3732 produxit
3007 3675 3068 3721 ut
3111 3679 3330 3738 essent;
3376 3671 3470 3726 sed
3517 3681 3578 3726 ut

1994 3749 2126 3818 ipsae
2157 3765 2260 3819 pro
2303 3767 2401 3804 sna
2445 3768 2676 3820 quaeque
2723 3755 2957 3820 ratione,
2989 3757 3392 3827 participando,
3429 3760 3579 3816 illius

1994 3837 2312 3892 fruerentur
2344 3840 2618 3906 bonitate;
2650 3842 3036 3913 laetareturque
3076 3846 3193 3915 ipse
3228 3847 3286 3901 in
3315 3850 3579 3916 operibus

1995 3927 2110 3982 suis
2158 3927 2352 3981 videns
2393 3943 2456 3982 ea
2500 3928 2694 3996 laetari,
2744 3940 2801 3985 et
2850 3930 3147 3987 insatiabili
3191 3933 3580 3990 insatiabiliter

1995 4033 2215 4088 semper
2254 4018 2462 4073 satiari.

2065 4110 2154 4163 47.
2199 4109 2396 4164 Multos
2441 4110 2680 4165 mundus
2721 4126 2990 4182 pauperes
3019 4113 3217 4182 spiritu
3248 4114 3434 4181 habet,
3478 4116 3578 4172 sed

1995 4207 2186 4253 contra
2221 4215 2384 4268 quam
2409 4200 2584 4254 decet.
2613 4199 2811 4257 Multos
2837 4215 3057 4273 quoque
3084 4205 3353 4276 lugentes,
3379 4204 3474 4260 sed
3505 4207 3578 4260 ob

1996 4292 2356 4362 pecuniarum
2395 4292 2687 4362 jacturam,
2730 4293 2815 4347 vel
2851 4294 3204 4350 amissionem
3251 4296 3574 4351 liberorum.

1996 4382 2193 4437 Multos
2220 4382 2350 4436 item
2380 4383 2560 4448 mites,
2585 4383 2679 4437 sed
2715 4383 2980 4439 adversus
3010 4385 3320 4441 immundos
3345 4387 3579 4443 allectus

323 4471 433 4524 Καὶ
460 4469 684 4532 πολλοὺς
716 4466 1015 4528 πεινῶντας
1042 4464 1138 4519 καὶ
1177 4465 1463 4534 διψῶντας,
1503 4465 1637 4523 ἀλλά
1680 4466 1740 4519 τὺ
1792 4469 1890 4539 ἁρ-

1999 4487 2064 4527 ac
2107 4471 2383 4526 libidines.
2413 4471 2590 4525 Etiam
2620 4473 2822 4528 multos
2863 4475 3173 4531 esurientes
3217 4485 3273 4531 et
3302 4477 3573 4545 sitientes,

324 4558 516 4624 πάζειν
537 4557 606 4611 τά
636 4556 909 4625 ἀλλότρια,
941 4553 1034 4608 καὶ
1068 4553 1372 4624 κερδαίνειν
1396 4553 1455 4617 ἐξ
1506 4555 1738 4618 ἀδικίας.
1783 4558 1892 4610 Καὶ

325 4651 553 4713 πολλοὺς
603 4649 922 4720 ἐλεήμονας,
975 4645 1110 4699 ἀλλά
1148 4645 1282 4716 πρὸς
1309 4645 1368 4697 τὸ
1399 4645 1557 4715 σῶμα
1581 4647 1670 4700 καὶ
1701 4649 1768 4702 τά
1795 4649 1886 4702 τοῦ

324 4744 592 4814 σώματος.
626 4741 734 4794 Kal.
769 4738 1044 4809 καθαροὺς
1084 4739 1152 4808 τῇ
1195 4737 1408 4807 καρδίᾳ,
1444 4736 1580 4790 ἀλλά
1616 4738 1704 4793 διά
1733 4756 1888 4792 κενο-

321 4834 519 4899 δοξίαν.
557 4833 669 4888 Καὶ
695 4830 1094 4903 εἰρηνοποιοὺς,
1127 4828 1264 4881 ἀλλὰ
1297 4829 1394 4895 τὴν
1423 4827 1600 4898 ψυχὴν
1626 4832 1690 4901 τῇ
1723 4832 1888 4902 σαρκὶ

322 4925 748 4986 ὑποτάσσοντας.
779 4921 889 4974 Καὶ
916 4921 1146 4981 πολλοὺς
1194 4918 1606 4988 δεδιωγμένους,
1650 4921 1764 4974 ἀλλ’
1815 4922 1889 4986 ὡς

323 5013 608 5076 ἀτάκτους.
644 5015 753 5068 Καὶ
788 5012 1015 5075 πολλοὺς
1049 5009 1494 5080 ὀνειδιζομένους,
1526 5011 1640 5066 ἀλλ’
1685 5017 1772 5067 ἐπ’
1810 5017 1894 5069 αι-

323 5108 506 5177 σχροῖς
533 5105 916 5177 ἁμαρτήμασι·
949 5104 1064 5157 ἀλλ’
1088 5104 1288 5156 ἐκεῖνοι
1308 5103 1456 5172 μόνοι
1477 5105 1736 5178 μακάριοι
1754 5107 1891 5180 (‘25),

393 5263 601 5338 (0)4Kal
621 5261 728 5314 τὸν
748 5261 1084 5338 ἀκόρεστον
1105 5261 1466 5338 ἁκορέᾳτῳς.
1487 5260 1578 5338 Sic
1599 5264 1898 5338 emendare

322 5330 511 5392 docuit
533 5347 677 5387 unus
709 5330 832 5385 cod.
856 5331 995 5400 Reg.
1045 5345 1108 5384 ac
1137 5332 1232 5399 qui
1261 5331 1396 5384 mihi
1432 5333 1730 5387 multorum
1779 5334 1899 5389 vice

321 5418 424 5470 est,
445 5402 602 5460 Dufr.
641 5400 892 5470 codapro
925 5400 1032 5455 τῶν
1081 5401 1412 5470 ἀκορέστων,
1439 5401 1585 5470 quod
1616 5411 1736 5456 erat
1783 5405 1901 5458 edi-

324 5469 418 5531 tis.
443 5475 578 5528 Male
600 5487 733 5525 vero
759 5469 965 5539 Obsop.
997 5479 1052 5524 et
1073 5469 1440 5525 Gesn.'active
1459 5469 1733 5534 reddunt,
1761 5475 1900 5528 alter

321 5547 486 5602 etiam
520 5541 857 5612 solmcismo,
896 5556 1074 5612 rerum
1106 5539 1519 5612 insatiabilium,
1559 5543 1699 5596 alter
1735 5545 1897 5612 paulo

325 5615 592 5675 Latinius,
626 5611 777 5664 rebus
803 5610 1190 5682 insatiabilibus
1235 5628 1253 5665 :
1288 5627 1399 5665 non
1443 5613 1589 5666 enim
1619 5610 1772 5682 quasi
1829 5615 1896 5668 de

325 5686 490 5740 rebus
509 5682 840 5737 satiantibus
862 5696 926 5734 ea
960 5696 1066 5735 vox
1111 5681 1333 5747 dicitur,
1379 5682 1472 5736 sed
1516 5682 1584 5736 de
1621 5681 1892 5752 personis,

325 5772 446 5826 quae
478 5753 666 5811 satiari
692 5767 803 5808 non
835 5758 1086 5822 possunt.
1129 5752 1364 5808 Phavor.
1399 5752 1716 5823 Ἀκόρεστος
1737 5754 1893 5821 λέγε-

1999 4580 2193 4620 verum
2224 4574 2284 4617 ut
2318 4564 2498 4619 aliena
2531 4565 2768 4633 rapiant,
2797 4582 2861 4621 ac
2891 4567 3088 4644 injusta
3127 4569 3278 4623 lucra
3307 4580 3575 4639 quaerant.

2000 4656 2108 4712 Sed
2141 4663 2198 4711 et
2241 4657 2442 4711 multos
2483 4657 2889 4723 misericordes,
2919 4674 3107 4713 verum
3140 4676 3267 4731 erga
3294 4678 3495 4732 corpus
3523 4670 3580 4716 et

1997 4766 2061 4804 ea
2090 4764 2212 4819 qua:
2255 4749 2322 4802 ad
2365 4765 2566 4818 corpus
2598 4759 2863 4820 spectant.
2900 4751 3096 4807 Multos
3141 4754 3346 4808 mundo
3389 4755 3575 4819 corde,

1995 4855 2188 4896 verum
2235 4839 2416 4894 inanis
2458 4841 2643 4912 gloria:
2676 4857 2858 4896 causa.
2910 4843 3106 4898 Multos
3148 4845 3454 4918 paciﬁcos,‘
3479 4845 3576 4901 sed

1997 4931 2090 5003 qui
2117 4931 2271 4986 carni
2314 4933 2557 4986 animum
2601 4934 2916 5004 subjiciant.
2963 4935 3159 4990 Multos
3193 4938 3286 5006 qui
3315 4952 3576 5006 persecu-

1997 5023 2202 5079 tionem
2231 5025 2529 5092 patiantur,
2562 5025 2657 5080 sed
2696 5035 2948 5095 tanquam
2982 5027 3316 5098 immorigeri
3344 5036 3400 5082 et
3424 5029 3574 5082 inor-

1999 5111 2191 5167 dinati.
2237 5112 2435 5168 Multos
2472 5115 2565 5182 qui
2606 5116 2808 5184 probra
2855 5116 3163 5171 sustineant
3207 5133 3271 5172 ac
3310 5118 3572 5184 convitia,

1996 5285 2086 5345 ται
2116 5271 2143 5320 ὁ
2181 5267 2266 5345 μὴ.
2285 5267 2445 5345 κόρον
2467 5267 2759 5345 λαμϐάνων
2776 5269 2918 5331 τινός
2934 5286 2950 5345 _°
2969 5266 3422 5345 o?ov.6x6pectog
3446 5292 3581 5345 χρη-

2001 5336 2207 5415 μάτων,
2235 5336 2578 5415 έέικιόρεστοςΔ
2601 5337 2962 5415 ῂδονῆςηκαὶ-
3013 5336 3338 5415 ἀκόρεστος,
3364 5345 3410 5415 Δό
3449 5336 3580 5415 περὶ

1995 5405 2202 5477 τροφὴν
2228 5405 2522 5474 ἄπληστος.
2552 5405 2642 5461 Ait
2665 5405 2794 5477 ergo
2827 5405 3581 5469 Maximus.'satiariinsatib-

1996 5475 2172 5550 biliter
2235 5477 2555 5550 insatiabili,
2592 5479 2646 5532 id
2704 5475 2809 5550 est,
2844 5479 2962 5550 ipso
2993 5481 3139 5534 Deo:
3183 5481 3235 5533 in
3255 5497 3418 5550 quem
3449 5501 3577 5539 vere

1995 5547 2146 5599 nulla
2187 5547 2414 5600 satietas
2440 5548 2586 5601 cadit
2637 5549 2721 5603 sui
2759 5548 3041 5613 fruitione,
3107 5551 3188 5606 uti
3232 5547 3333 5606 nec
3397 5554 3450 5607 in
3481 5569 3579 5609 eos

1993 5617 2087 5683 qui
2138 5617 2257 5685 ejus
2306 5617 2530 5694 fruendi
2585 5619 2887 5694 participes
2954 5631 3102 5694 sunt,
3149 5623 3281 5691 quin
3322 5638 3576 5694 semper,

1990 5701 2058 5809 ire
2094 5696 2298 5755 quanta
2340 5688 2624 5745 aeternitas
2671 5699 2777 5755 est,
2817 5689 2978 5745 beato
3026 5691 3132 5747 [ine
3168 5688 3281 5748 ‘illo
3329 5688 3455 5748 frui'
3482 5688 3578 5750 ve?-

2014 5765 2114 5809 ιηι.

2014 5757 2114 5810 int.
