4140 6322
558 406 685 471 Ῑθ31
1710 405 1769 465 S.
1813 397 2101 462 ΜΛΧῘΜΙ
2141 406 2150 454 1

2252 396 2650 459 YFESSORIS
3674 386 3803 452 1032

550 519 649 574 sed
688 518 761 573 ob
802 518 1005 590 turpia,
1039 532 1161 588 quae
1206 523 1444 587 patrant.
1475 515 1678 570 Verum
1719 515 1753 567 ii
1792 511 2139 569 solummodo

2252 512 2288 563 ιί
2328 510 2418 564 διά
2447 507 2683 581 Χριστὸν
2713 506 2805 560 καὶ
2829 504 2972 561 κατὰ
2994 503 3231 576 Χριστὸν
3256 501 3429 556 ταῦτα
3467 500 3560 553 καὶ
3586 501 3802 555 ποιοῦν-

552 610 722 674 beati,
758 611 869 680 qui,
895 617 1118 679 propter
1157 607 1439 663 Christum
1470 622 1534 661 ac
1574 605 1886 661 Christiana
1930 603 2131 673 pietate

2252 621 2324 667 τες
2374 604 2472 658 καὶ
2519 603 2841 672 πάσχοντες.
2897 599 3089 664 Διατί;
3143 599 3265 650 ’Ὁτι
3305 595 3505 648 αὐτῶν
3544 596 3712 647 ἐστιν
3768 599 3805 663 ή

553 705 672 759 haec
715 713 770 758 et
811 703 1019 757 faciunt
1060 708 1119 755 et
1150 700 1455 770 patiuntur.
1488 697 1759 764 Quorsum
1791 695 1959 750 vero?
1994 693 2136 759 Quo—

2252 692 2523 746 Βασιλεία
2564 690 2685 745 τῶν
2746 687 3043 757 οὐρανῶντ
3110 685 3230 775 καὶ,
3276 682 3457 739 Αὐτοὶ
3506 683 3611 737 τὸν
3666 685 3808 737 Θεὸν

555 798 703 851 niam
742 797 979 865 ipsorum
1028 802 1105 848 est
1136 808 1358 863 regnum
1403 790 1674 856 caelorum,
1721 796 1799 852 et,
1852 786 1989 853 Quia
2033 788 2136 857 ipsi

2252 782 2514 853 ἅψονται,
2548 782 2646 837 καὶ
2674 780 2742 835 τά
2769 780 2918 851 ἑξῆς.
2954 780 3137 841 Ὥστε,
3166 774 3266 845 οὐχ
3286 776 3371 829 ὅτι
3404 774 3619 828 ποιοῦσι
3646 775 3810 829 ταῦτα

555 889 719 943 Deum
751 887 996 943 videbunt
1026 883 1094 951 ⁸³,
1127 894 1233 940 etc.
1260 884 1468 953 Itaque,
1495 897 1604 936 non
1631 882 1759 951 quia
1784 880 1899 935 haec
1930 878 2138 933 faciunt

2252 875 2333 928 ιιαὶ
2366 874 2661 945 πάσχουσι,
2702 872 2811 926 είσ)⁸
2844 870 3107 941 μακάριοι
3131 883 3148 897 ⁸
3188 866 3283 921 καὶ
3320 865 3430 934 γὰρ
3460 865 3510 918 οί
3551 880 3810 934 προειρη-

558 993 621 1031 ac
652 977 955 1046 patiuntur,
1000 982 1126 1029 sunt
1157 972 1302 1028 beati
1341 973 1487 1044 (cum
1516 979 1572 1026 et
1607 971 1645 1025 ii
1685 986 1825 1041 quos
1860 969 2133 1033 dicebam,

559 1068 797 1138 idipsum
844 1065 1101 1136 faciant),
1137 1063 1234 1119 sed
1282 1061 1429 1133 quod
1475 1068 1700 1131 propter
1740 1059 2021 1125 Christum
2074 1072 2139 1112 ac

559 1158 869 1214 Christiana
897 1156 1118 1227 pietate,
1150 1154 1267 1209 haec
1288 1164 1345 1209 et
1370 1151 1580 1207 faciunt
1605 1159 1661 1206 et
1683 1150 1991 1221 patiuntur.

631 1251 723 1303 48.
769 1249 829 1303 1η
857 1247 1116 1302 omnibus
1155 1258 1277 1316 quae
1306 1261 1336 1299 a
1368 1244 1529 1299 nobis
1572 1251 1828 1314 aguntur,
1860 1239 1987 1297 linis
2026 1243 2141 1297 Deo

563 1338 908 1409 exquiritur,
966 1344 1027 1391 ut
1072 1339 1271 1406 saepius
1324 1335 1534 1390 dictum
1580 1343 1697 1400 est;
1744 1334 1862 1388 sive
1914 1343 2142 1403 propter

564 1431 764 1499 ipsum,
796 1429 912 1483 sive
949 1426 1174 1482 alterius
1206 1427 1526 1497 cujusquam
1562 1425 1734 1496 gratia
1778 1438 2022 1494 agamus.
2062 1423 2144 1477 Ne

548 1521 733 1591 igitur
758 1537 885 1575 cum
929 1520 1062 1575 boni
1094 1518 1304 1587 aliquid
1335 1534 1496 1589 agere
1531 1518 1589 1572 in
1633 1517 1877 1572 animum
1909 1515 2143 1570 induxe-

565 1613 759 1680 rimus,
790 1612 1089 1666 humanum
1130 1609 1372 1665 favorem
1397 1624 1462 1664 ac
1493 1625 1687 1664 auram
1708 1617 2013 1679 captemus,
2048 1607 2145 1662 sed

565 1705 737 1758 Deum
779 1703 941 1758 nobis
979 1705 1142 1757 tinem
1170 1716 1572 1771 proponamus;
1605 1710 1665 1756 ut
1691 1702 1746 1755 in
1778 1717 1902 1756 eum
1932 1716 2147 1771 semper

566 1794 915 1865 aspicientes,
957 1801 1185 1864 propter
1230 1792 1412 1862 ipsum
1459 1793 1645 1846 omnia
1692 1805 1937 1862 agamus,
1987 1806 2057 1845 ne
2092 1799 2148 1845 et

569 1887 815 1941 laborem
838 1887 1226 1948 sustineamus,
1253 1893 1309 1939 et
1331 1883 1641 1938 mercedem
1668 1883 2002 1938 amittamus.

640 1979 728 2033 49.
756 1978 942 2032 Nudas
970 1977 1116 2046 ipsas
1147 1977 1510 2031 humanarum
1557 1990 1743 2031 rerum
1790 1990 1854 2030 ac
1894 1976 2145 2046 negotio-

571 2084 693 2124 rum
741 2068 1121 2140 cogitationes,
1167 2082 1465 2137 rerumque
1506 2067 1757 2122 omnium
1801 2068 2147 2123 conditarum

569 2158 1054 2224 considerationcs,
1087 2159 1261 2230 abjice
1289 2159 1474 2214 animo
1502 2174 1628 2214 cum
1653 2160 1913 2229 precibus
1938 2160 2045 2216 erit
2068 2160 2151 2214 in-

571 2252 973 2320 cumbentium;
1002 2267 1072 2307 ne
1098 2252 1240 2307 forte
1265 2253 1511 2323 cogitans
1540 2268 1662 2322 qute
1688 2252 1961 2308 deteriora
1998 2261 2146 2318 sunt,

569 2345 687 2414 ejus
711 2345 807 2414 qui
850 2344 1014 2399 rebus
1040 2343 1298 2399 omnibus
1339 2343 1478 2400 citra
1525 2358 1745 2399 omnem
1787 2344 2152 2414 comparatio-

570 2451 696 2491 nem
735 2444 975 2507 prrestat,
998 2438 1269 2507 jacturam
1293 2436 1512 2493 feceris.

637 2528 800 2598 435
851 2528 937 2584 50.
971 2527 1027 2583 Si
1060 2544 1191 2583 vere
1221 2543 1288 2582 ex
1316 2527 1501 2582 animo
1541 2527 1713 2582 Deum
1759 2526 2145 2591 dilexerimus,

573 2618 858 2688 ipsiusmet
882 2618 1171 2674 charitatis
1194 2620 1247 2674 vi
1290 2619 1552 2675 libidines
1587 2626 1751 2688 atque
1791 2617 2022 2674 affectus
2056 2618 2154 2673 de-

571 2710 855 2780 pellemus.
887 2710 984 2764 Dei
1015 2716 1200 2764 autem
1234 2710 1475 2765 charitas
1506 2711 1563 2763 in
1606 2725 1672 2764 eo
1713 2720 1818 2774 est,
1866 2718 1927 2763 ut
1970 2709 2149 2779 ipsum

572 2803 799 2865 mundo,
833 2802 890 2857 et
936 2817 1174 2857 animam
1215 2811 1367 2857 carm
1400 2800 1786 2871 praeferamus;
1833 2816 1897 2855 ea
1944 2801 2153 2856 scilicet

573 2886 784 2951 ratione
812 2892 960 2962 quod
991 2893 1189 2962 spretis
1219 2891 1570 2946 saecularibus
1593 2890 1846 2961 negotiis,
1871 2891 1919 2946 ei
1946 2891 2152 2962 jugiter

573 2998 671 3054 per
702 2983 1097 3039 continentiam
1146 2993 1204 3039 et
1249 2983 1571 3037 charitatem
1625 2991 1682 3036 et
1726 2982 2051 3050 orationem,
2096 2990 2153 3038 et

571 3075 813 3145 psalmos
833 3073 1199 3134 concinendo,
1223 3088 1287 3127 ac
1310 3071 1543 3141 reliqua,
1574 3085 1851 3125 vacemus.

644 3165 733 3219 5L
782 3164 887 3220 Ubi
935 3162 1033 3217 diu
1084 3164 1429 3232 multumque
1479 3162 1594 3216 Deo
1638 3171 1928 3227 vacantes,
1980 3163 2154 3232 partis

2244 967 2395 1038 μένοι
2437 966 2498 1020 τὸ
2539 965 2673 1020 αὐτὸ
2709 964 2956 1018 ποιοῦσιν
2982 979 2996 995 ·
3045 960 3160 1015 ἀλλ’
3187 961 3270 1014 ὅτι
3301 959 3392 1013 διὰ
3444 956 3683 1028 Χριστὸν
3721 956 3813 1009 καὶ

2240 1059 2382 1114 κατὰ
2415 1059 2650 1132 Χριστὸν
2670 1058 2846 1112 ταῦτα
2888 1058 2981 1111 καὶ
3016 1052 3233 1108 ποιοῦσι
3261 1052 3357 1107 καὶ
3380 1052 3674 1122 πάσχουσι.

2316 1225 2428 1292 μη’.
2483 1218 2571 1271 Ἐν
2612 1217 2747 1271 πᾶσι
2787 1216 2901 1278 τοῖς
2956 1211 3044 1282 ὑφ’
3097 1210 3256 1282 ἡμῶν
3318 1207 3736 1278 πραττομένοις,
3789 1207 3813 1257 ὁ

2245 1309 2445 1372 σκοπὸς
2472 1307 2713 1381 ζητεῖται
2739 1303 2890 1375 παρά
2905 1302 3021 1373 Θεῷ
3041 1302 3175 1371 (26),
3302 1297 3560 1359 πολλάκις
3584 1296 3814 1366 εἴρηται·

2245 1404 2356 1457 εἴτε
2416 1402 2485 1456 δι’
2537 1400 2725 1462 αὐτὸν,
2776 1399 2890 1452 εἴτε
2927 1395 2996 1449 δι’
3041 1393 3170 1450 ἄλλο
3193 1410 3248 1446 τι
3278 1393 3614 1463 πράττομεν.
3654 1389 3817 1440 Ὅταν

2245 1491 2340 1550 οὖν
2382 1511 2438 1547 τι
2484 1492 2731 1562 θέλωμεν
2782 1486 2989 1559 πρᾶξαι
3023 1483 3253 1554 ἀγαθὸν,
3289 1481 3366 1552 μὴ
3407 1480 3508 1548 τὴν
3567 1477 3818 1547 ἀνθρωπ-

2234 1585 2537 1657 ⁴ἀρέσκειαν
2557 1622 2575 1647 ,
2601 1580 2738 1637 άλλά
2773 1580 2864 1632 τὸν
2895 1577 3026 1631 Θεὸν
3076 1574 3296 1645 σχῶμεν
3318 1570 3519 1624 σκοπόν
3547 1585 3563 1599 ο
3605 1568 3696 1620 ἵνα
3747 1569 3820 1629 εἰς

2248 1679 2412 1735 αὑτὸν
2437 1677 2524 1731 ἀεὶ
2552 1671 3009 1740 ἀποϐλεπόμενοι,
3031 1667 3098 1721 δι’
3119 1665 3287 1721 αὑτὸν
3305 1664 3483 1719 πάντα
3499 1659 3797 1731 πράξωμεν

2249 1771 2338 1826 ῑνα
2369 1769 2443 1841 μὴ
2471 1769 2563 1821 καὶ
2593 1766 2685 1819 τὴν
2710 1764 2876 1818 τόπον
2903 1759 3283 1830 ὑπομένωμεν,
3341 1755 3437 1811 καὶ
3486 1753 3580 1808 τὸν
3634 1751 3822 1822 μισθὸν

2179 1872 2220 1927 Β
2248 1862 2621 1932 ἀπολέσωμεν.

2325 1956 2432 2027 μθ’.
2466 1954 2578 2007 Καὶ
2609 1951 2676 2005 τά
2724 1948 2856 2020 ψιλά
2912 1946 3025 1998 τῶν
3081 1939 3438 2013 ἀνθρωπίνων
3483 1935 3822 2009 πραγμάτων

2251 2049 2520 2118 νοήματα,
2543 2045 2640 2099 καὶ
2667 2042 2735 2095 τά
2758 2041 2972 2094 πάντων
2999 2036 3110 2089 τῶν
3141 2032 3445 2103 γεγονότων
3470 2028 3821 2100 θεωρήματα,

2250 2138 2492 2194 ἀπόϐαλε
2529 2135 2626 2190 τοῦ
2673 2134 2793 2197 νοὸς
2820 2134 2880 2187 ὲν
2907 2130 2985 2201 τῷ
3022 2127 3203 2200 καιρῷ
3224 2128 3325 2197 τῆς
3352 2121 3665 2195 προσευχῆς
3697 2137 3711 2151 ·
3744 2121 3825 2173 ἵνα

2254 2229 2416 2299 μὴτά
2458 2228 2657 2298 ἥττονα
2697 2221 3123 2292 φανταζόμενος,
3154 2217 3251 2273 τοῦ
3283 2218 3502 2273 πάντων
3519 2213 3632 2269 τῶν
3657 2212 3824 2269 ὄντων

2251 2320 2598 2390 ἀσυγκρίτως
2632 2316 2940 2388 κρείττονος
2970 2311 3236 2382 ἐκπέαῃς.

2321 2515 2383 2562 ν’.
2429 2505 2554 2559 Ἐἀν
2580 2502 2670 2556 τὸν
2693 2498 2826 2553 Θεὸν
2858 2494 3095 2566 γνησίως
3123 2490 3522 2561 ἀγαπήσωμεν,
3551 2486 3619 2542 δι’
3656 2488 3826 2556 αὐτῆς

2251 2601 2349 2669 τῆς
2371 2597 2591 2664 ἀγάπης
2617 2591 2686 2645 τά
2714 2590 2862 2657 πάθη
2896 2583 3294 2651 ἀποϐάλλομεν.
3346 2581 3411 2633 Ἡ
3451 2579 3507 2632 δὲ
3541 2581 3623 2641 είς
3671 2578 3825 2632 αὑτὸν

2252 2691 2439 2760 ἀγάπη
2470 2682 2701 2749 ὲστὶ,·τδ
2728 2679 3000 2751 προτιμᾷν
3030 2675 3194 2730 αὐτὸν
3217 2672 3312 2726 τοῦ
3340 2672 3569 2741 κόσμου,
3607 2672 3706 2724 καὶ
3732 2670 3823 2740 τὴν

2251 2780 2428 2852 ψυχὴν
2454 2777 2557 2847 τῆς
2589 2771 2791 2845 σαρκός
2811 2788 2825 2802 ·
2873 2771 2933 2822 ἐν
2968 2766 3048 2852 τῷ
3076 2765 3187 2820 τῶν
3217 2761 3499 2832 κοσμικῶν
3531 2761 3637 2830 μὲν
3660 2777 3823 2814 κατα-

2254 2848 2471 2945 ερρονεϊν
2502 2865 2866 2939 πραγμάτων,
2901 2848 3048 2930 αὐτῷ
3083 2857 3141 2911 δὲ
3170 2854 3455 2927 σχολάζειν
3489 2851 3581 2907 διά
3606 2850 3825 2945 παντὺςῖ

2252 2941 2341 3020 διά
2386 2981 2447 3016 τε
2483 2957 2810 3030 ἐγκρατείας
2858 2953 2952 3006 καὶ
2996 2949 3218 3020 ἀγάπης
3248 2947 3343 3002 καὶ
3386 2945 3705 3016 προσευχῆς
3738 2941 3826 2996 καὶ

2252 3053 2589 3128 ψαλμῳδίας,
2619 3046 2847 3104 καὶτῶν
2879 3043 3026 3116 ἑξῆς.

2323 3154 2426 3204 ναν.
2469 3145 2595 3200 Ἑάν
2627 3141 2978 3214 σχολάζοντες
3004 3135 3084 3206 τῷ
3116 3134 3238 3205 Θεῷ
3271 3132 3450 3205 χρόνῳ
3496 3128 3706 3200 πολλῷ,
3739 3128 3827 3181 τοῦ

574 3255 771 3310 animae
820 3254 1109 3310 aﬂ'ectibus
1153 3253 1407 3308 obnoxiae
1453 3268 1642 3307 curam
1687 3254 1992 3323 egerimus,
2039 3268 2150 3308 non

2255 3238 2557 3312 παθητικοῦ
2586 3237 2786 3309 μέρους
2816 3235 2921 3305 τῆς
2956 3229 3139 3302 ψυχῆς
3172 3222 3580 3297 ἐπιμελώμεθα,
3615 3223 3719 3275 οὐκ
3752 3221 3828 3274 ἐτι

573 3345 808 3417 amplius
862 3346 931 3401 ad
976 3344 1368 3415 cogitationum
1434 3342 1670 3397 insultus
1722 3343 2087 3414 impingemus
2135 3363 2149 3398 :

574 3439 711 3508 quin
742 3445 801 3493 et
825 3437 1084 3493 solertius
1116 3450 1310 3490 earum
1342 3434 1601 3504 dispectis
1630 3449 1694 3489 ac
1724 3435 1924 3490 excisis
1948 3435 2150 3501 causis,

576 3527 1008 3598 perspicaciores
1031 3525 1361 3592 evademus,
1388 3534 1451 3580 ut
1472 3526 1585 3597 jam
1616 3524 1674 3579 in
1700 3525 1859 3580 nobis
1888 3525 2023 3580 illud
2054 3528 2157 3581 im-

576 3620 793 3689 pleatur
835 3637 850 3673 :
891 3618 961 3673 Et
995 3619 1229 3691 despexit
1269 3617 1451 3673 oculus
1479 3633 1626 3671 meus
1658 3618 1713 3671 in
1755 3618 1979 3672 inimicis
2004 3620 2153 3685 meis,

578 3719 628 3763 et
654 3709 711 3764 in
731 3710 1118 3781 insurgentibus
1148 3713 1206 3766 in
1235 3726 1319 3765 me
1348 3708 1766 3781 indignantibus
1800 3709 1978 3764 audiet
2010 3712 2157 3767 auri:

578 3817 696 3857 mea
720 3804 787 3857 “.

648 4001 734 4056 52.
764 3999 904 4056 Cum
946 4007 1187 4056 mentem
1218 4009 1368 4055 tuam
1397 3999 1487 4071 pie
1518 4015 1583 4075 ac
1626 4002 1769 4073 iuste
1800 4004 2032 4072 versari,
2063 4020 2158 4061 eo-

577 4092 800 4163 gitando
824 4108 890 4147 ea
929 4107 1052 4163 qum
1094 4099 1225 4147 sunt
1256 4091 1469 4159 mundi,
1498 4092 1724 4159 videris,
1751 4093 1918 4153 etiam
1955 4109 2157 4165 corpus

579 4193 734 4238 tuum
762 4196 961 4252 purum
1007 4190 1064 4238 et
1096 4198 1126 4237 a
1156 4190 1382 4253 peccato
1429 4182 1674 4239 immune
1721 4183 1861 4239 scito
1893 4200 2155 4255 perseve-

576 4282 824 4330 raturum
873 4290 887 4326 :
934 4288 1061 4327 cum
1104 4281 1288 4327 autem
1337 4269 1629 4342 cogitando
1673 4273 1917 4341 peccatis
1960 4290 2157 4332 vacare

580 4363 800 4430 videris,
825 4377 930 4420 nec
964 4363 1290 4427 inhibueris,
1321 4361 1460 4417 Scito
1486 4362 1604 4418 fore
1634 4370 1694 4418 ut
1722 4370 1779 4419 et
1810 4379 2011 4435 corpus
2035 4360 2154 4424 nan

576 4455 672 4510 diu
701 4462 919 4509 maneat
945 4454 1079 4525 quin
1109 4453 1167 4507 in
1194 4467 1259 4507 ea
1289 4452 1526 4508 labatur.

648 4637 736 4691 55.
768 4632 1236 4702 Quemadmodum
1270 4647 1488 4702 corpus,
1528 4633 1793 4687 mundum
1829 4648 1918 4689 res
1949 4633 2147 4701 habet;

579 4730 653 4784 ita
682 4738 738 4783 et
769 4727 1005 4787 animus,
1039 4723 1303 4778 mundum
1335 4723 1502 4778 habet
1548 4723 1904 4793 cogitati-ones
1949 4740 2014 4779 ac
2035 4740 2150 4779 ~re-

577 4835 698 4874 rum
723 4833 882 4873 sensa
907 4833 921 4869 :
952 4830 1014 4870 ac
1042 4815 1184 4870 sicut
1216 4828 1416 4883 corpus
1445 4818 1718 4867 scortatur
1749 4827 1874 4867 eum
1905 4813 2153 4869 mulieris

576 4925 825 4982 corpore,
852 4909 931 4966 sic
957 4916 1012 4963 et
1039 4906 1256 4961 animus
1275 4921 1399 4960 cum
1423 4903 1672 4959 mulieris
1693 4904 1926 4975 cogitata
1955 4904 2149 4973 forma,

575 5015 677 5070 per
731 4998 818 5052 sui
880 4995 1127 5066 corporis
1188 4994 1482 5063 cogitatam
1536 4992 1766 5046 formam
1830 4992 2151 5047 fornicatur.

574 5087 933 5145 Mente‘enim
982 5094 1039 5140 et
1071 5083 1393 5155 cegitando,
1450 5081 1700 5151 corporis
1753 5081 1838 5136 sui
1880 5082 2144 5150 formam,

575 5195 700 5235 cum
746 5179 995 5233 mulieris
1044 5177 1219 5231 forma
1267 5175 1419 5230 videt
1468 5173 1835 5228 commisceri.
1887 5173 2149 5230 Similiter

576 5287 739 5343 etiam
768 5283 976 5340 inimici
1004 5282 1235 5337 formam
1262 5279 1462 5334 mentis
1481 5277 1810 5348 cogitatione
1834 5278 2146 5345 ulciscitur;

576 5396 640 5436 ac
664 5379 892 5450 perinde
925 5378 978 5431 in
1018 5374 1249 5445 reliquis
1289 5371 1548 5443 peccatis.
1596 5370 1726 5436 Quae
1768 5372 1916 5427 enim
1952 5386 2177 5445 corpus

579 5471 637 5525 in
666 5478 812 5535 actu,
839 5468 1067 5540 ipsoque
1100 5479 1266 5535 opere
1296 5464 1351 5516 in
1388 5476 1573 5515 rerum
1605 5462 1812 5516 mundo
1854 5462 2002 5525 facit,
2036 5462 2154 5516 haec

578 5568 637 5618 et
686 5559 901 5614 animus
949 5558 1005 5612 in
1058 5571 1158 5611 suo
1200 5553 1472 5609 rationum
1506 5551 1712 5606 mundo
1763 5566 1826 5606 ac
1872 5551 2156 5622 cogitatio-

580 5661 735 5703 num.

651 5834 700 5869 ⁸³
724 5831 915 5890 Matth.
941 5849 997 5897 v,
1028 5832 1062 5886 5
1084 5845 1238 5898 seqq.
1313 5827 1361 5857 "
1392 5823 1537 5877 Psal.
1574 5838 1676 5886 XCI,
1710 5824 1796 5878 12.

2254 3340 2391 3410 πρὸς
2415 3323 2424 3334 ’
2448 3336 2546 3399 τὰς
2583 3332 2694 3388 τῶν
2749 3328 3025 3399 λογισμῶν
3083 3321 3386 3394 προσϐολὰς
3418 3317 3792 3410 νὲξοκείλομεῌν
3812 3326 3828 3344 ·

2254 3404 2389 3485 ἀλλά
2415 3428 2511 3482 καὶ
2536 3423 2931 3497 ἀκριϐέστερον
2959 3417 3056 3481 τάς
3076 3414 3282 3469 τούτων
3313 3409 3489 3474 αἰτίας
3506 3404 3829 3462 κατανοοῦν-

2253 3541 2344 3586 τες
2372 3521 2467 3576 καὶ
2495 3508 3339 3583 ἐκκόπτοντες,διορατικώτεροι
3358 3501 3625 3575 γινόμεθα
3647 3515 3663 3531 ⁸
3694 3500 3826 3583 ᾤστε

2254 3608 2611 3683 πληρωθῆναι
2639 3607 2718 3670 εἰς
2745 3606 2892 3676 ἡμᾶς
2920 3600 2982 3654 τὺ
3002 3639 3019 3667 ,
3051 3597 3163 3654 Καὶ
3207 3594 3446 3651 ἐπεῖδεν
3472 3594 3506 3648 δ
3521 3591 3830 3661 ὀφθαλμός

2247 3721 2367 3777 μου
2388 3704 2457 3757 ἐν
2484 3699 2609 3766 τοῖς
2627 3696 2861 3767 ἐχθροῖς
2890 3711 3010 3765 μου
3033 3705 3051 3722 ⁸
3108 3690 3210 3745 καί
3234 3690 3304 3743 ἐν
3339 3686 3466 3753 τοῖς
3505 3685 3817 3777 satas-terra:

2249 3772 2457 3866 μένοις
2500 3791 2595 3846 ἐπ’
2643 3789 2746 3860 ἐμὲ
2800 3782 3323 3855 πονηρευομένοις,
3387 3778 3716 3833 ἀκούσεται
3767 3772 3829 3826 τὸ

2252 3904 2655 4051 ουξβξιοῗὸταν
2706 3971 2912 4042 βλέπῃς
2973 3968 3066 4022 τὸν
3110 3964 3235 4020 νοῦν
3292 3980 3386 4017 σου
3456 3958 3703 4021 εὐσεϐῶς
3742 3948 3830 4009 καὶ

2254 4070 2478 4135 δικαίως
2507 4062 2982 4135 ἀναστρεφόμενον
2998 4061 3057 4113 ὲν
3081 4059 3194 4123 τοῖς
3220 4055 3314 4110 τοῦ
3346 4054 3551 4122 κόσμου
3569 4052 3828 4122 νοήμασι,

2253 4163 2487 4234 γίνωσκε
2520 4158 2614 4214 καὶ
2640 4156 2702 4210 τὸ
2732 4154 2892 4226 σῶμά
2932 4168 3028 4206 σου
3056 4147 3294 4220 καθαρὸν
3318 4145 3411 4200 καὶ
3442 4144 3829 4212 ἀναμάρτητον

2253 4253 2528 4324 διαμένειν
2553 4267 2567 4281 ο
2612 4251 2740 4304 ὅταν
2776 4246 2832 4300 δὲ
2863 4246 2953 4299 τὸν
2981 4244 3104 4297 νοῦν
3148 4240 3350 4311 βλέπῃς
3402 4234 3543 4289 κατά
3593 4234 3830 4288 διάνοιαν

2253 4348 2549 4422 ἁμαρτίαις
2582 4342 2930 4417 σχολάζοντα,
2973 4341 3065 4394 καὶ
3121 4337 3194 4407 μὴ
3233 4334 3564 4405 ἀνακόπτῃς,
3596 4331 3826 4422 γίνωσκε

2256 4420 2351 4497 καὶ
2380 4420 2448 4497 τὸ
2476 4437 2636 4509 σῶμά
2662 4454 2757 4489 σου
2804 4433 2879 4505 μὴ
2918 4427 3328 4501 πολυχρονίζειν
3364 4422 3460 4479 τοῦ
3494 4424 3612 4485 τοῖς
3652 4420 3829 4479 αὐτοῖς

2183 4565 2225 4618 D
2255 4551 2454 4606 περιπε
2463 4534 2592 4584 σεῖν.

2326 4604 2426 4696 νγ¹.
2465 4624 2678 4691 Ὥσπερ
2715 4618 2776 4672 τὸ
2816 4616 2974 4686 σῶμα
3002 4613 3111 4683 ἔχει
3142 4610 3345 4679 κόσμον
3388 4604 3460 4659 τά
3503 4605 3825 4674 πράγματα,

2252 4721 2395 4776 οὕτω
2422 4719 2515 4773 καὶ
2544 4716 2572 4768 ὁ
2597 4714 2718 4776 νοῦς
2740 4712 2852 4781 ἔχει
2883 4708 3085 4776 κόσμον
3118 4704 3189 4757 τά
3212 4703 3458 4772 νοήματα
3477 4715 3492 4729 ο
3526 4698 3623 4750 καὶ
3644 4696 3829 4761 ὥσπερ

2252 4814 2313 4868 τὸ
2348 4812 2506 4880 σῶμα
2539 4804 2863 4878 πορνεύεται
2902 4797 3040 4871 μετά
3065 4794 3161 4849 τοῦ
3201 4792 3448 4862 σώματος
3488 4790 3591 4859 τῆς
3638 4802 3826 4855 γυναι-

2256 4905 2372 4967 κὸς,
2405 4900 2547 4954 οὕτω
2572 4896 2667 4950 καὶ
2697 4895 2724 4946 ὁ
2772 4891 2897 4955 νοῦς
2945 4886 3200 4958 πορνεύει
3243 4882 3380 4954 μετά
3423 4879 3515 4932 τοῦ
3558 4879 3828 4947 νοήματος

2255 4998 2354 5066 τῆς
2387 4989 2665 5063 γυναικὸς,
2694 4986 2783 5040 διά
2812 4985 2908 5053 τῆς
2938 4978 3238 5050 φαντασίας
3262 4973 3355 5026 τοῦ
3389 4971 3519 5024 ίδίου
3554 4969 3825 5038 σώματος.

2256 5062 2367 5158 Τὴν
2389 5062 2497 5157 γάρ
2540 5079 2751 5153 μορφὴν
2788 5075 2884 5128 τοῦ
2940 5072 3070 5126 ἰδίου
3107 5068 3359 5158 σώματος
3398 5062 3589 5158 βλέπει
3635 5075 3828 5158 μιγνυ-

2260 5152 2426 5252 μένην
2459 5152 2594 5247 μετά
2613 5173 2711 5243 τῆς
2746 5168 2958 5241 μορφῆς
2983 5164 3087 5235 τῆς
3107 5157 3364 5252 γυναικός
3388 5153 3529 5209 κατά
3564 5152 3826 5252 διάνοιαν.

2267 5241 2540 5331 Ὦσαύτως
2575 5241 2677 5320 καὶὴ
2697 5261 2794 5333 τὴν
2820 5257 3033 5331 μορφὴν
3070 5252 3165 5308 τοῦ
3194 5251 3536 5320 λυπήσαντος
3558 5241 3826 5333 ἀμύνεται

2259 5363 2400 5419 κατά
2423 5361 2682 5419 διάνοιαν,
2710 5332 2799 5407 διὰ
2835 5351 2934 5421 τῆς
2984 5344 3201 5417 μορφῆς
3247 5339 3343 5394 τοῦ
3391 5337 3522 5390 ἰδίου
3553 5332 3822 5421 σώματος.

2251 5418 2362 5506 Καὶ
2387 5451 2477 5504 ἐπὶ
2492 5449 2600 5500 τῶν
2639 5418 2811 5499 ἀλλων
2841 5418 3253 5509 ἁμαρτημάτων
3279 5430 3500 5501 ὁμοίως.
3522 5425 3706 5490 Ἀπερ
3724 5418 3828 5487 γὰρ

2254 5540 2485 5611 πράττει
2529 5538 2590 5590 τὸ
2639 5534 2800 5605 σῶμα
2858 5529 2977 5585 κατ’
3019 5527 3298 5597 ἐνέργειαν
3346 5521 3426 5583 είς
3477 5516 3563 5611 τὸν
3627 5511 3828 5611 κόσμον

2255 5630 2616 5703 πραγμάτων,
2650 5626 2820 5680 ταῦτα
2849 5623 3079 5693 πράττει
3103 5619 3196 5673 καὶ
3220 5618 3249 5668 ὁ
3273 5612 3394 5676 νοῦς
3422 5613 3501 5674 είς
3516 5607 3606 5662 τὸν
3628 5605 3829 5671 κόσμον

2255 5725 2366 5778 τῶν
2399 5721 2687 5793 νοημάτων
2705 5760 2721 5773 .
