4140 6322
339 358 474 428 1033

1187 366 1519 427 CAPITUM
1559 365 1654 425 DE
1690 361 2121 423 CHARITATE
2158 361 2546 421 CENTURIA
2581 358 2696 421 ΙΙΙ.

3443 353 3577 419 1034

405 475 498 530 νδν.
530 474 643 528 Οὐκ
671 474 786 529 ἔστι
815 475 1001 546 φρῖξαι
1037 478 1130 531 καὶ
1150 479 1490 550 ἐκπλαγῆναι
1522 482 1616 532 καὶ
1644 481 1899 549 ἐκστῆναι

2073 478 2160 532 54.
2189 478 2307 531 Non
2337 473 2693 536 horrendum,
2727 487 2791 526 ac
2826 470 2969 542 quod
3002 479 3338 541 stupeamus,
3370 481 3579 526 mente-

332 566 401 634 τῇ
429 563 657 634 διανοίᾳ,
699 566 779 618 ὅτι
804 565 832 617 6
865 565 964 634 μὲν
984 566 1113 629 Θεὸς
1147 569 1240 620 καὶ
1275 567 1462 638 Πατὴρ
1487 567 1662 637 κρίνει
1688 567 1897 630 οὐδένα,

336 655 518 707 πᾶσαν
553 655 608 707 δὲ
631 654 730 724 τὴν
769 656 948 724 κρίσιν
975 657 1170 711 δέδωκε
1199 657 1277 727 τῷ
1303 658 1416 728 Υίῷ
1433 674 1450 690 ·
1472 661 1500 712 6
1521 659 1577 712 δὲ
1613 659 1738 720 Υίὸς
1768 657 1903 727 κρά-

335 743 452 808 ζει·
478 743 577 812 Μὴ
605 745 857 812 κρίνετε,
890 747 991 801 ἵνα
1026 746 1112 816 μὴ
1143 748 1414 818 κριθῆτε·
1450 749 1546 816 Μὴ
1589 746 1901 802 καταδικά-

337 833 479 900 ζετε,
535 835 635 890 ἵνα
669 835 756 905 μὴ
806 837 1307 906 καταδικασθῆτε.
1372 839 1428 891 '0
1456 838 1512 891 δὲ
1585 836 1903 900 ’Δπόστολος

336 925 538 994 ὁμοίως
561 944 575 958 ο
605 927 704 994 Μὴ
733 929 846 997 πρὸ
871 929 1082 997 καιροῦ
1122 946 1180 983 τι
1212 928 1463 997 κρίνετε,
1496 928 1608 993 ἕως
1657 928 1732 981 ἂν
1755 928 1902 997 ἔλθῃ

337 1020 370 1071 ὁ
405 1018 619 1085 Κύριος
645 1036 658 1047 ·
685 1019 806 1082 καὶ,
859 1021 956 1073 Ἐν
981 1015 1030 1088 ᾧ
1052 1022 1287 1090 κρίματι
1311 1021 1534 1088 κρίνεις
1553 1019 1659 1072 τὸν
1677 1018 1901 1086 ἕτερον,

337 1107 602 1161 σεαυτὸν
627 1111 1034 1177 κατακρίνεις·
1075 1112 1122 1162 ot
1169 1110 1224 1164 δὲ
1255 1111 1527 1180 ἄνθρωποι
1574 1109 1802 1178 ἀφέντες
1843 1110 1905 1162 τὸ

340 1196 548 1251 κλαίειν
566 1197 662 1260 τὰς
693 1199 900 1253 ἑαυτῶν
941 1202 1232 1271 ἁμαρτίας.
1264 1197 1405 1272 ἦραν
1439 1200 1535 1272 τὴν
1577 1201 1756 1271 κρίσιν
1799 1199 1915 1253 ἀπὸ·

338 1285 434 1339 τοῦ
466 1286 618 1350 Υἰοῦ,
663 1289 756 1340 καὶ
799 1289 949 1342 αὐτοὶ
989 1291 1064 1352 ὡς
1110 1290 1504 1360 ἀναμάρτητοι,
1537 1289 1780 1358 κρίνουσι
1812 1288 1904 1340 καὶ

342 1378 796 1443 καταδικάζουσιν
843 1379 1100 1447 ἀλλήλους
1139 1383 1248 1436 Καὶ
1276 1385 1304 1434 ὁ
1335 1384 1432 1452 μὲν
1455 1382 1682 1452 οὐρανὸς
1711 1380 1900 1450 ἐξέστη

343 1469 436 1521 ἐπὶ
473 1471 646 1539 τούτῳ
669 1487 682 1501 ο
707 1473 740 1541 ή
772 1471 828 1524 δὲ
851 1472 944 1542 γῆ,
972 1472 1186 1544 ἔφριξεν
1203 1493 1214 1504 ·
1245 1473 1396 1527 αὐτοὶ
1421 1473 1478 1526 δὲ
1507 1475 1606 1527 οὐκ
1628 1472 1906 1543 αἰσχύνον-

340 1575 429 1612 ται
453 1559 920 1630 ἁναισθητοῦντες.

413 1733 505 1782 νεν.
551 1729 610 1783 Ὀ
637 1729 734 1795 τὰς
754 1732 860 1785 τῶν
894 1731 1066 1787 ἄλλων
1089 1732 1360 1804 ἁμαρτίας
1389 1736 1903 1806 περιεργαζόμενος,

2003 585 2110 639 que
2143 569 2361 624 attoniti
2387 568 2549 623 etiam
2576 576 2739 636 atque
2763 565 2926 620 etiam
2953 564 3241 629 miremur,
3266 563 3410 632 quod
3436 564 3579 620 Deus

2004 670 2060 731 et
2091 661 2248 714 Pater
2283 660 2558 715 neminem
2594 657 2824 727 judieet,
2854 654 2948 709 sed
2996 670 3157 709 omne
3189 654 3456 724 judicium
3488 656 3580 710 dc-

2004 751 2149 806 derit
2193 751 2330 805 Filio
2374 750 2454 814 ms;
2505 749 2785 817 Filiusque
2822 747 3022 801 clamet
3054 745 3266 800 :Notite
3308 747 3576 816 judicare,

2003 851 2186 894 etnon
2220 841 2590 909 judicabimini
2628 838 2674 870 ⁸⁸
2718 855 2730 890 :
2769 836 2943 891 Nolite
2985 837 3354 902 condemnare,
3394 844 3443 889 et
3477 853 3578 890 non

2005 931 2479 985 condemnabimini
2527 930 2593 982 ⁸⁷.
2645 927 2909 983 Similiter
2948 942 3166 996 quoque
3217 926 3510 996 Apostolus
3561 945 3576 980 :

2005 1021 2176 1075 Nolite
2210 1028 2330 1075 ante
2363 1030 2563 1091 tempus
2596 1019 2794 1089 aliquid
2821 1019 3085 1089 judicare,
3129 1019 3466 1089 quoadusque
3497 1035 3582 1072 vc-

2007 1113 2120 1166 niat
2151 1112 2400 1166 Dominus
2431 1113 2495 1164 ⁸⁸.
2523 1112 2592 1165 Ει
2618 1130 2630 1163 :
2664 1111 2724 1164 In
2752 1126 2852 1180 quo
2871 1111 3072 1180 judicio
3101 1108 3325 1162 alterum
3345 1109 3578 1179 judicas,

2009 1206 2230 1274 teipsum
2249 1181 2564 1256 conde'mnas
2594 1203 2670 1265 8";
2703 1201 2952 1256 homines
2981 1209 3185 1264 autem,
3218 1200 3418 1254 omissa
3450 1215 3581 1253 cura

2007 1294 2226 1364 lugendi
2255 1300 2476 1363 peccata
2512 1307 2628 1356 sua,
2661 1291 2928 1362 judicium
2956 1290 3095 1344 Filio
3129 1289 3490 1353 abstulerint;
3517 1303 3584 1342 ac

2005 1385 2157 1439 velut
2188 1385 2290 1454 ipsi
2322 1384 2593 1437 immunes
2626 1398 2655 1436 a
2689 1388 2931 1450 peccato,
2964 1381 3053 1434 alii
3083 1380 3216 1434 alios
3237 1379 3485 1450 judicent
3519 1394 3584 1435 ac

2007 1477 2404 1530 condemnem?
2436 1475 2512 1530 Ac
2553 1473 2716 1546 436
2759 1474 2957 1528 οωιυηι
3001 1472 3222 1542 quidem
3269 1487 3432 1542 super
3478 1472 3584 1526 hoc

2007 1567 2310 1636 obstupuit,
2340 1575 2591 1635 terraque
2619 1565 2894 1618 inhorruit
2920 1565 2999 1630 9°;
3031 1579 3132 1618 nec
3157 1563 3233 1616 illi
3264 1571 3442 1617 tamen
3474 1577 3584 1632 pra:

2007 1665 2234 1726 stupom
2263 1657 2475 1726 pudore
2504 1657 2616 1710 ullo
2651 1656 2949 1710 ducuntur.

2079 1748 2165 1802 55.
2191 1747 2294 1813 Qui
2329 1747 2383 1801 in
2427 1747 2661 1801 aliorum
2689 1746 2962 1801 curiosius
2991 1744 3190 1799 delicta
3225 1741 3475 1812 inquirit,
3503 1743 3581 1795 vel

341 1821 375 1890 ἢ
415 1821 509 1873 καὶ
538 1820 596 1884 ἐξ
635 1820 888 1885 ὑπονοίας
917 1823 1006 1875 τὸν
1036 1824 1263 1892 ἀδελφὺν
1293 1826 1514 1896 κρίνων,
1535 1826 1687 1880 οῠπω
1715 1827 1904 1881 ἔϐαλεν

2023 1839 2174 1893 niam
2200 1855 2268 1894 ex
2299 1839 2402 1894 levi
2437 1840 2753 1909 conjectura
2791 1845 2887 1892 aut
2913 1835 3226 1905 suspicione
3254 1834 3477 1888 fratrem
3503 1833 3589 1903 ju-

342 1911 513 1982 ἀρχὴν
545 1914 850 1979 μετανοίας,
891 1914 1013 1968 οὐδὲ
1054 1917 1282 1987 ἐρευνᾷν
1308 1917 1400 1970 τοῦ
1435 1918 1635 1985 γνῶναι
1656 1919 1779 1990 [Fr.
1814 1920 1907 1972 ml.

343 2003 541 2071 γνῶναι
564 2003 584 2076 Ῑ
605 2006 701 2068 τὰς
729 2005 921 2059 ἑαυτοῦ
953 2008 1246 2078 ἁμαρτίας,
1267 2010 1325 2062 ἐν
1354 2009 1579 2081 ἀληθείᾳ
1603 2009 1909 2084 βαρυτέρας

343 2093 508 2158 οὔσας
534 2098 782 2166 μολίϐδου
810 2099 1205 2155 πολυταλάντου
1227 2117 1241 2132 ’
1271 2102 1390 2156 οὐδὲ
1419 2103 1560 2172 ἔγνω
1587 2103 1748 2158 πόθεν
1771 2105 1908 2173 γίνε-

343 2203 433 2239 ται
463 2187 748 2260 ἄνθρωπος
771 2190 1130 2262 βαρυκάρδιος
1176 2193 1406 2262 ἀγαπῶν
1451 2195 1786 2266 ματαιότητα
1814 2196 1909 2250 καὶ

343 2276 524 2346 ζητῶν
551 2279 764 2348 ψεῦδος.
805 2284 904 2336 Διὰ
935 2284 1091 2337 τοῦτο
1135 2284 1209 2346 ὡς
1262 2284 1452 2355 ἄφρων
1504 2287 1598 2340 καὶ
1631 2288 1689 2342 ὲν
1731 2286 1912 2341 σκότει

343 2369 816 2441 διαπορευόμενος,
875 2375 1032 2443 ἀφεὶς
1083 2375 1183 2440 τὰς
1226 2376 1418 2432 ἑαυτοῦ
1465 2377 1762 2448 ἁμαρτίας,
1813 2378 1912 2442 τὰς

344 2461 454 2513 τῶν
487 2459 664 2514 ἄλλων
695 2464 1044 2534 φαντάζεται,
1087 2466 1120 2538 ἦ
1157 2466 1346 2533 οὔσας,
1381 2469 1414 2542 ἢ
1456 2470 1815 2540 νομιζομένας
1851 2470 1910 2535 ἐξ

345 2550 624 2614 ὑπονοίας.

419 2643 526 2702 νς¹.
579 2641 646 2692 Ἦ
669 2641 950 2718 φιλαυτία,
982 2645 1058 2709 ὡς
1096 2647 1357 2712 πολλάκις
1399 2648 1639 2720 εἴρηται,
1693 2649 1914 2705 πάντων

350 2727 458 2782 τῶν
496 2729 756 2800 ὲμπαθῶν
781 2733 1056 2806 λογισμῶν
1102 2738 1254 2792 αἰτία
1294 2739 1640 2796 καθίσταται.
1684 2743 1780 2796 Ἐκ
1806 2742 1916 2814 γὰρ

353 2820 558 2893 ταύτης
582 2825 877 2892 γεννῶνται
928 2829 976 2881 οἱ
1023 2833 1173 2900 τρεῖς
1214 2830 1570 2900 γενικώτατοι
1598 2835 1696 2904 τῆς
1727 2834 1917 2887 ἐπιθυ-

359 2915 488 2985 μίας
512 2915 786 2986 λογισμοί·
819 2922 846 2973 6
876 2918 973 2990 τῆς
997 2923 1458 2994 γαστριμαργίας,
1488 2923 1694 2995 καὶτῆς
1721 2925 1918 2995 φιλαρ-

357 3005 550 3076 γυρίας
583 3008 676 3061 καὶ
708 3009 805 3078 τῆς
829 3012 1154 3079 κενοδοξίας.
1197 3014 1292 3068 Ἐκ
1325 3016 1382 3069 δὲ
1429 3016 1529 3084 τῆς
1576 3032 1919 3088 γαστριμαρ-

358 3095 483 3164 γίας
512 3099 764 3167 γεννᾶται
807 3101 834 3151 ὀ
872 3101 971 3171 τῆς
1004 3103 1258 3173 πορνείας
1279 3121 1292 3133 ·
1326 3105 1391 3157 ἐκ
1425 3105 1482 3158 δὲ
1512 3105 1610 3171 τῆς
1661 3105 1921 3178 φιλαργυ-

360 3188 504 3261 ρίας,
541 3191 570 3242 ὁ
597 3192 694 3262 τῆς
723 3191 1033 3258 πλεονεξίας
1069 3194 1176 3264 (ρ)·
1210 3195 1274 3248 ὲκ
1303 3196 1359 3249 δὲ
1395 3197 1495 3266 τῆς
1527 3197 1850 3264 κενοδοξίας,
1896 3201 1924 3252 6

360 3277 457 3349 τῆς
489 3278 908 3352 ὑπερηφανείας.
948 3284 1008 3336 Ol
1029 3284 1084 3336 δὲ
1114 3283 1289 3338 λοιποὶ
1319 3286 1538 3349 πάντες,
1584 3287 1796 3358 ἑκάστῳ
1821 3286 1926 3340 τῶν

361 3369 530 3442 τριῶν
565 3372 980 3426 ἀκολουθοῦσιν·
1043 3375 1070 3428 ὅ
1128 3393 1188 3428 τε
1231 3377 1330 3447 τῆς
1366 3378 1558 3449 ὀργῆς,
1608 3381 1702 3432 καὶ
1756 3381 1784 3431 6
1829 3379 1927 3450 τῆς

362 3460 539 3531 λύπης
566 3464 657 3515 καὶ
689 3465 716 3515 ὁ
744 3463 841 3534 τῆς
865 3466 1226 3534 μνησικακίας
1251 3470 1344 3522 καὶ
1379 3471 1406 3522 6
1436 3469 1534 3538 τῆς
1563 3470 1788 3540 ἀκηδίας
1833 3470 1928 3524 καὶ

364 3553 559 3622 φθόνου
591 3554 683 3607 καὶ
714 3557 1066 3625 καταλαλιᾶς,
1088 3560 1180 3612 καὶ
1213 3561 1262 3612 oi
1293 3559 1489 3615 λοιποί.
1524 3561 1708 3614 Ταῦτα
1745 3558 1838 3616 οὖν
1860 3561 1929 3614 τὰ

363 3644 535 3716 πάθη,
595 3645 951 3716 συνδεσμοῦσι
1001 3647 1091 3701 τὸν
1149 3649 1288 3703 νοῦνν
1331 3653 1446 3714 τοῖς
1499 3652 1702 3716 ὑλικοῖς
1751 3653 1929 3722 πρὸιγ⁸

367 3751 499 3804 μασι
525 3735 659 3805 (27),
690 3736 784 3789 καὶ
815 3738 1138 3808 κατέχουσιν
1162 3740 1323 3794 αὐτὸν
1356 3744 1436 3805 είς
1475 3741 1572 3812 τὴν
1617 3747 1740 3813 γῆν,
1781 3743 1928 3797 λίθου

363 3825 519 3894 δίκην
553 3828 856 3898 βαρυτάτου
1051 3831 1375 3903 ἐπικείμενα
1397 3849 1411 3865 °
1440 3833 1598 3903 φύσει
1622 3835 1749 3889 ὄντα
1771 3836 1929 3890 αὐτὸν

365 3917 535 3985 πυρὸς
566 3919 892 3990 κουφότερον
941 3923 1035 3977 καὶ
1073 3922 1346 3994 ὀξύτερον.

436 4005 530 4070 νζν.
584 4005 752 4078 Ἀρχὴ
792 4015 889 4078 μὲν
936 4009 1152 4064 πάντων
1184 4013 1290 4065 τῶν
1320 4012 1530 4078 παθῶν,
1569 4016 1603 4083 ἡ
1636 4015 1889 4084 φιλαυτία
1913 4035 1926 4048 ·

362 4095 516 4159 τέλος
543 4096 618 4161 δὲ,
652 4100 683 4168 ή
713 4097 1080 4170 ὑπερηφανία.
1117 4101 1373 4156 Φιλαυτία
1415 4103 1472 4157 δέ
1516 4107 1682 4172 ἐστιν,
1724 4109 1758 4177 ή
1797 4107 1932 4178 πρὸς

364 4186 425 4239 τὸ
470 4187 630 4257 σῶμα
676 4187 867 4256 ἄλογος
929 4190 1101 4258 φιλία.
1155 4190 1212 4244 Ὁ
1247 4193 1451 4264 ταύτην
1494 4194 1754 4265 ἐκκόψας,
1806 4215 1932 4252 συν-

365 4279 528 4351 έκοψε
555 4282 733 4336 πάντα
764 4282 832 4335 τὰ
856 4282 1002 4354 πάθη
1034 4283 1102 4337 τὰ
1123 4284 1183 4348 ἐξ
1215 4286 1402 4356 αὐτῆς.

445 4457 535 4522 ιη’.
571 4452 781 4524 ’Ὠσπερ
805 4455 854 4507 oi
882 4456 1054 4522 γονεῖς
1081 4455 1187 4508 τῶν
1205 4457 1492 4524 σωμάτων,
1525 4462 1933 4534 προσπάσχουσι
1965 4488 2008 4542 D

365 4543 478 4604 τοῖς
520 4541 578 4606 ἐξ
619 4543 793 4596 αὐτῶν
835 4546 1190 4615 γεννωμένοις
1241 4547 1314 4618 (q)
1339 4565 1351 4578 ·
1400 4549 1542 4603 οὕτω
1586 4553 1679 4605 καὶ
1718 4556 1746 4607 6
1787 4557 1933 4622 νοῦς,

371 4633 615 4701 φυσικῶς
649 4637 760 4698 τοῖς
789 4633 984 4689 ἑαυτοῦ
1020 4636 1338 4706 πρόσκειται
1371 4640 1568 4708 λόγοις.
1605 4643 1712 4698 Καὶ
1745 4646 1934 4720 ῶσπερ

439 4815 486 4891 '_'
515 4815 671 4891 Joan.
701 4833 755 4881 ν,
790 4815 880 4891 ἓὲζ
935 4816 1216 4891 _§°_Ma_tth.
1243 4835 1337 4891 vn.
1374 4820 1424 4873 1.
1497 4821 1543 4853 ⁸⁷
1576 4822 1708 4876 Luc.
1745 4841 1820 4891 vr,
1854 4826 1941 4880 57.

367 4885 411 4918 ⁹¹
447 4886 675 4940 Zachar.
713 4902 766 4952 ι’,
800 4885 854 4938 7.
933 4887 978 4916 ”
1009 4888 1152 4942 Psal.
1183 4904 1256 4952 tv,
1296 4889 1347 4941 5.

444 5042 525 5117 (p)_
593 5045 712 5117 ’E'x_
746 5042 816 5097 δὲ
845 5043 1240 5117 φιλαργυρίας
1264 5087 1278 5108 ,
1311 5048 1343 5098 ὀ
1397 5046 1507 5117 τῆς
1559 5050 1934 5117 πλεονεξίας.

368 5111 671 5166 Membrum
701 5114 824 5178 hoc,
847 5111 917 5168 ad
948 5111 1165 5168 Maximi
1212 5124 1395 5169 textus
1426 5111 1805 5184 integritatem
1843 5111 1941 5176 ne-

368 5184 692 5244 cessanium,
724 5183 997 5238 dederunt
1026 5200 1159 5238 mss.
1188 5185 1312 5240 cod.
1337 5183 1623 5250 Πλεονεξία
1672 5188 1815 5242 haud
1848 5206 1939 5245 ra-

367 5253 888 5330 ro__ipsa__avaritia
930 5254 1393 5330 redditur,_quo_d
1439 5265 1524 5311 est
1571 5257 1936 5330 φιλαργυρία·

368 5320 876 5400 sedhic_Maximus
901 5325 1072 5400 probe
1106 5320 1417 5400 distinguit,
1444 5335 1506 5400 ut
1541 5320 1761 5400 prolem
1785 5320 1824 5382 a'
1846 5346 1943 5400 pa-

366 5399 544 5471 rente.
579 5392 673 5446 Est
699 5411 833 5471 ergo
859 5392 1086 5450 avaritia
1114 5396 1168 5465 (ἡ
1199 5392 1575 5471 φιλαργυρία)Δ
1595 5392 1942 5456 inordinatus

367 5459 463 5536 ille
512 5459 897 5536 pecuniar'um_
949 5459 1236 5536 amorfut
1286 5459 1345 5521 et
1381 5459 1494 5520 ’τοι
1537 5459 1677 5536 ’ἱρειι
1747 5479 1943 5536 sonat;

367 5530 651 5606 πλεονεξίᾳ
682 5550 814 5606 vero
847 5534 932 5589 vis
961 5536 1077 5604 ipsa
1112 5534 1312 5605 injusta
1345 5552 1408 5591 ac
1441 5538 1564 5606 plus
1585 5530 1826 5593 habendi
1863 5530 1949 5594 ra;

366 5615 470 5675 pa;
501 5603 686 5675 libido
697 5603 1182 5675 circumveniendo
1200 5603 1524 5675 proximum.

443 5671 520 5742 ((1)
556 5673 1043 5747 ῌροῖπάςτκουσι
1075 5671 1234 5747 ,ῗοῖξῖ
1281 5675 1350 5740 ἐξ
1399 5676 1598 5732 αὐτῶν
1663 5679 1952 5747 ’γεννωμέ-

369 5755 519 5810 νοις.
556 5742 981 5799 Similitudoest
1005 5744 1336 5813 spiritalium
1363 5755 1652 5816 parentum
1670 5742 1801 5802 'cum
1831 5742 1952 5804 car-

689 5834 959 5895 PATROL.
1005 5834 1124 5895 Gn.
1158 5837 1281 5899 XC.

2008 4861 2012 4864 ν
2055 4829 2144 4883 ⁸⁸1
2179 4829 2304 4885 Cor.
2333 4848 2404 4896 IV,
2437 4833 2489 4885 5.

2008 1929 2174 1994 dicat,
2204 1929 2450 1984 nondum
2483 1928 2820 1998 paenitentia;
2862 1925 3280 1981 fundamentum
3305 1924 3460 1994 jecit,
3489 1937 3590 1976 nec

2010 2029 2070 2075 ut
2098 2028 2375 2077 scrutetur
2405 2036 2469 2074 ac
2499 2019 2786 2089 intelligat,
2821 2025 3045 2086 peccata
3092 2031 3189 2070 sua
3230 2016 3389 2085 longe
3419 2013 3590 2067 multa

2010 2112 2219 2182 plumbi
2248 2112 2470 2174 talenta,
2503 2111 2650 2180 gravi
2682 2109 2926 2178 pondere
2962 2120 3222 2176 superare
3245 2106 3288 2137 ⁹¹
3317 2122 3330 2158 :
3366 2120 3468 2159 nec
3499 2117 3592 2157 co-

2011 2202 2220 2272 gnovit,
2245 2200 2388 2256 unde
2417 2200 2512 2254 ﬁat
2543 2199 2708 2256 homo
2743 2200 2894 2270 gravi
2928 2197 3113 2263 corde,
3157 2197 3249 2266 qui
3278 2195 3469 2266 diligat
3501 2209 3594 2249 va-

1993 2289 2240 2349 nitatem
2279 2300 2334 2346 et
2375 2289 2720 2344 mendacium
2758 2296 2967 2358 qumrat
2993 2289 3059 2342 ν’.
3089 2287 3302 2341 Idcirco
3327 2286 3478 2339 velut
3511 2284 3591 2338 in-

2013 2380 2216 2450 sipiens
2237 2388 2294 2434 et
2330 2378 2422 2449 qui
2461 2379 2516 2432 in
2544 2378 2789 2434 tenebris
2819 2377 3086 2442 ambulet,
3110 2374 3330 2430 omissis
3355 2373 3594 2445 peccatis

2015 2470 2147 2536 suis,
2183 2471 2415 2525 aliorum
2441 2476 2662 2539 peccata
2697 2468 2920 2539 cogitat,
2961 2476 3055 2522 aut
3082 2479 3204 2536 quae
3237 2466 3416 2534 reipsa
3460 2464 3592 2528 sint,

2016 2569 2110 2616 aut
2132 2575 2253 2629 quae
2283 2560 2424 2614 male
2446 2558 2780 2628 suspiciosus
2808 2556 2913 2611 sibi
2942 2557 3061 2625 ipse
3089 2554 3381 2624 contingat.

2089 2652 2174 2707 56.
2210 2649 2464 2704 Φιλαυτία
2501 2648 2608 2721 (sui
2651 2648 2740 2703 ille
2777 2662 2841 2702 ac
2864 2647 3044 2703 carnis
3068 2659 3246 2700 caecus
3278 2643 3480 2714 amor),
3513 2643 3594 2697 uti

2016 2744 2216 2814 sapius
2253 2741 2462 2797 dictum
2506 2747 2611 2806 est,
2638 2739 3058 2795 libidinosarum
3096 2735 3342 2791 omnium
3391 2735 3596 2806 cogita-

2017 2836 2226 2891 tionum
2259 2849 2421 2889 causa
2463 2833 2698 2889 exsistit.
2729 2833 2810 2888 Ex
2853 2847 2919 2887 ea
2965 2830 3115 2885 enim
3156 2835 3459 2884 nascuntur
3490 2828 3598 2881 tria

2017 2923 2424 2996 generalissima
2453 2922 2770 2992 cupiditatis
2800 2922 2966 2986 vitia;
2992 2920 3132 2991 gulae
3160 2919 3391 2983 scilicet,
3421 2917 3600 2972 avari-

2021 3017 2108 3072 tiae
2140 3024 2196 3071 et
2225 3016 2402 3070 inanis
2431 3015 2636 3086 gloriae.
2670 3015 2749 3069 Ex
2775 3013 2902 3085 gula
2931 3020 3136 3077 autem,
3165 3010 3412 3065 nascitur
3444 3022 3598 3063 scor-

2023 3106 2245 3161 tationis
2272 3107 2500 3172 vitium;
2532 3122 2600 3160 ex
2641 3105 2870 3160 avaritia
2909 3117 3062 3167 vero,
3101 3102 3303 3173 injusta
3331 3100 3602 3170 rapacitas

2025 3197 2257 3267 plusque
2303 3194 2543 3250 habendi
2589 3193 2816 3259 libido;
2849 3208 2916 3247 ex
2963 3191 3112 3246 inani
3153 3199 3338 3245 autem
3389 3189 3597 3260 gloria,

2027 3286 2220 3341 vitium
2250 3285 2542 3355 superbiae.
2565 3284 2755 3340 Omnis
2777 3297 2944 3354 porro
2971 3283 3310 3352 reliquorum
3340 3281 3603 3334 vitiorum

2029 3379 2220 3442 turba,
2268 3378 2466 3447 cuique
2511 3377 2710 3431 horum
2759 3376 2925 3430 trium
2977 3389 3164 3429 comes
3215 3373 3459 3438 accedit;
3509 3373 3606 3428 irae

2029 3469 2260 3532 scilicet,
2284 3466 2544 3532 tristitim,
2580 3466 2904 3538 injuriarum
2941 3462 3240 3528 memoriae,
3271 3462 3494 3528 acedite,
3519 3462 3606 3516 in-

2029 3558 2210 3624 vidia),
2246 3557 2624 3622 detractionis,
2673 3571 2737 3611 ac
2779 3556 3009 3626 reliqua.
3067 3555 3191 3610 llaec
3237 3554 3404 3626 igitur
3450 3554 3605 3618 vitia,

2031 3647 2264 3701 terrenis
2312 3647 2481 3702 rebus
2528 3645 2772 3700 animum
2806 3645 3024 3699 fortiter
3069 3645 3303 3715 illigant,
3349 3645 3609 3715 gravissi-

2032 3737 2216 3806 miquc
2257 3736 2374 3790 saxi
2420 3736 2594 3790 instar
2627 3733 2705 3788 illi
2738 3733 3135 3800 incumbentia,
3167 3734 3221 3788 in
3269 3743 3419 3789 terra
3463 3734 3612 3790 deti-

2031 3837 2184 3896 nent,
2213 3844 2338 3883 cum
2367 3828 2484 3898 ipse
2513 3836 2708 3882 natura
2735 3828 2847 3898 igni
2875 3827 3050 3883 levior
3077 3842 3142 3881 ac
3167 3827 3424 3883 subtilior
3446 3829 3538 3883 sit.

2103 4019 2192 4074 57.
2237 4016 2500 4070 Φιλαυτία
2554 4016 2661 4088 (sui
2708 4017 2798 4070 ille
2843 4031 2907 4070 ac
2953 4015 3136 4071 carnis
3183 4032 3384 4085 pravus
3431 4017 3605 4086 amor)

2034 4108 2292 4164 vitiorum
2326 4109 2572 4162 omnium
2604 4107 2823 4161 initium
2863 4115 2948 4161 est
2978 4115 3035 4162 et
3069 4107 3225 4175 origo
3255 4123 3267 4159 :
3298 4106 3422 4160 ﬁnis
3450 4121 3606 4170 vero,

2036 4199 2315 4269 superbia.
2349 4200 2446 4254 Est
2474 4210 2658 4254 autem
2683 4199 2961 4264 Φιλαυτία,
2999 4199 3302 4253 abhorrens
3331 4215 3363 4252 a
3398 4199 3612 4254 ratione

2037 4291 2289 4360 corporis
2335 4306 2508 4346 amor.
2564 4289 2717 4345 Hanc
2762 4291 2856 4360 qui
2905 4290 3127 4354 excidit,
3166 4304 3273 4344 una
3320 4305 3445 4344 eum
3497 4290 3610 4353 illa,

2037 4396 2160 4450 qua:
2190 4397 2259 4437 ex
2289 4383 2406 4452 ipsa
2445 4390 2594 4446 sunt,
2623 4381 2755 4436 vitia
2790 4381 2974 4436 omnia
3001 4381 3224 4436 excidit.

2068 4473 2195 4528 .58.
2251 4472 2721 4539 Quemadmodum
2769 4473 2863 4543 qui
2919 4473 3220 4528 liberorum
3268 4473 3615 4541 susceptione

2041 4578 2332 4634 corporum
2357 4573 2614 4635 parentes
2641 4573 2789 4632 sunt,
2823 4564 3023 4620 affectu
3057 4565 3339 4619 ducuntur
3363 4579 3488 4634 erga
3517 4579 3617 4618 eos

2041 4668 2180 4721 quos
2225 4665 2586 4725 susceperunt
2630 4672 2643 4708 :
2693 4655 2773 4710 sic
2822 4670 2976 4710 mens
3028 4663 3225 4709 natura
3272 4653 3620 4709 sermonibus

2606 4833 2652 4864 ⁸⁹
2684 4832 2842 4886 Rom.
2877 4847 2932 4894 ιι,
2972 4833 3020 4884 1.
3135 4831 3179 4862 ⁹⁰
3208 4829 3408 4884 Jcrem.
3441 4845 3495 4893 ιι,
3525 4829 3616 4882 12.

2043 5055 2285 5126 nalibus,
2339 5071 2449 5124 quo
2485 5059 2568 5111 sic
2614 5057 2841 5126 utrique
2881 5058 2995 5110 suis
3029 5054 3617 5126 indulgentiprolibus.

2043 5126 2205 5192 Λόγοι
2233 5125 2422 5194 ita’que
2450 5137 2505 5180 et
2534 5125 2816 5182 sermones
2851 5127 2960 5188 hic,
2992 5125 3410 5194 praecipuelibri
3450 5135 3579 5194 sunt
3606 5142 3617 5177 :

2043 5194 2192 5248 unde
2220 5193 2414 5249 auctor
2450 5196 2637 5250 Schol.
2665 5195 2916 5250 Dufrenii
2952 5193 3076 5248 cod.
3104 5213 3117 5248 :
3141 5193 3303 5246 Φοὸεἰ
3330 5211 3396 5263 με
3425 5193 3619 5256 ταῦτα,

2045 5265 2138 5316 καὶ
2197 5263 2432 5332 γράφειν
2462 5266 2786 5333 ἀποτρέπει·
2833 5265 3046 5318 Terrent
3083 5280 3165 5316 me.
3201 5265 3328 5327 ἠως,
3362 5264 3440 5318 sic
3474 5263 3622 5318 dicta

2044 5333 2301 5395 Maximo,
2341 5342 2390 5386 et
2425 5351 2456 5387 a
2485 5335 2758 5389 scribendo
2819 5335 3104 5388 deterrent.
3140 5333 3256 5386 Hoc
3287 5349 3452 5387 sensu
3501 5349 3624 5388 san-

2045 5411 2167 5458 ctus
2191 5402 2516 5459 Ambrosius
2536 5405 2710 5458 libros
2727 5419 2856 5458 suos
2873 5403 2993 5458 aliis
3015 5403 3337 5472 relegendos
3360 5411 3416 5457 et
3435 5420 3626 5458 emen-

2051 5472 2262 5526 dandos
2289 5474 2541 5528 tradebat
2570 5517 2582 5537 ,
2603 5475 2707 5528 etsi
2740 5475 2822 5527 vir
2841 5481 3026 5527 tantus
3055 5483 3206 5527 erat:
3236 5474 3381 5542 quod
3407 5474 3487 5528 sic
3512 5474 3626 5528 fere

2051 5542 2374 5614 auctoribus
2396 5546 2510 5599 suis
2529 5545 2780 5614 placeant
2799 5559 2898 5598 sua
2920 5542 3233 5614 scripta,_ac
3249 5552 3626 5604 monumenta,

2052 5612 2416 5684 naturalijlla
2448 5614 2512 5668 ad
2533 5612 2662 5684 ipsa
2688 5612 3051 5683 προσπαθείᾳ.
3079 5612 3231 5667 velut
3253 5622 3540 5683 parentum
3569 5614 3625 5669 in

2053 5691 2234 5806 na:os.
2295 5681 2452 5749 Quod
2488 5681 2668 5740 reddit
2690 5681 2893 5740 Obson.
2918 5681 3331 5754 compatiuntur,
3359 5701 3466 5740 non
3490 5685 3628 5742 satis

2053 5765 2117 5806 an
2149 5767 2263 5806 um.

2052 5765 2263 5820 aptum.

3229 5847 3308 5906 33
