4084 6332
587 307 723 371 1035

1738 311 1798 368 S.
1843 309 2128 369 MAXIMI
2170 301 2679 367 CONFESSORIS

3729 299 3878 365 1086

581 422 700 478 suis
729 421 1000 478 addictior
1031 429 1132 476 est.
1163 421 1240 476 Ac
1275 422 1420 477 sicut
1457 423 1799 493 parentibus,
1827 440 1938 493 quo
1966 423 2167 478 aﬂectu

2283 421 2378 482 τοῖς
2407 418 2630 471 ἐκείνων
2651 414 3102 486 ἐμπαθεστέροις,
3121 416 3222 472 κᾶν
3253 416 3475 481 πάντως
3507 415 3666 470 κατά
3693 417 3881 470 πάντα

587 515 643 568 in
667 514 876 569 liberos
902 515 1193 570 effusiores
1217 515 1510 581 exsistunt,
1530 531 1843 585 quanquam
1876 516 1912 569 ii
1939 516 2171 571 omnino

583 607 766 660 modis
795 607 1052 661 omnibus
1082 623 1349 676 perquam
1375 607 1594 662 ridiculi
1625 610 1759 671 sint,
1784 607 2033 662 omnium
2055 623 2173 662 mo-

588 697 886 752 destissimi
923 697 1181 753 videntur
1229 714 1294 752 ac
1343 699 1723 753 formosissimi
1769 717 1782 752 :
1827 699 1907 754 sic
1953 714 2171 768 quoque

588 787 867 856 insipienli
900 789 1104 853 animo,
1129 804 1267 858 quos
1297 805 1580 844 sermones
1608 790 1891 859 librosque
1910 789 2169 854 ediderit,

586 879 692 933 etsi
746 881 991 934 omnium
1043 881 1371 950 ineptissimi
1421 882 1552 946 sint,
1606 883 1854 937 omnium
1906 891 2172 952 apparent

585 970 1000 1040 prudentissimi
1030 983 1084 1026 et
1115 973 1404 1041 aptissimi.
1430 973 1500 1029 At
1529 975 1768 1043 sapiens,
1795 988 1906 1027 non
1937 973 2017 1028 sic
2043 988 2173 1027 sen-

589 1063 657 1117 tit
689 1062 757 1116 dc
785 1063 898 1117 suis
933 1064 1279 1118 sermonibus
1313 1081 1325 1118 :
1355 1080 1514 1120 secus
1538 1081 1690 1130 vero,
1729 1081 1853 1120 cum
1879 1066 1990 1136 jam
2021 1074 2174 1120 certo

589 1163 844 1208 constare
902 1154 1186 1219 videatur,
1236 1165 1410 1211 Veros
1470 1171 1592 1210 esse
1648 1172 1712 1211 ac
1774 1157 1984 1220 bonos,
2043 1165 2175 1209 tunc

588 1245 825 1299 maxime
876 1261 976 1300 suo
1028 1246 1145 1314 ipse
1177 1247 1388 1317 judicio
1435 1248 1696 1312 detrahit,
1738 1249 1984 1317 aliosque
2023 1248 2174 1302 viros

589 1331 856 1401 sapientia
895 1343 1138 1398 ornatos,
1172 1351 1485 1390 sermonum
1527 1353 1752 1392 suorum
1793 1337 2173 1405 librorumque

2267 505 2402 564 ὦσιν
2431 511 2478 563 οί
2504 509 2693 572 παῖδες
2714 508 3261 576 καταγελαστότατοι,
3302 512 3534 564 πάντων
3579 512 3878 579 φαίνονται

2267 603 2667 656 ἐπιεικέστατοι
2697 601 2790 654 καὶ
2814 601 3238 672 εὐμορφότατον
3267 602 3412 656 οὑτω
3437 603 3538 655 καὶ
3572 602 3658 670 τῷ
3678 602 3878 672 ἄφρονι

2268 695 2363 766 νῷ,
2398 696 2448 748 oi
2483 692 2649 748 αὑτοῦ
2679 693 2849 761 λόγοι,
2894 693 2995 747 κᾶν
3023 696 3242 748 πάντων
3278 689 3381 748 ὦσι
3424 694 3872 765 μοχθηρότεροι,

2269 788 2486 841 πάντων
2525 787 2805 854 φαίνονται
2853 785 3267 856 φρονιμώτεροι.
3307 785 3401 856 Τῷ
3450 786 3513 839 δὲ
3557 786 3740 855 σοφῷ,
3774 787 3876 854 οὑχ

2275 878 2448 940 οὑτως
2497 879 2547 931 οἱ
2607 877 2804 931 ἐαυτοῦ
2849 877 3032 946 λόγοι·
3083 877 3200 930 ἀλλ’
3228 879 3356 931 ὅταν
3393 878 3528 949 δόξῃ
3587 877 3876 946 πληροφο-

2277 969 2488 1040 ρεῖσθαι
2517 970 2599 1022 ὅτι
2627 969 2851 1038 ἀληθεῖς
2885 968 3124 1023 είσίκαὶ
3156 969 3332 1033 καλοὶ,
3368 970 3492 1022 τότε
3527 969 3781 1040 μάλιστα
3810 970 3875 1021 οὑ

2273 1060 2520 1112 πιστεύει
2546 1063 2610 1128 τῇ
2636 1059 2831 1113 ἑαυτοῦ
2857 1061 3039 1132 κρίσει
3069 1063 3116 1090 ὀ
3145 1059 3262 1114 ἀλλ’
3296 1061 3492 1125 ἄλλους
3521 1063 3736 1130 σοφοὺς
3765 1061 3876 1113 τῶν

2273 1148 2470 1202 ἐαυτοῦ
2517 1149 2691 1217 λόγων
2731 1150 2827 1204 καὶ
2871 1149 3150 1220 λογισμῶν
3190 1151 3385 1220 κριτὰς
3414 1149 3749 1220 καθίστησι,
3800 1153 3878 1222 μὴ

2272 1244 2354 1305 είς
2381 1241 2537 1295 κενὸν
2559 1242 2727 1313 τρέχῃ
2750 1242 2783 1311 ἢ
2811 1241 3046 1313 ἔδραμεν
3075 1243 3169 1296 καὶ⁵
3190 1243 3256 1296 δι’
3280 1242 3483 1308 αὑτῶν,
3501 1243 3608 1314 τὴν
3637 1243 3880 1313 βεῦαίω-

2276 1352 2361 1389 σιν
2395 1337 2460 1390 λα
2468 1337 2683 1405 μῦάνει.

587 1421 750 1494 437
777 1432 831 1478 et
861 1426 1134 1480 rationum
1163 1428 1379 1497 judices
1413 1428 1720 1492 constituit,
1757 1445 1828 1484 ne
1857 1429 1998 1482 forte
2037 1431 2090 1482 in
2120 1441 2354 1482 vacuum
2391 1437 2580 1483 currat
2611 1437 2708 1483 aut
2776 1429 3086 1484 cucurrerit
3113 1429 3197 1496 ⁹³;
3258 1429 3600 1500 illorumque
3628 1431 3873 1509 judicio,

592 1540 751 1579 suum
783 1524 897 1595 ipse
927 1541 1146 1580 sensum
1177 1528 1463 1582 confirmat
1492 1542 1556 1583 ac
1593 1527 1816 1585 statuit.

651 1620 738 1672 59.
789 1617 892 1672 Ubi
952 1619 1359 1686 probrosiorum
1411 1621 1668 1674 vitiorum
1744 1634 1841 1673 seu
1876 1617 2173 1672 aﬂ‘ectuum

591 1708 812 1780 aliquod
839 1708 1064 1772 viceris;
1091 1719 1220 1779 puta
1253 1711 1620 1781 gulosrtatcm,
1641 1718 1737 1765 aut
1759 1710 2174 1772 scortationem,

595 1779 695 1854 aut
718 1800 875 1863 iram,
906 1809 1002 1853 aut
1028 1802 1152 1869 plus
1175 1779 1412 1858 habendi
1448 1819 1700 1873 rapacem
1724 1802 2036 1863 libidinem,
2066 1809 2178 1855 sta-
2210 1779 2249 1833 Β

597 1890 696 1944 tim
729 1891 784 1944 in
817 1900 868 1946 te
897 1893 1106 1946 involat
1146 1893 1325 1949 inanis
1345 1895 1528 1965 gloriae
1567 1895 1783 1948 vitium.
1814 1893 1969 1960 Quod
1999 1892 2046 1947 si
2071 1892 2176 1947 hoc

591 1998 813 2052 quoque
843 1985 1226 2054 superaveris,
1258 1987 1335 2039 illi
1375 1987 1650 2056 superbia:
1676 1986 1869 2039 vitium
1905 1985 2174 2040 succedit.

665 2075 752 2128 60.
789 2075 1060 2130 Probrosa
1117 2077 1303 2131 omnia
1357 2079 1492 2132 vitia
1527 2088 1693 2148 atque
1742 2078 1996 2139 aﬂ'ectus,
2043 2077 2177 2131 dum

592 2165 841 2218 animum
869 2166 1155 2220 subactum
1188 2175 1400 2233 tenent,
1438 2169 1620 2223 inanis
1653 2169 1841 2238 gloriae
1869 2168 2064 2222 vitium
2109 2168 2178 2222 ab

597 2269 666 2309 eo
695 2256 886 2324 procul
935 2257 1241 2323 expellunt.
1281 2259 1384 2314 Ubi
1418 2269 1606 2315 autem
1638 2269 1894 2330 superata
1947 2261 2175 2327 fuerint,

540 2344 556 2357 '
595 2361 722 2415 quae
756 2347 900 2402 dicta
942 2357 1071 2402 sunt
1102 2349 1233 2403 vitia
1288 2351 1494 2415 omnia,
1531 2352 1665 2405 illud
1691 2351 1834 2406 idem
1894 2353 1948 2406 in
2002 2353 2179 2423 ipsum

602 2436 1010 2506 solvuntatque
1058 2439 1384 2495 immittunt.

676 2527 764 2582 6i.
820 2529 1002 2583 Inanis
1052 2531 1245 2600 gloria,
1276 2533 1607 2603 quandoque
1653 2535 1878 2605 quidem
1940 2537 2179 2602 sublata,

601 2619 933 2690 quandoque
976 2629 1160 2676 autem
1217 2638 1468 2688 manens,
1523 2625 1836 2694 superbiam
1889 2629 2052 2696 parit.
2107 2629 2184 2684 Ac

603 2707 828 2776 quidem
858 2709 1093 2773 sublata,
1146 2710 1441 2766 elationem
1479 2713 1647 2768 animi
1693 2715 1799 2769 sibi
1851 2716 2186 2773 blandientis

599 2799 808 2868 gignit;
843 2814 1070 2855 manens
1091 2815 1243 2865 vero,
1270 2804 1636 2872 arrogantiam
1669 2807 1927 2862 sensibus
1959 2808 2181 2878 ingerit.

675 2889 763 2942 6‘2.
786 2888 1006 2942 lnanem
1023 2889 1251 2960 gloriam
1273 2892 1436 2957 tollit,
1456 2895 1707 2948 occultus
1730 2897 1916 2964 operis
1944 2897 2102 2952 labor
2123 2914 2188 2953 ac

606 2979 775 3032 nullis
796 2979 1022 3034 arbitris
1049 2998 1061 3032 :
1094 2981 1413 3050 superbiam
1439 2998 1593 3046 vero.
1625 2987 1773 3054 quod
1807 2987 1919 3042 Deo
1944 2990 2187 3045 ascribas

599 3084 728 3138 quze
758 3070 982 3125 virtutis
1002 3070 1253 3139 palrestra
1280 3067 1429 3126 bona
1449 3075 1617 3142 geris.

677 3161 765 3214 63.
782 3160 886 3226 Qui
904 3161 1242 3217 Deiscientia
1263 3163 1518 3232 dignatus
1539 3177 1643 3231 cst,
1665 3182 1728 3221 ac
1745 3183 1866 3237 qua:
1881 3183 1947 3222 cx
1965 3169 2054 3223 illa
2077 3180 2182 3235 est,

603 3252 906 3320 voluptatis
939 3266 1106 3306 sensu
1142 3269 1269 3308 vere
1308 3255 1553 3310 imbutus
1600 3269 1721 3324 est,
1752 3274 1890 3328 quas
1917 3262 2062 3330 parit
2085 3279 2185 3315 vo-

596 3344 847 3412 luptates
873 3341 1146 3410 cupiditas
1173 3345 1446 3411 aclibido,
1474 3358 1704 3403 cunctas
1743 3350 1920 3404 libens
1951 3353 2181 3421 spernit.

674 3522 766 3576 64.
802 3522 908 3588 Qui
948 3532 1292 3579 terrenorum
1320 3527 1619 3596 cupiditate
1649 3529 1890 3595 ducitur,
1913 3540 2008 3585 aut
2031 3533 2186 3586 cibo-

612 3627 734 3666 rum
757 3612 979 3667 ducitur
1017 3615 1337 3685 cupiditate,
1373 3628 1468 3672 aut
1508 3636 1900 3687 venereorum,
1951 3633 2046 3677 aut
2088 3624 2189 3678 liu-

612 3719 787 3759 mana:
817 3705 1022 3776 gloriae,
1059 3717 1155 3761 aut
1187 3710 1571 3777 pecuniarum,
1624 3721 1722 3766 aut
1746 3715 2051 3786 cujuspiam
2097 3732 2189 3770 eo-

614 3813 759 3861 rum,
781 3813 906 3867 quze
943 3797 1033 3852 illa
1075 3809 1387 3870 sequuntur
1419 3819 1433 3856 :
1467 3819 1532 3857 ac
1561 3803 1666 3858 nisi
1703 3805 1791 3860 bis
1839 3809 2190 3875 praestantius

609 3886 816 3956 aliquid
847 3887 1033 3942 animo
1083 3898 1358 3955 occurrat,
1389 3907 1499 3961 quo
1527 3891 1618 3946 ille
1649 3892 1981 3949 desiderium
2015 3905 2188 3950 trans-

611 3976 772 4040 ferat,
807 3979 958 4032 nulla
1002 3995 1061 4034 re
1114 3983 1438 4047 suadeatur,
1475 3991 1538 4038 ut
1576 3983 1692 4038 hzec
1739 3999 1970 4053 prorsus
1998 3995 2186 4039 come-

612 4076 784 4121 mnat.
834 4065 931 4122 His
959 4083 1127 4137 porro
1157 4070 1253 4124 Dei
1293 4085 1355 4124 ac
1403 4070 1714 4126 divinorum
1760 4073 2019 4137 scientia,
2053 4073 2188 4126 citra

611 4176 828 4214 onmem
866 4163 1354 4231 comparationem,
1376 4164 1724 4233 praestantior
1751 4175 1856 4219 est.

801 4249 903 4316 Qui
948 4253 1251 4322 voluptates
1276 4262 1656 4318 contemnunt,
1695 4263 1790 4308 aut
1831 4253 2029 4308 timore
2059 4268 2188 4307 con-

614 4347 888 4405 temnunt,
913 4351 1008 4395 aut
1038 4359 1154 4411 spe,
1191 4353 1289 4398 aut
1319 4345 1569 4409 scientia,
1599 4355 1693 4399 aut
1727 4346 1892 4399 etiam
1918 4346 2186 4400 charitate

617 4431 673 4484 in
705 4432 900 4487 Deum.

560 4507 562 4514 ’
687 4523 774 4576 66.
801 4522 932 4588 Qua:
967 4524 1082 4579 sine
1116 4526 1315 4582 affectu
1341 4543 1403 4582 ac
1443 4529 1711 4597 passionis
1744 4544 1942 4598 expers
1978 4529 2195 4584 divino-

619 4627 742 4665 rum
768 4615 996 4670 scientia
1029 4626 1133 4681 est,
1157 4619 1300 4673 haud
1333 4620 1466 4674 satis
1489 4620 1556 4673 ad
1583 4627 1921 4676 terrenorum
1949 4630 2196 4676 contem-

617 4711 775 4766 ptum
830 4705 1074 4760 animum
1131 4709 1392 4775 inducit;
1458 4710 1554 4764 sed
1623 4710 1782 4764 nuda:
1845 4712 2194 4782 simplicique

695 4868 740 4899 ’³
775 4865 954 4920 Galat.
996 4885 1028 4921 ιι
1083 4867 1138 4921 2.

2353 1614 2450 1668 νθ’.
2480 1615 2650 1668 Ὅταν
2683 1615 2805 1670 τινὰ
2834 1616 3063 1686 νικήσῃς
3092 1615 3203 1668 τῶν
3249 1615 3598 1687 ἀτιμοτὲρων
3634 1617 3871 1670 παθῶν·

2280 1699 2412 1771 οἷον,
2476 1705 2508 1778 ἢ
2569 1706 3036 1778 γαστριμαργίαν,
3089 1706 3121 1778 ἢ
3173 1708 3451 1776 πορνείαν,
3501 1708 3531 1778 ἤ
3586 1709 3794 1779 ὀργὴν,
3839 1709 3872 1777 ἦ

2279 1797 2613 1864 πλεονεξίαν,
2639 1799 2802 1861 εὑθὺς
2830 1799 3127 1868 ἐφίπταται
3155 1800 3246 1852 ἐπὶ
3277 1800 3335 1852 σέ
3365 1803 3392 1853 ό
3417 1801 3516 1870 τῆς
3551 1800 3875 1866 κενοδοξίας

2275 1889 2536 1960 λογισμός
2561 1907 2574 1921 ⁸
2606 1889 2704 1943 ἐὰν
2726 1889 2783 1942 δὲ
2805 1889 2996 1943 τοῦτον
3023 1892 3276 1962 νικήσῃς,
3302 1892 3330 1943 ό
3356 1891 3453 1963 τῆς
3476 1892 3874 1962 ὑπερηφανίας

2275 1979 2601 2051 διαδέχεται.

2349 2071 2411 2137 ξ’.
2451 2072 2637 2126 Πάντα
2672 2073 2741 2126 τά
2775 2074 2951 2142 ἄτιμα
2995 2071 3142 2144 πάθη
3177 2072 3481 2142 κρατοῦντα
3528 2074 3638 2144 τῆς
3666 2075 3871 2146 ψυχῆς,

2279 2162 2371 2215 τὸν
2399 2163 2498 2233 τῆς
2529 2163 2840 2231 κενοδοξίας
2866 2162 2926 2229 ἐξ
2963 2165 3131 2236 αὑτῆς
3153 2165 3518 2219 ἀπελαύνουσι
3556 2166 3871 2238 λογισμόνο

2281 2254 2376 2307 καὶ
2400 2255 2618 2310 πάντων
2643 2256 2756 2309 τῶν
2790 2257 3208 2328 προειρημένων
3238 2258 3576 2328 ἡττωμένων
3606 2259 3756 2331 (28),
3787 2263 3872 2313 ἐπ’

2281 2343 2446 2398 αὑτὸν
2477 2343 2800 2399 ἀναλύουσιν
2842 2347 2932 2416 (r).

2357 2520 2455 2585 ξα’.
2500 2522 2563 2574 Ἠ
2590 2522 2889 2588 κενοδοξία,
2915 2522 3044 2576 ποτὲ
3081 2525 3180 2594 μὲν
3209 2525 3612 2597 ἀναιρουμένη,
3652 2528 3792 2582 ποτὲ
3816 2528 3870 2582 δὲ

2286 2613 2544 2684 μένουσα,
2567 2613 2740 2666 τίκτει
2769 2614 2867 2683 τὴν
2897 2615 3278 2685 ὑπερηφανίαν
3298 2633 3313 2648 ο
3357 2617 3452 2669 καὶ
3485 2619 3870 2690 ἀναιρουμένη

2287 2705 2408 2774 μὲν,
2438 2704 2616 2775 οῐησιν
2649 2705 2869 2774 ἐμποιεῖ
2889 2723 2903 2738 ο
2935 2699 3174 2776 μένουσα
3201 2707 3278 2774 δὲ,
3309 2709 3660 2774 ἀλαζονείαν.

2361 2884 2460 2955 ξβ’.
2497 2886 2562 2955 (ε)
2618 2885 2942 2950 Κενοδοξίαν
2972 2888 3203 2958 ἀναιρεῖ,
3257 2889 3291 2958 ἡ
3339 2889 3562 2961 κρυπτὴ
3591 2891 3866 2960 ἐργασία.

2287 2976 2666 3046 ὑπερηφανίαν
2692 2977 2772 3042 δὲ,
2809 2979 2868 3030 τὸ
2900 2976 2978 3048 τῷ
3008 2978 3128 3049 Θεῷ
3173 2980 3507 3049 ἐπιγράφειν
3553 2981 3625 3035 τά
3669 3001 3867 3055 κατορ-

2286 3067 2534 3138 θώματα.

2363 3160 2466 3228 ξγ’.
2516 3161 2576 3214 '0
2614 3161 2866 3228 γνώσεως
2911 3161 3046 3214 Θεοῦ
3096 3161 3477 3228 καταξιωθεὶς,
3522 3166 3619 3232 καὶ
3665 3168 3764 3236 τῆς
3803 3170 3864 3219 ἐκ

2285 3251 2488 3318 ταύτης
2518 3252 2710 3323 ήδονῆς
2731 3251 3045 3315 ἀπολαύσας
3068 3253 3328 3324 γνησίως,
3349 3249 3510 3317 οὗτος
3533 3260 3864 3326 καταφρονεῖ

2285 3344 2393 3397 τῶν
2466 3345 2531 3397 ἐκ
2603 3345 2696 3398 τοῦ
2775 3345 3175 3416 ἐπιθυμητικοῦ
3248 3348 3592 3418 τικτομένων
3673 3352 3861 3404 πασῶν

2287 3433 2510 3506 ἡδονῶν.

2360 3527 2454 3594 ξδ’.
2519 3527 2578 3580 '0
2635 3526 2920 3598 ἐπιθυμῶν
2958 3526 3068 3580 τῶν
3125 3527 3409 3595 ἐπιγείων,
3467 3530 3499 3599 ἢ
3560 3529 3854 3599 βρωμάτων

2287 3619 2566 3690 ἐπιθυμεῖ,
2610 3619 2643 3690 ἢ
2687 3619 2798 3672 τῶν
2827 3619 2896 3672 τὰ
2944 3619 3292 3690 ὑπογάστρια
3348 3621 3757 3692 θεραπευόντων,
3802 3621 3835 3690 ἦ

2285 3709 2442 3780 δόξης
2466 3709 2834 3780 ἀνθρωπίνης,
2867 3708 2898 3779 ἢ
2927 3709 3245 3780 χρημάτων,
3287 3711 3321 3782 ἦ
3377 3728 3508 3773 τινος
3549 3709 3705 3762 ἄλλου
3733 3711 3845 3763 τῶν

2287 3801 2496 3863 τούτοις
2541 3800 2824 3869 ἑπομένων
2849 3816 2863 3830 ·
2920 3800 3016 3853 καὶ
3069 3803 3117 3854 εί
3155 3801 3230 3872 μή
3279 3819 3336 3854 τι
3379 3801 3582 3854 τούτων
3609 3804 3858 3872 κρεῖττον

2288 3891 2438 3962 εῦροι
2468 3893 2497 3944 ό
2526 3890 2671 3955 νοῦς,
2709 3892 2794 3958 ἐφ’
2833 3884 2878 3959 ᾧ
2921 3891 3020 3962 τὴν
3064 3892 3362 3962 ἐπιθυμίαν
3399 3894 3729 3965 μετενέγκῃ,
3769 3895 3866 3947 οῦκ

2289 3983 2357 4036 ἂν
2391 3983 2598 4035 τούτων
2632 3986 2992 4058 καταφρονεῖν
3029 3985 3109 4047 είς
3141 3984 3292 4048 τέλος
3328 3987 3558 4056 πεισθῇ.
3593 3986 3867 4056 Κρείττων

2288 4072 2345 4124 δὲ
2375 4071 2580 4125 τούτων
2611 4073 2978 4144 άσυγκρίτως,
3008 4075 3040 4144 ἡ
3074 4072 3168 4126 τοῦ
3204 4073 3341 4126 Θεοῦ
3378 4073 3597 4142 γνῶσις
3641 4075 3738 4128 καὶ
3774 4075 3871 4126 τῶν

2290 4160 2453 4214 θείων
2488 4163 2626 4216 ἐστί.

2361 4250 2454 4320 ξε’.
2486 4253 2549 4306 Oi
2579 4252 2686 4304 τῶν
2713 4253 2916 4323 ἡδονῶν
2938 4253 3433 4323 καταφρονοῦντες,
3461 4257 3497 4325 ἢ
3533 4255 3697 4327 φόϐῳ
3720 4273 3879 4310 κατα-

2289 4343 2578 4415 φρονοῦσιν
2617 4344 2750 4415 (29),
2801 4344 2834 4414 ἢ
2876 4344 3068 4408 ἐλπίδι,
3115 4345 3149 4415 ἢ
3200 4344 3425 4412 γνώσει,
3472 4347 3509 4416 ἧ
3572 4349 3679 4401 καὶ
3713 4351 3781 4420 τῇ
3813 4349 3883 4409 είς

2126 4476 2134 4484 .
2222 4466 2264 4520 D
2292 4437 2422 4488 Θεὸν
2449 4437 2657 4506 ἀγάπῃ.

2367 4525 2468 4592 ξςῖ
2520 4529 2582 4580 Ἡ
2633 4527 2760 4581 ἄνευ
2793 4527 2998 4589 πάθους
3051 4527 3160 4578 τῶν
3210 4525 3374 4579 θείων
3418 4528 3648 4595 γνῶσις
3684 4531 3772 4602 (ι),
3831 4529 3884 4582 οὑ

2294 4619 2471 4672 πείθει
2540 4619 2629 4671 τδν
2666 4618 2789 4672 νοῦν
2829 4619 2909 4681 εἰς
2949 4617 3100 4680 τέλος
3148 4622 3530 4689 καταφρονεῖν
3575 4623 3702 4675 τῶν
3742 4639 3892 4693 προσ-

2297 4711 2454 4764 ύλων·
2485 4711 2599 4762 ἀλλ’
2631 4709 2772 4763 ἔοικε
2795 4709 3038 4780 λογισμῷ
3062 4709 3202 4780 ψιλῷ
3233 4711 3578 4780 πράγματος
3610 4713 3892 4785 αἰσθητοῦ.

694 5002 709 5018 ⁶
734 5001 902 5069 Marg.
927 5001 1014 5052 Fr.
1035 4999 1193 5052 Φοῦεἰ
1216 5017 1282 5069 με
1307 4999 1498 5066 ταῦτα,
1521 5001 1615 5054 καὶ
1633 5001 1866 5069 γράφειν
1888 4997 2184 5068 ἀποτρέπει

2283 4999 2469 5053 'errcut
2502 5015 2582 5052 me
2608 5001 2734 5065 ista,
2766 5009 2814 5052 et
2852 5018 2883 5054 α
2913 4999 3182 5054 scribendo
3216 5011 3493 5057 avcmmt.

695 5135 764 5204 (r)
812 5135 938 5185 Ἐπ’
971 5133 1578 5204 αὺτὸγμάναλύρυσιν.
1625 5133 1804 5204 Edita,
1845 5129 2191 5204 ἀπολύουσιν,

623 5199 769 5280 quod
800 5218 961 5258 sensu
1001 5218 1107 5280 non
1135 5202 1345 5280 differt.
1369 5202 1614 5280 Sumitur
1645 5199 2101 5280 .8llimhdya).t3§t‘l.
2138 5210 2196 5255 et

625 5269 908 5348 ἆνάλυσις,
938 5289 1039 5342 pro
1062 5272 1295 5348 simplici
1331 5272 1481 5348 λύειν
1513 5283 1567 5326 et
1598 5272 1768 5348 λύσις.
1793 5269 2030 5348 .Solvunt
2088 5269 2192 5348 ita-

625 5359 752 5411 que,
785 5339 1084 5410 sinuiitque
1116 5339 1373 5396 invadere
1397 5343 1632 5396 animam
1660 5339 1836 5411 inanis
1872 5339 2059 5411 gloriae
2115 5339 2196 5391 vi-

627 5408 785 5476 tium,
809 5429 968 5482 quam
992 5408 1115 5482 ejus
1137 5412 1426 5482 patientes,
1459 5410 1708 5482 probrosi
1743 5409 1818 5462 illi
1857 5408 2106 5482 allectus,
2132 5424 2198 5462 ea

627 5477 1036 5550 propell'ebantf
1087 5477 1288 5549 Obsop.
1358 5477 1586 5535 barbare
1658 5477 2198 5550 prorsus_nulloque

626 5545 789 5620 sensu
821 5551 1018 5604 reddit.
1057 5545 1440 5620 Gesnfinepta
1492 5545 1836 5616 conjectura,
1873 5545 2027 5599 Forte
2097 5545 2196 5602 ἁπ-

623 5618 861 5675 ελπύνει.
890 5635 1050 5688 quam
1080 5630 1133 5673 et
1158 5618 1474 5689 Billiusjam
1511 5620 1732 5673 suilixit.

693 5689 762 5758 (δ)
793 5689 934 5742 Editi
976 5689 1076 5742 hoc
1106 5688 1398 5756 capitulum
1424 5689 1691 5758 superiori
1734 5697 1991 5756 nectunt;
2054 5688 2196 5744 unde

2298 5146 2398 5184 nec
2436 5131 2736 5185 centuriam
2765 5146 2883 5201 cap.
2908 5132 3217 5201 absolvunt.

2368 5203 2429 5270 (ι)
2474 5199 3114 5282 Ἠηᾶνευπάᾂουςκτῷξς
3157 5205 3338 5282 Ostrea!
3393 5205 3667 5276 γνῶσις,
3706 5213 3897 5282 Opsnp.

2298 5268 2462 5350 Gesn.
2512 5268 2764 5358 Cog'n‘itio.
2806 5272 2870 5325 ab
2925 5268 3414 5358 aﬂectibusnaliend
3450 5293 3469 5328 :
3515 5268 3690 5358 quasi
3745 5268 3899 5343 ὗιάθὲς

2293 5339 2485 5418 vitium
2521 5339 2897 5418 a-e’libidinem
2931 5339 3017 5394 hic
3046 5340 3345 5418 signiticet,
3376 5359 3494 5399 non
3531 5339 3732 5418 ipsum
3779 5339 3901 5408 cha;

2292 5409 2470 5464 ritatis
2494 5410 2922 5490 aﬂeptumncum
2950 5409 3187 5490 quodam
3221 5409 3573 5471 divinornnf
3616 5433 3790 5490 gustu
3848 5436 3901 5475 ac

2293 5494 2478 5558 sensu,
2509 5478 2600 5547 qui
2638 5481 2910 5558 przecipue
2940 5478 3220 5558 sapientiae
3247 5492 3336 5536 est
3365 5500 3379 5535 :
3422 5478 3719 5558 vocatque
3765 5492 3900 5545 idem

2293 5549 2558 5630 alarimus
2591 5552 2983 5630 sequenticap.
3036 5550 3330 5630 Μακάριόν
3382 5556 3568 5620 πάθος
3611 5549 3721 5630 τῆς
3752 5563 3901 5628 ἁγίας

2293 5619 2677 5743 ῗγάπηῖηηυρ
2707 5620 2784 5675 ait
2833 5618 3069 5675 mentem
3133 5618 3347 5676 diVinis
3399 5618 3902 5699 contemplationi;

2336 5704 2400 5743 us
2427 5704 2487 5743 as
2517 5704 2676 5743 nam.

2336 5704 2400 5744 us
2427 5704 2676 5758 asmngi.
