4140 6322
361 346 489 410 1037

1229 338 1563 398 CAPITUM
1599 337 1695 398 DE
1733 336 2162 397 CHARITATE
2196 335 2585 395 CENTURIA
2625 336 2738 394 Ill.

3463 343 3597 402 1028

349 455 442 514 Διδ
471 453 701 517 πολλοῖς
763 454 913 507 ἔστιν
971 452 1153 524 εὑρεῖν
1207 451 1316 505 τῶν
1357 450 1661 522 ἀνθρώπων
1713 451 1919 520 γνῶσιν

2026 466 2209 504 rerum
2253 451 2540 506 sensilium
2602 449 2924 520 cogitationi
2970 449 3169 505 similis
3229 452 3466 506 exsistit.
3516 456 3600 509 ld-

351 549 572 618 Εχοντας
627 545 848 614 πολλὴν,
905 545 1000 600 καὶ
1047 547 1105 599 ὲν
1155 545 1266 608 τοῖς
1325 545 1427 613 τῆς
1479 544 1684 614 σαρκὸς
1727 542 1924 598 πάθεσι

350 641 508 709 δίκην
563 638 764 708 χοίρων
815 639 873 689 ἐν
934 636 1182 707 βορϐόρῳ
1241 636 1710 706 κυλινδουμένους.
1779 635 1922 705 Πρὸς

349 729 533 797 ὀλίγον
585 729 695 800 γὰρ
749 728 806 794 ἐξ
855 727 1173 798 ἐπιμελείας
1225 726 1613 796 καθαρθέντες,
1669 727 1764 781 καὶ
1823 727 1923 796 τῆς

349 819 603 889 γνώσεως
631 819 1001 889 ἐπιτυχόντες,
1028 818 1255 889 ὕστερον
1279 818 1669 889 ἀμελήσαντες,
1704 815 1921 888 ὡμοιώ-

351 912 524 983 θησαν
570 910 646 981 τῷ
692 910 902 964 Σαοῦλ-
957 909 1014 974 ὃς
1071 908 1348 980 βασιλείας
1401 908 1782 975 καταξιωθείς,
1828 908 1924 962 καὶ

350 1000 587 1065 ἀναξίως
649 1000 1129 1072 πολιτευσάμενος,
1187 999 1304 1072 μετ’
1360 999 1530 1070 ὀργῆς
1577 998 1816 1068 φοϐερᾶς
1865 998 1922 1065 ἐξ

353 1097 524 1168 αὐτῆς
557 1085 866 1166 ἀπεϐλήθη.

421 1277 518 1344 EC.
556 1278 766 1346 Ὠσπερ
789 1276 818 1328 ὁ
849 1275 1001 1345 ψιλὸς
1035 1275 1144 1329 τῶν
1183 1275 1542 1346 ἀνθρωπίνων
1585 1277 1924 1347 πραγμάτων

351 1367 612 1438 λογισμὸς
643 1367 776 1433 (30),
804 1367 905 1420 οὑκ
930 1367 1234 1434 ἀναγκάζει
1263 1365 1357 1420 τὸν
1404 1366 1529 1419 νοῦν
1563 1367 1925 1436 καταφρονεῖν

351 1461 462 1512 τῶν
485 1459 664 1512 θείων*
697 1457 870 1521 οὑτως
893 1458 1012 1511 οὑδὲ
1035 1458 1163 1528 ψιλὴ
1185 1458 1387 1526 γνῶσις
1411 1458 1521 1511 τῶν
1541 1457 1719 1518 θείων.
1747 1457 1923 1511 πείθει

353 1553 433 1613 εἰς
484 1549 636 1612 τέλος
687 1550 1045 1619 καταφρονεῖν
1088 1548 1196 1600 τῶν
1243 1547 1634 1618 ἀνθρωπίνων
1687 1548 1820 1602 διότι
1867 1551 1924 1602 ὲν

356 1643 536 1703 σκιαῖς
569 1640 662 1693 νῦν
700 1640 932 1710 ὑπάρχει
980 1639 1074 1693 καὶ
1106 1642 1394 1710 εἰκασμοῖς
1433 1641 1466 1710 ὴ
1515 1639 1763 1712 ἀλήθεια.
1814 1641 1926 1695 Καὶ

354 1732 445 1786 διὰ
473 1733 630 1786 τοῦτο
669 1733 839 1787 δεῖται
891 1732 983 1786 τοῦ
1034 1734 1304 1803 μακαρίου
1361 1734 1563 1796 πάθους
1611 1734 1711 1802 τῆς
1763 1734 1925 1802 ἁγίας

354 1825 602 1894 ἀγάπης,
629 1825 727 1894 τῆς
763 1823 1167 1894 συνδεσμοὺσης
1192 1823 1283 1876 τὸν
1317 1822 1443 1876 νοῦν
1471 1824 1584 1886 τοῖς
1619 1839 1923 1891 πνευματι-

355 1919 470 1979 κοῖς
537 1916 877 1986 θεωρήμασι,
949 1915 1043 1967 καὶ
1108 1914 1404 1983 πειθούσης
1474 1917 1748 1985 προτιμᾷν
1813 1914 1923 1967 τῶν

355 2009 574 2076 ὑλικῶν,
605 2009 672 2063 τὰ
693 2010 831 2064 ἄῡλα
853 2026 867 2039 °
903 2009 997 2063 καὶ
1026 2008 1135 2062 τῶν
1176 2007 1451 2068 αἰσθητῶν
1519 2008 1590 2062 τὰ
1627 2007 1796 2078 νοητά
1832 2009 1926 2062 καὶ

354 2107 492 2161 θεῖα.

423 2199 522 2270 ξη’.
569 2199 642 2252 Οὑ
681 2199 899 2262 πάντως
943 2202 972 2253 ὁ
1009 2201 1078 2253 τὰ
1114 2199 1260 2268 πάθη
1291 2197 1551 2266 ἐκκόψας,
1599 2197 1693 2251 καὶ
1734 2195 1924 2266 ψιλοὺς

353 2291 481 2353 τοὺς
501 2291 796 2358 λογισμοὺς
841 2289 1240 2360 ἐργασάμενος,
1275 2288 1378 2360 ἤδη
1427 2287 1565 2342 αὑτά
1607 2287 1702 2339 καὶ
1731 2287 1822 2340 ἐπὶ
1851 2285 1923 2340 τὰ

352 2382 474 2436 οεῖα
513 2381 738 2452 ἔτρεψεν
765 2395 780 2409 ο
829 2381 964 2434 ἀλλά
999 2381 1243 2444 δύναται,
1278 2382 1414 2450 μήτε
1446 2379 1584 2449 πρὸς
1610 2379 1678 2432 τὰ
1708 2378 1923 2450 ἀνθρώ-

352 2490 483 2526 πινα
519 2474 767 2543 πάσχειν,
825 2473 960 2542 μήτε
1007 2472 1143 2542 πρὸς
1191 2471 1260 2524 τὰ
1308 2469 1459 2524 θεῖα·
1515 2470 1651 2538 ὅπερ
1687 2469 1923 2538 ἐπισυμ-

353 2564 526 2616 ϐαίνει
551 2565 642 2616 ἐπὶ
670 2565 778 2616 τῶν
807 2562 1124 2632 πρακτικῶν
1159 2561 1338 2632 μόνον,
1360 2561 1453 2615 καὶ
1473 2558 1924 2631 μήπωξγνώσεως

353 2653 798 2719 καταξιωθέντων
829 2655 977 2724 (51)·
1037 2653 1086 2706 οἶ
1128 2653 1278 2723 φόϐῳ
1325 2652 1622 2720 κολάσεως,
1661 2651 1694 2722 ἢ
1747 2651 1924 2705 ἐλπίδι

355 2743 633 2814 βασιλείας
657 2743 768 2797 τῶν
801 2742 990 2798 παθῶν
1016 2744 1333 2812 ἀπέχονται.

424 2915 484 2982 ξθ
509 2957 522 2972 .
553 2917 655 2970 Διὰ
681 2918 941 2984 πίστεως
978 2915 1442 2986 περιπατοῦμεν,
1473 2915 1544 2968 οὐ
1571 2913 1668 2968 διὰ
1689 2913 1889 2978 εἴδους
1906 2929 1918 2942 ⁸

354 3009 450 3062 καὶ
471 3011 525 3059 ὲν
552 3008 835 3077 ἐσόπτροις
849 3007 947 3078 τὴν
963 3007 1163 3075 γνῶσιν
1185 3004 1378 3076 ἔχομεν
1399 3004 1475 3076 (ιι)
1495 3003 1589 3057 καὶ
1613 3003 1918 3073 αἰνίγμασι.

357 3102 469 3154 Καὶ
492 3100 580 3153 διὰ
606 3100 780 3163 τοῦτο,
815 3099 1015 3169 πολλῆς
1056 3097 1292 3168 δεόμεθα
1319 3096 1418 3166 τῆς
1448 3098 1505 3151 ὲν
1546 3095 1729 3157 αὐτοῖς
1758 3095 1922 3164 ἀσχο-
1951 3120 1994 3178 C

357 3191 498 3255 λίας,
543 3193 630 3246 ἵνα
665 3193 730 3262 τῇ
761 3191 952 3262 χρονία
987 3188 1194 3244 τούτων
1229 3188 1432 3260 μελέτῃ
1479 3187 1574 3240 καὶ
1615 3185 1923 3256 ἀδολεσχίᾳ,

355 3285 466 3352 ῑξιν
500 3285 947 3339 δυσαπόσπαστον
977 3283 1084 3337 τῶν
1111 3281 1484 3353 θεωρημάτων
1514 3279 1854 3351 ποιήσωμεν.

423 3458 488 3517 0'.
535 3461 660 3514 Ἐὰν
687 3459 823 3531 πρὸς
851 3458 1028 3526 ὀλίγον
1050 3457 1160 3509 τῶν
1186 3454 1374 3510 παθῶν
1402 3453 1499 3516 τὰς
1541 3450 1719 3514 αἰτίας
1761 3450 1922 3504 ὲκκό·

354 3553 556 3625 ψαντες
581 3553 690 3615 τοῖς
711 3551 1096 3620 πνευματικοῖς
1112 3544 1562 3617 ὲνασχοληθῶμεν
1583 3543 1758 3614 θεωρὴ
1768 3558 1921 3612 μασι,

360 3645 434 3715 μὴ
467 3645 526 3698 ἐν
549 3643 730 3706 αὑτοῖς
750 3641 806 3694 δὲ
837 3641 921 3694 ἀεὶ
937 3639 1326 3711 διατρίψωμεν,
1361 3635 1495 3689 αὑτὸ
1522 3633 1680 3688 τοῦτο
1712 3633 1925 3704 ἔχοντες

356 3739 536 3810 ἔργον,
575 3737 813 3809 εὐχερῶς
840 3736 1002 3790 πάλιν
1023 3735 1113 3786 ὲπί
1144 3732 1214 3785 τά
1241 3732 1340 3801 τῆς
1372 3728 1572 3798 σαρκὸς
1594 3727 1743 3796 πάθη
1766 3743 1922 3797 περι-

355 3827 672 3898 τρεπόμεθα
703 3826 813 3895 (52)
834 3841 847 3856 °
887 3824 1054 3896 μηδὲν
1083 3823 1212 3877 ἄλλο
1240 3819 1450 3874 ἐκεῖθεν
1473 3817 1921 3888 καρπωσάμενοι,

356 3917 390 3989 ἢ
431 3917 593 3988 ψιλὴν
645 3917 845 3986 γνῶσιν
887 3916 1024 3988 μετὰ
1065 3916 1332 3985 οίήσεωςο
1387 3905 1456 3983 ἦς
1496 3909 1558 3963 τὸ
1583 3908 1754 3972 τέλος,
1801 3909 1835 3979 ἥ
1861 3926 1921 3961 τε

357 4009 529 4079 αὑτῆς
561 4008 701 4062 κατά
731 4009 925 4079 μικρὸν
973 4008 1072 4078 τῆς
1124 4003 1372 4075 γνώσεως
1420 4001 1706 4064 σκότωσις,
1760 3999 1855 4053 καὶ
1891 4000 1925 4069 ἡ

358 4100 626 4170 παντελὴς
655 4099 749 4152 τοῦ
780 4099 872 4154 νοῦ
901 4099 995 4152 ἐπὶ
1027 4097 1094 4152 τὰ
1123 4095 1283 4150 ὑλικά
1307 4093 1572 4164 ἐκτροπή.

2027 541 2178 595 circo
2211 555 2324 594 non
2387 554 2593 608 paucos
2641 539 2928 602 invenias,
2983 538 3075 608 qui
3110 539 3315 609 ingenti
3371 543 3601 598 scientia

2028 633 2267 702 praediti,
2331 648 2492 687 suum
2525 648 2678 687 more
2707 633 2761 686 in
2788 647 2967 697 coeno,
3021 632 3077 686 in
3105 635 3286 688 carnis
3313 634 3604 692 affectibus

2027 739 2091 778 ac
2147 725 2474 780 libidinibus
2513 724 2914 779 volutentur“.
2973 725 3264 795 Tantisper
3299 728 3468 793 enim,
3513 745 3600 794 ea,

2027 828 2192 884 quam
2257 815 2668 880 adhibuerunt,
2728 814 3012 884 diligentia
3069 815 3283 885 purgati
3343 819 3601 885 nactique

2027 905 2336 970 scientiam,
2367 904 2716 974 postmodum
2753 905 3178 975 negligentiores
3205 906 3409 972 ell'ecti,
3452 906 3600 962 Sauli

2032 995 2240 1051 similes
2271 996 2624 1050 exstiterunt.
2651 997 2702 1050 Is
2744 1011 2982 1066 namque
3014 1011 3183 1066 regno
3216 996 3445 1066 potitus,
3495 1013 3602 1054 nec

2027 1087 2124 1141 illo
2151 1096 2210 1139 ut
2235 1088 2462 1157 dignum
2498 1087 2664 1158 438
2692 1097 2812 1143 erat
2841 1104 2904 1144 ac
2932 1105 3020 1144 res
3057 1090 3318 1160 poscebat
3360 1091 3597 1146 admini-

2028 1183 2222 1236 strato,
2261 1175 2596 1230 formidabili
2629 1177 2724 1231 irae
2743 1178 3013 1247 exemplo,
3040 1193 3107 1232 eo
3141 1178 3388 1250 dcjectus
3419 1190 3528 1236 est.

2097 1267 2186 1322 67.
2221 1267 2692 1334 Quemadmodum
2736 1270 2967 1339 simplex
2999 1269 3255 1340 nudaque
3285 1287 3466 1326 rerum
3498 1272 3602 1327 hu—

2027 1372 2312 1410 manarum
2357 1358 2640 1428 cogitatio.
2672 1373 2782 1412 non
2815 1357 2961 1427 cogit
2993 1358 3235 1413 animum
3270 1375 3359 1414 res
3386 1360 3601 1415 divinas

2026 1448 2365 1517 contemptui
2401 1449 2626 1513 habere,
2661 1450 2743 1504 sic
2764 1467 2866 1506 nec
2900 1453 3133 1521 simplex
3162 1454 3480 1510 divinarum
3507 1473 3601 1512 co-

2026 1538 2198 1608 gnitio
2225 1537 2290 1592 ad
2317 1538 2680 1598 humanarum
2711 1556 2937 1610 prorsus
2961 1551 3332 1612 contemptum
3378 1547 3546 1617 adigit
3583 1565 3599 1601 :

2026 1629 2172 1699 quod
2212 1645 2410 1699 nempe
2443 1631 2669 1695 veritas,
2703 1632 2971 1687 hactenus
3005 1635 3166 1690 nobis
3203 1636 3258 1690 in
3295 1638 3504 1696 umbris
3538 1654 3603 1694 ac

2027 1720 2339 1776 simulacris
2382 1724 2664 1776 consistat.
2717 1722 2965 1793 llincque
3000 1725 3137 1779 adeo
3175 1735 3297 1791 est,
3331 1738 3392 1782 ut
3440 1729 3603 1784 beato

2028 1811 2319 1866 charitatis
2347 1813 2544 1867 atl‘ectu
2585 1829 2650 1867 ac
2674 1815 2929 1882 passione
2972 1817 3316 1886 spiritalibus
3351 1831 3604 1874 contem-

2027 1901 2366 1970 plationibus
2403 1917 2466 1956 ac
2497 1904 2674 1958 sensis
2707 1913 2944 1960 mentem
2979 1906 3285 1971 addicente,
3328 1910 3600 1981 indigeat;

2025 2008 2253 2062 quaeque
2294 1996 2562 2060 terrenis,
2603 2011 2666 2050 ea
2689 2013 2812 2066 qua:
2851 2008 3047 2054 vacant
3079 2002 3342 2065 materia,
3387 2005 3603 2059 sensili-

2027 2082 2264 2152 busquc,
2297 2084 2570 2154 Spiritalia
2611 2100 2675 2139 ac
2699 2086 2885 2140 divina
2914 2087 3189 2144 anteferre
3220 2090 3467 2146 suadeat.

2095 2175 2183 2230 68.
2214 2177 2333 2230 Non
2371 2177 2596 2232 omnino
2620 2178 2714 2246 qui
2755 2178 2986 2234 allectus
3019 2196 3084 2235 ac
3108 2181 3369 2237 libidines
3407 2199 3603 2254 ampu-

2027 2268 2181 2335 tavit,
2226 2269 2508 2340 auimique
2559 2269 2802 2326 rationes
2861 2271 3142 2342 simplices
3184 2274 3443 2341 reddidit,
3486 2277 3600 2347 jam

2025 2376 2245 2431 quoque
2266 2361 2497 2416 allectus
2520 2361 2588 2416 ad
2618 2362 2804 2416 divina
2835 2365 3140 2418 convertit:
3180 2366 3278 2421 sed
3321 2367 3438 2421 ﬁeri
3496 2383 3601 2438 po-

2027 2459 2150 2516 test,
2179 2459 2239 2506 ut
2278 2466 2457 2522 neque
2491 2451 2880 2517 humanarum,
2909 2469 3013 2508 nec
3041 2454 3354 2510 divinarum
3411 2473 3598 2512 rerum

2024 2555 2190 2595 sensu
2217 2539 2517 2607 alliciatur;
2558 2541 2636 2595 uti
2665 2541 2721 2595 in
2749 2541 2858 2597 illis
2887 2544 3134 2612 proclive
3163 2554 3269 2609 est,
3297 2548 3388 2616 qui
3417 2549 3594 2602 actio-

2023 2645 2149 2684 nem
2195 2629 2404 2697 colunt,
2448 2645 2512 2684 ac
2565 2629 2802 2688 necdum
2863 2632 3318 2690 scientiadonari
3371 2652 3592 2692 merue-

2025 2728 2176 2787 runt,
2202 2721 2295 2790 qui
2323 2736 2516 2791 nempe
2546 2721 2801 2792 snpplicii
2834 2729 2985 2777 metu
3009 2733 3104 2778 aut
3136 2726 3287 2796 regni
3317 2738 3600 2796 exspecta-

2025 2812 2197 2876 tione,
2237 2812 2306 2866 ab
2333 2811 2623 2867 all‘ectibus
2655 2823 2818 2883 atque
2845 2812 2994 2872 vitiis
3022 2830 3142 2870 sese
3167 2817 3465 2873 abstinent.

2093 2901 2183 2957 69.
2240 2901 2346 2956 Per
2378 2902 2537 2970 ﬁdem
2575 2902 2931 2970 ambulamus,
2979 2922 3084 2960 non
3130 2923 3224 2976 per
3271 2911 3495 2979 speciem
3515 2911 3593 2977 9';

2023 2994 2399 3064 habemusque
2424 2994 2709 3050 scientiam
2745 2997 2801 3051 in
2824 2998 3067 3067 speculis
3098 3013 3162 3054 ac
3188 3000 3611 3072 aenigmatibus-

2023 3085 2234 3141 Idcirco
2257 3086 2422 3141 etiam
2457 3086 2684 3141 multam
2714 3087 2796 3143 eis
2823 3103 3047 3158 operam
3079 3105 3347 3146 navemus
3369 3108 3598 3148 necesse

2029 3183 2134 3242 est,
2162 3184 2223 3230 ut
2251 3176 2412 3246 longa
2452 3189 2644 3231 eorum
2670 3178 3032 3234 meditatione
3067 3187 3123 3234 et
3163 3189 3372 3237 attenta
3413 3186 3598 3255 consi-

2028 3267 2337 3332 deratione,
2377 3266 2594 3322 ﬁrmum
2619 3269 2860 3339 satisque
2901 3281 3147 3327 tenacem
3185 3274 3600 3345 contemplatio-

2031 3374 2162 3412 num
2191 3359 2438 3414 habitum
2458 3359 2862 3415 nanciscamur.
3220 3406 3225 3414 .

2105 3448 2189 3502 70.
2219 3448 2274 3504 Si
2301 3449 2370 3504 ad
2403 3451 2681 3505 modicum
2708 3453 2938 3508 excissis
2963 3453 3602 3513 all‘ectuumlibidinum-

2031 3556 2138 3610 que
2165 3539 2364 3606 causis,
2398 3541 2744 3612 spiritalibus
2780 3551 3020 3598 mentem
3046 3546 3603 3616 contemplationibus

2030 3631 2435 3696 addixerimus,
2467 3648 2570 3687 nec
2604 3632 2660 3686 in
2704 3632 2786 3686 eis
2834 3648 3054 3703 semper
3081 3639 3279 3692 morati
3311 3638 3600 3702 fuerimus,

2029 3722 2088 3776 in
2120 3723 2226 3776 hoc
2246 3722 2423 3792 ipsum
2455 3722 2856 3789 incumbentes,
2887 3726 3076 3794 reique
3115 3727 3168 3781 id
3210 3739 3374 3799 caput
3394 3729 3602 3786 haben-

2032 3820 2134 3877 tes,
2164 3811 2322 3867 facile
2357 3813 2558 3867 iterum
2587 3813 2654 3867 ad
2697 3816 2947 3870 carnales
2983 3816 3212 3873 allectus
3235 3820 3602 3890 libidinesque

2029 3913 2450 3970 convertemur;
2479 3905 2691 3959 nullum
2717 3905 2846 3961 inde
2867 3909 3216 3962 commodum
3233 3919 3602 3979 reportantes.

2031 3997 2139 4052 nisi
2196 3995 2543 4052 solummodo
2588 3996 2792 4051 nudam
2823 4013 2889 4052 ac
2934 3998 3239 4068 simplicem
3293 4001 3599 4066 scientiam,

2033 4107 2158 4148 cum
2189 4093 2358 4149 animi
2387 4092 2597 4149 scilicet
2626 4093 2733 4150 sibi
2777 4095 3048 4165 placentis
3091 4095 3327 4150 elatione
3368 4098 3602 4168 conjun-

355 4199 531 4258 ctam;
560 4193 717 4262 cujus
743 4191 788 4246 is
818 4190 963 4255 linis,
991 4198 1053 4245 ut
1074 4203 1198 4244 cum
1244 4187 1362 4258 ipsa
1404 4182 1667 4255 paulatim
1702 4182 1930 4238 scientia
1962 4182 2322 4252 obnubescat,
2376 4193 2491 4240 tum
2544 4201 2701 4242 mens
2768 4187 2837 4242 ad
2903 4197 3124 4242 terrena
3169 4188 3389 4257 penitus
3417 4189 3601 4245 desci-

455 4291 494 4336 ι.

357 4299 528 4429 scita}.
569 4374 746 4435 Πάθος
776 4373 996 4444 ἀγάπης
1018 4371 1239 4443 ψεκτὸν,
1273 4374 1384 4436 τοῖς
1408 4372 1611 4436 ὑλικοῖς
1636 4369 1926 4441 πράγμασι

355 4467 450 4520 τὸν
489 4466 612 4519 νοῦν
646 4465 957 4535 ἐνασχολεῖ·
1011 4463 1184 4527 πάθος
1224 4463 1446 4533 ἀγάπης
1487 4463 1791 4522 ἐπαινετὸν,
1831 4457 1924 4512 καὶ

2105 4366 2191 4421 71.
2233 4364 2554 4421 Dilectionis
2583 4365 2921 4436 vituperium
2952 4367 3244 4437 labemque
3279 4367 3488 4424 habens
3517 4369 3600 4424 af-

2031 4455 2229 4522 fectus,
2251 4457 2484 4513 terrenis
2505 4458 2672 4512 rebus
2691 4459 2934 4512 animum
2956 4459 3161 4514 addicit
3187 4477 3200 4512 :
3235 4459 3450 4514 laudem
3467 4477 3599 4516 vero

358 4559 473 4620 τοῖς
511 4556 675 4619 θείοις
703 4556 866 4610 αὑτὸν
899 4556 1204 4624 συνδεσμεῖ.
1259 4553 1428 4608 Εἴωθε
1468 4554 1575 4626 γὰρ
1625 4555 1653 4606 ό
1696 4552 1819 4615 νοῦς
1865 4553 1923 4604 ὲν

2029 4550 2258 4616 habens,
2288 4550 2453 4606 etiam
2479 4550 2683 4605 divinis
2706 4551 2968 4607 devincit.
2996 4551 3087 4607 Sic
3114 4553 3261 4607 enim
3305 4555 3475 4608 menti
3515 4554 3599 4608 in-

357 4643 439 4712 οἷς
467 4650 701 4720 χρονίζει
744 4649 1049 4720 πράγμασι,
1089 4647 1146 4699 ὲν
1177 4647 1358 4709 αὑτοῖς
1387 4648 1481 4699 καὶ
1528 4643 1922 4699 πλατύνεσθαιο

359 4740 418 4792 ὲν
447 4735 528 4802 οἷς
551 4739 608 4792 δὲ
642 4738 993 4800 πλατύνεται,
1043 4738 1102 4789 ἐν
1147 4736 1329 4798 αὑτοῖς
1359 4735 1456 4788 καὶ
1498 4736 1598 4806 τὴν
1632 4731 1930 4802 ἐπιθυμίαν

358 4829 456 4884 καὶ
503 4831 600 4901 τὴν
655 4830 876 4900 ἀγάπην
923 4829 1138 4901 τρέψαι,
1197 4827 1304 4879 εἴτε
1373 4827 1430 4878 ἐν
1468 4831 1579 4890 τοῖς
1626 4824 1788 4886 θείοις
1839 4823 1932 4875 καὶ

360 4919 584 4983 οἰκείοις
644 4922 739 4976 καὶ
800 4923 1026 4989 νοητοῖς,
1099 4921 1207 4971 εἴτε
1272 4919 1330 4970 ἐν
1386 4920 1500 4981 τοῖς
1557 4917 1655 4987 τῆς
1733 4917 1932 4986 σαρκὸς

360 5011 654 5083 πράγμασι
679 5028 740 5065 τε
774 5011 866 5065 καὶ
900 5009 1115 5064 πάθεσι.

437 5173 481 5207 ⁸⁵
507 5175 550 5230 ll
579 5175 725 5230 Petr.
758 5188 816 5239 ιι,
847 5172 938 5226 22.
1014 5173 1060 5204 ⁸⁵
1088 5171 1132 5225 ll
1154 5169 1277 5226 Cor.
1307 5187 1360 5234 ν,
1387 5171 1417 5223 7

437 5332 519 5408 (ιι)-
546 5334 648 5386 Ἐν
677 5330 992 5408 ἐσόπτροις
1045 5325 1180 5408 τὴν.
1215 5324 1469 5408 γνῶσιν.
1499 5324 1736 5408 elopem
1772 5310 1942 5408 “Erat

357 5391 642 5464 mendose,
671 5399 768 5470 τὴν
791 5391 1183 5471 ἀρετήνηψιοςί
1217 5391 1403 5471 ipsunl
1455 5391 1719 5450 habuerat
1769 5391 1921 5449 Dufr.

358 5474 507 5535 cod.,
535 5471 632 5526 sed
655 5465 773 5524 erat
801 5465 855 5520 in
872 5465 1336 5521 eo’emendatmn.
1371 5466 1711 5520 Decoxerunt
1744 5475 1921 5535 tamen

357 5534 562 5612 0bsOp.
621 5537 873 5612 et_Gc_sn.
939 5535 1322 5612 Locusul’auli
1356 5544 1458 5612 est,
1521 5549 1631 5612 quo
1659 5606 1671 5612 _
1697 5534 1924 5612 respicit

357 5604 644 5673 Maximus,
679 5609 699 5662 l
758 5606 883 5660 Cor.
914 5622 1002 5658 xm
1045 5623 1058 5658 :
1097 5604 1370 5673 Βλέπομεν
1399 5605 1520 5673 ἄρτι
1556 5605 1622 5657 δι’
1655 5605 1920 5673 ἐσόπτρου

366 5688 424 5737 ἐν
442 5682 743 5750 αἰνίγματι.
779 5676 972 5750 Videre
997 5682 1197 5736 autem,
1231 5690 1338 5750 non
1358 5674 1601 5750 ‘virtutis,
1629 5674 1725 5750 sed
1747 5673 1924 5750 scien-

335 5747 448 5818 itiae
481 5744 761 5818 estatque
810 5744 953 5809 ﬁdei,
1019 5759 1135 5817 seu_
1170 5745 1495 5815 cognitionis
1549 5762 1562 5797 :
1618 5744 1917 5813 ἀδολεσχίᾳ,

2029 4643 2246 4707 olitum,
2278 4650 2338 4702 ut
2359 4642 2563 4711 quibus
2585 4643 2638 4696 in
2669 4643 2837 4697 rebus
2864 4652 3131 4708 moratur,
3163 4645 3217 4699 in
3249 4646 3356 4702 illis
3374 4654 3430 4701 et
3463 4647 3600 4702 dila-

2031 4740 2208 4796 tetur;
2259 4732 2313 4786 in
2345 4732 2547 4801 quibus
2572 4741 2757 4787 autem
2791 4732 3074 4799 dilatatur,
3117 4736 3184 4789 ad
3212 4737 3328 4791 hate
3356 4745 3413 4791 et
3439 4738 3598 4808 cupi-

2029 4824 2257 4878 ditatem
2284 4823 2746 4894 dilectionemque
2775 4834 3075 4892 convertat,
3111 4827 3226 4882 sive
3257 4828 3445 4882 divina
3471 4843 3599 4898 pro.

2029 4917 2258 4984 priaque
2283 4924 2338 4970 et
2361 4916 2652 4985 spiritalia,
2705 4916 2818 4970 sive
2853 4917 3090 4972 carnalia
3121 4933 3319 4988 resque
3359 4927 3415 4972 et
3457 4918 3594 4974 οσσ-

2030 5015 2152 5060 ctus
2187 5021 2284 5060 seu
2314 5006 2464 5060 vitia.

2022 5325 2168 5398 quod
2226 5327 2883 5398 ἐνδελεχείᾳπιυιδιιᾶιιιη
2937 5329 3158 5397 coniicit
3186 5330 3348 5385 Gesn.
3399 5333 3596 5389 merito

2021 5395 2180 5450 Billio
2212 5395 2482 5470 displicet.
2508 5395 2604 5452 Ἀθ
2617 5414 2760 5470 sane
2786 5415 2889 5453 vox
2928 5409 3012 5454 est
3040 5395 3114 5470 in
3151 5399 3450 5470 Scripturis
3479 5401 3594 5458 fre-

2019 5480 2217 5536 quens,
2252 5481 2352 5534 pro
2383 5466 2629 5536 diligenti
2663 5483 2839 5536 exque
2859 5471 3044 5523 animo
3065 5466 3373 5525 divinarum
3407 5487 3592 5528 rerum

2019 5535 2460 5590 consideratione
2489 5535 2579 5591 ’ac
2637 5535 2994 5594 meditatione
3017 5541 3129 5603 ;sic
3157 5541 3303 5595 Isaac
3328 5550 3446 5596 erat
3473 5543 3598 5596 ἀδο-

2018 5605 2226 5675 λεσχῶν
2251 5606 2303 5659 in
2345 5622 2473 5675 agro
2504 5622 2625 5660 eum
2663 5609 2910 5663 Rebecca
2948 5610 2994 5663 ei
3025 5610 3240 5665 obviam
3270 5612 3410 5666 facta
3445 5621 3530 5665 est
3576 5630 3591 5666 :

2017 5674 2096 5727 sic
2146 5675 2288 5744 apud
2343 5674 2598 5750 Davidem
2618 5679 2844 5746 passim,
2872 5679 3175 5750 ὲνδελέχεια
3201 5699 3322 5748 vox,
3344 5682 3492 5736 nulla
3519 5697 3592 5737 eo

2016 5759 2179 5799 sensu
2207 5754 2381 5801 exstat
2405 5747 2457 5800 in
2473 5745 2776 5816 Scriptura.
