4140 6322
598 350 733 417 1039

1821 351 1880 409 s.
1922 349 2211 410 MAXIMI
2251 315 2759 410 CONFES'SORIS

3681 346 3796 414 1040

664 459 831 533 439
875 459 964 514 τε.
989 460 1135 515 Deus
1171 458 1447 514 visibilem
1483 458 1631 514 hunc
1655 458 1923 514 mundum
1949 470 2006 514 et
2036 459 2168 514 invi-
2207 465 2247 520 Α

2164 490 2168 499 ι
2207 465 2247 520 Α
2347 459 2445 529 οβ’.
2490 458 2549 511 ’0
2586 458 2719 522 Θεὸς
2765 456 2945 510 ἔκτισε
2992 454 3086 509 τὸν
3126 454 3357 527 ἀόρατον
3384 456 3580 527 κόσμον
3617 461 3701 513 καὶ
3723 463 3799 516 τὸν

552 542 557 549 ’
596 551 816 605 sibilem
839 550 1115 614 condidit;
1150 550 1497 619 animamque
1527 559 1584 606 et
1616 566 1817 620 corpus
1843 551 2033 620 utique
2055 553 2172 622 ipse

557 692 569 704 ,
597 640 749 695 fecit.
802 642 879 693 Ac
907 637 1183 707 siquidem
1230 637 1471 694 mundus
1511 639 1613 695 iste
1657 640 1892 694 visibilis
1923 640 2049 694 talis
2087 648 2174 697 est

598 735 791 804 sicque
838 733 1094 802 pulcher,
1134 734 1314 802 qualis
1373 749 1506 805 rogo
1546 734 1641 804 qui
1695 742 1781 791 est
1840 734 2174 790 invisibilis?

596 827 846 894 Cumque
870 826 963 879 hic
992 826 1086 880 illo
1114 826 1466 895 praestantior
1492 828 1588 893 sil,
1616 834 1882 897 quantum
1903 828 2173 882 ambobus

598 918 864 989 praecellit
884 918 1050 984 Deus,
1076 918 1173 988 qui
1208 918 1491 973 condidit?
1512 917 1649 973 Cum
1674 919 1842 990 igitur
1872 920 2037 985 Deus,
2058 920 2174 989 ipse

597 1010 847 1065 omnium
903 1024 1027 1079 quae
1081 1009 1225 1063 bona
1266 1025 1457 1080 quaeve
1520 1011 1754 1080 pulchra
1808 1018 1938 1065 sunt
1991 1010 2175 1080 opifex

600 1109 906 1169 auctorque
928 1140 943 1164 ,
980 1100 1185 1155 creatis
1225 1099 1483 1155 omnibus
1526 1100 1875 1171 praestantior
1900 1100 1992 1164 sit,
2041 1114 2173 1170 qua,

602 1207 808 1261 qttzese,
852 1191 1066 1247 ratione
1126 1206 1320 1256 mens,
1360 1192 1591 1246 dimisso
1638 1207 1706 1247 eo
1758 1192 1904 1262 quod
1959 1192 2176 1247 cunctis

599 1282 947 1352 praestantius
1009 1293 1139 1344 est.
1190 1284 1436 1338 omnium
1506 1283 1822 1338 deterrimis
1865 1284 2037 1337 otium
2094 1291 2176 1338 at-

599 1386 708 1442 que
755 1387 981 1440 operam
1030 1373 1230 1441 punit?
1277 1372 1593 1427 carnalibus
1651 1372 1863 1427 scilicet
1909 1371 2063 1427 vitiis
2113 1385 2177 1427 ac

600 1460 915 1516 affectibus.
947 1461 1091 1516 Num
1129 1461 1306 1530 palam
1337 1460 1565 1525 ideirco,
1595 1459 1743 1531 quod
1772 1460 1848 1515 ab
1867 1470 1993 1516 ortu
2035 1461 2178 1516 nati-

599 1556 792 1610 vitatis
821 1570 946 1610 cum
985 1569 1151 1611 carne
1182 1565 1401 1610 versata
1435 1554 1600 1625 eique
1632 1569 2024 1619 consuescens,
2058 1554 2178 1625 ejus

601 1647 752 1717 quod
779 1646 1037 1701 omnibus
1081 1647 1431 1716 praestantius
1463 1654 1547 1701 est
1582 1660 1647 1700 ac
1685 1645 1902 1701 cunctis
1945 1644 2173 1707 eminet,

601 1736 851 1792 nondum
873 1737 1118 1807 perfecte
1145 1738 1453 1807 periculum
1485 1752 1551 1792 ac
1568 1748 1791 1808 gustum
1819 1736 1954 1792 fecit
1975 1736 2177 1791 Πίοάο

2278 547 2575 619 ὁρώμενον
2614 547 2711 601 καὶ
2743 549 2841 616 τὴν
2874 546 3049 618 ψυχὴν
3078 548 3173 601 καὶ
3203 547 3267 599 τὸ
3295 546 3450 617 σῶμα
3473 548 3699 619 δηλονότι
3720 552 3802 625 αὖ.

2276 639 2367 702 τδς
2396 638 2644 708 ἐποίησε.
2697 638 2811 692 Καὶ
2854 640 2905 692 ει
2956 640 2985 692 6
3031 636 3306 708 ὁρώμενος
3356 639 3551 708 κόσμος
3594 639 3802 706 τοιοῦτός

2279 731 2395 784 ἐστι
2425 728 2539 803 [Fr.
2588 729 2762 794 οὕτως
2813 729 2954 801 ἐστὶ]
3009 730 3194 793 καλὸς,
3254 732 3405 793 ποῖος
3468 731 3571 799 ἄρα
3609 733 3741 785 ἐστὶν
3776 734 3801 786 6

2278 822 2531 893 ἀόρατος
2563 823 2627 875 El
2652 822 2709 876 δὲ
2735 821 2999 894 κρείττων
3022 822 3211 875 τούτου
3252 823 3477 882 ἐκεῖνος,
3509 823 3661 874 πόσον
3684 824 3802 893 ὑπὲρ

2278 915 2406 978 τοὺς
2450 914 2565 977 δύο,
2597 916 2627 968 6
2678 915 2871 976 κτίσας
2907 912 3128 977 τούτους
3158 912 3311 979 Θεόςς
3362 914 3422 965 Εἰ
3457 907 3549 966 οὖν
3575 914 3802 983 κρείττων

2258 1006 2500 1059 ’πάντων
2541 1004 2652 1059 τῶν
2697 1005 3001 1073 γεγονότων
3038 1006 3067 1057 6
3104 1005 3322 1057 πάντων
3362 1004 3678 1075 δημιουργὸς
3714 1005 3804 1059 τῶν

2279 1097 2483 1163 καλῶν,
2507 1097 2613 1150 τίνι
2643 1094 2719 1167 τῷ
2753 1096 2899 1166 λόγῳ
2932 1096 3090 1166 ἀφεὶς
3124 1098 3152 1149 6
3173 1094 3297 1159 νοῦς
3327 1096 3387 1148 τὸ
3419 1096 3628 1151 πάντων
3653 1088 3809 1167 κρείτέ

2279 1206 2391 1250 τον,
2442 1193 2553 1253 τοῖς
2608 1190 2824 1242 πάντων
2853 1189 3091 1260 χείροσιν
3139 1187 3540 1258 ὲνασχολείταις
3586 1187 3715 1254 λέγω
3752 1187 3804 1256 δὴ

2278 1283 2393 1343 τοῖς
2420 1280 2523 1350 τῆς
2552 1281 2755 1350 σαρκὸς
2800 1279 3050 1333 πάθεσιν.
3084 1280 3154 1331 Ἢ
3203 1278 3381 1348 δῆλον,
3431 1278 3512 1329 ὃτι
3543 1273 3698 1347 ταύτῃ
3726 1276 3804 1345 μὲν

2281 1374 2347 1426 ἑκ
2376 1372 2604 1441 γενετῆς
2639 1370 3110 1441 συναναστραφεὶς
3147 1370 3244 1423 καὶ
3296 1368 3610 1431 συνεθίσας⁸
3655 1369 3737 1422 τοῦ
3761 1368 3807 1421 δὲ

2282 1465 2503 1519 πάντων
2530 1463 2862 1536 κρείττονος,
2894 1464 2989 1517 καὶ
3041 1463 3185 1533 ὑπὲρ
3217 1462 3286 1516 τὰ
3323 1462 3521 1525 πάντα,
3568 1460 3706 1513 οὔπω
3732 1478 3805 1513 τε·

2280 1556 2430 1609 λείαν
2452 1556 2643 1625 εῐληφε
2678 1546 2913 1627 πεῖρανς
2953 1554 3081 1608 Ἕὰν
3113 1549 3205 1608 οὖν
3248 1553 3443 1624 χρονίᾳ
3489 1553 3701 1623 ἀσκήσει
3726 1551 3807 1619 τῆς

2280 1647 2389 1702 τῶν
2416 1646 2621 1718 ἡδονῶν
2649 1647 2994 1718 ιγκρατείας,
3026 1646 3120 1700 καὶ
3145 1648 3242 1717 τῆς
3275 1644 3391 1698 τῶν
3430 1643 3584 1696 θείων
3613 1632 3807 1711 μελέτης

2282 1740 2427 1795 κατὰ
2461 1742 2660 1811 μικρὸν
2688 1740 2854 1794 αὑτὸν
2904 1742 3004 1811 τῆς
3031 1738 3292 1809 τοιαύτης
3332 1735 3570 1807 σχέσεως
3596 1734 3807 1803 ἁπορρή-

603 1828 774 1899 igitur
823 1830 984 1900 longa
1033 1828 1364 1899 assiduaque
1414 1829 1769 1885 continentiae
1810 1828 2178 1899 voluptatum,
2212 1825 2238 1879 Ε

2172 1868 2178 1890 μ
2212 1825 2252 1879 Β
2282 1831 2483 1902 ξωμεν,
2535 1831 2865 1886 πλατύνεται
2911 1847 2974 1885 τε
3031 1832 3092 1885 ἐν
3118 1832 3235 1893 τοῖς
3280 1829 3450 1892 θείοις
3501 1827 3613 1881 κατ’
3658 1824 3807 1891 ὀλίγον

603 1919 1027 1991 divinorumque
1078 1920 1457 1977 meditationis
1515 1921 1945 1983 exercitatione,
1988 1920 2058 1975 ab
2104 1935 2171 1976 ea

600 2011 808 2068 sensim
837 2011 1131 2067 affectione
1159 2026 1223 2067 ac
1253 2012 1507 2074 libidine.
1542 2026 1665 2066 eam
1704 2020 1930 2066 strenue
1977 2009 2174 2081 abjun-

2277 1924 2623 1993 προκόπτων,
2661 1925 2754 1977 καὶ
2795 1923 2859 1977 τὸ
2901 1924 3105 1977 οἰκεῖον
3162 1921 3426 1993 γνωρίζει
3468 1921 3698 1990 ἀξίωμα·
3732 1916 3809 1970 καὶ

2278 2014 2452 2080 τέλος,
2476 2015 2596 2069 ὅλον
2620 2015 2713 2069 τὸν
2745 2013 2909 2069 πόθον
2935 2015 3025 2069 ἐπὶ
3047 2013 3110 2068 τὸ
3132 2014 3289 2067 Θεῐον
3316 2013 3633 2084 μεταφέρει.

600 2105 868 2168 ierimus,
897 2102 1015 2173 ipsa
1043 2102 1307 2173 paulatim
1345 2104 1400 2157 in
1428 2102 1634 2157 divinis
1655 2100 1955 2172 proﬁciens
1983 2102 2323 2170 dilatabitur,
2359 2120 2627 2177 suamque
2669 2116 2932 2189 agnoscet
2982 2104 3338 2177 dignitatem;
3406 2119 3471 2159 ac
3531 2112 3683 2158 totam
3732 2114 3813 2171 po-

602 2206 809 2254 stremo
833 2195 1040 2251 amoris
1064 2195 1175 2249 vim
1203 2194 1500 2251 transferet
1525 2197 1583 2251 in
1618 2195 1811 2249 Deum.

675 2286 763 2341 75.
797 2286 901 2351 Qui
933 2284 1084 2340 nulla
1110 2285 1233 2339 vitii
1271 2285 1396 2340 labe
1424 2293 1521 2340 aut
1550 2284 1821 2355 pravitate
1841 2284 2033 2341 fratris
2056 2300 2184 2356 pee-

603 2386 790 2434 catum
827 2377 998 2442 dicit,
1047 2376 1257 2448 duplici
1293 2391 1363 2432 ex
1408 2391 1576 2432 causa
1618 2377 1775 2445 dicit,
1821 2377 1907 2434 vel
1949 2386 2011 2433 ut
2053 2393 2183 2434 eum

604 2471 790 2542 ipsum
822 2469 1119 2537 emendet,
1155 2471 1245 2525 vel
1275 2478 1338 2524 ut
1381 2469 1475 2524 alii
1500 2469 1799 2525 utilitatem
1825 2478 2051 2541 praestet
2087 2471 2185 2527 ad-

602 2560 903 2627 monendo,
934 2560 1024 2618 cui
1068 2561 1384 2617 consultum
1428 2561 1582 2617 velit.
1609 2562 1777 2617 Extra
1820 2562 1923 2618 has
1964 2578 2181 2628 causas,

602 2651 823 2722 aliaque
856 2652 1108 2716 ratione,
1162 2651 1281 2707 sive
1311 2652 1440 2722 quis
1492 2652 1597 2723 ipsi
1644 2652 2019 2724 delinquenti,
2064 2653 2185 2707 sive

603 2741 841 2797 cuilibet
874 2740 971 2795 alii
1019 2740 1243 2806 dixerit,
1293 2740 1682 2812 exprobrando
1718 2743 1854 2799 dicit
1886 2752 1984 2798 aut
2033 2744 2190 2799 oblo-

603 2831 851 2902 quendo,
880 2845 984 2887 nec
1006 2830 1147 2901 quin
1172 2846 1202 2886 a
1228 2831 1341 2887 Deo
1361 2832 1668 2898 deseratur,
1698 2832 1959 2903 effugiet;
1983 2835 2078 2889 sed
2103 2833 2189 2889 vel

604 2925 662 2980 in
692 2924 859 2991 idem,
897 2924 985 2980 vel
1016 2924 1072 2978 in
1110 2923 1263 2979 aliud
1311 2926 1540 2981 omnino
1573 2925 1837 2981 delictum
1875 2926 2187 2995 prolapsus,

602 3017 727 3073 aliis
752 3015 1113 3087 arguentibus
1142 3030 1207 3071 ae
1234 3016 1719 3086 exprobrantibus,
1747 3016 2061 3071 erubescet.

2355 2293 2457 2356 ογ.
2501 2288 2563 2341 '0
2591 2287 2817 2352 ἀπαθῶς
2839 2287 3015 2356 λέγων
3047 2285 3356 2358 ἁμάρτημα
3402 2284 3646 2354 ἀδελφοῦ,
3696 2284 3812 2337 κατὰ

2285 2378 2379 2433 δύο
2404 2379 2585 2443 αἰτίας
2622 2379 2885 2451 λέγεινῆ
2939 2380 3027 2433 ἵνα
3065 2378 3229 2433 αὑτὸν
3277 2377 3657 2449 διορθώσηται,
3684 2377 3711 2447 ἥ
3742 2376 3811 2429 ινα

2284 2471 2445 2527 ἄλλον
2474 2472 2755 2545 ὠφελήσῃ.
2794 2474 2856 2526 El
2884 2472 2941 2525 δὲ
2972 2472 3125 2531 ἐκτὸς
3149 2469 3359 2524 τούτων
3383 2469 3549 2538 λέγει,
3571 2469 3670 2522 εἴτε
3690 2464 3810 2535 αὐτῷ

2285 2568 2396 2622 εἴτε
2425 2566 2589 2637 ἁλλῳ,
2617 2566 2893 2631 ὀνειδίζων
2917 2566 2952 2636 ἢ
2975 2564 3248 2636 διασύρων
3279 2562 3457 2616 αὐτὸν
3481 2561 3641 2629 λέγει,
3666 2560 3745 2613 καὶ
3762 2559 3812 2610 οὐ

2289 2658 2363 2731 μὴ
2393 2658 2607 2731 ἐκφύγῃ
2640 2658 2739 2730 τὴν
2774 2657 2927 2711 θείαν
2983 2655 3378 2725 ὲγκατὸιλειψιν
3405 2653 3512 2725 (ο)·
3561 2650 3716 2719 ἀΐρῆ
3751 2649 3815 2718 τῷ

2283 2752 2458 2823 αὐτῷ,
2490 2751 2523 2821 ἢ
2561 2748 2708 2819 ἄλλῳ
2738 2747 3044 2817 πταίσματι
3077 2746 3299 2807 πάντως
3332 2744 3717 2814 περιπεσεῖται,
3738 2741 3816 2791 καὶ

2285 2843 2392 2899 ύπὺ
2423 2842 2625 2913 ἑτέρων
2655 2837 2933 2910 ἐλεγχθεὶς
2978 2838 3072 2892 καὶ
3107 2835 3434 2900 ὀνειδισθεὶς
3462 2831 3812 2904 καταισχυνθή-

2287 2952 2460 2990 σεται.

672 3109 764 3165 76.
796 3109 917 3163 Non
945 3122 1055 3162 una
1076 3107 1380 3178 eademque
1404 3106 1548 3162 ratio
1567 3115 1651 3162 est
1675 3107 1823 3162 idem
1863 3122 2030 3177 opere
2057 3120 2186 3178 pec-
2210 3125 2255 3185 α

2176 3125 2255 3185 ια
2354 3106 2446 3162 06'.
2480 3106 2592 3178 Ούχ
2619 3100 2698 3170 εἷς
2734 3105 2892 3174 λόγος
2923 3104 3028 3160 τῶν
3074 3104 3174 3176 τὴν
3217 3104 3397 3175 αὐτὴν
3438 3103 3694 3175 ἁμαρτίαν
3714 3099 3811 3153 κατ’

604 3207 788 3255 catum
815 3198 1275 3253 committentium
1296 3238 1311 3263 ,
1346 3199 1443 3255 sed
1485 3199 1740 3255 diversae.
1786 3199 1953 3256 Verbi
1983 3200 2179 3272 gratia,

605 3290 758 3347 aliud
784 3298 870 3346 est
898 3305 966 3344 ex
994 3290 1206 3354 habitu,
1237 3290 1499 3360 aliudque
1527 3306 1596 3346 ex
1619 3291 1854 3361 quadam
1876 3293 2030 3347 velut
2052 3293 2184 3348 sub-

606 3381 860 3452 rcptione
890 3388 1153 3451 motuque
1179 3382 1402 3436 incauto
1424 3396 1653 3450 peccare
1680 3399 1695 3436 :
1734 3397 1862 3437 cum
1894 3383 2049 3453 quis,
2083 3398 2186 3439 nec

606 3483 735 3530 ante
752 3482 1034 3543 peccatum
1066 3473 1251 3528 animo
1276 3473 1569 3544 cogitabat,
1602 3487 1707 3529 nec
1736 3482 1861 3544 post
1894 3484 2182 3544 peccatum

607 3565 876 3633 afﬁcitur;
930 3566 1063 3635 quin
1117 3566 1338 3636 potius,
1384 3566 1503 3637 ejus
1551 3581 1716 3622 causa
1766 3566 1913 3636 quod
1957 3567 2180 3632 accidit,

607 3660 847 3729 graviter
874 3655 1043 3713 dolet.
1066 3657 1172 3723 Qui
1212 3672 1347 3712 vero
1371 3671 1439 3711 ex
1466 3657 1676 3723 habitu,
1726 3673 1886 3713 secus
1923 3657 2178 3725 omnino;

608 3762 724 3805 tum
754 3763 993 3819 namque
1021 3750 1258 3818 primum
1285 3764 1398 3804 non
1436 3748 1689 3804 cessabat
1720 3757 1905 3804 mente
1924 3763 2179 3820 peccare,

609 3851 727 3896 tum
746 3847 873 3912 post
902 3839 1176 3895 actionem
1224 3855 1394 3896 rcaue
1423 3850 1669 3912 peracta,
1702 3840 1959 3897 eumdem
1996 3841 2182 3896 animo

608 3932 866 3989 affectum
898 3932 1120 3987 retinet.

562 4015 580 4023 “
679 4026 766 4081 75.
796 4025 901 4092 Qui
933 4025 1114 4079 inanis
1136 4025 1321 4095 gloriae
1345 4040 1510 4080 causa
1524 4025 1756 4080 virtutes
1778 4025 1929 4093 colit,
1957 4025 2181 4096 planum

606 4125 691 4173 est
722 4117 967 4188 ejusdem
997 4117 1164 4171 etiam
1201 4115 1376 4185 gratia
1401 4115 1687 4171 scientiam
1721 4115 1923 4171 colere.
1953 4114 2060 4182 Qui
2086 4130 2181 4169 au-

609 4216 721 4262 tem
753 4206 834 4261 sic
890 4206 1076 4260 animo
1120 4213 1469 4276 comparatus
1495 4213 1601 4269 est,
1644 4204 1693 4259 is
1730 4203 1871 4259 nihil
1926 4204 2039 4274 agit
2088 4212 2183 4259 aut

608 4294 855 4365 loquitur
879 4335 893 4359 ,
927 4309 1038 4364 quo
1071 4292 1327 4357 miliﬁcet,
1360 4292 1454 4346 sed
1487 4292 1639 4346 velut
1664 4291 1760 4360 qui
1803 4291 1860 4344 in
1886 4289 2179 4352 omnibus,

608 4385 678 4442 al)
703 4387 771 4442 iis
799 4387 893 4456 qui
923 4386 1115 4441 vident
1137 4392 1234 4439 aut
1253 4382 1508 4450 audiunt,
1536 4382 1765 4453 gloriam
1789 4378 1953 4453 ιω
1976 4388 2176 4450 captet.

2285 3200 2569 3270 ἐνέργειαν
2595 3198 3015 3270 ἁμαρτανόντων
3047 3198 3215 3258 ἐστὶν,
3244 3196 3384 3252 ἀλλὰ
3413 3198 3662 3265 διάφοροι.
3690 3188 3809 3253 Οἷιν,

2292 3292 2422 3347 ἄλλο
2451 3292 2573 3345 ἐστὶ
2606 3291 2667 3345 τδ
2705 3291 2814 3345 ἁπδ
2867 3290 3036 3354 ἕξεως
3089 3289 3450 3359 ἁμαρτάνειν,
3504 3289 3594 3340 καὶ
3625 3284 3737 3340 ἄλλο
3762 3281 3813 3334 τὸ

2286 3384 2429 3440 κατὰ
2468 3384 2823 3455 συναρπαγήν
2843 3398 2857 3412 ο
2893 3381 2973 3445 ὃς,
3005 3380 3129 3433 οὔτε
3163 3383 3271 3450 πρδ
3299 3382 3401 3451 τῆς
3431 3378 3686 3449 ἁμαρτίας
3715 3368 3809 3442 εἶχε

2284 3475 2383 3546 τὴν
2412 3474 2730 3545 ἐνθύμησιν,
2763 3472 2889 3526 οὔτε
2932 3472 3069 3542 μετὰ
3098 3472 3196 3542 τὴν
3223 3472 3537 3542 ἁμαρτίανο
3575 3467 3695 3523 ἀλλὰ
3735 3466 3810 3519 καὶ

2286 3564 2490 3635 σφόδρα
2517 3564 2611 3617 ἐπὶ
2634 3562 2711 3633 τῷ
2749 3562 2995 3633 γεγονότι
3029 3562 3311 3617 όδυνᾶται.
3350 3564 3410 3615 Ὀ
3446 3561 3500 3614 δὲ
3529 3559 3628 3614 ἀπὸ
3652 3557 3809 3620 ἓξεως,

2285 3656 2351 3710 ἐκ
2383 3656 2480 3710 τοῦ
2529 3654 2951 3723 ὲναντίουγκαὶ
2988 3654 3208 3725 πρῶτον
3255 3656 3369 3727 γὰρ
3423 3656 3559 3708 κατὰ
3605 3651 3811 3704 διάνοιαν

2282 3749 2383 3802 οὐκ
2426 3746 2663 3801 ἐπαύετο
2692 3747 3044 3818 ἁμαρτάνων,
3080 3746 3174 3800 καί
3231 3748 3376 3818 μετὰ
3408 3748 3466 3800 τὸ
3495 3742 3701 3817 πρᾶξαι,
3727 3738 3810 3807 τῆς

2282 3832 2456 3910 αὐτῆς
2486 3840 2602 3893 ἐστι
2629 3838 2938 3902 διαθέσεως.

2353 4017 2446 4074 σε’.
2494 4019 2555 4074 '0
2586 4018 2676 4073 διὰ
2729 4016 3038 4082 κενοδοξίαν
3068 4016 3166 4080 τὰς
3195 4016 3401 4088 ἀρετὰς
3437 4013 3810 4087 μετερχόμενος,

2281 4113 2441 4183 δῆλον
2478 4114 2562 4166 ὅτι
2594 4112 2689 4166 καὶ
2719 4111 2819 4180 τὴν
2848 4109 3053 4178 γνῶσιν
3101 4107 3188 4161 διὰ
3234 4107 3549 4173 κενοδοξίαν
3585 4103 3809 4175 μετέρχε-

2281 4220 2391 4257 ται.
2432 4202 2492 4256 ’0
2530 4202 2587 4256 δι
2638 4200 2898 4265 τοιοῦτος,
2950 4200 3071 4254 οὐδὲ
3113 4199 3252 4271 πρὸς
3291 4199 3581 4268 οἰκοδομὴν
3604 4192 3811 4265 δηλονότι

2284 4294 2514 4366 πράττει
2545 4309 2619 4359 τι,
2656 4292 2688 4364 ἢ
2720 4292 3062 4360 διαλέγεται·
3121 4291 3240 4345 ἀλλ’
3272 4294 3333 4344 ὲν
3365 4294 3499 4345 πᾶσι
3546 4288 3638 4359 τὴν
3684 4281 3810 4349 παρὰ

2282 4384 2392 4438 τῶν
2451 4384 2756 4455 βλεπόντων
2810 4385 2843 4455 ἢ
2920 4380 3225 4438 ἀκουόντων
3295 4383 3455 4450 δόξαν
3514 4380 3810 4453 θηρώμενος-

607 4476 868 4532 Proditur
914 4486 1095 4530 autem
1121 4476 1350 4531 aii‘ectus
1391 4481 1556 4544 atque
1583 4474 1775 4537 libido,
1795 4488 1921 4528 cum
1953 4471 2184 4543 quibus-
2213 4456 2242 4511 ί

2177 4502 2184 4513 ν
2213 4456 2257 4511 D
2296 4477 2611 4549 Ἐλέγχεται
2639 4477 2696 4530 δὲ
2724 4476 2787 4530 τὸ
2816 4475 2990 4537 πάθος
3029 4476 3163 4548 (55),
3199 4477 3331 4530 ὅταν
3356 4476 3502 4539 τινὲς
3526 4475 3629 4528 τῶν
3656 4485 3812 4541 προει-

608 4565 736 4621 dam
769 4581 986 4631 eorum,
1019 4581 1158 4635 quos
1188 4565 1465 4629 dicebam,
1513 4563 1666 4619 illius
1703 4563 1848 4620 facta
1889 4572 1988 4619 aut
2008 4560 2181 4619 verba

608 4656 1076 4728 vituperantibus,
1096 4656 1225 4712 inde
1245 4656 1485 4728 graviter
1511 4657 1693 4724 dolet;
1725 4672 1835 4713 non
1858 4671 1923 4712 ea
1946 4656 2179 4721 ratione,

611 4748 761 4818 quod
798 4748 923 4804 illos
948 4762 1059 4803 non
1078 4748 1433 4804 adiﬁcaverit
1458 4748 1584 4817 (nec
1611 4748 1761 4803 enim
1800 4746 1850 4802 is
1879 4746 1959 4802 illi
1981 4759 2182 4815 scopus

612 4841 773 4907 erat),
801 4840 909 4895 sed
942 4840 1088 4909 quod
1109 4841 1225 4910 ipse
1256 4848 1608 4910 contemptus
1636 4840 1729 4895 sit.

681 4932 768 4989 76.
800 4932 1057 4988 Avaritia:
1086 4932 1282 4987 vitium
1325 4947 1389 4987 ac
1424 4932 1600 4987 labem
1626 4930 1758 4985 inde
1782 4928 2184 5000 deprehendas,

613 5025 763 5096 quod
801 5024 928 5095 quis
971 5024 1128 5080 laetus
1165 5024 1439 5095 accipiat,
1493 5038 1559 5078 ac
1590 5022 1768 5077 tristis
1812 5021 2041 5077 tribuat.
2079 5020 2185 5088 Qui

613 5116 885 5185 ejusmodi
904 5123 1011 5182 est,
1054 5115 1200 5170 haud
1234 5114 1471 5170 idoneus
1500 5128 1684 5168 rerum
1713 5112 2187 5184 pecuniarumquc

615 5206 968 5276 dispensator
996 5208 1241 5263 exsistat.

2291 4569 2541 4641 ρημένων
2570 4572 2682 4631 τοῖς
2707 4568 2888 4640 ἔργοις
2920 4569 2953 4640 ἢ
2983 4574 3095 4634 τοῖς
3147 4569 3327 4637 λόγοις
3354 4568 3519 4621 αὐτοῦ
3544 4566 3699 4637 ψόγον
3720 4563 3815 4612 ἐπι-

2288 4662 2520 4732 φέρωσι,
2553 4661 2648 4714 καὶ
2675 4661 2769 4715 ἐπὶ
2802 4662 2977 4732 τούτῳ
3024 4663 3227 4732 σφόδρα
3259 4661 3494 4731 λυπῆται
3514 4675 3530 4690 ·
3580 4656 3636 4710 ού
3665 4653 3740 4706 διὰ
3765 4647 3814 4700 τδ

2290 4750 2364 4821 μὴ
2391 4750 2633 4814 ἐκείνους
2656 4751 3052 4822 οἰκοδομεῖσθαι
3100 4753 3238 4822 (οὐδὲ
3265 4753 3373 4823 γὰρ
3401 4750 3557 4805 τοῦτο
3587 4744 3688 4817 εἶχε
3714 4757 3816 4795 σκο-

2288 4839 2435 4911 πὸν),
2457 4842 2592 4895 ἀλλὰ
2625 4841 2713 4895 διὰ
2733 4842 2795 4896 τὸ
2821 4843 2983 4897 αὑτὸν
3007 4843 3446 4913 ὲξουδενωϋῆναι.

2354 4933 2460 4997 οςῖ
2488 4934 2561 4987 Τὸ
2574 4933 2673 5004 τῆς
2699 4933 3063 5004 φιλαργυρίας
3089 4935 3263 4998 πάθος
3282 4933 3535 4987 ἐντεῦθεν
3550 4927 3818 4997 ἐλέγχεταιο

2284 5026 2343 5081 ὲν
2374 5026 2453 5098 τῷ
2485 5027 2745 5098 χαίροντα
2792 5026 3131 5097 λαμϐάνειν
3176 5022 3272 5082 καὶ
3307 5025 3642 5093 λυπούμενον
3674 5030 3815 5088 μετα·

2283 5117 2502 5172 διδόναι.
2573 5119 2649 5172 Οὐ
2705 5118 2931 5172 δύναται
2974 5119 3030 5172 δὲ
3100 5121 3130 5174 6
3190 5118 3431 5182 τοιοῦτος
3510 5103 3815 5180 οἰκονομικὸς

2287 5204 2425 5263 εἶναι
2441 5210 2552 5278 ’(εε).

690 5342 765 5414 (υ)
813 5344 897 5397 οὐ
937 5343 1023 5415 μὴ
1082 5342 1312 5415 ἐκφύγῃ
1360 5339 1685 5415 τὴν-θείαν·
1730 5338 2181 5415 ἐγκρτᾴλειλψιν.
2277 5339 2325 5395 fr

2178 5381 2181 5391 .
2277 5339 2483 5415 frustra
2509 5341 2617 5415 sibi
2646 5342 2931 5415 blanditur
2958 5359 3023 5399 ac
3055 5344 3360 5415 praesumit,
3384 5340 3629 5415 quisquis
3660 5337 3710 5390 ἱη
3741 5329 3813 5415 ξ’Ῠὲ

615 5410 754 5470 nec
777 5410 973 5483 nempe
997 5414 1093 5468 Dei
1116 5410 1379 5483 censueta
1407 5411 1570 5474 ultio,
1598 5410 1879 5483 cum‘quis
1899 5410 2056 5483 fratri
2085 5411 2186 5465 de-

619 5484 810 5546 trahit,
858 5479 945 5538 vel
991 5493 1201 5538 temere
1236 5481 1470 5552 iudicat,
1518 5496 1627 5552 qua
1675 5479 1891 5537 laborat
1932 5479 2052 5552 ipse
2076 5488 2186 5552 aut

620 5552 771 5609 inani
797 5552 971 5621 gloria
994 5560 1089 5608 aut
1116 5550 1396 5621 superbia,
1424 5560 1488 5605 ut
1518 5550 1784 5606 nimirum
1812 5550 2183 5621 castigandus,

620 5624 677 5678 in
719 5620 910 5676 eadem
942 5623 1059 5692 ipsa
1097 5620 1219 5691 qua:
1251 5622 1460 5692 judicat
1494 5632 1590 5676 aut
1634 5622 1808 5692 carpit
1842 5620 2073 5692 sinaturg
2094 5636 2187 5675 ca-

617 5692 776 5753 dere,
832 5690 975 5760 qua!
1008 5690 1125 5746 cst’
1162 5692 1350 5746 divina
1411 5690 1744 5753 derelictio,‘
1780 5690 2197 5745 substractione

2284 5412 2429 5484 agit,
2445 5428 2509 5484 ac
2535 5414 2622 5467 cui
2653 5414 2706 5467 in
2737 5414 2886 5467 omni
2914 5424 3038 5469 actu
3057 5401 3193 5478 'suo,
3226 5401 3630 5484 (ιιιοιιὲί-Ιᾎιὶιιει⁵
3651 5401 3819 5484 tendit,

2287 5476 2557 5556 auxilium
2599 5483 2841 5552 speciale
2867 5476 3261 5556 necessariu‘m'
3278 5483 3370 5556 sit.
3411 5481 3544 5536 Male
3572 5477 3755 5556 ρδερρ-
3776 5476 3824 5524 οι

2288 5549 2453 5624 Gesn.
2480 5548 2828 5624 Nequaquam
2859 5554 3093 5624 divinam
3120 5554 3509 5608 retributionem
3540 5548 3747 5624 afugit-8-

2368 5623 2444 5690 (τε)
2482 5615 2875 5691 Οὶνὶονὸμικὸς
2916 5620 3086 5677 εἶναι.
3136 5624 3253 5679 Jam
3290 5637 3459 5691 supra
3500 5615 3668 5678 0.19,
3702 5615 3823 5691 inter

2294 5687 2395 5763 eos
2426 5687 2631 5763 quibus
2667 5687 2813 5748 cura:
2850 5703 2983 5747 sunt
3011 5695 3277 5763 pecuniae,
3312 5687 3431 5763 sive
3473 5697 3531 5744 ut
3569 5687 3821 5763 parjimlffg

622 5746 926 5834 praesentis
975 5762 1094 5830 ejus
1151 5761 1341 5814 auxilii
1390 5771 1447 5816 et
1495 5746 1752 5827 etiicacis,
1806 5768 1918 5829 quo
1976 5761 2204 5817 absente

2191 5776 2204 5817 ξ
2301 5760 2420 5818 sive
2443 5746 2526 5816 ἰιι
2574 5746 2897 5831 serventur,
2922 5746 3286 5834 posterga
3316 5763 3347 5816 6
3374 5746 3715 5829 οἰκονομικός,
3744 5746 3818 5817 Ψίί
