4140 6322
399 406 532 474 1011

1241 404 1577 467 CAPITUM
1614 403 1713 464 DE
1747 398 2179 464 CHARITATE
2218 397 2609 459 CENTURIA
2648 394 2760 456 [ΙΙ.

3507 387 3644 454 1042

466 516 563 581 οζ’.
595 515 696 569 Διά
721 513 895 570 ταῦτά
942 532 1026 578 τις
1075 515 1302 585 πάσχων
1344 514 1609 584 ὑπομένει
1632 531 1647 545 ο
1683 514 1719 585 ἢ
1747 512 1837 567 διὰ
1864 512 1961 582 τὴν

2120 507 2211 565 '77.
2243 510 2342 566 His
2364 524 2434 565 ex
2452 507 2655 575 causis,
2678 521 2801 578 qua:
2825 504 3084 562 accidunt
3121 505 3282 573 mala,
3316 503 3518 572 aliquis
3546 521 3642 560 su-

396 606 615 675 άγάπην
649 604 742 659 τοῦ
770 603 929 669 Θεοῦ,
960 604 994 675 ἢ
1023 603 1108 658 διὰ
1157 605 1255 672 τὴν
1285 602 1481 657 ἐλπίδα
1509 603 1607 673 τῆς
1633 600 1965 673 μισθαποδο·

399 700 541 763 σίας,
577 697 611 768 ἢ
633 696 721 751 διὰ
740 697 835 750 τὸν
863 695 1026 766 φόϐον
1053 695 1150 766 τῆς
1185 693 1480 759 κολάσεως,
1512 693 1545 763 ἢ
1576 691 1663 745 διὰ
1689 694 1781 744 τδν
1806 690 1968 759 φόϐον

397 788 507 842 τῶν
536 783 866 858 ἀνθρώπων,
896 784 930 856 ἢ
960 785 1050 838 διὰ
1077 784 1176 853 τὴν
1219 782 1405 853 φύσιν,
1432 781 1467 851 ἢ
1506 779 1596 834 διὰ
1625 780 1723 850 τὴν
1749 780 1964 849 ἡδονὴν,

396 879 431 950 ἦ
460 879 549 933 διὰ
580 877 788 949 κέρδος,
813 877 846 948 ἢ
882 876 971 930 διὰ
992 874 1320 943 κενοδοξίαν,
1342 873 1377 945 ἦ
1403 871 1489 926 διὰ
1524 872 1791 942 ἀνάγκην.

468 1065 570 1128 οη¹.
602 1057 768 1111 ’Λλλο
812 1056 932 1111 ἐστὶ
980 1055 1256 1127 λογισμῶν
1288 1054 1690 1127 ἀπαλλαγῆναι,
1716 1053 1814 1107 καὶ
1836 1053 1968 1108 ἄλλο

400 1148 592 1201 παθῶν
631 1147 1091 1219 ἐλευθερωθῆναι.
1141 1148 1254 1201 Καὶ
1284 1147 1548 1208 πολλάκις
1576 1163 1659 1210 τις
1690 1144 1967 1217 λογισμῶν

398 1240 810 1296 ἀπαλλάττεται
831 1239 904 1310 μὴ
927 1239 1211 1310 παρόντων
1234 1238 1341 1296 τῶν
1366 1238 1707 1310 πραγμάτων
1719 1237 1967 1302 ἐκείνων,

400 1332 537 1401 πρὸς
566 1331 707 1401 ἅπερ
736 1330 806 1384 τὰ
829 1328 977 1399 πάθη
1005 1332 1301 1400 κέκτηται*
1339 1330 1639 1401 κρύπτεται
1653 1330 1709 1383 δὲ
1728 1329 1798 1382 τὰ
1824 1329 1969 1399 πάθη

400 1420 458 1471 ὲν
487 1420 553 1489 τῇ
584 1417 753 1489 ψυχῇ,
784 1418 877 1472 καὶ
899 1416 1303 1487 ἀναφαινόντων
1325 1419 1431 1473 τῶν
1449 1421 1789 1492 πραγμάτων
1815 1419 1970 1487 ἐλέγ-

399 1526 605 1579 χονται.
643 1510 764 1580 Χρὴ
789 1505 886 1563 οὖν
927 1512 1116 1581 τηρεῖν
1165 1510 1254 1564 τὸν
1282 1510 1407 1564 νοῦν
1449 1512 1540 1564 ἐπὶ
1571 1510 1680 1564 τῶν
1712 1509 1971 1582 πραγμά-

401 1620 528 1668 των,
559 1602 650 1657 καὶ
680 1602 885 1672 γνῶναι
924 1602 1061 1673 πρὸς
1086 1604 1238 1656 ποῖον
1265 1601 1379 1672 ἔχει
1403 1602 1464 1657 τὸ
1494 1601 1684 1667 πάθος.
1746 1643 1756 1648 -

2069 600 2244 657 stinct
2275 618 2291 654 :
2329 609 2426 656 aut
2458 606 2685 670 propter
2728 597 2827 654 Dei
2872 597 3193 654 cbaritatem
3218 639 3233 666 ,
3269 604 3365 652 aut
3417 606 3645 667 propter

2067 704 2220 759 spem
2248 688 2648 753 retributionis,
2674 693 2770 743 aut
2795 685 3051 757 supplicii
3093 693 3242 741 metu
3263 724 3278 751 ,
3317 693 3413 739 aut
3447 685 3642 740 timore

2068 779 2333 846 humano,
2357 786 2454 835 aut
2480 786 2709 850 propter
2745 784 2999 833 naturam
3025 792 3090 833 ac
3107 775 3369 841 indolem,
3398 783 3493 830 aut
3516 791 3644 846 pro-

2069 880 2194 942 pter
2220 872 2583 942 voluptatem,
2605 880 2701 927 aut
2727 869 2894 935 lucri,
2916 876 3012 925 aut
3035 868 3216 923 inanis
3236 865 3419 923 Gloria:
3453 882 3639 932 causa,

2068 973 2163 1020 aut
2199 965 2328 1035 quia
2355 967 2661 1021 necessitas
2700 975 2881 1036 cogat.

2137 1055 2227 1110 78.
2261 1055 2425 1111 Aliud
2459 1064 2546 1112 est
2594 1072 2626 1113 a
2661 1054 3088 1131 cogitationibus
3114 1052 3360 1117 liberari,
3396 1052 3547 1107 aliud
3571 1052 3640 1106 ab

2070 1146 2359 1203 aﬂ‘ectibus
2388 1161 2454 1203 ac
2487 1147 2641 1203 vitiis
2687 1147 2991 1203 immunem
3033 1144 3283 1219 praestari
3318 1161 3333 1200 :
3371 1159 3476 1200 nec
3515 1158 3641 1198 raro

2069 1238 2341 1309 contingit
2392 1246 2453 1292 ut
2492 1238 2619 1308 quis
2647 1254 2680 1294 a
2723 1237 3154 1309 cogitationibus
3198 1235 3498 1301 liberetur,
3540 1249 3642 1304 per

2069 1343 2262 1383 earum
2295 1343 2482 1383 rerum
2511 1327 2814 1382 absentiam
2847 1328 2917 1384 ad
2939 1343 3077 1398 quas
3109 1327 3404 1382 libidinose
3436 1325 3641 1379 allicie-

2071 1417 2253 1485 batur,
2277 1434 2401 1474 cum
2433 1426 2615 1474 tamen
2633 1417 2863 1474 allectus
2885 1434 2951 1474 ac
2976 1418 3237 1473 libidines
3250 1418 3306 1473 in
3329 1418 3514 1473 animo
3541 1409 3641 1472 dc-

2069 1509 2346 1577 Iitescant,
2383 1509 2661 1580 rebusque
2687 1510 3098 1582 emergentibus
3116 1525 3182 1566 ac
3203 1525 3389 1565 coram
3409 1508 3643 1580 objectis

2071 1615 2131 1655 se
2186 1600 2444 1671 prodant.
2474 1598 2866 1656 Observandus
2890 1616 3024 1672 ergo
3064 1600 3285 1655 animus
3338 1600 3395 1653 in
3453 1615 3640 1654 rerum

2051 1690 2382 1769 praesentia,
2403 1705 2469 1745 ac
2489 1690 2789 1745 videndum
2809 1691 2867 1745 in
2891 1705 3052 1761 quam
3084 1689 3304 1747 tandem
3342 1689 3544 1744 ail‘cctu
3574 1704 3642 1743 ac

2073 1780 2301 1836 libidine
2324 1780 2554 1836 feratur.

469 1864 567 1921 οϐ’.
608 1866 764 1931 Φίλος
783 1867 986 1932 ἐκεῖνός
1018 1869 1134 1921 ὲστι
1161 1868 1401 1939 γνήσιος,
1426 1870 1455 1922 ὁ
1482 1867 1579 1931 τάς
1610 1869 1675 1921 ὲκ
1704 1868 1964 1938 περιστά-

2141 1870 2228 1926 79.
2291 1870 2466 1928 Verus
2512 1872 2604 1927 ille
2637 1872 2849 1927 amicus
2899 1880 3003 1936 est,
3035 1871 3130 1942 qui
3183 1870 3414 1926 adverso
3456 1884 3640 1926 rerum

380 1973 542 2025 κσεως
576 1956 784 2025 θλίψεις
812 1959 908 2013 καὶ
938 1958 1181 2028 ἀνάγκας
1226 1958 1321 2012 καὶ
1365 1960 1652 2030 συμφορὰς
1695 1961 1753 2011 ἐν
1786 1957 1966 2029 καιρῷ

401 2046 711 2119 πειρασμοῦ
741 2050 1128 2118 συνυποφέοων
1152 2048 1229 2121 τῷ
1248 2047 1476 2121 πλησίον
1493 2051 1568 2115 ὡς
1596 2051 1751 2118 ἰδίας,
1773 2050 1968 2123 ἀθορύ-

401 2135 511 2200 ϐως
542 2139 636 2191 καὶ
664 2138 969 2212 ἀταράχως.

470 2312 545 2369 π’.
576 2313 669 2385 Μὴ
693 2315 971 2390 ἀτιμάσῃς
1001 2317 1101 2389 τὴν
1149 2320 1474 2393 συνείδησιν,
1506 2322 1706 2393 ἄριστά
1745 2341 1827 2378 σοι
1878 2325 1968 2378 ἀεὶ

400 2403 901 2473 συμϐουλεύουσαν.
934 2406 1166 2491 ξνώμην
1195 2409 1303 2480 γὰρ
1348 2411 1498 2465 θείαν
1543 2413 1637 2465 καὶ
1664 2412 1966 2485 ἀγγελικὴν

399 2510 482 2546 σοι
519 2495 831 2549 ὑποτίθεται
854 2511 866 2524 ·
904 2498 998 2551 καὶ
1027 2499 1136 2552 τῶν
1163 2501 1423 2571 κρυπτῶν
1456 2502 1557 2573 τῆς
1591 2505 1820 2575 καρδίας
1869 2523 1967 2576 μο-

395 2580 690 2653 λυσμάτων
716 2586 1012 2658 ἐλευθεροῖ,
1049 2588 1142 2642 καὶ
1186 2590 1500 2662 παρρησίαν
1536 2594 1671 2665 πρὸς
1698 2595 1791 2648 τὸν
1833 2595 1966 2651 Θεὸν

398 2674 456 2728 ὲν
482 2678 547 2746 τῇ
581 2674 744 2746 ἐξόδῳ
771 2694 852 2730 σοι
882 2679 1190 2749 χαρίζεται.

471 2772 582 2820 παν.
621 2767 683 2820 Et
715 2767 893 2833 θέλεις
918 2770 1170 2838 γενέσθαι
1209 2773 1536 2846 ἐπιγνώμων
1590 2777 1665 2849 (y)
1721 2780 1816 2834 καὶ
1850 2780 1970 2852 ’μέ-

399 2873 549 2926 τριος
579 2857 711 2927 (54),
745 2859 840 2912 καὶ
884 2859 961 2925 τῷ
989 2860 1155 2915 πάθει
1182 2863 1278 2933 τῆς
1303 2866 1533 2936 οἰήσεως
1568 2866 1643 2939 μὴ
1671 2869 1965 2940 δουλεύειν,

401 2946 488 2999 ἀεὶ
547 2945 700 3018 ζήτει
754 2950 814 3002 ὲν
864 2953 977 3015 τοῖς
1011 2947 1151 3019 οὖσι,
1188 2952 1240 3006 τί
1289 2956 1405 3007 ἐστι
1457 2958 1833 3030 κρυπτόμενον
1866 2962 1966 3034 τὴν

402 3038 498 3091 σὺν
529 3037 734 3106 γνῶσιν
766 3037 882 3111 [Fr.
919 3042 986 3112 τῇ
1021 3044 1086 3113 σῇ
1124 3041 1367 3117 γνὼσει].
1387 3047 1497 3101 Καὶ
1523 3048 1794 3116 εὑρίσκων
1818 3053 1967 3124 πάμ-

2071 1977 2198 2018 casu
2230 1962 2454 2017 obortas
2474 1976 2748 2017 :crumnas
2773 1969 2831 2017 et
2846 1963 3206 2018 necessitates
3226 1969 3281 2016 et
3308 1959 3643 2016 calamitates

2069 2067 2135 2108 ac
2164 2051 2370 2120 clades,
2407 2060 2655 2123 tempore
2689 2052 3031 2118 tentationis,
3056 2053 3210 2123 quasi
3236 2052 3508 2123 proprias,
3532 2065 3641 2123 una

2070 2159 2195 2199 cum
2243 2143 2496 2214 proximo
2534 2126 2945 2215 'imperturbate
2990 2144 3289 2215 sedatoque
3332 2144 3516 2199 animo
3551 2157 3645 2200 su-

2070 2234 2238 2290 stinet
2256 2273 2272 2289 .

2140 2324 2227 2381 80.
2260 2326 2340 2382 Ne
2364 2327 2758 2383 conscientiam
2780 2368 2795 2393 ,
2831 2327 3038 2398 optima
3062 2326 3157 2381 tibi
3191 2342 3409 2397 semper
3438 2342 3641 2381 consu-

2068 2416 2273 2473 lentem
2301 2419 2595 2489 spreveris.
2630 2418 2885 2473 Divinum
2919 2420 3067 2473 enim
3104 2426 3161 2474 et
3204 2416 3513 2489 angelicum
3540 2416 3642 2471 tibi

2068 2504 2359 2561 consilium
2408 2521 2474 2561 ac
2520 2506 2859 2561 voluntatem
2914 2504 3177 2576 suggerit,
3213 2495 3523 2574 liberatque
3569 2505 3638 2559 ab

2067 2597 2303 2652 occultis
2340 2597 2509 2652 animi
2539 2597 2818 2663 sordibus,
2846 2612 2909 2653 ac
2955 2597 3010 2652 in
3049 2596 3199 2652 exitu
3247 2594 3504 2653 ﬁduciam
3542 2596 3641 2652 tibi

2052 2687 2136 2769 ad
2162 2688 2336 2743 Deum
2362 2688 2666 2758 praestabit.

2135 2777 2223 2833 81.
2257 2778 2314 2834 Si
2355 2779 2601 2849 prudens
2626 2778 2880 2850 cognitor
2911 2793 2975 2834 ac
3018 2776 3300 2833 modestus
3345 2773 3485 2832 eilici
3534 2774 3638 2843 vis,

2065 2885 2170 2927 nec
2186 2870 2466 2942 iactantia:
2499 2870 2792 2940 inanisque
2821 2871 2994 2926 fastus
3030 2869 3167 2924 vitio
3200 2869 3431 2934 servire,
3458 2883 3641 2939 quaero

2067 2974 2284 3029 semper
2320 2958 2378 3013 in
2402 2959 2571 3013 rebus
2592 2958 2727 3030 quid
2761 2958 3050 3015 scientiam
3077 2967 3222 3014 tuam
3257 2960 3445 3014 lateat.
3477 2958 3644 3014 Cum-

2066 3064 2174 3118 que
2207 3049 2446 3120 plurima
2493 3057 2656 3120 atque
2705 3047 2927 3104 diversa
2961 3057 3012 3104 te
3062 3050 3233 3105 latere
3283 3050 3638 3120 compereris,

402 3126 572 3181 πολλα
611 3129 705 3182 καὶ
733 3129 966 3200 διάφορα
1010 3130 1309 3203 πράγματα
1352 3133 1685 3192 λανθάνοντά
1724 3157 1806 3207 σε,
1837 3141 1964 3197 θαυ-

2068 3140 2359 3195 miraberis
2381 3155 2484 3210 pro
2503 3154 2568 3196 ea
2592 3156 2703 3210 qua
2722 3140 2939 3196 laboras
2963 3141 3292 3212 ignorantia,
3314 3132 3645 3214 sensumque

403 3219 598 3289 μάσεις
626 3237 683 3273 τε
715 3220 806 3272 ἐπὶ
837 3224 902 3291 τῇ
930 3224 994 3292 σῇ
1026 3222 1289 3296 ἀγνωσία,
1315 3227 1408 3279 καὶ
1439 3230 1713 3295 συστελεῐς
1750 3232 1809 3285 τὸ
1834 3233 1968 3304 φρό-

398 3324 581 3378 νημα’
641 3311 734 3362 καὶ
789 3312 1016 3367 σεαυτὸν
1049 3315 1329 3383 ἐπιγνοὺς,
1366 3320 1619 3390 συνήσεις
1672 3323 1843 3377 πολλά
1873 3326 1968 3378 καὶ

401 3399 615 3468 μεγάλα
636 3401 730 3453 καὶ
762 3397 1053 3474 θαυμαστά
1084 3406 1407 3478 πράγματα.
1453 3410 1607 3464 Ἐπεὶ
1636 3413 1699 3466 τὺ
1725 3414 1967 3487 νομίζειν

398 3489 621 3558 ειδέναι,
653 3491 751 3546 οὐκ
782 3495 846 3566 ἐᾷ
879 3496 1212 3566 προκόπτειν
1246 3501 1328 3563 εἰς
1356 3500 1417 3554 τὸ
1453 3502 1678 3559 εἰδέναι.

470 3580 584 3650 πβ’.
618 3574 786 3648 Οὗτος
815 3585 1061 3656 ἀκριϐῶς
1100 3586 1242 3642 θέλει
1271 3591 1534 3663 σωθῆναι,
1567 3596 1595 3648 ό
1635 3598 1749 3662 τοῖς
1791 3599 1966 3672 ίατρι-

399 3673 516 3736 κοῖς
550 3675 864 3744 φαρμάκοις
919 3678 994 3749 μὴ
1024 3677 1442 3753 ἀνθιστάμενος.
1490 3679 1661 3742 Mirati
1714 3689 1769 3743 δέ
1821 3693 1963 3746 εἰσιν

395 3763 582 3819 ὀδύναι
633 3769 731 3822 καὶ
768 3767 935 3823 λύπαι
985 3769 1076 3825 διὰ
1122 3774 1385 3829 ποικίλων
1418 3778 1699 3850 ἐπιφορῶν
1755 3783 1963 3852 ἑπαγό-

399 3875 580 3928 μεναι.
596 3859 655 3914 '0
675 3859 731 3913 δὲ
760 3861 1175 3935 ἀνθιστάμενος,
1192 3865 1293 3919 οὐκ
1316 3861 1425 3921 οἶδε
1447 3868 1500 3921 τί
1519 3869 1752 3925 ἐνταῦθα
1780 3886 1967 3945 πραγ-

401 3947 713 4018 ματεύεται,
766 3950 887 4005 οὐδὲ
927 3952 981 4006 τί
1042 3954 1293 4011 ἐντεῦθεν
1341 3956 1685 4029 ὠνησόμενος
1729 3962 1965 4019 ἀπελεύ-

401 4054 575 4093 σεται.

468 4131 583 4200 πγ’.
624 4133 913 4203 Κενοδοξία
944 4136 1038 4191 καὶ
1073 4137 1408 4212 φιλαργυρία
1439 4141 1684 4216 ἀλλήλων
1706 4146 1815 4200 εἰσὶ
1843 4165 1966 4220 γεν-

386 4222 638 4294 νητικαί.
693 4227 769 4281 Οἱ·
807 4228 909 4298 μὲν
961 4228 1072 4302 γὰρ
1118 4231 1547 4302 κενοδοξοῦντες,
1600 4235 1961 4295 πλουτοῦσιν·

398 4316 446 4368 oi
473 4314 531 4368 δὲ
558 4317 940 4385 πλουτοῦντες,
985 4321 1357 4388 κενοδόξοῦσιν
1374 4342 1389 4357 ο
1424 4326 1540 4379 ἀλλ’
1566 4327 1643 4392 ὡς
1674 4330 1959 4401 κοσμικοί·

398 4408 522 4461 ἄπει
572 4411 617 4483 ό
657 4412 890 4482 μοναχδς
938 4413 1206 4485 ἀκτήμων
1268 4415 1363 4484 ὢν,
1417 4418 1621 4490 μᾶλλον
1673 4423 1958 4492 κενοδοξεῖ.

2070 3238 2127 3286 ει
2181 3231 2395 3287 animos
2451 3232 2819 3302 comprimes;
2854 3239 3017 3302 teque
3072 3231 3253 3303 ipsum
3303 3249 3642 3306 agnoscens,

2071 3323 2242 3377 multa
2271 3338 2577 3395 magnaque
2599 3338 2663 3379 ac
2691 3323 3011 3379 admiranda
3037 3323 3331 3395 intelliges.
3351 3324 3506 3393 Quod
3521 3326 3647 3398 quis

2067 3414 2216 3470 enim
2240 3430 2299 3470 se
2326 3414 2469 3471 scire
2490 3415 2791 3483 existimat,
2819 3415 2977 3472 deest
3005 3414 3087 3470 illi
3119 3430 3230 3487 quo
3258 3416 3328 3472 ad
3356 3418 3644 3475 scientiam

2067 3503 2340 3576 prolicere
2370 3505 2555 3561 liceat.

2139 3597 2227 3652 82.
2255 3596 2350 3652 Ille
2377 3597 2524 3653 serio
2568 3597 2802 3653 salutem
2832 3597 3097 3669 consequi
3127 3598 3301 3671 cupit,
3327 3600 3424 3670 qui
3471 3601 3648 3658 medi-

2068 3684 2342 3741 cinalibus
2397 3686 2661 3742 remediis
2713 3701 2825 3742 non
2870 3688 3103 3743 resistit.
3154 3687 3297 3744 Sunt
3339 3702 3472 3745 vero
3504 3689 3641 3758 haec,

2066 3775 2308 3838 dolores.
2334 3790 2594 3832 aerumnae
2614 3792 2679 3832 ac
2700 3777 2864 3843 mala,
2898 3777 3068 3833 variis
3095 3778 3317 3834 casibus
3341 3795 3643 3854 rerumque

2067 3863 2388 3920 turbinibus
2409 3864 2569 3939 441
2604 3865 2873 3922 immissa.
2906 3865 3011 3934 Qui
3051 3875 3234 3923 autem
3280 3869 3523 3938 resistit,
3551 3888 3650 3927 ne-

2067 3957 2173 4014 scit
2197 3957 2460 4029 quidnam
2491 3958 2584 4014 hic
2602 3958 3059 4035 negotiiagatur,
3095 3958 3298 4031 quidve
3334 3961 3475 4017 lucri
3509 3976 3644 4020 con-

2066 4054 2289 4104 secutus
2310 4046 2568 4103 humanis
2599 4048 2937 4120 migraturus
2963 4049 3056 4105 sit.

2133 4134 2221 4191 85.
2248 4134 2434 4191 Inanis
2455 4134 2628 4207 gloria
2651 4142 2710 4190 et
2742 4135 2993 4203 avaritia,
3018 4138 3193 4193 altera
3228 4136 3385 4195 alteri
3418 4152 3640 4209 parens.

2064 4225 2169 4295 Qui
2193 4226 2340 4282 enim
2370 4225 2525 4282 inani
2553 4227 2730 4299 gloria
2765 4226 3040 4294 laborant,
3077 4228 3355 4287 ditescere
3381 4230 3640 4298 student,

2063 4314 2429 4386 Iaborantque
2480 4316 2631 4372 inani
2679 4317 2874 4389 gloria,
2926 4317 3024 4389 qui
3071 4319 3298 4375 student
3334 4318 3641 4388 ditescere,

2064 4406 2211 4478 quod
2243 4421 2442 4478 nempe
2461 4407 2531 4463 ad
2557 4408 2845 4465 saeculares
2863 4406 3064 4466 attinet
3093 4427 3106 4463 ε
3138 4410 3443 4467 monachus
3470 4411 3643 4478 enim,

411 4499 699 4576 ’Δργύριον
732 4502 789 4556 δὲ
823 4503 982 4574 ἔχων,
1014 4506 1247 4578 κρύπτει
1276 4509 1432 4572 αὐτὸ,
1462 4513 1853 4586 αἰσχυνόμενος
1871 4490 1959 4582 ἢὼς

2067 4490 2190 4553 eum
2218 4496 2358 4552 nihil
2386 4497 2443 4552 in
2472 4512 2639 4553 censu
2668 4496 2834 4553 habet
2856 4512 2920 4554 ac
2949 4513 3159 4569 pauper
3184 4506 3288 4566 est,
3327 4508 3441 4556 tum
3474 4502 3646 4574 magis

378 4590 666 4647 ἀνοίκειον
695 4596 929 4667 πρᾶγμα
959 4597 1055 4652 τοῦ
1086 4600 1367 4672 σχήματος
1408 4602 1572 4675 ἔχων.

468 4838 573 4893 πδθ.
614 4838 729 4911 Τῆς
775 4840 870 4896 τοῦ
919 4843 1157 4916 μοναχοῦ
1204 4846 1515 4914 κενοδοξίας
1566 4849 1719 4917 ἴδιον,
1771 4852 1834 4907 τὸ
1876 4853 1966 4908 ἐπ’

395 4926 565 5017 αρετῇ
600 4932 918 5001 κενοδοξεῖν,
944 4937 1038 4989 καὶ
1070 4939 1184 5001 τοῖς
1215 4937 1389 5012 ταύτῃ
1439 4934 1794 4998 ἀκολουθοῦσι
1815 4960 1832 4977 θ
1863 4944 1967 5017 τῆς

2066 4584 2216 4640 inani
2243 4587 2416 4657 gloria
2454 4594 2647 4642 tumet.
2677 4586 2772 4643 Sin
2795 4596 2977 4645 autem
3008 4589 3177 4646 habet
3218 4592 3503 4661 pecunias,
3552 4608 3646 4649 eas

2064 4675 2370 4743 abscondit,
2395 4677 2749 4743 erubescens,
2781 4686 2843 4734 ut
2864 4695 3026 4750 quem
3054 4680 3261 4751 pudeat
3283 4681 3511 4751 habere,
3542 4699 3645 4740 ceu

2064 4779 2181 4821 rem
2216 4782 2337 4838 quae
2375 4769 2690 4824 institutum
2722 4768 2872 4826 illius
2897 4759 3180 4828 dedeceat.

2133 4855 2218 4912 84.
2253 4857 2433 4915 Inanis
2457 4858 2645 4931 gloriae
2690 4860 2947 4921 monachi
2979 4849 3264 4934 proprium
3300 4874 3405 4931 est,
3449 4871 3512 4919 ut
3537 4863 3650 4920 vir-

2062 4948 2196 5005 tutis
2221 4951 2444 5007 nomine
2470 4967 2530 5008 se
2554 4950 2647 5007 illa
2678 4951 2893 5019 eﬂ‘erat,
2936 4970 3240 5026 eorumque
3271 4971 3393 5026 quae
3422 4971 3490 5011 ex
3527 4956 3643 5011 vir-

395 5015 454 5071 δὲ
482 5018 857 5091 ὑπερηφανίας
907 5025 1073 5080 αὐτοῦ
1125 5027 1275 5095 ἴδιον,
1307 5029 1368 5083 τὸ
1396 5031 1490 5084 ἐπὶ
1543 5015 1963 5105 κατορθώμασιν

2067 5040 2195 5097 tutis
2244 5044 2456 5099 ratione
2508 5053 2639 5101 sunt
2668 5062 2681 5099 :
2712 5046 2833 5119 ejus
2875 5064 3008 5105 vero
3043 5051 3337 5121 proprium
3373 5050 3644 5122 superbia:

397 5171 562 5238 unus,
580 5172 659 5212 ait
688 5158 974 5238 Maximus,
1004 5162 1180 5238 ὀρθῶς
1200 5168 1589 5238 περιποιεῖται,
1622 5185 1808 5225 earum
1831 5182 1970 5228 recte

396 5229 659 5313 rationem
694 5229 864 5313 habet,
901 5240 959 5313 ιιι
1006 5229 1111 5313 τιρῃ
1140 5229 1289 5313 gerit
1323 5229 1612 5313 aliquando
1650 5255 1751 5309 quo
1779 5244 1967 5313 quique

396 5298 695 5375 necessaria
717 5300 982 5375 tribuat:
1013 5303 1105 5357 ubi
1134 5302 1336 5375 Obsop.
1364 5298 1422 5360 et
1458 5306 1627 5367 Gesn.
1650 5298 1779 5371 fnon
1798 5298 1961 5375 bene,

393 5366 1041 5445 curamfamiliwuobiens
1053 5387 1072 5437 ;
1093 5366 1239 5441 quod
1259 5366 1405 5430 esset
1428 5366 1960 5444 privatarum-solum

394 5439 755 5556 Keeuniarum
812 5439 1163 5523 distributor,
1227 5459 1337 5499 non
1395 5439 1774 5515 publicarunt;
1833 5467 1958 5519 cum

438 5519 563 5556 ntus
588 5521 821 5556 maxrme
851 5519 1065 5556 Intersit
1085 5551 1097 5556 -
1134 5519 1194 5556 Ill.
1229 5515 1479 5556 npmrnim
1506 5525 1798 5556 cnnnntnnr
1850 5536 1958 5556 nun

438 5515 563 5589 tua;
582 5515 821 5589 maxime
849 5515 1065 5589 intersit
1084 5551 1099 5576 ,
1134 5519 1203 5589 ut_
1229 5515 1481 5589 pecunia;
1506 5525 1823 5589 suppetant,
1850 5515 1961 5589 quo

395 5533 563 5587 ηυδε.ιέ
582 5533 821 5586 ξιιξιλιιιιυ
849 5533 1065 5566 ιιιιιπδιι
1084 5551 1099 5576 ,
1134 5533 1194 5565 ιιι
1229 5533 1479 5582 pecunia:
1506 5533 1609 5585 ευρ
1650 5533 1823 5584 etant,
1850 5536 1961 5589 quo

393 5581 452 5657 et
476 5571 726 5657 divinius
747 5578 951 5657 bonum
984 5581 1092 5657 illis
1120 5583 1204 5636 vel
1217 5583 1516 5657 servandis
1547 5533 1650 5657 ve?
1668 5591 1961 5657 erogandis

394 5648 740 5724 propositum
784 5648 947 5702 habet
976 5667 990 5703 :
1031 5650 1140 5716 hic,
1175 5652 1311 5706 nihil
1353 5654 1438 5724 eis
1466 5655 1712 5724 exposita
1747 5648 1871 5724 vvont,
1904 5670 1962 5716 at

396 5722 567 5798 certe
586 5728 696 5798 non
725 5724 877 5798 estra
912 5723 1421 5798 mentemauctoris
1452 5722 1834 5798 detorta,_Non
1858 5722 1958 5798 ρο-

397 5787 496 5834 tcst
527 5787 896 5842 mcenumicum
936 5804 1110 5857 aqere.
1148 5791 1405 5849 Arcarius
1447 5793 1629 5851 dictus
1665 5787 1962 5866 ejusmodi,

2072 5178 2231 5247 quasi
2257 5180 2556 5257 aerariivel
2590 5183 2794 5253 privati
2825 5185 2932 5257 vel
2952 5185 3162 5257 publici
3206 5193 3472 5257 qutestor;
3517 5189 3627 5243 ine-

2071 5257 2222 5328 ptus
2246 5259 2397 5328 certe
2447 5251 2862 5328 huic—muneri,
2890 5256 2936 5309 si
2955 5251 3205 5313 libenter
3224 5251 3506 5327 'accipiat,
3534 5273 3637 5313 nec

2069 5320 2178 5371 nisi
2209 5320 2417 5375 invitus
2455 5336 2519 5376 ac
2558 5322 2738 5379 tristis
2764 5323 2993 5380 tribuat.

2141 5385 2216 5468 (ῃ)
2251 5391 2320 5443 El
2350 5386 2549 5468 0é._1etc_
2563 5391 3232 5468 γενέσθαι-ἐπιγνώμων.
3260 5395 3532 5468 Cognitor,
3560 5398 3646 5451 in.

2065 5464 2294 5540 specior,
2334 5460 2435 5540 qui
2482 5460 3097 5540 ad’judicandum'seu'
3126 5460 3645 5540 arbitrandum'ali-

2065 5527 2199 5650 gzujd
2233 5527 2442 5585 accitus
2478 5532 2570 5594 sit,
2594 5527 2661 5586 ut
2680 5533 2758 5617 ait
2782 5533 2919 5588 Bud.
2960 5535 3202 5593 adducto
3240 5537 3469 5593 Luciani
3495 5536 3638 5592 loco.

2117 5607 2243 5650 tiam
2270 5598 2501 5650 Hesveh.
2538 5603 2883 5650 ὲπιγνωιιων-
2926 5604 3185 5650 ἐπόπτης.
3226 5606 3490 5650 Drmnlnm
3526 5606 3638 5650 Imm

2117 5597 2243 5678 tiam
2268 5598 2885 5681 ﬂesych.‘§ntyv@pwv,
2926 5604 3187 5681 ἐπόπτης.
3226 5606 3491 5681 Prmclara
3526 5606 3643 5661 btec

2065 5659 2301 5748 “im-‘-
2348 5659 2798 5748 εδίθηειίεέευιειν
2839 5659 2986 5748 alma
3023 5659 3635 5748 ιείιςέίιιίίηξέείέιιιεέιί

2066 5737 2228 5793 scias.
2255 5737 2374 5794 Non
2407 5739 2549 5796 male
2573 5737 2738 5799 Gesn.
2772 5737 3007 5815 δαρῑεηδ.
