4140 6322
576 387 710 455 1013

1810 391 1866 450 S.
1909 390 2196 451 MAXIMI
2238 391 2746 456 CONFESSORIS

3701 399 3820 465 10H

571 511 677 568 est,
714 511 778 557 ut
820 501 892 558 ob
935 515 1101 572 opera
1131 508 1392 572 gestaque
1441 499 1784 564 extollatur,
1811 515 1874 554 ac
1912 501 2154 571 reliquos

2258 505 2607 577 ἐπαίρεσθαι,
2661 509 2756 561 ml.
2813 507 3112 574 ὲξυυθενεϊν
3149 510 3274 573 τοὺς
3329 511 3552 576 ἄλλους·
3623 516 3718 570 καί
3769 518 3822 569 τὸ

573 604 828 666 spernat,
856 604 912 650 et
945 603 1004 648 ut
1034 593 1139 649 sibi
1173 594 1309 659 hzec,
1353 609 1462 648 non
1491 595 1602 648 Deo
1631 593 1889 649 ascribat.
1917 593 2155 648 Saacula-

573 689 652 743 ris
674 697 858 743 autem
893 687 1070 741 inanis
1098 687 1284 758 gloriae
1315 701 1379 741 ac
1429 686 1701 757 superbia:
1743 686 2052 756 pr0prium,
2092 693 2154 739 ut

571 790 629 832 et
668 774 1099 847 pulchritudinis
1126 788 1182 830 et
1211 776 1529 830 divitiarum
1557 781 1613 830 et
1640 776 1899 844 potentiae
1925 784 1979 829 et
2018 791 2152 845 pru-

557 870 778 946 dentia:
829 873 1052 924 nomine
1109 870 1349 924 inaniter
1375 870 1644 940 glorietur
1691 884 1755 922 ac
1809 868 1952 923 fastu
2005 868 2155 922 intu-

556 956 800 1014 'mescat.

642 1051 1115 1107 85.3mcularium
1173 1054 1408 1110 virtutes
1460 1069 1525 1109 ac
1577 1062 1918 1117 ornamenta,
1967 1068 2154 1107 mona-

578 1142 811 1198 chorum
850 1145 984 1198 vitia
1013 1154 1139 1199 sunt
1159 1161 1223 1200 ac
1249 1145 1614 1211 detrimenta;
1650 1145 2009 1214 vicissimque
2032 1159 2152 1198 mo—

574 1235 879 1288 nachorum
906 1236 1139 1290 virtutes
1170 1245 1226 1290 et
1256 1245 1597 1299 ornamenta,
1632 1235 1977 1291 saecularium
2025 1244 2154 1289 sunt

571 1325 706 1380 vitia
736 1332 792 1379 et
831 1325 1186 1381 detrimenta.
1237 1327 1396 1392 Puta,
1441 1327 1782 1382 szecularium
1830 1333 2152 1380 ornamenta

558 1423 723 1481 'sunt,
756 1417 981 1482 divitiae,
1016 1418 1210 1489 gloria,
1245 1419 1493 1488 potentia
1521 1459 1534 1483 ,
1560 1419 1792 1482 delicim,
1845 1417 1990 1472 bona
2026 1432 2152 1471 cor-

574 1509 724 1577 poris
752 1508 1038 1564 habitudo.
1075 1509 1305 1564 honesta
1332 1510 1548 1565 soboles
1589 1518 1645 1564 ct
1673 1510 1916 1579 copiosa,
1943 1517 1999 1564 et
2030 1523 2153 1578 quae

576 1611 706 1656 sunt
733 1603 1004 1675 ejusmodi
1031 1621 1042 1656 :
1070 1603 1136 1656 ad
1173 1619 1294 1673 qua:
1329 1603 1372 1657 si
1403 1605 1585 1658 veniat
1606 1601 1930 1663 monachus,
1965 1609 2150 1655 actum

577 1697 676 1752 illo
735 1703 838 1752 est.
873 1697 1120 1752 Monachi
1148 1706 1332 1751 autem
1365 1705 1684 1751 ornamenta
1712 1704 1876 1765 atque
1893 1694 2148 1758 virtutes,

577 1797 907 1858 paupertas,
971 1788 1301 1857 ignominia,
1346 1786 1722 1851 imbecillitas,
1787 1783 2148 1846 continentia,

577 1877 830 1947 corporis
852 1877 1009 1931 labor
1049 1877 1278 1946 ejusque
1311 1876 1626 1940 afflictatio,
1667 1886 1722 1931 ct
1756 1886 1953 1930 czctera
1985 1873 2147 1939 talia;

577 1966 646 2021 ad
685 1983 807 2036 quae
840 1966 1120 2022 saecularis
1164 1966 1368 2020 invitus
1417 1966 1681 2030 veniens,
1725 1965 2000 2034 ingentem
2036 1964 2150 2018 rui-

576 2074 702 2112 nam
723 2073 786 2112 ac
807 2057 1197 2112 detrimentum
1227 2055 1406 2122 ducit;
1441 2071 1543 2111 nec
1566 2071 1692 2110 raro
1717 2055 2023 2127 periculum
2045 2063 2149 2120 est,

576 2164 648 2204 ne
679 2157 737 2204 et
763 2149 865 2204 sibi
898 2150 1092 2218 laqueo
1121 2157 1311 2219 guttur
1341 2149 1619 2219 frangant;
1658 2161 1760 2201 nec
1785 2145 1984 2201 desunt
2012 2160 2152 2216 quos

562 2243 807 2314 fregisse
834 2251 890 2296 et
913 2250 1149 2297 constat.

647 2334 734 2390 86.
762 2334 906 2399 Cibi,
937 2335 1138 2404 duplici
1181 2350 1248 2389 ex
1269 2350 1432 2388 causa
1464 2333 1669 2388 conditi
1699 2341 1828 2387 sunt
1855 2349 1868 2386 :
1902 2331 2151 2388 alimenti

575 2427 804 2492 scilicet,
835 2437 892 2481 et
919 2427 1239 2481 curationis.
1270 2426 1373 2492 Qui
1404 2425 1570 2496 igitur
1604 2436 1804 2494 praeter
1827 2426 1927 2479 has
1955 2440 2152 2480 causas

575 2527 804 2574 sumunt
873 2528 932 2574 ut
984 2519 1078 2588 qni
1125 2519 1292 2572 rebus
1335 2533 1364 2572 a
1412 2519 1526 2572 Deo
1578 2518 1633 2570 in
1663 2533 1823 2574 usum
1877 2517 2152 2572 concessis

575 2610 895 2674 abutantur,
923 2619 1180 2678 tanquam
1209 2608 1502 2678 voluptarii
1535 2608 1935 2663 condemnandi
1978 2616 2106 2663 sunt
2135 2625 2148 2661 :

574 2702 670 2758 sed
689 2710 745 2758 et
773 2701 828 2755 in
858 2701 1117 2756 omnibus
1140 2701 1326 2766 rebus,
1354 2708 1640 2770 peccatum
1665 2699 1870 2755 abusus
1907 2699 2148 2754 exsistit.

646 2877 736 2931 87.
783 2875 1013 2931 Modesti
1065 2875 1233 2928 animi
1279 2889 1472 2928 sensus
1505 2873 1622 2943 (seu
1658 2871 1962 2943 humilitas)
2006 2871 2154 2942 jngis

574 2971 752 3026 oratio
795 2979 898 3034 est,
935 2970 1226 3040 conjuncta
1267 2967 1524 3038 lacrymis
1574 2974 1629 3021 et
1679 2965 1982 3019 laboribus.
2028 2965 2154 3019 Ητυο

573 3063 721 3117 enim
763 3064 936 3119 Deum
963 3076 1181 3129 semper
1233 3061 1286 3112 in
1318 3059 1582 3112 auxilium
1614 3057 1896 3120 invocans,
1929 3056 1984 3109 in
2021 3071 2151 3125 pro-

2257 597 2435 669 ἐαυτῷ
2483 598 2677 663 ταῦτα,
2709 600 2803 652 ml
2854 599 2928 670 μὴ
2963 600 3040 671 τῷ
3081 600 3199 671 Θεῷ
3241 603 3587 673 ἐπιγράφειν.
3619 605 3730 670 Τῆς
3769 607 3821 657 δὲ

2253 687 2350 742 τοῦ
2382 689 2652 760 κοσμικοῦ
2679 691 2985 756 κενοδοξίας
3015 693 3112 746 ml
3153 693 3534 764 ὑπερηφανίας
3583 695 3734 759 ἴδιον,
3765 698 3821 750 τὸ

2256 782 2352 835 ἐπὶ
2386 782 2576 836 κάλλει
2610 783 2705 837 καὶ
2736 783 2954 854 πλούτῳ
2992 785 3084 837 ml.
3113 785 3405 856 δυναστείᾳ
3438 788 3534 839 καὶ
3568 787 3821 858 φρονήσει

2254 873 2554 939 κενοδοξεῖν
2585 876 2680 928 καὶ
2713 875 3062 948 ἐπαίρεσθαι.

2323 1052 2429 1104 πε’.
2462 1051 2544 1104 Τὰ
2563 1050 2673 1105 τῶν
2695 1051 2980 1123 κοσμικῶν
3000 1051 3405 1124 κατορθώματα
3436 1052 3530 1122 (z),
3557 1051 3821 1123 πτώματά

2253 1140 2362 1193 εἰσι
2387 1139 2497 1192 τῶν
2531 1141 2782 1212 μοναχῶν
2803 1160 2817 1173 ο
2859 1143 2954 1195 καὶ
2986 1141 3093 1196 τῶν
3126 1143 3378 1213 μοναχῶν
3403 1144 3818 1214 κατορθώματα,

2255 1232 2529 1302 πτώματα
2556 1235 2662 1287 εἰσι
2697 1233 2805 1287 τῶν
2837 1234 3140 1305 κοσμικῶν.
3191 1231 3339 1301 υἵον,
3371 1235 3438 1287 τὰ
3486 1235 3595 1288 τῶν
3629 1253 3819 1305 κοσμι-

2253 1325 2365 1378 κῶν
2401 1323 2827 1396 κατορθώματα,
2864 1326 3094 1389 πλοῦτός
3124 1329 3240 1380 ἐστι
3274 1328 3366 1381 ml
3392 1327 3518 1393 δόξα
3556 1329 3647 1380 καὶ
3668 1329 3820 1382 δυνα·

2255 1416 2406 1468 στεία
2435 1417 2530 1469 καὶ
2559 1417 2740 1488 τρυφὴ
2776 1417 2868 1470 ml
2898 1417 3167 1487 εύσαρκία
3200 1418 3295 1471 καὶ
3329 1420 3599 1484 εὐτεκνία,
3637 1421 3735 1474 καὶ
3761 1421 3823 1474 τὰ

2250 1507 2457 1560 τούτων
2477 1507 2744 1561 ἀκόλουθα
2769 1525 2782 1540 ο
2825 1509 2904 1572 είς
2945 1509 3088 1578 ἆπερ
3113 1508 3283 1562 ὲλθὼν
3315 1512 3342 1564 ό
3372 1511 3624 1580 μοναχδς,
3661 1511 3822 1565 ἀπόλ-

2251 1599 2427 1652 λυται.
2469 1598 2552 1652 Τὰ
2597 1599 2653 1652 δὲ
2685 1599 2779 1652 τοῦ
2835 1600 3072 1670 μοναχοῦ
3108 1599 3534 1672 κατορθώματα,
3577 1604 3822 1672 ἀκτημο-

2253 1691 2408 1764 σύνη,
2433 1692 2638 1758 ἀδοξία,
2679 1691 2974 1764 ἀδυναμία,
3000 1693 3320 1764 ἐγκράτεια,
3350 1693 3714 1755 κακοπάθεια,
3739 1705 3819 1754 καὶ

2251 1785 2318 1838 τὰ
2349 1784 2551 1837 τούτων
2582 1783 2880 1837 ἀκόλουθα·
2917 1785 2998 1846 είς
3043 1783 3185 1854 ἅπερ
3236 1782 3406 1836 ἐλθὼν
3438 1785 3466 1836 ὁ
3498 1783 3822 1854 φιλόκοσμος

2255 1876 2404 1947 παρὰ
2427 1875 2703 1949 πρόθεσιν,
2724 1875 2926 1947 πτῶμα
2954 1877 3168 1944 ἡγεῖται
3196 1877 3369 1946 μέγαο
3406 1875 3500 1928 καὶ
3528 1873 3821 1927 κινδυνεύει

2253 1969 2513 2031 πολλάκις
2541 1968 2636 2022 ml
2661 1968 2862 2040 ἀγχόνῃ
2892 1967 3202 2039 χρήσασθαι
3225 1983 3240 1998 ο
3273 1968 3416 2032 τινὲς
3443 1968 3500 2020 δὲ
3533 1967 3628 2022 ml.
3657 1967 3819 2038 ὲχρήυ

2255 2079 2440 2116 σαντο.

2328 2329 2446 2396 πς’.
2480 2329 2559 2384 Τὰ
2589 2329 2855 2402 βρώματα
2881 2329 2969 2384 διὰ
3002 2330 3095 2384 δυο
3125 2331 3301 2394 αἰτίας
3321 2330 3549 2403 ἐκτίσθη
3575 2349 3590 2363 ⁶
3620 2337 3820 2406 τροφῆς

2253 2421 2439 2488 ἕνεκα,
2478 2423 2573 2476 καὶ
2607 2422 2928 2492 θεραπείας.
2977 2423 3040 2476 Οἱ
3070 2418 3164 2476 οὖν
3209 2421 3384 2493 πάρεξ
3411 2423 3617 2478 τούτων
3653 2442 3821 2495 μετα-

2255 2513 2651 2584 λαμϐάνοντες,
2707 2513 2782 2577 ὡς
2843 2513 3274 2584 παραχρώμενοι
3318 2517 3430 2579 τοῖς
3490 2517 3570 2579 είς
3627 2518 3820 2586 χρῆσιν

2255 2607 2408 2677 παρᾶ
2441 2604 2576 2658 Θεοῦ
2625 2604 2879 2665 δοθεῖσιν,
2937 2605 3014 2668 ὡς
3049 2607 3327 2676 τρυφηταὶ
3376 2607 3817 2678 κατακρίνονται.

2254 2698 2364 2750 Καὶ
2392 2697 2486 2749 ἐπὶ
2521 2695 2737 2749 πάντων
2780 2695 2838 2748 δὲ
2887 2695 2996 2750 τῶν
3036 2697 3396 2766 πραγμάτιον,
3440 2699 3474 2768 ὴ
3536 2698 3822 2770 παράχρη-

2255 2789 2338 2851 σίς
2371 2788 2518 2841 ἐστιν
2545 2790 2578 2856 ἡ
2617 2787 2881 2858 ἁμαρτία.

2323 2877 2433 2943 πζ’.
2487 2878 2970 2950 Ταπεινοφροσύνη
3028 2879 3164 2946 ἐστὶ,
3243 2879 3527 2951 προσευχὴ
3597 2880 3822 2951 συνεχὴς

2257 2969 2396 3040 μετὰ
2425 2970 2677 3041 δακρύων
2706 2971 2799 3024 ml
2849 2972 3046 3026 πόνων.
3081 2971 3229 3043 Αὕτη
3278 2971 3386 3043 γὰρ
3427 2973 3514 3026 ἀεὶ
3560 2973 3658 3025 τὸν
3695 2973 3820 3025 Θεὸν

2255 3061 2334 3123 είς
2370 3059 2623 3130 βοήθειαν
2660 3059 3088 3129 ἐπικαλουμένη,
3143 3061 3223 3122 είς
3269 3060 3368 3130 τὴν
3411 3059 3548 3112 ἰδίαν
3594 3059 3820 3130 δύναμιν

575 3154 695 3224 pria
721 3153 925 3206 virtute
955 3161 1010 3205 et
1044 3150 1310 3220 sapientia
1355 3149 1680 3218 insipienter
1706 3147 1988 3202 confidere
2034 3163 2144 3202 non

2255 3151 2347 3204 καὶ
2372 3149 2562 3220 σοφίαν
2586 3149 2833 3220 ἀφρόνως
2854 3149 3078 3220 θαρῤεἶν
3109 3149 3209 3200 οὐκ
3234 3147 3316 3218 ὲᾷ,
3346 3147 3463 3200 οὐδὲ
3492 3147 3671 3201 ἄλλων
3701 3163 3822 3201 κατ-

575 3244 727 3306 sinit,
764 3258 866 3297 nec
897 3241 1083 3296 efferri
1120 3240 1385 3295 adversus
1427 3241 1596 3304 alios;
1640 3253 1761 3308 qum
1794 3237 1915 3290 vitii
1954 3253 2149 3308 super-

575 3335 681 3390 bia:
707 3349 901 3404 graves
929 3333 1284 3404 aegritudines
1309 3341 1438 3385 sunt
1459 3347 1523 3386 ac
1553 3347 1729 3386 noxae.

651 3425 812 3498 442
853 3425 939 3479 88.
981 3422 1143 3478 Aliud
1177 3432 1261 3478 est
1309 3421 1576 3477 adversus
1604 3421 1912 3492 simplicem
1947 3419 2155 3490 cogita-

577 3521 784 3574 tionem
806 3532 1070 3588 pugnare,
1101 3530 1173 3570 ne
1195 3514 1452 3569 allectum
1494 3530 1557 3569 ac
1583 3513 1873 3569 libidinem
1899 3519 2149 3578 moveat;

579 3607 726 3662 aliud
761 3620 1003 3677 pugnare
1032 3605 1298 3659 adversus
1335 3619 1454 3658 eam
1494 3620 1616 3674 qua:
1653 3605 1723 3660 sit
1761 3604 2055 3660 libidinosa
2099 3612 2154 3658 et

578 3712 701 3752 cum
731 3696 954 3761 affectu,
975 3712 1043 3750 ne
1069 3695 1123 3749 in
1149 3709 1477 3750 consensum
1511 3695 1708 3749 trahat.
1735 3695 1943 3750 Neuter
1965 3703 2151 3749 autem

577 3791 774 3845 modus
799 3789 1158 3860 cogitationes
1195 3787 1252 3842 in
1276 3787 1460 3841 animo
1493 3787 1697 3840 morari
1721 3786 1872 3841 sinit.

645 3879 733 3933 89.
760 3879 955 3932 Vultus
975 3875 1231 3931 maestitia
1252 3917 1266 3941 ,
1297 3875 1620 3946 injuriarum
1651 3875 1931 3930 memoriae
1969 3890 2154 3930 eomes
2235 3891 2238 3896 ·

578 3981 681 4028 est.
708 3971 844 4027 Cum
874 3971 1042 4042 igitur
1068 3969 1286 4024 animus
1324 3969 1536 4022 vultum
1566 3966 1750 4022 fratris
1769 3966 1924 4037 quasi
1953 3967 2008 4020 in
2031 3983 2157 4036 spe-

579 4064 703 4120 culo
723 4074 950 4120 mmstus
983 4060 1351 4132 conspexerit,
1382 4060 1557 4130 palam
1575 4066 1660 4114 est
1699 4059 1913 4127 injuria:
1942 4073 2154 4112 memor-

578 4172 718 4220 rem,
747 4157 927 4226 ipsum
975 4155 1104 4210 odio
1146 4152 1403 4223 prosequi
1438 4170 1451 4205 :
1492 4151 1597 4206 Vim
1625 4159 1796 4204 autem
1845 4165 2025 4203 eorum
2063 4149 2156 4218 qui

579 4251 906 4322 injuriarum
939 4261 1192 4302 memores
1221 4253 1379 4308 sunt,
1415 4245 1467 4298 in
1499 4251 1755 4306 mortem;
1780 4242 1982 4312 quippe
2003 4256 2151 4305 cum,

579 4342 748 4395 omnis
779 4341 1103 4410 injuriarum
1136 4351 1354 4402 memor,
1371 4335 1582 4404 iniquus
1619 4335 1688 4387 sit
1733 4333 1799 4385 '°.

650 4431 739 4487 90.
775 4431 871 4486 Sin
913 4439 1094 4484 autem
1122 4437 1180 4483 tu
1218 4443 1346 4500 erga
1387 4427 1626 4497 aliquem
1670 4424 1999 4495 injuriarum
2034 4436 2152 4477 me-

2255 3242 2603 3312 επαίρεσθαι,
2653 3241 2812 3294 ἅτινά
2867 3241 2970 3293 εἰσι
3017 3239 3230 3311 χαλεπὰ
3271 3241 3552 3309 νοσήματα
3580 3240 3680 3292 τοῦ
3727 3239 3822 3308 τῆς

2255 3333 2634 3404 ὑπερηφανίας
2673 3326 2898 3396 πάθους.
3545 3333 3548 3336 ’

2325 3431 2436 3496 πην.
2477 3425 2639 3478 Ἀλλο
2677 3425 2795 3478 ἐστὶ
2831 3423 3098 3494 μάχεσθαι
3141 3421 3219 3487 τῷ
3249 3421 3388 3492 ψιλῷ
3413 3421 3666 3490 λογισμῷ
3694 3419 3818 3491 (55),

2255 3519 2342 3572 ἵνα
2370 3517 2446 3588 μὴ
2478 3517 2673 3588 κινήσῃ
2699 3516 2760 3570 τὸ
2791 3516 2991 3578 πάθος·
3025 3514 3118 3568 ml
3150 3513 3278 3568 ἄλλο
3311 3513 3448 3580 ἐστὶ,
3476 3513 3557 3577 τὸ,
3589 3511 3822 3582 ἐμπαθεῖ

2257 3609 2547 3681 μάχεσθαι,
2575 3610 2663 3662 ἵνα
2706 3608 2781 3679 μὴ
2815 3609 3045 3678 γένηται
3069 3605 3490 3675 συγκατάθεσις.
3543 3603 3610 3658 Οἱ
3647 3603 3821 3675 ἀμφό-

2252 3719 2401 3773 τεροι
2431 3701 2487 3755 δὲ
2525 3701 2742 3773 τρόποι,
2772 3701 2872 3754 οὑκ
2904 3699 3034 3752 ἐῶσι
3069 3701 3317 3772 χρονίσαι
3347 3699 3474 3761 τοὺς
3506 3693 3820 3767 λογισμούς.

2324 3881 2433 3934 πθ’.
2479 3881 2543 3934 Ἢ
2581 3879 2728 3950 λύπη
2761 3882 2826 3950 τῇ
2875 3877 3213 3950 μνησικακίᾳ
3256 3877 3631 3941 συνέζευκται.
3659 3877 3823 3929 Ὅταν

2254 3971 2400 4028 οῦνὸ
2426 3974 2551 4036 νοῦς
2594 3971 2657 4025 τὸ
2710 3973 3000 4044 πρόσωπον
3031 3970 3125 4023 τοῦ
3177 3969 3408 4038 ἀδελφοῦ
3465 3969 3605 4040 μετὰ
3653 3968 3823 4038 λύπης

2254 4066 2667 4137 ἐσοπτρίζηται,
2695 4064 2854 4134 δῆλον
2895 4065 2977 4116 ὅτι
3011 4063 3378 4134 μνησικακίαν
3416 4063 3526 4134 ἔχει
3561 4062 3701 4133 πρὸς
3733 4061 3826 4114 αὑ-

2254 4161 2375 4212 τόνο
2393 4157 2550 4212 Ὀδοὶ
2582 4157 2650 4211 δὲ
2673 4156 3070 4226 μνησικάκων
3097 4158 3186 4224 εἰς
3219 4157 3496 4222 θάνατον,
3524 4154 3687 4220 διότι,
3713 4151 3824 4219 πᾶς

2249 4249 2650 4319 μνησίκακος,
2685 4248 3050 4320 παράνομος.

2325 4429 2398 4494 ιε.
2463 4423 2573 4478 Εὰν
2598 4424 2695 4495 μὲν
2719 4423 2782 4478 σὺ
2815 4426 3162 4496 μνησικακῇς
3189 4439 3318 4492 τινι,
3350 4423 3660 4494 προσεύχου
3694 4421 3826 4490 ὑπὲρ

579 4535 702 4575 mor
721 4533 1003 4574 rancorem
1036 4518 1318 4582 habueris,
1353 4530 1448 4570 ora
1476 4529 1574 4585 pro
1603 4527 1689 4578 eo,
1723 4513 1910 4581 sicque
1944 4509 2150 4580 passio-

2257 4517 2446 4582 αὑτοῦ,
2479 4517 2574 4570 καὶ
2613 4518 2766 4588 ῑστᾷς
2796 4516 2856 4569 τὸ
2893 4516 3065 4580 πάθος
3112 4517 3212 4587 τῆς
3251 4518 3538 4586 κινήσεως,
3579 4513 3826 4586 χωρίζων

581 4613 670 4668 nis
723 4619 887 4681 atque
944 4609 1174 4666 aﬂ‘ectus
1207 4617 1418 4664 motum
1453 4606 1741 4662 cohibebis
1779 4624 1792 4660 :
1836 4621 1901 4660 ea
1961 4619 2159 4674 nempe

581 4701 815 4766 ratione,
853 4709 912 4754 ut
939 4700 1169 4764 orando,
1211 4715 1279 4754 ex
1311 4698 1461 4763 mali,
1493 4713 1603 4768 quo
1637 4697 1683 4752 is
1704 4696 1911 4761 affecit,
1945 4710 2158 4750 memo-

582 4793 686 4859 ria,
735 4792 1012 4848 tristitiam
1041 4807 1266 4863 separes
1297 4807 1362 4847 ac
1390 4790 1656 4846 dolorem.
1680 4789 1784 4845 Ubi
1818 4797 2000 4842 autem
2025 4788 2156 4842 cha-

583 4889 749 4943 ritate
794 4884 1028 4941 diﬂusus
1061 4891 1225 4954 atque
1268 4881 1612 4937 humanitate
1656 4893 1864 4949 pronus
1896 4877 2158 4940 evaseris.

583 4978 809 5036 omnino
845 4994 912 5034 ex
966 4975 1149 5031 animo
1197 4974 1508 5046 passionem
1563 4971 1929 5039 affectumque
1965 4967 2154 5039 proﬂi-

583 5072 765 5143 gahis.
797 5070 891 5125 Sin
923 5078 1106 5123 autem
1129 5083 1196 5122 ex
1228 5075 1450 5136 accepta
1485 5063 1685 5134 injuria
1717 5061 1858 5116 alius
1888 5062 1942 5115 in
1976 5069 2032 5115 te
2071 5060 2156 5114 in-

2255 4610 2354 4679 τὴν
2381 4607 2582 4677 λύπην,
2615 4608 2702 4662 διὰ
2733 4608 2834 4678 τῆς
2869 4608 3199 4679 προσευχῆς,
3243 4609 3306 4661 ὲκ
3337 4607 3438 4677 τῆς
3476 4607 3704 4678 μνήμης
3734 4603 3823 4657 τοῦ

2256 4701 2455 4763 κακοῦ,
2483 4697 2653 4771 οὗπέρ
2687 4717 2772 4753 σοι
2808 4700 3064 4771 ἐποίησεν
3086 4719 3099 4732 ο
3147 4698 3486 4771 ἀγαπητικὸς
3512 4699 3567 4751 δὲ
3605 4697 3829 4766 γενόμε-

2255 4807 2345 4852 νος
2377 4792 2473 4843 ml.
2512 4788 2920 4860 φιλάνθρωπος,
2977 4789 3258 4853 παντελῶς
3288 4790 3353 4841 ὲκ
3400 4787 3502 4856 τῆς
3544 4786 3728 4857 ψυχῆς
3772 4788 3829 4836 τδ

2257 4880 2428 4945 πάθος
2475 4880 2842 4950 ἑξαφανίζεις.
2885 4881 3011 4935 Ἐὰν
3049 4881 3105 4934 δὲ
3153 4880 3310 4944 ἄλλος
3354 4897 3436 4933 σοι
3489 4877 3826 4950 μνησικακῇ,

2259 4974 2580 5044 χαριστικδς
2611 4971 2769 5042 γενοῦ
2802 4973 2938 5044 πρὸς
2977 4975 3140 5028 αὑτὸν
3167 4974 3262 5026 ml
3299 4972 3573 5036 ταπεινὸς,
3600 4970 3701 5024 καὶ
3734 4984 3830 5021 κα-

2263 5064 2370 5128 λῶς
2402 5062 2746 5129 συναυλίζου,
2777 5065 2871 5118 ml
2895 5063 3254 5129 ἀπαλλάττεις
3287 5063 3449 5116 αὐτὸν
3474 5062 3568 5114 τοῦ
3601 5060 3826 5119 πάθους.

586 5166 742 5222 fenso
765 5167 950 5221 animo
968 5173 1074 5228 est,
1099 5173 1218 5219 esto
1244 5163 1311 5218 ad
1345 5177 1471 5217 eum
1515 5159 1789 5231 gratiosus
1810 5167 1867 5213 et
1909 5157 2157 5222 humilis,
2201 5161 2545 5233 comiterque
2568 5171 2620 5218 et
2682 5170 2932 5218 amanter
2959 5160 3056 5218 illo
3076 5169 3254 5228 utere,
3320 5160 3607 5232 ipsumuue
3642 5155 3832 5210 morbo

587 5262 872 5317 liberabis.

662 5357 750 5412 9|.
783 5355 851 5411 Ut
874 5355 994 5426 ejus
1021 5353 1115 5424 qui
1150 5351 1360 5408 invidet
1387 5351 1634 5406 dolorem
1677 5350 1854 5416 sedes,
1886 5349 1991 5404 hoc
2019 5357 2163 5418 Opus

590 5447 685 5501 hic
710 5447 867 5502 labor
901 5454 1006 5501 est.
1045 5446 1247 5501 Malum
1268 5444 1418 5499 enim
1447 5453 1504 5498 et
1542 5457 1740 5497 noxam
1771 5441 1875 5496 sibi
1902 5439 2075 5505 ducit,
2106 5439 2160 5493 id

664 5567 711 5598 ⁸⁸
735 5567 896 5622 Prov.
925 5584 1017 5635 xu,
1046 5567 1148 5634 ‘28;
1185 5583 1293 5632 ιιι,
1319 5567 1406 5621 24.

671 5680 745 5753 (ι)
794 5681 870 5735 Τὰ
908 5681 1025 5734 τῶν
1063 5682 1370 5751 κοσμικῶν
1407 5680 1846 5753 κατορθώματα.
1877 5677 2157 5733 Praeclara:

598 5749 889 5822 utriusque
923 5759 1096 5822 status
1121 5749 1282 5822 noue,
1311 5766 1419 5819 quo
1456 5751 1568 5804 Deo
1598 5749 1916 5822 militamus,
1954 5755 2009 5801 et
2044 5761 2156 5822 quo

598 5817 1079 5878 militarit'sseculo
1154 5819 1274 5890 ipsa
1327 5817 1512 5892 aperta
1569 5835 1630 5874 ac
1677 5819 1836 5890 plana
1883 5817 2153 5882 doctrina,

2339 5343 2562 5414 ιιαὝΓοῦ
2589 5342 2909 5413 φθονοῦντος
2923 5344 3022 5416 τὴν
3040 5345 3239 5416 λύπην,
3258 5347 3412 5416 κόπῳ
3431 5341 3670 5414 στήσειςο
3700 5359 3831 5410 συμ-

2269 5438 2440 5508 φορὰν
2467 5435 2577 5508 γὰρ
2608 5437 2845 5507 ἡγεῖται,
2888 5435 2949 5488 τὸ
2992 5437 3050 5489 ὲν
3093 5435 3176 5490 σοὶ
3207 5435 3570 5507 φθονούμενον
3590 5451 3605 5465 ο
3645 5434 3745 5487 καὶ
3774 5430 3831 5486 οὔ

2264 5674 2521 5744 scrioque
2546 5673 2645 5739 illi,
2672 5668 3252 5744 quiistatushmonaehi
3288 5665 3680 5744 perfectionem
3709 5675 3840 5744 nan-

2263 5745 2395 5799 cisci
2434 5731 2590 5811 velit,
2634 5731 2704 5798 ad
2748 5740 3029 5812 Evangelii
3065 5731 3338 5812 normam,
3371 5751 3483 5809 pra:
3512 5733 3691 5790 oculis
3735 5731 3827 5785 lia-

2263 5814 2462 5870 henda.

3855 5547 3865 5575 l
