4084 6332
314 371 451 439 1045

1178 363 1515 428 CAPITUM
1549 361 1650 424 DE
1683 356 2115 422 CHARITATE
2149 337 2540 418 CENTURIA
2578 356 2692 417 III.

3425 349 3556 415 Ῑθίϐ

307 487 535 545 δυνατὸν
561 483 734 546 ἄλλως
759 483 978 553 στῆσαι,
1006 481 1061 535 si
1101 482 1176 553 μή
1218 499 1272 536 τι
1298 480 1529 552 κρύψεις
1571 478 1756 534 αὐτόν.
1808 476 1870 529 Εἰ
1901 508 1912 533 ι

2015 489 2029 526 I
2055 483 2106 530 te
2133 475 2287 540 boni,
2340 476 2499 547 cujus
2529 475 2627 530 tibi
2659 487 2824 529 causa
2856 472 3097 540 invidet;
3145 489 3245 529 nec
3273 473 3427 529 aliter
3464 474 3558 530 ﬁat

307 580 365 634 δὲ
397 577 625 640 πολλοὺς
664 575 761 646 μὲν
789 573 1010 643 ὠφελεῖ,
1048 574 1260 628 ἐκεῖνον
1283 574 1341 628 δὲ
1366 573 1550 638 λυπεῖ,
1583 571 1739 625 ποίου
1774 569 1874 640 μέ-

311 686 440 740 ρους
464 667 888 738 περιφρονήσας
906 684 923 733 ;
940 667 1263 734 Ἀναγκαῖον
1290 658 1384 719 οὖν
1408 663 1509 733 τῆς
1528 661 1636 717 τῶν
1663 659 1878 715 πολλῶν

1982 573 2044 619 ut
2072 566 2192 636 ejus
2223 565 2388 620 sistas
2417 566 2672 630 livorem,
2699 564 2836 634 quin
2865 564 3070 634 aliquid
3111 579 3238 620 eum
3265 566 3555 621 celaveris.

1983 655 2080 710 Sin
2101 664 2286 710 autem
2322 656 2456 710 illud
2492 655 2764 727 ejusmodi
2796 654 2887 719 sit,
2916 654 3066 724 quod
3097 655 3300 710 multos
3330 654 3555 725 quidem

311 755 565 825 γενέσθαι
597 754 895 825 ὠφελείας,
943 752 1200 808 κάκείνου
1238 752 1297 806 δὲ
1344 751 1486 807 κατά
1519 750 1749 821 δύναμιν
1802 749 1878 820 μὴ

2015 754 2153 813 Livet,
2184 747 2266 801 illi
2304 755 2487 801 autem
2514 745 2723 802 doloris
2763 753 3002 816 segetem
3046 745 3342 809 ministret,
3373 753 3556 801 utram

313 840 533 920 ἀμελεῖν
556 863 570 879 ·
643 848 784 919 μηδὲ
809 850 879 919 τῇ
912 845 1008 901 τοῦ
1033 845 1240 908 πάθους
1269 843 1502 916 πονηρίᾳ
1528 840 1876 911 συναπαχθῆο

314 956 438 994 ναι·
468 940 548 1003 ὡς
574 939 696 1010 οὐχὶ
719 937 798 1009 τῷ
831 937 1016 1002 πάθει,
1046 936 1184 991 ἀλλά
1207 935 1286 1008 τῷ
1311 935 1573 1007 πάσχοντι
1594 934 1879 1006 ἀμυνόμε-

315 1050 406 1087 νον
431 1049 445 1061 ·
487 1030 622 1086 ἀλλὰ
649 1034 716 1102 τῇ
754 1029 1222 1101 ταπεινοφροσύνῃ
1248 1027 1502 1100 ἡγεῖσθαι
1530 1026 1693 1083 αὑτὸν
1719 1025 1887 1097 ὑπερ-

319 1123 514 1195 έχοντα
539 1122 790 1188 σεαυτοῦ,
825 1122 917 1176 καὶ
970 1123 1029 1174 ἐν
1071 1120 1235 1175 παντὶ
1261 1119 1439 1192 καιρῷ
1470 1118 1564 1174 καὶ
1601 1118 1750 1188 τόπῳ
1788 1118 1885 1171 καὶ

320 1216 627 1285 πράγματι,
661 1215 933 1287 προτιμᾷν
962 1213 1147 1268 αὐτόν.
1177 1212 1282 1267 Τὸν
1304 1212 1362 1266 δὲ
1387 1210 1478 1265 σὺν
1506 1210 1698 1280 φθόνον
1725 1207 1887 1262 δύναιο

324 1323 415 1359 σαι
444 1307 659 1376 στῆσαι,
687 1305 781 1359 ἐὰν
806 1308 864 1360 ἐν
888 1299 969 1368 οἷς
993 1303 1177 1375 χαίρει
1199 1305 1227 1357 6
1251 1302 1357 1357 ὑπὸ
1385 1302 1479 1356 σοῦ
1499 1301 1884 1371 φθονούμενος,

325 1394 656 1465 συγχαίρῃς·
703 1397 797 1449 καὶ
826 1396 884 1449 ἰν
917 1388 1000 1459 οἷς
1028 1394 1302 1458 λυπεῖται,
1332 1394 1431 1448 καὶ¹
1460 1392 1627 1456 αὐτὸς
1660 1392 1724 1446 σὺ
1755 1390 1887 1445 συλ-

322 1483 496 1554 λυπῇ·
560 1483 782 1555 πληρῶν
834 1483 896 1537 τὸ
946 1484 1042 1537 τοῦ
1108 1483 1462 1548 Ἀποστόλου,
1513 1482 1598 1547 τὸ,
1651 1483 1892 1550 Χαίρειν

318 1575 468 1645 μετὰ
501 1574 850 1643 χαιρόντων,
883 1572 982 1627 καὶ
1009 1573 1244 1628 κλαίειν
1265 1573 1417 1643 μετὰ
1446 1574 1780 1628 κλαιόντων
1808 1610 1826 1629 .

1982 848 2197 913 partem
2220 838 2582 894 contemnes?
2610 838 2781 908 igitur
2800 852 3025 893 necesse
3047 845 3154 903 est,
3177 845 3240 892 ut
3265 854 3296 891 a
3312 837 3555 907 plurium

1982 929 2245 1001 vulgique
2269 928 2507 984 utilitate
2531 935 2665 994 stes,
2694 942 2800 983 nec
2824 935 3033 991 tamen,
3057 934 3261 997 quanta
3304 924 3556 989 facultas,

1983 1020 2141 1076 illum
2171 1019 2438 1090 negligas,
2472 1034 2643 1076 neeve
2669 1026 2724 1074 te
2746 1018 2865 1075 vitii
2885 1019 3158 1089 pravitate
3180 1017 3389 1088 pariter
3413 1018 3559 1073 trahi

1985 1112 2156 1177 sinas,
2196 1118 2259 1166 ut
2277 1110 2371 1180 qui
2397 1125 2509 1165 non
2538 1109 2751 1175 morbo,
2782 1110 2879 1165 sed
2904 1125 2972 1165 eo
2990 1109 3263 1165 laboranti
3289 1123 3449 1179 opem
3477 1110 3560 1163 fe-

1987 1218 2115 1258 ras:
2151 1200 2249 1257 sed
2297 1216 2493 1256 sensus
2534 1201 2821 1266 modestia,
2846 1216 2985 1265 eum
3029 1215 3246 1271 semper
3276 1200 3374 1254 tibi
3397 1215 3561 1270 supc-

1987 1292 2192 1348 riorem
2210 1290 2517 1355 existimes,
2544 1289 2806 1359 omnique
2838 1298 3086 1359 tempore
3118 1299 3173 1345 et
3205 1291 3328 1346 loco
3370 1305 3436 1345 ac
3461 1304 3560 1344 ne-

1988 1383 2137 1457 gotio
2177 1382 2386 1453 primas
2418 1381 2498 1436 illi
2537 1381 2722 1435 cedas.
2756 1380 2929 1435 Tuam
2973 1397 3106 1436 vero
3136 1381 3253 1453 ipse
3295 1381 3560 1439 invidiam

1990 1474 2182 1530 sedare
2210 1480 2387 1543 potes,
2442 1470 2489 1526 si
2516 1471 2720 1542 quibus
2766 1471 2990 1543 gaudet,
3044 1473 3101 1526 in
3145 1487 3308 1543 quem
3356 1473 3563 1530 invidia
3610 1506 3631 1525 ρ

1991 1563 2309 1629 concitaris,
2346 1563 2554 1634 pariter
2598 1563 2857 1634 gaudeas,
2891 1577 2955 1617 ac
2977 1564 3182 1634 quibus
3221 1564 3392 1630 dolet,
3447 1545 3564 1636 ipse

1991 1655 2157 1711 etiam
2180 1654 2386 1724 pariter
2413 1654 2622 1721 doleas,
2658 1653 2892 1724 implens
2929 1654 3064 1709 illud
3089 1655 3334 1724 Apostoli
3364 1675 3376 1709 :
3419 1656 3563 1712 Gau-

1995 1746 2117 1800 dere
2146 1762 2266 1800 cum
2305 1745 2672 1816 gaudentibus,
2713 1753 2763 1799 et
2794 1748 2922 1815 ﬂere
2950 1762 3069 1800 cum
3098 1745 3341 1816 ﬂentibus
3361 1747 3429 1799 ".

397 1836 505 1908 ιβ’.
545 1837 603 1891 '0
631 1835 754 1902 νοῦς
782 1837 942 1910 ἡμῶν
973 1837 1142 1910 μέσος
1168 1837 1317 1911 [Περ.
1343 1841 1395 1906 1,
1434 1840 1620 1915 μέσον]
1657 1841 1776 1895 ἐστὶ
1802 1841 1896 1903 δύο

2061 1834 2149 1890 92.
2176 1835 2329 1889 Mens
2372 1843 2560 1889 nostra
2587 1834 2823 1890 duorum
2858 1835 3227 1906 quorumdam
3248 1836 3429 1892 media
3458 1852 3563 1902 εει,

331 1926 516 1990 τινῶν,
546 1926 778 1981 ἑκάστου
821 1924 893 1980 τὰ
926 1926 1035 1980 ῐδια
1082 1926 1464 1998 ἐνεργοῦντος·
1505 1927 1600 1981 τοῦ
1648 1928 1766 1999 μὲν,
1795 1927 1896 1999 τὴν

331 2018 561 2088 ἀρετήν·
624 2016 717 2072 τοῦ
742 2016 820 2081 δὲ,
858 2018 958 2088 τὴν
987 2017 1214 2073 κακίανο
1277 2019 1522 2075 τουτέστι
1544 2020 1775 2090 ἀγγέλου
1804 2020 1900 2075 καὶ

332 2105 609 2177 δαίμονος.
651 2105 930 2173 Ἐξουσιαν
958 2108 1017 2162 δὲ
1046 2108 1161 2180 ἔχει
1192 2110 1221 2164 6
1250 2109 1395 2177 νοῦς,
1440 2110 1536 2166 καὶ
1571 2110 1802 2166 δύναμιν
1857 2098 1904 2178 ᾧ

334 2196 478 2251 θέλει
503 2198 612 2252 εἴτε
637 2197 888 2267 ἕπεσθαι,
919 2200 1029 2254 εἴτε
1058 2200 1395 2273 ἀντιστῆναι.

405 2372 510 2443 κγ’.
561 2374 629 2427 Αἰ
668 2373 768 2445 μὲν
814 2374 965 2445 διγιαι
997 2376 1265 2448 Δυνάμεις
1319 2371 1713 2451 προτρδπονται
1761 2380 1907 2451 ἡμᾶς

336 2463 432 2516 ιπὶ
459 2462 528 2517 τὰ
555 2463 695 2518 καλά
716 2479 735 2497 ο
789 2464 860 2518 τά
894 2466 951 2520 δὲ
993 2466 1196 2537 φυσικά
1223 2466 1514 2539 σπέρματα
1544 2468 1639 2522 καὶ
1666 2470 1702 2540 ἡ
1730 2465 1910 2539 ἀγαθὴ

338 2553 677 2624 προαίρεσις,
734 2553 1021 2625 βοηθοῦσιν
1060 2558 1191 2628 ἡμῖν
1216 2572 1232 2588 ·
1288 2556 1388 2622 τὰς
1415 2558 1473 2611 δὲ
1503 2558 1614 2614 τῶν
1641 2559 1911 2632 δαιμόνων

340 2642 673 2714 προσῦολὰς,
731 2644 798 2698 τὰ
829 2644 975 2716 πάθη
1004 2648 1100 2701 καὶ
1129 2648 1163 2718 ή
1190 2648 1401 2719 πονηρά
1434 2651 1753 2722 προαίρεσις
1786 2668 1912 2708 συν-

340 2751 547 2789 ιστωσι.

410 2829 511 2897 (ιδ’.
566 2832 670 2885 Τὸν
716 2831 957 2905 καθαρὸν
1006 2829 1163 2897 νοῦν,
1221 2833 1352 2887 ποτὲ
1378 2833 1496 2904 μὲν,
1539 2834 1703 2899 αὐτὸς
1729 2836 1758 2889 6
1787 2834 1918 2899 Θεδς

343 2921 491 2993 αὐτῷ
518 2924 811 2979 ὲπιὸαίνων
828 2925 1102 2980 ’διδάσκειο
1138 2926 1266 2980 ποτὲ
1289 2926 1364 2991 δὲ,
1389 2926 1446 2980 αἱ
1470 2926 1623 2995 ἅγιαι
1651 2927 1919 2999 Δυνάμεις

344 3014 414 3069 τὰ
454 3015 595 3070 καλά
643 3017 1019 3072 ὑποτίθενταιο
1086 3019 1215 3074 ποτὲ
1254 3018 1343 3085 δὲ,
1389 3020 1424 3091 ἡ
1455 3018 1614 3089 φύσις
1642 3020 1750 3074 τῶν
1779 3037 1922 3092 πρα-

345 3106 571 3177 γμάτων
600 3107 975 3182 θεωρουμένη.

415 3288 517 3352 be’.
575 3284 695 3358 Χρὴ
727 3285 820 3340 τὸν
847 3287 1251 3353 καταξιωθέντα
1278 3289 1533 3361 γνώσεως
1556 3288 1683 3342 νοῦν
1700 3327 1716 3354 ,
1763 3288 1834 3343 τά
1857 3305 1917 3341 τε

348 3374 596 3444 νοήματα
624 3378 811 3448 τηρεῖν
837 3377 1023 3449 ἀπαθῆ
1052 3378 1161 3433 τῶν
1179 3381 1543 3452 πραγμάτωνο
1581 3380 1672 3435 καὶ
1697 3380 1768 3434 τὰ
1788 3379 1920 3433 θεω-

352 3468 586 3537 ρήματα,
609 3468 846 3539 ἀσφαλῆ·
876 3470 970 3525 καὶ
998 3470 1097 3544 τὴν
1120 3471 1221 3541 τῆς
1247 3473 1558 3545 προσευχῆς
1582 3476 1922 3528 κατάστασιν

351 3556 638 3612 ἀθόλωτον.
705 3559 778 3612 Οὐ
825 3559 1045 3616 δύναται
1090 3563 1147 3616 δὲ
1195 3563 1368 3618 ταῦτα
1401 3564 1487 3617 ἀεὶ
1511 3566 1698 3636 τηρεῖν
1727 3565 1792 3618 ἑκ
1814 3563 1923 3617 τῶν

351 3647 452 3717 τῆς
481 3649 682 3720 σαρκὸς
709 3650 1010 3706 ἀναδόσεων
1030 3693 1044 3717 ,
1099 3653 1187 3709 διὰ
1218 3655 1319 3723 τῆς
1362 3655 1471 3710 τῶν
1500 3656 1774 3727 δαιμόνων
1803 3658 1924 3710 ἐπι-

356 3732 553 3806 δουλῆς
582 3739 995 3811 καπνιξόμενος.

430 3928 546 3992 ιιςι.
597 3927 672 3981 Οὐ
701 3928 767 3981 δι’
786 3929 884 3983 ὅσα
910 3930 1246 4003 λυπούμεθα,
1275 3932 1363 3987 διά
1386 3917 1561 3988 ταῦτα
1590 3935 1685 3988 καῖ¹
1714 3933 1931 4005 ὀργιζόο

362 4014 527 4086 μεθα.
590 4017 879 4083 Πλεονάζει
926 4021 1035 4091 γάρ
1093 4021 1163 4074 τὰ
1211 4021 1311 4092 τὴν
1353 4022 1532 4094 λύπην
1576 4023 1930 4093 ἐμποιοῦντα,

366 4105 516 4176 παρά
546 4106 644 4177 τὴν
673 4108 861 4181 ὀργήν.
920 4106 1067 4176 Οἶον,
1119 4112 1355 4184 ἐκλάσθη
1385 4113 1502 4167 τόδε
1533 4112 1632 4186 (α)·
1684 4112 1934 4167 ἀπώλετο

365 4197 482 4250 τόδε
501 4216 515 4230 ⁸
560 4198 826 4253 ἀπέθανεν
854 4200 883 4252 6
910 4200 1076 4257 δεῖνα.
1108 4202 1208 4256 Διά
1230 4202 1336 4274 γὰρ
1363 4203 1433 4257 τὰ
1455 4201 1699 4266 τοιαῦτα,
1733 4203 1935 4258 λυπού-

1997 1942 2235 1998 quorum
2273 1936 2506 1997 uterque
2534 1937 2815 1997 operatur,
2850 1944 2973 1998 qua:
2993 1927 3100 1983 sibi
3130 1929 3353 1999 propria
3375 1929 3565 1995 habet;

1998 2017 2159 2081 alter,
2190 2017 2490 2083 virtutem;
2526 2018 2687 2083 alter,
2730 2017 2958 2084 vitium;
2992 2017 3137 2073 inter
3158 2018 3373 2076 scilicet
3406 2036 3572 2093 ange-

1998 2111 2114 2166 lum
2139 2116 2304 2179 atque
2335 2109 2661 2164 daemonem.
2696 2108 2896 2170 Libera
2934 2125 3067 2165 vero
3100 2109 3179 2164 illi
3200 2109 3431 2167 facultas
3463 2120 3569 2178 est,

2004 2209 2168 2271 atque
2190 2207 2455 2271 potestas,
2489 2209 2673 2256 utrum
2700 2201 2834 2256 velit
2860 2201 3038 2271 sequi,
3073 2209 3168 2257 aut
3198 2202 3287 2257 cui
3318 2203 3574 2260 resistere

2007 2292 2181 2347 malit.

2074 2380 2235 2453 M3
2259 2382 2348 2437 95.
2386 2381 2600 2437 Sancta:
2632 2380 2898 2447 Virtutes,
2925 2396 3026 2437 nos
3058 2381 3125 2437 ad
3162 2396 3227 2437 ea
3253 2391 3572 2453 provocant,

2009 2488 2131 2542 quae
2155 2472 2386 2527 honesta
2408 2486 2472 2527 ac
2495 2470 2659 2527 cilicii
2684 2478 2857 2526 sunt‘:
2896 2470 3169 2526 naturalia
3205 2487 3338 2527 vero
3369 2474 3577 2529 semina

2012 2576 2077 2616 ac
2107 2560 2254 2615 bona
2292 2561 2569 2628 voluntas,
2608 2576 2713 2631 ope
2760 2562 2956 2632 juvant
2992 2579 3005 2615 :
3045 2560 3355 2617 daemonum
3394 2571 3579 2618 autem

2014 2652 2291 2718 incursus,
2321 2651 2552 2708 allectus
2580 2666 2645 2707 ac
2662 2653 2795 2707 vitia
2826 2651 3080 2723 malaque
3111 2652 3364 2707 voluntas
3393 2667 3581 2709 corro-

2014 2743 2231 2800 borant.

2087 2836 2174 2893 94.
2235 2837 2434 2893 Puram
2486 2846 2749 2905 mentem,
2792 2837 3126 2910 quandoque
3170 2837 3392 2910 quidem
3439 2837 3585 2891 Deus

2020 2929 2137 2996 ipse
2167 2928 2243 2984 illi
2276 2929 2564 2997 immcans,
2595 2930 2788 2998 docet;
2833 2929 3164 3001 quandoque
3208 2946 3342 2986 vero
3384 2936 3587 2985 sancta

2019 3020 2286 3084 Virtutes,
2319 3036 2441 3091 quze
2467 3028 2597 3076 sunt
2626 3021 2861 3076 honesta
2889 3028 3228 3092 suggerunt:
3256 3019 3586 3091 quandoque

2020 3112 2140 3182 ipsa
2181 3128 2368 3168 rerum
2412 3112 2625 3170 indoles
2661 3114 2981 3186 diligentius
3016 3114 3200 3169 animo
3248 3114 3493 3183 inspecta
3524 3126 3590 3167 ac

2019 3205 2384 3260 considerata.

2042 3334 2045 3339 .
2090 3293 2180 3348 95.
2232 3292 2392 3357 Eum,
2450 3292 2546 3363 qui
2608 3291 2854 3348 scientiae
2915 3306 3144 3363 compos
3197 3291 3429 3347 eﬂ‘ectus
3481 3297 3591 3355 est,

2020 3399 2248 3440 necesse
2279 3393 2385 3451 est,
2415 3392 2532 3439 tum
2567 3398 2756 3439 rerum
2799 3392 3103 3454 conceptus
3139 3398 3362 3439 servare
3398 3397 3430 3437 a
3466 3379 3595 3436 libi-

2023 3475 2154 3531 dine
2197 3490 2401 3546 puros;
2460 3483 2575 3531 tum
2627 3489 2824 3531 sensus
2875 3474 3174 3545 spiritales,
3221 3483 3371 3529 tutos
3413 3491 3427 3527 :
3478 3480 3593 3528 tum

2024 3566 2265 3636 denique
2289 3565 2645 3636 tranquillum
2670 3566 2939 3623 orationis
2970 3572 3193 3621 statum.
3230 3563 3385 3620 Haud
3414 3574 3596 3618 tamen

2027 3657 2144 3713 ﬁeri
2166 3664 2348 3727 potest
2373 3666 2436 3711 ut
2461 3658 2579 3712 inec
2605 3672 2822 3726 semper
2855 3674 2969 3728 prec
3003 3658 3186 3713 carnis
3216 3652 3600 3727 eruptionibus

2028 3757 2247 3812 servet;
2280 3747 2433 3802 fumo
2462 3747 2674 3802 scilicet
2699 3762 2796 3816 per
2824 3747 3052 3803 insidias
3073 3746 3381 3802 daemonum
3415 3746 3468 3802 ei
3496 3745 3598 3802 ob-

2029 3839 2303 3894 turbante.

2103 3929 2191 3985 96.
2222 3928 2343 3984 Non
2382 3927 2643 3981 omnibus
2675 3925 2881 3996 quibus
2920 3924 3190 3989 dolemus,
3214 3924 3302 3979 bis
3326 3933 3384 3980 et
3408 3926 3600 3980 irasci-

2034 4033 2178 4072 mur.
2219 4018 2380 4071 Plura
2409 4015 2559 4070 enim
2599 4022 2732 4069 sunt
2759 4029 2883 4083 quae
2927 4011 3206 4068 tristitiam
3243 4012 3604 4082 doloremque

2039 4110 2216 4172 cient,
2247 4122 2412 4178 quam
2439 4120 2560 4176 qua:
2584 4106 2721 4160 iram
2762 4105 2922 4169 Puta,
2954 4118 3050 4158 vas
3077 4102 3311 4158 fractum
3333 4110 3451 4168 est;
3476 4118 3604 4173 per-

2041 4203 2127 4269 iit,
2155 4217 2252 4257 seu
2293 4200 2557 4255 amissum
2596 4206 2715 4265 est;
2760 4197 2852 4252 hic
2895 4196 3117 4267 quidam
3149 4195 3298 4250 diem
3327 4195 3487 4250 obiit.
3523 4192 3606 4250 Ob

370 4288 511 4359 μεθα
556 4290 749 4360 μόνον*
809 4291 897 4346 διὰ
933 4292 989 4346 δὲ
1035 4294 1105 4348 τά
1141 4293 1323 4359 λοιπὰ,
1377 4294 1471 4349 καὶ
1499 4293 1814 4366 λυπούμεθα
1841 4313 1912 4351 κα

2038 4297 2156 4352 haec
2178 4294 2325 4351 enim
2350 4299 2407 4347 et
2441 4289 2662 4354 similia,
2690 4288 2944 4344 dolemus
2964 4294 3210 4353 tantum;
3237 4285 3308 4341 ob
3328 4286 3434 4346 alia
3453 4301 3605 4351 vero,

370 4380 717 4453 ὀργιζόμεθα,
746 4383 1086 4455 ἁφιλοσόφως
1112 4386 1461 4458 διακείμενοι.

441 4572 544 4642 Lj’.
576 4573 873 4645 Δεχόμενος
896 4576 924 4628 6
949 4574 1072 4640 νοῦς
1095 4568 1165 4629 τὰ
1185 4573 1294 4629 τῶν
1314 4575 1652 4647 πραγμάτων
1671 4576 1934 4648 νοήματα,

373 4670 504 4739 πρὸς
560 4666 788 4720 ἕκαστον
843 4667 1023 4739 νόημα
1080 4665 1652 4739 μετασχηματίζεσθαι
1705 4668 1937 4739 πέφυκε.

370 4758 601 4832 Θεωρῶν
627 4758 682 4811 δὲ
712 4757 882 4813 ταῦτα
910 4758 1294 4830 πνευματικῶς
1315 4801 1331 4825 ,
1381 4757 1517 4831 πρὸς
1546 4758 1773 4816 ἕκαστον
1803 4758 1938 4814 θεώ-

374 4869 528 4924 ρημα
577 4851 835 4916 ποικίλως
889 4852 1387 4924 μεταμορφοῦσθαι.
1430 4850 1519 4906 Ἐν
1547 4851 1604 4905 δὲ
1645 4851 1760 4923 Θεῷ
1785 4853 1942 4921 γενό-

377 4961 535 5015 μενος
557 4982 576 5010 ,
625 4943 871 5015 ἄμορφος
918 4944 1093 5016 πάντη
1146 4943 1238 4998 καὶ
1278 4944 1684 5016 ἀσχημάτιστος
1709 4945 1939 5013 γίνεται.

375 5035 480 5090 Τὸν
524 5036 634 5106 γὰρ
691 5036 939 5109 μονοειδῆ
987 5036 1205 5109 θεωρῶν
1228 5077 1244 5104 ,
1302 5036 1578 5109 μονοειδὴς
1609 5037 1819 5106 γίνεται
1849 5038 1945 5093 καὶ

376 5123 496 5190 ὅλος
523 5141 695 5195 (puros
703 5125 833 5198 ιδής.

448 5285 493 5318 ’⁷
518 5285 681 5341 Rom.
715 5298 812 5351 ιιι,
841 5286 931 5341 :5.

428 5422 530 5548 ἦα)
579 5420 886 5503 Ἐξιλάσθη
924 5421 1077 5477 τόδε.
1110 5422 1233 5506 Non
1273 5420 1409 5477 satis
1445 5419 1592 5503 felici
1629 5427 1946 5501 conjectura

429 5496 461 5548 ιΙ
493 5535 503 5547 .
545 5491 776 5548 perinde
819 5492 1029 5548 ἐκλάπη
1060 5493 1167 5548 lem
1207 5507 1368 5548 nosse
1407 5496 1756 5548 existimant.
1799 5488 1947 5548 quod

381 5495 503 5550 Bill.
545 5495 776 5562 perinde
819 5495 1031 5562 ἐκλάτιη
1060 5495 1167 5563 legi
1207 5507 1368 5563 posse
1407 5495 1756 5553 existimavit,
1799 5495 1943 5559 quod

381 5580 522 5636 puro
554 5572 808 5636 typorum
851 5563 1054 5636 mendo
1088 5561 1453 5636 eratque-:1.
1483 5560 1599 5616 Nec
1628 5567 1737 5636 tam
1775 5558 1943 5614 Gesn.

380 5629 791 5715 see-idmst,
822 5648 987 5715 quem
1008 5634 1204 5715 legisse
1232 5629 1558 5715 (φθερρέεῑιεη
1596 5629 1941 5715 abstersis

387 5713 618 5775 uterque
660 5697 1129 5775 enimfFractu'm
1187 5711 1264 5757 est
1311 5697 1521 5775 aliquid
1558 5715 1577 5754 :
1624 5713 1749 5754 cum
1799 5697 1949 5775 furto

388 5767 655 5843 ablatum,
699 5767 878 5844 ipsum
909 5790 1048 5847 pene
1083 5775 1153 5832 sit
1183 5772 1329 5845 quod
1368 5767 1668 5838 amissum;
1704 5784 1806 5825 nec
1848 5767 1918 5824 dc

2041 4390 2292 4447 dolemus
2313 4384 2476 4442 simul
2497 4391 2556 4440 et
2578 4382 2869 4437 irascimur
2890 4396 2987 4436 seu
3018 4380 3389 4450 indignamur,
3413 4379 3612 4435 animis

1969 4491 2014 4548 1)
2042 4496 2153 4537 non
2187 4478 2322 4533 satis
2354 4490 2422 4530 ex
2442 4469 2666 4528 virtutis
2705 4470 2919 4527 ratione
2946 4468 3289 4540 compositis.

2114 4572 2203 4627 97.
2259 4568 2491 4624 Animus
2543 4578 2729 4619 rerum
2772 4569 3076 4632 conceptus
3129 4560 3458 4631 suscipiens,
3510 4575 3613 4630 pro

2028 4652 2477 4732 uniuscujusque
2502 4657 2713 4712 ratione
2745 4654 2853 4710 alio
2886 4654 3103 4724 alioque
3140 4652 3307 4708 modo
3332 4653 3617 4722 componi-

2046 4767 2152 4813 tur.
2185 4756 2322 4810 Dum
2353 4759 2536 4807 autem
2564 4748 2887 4821 spiritaliter
2908 4746 3244 4811 considerat,
3277 4745 3345 4801 ad
3369 4745 3616 4817 singulos

2045 4846 2326 4920 spiritales
2367 4836 2765 4899 sensus'varie
2808 4838 3255 4895 transformatur.
3297 4839 3368 4892 At
3406 4838 3465 4892 in
3504 4832 3616 4892 Deo

2045 4954 2295 5002 versans,
2323 4937 2507 4993 omnis
2530 4935 2719 4990 formae
2749 4941 2916 5003 atque
2953 4931 3138 5004 ﬂgum
3164 4945 3391 5001 prorsus
3422 4945 3618 4999 expers

2046 5033 2302 5092 efﬁcitur.
2346 5030 2480 5100 Ejus
2518 5028 2667 5083 enim
2714 5025 2810 5095 qui
2846 5023 3136 5079 uniformis
3177 5030 3262 5077 est
3303 5020 3619 5077 considera-

2050 5127 2224 5189 tione,
2256 5119 2551 5178 uniformis
2575 5118 2692 5188 ipse
2716 5124 2976 5185 totusque
3001 5114 3219 5171 lucidus
3248 5112 3528 5169 redditur.

2050 5418 2265 5492 bucrit_
2290 5414 2557 5492 Maximus
2595 5407 2841 5492 ejusbcm
2891 5423 3034 5492 pene
3072 5405 3295 5492 generis
3315 5406 3622 5492 _geminare

2052 5473 2324 5559 extempla,
2349 5484 2557 5540 omisso
2588 5473 2737 5559 quod
2771 5481 2854 5537 sic
2894 5473 2952 5559 in
2979 5473 3239 5549 promptu
3275 5473 3380 5531 est.
3410 5473 3625 5559 Quotus

2049 5544 2465 5637 cuiin'quisque
2492 5544 2732 5637 estfqui
2758 5566 2870 5607 non
2900 5544 3229 5637 [racto‘vase
3262 5560 3399 5637 casu
3426 5544 3626 5637 aliquo

2051 5614 2263 5690 doleat:
2272 5614 2503 5697 perinde
2523 5614 2595 5681 ac
2608 5614 2794 5695 aliquo
2814 5619 3048 5678 amisso?
3067 5618 3147 5675 ita
3162 5614 3401 5687 denique
3426 5627 3625 5684 reprae-

2053 5706 2275 5752 sentant
2299 5695 2463 5752 codd.

2053 5706 2275 5758 sontant
2299 5706 2463 5754 οοιια.
