4140 6322
554 345 688 411 1047

1782 355 1841 415 S.
1884 354 2174 416 MAXIMI
2210 356 2723 422 CONFESSORIS

3664 353 3797 421 1048

618 458 712 516 98.
763 460 957 519 Anima
996 461 1238 531 periecta
1280 469 1388 528 est,
1424 463 1586 534 cujus
1628 478 1757 534 pars
1801 463 2048 535 patibilis
2072 466 2115 519 vi

2300 471 2410 539 lm’.
2462 470 2623 540 Ψυχή
2672 471 2790 523 ἐστι
2831 467 3049 538 τελεία,
3106 464 3176 541 ἦς
3207 469 3241 540 ἡ
3271 464 3547 539 παθητικὴ
3577 464 3800 536 δύναμις

529 559 671 607 tota
693 552 872 622 vergit
897 552 951 605 in
980 553 1173 607 Deum.

617 643 705 699 99.
733 641 882 697 Mens
904 642 1143 711 perfecta
1167 652 1273 708 est,
1298 659 1422 714 quae
1451 660 1550 715 per
1587 660 1775 700 veram
1818 645 2004 711 ﬁdem,
2042 646 2126 716 ip-

546 748 669 788 sum
687 733 1042 788 excedentem
1082 748 1299 788 omnem
1325 734 1613 790 scientiam
1648 735 1812 790 modo
1835 737 2121 791 scientiam

545 838 763 878 omnem
793 824 1117 897 excedente,
1152 840 1319 895 supra
1349 841 1568 882 omnem
1603 828 1849 883 scientiae
1887 827 2113 883 modum

542 915 825 985 cognovit,
866 916 1103 986 ejusque
1150 931 1406 987 operum,
1452 920 1713 974 universa
1757 920 2122 989 contemplata

543 1015 651 1072 est,
690 1006 859 1077 inque
891 1007 974 1063 eis
1010 1008 1383 1065 Providentiae
1416 1026 1480 1065 ac
1514 1010 1709 1082 judicii
1750 1011 2121 1066 universalem

541 1099 828 1154 scientiam
866 1098 1154 1170 (quantum
1200 1100 1413 1155 scilicet
1445 1116 1768 1157 concessum
1800 1102 2121 1158 hominibus

540 1189 648 1261 est)
679 1192 914 1260 accepit.

610 1279 733 1334 l00.
786 1280 1029 1350 Tempus
1057 1281 1321 1337 trilariam
1355 1281 1754 1348 dividitur;ae
1791 1280 2015 1352 quidem
2055 1280 2120 1335 ﬁ-

537 1370 654 1437 des,
682 1372 859 1428 tribus
895 1375 1016 1444 ejus
1038 1375 1288 1443 partibus
1323 1374 1737 1429 eoextenditur:
1764 1389 1890 1443 spes
1910 1382 2116 1438 autem,

537 1462 636 1517 uni
661 1463 967 1519 duntaxat:
1001 1466 1263 1529 charitas,
1305 1465 1541 1522 duabus.
1592 1467 1668 1521 Ac
1708 1466 1931 1537 quidem
1980 1465 2119 1521 ﬁdes

537 1564 702 1625 atque
749 1571 897 1625 spes,
939 1556 1007 1610 ad
1050 1566 1258 1611 certam
1301 1573 1477 1627 usque
1522 1558 1841 1628 periodum;
1877 1557 2118 1612 cbaritas

536 1663 671 1702 vero
717 1648 773 1702 in
819 1636 1273 1705 inﬁnitaﬁszecula
1318 1651 1369 1705 ei
1416 1650 1592 1714 unita,
1626 1651 1721 1720 qui
1760 1665 1927 1719 super
1952 1664 2117 1719 quam

536 1737 789 1794 inﬁnitus
811 1746 915 1805 est,
945 1755 1274 1811 semperque
1311 1741 1428 1811 ipsa
1462 1741 1645 1810 seipsa
1687 1741 1902 1795 auctior
1926 1754 2117 1811 perse-

537 1839 707 1885 verat.
741 1830 818 1886 Ac
839 1830 1005 1886 ideo:
1043 1830 1293 1887 Omnibus
1319 1834 1494 1903 major
1529 1841 1604 1886 est
1632 1833 1864 1886 charitas
1902 1829 1973 1884 ’“.

1059 2044 1224 2118 444
1252 2045 1578 2103 EIUSDEM

788 2134 989 2201 Quater
1014 2148 1232 2192 centena
1268 2141 1444 2209 capita
1481 2142 1545 2193 de
1584 2142 1865 2197 charitate.

610 2229 663 2284 Ι.
690 2229 879 2285 Primo
909 2229 1217 2285 admiratur
1259 2231 1478 2287 animus
1519 2232 1763 2288 divinam
1802 2216 1903 2305 per
1931 2235 2115 2290 omnia

540 2325 867 2381 inﬁnitatem
935 2326 1203 2396 cogitans,
1271 2326 1517 2397 illudque
1578 2327 1992 2397 impermeabile
2051 2342 2116 2382 ac

540 2418 730 2474 multis
757 2418 1078 2474 nominibus
1091 2419 1394 2490 expetitum
1418 2420 1645 2490 pelagus
1668 2426 1948 2488 reputans.
1973 2418 2115 2472 Tum

539 2518 743 2579 stupet,
777 2509 1056 2580 quomodo
1100 2525 1169 2564 ex
1197 2510 1393 2576 nihilo,
1425 2526 1611 2565 rerum
1642 2518 1702 2565 ut
1742 2518 1946 2574 essent,
1983 2524 2114 2579 pro-

537 2599 758 2656 duxerit
798 2610 1074 2657 naturam.
1105 2601 1581 2667 Quemadmodum
1608 2618 1743 2657 vero
1786 2601 2117 2674 magnitudi-

540 2692 627 2748 nis
665 2693 785 2763 ejus
825 2709 937 2747 non
978 2701 1066 2747 est
1101 2693 1226 2748 linis
1257 2695 1326 2758 ’9,
1356 2694 1437 2748 sic
1466 2710 1646 2763 neque
1686 2695 1806 2763 ejus
1833 2692 2117 2763 sapientiae

432 2816 443 2827 ι
539 2785 789 2842 inventio
820 2785 1099 2842 exsistit‘.

604 2876 660 2933 2.
692 2878 979 2946 Quomodo
1004 2877 1152 2934 enim
1190 2893 1300 2933 non
1339 2885 1576 2947 stupeat,
1623 2877 1949 2933 immensum
1980 2876 2115 2931 illud

536 2987 867 3044 omnemque
909 2970 1185 3027 excedens
1232 2978 1536 3040 stuporem,
1576 2969 1842 3024 bonitatis
1893 2970 2118 3041 pelagus

536 3061 930 3118 considerans?
975 3060 1087 3115 Aut
1131 3059 1409 3131 quomodo
1458 3073 1573 3114 non
1624 3066 1810 3113 mente
1864 3058 2115 3125 excedat,

536 3168 723 3207 secum
759 3153 876 3222 ipse
901 3150 1176 3221 cogitans,
1203 3166 1310 3220 qua
1344 3149 1560 3205 ratione
1599 3163 1664 3204 ac
1689 3148 1836 3203 unde
1868 3157 1990 3203 orta
2021 3150 2113 3216 sit,

538 3244 825 3301 rationalis
857 3244 1281 3317 intelligensque
1317 3242 1649 3308 substantia,
1692 3256 1909 3311 necnon
1974 3257 2114 3312 qua-

2227 557 2479 612 νένευκεν
2509 558 2769 623 ὁλοτελῶς
2803 558 2938 629 πρὸς
2962 557 3115 611 Θεόν.

2296 647 2400 714 ιιθο.
2454 647 2598 711 Νοῦς
2642 650 2757 702 ἐστι
2809 648 3046 712 τέλειος,
3095 646 3125 699 ὀ
3169 646 3257 702 διὰ
3281 645 3515 709 πίστεως
3545 644 3798 716 ἀληθοῦς,

2224 737 2316 791 τὸν
2340 739 2439 791 ὑπε
2451 739 2760 808 ράγνωστον
2784 736 3220 810 ὑπεραγνώστως
3252 735 3677 809 ὑπερεγνωκὼς·
3708 737 3800 790 καὶ

2223 817 2334 882 τῶν
2360 830 2521 884 αὑτοῦ
2550 831 3070 902 δημιουργημάτων,
3097 831 3168 883 τά
3194 829 3423 883 καθόλου
3447 829 3797 899 θεασάμενος·

2224 920 2320 973 καὶ
2350 921 2448 989 τῆς
2475 923 2533 975 ἐν
2556 922 2743 985 αὑτοῖς
2776 920 3041 993 Προνοίας
3073 921 3169 974 καὶ
3196 920 3467 991 κρίσεως,
3521 918 3621 988 τὴν
3642 936 3801 990 περιο-

2223 1012 2492 1084 ληπτικὴν
2519 1012 2721 1081 γνῶσιν
2750 1014 2902 1083 παρά
2928 1012 3065 1067 Θεοῦ
3089 1012 3327 1083 εἰληφώς
3352 1028 3367 1043 ·
3400 1010 3476 1075 ὡς
3504 1012 3562 1064 ἒν
3590 1010 3801 1081 ἀνθρὼ-

2224 1122 2347 1169 ποις
2373 1105 2429 1159 δέ
2461 1123 2624 1178 φημι.

2294 1289 2360 1354 ρ’.
2414 1282 2628 1353 Τριχῶς
2656 1284 2911 1354 τέμνεται
2938 1286 2965 1338 ὁ
2992 1284 3184 1355 χρόνος
3207 1298 3220 1314 ⁸
3278 1285 3371 1337 καὶ
3398 1285 3432 1353 ή
3465 1281 3564 1353 μὲν
3596 1281 3800 1347 πίστις,

2220 1374 2333 1437 τοῖς
2374 1374 2526 1443 τρισὶ
2569 1374 3068 1445 συμπαρατιίνεται
3113 1374 3363 1444 τμήμασι
3388 1387 3402 1403 ⁸
3460 1371 3579 1441 ἠδὲ
3622 1370 3797 1435 ἐλπὶς,

2220 1463 2297 1534 τῷ
2345 1464 2425 1518 ἐνί
2447 1479 2460 1494 ·
2521 1466 2554 1536 ἡ
2595 1465 2653 1517 δὲ
2689 1465 2901 1537 ἀγάπη,
2946 1466 3056 1528 τοῖς
3085 1464 3227 1518 δυσί.
3290 1464 3400 1518 Καὶ
3428 1466 3461 1534 ἡ
3490 1465 3587 1534 μὲν
3619 1462 3801 1524 πίστις

2220 1558 2313 1612 καὶ
2342 1558 2495 1621 ἐλπὶς
2526 1558 2684 1628 μέχρι
2710 1559 2873 1622 τινόςο
2901 1560 2933 1629 ἡ
2959 1557 3018 1611 δὲ
3044 1558 3252 1628 ἀγάπη,
3287 1558 3368 1625 είς
3391 1556 3650 1627 ἀπείρους
3668 1554 3801 1609 αίῶ-

2219 1665 2317 1713 νας
2372 1648 2449 1719 τῷ
2500 1650 2853 1720 ὑπεραπείρῳ
2884 1651 3277 1720 ὑπερηνωμένη
3306 1690 3320 1711 ,
3375 1648 3468 1701 καὶ
3515 1648 3601 1700 ἀεὶ
3628 1647 3800 1715 ὑπερ-

2219 1740 2457 1805 αύξουσα
2485 1740 2749 1811 διαμένει.
2807 1740 2918 1792 Καὶ
2947 1739 3035 1793 διὰ
3061 1738 3218 1793 τοῦτο
3242 1778 3257 1804 ,
3311 1733 3533 1798 Μείζων
3558 1735 3801 1789 πάντων

2146 1815 2186 1869 Β
2216 1830 2254 1898 ἠ
2276 1827 2497 1900 ἀγάπη.

2808 2054 2940 2109 ΤΟΥ
2990 2056 3037 2108 Δ
3050 2053 3141 2108 ΥΤ
3140 2051 3225 2106 ΟΥ

2285 2146 2426 2214 Περὶ
2461 2146 2707 2214 ἀγάπης
2742 2144 2988 2213 τετάρτη
3019 2146 3358 2214 κεφαλαίων
3382 2143 3732 2211 ἐκατοντάς.

2284 2244 2351 2292 α’.
2388 2236 2609 2307 Πρῶτον
2644 2236 2741 2308 μὲν
2775 2234 3045 2307 θαυμάζει
3074 2238 3103 2290 ὁ
3133 2237 3255 2299 νοῦς
3282 2236 3379 2306 τὴν
3409 2236 3558 2290 θείαν
3587 2237 3799 2289 ὲννοού-

2219 2346 2375 2400 μενος
2405 2328 2548 2381 κατὰ
2572 2328 2751 2385 πάντα
2776 2327 3050 2397 ἀπειρίαν,
3081 2327 3176 2381 καὶ
3205 2326 3266 2380 τὸ
3293 2325 3590 2380 ἀνέκϐατον
3619 2328 3798 2379 ἐκεῖνο

2216 2422 2310 2476 καὶ
2340 2420 2714 2492 πολυπόθητον
2743 2421 2999 2488 πέλαγος.
3036 2419 3297 2492 Δεύτερον
3321 2419 3378 2472 δὲ
3402 2418 3797 2490 ἐκπλήττεται,

2217 2512 2334 2576 πῶς
2358 2514 2422 2566 ὲκ
2450 2510 2545 2566 τοῦ
2573 2512 2799 2584 μηδενὸς
2832 2513 2932 2583 τὴν
2964 2512 3073 2564 τῶν
3093 2511 3260 2565 ὄντων
3289 2513 3370 2575 εἰς
3401 2509 3459 2563 τὸ
3483 2508 3623 2565 εἶναι
3650 2527 3799 2581 παρ-

2216 2605 2420 2674 ήγαγεν
2452 2603 2705 2675 ὕπαρξιν.
2751 2602 2889 2657 Ἀλλ’
2945 2585 3133 2673 ὥσπερ
3172 2603 3269 2673 τῆς
3311 2601 3685 2673 μεγαλοσύνης
3707 2601 3800 2656 αὑ-

2217 2696 2312 2750 τοῦ
2340 2696 2438 2749 οὑκ
2468 2695 2583 2749 ἔστι
2606 2695 2802 2766 πέρας.
2833 2693 3005 2757 οὑτως
3032 2693 3152 2746 οὑδὲ
3174 2694 3273 2763 τῆς
3298 2694 3610 2764 φρονήσεως
3633 2690 3798 2746 αὐτοῦ

2216 2788 2364 2841 ἐστιν
2397 2786 2636 2859 εὑρεσις.

2289 2880 2354 2951 β’.
2411 2880 2535 2943 Πῶς
2571 2881 2680 2950 γάρ
2735 2878 2796 2932 οὑ
2830 2877 3095 2948 θαυμάζει
3124 2877 3185 2930 τὸ
3211 2876 3441 2931 ἄπλετον
3465 2877 3639 2929 ἐκεῖνο
3662 2875 3802 2930 θεω-

2219 2974 2352 3046 ρῶν,
2406 2976 2499 3030 καὶ
2550 2973 2689 3043 ὑπὲρ
2716 2970 2979 3042 ἔκπληξιν
3026 2971 3127 3040 τῆς
3155 2968 3488 3040 ἀγαθότητος
3515 2966 3755 3034 πέλαγος
3781 2982 3799 3030 ;

2218 3069 2287 3119 Ἢ
2322 3066 2438 3130 πῶς
2471 3067 2571 3120 οὐκ
2595 3063 2893 3129 ἐξίσταται,
2948 3061 3317 3133 ἐννοούμενος,
3373 3058 3490 3122 πῶς
3516 3058 3611 3112 καὶ
3634 3058 3800 3114 πόθεν

2217 3160 2250 3230 ἥ
2278 3175 2337 3212 τε
2363 3157 2553 3229 λογικὴ
2585 3157 2679 3210 καὶ
2702 3154 2863 3226 νοερά
2887 3153 3112 3223 γέγονεν
3134 3152 3310 3218 οὐσία,
3344 3151 3437 3204 καὶ
3462 3150 3532 3203 τὰ
3554 3149 3800 3218 τέσσαρα

2220 3252 2459 3321 στοιχεῖα
2478 3290 2493 3314 ,
2529 3249 2589 3314 ἐξ
2618 3241 2692 3302 ὧν
2722 3247 2791 3301 τὰ
2817 3246 3067 3315 σώματα,
3100 3243 3366 3316 μηδεμιᾶς
3393 3239 3527 3312 ὕλης
3549 3240 3646 3310 τῆς
3676 3236 3797 3292 τούο

538 3347 667 3391 tuor
695 3336 992 3399 elementa,
1024 3350 1092 3389 ex
1125 3334 1331 3404 quibus
1371 3341 1501 3389 sunt
1529 3349 1783 3404 corpora,
1812 3348 1937 3389 cum
1968 3333 2115 3388 nulla

2220 3313 2804 3409 των-’προϋπαρξάσης
2848 3313 3334 3405 γενέσεωςξΠοία
3375 3349 3436 3385 τε
3491 3332 3525 3401 ἡ
3563 3331 3798 3399 δύναμις

537 3425 767 3482 materia
812 3426 1115 3497 praaiverit,
1159 3424 1305 3480 unde
1350 3424 1466 3480 haec
1510 3424 1790 3479 orirentur
1823 3434 2120 3495 essentque

538 3519 916 3590 procreanda?
965 3517 1162 3585 Quaeve
1200 3517 1292 3572 illa
1330 3518 1578 3588 potentia
1624 3517 1679 3571 in
1721 3527 1903 3574 actum
1943 3524 2114 3580 mota,

539 3610 657 3665 haec
683 3608 739 3663 in
764 3623 952 3664 rerum
996 3616 1251 3663 naturam
1290 3606 1584 3677 produxit?
1622 3607 1822 3662 Verum
1862 3606 2037 3661 Graeci
2063 3605 2119 3660 id

540 3716 652 3756 non
676 3700 1000 3765 admittunt,
1026 3698 1121 3770 qui
1147 3698 1580 3768 omnipotentem
1612 3696 1937 3761 bonitatem,
1969 3696 2118 3766 ejus—

539 3807 646 3861 que
667 3792 778 3846 vim
802 3789 1103 3854 el'ﬁcacem,
1140 3789 1487 3858 omnemque
1508 3803 1730 3843 sensum
1758 3787 2117 3843 excedentem

538 3882 861 3954 sapientiam
889 3891 946 3937 et
970 3880 1280 3945 scientiam,
1305 3878 1531 3933 minime
1558 3877 1834 3934 noverint.

606 3974 661 4029 5.
713 3975 857 4029 Deus
908 3973 1027 4044 ipse
1075 3971 1145 4027 ab
1191 3982 1397 4027 mtcrno
1435 3970 1727 4038 conditor,
1786 3986 1911 4026 cum
1958 3970 2115 4034 libet,

537 4067 723 4126 Verbo
747 4065 853 4123 sibi
875 4064 1333 4123 consubstantiali
1359 4079 1423 4120 ac
1446 4063 1653 4133 Spiritu
1687 4063 1828 4134 (qua:
1848 4064 1967 4133 ejus
1990 4062 2116 4118 inﬁ-

540 4158 654 4212 nita
682 4157 901 4212 bonitas
931 4155 1074 4225 est!)
1108 4171 1198 4211 res
1224 4155 1413 4209 condit
1442 4170 1506 4209 ac
1540 4154 1691 4210 facit.
1735 4154 1924 4223 Neque
1961 4152 2119 4208 dixe-

537 4249 617 4305 ris
642 4268 656 4305 :
686 4248 803 4317 Qua
825 4264 977 4305 nunc
1018 4251 1233 4304 ratione
1256 4246 1540 4317 Condidit,
1571 4247 1667 4317 qui
1701 4261 1919 4316 semper
1942 4245 2123 4301 bonus

537 4343 723 4397 esset?
759 4341 898 4397 Nam
940 4350 997 4397 et
1042 4356 1144 4412 ego
1190 4340 1554 4411 respondebo,
1596 4337 1825 4394 inﬁnitae
1868 4337 2121 4394 essentia:

541 4434 1075 4505 imperserutabilem
1105 4432 1452 4504 sapientiam,
1485 4431 1589 4487 sub
1619 4430 1904 4486 scientiam
1926 4428 2120 4483 buma.

536 4542 669 4585 nam
698 4542 811 4581 non
851 4526 1071 4581 cadere.

2219 3431 2424 3500 εκείνη,
2457 3430 2491 3500 ἡ
2516 3430 2596 3492 είς
2622 3428 2901 3501 ἐνέργειαν
2928 3424 3234 3495 κινηθεῖσα,
3263 3421 3436 3476 ταῦτα
3464 3421 3547 3482 εἰς
3573 3419 3639 3472 τὸ
3661 3414 3796 3473 εἶναι

2221 3523 2581 3593 παρήγαγεν;
2627 3520 2790 3573 Ἀλλά
2815 3517 2973 3573 τοῦτο
3003 3515 3273 3587 Ἐλλήνων
3302 3514 3488 3577 παῖδες
3521 3513 3583 3566 οὑ
3616 3527 3791 3584 παρα-

2217 3615 2500 3685 δέχονται,
2559 3610 2879 3683 ἀγνοοῦντες
2908 3610 3004 3682 τὴν
3032 3607 3438 3677 παποδὺναμον
3461 3603 3793 3675 ἀγαθότητα,

2218 3705 2312 3756 καὶ
2355 3700 2452 3772 τὴν
2491 3700 2814 3771 δραστήριον
2848 3698 3017 3769 αὐτῆς
3049 3697 3143 3752 καὶ
3171 3696 3309 3768 ὑπὲρ
3335 3693 3458 3749 νοῦν
3481 3694 3678 3763 σοφίαν
3706 3694 3794 3747 καὶ

2219 3813 2436 3864 γνωσιν.

2290 3980 2360 4041 γ’.
2412 3971 2499 4038 Ἐξ
2546 3969 2715 4024 ἀϊδίου
2762 3965 3089 4037 δημιουργὸς
3135 3963 3397 4035 ὑπάρχων
3435 3961 3462 4013 ὁ
3501 3958 3659 4024 Θεὸς,
3708 3958 3795 4012 ὅτε

2224 4065 2472 4137 βούλεται
2517 4062 2840 4134 δημιουργεῖ
2884 4058 3044 4128 Λόγῳ
3088 4055 3356 4129 ὁμοουσίῳ
3398 4053 3491 4106 καὶ
3514 4051 3795 4122 Πνεῦματι

2219 4160 2285 4213 δι’
2306 4159 2531 4225 ἄπειρον
2558 4152 2890 4224 ἀγαθότητα.
2928 4151 3039 4205 Καὶ
3070 4148 3145 4221 μὴ
3171 4148 3361 4220 εἴπῃς,
3411 4145 3531 4199 Τίνι
3554 4144 3637 4214 τῷ
3659 4143 3796 4212 λόγῳ

2219 4250 2313 4306 νῦν
2342 4247 2773 4319 ἐδημιούργησεν
2800 4243 2886 4297 ἀεὶ
2906 4240 3105 4311 ἀγαθὸς
3127 4239 3384 4311 ὑπάρχων
3408 4235 3615 4305 ;“Επεὶ,
3645 4231 3796 4303 κάγώ
3828 4266 3835 4273 -

2221 4358 2302 4395 σοι
2351 4339 2524 4409 λέγω,
2581 4340 2661 4391 ὅτι
2710 4336 2891 4407 ήκτῆς
2915 4331 3142 4404 ἀπείρου
3181 4330 3368 4393 οὐσίας
3397 4325 3796 4399 ἀνεξιχνίαστος

2221 4433 2403 4501 σοφία,
2441 4432 2509 4502 τῇ
2534 4428 2850 4500 ἀνθρωπίνῃ
2876 4426 2976 4497 οὑχ
3002 4424 3298 4479 ὑποπίπτει
3320 4419 3535 4491 γνώσει.

589 4618 666 4674 ,4.
719 4615 803 4671 Ab
853 4623 1060 4671 artemo
1120 4615 1178 4670 in
1229 4616 1349 4686 ipso
1406 4615 1875 4687 praeexsistentem
1927 4630 2115 4671 rerum

2289 4611 2349 4666 δ’.
2396 4609 2506 4680 Τὴν
2536 4608 2593 4675 ἐξ
2627 4578 2887 4663 ἀῖδίουὴὲν
2916 4602 3065 4676 αὑτῷ
3084 4604 3111 4656 ὁ
3132 4597 3475 4671 Δημιουργὸς
3500 4595 3609 4649 τῶν
3632 4595 3796 4711 ὄντων

538 4708 849 4777 scientiam,
880 4702 1018 4775 tum,
1043 4723 1168 4764 cum
1205 4708 1433 4780 placuit.
1460 4706 1716 4761 conditor
1739 4707 1982 4761 essentia
2008 4706 2111 4761 do-

537 4800 692 4858 navit
715 4809 880 4872 atque
912 4799 1194 4871 produxit.
1233 4797 1549 4854 Absurdum
1579 4796 1727 4852 enim
1769 4804 1855 4852 est
1887 4796 1940 4850 in
1976 4796 2108 4863 Deo,

536 4891 632 4963 qui
685 4892 756 4948 sit
806 4892 1174 4962 omnipotens,
1217 4889 1493 4955 dubitare,
1553 4903 1622 4942 an
1674 4887 1848 4958 possit
1901 4884 2111 4957 aliquid

536 4983 772 5040 essentia
798 4983 1007 5038 donare
1039 4996 1103 5037 ac
1129 4980 1455 5051 producere,
1480 4994 1604 5034 cum
1623 4978 1874 5035 libuerit.

604 5098 660 5151 5.
684 5097 1056 5163 Quamobrem
1094 5096 1242 5151 Deus
1272 5108 1365 5149 res
1394 5092 1744 5158 Condiderit,
1780 5108 1997 5163 Quaere;
2022 5101 2108 5148 est

532 5188 681 5243 enim
711 5204 802 5244 res
832 5188 1103 5259 ejusmodi
1141 5202 1263 5257 quae
1305 5185 1433 5241 sciri
1479 5191 1665 5255 queat.
1696 5183 1983 5251 Quomodo
2011 5199 2110 5237 au-

534 5294 644 5334 tem
686 5295 752 5335 ac
792 5295 957 5349 quam
998 5279 1070 5335 ob
1123 5292 1344 5333 causam
1387 5277 1627 5340 noviter,
1669 5275 1785 5330 noli
1823 5290 2105 5345 quaerere;

2221 4702 2679 4775 προϋπάρχουσαν
2721 4697 2940 4769 γνῶσιν,
2991 4695 3079 4748 ὅτε
3113 4692 3397 4762 ἐϐουλήθη,
3445 4687 3676 4742 οῦσίωσε
3707 4684 3796 4739 καὶ

2218 4793 2570 4866 προεϐάλετο.
2621 4791 2856 4844 Ἀτοπον
2882 4787 2991 4860 γάρ
3023 4788 3169 4840 ἐστιν
3196 4784 3289 4837 ἐπὶ
3313 4781 3446 4837 Θεοῦ
3474 4779 3568 4833 τοῦ
3594 4792 3795 4832 παντοο

2216 4887 2452 4958 δυνάμου
2483 4881 2753 4950 διστάσαι,
2810 4880 2859 4933 εί
2886 4878 3111 4935 δύναταί
3140 4893 3194 4930 τι
3223 4873 3507 4937 οὑσιῶσαι,
3556 4872 3644 4925 ὅτε
3674 4868 3795 4941 βού-

2214 4979 2387 5033 λεται.

2285 5096 2344 5144 ε’.
2381 5086 2459 5141 Δι’
2480 5086 2547 5157 ἥν
2580 5086 2679 5156 μὲν
2713 5058 2891 5139 αἰτίαν
2922 5085 2951 5137 ὀ
2976 5081 3107 5145 Θεὸς
3135 5076 3555 5149 ἐδημιούργησε,
3600 5073 3791 5148 ζήτει·

2204 5183 2322 5235 ἐστὶ
2345 5183 2454 5253 γὰρ
2482 5181 2705 5251 γνῶσις.
2754 5179 2829 5233 Τδ
2855 5178 2912 5231 δὲ
2943 5176 3083 5240 πῶς,
3115 5175 3211 5229 καὶ
3239 5173 3326 5227 διὰ
3353 5172 3406 5227 τί
3436 5170 3790 5243 προσφάτως.

2208 5272 2283 5344 μὴ
2329 5271 2516 5343 ζήτει·
2572 5272 2673 5326 οὑκ
2719 5270 2833 5324 ἔστι
2876 5267 2985 5340 γὰρ
3034 5265 3115 5337 τῷ
3166 5265 3244 5335 σῷ
3282 5263 3661 5319 ὑπο-πίπτουσα
3691 5257 3788 5327 νῷ.

536 5388 715 5443 neque
744 5375 893 5430 enim
928 5373 1076 5430 istud
1112 5373 1219 5429 tale
1260 5380 1368 5436 est,
1407 5370 1556 5442 quod
1600 5371 1656 5425 in
1687 5377 1928 5426 mentem
1954 5378 2108 5427 tuam

2218 5364 2350 5417 Διότι
2383 5364 2492 5418 τῶν
2522 5363 2702 5428 θείων,
2738 5361 2808 5416 τὰ
2837 5362 2936 5434 μὲν
2962 5359 3173 5431 ληπτὰ,
3228 5357 3299 5412 τὰ
3322 5355 3400 5419 δὲ,
3434 5354 3651 5424 ἀληπτα

535 5465 715 5522 cadat.
756 5467 1079 5521 Divinorum
1122 5465 1296 5530 enim,
1341 5464 1446 5518 alia
1490 5462 1818 5517 mortalibus
1856 5474 2108 5530 compre-

538 5557 707 5613 hendi
748 5566 996 5629 possunt,
1023 5558 1127 5615 alia
1164 5556 1243 5613 eis
1280 5554 1740 5626 ineomprebensa
1784 5552 2098 5607 exsistunt:

608 5735 653 5769 ’⁸
684 5734 854 5793 ICor.
884 5751 998 5803 xm,
1033 5737 1095 5789 15
1195 5737 1239 5767 ’θ
1274 5736 1413 5792 Psal.
1449 5751 1622 5801 οιωγ,
1648 5735 1700 5790 ’5.

2206 5455 2536 5528 ἀνθρώποις.
2592 5455 2812 5525 Θεωρία
2841 5454 2948 5524 γὰρ
2974 5451 3370 5523 ἀχαλίνωτος,
3403 5445 3556 5518 τάχα
3586 5444 3664 5499 ἂν
3692 5440 3788 5498 καί

2210 5547 2361 5602 κατὰ
2392 5546 2670 5619 κρημνῶν
2697 5546 2932 5611 ὤσειεν,
2962 5546 3038 5609 ὡς
3063 5544 3168 5616 ἔφη
3195 5560 3280 5609 τις
3308 5541 3419 5597 τῶν
3439 5537 3625 5609 ἁγίων.

1837 5730 2049 5787 Barucb
2107 5728 2314 5797 111,18.
