4140 6322
406 319 561 388 1049-

1277 320 1610 383 CAPITUM
1650 320 1748 382 DE
1784 319 2214 382 CHARITATE
2249 320 2634 383 CENTURIA
2678 326 2776 385 IV.

3524 329 3663 397 1050

409 432 793 505 Contentptatio
842 433 991 489 enim
1035 449 1143 488 non
1184 435 1406 490 coercita
1460 451 1523 488 ac
1568 433 1800 500 liberior,
1837 432 1972 502 forte
2009 432 2168 486 etiam
2208 433 2262 486 in
2307 450 2536 506 prwceps
2609 444 2757 506 agat,
2794 445 2881 491 ut
2928 445 3013 494 est
3053 440 3230 498 sancti
3266 440 3557 513 cujusdam
3583 443 3655 516 (ι)

409 528 710 584 sententia.

477 619 555 686 ς’.
621 618 779 681 Τινές
832 634 966 687 φασι
1017 617 1384 689 συνυπάρχειν
1436 616 1497 682 ἐξ
1541 616 1711 671 ἀϊδίου
1751 615 1832 686 τῷ
1872 616 1967 683 Θει]

2160 616 2323 689 445
2354 618 2407 673 6.
2452 618 2594 676 Sunt
2623 621 2718 692 qui
2755 621 2944 677 dicant
2977 637 3069 678 res
3111 632 3324 679 creatas
3356 624 3425 679 ab
3455 634 3662 683 aeterno

398 713 471 765 τὰ
514 711 998 782 δημιουργήματα,
1044 710 1184 781 ὅπερ
1226 710 1527 781 ἀμήχανον.
1585 708 1710 772 Πῶς
1751 708 1861 780 γὰρ
1908 707 1987 780 τῷ

406 802 579 871 πάντη
610 798 850 871 ἀπείρῳ,
904 801 974 855 τά
1003 800 1143 854 κατά
1174 800 1352 853 πάντα
1381 799 1804 870 πεπερασμένα,
1857 815 1983 852 συν.

405 892 670 963 υπάρχειν
700 891 917 945 δύναται
949 892 1010 956 ἐξ
1029 892 1235 957 ἀϊδίους
1289 891 1323 962 ἢ
1355 891 1475 954 πῶς
1504 891 1709 961 κυρίως
1731 889 1984 960 δημιουρ-

403 987 663 1056 γήματα,
720 985 771 1038 εί
825 985 1070 1040 συναῖδια
1109 984 1188 1055 τῷ
1232 981 1600 1055 Δημιουργῷ;
1644 981 1783 1036 Ἀλλ’
1829 976 1984 1046 οὗτος

401 1073 431 1126 ὁ
485 1073 641 1142 λόγος
688 1073 796 1128 τῶν
845 1073 1111 1145 Ἐλλήνων
1158 1072 1338 1126 ἐστίν·
1396 1073 1593 1136 οἵτινες
1636 1070 1833 1125 οὐσιῶν
1882 1073 1982 1143 μὲν

401 1164 651 1236 οὐδαμῶς
673 1203 692 1230 ,
748 1164 1052 1234 ποιοτήτων
1091 1164 1149 1218 δὲ
1192 1162 1350 1234 μόνον
1376 1161 1707 1234 δημιουργὸν
1735 1162 1826 1236 τὸν
1849 1160 1980 1215 Θεὸν

401 1234 734 1324 εἰσάγουσιν.
782 1253 972 1325 Ἡμεῖς
1007 1253 1064 1308 δὲ
1114 1253 1205 1307 τὸν
1247 1252 1653 1323 παντοδύναμον
1680 1234 1983 1322 ἐγνωκότες

401 1346 563 1413 Θεὸν,
613 1347 676 1399 οὐ
704 1347 1025 1416 ποιοτήτων,
1077 1344 1190 1400 ἀλλ’
1210 1344 1409 1398 οὐσιῶν
1437 1344 1850 1414 πεποιωμένων,
1882 1344 1979 1414 δη-

404 1441 663 1512 μιουργὸν
694 1438 858 1494 aestv
884 1434 1026 1493 εἶναι
1056 1456 1255 1510 φαμεν.
1294 1439 1356 1493 Et
1385 1438 1444 1493 δὲ
1470 1438 1650 1504 τοῦτο,
1683 1438 1782 1494 οὐκ
1808 1437 1872 1505 ἐξ
1891 1439 1980 1494 ἀῖο

398 1533 511 1586 δίου
545 1516 901 1603 συνύπαρκτα
927 1530 1005 1602 τῷ
1028 1530 1147 1603 Θεῷ
1174 1531 1244 1585 τὰ
1269 1531 1753 1602 δημιουργήματα.

469 1813 536 1879 ζ’.
589 1813 751 1868 Κατά
796 1833 848 1868 τι
900 1815 998 1885 μὲν
1030 1813 1268 1883 γνωστὸν
1316 1813 1378 1867 τὸ
1414 1813 1567 1868 Θετον
1601 1814 1696 1868 καὶ
1723 1816 1792 1869 τὰ
1818 1815 1970 1871 θεῖν

396 1906 538 1960 κατά
579 1923 632 1961 τι
671 1907 749 1973 δὲ,
789 1906 1088 1976 ἄγνωστον.
1150 1907 1259 1961 Kal.
1286 1907 1526 1975 γνωστὸν
1553 1907 1670 1978 μὲν,
1705 1911 1817 1972 τοῖς
1845 1910 1974 1982 περὶ⁵

396 2000 527 2054 αὐτὸ
556 1999 930 2072 θεωρήμασιν·
968 2000 1244 2069 ἄγνωστον
1265 1999 1343 2065 δὲ,
1373 2000 1487 2063 τοῖς
1513 2000 1634 2052 κατ’
1655 2000 1807 2053 αὐτό.

460 2186 537 2258 η’.
583 2188 678 2259 Μὴ
709 2187 851 2252 ἕξεις
893 2187 988 2240 καὶ
1012 2185 1455 2257 ὲπιτηδειότητας
1485 2185 1727 2259 ζητήσῃς
1755 2186 1848 2240 ἐπὶ
1873 2185 1972 2258 τῆς

391 2280 569 2347 ἁπλῆς
619 2278 713 2331 καὶ
761 2277 989 2348 ἀπείρου
1033 2278 1219 2342 οὐσίας
1248 2277 1350 2347 τῆς
1379 2279 1541 2346 ἁγίας
1567 2279 1794 2350 Τριάδος
1815 2321 1830 2346 ,
1886 2281 1973 2335 ἵνα

394 2371 471 2440 μὴ
525 2368 776 2422 σύνθετον
825 2366 992 2441 αὐτὴν
1042 2370 1309 2440 ποιήσῃς,
1365 2367 1552 2440 ὥσπερ
1578 2371 1646 2423 τὰ
1677 2372 1970 2442 κτίσματα⁶

390 2462 526 2532 ὅπερ
556 2462 755 2515 ἄτοπον
782 2462 876 2514 καὶ
904 2459 1163 2530 ἀθέμιτον
1190 2460 1283 2512 ἐπὶ
1311 2459 1445 2512 Θεοῦ
1478 2462 1752 2533 ἐννοῆσαι.

463 2551 527 2606 θ’.
583 2551 737 2621 Μόνη
773 2551 919 2620 ἀπλῆ
969 2551 1062 2605 καὶ
1096 2550 1372 2622 μονοειδὴς
1425 2552 1519 2605 καὶ
1547 2552 1739 2617 ἄποιος
1761 2554 1828 2624 (c)
1878 2554 1972 2610 καὶ

390 2643 668 2714 εἰρηναῖος
722 2643 819 2695 καὶ
868 2642 1266 2709 ἀστασίαστος,
1321 2644 1354 2715 ή
1407 2644 1635 2715 ἄπειρος
1672 2645 1828 2699 οὐσία
1875 2648 1971 2701 καὶ

392 2734 801 2805 παντοδύναμος
855 2734 948 2787 καὶ
979 2733 1347 2807 δημιουργική
1376 2736 1484 2789 τῶν
1512 2737 1672 2798 ὅλων.
1726 2739 1883 2790 Πᾶσα
1910 2739 1970 2792 δὲ

394 2826 428 2896 ή
459 2825 636 2888 κτίσις
659 2863 675 2888 ,
735 2823 987 2883 σύνθετος
1011 2823 1246 2895 ὑπάρχει
1274 2825 1334 2890 ἐξ
1359 2824 1545 2890 οὐσίας
1573 2827 1666 2881 καὶ
1693 2827 1971 2900 συμϐεϐη-

393 2916 548 2978 κότος
571 2931 583 2945 ’
640 2913 734 2969 καί¹
762 2912 980 2984 ἐπιδεὴς
1010 2914 1097 2967 ἀεὶ
1126 2916 1224 2986 τῆς
1251 2915 1400 2980 Θείας
1428 2916 1704 2988 προνοίας,
1739 2917 1816 2982 ὡς
1843 2936 1968 2991 τρο-

390 3002 500 3073 πῆς
531 3002 629 3057 οὐκ
659 3002 940 3073 ἐλευθέρα.
1860 3040 1866 3045 ε

464 3100 514 3149 ι’.
567 3097 725 3150 Πᾶσα
771 3099 804 3168 ή
853 3097 1013 3169 νοερά
1045 3096 1199 3152 οὐσία
1224 3137 1239 3163 ,
1301 3098 1394 3152 καὶ
1421 3098 1744 3170 αἰσθητικὴ,
1776 3100 1968 3156 ἐλαϐεν

388 3182 643 3255 δυνάμεις
691 3186 843 3257 παρά
885 3186 1021 3281 Θεοῦ
1075 3188 1157 3251 εἰς
1195 3187 1257 3241 τδ
1278 3183 1418 3241 εἶναι
1448 3179 1792 3260 παραχθετσα
1818 3190 1967 3243 ἀντιο

2086 709 2200 765 Deo
2253 711 2610 777 coexsistere,
2649 714 2800 784 quod
2850 722 2937 771 est
2975 715 3336 786 impossibile.
3375 716 3662 783 Quomodo

2084 802 2231 856 enim
2287 803 2462 871 possit
2509 803 2651 871 fieri,
2694 813 2755 860 ut
2798 823 2922 876 quae
2965 807 3147 862 modis
3196 809 3457 863 omnibus
3507 810 3658 864 ﬁnita

2084 900 2232 955 sunt,
2250 892 2320 945 ab
2347 904 2554 949 aeterno
2580 895 2657 948 illi
2676 896 3029 960 coexsistant,
3058 897 3152 967 qui
3192 912 3291 967 per
3317 898 3499 953 omnia
3536 900 3661 953 inli-

2082 980 2235 1035 nitus
2276 982 2395 1036 est?
2432 994 2526 1037 aut
2548 985 2826 1054 quomodo
2851 994 3123 1043 creaturae
3146 1003 3273 1043 vere
3314 1004 3379 1043 ac
3412 990 3655 1059 proprie.

2082 1084 2204 1139 quae
2241 1069 2493 1126 Creatori
2535 1082 2698 1144 atque
2738 1077 2946 1131 auctori
2993 1085 3279 1133 consternat
3310 1078 3661 1134 exsistant”?

2080 1162 2284 1218 Verum
2309 1163 2565 1220 doctrina
2596 1166 2712 1221 haec
2736 1166 3053 1223 Graecorum
3076 1177 3180 1234 est,
3209 1168 3304 1239 qui
3342 1170 3514 1224 Deum
3549 1185 3659 1225 non

2080 1255 2306 1325 quidem
2330 1255 2793 1324 substantiarum,
2818 1259 2913 1313 sed
2956 1260 3302 1315 solummodo
3329 1261 3658 1330 qualitatum

2081 1347 2427 1404 conditorem
2452 1363 2574 1405 esse
2604 1348 2840 1405 tradant.
2871 1350 2982 1405 Nos
3005 1367 3138 1406 vero
3162 1351 3258 1421 qui
3284 1352 3456 1406 Deum
3479 1352 3658 1407 omni-

2079 1446 2360 1507 potentem
2389 1439 2730 1505 noverimus,
2759 1456 2872 1496 nou
2892 1441 3240 1510 qualitatum,
3275 1443 3373 1496 sed
3398 1444 3656 1514 substan-

2077 1530 2282 1585 tiarum
2335 1531 2445 1589 illis
2488 1531 2863 1597 imbutarum,
2908 1533 3091 1603 ipsum
3140 1534 3484 1589 conditorem
3533 1550 3656 1590 esse

2077 1617 2331 1674 dicimus.
2363 1620 2519 1686 Quod
2559 1621 2605 1675 si
2640 1622 2715 1676 ita
2757 1632 2862 1688 est,
2911 1638 3033 1693 qua:
3061 1632 3191 1679 sunt
3228 1633 3413 1679 creata
3443 1626 3654 1693 nonlab

2074 1721 2303 1777 aeterno,
2330 1713 2444 1769 Deo
2462 1715 2829 1771 coexsistunt.

2147 1809 2198 1863 7.
2229 1807 2434 1863 Partim
2460 1809 2606 1865 Deus
2625 1811 2880 1882 cognosci
2906 1818 3088 1881 potest
3112 1826 3177 1867 ac
3203 1811 3421 1879 divina;
3450 1812 3655 1882 partim

2072 1899 2236 1955 nobis
2294 1900 2513 1971 ignotus
2567 1909 2673 1963 est.
2735 1902 2814 1956 Ac
2863 1902 3087 1971 quidem
3135 1903 3393 1973 cognosci
3445 1911 3664 1973 potest,

2072 2000 2342 2061 quantum
2372 1991 2443 2046 ad
2485 2006 2571 2057 ea,
2593 2007 2716 2061 quae
2742 2001 2874 2046 sunt
2908 1993 3053 2047 circa
3098 1992 3279 2062 ipsum
3307 1992 3651 2048 theoremata

2072 2089 2128 2137 et
2147 2096 2338 2147 sensa;
2374 2080 2523 2151 quod
2561 2095 2696 2135 vero
2728 2081 2845 2150 ipse
2869 2081 3105 2146 exsistit,
3139 2081 3360 2151 ignotus
3382 2089 3488 2136 est.

2143 2169 2194 2224 8.
2240 2169 2365 2225 Noli
2397 2169 2454 2223 in
2492 2168 2729 2239 simplici
2769 2184 2832 2223 ac
2870 2168 3087 2224 infinita
3122 2180 3325 2225 sanctae
3359 2169 3650 2226 Trinitatis

2071 2261 2378 2317 substantia
2406 2261 2632 2316 habitus
2654 2267 2711 2315 et
2745 2259 3060 2316 habilitates
3094 2276 3367 2330 quazrere,
3396 2276 3467 2319 ne
3494 2274 3648 2315 com-

2069 2352 2304 2422 positam
2328 2368 2448 2407 eam
2481 2352 2704 2419 feceris,
2731 2352 2966 2422 perinde
3005 2367 3072 2407 ac
3100 2362 3287 2408 creata
3313 2369 3329 2406 :
3361 2352 3511 2423 quod
3545 2352 3647 2408 ab-

2070 2444 2299 2499 surdum
2326 2450 2381 2497 et
2400 2442 2556 2498 nefas
2595 2443 2649 2497 in
2682 2445 2795 2499 Deo
2821 2442 3084 2513 cogitare.

2139 2533 2193 2587 9.
2227 2533 2353 2587 Sola
2396 2534 2629 2603 simplex
2669 2545 2727 2590 et
2771 2536 3086 2601 uniformis,
3135 2534 3396 2604 nullaque
3436 2535 3644 2593 imbuta

2070 2623 2354 2693 qualitate,
2373 2631 2428 2678 et
2452 2632 2643 2693 pacata
2673 2632 2729 2679 et
2769 2626 3084 2695 tranquilla,
3118 2624 3334 2679 inﬁnita
3369 2633 3426 2680 et
3460 2623 3643 2679 omni-

2069 2722 2283 2782 potens,
2303 2714 2660 2784 omniumque
2674 2714 2924 2771 effectrix
2952 2714 3212 2770 essentia.
3244 2713 3434 2770 Omnis
3461 2722 3643 2770 autem

2069 2812 2321 2858 creatura
2349 2806 2655 2875 composita
2689 2814 2865 2862 estex
2909 2807 3220 2862 substantia
3262 2813 3320 2861 et
3358 2806 3645 2862 accidente

2066 2902 2299 2963 egetque
2327 2894 2512 2950 divina
2554 2894 2930 2963 Providentia,
2969 2904 3031 2952 ut
3059 2912 3182 2969 qua:
3218 2895 3446 2952 minime
3467 2896 3649 2969 libera

2066 2986 2192 3041 sita
2216 2986 2541 3042 mutatione.
3100 3056 3111 3061 I

2137 3077 2223 3133 lO.
2278 3077 2469 3134 Omnis
2527 3078 2842 3151 intelligens
2892 3080 3247 3151 sentiensque
3298 3079 3651 3155 substantia,

2066 3167 2214 3222 vircs
2248 3183 2278 3223 a
2306 3169 2418 3223 Deo
2455 3169 2801 3240 percipiendi
2820 3169 3053 3240 accepit.
3088 3169 3144 3224 in
3171 3183 3357 3224 rerum
3384 3175 3643 3223 naturam

386 3276 655 3346 ληπτικάς
819 3255 1005 3333 ὄντων·
1041 3280 1076 3349 ή
1108 3280 1208 3351 μὲν
1236 3278 1400 3349 νοερά
1452 3255 1553 3344 τάς
1584 3255 1815 3353 νοήσειςσ
1851 3283 1886 3354 ή
1906 3282 1964 3338 δὲ

2068 3255 2337 3350 producta
2379 3274 2394 3312 :
2442 3258 2604 3329 cujus
2649 3257 2875 3329 quidem
2926 3258 3167 3329 partium
3227 3266 3290 3313 ut
3351 3257 3641 3327 intelligat,

390 3368 700 3441 αἰσθητικὴ,
736 3370 835 3437 τὰς
866 3372 1170 3435 αἰσθήσεις.

458 3535 550 3592 ια’.
590 3537 654 3590 Ὅ
683 3537 778 3607 μὲν
805 3537 938 3602 Θεὸς
961 3577 977 3602 ,
1033 3542 1323 3610 μετέχεται
1356 3541 1516 3611 μόνον
1539 3555 1553 3571 ⁸
1612 3542 1646 3613 ή
1678 3541 1737 3595 δι
1765 3541 1960 3607 κτίσις,

384 3627 481 3682 καὶ
533 3628 748 3699 μετέχει
808 3629 902 3682 καὶ⁸
945 3630 1287 3700 μεταδίδωσι.
1347 3632 1456 3684 Καὶ
1495 3631 1713 3701 μετέχει
1744 3631 1841 3701 μὲν
1865 3629 1962 3685 τοῦ

2068 3620 2194 3676 nihil
2263 3638 2424 3694 quam
2482 3625 2726 3695 impertit
2786 3642 2799 3677 :

384 3717 523 3772 εἶναι
544 3759 560 3783 ,
614 3719 709 3783 καὶ
736 3718 831 3772 τοῦ
858 3717 918 3773 εὖ
944 3716 1081 3775 εἶναι
1101 3737 1116 3752 θ
1154 3722 1474 3792 μεταδίδωσι
1496 3721 1576 3786 δὲ,
1607 3721 1701 3775 τοῦ
1733 3716 1791 3774 εὖ
1822 3717 1963 3776 εἶναι

387 3811 569 3882 μόνον’
595 3811 709 3865 ἀλλ’
732 3810 933 3884 ἑτέρως
959 3813 1056 3884 μὲν
1079 3814 1113 3885 ἡ
1139 3814 1445 3877 σωματικὴ,
1471 3811 1672 3884 ἑτέρως
1695 3813 1751 3866 δὲ
1772 3816 1806 3884 ή
1828 3813 1967 3868 ἀσώο

387 3924 557 3977 ματος
580 3907 761 3961 οὐσία.

456 4086 545 4158 ιβ’.
592 4086 657 4141 Ἡ
706 4088 804 4159 μὲν
855 4088 1145 4160 ἀσώματος
1199 4088 1374 4154 οὐσία,
1439 4088 1534 4143 καὶ
1577 4087 1810 4157 λέγουσα
1862 4090 1958 4145 καὶ⁸

383 4178 697 4249 πράττουσα.
725 4180 819 4234 καὶ
849 4179 1199 4252 θεωρουμένη
1228 4180 1328 4250 (ά),
1362 4179 1456 4234 τοῦ
1484 4175 1543 4235 εὖ
1573 4177 1713 4235 εἶναι
1745 4182 1959 4254 μεταδί-

380 4266 563 4324 δωσιν·
600 4272 634 4342 ή
665 4270 723 4324 δὲ
755 4272 1062 4345 σωματικὴ,
1096 4272 1444 4346 θεωρουμένη
1473 4274 1656 4344 μόνον.

463 4456 651 4526 'Cant.
686 4484 764 4537 ιιι,
790 4469 877 4524 20.

2063 3347 2211 3404 vires
2247 3332 2621 3421 in't'elligendi;
2656 3350 2817 3422 cujus
2845 3365 2980 3406 vero
3007 3358 3067 3406 ut
3089 3350 3313 3417 sentiat,
3337 3351 3484 3405 vires
3519 3363 3644 3405 sen-

2063 3439 2258 3494 ﬁendL

2134 3532 2219 3586 11.
2279 3531 2425 3589 Deus
2474 3532 2698 3603 quidem
2756 3532 2908 3588 solus
2956 3532 3165 3588 nullius
3220 3531 3303 3587 rei
3342 3530 3638 3602 particeps,

2865 3636 2920 3678 at
2996 3631 3291 3688 creatura,
3366 3631 3425 3678 et
3507 3637 3637 3693 par-

2060 3711 2232 3781 ticeps
2261 3720 2347 3766 est
2370 3720 2427 3768 et
2471 3714 2722 3785 impertit
2747 3731 2761 3768 :
2786 3713 3061 3785 particeps
3103 3713 3159 3767 in
3188 3714 3314 3778 hoc,
3346 3721 3407 3767 ut
3448 3712 3539 3775 sit,
3583 3719 3642 3769 et

2065 3800 2206 3856 bene
2238 3803 2340 3868 sit;
2386 3804 2631 3874 impertit
2669 3812 2852 3859 autem
2884 3805 3062 3858 solum
3106 3804 3245 3857 bene
3285 3818 3405 3858 esse
3436 3820 3450 3857 :
3479 3804 3642 3858 aliter
3703 3844 3712 3853 .

2067 3900 2248 3948 tamen
2279 3895 2587 3952 substantia
2612 3910 2900 3966 corporea,
2940 3894 3102 3950 aliter
3147 3907 3281 3949 vero
3315 3894 3641 3964 incorporea

2066 3989 2124 4037 et
2154 3983 2437 4052 spiritalis.

2143 4074 2230 4129 12.
2258 4070 2595 4146 incorporea
2642 4076 2866 4147 quidem
2905 4082 2963 4130 et
3006 4073 3273 4144 spiritalis
3312 4072 3639 4143 substantia,

2065 4180 2180 4227 tum
2234 4169 2534 4240 loquendo,
2597 4177 2713 4224 tum
2766 4167 3001 4239 agendo,
3052 4174 3278 4235 tumque
3332 4165 3499 4221 etiam
3549 4166 3637 4221 sui

2062 4264 2524 4329 consideratione,
2554 4272 2619 4317 ut
2646 4263 2719 4318 sit
2755 4263 2898 4317 bene
2932 4259 3176 4330 impertit
3207 4275 3221 4312 :
3260 4274 3326 4315 ac
3353 4273 3636 4330 corporea,

2066 4354 2152 4411 sui
2178 4352 2446 4409 duntaxat
2465 4361 2764 4424 conspectu
2788 4359 2846 4406 et
2868 4346 3331 4405 consideratione.

455 4602 533 4686 (ὁ)
549 4604 741 4686 (ir-eg,
758 4600 911 4657 Orat.
934 4599 1436 4686 Ia'diempa'talem,
1463 4600 1574 4682 et2
1602 4600 1671 4686 _In
1722 4599 1951 4686 Pascha.
1985 4607 2031 4666 ι)
2057 4616 2440 4686 semper-“esse,
2475 4600 3042 4686 qure_babem‘us.sine
3073 4602 3254 4668 nobis,
3290 4617 3321 4657 a
3350 4601 3638 4686 Deo;_sci-

460 4670 529 4746 '(c’)
571 4670 682 4746 Κᾳῖ
706 4673 933 4736 ἄποιος.
978 4670 1095 4746 Hoc
1130 4670 1399 4746 nimirum
1438 4671 1714 4746 singulare
1753 4671 1956 4746 divinae

381 4739 725 4802 substantiae.
761 4748 825 4794 ut
864 4747 974 4793 tota
1013 4739 1320 4794 substantia
1357 4740 1450 4807 sit,
1497 4739 1647 4795 nulla
1687 4741 1954 4809 qualitate

381 4815 616 4879 imbuta,
660 4812 809 4881 quod
849 4810 1051 4865 creatis
1076 4810 1337 4881 omnibus
1364 4810 1440 4879 ita
1470 4810 1749 4881 convenit,
1791 4820 1853 4865 ut
1884 4812 1955 4867 ab

379 4898 447 4939 ea
468 4878 697 4939 absolvi
712 4881 1031 4938 conditione
1053 4895 1165 4934 non
1194 4878 1432 4949 possint.
1455 4880 1576 4935 Non
1611 4878 1754 4935 bene
1778 4896 1956 4937 novus

383 4968 583 5008 vocum
617 4966 781 5008 cusor
806 4959 972 5020 atque
1016 4947 1249 5020 interpr.
1290 4947 1494 5020 Obsop.
1537 4949 1607 5003 Et
1644 4966 1749 5003 non
1787 4951 1952 5020 facta,

381 5022 549 5078 Gesn.
583 5030 633 5076 et
665 5017 917 5103 aequalia,
942 5019 1093 5087 quod
1117 5017 1253 5072 mihi
1288 5017 1547 5074 licentius
1548 5034 1667 5143 (pro
1690 5017 1842 5074 vocis
1868 5020 1957 5075 in-

384 5093 652 5143 solentia:
674 5089 891 5143 etiamsi
918 5090 1029 5143 vim
1071 5088 1272 5143 Graecae
1297 5089 1451 5143 vocis
1485 5105 1545 5143 re
1589 5089 1722 5143 dere
1757 5090 1956 5143 voluit.

384 5093 652 5157 solentia;
674 5088 891 5146 etiamsi
918 5090 1029 5143 vim
1071 5088 1272 5144 Graeca:
1297 5089 1451 5144 vocis
1485 5088 1722 5143 reddere
1757 5090 1956 5145 voluit.

382 5161 540 5228 Quod
555 5162 776 5216 demum
790 5161 846 5214 in
866 5158 973 5230 line
984 5174 1111 5230 cap.
1130 5166 1236 5230 est,
1250 5158 1324 5221 ὠς
1339 5160 1548 5229 τροπῆς
1563 5159 1661 5211 οὐκ
1679 5159 1958 5230 ἐλευθέρα,

386 5247 511 5301 quae
548 5246 677 5301 vera
706 5231 851 5301 ratio
882 5229 1084 5301 divinae
1108 5228 1181 5301 ⁸ἰιι
1223 5228 1442 5301 omnem
1480 5228 1954 5301 creaturampro-

385 5297 667 5365 videmiae,
691 5299 838 5370 quod
863 5314 975 5354 non
1001 5298 1075 5352 sit
1095 5298 1369 5370 immunis
1388 5312 1418 5352 a
1445 5298 1772 5353 mutatione.
1793 5297 1962 5370 Lepi-

386 5371 493 5425 dus
543 5367 755 5425 scilicet
798 5370 1027 5439 interpr.
1081 5368 1285 5438 Obsop.
1329 5377 1588 5439 tanquam
1628 5384 1734 5422 non
1783 5367 1959 5425 liberte

386 5440 760 5494 conversionis.
794 5437 839 5493 Ο
873 5437 1093 5508 stupor!

461 5510 540 5579 (τί)
590 5510 695 5563 Kal
749 5504 1141 5579 θειιορουΙιιένηξ
1191 5504 1385 5563 Sermo
1428 5506 1631 5579 estde
1689 5508 1931 5563 creaturi

389 5576 804 5635 conferentibus
833 5579 901 5633 ad
927 5579 1097 5633 vitam
1126 5578 1267 5633 bene
1292 5593 1469 5648 exque
1504 5576 1949 5648 virtute_compo~

390 5648 653 5718 nendum,
700 5648 848 5718 quod
907 5648 1112 5717 ubique
1156 5643 1396 5703 Maximo
1429 5656 1514 5703 est
1563 5647 1625 5701 τὸ
1677 5643 1737 5701 εὖ
1791 5643 1952 5709 εἶναι,

390 5716 540 5789 quod
587 5716 758 5773 unum
807 5716 1056 5772 nostrum
1095 5725 1200 5780 est.
1250 5718 1490 5774 medium
1538 5718 1682 5773 inter
1716 5730 1860 5782 esse,
1903 5727 1957 5773 et

2060 4671 2225 4746 teque
2252 4671 2543 4746 distinguit
2581 4672 2649 4746 de
2683 4671 2996 4746 spiritalihct
3026 4673 3354 4746 incorporea
3382 4673 3638 4728 substan-

2061 4741 2160 4809 tia,
2184 4750 2242 4797 et
2266 4741 2338 4796 de
2367 4741 2639 4812 corporali
2665 4758 2681 4807 ;
2706 4742 2853 4811 quod
2886 4743 2978 4797 illa
3013 4741 3230 4798 confert
3255 4756 3511 4797 sermone
3540 4759 3638 4798 seu

2060 4812 2342 4868 locutione
2368 4812 2605 4882 vitaeque
2640 4813 2913 4883 exemplo,
2956 4821 3017 4867 ut
3043 4813 3101 4868 in
3130 4812 3337 4883 angelis
3366 4818 3423 4865 et
3442 4812 3640 4883 bomio

2061 4880 2564 4953 nibus,rquatenus
2598 4891 2655 4937 et
2700 4880 2813 4953 ipsi
2847 4897 3100 4953 sermone
3136 4880 3360 4953 docent,
3400 4880 3641 4953 vitaeque

2062 4950 2329 5021 cxempla‘
2349 4953 2558 5018 edunt;
2592 4951 2805 5006 confert
2836 4952 3026 5021 etiam,
3053 4950 3185 5021 quia
3215 4955 3399 5020 potest
3427 4950 3543 5021 ipsa
3581 4950 3638 5005 in

2059 5037 2119 5077 se
2148 5020 2511 5087 considerari,
2543 5028 2605 5076 ut
2637 5021 2732 5075 Dei
2772 5020 2983 5076 scilicet
3012 5020 3169 5090 opus,
3201 5021 3257 5074 in
3280 5032 3393 5088 quo
3424 5020 3637 5090 eluceat

2058 5092 2329 5162 sapientia
2388 5093 2746 5162 potentiaque
2788 5090 3018 5162 artiﬁcis
3049 5088 3075 5143 Ξ
3133 5106 3244 5162 quo
3297 5088 3637 5162 uno_modo,

2057 5159 2311 5217 conferre
2381 5159 2460 5216 ait
2531 5159 2896 5230 substantiam
2977 5159 3342 5230 corporalem.
3413 5159 3636 5230 Resque

2057 5231 2263 5293 notior,
2301 5246 2466 5299 quam
2497 5239 2558 5286 ut
2584 5229 2763 5285 notari
2799 5229 3009 5299 aliquid
3044 5225 3277 5299 necesse
3311 5227 3499 5292 fuerit,
3527 5225 3635 5282 nisi

2058 5308 2280 5369 cogeret
2311 5298 2516 5370 Obsop.
2551 5307 2744 5370 stupor
2762 5298 2928 5368 atque
2963 5298 3131 5370 Gesn.
3166 5298 3371 5370 quibus
3403 5299 3637 5370 θεωρου-

2061 5367 2196 5439 new.
2224 5378 2311 5424 εει
2331 5367 2718 5439 contemplans,
2754 5376 2806 5439 et
2830 5367 3238 5439 contemplanda
3266 5369 3639 5439 :quasicon-

2068 5437 2349 5507 templatio
2381 5440 2499 5508 ipsa
2538 5437 2717 5493 active
2765 5438 2837 5492 sit
2877 5437 3217 5508 perﬁciendo
3255 5438 3417 5505 alios,
3454 5437 3636 5507 sitque

2064 5509 2289 5632 propria
2314 5507 2636 5563 substantiae
2668 5507 2996 5576 corporalis;
3023 5516 3079 5562 et
3112 5509 3200 5562 illa
3228 5523 3334 5561 una
3365 5509 3434 5563 ad
3464 5508 3635 5560 vitam

2102 5596 2204 5632 ene
2247 5577 2703 5632 componendam.
2744 5577 2862 5632 haec
2912 5578 3073 5631 nobis
3104 5577 3373 5632 conferat.
3404 5592 3533 5632 cum
3580 5582 3633 5630 et

2102 5577 2204 5633 ene
2247 5577 2703 5643 componendam,
2744 5577 2862 5632 haec
2912 5578 3073 5631 nobis
3104 5577 3373 5641 conferat,
3404 5592 3533 5632 cum
3580 5582 3633 5630 et

2064 5661 2215 5716 muta
2239 5647 2329 5713 sit,
2365 5646 2575 5715 ἄλογος,
2606 5663 2710 5702 nec
2744 5646 2980 5716 actionis
3004 5646 3071 5700 ad
3101 5647 3411 5716 exemplum
3441 5659 3632 5716 capax.

2061 5712 2106 5774 0
2130 5718 2256 5775 novi
2285 5712 2496 5774 scilicet
2518 5716 2808 5773 commatis
2822 5714 2892 5773 de
2911 5716 3127 5774 Calvini
3151 5712 3286 5773 hara
3318 5712 3622 5788 theologos:
