4140 6322
555 373 687 444 1051

1683 375 1742 434 8.
1785 369 2071 433 ΜᾹΧΙΜῙ
2112 367 2620 430 CONFESSORIS

3677 368 3808 434 1052

625 485 711 539 1'5.
745 484 816 540 Ut
846 483 1066 556 quidem
1105 483 1315 538 ratione
1356 491 1518 540 utens
1556 500 1618 540 ac
1646 485 1956 554 intelligens
1993 481 2123 537 sub-

2299 488 2384 546 ιγ’.
2425 483 2498 536 Τὸ
2528 483 2627 552 μὲν
2657 483 2742 537 ἀεὶ
2770 482 2907 538 εἶναι
2928 524 2943 549 ,
2997 483 3031 552 ἢ
3068 483 3142 555 μὴ
3170 481 3310 536 εἶναι
3337 481 3433 554 τὴν
3460 483 3686 553 λογικὴν
3716 487 3807 538 καῖ

554 577 756 631 stantia
805 591 1018 644 semper
1055 575 1303 640 exsistat,
1346 587 1441 630 aut
1483 592 1590 629 non
1630 576 1875 640 exsistat,
1919 575 1972 628 in
2004 575 2124 642 ejus

555 669 798 737 positum
824 659 1103 721 voluntate
1148 676 1230 721 est
1278 668 1371 738 qui
1415 669 1599 722 omnia
1635 668 1777 722 bona
1816 665 2063 720 condidit
2107 682 2122 719 :

557 766 620 811 ut
682 767 866 812 autem
924 757 1041 814 haec
1103 758 1270 812 animi
1325 760 1609 828 proposito
1665 759 1807 812 bona
1859 758 1968 812 sint
2032 763 2126 809 aut

555 851 716 913 mala,
742 865 934 904 eorum
965 866 1086 920 qua:
1121 860 1248 906 sunt
1268 851 1491 906 condita
1519 851 1817 905 voluntatis
1845 860 1948 905 est.

624 936 789 1007 “6
821 937 908 990 l4.
947 937 1066 990 Non
1092 937 1238 992 circa
1268 938 1560 991 essentiam
1590 951 1801 999 eorum,
1844 951 1966 1005 qua:
1997 949 2128 989 con-

555 1027 669 1082 dita
703 1037 852 1091 sunt,
885 1029 1086 1082 malum
1115 1028 1517 1092 consideratur,
1541 1027 1638 1082 sed
1675 1027 1821 1080 circa
1845 1035 2125 1081 errantem

555 1130 611 1176 et
634 1121 1004 1175 inconsultum
1033 1129 1262 1175 motum.

553 1276 563 1285 ι
629 1213 714 1267 15.
759 1211 990 1266 Animus
1028 1219 1159 1267 tunc
1187 1229 1253 1267 ex
1282 1213 1494 1268 ratione
1530 1221 1804 1278 movetur,
1841 1229 1964 1268 cum
2008 1215 2128 1284 ejus

554 1318 681 1373 pars
706 1304 1106 1374 concupiscens
1151 1305 1489 1360 continentia
1533 1305 1691 1369 nitet,
1741 1321 1973 1375 parsque
2018 1306 2128 1360 ira-

555 1409 719 1447 scens
747 1394 933 1448 odium
958 1403 1225 1458 aversata,
1249 1395 1530 1448 dilectioni
1553 1395 1736 1449 studet
1762 1412 1775 1448 :
1812 1409 1876 1449 ac
1905 1395 2128 1449 demum

555 1485 788 1540 rationis
847 1485 1100 1549 facultas,
1158 1486 1352 1539 orandi
1404 1485 1726 1540 assiduitate
1780 1501 1846 1540 ac
1896 1485 2128 1556 spiritali

556 1575 1042 1644 contemplatione,
1103 1575 1247 1644 apud
1315 1575 1490 1629 Deum
1549 1590 1798 1641 versans,
1863 1575 1941 1630 illi
1998 1590 2131 1630 eon-

557 1667 782 1721 suescit.

623 1759 707 1814 16.
738 1758 984 1813 Necdum
1018 1758 1310 1827 perfectam
1335 1766 1528 1813 nactus
1549 1766 1633 1813 est
1659 1758 2001 1824 charitatem,
2026 1775 2130 1815 nec

559 1847 761 1903 divina:
784 1849 1152 1904 Providentize
1178 1849 1340 1903 altam
1377 1859 1664 1904 assecutus
1697 1849 2004 1916 scientiam,
2034 1852 2129 1921 qui

559 1939 615 1993 in
667 1948 910 2010 tempore
957 1941 1296 2004 tentationis,
1351 1940 1407 1994 in
1461 1941 1622 1996 malis
1669 1957 1792 2011 qua:
1843 1943 2127 2009 eveniunt,

558 2047 668 2085 non
707 2032 1038 2102 longanimis
1076 2049 1140 2088 ac
1175 2033 1404 2103 prolixae
1429 2033 1708 2104 patientiae
1745 2036 1997 2102 exsistit;
2033 2038 2129 2091 sed

560 2138 591 2177 a
613 2122 843 2193 spiritali
871 2123 1098 2179 fratrum
1129 2125 1424 2180 dilectione
1459 2127 1700 2196 seipsum
1725 2126 2020 2181 abscindit.

632 2216 719 2270 l7.
764 2216 972 2270 Divina:
1008 2215 1373 2271 Providentia
1414 2215 1539 2270 finis
1576 2224 1682 2282 est,
1723 2225 1784 2270 ut
1816 2233 1882 2272 ex
1925 2216 2131 2273 malitia

562 2315 726 2376 atque
749 2307 883 2361 vitio
907 2308 960 2361 in
984 2307 1136 2362 varia
1159 2308 1380 2372 scissos,
1401 2324 1500 2378 per
1521 2317 1726 2363 rectam
1751 2309 1911 2364 fidem
1942 2325 2006 2364 ac
2023 2311 2132 2380 spi-

560 2397 776 2452 ritalem
823 2397 1177 2454 dilectionem
1236 2400 1464 2453 unitatis
1510 2401 1732 2454 vinculo
1767 2403 2126 2473 constringat.

559 2488 685 2544 llaec
705 2490 848 2544 enim
873 2505 1033 2545 causa
1070 2500 1156 2544 est
1193 2506 1291 2545 cur
1323 2490 1572 2546 Salvator
1600 2500 1775 2547 morte
1809 2492 2028 2549 functus
2061 2495 2131 2550 sit

559 2594 622 2634 ac
645 2595 836 2649 passus
868 2598 881 2634 :
919 2581 982 2635 Ut
1005 2581 1101 2636 Dei
1126 2582 1284 2650 ﬁlios,
1322 2585 1410 2654 qui
1445 2583 1664 2654 dispersi
1698 2593 1870 2650 erant,
1908 2603 2128 2658 congre-

558 2681 706 2741 garet
729 2674 782 2725 in
815 2688 976 2727 mnun
1004 2675 1042 2726 ⁸.
1076 2673 1179 2741 Qui
1207 2691 1338 2745 ergo
1371 2676 1601 2731 molesta
1624 2692 1732 2731 non
1767 2678 2002 2732 sustinet
2026 2693 2130 2734 nec

557 2762 756 2818 tolerat
779 2764 978 2830 tristia,
1015 2781 1118 2819 nec
1158 2766 1211 2819 in
1249 2766 1316 2820 iis
1362 2782 1482 2835 qua:
1510 2767 1754 2821 laborem
1792 2769 1995 2824 habent
2029 2786 2127 2839 pa-

558 2853 805 2909 tientiam
841 2866 1044 2921 servat,
1080 2868 1232 2911 extra
1270 2857 1511 2912 divinam
1549 2859 1869 2914 charitatcm
1909 2877 1973 2916 ac
1999 2861 2131 2917 Pro-

556 2944 813 3001 videntia:
838 2946 1002 3002 finem
1032 2949 1295 3003 ambulat.

629 3038 716 3094 l8.
741 3038 878 3094 Cum
906 3041 1138 3095 charitas
1171 3041 1509 3112 longanimis,
1545 3044 1870 3116 benignaque
1910 3062 1972 3099 ac
2003 3063 2129 3102 sua-

2227 575 2417 645 νοεράν
2459 575 2688 640 οὐσίαν,
2751 576 2808 628 ἐν
2851 578 2918 646 τῇ
2969 575 3222 645 βουλήσει
3253 576 3370 627 ἐστὶ
3415 574 3509 626 τοῦ
3538 573 3608 627 τά
3633 576 3806 630 πάντα

2227 665 2364 718 καλά
2388 666 2905 739 δημιουργήσαντος·
2940 667 3002 720 τὸ
3025 668 3082 720 δὲ
3109 666 3288 734 ἀγαθά
3313 666 3484 719 ταῦτα
3506 664 3643 719 εἶναι
3672 669 3808 720 κατά

2227 759 2548 831 προαίρεσιν
2573 759 2607 830 ἢ
2641 760 2839 830 φαῦλα,
2894 763 2952 814 ἐν
2975 761 3054 831 τῷ
3075 760 3343 831 θελήματι
3368 759 3476 813 τῶν
3509 760 3805 828 γεγονότων

2229 851 2484 920 ὑπάρχει.
3273 889 3282 896 ,.

2300 944 2378 995 ιδ’.
2438 943 2512 994 Ob
2548 943 2678 1013 περὶ
2706 943 2806 1012 τὴν
2834 943 3024 996 οὐσίαν
3055 941 3163 994 τῶν
3190 938 3514 1011 γεγονότων,
3547 942 3610 994 τὸ
3641 941 3807 996 κακὸν

2229 1031 2516 1102 θεωρεῖται
2543 1051 2556 1064 ·
2593 1034 2727 1088 ἀλλά
2757 1033 2887 1086 πεοὶ
2913 1033 3012 1104 τὴν
3037 1032 3379 1103 ἐσφαλμένην
3410 1033 3505 1086 καὶ
3527 1032 3808 1102 ἀλόγιστον

2227 1124 2464 1196 κίνησιν.

2303 1224 2382 1270 ιε’.
2445 1217 2697 1288 Εὑλόγως
2729 1223 2959 1274 κινεῖται
2990 1222 3023 1292 ἠ
3055 1219 3202 1290 ψυχὴ
3225 1261 3238 1284 ,
3297 1219 3424 1272 ὅταν
3462 1218 3522 1272 τὸ
3553 1218 3652 1287 μὲν
3682 1219 3802 1270 ἐπι-

2230 1307 2530 1379 θυμητικὸν
2559 1312 2729 1380 αὑτῆς
2761 1314 2826 1382 τῇ
2859 1311 3156 1384 ἐγκρατείᾳ
3181 1311 3508 1363 πεποίωται·
3541 1309 3602 1363 τὸ
3629 1309 3688 1363 δέ
3715 1309 3806 1362 θυ-

2234 1397 2412 1468 μικὸν,
2467 1399 2568 1468 τῆς
2590 1401 2810 1469 ἀγάπης
2838 1402 3143 1472 ἀντέχεται,
3190 1403 3250 1455 τὸ
3275 1405 3432 1471 μῖσος
3461 1402 3806 1472 ἀποστρεφό-

2233 1506 2393 1560 μενον
2415 1505 2430 1520 ο
2483 1491 2624 1566 τὸ.δέ
2654 1490 2959 1560 λογιστικὸν
2979 1533 2993 1556 ,
3041 1492 3180 1562 πρὸς
3206 1493 3296 1544 τὸν
3323 1491 3457 1545 Θεὸν
3487 1491 3686 1560 διάγει,
3723 1492 3810 1545 διὰ

2231 1583 2538 1654 προσευχῆς
2573 1583 2668 1637 καὶ
2696 1584 2928 1654 θεωρίας
2956 1586 3354 1656 πνευματικῆς.

2306 1764 2399 1822 ις’.
2460 1756 2626 1811 Οὔπω
2667 1757 2782 1828 ἔχει
2822 1758 3032 1812 τελείαν
3061 1759 3280 1830 ἀγάπην
3305 1799 3319 1822 ,
3375 1759 3495 1812 οὖδέ
3527 1758 3626 1828 τῆς
3657 1757 3811 1822 θείας

2232 1849 2497 1920 Προνοίας
2543 1849 2683 1903 κατά
2727 1848 2888 1918 βάθος
2920 1849 3018 1920 τὴν
3045 1849 3246 1917 γνῶσιν
3269 1889 3283 1913 ,
3337 1851 3366 1902 ὁ
3405 1852 3462 1902 ἐν
3489 1848 3665 1918 καιρῷ
3693 1866 3814 1901 πειο

2233 1940 2443 2013 ρασμοῦ
2482 1941 2557 2011 μὴ
2589 1939 2956 2009 μακροθυμῶν
2995 1942 3084 1993 ἐπὶ
3107 1943 3220 2004 τοῖς
3243 1941 3602 2011 συμϐαίνουσι
3627 1940 3809 2008 λυπη-

2234 2036 2348 2104 ροῖς
2373 2047 2386 2062 '
2443 2031 2558 2086 ἀλλ’
2579 2032 2906 2086 ἀποκόπτων
2935 2031 3126 2085 ἑαυτὸν
3159 2033 3256 2103 τῆς
3283 2032 3392 2087 τῶν
3422 2031 3812 2102 πνευματικῶν

2229 2125 2474 2194 ἀδελφῶν
2499 2125 2742 2196 ἀγάπης.

2304 2217 2387 2282 ιζ’.
2426 2217 2634 2280 Σκοπὸς
2666 2216 2767 2286 τῆς
2795 2215 2946 2279 θείας
2974 2214 3267 2286 Προνοίας,
3314 2219 3395 2279 τό,
3425 2216 3548 2285 τοὺς
3580 2215 3687 2269 ὑπὸ
3713 2217 3810 2285 τῆν

2231 2307 2431 2370 κακίας
2479 2306 2740 2368 ποικίλως
2779 2305 3188 2375 διεσχισμένους
3211 2345 3224 2369 ,
3278 2303 3368 2357 διὰ
3397 2304 3494 2375 τῆς
3518 2304 3689 2375 ὀρθῆς
3722 2304 3808 2357 πί-

2232 2415 2400 2461 στεως
2454 2397 2548 2452 καὶ
2601 2397 2977 2467 πνευματικῆς
3016 2396 3235 2467 ἀγάπης
3273 2396 3558 2448 ἐνοποιεῖν.
3633 2395 3809 2463 Εἴπερ

2228 2491 2315 2545 διά
2358 2489 2514 2543 τοῦτο
2558 2489 2826 2542 πέπονθεν
2871 2492 2900 2544 ὁ
2943 2488 3134 2560 Σωτὴρ
3159 2527 3173 2550 ,
3230 2489 3354 2542 Ἵνα
3388 2487 3460 2541 τὰ
3489 2488 3671 2541 τέκνα
3709 2487 3811 2541 τοῦ

2232 2581 2378 2638 Θεοῦ
2406 2581 2479 2635 τὰ
2504 2579 3028 2650 διεσκορπισμένα,
3053 2577 3364 2648 συναγάγῃ
3391 2579 3478 2644 εις
3502 2577 3592 2630 ἓν.
3631 2577 3695 2630 Ὁ
3722 2573 3810 2630 οὖν

2233 2674 2306 2744 μὴ
2334 2674 2539 2741 στέγων
2570 2672 2636 2726 τὰ
2661 2672 2894 2743 ὀχληρά,
2933 2671 3067 2742 μηδὲ
3097 2670 3273 2742 φέρων
3302 2670 3369 2722 τά
3393 2669 3634 2740 λυπηρά,
3677 2669 3810 2740 μηδὲ

2231 2765 2514 2834 ὑπομένων
2565 2762 2633 2815 τά
2677 2763 2931 2830 ἐπίπονα,
2985 2760 3141 2824 ἐκτὸς
3171 2759 3270 2828 τῆς
3299 2759 3448 2822 θείας
3471 2758 3694 2828 ἀγάπης
3721 2757 3810 2811 καὶ

2228 2856 2320 2911 τοῦ
2355 2853 2556 2910 σκοποῦ
2581 2855 2678 2924 τῆς
2707 2854 2968 2926 Προνοίας
2988 2853 3307 2924 περιπατεῖς

2301 3044 2390 3108 ιη’.
2444 3037 2506 3090 Et
2553 3036 2591 3104 ἡ
2630 3033 2836 3104 ἀγάπη
2871 3029 3241 3102 μακροθυμεῖ
3276 3029 3371 3084 καὶ
3396 3029 3810 3098 χρηστεύεται,

557 3129 633 3183 vis
662 3130 729 3183 sit
767 3129 810 3194 δ,
840 3131 933 3200 qui
961 3147 1130 3201 parvo
1164 3147 1228 3187 ac
1268 3133 1480 3204 dejeeto
1521 3136 1706 3190 animo
1749 3145 1832 3191 est
1874 3137 1929 3191 in
1969 3139 2125 3194 malis

2232 3130 2258 3183 ὀ
2305 3126 2641 3198 ὀλιγοψυχῶν
2694 3125 2786 3178 ἐπὶ
2829 3127 2942 3187 τοῖς
2985 3122 3339 3194 συμϐαίνουσι
3371 3122 3667 3193 λυπηροῖς,
3722 3121 3812 3175 καὶ

563 3234 684 3288 qua:
714 3221 992 3286 accidunt,
1026 3239 1258 3293 eamque
1283 3225 1354 3278 ob
1394 3242 1508 3280 rem
1545 3227 1781 3298 maligne
1812 3229 1923 3300 agit
1950 3230 2004 3284 in
2035 3247 2131 3286 eos

561 3311 655 3380 qui
683 3311 889 3380 aliquid
917 3313 1195 3378 Luserunt,
1221 3331 1285 3370 ac
1305 3331 1362 3371 se
1387 3333 1418 3370 a
1443 3318 1731 3385 charitate,
1754 3335 1875 3389 qua:
1898 3329 1981 3375 est
2004 3337 2130 3392 erga

562 3401 703 3467 illos,
759 3403 1064 3470 abscindit;
1120 3406 1394 3475 quomodo
1442 3424 1474 3463 a
1519 3407 1718 3464 divina:
1769 3410 2132 3467 Providentia:

561 3493 670 3548 fine
696 3510 802 3548 non
834 3495 1072 3550 excidit?

634 3586 722 3640 l9.
759 3587 990 3642 Attende
1018 3587 1139 3652 tibi,
1176 3604 1238 3644 ac
1267 3604 1418 3655 cave,
1455 3607 1524 3646 ne
1551 3590 1693 3647 forte
1728 3593 1874 3662 quod
1907 3601 1961 3649 te
1994 3594 2126 3648 diri-

564 3671 664 3726 mit
689 3689 719 3726 a
750 3673 915 3728 fratre
948 3675 1171 3739 malum,
1203 3693 1314 3731 non
1341 3679 1396 3732 in
1433 3679 1546 3743 illo,
1576 3681 1672 3736 sed
1705 3681 1761 3736 in
1795 3691 1846 3738 te
1883 3683 2131 3740 invenia-

562 3772 683 3831 tur;
724 3780 787 3819 ac
819 3766 977 3821 stude
1023 3768 1132 3822 cito
1177 3768 1254 3822 illi
1299 3771 1663 3836 reconciliari,
1695 3788 1764 3828 ne
1802 3789 1834 3828 a
1875 3775 2132 3830 mandato

495 3869 502 3876 '
563 3857 783 3911 excidas
808 3858 1112 3914 charitatis.

631 3945 722 4000 20.
757 3946 899 4002 Cave
947 3959 1282 4020 praeceptum
1335 3951 1617 4008 charitatis
1662 3952 1952 4024 despicias,
1991 3973 2132 4026 quo-

559 4037 708 4091 niam
751 4054 850 4106 per
895 4039 1074 4108 ipsum
1125 4041 1222 4095 Dei
1269 4041 1414 4098 filius
1457 4045 1569 4099 eris
1604 4062 1618 4098 :
1669 4047 1896 4117 ejusque
1935 4049 2132 4120 .violati

564 4143 712 4192 reus,
742 4129 884 4185 filius
913 4131 1174 4200 gehennae
1210 4134 1529 4190 invenieris.

627 4221 719 4275 21.
767 4219 891 4276 llzec
933 4222 1048 4277 fere
1085 4232 1214 4278 sunt
1241 4240 1364 4294 quae
1393 4226 1462 4279 ab
1501 4225 1805 4281 amicorum
1835 4227 2132 4284 dilectione

563 4309 910 4381 disjungunt;
945 4313 1192 4368 invidere
1231 4322 1328 4369 aut
1359 4317 1632 4372 sustinere
1661 4319 1945 4385 invidiam,
1972 4319 2132 4374 dam-

564 4414 692 4454 num
724 4401 902 4456 facere
935 4411 1030 4456 aut
1057 4403 1188 4472 pati,
1222 4405 1424 4473 probro
1457 4407 1658 4462 habere
1693 4417 1787 4462 aut
1820 4410 2040 4478 haberi;
2067 4427 2131 4466 ac

2231 3221 2319 3275 διά
2344 3220 2501 3274 τοῦτο
2525 3217 2956 3289 πονηρευόμενος
2980 3217 3073 3270 ἐπὶ
3097 3217 3209 3278 τοῖς
3235 3215 3510 3284 λυπήσασι
3530 3254 3544 3276 ,
3590 3213 3693 3267 καὶ
3715 3215 3812 3284 τῆς

2233 3313 2369 3384 πρδς
2415 3311 2610 3374 αὐτοὺς
2655 3309 2876 3378 ἀγάπης
2915 3306 3108 3360 ἐαυτὸν
3140 3299 3503 3370 ἀπδκόπτων,
3564 3304 3687 3368 πῶς
3718 3301 3810 3357 τοῦ

2233 3403 2436 3457 σκοποῦ
2467 3400 2570 3470 τῆς
2597 3401 2746 3463 θείας
2779 3398 3040 3467 Προνοίας
3067 3397 3167 3450 οὐκ
3191 3397 3470 3451 ἐκπίπτει.

2303 3576 2418 3632 ιο’.,
2450 3575 2692 3645 Πρόσεχε
2748 3574 2990 3644 σεαυτῷ,
3046 3575 3256 3646 μήποτε
3303 3574 3336 3640 ἡ
3389 3572 3701 3642 χωρίζουσά
3755 3589 3811 3624 σε

2231 3667 2294 3720 ἐκ
2320 3665 2414 3718 τοῦ
2441 3666 2670 3734 ἀδελφοῦ
2701 3665 2890 3729 κακία,
2926 3666 3023 3718 οὐκ
3057 3667 3114 3718 ἐν
3141 3664 3218 3734 τῷ
3244 3664 3478 3732 ἀδελφῷ·
3509 3662 3625 3716 ἀλλ’
3650 3665 3710 3716 ἐν
3735 3665 3814 3717 σοὶ

2231 3761 2554 3831 εὑρίσκηται
2573 3777 2585 3789 ’
2643 3759 2738 3814 καὶ
2763 3760 2997 3813 σπεῦσον
3022 3758 3169 3828 αὐτῷ
3196 3758 3568 3827 διαλλαγῆναι,
3607 3757 3699 3811 ἵνα
3729 3757 3804 3828 μὴ

2230 3852 2329 3922 τῆς
2357 3852 2576 3922 ἐντολῆς
2607 3852 2708 3922 τῆς
2733 3852 2954 3920 ἀγάπης
2979 3850 3238 3920 ἐκπέσῃς.

2304 3948 2376 3998 κ’.
2435 3943 2526 4013 Μὴ
2569 3943 2982 4012 καταφρονήσῃς
3033 3941 3133 4010 τῆς
3171 3939 3389 4009 ἐντολῆς
3437 3939 3535 4005 τῆς
3568 3940 3810 4008 ἀγάπης,

2229 4036 2312 4090 ὅτι
2363 4036 2430 4089 δι’
2465 4035 2634 4104 αὐτῆς
2689 4036 2803 4099 υίὸς
2827 4033 2962 4088 Θεοῦ
2991 4034 3118 4106 ἔσῃ·
3186 4036 3252 4106 ἢν
3281 4033 3659 4104 παραϐαίνων,
3703 4034 3813 4096 υίὸς

2231 4129 2457 4198 γεέννης
2486 4129 2752 4200 εὑρεθήσῃ
2769 4170 2787 4189 ,

2283 4217 2407 4276 ’κα’.
2469 4221 2550 4274 Τά
2599 4219 2902 4290 χωρίζοντα
2947 4219 3048 4289 τῆς
3087 4217 3196 4271 τῶν
3222 4218 3390 4287 φίλων
3419 4218 3665 4288 ἀγάπης,
3711 4218 3813 4271 eici.

2229 4311 2404 4364 ταῦτα
2481 4310 2543 4363 τὸ
2567 4311 2802 4378 φθονεῖν,
2851 4310 3243 4380 ’ἢφθονεῖσθαι⁸
3279 4310 3340 4362 τὸ
3365 4308 3620 4380 ζημιοῦν,
3655 4310 3688 4380 ἦ
3720 4311 3812 4378 ζη-

2235 4402 2522 4474 μιοῦσθαι⁹
2584 4401 2645 4455 τὸ
2699 4402 3024 4473 ἀτιμάζειν,
3081 4402 3112 4472 ἢ
3164 4401 3562 4472 ἀτιμάζεσθαι,
3628 4403 3719 4455 καὶ
3768 4403 3813 4454 oi

562 4507 697 4560 quas
757 4492 1095 4562 suspiciosus
1153 4496 1368 4550 animus
1435 4499 1678 4556 rationes
1727 4501 1991 4556 obtrudit.
2052 4502 2130 4556 Ne

2236 4497 2295 4562 ἐξ
2331 4495 2583 4559 ὑπονοίας
2616 4495 2882 4566 λογισμοί.
2916 4494 3142 4563 Μήποτε
3173 4491 3265 4548 οὖν
3295 4495 3522 4565 ἐδρασάς
3554 4513 3608 4548 τι
3641 4494 3814 4548 τοιοῦ-

561 4580 701 4635 forte
733 4582 898 4652 igitur
922 4583 1126 4652 aliquid
1158 4586 1426 4658 ejusmodi
1467 4589 1669 4658 egeris,
1707 4590 1793 4644 vel
1820 4606 2013 4660 passus
2036 4593 2133 4658 sis,

561 4687 793 4741 eamque
826 4673 898 4727 ob
924 4689 1038 4728 rem
1062 4675 1130 4730 ab
1156 4677 1318 4730 amici
1357 4677 1654 4733 dilectione
1686 4679 2023 4748 abjungeris.

632 4765 720 4819 22.
746 4765 962 4821 Accidit
980 4767 1102 4832 tibi,
1128 4767 1295 4823 fratre
1324 4777 1568 4832 auctore,
1594 4769 1860 4823 nonnulla
1885 4771 2136 4839 tentatio,

561 4866 968 4927 conccptusque
998 4857 1156 4912 dolor
1187 4859 1244 4912 in
1281 4858 1469 4912 odium
1508 4859 1744 4928 impulit.
1782 4859 1925 4915 Cave
1955 4877 2024 4917 ne
2066 4864 2137 4918 ab

561 4949 689 5005 odio
712 4951 972 5015 vincatis,
1014 4950 1110 5006 sed
1133 4951 1294 5005 vince
1327 4951 1512 5005 odium
1542 4951 1594 5005 in
1623 4951 1910 5009 cbaritate.
1948 4955 2018 5012 Ut
2040 4972 2137 5011 au-

562 5049 673 5098 tem
698 5044 908 5108 vincas,
955 5042 1031 5096 ita
1071 5041 1292 5097 demum
1335 5041 1448 5106 fiet,
1492 5042 1538 5097 si
1575 5058 1704 5098 vere
1735 5060 1803 5098 ex
1842 5045 2026 5101 animo
2067 5047 2135 5102 ad

562 5131 733 5187 Deum
762 5148 862 5202 pro
895 5148 963 5186 eo
995 5131 1262 5198 oraveris,
1311 5131 1473 5204 447
1515 5134 1744 5204 ejusque
1781 5133 1899 5204 ipse
1942 5136 2136 5191 defen-

562 5223 771 5279 sionem
801 5224 1145 5294 susceperis;
1177 5239 1241 5278 ac
1284 5234 1398 5279 tum
1438 5223 1530 5279 illa
1564 5241 1690 5280 eum
1726 5225 1980 5292 delinias,
2019 5236 2134 5282 tum

564 5316 796 5386 teipsum
845 5317 1165 5372 tentationis
1195 5327 1479 5373 auctorem
1508 5316 1818 5382 arbitreris,
1845 5317 2009 5388 longa
2042 5333 2138 5388 pa-

559 5408 756 5463 tientia
822 5409 1024 5475 ferens,
1087 5411 1265 5465 donec
1321 5411 1498 5466 nubes
1558 5410 1662 5464 ista
1729 5410 2137 5480 obscurumque

567 5501 874 5557 transierit.

641 5617 663 5650 ⁸
701 5619 858 5675 Joan.
885 5637 960 5685 χι,
989 5623 1076 5676 52.
1153 5621 1220 5676 ⁸1
1251 5621 1378 5678 Cor.
1424 5639 1539 5688 xm,
1577 5624 1631 5678 4.

2234 4605 2327 4642 τον
2354 4587 2387 4659 ἦ
2419 4586 2712 4649 πέπονθας,
2749 4588 2844 4640 καὶ
2873 4586 2962 4639 διὰ
2987 4586 3144 4640 τοῦτο
3169 4587 3270 4658 τῆς
3296 4585 3389 4640 τοῦ
3417 4587 3568 4656 φίλου
3599 4588 3814 4657 ἀγάπης

2236 4678 2445 4751 χωρίζῃ
2474 4679 2634 4750 [unus
2657 4679 2781 4749 Reg.
2814 4678 3180 4752 ἀποχωρίζῃι.

2307 4769 2411 4840 κβ’.
2473 4770 2678 4840 Συνέϐη
2730 4787 2814 4822 σοι
2861 4769 3167 4841 πειρασμὸς
3199 4770 3262 4823 ἐκ
3291 4767 3384 4822 τοῦ
3420 4769 3651 4837 ἀδελφοῦ
3677 4809 3691 4832 ,
3729 4767 3815 4821 καὶ

2237 4861 2271 4931 ἠ
2293 4861 2438 4930 λύπη
2468 4861 2548 4923 είς
2573 4861 2728 4930 μῖσός
2759 4851 2820 4912 σέ
2845 4860 3041 4930 ἤγαγε.
3077 4859 3165 4930 Μὴ
3200 4859 3335 4912 νικῶ
3363 4859 3462 4912 ὑπὸ
3482 4859 3576 4913 τοῦ
3603 4860 3813 4929 μίσους,

2237 4952 2374 5006 ἀλλά
2401 4951 2528 5006 νίκα
2559 4953 2616 5005 ἐν
2647 4954 2712 5022 τῇ
2740 4951 2925 5023 ἀγάπῃ
2957 4952 3016 5005 τὸ
3048 4955 3224 5022 μῖσος.
3261 4951 3524 5021 Νικήσεις
3545 4951 3600 5002 δέ
3629 4951 3816 5020 τρόπῳ

2238 5043 2494 5116 τοιούτῳο
2550 5044 2988 5116 προσευχόμενος
3030 5043 3169 5114 ὑπὲρ
3211 5042 3376 5097 αὑτοῦ
3412 5043 3650 5114 γνησίως
3684 5042 3816 5111 πρὸς

2237 5137 2329 5191 τὸν
2353 5137 2486 5190 Θεόν
2504 5153 2518 5168 ·
2569 5137 2670 5206 τήν
2696 5153 2756 5187 τε
2788 5134 3082 5203 ἀπολογίαν
3106 5134 3272 5186 αὑτοῦ
3299 5133 3586 5202 δεχόμενος
3607 5149 3620 5162 ·
3659 5133 3692 5203 ἢ
3725 5131 3814 5184 καὶ

2238 5229 2399 5293 αὐτὸς
2433 5228 2520 5281 διά
2546 5227 2750 5295 ταύτης
2777 5228 2938 5281 αὑτὸν
2963 5225 3303 5297 θεραπεύων,
3355 5227 3451 5280 καὶ
3481 5225 3707 5278 σεαυτὸν
3729 5224 3812 5277 αῖ-

2243 5337 2357 5376 τιον
2403 5317 2496 5372 τοῦ
2539 5318 2846 5389 πειρασμοῦ
2873 5318 3222 5388 λογιζόμενος
3249 5358 3264 5384 ,
3324 5318 3416 5370 καὶ
3447 5315 3814 5389 μακροθυμῶν

2251 5413 2446 5484 μέχρις
2473 5405 2534 5466 οὗ
2567 5411 2814 5482 παρέλθῃ
2842 5410 2904 5464 τὸ
2930 5410 3108 5481 νέφος.

570 5734 779 5806 quisic
813 5737 982 5790 sacris
1009 5737 1373 5806 profanisque
1414 5738 1757 5806 sapientibus
1805 5737 2047 5794 inaudita
2081 5753 2143 5793 ac
2181 5751 2282 5792 nec
2305 5735 2488 5806 stipite
2519 5734 2701 5806 digna,
2739 5728 2955 5786 Maximi
3020 5726 3350 5784 confessoris
3411 5724 3629 5780 nomine
3653 5720 3816 5793 (tanti

571 5805 784 5864 scilicet
803 5805 1053 5861 nominis
1082 5805 1344 5878 theologi)
1376 5805 1658 5879 ingerantl
