4140 6322
337 387 477 455 1053

1214 384 1548 447 CAPITUM
1584 345 1684 443 De
1720 378 2150 442 CHARITATE
2187 380 2575 445 CENTURIA
2612 379 2713 441 Iv.

3454 358 3584 427 105i

402 508 511 569 κγ’.
546 496 914 571 Μακρόθυμός
979 499 1151 562 ἐστιν,
1183 498 1213 550 ὀ
1259 501 1326 553 τό
1363 499 1517 560 τέλος
1561 494 1916 566 ἐκδεχόμενος

2087 498 2177 555 εδ.
2228 494 2582 568 Longammis
2638 487 2971 560 prolixaeque
3015 475 3295 553 patientiae
3337 481 3443 539 est,
3495 470 3588 541 qui

330 593 431 737 *ἓξ
454 588 788 662 πειρασμοῦ,
815 589 912 643 καὶ
937 588 998 643 τὸ
1018 586 1284 658 καύχημα
1310 587 1413 657 τῆς
1440 585 1741 657 καρτερίας
1772 582 1915 654 λαμ-

415 701 543 736 νων.

415 701 523 736 νων
530 722 543 734 .

410 778 509 831 κδ’.
556 773 740 842 Ἀνὴρ
784 774 1170 843 μακρόθυμος
1192 811 1209 837 ,
1241 770 1437 836 πολὺς
1462 769 1534 823 ἐν
1580 766 1873 839 φρονήσει
1899 782 1913 799 ο

342 874 424 926 ὅτι
455 867 636 921 πάντα
684 864 754 918 τὰ
803 863 1169 933 συμϐαίνοντα
1198 863 1290 916 ἐπὶ
1327 861 1390 914 τὸ
1437 860 1588 925 τέλος
1631 858 1915 931 ἀναφέρειο

344 960 565 1015 κάκεῖνο
610 953 943 1024 περιμένων,
973 952 1225 1023 ἀνέχεται
1278 950 1388 1004 τῶν
1419 950 1561 1018 λυπη
1573 946 1704 1020 ρῶν.
1749 947 1821 1001 Τὸ
1850 943 1918 998 δὲ

343 1050 521 1115 τέλος
547 1046 701 1109 ἐστὶ,
733 1044 845 1113 ζωὴ
877 1042 1135 1109 αιώνιος,
1165 1040 1307 1097 κατὰ
1351 1040 1445 1094 τὸν
1486 1040 1629 1093 θεῖον
1663 1037 1921 1090 Ἀπόστο-

344 1142 456 1195 λον.
472 1139 632 1207 Αὕτη
661 1136 729 1191 δέ
751 1137 923 1190 ἐστιν
946 1134 984 1200 ἢ
1010 1132 1246 1199 αίώνιος
1275 1130 1415 1200 ζωὴ,
1437 1131 1542 1187 ἵνα
1576 1125 1922 1199 γινώσκωσι

346 1249 420 1288 σε
450 1232 555 1285 τὸν
578 1229 771 1299 μόνον
797 1224 1091 1294 ἀληθινὸν
1128 1223 1298 1289 Θεὸν,
1323 1222 1419 1278 καί
1451 1221 1525 1276 ὃν
1554 1219 1923 1285 ἀπέστειλας

361 1321 606 1392 Ἰησοῦν
633 1320 912 1388 Χριστόν.

419 1419 517 1465 κε’.
554 1409 647 1481 Μὴ
699 1407 918 1470 εὔκολος
969 1405 1198 1459 ἔσο-ἐπὶ
1252 1403 1490 1474 ἀποϐολῇ
1545 1399 1923 1472 πνευματικῆς

348 1505 591 1572 ἀγάπης,
624 1499 757 1553 διότι
789 1498 922 1567 άλλη
977 1494 1251 1568 σωτηρίας
1283 1493 1402 1558 ὁδὸς
1420 1493 1519 1565 οὐχ
1544 1490 1926 1547 ὑπολέλειπται

350 1598 466 1659 τοῖς
489 1592 815 1664 ἀνθρώποις.

425 1693 537 1752 κς¹.
563 1685 656 1755 Μὴ
677 1683 769 1737 τὸν
794 1681 922 1753 χθὲς
952 1676 1322 1749 πνευματικὸν
1353 1673 1581 1745 ἀδελφὸν
1618 1672 1715 1726 καὶ
1740 1669 1930 1742 ἐνάρε-

353 1797 446 1835 τον
475 1778 607 1850 (⁸56),
628 1776 716 1830 διὰ
743 1774 803 1827 τὸ
828 1776 886 1827 ἐν
910 1771 991 1825 σοὶ
1024 1773 1264 1841 σήμερον
1308 1765 1370 1831 ἐξ
1413 1763 1677 1837 ἐπηρείας
1696 1761 1803 1816 -τοῦ
1831 1778 1929 1815 πο-

359 1889 427 1940 νη
438 1849 531 1941 ροῦ
555 1864 906 1936 ἐγγινόμενον
935 1863 1112 1932 μῖσος,
1132 1859 1285 1929 κρῖνε
1314 1854 1516 1925 φαῦλον
1537 1855 1630 1909 καὶ
1652 1849 1888 1921 πονηρόν
1910 1867 1924 1881 ·

359 1937 498 2016 ἀλλὰ
541 1956 630 2011 διὰ
660 1953 761 2025 τῆς
815 1947 1275 2023 μακροθυμούσης
1322 1943 1545 2013 ἀγάπης
1588 1942 1658 1995 τὰ
1708 1937 1933 2010 χθεσινά

360 2050 503 2106 καλὰ
533 2044 898 2117 λογιζόμενος,
921 2042 983 2095 τὸ
1013 2041 1253 2112 σήμερον
1285 2038 1440 2110 μῖσος
1464 2034 1565 2105 τῆς
1593 2032 1772 2104 ψυχῆς
1794 2029 1934 2085 ἀπό-

361 2143 512 2198 σαλε.

430 2233 537 2299 κζ’.
575 2231 668 2302 Μὴ
698 2229 758 2284 ὃν
786 2227 1007 2299 ἐπῄνεις
1038 2229 1162 2297 χθὲς
1190 2226 1263 2286 ὡς
1284 2218 1474 2285 καλὸν,
1504 2216 1600 2271 καὶ
1629 2213 1935 2286 ἐνεκωμία-

340 2327 456 2391 ’ζες
487 2322 565 2386 ὡς
613 2301 889 2389 ἐνάρετον,
923 2316 1160 2385 σήμερον
1206 2311 1281 2374 ὡς
1314 2307 1519 2380 φαῦλον
1570 2305 1667 2359 καὶ
1700 2301 1936 2374 πονηρὸν

365 2412 766 2483 κακολογήσῃς,
786 2409 873 2463 διὰ
903 2407 1003 2478 τὴν
1032 2406 1131 2472 σὴν
1152 2403 1211 2470 ἐξ
1239 2402 1458 2471 ἀγάπης
1484 2400 1564 2461 είς
1593 2399 1749 2468 μῖσος
1780 2411 1939 2465 μετα-

366 2505 528 2576 ϐολὴν
558 2502 650 2556 τὸν
668 2500 774 2554 ’τοῦ
806 2495 1036 2568 ἀδελφοῦ
1058 2494 1225 2565 ψόγον
1246 2532 1261 2555 ,
1286 2489 1579 2558 ἀπολογίαν
1611 2486 1704 2541 τοῦ
1752 2487 1811 2538 ἐν
1855 2484 1937 2537 σοὶ

368 2595 607 2669 πονηροῦ
666 2594 858 2666 μίσους
891 2589 1211 2660 ποιούμενος
1233 2601 1249 2616 ο
1277 2585 1416 2670 ἀλλά
1463 2586 1576 2646 τοῖς
1626 2582 1810 2643 αὐτοῖς
1845 2579 1939 2648 ἐγ-

364 2690 600 2761 κωμίοις
626 2687 926 2757 ἐπίμεινον,
957 2681 1060 2736 κᾶν
1090 2679 1171 2733 ἔτι
1204 2669 1309 2733 ὑπὸ
1338 2677 1434 2746 τῆς
1454 2674 1633 2743 λύπης
1659 2669 1935 2740 κεκράτη-

370 2800 480 2848 σαι,
520 2779 614 2835 καὶ
667 2779 747 2843 είς
797 2775 897 2848 τὴν
950 2770 1225 2843 σωτηρίαν
1278 2766 1500 2836 ἀγάπην
1551 2761 1796 2833 εὐχερῶς
1836 2762 1937 2813 ἐπ-

367 2873 596 2947 ανέρχῃ.

718 2963 810 3017 τδν
860 2957 1064 3030 συνήθη
1109 2956 1204 3011 τοῦ
1244 2950 1489 3020 ’ἀδελφοῦ
1528 2948 1751 3003 ἔπαινον
1783 2943 1897 3016 (37)
1922 2985 1937 3010 ,

367 3061 459 3118 διὰ
483 3060 582 3133 τὴν
610 3058 690 3112 ἔτι
714 3059 773 3111 ἐν
820 3054 905 3108 σοὶ
952 3051 1088 3122 πρὸς
1126 3047 1290 3102 αὑτὸν
1318 3044 1669 3115 ὑπάρχουσαν
1697 3054 1943 3107 κεκρυμ-

2014 589 2335 648 tentationis
2353 563 2701 659 praestolatur
2720 579 2903 642 ﬁnem,
2923 590 2987 630 ac
3007 568 3346 628 sustinentiae
3363 563 3589 636 gloriam

2015 685 2205 741 refert.
2806 674 2807 677 “

2038 776 2049 785 '
2085 779 2179 834 24.
2214 776 2304 831 Vir
2340 770 2679 844 longanimis,
2713 762 2908 820 multus
2938 762 2993 815 in
3028 752 3305 829 prudentia
3336 750 3357 782 '
3389 765 3405 815 ;
3442 741 3590 817 quod

2018 872 2231 929 scilicet
2258 866 2444 922 omnia
2473 879 2596 934 quae
2636 858 2714 915 illi
2745 854 3028 915 eveniunt,
3076 849 3132 902 in
3178 846 3342 899 tinem
3388 839 3587 902 refert;

2018 960 2278 1027 illiusque
2318 950 2748 1025 exspectatione,
2773 954 3044 1000 aerumnas
3088 935 3337 1003 malaque
3374 928 3587 985 suffert.

2020 1047 2164 1102 Finis
2194 1055 2393 1109 autem,
2418 1019 2499 1096 est
2522 1041 2627 1094 vita
2656 1045 2874 1098 alterna,
2910 1036 2971 1085 ut
3004 1025 3173 1083 sentit
3203 1022 3424 1077 divinus
3451 1019 3595 1086 Apo-

2021 1141 2197 1197 stolus
2224 1138 2264 1191 ⁶.
2303 1136 2427 1191 Haec
2453 1142 2527 1188 est
2549 1138 2725 1185 autem
2743 1129 2851 1182 vita
2884 1130 3105 1181 aeterna,
3126 1127 3183 1170 ut
3208 1115 3522 1184 cognoscant
3546 1116 3595 1161 te

2021 1233 2196 1290 solum
2247 1230 2416 1285 Deum
2460 1239 2662 1288 verum,
2705 1227 2754 1274 et
2797 1232 2950 1289 quem
2989 1210 3177 1266 misisti
3215 1206 3395 1261 Iesum
3442 1197 3595 1256 Chri-

2027 1336 2168 1383 stum
2193 1327 2239 1378 ".

2212 1415 2356 1472 Cave
2383 1407 2645 1482 spiritalis
2677 1399 2987 1460 dilectionis
3017 1397 3286 1466 iacturam
3326 1383 3484 1439 facile
3514 1379 3598 1435 fe-

2026 1511 2174 1568 ceris
2204 1526 2220 1575 ;
2248 1474 2452 1577 quippe
2486 1515 2611 1556 eum
2640 1502 2843 1567 praeter
2872 1490 3040 1552 illam,
3066 1483 3215 1539 nulla
3247 1479 3350 1533 alia
3387 1474 3599 1542 reliqua

2028 1601 2102 1657 sit
2128 1574 2448 1655 hominibus
2472 1606 2597 1663 spes
2620 1585 2834 1643 salutis.
3072 1616 3077 1619 ι
3253 1582 3269 1595 ⁸
3578 1574 3579 1577 η

2096 1691 2185 1746 26.
2220 1685 2456 1750 Videsis,
2502 1652 2580 1737 lue
2625 1678 2852 1733 fratrem
2889 1668 3014 1726 heri
3058 1660 3362 1736 spiritalem
3402 1669 3465 1710 ac
3490 1652 3603 1707 vir-

2031 1793 2148 1841 tute
2176 1782 2395 1843 fultum,
2424 1743 2495 1831 ob
2518 1772 2705 1829 odium
2737 1766 2836 1823 tibi
2862 1761 3028 1819 hodie
3056 1749 3385 1826 nequissimi
3410 1743 3603 1806 fraude

2030 1895 2095 1935 ac
2124 1876 2247 1932 labe
2282 1870 2608 1931 immissum,
2642 1861 2842 1916 malum
2876 1853 3087 1926 iudices
3117 1855 3174 1903 et
3210 1856 3437 1917 pravum
3464 1854 3480 1892 :
3506 1834 3605 1891 sed

2031 1966 2216 2038 potius
2241 1955 2525 2016 charitatis
2560 1929 2842 2023 patientia,
2881 1943 3138 1997 hesterna
3171 1933 3321 1988 illius
3340 1929 3486 1984 bona
3515 1936 3606 1979 re-

2031 2065 2253 2130 putans,
2285 2045 2542 2106 hodierni
2575 2042 2687 2099 odii
2712 2039 2865 2093 virus
2892 2048 2961 2088 ex
2990 2028 3176 2085 animo
3205 2022 3400 2079 abiice.

2106 2236 2197 2290 27.
2230 2232 2334 2296 Ne,
2375 2240 2539 2299 quem
2563 2220 2688 2278 heri
2716 2231 2828 2290 pne
2856 2222 3073 2268 morum
3104 2204 3393 2260 honestate
3418 2192 3611 2250 lauda-

2034 2330 2154 2393 bas,
2179 2341 2243 2383 ac
2264 2288 2487 2379 virtiitis
2512 2288 2732 2372 nomine
2749 2303 3107 2381 praedicabas,
3131 2295 3296 2352 hodie
3318 2298 3382 2347 ut
3404 2288 3610 2373 malum

2035 2373 2376 2488 pravumque
2405 2406 2708 2474 vituperes,
2735 2373 2883 2466 quod
2920 2388 3274 2445 dilectionem
3298 2391 3448 2434 tuam
3482 2373 3610 2429 odio

2035 2468 2157 2488 την
2290 2468 2303 2480 .
2529 2468 2547 2474 -

2034 2502 2365 2567 mutaveris;
2412 2509 2610 2563 nempe
2662 2486 2900 2559 improbi
2942 2481 3022 2537 tui
3072 2476 3186 2533 odii
3234 2468 3610 2528 defensionem

2037 2610 2309 2670 quaerens,
2355 2586 2502 2660 quod
2543 2585 2767 2639 fratrem
2809 2571 3163 2633 criminaris:
3195 2565 3291 2622 sed
3320 2571 3612 2633 persevera

2041 2649 2211 2670 τ-ηη
2296 2649 2308 2659 .
2373 2649 2390 2660 .

2038 2692 2095 2747 in
2129 2687 2326 2744 iisdem
2354 2681 2640 2743 laudibus,
2681 2670 2898 2730 tametsi
2933 2666 3113 2721 adhuc
3147 2672 3293 2730 aegro
3334 2654 3517 2709 animo
3538 2649 3616 2704 sis

2039 2743 2358 2849 doleasque,
2389 2774 2658 2841 facileque
2695 2766 2764 2822 ad
2801 2762 3078 2820 salubrem
3110 2752 3460 2811 dilectionem
3496 2743 3616 2800 ani-

2039 2871 2305 2943 mtequior
2339 2866 2516 2922 factus
2546 2857 2865 2917 reverteris.

2043 3068 2323 3117 sueveras,
2358 3050 2429 3106 ob
2463 3046 2711 3103 dolorem
2740 3039 2922 3095 adhuc
2952 3034 3009 3089 in
3041 3028 3207 3086 corde
3234 3026 3520 3083 latentem,
3557 3015 3615 3070 iu

374 3109 551 3230 μένην.
572 3109 772 3222 λύπην,
809 3149 867 3200 ἐν
905 3109 1125 3216 $71.1th
1178 3137 1381 3194 λοιπῶν
1411 3109 1654 3204 ἀδελφῶν
1685 3128 1940 3200 συντυχίᾳ

2042 3146 2275 3201 fratrum
2304 3139 2647 3208 reliquorum
2688 3137 2832 3187 coetu
2880 3130 3286 3193 congressuque
3314 3109 3614 3168 adulteres,

2412 3226 2426 3230 ‘
2465 3227 2474 3230 -
2538 3225 2551 3230 -
2647 3221 2664 3230 ·
2903 3218 2913 3230 ν
2962 3207 3205 3230 itu—AI-
3253 3197 3504 3230 -..ηιιιις
3533 3193 3614 3230 νς-

371 3193 632 3319 εῖθεύσῃς
667 3260 682 3276 ο
705 3193 1198 3313 ισῦμπαραμίσγων
1222 3193 1230 3194 7
1250 3232 1363 3293 τοῖς
1424 3193 1602 3296 λόγοις
1639 3193 1941 3295 λεληθότως

2042 3235 2182 3291 clam
2220 3231 2366 3287 inter
2405 3221 2765 3281 fabulandum
2799 3207 3230 3271 commiscendo,
3251 3201 3397 3274 quod
3418 3197 3509 3253 illi
3533 3193 3617 3249 vi-

2636 3313 2652 3319 “
2823 3308 2835 3319 ⁸
3016 3318 3019 3319 ν
3080 3312 3253 3319 λλμ--Α
3296 3288 3608 3319 -ιὲιηυηυιιιο

368 3344 461 3398 τὸν
479 3314 645 3413 ψόγον
666 3353 681 3368 ·
720 3334 855 3390 ἀλλά
883 3326 1108 3400 καθαρῷ
1158 3324 1237 3396 τῷ
1269 3321 1475 3392 ἐπαίνῳ
1499 3322 1555 3373 ἐν
1577 3321 1647 3390 τῇ
1682 3314 1943 3386 συντυχίᾳ

370 3408 596 3508 χρῆσαι,
624 3428 721 3483 καὶ
757 3424 993 3496 γνησίως
1016 3419 1159 3491 ὑπὲρ
1189 3413 1376 3479 αὑτοῦ,
1403 3413 1480 3476 ὡς
1513 3408 1733 3475 σαυτοῦ,
1770 3424 1942 3480 προσ.

371 3499 534 3598 Bion
576 3540 592 3555 ο
626 3520 721 3576 καὶ
775 3517 870 3572 τοῦ
932 3511 1176 3585 ὀλεθρίου
1231 3508 1423 3582 μίσους
1482 3504 1716 3575 τάχιστα
1769 3499 1946 3555 ἀπαλ-

372 3625 565 3695 λάττῃ.
1673 3604 1681 3613 ’

442 3688 547 3771 ad)":
576 3712 668 3783 Μὴ
711 3707 872 3781 εἴπῃς
892 3723 906 3737 ο
938 3704 1013 3759 Οὐ
1048 3698 1191 3772 μισῶ
1211 3696 1303 3751 τδν
1324 3692 1574 3764 ἀδελφὸν,
1599 3691 1699 3762 τὴν
1727 3688 1949 3760 μνήμην

375 3809 540 3869 αὑτοῦ
570 3778 1062 3874 ἀποστρεξρόμενος.
1103 3791 1264 3848 Ἀλλὰ
1301 3790 1532 3844 ἄκουσον
1570 3781 1842 3845 Μωῦσέως
1863 3778 1951 3832 λέ-

375 3920 561 3976 γοντος
581 3918 594 3933 ·
622 3897 720 3966 Μὴ
748 3871 1025 3966 μισήσῃς
1046 3886 1153 3941 τὸν
1181 3880 1450 3950 ἀδελφόν
1476 3892 1592 3931 σου
1614 3873 1691 3944 τῇ
1718 3871 1951 3938 διανοίᾳ

376 3963 494 4056 ἀου
513 4014 526 4028 ·
545 3963 789 4062 claret?)
817 3982 1080 4054 ἐλέγξεις
1132 3976 1240 4031 τὸν·
1290 3970 1556 4041 ἀδελφόν
1581 3984 1698 4022 σου
1729 3963 1828 4018 καί
1879 3964 1952 4017 οὐ

377 4088 563 4157 λήψῃ
590 4084 665 4139 δι’
696 4078 883 4136 αὐτὸν
919 4071 1224 4145 ἁμαρτίαν.

448 4146 682 4234 11."."’l‘3:hv
738 4166 961 4236 ἀδελφὸς
1012 4161 1175 4233 τυχὸν
1241 4153 1636 4229 πειραζόμενος
1694 4146 1953 4218 ἐπιμείνῃ

381 4267 697 4337 κακολογῶν
730 4280 819 4329 σε,
855 4257 991 4314 ἀλλὰ
1029 4253 1092 4308 σύ
1134 4269 1198 4321 γε
1235 4249 1311 4322 μὴ
1359 4244 1643 4316 ὲξενεχθῇς
1688 4241 1788 4311 τῆς
1818 4241 1957 4309 ἀγα-

382 4358 622 4433 πητικῆς
654 4350 1073 4412 καταστάσεως,
1106 4340 1199 4396 τοῦ
1231 4338 1394 4393 αὐτοῦ
1424 4331 1663 4406 πονηροῦ
1702 4330 1956 4401 δαίμονος

383 4421 729 4521 ἀνεχόμενος,
756 4435 1098 4510 ἐνοχλοῦντος
1134 4432 1274 4488 κατὰ
1317 4428 1578 4483 διάνοιαν.
1616 4423 1734 4477 Οὐκ
1774 4421 1955 4486 ἐξενε-

385 4509 563 4617 χοήὲιί
597 4537 652 4591 δὲ
676 4509 881 4602 ταύτης
899 4571 915 4596 ,
940 4528 1034 4581 ἐάν
1062 4521 1469 4595 λοιδορούμενος
1501 4515 1832 4584 εύλογήσῃςσ
1859 4509 1957 4564 ἐὰν

386 4602 895 4698 ῖπιῦουλευόμενος,
926 4620 1209 4689 εὐνοήσῃς.
1247 4611 1395 4683 Αὕτη
1449 4608 1597 4663 ἐστὶν
1637 4607 1671 4678 ἡ
1711 4605 1829 4666 ὁδὸς
1860 4602 1960 4672 τῆς

387 4726 531 4782 κατά
562 4695 792 4794 Χριστὸν
822 4712 1142 4783 φιλοσοφίας
1176 4724 1191 4740 ·
1224 4705 1319 4760 καὶ
1347 4704 1375 4756 ὁ
1399 4700 1476 4775 μὴ
1502 4698 1707 4771 ταύτην
1738 4695 1937 4750 ὁδεύων

388 4822 449 4875 οὐ
475 4810 850 4877 συναυλίζεται
876 4802 1047 4874 αὐτῷ.

460 4990 564 5045 λα’.
595 4985 689 5059 Μὴ
736 4984 812 5047 ὡς
867 4976 1189 5038 εὐνοοῦντας
1217 4970 1462 5040 λογίζου,
1486 4968 1614 5032 τοὺς
1655 4966 1845 5039 λόγους
1886 4980 1969 5017 σοι

393 5036 861 5154 samiae-305v
885 5070 944 5123 ὲν
976 5066 1061 5121 σοι
1105 5036 1200 5117 καὶ
1254 5036 1409 5134 μισθς
1444 5036 1534 5111 τὸν
1581 5055 1716 5127 πρὸς
1744 5036 1970 5121 ἀδελφὸν

394 5140 794 5243 ἐργαζομένους
816 5140 973 5230 ⁷(58),
1014 5154 1120 5209 κᾶν
1148 5149 1432 5220 ἀληθεύειν
1458 5145 1689 5199 δοκῶσιν
1711 5160 1723 5174 ο
1752 5141 1866 5197 ἀλλ’
1894 5140 1970 5205 ὡς

397 5251 759 5314 θανατοῦντας
792 5248 944 5317 ὄφεις
971 5244 1095 5306 τοὺς
1143 5238 1416 5300 τοιούτους
1457 5233 1804 5304 ἀποστρέφου
1827 5247 1841 5263 ο
1883 5231 1972 5283 ἵνα

398 5345 689 5407 κάκείνους
709 5338 804 5394 τοῦ
829 5335 1144 5404 κακολογεῖν
1170 5328 1472 5400 ἀνακόψῃς,
1491 5327 1587 5381 καὶ
1615 5325 1714 5397 τὴν
1738 5320 1963 5378 σεαυτοῦ

397 5436 575 5509 ψυχὴν
596 5429 861 5504 πονηρίας
889 5424 1227 5495 ἀπαλλάξῃς.

470 5609 569 5680 λβ’.
603 5607 699 5680 Μὴ
723 5605 901 5676 λόγοις
923 5602 981 5658 δί
1019 5598 1361 5670 αἰνιγμάτων
1389 5595 1481 5651 τὸν
1507 5590 1733 5663 ἀδελφὸν
1780 5589 1970 5657 κεντή-

2045 3324 2260 3397 tuperio
2303 3320 2463 3378 cedat
2505 3334 2520 3370 :
2559 3313 2656 3370 sed
2696 3308 2870 3380 magis
2906 3318 3034 3361 cum
3076 3312 3259 3355 sermo
3296 3288 3611 3348 miscendus
3718 3349 3733 3357 -

2043 3417 2170 3481 erit,
2205 3425 2398 3484 puram
2429 3403 2633 3463 adhibe
2665 3398 2908 3462 laudem,
2943 3403 3183 3459 vereque
3205 3401 3275 3440 ex
3301 3381 3483 3437 animo
3512 3391 3612 3448 pro

2047 3466 2170 3564 illo:
2194 3466 2258 3556 ac
2288 3513 2390 3570 pro
2414 3496 2613 3566 teipso,
2638 3503 2771 3555 ora;
2806 3484 3012 3553 ﬁetque
3046 3484 3108 3533 ut
3142 3472 3297 3531 brevi
3324 3466 3621 3529 admodum

2046 3593 2280 3650 exitiosa
2307 3587 2422 3644 odii
2445 3586 2569 3642 labe
2601 3577 2877 3636 libereris.

2116 3685 2208 3740 29.
2261 3681 2342 3736 Ne
2400 3677 2552 3733 dicas
2598 3680 2649 3727 te
2693 3685 2805 3724 non
2849 3665 3034 3720 odisse
3064 3654 3325 3719 fratrem,
3369 3651 3463 3723 qui
3506 3649 3626 3721 ejus

2049 3772 2376 3831 memoriam
2400 3763 2693 3823 averseris.
2710 3760 2916 3814 Verum
2935 3752 3064 3810 audi
3081 3750 3284 3805 Mosem
3309 3744 3583 3800 dicentem
3608 3756 3624 3792 :

2050 3867 2170 3923 Non
2189 3862 2360 3918 oderis
2395 3859 2618 3932 fratrem
2639 3861 2789 3916 tuum
2803 3849 2860 3901 in
2883 3844 3037 3899 corde
3068 3850 3158 3895 tuo
3183 3857 3200 3894 :
3227 3833 3630 3907 reprehensione

2053 3929 2405 4028 reprehendes
2437 3949 2660 4019 fratrem
2700 3951 2870 4004 tuum,
2915 3943 2964 3991 et
2997 3949 3103 3988 non
3141 3942 3375 3986 assumes
3416 3929 3629 3996 prapter

2055 4047 2208 4104 illum
2240 4050 2512 4116 peccatum
2539 4039 2582 4091 ⁸.

2123 4134 2214 4192 '50.
2240 4105 2303 4189 Si
2329 4132 2471 4187 forte
2504 4125 2805 4196 contingat,
2835 4128 2897 4176 ut
2926 4118 3098 4174 frater
3131 4108 3428 4168 tentatione
3448 4105 3631 4176 pulsa-

2057 4237 2167 4294 tus,
2206 4220 2547 4280 detrahendo
2582 4214 2855 4272 morosior
2881 4209 3134 4272 insistat;
3183 4211 3238 4257 tu
3271 4208 3451 4254 tamen
3477 4208 3630 4258 cave,

2056 4335 2127 4376 ne
2182 4316 2376 4373 eodem
2404 4309 2710 4384 proposito,
2742 4301 3123 4373 interpellante
3161 4290 3492 4364 nequissimo
3525 4286 3635 4341 dae-

2058 4426 2242 4475 mone,
2280 4423 2311 4463 a
2349 4379 2634 4461 charitatis
2679 4406 2826 4454 statu
2864 4390 3148 4450 transferri
3177 4397 3230 4442 te
3265 4382 3430 4457 448
3456 4379 3634 4451 patia-

1988 4477 2032 4533 θ
2058 4503 2157 4558 ris.
2192 4500 2263 4558 Ut
2294 4504 2482 4553 autem
2522 4487 2873 4548 transferaris
2919 4495 3201 4552 nunquam
3243 4476 3355 4539 fiat,
3386 4473 3429 4528 si
3464 4469 3635 4525 male-

2055 4592 2220 4650 dictis
2242 4586 2552 4649 lacessitus,
2581 4577 2934 4638 benedixeris
2967 4593 2980 4628 :
3012 4572 3057 4629 si
3078 4568 3314 4626 .insidiis
3340 4563 3633 4636 appetitus.

2055 4678 2501 4742 benevolentiam
2542 4671 2811 4730 tenueris.
2851 4667 2979 4723 Haec
3020 4662 3345 4720 Christiana:
3386 4656 3636 4728 philoso-

2058 4777 2203 4849 phia:
2231 4774 2355 4842 via;
2389 4785 2517 4842 qua,
2550 4767 2645 4838 qui
2672 4761 2966 4824 exorbitat,
2988 4757 3137 4814 haud
3170 4766 3412 4825 unquam
3431 4744 3668 4805 Cbristi‘
3746 4780 3753 4785 ι

2061 4861 2428 4923 contubernio
2453 4874 2517 4914 ac
2540 4855 2803 4912 societate
2824 4849 3109 4923 gaudebit.

2134 4956 2224 5011 51.
2258 4951 2338 5008 Ne
2361 4948 2518 5020 quasi
2537 4943 2837 5002 benevolos
2866 4939 3057 5008 tuique
3087 4934 3329 4990 cultores
3359 4924 3640 4983 existima-

2062 5045 2231 5109 veris,
2256 5041 2352 5113 qui
2380 5040 2480 5095 tibi
2513 5038 2570 5092 in
2599 5050 2789 5091 aurem
2816 5042 3103 5087 sermones
3119 5025 3491 5079 insusurrant,
3516 5013 3639 5085 qui-

2065 5135 2170 5190 bus
2191 5107 2248 5186 in
2272 5107 2499 5185 iratrem
2536 5124 2760 5182 tristitia
2799 5129 2965 5190 atque
3002 5114 3132 5171 odio
3174 5107 3507 5170 incendaris,
3554 5114 3637 5160 ta-

2066 5224 2227 5280 metsi
2258 5236 2391 5278 vera
2408 5231 2641 5274 narrare
2665 5213 2984 5274 videantur;
3016 5204 3112 5263 sed
3134 5213 3390 5273 tanquam
3417 5195 3641 5270 pestife-

2068 5331 2161 5371 ros
2181 5321 2465 5383 serpentes
2498 5310 2620 5380 ejus
2663 5303 2882 5377 generis
2910 5300 3166 5357 homines
3192 5305 3481 5355 aversare;
3524 5297 3640 5342 tum

2068 5414 2133 5461 ιιι
2163 5379 2382 5459 illorum
2422 5379 2861 5456 maledicentiam
2894 5403 3230 5462 compescas,
3275 5391 3389 5440 tum
3427 5392 3490 5438 ut
3527 5379 3643 5453 ipso

2072 5496 2316 5559 animum
2357 5503 2511 5549 tuum
2542 5506 2574 5546 a
2600 5488 2848 5559 nequitia
2883 5485 3105 5540 liberes.

2144 5589 2234 5643 52.
2268 5586 2347 5642 Ne
2381 5586 2636 5641 obscuris
2678 5595 2745 5637 ac
2767 5576 3047 5652 perplexis
3073 5572 3258 5631 verbis
3283 5570 3509 5626 fratrem
3539 5578 3644 5632 pu-

476 5775 499 5810 '
518 5774 681 5832 Prov.
705 5787 814 5841 xw,
838 5774 926 5831 29.
1001 5774 1023 5805 ⁸
1045 5775 1203 5829 Rom.
1226 5787 1301 5839 vr,
1325 5769 1415 5861 2?.
1489 5768 1509 5801 "
1535 5765 1694 5822 Rom.
1720 5775 1847 5829 xvu,
1878 5759 1932 5814 5.
2007 5755 2030 5790 ³
2056 5753 2231 5812 Levii.
2258 5767 2368 5818 nx,
2399 5715 2492 5807 Π.
2604 5765 2609 5770 ·
