4140 6322
558 380 696 448 ιοδι

1737 384 1799 444 S.
1842 382 2128 443 ΜΑΧῙΜΙ
2165 376 2673 443 LONFESSORIS

3654 376 3787 447 1056

555 488 809 560 pugeris;
863 502 936 542 ne
998 488 1091 542 illo
1145 487 1297 558 paria
1362 486 1753 558 respondente,
1816 486 2131 543 dilectionis

2253 503 2351 559 της,
2389 487 2474 541 ἵνα
2502 486 2578 557 μὴ
2614 485 2684 540 τὰ
2709 486 2870 556 ὃμοια
2891 484 3012 555 παῤ
3052 481 3215 540 αὐτοῦ
3246 482 3675 554 ἀναδεχόμενος,
3696 488 3793 552 τὴν

555 576 812 633 ali‘ectum
840 592 909 632 ex
944 577 1229 631 amborum
1266 576 1466 632 animis
1502 577 1820 649 expuleris:
1863 576 1958 632 sed
1992 576 2126 631 cha-

557 670 736 725 ritatis
777 669 995 733 fiducia,
1039 668 1198 733 vade,
1240 683 1478 738 eumque
1519 682 1689 739 argue
1720 669 1763 732 ’,
1797 675 1858 721 ut
1895 666 2128 722 sublatis

557 777 680 831 quae
709 761 953 817 dolorem
979 760 1162 815 animo
1196 760 1539 831 ingerebant,
1586 768 1639 815 te
1677 758 1885 830 pariter
1922 758 2133 829 ipsum-

558 867 666 923 que
693 851 1005 905 turbationc
1033 860 1198 926 atque
1230 851 1398 905 animi
1426 849 1750 921 aegritudine
1779 848 2003 904 liberes.

628 942 718 996 55.
749 940 911 997 Omni
939 940 1224 1012 diligentia
1263 949 1509 996 scrutare
1540 939 1933 995 conscientiam
1960 947 2132 1003 tuam,

559 1047 630 1090 ne
659 1032 801 1086 forte
825 1040 917 1085 tua
952 1031 1112 1100 culpa
1148 1030 1319 1085 frater
1356 1046 1466 1085 non
1498 1029 1886 1085 reconciliatus
1913 1028 2136 1083 absces-

561 1124 737 1187 serit;
793 1138 859 1177 ac
899 1137 971 1177 ne
1015 1122 1150 1176 falsa
1201 1121 1361 1192 quasi
1415 1120 1803 1191 supputatione
1842 1118 2136 1174 fallendam

562 1230 684 1269 eam
716 1214 1018 1284 putaveris,
1041 1230 1160 1284 qum
1187 1214 1404 1270 noverit
1427 1212 1639 1268 occulta
1670 1220 1784 1275 tua,
1817 1218 2139 1265 accusatura

565 1321 676 1375 quo
716 1314 961 1374 tempore
1005 1304 1147 1359 vivis
1189 1303 1442 1370 excedes,
1478 1318 1543 1358 ac
1574 1302 1907 1357 oll‘endieulo
1956 1299 2140 1355 futura

567 1396 701 1450 dum
732 1395 998 1466 precaris.

630 1486 722 1541 54.
760 1485 840 1541 Ne
879 1485 1030 1555 pacis
1070 1494 1341 1555 tempore,
1379 1498 1573 1540 eorum
1618 1497 1741 1552 quae
1778 1482 1926 1537 dicta
1954 1489 2083 1537 sunt
2111 1495 2143 1535 a

568 1577 760 1640 fratre,
791 1592 918 1631 cum
961 1576 1007 1631 is
1048 1591 1192 1647 aegro
1228 1578 1414 1632 animo
1453 1587 1619 1639 esset,
1666 1573 2002 1639 memineris,
2028 1563 2145 1630 sive

569 1669 666 1725 ille
692 1668 747 1724 in
778 1668 974 1724 faciem
1009 1683 1074 1723 ac
1101 1683 1287 1723 coram
1327 1669 1523 1724 acerba
1551 1668 1770 1722 locutus
1802 1676 1908 1729 est,
1938 1665 2054 1722 sive
2076 1662 2145 1720 ad

567 1760 736 1814 alium
757 1759 1071 1824 oblocutus,
1100 1775 1168 1814 ex
1196 1774 1307 1829 quo
1335 1770 1524 1829 postea
1563 1758 1805 1814 audieris
1838 1775 1852 1812 :
1889 1774 1981 1824 ne,
2013 1758 2146 1813 dum

2227 580 2325 653 τῆς
2347 579 2564 650 ἀγάπης
2592 577 2829 631 διάθεσιν
2852 575 2913 642 ὲε
2935 574 3260 645 ἀμφοτέρων
3309 573 3609 644 ἁπελάσῃς.
3646 576 3797 631 Ἀλλὰ

2234 671 2373 744 μετὰ
2404 669 2715 743 παρρησίας
2743 667 3110 739 ἀγαπητικῆς,
3144 664 3343 733 ὕπαγε,
3374 665 3591 734 ἔλεγξον
3618 667 3798 736 αὐτὸν,

2232 764 2319 817 ἵνα
2346 762 2446 827 τὰς
2496 761 2676 824 αἰτίας
2694 761 2795 829 τῆς
2820 758 2997 831 λύπης
3029 758 3217 822 λύσας,
3238 757 3484 829 ταραχῆς
3511 759 3607 812 καὶ
3634 758 3798 827 λύπης

2234 855 2573 927 ἀμφοτέρους
2604 851 2943 922 ἀπαλλάξῃς.

2307 944 2412 1015 λγ’.
2456 943 2780 1017 Ἐρεύνησον
2805 942 2903 1013 τὴν
2947 941 3253 1011 συνείδησιν
3288 940 3424 1012 μετὰ
3457 941 3639 1011 πάσης
3660 944 3803 1011 harp:-

2235 1037 2408 1103 ὕείας,
2428 1036 2636 1107 μήποτε
2662 1037 2728 1107 τῇ
2753 1037 2820 1107 σῇ
2864 1032 3014 1106 αἰτίᾳ
3033 1034 3063 1085 ὁ
3077 1032 3302 1101 ἀδελφὸς
3320 1032 3382 1085 ού
3402 1031 3660 1103 διηλλάγη
3685 1050 3699 1063 ·
3716 1033 3805 1086 καὶ

2241 1129 2316 1201 μὴ
2351 1127 2712 1199 παραλογίζου
2763 1126 2970 1198 ταύτην
3001 1127 3159 1197 (e-n),
3179 1125 3248 1179 τὰ
3277 1124 3494 1195 κρυπτά
3523 1141 3619 1178 σου
3649 1125 3780 1194 γινώ

2239 1237 2499 1283 σκουσαν,
2528 1220 2624 1275 καὶ
2681 1218 3097 1290 κατηγοροῦσαν
3130 1233 3225 1270 σου
3268 1217 3330 1269 ὲν
3383 1215 3461 1286 τῷ
3506 1214 3688 1287 καιρῷ
3713 1217 3804 1286 τῆς

2239 1313 2442 1378 ἐξόδου,
2466 1312 2558 1366 καὶ
2586 1314 2645 1365 ὲν
2674 1309 2852 1382 καιρῷ
2879 1310 2938 1363 δὲ
2988 1308 3315 1381 προσευχῆς,
3350 1307 3693 1379 πρόσκομμά
3732 1324 3807 1361 σοι

2239 1404 2555 1474 γινομένην.

2312 1493 2407 1547 λδ’.
2433 1492 2525 1565 Μὴ
2558 1492 2867 1563 μνημόνευε
2893 1492 2952 1546 ὲν
2980 1486 3063 1562 τῷ
3109 1489 3293 1561 καιρῷ
3316 1491 3418 1561 τῆς
3435 1490 3686 1560 εἰρήνης,
3710 1488 3811 1542 τῶν

2245 1581 2303 1633 ἐν
2322 1578 2400 1650 τῷ
2427 1578 2607 1649 καιρῷ
2631 1579 2731 1649 τῆς
2759 1578 2933 1650 λύπης
2958 1578 3064 1632 ὑπὸ
3090 1577 3187 1632 τοῦ
3216 1578 3445 1647 ἀδελφοῦ
3483 1578 3810 1649 λεχθέντων

2245 1669 2349 1726 κᾶν
2373 1685 2435 1723 τε
2474 1669 2618 1724 κατὰ
2665 1668 2956 1740 πρόσωπον
2980 1669 3054 1724 τὰ
3101 1669 3323 1741 λυπηρὰ
3357 1669 3555 1741 ἐρρέθη
3575 1709 3592 1735 ,
3624 1670 3730 1724 κᾶν
3758 1686 3817 1723 τε

2247 1762 2385 1834 πρὸς
2411 1762 2569 1817 ἄλλον
2590 1762 2720 1833 περὶ⁵
2750 1761 2869 1823 σοῦ,
2898 1760 2993 1816 καὶ
3025 1760 3165 1831 μετὰ
3214 1759 3389 1815 ταῦτα
3428 1759 3673 1830 ἡκούσας
3697 1778 3711 1791 ·
3736 1760 3815 1814 ἵνα

569 1852 776 1906 veteris
824 1850 953 1905 rixae
996 1866 1061 1906 ac
1113 1849 1326 1920 injuria:
1371 1851 1731 1921 cogitationes
1779 1849 2043 1917 admittis,
2077 1848 2145 1904 ad

2253 1854 2328 1926 μὴ
2357 1855 2466 1907 τῶν
2502 1853 2778 1925 λογισμῶν
2823 1853 2924 1923 τῆς
2959 1852 3325 1923 μνησικακίας
3368 1852 3721 1924 ἀνεχόμενος,
3744 1855 3818 1917 είς

571 1938 865 1994 exitiosum
900 1936 1088 1993 fratris
1115 1936 1302 1992 odium
1338 1937 1652 1992 revertaris.
1861 1998 1877 2011 .

642 2027 733 2082 55.
771 2026 890 2081 Non
935 2035 1119 2097 potest
1158 2026 1374 2082 animus
1427 2035 1587 2082 utens
1624 2026 1857 2093 ratione,
1903 2023 2149 2096 quandiu

575 2133 763 2174 secum
805 2119 922 2189 ipse
945 2119 999 2173 in
1039 2118 1317 2173 hominem
1346 2118 1445 2173 alit
1470 2119 1657 2175 odium
1687 2134 1752 2173 ac
1776 2118 1995 2188 premit,
2024 2130 2150 2172 cum

571 2209 708 2273 Deo,
735 2210 829 2279 qui
857 2209 1012 2264 dedit
1042 2209 1381 2274 mandatum,
1402 2224 1592 2279 pacem
1617 2210 1822 2264 habere
1850 2226 1863 2260 :
1894 2206 1951 2263 Si
1977 2208 2147 2272 enim,

573 2300 774 2369 inquit,
803 2316 908 2355 non
944 2301 1247 2355 dimiseritis
1275 2301 1566 2355 hominibus
1601 2306 1814 2372 peccata
1837 2315 2038 2364 eorum,
2058 2314 2151 2353 nec

572 2391 741 2446 Pater
768 2399 935 2446 vester
953 2391 1173 2447 cmlestis
1207 2392 1437 2446 dimittet
1466 2392 1607 2446 vobis
1632 2398 1845 2462 peccata
1884 2398 2053 2445 vestra
2083 2389 2147 2443 ".

575 2480 675 2535 Sin
697 2490 881 2537 autem
924 2483 1015 2538 ille
1054 2498 1245 2554 pacem
1267 2484 1414 2540 nolit
1450 2484 1651 2548 colere,
1690 2494 1745 2538 tu
1780 2483 1970 2538 saltem
1997 2490 2049 2538 te
2080 2481 2151 2538 ab

574 2571 704 2627 odio
736 2573 1032 2628 immunem
1073 2589 1252 2638 serva,
1272 2590 1400 2630 vere
1420 2590 1486 2629 ex
1511 2575 1694 2629 animo
1714 2590 1816 2646 pro
1841 2574 1935 2630 illo
1962 2588 2149 2640 orans,

572 2680 679 2721 nec
705 2665 849 2737 apud
896 2666 1066 2721 ullum
1098 2667 1147 2721 ei
1178 2667 1519 2723 obtrectans.

648 2841 736 2896 36.
768 2841 1098 2897 Sanctorum
1137 2839 1454 2910 angelorum
1486 2838 1637 2893 nulla
1656 2836 1950 2892 verborum
1974 2836 2028 2890 vi
2053 2851 2152 2891 ex-

576 2932 855 3003 plicabilis
890 2947 1016 3002 pax,
1054 2930 1263 3001 duplici
1293 2930 1401 2985 hoc
1436 2929 1637 2984 affectu
1678 2929 1833 2983 ﬁrma
1868 2928 2149 2992 consistit;

575 3040 775 3095 nempe
802 3025 1093 3093 charitate,
1124 3039 1233 3095 qua
1258 3024 1456 3082 Deum.
1483 3031 1538 3077 et
1565 3038 1672 3092 qua
1706 3021 1812 3092 ipsi
1848 3021 1987 3076 alter
2019 3019 2155 3075 alte-

579 3128 702 3165 rum
747 3121 1181 3183 prosequuntur.
1224 3110 1493 3165 Similiter
1532 3126 1666 3165 vero
1706 3110 1873 3166 etiam
1903 3112 2150 3165 omnium

580 3211 898 3257 sanctorum
924 3203 1020 3272 qui
1048 3218 1078 3257 a
1102 3202 1300 3257 saeculo
1323 3201 1567 3256 fuerunt.
1584 3201 1963 3257 Pulcherrime
1985 3202 2151 3273 igitur
2180 3178 2222 3235 θ

580 3307 646 3347 ac
668 3292 874 3361 optime
905 3292 1114 3347 dictum
1148 3292 1413 3347 Salvatori
1457 3300 1647 3346 nostro
1681 3300 1767 3347 est
1806 3310 1819 3346 :
1856 3292 1922 3347 In
1956 3293 2156 3348 duobus

584 3382 665 3457 his
699 3382 970 3436 mandatis
1019 3391 1129 3435 tota
1160 3381 1243 3435 lea:
1268 3382 1454 3451 pendet
1517 3389 1566 3435 et
1594 3381 1859 3452 prophetis
1886 3383 1948 3435 ¹¹.

649 3472 816 3547 449
844 3476 931 3530 57.
967 3475 1047 3530 Ne
1078 3474 1176 3530 tibi
1228 3473 1346 3543 ipse
1376 3472 1614 3544 placeas,
1663 3482 1721 3529 et
1754 3473 1981 3528 fratrem
2030 3474 2160 3529 odio

584 3580 695 3619 non
721 3552 952 3619 habebis
984 3582 998 3618 :
1026 3580 1131 3620 nec
1154 3572 1208 3619 te
1231 3565 1349 3635 ipse
1379 3580 1446 3618 ac
1484 3578 1708 3619 carnem
1743 3578 1911 3636 prave
1939 3580 2161 3622 amave-

584 3655 685 3720 ris,
720 3654 930 3724 Deique
961 3670 1154 3710 amans
1190 3671 1253 3711 ac
1276 3640 1716 3725 religiosuseris.

652 3745 769 3819 58.,
799 3744 1088 3823 Siquidem
1138 3761 1262 3801 cum
1319 3746 1670 3817 spiritalibus
1723 3746 1894 3802 vitam
1957 3744 2163 3803 ducere

586 3836 772 3895 animo
825 3838 1188 3894 constitutum
1223 3848 1344 3916 est,
1403 3854 1473 3895 ex
1525 3839 1661 3910 ipsis
1689 3839 1880 3894 statim
1925 3838 2159 3904 foribus,

587 3927 697 3984 tuis
722 3928 1102 3984 voluntatibus
1139 3928 1399 3984 nuntium
1433 3930 1674 3986 remitte.
1705 3928 1828 3985 Non
1864 3928 2015 3986 enim
2055 3929 2161 3984 ali-

586 4026 675 4072 ter
710 4016 827 4072 (ieri
853 4017 1079 4088 poterit,
1124 4024 1188 4072 ut
1220 4018 1306 4073 vel
1347 4032 1474 4073 cum
1501 4019 1634 4084 Deo,
1665 4017 1752 4074 vel
1778 4032 1905 4077 cum
1936 4017 2045 4073 illis
2064 4034 2163 4089 pa-

587 4123 707 4165 cem
733 4106 958 4174 habeas,
995 4109 1326 4179 quibuscum
1361 4110 1489 4166 vita:
1512 4110 1835 4165 societatem
1867 4108 2085 4164 inieris.

664 4196 752 4252 '59.
805 4195 905 4252 Cui
950 4195 1250 4267 perfectam
1300 4197 1545 4255 nancisci
1597 4198 1922 4253 charitatem
1971 4196 2160 4264 licuit,

592 4303 895 4358 omnesque
917 4288 1043 4344 vitae
1080 4304 1195 4345 sua:
1222 4288 1465 4345 rationes
1485 4287 1554 4344 ad
1581 4305 1701 4344 eam
1726 4289 2055 4360 composuit,
2072 4288 2164 4344 hic

589 4366 782 4450 utique
828 4380 1120 4436 Dominum
1148 4378 1334 4436 Iesum
1374 4380 1431 4435 in
1467 4378 1678 4451 Spiritu
1702 4387 1893 4435 sancto
1931 4378 2068 4434 dicit
2095 4379 2159 4448 ¹²;

588 4468 945 4537 vicissimque
975 4469 1275 4523 contraria.

661 4557 750 4611 40.
789 4555 920 4624 Quae
957 4555 1013 4611 in
1044 4557 1215 4612 Deum
1249 4557 1490 4613 charitas
1527 4564 1632 4624 est,
1672 4556 1741 4612 ad
1772 4555 1958 4612 divina
1986 4557 2161 4614 collo-

592 4645 723 4716 quia
762 4647 1054 4703 sublimem
1086 4664 1356 4719 propense
1406 4665 1626 4719 semper
1674 4651 1921 4703 animum
1978 4649 2159 4707 levat:

592 4750 715 4806 quae
739 4747 920 4792 autem
952 4737 1021 4792 ad
1061 4739 1374 4810 proximum
1413 4747 1520 4803 est,
1552 4738 1692 4794 bene
1726 4752 1942 4809 semper
1971 4737 2041 4796 de
2068 4738 2165 4795 illo

593 4826 728 4883 facit
760 4829 1024 4901 cogitare.

2245 1947 2309 2000 τὸ
2340 1944 2583 2016 ὀλέθριον
2617 1946 2773 2014 μίσος
2798 1944 2894 1997 τοῦ
2936 1942 3167 2012 ἀδελφοῦ
3193 1942 3563 2013 ύποστρέψῃς.

2318 2038 2411 2091 λε’.
2441 2037 2518 2090 Ού
2561 2036 2787 2091 δύναται
2829 2033 2974 2107 ψυχὴ
3007 2033 3203 2106 λογικὴ
3246 2034 3385 2105 πρὸς
3415 2034 3709 2106 ἄνθρωπον
3739 2036 3819 2105 μῖ-

2250 2148 2341 2195 σος
2392 2129 2686 2201 τρέφουσα,
2715 2128 2853 2199 πρὸς
2897 2127 2989 2181 τὸν
3025 2120 3158 2180 Θεὸν
3209 2126 3558 2198 είρηνεῦσαι,
3590 2126 3690 2181 τὸν
3717 2126 3819 2179 τῶν

2247 2220 2477 2276 ἐντολῶν
2508 2221 2712 2291 δοτῆρα
2734 2238 2749 2252 ο
2799 2217 2935 2273 Ἐὰν
2966 2218 3097 2288 γὰρ,
3146 2220 3279 2290 φησι
3302 2260 3316 2285 ,
3344 2217 3431 2287 μὴ
3469 2218 3673 2288 ἀφῆτε
3705 2218 3820 2283 τοῖς

2247 2313 2582 2382 ἀνθρώποις
2624 2310 2699 2366 τὰ
2727 2309 3168 2381 παραπτώματα
3210 2309 3411 2365 αὐτῶν
3430 2350 3445 2373 .
3479 2310 3625 2365 οὐδὲ
3654 2314 3692 2365 ὁ
3715 2314 3823 2365 Πα-

2245 2405 2361 2473 τὴρ
2393 2403 2564 2473 ἡμῶν
2618 2406 2690 2459 οὐ
2738 2403 3021 2471 οὐράνιος
3073 2402 3298 2471 ἀφήσει
3332 2402 3476 2471 ὑμῖν
3520 2402 3596 2456 τὰ
3645 2418 3823 2472 καρα-

2248 2495 2526 2565 πτώματα
2553 2492 2742 2563 ὑμῶν.
2778 2494 2843 2547 El
2882 2493 2939 2546 δὲ
2977 2494 3186 2555 ἐκεῖνος
3225 2492 3528 2563 εἰρηνεύειν
3557 2493 3617 2544 ού
3658 2492 3822 2554 θέλει,

2248 2585 2387 2639 ἀλλὰ
2423 2584 2487 2638 σύ
2525 2601 2589 2653 γε
2624 2583 2852 2638 σεαυτὸν
2881 2582 2990 2636 ἀπὸ
3030 2582 3219 2652 μίσους
3254 2581 3510 2652 φύλαξον,
3530 2583 3824 2653 προσευχό-

2255 2690 2411 2743 μενος
2444 2672 2585 2743 ύπὲρ
2616 2672 2779 2727 αὐτοῦ
2822 2672 3084 2743 γνησίως,
3115 2671 3213 2727 καὶ
3249 2671 3324 2743 μὴ
3370 2671 3694 2741 κακολογῶν
3729 2671 3824 2724 αύ-

2251 2765 2342 2819 τὸν
2377 2765 2512 2835 πρός
2547 2781 2690 2819 τινα.

2322 2855 2430 2922 λς’.
2476 2858 2540 2910 Ἢ
2577 2856 2686 2910 τῶν
2729 2857 2900 2926 ἁγίων
2970 2855 3219 2925 ἀγγέλων
3280 2856 3561 2928 ἄφραστος
3612 2855 3824 2927 εἰρήνη,

2250 2948 2370 3009 ταῖς
2404 2946 2525 2999 δυσὶ
2548 2945 2771 3008 ταύταις
2799 2946 3129 3017 κεκράτηται
3156 2944 3429 3001 διαθέσεσι
3456 2961 3472 2978 ο
3510 2947 3576 3015 τῇ
3602 2961 3667 2998 τε
3697 2944 3829 3015 πρὸς

2252 3037 2345 3093 τὸν
2380 3038 2534 3103 Θεὸν,
2571 3040 2668 3093 καὶ
2717 3041 2787 3109 τῇ
2845 3039 2983 3110 πρὸς
3028 3037 3294 3109 ἀλλήλους
3339 3038 3547 3110 ἀγάπῃ.
3598 3030 3827 3108 Ὁμοίως

2252 3128 2331 3194 δὲ,
2363 3131 2458 3184 καὶ
2512 3130 2730 3186 πάντων
2773 3129 2885 3185 τῶν
2932 3131 3026 3185 ἀπ’
3056 3129 3250 3194 αἰῶνος
3297 3130 3486 3198 ἁγίων.
3518 3130 3827 3197 Παγκάλως

2253 3217 2348 3277 οὖν
2374 3221 2588 3293 εἴρηται
2629 3222 2734 3275 ὑπὸ
2782 3221 2876 3275 τοῦ
2925 3220 3180 3293 Σωτῆρος
3215 3220 3392 3292 ήμῶν,
3426 3222 3511 3274 ὄτι
3557 3223 3663 3276 Ἑν
3700 3222 3831 3275 τού·

2255 3329 2404 3379 ταις-
2436 3313 2566 3379 ταῖς
2614 3312 2800 3368 δυσὶν
2844 3312 3122 3380 ἐντολαῖς
3155 3316 3189 3368 ό
3224 3312 3407 3382 νόμος
3450 3311 3595 3378 ὅλος
3648 3313 3751 3367 καί
3779 3313 3831 3365 οι

2258 3404 2556 3474 προφῆται
2583 3404 2922 3476 κρέμανται.

2330 3495 2430 3561 λζ’.
2469 3498 2561 3568 Μὴ
2618 3496 2712 3552 tuo
2748 3496 3105 3567 αύτάρεσκος,
3138 3495 3229 3548 καὶ
3275 3495 3375 3550 ούκ
3421 3494 3522 3566 ἔσῃ
3574 3493 3830 3564 μισάδελ-

2261 3603 2389 3659 φος·
2421 3588 2515 3642 καὶ
2549 3587 2625 3659 μὴ
2655 3586 2746 3641 έσο
2773 3586 3047 3658 φίλαυτος,
3071 3587 3169 3639 καὶ
3195 3584 3295 3659 έσῃ
3328 3586 3592 3654 φιλόθεος.

2330 3752 2431 3827 λη’.
2471 3755 2865 3824 Πνευματικοῖς
2892 3752 3128 3822 συζῆσαι
3149 3751 3547 3825 προῃρημένος,
3582 3752 3699 3813 τοῖς
3726 3752 3832 3813 σοῖς

2262 3848 2561 3921 θελήμασιν
2605 3847 2715 3902 ἀπὸ
2749 3847 2927 3920 θυρῶν
2960 3847 3261 3914 ἀπόταξαιο
3303 3848 3363 3900 ού
3413 3846 3487 3917 μὴ
3515 3846 3623 3919 γὰρ
3667 3847 3832 3918 ἑτέρῳ

2260 3941 2450 4012 τρόπῳ
2477 3938 2792 4011 εξρηνεῦσαι
2824 3938 3048 4013 δυνήσῃ,
3073 3936 3196 3992 οὔτε
3225 3935 3361 4009 πρὸς
3405 3937 3497 3991 τὸν
3524 3937 3684 4004 Θεὸν,
3715 3936 3831 3990 οὔτε

2263 4032 2399 4104 πρὸς
2426 4031 2552 4096 τοὺς
2582 4030 2876 4096 συζῶντας.
3434 4046 3437 4049 ‘

2330 4205 2432 4261 λΘ’.
2483 4204 2544 4260 '0
2572 4204 2787 4260 τελείαν
2833 4204 3054 4277 ἀγάπην
3101 4203 3401 4276 κτήσασθαι
3446 4203 3718 4270 δυνηθεὶς,
3744 4203 3833 4257 καὶ

2261 4294 2381 4351 ὅλον
2433 4292 2524 4348 τὸν
2563 4292 2677 4365 βίον
2707 4293 2872 4347 αὑτοῦ
2895 4334 2911 4362 ,
2951 4293 3090 4365 πρὸς
3114 4293 3314 4363 ταύτην
3344 4292 3636 4364 ρυθμίσας,
3678 4288 3829 4353 οὗτος

2262 4385 2409 4457 λέγει
2446 4384 2650 4457 Κύριον
2695 4383 2901 4455 Ἰησοῦν
2934 4385 2993 4438 ὲν
3015 4383 3469 4457 Πνεύματιάγίῳ.
3504 4384 3613 4438 Καὶ
3646 4385 3711 4437 ὲκ
3740 4380 3831 4435 τού

2192 4505 2238 4562 D
2267 4475 2531 4542 ἐναντίου,
2559 4476 2629 4530 τὰ
2654 4475 2871 4530 ἐναντία
2898 4475 3158 4545 δηλονότι.

2338 4574 2411 4640 μ’.
2461 4567 2529 4620 Ἦ
2561 4566 2662 4638 μὲν
2702 4566 2783 4641 εἰς
2831 4564 2963 4619 Θεὸν
2995 4565 3204 4634 ἀγάπη,
3259 4566 3338 4630 εἰς
3378 4564 3478 4636 τὴν
3513 4565 3669 4620 θείαν
3714 4567 3831 4635 opt-

2265 4656 2384 4711 λίαν
2418 4657 2506 4713 ἀεὶ
2533 4656 2677 4726 φιλεῖ
2712 4655 2992 4726 πτερῶσαι
3018 4654 3109 4708 τὸν
3140 4654 3297 4710 νοῦψ
3331 4658 3363 4726 ὴ
3386 4655 3444 4709 δὲ
3473 4656 3553 4719 εἰς
3576 4656 3669 4711 τὸν
3696 4656 3832 4725 πλη-

2271 4748 2415 4816 σίον,
2444 4748 2533 4804 ἀεὶ
2552 4747 2697 4803 καλὰ
2718 4745 3025 4817 λογίζεσθαι
3053 4746 3184 4819 περὶ
3209 4746 3374 4802 αὐτοῦ
3406 4746 3832 4818 παρασκευάζει.

663 4993 687 5025 ⁸
719 4991 909 5047 Matth.
943 5008 1093 5059 xvnr,
1125 4993 1214 5049 15.
1293 4993 1336 5026 ³⁸
1361 4990 1554 5048 Matth.
1583 5006 1658 5059 vr,
1686 4994 1772 5049 ιι.
1849 4995 1893 5029 ¹¹
1921 4995 2111 5053 Matth.
2146 5013 2154 5053 1

2253 5015 2278 5067 π,
2305 4996 2395 5055 ιο.
2473 4997 2515 5031 η
2543 4994 2715 5055 lCor.
2739 5012 2834 5064 ιη,
2858 4995 2914 5052 s.
2996 4974 3005 4977 ’

664 5132 801 5207 (ea)
828 5133 942 5207 κριὲ
953 5133 1045 5207 μὴ
1065 5133 1463 5207 ⁵ξςιριικιογίζου
1498 5134 1755 5207 ταύτην,
1803 5133 1994 5207 Quasi.
2022 5138 2161 5207 sei“

596 5202 825 5275 ratione;
863 5202 1043 5273 fallas.
1087 5202 1227 5275 Nota
1271 5202 1423 5260 vecis
1467 5203 1892 5275 significatioex
1922 5202 2165 5261 Budfrt

597 5272 740 5337 aliis,
771 5272 1169 5344 auctorumque
1210 5273 1482 5343 frequenti
1524 5272 1654 5334 usu,
1690 5274 1744 5327 in
1787 5274 1852 5329 iis
1884 5275 1979 5344 qui
2014 5275 2166 5330 falsis

596 5342 1173 5413 supputationibus'ac
1209 5342 1538 5409 rationibus,
1579 5343 1788 5413 aliquid
1827 5342 2163 5410 subducere,

598 5419 661 5483 ut
682 5412 737 5465 in
759 5413 1137 5483 vectigalibus,
1159 5429 1221 5470 ac
1238 5413 1534 5477 similibus,
1557 5412 1828 5483 satagunt.
1855 5414 2005 5469 Nihil
2026 5415 2167 5470 bene

598 5479 801 5559 pbsop.
832 5488 893 5559 et_
909 5479 1084 5559 'Cesn.
1115 5483 1183 5537 Et
1212 5499 1275 5536 ne
1312 5492 1616 5537 contemnas
1640 5482 1812 5559 illam.
1864 5484 1981 5559 Etsi
2014 5484 2163 5539 enim

600 5547 693 5621 hic
714 5547 1062 5621 conscientia:
1081 5561 1424 5621 contemptus
1443 5560 1547 5615 est,
1572 5562 1627 5607 at
1646 5553 2025 5621 explicandum
2039 5568 2163 5607 cum

604 5616 857 5691 Maximo,
881 5620 936 5691 in
959 5635 1198 5689 quonam
1220 5616 1315 5676 est'
1330 5628 1681 5691 contemptus
1703 5616 1733 5686 ς’
1755 5622 1812 5675 in
1837 5637 1905 5677 eo
1922 5621 2161 5691 Scilicet,

603 5684 753 5759 quod
804 5689 929 5755 quis
978 5684 1135 5759 putet
1179 5690 1283 5745 sibi
1337 5684 1668 5759 consultum,
1704 5684 1779 5745 fut
1818 5691 1966 5745 illius
2013 5684 2167 5745 fallat

605 5754 870 5821 rationes,
937 5754 1091 5826 quasi
1138 5759 1222 5813 vel
1274 5758 1484 5814 nesciat
1515 5754 1815 5829 qumtnala
1864 5761 2000 5816 fiunt
2040 5770 2165 5816 (aut

2262 5139 2415 5196 velut
2442 5136 2873 5215 praevaricatrix,
2910 5150 3033 5215 qua:
3068 5134 3287 5215 noverit
3316 5132 3639 5215 possitnnon
3672 5146 3835 5215 accu-

2263 5225 2404 5265 sare.
2444 5201 2607 5275 'Quod
2626 5215 2765 5284 erat,
2808 5201 2868 5260 ὲν
2906 5201 2984 5275 τῷ
3025 5203 3252 5284 κρυπτῷ
3281 5201 3394 5284 τῆς-
3420 5202 3625 5284 ὲ-ξὸδου,
3671 5201 3838 5255 decc-

2266 5287 2555 5349 quunqtque
2581 5277 2676 5349 qui
2714 5291 2901 5349 supra,
2931 5277 3244 5349 necessario
3283 5280 3552 5349 mutatum
3591 5285 3828 5349 ex__mss.

2266 5340 2325 5402 ἰν
2358 5347 2436 5417 τῷ
2465 5340 2687 5417 ’καιρᾦ.
2718 5340 2812 5417 Δυἱ.
2853 5360 2969 5417 νοξ
3001 5342 3232 5417 κρυπτῷ
3273 5341 3583 5417 retinenda,
3628 5340 3834 5417 d_ixi_s_se

2269 5409 2551 5472 debuisset
2587 5409 2882 5478 Maximus,
2909 5414 3007 5483 τῆς
3032 5409 3292 5483 διανοίας,
3328 5412 3425 5483 vel
3452 5411 3586 5480 quid
3627 5409 3830 5483 simile,

2270 5487 2361 5541 cui
2391 5486 2586 5540 merito
2617 5477 2891 5554 quadrare
2938 5477 3140 5554 potest.
3170 5481 3282 5547 Τῆς
3320 5477 3520 5545 ἐξόδου,
3557 5478 3741 5548 potius
3774 5477 3833 5528 τὸ

2272 5556 2463 5626 ἄδηλον
2493 5563 2578 5609 est
2590 5572 2618 5626 Δε
2635 5552 2868 5626 ducena
2898 5553 3078 5626 mortis
3106 5552 3236 5626 hora
3266 5559 3696 5619 atqueexcessus;
3719 5561 3831 5600 nou

2273 5620 2525 5680 occultus
2552 5622 2679 5678 vita:
2709 5623 2912 5684 exitus,
2942 5620 3041 5678 sed
3072 5621 3230 5678 valde
3256 5628 3441 5686 notus,
3469 5632 3630 5689 quem
3663 5628 3831 5670 nemo

2271 5710 2383 5750 non
2410 5694 2519 5750 sibi
2550 5694 2754 5749 instare
2779 5692 2936 5747 sciat.
