4084 6332
263 385 394 450 105⁸1

1132 373 1466 435 CAPITUM
1507 373 1606 434 DE
1645 369 2076 430 CHARITATE
2115 370 2503 432 CENTURIA
2543 371 2641 432 IV.

3395 375 3410 437 l
3424 374 3526 437 D53

493 491 600 545 Τοῦ
634 492 712 543 ἔτι
760 490 918 554 δόξαν
959 487 1282 554 ἀγαπῶντος
1312 483 1495 553 κενὴν,
1523 483 1559 552 ἡ
1592 497 1696 534 τινι
1731 478 1840 532 τῶν

2013 480 2102 533 41.
2139 480 2273 549 Ejus
2309 490 2395 534 est
2444 480 2538 549 qui
2583 479 2802 533 inanem
2845 479 3024 535 adhuc
3053 480 3286 551 gloriam
3319 479 3521 552 diligit,

266 587 464 643 ὐὶικῶν
495 582 831 654 πραγμάτων
863 577 1283 649 προσκειμένου,
1331 577 1448 628 ἐστὶ
1477 573 1538 627 τὸ
1585 572 1720 643 πρδς
1752 573 1847 624 ἀνα

265 676 513 744 θρώπους
563 671 850 724 λυπεῖσθαι
898 668 984 722 διὰ
1037 665 1440 737 πρόσκαιρα,ἢ
1486 665 1847 734 μνησικακεῖν

264 769 467 830 αὐτοῖς,
501 766 533 836 ἢ
575 767 728 834 μῖσος
760 762 902 832 ἔχειν
937 759 1072 830 πρὸς
1103 758 1324 822 αὐτοὺς,
1353 757 1384 826 ῆ
1411 756 1692 824 λογισμοῖς
1730 753 1850 804 δου-

262 857 437 910 λεύειν
468 857 709 926 αἰσχροῖς
728 869 741 882 °
771 853 868 922 τῆς
911 851 969 905 δὲ
999 847 1248 919 φιλοθέου
1283 847 1482 918 ψυχῆς,
1514 845 1686 898 ταῦτα
1717 843 1850 896 πάν-

262 965 329 1001 τα
362 947 635 1016 ἀλλότρια.

337 1117 445 1189 μβ’.
489 1119 656 1186 Ὅταν
715 1117 878 1187 μηδὲν
924 1118 1103 1188 εἴπῃς,
1169 1116 1302 1188 μηδὲ
1353 1115 1569 1188 πράξῃς
1624 1115 1850 1186 αἰσχρὸν

268 1210 412 1264 κατὰ
434 1209 694 1274 διάνοιαν,
723 1211 813 1262 καὶ
841 1210 969 1262 ὅταν
993 1209 1072 1279 τῷ
1114 1209 1456 1280 ζημιώσαντι
1481 1209 1513 1279 ἢ
1550 1208 1854 1278 κακολογή-

271 1316 423 1352 σαντι
455 1299 529 1368 μὴ
576 1300 993 1370 μνησικακήσῃς
1013 1315 1026 1328 ⁸
1070 1302 1161 1353 καὶ
1186 1301 1313 1352 ὅταν
1345 1302 1403 1353 ὲν
1431 1301 1505 1371 τῷ
1533 1299 1710 1372 καιρῷ
1745 1300 1850 1369 τῆς

271 1388 582 1459 προσευχῆς
628 1389 789 1442 ἆῦλον
834 1391 928 1441 καὶ
982 1389 1218 1442 ἀνείδεον
1267 1391 1355 1444 ἀεὶ
1388 1390 1519 1460 ἔχῃς
1571 1391 1662 1444 τὸν
1702 1389 1848 1453 νοῦν,

270 1480 391 1531 τότε
425 1480 612 1546 γνῶθι,
646 1480 727 1532 ὅτι
751 1479 992 1548 ἔφθασας
1030 1483 1109 1534 εἰς
1139 1481 1200 1533 τὸ
1232 1482 1430 1552 μέτρον
1455 1483 1555 1554 τῆς
1584 1481 1854 1546 ἀπαθείας

252 1570 367 1653 ,καὶ
395 1571 495 1640 τῆς
523 1570 734 1634 τελείας
757 1572 997 1640 ἀγάπης.

347 1744 458 1817 μγῖ
501 1747 576 1800 Οὐ
633 1747 830 1818 μικρὸς
881 1745 1030 1814 ἀγὼν
1092 1747 1398 1814 κενοδοξίας
1443 1749 1850 1820 ἀπαλλαγῆναι.

275 1836 672 1892 ἀπαλλάττεται
718 1837 776 1890 δέ
826 1854 932 1902 τις,
969 1837 1058 1890 διὰ
1110 1840 1355 1910 κρυπτῆς
1384 1839 1493 1892 τῶν
1528 1840 1734 1911 ἀρετῶν
1766 1844 1854 1912 ἐρ-

273 1930 494 2001 γασίας,
539 1931 633 1984 καὶ
671 1929 1004 2001 συχνοτέρας
1049 1929 1377 2000 προσευχῆς.
1410 1932 1640 2002 Σημεῐον
1668 1933 1725 1986 δὲ
1753 1934 1853 2004 τῆς

275 2022 614 2093 ἀπαλλαγῆς,
656 2022 717 2074 τὸ
768 2021 964 2092 μηκέτι
1014 2022 1370 2092 μνησικακεῖν
1418 2021 1497 2076 τῶ
1550 2023 1856 2092 κακολογή-

279 2135 450 2183 σαντι,
473 2116 505 2187 ἢ
529 2114 936 2184 κακολογοῦντι.

360 2307 464 2377 μδ’.
505 2307 570 2360 Ei
601 2306 781 2370 θέλεις
816 2303 956 2360 εἶναι
989 2307 1214 2373 δίκαιος,
1245 2309 1485 2381 ἅπόνεμε
1516 2310 1730 2380 ἑκάστῳ
1747 2309 1856 2364 τῶν

281 2398 339 2450 ὲν
368 2399 453 2451 σοὶ
493 2399 675 2469 μερῶν
708 2399 776 2450 τὰ
806 2399 928 2452 κατ’
949 2399 1105 2462 ἀξίαν
1127 2417 1138 2429 ·
1163 2400 1306 2472 ψυχῇ
1340 2400 1482 2470 λέγω
1506 2402 1598 2454 καὶ
1621 2402 1852 2473 σώματι.

281 2489 391 2542 Καὶ
422 2487 499 2558 τῷ
532 2489 630 2558 μὲν
655 2487 944 2560 λογιστικῷ
976 2490 1076 2558 τῆς
1107 2489 1308 2560 ψυχῆς,
1333 2490 1735 2562 ἁναγνὼσματα
1760 2494 1856 2546 καὶ

281 2581 613 2650 θεωρήματα
659 2579 1022 2648 πνευματικὰ,
1069 2580 1164 2632 καὶ
1198 2585 1504 2654 προσευχήν
1525 2598 1538 2612 °
1572 2583 1648 2654 τῷ
1676 2584 1732 2636 δὲ
1762 2584 1858 2638 θυ-

285 2673 450 2743 μικῷ,
482 2674 701 2742 ἀγάπην
754 2673 1153 2744 πνευματικὴν,
1189 2675 1287 2743 τὴν
1319 2673 1396 2744 τῷ
1431 2674 1578 2744 μίσει
1620 2677 1857 2729 ἀντικει-

284 2765 452 2836 μένην
471 2781 484 2794 ·
514 2766 590 2835 τῷ
624 2766 680 2818 δὲ
709 2765 1109 2836 ἐπιθυμητικῷ,
1157 2766 1510 2837 σωφροσύνην
1537 2769 1628 2820 καὶ
1655 2767 1858 2838 ἐγκρά-

283 2873 429 2908 τειαν
453 2873 464 2886 ·
506 2856 582 2925 τῷ
617 2856 674 2907 δὲ
722 2855 967 2926 σαρκίῳ,
1003 2855 1295 2927 διατροφὴν
1343 2859 1437 2910 καὶ
1477 2857 1856 2929 σκεπάσματα,

283 2946 355 2999 τὰ
385 2947 520 3017 μόνα
551 2942 971 3016 ἀναγκαιότερα.

359 3132 461 3198 με’.
503 3126 661 3178 Κατὰ
681 3123 840 3193 φύσιν
871 3126 898 3176 ὁ
923 3123 1045 3186 νοῦς
1076 3125 1289 3194 ἐνεργεῖ
1303 3124 1438 3196 (39),
1467 3125 1596 3179 ὅταν
1625 3125 1693 3180 τὰ
1717 3128 1862 3204 πάθη
1894 3143 1935 3200 c

289 3218 389 3290 ἔχη
422 3216 854 3286 ὑποτεταγμένα,
889 3215 983 3268 καὶ
1013 3215 1138 3277 τοὺς
1175 3214 1365 3282 λόγους
1394 3216 1501 3269 τῶν
1530 3216 1698 3271 ὄντων
1729 3219 1864 3273 θεω-

290 3311 385 3379 ρῇ,
418 3309 510 3360 καὶ
547 3307 680 3377 πρὸς
705 3306 796 3358 τὸν
821 3306 953 3358 Θεὸν
977 3305 1158 3375 διάγῃ.

367 3407 481 3472 pg’.
526 3401 736 3469 Ὥσπερ
783 3397 940 3465 ὑγεία
979 3397 1072 3449 καὶ
1116 3396 1269 3458 νόσος
1296 3396 1432 3466 πρὸς
1451 3397 1512 3448 τὸ
1544 3398 1703 3468 σῶμα
1729 3399 1864 3453 θεω-

292 3496 466 3564 ρεῖται
499 3493 590 3545 τοῦ
626 3492 785 3557 ζὼου,
815 3491 908 3542 καὶ
949 3490 1064 3558 φῶς
1109 3489 1211 3540 καὶ
1253 3489 1442 3552 σκότος
1481 3490 1616 3559 πρὸς
1653 3491 1743 3544 τὸν
1765 3492 1866 3560 ὀφ.

289 3585 529 3655 θαλμόν·
570 3583 741 3646 οὕτως
799 3581 968 3652 ἀρετὴ
1017 3582 1112 3634 καὶ⁴
1160 3579 1329 3632 κακία
1378 3580 1515 3651 πρὸς
1543 3583 1642 3654 τὴν
1665 3583 1864 3655 ψυχὴν,

292 3677 389 3731 καὶ
419 3677 617 3746 γνῶσις
647 3676 739 3727 καὶ
767 3672 1008 3741 ἀγνωσία
1049 3671 1187 3740 πρὸς
1218 3673 1306 3725 τὸν
1334 3672 1482 3725 νοῦν.

369 3771 476 3838 μς.
532 3769 618 3820 Ἐν
651 3769 762 3828 τοῖς
795 3765 942 3834 τρισὶ
983 3763 1194 3824 τούτοις
1238 3764 1266 3815 ὁ
1306 3763 1629 3831 Χριστιανὸς
1659 3765 1871 3832 φιλοσο-

299 3859 415 3923 φεῖ·
453 3859 511 3908 ὲν
559 3857 698 3918 ταῖς
727 3853 988 3916 ἐντολαῖς,
1017 3851 1075 3904 ὲν
1124 3852 1238 3913 τοῖς
1281 3849 1540 3919 δόγμασι,
1573 3857 1669 3904 καὶ
1706 3853 1766 3905 ὲν
1801 3855 1868 3923 τῇ

299 3947 501 4001 πίστει.
531 3945 640 3998 Καὶ
663 3947 718 3998 αἱ
749 3945 846 4013 μὲν
876 3940 1110 4005 ἐντολαὶ,
1138 3939 1248 3992 τῶν
1275 3939 1466 3993 παθῶν
1495 3940 1587 3992 τὸν
1612 3940 1738 3994 νοῦν
1766 3958 1871 4010 χω-

303 4038 542 4108 ρίζουσιο
579 4037 650 4088 τὰ
688 4037 742 4088 δὲ
775 4023 1043 4103 δόγματα,
1073 4033 1155 4095 είς
1190 4032 1289 4102 τὴν
1326 4029 1528 4099 γνῶσιν
1567 4032 1675 4084 τῶν
1703 4031 1872 4084 ὄντων

302 4129 462 4182 αὺτὶν
500 4128 810 4194 εἰσάγουσι*
845 4128 879 4196 ἡ
915 4124 971 4176 δὲ
1015 4123 1220 4188 πίστις,
1253 4123 1332 4186 είς
1362 4121 1460 4194 τὴν
1504 4123 1737 4195 θεωρίαν
1774 4123 1873 4192 τῆς

302 4218 467 4288 ἁγίας
487 4217 735 4290 Τριάδος.

378 4315 489 4379 μη’.
525 4309 588 4362 0i
622 4307 719 4378 μὲν
747 4307 856 4360 τῶν
874 4305 1312 4377 ἀγωνιζομένων,
1345 4303 1742 4375 ὰποκρούονται
1776 4305 1874 4376 μό-

302 4417 390 4454 νον
407 4401 531 4464 τοὺς
551 4399 814 4469 ἐμπαθεῖς
829 4397 1118 4468 λογισμούς
1137 4414 1151 4427 ·
1183 4398 1231 4450 οί
1263 4396 1320 4450 δὲ
1347 4396 1445 4450 καὶ
1463 4394 1609 4449 αὐτὰ
1636 4395 1704 4449 τὰ
1725 4395 1871 4468 πάθη

1947 571 2035 625 vel
2069 581 2302 626 terrena:
2337 573 2432 625 ulli
2463 572 2542 626 rei
2574 571 2826 626 addictus
2854 585 2959 636 est,
2985 582 3046 626 ut
3071 573 3142 628 ob
3167 581 3525 643 temporanea

1948 677 2075 732 erga
2105 661 2318 733 aliquos
2347 679 2493 733 aegro
2524 664 2708 718 animo
2748 664 2842 726 sit,
2868 673 2963 719 aut
2993 665 3050 718 in
3078 680 3174 719 eos
3198 666 3525 735 injuriarum

1950 767 2182 816 memor,
2213 755 2486 808 morosior
2507 754 2756 818 exsistat,
2777 755 2864 809 vel
2899 755 3028 810 odio
3051 756 3200 825 ipsos
3226 771 3528 825 prosequa-

1951 851 2060 908 tur,
2093 844 2179 897 vel
2226 844 2482 914 turpibus
2523 845 2950 915 cogitationibus
2985 845 3253 900 inserviat
3283 863 3295 898 :
3329 861 3526 900 verum

1949 941 2146 988 cuncta
2176 934 2292 988 haec
2329 934 2490 1005 longe
2523 935 2704 991 aliena
2743 945 2874 991 sunt
2921 936 2992 990 ab
3043 937 3230 991 animo
3265 936 3526 1006 religioso

1953 1046 2018 1086 ac
2049 1032 2143 1086 Dei
2171 1032 2409 1086 cultore.
3467 1074 3470 1092 ι

2021 1121 2110 1174 42.
2155 1119 2293 1176 Cum
2350 1128 2533 1175 tecum
2599 1120 2716 1190 ipse
2776 1121 2962 1175 animo
3023 1121 3163 1175 nihil
3223 1129 3382 1190 turpe
3435 1130 3532 1176 aut

1952 1211 2158 1267 dixeris
2179 1219 2343 1266 autve
2376 1213 2581 1282 egeris,
2615 1226 2721 1266 nec
2756 1213 2810 1267 ei
2850 1213 2947 1282 qui
3002 1213 3143 1268 laesit
3173 1213 3407 1283 injuria,
3442 1216 3530 1268 vel

1951 1302 2109 1357 fama:
2143 1301 2401 1368 detraxit,
2446 1319 2514 1358 eo
2539 1305 2764 1358 nomine
2805 1303 2943 1357 iram
2987 1303 3396 1370 reservaveris;
3443 1304 3528 1357 in-

1955 1401 2145 1463 terque
2175 1394 2511 1463 precandum
2567 1403 2809 1448 mentem
2854 1410 3072 1464 semper
3113 1395 3263 1449 nulla
3310 1403 3531 1449 terrena

1954 1484 2287 1552 cogitantem
2343 1483 2619 1553 nullisque
2660 1483 2931 1536 imbutam
2992 1483 3185 1538 formis
3231 1483 3528 1546 habueris,

1955 1583 2071 1628 tum
2105 1574 2327 1629 noveris
2366 1584 2681 1629 assecutum
2727 1582 2782 1628 te
2818 1588 2938 1628 esse
2986 1575 3208 1629 modum
3236 1575 3532 1643 impertur-

1954 1666 2196 1720 balionis
2228 1681 2292 1720 ac
2328 1665 2589 1734 perlecta:
2612 1666 2919 1721 charitatis.

2029 1759 2120 1813 45.
2162 1757 2318 1812 Haud
2351 1759 2472 1813 leve
2522 1765 2804 1813 certamen
2837 1767 2942 1824 est,
2968 1766 3030 1813 ut
3075 1758 3144 1813 ab
3171 1757 3323 1813 inani
3356 1759 3534 1828 gloria

1969 1849 2248 1904 libereris.
2280 1849 2364 1902 Ab
2384 1863 2447 1902 ea
2473 1857 2657 1903 autem
2687 1849 2914 1904 liberari
2963 1857 3228 1918 prmstant
3262 1850 3532 1905 virtutum

1953 1939 2224 1996 occultata
2237 1940 2561 1994 exercitatio
2586 1956 2649 1994 ac
2668 1940 2870 2001 cultus,
2887 1940 3250 2008 crebriorque
3282 1941 3347 1994 ad
3362 1941 3536 1994 Deum

1952 2031 2154 2086 oratio.
2187 2031 2416 2100 Signum
2451 2045 2581 2086 vero
2614 2030 2781 2084 animi
2807 2032 2921 2102 jam
2950 2030 3019 2085 ab
3051 2046 3117 2086 ea
3137 2031 3381 2093 liberati,
3410 2046 3537 2084 cum

1955 2123 2106 2177 nulla
2167 2121 2447 2176 simultate
2510 2133 2765 2178 movetur
2803 2122 2859 2177 in
2915 2136 3042 2176 eum
3108 2122 3206 2191 qui
3265 2121 3536 2187 detraxit,

1953 2221 2115 2269 autve
2144 2211 2407 2267 detrahit.

2023 2303 2112 2358 44.
2147 2302 2204 2358 Si
2243 2303 2329 2356 vis
2351 2302 2694 2372 essejustus.
2720 2299 2952 2370 singulis
2979 2299 3035 2352 in
3065 2306 3117 2354 te
3151 2297 3404 2367 partibus
3436 2296 3537 2350 tri-

1954 2395 2085 2460 bue,
2119 2395 2265 2465 quod
2293 2410 2362 2449 ex
2384 2393 2568 2448 meriti
2596 2393 2809 2448 ratione
2844 2400 2901 2447 et
2925 2391 3106 2445 olIieio
3140 2390 3243 2454 sit;
3273 2396 3387 2442 tum
3423 2388 3531 2442 sci-

1955 2487 2086 2541 licet
2118 2486 2333 2549 animte,
2367 2495 2484 2538 tum
2515 2483 2760 2552 corpori.
2791 2482 2869 2536 Ac
2889 2482 3114 2552 quidem
3145 2479 3290 2549 parti
3336 2479 3534 2532 animae

1957 2593 2079 2648 quae
2101 2577 2315 2631 ratione
2340 2576 2497 2639 vivit,
2528 2574 2796 2630 lectiones
2835 2587 3108 2641 sensuque
3149 2571 3440 2640 spiritalia,
3482 2579 3544 2624 et

1958 2683 2154 2739 preces
2180 2685 2192 2721 :
2222 2662 2468 2721 facultati
2499 2674 2683 2720 autem
2728 2665 2844 2730 iraa,
2870 2663 3196 2718 charitatem
3231 2661 3541 2730 spiritalem

1959 2759 2086 2814 odio
2126 2758 2461 2812 contrariam
2499 2774 2514 2810 :
2546 2756 2690 2826 parti
2743 2769 2876 2809 vero
2927 2751 3367 2822 concupiscenti,
3403 2758 3542 2803 tem-

1958 2850 2268 2920 perantiam
2292 2858 2344 2903 et
2372 2847 2774 2903 continentiam
2805 2863 2817 2899 :
2850 2861 2916 2901 ac
2935 2845 3158 2899 demum
3187 2841 3542 2912 corpusculo,

1959 2959 2055 2998 eos
2076 2943 2340 2997 duntaxat
2360 2942 2516 2996 cibos
2539 2950 2596 2996 et
2632 2941 3028 3010 integumenta,
3053 2953 3178 3008 quae
3201 2935 3408 2990 fuerint
3429 2949 3544 2988 ma-

1961 3034 2043 3106 gis
2085 3033 2418 3089 necessaria.

2038 3127 2127 3180 45.
2175 3125 2331 3180 Tunc
2367 3137 2522 3178 mens
2551 3132 2612 3177 ut
2651 3124 2730 3178 illi
2771 3137 2838 3177 ex
2870 3130 3066 3176 natura
3095 3131 3200 3185 est,
3228 3121 3392 3192 45o
3412 3137 3546 3191 Ope-

1966 3223 2144 3278 ratur,
2171 3229 2295 3268 cum
2322 3213 2589 3283 subjectis
2622 3212 2700 3266 illi
2729 3213 3042 3276 affectibus,
3087 3227 3270 3265 rerum
3301 3215 3548 3268 rationes

1964 3308 2304 3378 speculatur,
2329 3315 2385 3361 et
2407 3306 2476 3360 ad
2503 3307 2678 3360 Deum
2712 3306 2974 3360 traducit.

2036 3401 2124 3454 46.
2161 3398 2633 3466 Quemadmodum
2672 3397 2878 3452 sanitas
2919 3408 2975 3451 et
3009 3396 3299 3466 aegritudo,
3335 3398 3550 3452 ratione

1965 3491 2219 3545 animalis
2267 3490 2716 3554 considerantur,
2745 3489 3046 3559 lumenque
3068 3500 3125 3546 et
3157 3491 3423 3555 tenebrae,
3462 3505 3551 3544 ra-

1966 3582 2116 3636 tione
2158 3583 2304 3637 oculi
2339 3600 2352 3635 :
2391 3582 2475 3637 sic
2504 3583 2682 3636 virtus
2724 3589 2781 3636 et
2838 3582 3036 3635 vitium
3073 3583 3288 3637 ratione
3352 3582 3547 3648 animi,

1968 3673 2306 3742 scientiaque
2325 3681 2382 3727 et
2400 3673 2707 3742 ignorantia
2743 3674 2956 3728 ratione
2978 3676 3201 3728 mentis.

2043 3765 2132 3818 47.
2171 3763 2300 3817 Tria
2338 3764 2454 3816 haec
2482 3771 2612 3817 sunt
2659 3763 2716 3815 in
2743 3763 2947 3831 quibus
2991 3765 3159 3818 homo
3199 3765 3553 3820 Christianus

1969 3853 2424 3922 philosophatur;
2453 3853 2507 3905 in
2534 3852 2830 3916 mandatis,
2865 3853 2920 3905 in
2937 3852 3211 3921 dogmatis
3259 3863 3316 3908 et
3339 3856 3393 3908 in
3421 3856 3546 3909 (ide.

1971 3945 2051 3998 Ac
2083 3943 2307 4012 quidem
2338 3942 2616 4013 dogmata,
2645 3943 2892 3997 animum
2915 3944 2984 3997 ab
3009 3943 3303 3998 all'ectibus
3320 3961 3383 3999 ac
3405 3945 3554 4000 vitiis

1973 4043 2231 4104 separant
2264 4052 2277 4086 :
2312 4033 2567 4104 dogmata
2588 4049 2723 4088 vero
2754 4049 2851 4089 seu
2877 4034 3126 4100 decreta,
3157 4035 3212 4088 in
3248 4051 3432 4089 rerum
3459 4038 3549 4090 in-

1973 4127 2184 4181 ducunt
2213 4126 2506 4181 scientiam
2543 4143 2554 4178 :
2585 4125 2721 4180 ﬁdes
2751 4125 3013 4196 denique,
3054 4126 3109 4179 in
3137 4127 3552 4197 contemplatio-

1973 4231 2100 4271 nem
2131 4223 2339 4271 sancta:
2372 4214 2684 4268 Trinitatis.

2043 4305 2132 4360 48.
2168 4304 2272 4371 Qui
2307 4303 2607 4358 certamine
2639 4303 2966 4374 funguntur,
3015 4303 3110 4357 alii
3144 4304 3324 4357 solum
3355 4303 3550 4358 libidi-

1973 4409 2141 4451 nosas
2173 4394 2538 4465 cogitationes
2575 4394 2884 4463 repellunt;
2930 4393 3025 4447 alii
3055 4408 3209 4460 vero,
3238 4394 3386 4463 ipsos
3414 4408 3552 4464 quo-

307 4463 715 4564 περικόπτουσι.
758 4492 868 4545 Καὶ
901 4463 1265 4561 ἀποκρούεται
1312 4489 1411 4558 μέν
1433 4506 1516 4552 τις
1539 4489 1664 4551 τοὺς
1694 4463 1865 4558 ἐμπαέ

1977 4503 2086 4558 que
2108 4463 2338 4542 allectus
2379 4502 2445 4540 ac
2490 4485 2750 4540 libidines
2773 4492 3082 4555 amputant.
3111 4485 3190 4540 Ac
3218 4463 3444 4556 quidem,
3466 4501 3553 4540 re-

305 4583 417 4648 θεῖς
461 4582 783 4652 λογισμούς·
835 4578 966 4646 οἷον,
1014 4582 1047 4653 ἢ
1087 4580 1393 4651 ψαλμῳδίᾳ,
1430 4580 1463 4650 ἢ
1496 4581 1792 4650 προσευχῇ,
1836 4580 1865 4651 ἢ

1978 4568 2133 4650 pellit
2179 4579 2377 4649 aliquis
2408 4576 2730 4632 libidinosas
2759 4578 3145 4648 cogitationes,
3172 4578 3329 4633 verbi
3353 4578 3548 4649 gratia,

309 4674 664 4746 μετεωρισμῷ
715 4676 812 4746 (ο),
851 4675 884 4744 ἢ
939 4673 1084 4742 ἄλλῳ
1110 4672 1218 4726 τινὶ
1245 4669 1456 4740 τοπικῷ
1477 4669 1865 4742 περισπασμῷ.

1976 4681 2072 4727 aut
2099 4671 2459 4727 decantandis
2481 4669 2724 4740 psalmis,
2752 4679 2848 4724 aut
2877 4686 3106 4741 precum
3153 4670 3433 4735 instantia,
3455 4679 3553 4725 aut

317 4767 608 4822 Ἐκκόπτει
660 4767 714 4819 δὲ
762 4768 832 4819 τὰ
882 4764 1051 4834 πάθη,
1085 4764 1192 4817 τῶν
1251 4746 1597 4833 πραγμάτων
1645 4761 1865 4815 ἐκείνων

1975 4761 2290 4817 sublimium
2343 4759 2784 4815 consideratione
2842 4777 2904 4816 ac
2939 4761 2994 4817 in
3046 4763 3128 4818 eis
3173 4764 3330 4833 quasi
3382 4763 3552 4817 animi

305 4858 672 4928 περιφρονῶν,
701 4855 837 4927 πρὸς
871 4856 1011 4926 ἅπερ
1041 4851 1178 4907 αὐτὰ
1208 4851 1492 4920 κέκτηται.
1625 4923 1632 4931 ν

1975 4854 2317 4926 evagatione,
2378 4861 2475 4907 aut
2518 4853 2623 4907 alia
2677 4853 2912 4923 quadam
2946 4869 3016 4910 ex
3052 4855 3158 4910 loci
3215 4856 3429 4909 ratione
3493 4870 3556 4907 ac

309 4953 719 5008 circumstantia
744 4950 1124 5005 distractione.
1147 4947 1409 5017 Amputat
1441 4961 1575 5001 vero
1598 4945 1831 5001 aﬂ‘eetus
1865 4963 1929 5003 ac
1957 4944 2090 5005 vitia
2130 4966 2228 5006 seu
2270 4948 2555 5012 libidines,
2597 4964 2784 5003 rerum
2828 4948 3055 5003 illarum
3095 4955 3439 5015 contemptu,
3489 4945 3556 4998 ad

309 5061 449 5117 quas
487 5046 567 5099 sic
631 5044 832 5100 atl'ectu
893 5058 957 5098 ac
983 5042 1215 5097 libidine
1268 5046 1540 5096 movetur.

383 5138 490 5207 μθ’.
531 5137 675 5208 Πρὸς
727 5138 872 5207 ᾶπερ
908 5137 977 5190 τὰ
1020 5137 1168 5206 πάθη
1207 5134 1525 5204 κεκτήμεθα
1554 5133 1878 5205 πράγματα,

309 5231 415 5284 εἰσὶ
447 5227 641 5293 ταῦτα,
676 5226 809 5293 οἷον,
834 5230 992 5300 γυνὴ,
1017 5229 1300 5300 χρήματα,
1323 5227 1492 5297 δῶρα,
1520 5228 1614 5280 καὶ
1637 5225 1705 5280 τὰ
1731 5227 1878 5297 ἑξῆς.

385 5431 457 5503 (ο)
533 5433 602 5487 Ἦ
662 5431 1102 5503 μετεῳρισμῷη
1139 5429 1179 5498 ἢ
1244 5429 1413 5493 ἄλλῳ
1475 5427 1883 5503 futurarum?)

312 5499 725 5573 περισπασμῷ.
774 5499 1006 5573 Videtur
1053 5501 1324 5573 Maximus
1369 5500 1524 5573 quasi
1572 5499 1732 5573 aliam
1778 5499 1884 5573 alia

313 5569 448 5627 voce
492 5573 789 5642 explicare.
847 5572 948 5626 Hic
997 5571 1372 5642 μετεωρισμὸς
1436 5569 1529 5624 illi-
1579 5570 1669 5642 sit,
1724 5569 1884 5642 quasi

313 5642 480 5696 animi
525 5639 774 5697 avocatio
812 5643 878 5695 ad
910 5639 1300 5696 sublimiach
1329 5655 1490 5693 aerea
1526 5639 1610 5693 vel
1640 5639 1886 5693 emlestia

313 5711 621 5780 cogitanda,
668 5713 818 5765 velut
860 5712 913 5764 in
959 5713 1040 5766 eis
1084 5710 1393 5781 evagando;
1443 5723 1886 5778 suspensunn'ule

311 5781 480 5840 animi
517 5798 659 5849 esse,
693 5797 800 5852 qua
832 5781 1193 5852 suspensione
1234 5781 1451 5836 animus
1486 5795 1596 5834 non
1645 5781 1778 5835 satis
1800 5788 1885 5833 at-

2061 5134 2150 5190 49.
2194 5135 2304 5189 Res
2345 5135 2401 5187 in
2443 5149 2582 5202 quas
2631 5133 2834 5187 affectu
2877 5147 2941 5186 ac
2978 5131 3211 5186 libidine
3251 5147 3558 5199 movemur,

1989 5227 2107 5281 haec
2135 5233 2287 5290 sunt,
2313 5224 2600 5289 nimirum,
2643 5225 2864 5290 mulier,
2904 5223 3170 5293 pecuniae,
3215 5239 3468 5291 munera,
3498 5242 3562 5282 ac

1986 5429 2197 5494 tendat,
2217 5444 2280 5484 ac
2305 5427 2522 5483 vitiosis
2551 5427 2982 5498 cogitationibus
3011 5429 3274 5485 inlnereat
3302 5428 3562 5492 ζτοπικδς

1985 5500 2392 5569 περισπασμὸς,
2440 5500 2730 5554 distractio
2769 5499 3056 5568 inanisque
3096 5501 3298 5554 mentis
3330 5514 3565 5568 occupa—

1986 5571 2063 5625 tio
2115 5570 2195 5626 sic
2241 5586 2309 5623 ex
2362 5569 2468 5623 loci
2519 5570 2810 5624 occasione
2861 5580 2956 5622 aut
3007 5569 3437 5625 circumstantia.
3488 5571 3563 5624 De

1985 5641 2158 5712 priori
2193 5639 2478 5712 voceuvide
2514 5640 2694 5712 said,
2737 5638 2898 5712 llud.
2924 5647 3030 5693 etc.
3066 5637 3453 5712 Μετεωρισμὸς
3479 5654 3566 5694 sa-

1986 5709 2096 5766 cris
2130 5709 2474 5779 auctoribus,
2505 5710 2645 5765 nihil
2675 5711 2732 5766 in
2759 5709 2964 5764 bonum
2994 5719 3178 5766 sonat.
3264 5709 3267 5756 ξ
