4084 6332
611 337 746 404 1059

1798 341 1858 400 S.
1901 336 2184 399 MAXIMI
2224 335 2732 399 CONFESSORIS

3742 337 3884 402 1060

606 454 840 522 reliqua.
871 451 949 507 Ae
974 451 1197 522 quidem
1228 450 1516 506 mulierem
1551 450 1674 521 quis
1694 461 2047 505 contemnere
2074 465 2169 519 po-

2279 451 2388 502 Kai.
2419 450 2518 518 τῆς
2546 451 2643 520 μὲν
2667 449 2943 517 γυναικὸς,
2972 449 3092 502 τότε
3113 448 3333 503 δύναταί
3363 466 3448 513 τις
3487 452 3881 520 περιφρονεῖν,

607 549 760 612 terit,
792 563 915 602 cum
953 557 1010 602 et
1055 554 1179 615 post
1222 547 1591 600 secessionem
1624 545 1861 614 viaeque
1915 545 2176 600 solitaria:

607 649 822 710 captata
842 639 1077 702 silentia,
1103 638 1270 692 etiam
1304 654 1524 707 corpus,
1559 646 1619 692 ut
1643 654 1742 707 par
1769 648 1873 702 est,
1908 654 2010 706 per
2039 652 2175 692 con-

612 731 897 786 tinentiam
930 728 1306 798 severiorique
1357 729 1654 798 disciplina
1689 739 1933 784 macerat
1961 747 1973 781 :
2009 744 2178 798 pecu-

607 823 727 876 nias
757 835 910 883 vero,
955 835 1082 874 cum
1116 819 1394 874 induxerit
1420 821 1667 874 animum
1710 829 1772 875 ut
1820 820 1875 874 in
1919 818 2178 874 omnibus

607 920 901 966 contentus
949 910 1022 965 sit
1079 926 1146 965 eo
1176 912 1324 980 quod
1358 911 1591 967 suﬂiciat
1621 931 1633 966 :
1668 913 1908 981 itemque
1949 911 2176 981 gloriam

606 1019 732 1057 cum
770 1004 824 1056 in
868 1003 1084 1057 occulto
1115 1003 1296 1057 libens
1325 1003 1596 1056 virtutum
1632 1018 1798 1072 Opera
1829 1003 2084 1072 gesserit,
2115 1017 2178 1056 ac

607 1096 711 1149 sub
739 1095 850 1148 Deo
881 1095 1000 1148 solo
1049 1103 1208 1158 teste,
1260 1094 1606 1164 perindeque
1642 1093 1698 1147 in
1734 1093 1879 1148 aliis.
1935 1093 2040 1160 Qui
2075 1109 2176 1147 au.

607 1196 718 1241 tem
760 1186 874 1241 haec
895 1187 1219 1248 contemnit,
1257 1185 1302 1240 is
1331 1185 1608 1241 neminem
1641 1200 1884 1254 unquam
1911 1185 2042 1239 odio
2077 1185 2176 1240 ha-

513 1310 522 1318 -
606 1279 812 1333 buerit.

678 1371 765 1426 50-
801 1371 906 1436 Qui
938 1371 1104 1424 rebus
1151 1369 1410 1423 nuntium
1460 1369 1708 1435 remisit,
1743 1383 1942 1438 nempe
1968 1366 2126 1422 uxori
2159 1407 2174 1431 ,

605 1465 859 1534 pecuniis
883 1479 947 1517 ac
973 1462 1220 1531 reliquis,
1250 1477 1400 1525 eum,
1424 1462 1519 1530 qui
1555 1461 1690 1515 foris
1717 1469 1822 1525 est,
1849 1460 2129 1514 hominem
2158 1500 2172 1522 ,

606 1557 935 1610 monachum
985 1553 1114 1607 fecit
1149 1571 1161 1605 :
1197 1554 1438 1606 nondum
1489 1569 1621 1607 vero
1655 1553 1820 1606 etiam
1843 1593 1857 1618 ,
1890 1567 2042 1613 eum,
2078 1550 2176 1619 qui

606 1656 690 1701 est
720 1649 888 1700 intus.
920 1645 1025 1711 Qui
1059 1654 1240 1698 autem
1279 1645 1492 1698 vitiosis
1529 1659 1594 1697 ac
1633 1642 1947 1696 libidinosis
1979 1641 2176 1694 horum

607 1736 957 1807 cogitatibus,
995 1737 1171 1805 ipsum
1205 1735 1300 1804 qui
1353 1744 1437 1789 est
1467 1735 1640 1799 intus,
1689 1735 1743 1789 id
1773 1743 1878 1797 est,
1907 1742 2171 1788 mentem.

2274 542 2362 595 ὅτε
2401 541 2497 593 καὶ
2529 542 2669 610 μετά
2689 541 2786 611 τὴν
2816 538 3178 613 ἀναχώρησιν,
3201 543 3292 594 καὶ
3316 541 3375 595 τὸ
3414 542 3584 610 σῶμα
3603 541 3686 604 ὡς
3707 542 3793 594 δεῖ
3816 539 3881 594 δι’

2275 635 2601 705 ἐγκρατείας
2643 636 2895 706 μαραίνει
2916 651 2930 664 ·
2959 635 3068 687 τῶν
3095 635 3150 688 δὲ
3174 635 3496 705 χρημάτων,
3539 636 3638 688 ὅτε
3678 634 3859 688 πείθει

2273 726 2364 780 τὸν
2391 726 2647 796 λογισμὸν
2691 727 2748 778 ἐν
2791 726 2954 778 παντὶ
2979 728 3045 796 τῇ
3071 725 3373 796 αὐταρκείᾳ
3406 725 3710 796 στοιχῆσαι
3737 742 3750 754 ·
3773 730 3866 796 τῆς

2275 818 2331 872 δι
2371 818 2552 888 δόξης,
2581 818 2670 870 ὅτε
2704 817 2804 888 τὴν
2846 818 3094 888 κρυπτὴν
3163 819 3444 887 ἀγαπήσει
3484 817 3603 869 τῶν
3657 817 3870 886 ἀρετῶν

2277 910 2560 980 ἐργασίαν,
2601 908 2696 963 καὶ
2729 907 2847 979 Θεῷ
2893 909 3224 980 φαινομένην
3269 909 3442 979 μόνῳ·
3482 909 3586 961 καὶ
3625 909 3724 960 ὲπὶ
3760 909 3867 960 τῶν

2277 1000 2452 1054 ἀλλων
2490 999 2751 1063 ὡσαύτως
2773 1015 2785 1029 ο
2825 1001 2854 1052 ὁ
2885 1000 2942 1052 δὲ
2974 1000 3178 1053 τούτων
3213 999 3590 1070 περιφρονῶν,
3619 999 3747 1052 οὐδὲ
3789 1000 3870 1062 εἰς

2280 1094 2433 1162 μῖσός
2465 1109 2609 1156 τινος
2636 1092 2852 1163 ἔρχεταί
2891 1107 3022 1144 ποτε

2351 1391 2414 1438 ν’.
2471 1385 2528 1436 ’0
2559 1384 2656 1452 μὲν
2676 1383 2788 1445 τοῖς
2811 1381 3130 1452 πράγμασιν
3177 1378 3619 1449 ἀποταξάμενος,
3653 1375 3773 1430 οἷον
3802 1381 3863 1450 τῇ

2279 1478 2499 1544 γυναικὶ
2548 1480 2643 1528 καὶ
2685 1477 2796 1537 τοῖς
2843 1475 3112 1543 χρήμασι,
3154 1474 3249 1526 καὶ
3289 1475 3399 1535 τοῖς
3438 1471 3593 1541 ἑξῆς,
3633 1472 3733 1524 τὸν
3762 1472 3865 1537 ἔξω

2278 1570 2562 1640 ἄνθρωπον
2593 1568 2814 1638 ἐποίησε
2857 1566 3114 1638 μοναχὸν·
3147 1564 3301 1618 οὔπω
3358 1564 3415 1616 δὲ
3447 1567 3544 1616 καὶ
3591 1563 3690 1616 τὸν
3735 1563 3868 1638 ἔσω.¹

2291 1660 2348 1713 '0
2391 1659 2448 1712 δὲ
2495 1663 2605 1723 τοῖς
2633 1659 2836 1712 τούτων
2886 1657 3156 1727 ἑμπαθὲσι
3201 1658 3453 1726 νοήμασι,
3489 1654 3588 1707 τὸν
3623 1655 3744 1706 ἔσω
3771 1654 3863 1706 ἄν·

2280 1750 2516 1820 θρωπον,
2558 1752 2585 1804 δ
2623 1752 2772 1802 ἐστιν
2798 1751 2825 1802 ό
2856 1749 2999 1811 νοῦς.
3031 1749 3135 1800 Καὶ
3153 1749 3243 1799 τὸν
3281 1747 3380 1817 μὲν
3405 1746 3509 1810 ἔξω
3538 1746 3854 1816 ἄνθρωπον,

605 1830 683 1882 Ac
713 1827 934 1896 quidem
970 1826 1296 1880 exteriorem
1326 1827 1605 1880 hominem
1651 1825 1807 1880 facile
1832 1827 1956 1895 quis
1980 1841 2169 1880 mona-

2278 1818 2514 1904 εδκόλως
2542 1859 2625 1904 τις
2657 1843 2800 1893 ποιεί
2858 1839 3109 1910 μοναχὸν,
3147 1839 3304 1908 μόνον
3348 1838 3444 1890 ἐὰν
3477 1837 3731 1907 θελήσῃο
3760 1837 3858 1889 οὐκ

611 1920 778 1972 chum
833 1918 982 1982 facit,
1026 1918 1155 1972 dum
1190 1919 1366 1972 solum
1400 1918 1672 1984 voluerit;
1713 1927 1773 1972 ut
1815 1928 1996 1973 autem
2029 1918 2160 1973 inte-

613 2009 813 2062 riorem
845 2007 1172 2061 monachum
1203 2007 1389 2070 facias,
1416 2023 1503 2062 res
1539 2007 1712 2061 ardua
1740 2015 1899 2062 estet
1925 2007 1981 2060 in
2005 2022 2170 2076 quam

609 2101 781 2155 multo
811 2108 1007 2153 conatu
1043 2098 1293 2153 enitaris.

678 2190 766 2244 5|.
800 2189 932 2255 Quis
966 2203 1096 2259 ergo
1134 2188 1190 2241 in
1219 2189 1323 2244 hac
1351 2198 1509 2244 aetate
1543 2196 1650 2253 est,
1677 2189 1772 2258 qui
1799 2203 1830 2242 a
1856 2187 2171 2243 libidinosis

613 2295 678 2334 ac
706 2279 921 2334 vitiosis
954 2279 1379 2348 cogitationibus
1411 2296 1637 2349 prorsus
1660 2279 1928 2333 liberatus
1958 2279 2048 2342 sit,
2073 2295 2173 2348 pu-

614 2387 839 2441 ramque
872 2371 1018 2424 illam
1062 2387 1162 2426 nec
1205 2371 1362 2442 451
1391 2372 1592 2425 terreni
1623 2371 1924 2440 quidquam
1964 2370 2172 2424 haben-

613 2472 721 2518 tem
767 2471 959 2518 nactus
1009 2463 1314 2517 orationem
1349 2480 1361 2516 :
1395 2463 1542 2532 quod
1595 2463 1876 2517 interioris
1917 2461 2170 2518 monachi

605 2557 821 2628 signum
844 2557 1098 2612 exsistit?

675 2649 762 2704 52.
797 2650 952 2704 Multi
979 2649 1213 2704 aﬂ‘cctus
1238 2665 1301 2704 ac
1329 2648 1464 2703 vitia
1490 2652 1547 2703 in
1575 2649 1776 2703 animis
1805 2649 2012 2704 nostris
2042 2648 2165 2702 lati-

606 2750 742 2806 tant,
770 2750 1010 2811 tuncque
1052 2741 1382 2810 produntur,
1413 2757 1536 2797 cum
1564 2758 1654 2796 res
1684 2750 1982 2811 praisentes
2005 2743 2164 2797 exsti-

609 2835 778 2889 terint
801 2850 866 2888 ac
895 2834 1245 2888 emerserint.

671 2929 759 2982 53.
784 2929 972 2982 Potest
1006 2928 1147 2996 quis,
1181 2937 1317 2990 tum,
1351 2943 1474 2981 cum
1512 2943 1598 2982 res
1647 2928 1869 2993 absunt,
1914 2937 2024 2982 non
2055 2943 2172 2983 mo-

600 3020 715 3074 veri
752 3019 1041 3073 aﬂ‘ectibus
1080 3034 1342 3072 eorumve
1379 3022 1488 3088 pati
1535 3020 1885 3085 molestiam;
1936 3037 2059 3090 qua:
2085 3011 2206 3075 est-

599 3127 729 3181 pars
749 3111 994 3179 quaedam
1028 3110 1551 3177 imperturbationis,
1585 3111 1864 3180 animique
1897 3113 2166 3181 tranquil-

600 3203 758 3258 lioris
789 3210 966 3255 status
1030 3200 1147 3270 (τῆς
1200 3202 1485 3270 ἀπαθείας)
1533 3219 1660 3256 mox
1717 3213 1898 3258 autem
1948 3219 2013 3257 ac
2061 3205 2168 3258 illm

599 3293 950 3356 emerserint,
995 3293 1258 3347 continuo
1291 3294 1520 3349 allectus
1543 3311 1608 3349 ac
1632 3296 1894 3350 libidines
1922 3296 2165 3350 animum

598 3385 932 3440 distrahunt.

668 3481 756 3535 54.
796 3481 875 3535 Ne
906 3487 956 3534 te
989 3479 1282 3549 perfectam
1313 3481 1583 3551 ejusmodi
1616 3480 2164 3550 imperturbationem

596 3581 818 3628 nactum
838 3581 1016 3641 putes,
1057 3572 1299 3641 quandiu
1322 3588 1410 3626 res
1459 3573 1635 3626 abest.
1677 3571 1813 3625 Cum
1845 3580 2027 3626 autem
2073 3573 2165 3626 illa

597 3663 882 3718 emerserit
907 3703 920 3726 ,
969 3678 1031 3716 ac
1062 3679 1190 3733 erga
1245 3678 1360 3718 rem
1393 3665 1623 3733 ejusque
1663 3661 1924 3731 deinceps
1951 3677 2162 3716 memo-

597 3755 736 3807 riam
787 3753 1044 3807 immotus
1089 3754 1390 3817 manseris,
1428 3761 1562 3806 tunc
1594 3753 1736 3807 scias
1768 3753 1888 3822 ejus
1920 3761 1972 3806 te
2024 3752 2163 3808 fines

595 3844 900 3914 ingressum
930 3859 1071 3899 esse.
1104 3845 1308 3898 Verum
1332 3857 1435 3896 nec
1459 3843 1538 3898 sic
1563 3842 1786 3911 quidem
1819 3851 2164 3912 contempse-

593 3935 670 3990 ris
705 3954 717 3988 :
750 3952 872 3990 nam
901 3936 1044 3990 sicut
1076 3935 1254 3990 virtus
1292 3935 1388 3988 diu
1419 3949 1642 3989 niorans
1667 3934 1898 3988 allectus
1921 3934 2162 4003 vitiaque

591 4027 917 4096 exstinguit;
970 4027 1050 4081 sic
1088 4041 1281 4080 rursus
1313 4025 1592 4095 neglecta,
1656 4025 1750 4080 illa
1777 4026 2079 4080 exsuscitat
2105 4033 2162 4081 et

589 4128 650 4174 ut
671 4120 854 4174 denuo
869 4120 1106 4190 vigeant,
1137 4119 1286 4174 facit.

660 4211 746 4265 55.
801 4210 902 4276 Qui
945 4209 1225 4263 Christum
1254 4208 1456 4278 diligit,
1495 4209 1720 4264 omnino
1754 4208 1917 4264 etiam
1945 4224 2046 4278 pro
2074 4209 2158 4262 vi-

586 4303 673 4356 rili
699 4318 823 4356 eum
854 4302 1117 4355 imitatur.
1153 4301 1223 4355 Ut
1253 4301 1356 4355 sub
1378 4302 1629 4369 exemplo
1657 4302 1872 4370 loquar,
1898 4302 2015 4355 Non
2042 4317 2160 4356 ces-

585 4393 726 4447 savit
753 4393 1034 4447 beneficiis
1064 4393 1317 4446 homines
1347 4391 1622 4446 demereri
1663 4409 1677 4444 :
1725 4406 1788 4444 ac
1820 4406 1944 4444 cum
1976 4392 2158 4461 ingra-

2277 1935 2456 2003 ὀλίγος
2486 1935 2542 1988 δὲ
2566 1933 2735 2003 ἀγὼν,
2771 1934 2862 1987 τὸν
2887 1933 2994 1985 ἔσω
3027 1933 3312 2004 ἄνθρωπον
3333 1931 3558 1998 ποιῆσαι
3595 1929 3856 1998 μοναχόν.

2343 2201 2450 2249 ναν.
2486 2195 2581 2259 Τίς
2617 2195 2726 2264 ἄρα
2753 2192 2898 2246 ἐστὶν
2927 2194 2986 2245 ὲν
3005 2195 3070 2262 τῇ
3099 2193 3261 2263 γενεᾷ
3284 2191 3476 2262 ταῦτῃ,
3499 2193 3529 2242 ὁ
3562 2191 3858 2243 παντάπα-

2279 2299 2361 2335 σιν
2389 2282 2723 2349 ἀπαλλαγεὶς
2761 2281 3025 2351 ὲμπαθῶν
3052 2281 3358 2350 νοημάτων,
3405 2278 3499 2332 καὶ
3542 2279 3648 2347 τῆς
3683 2277 3856 2330 καθα-

2280 2377 2379 2446 ρᾶς
2431 2375 2524 2429 καὶ
2569 2374 2734 2428 ἀΰλου
2778 2371 3135 2436 καταξιωθεὶς
3175 2370 3515 2442 προσευχῆς·
3552 2371 3701 2439 ὅπερ
3739 2369 3855 2422 ἐστὶ

2279 2470 2506 2538 σημεῖον
2531 2466 2624 2520 τοῦ
2656 2465 2802 2520 ἔνδον
2831 2464 3062 2537 μοναχοῦ
3089 2481 3104 2530 ;

2344 2640 2444 2709 νβ’.
2485 2640 2662 2694 Πολλά
2712 2640 2859 2710 πάθη
2905 2641 2962 2692 ὲν
3011 2641 3132 2702 ταῖς
3179 2638 3376 2708 ψυχαῖς
3430 2635 3587 2707 ἡμῶν
3646 2634 3853 2707 κέκρυ-

2276 2750 2406 2787 πται
2439 2730 2584 2804 (40)·
2610 2732 2730 2784 τότε
2782 2730 2838 2783 δὲ
2893 2729 3223 2799 ἐλέγχονται,
3257 2728 3382 2780 ὅταν
3427 2726 3492 2779 τά
3541 2727 3849 2796 πράγματα

2275 2823 2671 2891 ἀναφαίνωντα.

2346 2921 2444 2984 νγ⁴.
2485 2913 2717 2966 Δύναταί
2749 2929 2830 2975 τις
2865 2912 2942 2982 μὴ
2973 2911 3245 2982 ὀχλεῖσθαι
3279 2911 3382 2964 ὑπὸ
3440 2909 3637 2964 παθῶν
3686 2911 3749 2964 ὲν
3783 2914 3846 2983 τῇ

2273 3005 2379 3058 τῶν
2409 3005 2746 3076 πραγμάτων
2768 3004 3026 3074 ἀπουσίᾳ,
3066 3005 3297 3074 μερικῆς
3325 3001 3501 3072 τυχὼν
3533 3003 3845 3067 ἀπαθείας·

2275 3097 2370 3150 ἐὰν
2402 3097 2459 3150 δὲ
2491 3096 2807 3161 ἀναφανῶσι
2833 3096 2902 3149 τὰ
2932 3096 3252 3167 πράγματα,
3290 3095 3450 3157 εὐθὺς
3478 3095 3550 3148 τὰ
3578 3095 3734 3165 πάθη
3757 3096 3849 3148 τὸν

2272 3188 2398 3242 νοῦν
2435 3186 2766 3260 περισπῶσι.

2335 3478 2427 3530 νδν.
2471 3476 2562 3546 Μὴ
2594 3473 2781 3544 νόμιζε
2814 3474 3026 3528 τελείαν
3055 3475 3198 3544 ἔχειν
3223 3473 3517 3538 ἀπάθειαν,
3542 3473 3640 3526 τοῦ
3667 3474 3842 3546 πράτ-

2267 3585 2436 3636 ματος
2476 3567 2550 3638 μὴ
2605 3567 2892 3637 παρόντος.
2926 3565 3096 3619 Ὅταν
3127 3564 3183 3617 δὲ
3206 3566 3372 3634 φανῇ,
3398 3564 3494 3617 καὶ
3523 3563 3690 3633 μένης
3713 3565 3838 3617 ἀκί-

2263 3676 2443 3727 νητος,
2475 3658 2612 3729 πρός
2644 3674 2702 3709 τε
2725 3657 2786 3708 τὸ
2817 3659 3071 3726 πρᾶγμα,
3101 3657 3193 3708 καὶ
3212 3656 3311 3725 τὴν
3341 3655 3482 3724 μετά
3501 3653 3659 3707 ταῦτα
3691 3654 3830 3721 μνη-

2265 3770 2373 3823 μην
2431 3751 2618 3818 αὑτοῦ,
2671 3752 2792 3804 τότε
2835 3751 3004 3819 γνῶθι
3063 3752 3290 3804 σεαυτὸν
3322 3751 3432 3804 τῶν
3476 3752 3605 3821 ὅρων
3657 3750 3836 3821 αὐτῆς

2259 3843 2666 3913 ἑπιδεὸηκὲναι.
2698 3843 2842 3914 Πλὴν
2875 3841 3009 3913 μηδὲ
3059 3841 3202 3895 οὕτω
3229 3845 3675 3915 καταφρονήσῃς,
3705 3843 3845 3896 διότι

2259 3936 2428 4005 ἀρετὴ
2466 3935 2561 4004 μὲν
2589 3933 2933 4004 χρονίζουσα,
2961 3936 3146 4006 νεκροῖ
3169 3934 3238 3988 τά
3275 3934 3455 4006 πάθη·
3490 3937 3844 4007 ἀμελουμένη

2258 4025 2338 4091 δὲ,
2371 4025 2536 4078 πάλιν
2563 4026 2768 4095 ἐγείρει
2801 4026 2958 4080 αὐτά.

2329 4214 2422 4261 νε’.
2477 4209 2534 4261 'O
2567 4208 2799 4276 ἀγαπῶν
2846 4208 2938 4261 τὸν
2989 4209 3223 4276 Χριστὸν
3260 4209 3394 4278 (Η),
3468 4211 3706 4276 πάντως
3761 4215 3850 4267 καὶ

2261 4301 2510 4368 μιμεῖται
2539 4299 2700 4351 αὐτὸν
2739 4297 2878 4351 κατά
2919 4297 3166 4367 δύναμιν.
3201 4295 3348 4362 Οἷον,
3381 4300 3411 4350 6
3435 4300 3692 4371 Χριστὸς
3732 4307 3854 4367 τοὺς

2256 4389 2576 4461 ἀνθρώπους
2596 4390 2898 4460 εὐεργετῶν
2921 4390 3021 4443 οὐκ
3045 4390 3321 4444 ἐπαύσατο
3341 4408 3355 4420 ⁸
3384 4393 3483 4444 καὶ
3511 4397 3852 4466 ἀχαριστου-

585 4493 672 4537 tos
717 4483 904 4545 ferret,
951 4497 1014 4536 ac
1065 4483 1158 4550 qui
1192 4483 1296 4551 ipsi
1343 4482 1722 4544 detraherent,
1768 4481 2156 4551 longanimiter

2271 4499 2418 4551 aevo;
2460 4481 2555 4534 καὶ
2606 4481 3111 4552 βλασφημούμενος,
3164 4483 3590 4553 ὲμακροθύμει·
3632 4492 3733 4540 καὶ
3770 4507 3856 4541 τυ.

586 4573 856 4625 tolerabat
883 4589 896 4623 :
929 4585 1164 4639 cumque
1197 4571 1502 4625 caederetur
1528 4571 1597 4624 ab
1629 4571 1710 4624 eis
1733 4586 1796 4624 ac
1825 4571 1946 4625 neci
1977 4573 2159 4628 trade-

586 4671 760 4723 retur,
795 4661 1127 4722 sustinebat,
1177 4662 1316 4714 nulli
1361 4676 1589 4729 prorsus
1642 4662 1846 4715 malum
1874 4672 2154 4732 reputans.

2263 4573 2527 4643 πτόμενος
2553 4573 2643 4625 ὑπ’
2686 4573 2867 4625 αὐτῶν
2895 4574 2989 4625 καὶ
3027 4574 3408 4643 φονευόμενος,
3439 4576 3729 4648 ὑπέμενε.
3761 4599 3858 4651 μη-

2257 4663 2366 4717 δενὶ
2401 4664 2686 4718 τοσύνολον
2727 4663 2788 4717 τὸ
2835 4665 3003 4718 κακὸν
3049 4664 3421 4734 λογιζόμενος.
3466 4668 3676 4725 Ταῦτα
3709 4673 3768 4726 δὲ
3794 4675 3858 4726 τὰ

583 4751 723 4806 Sunt
755 4753 935 4805 autem
965 4752 1081 4806 hazc
1106 4750 1230 4814 tria,
1257 4752 1376 4820 ejus
1397 4766 1561 4820 opera
1585 4752 1890 4817 charitatis,
1917 4771 2038 4823 quae
2067 4771 2156 4810 re-

2271 4754 2404 4824 :pia,
2438 4754 2505 4806 τὰ
2541 4753 2678 4824 ἔργα
2706 4755 2814 4806 εἰσὶ
2842 4755 2940 4823 τῆς
2972 4755 3053 4817 είς
3085 4753 3178 4806 τὸν
3212 4754 3443 4824 πλησίον
3495 4761 3766 4831 ἀγάπης,
3789 4757 3857 4816 ὧν

581 4843 743 4912 spicit
767 4842 1096 4910 proximum,
1130 4843 1248 4896 sine
1273 4841 1476 4911 quibus
1504 4844 1597 4912 qui
1625 4844 1760 4898 dicit
1787 4860 1845 4900 se
1866 4845 2150 4900 Christum

2271 4846 2424 4915 ίωρὶς
2461 4846 2489 4897 ὁ
2517 4845 2690 4911 λέγων
2711 4845 2930 4915 ἀγαπᾷν
2961 4845 3048 4897 τὸν
3076 4845 3334 4916 Χριστὸν,
3367 4847 3400 4917 ἢ
3427 4849 3534 4919 τῆς
3569 4853 3857 4923 βασιλείας

579 4934 937 5004 diligere,aut
956 4934 1061 4988 sibi
1089 4949 1315 5000 regnum
1352 4934 1661 5003 pollicetur,
1691 4936 1806 5006 ipse
1826 4953 1883 4992 se
1908 4938 2142 4994 seducit:

2271 4935 2420 4988 ιύτοῦ
2459 4938 2660 5006 τυχεῖν,
2699 4936 2890 4990 ἑαυτὸν
2916 4938 3100 5007 ἀπατᾷ
3121 4951 3135 4967 ⁶
3172 4939 3254 4991 Οὐ
3287 4939 3402 5007 γὰρ
3435 4945 3471 4994 ό
3491 4944 3711 5013 λέγων
3747 4967 3857 5016 μοι,

577 5021 694 5076 Non
727 5024 866 5075 enim
885 5023 975 5092 qui
999 5022 1122 5075 dicit
1142 5023 1288 5088 mihi,
1310 5021 1544 5087 Domine,
1567 5023 1807 5090 Domine,
1836 5026 2013 5096 inquit
2041 5029 2146 5081 Do-

2271 5027 2409 5095 ρησὶ,
2444 5029 2641 5094 Κύριε,
2676 5029 2875 5096 Κύριε,
2904 5024 3082 5091 οὗτος
3125 5031 3557 5088 εἰσελεύσεται
3610 5042 3708 5107 εις
3755 5044 3862 5109 τήν

579 5115 781 5178 minus,
816 5115 1035 5169 intrabit
1051 5117 1105 5169 in
1139 5132 1358 5186 regnum
1391 5116 1660 5182 caelorum,
1689 5119 1780 5172 sed
1799 5122 1889 5190 qui
1907 5121 2034 5189 facit
2051 5137 2141 5174 vo-

2271 5120 2569 5172 Βασιλείαν
2595 5119 2713 5172 τῶν
2739 5119 3027 5188 οὐρανῶν,
3063 5120 3202 5174 ἀλλ’
3231 5125 3264 5174 ό
3287 5124 3486 5179 ποιῶν
3519 5131 3594 5184 τὸ
3631 5135 3862 5206 θέλημα

578 5209 836 5258 luntatem
874 5205 1054 5260 Patris
1086 5209 1187 5261 mei
1211 5208 1272 5260 ¹³.
1329 5208 1396 5262 Et
1431 5224 1662 5263 rursus:
1693 5210 1796 5275 Qui
1837 5211 2008 5281 diligit
2037 5228 2137 5276 me,

2271 5210 2355 5264 ὀῦ
2383 5212 2612 5286 ηᾳτρός
2637 5229 2777 5293 μου.
2812 5213 2922 5266 Καὶ
2960 5212 3156 5266 πάλιν·
3200 5215 3263 5267 Ὀ
3291 5217 3566 5285 ἀγαπῶν
3600 5225 3739 5296 ἐμὲ,
3771 5205 3864 5282 ..αι

577 5295 829 5346 mandata
866 5311 979 5348 mea
1011 5297 1233 5350 servabit
1254 5297 1318 5361 η’,
1343 5306 1449 5352 etc.
1935 5272 1957 5281 ⁷

2271 5302 2353 5367 ’ὰς
2381 5272 2780 5372 ἐντολάςτμου
2801 5303 3072 5372 τηρήσει,
3095 5306 3189 5359 καὶ
3217 5307 3287 5360 τὰ.
3321 5272 3538 5381 έξῆς,Ἶ
3602 5272 3739 5296 ww,

638 5382 724 5437 56.
743 5383 931 5438 Omnis
947 5387 1538 5455 scopusmandatorum
1557 5389 1856 5444 Salvatoris
1871 5391 1926 5444 in
1945 5406 2012 5445 eo
2035 5399 2137 5453 est.

2320 5400 2426 5456 vg'.
2448 5393 2671 5456 ’Ἄπαςὸ
2695 5395 2894 5456 σκοπὸς
2922 5394 3027 5448 τῶν
3059 5381 3290 5450 ἐντολῶν
3307 5401 3410 5455 τοῦ
3450 5406 3759 5484 Σωτῆρος,
3783 5417 3865 5471 ἵνα

577 5473 636 5517 ut
661 5467 728 5519 ab
761 5453 1083 5539 intemperie
1120 5484 1285 5542 atque
1325 5475 1454 5529 odio
1498 5477 1694 5532 liberet
1728 5478 1990 5543 animum,
2027 5489 2135 5533 tra-

577 5553 735 5574 L_.,,,
804 5559 814 5571 .
1315 5568 1326 5574 .
1393 5569 1403 5574 -
1466 5570 1479 5574 _
1568 5571 1579 5574 _

2271 5484 2517 5552 ικρασίας
2550 5487 2644 5538 καὶ
2683 5486 2874 5555 μίσους
2917 5487 3009 5540 τὸν
3057 5486 3181 5540 νοῦν
3226 5453 3769 5574 ἑλευθεριὶῑσῆῗῖξὶ
3786 5453 3867 5570 Ii;

576 5553 774 5624 hatque
804 5559 857 5612 in
883 5577 1035 5616 suam
1080 5581 1144 5619 ac
1174 5568 1405 5634 proximi
1433 5570 1789 5637 charitatem;
1831 5588 1897 5626 ex
1937 5574 2140 5643 quibus

2373 5546 2538 5630 αὑτοῦ
2571 5546 2790 5649 ἀγάπην
2830 5546 2924 5632 διαὶ
2967 5578 3061 5631 τοῦ
3102 5578 3361 5651 πλησίον,

644 5717 689 5748 ¹³
723 5719 908 5774 Matth.
936 5741 1025 5791 vn,
1063 5729 1151 5780 2|.
1232 5731 1274 5761 ”
1300 5732 1453 5786 Joan.
1492 5752 1598 5800 xw,
1634 5740 1698 5792 15
