4140 6322
571 328 708 402 1663

1690 334 1750 394 8.
1794 331 2080 392 ΜΑΧΙΜΙ
2125 329 2630 393 CONFESSORIS

3673 327 3810 394 ιοθι

564 443 758 500 oculos
801 445 1144 516 compungit.
1183 443 1305 512 Quo
1338 443 1400 500 ﬁt
1419 484 1434 512 ,
1465 454 1528 500 ut
1555 445 1799 502 charitas
1827 444 2128 502 necessarie

2243 443 2558 514 ὀφθαλμοὺς
2630 441 3045 496 κατακεντοῦντι
3096 440 3209 513 [Fr.
3264 439 3356 493 τοῦ
3421 439 3809 494 κατακεντοῦν-

561 536 805 591 scientiae
833 535 1136 606 copulanda
1167 535 1256 588 sit.

631 626 719 680 65.
746 626 889 681 Cave
915 641 1078 680 omne
1111 627 1285 680 otium
1319 635 1475 681 tuum
1516 635 1681 696 atque
1719 640 1946 696 operam
1979 625 2135 680 carni

561 715 917 785 impenderis,
945 717 1040 771 sed
1087 726 1348 786 quantam
1381 725 1636 787 praestare
1664 725 1840 787 potes,
1865 717 2136 772 exercita-

562 807 709 861 tione
741 809 793 862 ei
826 809 1144 874 constituta,
1187 810 1298 864 vim
1329 825 1547 864 onmem
1580 811 1750 864 animi
1776 809 1843 864 ad
1870 810 2135 866 interiora

556 905 710 951 verte
736 914 749 950 :
781 896 1088 968 Corporalis
1109 900 1249 952 enim
1291 901 1594 954 exercitatio
1613 901 1682 954 ad
1704 903 1964 956 modicum
1987 901 2134 957 utilis

559 997 666 1053 est;
698 989 864 1058 pietas
891 1001 1068 1043 autem
1103 993 1172 1044 ad
1205 994 1383 1045 omnia
1415 991 1558 1046 utilis
1585 1005 1659 1046 est
1684 993 1748 1057 ",
1779 1002 1886 1048 etc.

623 1165 714 1219 64.
745 1165 848 1232 Qui
871 1165 1249 1224 indesinenter
1280 1167 1336 1222 in
1365 1168 1724 1224 interioribus
1750 1178 2019 1237 moratur,
2045 1185 2132 1226 so-

559 1256 718 1311 brius
769 1265 825 1312 et
859 1258 1192 1327 longanimis
1238 1269 1295 1314 et
1346 1260 1619 1330 benignus
1653 1271 1709 1316 et
1758 1263 1982 1318 humilis
2023 1275 2126 1320 est.

554 1352 742 1421 Neque
767 1353 822 1406 id
847 1354 1031 1417 modo,
1055 1370 1248 1422 verum
1275 1356 1443 1410 etiam
1473 1358 1922 1426 contemplationi
1947 1359 2132 1414 studet

554 1442 1145 1512 divinaquescientiae,
1180 1461 1246 1499 ac
1287 1447 1546 1514 precibus
1585 1448 1842 1503 assiduus
1894 1459 1996 1504 est.
2030 1451 2129 1505 At-

553 1549 661 1602 que
730 1535 836 1589 hoc
894 1546 980 1591 est
1011 1537 1158 1606 quod
1207 1538 1284 1591 ait
1330 1539 1669 1608 Apostolus:
1705 1541 1908 1612 Spiritu
1940 1544 2129 1597 ambu-

555 1623 662 1678 late
689 1626 755 1691 ²⁰,
788 1636 896 1680 etc.

624 1717 711 1770 65.
752 1717 857 1783 Qui
910 1718 1209 1788 spiritalem
1256 1723 1396 1776 viam
1439 1723 1617 1778 nescit
1667 1724 1968 1790 ambulare,
2005 1725 2130 1780 libi-

2243 533 2359 606 τος]
2395 535 2480 606 (ι).
2518 533 2608 586 Διὸ
2646 533 2962 600 ἀναγκαίως
2993 532 3169 584 δέεται
3209 530 3466 600 ἡγνῶσις
3501 531 3741 598 ἀγάπης.

2313 624 2409 693 ξγ¹.
2455 625 2546 695 Μὴ
2571 623 2698 694 ὅλην
2727 625 2826 694 τὴν
2861 623 3058 693 σχολήν
3093 640 3188 675 σου
3222 621 3352 692 περὶ
3373 621 3472 691 τὴν
3499 622 3677 692 σάρκα
3697 618 3806 691 ἔχε,

2240 716 2377 777 ἀλλᾷ
2419 718 2601 787 ὅρισον
2637 717 2774 788 αὐτῇ
2814 715 2911 788 τὴν
2962 717 3101 769 κατά
3135 716 3368 786 δύναμιν
3407 715 3641 783 ἄσκησιν
3665 731 3678 743 ·
3714 716 3807 768 καὶ

2241 808 2361 861 ὅλον
2403 808 2496 862 τὸν
2536 806 2660 861 νοῦν
2709 823 2824 872 σου,
2865 805 2996 876 περὶ
3035 805 3104 858 τά
3141 804 3288 858 ἔνδον
3319 802 3549 872 τρέψονσ
3594 802 3657 855 Ἠ
3700 802 3808 871 γὰρ

2241 899 2546 968 σωματικὴ
2583 900 2908 970 γυμνασΙα,
2948 897 3102 964 πρὸς
3135 897 3345 963 ὀλίγον
3386 894 3558 947 ἐστίν
3601 893 3810 962 ὠφέλι-

2237 1008 2350 1062 μος
2368 1007 2380 1020 ·
2412 992 2450 1058 ’ἠ
2482 991 2550 1043 δὲ
2578 989 2869 1054 εὐσέϐεια,
2899 989 3048 1058 πρὸς
3078 987 3274 1042 πάντα
3299 985 3469 1040 ἐστὶν
3493 985 3806 1054 ὠφέλιμος.

2239 1084 2334 1137 καὶ
2365 1083 2433 1136 τὰ
2459 1082 2606 1152 ἑξῆς.

2310 1175 2404 1242 ξδ’.
2455 1177 2514 1228 Ὀ
2550 1173 2913 1235 ἀδιαλείπτως
2950 1170 3078 1241 περὶ
3104 1168 3173 1222 τὰ
3219 1167 3364 1220 ἔνδον
3393 1167 3493 1231 τάς
3528 1166 3808 1236 διατριϐὰς

2238 1264 2580 1335 ποιούμενος,
2638 1263 2922 1332 σωφρονεῖ,
2989 1257 3360 1330 μακροθυμεῖ,
3429 1255 3805 1328 χρηστεύεται,

2238 1358 2667 1426 ταπεινοφρονεῖ.
2716 1355 2792 1407 Ob
2834 1353 2991 1424 μόνον
3036 1351 3110 1415 δὲ,
3158 1350 3292 1404 ἀλλὰ
3340 1349 3436 1402 καὶ
3460 1349 3676 1419 θεωρεῖ.
3716 1352 3806 1403 καὶ

2239 1449 2500 1517 θεολογετ,
2554 1448 2648 1501 καὶ
2700 1447 3081 1516 προσεύχεται.
3111 1443 3220 1496 Καὶ
3247 1441 3404 1495 τοῦτό
3432 1444 3576 1495 ἔστιν
3601 1442 3628 1494 ὃ
3658 1440 3806 1509 λέγει

2237 1545 2266 1596 ὁ
2309 1539 2627 1603 Ἀπόστολος
2646 1556 2660 1571 ο
2691 1538 2988 1606 Πνεύματι
3022 1533 3416 1603 περιπατεῖτε,
3443 1533 3539 1586 καὶ
3565 1535 3633 1585 τὰ
3659 1530 3804 1602 ἑξῆς.

2311 1715 2402 1781 ξε’.
2448 1716 2507 1767 '0
2542 1713 2642 1784 τὴν
2675 1708 3057 1781 πνευματικὴν
3085 1707 3202 1762 ὁδὸν
3227 1706 3432 1759 ὁδεύειν
3464 1705 3538 1775 μὴ
3584 1702 3809 1756 ἐπιστά-

554 1807 870 1863 diuosarum
900 1819 955 1865 et
985 1825 1110 1864 cum
1142 1812 1340 1868 affectu
1377 1815 1771 1885 cogitationum
1799 1832 1990 1871 curam
2019 1833 2128 1872 non

2236 1824 2414 1880 μενος,
2444 1805 2554 1859 τῶν
2585 1802 2850 1875 ὲμπαθῶν
2877 1799 3165 1870 νοημάτων
3190 1799 3250 1852 ού
3276 1799 3505 1850 ποιεῖται
3528 1793 3803 1864 φροντίδα·

553 1900 686 1970 agit,
733 1901 828 1955 sed
867 1917 1086 1956 onmem
1133 1919 1352 1973 operam
1396 1906 1544 1960 circa
1584 1922 1802 1962 carnem
1841 1907 2025 1977 ponit;
2067 1923 2131 1963 ac

550 1991 638 2044 vel
672 1990 811 2060 gulze
845 2006 907 2044 ac
938 1991 1168 2046 luxuria:
1206 1993 1477 2067 indulget,
1505 1995 1761 2064 doletque
1784 2010 1840 2048 et
1871 1995 2130 2050 irascitur

552 2089 609 2134 et
639 2082 964 2151 injuriarum
995 2098 1207 2136 memor
1247 2091 1366 2149 est;
1396 2083 1635 2153 indeque
1664 2085 1906 2140 tenebris
1931 2086 2131 2140 obscu-

553 2183 640 2226 rat
689 2174 957 2237 animum,
993 2181 1087 2227 aut
1136 2174 1592 2231 immoderantius
1635 2175 1796 2248 453
1843 2176 2132 2245 disciplina

554 2272 735 2327 utens,
765 2274 1004 2319 utentem
1038 2267 1246 2321 turbat.

624 2353 710 2407 66.
753 2354 972 2409 Nullam
1023 2371 1208 2409 rerum
1257 2357 1419 2413 nobis
1457 2373 1486 2412 a
1525 2358 1639 2413 Deo
1681 2359 1748 2414 ad
1796 2376 1954 2415 usum
1994 2379 2129 2418 con-

553 2460 832 2500 cessarum
894 2447 1034 2500 tollit
1103 2446 1428 2518 Scriptura,
1491 2451 1587 2504 sed
1655 2451 2129 2510 immoderantiam

552 2536 804 2605 castigat,
831 2546 888 2589 et
924 2537 1072 2606 quod
1100 2554 1128 2590 a
1160 2539 1372 2594 ratione
1415 2540 1710 2606 exorbitat,
1753 2541 1806 2596 id
1849 2545 2130 2600 emendat.

551 2627 710 2690 Puta,
745 2644 852 2682 non
881 2630 1138 2698 prohibet
1164 2632 1352 2696 edere,
1391 2632 1532 2687 ﬁlios
1579 2649 1892 2702 procreare,
1926 2637 2133 2693 habere

553 2719 838 2788 pecunias,
865 2734 930 2774 ac
974 2729 1121 2774 recte
1154 2721 1500 2790 dispensare;
1533 2722 1628 2776 sed
1659 2724 1917 2792 prohibet
1951 2726 2132 2780 ventri

553 2808 839 2878 indulgere
895 2820 952 2864 et
977 2813 1229 2875 scortari,
1263 2821 1369 2865 etc.
1401 2811 1506 2865 Sed
1537 2828 1715 2882 neque
1749 2815 1863 2870 haec
1891 2817 2131 2887 cogitare

552 2907 704 2953 vetat
750 2901 836 2970 (in
880 2901 985 2955 hoc
1031 2902 1177 2979 enim
1217 2901 1359 2957 facta
1395 2901 1568 2972 sunt),
1603 2904 1699 2958 sed
1740 2905 2038 2964 libidinose
2076 2919 2133 2965 et

554 3005 679 3044 cum
715 2991 915 3046 affectu
951 2994 1212 3063 cogitare.

2230 1897 2349 1951 ἀλλ’
2394 1899 2524 1968 ὅλην
2568 1897 2667 1967 τὴν
2704 1891 2901 1965 σχολὴν
2930 1892 3062 1961 περὶ
3089 1891 3187 1960 τὴν
3223 1889 3402 1958 σάρκα
3435 1886 3549 1956 ἔχει
3622 1885 3738 1948 καὶ,
3771 1884 3805 1954 ἢ

2230 1991 2638 2060 γαστριμαργεῐ
2686 1987 2782 2041 καὶ
2834 1972 3234 2046 ἀκολασταίνει,
3293 1979 3540 2032 λυπεῖταί
3594 1993 3655 2028 τε
3713 1977 3809 2029 καὶ

2230 2085 2509 2154 ὀργίζεται
2557 2080 2652 2134 καὶ
2702 2078 3052 2149 μνησικακεῖ,
3100 2074 3195 2126 καὶ
3251 2070 3499 2124 ἐντεῦθεν
3550 2069 3639 2122 τὸν
3681 2068 3808 2123 νοῦν

2234 2176 2470 2240 σκοτίζει
2491 2192 2505 2205 ο
2537 2175 2569 2245 ἢ
2597 2173 2854 2244 ἀμέτρως
2884 2172 2950 2240 τῇ
2988 2167 3222 2237 ἀσκήσει
3265 2167 3550 2237 κέχρηται,
3591 2162 3685 2216 καὶ
3717 2162 3808 2216 θο-

2231 2267 2315 2322 λοῖ
2347 2266 2445 2338 τὴν
2480 2266 2735 2318 διάνοιαν.
2758 2249 2764 2257 1

2313 2353 2420 2418 Eg’.
2458 2351 2624 2406 Οὐδὲν
2652 2351 2764 2404 τῶν
2790 2350 2854 2403 ὲκ
2875 2347 3010 2402 Θεοῦ
3040 2347 3119 2410 είς
3139 2347 3334 2418 χρῆσιν
3381 2347 3512 2415 ἡμῖν
3543 2345 3807 2398 δοθέντων

2232 2447 2448 2516 ἀναιρεί
2470 2447 2503 2514 ἡ
2534 2443 2756 2514 Γραφή’
2789 2441 2926 2495 ἀλλὰ
2970 2441 3070 2509 τὴν
3115 2438 3385 2508 ἀμετρίαν
3429 2436 3677 2500 κολάζει.
3710 2436 3807 2489 καὶ

2230 2538 2328 2609 τὴν
2357 2537 2670 2605 ἀλογιστίαν
2707 2532 3032 2604 διορθοῦται.
3064 2525 3298 2596 υἷον,·ού
3328 2528 3526 2582 κωλύει
3565 2527 3799 2590 ἐσθίειν,

2231 2631 2351 2684 οὐδὲ
2398 2629 2754 2693 παιδοποιεῖν,
2804 2624 2928 2678 οὐδὲ
2981 2623 3243 2694 χρήματα
3290 2620 3432 2690 ἔχειν
3478 2619 3573 2672 καὶ
3612 2617 3796 2688 ὀρθῶς

2231 2724 2485 2776 διοικετψ
2527 2719 2664 2773 ἀλλά
2734 2716 2935 2771 κωλύει
2995 2713 3453 2785 γαπριμαργεῖν,
3493 2708 3806 2778 πορνεύειν,

2233 2813 2330 2866 καὶ
2374 2811 2442 2865 τά
2477 2810 2622 2881 ἑξῆς.
2663 2808 2804 2863 Ἀλλ’
2837 2805 2959 2861 οὐδὲ
2987 2805 3049 2858 τὸ
3072 2806 3212 2858 νοεῖν
3251 2801 3425 2855 ταῦτα
3452 2799 3651 2853 κωλύει
3695 2799 3808 2869 (διὰ

2232 2904 2390 2961 τοῦτο
2415 2904 2522 2976 γὰρ
2548 2899 2882 2973 γεγόνασιν),
2919 2899 3054 2954 ἀλλὰ
3080 2897 3141 2950 τὸ
3164 2893 3429 2967 ἐμπαθῶς
3461 2894 3623 2945 νοεῖν.

623 3083 710 3136 67.
749 3083 825 3136 Ea
866 3099 989 3152 quae
1041 3101 1071 3137 a
1119 3085 1283 3138 nobis
1335 3086 1538 3154 pietate
1587 3095 1875 3156 geruntur,
1932 3091 2128 3159 partim

2305 3099 2381 3163 ξζ⁰
2441 3099 2522 3151 Τὰ
2571 3097 2666 3167 μὲν
2697 3095 2803 3149 τῶν
2853 3095 2943 3163 ὑφ’
2967 3095 2998 3164 ὴ
3010 3092 3126 3163 μῶν
3157 3091 3298 3145 κατὰ
3333 3089 3465 3143 Θεὸν
3497 3086 3804 3159 πραττομέι-

551 3189 619 3228 ex
660 3183 930 3242 prmcepto
979 3189 1263 3244 geruntur,
1304 3180 1503 3247 partim
1545 3193 1656 3232 non
1705 3195 1772 3234 ex
1817 3193 2124 3251 praecepto,

554 3263 650 3317 sed
699 3265 854 3331 quasi
898 3267 1240 3331 voluntaria,
1302 3277 1363 3321 ut
1422 3269 1546 3337 quis
1600 3269 1774 3335 dicat,
1827 3271 2127 3328 oblatione.

553 3354 690 3408 Puta
720 3370 788 3409 ex
817 3363 1092 3424 praecepto
1122 3357 1364 3424 quidem,
1397 3359 1624 3428 diligere
1651 3361 1821 3415 Deum
1851 3377 1914 3416 ac
1943 3365 2129 3433 proxi-

553 3444 1004 3509 mum,inimicos
1043 3445 1302 3517 diligere,
1345 3465 1454 3502 non
1500 3451 1794 3515 moechari,
1838 3469 1942 3507 nec
1985 3455 2132 3510 occi-

553 3537 706 3602 dere,
743 3546 798 3592 et
839 3554 960 3607 quae
993 3548 1328 3608 sequuntur;
1370 3557 1606 3610 quorum
1644 3545 1811 3598 etiam
1848 3555 2128 3617 trangres-
2179 3554 2184 3560 '

553 3630 729 3694 sione,
761 3631 1130 3686 damnationis
1163 3633 1243 3687 rei
1291 3633 1579 3689 efﬁcimur.
1609 3636 1730 3690 Non
1762 3653 1825 3691 ex
1856 3648 2129 3708 praecepto

552 3729 759 3787 autem,
791 3722 1161 3792 virginitatem
1206 3726 1408 3790 colere,
1444 3727 1688 3782 caelibem
1738 3739 1793 3784 et
1829 3745 2126 3800 pauperem

554 3819 719 3880 atque
750 3813 1076 3867 monachum
1108 3829 1203 3869 seu
1237 3816 1542 3870 solitarium
1580 3834 1759 3888 agere,
1797 3837 1859 3874 ac
1891 3823 2122 3892 reliqua.

553 3900 768 3956 Habent
794 3903 909 3957 haec
931 3919 1221 3958 munerum
1249 3907 1541 3969 rationem,
1569 3920 1629 3961 ut
1652 3909 1696 3963 si
1722 3926 1829 3979 qua
1853 3922 2122 3982 praacepta

550 4006 618 4045 ex
654 3992 970 4048 inﬁrmitate
1016 3995 1119 4050 rite
1173 3999 1397 4065 exsequi
1445 4000 1888 4068 nequiverimus,
1931 4019 2124 4058 mune-

551 4096 672 4133 rum
722 4095 826 4151 ope
870 4083 1325 4154 benignissimum
1373 4087 1664 4141 Dominum
1707 4098 1958 4143 nostrum
1993 4106 2124 4160 pro-

550 4171 749 4240 pitium
783 4173 1095 4228 reddamus.

621 4261 708 4314 68.
749 4261 849 4327 Qui
895 4264 1060 4317 vitam
1115 4266 1357 4321 caelibem
1408 4269 1542 4323 colit
1577 4278 1672 4324 aut
1716 4270 2121 4341 virginitatem,

548 4368 772 4408 necesse
799 4362 881 4407 est
909 4363 970 4408 ut
1001 4356 1202 4410 habeat
1243 4359 1460 4414 lumbos
1488 4361 1828 4430 praecinctos,
1855 4374 1911 4418 et
1938 4365 2122 4419 lucer-

2236 3208 2364 3253 νων,
2409 3191 2526 3242 κατ’
2575 3187 2795 3257 ἐντολὴν
2833 3186 3131 3256 πράττεται
3155 3200 3167 3212 '
3200 3181 3266 3234 τά
3309 3180 3386 3244 δὲ,
3414 3179 3472 3233 ού
3499 3179 3620 3232 κατ’
3653 3179 3806 3228 ἐντο-

2233 3285 2353 3354 λὴν,
2383 3283 2496 3336 ἀλλ’
2531 3283 2606 3344 ὡς
2635 3281 2700 3334 ἀν
2729 3297 2811 3343 τις
2843 3277 3007 3342 είποι,
3035 3276 3159 3330 καθ’
3180 3274 3423 3328 ἑκούσιον
3463 3269 3801 3342 προσφοράν.

2235 3371 2362 3429 Οἶον
2391 3375 2511 3428 κατ’
2540 3373 2758 3440 ἐντολὴν
2793 3371 2912 3441 μὲν,
2960 3369 3020 3422 τὸ
3062 3364 3401 3436 ἀγαπᾷνμτὸν
3428 3362 3560 3414 Θεὸν
3589 3362 3686 3412 καὶ
3715 3360 3804 3411 τὸν

2231 3463 2492 3532 πλησίοψ
2531 3462 2590 3514 τὸ
2613 3462 2832 3530 ἀγαπᾷν
2869 3460 2994 3520 τοὺς
3028 3456 3286 3527 ἐχθρούςσ
3314 3455 3375 3506 τὸ
3414 3452 3488 3521 μὴ
3527 3450 3803 3521 μοιχεύειν

2235 3554 2367 3624 μηδὲ
2415 3551 2660 3621 φονεύειν
2698 3550 2854 3622 [unus
2899 3549 3028 3619 Reg.
3073 3543 3330 3617 φθονεῖν],
3371 3543 3562 3597 καὶτὰ
3601 3541 3798 3594 λοιπόν

2229 3645 2385 3698 άτινα
2416 3645 2509 3697 καὶ
2550 3643 2914 3712 παραϐάντες,
2949 3637 3408 3709 κατακρινόμεθα.
3445 3635 3518 3687 Οὐ
3558 3633 3680 3685 κατ’
3716 3632 3802 3684 ὲνο

2227 3735 2386 3805 τολὴν
2415 3735 2493 3802 δὲ,
2527 3735 2588 3788 τὸ
2622 3731 2996 3805 παρθενεύειν,
3028 3733 3060 3800 ἡ
3094 3729 3324 3799 ἀγαμία,
3354 3729 3386 3796 ἡ
3416 3722 3796 3794 ἀκτημοσύνη,

2228 3825 2658 3899 ήάναχώρησις,
2713 3825 2808 3878 καὶ
2867 3823 2936 3876 τὰ
2979 3823 3125 3890 ἑξῆς.
3179 3819 3363 3873 Ταῦτα
3408 3816 3594 3886 δώρων
3635 3813 3798 3881 λόγον

2230 3920 2546 3988 ἐπέχουσιν·
2583 3917 2668 3969 ἵνα
2712 3916 2806 3969 ἐάν
2847 3931 2996 3978 τινας
3043 3911 3150 3964 τῶν
3190 3908 3415 3963 ἐντολῶν
3450 3903 3798 3975 κατορθῶσαι

2226 4010 2284 4076 ἐξ
2315 4008 2595 4069 ἀσθενείας
2620 4005 2694 4076 μὴ
2730 4002 3067 4074 δυνηθῶμεν,
3093 4001 3180 4054 διὰ
3202 4000 3310 4054 τῶν
3331 3998 3516 4069 δώρων
3542 3996 3629 4050 τὸν
3662 3995 3798 4065 ἀγα-

2226 4100 2318 4154 θὸν
2344 4099 2504 4172 ἡμῶν
2532 4094 2947 4167 ἐξιλεωσώμεθα
2969 4094 3263 4163 Δεσπότην.

2295 4290 2396 4358 ξη’.
2439 4284 2503 4339 Ὀ
2547 4285 2646 4355 τὴν
2689 4282 2930 4353 ἀγαμίαν
2971 4280 3144 4354 τιμῶν
3199 4279 3232 4349 ἢ
3278 4277 3593 4349 παρθενίαν,
3625 4278 3796 4344 ἀναγ-

2225 4379 2394 4442 καίως
2423 4376 2627 4445 ὀφείλει
2662 4375 2805 4445 ἔχειν
2839 4375 2937 4444 τὴν
2989 4375 3156 4440 ὀσφὺν
3206 4370 3671 4442 περιεζωσμένην,
3703 4369 3795 4423 καὶ

548 4457 674 4494 nam
702 4443 986 4498 ardentem
1011 4448 1052 4476 ¹¹
1087 4463 1099 4499 :
1133 4447 1350 4503 lumbos
1387 4450 1609 4518 quidem
1643 4453 1986 4520 praecinctos,
2021 4470 2120 4523 per

2231 4469 2313 4522 τὸν
2337 4443 2528 4538 λύχνον
2561 4443 2850 4532 καιόμενον
2871 4443 3008 4535 ’τὴν
3037 4463 3134 4533 μὲν
3169 4463 3338 4531 ὀσφὺν
3355 4460 3423 4514 δι’
3444 4459 3790 4530 ἐγκρατείας

550 4533 980 4600 continentiam;
1015 4537 1295 4592 lucernam
1325 4548 1506 4595 autem
1543 4542 1847 4608 ardentem,
1875 4560 1975 4614 per
2002 4561 2128 4616 pre-

551 4621 827 4678 cationem
871 4633 928 4680 et
971 4630 1490 4699 contemplationem
1527 4649 1592 4687 ac
1627 4634 1979 4691 dilectionem
2014 4637 2127 4707 spi-

550 4712 595 4765 ri
605 4712 787 4766 talem.

619 4804 708 4861 69.
749 4805 980 4873 Quidam
1038 4809 1304 4878 fratrum,
1355 4823 1647 4871 extraneos
1691 4833 1751 4872 se
1800 4835 1832 4873 a
1889 4819 2124 4889 Spiritus

547 4898 722 4952 sancti
753 4899 913 4954 donis
946 4902 1284 4958 existimant.
1316 4905 1428 4960 Nec
1458 4907 1603 4961 enim
1635 4919 1860 4976 norunt,
1887 4927 1993 4981 qua
2029 4929 2126 4968 ne-

545 4991 804 5060 gligentia
847 5007 910 5047 ac
953 4993 1164 5066 incuria
1205 4997 1392 5052 divina
1431 5000 1684 5055 mandata
1721 5015 2117 5074 exsequuntur,

545 5094 671 5134 eum
699 5083 792 5151 qui
824 5083 987 5138 {idem
1022 5086 1075 5139 in
1106 5086 1382 5142 Christum
1422 5089 1690 5155 sinceram
1719 5094 1905 5160 habet,
1934 5098 2120 5152 omnia

545 5171 734 5227 divina
760 5174 900 5229 dona
929 5177 1079 5231 velut
1106 5195 1215 5233 uno
1243 5182 1640 5250 comprehensa
1671 5185 1819 5240 fasce
1850 5188 1905 5242 in
1935 5190 2119 5260 seipse

618 5310 659 5341 ”
685 5310 705 5364 l
735 5310 874 5365 Tim.
903 5327 975 5378 Iv,
1008 5313 1060 5367 8.
1134 5315 1180 5348 ²⁰
1204 5315 1382 5373 Galat.
1415 5335 1468 5385 v,
1504 5321 1590 5376 16.
1663 5323 1705 5353 ’³
1733 5323 1868 5378 Luc.
1903 5341 1998 5391 ιιι,
2028 5325 2119 5381 55.

620 5451 682 5519 (t)
714 5456 858 5530 ζοὺς
899 5456 1250 5530 ὀφθαλμοὺς
1273 5461 1757 5517 κατακεντοῦντι.
1788 5463 1946 5530 Quod
1970 5473 2114 5529 erat,

547 5516 640 5600 Ξὺν
661 5516 802 5585 νοῦν,
824 5516 888 5577 ac
904 5516 1165 5600 mendose
1190 5516 1392 5600 Qbsop.
1421 5533 1627 5586 editum
1653 5516 1771 5588 erat
1794 5516 2115 5600 δοιίῖαῆξᾶ

552 5584 717 5671 gesti.
739 5593 1109 5671 emendatum,
1141 5584 1379 5652 animum
1402 5584 2116 5670 (quod

551 5656 668 5741 litat)
875 5662 1033 5741 plane
1067 5674 1256 5741 aptum
1289 5686 1300 5719 :
1335 5656 1606 5741 nec‘enim
1639 5656 2114 5741 spinteet'tribuli

555 5723 670 5783 (res
695 5723 903 5809 scilicet
942 5723 1228 5805 carpo-rea)
1265 5723 1808 5808 attinguntauim‘u'm
1837 5723 2115 5802 adiici;

2225 4560 2316 4613 τὸν
2349 4559 2406 4612 δὲ
2448 4558 2660 4628 λύχνον,
2691 4557 2778 4610 διὰ
2803 4555 3112 4628 προσευχῆς
3137 4554 3230 4608 καὶ
3278 4553 3510 4625 θεωρίας
3539 4552 3635 4605 καὶ
3661 4551 3795 4619 ἁγά-

2225 4667 2334 4720 πης
2367 4646 2764 4718 πνευματικῆς.

2296 4824 2392 4888 ξθί.
2432 4823 2590 4886 Τινὲς
2631 4821 2741 4876 τῶν
2781 4821 3047 4891 ἀδελφῶν,
3083 4821 3240 4884 ἐκτὸς
3279 4821 3504 4884 ἑαυτοὺς
3533 4816 3674 4874 εἶναι
3705 4838 3790 4873 νο-

2235 4915 2475 4987 μίζουσι,
2504 4915 2614 4970 τῶν
2638 4914 2735 4968 τοῦ
2779 4916 2936 4984 ἀγίου
2965 4914 3281 4985 Πνεύματος
3307 4914 3682 4985 χαρισμάτων.
3716 4913 3790 4966 Οὔ

2227 5009 2335 5080 γάρ
2366 5010 2513 5062 ἴσασι
2560 5007 2650 5061 διά
2680 5007 2778 5078 τὴν
2803 5007 3065 5078 ἀμέλειαν
3102 5007 3200 5077 τῆς
3227 5005 3336 5059 τῶν
3366 5005 3596 5059 ἐντολῶν
3625 5005 3792 5074 ἐργα-

2227 5100 2370 5164 σίας,
2403 5101 2486 5154 ὅτι
2515 5102 2543 5152 ὁ
2576 5099 2675 5169 τὴν
2709 5101 2788 5163 είς
2811 5099 3044 5170 Χριστὸν
3090 5099 3272 5151 πίστιν
3310 5098 3596 5152 ἀνόθευτον
3627 5097 3788 5166 ἔχων,

2224 5193 2402 5246 πάντα
2431 5191 2499 5246 τὰ
2532 5191 2650 5246 θεῖα
2678 5191 2991 5263 χαρίσματα
3018 5189 3321 5262 συλλήϐδην
3351 5189 3464 5261 ἔχει
3503 5191 3560 5242 ἐν
3591 5189 3790 5261 ἑαυτῷ.

2221 5474 2331 5522 tem
2382 5470 2519 5543 (rem
2539 5477 2778 5543 _ut1que_
2791 5469 3122 5543 spiritalem)
3151 5479 3213 5525 ut
3248 5471 3319 5543 in_
3350 5471 3430 5526 eis
3476 5474 3789 5543 exemplum

2260 5553 2428 5613 onere
2468 5539 2722 5613 debuerit
2761 5539 3045 5613 Maximus.
3091 5541 3262 5595 Seeus
3308 5541 3364 5595 in
3413 5543 3609 5613 oculis,
3637 5539 3790 5613 quos

2242 5608 2309 5661 liS
2331 5611 2620 5684 compungi
2641 5609 3019 5684 gravissimum
3047 5619 3150 5684 est,
3178 5619 3314 5684 utet
3357 5612 3506 5684 qu_od_
3543 5614 3630 5667 illa
3664 5608 3790 5684 '(ad-

2220 5691 2377 5732 versa
2402 5679 2613 5736 scilicet
2637 5679 2893 5736 Charitati
2927 5680 3076 5752 vitia)
3113 5681 3169 5736 in
3204 5679 3390 5737 animo
3419 5682 3646 5739 habeas.
