4140 6322
618 387 749 461 tom
1786 391 1846 450 s.
1889 384 2174 449 MAXIMI
2213 380 2719 446 CONFESSORIS
3335 358 3341 367 '
3699 369 3813 437 1068

686 509 776 565 76.
814 506 1062 562 Emunda
1104 504 1349 560 animum
1392 510 1546 558 tuum
1581 501 1649 556 ab
1691 500 1772 553 ira
1801 505 1857 553 et
1887 496 2188 558 simultate,
2222 497 2264 553 Α

2178 532 2188 558 ,
2222 497 2264 553 Α
2367 499 2475 558 ος’.
2517 492 2765 564 Κάθαιρε
2803 488 2897 541 τὸν
2937 486 3063 541 νοῦν
3098 500 3192 538 σου
3223 481 3333 537 ἀπὸ
3362 480 3551 553 ὀργῆς,
3585 479 3673 533 καὶ
3697 500 3813 551 μνη-

617 616 682 662 ae
720 603 974 674 turpibus
1012 598 1459 672 cogitationibus.
1509 597 1680 667 ldque
1715 593 1811 649 ubi
1842 588 2191 663 praestiteris,

2177 626 2191 653 ,
2295 585 2570 649 σικακίας,
2602 584 2698 638 καὶ
2738 581 2846 635 τῶν
2887 578 3130 649 αἰσχρῶν
3157 572 3446 645 λογισμῶν.
3482 572 3586 626 Καὶ
3612 572 3722 626 τότε
3744 571 3812 626 δυ-

619 666 1017 753 ἰηιιοὺίίειηιοω
1045 666 1325 748 Christum
1353 705 1515 745 nosse
1548 666 1775 759 poteris.

2293 680 2433 750 νήσῃ
2458 677 2661 747 γνῶναι
2691 675 2791 747 τὴν
2821 671 2916 727 τοῦ
2943 668 3181 742 Χριστοῦ
3209 666 3498 738 ἐνοίκησιν.

689 790 774 844 77.
812 786 948 854 Quis
984 794 1037 841 te
1075 783 1405 839 illuminavit
1447 781 1503 835 in
1540 756 1703 834 fidem
1741 787 1941 832 sanctae
1971 782 2027 828 et
2065 787 2197 826 con-

2181 802 2197 812 -
2364 769 2458 834 ot’.
2502 768 2599 833 Τίς
2633 784 2690 820 σε
2722 767 2989 835 ἐφώτισεν
3020 765 3101 826 εἰς
3123 761 3225 832 τὴν
3249 760 3430 813 πίστιν
3450 758 3547 829 τῆς
3574 756 3721 825 ἀγίας
3738 757 3816 811 καὶ

618 878 996 937 substantialis
1048 891 1112 931 ae
1172 872 1463 929 adorandae
1526 856 1849 933 Trinitatis;
1913 875 2010 920 aut
2071 863 2196 932 quis

2182 878 2196 917 ἰ
2293 859 2577 931 ὁμοουσίου
2612 859 2706 913 καὶ
2733 858 3116 928 προσκυνητῆς
3145 851 3375 923 Τριάδος
3397 848 3545 919 (47);
3580 846 3714 918 ἢτίς
3749 864 3817 899 σοι

617 970 1047 1045 dispensationis
1095 971 1151 1023 in
1201 983 1367 1023 carne
1417 965 1579 1020 unius
1622 979 1653 1019 e
1690 943 1881 1018 sancta
1927 956 2195 1012 Trinitate

2182 969 2195 1009 ι
2295 951 2559 1022 ἐγνώρισε
2588 950 2688 1021 τὴν
2714 950 2978 1020 ἔνσαρκον
2997 943 3307 1015 οἰκονομίαν
3328 941 3421 995 τοῦ
3443 940 3560 1004 ἑνὸς
3576 940 3665 1011 τῆς
3685 940 3817 1008 ἁγίας

619 1067 871 1122 notitiam
917 1062 1137 1119 intulit?
1166 1060 1301 1127 Quis
1341 1072 1475 1113 vero
1514 1054 1810 1125 spirituum
1848 1065 1945 1105 seu
1983 1047 2196 1102 animo-

2184 1074 2196 1086 -
2295 1045 2549 1117 Τριάδος;
2587 1043 2685 1108 Τίς
2734 1041 2792 1095 δέ
2821 1057 2880 1094 σε
2937 1037 3141 1104 ἐδίδαξε
3200 1038 3329 1099 τοὺς
3376 1033 3507 1104 περὶ
3550 1033 3819 1101 ἀσωμάτων

620 1175 743 1214 rum
779 1158 1022 1213 rationes
1062 1154 1270 1216 docuit,
1306 1150 1388 1205 vel
1430 1163 1545 1213 eas,
1581 1162 1701 1217 qua:
1740 1142 1810 1199 ad
1847 1148 2032 1197 ortum
2072 1152 2196 1208 spe-

2183 1169 2196 1179 -
2294 1135 2575 1205 λόγυυς,ἢ
2617 1136 2743 1197 τοὺς
2788 1133 2916 1203 περὶ
2966 1130 3234 1199 γενέσεως
3286 1128 3382 1181 καὶ
3430 1123 3720 1187 συντελείας
3740 1123 3818 1176 τοῦ

619 1258 769 1307 ctant
834 1264 897 1304 ac
956 1243 1488 1302 consummationem
1550 1236 1743 1292 mundi
1807 1233 1973 1303 hujus
2021 1228 2196 1284 oculis

2184 1244 2196 1283 ι
2297 1226 2579 1298 ὁρωμένου
2632 1225 2838 1295 κόσμου
2859 1239 2874 1254 ο
2907 1222 2942 1292 ἢ
2986 1221 3115 1292 περὶ
3161 1219 3262 1288 τῆς
3293 1220 3357 1271 ὲκ
3384 1215 3591 1288 νεκρῶν
3620 1215 3819 1270 ἀναστὰν

619 1339 1006 1412 aspectabilis,
1055 1337 1170 1391 sive
1212 1334 1381 1390 etiam
1427 1330 1496 1386 ad
1543 1326 2005 1384 resurrectionem
2049 1337 2197 1376 mor-

2185 1351 2197 1361 -
2298 1335 2436 1381 σεως
2466 1328 2560 1370 καί
2588 1316 2808 1370 αίωνίου
2834 1314 3003 1385 ζωῆς,
3033 1314 3066 1384 ἢ
3103 1312 3234 1382 περὶ
3262 1312 3356 1380 τῆς
3391 1307 3546 1378 δόξης
3568 1308 3662 1378 τῆς
3697 1306 3809 1377 βασι-

623 1442 843 1486 tuorum
867 1437 923 1486 et
944 1430 1112 1483 vitam
1136 1435 1419 1490 maternam,
1437 1422 1523 1478 vel
1548 1419 1613 1476 ad
1636 1418 1866 1491 gloriam
1888 1425 1944 1472 et
1968 1428 2195 1485 regnum

2186 1429 2195 1466 l
2296 1411 2447 1475 λείας
2478 1408 2587 1463 τῶν
2611 1407 2877 1480 οὐρανῶν,
2916 1406 3009 1461 καὶ
3038 1405 3137 1475 τῆς
3162 1403 3403 1474 φοϐερᾶς
3447 1401 3695 1471 κρίσεως
3711 1399 3821 1470 Οὐχὶ

619 1524 886 1578 caelorum
940 1516 1401 1585 tremendumque
1442 1510 1752 1585 judicium?
1795 1506 1956 1579 455
2005 1504 2197 1559 Nonne

2185 1517 2197 1556 ξ
2298 1505 2332 1574 ἡ
2351 1502 2513 1574 χάρις
2536 1500 2630 1555 τοῦ
2656 1498 2893 1571 Χριστοῦ
2924 1499 2956 1567 ἡ
2984 1496 3268 1550 ἐνοικοῦσα
3312 1496 3373 1547 ὲν
3399 1493 3511 1557 σοί;
3560 1492 3674 1563 ἥτις
3701 1491 3820 1543 ἐστὶν

620 1632 741 1687 quae
785 1614 838 1668 in
885 1622 936 1668 te
980 1611 1195 1666 habitat
1235 1582 1456 1687 Christi
1482 1603 1681 1676 gratia,
1722 1608 1915 1669 estque
1959 1596 2197 1651 arrhabo

2185 1612 2197 1648 ι
2297 1597 2325 1646 6
2353 1592 2608 1667 ἀρραϐὼν
2646 1591 2739 1646 τοῦ
2773 1591 2929 1659 ἀγίου
2955 1589 3311 1658 Πνεῦματοςς
3347 1585 3414 1639 Τί
3449 1583 3626 1655 μεῖζον
3648 1582 3820 1652 ταύτης

621 1674 796 1763 sancti
828 1704 1098 1776 Spiritus?
1131 1700 1273 1770 Quid
1310 1680 1413 1753 hac
1457 1674 1634 1767 majus
1681 1692 1894 1766 gratia?
1926 1698 2022 1744 aut
2063 1686 2196 1758 quid

2188 1686 2196 1741 Ι
2298 1687 2397 1757 τῆς
2442 1687 2696 1758 χάριτος;
2741 1684 2774 1755 ἢ
2825 1683 2877 1736 τί
2916 1684 3165 1753 κρεῖττον
3193 1678 3397 1748 ταύτης
3421 1678 3520 1748 τῆς
3550 1674 3725 1745 σοφίας
3749 1674 3823 1726 καὶ

622 1792 725 1853 hac
768 1793 1117 1867 priestantius
1158 1789 1426 1861 sapientia
1462 1796 1519 1842 et
1562 1785 1823 1849 scientia,
1861 1781 2064 1853 quidve
2107 1779 2194 1841 iis,
2228 1839 2257 1867 ῃ

2187 1820 2269 1867 ,η
2300 1778 2394 1849 τῆς
2448 1776 2741 1848 γνὼσεως;
2785 1775 2819 1846 ἢ
2857 1773 2909 1827 τί
2957 1772 3063 1826 τῶν
3107 1768 3452 1839 ἐπαγγελιῶν
3501 1767 3822 1867 ὑψηλότερονς

624 1839 725 1853 ...ιν
768 1839 1116 1867 ,μων-..ηυ-
1159 1839 1426 1861 ﬁrm---“
1470 1839 1516 1842 ν-
1572 1839 1613 1841 η
1657 1839 1663 1840 κ
1727 1839 1731 1840 ν
1812 1839 1822 1849 ,
1879 1839 1896 1853 ,
2183 1839 2189 1841 ,

621 1904 744 1958 quae
781 1884 1049 1956 promissa
1083 1890 1234 1946 sunt,
1270 1878 1599 1935 sublimius?
1632 1876 1726 1932 Sin
1769 1882 1951 1929 autem
1992 1873 2198 1926 inertes
2228 1839 2256 1895 Ε

2188 1886 2198 1925 i
2228 1839 2271 1895 Β
2300 1839 2652 1940 Είήδὲυὲσμεν
2700 1839 2861 1939 ἀργοὶ
2893 1864 2986 1918 καὶ
3029 1861 3270 1934 ἀμελεῖς,
3301 1860 3397 1914 καὶ
3429 1859 3501 1929 μὴ
3533 1855 3823 1926 καθαίρομεν

622 1989 925 2047 segnesque
969 1987 1178 2037 sumus,
1215 1985 1316 2025 nec
1350 1987 1381 2025 a
1424 1966 1940 2039 perturbationibus
1968 1978 2032 2018 ac
2064 1960 2199 2016 affe-

2301 1961 2526 2024 ὲαυτοῦς
2559 1957 2666 2012 τῶν
2713 1956 3030 2012 κωλυόντων
3076 1953 3244 2024 ἡμᾶς,
3280 1952 3378 2006 καὶ
3422 1950 3513 2003 τὸν
3559 1948 3674 2003 νοῦν
3701 1946 3826 2019 ήμῶν
3915 1998 3924 2013 ,

622 2042 806 2119 ctibus
839 2042 1299 2132 impedientibus
1356 2068 1706 2128 mentemque
1761 2053 2199 2118 exeieeantibus,

2192 2094 2199 2117 .
2300 2055 2708 2125 ὲκτυφλούντων
2742 2050 2947 2115 παθῶν,
2979 2048 3119 2102 ὥστε
3140 2047 3402 2102 δύνασθαι
3430 2045 3522 2099 καὶ
3552 2042 3827 2115 τρανότερον

622 2171 723 2209 nos
770 2155 872 2224 ipsi
914 2152 1298 2213 emundamus,
1339 2158 1401 2203 ut
1437 2149 1522 2203 vel
1571 2148 1690 2218 ipso
1725 2146 1928 2200 clarius
1959 2144 2073 2199 sole
2104 2143 2204 2197 ho-

2190 2173 2204 2183 -
2303 2148 2456 2220 ήλίου
2486 2147 2612 2209 τοὺς
2642 2142 3000 2217 περὶτούτων
3029 2140 3221 2209 λόγους
3242 2138 3400 2210 ὁρᾷν,
3438 2134 3652 2196 ἑαυτοὺς
3677 2133 3825 2184 αίτια-

623 2263 745 2299 ium
781 2246 1024 2300 rationes
1050 2243 1240 2298 videre
1261 2241 1558 2312 possimus,
1594 2240 1648 2292 in
1684 2254 1786 2293 nos
1812 2238 1959 2308 ipsos
1982 2250 2203 2292 causam

2192 2251 2203 2288 ι
2304 2238 2550 2311 σὼμεοα,
2586 2237 2683 2291 καὶ
2715 2236 2789 2307 μὴ
2814 2234 2913 2305 τὴν
2942 2234 3039 2304 τῆς
3064 2230 3285 2302 χάριτος
3317 2226 3590 2296 ἐνοίκησιν
3619 2219 3827 2295 ἀρνησὼ·

624 2337 929 2391 roferamus
960 2377 972 2398 ,
1024 2349 1127 2387 nec
1171 2347 1290 2402 qua:
1345 2332 1400 2384 in
1454 2328 1616 2384 nobis
1671 2328 1916 2393 habitat,
1973 2327 2203 2398 gratiam
2306 2326 2465 2399 μεθα.

627 2428 981 2498 abnegemus.

696 2481 801 2597 78:
819 2516 922 2582 Qui
955 2516 1051 2570 tibi
1100 2522 1305 2569 aeterna
1366 2513 1509 2567 bona
1554 2510 1831 2581 pollicitus
1872 2517 1975 2573 est,
2037 2499 2203 2572 Deus,

2195 2548 2203 2571 ,
2376 2508 2475 2571 οην.
2548 2499 2605 2554 Ὀ
2670 2494 3139 2566 ὲπαγγειλάμενός
3200 2508 3280 2545 σοι
3357 2488 3491 2552 Θεὸς
3557 2485 3622 2544 τὰ
3673 2481 3830 2540 αἰώνια

625 2592 792 2675 inque
832 2613 926 2659 tuo
953 2611 1174 2674 pectore
1221 2600 1460 2670 Spiritus
1515 2574 1881 2652 arrhabonem
1927 2594 2097 2659 dedit,
2138 2595 2204 2661 is,

2194 2636 2204 2661 ,
2306 2593 2508 2663 ἀγαθὰ,
2559 2590 2654 2645 καὶ⁵
2700 2589 2793 2643 τὸν
2854 2585 3151 2659 ἀρῤαόῶνα
3204 2583 3300 2636 τοῦ
3334 2580 3645 2650 Πνεύματος
3683 2577 3733 2628 ὲν
3777 2574 3829 2642 τῇ

628 2667 821 2768 magna
848 2667 978 2751 cura
1029 2710 1093 2747 ac
1126 2667 1409 2763 diligentia
1450 2691 1576 2745 vitae
1622 2690 1866 2744 rationes
1910 2687 2009 2742 tibi
2050 2686 2209 2741 insti-

2197 2715 2209 2726 -
2307 2687 2504 2758 καρδίᾳ
2549 2681 2796 2743 δεδωκὼς
2821 2720 2836 2745 ,
2908 2677 3212 2732 ἐνετείλατό
3261 2692 3352 2729 σοι
3407 2667 3751 2743 ἐπιμελεῖσθαί
3787 2681 3832 2718 σε

626 2788 857 2844 tuendas
886 2785 1178 2857 praecepit;
1221 2793 1281 2838 ut
1308 2783 1474 2838 homo
1521 2781 1751 2837 interior
1799 2781 1868 2835 ab
1922 2779 2210 2835 aﬂ‘eetibus

2198 2796 2210 2835 ι
2304 2757 2399 2829 τοῦ
2433 2775 2571 2845 βίου,
2611 2773 2699 2827 ἵνα
2756 2773 2783 2825 6
2835 2770 2941 2823 ἔσω
2996 2767 3283 2839 ἄνθρωπος
3323 2764 3443 2818 τῶν
3491 2761 3666 2817 παθῶν
3712 2757 3833 2811 ἐλευ-

626 2869 793 2951 atqiie
845 2878 993 2933 vitiis
1046 2877 1330 2941 liberatus,
1377 2876 1487 2945 jam
1532 2883 1647 2927 tum
1696 2871 1861 2926 bonis
1909 2869 2018 2924 frui
2068 2869 2208 2924 inci-

2201 2899 2208 2909 -
2308 2864 2588 2937 θερωθεὶς,
2616 2862 2845 2934 ἄρξηται
2877 2859 3210 2915 ἀπεεθτεῦθεν
3232 2858 3335 2928 τῆς
3372 2856 3479 2911 τῶν
3503 2851 3706 2922 ἀγαθῶν
3726 2850 3836 2903 ἀπο-

633 2982 807 3042 peret.

2306 2957 2570 3019 λαύσςως.

624 3058 629 3063 ’
701 3064 788 3116 79.
840 3061 1157 3115 Divinorum
1211 3071 1274 3112 ac
1322 3053 1641 3111 sublimium
1684 3050 2207 3121 contemplationum

2204 3070 2207 3103 |
2378 3051 2475 3104 οϐ’.
2521 3050 2644 3103 Τῶν
2683 3049 2843 3103 θείων
2871 3047 2967 3101 καὶ
3005 3044 3227 3116 ὑψηλῶν
3275 3039 3639 3106 καταξιωθεὶς
3666 3035 3839 3103 θεωρη-

632 3171 856 3223 rempos
907 3154 1157 3215 etfeetus,
1192 3162 1443 3219 magnam
1473 3144 1827 3201 charitatiac
1860 3141 2210 3198 continentice
2238 3174 2267 3233 ί

2202 3159 2210 3193 ε
2238 3174 2279 3233 c
2316 3145 2501 3214 μάτων
2522 3181 2537 3206 ,
2570 3139 2777 3233 σφόδρα
2825 3136 3088 3208 ἐπιμελοῦ
3120 3135 3356 3233 ἀγάπης
3385 3133 3478 3188 καὶ
3518 3125 3802 3233 ἐγκρατείὲις
3828 3134 3837 3150 ⁸

635 3214 973 3316 diligentiam
1001 3214 1182 3296 habe:
1213 3214 1323 3309 quo
1343 3253 1539 3307 nempe
1558 3243 1770 3307 partem
1801 3233 1968 3288 animi
2002 3230 2213 3287 aﬂecti-
2239 3214 2270 3233 ν

2200 3262 2213 3272 -
2239 3214 2279 3233 ν
2315 3235 2404 3289 ἴνα
2434 3233 2494 3285 τὸ
2534 3229 2838 3300 παθητικὴν
2888 3229 3163 3299 ἀτάραχον
3191 3225 3569 3295 διαφυλάττων
3589 3260 3604 3286 ,
3630 3214 3835 3273 ἀνέκλει-

633 3341 737 3392 bus
759 3334 1071 3399 obnoxiam,
1109 3330 1561 3406 imperturbatam
1614 3342 1859 3392 servans,
1896 3325 2216 3381 indeﬁciens

1743 3342 1859 3392 ans,
1896 3325 2216 3381 indeliciens
2314 3344 2446 3380 πτον
2477 3322 2606 3396 ἓξῃς
2633 3323 2693 3376 τὸ
2720 3323 2820 3394 τῆς
2847 3321 3026 3392 ψυχῆς
3058 3318 3281 3388 φέγγος.
3372 3340 3378 3356 ι

636 3429 804 3484 animi
827 3428 989 3499 jubar
1015 3425 1284 3481 obtineas.
3069 3418 3075 3425 ~
3306 3406 3328 3425 -ν

708 3518 792 3571 80.
827 3489 1158 3570 irascentem
1209 3511 1378 3568 animi
1430 3518 1642 3580 partem
1683 3508 1955 3563 charitate
2017 3505 2213 3571 frena;

2198 3521 2213 3571 ;
2388 3514 2462 3562 π’.
2501 3505 2574 3559 Τὸ
2622 3502 2852 3575 θυμικὸν
2898 3500 2997 3572 τῆς
3046 3497 3259 3570 ψυχῆς,
3320 3496 3506 3565 ἀγάπῃ
3546 3489 3833 3580 χαλίνωσον·

638 3611 865 3679 ejusque
897 3614 1104 3676 partem
1131 3602 1609 3672 concupiscentem
1642 3598 1995 3655 continentiae
2016 3598 2219 3652 labori-

2200 3629 2219 3638 -
2318 3600 2414 3654 καὶ
2437 3598 2497 3650 τὸ
2519 3592 2917 3665 ἐπιθυμητικὸν
2940 3591 3110 3661 αὐτῆς
3159 3587 3459 3659 ἐγκρατείᾳ
3480 3579 3835 3679 καταμαρανονὶ

641 3699 745 3751 lius
772 3692 1025 3751 ma'eera:
1080 3694 1189 3748 vim
1244 3701 1428 3747 autem
1489 3690 1718 3745 rationis
1763 3687 2029 3744 orationis
2068 3685 2218 3741 cultu

2204 3702 2218 3739 l
2320 3692 2415 3746 καὶ
2446 3691 2507 3744 τὸ
2549 3664 2767 3757 λογικὸν
2803 3685 2973 3755 αὐτῆς
3013 3683 3293 3753 προσευχῇ
3350 3679 3657 3750 πτέρωσον·
3696 3664 3839 3724 καὶτὸ

640 3788 931 3841 sublimem
950 3785 1101 3850 leva;
1131 3797 1232 3838 nec
1261 3780 1398 3836 ullas
1426 3793 1665 3850 unquam
1688 3776 1887 3833 mentis
1907 3784 2013 3831 tua:
2033 3775 2221 3830 lumen

1744 3776 1887 3833 culis
1907 3784 2013 3831 tua!
2033 3775 2221 3830 lumen
2322 3784 2437 3853 φῶς
2467 3781 2560 3836 τοῦ
2591 3779 2683 3833 νοῦ
2709 3779 2810 3832 οῦκ
2839 3773 3186 3848 ἀμαυροῦται
3218 3789 3376 3826 ποτε.

640 3877 902 3931 tenebras
933 3876 1201 3929 incurret.

715 3968 803 4023 81.
843 3967 975 4032 Qua:
1033 3963 1388 4020 dilectionem
1437 3960 1680 4025 solvunt,
1728 3959 1846 4013 hac
1885 3956 2001 4013 fere
2058 3964 2219 4022 sunt;

2203 3973 2219 4022 ὅ
2395 3960 2509 4017 πα⁹.
2562 3959 2645 4013 Τά
2672 3958 2771 4031 τὴν
2819 3956 3043 4028 ἀγάπην
3094 3953 3318 4017 λύοντα,
3354 3953 3463 4006 sict
3508 3946 3701 4004 ταῦτα·
3731 3934 3837 4000 οἷον.

644 4076 864 4130 nempe,
892 4059 1187 4112 detractus
1220 4055 1418 4120 honor,
1447 4051 1633 4107 damni
1684 4050 1822 4105 illati
1864 4049 2082 4121 injuria,
2134 4062 2225 4103 ca-

2206 4078 2225 4088 -
2325 4054 2536 4124 ἀτιμία,
2570 4051 2766 4124 ζημία,
2800 4047 3156 4118 συκοφαντία,
3186 4044 3220 4116 ἢ
3252 4045 3339 4109 είς
3362 4044 3561 4105 πίστιν,
3584 4041 3614 4111 ἢ
3638 4038 3709 4099 είς
3734 4033 3841 4130 βίους

643 4146 874 4211 tumnia,
907 4145 1021 4201 sive
1048 4143 1103 4197 in
1132 4142 1259 4208 ﬁde,
1293 4142 1408 4198 sive
1429 4141 1487 4195 in
1515 4140 1627 4195 vita
1658 4154 1724 4195 ac
1772 4138 2052 4204 moribus;
2097 4154 2225 4193 ver-

2208 4163 2225 4176 -
2326 4122 2526 4218 δαρμοὶ
2553 4187 2567 4208 ,
2618 4122 2826 4212 πληγαὶ
2852 4180 2868 4206 ,
2916 4139 3012 4193 καὶ
3046 4137 3116 4191 τὰ
3148 4137 3277 4207 ἑξῆς
3301 4154 3316 4168 ·
3353 4137 3449 4190 καὶ
3476 4130 3695 4201 ταῦταῆ
3725 4122 3843 4193 αὐτῷ

647 4241 800 4301 hera,
832 4238 1080 4301 vulnera,
1127 4241 1235 4288 etc.
1282 4234 1461 4302 Atque
1504 4231 1623 4286 haec
1654 4229 1740 4285 vel
1778 4244 1900 4300 quae
1929 4227 2034 4298 ipsi
2091 4242 2226 4283 con-

2208 4258 2226 4269 ·
2330 4236 2711 4308 συμϐαίνοντα,
2745 4234 2779 4303 ἦ
2813 4250 2920 4285 τινι
2959 4230 3066 4284 τῶν
3100 4228 3265 4283 αὑτοῦ
3315 4224 3650 4298 συγγενῶνῆ
3693 4219 3843 4289 (900W-

646 4332 884 4400 tingant,
916 4327 1002 4382 vel
1034 4340 1158 4396 quae
1200 4322 1443 4378 aﬂinium
1491 4322 1729 4393 cuipiam
1772 4337 1870 4376 seu
1925 4318 2227 4375 amicorum

2208 4335 2227 4373 ι
2341 4329 2400 4382 '0
2425 4323 2519 4381 οὖν
2544 4326 2633 4380 διά
2667 4343 2717 4379 τι
2753 4324 2957 4378 τούτων
2990 4322 3132 4376 λύων
3157 4321 3257 4393 τὴν
3290 4321 3533 4390 ἀγάπην,
3576 4312 3712 4370 οὔπω
3734 4308 3843 4376 ἔγνω

653 4425 984 4491 irrogentur.
1010 4417 1113 4484 Qui
1145 4417 1312 4488 igitur
1342 4415 1542 4470 horum
1597 4415 1831 4485 alicujus
1862 4427 2027 4468 causa
2086 4411 2227 4465 dile-

1880 4427 2027 4468 331133
2086 4411 2227 4465 (Ῑίιθ-
2329 4425 2414 4487 τίς
2440 4425 2469 4478 6
2497 4420 2696 4485 σκοπὸς
2728 4419 2839 4474 τῶν
2871 4416 2966 4471 τοῦ
2996 4413 3244 4488 Χριστοῦ
3262 4411 3515 4468 ἐντολῶν.

658 4511 897 4564 nionem
918 4507 1165 4562 solvitac
1189 4506 1535 4568 charitatem,
1588 4504 1635 4560 is
1681 4503 1918 4558 necdum
1973 4501 2226 4572 quisnam
2261 4507 2305 4562 ο

665 4604 790 4656 ﬁnis
821 4603 893 4657 sit
914 4600 1297 4654 mandatorum
1329 4587 1532 4653 Christi
1560 4596 1835 4668 cognovit.

734 4692 819 4744 82.
876 4688 1044 4744 Stude
1097 4696 1300 4758 quanta
1351 4686 1582 4741 facultas
1637 4667 1887 4756 quemvis
1942 4685 2229 4739 hominum

2213 4700 2229 4738 ι
2404 4680 2515 4753 πβ’.
2568 4679 2876 4733 Σπούδασον
2927 4678 3053 4733 ὅσον
3105 4677 3330 4746 δύνασαι
3390 4675 3567 4729 πάντα
3612 4667 3848 4758 ἀνθρωτον

657 4783 905 4852 diligere.
947 4778 1041 4835 Sin
1069 4787 1253 4834 autem
1286 4778 1340 4832 id
1377 4777 1612 4832 necdum
1647 4786 1904 4846 praestare
1929 4777 2100 4841 vales,
2145 4777 2231 4831 vel

2215 4777 2231 4830 Ι
2334 4774 2641 4842 ἀγαπῆσαι.
2674 4772 2737 4824 Et
2783 4771 2841 4824 δὲ
2871 4768 3028 4823 τοῦτο
3060 4768 3213 4821 οὔπω
3251 4767 3518 4831 δύνασαι,
3553 4762 3649 4818 κᾶν
3686 4753 3850 4852 μηδίνςι

654 4884 805 4929 certe
839 4871 1115 4927 neminem
1173 4869 1377 4925 oderis.
1406 4868 1484 4923 Ac
1532 4883 1602 4921 ne
1657 4867 1763 4922 hoc
1813 4866 2037 4937 quidem
2084 4867 2235 4921 vales

2216 4882 2235 4921 ε
2338 4840 2593 4937 μισήσῃς.
2631 4863 2706 4916 Οὐ
2755 4861 2981 4915 δύνασαι
3029 4859 3086 4914 δὲ
3116 4860 3237 4913 οὐδὲ
3264 4858 3423 4912 τοῦτο
3454 4855 3698 4925 ποιῆσαι,
3729 4845 3770 4898 εἰ
3794 4840 3851 4911 μὴ

655 4968 685 5036 ἰ·
699 4969 941 5030 nestare,
972 4963 1079 5017 nisi
1103 4976 1225 5031 quae
1243 4969 1373 5016 sunt
1399 4959 1590 5014 mundi
1618 4957 2036 5027 contempseris.

2002 4973 2036 5013 Ξ.
2333 4959 2443 5012 τῶν
2465 4957 2560 5012 τοῦ
2594 4957 2801 5027 κόσμου
2832 4955 3175 5027 πραγμάτων
3201 4952 3637 5023 καταφρονήσῃς.

728 5058 815 5112 85.
856 5029 981 5110 Tibi
1008 5029 1211 5123 aliquis
1241 5050 1563 5106 maledixit?
1588 5049 1665 5103 Ne
1718 5048 1869 5103 illum
1900 5048 2105 5113 oderis,
2137 5048 2233 5103 sed

2217 5048 2233 5102 Ι
2408 5055 2519 5118 πγ’.
2566 5047 2625 5101 ὐ
2649 5047 2797 5100 δεῖνα
2826 5044 3220 5115 ἐϐλασφήμησε
3243 5059 3257 5072 ο
3302 5040 3379 5113 μὴ
3411 5039 3642 5111 μισήσῃς
3668 5029 3852 5085 ἐκεῖνον.

660 5151 808 5221 quod
843 5150 900 5203 in
934 5157 986 5201 te
1031 5148 1292 5217 jactatum
1320 5153 1406 5199 est
1468 5141 1842 5205 maledictum,
1879 5141 2106 5211 ejusque
2137 5139 2236 5211 'ja-

2220 5172 2236 5182 -
2339 5136 2475 5190 ἀλλὰ
2504 5136 2601 5208 τὴν
2644 5134 3016 5207 βλασφημίαν,
3049 5131 3144 5186 καὶ
3180 5131 3272 5185 τὸν
3304 5124 3684 5200 βλασφημῆσαι
3720 5125 3855 5184 παρα·

661 5240 847 5296 ctandi
876 5246 1183 5295 auctorem.
1218 5235 1521 5290 diabolum.
1554 5232 1647 5289 Sin
1680 5240 1861 5286 autem
1899 5232 2074 5301 ipsum
2102 5232 2235 5285 ode-

2220 5260 2235 5272 -
2342 5227 2692 5281 σκευάσαντα
2736 5224 2990 5296 δαίμονα.
3055 5223 3118 5277 Εί
3175 5222 3231 5275 δὲ
3291 5221 3384 5273 τὸν
3438 5211 3855 5289 βλασφημήσαντα

663 5333 760 5396 ris,
794 5332 889 5401 qui
926 5328 1229 5394 maledixit,
1252 5326 1533 5382 hominem
1556 5323 1742 5389 odisti,
1770 5338 2007 5393 reusque
2030 5340 2091 5377 es
2118 5323 2232 5377 vio-

2220 5352 2232 5363 '
2344 5323 2544 5391 μισεῖς,
2575 5320 2862 5390 ἄνθρωπον
2911 5319 3203 5390 ἐμίσησας,
3236 5317 3331 5371 καὶ
3362 5314 3462 5383 τὴν
3507 5306 3855 5401 ἐντολὴν-παρτ

662 5421 757 5474 lati
791 5383 1031 5474 mandati
1061 5436 1077 5472 :
1109 5433 1174 5474 ac
1229 5416 1376 5487 quod
1428 5416 1520 5471 ille
1579 5414 1711 5470 fecit
1764 5383 1954 5476 verbo,
2008 5422 2063 5466 tu
2105 5412 2239 5467 facis

2221 5428 2239 5467 ε
2343 5383 2475 5483 ἔϐης
2501 5383 2641 5466 ἑἓκιιιὶ
2664 5383 2803 5482 ὅπερ
2832 5383 3040 5474 ἐκεῖνος
3065 5383 3151 5479 ’τῷ
3175 5409 3319 5477 λόγῳ
3352 5402 3590 5473 ἐποίησεν
3621 5393 3772 5487 mei“
3806 5383 3856 5487 ῗὺ

648 5510 853 5579 opere.
878 5509 975 5566 Sin
999 5518 1185 5564 autem
1214 5524 1400 5564 servas
1421 5506 1761 5569 mandatum,
1786 5520 1907 5575 qua:
1928 5503 2240 5560 dilectionis

2221 5520 2240 5560 ὃ
2343 5476 2442 5573 τῷ.
2472 5502 2639 5573 ἔργῳ.
2692 5476 2863 5555 Είῑδὲ
2911 5500 3009 5572 τὴν
3062 5476 3279 5569 ἐντολὴν
3329 5495 3642 5565 φυλάττεις,
3688 5481 3747 5536 τὰ

666 5607 815 5664 sunt,
846 5600 1066 5664 exhibe,
1095 5615 1159 5655 ac
1192 5600 1237 5654 si
1270 5600 1401 5669 quid
1435 5613 1533 5667 per
1569 5567 1885 5653 facultatem
1923 5596 2070 5661 licet,
2098 5595 2239 5650 ferto

2224 5610 2239 5648 δ
2345 5567 2568 5664 diditus
2591 5567 2854 5657 ὲπίδειξαι
2873 5608 2888 5623 ⁸
2915 5567 3011 5646 καὶ
3050 5593 3103 5645 εί
3131 5608 3183 5644 τι
3213 5567 3461 5652 δύνασαι,
3497 5580 3760 5653 βοήθησον,
3791 5567 3859 5619 ἵνα

666 5704 851 5758 opem,
879 5698 939 5743 ut
968 5705 997 5743 a
1024 5690 1169 5744 malo
1192 5690 1414 5745 liberes.

2344 5685 2439 5738 τοῦ
2471 5685 2643 5740 κακοῦ
2673 5685 2835 5740 αὑτὸν
2873 5684 3206 5756 ἀπαλλάξῃς.

743 5781 832 5835 Si.
866 5779 984 5834 Non
1024 5779 1140 5863 vult
1164 5778 1435 5846 Christus,
1494 5788 1552 5832 ut
1614 5777 1874 5834 adversus
1929 5777 2240 5848 quempiam

2222 5794 2240 5832 ι
2422 5776 2523 5831 τπδ’.
2556 5779 2629 5832 Οὐ
2663 5778 2806 5832 θέλει
2844 5795 2903 5831 σε
2929 5778 2957 5831 6
2991 5750 3221 5847 Χριστὸς
3269 5775 3426 5842 μῖσος
3465 5769 3603 5837 ἔχειν
3629 5758 3748 5830 πρὸς
3782 5750 3857 5802 ἄν’
