4140 6322
391 379 532 447 1069

1269 376 1604 439 CAPITUM
1648 375 1747 438 DE
1783 373 2217 436 CHARITATE
2250 373 2639 438 CENTURIA
2676 375 2776 439 IV.

3504 367 3644 439 1070'

389 494 631 566 θρωπον,
665 489 700 561 ἢ
729 488 906 559 λύπην
940 489 1168 561 ἢόργὴν
1201 487 1234 559 ἢ
1269 487 1640 559 μνησικακίαν
1671 485 1956 540 τοσύνολον

2077 487 2350 542 nominum
2381 489 2569 543 odium
2597 489 2820 554 habeas,
2842 485 3008 558 456
3033 493 3128 540 aut
3151 483 3282 556 aegri
3315 484 3486 540 animi
3512 501 3640 538 scn-

389 583 514 637 καθ’
563 582 874 653 οἱανδήποτε
913 580 1138 651 τρόπον,
1189 579 1223 650 ἢ
1272 579 1340 633 δι’
1374 579 1690 649 οίονδήποτε
1724 577 1960 646 πρᾶγμα

390 675 745 744 πρόσκαιρον.
800 673 909 726 Καὶ
939 673 1098 726 τοῦτο
1147 672 1324 742 πάντη
1379 670 1546 740 βοῶσι
1601 668 1672 722 τά
1717 669 1960 738 τέσσαρα

389 765 719 836 Εύαγγάλια.

464 953 568 1001 πεν.
597 945 790 1000 Πολλοί
819 947 989 1016 ἐσμεν
1015 946 1065 999 οί
1097 944 1369 1013 λέγοντες,
1393 941 1564 1010 ὀλίγοι
1593 940 1648 994 δὲ
1677 941 1726 993 οἱ
1750 937 1964 992 ποιοῦν·-

389 1057 500 1104 τες.
545 1039 686 1092 Ἀλλ’
731 1035 826 1091 οὖν
867 1038 959 1091 τὸν
993 1037 1152 1103 λόγον
1198 1035 1293 1089 τοῦ
1353 1033 1490 1086 Θεοῦ
1536 1032 1710 1094 οὐδεὶς
1763 1029 1962 1099 ὤφειλε

390 1131 632 1187 νοθεύειν
663 1131 750 1183 διὰ
772 1129 872 1199 τὴν
907 1127 1044 1182 ἰδίαν
1071 1127 1334 1198 ἀμέλειαν
1356 1142 1370 1156 ·
1411 1123 1528 1180 ἀλλ’
1553 1121 1836 1194 ὁμολογεῖν
1865 1121 1964 1190 μὲν

390 1222 492 1292 τὴν
533 1219 728 1276 ἑαυτοῦ
775 1218 1082 1281 ἀσθένειαν,
1135 1217 1210 1287 μὴ
1244 1213 1618 1285 ἀποκρύπτειν
1646 1212 1702 1265 δὲ
1735 1211 1836 1281 τὴν
1869 1209 1961 1264 τοῦ

391 1313 530 1367 Θεοῦ
566 1310 863 1382 ἀλήθειαν·
917 1310 1004 1362 ἶνα
1062 1307 1136 1378 μὴ
1168 1307 1411 1359 ὑπόδικοι
1458 1301 1772 1374 γενώμεθα.
1824 1299 1965 1371 μετὰ

390 1403 491 1474 τῆς
514 1402 622 1454 τῶν
651 1400 882 1454 ἐντολῶν
910 1398 1296 1470 παραϐάσεως,
1329 1397 1422 1451 καὶ
1443 1396 1540 1466 τῆς
1563 1393 1658 1447 τοῦ
1685 1393 1843 1461 λόγου
1869 1389 1963 1445 τοῦ

391 1492 528 1548 Θεοῦ
558 1491 1010 1564 παρεξηγήσεως.

463 1665 584 1732 πεί.
633 1667 843 1737 Ἀγάπη
887 1668 982 1720 καὶ
1007 1665 1345 1734 ἐγκράτεια,
1400 1656 1592 1713 παθῶν
1643 1659 1742 1730 τὴν
1787 1657 1964 1727 ψυχὴν

393 1758 806 1830 ὲλευθεροῦσιψ
849 1758 1156 1825 ἀνάγνωσις
1200 1755 1293 1808 καὶ
1327 1753 1529 1824 θεωρία
1554 1791 1570 1814 ,
1599 1751 1823 1820 ἀγνοίας
1873 1749 1965 1802 τὸν

2067 593 2210 643 sum,
2238 589 2330 634 aut
2360 581 2517 646 iram,
2545 581 2777 635 ullamve
2799 579 2994 650 quovis
3010 578 3235 632 omnino
3259 577 3440 642 modo,
3466 576 3550 632 v'el
3573 577 3644 631 ob

2067 669 2232 724 ullam
2265 687 2493 740 prorsus
2526 688 2641 726 rem
2676 679 3111 740 temporaneam,
3171 675 3358 722 teneas
3410 667 3640 736 injuria-

2069 777 2189 816 rum
2218 762 2558 816 memoriam.
2593 762 2772 832 Atque
2814 761 2918 815 hoc
2946 758 3172 814 omnino
3193 765 3430 828 quatuor
3459 756 3637 811 Evan‘

2069 853 2210 923 gelia
2243 856 2502 908 clamant.

2139 945 2227 1000 85.
2261 943 2414 1000 Multi
2459 961 2651 1000 sumus
2679 945 2773 1015 qui
2825 943 3092 1011 dicamus,
3139 943 3301 1014 pauci
3341 942 3435 1014 qui
3479 941 3644 1016 facia-

2070 1051 2213 1091 mus.
2251 1035 2422 1091 Nemo
2479 1043 2684 1101 tamen,
2732 1037 2876 1106 quod
2912 1037 3028 1107 ipse
3057 1036 3339 1106 negligens
3387 1034 3644 1102 inersque

2069 1138 2177 1192 est,
2203 1130 2300 1183 Dei
2332 1130 2562 1185 verbum
2590 1131 2754 1185 debet
2775 1130 3087 1185 adulterare
3117 1145 3131 1182 :
3193 1128 3288 1183 sed
3337 1143 3491 1181 suam
3525 1123 3647 1194 qni—

2070 1217 2194 1272 dem
2227 1219 2386 1274 fateri
2415 1220 2811 1278 inﬁrmitatem.
2835 1235 2938 1274 nec
2968 1229 3152 1274 tamen
3204 1224 3495 1288 prepterea
3551 1211 3646 1269 Dei

2071 1312 2252 1367 celare
2284 1313 2602 1378 veritatem;
2629 1329 2699 1366 ne
2736 1310 2972 1382 duplicis
2998 1309 3248 1366 criminis
3279 1311 3356 1366 rei
3401 1305 3649 1363 invenia-

2055 1393 2220 1469 ‘mur,
2271 1404 2419 1472 quod
2459 1419 2568 1457 non
2623 1403 2798 1457 solum
2841 1401 3097 1456 mandata
3156 1398 3642 1472 transgrediamur,

2071 1511 2262 1549 verum
2289 1496 2454 1549 etiam
2478 1495 2574 1549 Dei
2607 1495 2836 1549 verbum
2858 1509 2918 1548 ac
2944 1494 3279 1562 Scripturam
3312 1494 3453 1548 male
3477 1493 3649 1549 inter-

2072 1596 2222 1652 prete
2233 1601 2372 1638 mur.

2144 1671 2230 1726 86.
2259 1669 2489 1726 Dilectio
2511 1681 2566 1726 et
2602 1671 2942 1726 continentia
2972 1673 3207 1726 animam
3243 1669 3310 1726 ab
3358 1670 3648 1727 aﬂ‘ectibus

2073 1770 2238 1832 atque
2263 1761 2412 1816 vitiis
2436 1760 2672 1816 liberant
2705 1778 2718 1814 :
2754 1759 2915 1815 lectio
2937 1769 3116 1815 autem
3149 1767 3204 1815 et
3236 1761 3644 1830 contemplatio,

393 1850 518 1905 νοῦν
566 1847 999 1902 ἀπαλλάττουσιν
1022 1864 1037 1878 ο
1074 1847 1107 1915 ἡ
1141 1845 1197 1897 δὲ
1226 1844 1322 1914 τῆς
1355 1841 1663 1911 προσευχῆς
1693 1840 1968 1891 κατάστα-

2074 1861 2309 1908 mentem
2362 1853 2430 1908 ab
2459 1850 2766 1924 ignorantia
2799 1851 3073 1918 eximunt;
3109 1860 3164 1906 at
3211 1867 3332 1906 eam
3384 1852 3650 1908 orationis

395 1957 480 2003 σις
504 1941 599 2009 (υ),
630 1938 777 2008 αύτῷ
807 1936 1138 2007 παρίστησιν
1167 1934 1331 1988 αὐτὸν
1362 1932 1443 2002 τῷ
1473 1931 1612 2002 Θεῷ.

466 2029 573 2096 σνς’.
602 2030 772 2082 Ὅταν
803 2028 989 2081 ἴδωσιν
1023 2027 1169 2096 ἡμᾶς
1198 2025 1248 2078 oi.
1289 2024 1542 2095 δαίμονες
1569 2023 1678 2075 τῶν
1708 2019 1967 2093 πραγμά-

393 2138 502 2177 των
531 2120 625 2174 τοῦ
674 2119 880 2189 κόσμου
934 2112 1411 2185 καταφρονοῦντας
1435 2111 1588 2184 (48),
1643 2112 1728 2164 ἵνα
1778 2111 1852 2181 μὴ
1900 2107 1968 2162 δι’

395 2214 538 2267 αὐτὰ
581 2210 705 2274 τοὺς
749 2207 1072 2279 ἀνθρώπους
1125 2205 1449 2275 μισήσωμεν
1481 2205 1574 2256 καὶ
1605 2203 1700 2272 τῆς
1746 2201 1968 2270 ἀγάπης

395 2303 741 2370 ἐκπέσωμεν,
763 2299 886 2352 τότε
919 2295 1282 2366 συκοφαντίας
1309 2293 1430 2346 καθ’
1455 2293 1612 2363 ἡμῶν
1642 2289 1964 2360 ἐγείρουσιν,

396 2392 484 2444 ῐνα
515 2391 614 2457 τὴν
641 2388 819 2458 λύπην
861 2386 937 2456 μὴ
967 2385 1224 2455 φέροντες
1247 2425 1262 2450 ,
1293 2383 1420 2446 τοὺς
1453 2383 1970 2450 συκοφαντήσαντας

399 2483 742 2553 μισήσωμεν.

467 2569 582 2641 mf.
618 2571 734 2624 οὐκ
764 2569 881 2623 ἔστι
923 2569 1086 2632 πόνος
1127 2568 1306 2638 ψυχῆς
1359 2563 1660 2637 βαρύτερος
1695 2578 1968 2632 συκοφανο

395 2663 514 2725 τίας
545 2662 691 2732 (49),
725 2662 824 2715 κάν
864 2677 924 2713 τε
974 2662 1052 2722 είς
1088 2663 1270 2712 πίστιν
1297 2695 1312 2721 ,
1357 2657 1460 2712 κάν
1509 2673 1570 2709 τε
1611 2656 1690 2719 είς
1725 2653 1839 2724 βίον
1885 2669 1970 2715 τις

398 2755 819 2821 συκοφαντεῖται
842 2769 856 2783 ·
905 2750 1002 2803 καὶ
1036 2749 1214 2812 οὐδεὶς
1243 2749 1450 2818 ταύτης
1481 2748 1845 2816 καταφρονεῖν
1877 2743 1968 2796 δύ-

397 2862 574 2903 ναται,
608 2845 656 2895 εί
689 2843 763 2913 μὴ
799 2842 954 2912 μόνος
979 2842 1008 2894 6
1038 2843 1116 2903 είς
1156 2839 1288 2892 θεὸν
1329 2839 1773 2909 ἀποϐλεπόμενος
1825 2836 1900 2898 ὼς
1937 2837 1970 2906 ἠ

398 2936 678 2996 Σωσάννα,
725 2934 817 2988 τὸν
845 2935 1005 3004 μόνον
1047 2932 1349 3000 δυνάμενον
1377 2931 1469 2983 κοιλ¹
1505 2929 1566 2994 ἐξ
1597 2927 1850 2998 ἀναγκῶν
1880 2927 1972 2997 ῥύ-

400 3026 599 3080 σασθαι
628 3025 818 3094 ὥσπερ
853 3023 1136 3094 κάκείνην,
1177 3021 1274 3076 καὶ
1317 3021 1442 3084 τοὺς
1472 3017 1795 3089 ἀνθρώπους
1830 3018 1972 3088 πλη-

2069 1954 2242 2000 status
2269 1943 2370 2014 ipsi
2395 1945 2506 1998 Deo
2534 1942 2702 1998 sistit.

2136 2033 2223 2090 87.
2257 2033 2393 2089 Cum
2456 2051 2558 2089 nos
2609 2034 2850 2090 viderint
2902 2033 3180 2090 daemones
3231 2050 3295 2089 ea
3343 2050 3464 2105 qua:
3519 2041 3650 2089 sunt

2068 2126 2260 2180 mundi
2285 2142 2572 2196 spernere,
2606 2143 2675 2182 ne
2708 2127 2926 2181 illorum
2961 2143 3126 2181 causa
3169 2126 3484 2196 quempiam
3513 2127 3647 2181 ode-

2069 2216 2244 2271 rimus
2276 2232 2339 2270 ac
2372 2216 2658 2272 charitatis
2684 2217 2949 2287 iacturam
3014 2217 3279 2270 faciamus
3307 2234 3319 2269 :
3363 2225 3494 2270 tunc
3553 2233 3648 2270 ca-

2067 2306 2307 2361 lumnias
2334 2306 2389 2360 in
2407 2323 2508 2362 nos
2536 2307 2798 2372 excitant,
2824 2317 2904 2370 ut,
2929 2308 3058 2378 aegri
3083 2308 3250 2361 animi
3273 2307 3518 2362 dolorem
3539 2321 3650 2361 non

2068 2395 2332 2463 ferentes,
2359 2414 2550 2454 earum
2576 2399 2739 2454 nobis
2771 2407 3074 2454 structores
3094 2399 3398 2453 oderimus.

2139 2567 2225 2624 88.
2247 2569 2440 2625 Nullus
2469 2570 2664 2626 anima:
2694 2569 2912 2642 gravior
2934 2569 3110 2635 labor,
3132 2585 3296 2640 quam
3335 2569 3647 2635 calumnia,

2071 2658 2186 2715 sive
2219 2661 2334 2715 hac
2360 2660 2520 2716 ﬁdem
2553 2669 2722 2731 petat,
2774 2661 2887 2716 sive
2921 2662 3089 2715 vitam
3139 2676 3429 2730 moresque
3472 2661 3650 2730 respi-

2072 2750 2212 2817 ciat;
2250 2768 2353 2806 nec
2397 2753 2686 2822 quisquam
2733 2752 3135 2807 contemnendo
3178 2751 3268 2816 sit,
3319 2751 3424 2806 nisi
3474 2752 3650 2806 solum

2071 2843 2166 2912 qui
2203 2843 2375 2920 instar
2400 2843 2662 2898 Susannzr
2695 2843 2748 2897 in
2777 2845 2946 2898 Deum
2973 2844 3201 2914 aspiciat
3232 2845 3305 2909 ";
3345 2843 3438 2913 qui
3477 2841 3675 2910 solus,‘

2071 2934 2225 2988 velut
2273 2934 2442 2998 illam,
2488 2949 2518 2987 a
2573 2932 2998 2988 necessitatibus
3041 2941 3223 3002 potest
3264 2933 3530 2998 liberare;
3587 2947 3653 2987 ac

2073 3019 2216 3074 sicut
2239 3020 2294 3073 in
2315 3019 2425 3084 illa,
2459 3019 2661 3073 malum
2713 3035 2916 3076 nomen
2965 3020 3263 3092 depellere,
3315 3029 3480 3092 atque
3533 3019 3654 3077 ani-

400 3119 726 3192 ροφορῆσαι,
754 3118 829 3180 ὡς
874 3117 967 3171 καὶ
995 3114 1124 3184 περὶ
1155 3113 1368 3185 ἐκείνης
1392 3128 1406 3143 ⁸
1442 3112 1536 3166 καὶ
1565 3109 1662 3182 τὴν
1694 3109 1873 3181 ψυχὴν
1901 3111 1969 3180 τῇ

2074 3123 2224 3163 mum
2254 3109 2370 3178 spei
2400 3108 2596 3163 solatio
2631 3109 2838 3165 levare.

399 3209 570 3263 ὶλπίδι
604 3203 1127 3278 παραμυθήσασθαι.

473 3301 580 3357 πθ’.
611 3301 775 3353 Ὅσον
800 3297 936 3369 εὔχῃ
963 3300 1027 3350 ὲκ
1055 3299 1154 3367 τῆς
1193 3295 1372 3367 ψυχῆς
1401 3294 1541 3365 ὑπὲρ
1570 3294 1665 3349 τοῦ
1702 3311 1973 3362 συκοφαν-

399 3395 701 3465 τήσαντος,
746 3389 998 3443 τοσοῦτον
1053 3389 1146 3441 καὶ
1192 3388 1222 3439 6
1269 3387 1404 3451 Θεὸς
1453 3386 1795 3458 πληροφορεῖ
1845 3385 1974 3449 τοὺς

401 3482 907 3544 σκανδαλισθέντας.

471 3664 544 3728 ιιι.
584 3659 748 3713 Φύσει
789 3657 993 3727 άγαθδς
1035 3655 1194 3728 μόνος
1222 3659 1250 3710 6
1280 3656 1415 3720 θεός
1439 3673 1454 3687 ·
1493 3658 1588 3711 καὶ
1615 3655 1808 3728 γνώμῃ
1841 3658 1978 3725 ἀγα-

401 3750 514 3818 θὸς,
543 3752 703 3823 μόνος
734 3753 762 3806 ό
788 3751 1144 3822 θεομίμητος.
1189 3749 1396 3812 Σκοπὸς
1421 3749 1531 3820 γάρ
1558 3749 1706 3820 αύτῷ
1734 3751 1872 3813 ἐστι,
1897 3748 1976 3819 τῷ

402 3843 561 3914 φύσει
594 3839 782 3913 ἀγαθῷ
813 3843 939 3906 τοὺς
978 3841 1250 3912 πονηροὺς
1293 3840 1548 3911 συνάψαι,
1588 3841 1677 3895 ἵνα
1709 3840 1976 3907 γένωνται

403 3934 618 4003 ἀγαθοί.
667 3935 767 3988 Διὰ
808 3933 966 3988 τοῦτο
1010 3933 1103 3987 ὑπ’
1174 3932 1354 3988 αὐτῶν
1403 3931 1815 4003 λοιδορούμενος
1883 3933 1978 3986 εύ-

403 4027 557 4098 λογῇ·
588 4028 913 4099 διωκόμενος
966 4026 1238 4097 ἀνέχεται-
1297 4023 1784 4096 βλασφημούμενος
1807 4039 1980 4095 παρα-

405 4119 598 4173 καλεῖο
682 4117 1038 4187 φονευόμενος
1123 4115 1508 4187 ὑπερεύχεται.
1567 4114 1752 4168 Πάντα
1812 4115 1975 4177 ποιεῖ,

404 4209 492 4264 ῐνα
514 4209 610 4264 τοῦ
643 4208 847 4262 σκοποῦ
875 4211 974 4278 τῆς
1009 4207 1234 4279 ἀγάπης
1263 4207 1340 4279 μὴ
1357 4207 1602 4280 ἐκπέσῃ.

475 4381 584 4449 ιμ’.
611 4381 678 4435 Αἱ
709 4381 807 4452 μὲν
836 4381 1046 4435 ἐντολαὶ
1073 4378 1165 4434 τοῦ
1195 4379 1427 4450 Κυρίου,
1459 4377 1800 4434 διδάσκουσιν
1831 4379 1978 4451 ἡμᾶς

2147 3286 2234 3341 89.
2263 3285 2536 3351 Quantum
2568 3300 2632 3338 ex
2656 3284 2839 3339 animo
2865 3298 2964 3353 pro
2999 3299 3066 3339 eo
3090 3300 3235 3350 oras,
3265 3301 3296 3339 a
3323 3301 3431 3356 quo
3459 3300 3654 3357 asper-

2076 3393 2170 3433 sus
2199 3376 2471 3431 calumnia
2497 3390 2578 3441 es,
2607 3382 2816 3429 tantum
2845 3375 2990 3430 Deus
3031 3375 3174 3445 apud
3210 3375 3331 3431 illos
3365 3375 3651 3448 abstergit,

2078 3485 2216 3540 quos
2271 3468 2364 3522 illa
2422 3467 2754 3535 oil’enderat,
2814 3469 3066 3539 lzeszeque
3116 3467 3276 3522 ﬁdem
3325 3469 3656 3527 innocentia)

2081 3561 2232 3617 facit.

2149 3655 2237 3709 90.
2270 3651 2433 3708 Solus
2461 3653 2608 3706 Deus
2638 3658 2834 3706 natura
2855 3651 3036 3705 bonus
3061 3660 3146 3706 est
3180 3667 3193 3704 :
3225 3651 3506 3706 voluntate
3556 3665 3654 3705 au-

2077 3756 2189 3802 tem
2217 3745 2497 3816 animique
2529 3743 2803 3798 sententia
2839 3743 2990 3797 solus
3021 3741 3199 3796 bonus
3223 3751 3329 3808 est,
3356 3743 3449 3813 qui
3481 3743 3654 3797 Deum

2077 3837 2346 3892 imitatur.
2385 3836 2443 3891 ld
2476 3837 2622 3890 enim
2651 3834 2877 3890 omnino
2931 3833 3148 3902 satagit,
3182 3845 3242 3888 ut
3289 3835 3361 3899 ei,
3415 3835 3510 3904 qui
3554 3850 3652 3888 na-

2079 3939 2202 3986 tura
2233 3929 2411 3984 bonus
2452 3929 2544 3993 sit,
2587 3929 2761 3983 malos
2811 3929 3124 3998 coniungat,
3175 3943 3284 3997 quo
3336 3935 3392 3982 et
3443 3927 3482 3980 ii
3522 3928 3653 3982 boni

2078 4022 2230 4076 ﬁant.
2254 4021 2462 4076 Idcirco
2488 4020 2596 4074 illis
2624 4019 3078 4074 maledicentibus
3123 4018 3433 4085 benedicit;
3468 4032 3655 4088 persc-

2079 4113 2377 4184 qnentibus
2455 4111 2726 4176 sustinet;
2778 4107 3309 4180 blasphemantibus,
3362 4108 3650 4175 obsecrat;

2079 4203 2457 4266 enecantibus,
2508 4210 2765 4272 precatur
2793 4202 2858 4254 ³⁰.
2891 4199 3085 4256 Omnia
3114 4199 3354 4270 denique
3410 4199 3562 4266 facit,
3593 4208 3656 4255 ut

2080 4292 2148 4348 ab
2177 4305 2345 4362 scopo
2368 4288 2680 4344 dilectionis
2711 4303 2818 4342 non
2843 4284 3079 4342 excidat.

2149 4383 2238 4439 9i.
2291 4383 2567 4451 Praecepta
2632 4377 2916 4434 Dominica
2981 4378 3068 4432 bis
3128 4392 3248 4447 qua:
3309 4384 3438 4432 sunt
3487 4377 3656 4434 medii

403 4475 518 4537 τοῖς
576 4475 763 4544 μέσοις
811 4476 1047 4546 εὐλόγως
1100 4479 1410 4549 χρήσασθαι
1457 4480 1786 4549 πράγμασι·
1846 4481 1880 4549 ἡ
1915 4480 1971 4534 δὲ

2078 4472 2291 4530 ordinis
2313 4471 2515 4526 docent
2537 4469 2932 4524 convenienter
2960 4483 3030 4523 ex
3066 4467 3278 4523 ratione
3307 4468 3420 4521 uti:
3457 4483 3657 4522 conve-

405 4563 623 4633 εύλογος
651 4565 760 4618 τῶν
787 4566 969 4636 μέσων
1005 4569 1220 4640 χρῆσις,
1253 4568 1350 4639 τὴν
1387 4571 1488 4639 τῆς
1520 4569 1696 4640 ψυχῆς
1721 4570 1976 4638 καθαίρει

406 4658 774 4711 κατάστασινο
817 4659 850 4728 ή
896 4657 953 4712 δὲ
987 4659 1206 4732 καθαρά
1252 4660 1605 4725 κατάστασις,
1655 4662 1834 4716 τίκτει
1877 4664 1976 4734 τὴν

402 4747 678 4819 διάκρισιν
704 4765 718 4778 ·
750 4752 783 4821 ἡ
809 4750 867 4803 δὲ
893 4750 1194 4822 διάκρισις,
1240 4754 1416 4806 τίκτει
1457 4753 1555 4824 τὴν
1581 4754 1853 4810 ἀπάθειαν
1873 4797 1888 4824 ,
1919 4757 1979 4823 ἐξ

403 4835 470 4912 ἦς
502 4842 746 4896 τίκτεται
774 4845 805 4915 ἡ
833 4845 1014 4899 τελεία
1038 4847 1248 4917 ἀγάπη.

476 5008 582 5078 ιιβν.
619 5008 786 5062 Οὔπω
839 5010 952 5081 ἔχει
1001 5010 1100 5081 τὴν
1155 5011 1424 5096 ἀπάθειαν
1452 5050 1465 5072 ,
1496 5013 1524 5065 6
1555 5012 1643 5066 διὰ
1703 5013 1976 5084 σύμϐασιν

407 5099 748 5170 πειρασμοῦ,
802 5101 863 5153 τὸ
915 5102 1203 5170 ἐλάττωμα
1258 5101 1350 5154 τοῦ
1395 5100 1548 5169 φίλου
1599 5105 1978 5172 παραϐλέπειν

409 5186 485 5256 μὴ
521 5187 849 5258 δυνάμενος,
883 5187 916 5260 ἢ
953 5186 1014 5240 ὃν
1058 5187 1239 5258 τυχὸν,
1285 5186 1318 5258 ἢ
1353 5187 1409 5241 δὲ
1459 5185 1602 5242 εἶναι
1649 5189 1858 5249 δοκοῦν.
1893 5194 1977 5250 Τά

1167 5323 1212 5356 ³⁸
1235 5323 1255 5378 l
1281 5321 1408 5378 Cor.
1434 5338 1508 5387 tv,
1537 5323 1623 5377 12.

477 5436 551 5508 (ιν)
591 5437 653 5490 Ἠ
672 5433 740 5490 δὲ
769 5435 876 5508 τῆς
906 5436 1260 5507 προσευχῆς(
1272 5437 1662 5508 κατάστασις.
1695 5439 1801 5493 Pro
1829 5447 1972 5496 statu

405 5521 471 5578 ac
489 5504 686 5562 indole
718 5507 958 5576 accipio;
987 5504 1290 5578 secundum
1333 5507 1480 5578 quod
1515 5507 1748 5578 Hesych.
1781 5517 1838 5564 et
1867 5504 1981 5564 νει-⁸

409 5577 534 5631 riuo
557 5577 638 5640 τὸ,
671 5572 1021 5640 κατάστασις,
1062 5593 1197 5632 voce
1223 5572 1652 5640 mag—redditur.
1679 5577 1794 5632 Hoc
1825 5580 1976 5635 enim

409 5647 604 5728 volunt
837 5645 1106 5728 orationis
1151 5645 1495 5728 deﬁnitionis
1536 5647 1870 5728 Damasce‘no
1907 5657 1979 5728 _et

409 5715 532 5770 aliis
563 5715 819 5785 traditae;
851 5717 1096 5770 Ascensio
1134 5718 1320 5770 mentis
1353 5718 1410 5770 in
1448 5721 1640 5779 Deum,
1678 5718 1858 5785 petitio
1883 5720 1973 5772 de-

409 5787 641 5841 centiam
679 5803 713 5840 a
759 5784 889 5852 Deo,
926 5795 1034 5841 etc.
1063 5785 1252 5841 Oratio
1282 5785 1465 5856 itaque
1493 5784 1688 5857 suapte
1718 5787 1900 5841 indole
1923 5797 1980 5841 et

481 5324 525 5356 ”
557 5324 692 5378 Dan.
727 5340 843 5388 xm,
872 5324 898 5377 l
937 5339 1091 5394 seqq.

2083 4567 2243 4622 niens
2279 4571 2462 4618 autem
2496 4576 2670 4630 exque
2697 4559 2907 4614 ratione
2935 4575 3119 4614 rerum
3146 4559 3451 4613 mediarum
3498 4576 3652 4624 usus,

2083 4658 2251 4712 animi
2284 4663 2484 4709 statum
2509 4659 2737 4722 purgat;
2767 4651 2920 4720 isque
2955 4659 3237 4721 purgatus,
3265 4651 3652 4707 discretionem

2085 4735 2260 4820 parit;
2290 4746 2570 4810 discretio,
2609 4743 3159 4815 imperturbationem
3198 4743 3476 4814 animique
3523 4743 3656 4799 σπυ-

2085 4842 2361 4898 ctionibus
2391 4837 2546 4893 vacui
2597 4837 3085 4907 tranquillitatem;
3143 4851 3211 4891 ex
3265 4850 3373 4906 qua
3431 4834 3653 4889 domum

2085 4929 2326 5000 perfecta
2360 4919 2600 4980 Charitas
2633 4925 2904 4994 procedit.

2151 5017 2312 5088 457
2355 5015 2442 5068 92.
2479 5012 2732 5066 Nondum
2783 5008 3329 5079 imperturbationem
3351 5007 3650 5078 animique,

2083 5110 2287 5165 sedatis
2315 5104 2627 5166 aﬂ'ectibus,
2661 5101 3114 5171 tranquillitatem
3147 5099 3380 5168 adeptus
3426 5107 3530 5166 est,
3554 5101 3648 5170 qui

2082 5217 2149 5256 eo
2171 5195 2319 5269 quod
2343 5193 2573 5252 tentatio
2617 5193 2918 5262 duriusque
2961 5189 3165 5260 aliquid
3209 5187 3428 5254 accidit,
3489 5189 3651 5245 amici

2081 5439 2313 5497 ratione.
2362 5443 2600 5490 mentem
2637 5432 2741 5502 ipsi
2771 5433 2883 5487 Deo
2927 5431 3090 5485 sistit.
3139 5431 3248 5486 Sic.
3293 5446 3414 5502 cap.
3453 5432 3515 5488 9i
3560 5448 3653 5488 ar-

2081 5507 2458 5580 cipividetur,
2497 5507 2532 5572 ἡ
2562 5501 2671 5580 τῆς
2691 5501 2867 5571 ψυχῆς
2897 5503 3245 5580 κατάστασις,
3274 5501 3437 5573 quam
3469 5518 3654 5580 rerum

2083 5572 2386 5636 mediarum
2417 5573 2751 5630 conveniens
2781 5586 2914 5626 usus
2949 5579 3006 5625 et
3031 5585 3096 5626 ex
3129 5572 3362 5635 ratione,
3395 5573 3654 5629 mundam

2082 5645 2304 5720 praestet
2320 5664 2337 5720 _;
2367 5653 2427 5700 ut
2451 5644 2535 5720 _si_c
2552 5643 2766 5720 animus
2782 5640 2938 5711 quasi
2965 5641 3307 5720 suaeque
3334 5643 3502 5700 indoli
3531 5643 3657 5699 red.

2084 5712 2267 5785 datur,
2303 5713 2548 5787 depulsis
2587 5713 2850 5768 vitiorum
2883 5712 3161 5769 sordibus.
