4084 6332
341 323 480 393 107.3

1211 329 1544 390 CAPITUle
1587 331 1683 406 DE
1722 331 2154 415 CHARITA'PE
2193 334 2582 395 CENTURIA
2621 339 2715 398 IV.

3442 341 3579 406 1074

405 447 472 511 ρ’.
515 439 706 496 Πολλοὶ
732 439 829 509 μὲν
859 405 1027 494 πολλά
1062 443 1189 512 περὶ
1231 443 1451 512 ἀγάπης
1480 447 1769 516 είρήκκσιν
1795 464 1807 475 °
1839 448 1887 500 ‘st

2075 449 2195 514 100.
2230 450 2380 505 Multi
2416 451 2484 508 de
2519 452 2782 522 charitate
2824 452 2992 507 locuti
3017 459 3145 506 sunt
3175 471 3188 506 :
3222 453 3364 509 hanc
3408 457 3580 511 enim-

339 535 520 602 μόνοις
556 531 613 584 δὲ
655 535 768 595 τοῖς
796 533 1031 603 Χριστοῦ
1087 536 1357 606 μαθηταῖς
1392 539 1594 608 ταύτην
1638 539 1898 608 ζητήσας,

334 626 584 694 εὑρήσεις
608 639 621 652 ·
667 625 789 676 ἐπεὶ
819 625 914 678 καὶ
947 627 1101 696 μόνοι⁴
1141 629 1290 682 αὐτοὶ
1339 628 1484 700 εἶχον
1513 631 1609 700 τὴν
1643 631 1901 702 ἀληθινὴν

346 714 588 782 Ἀγάπην
621 717 719 784 τῆς
754 716 973 785 ἀγάπης
1013 717 1361 784 διδάσκαλον,
1414 721 1540 789 περὶ
1570 716 1636 792 ἧς
1671 721 1856 789 ἔλεγον
1881 738 1893 750 ·

344 803 487 857 Ἐὰν
515 805 636 875 ἕχῳ
657 809 1044 876 προφητείαν,
1065 809 1162 862 καὶ
1186 810 1320 864 εἰδῶ
1340 812 1409 865 τὰ
1420 814 1724 880 μυστήρια
1745 813 1896 866 πάν-

327 896 524 960 τα,καὶ
542 880 747 963 πᾶσαν
758 900 873 966 τὴν
885 900 1127 970 γνῶσιν,
1143 902 1382 971 ἀγάπην
1395 902 1463 957 δὲ
1471 904 1556 972 μὴ
1577 904 1899 973 ἒχωβὺδᾴν

326 985 692 1057 ὠφελοῦμαι.
739 990 797 1044 '0
825 987 920 1043 οὖν
953 993 1295 1062 κτησάμενος
1327 995 1424 1064 τῂν
1447 995 1695 1065 ἀγάπην,
1733 996 1896 1064 αὑτὸν

326 1079 418 1133 τὸν
451 1081 584 1146 Θεὸν
616 1082 888 1152 ἐκτήσατο
908 1100 920 1113 ·
973 1086 1161 1154 ἐπειδὴ
1217 1087 1245 1138 6
1292 1086 1436 1151 Θεὸς
1471 1085 1671 1157 ἀγάπη
1702 1088 1894 1142 ἐστίν.

327 1171 486 1242 Αὐτῷ
518 1173 552 1242 ἡ
581 1173 707 1238 δόξα
736 1175 815 1238 εἰς
844 1177 968 1238 τοὺς
999 1174 1219 1240 αἰῶνας.
1257 1179 1450 1249 Ἀμήν.

332 1286 510 1353 Τέλος
533 1287 654 1342 τῶν
680 1289 811 1357 περὶ
840 1289 1078 1364 ἀγάπης
1109 1293 1452 1364 κεφαλαίων
1471 1294 1581 1362 τῆς
1615 1295 1896 1364 τετάρτης

884 1360 1298 1428 ἐκατοντάδος.

659 1471 1146 1528 ΑΝΕΠΙΓΡΑΦΟΥ
1185 1476 1437 1529 ΣΧΟΛΙΛ
1457 1475 1557 1546 (ω).

398 1585 468 1633 α’.
512 1580 702 1651 Ἡμεῖς
745 1583 866 1636 οὐδὲ
899 1584 1078 1652 λόγοις
1117 1586 1238 1663 οὐδὲ
1290 1587 1472 1658 ἔργοις
1515 1590 1889 1664 ,παιδεύειν,ἢ

328 1670 432 1724 κᾶν
468 1671 822 1727 παιδεύεσθαι
856 1675 1184 1745 δυνάμενοι,
1231 1677 1411 1746 λόγοις
1449 1681 1724 1733 παιδεύειν
1767 1689 1888 1735 επι-

2003 558 2135 602 vero
2171 541 2215 601 si
2243 544 2567 612 qumsieris;
2604 544 2660 598 in
2691 543 2824 598 solis
2879 543 3127 599 invenies
3165 544 3367 601 Christi
3423 545 3583 620 disci-

2004 630 2166 698 pulis.
2195 630 2328 685 Nam
2348 641 2402 686 et
2449 633 2631 701 hisoli
2683 647 2866 686 veram
2913 631 3236 708 charitatcm
3279 633 3578 700 habebant,

2002 739 2126 789 quin
2143 723 2367 787 doceret
2391 725 2747 795 charitatem;
2783 725 2850 800 de
2875 739 2982 798 qua
3022 724 3203 778 aiebat
3227 726 3519 794 Apostolus
3560 744 3576 780 :

2001 811 2058 865 Si
2089 815 2317 868 habuero
2353 819 2682 888 prophetiam
2713 827 2758 872 cl
2803 819 3036 886 nouerint
3069 819 3318 887 mysteria
3373 805 3574 883 omnia,

2000 915 2051 974 et.
2073 887 2280 978 omnem
2305 910 2604 980 scientiam,
2630 910 2943 982 ehqritatem
2970 918 3146 962 autem
3190 924 3294 966 non
3322 909 3571 973 habuero,

1999 995 2132 1048 nihil
2161 975 2285 1050 nti/ti
2313 975 2524 1067 prodest
2548 975 2608 1052 3".
2633 975 2881 1073 Qu'iergo
2907 1006 3098 1053 nactus
3118 1006 3201 1052 est
3227 997 3570 1062 charitatem,
3685 1002 3688 1008 ’

1995 1086 2166 1156 Deum
2197 1097 2390 1172 nactus
2421 1099 2524 1160 est,
2571 1106 2636 1148 eo
2661 1091 2805 1164 quod
2832 1090 2968 1146 Deus
3001 1091 3232 1144 cltaritas
3257 1097 3329 1144 est
3366 1090 3429 1168 ³⁵.
3464 1089 3569 1176 Ipsi

1993 1175 2166 1242 gloria
2203 1178 2254 1229 in
2283 1181 2479 1232 sarcula
2508 1181 2854 1259 saeculorum.
2883 1180 3074 1236 Amen.

2095 1290 2237 1343 Finis
2268 1301 2458 1358 quater
2487 1303 2822 1359 centenorum
2851 1294 3081 1361 capitum
3105 1291 3168 1349 de
3185 1291 3461 1356 duritate-

2275 1471 2552 1526 INCERTI
2575 1471 2932 1529 .AUCTORIS
2966 1468 3280 1534 SCHQLIA.

2065 1583 2113 1635 1.
2139 1582 2248 1636 Nos
2276 1584 2368 1652 qui
2393 1599 2494 1638 nec
2542 1585 2728 1639 verbis
2773 1598 2876 1638 nec
2913 1583 3175 1654 operibus
3223 1583 3444 1648 docere,
3471 1592 3568 1653 aut

1989 1671 2182 1725 saltem
2213 1673 2399 1727 doceri
2423 1675 2719 1739 valeamus,
2773 1673 2963 1730 verbis
2995 1688 3058 1728 ac
3083 1672 3428 1729 sermonibus
3465 1672 3569 1728 do-

329 1763 620 1832 χειροῦμεν
641 1781 656 1797 ο
691 1764 784 1818 καὶ
806 1765 981 1819 ἄλλων
1010 1767 1254 1834 γίνεσθαι
1289 1770 1462 1840 ἰατροὶ
1492 1753 1707 1826 ἕλκεσιν
1733 1775 1887 1829 αὐτοὶ

1990 1776 2115 1815 cere
2132 1770 2425 1827 tentamus,
2450 1773 2616 1832 atque
2644 1764 2873 1818 aliorum
2893 1761 3031 1818 efﬁci
3061 1762 3280 1826 medici,
3307 1761 3400 1831 qui
3423 1762 3568 1816 ulce-

328 1853 603 1923 βρύοντες.
639 1855 780 1926 Ὅρα
820 1855 880 1909 δὲ.
925 1856 1018 1922 τὸ,
1056 1857 1137 1912 ὅτι
1189 1860 1270 1911 οὐ
1304 1861 1497 1913 πάντα
1525 1861 1648 1927 τοῖς
1675 1863 1895 1927 ,βουλο-

321 1948 523 2016 μένοις
555 1947 714 2001 εἰσιν
744 1949 1032 2015 εὔληπτα,
1073 1948 1189 2003 κᾶν·
1228 1951 1403 2006 τοῦτο
1447 1953 1618 2021 δοκῇ.
1661 1956 1771 2008 Καὶ
1809 1956 1894 2020 τίς

323 2039 386 2092 οὐ
410 2039 748 2110 θαυμάσεται
769 2042 894 2106 τοὺς
921 2042 1013 2096 καὶ
1039 2046 1304 2112 γυναῖκας
1325 2045 1590 2115 χλιδώσας
1612 2048 1704 2101 καὶ
1725 2049 1892 2118 νήπια

324 2130 496 2185 ταῦτα
556 2131 829 2186 διδάσκειν
885 2135 1393 2206 ἐπαγγελλομένους
1457 2137 1597 2207 μετά
1657 2138 1890 2212 σοϐαροῦ

322 2222 415 2275 τοῦ
445 2225 790 2294 φρονήματος
821 2243 836 2290 ;

394 2313 458 2384 β’.
493 2315 686 2382 Δέγων
711 2316 739 2369 6
786 2315 1142 2381 Ἀπόστολος·
1192 2321 1261 2372 El
1305 2318 1374 2373 δέ
1408 2337 1499 2386 τις
1549 2321 1753 2391 ἀγαπᾷ
1783 2323 1892 2377 τὸν

321 2400 510 2464 Θεὸν,
560 2399 740 2469 οὗτος
804 2403 1100 2474 ἔγνωσται
1154 2407 1256 2460 ὑπ’
1303 2408 1529 2462 αὐτοῦ’
1569 2409 1706 2479 δῆτα
1753 2413 1890 2480 ἀγα·

320 2492 539 2556 πῶντας
590 2495 737 2565 ἡμᾶς
773 2495 876 2555 Δτὸν
925 2497 1132 2568 Κύριον
1181 2497 1549 2575 γινώσκεσθαι
1591 2500 1839 2571 βούλεται
1870 2521 1883 2535 ’

331 2583 432 2636 Ἕκ
459 2581 527 2635 δὲ
563 2584 669 2638 τοῦ
707 2585 1124 2660 γινώσκεσθαι.
1167 2591 1230 2643 τὸ
1278 2589 1669 2648 διδάσκεσθαι
1695 2633 1710 2657 ,
1741 2594 1888 2650 καθά

316 2691 484 2744 φησιν
513 2675 542 2727 6
596 2675 770 2746 μέγας
815 2678 907 2732 καὶ⁷
954 2678 1056 2748 τὴν
1089 2680 1293 2751 ἀρετὴν
1337 2683 1432 2736 καὶ
1471 2684 1571 2754 τὴν
1603 2683 1886 2755 θεολογίαν

316 2765 637 2838 Γρηγὸριος.
663 2767 880 2838 Ταύτης
907 2766 1060 2840 οἶμαι
1091 2772 1191 2842 τῆς
1217 2771 1428 2836 ἑννοίας
1451 2773 1568 2828 ἐστὶ
1587 2816 1602 2840 ,
1643 2779 1740 2830 καὶ
1766 2775 1885 2830 τόδε

314 2856 377 2909 τὺ
403 2844 695 2925 κεφάλαὶον
711 2875 724 2889 ·
771 2859 1036 2934 Ἀτάπην
1057 2861 1192 2930 μὲν,
1222 2863 1407 2918 τίκτει
1427 2865 1680 2921 ἀπάθεια
1707 2884 1720 2899 °
1758 2869 1796 2938 ἡ
1818 2869 1888 2923 δὲ

313 2947 539 3018 ἀγάπη,
575 2949 682 3004 τοῦ
712 2951 1019 3022 φωτισμοῦ
1059 2951 1171 3021 τῆς
1211 2953 1486 3023 γνώσεώς
1511 2956 1642 3011 ἐστι
1673 2975 1884 3037 γεννη-

312 3039 469 3109 τική.
1447 3043 1452 3047 ’

1997 1852 2152 1906 ribus
2211 1854 2312 1923 ipsi
2363 1863 2688 1909 seateamus.
2717 1854 2956 1910 Observa
3007 1869 3140 1910 vero
3191 1853 3325 1907 illud
3379 1870 3394 1906 :
3448 1852 3588 1906 None

1996 1945 2171 1998 omnia
2196 1945 2276 1998 his
2308 1944 2396 2014 qui
2417 1946 2597 2010 velint,
2620 1949 2738 2016 capi
2770 1945 2924 2015 facile
2967 1955 3180 2016 possunt
3210 1961 3272 1998 ac
3316 1942 3563 2013 intelligi,
3591 1990 3598 1996 .

1994 2037 2090 2089 etsi
2119 2037 2197 2089 ita
2219 2037 2482 2091 videatur.
2517 2037 2718 2107 Ecquis
2779 2053 2891 2091 non
2928 2038 3164 2101 miretur
3214 2049 3329 2099 eos,
3363 2035 3458 2104 qui
3511 2042 3566 2089 et

1991 2125 2303 2183 luxuriosas
2327 2129 2683 2184 mulierculas
2708 2136 2764 2183 et
2791 2128 3045 2192 infantes,
3069 2127 3188 2181 haec
3207 2141 3265 2181 se
3281 2125 3562 2192 docturos,

1991 2227 2156 2268 sensu
2191 2216 2402 2270 tumido
2425 2232 2490 2271 ac
2522 2216 2780 2286 superbo,
2809 2216 3218 2286 proﬁteantur?

2059 2309 2114 2359 2.
2138 2305 2276 2361 Cum
2323 2308 2475 2362 dicat
2497 2309 2796 2379 Apostolus
2847 2327 2861 2363 :
2923 2307 2980 2363 Si
3009 2311 3128 2380 quis
3170 2317 3348 2363 autem
3389 2308 3564 2388 diligit

1988 2395 2181 2464 Deum,
2210 2400 2292 2452 hic
2320 2402 2561 2471 cognitus
2596 2410 2669 2455 est
2695 2402 2759 2455 ab
2792 2418 2850 2455 eo
2870 2403 2949 2468 ³⁶;
2981 2401 3242 2462 nimirum
3297 2399 3418 2462 vult
3459 2415 3563 2454 nos

1988 2485 2268 2557 diligendo
2313 2489 2606 2544 Dominum
2643 2491 2899 2560 cognosci
2937 2507 2952 2544 :
2999 2491 3082 2544 Ea:
3111 2507 3171 2544 eo
3217 2497 3396 2553 autem
3421 2488 3563 2560 quod

1987 2569 2373 2647 cogitoscimur,
2417 2580 2612 2646 doceri,
2648 2579 2792 2636 sicut
2839 2581 2936 2646 ait,
2991 2589 3107 2634 tum
3152 2580 3378 2635 virtutis
3421 2594 3564 2650 prc-

1987 2669 2210 2734 stantia,
2237 2677 2355 2724 tum
2403 2670 2565 2726 laude
2624 2671 2915 2742 theologia;
2965 2685 3194 2741 magnus
3241 2669 3558 2740 Gregorius.

1987 2757 2144 2813 Hunc
2169 2769 2306 2829 puto
2327 2775 2550 2816 sensum
2577 2761 2782 2816 habere
2807 2761 2992 2816 ethoc
3043 2759 3347 2830 capitulum
3377 2776 3390 2812 :
3418 2757 3560 2825 Cim-

1985 2849 2196 2903 ritatem
2226 2851 2437 2921 quidem
2461 2855 2604 2922 parit
2640 2852 3072 2924 imperturbatio;
3105 2851 3339 2906 charitas
3383 2853 3560 2905 autem

1981 2941 2359 2997 illustrationis
2387 2946 2620 3000 scientia:
2645 2960 2836 3016 pareite
2860 2944 3084 2998 exsistit.

383 3135 456 3201 γ’.
512 3133 684 3187 Τίνων
722 3135 822 3206 οὐχ
869 3135 1100 3191 ἅπτεται
1159 3136 1298 3209 αῦτη
1348 3137 1528 3194 ἔννοια
1553 3180 1568 3205 ,
1611 3136 1765 3212 οἶμαι
1825 3141 1880 3194 δὲ

2057 3135 2108 3187 5.
2133 3132 2278 3200 Quos
2309 3137 2578 3192 sententia
2613 3138 2731 3192 haec
2755 3151 2866 3192 non
2891 3136 3222 3207 perstringat
3243 3151 3258 3188 :
3281 3131 3561 3202 Praecipue

316 3224 549 3298 μάλιστα
574 3267 591 3294 ,
639 3225 748 3285 τῶν
799 3227 894 3282 τοῦ
957 3232 1194 3300 μαμωνᾶ
1246 3231 1877 3306 ὐπεραποθνησκόντωνο

310 3317 506 3372 ταυτὸν
538 3319 595 3372 δὲ
629 3320 803 3373 εἰπεῖν
843 3319 939 3374 τοῦ
987 3320 1281 3392 λεγομένου
1327 3324 1592 3395 δημοσίου
1645 3327 1740 3380 καὶ
1784 3326 1880 3381 τοῦ

312 3405 774 3478 κοσμοκράτορος.

382 3495 448 3549 δ’.
491 3498 552 3550 Ὀ
582 3496 714 3561 Θεὸς
747 3497 957 3564 πάντας
979 3499 1298 3573 ἀνθρώπους
1325 3503 1470 3558 θέλει
1494 3505 1752 3577 σωθῆναι,
1784 3506 1880 3561 καὶ

312 3588 452 3660 ὑπὲρ
486 3588 704 3648 πάντων
732 3592 1026 3657 ἀπέθανεν,
1073 3594 1159 3647 ἵνα
1200 3597 1251 3648 οί
1282 3598 1482 3661 πάντες
1514 3598 1780 3654 σωθῶσιν.
1819 3599 1879 3654 '0

308 3676 404 3734 οὖν
425 3681 654 3752 ἀγαπῶν
679 3683 771 3735 τὸν
799 3684 950 3747 Θεὸν,
979 3685 1039 3737 τὸ
1070 3685 1292 3757 θελητδν
1315 3687 1410 3740 τοῦ
1433 3685 1569 3742 Θεοῦ
1596 3690 1876 3758 φυλάττει.

308 3773 598 3826 Φυλάττων
638 3772 718 3838 δὲ,
774 3773 891 3838 πῶς
920 3775 1020 3826 οὐκ
1068 3776 1348 3846 ἀγαπήσει
1400 3779 1610 3851 πάντας
1649 3780 1724 3841 ὡς
1758 3782 1878 3834 ἐαυ-

311 3863 430 3929 τὺν,
467 3863 562 3916 καὶ
599 3863 816 3934 θελήσει
863 3863 1076 3928 πάντας
1127 3866 1398 3938 σωθῆναι,
1429 3868 1590 3921 τοῦτο
1625 3868 1876 3936 θέλοντος

309 3955 402 4013 τοῦ
429 3954 583 4022 Θεοῦς

380 4142 441 4191 ε’.
492 4133 698 4188 Γνῶσιν
745 4133 841 4188 τοῦ
881 4133 1016 4189 Θεοῦ
1060 4134 1158 4205 τὴν
1191 4135 1373 4190 πίστιν
1415 4136 1601 4204 λέγει’
1657 4137 1879 4210 ἀγάπην

307 4225 387 4292 δὲ,
415 4229 514 4298 τὴν
548 4226 780 4296 τήρησιν
819 4225 928 4281 τῶν
962 4225 1192 4280 ἐντολῶν
1213 4243 1226 4256 ’
1267 4227 1332 4300 ἢν
1361 4227 1455 4280 καὶ
1486 4227 1698 4298 θέλημα
1724 4229 1883 4284 καλεῖ

310 4299 406 4372 καὶ
437 4317 783 4388 δικαιώματα
829 4317 926 4371 καὶ
976 4318 1291 4390 ἐντάλματα
1341 4320 1436 4372 καὶ
1474 4320 1877 4394 προστάγματα

309 4409 404 4464 καὶ
457 4407 606 4477 φῶς·
651 4407 794 4462 κατά
833 4407 929 4474 τὸ,
971 4409 1124 4475 Διότι
1170 4408 1296 4478 φῶς
1335 4409 1407 4464 τὰ
1454 4410 1880 4480 προστάγγιατά

309 4515 448 4554 σου.
479 4498 589 4571 Τὴν
620 4497 935 4572 ἔμπρακτον
964 4499 1022 4554 δὲ
1053 4499 1256 4568 γνῶσιν
1292 4501 1588 4572 παρίστησι
1617 4502 1677 4555 τὸ
1707 4502 1876 4572 κεφά-

311 4590 478 4645 λαιον.
722 4626 725 4628 -

383 4689 459 4750 ς’.
509 4682 669 4738 Aleia
716 4681 827 4738 τῶν
876 4683 1088 4755 ἀρετῶν
1120 4685 1269 4738 ἐστιν
1307 4685 1336 4737 6
1368 4684 1523 4749 Θεός.
1557 4685 1762 4738 Τούτου
1797 4684 1875 4749 δὲ,

309 4773 431 4828 κατ’
483 4775 768 4847 ἐνέργειαν
800 4774 1028 4847 γνῶσις,
1080 4774 1244 4845 ήτοῦ
1288 4777 1409 4829 κατ’
1468 4775 1728 4848 ἀλήθειαν
1777 4779 1877 4829 ὲπ-

309 4866 613 4931 εγνωκότος
644 4865 736 4920 τὸν
764 4865 931 4930 Θεὸν,
967 4866 1103 4936 πρὸς
1130 4866 1193 4920 τὸ
1226 4867 1442 4939 πνεῦμα
1471 4867 1611 4942 κατὰ
1637 4868 1736 4941 τὴν
1764 4868 1879 4936 ἕξιν

311 4955 619 5022 ἀλλοίωσις.

380 5047 447 5111 ζ’.
491 5044 788 5114 Ἀνάγνωθι
812 5046 877 5123 τὸ
903 5055 986 5112 ος¹
1026 5051 1128 5119 τῆς
1174 5049 1346 5120 αὐτῆς
1382 5057 1447 5122 ρ’,
1495 5053 1592 5105 καὶ
1625 5052 1878 5123 εὑρήσεις

309 5135 496 5206 ὅμοιον
521 5133 719 5206 πάντη,
747 5121 900 5209 παρὰ
925 5139 986 5191 τὸ
1017 5139 1124 5193 τῶν
1155 5140 1436 5209 ὀνομάτων
1465 5121 1747 5214 διάφορον.

379 5314 448 5381 η’.
493 5309 558 5364 ΕΞ
591 5309 882 5382 φάρμακον
928 5311 1028 5382 τῆς
1080 5313 1299 5383 ἀγάπης
1326 5315 1359 5385 ή
1391 5315 1576 5386 ἐντολὴ
1607 5319 1750 5372 κατὰ
1780 5319 1877 5374 τοῦ

308 5397 481 5471 θυμοῦ
525 5398 703 5471 ἐδόθηο
739 5400 955 5466 πάντως
991 5403 1024 5472 ή
1056 5403 1355 5472 ἐγκράτεια
1387 5405 1530 5460 κατά
1553 5409 1651 5478 τῆς
1682 5408 1878 5462 ἐπιθυ-

311 5486 442 5556 μίας
463 5487 785 5562 δεδώρηται.
824 5489 1122 5559 Ἀνάγνωθι
1155 5491 1216 5543 τὸ
1254 5491 1350 5545 σθ’.

1978 3239 2112 3281 vero
2137 3241 2254 3294 eos,
2293 3229 2389 3298 qui
2417 3244 2739 3284 mammonae
2775 3243 2938 3284 causa
2967 3227 3322 3282 moriuntur:
3373 3225 3564 3294 perin-

1980 3317 2158 3387 deque
2197 3330 2283 3374 est
2331 3334 2396 3374 ac
2439 3320 2611 3386 dicas,
2662 3321 2785 3389 eius
2831 3319 2978 3390 quod
3033 3317 3322 3389 publicum
3383 3314 3561 3387 (quasi

1978 3407 2120 3466 forte
2149 3409 2424 3482 terarium)
2449 3419 2667 3477 vocant,
2690 3425 2746 3466 et
2767 3411 2959 3466 mundi
2985 3419 3276 3466 rectorem.

2051 3503 2102 3556 4.
2135 3503 2283 3557 Deus
2307 3518 2501 3558 omnes
2526 3503 2782 3558 homines
2803 3503 2924 3558 vult
2949 3502 3130 3558 salvos
3175 3500 3316 3567 ﬁeri,
3352 3511 3411 3556 et
3458 3515 3562 3571 pro

1981 3593 2241 3648 omnibus
2275 3601 2529 3648 mortuus
2584 3601 2690 3656 est,
2722 3600 2784 3646 ut
2847 3608 3040 3648 omnes
3074 3593 3319 3660 salutem
3360 3604 3563 3646 conse-

1981 3692 2222 3753 quantur
2252 3686 2317 3736 ".
2355 3685 2458 3750 Qui
2500 3700 2631 3753 ergo
2681 3683 2850 3738 Deum
2897 3685 3097 3752 diligit,
3134 3686 3240 3739 hoc
3292 3682 3557 3748 custodit,

1980 3773 2132 3842 quod
2175 3787 2242 3826 ex
2270 3775 2366 3828 Dei
2394 3777 2675 3828 voluntate
2705 3776 2939 3830 exsistit.
2966 3776 3070 3840 Qui
3103 3791 3236 3830 vero
3263 3774 3558 3837 custodiat,

1981 3860 2259 3930 quomodo
2287 3876 2399 3914 non
2441 3877 2633 3917 onmes
2666 3870 2729 3916 ut
2779 3863 3023 3931 seipsum
3074 3862 3272 3932 diligit,
3332 3863 3560 3932 vultque

1982 3963 2176 4004 omnes
2207 3949 2388 4004 salvos
2432 3949 2589 4015 ﬁeri,
2644 3965 2769 4006 cum
2811 3951 2930 4006 bzec
2976 3951 3074 4006 Dei
3121 3950 3377 4009 voluntas
3410 3951 3558 4007 exsi-

1982 4047 2093 4095 stat
2107 4040 2132 4092 ?

2053 4131 2106 4185 5.
2147 4129 2445 4186 Scientiam
2471 4131 2590 4195 Dei,
2620 4131 2783 4187 iidem
2824 4141 3008 4189 vocat.
3037 4133 3372 4190 Charitatem
3402 4148 3556 4198 vero,

1981 4221 2428 4276 observationem
2467 4222 2874 4291 mandatorum,
2905 4238 3070 4294 quam
3117 4232 3176 4279 et
3213 4225 3558 4280 voluntatem

1980 4312 2239 4381 appellat,
2271 4321 2326 4366 et
2349 4312 2775 4382 iustiﬁcationes
2797 4323 2853 4368 et
2894 4315 3148 4369 mandata
3181 4324 3240 4370 et
3287 4323 3559 4385 prmeepta

1981 4411 2038 4457 et
2058 4403 2265 4468 lumen,
2293 4405 2449 4475 juxta
2483 4404 2615 4458 illud
2647 4422 2660 4458 :
2706 4403 2845 4470 Quia
2880 4405 2973 4460 lux
3004 4404 3356 4460 mandatas“.
3387 4406 3560 4468 Porro

1987 4503 2152 4564 caput
2181 4494 2287 4551 hoc
2329 4495 2616 4552 scientiam
2649 4497 2875 4554 exhibet
2918 4514 3043 4554 cum
3083 4497 3300 4555 actione
3327 4499 3560 4570 conjun-

1987 4597 2130 4643 ctam
2156 4604 2390 4659 eamque
2413 4590 2767 4661 dirigentem.

2055 4678 2109 4732 6.
2151 4679 2409 4736 Scientiae
2441 4688 2635 4736 auctor
2679 4682 2828 4738 Deus
2858 4690 2962 4738 est.
2989 4683 3122 4754 Ejus
3147 4691 3336 4740 autem
3355 4683 3564 4743 inaetu

1984 4769 2235 4835 scientia,
2265 4774 2385 4845 ejus
2411 4783 2495 4829 est
2523 4774 2618 4846 qui
2645 4774 2816 4830 Deum
2843 4775 2967 4842 scit,
2991 4775 3046 4830 in
3083 4775 3340 4847 spiritum
3356 4774 3558 4833 habitu

1983 4861 2311 4919 immutatio.

2050 5038 2101 5092 7.
2134 5037 2279 5109 Lege
2326 5049 2491 5110 caput
2541 5042 3005 5114 septuagesimum
3051 5051 3265 5104 sextum
3305 5041 3554 5113 ejusdem

1978 5129 2328 5199 centenarii.
2359 5129 2720 5201 inveniesque
2769 5146 2999 5202 prorsus
3045 5131 3247 5198 simile,
3271 5132 3381 5188 nisi
3403 5133 3556 5204 quod

1985 5223 2092 5278 alia
2112 5223 2338 5280 nomina
2365 5226 2544 5294 posita
2567 5233 2714 5280 sunt.
3353 5229 3360 5238 '

2056 5313 2222 5386 459
2243 5314 2295 5369 8.
2325 5314 2381 5370 Si
2403 5315 2694 5370 charitatis
2731 5314 3050 5370 mandatum
3099 5315 3406 5372 remedium
3457 5317 3560 5374 ad-

1983 5421 2175 5462 versus
2206 5407 2341 5462 iram
2367 5407 2555 5463 datum
2581 5416 2699 5473 est,
2736 5408 2894 5478 plane
2919 5408 3260 5464 continentia
3289 5409 3558 5467 adversus

1984 5498 2489 5569 concupiscentiam
2515 5514 2779 5555 concessa
2801 5509 2909 5556 est.
2939 5498 3082 5571 Lege
3105 5515 3227 5572 cap.
3256 5500 3344 5558 79.

377 5595 468 5654 “1
495 5596 620 5652 Cor.
651 5615 766 5664 xm,
796 5600 850 5654 2.
927 5601 972 5632 ⁸⁵
1006 5600 1204 5657 IJoan.
1243 5619 1311 5684 tv,
1348 5604 1433 5659 46.
1499 5606 1555 5636 ’³⁸
1582 5607 1746 5664 lCor.
1779 5625 1887 5678 vni,

2050 5615 2091 5647 ⁸⁷
2123 5615 2139 5667 1
2179 5611 2319 5666 Tim.
2355 5628 2412 5677 ll,
2449 5613 2500 5667 4.
2580 5611 2622 5642 ³⁸
2657 5612 2759 5667 Isa.
2793 5627 2937 5678 xxvr,
2970 5613 3023 5667 9.

364 5719 444 5795 (π)
504 5719 581 5779 Ex
617 5721 912 5793 Raphaclis
949 5723 1219 5791 Dufrcnii,
1274 5743 1420 5783 nunc
1449 5728 1636 5800 Regio,
1693 5731 1908 5787 codice.
