4140 6322
454 365 589 434 ισῖε

1613 363 1672 424 S.
1715 351 2002 423 MAXIMI
2037 359 2545 422 CONFESSORIS

3579 361 3668 427 1οἸ
3684 369 3718 429 6

520 478 574 534 9.
599 475 709 531 Nos
737 489 876 530 vero
894 473 988 544 qui
1038 470 1236 526 horum
1262 470 1429 524 trium
1459 471 1604 526 servi
1635 471 1831 535 simus,
1857 485 2033 540 quan~

2209 470 2274 524 θ’.
2324 472 2386 523 ΟΞ
2416 470 2473 524 δὲ
2516 469 2626 524 τῶν
2653 470 2821 543 τριῶν
2864 472 3062 540 δοῦλοι,
3102 474 3268 528 πόσον
3296 476 3451 546 μῖσος
3472 476 3592 527 κατ’
3620 475 3708 528 άλ-

455 579 572 624 tum
601 566 693 621 alii
746 565 801 618 in
835 563 973 617 alios
998 560 1188 615 odium
1217 559 1452 624 alimus;
1477 559 1572 629 qui
1614 558 1916 632 insatiabili
1939 571 2034 613 cu—

456 658 685 730 piditate
713 657 813 710 toti
848 662 1155 708 teneamur.
1195 651 1339 722 Lege
1371 666 1492 720 cap.
1515 649 1606 705 64.
1698 646 1701 648 ’

510 750 610 804 '10.
643 741 762 804 Ubi
790 747 1024 810 dixerat,
1067 760 1190 815 cap.
1230 746 1318 809 T1,
1351 759 1450 814 per
1489 739 1854 797 mandata'ab
1895 738 2035 794 afe-

367 903 370 905 Α
453 830 636 897 etibus
659 826 902 896 ae‘vitiis
931 838 1205 892 immunes
1233 846 1490 909 prwstare
1519 854 1531 890 :
1566 835 1672 890 hoc
1701 849 1852 888 nunc
1882 832 2037 903 capi-

455 933 571 989 talo
594 931 818 986 modum
840 929 1116 995 ostendit;
1143 945 1338 1000 nempe
1357 929 1412 984 in
1435 929 1706 984 charitate
1729 937 1785 984 et
1803 927 2038 1000 jejunio,

456 1023 906 1092 continentiaque
937 1031 993 1076 et
1020 1021 1294 1076 oratione.

529 1116 617 1170 ll.
647 1114 824 1169 Etiam
862 1115 987 1184 quis
1036 1113 1304 1183 Spiritalis
1350 1127 1414 1168 ac
1477 1110 1709 1167 scientia
1756 1109 2039 1179 prasditus,

461 1222 656 1264 rursus
688 1200 1004 1260 detrahitur
1029 1221 1094 1260 ac
1121 1205 1473 1275 degravatur.

528 1297 615 1350 ιε.
640 1295 752 1350 Nos
782 1309 916 1349 vero
941 1295 1036 1364 qui
1067 1293 1358 1349 affectibus
1382 1301 1548 1362 atque
1572 1288 1725 1344 vitiis
1747 1287 1932 1343 obruti
1971 1288 2046 1342 sic

461 1403 604 1450 mus,
624 1387 901 1457 quomodo
927 1385 1428 1455 contemplabimur
1457 1400 1471 1437 :
1501 1389 1597 1438 aut
1627 1379 1904 1451 quomodo
1925 1395 2048 1450 qua:

2138 562 2315 633 λήλων
2367 563 2661 634 τρέφομεν·
2702 567 2796 618 τοῦ
2839 566 3043 630 πάθους
3100 567 3212 621 ὃλοι
3259 567 3360 637 τῆς
3411 566 3716 638 ἀπληστίας

2138 655 2441 724 γενόμενοι.
2488 655 2784 724 Ἀνάγνωθι
2809 656 2868 709 τδ
2899 657 2992 722 ξδ’.

2211 751 2262 799 ι’.
2293 745 2479 799 Εἰπὼν
2521 747 2580 799 ἐν
2628 745 2706 816 τῷ
2758 745 2854 812 οξ,
2901 749 3098 802 ὅτιδιά
3154 749 3252 820 μὲν
3297 749 3408 803 τῶν
3467 751 3712 814 ἐντολῶν,

2142 836 2374 900 ἀπαθεῖς
2432 839 2753 909 ἐργάζεται·
2805 840 2900 893 νῦν
2949 840 3036 894 διά
3065 841 3218 895 τοῦδε
3272 841 3368 896 τοῦ
3418 842 3715 911 κεφαλαίου

2139 929 2378 984 δείκνυσι
2401 931 2536 994 πῶς·
2562 933 2644 986 ὅτι
2669 935 2725 986 ὲν
2745 932 2936 1003 ἀγάπῃ
2954 935 3048 988 καὶ
3075 933 3320 1005 νηστείᾳ,
3341 936 3407 1005 τῇ
3431 951 3490 987 τε
3511 935 3717 1006 ἐγκρα-

2141 1023 2264 1092 τείᾳ
2292 1022 2385 1074 καὶ
2413 1026 2712 1094 προσευχῇ.

2215 1121 2304 1169 ια’.
2337 1116 2449 1168 Καὶ
2477 1117 2774 1185 γνωπικὸς
2803 1135 2888 1182 τις
2915 1120 3336 1186 ὲγκατασπᾶται
3367 1119 3548 1172 πάλιν.

2221 1285 2308 1358 ιβ’.
2353 1288 2366 1306 ⁸
2392 1290 2564 1360 Ημεϊς
2610 1289 2668 1342 δὲ
2718 1296 3162 1362 συγκεχωσμὲνοι
3194 1296 3308 1356 τοῖς
3361 1292 3720 1358 πάθεσι,πῶς

2148 1376 2512 1450 θεωρήσωμεν
2537 1396 2552 1445 ;
2575 1379 2607 1450 ἢ
2642 1380 2758 1442 πῶς
2783 1381 2818 1434 ἀ
2847 1381 3160 1452 θεωροῦμεν
3185 1383 3285 1436 οὐκ
3307 1383 3555 1437 ἐκϐάλλει
3574 1385 3722 1454 ήμᾶς

459 1479 733 1536 fuerimus
771 1478 1148 1548 contemplati,
1172 1493 1286 1532 non
1315 1491 1420 1533 nos
1446 1491 1512 1532 ex
1535 1482 1739 1531 sancte
1759 1472 2048 1530 Trinitatis

2156 1471 2248 1540 τῆς
2278 1469 2530 1538 γνώσεως
2556 1472 2654 1542 τῆς
2689 1472 2848 1542 ἁγίας
2869 1474 3127 1544 Τριάδος;

459 1572 693 1631 seientia
719 1570 1058 1626 extrudent?

529 1663 621 1717 15.
650 1661 819 1717 Vides
843 1659 1323 1731 contemplationis
1345 1658 1741 1714 ascensiones?

534 1753 624 1808 μ.
685 1751 1162 1818 Quemadmodum
1223 1752 1279 1805 in
1336 1749 1464 1813 ﬁde,
1511 1750 1666 1805 nulla
1709 1746 2050 1805 inﬁdelitatis

2226 1677 2318 1740 ιγ’.
2361 1670 2474 1735 Τάς
2516 1669 2814 1734 ἀναϐάσεις
2833 1671 2937 1742 τῆς
2971 1671 3206 1741 θεωρίας
3232 1670 3489 1742 βλέπειςς

2227 1761 2306 1815 ιδ’.
2339 1761 2458 1814 Ὅτι
2487 1759 2676 1830 ὥσπερ
2701 1760 3012 1824 ἀπιστιδίας
3042 1763 3101 1814 ὲν
3134 1762 3316 1815 πίστει
3348 1760 3502 1830 λόγος
3527 1760 3723 1824 οὐδείς’

465 1843 606 1899 ratio
630 1851 755 1908 est;
787 1842 868 1898 sic
893 1857 1075 1912 neque
1107 1841 1164 1895 in
1205 1839 1519 1895 rationibus
1542 1855 1664 1910 qua:
1707 1849 1838 1895 sunt
1858 1856 1923 1895 ex
1953 1857 2050 1896 na-

2156 1852 2324 1918 οῦτως
2356 1853 2478 1906 οὐδὲ
2529 1854 2588 1907 ἐν
2628 1819 2742 1918 τοῖς
2764 1853 2946 1922 λόγοις
2989 1819 3134 1908 κατά
3171 1853 3334 1924 φύσιν
3391 1819 3628 1924 ὑπάρχει
3663 1819 3730 1906 τὸ

466 1933 611 2000 tul'a,
645 1933 855 2003 aliquid
887 1933 1033 1988 inest
1055 1932 1202 2002 quod
1231 1946 1264 1985 a
1296 1931 1512 1985 ratione
1536 1931 1854 1986 abhorreat.
1899 1929 2051 2002 Opus

463 2036 648 2082 autem
676 2025 1086 2087 mandatorum,
1121 2023 1262 2077 ratio
1285 2033 1371 2076 est
1397 2037 1462 2076 ac
1483 2037 1668 2076 sermo
1689 2021 1870 2092 reipsa
1895 2038 2053 2078 exer-

465 2118 628 2174 citus.
655 2115 799 2186 Lege
828 2131 951 2185 cap.
971 2113 1064 2180 84,
1096 2122 1154 2169 et
1173 2113 1573 2184 conquiesces;
1603 2113 1808 2170 factum
1835 2115 2051 2172 scilicet

468 2208 568 2264 tibi
591 2207 728 2263 satis
757 2207 1026 2264 invenies.

537 2301 627 2356 15.
660 2298 958 2364 Naturalis,
987 2297 1184 2368 inquit,
1213 2298 1613 2368 contemplatio
1640 2299 2050 2365 mandatorum,

468 2391 802 2459 sinceraque
819 2404 948 2460 erga
981 2389 1295 2458 proximum
1334 2388 1580 2452 dilectio,
1610 2404 1708 2444 eos
1739 2389 1834 2459 qui
1859 2389 2054 2444 obser-

470 2489 619 2548 vent,
645 2496 677 2535 a
699 2473 870 2552 pravo
892 2495 957 2535 ac
979 2479 1187 2535 carnali
1205 2495 1392 2535 amore
1409 2488 1467 2535 et
1483 2480 1770 2552 tyrannide
1793 2481 2051 2534 liberant.

470 2573 675 2627 lterum
701 2583 836 2625 vero
864 2569 1120 2634 scientia,
1167 2584 1266 2624 eos
1291 2569 1387 2640 qui
1417 2569 1700 2640 spiritales
1753 2585 1928 2640 eaque
1965 2571 2054 2626 in-

467 2663 664 2720 structi
691 2669 843 2728 sunt,
876 2661 946 2717 ab
973 2662 1256 2717 oblivione
1277 2671 1335 2717 et
1364 2662 1673 2733 ignorantia
1699 2661 1892 2718 itidem
1911 2662 2054 2717 libe-

468 2766 570 2811 rat.
600 2755 814 2824 Quibus
839 2755 1100 2811 omnibus
1122 2755 1375 2820 docetur,
1399 2753 1638 2809 animam
1673 2754 1854 2810 tribus
1882 2754 2056 2825 parti-

469 2849 571 2903 bus
594 2861 661 2902 ac
683 2847 1041 2902 facultatibus
1069 2847 1325 2913 divisam,
1359 2845 1494 2901 dum
1541 2863 1610 2902 ex
1639 2845 1854 2901 ratione
1894 2852 2059 2900 natu-

469 2955 639 3010 raque
665 2950 972 3005 moveatur,
1023 2954 1244 2994 omnem
1279 2949 1541 3009 praestare
1581 2940 1882 3003 virtutem,
1923 2939 2055 2994 dum

466 3049 599 3102 vero
645 3043 839 3090 contra
895 3033 1166 3089 rationem
1210 3042 1270 3088 et
1314 3042 1588 3096 naturam,
1637 3047 1800 3086 omne
1858 3031 2056 3085 vitium

465 3124 681 3180 efﬁcere
707 3139 773 3179 ac
803 3125 1093 3180 malitiam.
1140 3125 1415 3179 Memento
1467 3123 1570 3178 tria
1613 3123 1730 3178 haec
1769 3121 2057 3199 originalia
2083 3157 2125 3214 ο

466 3231 612 3283 esse,
640 3231 970 3287 summaque
1003 3217 1185 3272 omnis
1213 3217 1504 3286 pravitatis
1537 3216 1870 3284 malitiamque
1905 3215 2058 3285 prin-

467 3307 647 3376 cipia;
679 3307 1046 3378 ignorantiam
1067 3308 1299 3370 scilicet,
1328 3323 1572 3362 amorem
1591 3308 1744 3360 illum
1760 3322 2054 3376 corporum

467 3412 567 3458 seu
607 3399 911 3464 carnalem,
954 3413 1019 3456 ac
1067 3399 1434 3470 tyrannidem.
1487 3397 1612 3454 Haec
1653 3399 1710 3452 in
1759 3397 1920 3454 nobis
1955 3413 2056 3453 ne-

468 3488 775 3562 quissimus
803 3491 895 3548 ille
917 3490 1192 3557 condidit,
1221 3506 1321 3562 per
1355 3489 1526 3546 animi
1556 3491 1612 3546 in
1661 3491 1824 3548 nobis
1852 3491 2054 3547 virium

469 3581 724 3640 abusum.

541 3674 628 3730 l6.
662 3673 917 3730 Mandata
967 3689 1153 3730 rerum
1197 3675 1469 3746 cogitatus
1499 3689 1770 3745 sensaque
1807 3691 1837 3729 a
1866 3674 2056 3730 libidi-

471 3766 626 3822 nosis
654 3765 777 3821 istis
807 3773 1024 3821 etcum
1074 3766 1274 3822 aﬁ'ectu
1329 3776 1560 3832 tenuant
1601 3765 2055 3837 cogitationibus,

469 3857 614 3914 utin
642 3873 766 3927 cap.
792 3857 847 3923 4,
879 3857 958 3912 ait
996 3857 1269 3912 istiusmet
1291 3858 1616 3912 centenarii.

542 3945 796 4012 l7.Qute
835 3956 1038 4017 praeter
1090 3947 1189 4002 Dei
1241 3947 1580 4002 voluntatem
1634 3947 1772 4002 ﬁunt
1836 3947 2058 4018 (bonam

471 4038 620 4094 illam
648 4047 706 4093 et
731 4037 1133 4108 beneplacitam
1161 4046 1217 4094 et
1243 4039 1542 4108 perfectam
1567 4037 1633 4109 ³⁸)
1671 4055 1796 4108 qua:
1846 4038 2062 4093 scilicet

475 4129 618 4184 bona
647 4130 705 4184 in
739 4129 1053 4200 proximum
1107 4137 1335 4199 propter
1385 4131 1557 4185 Deum
1614 4130 1783 4184 animi
1841 4129 2060 4184 aﬁectio

471 4229 578 4286 est,
601 4231 801 4290 praeter
823 4231 1032 4276 rectum
1063 4223 1228 4276 finem
1260 4236 1323 4276 ac
1350 4222 1687 4279 destinatum
1723 4222 1878 4276 ﬁunt.
1904 4221 2062 4287 Quod

475 4326 607 4366 vero
649 4311 750 4367 Dei
791 4312 1062 4369 voluntati
1118 4313 1458 4378 adversetur,
1507 4330 1618 4368 non
1671 4314 1817 4369 bono
1877 4314 2062 4369 animo

474 4417 605 4471 erga
639 4402 951 4472 proximum
979 4418 1122 4469 esse,
1153 4404 1400 4460 ostendit
1441 4404 1709 4460 Dominus
1758 4404 1815 4459 in
1878 4405 2060 4459 Evan-

2152 1945 2482 2017 παράλογον.
2539 1947 2740 2017 Ἔργον
2799 1945 2856 1999 δὲ
2898 1945 3006 2000 τῶν
3059 1947 3313 2008 ὲντολῶν,
3367 1947 3524 2015 λόγος
3582 1947 3728 1998 ἐστὶν

2149 2037 2567 2108 ὲνεργούμενος.
2631 2037 2930 2108 ’Δνάγνωθι
2979 2039 3039 2093 τὸ
3063 2038 3169 2100 ,πδ¹
3233 2037 3531 2108 κεφάλαιον
3565 2079 3583 2103 ,
3630 2036 3728 2091 καὶ

2151 2127 2458 2200 ἀναπαύσῃ.

2228 2314 2310 2361 ιε’.
2350 2308 2413 2360 Ἡ
2458 2305 2662 2375 φυσική
2707 2322 2843 2375 φησι
2877 2303 3080 2375 θεωρία
3113 2302 3223 2357 τῶν
3252 2301 3502 2363 ἐντολῶν,
3538 2301 3574 2370 ή
3604 2317 3665 2353 τε
3691 2301 3729 2371 ή

2155 2400 2291 2468 πρὸς
2334 2398 2426 2451 τὸν
2475 2396 2707 2467 πλησίον
2739 2395 3027 2458 ἀνόθευτος
3067 2395 3279 2464 ἀγάπη,
3310 2392 3598 2462 φιλαυτίας
3635 2391 3729 2444 καὶ

2153 2490 2467 2562 τυραννίδος
2497 2489 2773 2560 ἐλευθεροῖ
2817 2489 2941 2549 τοὺς
2971 2488 3363 2556 φυλάσσοντας.
3405 2487 3469 2538 Ἦ
3505 2485 3561 2538 δὲ
3589 2483 3730 2551 γνῶ-

2157 2599 2242 2646 σις
2289 2582 2396 2636 τῶν
2422 2581 2611 2648 ὄντων,
2657 2579 2828 2652 λήθης
2877 2580 2970 2632 καὶ
3008 2577 3228 2646 ἀγνοίας
3258 2576 3585 2632 ἀπαλλάττει
3601 2575 3729 2636 τοὺς

2154 2672 2508 2746 γνωστικούς.
2569 2673 2667 2726 Διὰ
2715 2672 2918 2725 τούτων
2967 2670 3023 2724 δὲ
3077 2669 3319 2733 πάντων,
3366 2667 3427 2720 τὸ
3469 2665 3729 2736 τριμερὲς

2153 2770 2254 2839 τῆς
2282 2765 2461 2836 ψυχῆς
2493 2763 2838 2828 ὑποτίθεται,
2891 2763 3033 2815 κατά
3079 2759 3238 2828 λόγον
3288 2759 3388 2828 μὲν
3432 2759 3527 2811 καὶ
3566 2755 3730 2824 φύσιν

2157 2858 2500 2927 κινούμενον,
2547 2855 2727 2908 πᾶσαν
2774 2851 2976 2924 ἀρετὴν
3025 2849 3342 2922 κατορθοῦνο
3385 2847 3538 2918 παρά
3571 2845 3730 2913 λόγον

2156 2947 2214 3000 δὲ
2255 2946 2348 3000 καὶ
2375 2944 2556 3014 φύσιν,
2603 2945 2782 2998 πᾶσαν
2825 2941 3025 2997 κακίαν
3055 2938 3404 3010 ἐργάζεσθαι.
3442 2938 3728 3008 Μέμνησο,

2158 3039 2241 3092 ὅτι
2264 3037 2331 3090 τά
2359 3035 2630 3108 ἀρχέγονα
2679 3035 2775 3089 καὶ
2806 3035 2986 3106 πάσης
3027 3033 3222 3096 κακίας
3253 3031 3570 3102 γεννητικὰ,
3601 3028 3732 3100 τρία

2159 3127 2338 3184 ταῦτά
2386 3129 2559 3194 ἐστιν,
2599 3127 2792 3195 ἄγνοια
2817 3165 2833 3192 ,
2879 3125 3158 3195 φιλαυτία,
3194 3124 3288 3177 καὶ
3321 3121 3593 3194 τυραννίς-
3633 3119 3730 3172 καὶ

2158 3221 2240 3275 ὅτι
2284 3221 2627 3291 ὑπεστήσατο
2661 3217 2865 3281 ταύτας
2889 3219 2917 3271 ὁ
2943 3217 3176 3289 πονηρὸς
3221 3219 3278 3268 ὲν
3309 3217 3462 3285 ήμῖν,
3487 3209 3564 3283 τῷ
3585 3211 3731 3265 κατά

2159 3311 2506 3380 παράχρησιν
2550 3309 2694 3380 λόγῳ
2718 3307 2828 3362 τῶν
2863 3309 2921 3360 ἐν
2960 3309 3094 3378 ήμῖν
3136 3305 3417 3376 δυνάμεων
3458 3317 3732 3375 προσχρηο

2159 3417 2410 3471 σαμενος.

2234 3682 2330 3741 ις’.
2365 3675 2585 3729 Τούτων
2617 3673 2725 3728 τῶν
2777 3671 3044 3743 ὲμπαθῶν
3073 3667 3353 3741 λογισμῶν
3389 3665 3638 3737 φιλοῦσιν
3673 3665 3730 3718 αι

2159 3768 2394 3834 ἐντολαὶ,
2437 3766 2506 3820 τὰ
2564 3765 2673 3820 τῶν
2716 3763 3062 3836 πραγμάτων
3093 3762 3362 3833 νοήματα·
3396 3756 3536 3812 καθά
3565 3757 3623 3809 ὲν
3652 3755 3733 3826 τῷ

2157 3860 2199 3914 δ’
2231 3860 2511 3931 κεφαλαίῳ
2533 3859 2634 3928 τῆς
2675 3858 2845 3928 αὐτῆς
2878 3862 2922 3926 ρ’
2945 3855 3096 3927 φησί.

2233 3954 2316 4018 ιζ’.
2347 3951 2430 4006 Τά
2459 3951 2609 4022 παρά
2636 3949 2696 4002 τὸ
2734 3949 2947 4019 θέλημα
2983 3946 3330 4017 πραττόμενα
3355 3941 3448 3996 τοῦ
3484 3939 3639 4006 Θεοῦ,
3671 3940 3735 3992 τὸ

2159 4045 2360 4114 ἀγαθὸν
2397 4043 2493 4096 καὶ
2519 4043 2810 4112 εὐάρεστον
2861 4040 2957 4092 καὶ
2983 4037 3208 4099 τέλειον,
3235 4036 3371 4106 ὅπερ
3398 4033 3548 4087 ἐστὶν
3581 4033 3614 4102 ή
3646 4029 3735 4084 διὰ

2157 4138 2248 4192 τὸν
2303 4135 2435 4190 Θεὸν
2474 4135 2608 4205 πρὸς
2649 4133 2740 4187 τὸν
2781 4131 3008 4202 πλησίον
3053 4128 3232 4200 ἀγαθὴ
3277 4126 3552 4188 διάθεσις,
3585 4122 3735 4193 παρά

2158 4228 2250 4282 τὸν
2283 4225 2442 4297 ὀρθόν
2484 4226 2602 4278 ἐστι
2661 4221 2863 4276 σκοπὸν
2913 4219 3192 4288 γινόμενα.
3227 4218 3351 4270 Ὀτι
3380 4215 3435 4268 δὲ
3476 4213 3630 4283 παρά
3672 4211 3735 4264 τὸ

2162 4318 2371 4388 Θὲλημα
2406 4315 2498 4370 τοῦ
2537 4313 2670 4368 Θεοῦ
2701 4314 2759 4368 τὸ
2790 4315 2926 4387 πρὸς
2953 4313 3044 4367 τὸν
3069 4311 3298 4382 πλησίον
3323 4308 3383 4362 οὐ
3407 4306 3589 4367 καλῶς
3617 4306 3732 4358 δια-

2163 4410 2400 4473 κεῖσθαι,
2437 4408 2708 4462 δείκνυσιν
2744 4406 2801 4458 ὲν
2838 4404 3192 4474 Εὐαγγελίοις
3235 4402 3407 4470 λέγων
3445 4402 3474 4452 ὁ
3507 4397 3731 4468 Κύριοςο

473 4491 654 4562 geliis,
679 4508 804 4547 cum
827 4493 903 4547 ait
932 4512 945 4547 :
978 4493 1252 4558 Quatenus
1281 4495 1496 4564 fecistis,
1523 4497 1609 4550 vel
1640 4513 1744 4550 non
1775 4496 1965 4566 fecistis
1989 4496 2055 4562 ⁴⁰;

2175 4501 2281 4569 Ἔξρ
2308 4499 2459 4552 ὅσον
2485 4494 2831 4561 ἐποιήσατε,
2863 4495 2957 4548 καὶ
2977 4494 3050 4563 ἐφ
3071 4494 3224 4547 ὅσον
3252 4493 3364 4546 οὐκ
3386 4487 3730 4553 ἐποιήσατε,

472 4598 806 4640 enumerans
842 4584 1126 4640 charitatis
1173 4595 1339 4656 atque
1375 4587 1486 4641 odii
1545 4603 1766 4657 genera.
1818 4585 2061 4642 Observa

473 4686 630 4739 vero,
659 4673 805 4743 quod
830 4675 926 4744 qui
947 4684 1136 4730 contra
1173 4685 1383 4733 rectum
1424 4678 1588 4733 ﬁnem
1629 4693 1694 4732 ac
1724 4677 2059 4733 destinatum

477 4771 694 4825 (contra
719 4763 815 4821 Dei
845 4764 1056 4822 scilicet
1086 4767 1453 4834 mandatum),
1489 4782 1721 4822 excusso
1747 4768 2060 4821 humanita-

476 4855 546 4910 tis
568 4870 757 4918 sensu,
785 4856 1057 4923 fecerunt,
1085 4875 1212 4913 cum
1236 4860 1375 4913 nihil
1413 4859 1479 4914 ad
1535 4859 1909 4914 defensionem
1956 4861 2056 4914 ha-

475 4948 690 5014 berent,
727 4965 910 5020 neque
931 4950 1099 5005 etiam
1130 4951 1294 5006 ﬁnem
1319 4967 1383 5006 ac
1416 4951 1746 5007 destinatum
1775 4967 2057 5020 opponere

473 5039 735 5096 videntur
775 5059 790 5095 :
826 5043 974 5111 quod
1005 5059 1205 5112 nempe
1245 5043 1476 5107 scirent,
1529 5059 1655 5096 eum
1715 5043 1810 5111 qui
1866 5051 2059 5098 contra

474 5137 685 5186 lectum
710 5132 806 5186 Dei
837 5133 1002 5189 ﬁnem
1026 5149 1092 5188 ac
1110 5133 1448 5188 destinatum
1477 5133 1664 5200 faciat,
1717 5134 1932 5188 tametsi
1970 5135 2056 5189 in-

475 5238 731 5279 numeras
760 5234 1004 5294 opponat
1028 5227 1291 5292 rationes,
1317 5226 1462 5283 haud
1497 5243 1738 5298 unquam
1753 5227 2058 5298 gehennam

473 5328 788 5371 evasurum.

549 5405 636 5460 18.
677 5406 1046 5477 Cupiditatem
1091 5407 1239 5464 sistit
1297 5409 1394 5466 Dei
1453 5411 1696 5467 charitas
1741 5428 1754 5464 :
1820 5410 2055 5480 proximi

476 5503 662 5551 autem
695 5497 921 5556 dilectio
951 5499 1034 5554 ira
1079 5511 1462 5572 exasperatura
1481 5503 1727 5558 animum
1755 5503 1929 5559 sedat.

552 5585 639 5644 19.
672 5586 778 5653 Qui
823 5589 1122 5662 imaginum
1146 5593 1430 5659 materias,
1465 5594 1682 5651 divinas
1719 5595 1919 5667 ﬁguras
1945 5595 2065 5651 exi-

540 5756 586 5790 ”
623 5760 781 5819 Rom.
811 5779 904 5832 nt,
938 5766 992 5820 2.
1071 5768 1114 5799 ⁸ο
1140 5768 1330 5823 Matth.
1359 5786 1483 5836 xxv,
1517 5771 1604 5828 40.

2161 4592 2263 4661 τῆς
2289 4590 2508 4661 ἀγάπης
2535 4589 2604 4641 τά
2641 4589 2755 4660 εἴδη
2799 4591 2891 4643 καὶ
2947 4586 3040 4640 τοῦ
3089 4587 3278 4657 μίσους
3317 4579 3734 4654 ἀπαριθμούμεο

2163 4701 2272 4748 νος.
2310 4684 2450 4754 Ὅρα
2478 4681 2536 4734 δὲ
2572 4682 2652 4734 ὅτι
2684 4681 2734 4733 οἱ
2769 4678 2920 4750 παρά
2946 4679 3036 4731 τὸν
3066 4677 3224 4748 ὀρθὸν
3256 4675 3584 4746 ποιήσαντες
3608 4685 3730 4723 σκο·

2164 4774 2288 4837 πὸν,
2321 4775 2492 4844 ἤγουν
2521 4772 2672 4842 παρὰ
2705 4771 2802 4842 τὴν
2846 4769 3062 4840 ἐντολὴν
3108 4769 3202 4822 τοῦ
3235 4767 3392 4832 Θεοῦ,
3435 4761 3733 4820 ἀποσεισά-

2166 4884 2316 4937 μενοι
2344 4865 2404 4920 τὸ
2442 4864 2844 4935 φιλάνθρωπον,
2885 4863 3139 4933 οὐδεμίαν
3187 4860 3399 4930 ἔχοντες
3441 4855 3735 4925 ἀπολογίαν

2163 4961 2357 5024 εἰπεῖν,
2412 4957 2534 5011 οὐδὲ
2587 4956 2680 5010 τὸν
2715 4956 2915 5010 σκοπὸν
2963 4954 3392 5026 προϐαλλόμενοι
3435 4953 3730 5021 φαίνονται·

2162 5051 2383 5114 εἰδότες,
2415 5048 2490 5112 ὡς
2537 5049 2565 5101 ὁ
2614 5049 2766 5119 παρά
2815 5046 2908 5100 τὸν
2953 5045 3112 5118 ὀρθὸν
3146 5044 3346 5098 σκοπὸν
3379 5042 3474 5096 τοῦ
3518 5041 3652 5093 Θεοῦ
3680 5056 3734 5091 τι

2166 5140 2441 5212 πράττων,
2476 5139 2578 5192 κᾶν
2611 5139 2838 5212 μυρίους
2865 5137 3058 5206 λόγους
3103 5135 3417 5207 προϐάλλοι,
3455 5133 3554 5204 τὴν
3583 5132 3735 5200 γέενο

2165 5249 2262 5285 ναν
2284 5231 2382 5284 οὐκ
2410 5229 2754 5300 ἐκφεύξεται.

2237 5417 2326 5482 ιη’.
2373 5409 2698 5481 Ἐπιθύμίαν
2732 5409 2942 5477 ἵστησιν
2982 5409 3016 5478 ή
3050 5407 3145 5461 τοῦ
3183 5404 3317 5460 Θεοῦ
3350 5401 3560 5472 ἀγάπη·
3585 5401 3620 5471 ή
3641 5397 3734 5453 τοῦ

2167 5502 2395 5573 πλησίον
2424 5501 2502 5564 δὲ,
2536 5499 2700 5555 παύει
2732 5499 2903 5570 θυμὸν
2947 5498 3314 5570 ἠγριωμένον.

2239 5593 2325 5650 ιθθ.
2373 5595 2436 5648 0i.
2489 5591 2764 5657 είκονικάς
2816 5591 2949 5656 ὔλας
2987 5591 3112 5656 τοὺς
3147 5589 3326 5654 θείους
3380 5587 3736 5658 χαρακτῆρας
