4140 6322
420 346 551 415 1077

1299 298 1634 406 CAPITUM
1673 345 1772 406 DE
1807 342 2239 406 CIIARITATE
2280 345 2669 408 CENTURIA
2709 347 2806 408 1v.

3519 344 3655 412 1078

409 465 903 538 ὑπολαμϐάνοντες,
933 465 1322 537 παραχρῶνται
1352 466 1465 529 τοῖς
1481 464 1590 518 τῶν
1619 463 1978 534 χαρακτήρων

2090 463 2326 530 stimant,
2373 463 2667 535 ﬁgurarum
2733 460 3090 532 conceptibus
3148 459 3468 518 abutuntur.
3519 459 3696 515 Nam‘

407 560 664 630 νοήμασι.
713 555 821 610 Τοῦ
851 556 960 628 γάρ
1007 556 1352 627 χαρακτῆρος
1400 555 1499 626 τὴν
1543 553 1838 608 ὑπόστασιν
1883 552 1976 621 δη-

400 653 646 715 λοῦντος
685 651 839 705 αὐτοὶ
887 650 986 721 τὴν
1041 649 1248 715 οὐσίαν,
1280 650 1397 720 ἦτοι
1439 648 1539 718 τὴν
1579 645 1741 718 ῦλην,
1785 647 1842 697 ἐν
1885 639 1977 716 ᾔὸ

406 744 698 818 χαρακτὴρ
725 743 1134 815 προσκυνεῖται,
1165 741 1489 812 χαρακτῆρα
1522 737 1808 792 ὑπέλαϐον.
1849 737 1975 789 Ἔν-

410 839 593 893 θεντοι
623 837 716 890 ιιιαι⁷
748 835 1240 909 παραχρησάμενοι
1270 833 1345 904 τῷ
1369 833 1623 902 νοήματι,
1648 830 1706 897 ὲξ
1735 829 1978 896 ἀνάγκης

404 931 502 986 καὶ
531 930 610 1000 τῷ
637 929 922 999 πράγματι
948 927 1386 999 παρεχρήσαντοο
1418 925 1493 986 ὼς
1527 923 1658 993 ὓλην
1694 920 1856 990 ψιλὴν
1885 919 1979 972 καὶ¹

405 1022 598 1094 κωφὴν
624 1023 753 1086 τοὺς
799 1021 978 1092 ίεροὺς
1023 1018 1381 1089 χαρακτῆρας
1424 1013 1656 1076 ἀναιδῶς
1701 1010 1977 1066 κατακαύ-

408 1132 620 1179 σαντες.

476 1212 546 1260 κθ.
577 1204 752 1258 Βλέπε
787 1202 852 1256 τὸ
893 1202 1152 1272 διάφορον
1177 1201 1276 1269 τῆς
1311 1197 1488 1268 λύπης
1516 1199 1611 1251 καὶ
1638 1197 1735 1266 τῆς
1763 1195 1974 1264 ὀδύνης·

407 1296 503 1350 καὶ
538 1297 624 1350 ὅτι
652 1291 1196 1366 παρακολουθήματά
1230 1291 1387 1344 εἰσινο
1419 1291 1454 1362 ἡ
1477 1289 1595 1360 μὲν,
1636 1287 1738 1358 τῆς
1767 1286 1975 1358 ἡδονῆς·

403 1389 436 1459 ἠ
468 1388 548 1452 δὲ,
588 1389 690 1457 τῆς
726 1384 1056 1452 κενοδοξίας.

477 1487 586 1535 καν.
616 1481 805 1548 Πάσης
845 1481 994 1550 ἡμᾶς
1023 1476 1316 1545 ἀπολογίας
1363 1473 1636 1528 ἀποπαύει
1665 1471 1764 1528 τοῦ
1791 1472 1980 1526 ἀποτι-

406 1572 558 1626 Οέναι
582 1571 648 1625 τὰ
675 1571 778 1641 χρή
789 1586 954 1640 ματα,
977 1563 1056 1621 τὰ
1075 1566 1308 1638 καθεξῆς
1332 1565 1458 1637 τρία
1487 1563 1660 1620 ταῦτα
1684 1563 1979 1633 κεφάλαια.

477 1751 583 1822 κβθ.
628 1749 898 1820 Τεχνικὴν
931 1747 1140 1815 σοφίαν,
1177 1746 1240 1799 ού
1270 1745 1369 1815 τὴν
1391 1747 1458 1798 ὲκ
1488 1743 1776 1814 μαθήσεως
1807 1740 1978 1807 λέγει,

408 1842 548 1896 ἀλλὰ
585 1840 685 1912 τὴν
714 1840 781 1894 δι’
809 1834 882 1910 ἦς
903 1840 932 1892 6
957 1839 1089 1901 Θεὸς
1131 1837 1200 1890 τὰ
1233 1837 1410 1891 πάντα
1455 1835 1698 1906 ἐποίησε.

477 1931 586 2001 κγ’.
618 1932 744 1994 Τοῖς
769 1929 1061 1999 τέσσαρσιν
1084 1928 1112 1980 6
1163 1925 1288 1990 νοῦς
1323 1942 1424 1996 μου
1452 1924 1781 1993 ἀκάθαρτος.
1829 1920 1981 1991 Ἔχει

405 2024 463 2079 δέ
490 2041 545 2076 τι
574 2024 667 2077 καὶ
689 2023 872 2088 πλέον,
898 2022 979 2074 ὅτι
1007 2021 1100 2073 καὶ
1125 2019 1233 2072 τῶν
1260 2017 1436 2072 ἄλλων
1459 2016 1648 2071 ἑαυτὸν
1677 2015 1982 2085 σοφώτερον

406 2113 628 2183 ἥγηται.

485 2220 587 2276 κδ’.
628 2219 894 2274 οὐδέποτε
926 2218 960 2288 ἡ
985 2217 1130 2287 ψυχή
1165 2233 1268 2287 μου
1293 2215 1438 2271 κατά
1471 2216 1631 2284 φύσιν
1663 2215 1982 2285 ἐνήργησενο

367 2367 380 2379 ,
409 2309 578 2378 οἶδεν,
608 2313 635 2364 6
673 2310 841 2380 μηδὲν
865 2309 1097 2377 ἀγνοῶνο
1135 2308 1230 2362 καὶ
1260 2307 1518 2362 οὐδέποτε
1548 2308 1647 2377 τῆς
1684 2308 1806 2360 κατ’
1837 2307 1985 2376 ὲνέρ-

413 2417 571 2472 γειαν
612 2400 889 2472 ἁμαρτίας
929 2399 1231 2469 ἠρέμησεν.

419 2559 424 2565 ’
487 2579 588 2634 κε’.
621 2579 787 2632 ’Ὥστε
821 2578 896 2650 μὴ
943 2577 1032 2632 διὰ
1075 2577 1168 2631 τὸν
1214 2576 1448 2648 Χριστόν
1487 2593 1540 2629 τι
1587 2575 1890 2638 ποιοῦντες·
1921 2575 1987 2628 δι’

419 2673 548 2728 ἄλλο
579 2671 637 2727 δέ
678 2690 752 2736 τι,
788 2673 847 2724 ού
889 2670 1166 2740 δυνάμεθα
1205 2668 1606 2740 προϐάλλεσθαι
1647 2669 1739 2721 τὸν
1765 2668 2007 2722 σκοπόν··

422 2765 545 2818 ἐπεὶ
577 2762 732 2833 παρὰ
761 2763 852 2816 τὸν
877 2763 1080 2816 σκοπὸν
1097 2760 1192 2816 τοῦ
1221 2761 1378 2828 Θεοῦ,
1407 2762 1500 2814 καὶ
1538 2759 1680 2814 κατά
1706 2760 1768 2814 τὸ
1788 2759 1988 2832 ἡμέτε-

423 2872 518 2924 ρον
544 2854 911 2926 ἐργαζόμεθα.

493 2947 606 3029 κζ’.
640 2963 703 3017 Εἰ
749 2963 882 3034 διψᾷ
903 2980 988 3026 τις
1022 2962 1263 3015 ἀλίσκειν
1293 2961 1385 3014 καὶ
1416 2958 1688 3032 ἁρπάζειν
1713 2961 1989 3032 ἀλλότρια,

418 3053 450 3108 ὃ
481 3055 554 3125 μή
587 3053 952 3125 ὲστιθέλημα
984 3053 1081 3106 τοῦ
1131 3053 1287 3120 Θεοῦ,
1337 3051 1453 3116 πῶς
1505 3051 1858 3123 προϐαλείται
1903 3053 1994 3105 τὸν

2079 569 2202 608 cum
2233 554 2406 626 ﬁgura
2442 570 2538 610 seu
2568 554 2853 610 character
2895 567 3186 622 personam
3217 550 3521 622 signiﬁcet,
3555 549 3658 622 ipsi

2078 645 2436 700 substantiam
2501 644 2591 716 (id
2647 652 2766 708 est,
2826 633 3150 712 materiam)
3203 643 3256 697 in
3290 658 3422 712 .qua
3481 641 3654 713 ﬁgura

2079 736 2360 802 aduratur,
2420 736 2647 806 ﬁguram
2703 737 3178 790 existimaverunt.
3232 735 3481 802 llineque
3521 732 3660 787 adeo

2078 836 2372 898 conceptu,
2422 829 2613 897 reique
2680 829 2907 883 notione
2959 827 3272 890 abutentes,
3348 824 3660 880 necessario

2078 920 2246 975 etiam
2276 921 2461 990 rcipsa
2499 919 2658 975 abusi
2715 928 2882 986 sunt;
2916 920 2989 973 ita
3043 919 3306 972 nimirum
3363 925 3424 970 ut
3459 916 3658 969 nudam

2080 1021 2397 1082 mutamque
2460 1012 2748 1067 materiam
2784 1027 2965 1066 sacras
3017 1010 3218 1081 ﬁguras
3264 1026 3327 1063 ac
3394 1008 3659 1077 imagines

2081 1107 2429 1176 impudenter
2459 1108 2568 1178 igni
2593 1108 2890 1163 abolendas
2921 1109 3255 1178 putaverint.

2151 1197 2240 1251 20.
2277 1198 2411 1252 Vide
2443 1197 2740 1254 discrimen
2768 1200 2913 1255 inter
2944 1200 3224 1254 tristitiam
3264 1209 3320 1254 et
3370 1200 3660 1264 dolorem;

2083 1289 2343 1359 quodque
2368 1289 2522 1343 velut
2571 1290 2922 1360 appendices,
2948 1292 3117 1345 altera
3151 1290 3470 1360 voluptatis,
3527 1289 3664 1343 alter

2081 1379 2261 1434 inanis
2285 1379 2472 1448 gloria:
2507 1380 2638 1434 sint.

2149 1471 2240 1526 2i.
2282 1471 2512 1526 Omnem
2548 1471 2712 1526 nobis
2741 1469 2994 1526 adimunt
3053 1471 3465 1526 excusationem
3530 1471 3664 1540 quin

2080 1563 2344 1633 pecunias
2397 1562 2745 1633 abjiciamus,
2806 1577 2928 1631 qua:
3010 1571 3320 1630 sequuntur
3389 1561 3489 1615 tria
3552 1563 3667 1615 haec

2097 1655 2212 1724 capi
2221 1663 2290 1708 ta.
3128 1654 3137 1670 '

2153 1745 2243 1800 22.
2298 1744 2654 1800 Artiﬁeialem
2686 1743 3011 1813 sapientiam
3041 1751 3218 1807 vocat,
3269 1747 3379 1796 non
3430 1756 3551 1811 qua:
3602 1755 3670 1794 ex

2013 1803 2054 1862 Β
2087 1805 2373 1907 disciplina
2401 1836 2658 1898 habetur,
2687 1803 2785 1890 sed
2810 1850 2916 1904 qua
2952 1834 3095 1888 Deus
3118 1803 3365 1888 condidit
3389 1803 3592 1888 omnia.

2157 1932 2246 1988 25.
2280 1928 2634 2000 Quadruplici
2681 1943 2746 1982 ea
2798 1927 2920 1981 labe
2955 1942 3110 1981 mens
3153 1940 3272 1980 mea
3321 1925 3535 1995 impura
3562 1932 3664 1991 est.

2089 2025 2232 2092 Quin
2256 2030 2312 2078 et
2341 2020 2490 2076 aliud
2521 2020 2653 2091 quid
2677 2020 2912 2090 amplius
2932 2019 3117 2078 habet.
3147 2017 3295 2088 quod
3345 2025 3401 2072 et
3443 2016 3669 2087 reliquis

2091 2118 2356 2188 majorem
2389 2113 2494 2169 sibi
2522 2111 2845 2182 sapientiam
2879 2110 3175 2180 arrogavit.

2162 2228 2251 2281 26.
2298 2226 2591 2296 Nunquam
2637 2224 2817 2278 anima
2861 2238 2980 2277 mea
3027 2229 3250 2291 operata
3297 2229 3415 2285 est,
3477 2227 3539 2274 ut
3592 2219 3669 2273 illi

2093 2334 2157 2373 ex
2181 2326 2375 2370 natura
2396 2323 2774 2385 comparatum
2805 2321 2888 2366 est
2921 2330 2933 2365 :
2987 2310 3270 2380 novitque,
3317 2324 3480 2378 quem
3521 2309 3671 2362 nulla

2096 2420 2184 2458 res
2215 2404 2346 2458 latet
2381 2421 2393 2455 :
2447 2417 2512 2457 ac
2550 2402 2761 2456 nullum
2791 2409 2914 2454 actu
2964 2397 3226 2469 peccandi
3261 2413 3499 2466 unquam
3541 2396 3673 2452 fecit

2097 2497 2279 2550 tinem.

2167 2587 2258 2641 25.
2291 2585 2501 2641 Idcirco
2525 2599 2636 2639 non
2658 2591 2884 2652 propter
2907 2582 3190 2637 Christum
3228 2580 3433 2650 aliquid
3464 2579 3672 2634 facien-

2100 2689 2199 2742 tes,
2242 2677 2339 2733 sed
2371 2677 2440 2731 ob
2471 2675 2679 2746 aliquid
2714 2675 2885 2741 aliud,
2924 2689 3035 2728 non
3061 2688 3356 2742 possumus
3377 2672 3540 2726 ﬁnem
3577 2671 3675 2724 ob-

2093 2772 2260 2841 jicere
2283 2786 2346 2825 ac
2377 2768 2722 2840 propositum
2759 2785 2772 2820 :
2805 2767 3009 2837 quippe
3058 2765 3152 2836 qui
3205 2775 3403 2836 praeter
3441 2763 3540 2818 Dei
3576 2777 3673 2818 vo-

2098 2867 2386 2928 luntatem,
2425 2879 2601 2932 exque
2623 2869 2810 2916 nostra
2845 2875 3009 2929 opera
3031 2867 3374 2929 praestemus.

2165 2973 2330 3046 “0
2361 2972 2451 3026 26.
2491 2971 2546 3026 Si
2599 2970 2724 3041 quis
2782 2970 2899 3025 sitit
2946 2979 3006 3024 ut
3053 2969 3232 3024 aliena
3261 2966 3474 3022 auferat
3510 2973 3676 3033 atque

2103 3064 2278 3134 rapiat
2329 3063 2496 3135 (quod
2546 3077 2658 3116 non
2708 3070 2791 3115 est
2834 3061 2931 3116 Dei
2977 3058 3587 3129 voluntatis),quonam
3631 3055 3677 3108 is

423 3147 646 3210 σκοπὸν,
679 3140 742 3200 οὗ
800 3145 1000 3210 σκοπὸς
1057 3145 1120 3198 τὸ
1171 3143 1342 3198 ἐλεεῖν
1395 3145 1542 3215 ἡμᾶς
1604 3143 1698 3198 καὶ
1729 3142 1991 3207 δανείζειν

2098 3155 2260 3209 modo
2327 3154 2672 3224 propositum
2727 3152 3003 3221 ﬁnemque
3057 3150 3284 3221 objiciet
3329 3149 3451 3219 ejus
3521 3147 3678 3216 cujus

422 3239 592 3307 ὲστίν;

495 3348 601 3414 κζ’.
635 3349 760 3402 Ὀτι
789 3351 816 3402 6
846 3347 1104 3419 φιλαυτία
1131 3347 1420 3414 δουλεύων,
1464 3348 1826 3420 βαρυκάρδιός
1860 3349 1996 3414 ἐστι,

428 3437 772 3508 ματαιότητα
821 3440 914 3491 καὶ
942 3438 1136 3508 ψεῦδος
1172 3439 1402 3508 ἀγαπῶν
1455 3439 1550 3492 καὶ
1600 3438 1779 3511 ζητῶν
1807 3455 1820 3470 ο
1863 3441 1998 3509 ὅπερ

424 3529 544 3582 ἐστὶ
599 3528 659 3581 τὸ
706 3528 969 3599 σαρκικὸν
1011 3528 1289 3599 φρόνημα*
1327 3530 1446 3601 ἦτοι
1479 3531 1578 3601 τῆς
1617 3529 1818 3600 σαρκὸς
1845 3531 1878 3598 ἡ
1912 3528 2001 3580 εύ-

428 3619 651 3674 πάθεια.

473 3728 607 3800 .κη’.
641 3728 761 3781 Τῶν
787 3729 1229 3801 προειρημένων,
1259 3728 1416 3800 δῆλον
1455 3731 1762 3799 φιληδονίας
1795 3733 1887 3784 καὶ
1915 3749 2000 3800 φι-

430 3818 672 3884 λοδοξίας
701 3819 794 3873 καὶ
826 3819 1212 3892 φιλαργυρίας.
1251 3822 1314 3873 Εἰ
1373 3821 1431 3873 δέ
1459 3837 1544 3884 τις
1580 3821 1790 3885 τούτοις
1832 3822 2002 3893 ἀπρὶξ

432 3911 703 3984 ἐνίσχεται
747 3913 822 3978 ὡς
857 3915 988 3984 ἐγὼ,
1031 3916 1150 3980 πῶς
1185 3916 1320 3971 Θεοῦ
1364 3915 1835 3988 καταξιωθήσεται
1863 3916 2002 3985 γνὼ-

436 4020 595 4068 σεως,
636 4006 866 4060 συνιδεῖν
900 4010 999 4061 οὐκ
1027 4011 1156 4080 ἔχω.

505 4112 608 4166 κθ’.
645 4112 715 4166 ’Ἦ
747 4114 853 4186 γὰρ
897 4115 973 4178 ὡς
1019 4115 1192 4170 δοῦλοι
1222 4117 1256 4188 ἦ
1290 4117 1386 4171 καὶ
1437 4116 1720 4188 μίσθιοι,ἢ
1760 4118 1834 4181 ὡς
1879 4119 1999 4170 υἱοίο

377 4207 389 4218 ’
435 4203 734 4269 τουτέστιν,
792 4205 826 4276 ἢ
873 4205 949 4269 ὡς
987 4209 1278 4279 πρακτικοὶ
1323 4209 1502 4280 μόνον,
1544 4208 1703 4281 ἢκαὶ
1747 4211 1820 4274 ὡς
1863 4211 2003 4278 γνὼ-

438 4305 578 4353 σεως
604 4293 1053 4359 καταξιωθέντες.

2099 3243 2224 3297 ﬁnis
2242 3249 2346 3307 est,
2363 3252 2422 3296 ut
2445 3243 2773 3296 misereatur
2793 3240 2967 3295 nostri
2995 3255 3058 3294 ac
3084 3238 3432 3293 commodet?

2167 3351 2257 3404 27.
2283 3349 2386 3415 Qui
2417 3349 2624 3408 carnali
2649 3349 2822 3403 amori
2844 3348 3036 3413 servit,
3057 3348 3208 3419 gravi
3235 3347 3400 3402 corde
3429 3356 3545 3413 est;
3582 3346 3676 3416 qui

2098 3457 2296 3512 nempe
2332 3442 2630 3496 vanitatem
2662 3448 2719 3495 et
2745 3439 3094 3494 mendacium
3135 3438 3328 3509 diligat
3357 3453 3420 3493 ac
3445 3446 3676 3508 quaerat,

2098 3533 2246 3602 quod
2286 3540 2370 3587 est
2395 3532 2578 3587 carnis
2617 3547 2814 3586 sensus
2839 3546 2902 3586 ac
2927 3530 3221 3601 prudentia
3257 3548 3270 3584 :
3311 3530 3431 3600 ejus
3470 3529 3678 3584 scilicet

2098 3623 2345 3678 luxuries
2371 3622 2628 3691 bonaque
2665 3621 2949 3676 habitudo.

2169 3727 2259 3780 28.
2292 3726 2422 3792 Qua:
2456 3727 2602 3780 dicta
2647 3735 2796 3788 sunt,
2831 3741 3031 3794 nempe
3065 3726 3270 3780 amoris
3313 3724 3676 3794 voluptatum,

2099 3817 2286 3885 gloria:
2309 3833 2371 3870 ac
2399 3817 2666 3885 pecuniae.
2693 3816 2750 3870 Si
2789 3817 2912 3886 quis
2939 3826 3123 3870 autem
3173 3817 3227 3870 in
3271 3817 3380 3871 mei
3445 3830 3677 3880 morem,

2103 3910 2189 3963 his
2220 3909 2499 3962 mordicus
2525 3909 2716 3973 haeret,
2743 3909 3022 3979 quomodo
3078 3909 3170 3963 Dei
3199 3907 3426 3964 scientia
3453 3907 3680 3977 dignan-

2104 3999 2207 4054 dus
2229 3999 2322 4064 sit,
2345 3999 2530 4053 nullus
2561 3998 2865 4070 intelligere
2898 3999 3074 4053 valeo.

2169 4107 2258 4162 29.
2293 4108 2398 4160 Aut
2443 4107 2590 4161 enim
2639 4115 2899 4176 tanquam
2959 4109 3126 4171 servi,
3178 4122 3276 4161 seu
3321 4105 3487 4160 etiam
3538 4122 3679 4158 mer-

2104 4197 2330 4262 cenarii,
2363 4197 2447 4251 vel
2473 4197 2668 4263 utﬁlii,
2732 4199 2839 4253 hoc
2865 4206 2970 4265 est,
3002 4200 3089 4253 vel
3116 4207 3174 4251 ut
3203 4197 3298 4268 qui
3342 4197 3518 4251 solum
3561 4207 3678 4250 szu-

2107 4290 2272 4342 deant
2314 4288 2538 4352 actioni,
2572 4284 2657 4343 vel
2689 4290 2783 4358 qui
2823 4289 2991 4344 etiam
3032 4288 3277 4344 scientiae
3320 4289 3526 4343 donum
3571 4289 3678 4342 sint

2106 4383 2408 4439 consecuti.

508 4469 573 4526 λ’.
605 4471 774 4536 Ψιλδς
814 4472 1092 4544 λογισμὸς,
1146 4479 1174 4529 ὁ
1210 4477 1331 4547 δίχα
1374 4479 1612 4547 πάθους,
1651 4484 1678 4534 6
1714 4482 1938 4545 ἁπλοῦς
1979 4485 1991 4535 ἑ

2177 4474 2265 4528 50.
2299 4474 2456 4529 Nuda
2483 4473 2741 4544 cogitatio
2759 4481 2864 4537 est,
2891 4487 3013 4542 quae
3041 4471 3297 4526 allectum
3328 4471 3679 4541 conjuncturn

438 4567 548 4639 γάρ
582 4568 854 4642 ἐμπαθὴς,
880 4571 1082 4640 ἀπάγει
1109 4572 1266 4626 Θεοῦ.
1291 4573 1478 4638 Οὕτως
1501 4576 1621 4630 ούδὲ
1652 4579 1684 4647 ὴ
1713 4576 1842 4648 ψιλὴ
1863 4580 2004 4646 γνῶ-

443 4676 528 4724 σις
556 4661 756 4730 ἀπάγει
798 4664 908 4716 τῶν
979 4665 1353 4737 ἀνθρωπίνων·
1399 4668 1578 4739 ἀλλ’ἢ
1627 4670 1877 4725 παθοῦσα
1910 4663 2008 4742 τὴν

440 4752 684 4823 ἀγάπηψ
713 4755 850 4826 ὅπερ
895 4757 1041 4810 ἐστὶν
1077 4759 1110 4829 ἡ
1145 4759 1282 4831 πρὸς
1328 4759 1388 4814 τὸ
1444 4761 1662 4832 πνεῦμα
1717 4763 1859 4822 κατὰ
1909 4764 2008 4835 τὴν

441 4839 558 4906 ἕξιν
587 4839 892 4905 ἀλλοίωσις.

515 5010 620 5063 λα’.
652 5012 775 5065 Ὅτι
807 5012 857 5082 oi
898 5012 1025 5076 υἱοὶ,
1054 5009 1254 5079 γνώσει
1309 5012 1402 5066 καὶ
1454 5015 1642 5087 ἀγάπῃ
1683 5015 1791 5069 τῶν
1825 5018 2011 5072 παθῶν

443 5102 760 5172 ἀπέχουσινο
787 5104 838 5156 οἱ
872 5102 929 5156 δὲ
955 5103 1130 5157 δοῦλοι
1176 5105 1269 5157 καὶ
1298 5104 1520 5176 μίσθιοι,
1548 5103 1669 5174 ἤτοι
1696 5108 1746 5159 οἱ
1786 5124 2014 5178 πρακτι-

446 5192 553 5256 κοὶ,
590 5193 622 5262 ἢ
662 5191 834 5264 φόϐῳ,
876 5194 908 5263 ἢ
948 5193 1147 5248 ἐλπίδι.

515 5281 615 5352 λβθ.
649 5284 760 5336 Καὶ
791 5283 968 5337 ταῦτα
995 5284 1249 5356 ἀπείργει
1279 5287 1402 5350 τοὺς
1425 5287 1658 5358 γράφειν
1684 5289 2010 5361 ᾑρημένους·

2102 4581 2214 4619 non
2246 4566 2430 4629 habet,
2458 4580 2578 4633 qua:
2607 4574 2691 4619 est
2721 4563 2949 4634 simplex
2979 4581 2992 4617 :
3025 4578 3147 4632 quae
3168 4564 3312 4617 enim
3335 4578 3458 4618 cum
3483 4562 3680 4616 affectu

2104 4668 2190 4714 est
2235 4662 2301 4714 ac
2347 4658 2665 4724 libidinosa,
2692 4658 2916 4713 abducit
2943 4673 2974 4712 a
3003 4658 3136 4712 Deo.
3159 4657 3253 4711 Sic
3277 4672 3496 4726 quoque
3535 4655 3681 4709 nuda

2105 4766 2169 4804 ac
2193 4750 2422 4819 simplex
2454 4750 2703 4815 scientia,
2729 4764 2840 4803 non
2882 4748 2951 4803 ab
2989 4748 3244 4803 humanis
3287 4748 3533 4810 abducit,
3587 4745 3680 4800 sed

2107 4859 2227 4912 quae
2250 4843 2600 4898 dilectionem
2632 4842 2867 4912 patitur;
2917 4842 3064 4912 quod
3119 4851 3204 4897 est
3263 4839 3572 4895 immutatio
3625 4837 3683 4890 in

2109 4932 2363 5001 spiritum
2399 4949 2520 5002 qua:
2547 4932 2736 4986 habitu
2763 4939 2865 4985 est.

2178 5023 2264 5076 51.
2295 5023 2398 5088 Qui
2440 5023 2536 5076 ﬁlii
2582 5031 2733 5086 sunt,
2767 5022 2998 5075 scientia
3028 5031 3086 5075 et
3112 5020 3380 5075 charitatc
3411 5018 3686 5074 seavitiis

2111 5114 2430 5170 abstinent:
2460 5114 2607 5170 servi
2633 5123 2895 5169 autemet
2948 5113 3275 5167 mercenarii
3315 5111 3390 5174 (id
3440 5119 3544 5177 est,
3590 5112 3684 5181 qui

2111 5203 2384 5257 actionem
2407 5203 2618 5266 colunt)
2651 5210 2747 5256 aut
2781 5203 2979 5256 timore
3003 5211 3097 5256 aut
3125 5217 3243 5271 spe.

2184 5291 2422 5348 52.11am
2443 5308 2665 5362 quoque
2719 5293 3021 5358 deterrent,
3069 5292 3274 5361 quibus
3329 5299 3392 5347 ut
3440 5290 3688 5346 scribant

446 5373 730 5430 δεικνύντα
755 5377 938 5446 σαφῶς
960 5378 1059 5450 τὴν
1094 5378 1298 5450 βλάϐην
1340 5381 1404 5432 ὲκ
1441 5379 1536 5434 τοῦ
1573 5380 1777 5446 τέλους.

2115 5384 2296 5438 animo
2323 5384 2683 5438 constitutum
2709 5383 2781 5438 sit
2811 5400 2825 5436 :
2858 5398 2979 5451 quae
3006 5396 3204 5452 nempe
3228 5381 3489 5437 damnum
3509 5382 3687 5452 palam

2116 5493 2182 5530 ex
2207 5477 2314 5530 ﬁne
2331 5475 2643 5530 ostendant.

2188 5565 2277 5619 55.
2313 5565 2382 5619 Ει
2411 5565 2527 5620 haec
2553 5572 2686 5634 puto
2711 5563 2841 5619 dum
2883 5563 3170 5630 scriberet,
3199 5563 3268 5618 ad
3301 5578 3404 5620 nos
3447 5563 3691 5618 animum

2123 5654 2458 5710 intendebat.

2189 5747 2276 5803 54.
2309 5746 2430 5802 Non
2465 5745 2874 5814 intellexerunt,
2918 5743 3067 5816 quod
3094 5759 3162 5802 ex
3187 5744 3291 5802 hac
3322 5744 3583 5801 methodo
3602 5757 3691 5800 se-

519 5551 622 5621 λγ’.
664 5550 832 5626 Οἶμαι
861 5557 998 5627 πρὸς
1022 5559 1168 5629 ἡμᾶς
1201 5558 1396 5614 ἐϐλεπε
1425 5560 1600 5616 ταῦτα
1626 5565 1872 5632 γράφων.

523 5733 621 5792 λδ.
646 5737 761 5792 υύκ
789 5739 1018 5811 ἐνόησαν
1049 5741 1107 5794 τὸ
1139 5744 1202 5797 ἐκ
1236 5746 1329 5816 τῆς
1359 5745 1582 5815 μεθόδου
1609 5745 1810 5816 ταύτης
1834 5747 2022 5819 κέρδος
