4140 6322
435 289 572 356 Ην

426 491 658 553 vissent,
688 488 1033 543 commodum
1069 487 1172 543 hoc
1201 497 1590 558 reportassent,
1616 500 1676 545 ut
1707 489 1758 544 iu
1785 492 2015 545 scientia

431 579 788 660 proﬁcerent.

409 666 412 669 ’
501 671 589 725 55.
622 669 867 724 Morante
916 667 1151 737 simplici
1187 667 1444 738 nudaque
1473 670 1832 740 cogitatione,
1862 669 2012 725 exei-

435 774 585 822 tatur
614 762 846 816 aﬂcctus
879 778 891 814 :
924 761 1003 814 uti
1032 759 1196 815 etiam
1224 777 1289 816 ea
1315 777 1440 831 qua:
1467 763 1692 818 aﬁ‘ectui
1720 746 2014 836 conjuncta

431 869 497 912 ac
517 851 814 908 libidinosa
836 862 942 917 est,
976 862 1268 923 praestatur
1289 869 1611 910 consensus.

497 945 584 1001 56.
611 943 752 1011 Scis,
771 943 1021 1009 Domine,
1041 946 1316 1014 quomodo
1327 946 1544 1017 judiccr
1566 945 1752 1011 hodie,
1773 956 1828 1001 et
1851 962 2013 1017 quam

429 1027 500 1093 ob
540 1041 759 1092 causam
794 1052 862 1091 ne
893 1036 1244 1106 derelinquas
1272 1053 1379 1092 me.

498 1130 588 1183 57.
611 1128 731 1184 Non
757 1137 937 1199 potest
972 1129 1090 1184 haec
1121 1135 1406 1200 praestare,
1433 1131 1533 1201 qui.
1563 1133 1680 1188 suis
1706 1133 1821 1188 ﬁdit
1841 1133 2012 1188 ratio-

431 1215 618 1284 nibus,
651 1235 714 1274 ac
755 1235 814 1275 sc
835 1219 946 1290 jam
1004 1219 1490 1290 comprehendisse
1536 1222 1834 1287 existimat,
1868 1238 2010 1293 quas.

429 1321 785 1386 posteaquam
811 1310 977 1366 etiam
995 1310 1394 1380 comprehensa
1425 1314 1576 1376 sunt,
1593 1321 1790 1367 natura
1809 1314 2014 1369 incom-

431 1399 709 1475 prehensa
739 1407 990 1456 manent.

499 1490 588 1547 38.
658 1489 908 1546 Tristitia
966 1491 1116 1562 (aegri
1175 1490 1388 1548 scilicet
1442 1491 1610 1546 animi
1656 1491 1901 1563 atl‘ectio)
1958 1502 2012 1547 et

431 1583 644 1648 odium,
680 1585 816 1639 vitia
839 1593 969 1641 sunt
989 1585 1160 1654 partis
1185 1585 1355 1640 animi
1384 1586 1630 1656 expertis
1655 1587 1903 1642 rationis.

502 1677 591 1733 39.
628 1676 765 1732 Vide
787 1676 1064 1748 quomodo
1095 1677 1460 1747 decipiamur,
1495 1678 1590 1748 qui
1623 1679 1902 1733 contraria
1929 1679 2011 1734 fa-

1595 294 1655 355 S.
1698 295 1983 356 MAXIMI
2020 295 2525 371 CONFESSOIHS

429 398 617 473 quitur
641 397 875 462 lucrum,
904 397 996 466 qui
1038 412 1094 451 se
1129 395 1267 450 scire
1300 397 1612 453 existimant
1641 418 1652 452 :
1689 417 1812 456 nam
1839 400 1885 454 si
1910 400 2018 454 sci-
2050 405 2092 460 A
2124 409 2170 458 οἱ
2226 417 2380 483 vagi;

3555 317 3692 381 1080

2384 435 2534 480 οντες
2587 422 2806 474 suam.
2853 423 2913 474 Εἰ
2953 423 3060 494 γὰρ
3095 423 3358 492 ἔγνωσαν,
3389 424 3691 497 ἑκέρδησαι

2117 505 2183 558 ἂν
2217 509 2272 559 τὸ
2307 513 2631 579 προκόπτειν
2657 516 2734 578 εἰς
2764 517 2822 568 τὺ
2855 516 3077 572 εἰδέναι.

2189 687 2279 740 λε’.
2325 689 2448 742 Ὀτι
2483 690 2823 762 χρονίζοντος
2865 693 2961 747 τοῦ
3007 694 3166 763 ψιλοῦ
3206 695 3494 767 λογισμοῦ,
3525 700 3692 750 κινείο

2116 795 2209 832 ται
2231 779 2291 832 τὸ
2315 781 2503 846 πάθοιτ’
2535 783 2724 855 ὥσπερ
2752 786 2847 838 καὶ
2871 785 2972 838 τοῦ·
2994 785 3299 858 ὲμπαθοῦςς
3325 787 3534 856 γίνεται
3566 805 3692 856 cur-

2118 869 2435 936 κατάθεσις.

2187 961 2294 1026 λς’.
2321 959 2500 1029 Οἶδας,
2525 966 2718 1037 Κύριε,
2742 967 2890 1032 ὅπως
2925 968 3185 1038 κρίνομαι
3207 970 3472 1042 σήμερον.
3500 969 3598 1022 καὶ
3622 969 3690 1022 δι’

2116 1053 2182 1122 ἢν
2218 1054 2416 1108 αἰτίαν·
2455 1056 2532 1126 μὴ
2563 1058 2932 1131 ὲγκαταλίπῃς
2958 1060 3128 1130 ἡμᾶς.

2184 1144 2282 1209 λζ’.
2311 1145 2386 1198 Οὐ
2417 1145 2640 1202 δύναται
2681 1147 2855 1203 ταῦτα
2919 1151 3168 1220 ποιῆσαι,
3230 1152 3259 1203 ὁ
3321 1153 3429 1214 τοῖς
3468 1152 3691 1215 οἰκείοις

2117 1236 2414 1302 πιστεύσας
2465 1238 2775 1310 λογισμοῖς.
2807 1241 2904 1294 καὶ
2945 1240 3105 1304 δόξας
3146 1241 3245 1311 ήδη
3277 1242 3692 1312 κατειληφέναι,

2113 1328 2182 1380 τὰ
2217 1327 2312 1380 καὶ
2353 1329 2491 1398 μετὰ
2525 1330 2584 1382 τὸ
2622 1330 2986 1400 κατειλῆφθαι
3026 1332 3396 1402 ἀκατάληπτα
3423 1333 3566 1387 κατά
3592 1333 3695 1403 φύ-

2116 1435 2202 1472 σιν
2231 1421 2566 1491 ὑπάρχοντα.

2183 1511 2286 1582 λη’.
2320 1512 2484 1585 Λύπη
2523 1515 2620 1568 καὶ
2664 1516 2839 1586 μῖσος,
2867 1513 2964 1569 τοῦ
2992 1513 3190 1585 ἀλόγου
3229 1514 3431 1586 μέρους
3459 1513 3558 1584 τῆς
3587 1512 3693 1584 ψυ-

2113 1602 2217 1674 χῆς
2249 1602 2628 1675 ἐλαττώματα.

2187 1697 2286 1752 λθ⁹.
2327 1699 2502 1752 Βλέπε
2549 1700 2622 1763 ὡς
2669 1699 3032 1770 ἀπατώμεθα,
3065 1698 3327 1753 τάναντία
3387 1696 3690 1760 ποιοῦντες,

431 1768 664 1834 ciamus,
693 1779 750 1823 et
776 1767 1086 1824 Christiana
1119 1785 1220 1823 nos
1261 1769 1464 1839 pietate
1507 1769 1694 1825 vivere
1735 1769 2014 1826 existime-

2123 1791 2214 1844 καὶ
2241 1791 2555 1862 νομίζοντες
2595 1745 2738 1846 κατὰ
2787 1745 3451 1863 Χρῖστδννπολιτεύεσθαν
3492 1789 3555 1842 τὸ

433 1875 580 1925 mus,
615 1859 873 1932 quodque
910 1860 1132 1932 gravius
1161 1869 1265 1924 est,
1301 1860 1413 1931 jam
1443 1876 1666 1931 quoque
1710 1861 2015 1932 spiritalem

433 1945 545 2022 pati
582 1947 934 2004 dilectionem
969 1947 1327 2002 arbitremur.

502 2040 592 2095 40.
631 2027 809 2095 Habet
833 2039 958 2111 quis
979 2038 1178 2093 vitium
1229 2039 1476 2094 avaritiae
1513 2058 1526 2092 :
1563 2053 1675 2094 non
1700 2039 1909 2112 indiget
1957 2048 2018 2094 ut

433 2147 534 2204 per
567 2129 857 2186 avaritiam
897 2130 1000 2184 sibi
1045 2129 1252 2200 aliquid
1284 2140 1526 2200 arroget,
1557 2140 1653 2185 aut
1705 2140 1767 2187 ut
1816 2131 2016 2202 injuste

433 2215 676 2292 aliquem
730 2219 1148 2276 circumveniat.
1176 2219 1308 2292 Ejus
1335 2221 1416 2276 rei
1457 2231 1651 2278 nactus
1678 2211 2013 2286 facultatem,

433 2311 617 2374 statim
643 2311 1100 2384 deprehenditur.
1128 2309 1306 2382 Atque
1334 2312 1389 2366 id
1413 2321 1603 2367 notum
1625 2321 1728 2368 est.
1805 2309 1822 2327 ⁸

503 2406 594 2462 41.
627 2404 762 2461 Vide
803 2404 859 2460 in
897 2403 1101 2476 quibus
1133 2403 1551 2474 longanimitate
1601 2413 1657 2460 et
1707 2405 1762 2458 in
1812 2405 2017 2476 quibus

432 2497 694 2573 patientia
721 2496 1010 2552 utendum.
1041 2496 1282 2551 Tametsi
1305 2496 1455 2552 enim
1479 2507 1779 2568 utrumque
1806 2497 1861 2552 in
1893 2506 2014 2552 ten-

433 2587 739 2646 tatiouibus
786 2587 1026 2653 dicatur,
1079 2599 1200 2656 quas
1243 2586 1432 2642 invitis
1479 2587 1835 2658 exteriusque
1890 2604 2018 2644 eve-

432 2680 596 2742 niunt
621 2698 635 2735 :
667 2679 814 2752 quod
844 2689 1026 2735 tamen
1053 2679 1159 2736 illae
1183 2679 1238 2735 in
1266 2681 1551 2736 sermones
1577 2689 1742 2752 atque
1782 2679 2015 2737 verbera

431 2790 532 2837 seu
557 2775 744 2846 plagas
775 2773 1123 2837 dividuntur,
1169 2788 1280 2828 una
1312 2783 1533 2844 quoque
1567 2773 1682 2830 hazc
1707 2789 1894 2831 secum
1929 2772 2015 2828 vi-

433 2867 699 2925 dentibus
721 2867 999 2922 dividunt.

501 2958 594 3017 ιε.
621 2955 727 3016 Per
756 2957 1158 3016 continentiam
1179 2969 1237 3016 et
1259 2950 1608 3025 charitatem,
1629 2956 1775 3014 bona
1803 2956 1859 3012 in
1887 2964 2014 3013 actu

433 3050 667 3113 scientia
701 3049 1018 3121 praestatur.

507 3143 599 3199 43.
638 3139 780 3209 Quid
810 3145 940 3197 vero
980 3139 1221 3197 delirant
1258 3139 1409 3194 vitiis
1459 3146 1732 3196 scatentes
1792 3138 2016 3209 quidem

437 3246 604 3306 atque
624 3231 871 3305 superbi,
893 3234 1276 3289 existimantes
1305 3233 1434 3304 (qua
1467 3241 1680 3288 tument
1708 3233 2020 3304 arrogantia

437 3341 504 3384 ac
527 3323 694 3395 fastu)
726 3323 911 3380 divina
939 3324 1170 3380 scientia
1189 3335 1247 3380 se
1279 3324 1540 3394 prmditos
1564 3323 1729 3378 esse?
1754 3318 1833 3380 Ita
1871 3318 2022 3381 enim

441 3419 520 3474 illi
548 3433 614 3472 ex
645 3416 856 3495 ingenti
884 3415 1054 3470 animi
1086 3413 1358 3486 pravitate
1380 3423 1438 3471 et
1469 3415 1730 3471 elatiOne.

509 3507 600 3562 44.
630 3507 736 3573 Qui
758 3515 945 3560 autem
969 3506 1252 3562 existimat
1285 3521 1343 3561 se
1372 3507 1484 3577 jam
1515 3507 2022 3576 comprehendisse,

439 3612 506 3654 ac
539 3597 677 3651 nihil
715 3597 990 3666 ignorare,
1025 3597 1198 3667 liquet
1251 3612 1378 3651 eum
1413 3596 1682 3652 charitate
1731 3597 2024 3667 przeditum

440 3705 553 3750 non
575 3703 722 3746 esse.
753 3689 858 3756 Qui
894 3699 1079 3744 autem
1107 3704 1216 3743 non
1243 3705 1307 3743 ea
1333 3689 1596 3760 praeditus
1620 3689 1714 3754 sit,
1745 3690 2024 3760 quomodo

444 3780 503 3836 in
525 3780 759 3835 scicntia
785 3779 1079 3850 proﬁciet?

507 3871 596 3928 ιδ.
623 3871 728 3939 Qui
751 3873 870 3928 vitii
917 3880 975 3928 et
1009 3872 1334 3944 igmorant-ia
1357 3872 1532 3942 spinis
1555 3888 1622 3929 ac
1641 3873 1863 3929 tribulis
1889 3889 2025 3930 con-

441 3963 570 4022 ferti
601 3965 794 4030 simus,
835 3963 1206 4020 virtutemae
1253 3963 1558 4034 spiritalem
1589 3966 1876 4022 scientiam
1923 3981 2027 4022 nos

439 4055 650 4115 habere
679 4055 1032 4111 conﬁdimus.

513 4148 603 4204 46.
629 4145 730 4204 llic
763 4147 1063 4218 perfectius
1089 4148 1423 4204 charitatem
1453 4149 1748 4221 descripsit
1804 4167 1819 4205 :
1859 4151 2029 4207 duos-

443 4255 552 4311 que
586 4238 862 4306 denarios,
890 4237 1220 4294 charitatem
1260 4239 1323 4296 in
1377 4240 1554 4296 Deum
1615 4251 1672 4296 et
1713 4241 2025 4312 proximum

444 4329 658 4390 Statuit.

2121 1884 2370 1956 ρὺτερον.
2413 1887 2510 1939 καὶ
2553 1885 2655 1958 ήδη
2701 1885 2895 1939 παθεῖν
2922 1883 3020 1955 τὴν
3067 1883 3446 1954 πνευματικὴν
3474 1883 3694 1949 ἀγάπην

2119 1973 2614 2044 ὑπολαμϐάνοντες.

2193 2075 2266 2138 μ’.
2303 2068 2456 2138 Ἔχει
2489 2086 2573 2131 τις
2598 2067 2769 2131 πάθος
2800 2065 3164 2134 πολεονεξίας·
3192 2065 3254 2118 οὑ
3277 2065 3448 2118 δεῖται
3465 2063 3522 2118 δὲ
3541 2063 3694 2116 πλεο-

2118 2160 2360 2222 νεκτεῖν;
2388 2160 2436 2213 εἰ
2464 2159 2619 2213 λάὂοι
2638 2157 2871 2230 δύναμιν
2899 2159 3260 2223 πλεονεκτεῖν,
3289 2155 3451 2220 εὐθὺς
3479 2154 3692 2225 ἐξελέγο

2118 2266 2292 2322 χεταιο
2332 2249 2428 2304 καὶ
2465 2250 2626 2302 τοῦτο
2663 2249 2844 2320 δῆλον.

2190 2433 2300 2497 μα’.
2331 2426 2472 2497 ’Ὅρα
2522 2424 2627 2479 ποῦ
2653 2423 2731 2494 τῷ
2767 2425 3141 2497 μακροθυμεῖν
3187 2423 3281 2477 καὶ
3315 2418 3417 2476 ποῦ
3454 2420 3534 2492 τῷ
3565 2421 3695 2474 ὑπο·

2119 2517 2303 2586 μένειν
2329 2517 2619 2588 χρηστέον.
2659 2517 2779 2571 Κάν
2813 2517 2923 2587 γὰρ
2961 2518 3134 2586 ἄμφω
3164 2517 3260 2568 ἐπὶ
3287 2515 3395 2570 τῶν
3421 2513 3693 2568 ἀκουσίων

2116 2607 2344 2679 λέγηται
2390 2606 2737 2679 πειρασμῶν
2790 2608 2903 2662 ἀλλ’
2962 2608 3012 2661 οἱ
3071 2607 3323 2662 ἀκούσιοι
3372 2606 3452 2669 εἰς
3503 2604 3693 2672 λόγους

2115 2699 2484 2772 διαιρούμενοι
2527 2701 2623 2758 καλ¹
2679 2700 2915 2773 πληγὰς,
2957 2700 3326 2769 πνδιαιροῦσι
3378 2698 3474 2754 καὶ
3521 2697 3694 2753 ταῦτα

2117 2792 2230 2854 τοῖς
2268 2789 2554 2860 βλέπουσι.

2194 2961 2305 3038 μβ’.
2340 2965 2464 3020 Ὀτι
2488 2959 2556 3020 δι’
2585 2961 2914 3038 ἐγκρατείας
2943 2965 3037 3022 καὶ
3061 2965 3304 3037 ἀγάπης,
3327 2964 3362 3037 ἡ
3386 2963 3508 3020 κατ’
3539 2960 3689 3034 svsp-

2047 3081 2090 3140 ο
2123 3075 2278 3128 γειαν
2304 3057 2485 3130 ἀγαθὴ
2509 3057 2709 3128 γνῶσις
2739 3058 3032 3126 ἐγγίνεται.

2197 3147 2305 3221 μγ’.
2335 3150 2445 3205 Καὶ
2469 3148 2522 3202 τί
2552 3148 2812 3221 ληροῦσιν
2840 3147 3105 3221 ἐμπαθεῖς
3130 3167 3272 3214 τινες
3302 3146 3580 3218 ἄνθρωποι
3605 3144 3700 3199 καὶ

2125 3241 2428 3312 ὕψαύχενες
2457 3243 2662 3325 γνῶσιν
2691 3241 2833 3311 ἔχειν
2888 3242 3337 3314 ἀλαζονευόμενοι
3365 3241 3517 3294 θείαν
3544 3258 3561 3306 ;
3607 3237 3699 3303 Ἐξ

2123 3333 2426 3405 ἑμπαθείας
2450 3332 2560 3406 γὰρ
2584 3332 2679 3388 καὶ
2710 3333 3013 3404 ὲπάρσεως.

2200 3519 2304 3590 μδν.
2355 3517 2414 3571 ὐ
2462 3515 2520 3571 δὲ
2569 3515 2746 3572 δοκῶν
2801 3517 2904 3588 ήδη
2959 3515 3347 3586 κατειληφέναι
3399 3517 3495 3570 καὶ
3533 3514 3700 3586 μηδὲν

2126 3615 2366 3681 ἀγνοεῖν,
2417 3611 2573 3678 δῆλον
2603 3612 2678 3675 ὡς
2705 3609 2929 3682 ἀγάπην
2965 3610 3066 3663 οὐκ
3119 3610 3253 3681 ἔχει.
3305 3607 3399 3682 Μὴ
3435 3607 3576 3680 ἔχων
3617 3606 3698 3673 δὲ,

2128 3703 2247 3766 πῶς
2277 3703 2544 3776 προκόψει
2572 3705 2652 3768 είς
2676 3703 2880 3772 γνῶσιν
2912 3721 2927 3771 ;

2203 3883 2305 3947 με’.
2346 3875 2613 3940 Ἀκάνθας
2662 3874 2877 3945 ἔχοντες
2914 3876 3009 3929 καὶ
3051 3874 3335 3945 τριϐόλους
3379 3872 3580 3936 κακίας
3605 3872 3704 3928 καὶ

2127 3969 2425 4039 ἀγνωσίας·
2453 3969 2658 4040 ἀρετὴν
2689 3969 2982 4041 ἐλπίζομεν
3009 3967 3155 4040 ἔχειν
3178 3968 3274 4022 καὶ
3302 3965 3506 4036 γνῶσιν
3538 3981 3702 4020 πνευ-

2129 4059 2387 4130 ματικήν.
2734 4076 2739 4082 '
2971 4103 2984 4110 ..

2193 4149 2314 4220 μς’.
2351 4147 2712 4219 Τελειῶτερον
2743 4141 2844 4202 ὦδε
2891 4147 2991 4219 τὴν
3041 4147 3265 4218 ἀγάπην
3301 4145 3702 4216 ὑπεζωγράφηο

2130 4257 2209 4292 σε·
2250 4241 2343 4293 καὶ
2381 4240 2448 4294 τὰ
2503 4238 2596 4292 δύο
2645 4239 2895 4310 δηνάρια,
2926 4239 3027 4310 τὴν
3057 4239 3138 4303 είς
3181 4237 3274 4293 τὸν
3299 4237 3434 4292 Θεὸν
3466 4238 3564 4292 καὶ
3608 4237 3704 4290 τὸν

2129 4331 2357 4402 πλησίον
2398 4329 2618 4401 ἀγάπην
2653 4328 2918 4399 ὑπέφηνε.

510 4421 603 4476 47.
629 4421 692 4476 In
717 4421 1111 4478 emundatione
1138 4423 1317 4479 tribus
1340 4424 1594 4494 partibus
1612 4425 1802 4482 divisae
1832 4426 2018 4483 animm

2209 4419 2316 4489 μζ’.
2352 4418 2475 4472 ’Ότι
2511 4421 2570 4472 ὲν
2605 4422 2672 4490 τῇ
2706 4419 2970 4490 καθάρσει
2998 4419 3097 4488 τῆς
3134 4417 3430 4489 τριμεροῦς
3456 4417 3561 4487 τῆς
3594 4418 3700 4486 ψυ-

445 4512 746 4576 l'acultatis,
777 4511 982 4569 Christi
1009 4514 1292 4570 scientiam
1314 4516 1581 4586 praestari.

517 4602 608 4658 48.
635 4601 958 4658 Necessario
973 4604 1067 4673 qui
1093 4605 1284 4660 mundi
1310 4621 1398 4661 res
1419 4607 1610 4662 colunt
1626 4606 1816 4678 eisque
1843 4609 2029 4665 animo

448 4690 655 4753 addicti
699 4700 848 4757 sunt,
884 4703 1128 4749 sanctam
1187 4695 1514 4752 charitatem
1577 4698 1872 4765 amittunt;
1920 4700 2026 4756 im-

447 4783 824 4856 placabileque
852 4786 1040 4842 odium
1069 4803 1197 4860 erga
1227 4789 1588 4857 contribules,
1622 4805 1812 4846 earum
1836 4807 2024 4859 causa,

446 4877 672 4935 habent.

515 4968 687 5025 49.1η
720 4971 969 5041 utrisque
1005 4979 1232 5028 sanctus
1279 4974 1585 5030 monachus
1625 4975 1900 5032 Cedouius
1936 4993 2026 5034 ca-

447 5059 712 5116 lumniam
735 5075 930 5130 passus
957 5067 1075 5117 est:
1106 5061 1202 5132 qui
1235 5069 1418 5117 tamen
1439 5061 1509 5116 ad
1549 5062 1721 5118 Deum
1761 5062 2027 5121 Susanna:

449 5151 728 5221 respiciat,
761 5151 947 5208 divina
977 5153 1375 5209 corroboratur
1399 5168 1515 5224 spe.

521 5239 612 5296 50.
637 5238 742 5310 Qui
761 5241 932 5298 servit
966 5242 1190 5298 aﬂ‘ectui
1242 5258 1306 5300 ac
1347 5243 1586 5311 libidini,
1630 5260 1807 5302 caecus
1843 5246 2028 5303 animo

451 5337 568 5388 est:
610 5331 930 5405 habensque
971 5333 1312 5390 obcaecatum
1345 5335 1636 5407 judicium,
1689 5339 1951 5395 virtutem
1997 5354 2026 5394 a

454 5420 594 5482 vitio
615 5417 931 5483 discernere
955 5443 1064 5484 non
1087 5435 1284 5499 potest.

2129 4512 2227 4582 χῆς
2259 4511 2563 4582 δυνάμεως.
2600 4512 2634 4582 ἡ
2665 4510 2866 4579 γνῶσις
2893 4509 2986 4564 τοῦ
3030 4509 3267 4579 Χριστοῦ
3300 4509 3626 4578 ἐπιγίνεται.

2202 4611 2311 4674 μη’.
2343 4603 2467 4658 Ὅτι
2498 4603 2558 4668 ἐξ
2587 4604 2838 4674 ἀνάγκης
2867 4604 2918 4657 oi
2946 4603 3012 4657 τὰ
3035 4603 3128 4657 τοῦ
3156 4603 3368 4673 κόσμου
3403 4600 3700 4672 περιέπον-

2126 4713 2215 4759 τες
2251 4695 2571 4766 πράγματα,
2628 4696 2727 4765 τῆς
2773 4695 2936 4764 ἁγίας
2971 4694 3194 4764 ἀγάπης
3237 4693 3578 4748 ικπίπτουσι·
3606 4691 3706 4747 καὶ

2131 4788 2288 4856 μῖσος
2319 4786 2388 4839 δι’
2436 4785 2575 4840 σι’-τὰ
2610 4785 2746 4858 πρὸς
2790 4786 2918 4850 τοὺς
2958 4785 3266 4856 ὁμοφύλους
3290 4783 3706 4840 ἀκατάλλακτον

2130 4879 2334 4950 ἔχουσι.

2209 4969 2316 5040 μθ’.
2360 4971 2447 5022 Ἐν
2499 4969 2832 5040 ἀμφοτέροις
2878 4971 2907 5024 ὁ
2948 4969 3101 5038 ἀγιος
3154 4967 3388 5040 μοναχὺς
3439 4966 3705 5038 Kqu

2134 5063 2553 5133 cecoxécpavrar
2591 5065 2680 5128 εἰς
2713 5063 2804 5116 τὸν
2853 5063 2956 5132 τῆς
3001 5063 3288 5134 Σωσάννης
3313 5062 3444 5117 Θεὸν
3471 5059 3706 5116 ἀποϐλέ-

2135 5172 2271 5219 πων,
2305 5158 2424 5217 ταῖς
2472 5155 2645 5218 θείαις
2671 5154 2853 5208 ἐλπίσι
2884 5154 3202 5224 ρωννύεται.

2199 5251 2262 5299 ν’.
2291 5245 2412 5298 Ὀτι
2441 5245 2468 5298 6
2488 5243 2649 5299 πάθει
2672 5242 3114 5314 δουλεύων,πεπή
3124 5259 3294 5314 ponat
3315 5241 3414 5313 τὴν
3433 5239 3701 5304 διάνοιαν,

2134 5338 2227 5390 καὶ
2253 5337 2454 5406 τυφλὸν
2483 5338 2798 5410 περιφέρων
2829 5337 3122 5408 διάκρισιν,
3160 5337 3223 5390 οὐ
3247 5334 3466 5390 δύνασαι
3489 5329 3702 5403 διακρῖ-

2134 5445 2222 5482 ναι
2253 5428 2312 5483 τὸ
2343 5433 2590 5502 κρεῖττον
2639 5430 2746 5484 ἀπὸ
2774 5427 2868 5483 τοῦ
2913 5429 3172 5501 χείρονος.
