4140 6322
428 387 568 456 1ωὸ

1604 389 1662 450 S.
1706 389 1990 449 ΜΑΧΙΜΙ
2022 385 2531 449 CONFESSORIS

3552 384 3684 452 ιοδι

1530 724 1668 778 ΤΟΥ
1706 723 1798 778 ΕΝ
1838 724 2061 778 ΑΓΙΟΙΣ
2085 724 2356 779 ΠΑΤΡΟΣ
2385 727 2583 781 ΗΜΩΝ

745 885 1545 1028 ΜΑΞΙΜΟΥ
1674 895 2023 1027 ΤΟΥ
2153 894 3370 1031 ΟΜΟΛΟΓΗΤΟΥ

1692 1133 2257 1221 ΚΕΦΑΛΑΙΑ
2325 1132 2408 1224 Σ¹

1081 1323 1221 1389 Περὶ
1254 1321 1564 1392 θεολογίας
1586 1321 1684 1375 καὶ
1713 1318 1824 1389 τῆς
1846 1319 2152 1390 ἐθνάρχου
2175 1322 2518 1392 οἰκονομίας
2561 1321 2668 1377 τοῦ
2705 1320 2842 1376 Υιοῦ
2886 1322 3056 1378 Θεοῦ.

908 1609 1028 1721 S.
1096 1613 1223 1723 P.
1319 1609 1460 1723 N.
1556 1609 2029 1724 MAXIM

2177 1606 3199 1755 CONFESSORIS,

1582 1842 1942 1925 CAPITA
2011 1845 2492 1924 DUCENTA
2562 1903 2568 1908 η

948 2015 1041 2078 Ad
1063 2014 1446 2096 theologiam
1478 2017 1719 2099 Deique
1746 2019 1885 2081 Filii
1912 2020 1981 2082 in
2011 2037 2200 2084 carne
2253 2021 2791 2102 dispensationem
2821 2021 3192 2102 spectantia.

753 2311 1079 2370 CENTENA
1130 2315 1396 2372 PRIMUM
1437 2301 1709 2375 CAPITA.

513 2431 560 2484 l.
606 2427 752 2482 Deus
800 2444 946 2483 unus
989 2437 1093 2495 est,
1129 2429 1389 2501 principii
1434 2448 1652 2502 expers,
1708 2432 2022 2503 incompre-

441 2519 669 2586 liensus,
721 2529 888 2576 totam
936 2538 1162 2592 prorsus
1211 2524 1428 2579 esscndi
1475 2525 1586 2579 vim
1616 2526 2020 2596 complectens;

441 2627 506 2666 ac
539 2613 632 2682 qui
661 2627 878 2667 omnem
931 2613 1196 2683 temporis
1228 2615 1489 2685 modique
1517 2616 1738 2671 esscndi
1767 2617 2025 2673 excludat

441 2703 734 2772 rationem,
783 2705 932 2759 velut
979 2705 1237 2760 omnibus
1291 2706 1628 2774 inacccssus,
1660 2709 1911 2780 nullique
1943 2711 2024 2765 rei

442 2791 627 2847 nativa
672 2810 736 2848 ex
787 2796 1270 2865 reprzesentatione
1316 2799 1589 2867 cognitus.

520 2886 574 2939 2.
616 2887 781 2951 Deus,
826 2886 910 2940 sui
953 2886 1068 2956 ipse
1114 2888 1326 2942 ratione
1355 2887 1644 2959 (quantum
1688 2890 1851 2945 nobis
1884 2891 2026 2946 scire

443 2993 764 3034 concessum
792 2976 897 3048 est)
921 2993 1102 3046 neque
1134 2978 1492 3048 principium,
1539 2997 1716 3052 neque
1760 2983 2024 3051 medium,

444 3068 625 3137 neque
669 3067 794 3122 ﬁnis
839 3075 925 3122 est
966 3069 1018 3134 ‘;
1054 3084 1159 3122 nec
1191 3069 1496 3140 quidquam
1545 3088 1774 3142 prorsus
1809 3090 2024 3140 eorum,

446 3175 569 3228 qua:
622 3159 729 3225 his,
775 3175 896 3228 qua:
943 3159 1012 3213 ab
1047 3159 1142 3214 illo
1186 3162 1426 3216 secunda
1459 3172 1610 3230 sunt,
1649 3181 1745 3234 per
1774 3175 2026 3221 naturam

447 3251 628 3305 inesse
661 3249 1079 3320 intelliguntur.
1134 3253 1233 3307 Est
1287 3254 1436 3308 enim
1486 3256 1790 3312 immensus
1833 3267 1888 3314 et
1923 3260 2027 3314 im-

447 3341 670 3396 mobilis
718 3349 775 3397 et
828 3341 1097 3409 inﬁnitus,
1158 3351 1219 3397 ut
1277 3345 1372 3414 qui
1412 3347 1564 3402 omni
1607 3349 1912 3405 substantia
1972 3359 2029 3406 et

449 3433 699 3504 potentia
732 3441 788 3488 et
829 3433 1047 3488 actione
1084 3434 1317 3491 inﬁnitis
1367 3438 1620 3506 partibus
1654 3441 1910 3510 superior
1936 3444 2024 3498 sit.

518 3523 573 3579 5.
614 3523 775 3580 Omni
819 3524 1160 3592 substantia,
1203 3541 1326 3596 quae
1376 3544 1484 3582 una
1523 3545 1709 3584 secum
1735 3547 1890 3587 suam
1931 3533 2028 3588 dc-

2648 2316 3064 2373 ΕΚΔΤΟΝΤΑΣ
3099 2317 3177 2369 A'.

2199 2444 2268 2491 α’.
2315 2429 2411 2501 Εἷς
2439 2435 2594 2502 Θεὸς,
2628 2433 2884 2505 ἄναρχος,
2927 2430 3334 2501 ἀκατάληπτος,
3383 2428 3511 2500 ὅλην
3562 2429 3702 2501 ἔχων

2125 2527 2220 2582 τοῦ
2271 2523 2410 2582 εἶναι
2446 2526 2546 2597 τὴν
2599 2524 2830 2595 δύναμιν
2873 2523 3082 2577 διόλου·
3118 2520 3239 2592 τὴν,
3277 2521 3407 2574 ποτε
3462 2521 3555 2573 καὶ
3586 2520 3702 2584 πῶς

2127 2618 2268 2676 εἶναι
2310 2620 2655 2687 παντάπασιν
2709 2613 3096 2685 ἀπωθούμενος
3142 2611 3384 2666 ἔννοιαν·
3419 2611 3491 2673 ὡς
3539 2613 3703 2663 πᾶσιν

2125 2715 2346 2778 ἄῦατος,
2378 2713 2470 2765 καὶ
2508 2709 2698 2782 μηδενὶ
2721 2709 2830 2762 τῶν
2859 2706 3027 2760 ὄντων
3059 2706 3124 2758 ὲκ
3153 2703 3384 2774 φυσικῆς
3415 2702 3702 2773 ἐμφάσεως

2125 2805 2540 2876 διεγνωσμένος.
3583 2831 3589 2839 .

2201 2897 2267 2970 β’.
2328 2899 2387 2951 'O
2442 2896 2595 2959 Θεὸς,
2649 2893 2751 2948 οὐκ
2789 2891 2905 2946 ἔστι
2935 2891 3003 2945 δι’
3035 2890 3250 2956 ἑαυτὸν,
3290 2890 3367 2952 ὡς
3391 2890 3539 2958 ἡμᾶς
3566 2886 3706 2940 εἰδέ-

2127 3009 2216 3046 ναι
2247 2989 2493 3045 δυνατόν’
2540 2986 2664 3039 οὔτε
2694 2984 2856 3057 ἀρχὴ,
2894 2983 3018 3037 οὔτε
3055 2983 3310 3053 μεσότης,
3359 2980 3482 3034 οὔτε
3526 2978 3699 3040 τέλος,

2127 3083 2252 3138 οὕτε
2276 3081 2412 3137 τιτὸ
2455 3078 2674 3133 σύνολον
2713 3076 2900 3148 ἕτερον
2933 3073 3041 3128 τῶν
3066 3074 3184 3149 ,τοῖς
3213 3071 3329 3144 μετ’
3365 3070 3527 3124 αὐτὸν
3558 3085 3707 3138 φυσιο

2129 3179 2240 3241 κῶς
2265 3171 2744 3245 ἐνθεωρουμὲνων⁶
2797 3169 3046 3238 ἀόριστος
3080 3165 3190 3236 γάρ
3240 3168 3356 3217 ἐστι
3389 3163 3484 3216 καὶ
3516 3161 3707 3231 ἀκίνη-

2128 3287 2216 3331 τος
2242 3268 2337 3321 καὶ
2364 3266 2610 3335 ἄπειρος,
2647 3262 2723 3324 ὡς
2754 3260 2935 3330 πάσης
2959 3257 3150 3320 οὐσίας
3184 3256 3280 3311 καὶ
3307 3255 3589 3322 δυνάμεως
3613 3254 3706 3306 καὶ

2128 3357 2410 3430 ἐνεργείας
2451 3354 2779 3424 ὑπερέκεινα
2821 3349 3062 3420 ἀπείρως
3112 3346 3211 3401 ὢν.

2201 3539 2268 3608 γ’.
2289 3540 2445 3592 Πᾶσα
2465 3534 2621 3589 οὐσία
2637 3535 2725 3586 τὸν
2741 3530 2938 3597 ἑαυτῆς
2959 3531 3083 3600 ὅρον
3102 3530 3269 3599 ἑαυτῇ
3285 3527 3703 3594 συνεισάγουσα.

451 3615 758 3670 ﬁnitionem
792 3615 1035 3680 inducat,
1072 3626 1444 3686 comparatum
1475 3628 1559 3675 cst
1590 3628 1652 3675 ut
1673 3623 1794 3693 ejus
1826 3633 2025 3691 motus,

2135 3631 2275 3702 ἀρχὴ
2306 3629 2550 3697 πέφυκεν
2577 3623 2736 3688 εἶναι,
2767 3624 2866 3692 τῆς
2891 3619 3371 3692 ὲπιθεωρουμένης
3389 3619 3526 3686 αὐτῇ
3567 3616 3706 3670 κατὰ

450 3704 546 3775 qui
603 3705 682 3759 illi
749 3705 991 3775 potentia
1037 3705 1216 3763 inesse
1273 3708 1628 3779 intelligitur.
1694 3713 2028 3784 principium

450 3796 712 3851 exsistat.
741 3793 936 3850 Omnis
974 3806 1159 3861 autem
1210 3799 1480 3852 naturalis
1538 3800 1604 3854 ad
1655 3805 2029 3870 operationem

451 3895 652 3952 motus,
674 3887 836 3959 462
863 3888 956 3957 qui
981 3890 1257 3958 posterior
1273 3889 1497 3960 quidem
1517 3892 1846 3961 substantia,
1877 3897 2031 3965 prior

450 3997 583 4036 vero
607 3980 925 4052 operatione
962 3980 1317 4052 intelligatur,
1348 3983 1587 4038 medium
1609 3995 1715 4051 est,
1743 4003 1843 4056 pro
1863 3987 2030 4042 medii

451 4073 662 4130 scilicet
709 4073 856 4128 inter
901 4082 1204 4143 utrumque
1256 4075 1470 4130 ratione
1529 4083 1727 4131 natura
1795 4078 2031 4133 interce-

451 4165 607 4220 dens.
643 4164 834 4220 Omnis
869 4163 1109 4234 denique
1158 4165 1406 4234 Operatio
1443 4181 1542 4221 sua
1591 4166 1765 4236 ipsius
1820 4168 2032 4225 ratione

453 4266 651 4312 natura
670 4257 1113 4326 circumscripta,
1153 4256 1276 4311 ﬁnis
1297 4267 1382 4312 est
1433 4259 1743 4314 essentialis
1767 4260 1888 4330 ejus
1913 4278 2032 4315 mo-

455 4359 563 4416 tus,
613 4350 710 4419 qui
749 4349 839 4402 illa
872 4348 1026 4418 prior
1050 4349 1264 4403 ratione
1294 4347 1504 4419 (subtili
1540 4350 1800 4405 nimirum
1834 4353 2034 4408 mentis

454 4439 716 4513 cogitatu)
751 4448 857 4496 est.

527 4534 582 4588 4.
621 4532 742 4587 Non
772 4543 856 4588 est
885 4533 1030 4588 Deus
1053 4531 1380 4597 substantia,
1426 4548 1526 4601 pro
1573 4534 1693 4604 ejus
1717 4533 2036 4590 substantizc

460 4625 698 4689 ratione,
751 4641 873 4694 qua:
920 4625 1247 4694 simpliciter
1283 4635 1378 4679 aut
1423 4625 1516 4679 tali
1570 4626 1735 4680 modo
1777 4627 2036 4680 substan-

459 4719 533 4772 tia
563 4717 784 4783 dicitur,
818 4728 878 4772 ut
929 4725 986 4772 et
1036 4718 1369 4788 principium
1423 4718 1534 4771 sit:
1572 4732 1751 4786 neque
1793 4719 2035 4786 potentia

459 4825 556 4864 seu
588 4809 818 4863 facultas
865 4816 969 4875 est,
1015 4825 1118 4878 pro
1158 4809 1278 4879 ejus
1333 4809 1593 4878 potentia:
1627 4825 1724 4863 seu
1763 4810 2037 4865 facultatis

460 4899 694 4964 ratione,
724 4915 847 4968 quae
874 4897 1202 4968 simpliciter
1227 4908 1322 4952 aut
1354 4898 1446 4951 tali
1476 4897 1639 4950 modo
1667 4899 1911 4966 potentia
1939 4914 2035 4952 seu

2135 3721 2364 3790 δύναμιν
2414 3718 2701 3785 κινήσεως.
2731 3713 2886 3766 Πᾶσα
2925 3712 2981 3764 δὲ
3013 3710 3218 3779 φυσικὴ
3247 3708 3383 3780 πρὸς
3421 3709 3700 3778 ἐνέργειαν

2138 3812 2370 3881 κίνησις,
2393 3809 2488 3876 τῆς
2511 3807 2605 3876 μὲν
2629 3804 2814 3868 οὐσίας
2847 3800 3304 3873 μετεπινοουμένη
3325 3816 3337 3829 ·
3361 3813 3707 3867 «posmku-

2141 3897 2276 3974 μένη
2314 3900 2371 3953 δὲ
2399 3899 2497 3968 τῆς
2542 3894 2844 3966 ἐνεργείας,
2891 3892 3124 3963 μεσότης
3172 3891 3339 3953 ἐστὶν,
3380 3889 3454 3951 ὡς
3505 3889 3707 3958 ἀμφοῖν

2138 3994 2278 4048 κατὰ
2330 3992 2390 4045 τὸ
2450 3990 2614 4058 μέσον
2665 3985 2911 4056 φυσικῶς
2966 3983 3367 4054 διειλημμένη’
3417 3982 3510 4034 καὶ
3563 3981 3711 4032 πᾶσα

2139 4083 2387 4155 ἐνέργεια
2435 4077 2516 4148 τῷ
2569 4077 2688 4130 κατ’
2714 4074 2884 4146 αὐτὴν
2917 4073 3060 4143 λόγῳ
3106 4071 3352 4141 φυσικῶς
3377 4084 3713 4140 περιγραφο-

2144 4174 2304 4244 μένη,
2345 4168 2509 4232 τέλος
2564 4167 2684 4220 ἐστὶ
2734 4169 2832 4238 τῆς
2867 4164 2971 4237 πρὸ
3002 4164 3174 4233 αὐτῆς
3201 4164 3318 4216 κατ’
3352 4163 3596 4215 ἐπίνοιαν
3624 4159 3713 4213 οὑ-

2145 4262 2365 4325 σιώδους
2396 4260 2685 4331 κινήσεως,

2214 4539 2276 4592 δ’.
2331 4537 2442 4590 Οὐκ
2476 4534 2624 4587 ἔστιν
2659 4533 2687 4586 ὁ
2729 4531 2862 4594 Θεὸς
2904 4529 3082 4595 οὐσία,
3129 4525 3272 4580 κατὰ
3316 4525 3414 4596 τὴν
3458 4523 3644 4587 ἁπλῶς
3680 4523 3715 4593 ἢ

2143 4632 2261 4693 πῶς
2292 4627 2596 4698 λεγομένην
2635 4623 2845 4687 οὐσίαν,
2902 4622 2988 4674 ἵνα
3043 4620 3138 4672 καὶ
3178 4619 3319 4689 ἀρχή
3342 4633 3356 4646 ο
3393 4615 3516 4669 οὔτε
3554 4615 3718 4668 δύνα-

2150 4741 2241 4796 μις
2269 4720 2410 4776 κατὰ
2441 4719 2542 4790 τὴν
2572 4714 2759 4773 ἁπλῶς
2791 4713 2824 4782 ἢ
2859 4711 2976 4774 πῶς
3007 4709 3308 4779 λεγομένην
3334 4706 3587 4775 δύναμιν,
3631 4705 3719 4758 ἵνα

2146 4817 2240 4870 καὶ
2270 4813 2522 4885 μεσότης·
2571 4806 2694 4860 οὔτε
2727 4805 2999 4874 ἐνέργεια,
3029 4801 3174 4855 κατὰ
3200 4801 3297 4870 τὴν
3322 4797 3508 4860 ἁπλῶς
3535 4798 3567 4868 ἢ
3599 4797 3719 4858 πῶς

2143 4905 2443 4975 λεγομένην
2486 4898 2788 4968 ἐνέργειαν,
2822 4895 2910 4947 ἵνα
2960 4893 3054 4946 καὶ
3094 4891 3250 4954 τέλος
3296 4889 3414 4941 ἐστὶ
3450 4887 3552 4957 τῆς
3577 4889 3718 4942 κατὰ

461 4991 690 5045 facultas
710 4991 1036 5060 appellatur,
1069 5004 1130 5045 ut
1153 5001 1209 5044 et
1235 4991 1479 5044 medium
1514 4991 1587 5044 sit
1619 5008 1631 5043 :
1664 5006 1767 5044 nec
1796 4990 2029 5060 denique

2136 5000 2365 5066 δύναμιν
2415 4987 2916 5062 πρεεπινοουμένης
2940 4982 3230 5048 οὑσιώδους
3265 4984 3555 5051 κινήσεως
3601 4979 3717 5033 ἀλλ’

461 5082 706 5151 operatio
737 5098 833 5137 seu
874 5083 1039 5148 actio,
1082 5097 1185 5152 pro
1224 5082 1345 5153 ejus
1373 5083 1608 5138 actionis
1648 5083 1882 5149 ratione,
1917 5099 2029 5152 qua

2139 5083 2448 5146 οὐσιοποιὸς
2490 5081 2583 5134 καὶ
2626 5075 2950 5147 ὑπερούσιος
3006 5073 3268 5143 ὀντὸτης·
3331 5072 3426 5125 καὶ
3482 5071 3717 5141 δυναμο-

462 5173 786 5244 simpliciter
830 5174 916 5228 vel
949 5175 1044 5229 tali
1083 5177 1246 5230 modo
1292 5175 1538 5246 Operatio
1570 5191 1668 5230 seu
1712 5175 1854 5230 actio
1901 5191 2029 5228 nun.

2145 5177 2297 5238 ποιὸς
2356 5172 2451 5226 καὶ
2481 5167 2857 5240 ὑπερδύναμος
2913 5163 3140 5234 ἵδρυσιςο
3193 5163 3285 5216 καὶ
3342 5161 3524 5232 πάσης
3568 5163 3717 5230 ἐνερ-

464 5275 718 5333 cupatur,
753 5273 815 5320 ut
858 5275 916 5320 et
964 5265 1091 5320 ﬁnis
1131 5266 1202 5320 sit
1232 5276 1397 5336 atque
1430 5268 1698 5321 terminus
1734 5265 2029 5320 essentialis

2143 5269 2300 5335 γείας
2322 5259 2588 5334 δραστικὴ
2633 5257 2730 5312 καὶ
2755 5253 3113 5324 ἀτελεύτητος
3145 5253 3278 5319 ἕξις·
3318 5253 3410 5305 καὶ
3440 5252 3718 5322 συντόμως

464 5355 583 5424 ejus
615 5366 818 5425 motus,
846 5357 940 5427 qui
980 5358 1286 5413 secundum
1323 5359 1626 5428 potentiam
1659 5357 1749 5411 illa
1781 5357 1933 5426 prior
1964 5357 2029 5409 in-

2143 5357 2343 5415 εἰπεῖν,
2375 5351 2557 5421 πάσης
2603 5347 2792 5409 οὐσίας
2838 5345 2934 5398 καὶ
2967 5344 3252 5413 δυνάμεως
3283 5342 3380 5395 καὶ
3410 5343 3717 5412 ἐνεργείας,

469 5447 774 5518 telligatur;
814 5449 909 5504 sed
947 5458 1033 5503 est
1077 5466 1167 5504 res
1214 5450 1484 5520 ejusmodi
1521 5458 1685 5518 atque
1734 5448 1935 5503 entitas
1966 5453 2029 5518 (ut

2146 5446 2322 5516 ἀρχῆς
2351 5461 2410 5496 τε
2444 5443 2540 5495 καὶ
2573 5439 2869 5511 μεσότητος
2906 5436 3004 5489 καὶ
3036 5433 3228 5497 τέλους
3264 5434 3548 5504 ποιητική.

467 5539 550 5594 sic
611 5539 759 5610 loqui
806 5541 991 5612 liceat)
1055 5559 1177 5612 quae
1225 5545 1298 5599 sit
1342 5543 1663 5599 substantia:
1719 5551 1932 5606 auctor,
1981 5555 2046 5594 ac
2113 5555 2277 5609 quam
2349 5551 2451 5607 pro
2499 5531 2820 5590 substantiae
2862 5545 2959 5585 seu
3006 5528 3261 5584 essentia:
3304 5527 3518 5582 ratione
3558 5527 3716 5582 altius

469 5629 744 5697 emineat;
799 5633 1136 5703 ﬁrmitasque
1192 5635 1302 5688 vim
1335 5646 1599 5705 praestans
1635 5643 1692 5690 et
1741 5633 2063 5704 potentiam,
2103 5645 2169 5686 ac
2215 5644 2337 5700 quae
2376 5628 2486 5684 vim
2538 5639 2756 5682 omnem
2825 5637 2891 5678 ac
2942 5621 3245 5691 potentiam
3285 5618 3722 5689 superexcedat:

543 5795 560 5816 '
587 5792 716 5864 Cap.
755 5793 788 5847 5
817 5793 891 5846 De
918 5805 1067 5865 mysi.
1103 5797 1257 5850 theol.
