4140 6322
431 404 572 472 ιωδ
610 414 650 453 .’
1025 407 1029 410 ’
1268 402 1603 466 CAPITUM
1640 401 1908 473 THEOL.
1958 402 2053 462 ET
2090 402 2326 463 (ECON.
2368 402 2759 465 CENTURIA
2787 406 2840 468 Ι.
3549 399 3688 464 1086

427 517 652 575 habitus
692 512 931 589 denique
989 514 1169 571 omnis
1218 516 1557 586 operationis
1631 531 1730 571 seu
1797 513 2031 570 actionis
2102 513 2292 570 eﬂicax
2341 531 2405 570 ac
2457 515 2808 572 immortalis.
2856 516 3059 587 Atque,
3107 523 3168 570 ut
3213 528 3426 570 summa
3484 513 3686 577 dicam,

427 613 610 667 omnis
638 609 957 666 substantia:
985 622 1081 663 seu
1103 610 1375 676 essentia,
1400 618 1457 665 et
1500 608 1759 681 potentia:
1790 616 1847 663 et
1875 606 2234 678 operationis,
2288 606 2661 678 principiique
2703 617 2761 663 et
2820 608 2990 664 medii
3046 616 3103 663 et
3162 606 3287 662 ﬁnis
3317 622 3413 662 seu
3466 604 3688 661 termini

427 719 594 760 causa
635 702 903 758 eﬂectrix.

499 801 561 849 ε’.
599 793 665 847 Ἣ
700 795 845 866 ἀρχὴ
871 797 963 850 καὶ
992 797 1024 866 ἠ
1056 796 1289 867 μεσότης
1314 796 1409 848 καί
1441 794 1502 847 τὸ
1525 793 1699 857 τέλος,
1731 791 1839 845 τῶν
1875 790 2001 861 χρόέ

2168 789 2222 844 5.
2259 789 2618 860 Principium,
2643 789 2885 844 medium
2905 798 2962 844 et
2983 787 3128 854 ﬁnis,
3156 795 3299 843 notze
3320 794 3682 841 sunteorutn;

426 902 504 955 νιρ
528 886 811 956 διαιρετῶν
842 888 949 939 εἰσι
986 886 1362 957 γνωρίσματα’
1394 886 1538 939 εἴποι
1566 885 1612 938 δ’
1661 885 1727 938 ἀν
1757 900 1842 946 τις
1873 882 2003 954 ἀλη-

2114 896 2231 949 quze
2261 890 2507 951 tempore
2537 881 2762 936 dividua
2787 889 2952 947 sunt;
2983 895 3089 936 nec
3131 895 3163 934 a
3193 890 3326 934 vero
3346 876 3687 933 aberraverit

427 970 622 1034 θεύων,
662 969 760 1024 καὶ
786 970 895 1024 τῶν
921 975 979 1024 ὲν
1013 972 1171 1025 αἰῶνι
1200 971 1617 1041 συνορωμένων.
1668 971 1726 1022 ὐ
1763 968 1860 1039 μὲν
1892 969 2002 1040 γάρ

2114 970 2203 1038 qui
2228 969 2395 1035 dicat,
2420 972 2587 1025 etiam
2613 985 2806 1026 eorum
2850 987 2974 1042 quae
3011 971 3066 1025 in
3093 985 3209 1025 :evo
3242 983 3307 1024 ac
3338 968 3537 1023 szeculo
3565 978 3686 1021 esse

426 1060 641 1131 χρόνος,
680 1062 1055 1133 μετρουμένην
1087 1060 1227 1134 ἔχων
1248 1061 1348 1135 τὴν
1377 1062 1613 1131 κίνησιν,
1654 1059 1875 1132 ἀριθμῷ
1903 1077 2002 1115 πε-

2114 1060 2515 1133 intelliguntur.
2573 1064 2709 1119 Nam
2751 1070 2969 1133 tempus
3009 1062 3254 1134 quidem,
3300 1063 3459 1133 cujus
3505 1066 3688 1113 motus

429 1151 780 1223 ριγράφεταιο
820 1151 849 1205 ὁ
894 1151 1033 1206 αἰὼν
1081 1152 1140 1206 δὲ
1200 1150 1691 1224 συνεπινοουμένην
1744 1151 1884 1222 ἔχων
1931 1152 1997 1221 τῇ

2114 1164 2337 1204 numero
2392 1160 2767 1217 mensuretur,
2818 1150 2936 1205 suis
2990 1149 3246 1206 terminis
3272 1145 3683 1205 circumscribi-

427 1241 660 1312 ὑπάρξει
701 1240 799 1312 τὴν
829 1241 957 1295 πότε
987 1244 1344 1314 κατηγορίαν,
1371 1243 1568 1313 πάσχει
1595 1242 1895 1310 διάστασιν,
1923 1241 2000 1308 ὥς

2114 1254 2217 1302 tur.
2275 1243 2472 1299 Evum
2517 1252 2700 1299 autem
2745 1256 2840 1299 seu
2866 1244 3145 1307 saeculum,
3178 1244 3334 1315 cujus
3353 1239 3686 1298 exsistentize

427 1329 603 1402 ἀρχὴν
646 1329 742 1384 τοῦ
775 1327 916 1385 εἶναι
958 1332 1159 1396 λαϐὼν.
1197 1335 1263 1387 Εἰ
1287 1334 1342 1387 δὲ
1382 1334 1575 1404 χρόνος
1600 1336 1695 1388 καὶ
1730 1335 1867 1389 αίὼν
1897 1337 1997 1390 οὐκ

2114 1337 2595 1410 medicamentum
2630 1336 3059 1406 quando‘comes
3094 1337 3452 1407 intelligatur,
3478 1331 3684 1389 distan-

426 1423 662 1494 ἀναρχα,
698 1422 881 1495 πολλῷ
913 1424 1114 1496 μᾶλλον
1151 1426 1220 1479 τά
1263 1427 1323 1481 ὲν
1359 1424 1571 1491 τούτοις
1601 1429 1992 1499 περιεχόμενα.

2114 1431 2235 1485 tiam
2289 1429 2549 1495 admittit,
2584 1444 2684 1485 seu
2721 1443 2813 1483 res
2851 1427 3143 1499 ejusmodi,
3178 1444 3303 1499 quae
3346 1442 3469 1483 esse
3504 1426 3680 1482 inem-

425 1519 593 1588 perit.
624 1517 721 1661 δὲῃ
749 1526 934 1663 ιὲωω
962 1534 1035 1576 ne
1059 1529 1274 1592 tempus
1305 1521 1530 1593 quidem
1550 1535 1616 1576 ac
1649 1537 1827 1578 aevum
1855 1523 2130 1596 principio
2169 1533 2389 1592 vacant,
2441 1524 2644 1595 potiori
2710 1526 2871 1595 longe
2939 1524 3152 1578 ratione
3187 1537 3293 1577 nec
3316 1536 3379 1577 ea
3431 1534 3553 1590 qua
3575 1518 3684 1573 illis

427 1621 650 1663 comnre
692 1622 763 1662 en
807 1616 995 1663 untur.

427 1616 995 1676 comprehenduntur.

499 1704 575 1766 ς’.
610 1694 708 1764 Εἷς
750 1700 846 1755 καὶ
887 1702 1049 1773 μόνος
1076 1702 1220 1758 κατά
1249 1702 1410 1786 φύσιν
1439 1704 1526 1759 ἀεὶ
1553 1704 1761 1778 κυρίως
1797 1706 1943 1762 ἔστιν
1967 1706 1997 1760 ό

2171 1706 2225 1762 6.
2294 1705 2449 1764 Unus
2486 1706 2749 1779 solusque
2794 1721 2895 1777 per
2924 1713 3180 1762 naturam
3215 1716 3433 1772 semper
3459 1716 3590 1757 vere
3620 1716 3682 1757 ac

427 1789 579 1855 Θεὸς.
608 1791 729 1845 όλον
753 1791 818 1847 τδ
843 1795 1049 1864 κυρίως
1078 1789 1217 1849 εἶναι
1242 1794 1385 1849 κατά
1418 1796 1594 1850 πάντα
1635 1796 1836 1869 τρόπον
1865 1798 1996 1852 ἑαυ-

2114 1797 2324 1868 proprie
2372 1806 2459 1853 est
2493 1797 2660 1862 Deus,
2706 1797 2827 1868 ejus
2878 1795 3026 1867 quod
3052 1802 3137 1851 est
3168 1808 3288 1850 esse
3316 1792 3427 1847 vim
3462 1802 3680 1846 omnem

427 1880 507 1953 τῷ
539 1882 884 1953 περικλείων.
911 1884 986 1948 ὡς
1017 1885 1111 1940 καὶ
1136 1885 1300 1941 αὐτοῦ
1317 1885 1409 1941 τοῦ
1436 1882 1575 1942 εἷναι
1597 1888 1801 1958 κυρίως
1828 1888 1998 1961 ὑπέρ-

2114 1888 2254 1943 omni
2297 1887 2463 1943 modo
2505 1888 2562 1943 in
2598 1905 2656 1945 se
2702 1888 3043 1944 concludens
3083 1901 3148 1942 ac
3186 1882 3681 1955 comprehendcns,

336 2021 345 2029 .
426 1989 617 2081 τεροςέ
657 1974 721 2028 Εἰ
749 1973 807 2028 δὲ
838 1974 1013 2040 τοῦτο,
1045 1976 1300 2049 οὐδαμῶς
1325 1978 1476 2031 οὐδὲν
1508 1978 1746 2051 οὐδαμοῦ
1781 1979 1855 2050 (α)
1891 1979 1999 2033 τῶν

2114 1989 2168 2035 ut
2204 1981 2298 2051 qui
2346 1980 2474 2065 ipso,
2513 1994 2637 2037 esse
2685 1996 2817 2037 vere
2860 1978 3195 2052 proprieque
3241 1977 3501 2033 emineat.
3526 1975 3680 2043 Quod

429 2060 572 2119 εἶναι
597 2064 906 2134 λεγομένων
949 2066 1012 2120 τὸ
1066 2066 1284 2121 σύνολον
1315 2067 1429 2139 ἔχει
1479 2067 1563 2136 τὸ,
1597 2071 1805 2142 κυρίως
1841 2064 2000 2126 εῖναι.

431 2153 643 2207 οὐκοῦν
667 2155 822 2209 οὐδὲν
844 2154 994 2226 αὐτῷ
1013 2156 1076 2210 τὸ
1107 2157 1368 2227 παράπαν
1392 2155 1453 2222 ἐξ
1483 2158 1654 2212 ἀϊδίου
1681 2157 2004 2231 συνθεωρεί-

430 2261 523 2299 ται
555 2246 678 2300 κατ’
704 2247 894 2301 οὐσίαν
922 2249 1201 2319 διάφορον·
1235 2250 1336 2302 οὐκ
1364 2248 1518 2314 αἰὼν,
1553 2249 1614 2303 οὐ
1645 2249 1858 2322 χρόνος,
1885 2250 2007 2303 οὐδέ

433 2352 486 2390 τι
523 2338 632 2390 τῶν
668 2337 881 2403 τούτοις
923 2338 1376 2411 ὲνδιαιτωμένων.
1409 2341 1485 2394 Οὐ
1534 2338 1646 2412 γὰρ
1679 2340 2009 2412 συμϐαίνου-

436 2448 523 2484 σιν
572 2430 825 2504 ἀλλήλοις
873 2430 1115 2498 πώποτε,
1149 2431 1212 2487 τὸ
1261 2430 1466 2504 κυρίως
1512 2426 1654 2486 εἶναι
1697 2433 1793 2488 καί
1816 2433 1877 2487 οὐ
1908 2450 2009 2487 κυ-

437 2520 591 2595 ρίως.

508 2787 577 2854 ζ’.
625 2786 795 2860 ’Δρχή
822 2788 974 2841 πᾶσα
1013 2786 1107 2840 καὶ
1146 2785 1381 2858 μεσότης
1409 2785 1504 2840 καὶ
1549 2784 1721 2849 τέλος,
1753 2783 1835 2848 εἰς
1865 2783 2011 2838 ἀπαν

437 2883 541 2954 τὴν
571 2879 824 2951 σχετικὴν
845 2879 912 2932 δι’
945 2878 1067 2933 ὅλου
1099 2877 1441 2950 κατηγορίαν
1465 2877 1566 2931 οὐκ
1587 2877 1841 2948 ἤρνηται·
1878 2874 2012 2937 Θεὸς

437 2974 496 3030 δὲ
526 2973 756 3028 καθόλου
785 2972 968 3043 πάσης
993 2971 1230 3042 σχέσεως
1256 2970 1521 3042 ὑπάρχων
1549 2969 1840 3040 ἀπειράκις
1857 2966 2014 3021 ἀπεί-

444 3082 552 3136 ρως
579 3063 870 3134 ἀνῶτερος,
909 3061 1033 3116 οὔτε
1080 3059 1388 3145 ἀρχὴούτε
1432 3060 1663 3131 μεσότης
1704 3059 1827 3112 οὐτε
1859 3057 2013 3123 τέλος

437 3154 665 3216 εἰκότως
695 3152 845 3205 ἐστίν
864 3167 879 3182 ο
908 3149 1029 3205 οὐδέ
1062 3167 1117 3203 τι
1168 3141 1487 3203 τὸσύνολον
1520 3149 1728 3220 ἕτερον,
1756 3148 1887 3214 τῶν,
1932 3141 2013 3212 οἷς

441 3240 826 3312 ὲνθεωρεῖσθαι
859 3239 1003 3294 κατά
1044 3239 1144 3309 τὴν
1182 3240 1366 3311 σχέσιν
1397 3241 1431 3311 ὴ
1456 3236 1550 3292 τοῦ
1583 3240 1733 3307 πρός
1768 3254 1826 3291 τι
1849 3235 2010 3291 δύνα-

437 3349 531 3388 ται
558 3332 881 3405 κατηγορία.
970 3342 975 3351 “

515 3636 585 3700 η’.
620 3628 809 3684 Πάντα
855 3626 923 3681 τά
957 3625 1109 3692 ὄντα,
1143 3624 1412 3695 νοούμενα
1462 3622 1684 3692 λέγεται
1704 3634 1723 3653 ⁸
1774 3619 1885 3674 τῶν
1923 3616 2012 3671 ἐπ’

444 3720 589 3776 αὐτά
621 3716 877 3790 γνὼσεων
905 3716 1320 3778 ἔναποδείκτους
1364 3713 1560 3784 ἔχοντα
1609 3712 1712 3776 τὰς
1754 3710 1950 3781 ἀρχάς·
1985 3708 2014 3761 ὀ

446 3811 503 3865 δὲ
523 3810 678 3875 Θεδς,
706 3808 768 3863 οὐ
798 3805 1090 3878 νοούμενος
1117 3804 1465 3876 ὀνομάζεται·
1503 3800 1617 3855 ἀλλ’
1640 3802 1706 3854 ὲκ
1733 3799 1842 3851 τῶν
1862 3814 2015 3852 νοου-

451 3901 631 3973 μένων
689 3878 852 3972 μ’όνον
891 3894 1033 3952 εἷναι
1087 3895 1401 3951 πιστεύεται
1420 3909 1435 3927 ο
1484 3892 1673 3963 διόπερ
1715 3889 1868 3943 οὐδὲν
1905 3887 2016 3943 τῶν

446 3993 754 4065 νοουμένων
790 3991 944 4063 αὐτῷ
972 3989 1095 4046 καθ’
1127 3987 1307 4044 ὁτιοῦν
1342 3984 1773 4060 παραϐάλλεται.

520 4237 587 4292 0'.
605 4236 671 4290 Δί
703 4235 814 4290 τῶν
839 4234 1011 4289 όντων
1034 4230 1283 4303 γνώσεις,
1313 4226 1751 4301 συνηρτημένους
1772 4222 2018 4296 φυσικῶς

449 4329 634 4400 ιχουσι
664 4327 804 4398 πρὸς
836 4323 1115 4390 ἀπόδειξιν
1138 4324 1266 4387 τοὺς
1292 4323 1525 4384 οἰκείους
1564 4318 1778 4387 λόγους,
1808 4310 1891 4379 οἷς
1918 4330 2017 4369 πε-

451 4421 732 4493 ριγραφὴν
767 4416 1015 4488 φυσικῶς
1044 4416 1425 4488 ὑπομένουσιν⁸
1455 4415 1482 4466 ὁ
1510 4412 1567 4466 δὲ
1594 4411 1748 4476 Θεὸς,
1782 4408 1871 4463 διά
1908 4407 2019 4463 τῶν

449 4517 647 4579 ἐντοῖς
689 4510 812 4568 οὖσι
841 4513 1017 4583 λόγων
1065 4507 1205 4566 εἶναι
1252 4510 1414 4581 μόνον
1455 4505 1788 4560 πιστεύεταιο
1836 4502 2020 4572 πάσης

451 4605 785 4672 ἀποδείξεως
828 4604 1226 4676 βασιμώτερον,
1260 4604 1373 4665 τοῖς
1410 4599 1662 4653 εὐσεϐέσι
1689 4597 1788 4668 τὴν
1812 4597 1896 4651 ὅτι
1920 4612 2020 4649 κυ-

2106 2072 2153 2129 si
2202 2072 2277 2128 ita
2327 2079 2434 2138 est,
2485 2071 2628 2127 nihil
2683 2087 2915 2143 prorsus
2944 2066 3029 2127 est
3055 2085 3268 2136 eorum,
3306 2084 3429 2139 quae
3458 2067 3683 2122 omnino

2103 2179 2226 2220 esse
2272 2163 2552 2231 dicuntur,
2603 2163 2751 2235 quod
2779 2177 2909 2219 vere
2957 2178 3023 2217 ac
3062 2161 3284 2232 proprie
3311 2174 3432 2215 esse
3460 2159 3681 2214 habeat.

2103 2251 2251 2307 Nihil
2291 2252 2474 2322 itaque
2521 2252 2744 2324 penitus
2784 2252 2854 2307 ab
2896 2260 3126 2317 aeterno,
3174 2249 3428 2306 essentia:
3470 2238 3683 2303 ratiOnc

2106 2342 2451 2409 distinctum,
2503 2359 2612 2399 una
2659 2358 2784 2399 cum
2827 2342 2922 2397 illo
2950 2357 3014 2397 ac
3053 2342 3206 2397 velut
3247 2341 3296 2396 ei
3344 2339 3563 2395 essendi
3592 2340 3685 2393 co?

2107 2449 2244 2500 mes,
2292 2433 2614 2505 intelligitur
2668 2451 2682 2488 :
2722 2449 2833 2489 non
2868 2449 3046 2489 aevum
3098 2448 3195 2488 seu
3241 2430 3525 2494 saeculum,
3573 2444 3682 2484 non

2107 2538 2299 2578 eorum
2322 2523 2527 2593 aliquid
2549 2539 2672 2593 qua:
2689 2523 2743 2577 in
2764 2523 2875 2579 illis
2894 2532 3206 2578 versantur.
3224 2520 3515 2589 Nunquam
3537 2517 3682 2573 enim

2109 2611 2225 2678 ﬁat,
2260 2620 2322 2666 ut
2353 2627 2475 2667 esse
2506 2626 2635 2667 vere
2675 2620 2731 2666 et
2780 2610 3024 2682 proprie,
3070 2617 3126 2664 et
3155 2624 3266 2663 non
3308 2622 3438 2662 vcrc
3466 2622 3531 2661 ac
3558 2619 3687 2677 pro-

2108 2703 2227 2774 prie
2275 2716 2421 2762 esse.
2469 2703 2802 2757 conveniant
2856 2717 2921 2756 ac
2962 2708 3315 2756 concurrant.

2177 2790 2338 2863 5.63
2375 2791 2427 2845 7.
2453 2789 2675 2845 Nullum
2708 2775 3064 2862 principium,
3092 2788 3416 2857 nullumque
3444 2783 3685 2840 medium

2110 2892 2206 2939 aut
2236 2883 2380 2949 ﬁnis,
2425 2896 2644 2937 omnem
2690 2880 2914 2951 penitus
2973 2879 3380 2941 habitudinem,
3415 2893 3509 2932 seu
3550 2875 3690 2930 rela-

2110 2972 2338 3033 tionem.
2373 2970 2501 3041 quia
2532 2969 2637 3024 alia
2661 2969 2785 3024 aliis
2800 2952 3214 3038 comparentur,
3249 2964 3513 3021 excludit.
3542 2964 3690 3019 Deus

2112 3077 2246 3117 vero
2283 3060 2377 3131 qui
2428 3060 2692 3116 inﬁnities
2736 3058 2949 3115 inﬁnite
2993 3059 3146 3114 omni
3196 3057 3418 3128 penitus
3462 3055 3691 3110 habitu-

2111 3152 2227 3207 dini
2274 3168 2340 3207 ac
2373 3151 2628 3209 relationi
2677 3152 2939 3216 emineat,
2984 3150 3183 3205 merito
3214 3164 3317 3203 nec
3357 3147 3687 3218 principium

2112 3259 2294 3314 neque
2341 3244 2583 3299 medium
2637 3258 2815 3314 neque
2850 3243 2976 3298 ﬁnis
3027 3241 3237 3297 exsistit
3281 3255 3436 3295 :nec
3465 3249 3689 3310 prorsus

2037 3347 2081 3406 (ζ
2112 3336 2262 3392 aliud
2314 3336 2595 3406 quidpiam
2652 3334 2968 3400 eorum,rin
3028 3333 3230 3404 quibus
3272 3332 3487 3403 parium
3538 3342 3689 3382 com-

2115 3427 2423 3499 paratione,
2471 3443 2636 3498 quam
2685 3433 2884 3483 vocant
2925 3426 2996 3481 ad
3029 3424 3254 3498 aliquid,
3309 3420 3579 3495 categoria
3610 3417 3693 3475 in-

2121 3519 2293 3591 telligi
2348 3517 2545 3590 possit.
2600 3530 2604 3534 '

2190 3609 2246 3665 8.
2287 3608 2395 3664 Res
2436 3622 2629 3663 omnes
2654 3615 2821 3677 atque
2851 3606 3022 3670 entia,
3054 3619 3119 3660 ea
3147 3600 3426 3668 dicuntur,
3457 3616 3579 3672 quae
3609 3599 3693 3656 ill-'-

2119 3700 2476 3771 telliguntur;
2508 3715 2631 3769 quae
2659 3698 2869 3753 scilicet
2896 3712 3110 3762 eorum,
3146 3709 3269 3764 qua:
3307 3692 3375 3748 de
3404 3693 3513 3748 illis
3540 3701 3689 3759 sunt,

2120 3791 2408 3845 notionum
2459 3788 2910 3845 demonstrabilia
2955 3786 3226 3855 principia
3256 3784 3512 3839 habeant.
3548 3784 3694 3839 Deus

2118 3890 2304 3937 autem
2346 3884 2393 3936 is
2434 3880 2661 3944 dicitur,
2708 3880 2804 3949 qui
2832 3893 2943 3933 non
2976 3876 3337 3947 intelligatur,
3389 3874 3484 3929 sed
3512 3890 3578 3928 ex
3606 3888 3692 3929 re—

2120 3970 2226 4026 bus
2265 3986 2389 4040 quae
2422 3969 2827 4041 intelliguntur,
2866 3965 3213 4024 solummodo
3237 3980 3360 4020 esse
3398 3962 3688 4019 credatur:

2117 4061 2269 4133 quod
2325 4061 2590 4117 nimirum
2650 4075 2841 4116 earum
2886 4074 3074 4115 rerum
3114 4073 3237 4129 quae
3289 4056 3690 4126 intelliguntur,

2121 4153 2273 4208 nulla
2308 4152 2424 4208 ullo
2472 4151 2638 4207 modo
2676 4166 2802 4206 cum
2838 4165 2907 4206 eo
2940 4156 3313 4219 comparetur.

2190 4241 2245 4297 9.
2284 4242 2491 4296 Rerum
2527 4240 2773 4296 scientiae
2801 4255 2867 4295 ac
2900 4239 3171 4303 notiones,
3205 4249 3479 4292 connexas
3502 4240 3698 4288 natura

2122 4336 2328 4407 quibus
2357 4335 2752 4391 demonstratio
2801 4333 3142 4397 instituatur,
3174 4345 3302 4387 suas
3329 4328 3572 4382 rationes
3597 4325 3699 4380 ha-

2122 4429 2288 4495 bent,
2336 4428 2540 4498 quibus
2606 4426 2821 4483 scilicet
2883 4432 3084 4480 natura
3144 4419 3696 4478 circumcribuntur:

2122 4520 2270 4575 Deus
2316 4528 2502 4575 autem
2555 4534 2656 4589 per
2682 4517 2926 4573 rationes
2961 4530 3085 4587 qua:
3114 4521 3246 4571 sunt
3280 4513 3337 4568 in
3384 4511 3572 4575 rebus,
3605 4523 3699 4565 so-

2124 4612 2406 4667 lummodo
2449 4626 2573 4667 esse
2611 4609 2859 4667 creditur
2896 4607 3019 4663 :sic
3067 4615 3272 4668 tamen,
3320 4613 3383 4658 ut
3420 4600 3568 4657 omni
3602 4597 3700 4653 ﬂr-

456 4693 587 4767 ρίως
624 4695 773 4748 ἐστὶν
797 4693 1089 4764 ὁμολογίαν
1126 4692 1220 4745 καὶ
1258 4691 1442 4744 πίστιν
1467 4688 1663 4751 διδούς.
1695 4686 1884 4749 Πίστις
1910 4683 2015 4753 γάρ

2124 4702 2356 4758 miorem
2386 4700 2879 4765 demonstratione,
2902 4713 3024 4754 eam
3051 4705 3289 4763 mentem
3322 4695 3432 4766 piis
3468 4694 3700 4763 ingerat,

454 4785 594 4847 tam,
632 4783 834 4854 γνῶσις
872 4783 1079 4854 ἀληθὴς
1110 4780 1533 4844 ἀναποδείκτους
1561 4778 1763 4849 ἔχουσα
1798 4775 1895 4839 τὰς
1921 4777 2021 4844 ἀρ-

454 4872 578 4944 χὰς,
609 4873 685 4937 ὡς
709 4872 820 4926 τῶν
849 4870 990 4942 ὑπὲρ
1027 4871 1152 4926 νοῦν
1190 4871 1285 4924 καὶ
1319 4869 1478 4937 λόγον
1525 4867 1848 4938 ὑπάρχουσα
1878 4881 2024 4936 πρα-

453 4963 686 5035 γμάτων
723 4964 1045 5029 ὑπόστασις.

528 5238 585 5298 ι’.
628 5243 798 5317 Ἀρχὴ
824 5242 933 5300 τῶν
963 5243 1133 5300 όντων
1160 5243 1257 5300 καὶ
1291 5243 1528 5316 μεσότης
1576 5241 1670 5298 καὶ
1699 5241 1852 5308 τέλος
1879 5243 2028 5299 ἐστὶν

528 5442 608 5525 (α)
628 5441 921 5525 ρὺδαμῶς
945 5442 1133 5525 ρύδέν
1162 5442 1447 5525 οὐδαμρῦ.
1492 5440 1584 5525 Sic

458 5511 596 5583 aliis
626 5511 911 5583 Maximus,
942 5511 1224 5583 fusiusque
1258 5511 1319 5583 in
1343 5512 1544 5579 Quaest.
1593 5527 1623 5567 a

458 5581 819 5665 Theologum.
850 5581 928 5638 Ac
967 5580 1187 5665 quidem
1229 5582 1275 5638 si
1322 5597 1505 5665 sermo
1542 5588 1627 5637 est
1661 5580 1730 5662 de
1757 5580 2029 5665 coaeterno

459 5652 704 5734 proprie,
732 5661 795 5707 ut
825 5666 929 5707 nec
951 5652 1237 5709 virtualem
1269 5653 1423 5721 quasi
1470 5652 1869 5707 successionem
1911 5653 2031 5721 ejus

459 5721 781 5776 exsistentia
823 5721 1105 5789 admittat;
1139 5720 1220 5778 sic
1251 5730 1461 5777 certum
1491 5728 1577 5776 est
1613 5719 1752 5774 nihil
1786 5721 2029 5790 potuisse

459 5736 781 5776 exsistenua
823 5736 1105 5789 admittat;
1139 5736 1220 5778 διο
1251 5736 1461 5777 certum
1491 5736 1577 5776 est
1613 5736 1752 5774 mnu
1786 5736 2028 5790 potuisse

460 5804 585 5849 esse
615 5799 944 5849 maternum
972 5791 1101 5849 Deo.
1144 5791 1240 5848 Sin
1271 5798 1452 5849 autem
1482 5790 1551 5848 de
1581 5797 1856 5849 cowterno
1883 5791 2028 5862 quod

1626 5456 1845 5566 quoque
1892 5441 2026 5499 locis

1708 5511 2026 5566 Grenorium

1708 5511 2026 5582 Gregorium

2126 4802 2190 4848 ut
2218 4809 2341 4849 esse
2373 4808 2501 4847 eum
2527 4807 2658 4846 vere
2681 4806 2745 4846 ac
2781 4789 3004 4861 proprie
3027 4788 3258 4844 credant
3291 4801 3357 4840 ac
3397 4782 3698 4839 conﬁtean-

2128 4893 2238 4941 tur.
2266 4884 2426 4941 Fides
2448 4898 2685 4953 namque
2715 4897 2844 4936 vera
2878 4880 3123 4951 cognitio
3155 4888 3262 4945 est,
3292 4877 3699 4932 indemonstra—

2125 4977 2255 5033 bilia
2301 4977 2514 5032 habens
2555 4973 2849 5047 principia,
2884 4982 2948 5029 ut
2974 4988 3097 5043 qua:
3132 4985 3324 5027 earum
3361 4981 3542 5023 rerum
3573 4964 3704 5020 sub-

2123 5068 2322 5125 stantia
2352 5067 2598 5134 exsistat,
2619 5082 2741 5137 quae
2767 5066 2877 5120 vim
2906 5078 3128 5118 omnem
3155 5060 3356 5117 mentis
3386 5074 3451 5114 ac
3474 5055 3703 5113 rationis

2123 5158 2421 5213 excedunt.

2154 5280 2159 5284 ›
2196 5244 2284 5300 10.
2324 5244 2491 5318 Deus,
2533 5258 2718 5300 rerum
2759 5252 2816 5299 et
2868 5241 3202 5313 principium
3227 5248 3318 5297 est
3357 5246 3414 5296 et
3459 5236 3701 5294 medium

2126 5442 2433 5498 extrinsece
2463 5438 2755 5498 aeternitati
2787 5452 2911 5493 cum
2964 5435 3190 5492 virtuali
3223 5432 3572 5490 successione
3610 5447 3703 5488 re-

2127 5511 2413 5581 spondeat,
2433 5526 2543 5565 non
2571 5509 2730 5581 facile
2759 5509 2936 5581 evinci
2966 5513 3149 5581 potest
3183 5520 3292 5581 non
3319 5503 3564 5574 potuisse
3586 5517 3703 5581 rem

2128 5571 2367 5651 aliquam
2398 5571 2482 5635 vel
2517 5579 2782 5634 mundum
2817 5571 3001 5651 ipsum
3025 5577 3128 5651 ‘sic
3170 5575 3239 5630 ab
3279 5571 3486 5651 aitemo
3518 5587 3550 5627 a
3589 5571 3703 5651 Deo

2128 5643 2324 5713 creari,
2350 5649 2424 5704 ita
2451 5659 2514 5704 ut
2539 5664 2756 5719 semper
2779 5649 2831 5704 ei
2844 5643 3232 5719 ‘coexsistetjet,
3265 5644 3344 5719 uti
3371 5652 3426 5698 et
3456 5643 3512 5697 in
3537 5648 3699 5696 aeter-

2128 5736 2261 5774 num
2288 5720 2384 5774 Dei
2414 5734 2642 5774 munere
2658 5714 2746 5774 illi
2779 5719 3072 5774 coexsistct
3091 5758 3105 5781 ,
3138 5715 3256 5785 ipso
3287 5714 3342 5785 in
3372 5721 3698 5783 perpetuum

2127 5799 2507 5857 conservantc,
2531 5789 2633 5845 etsi
2666 5789 2841 5846 libero
2872 5788 3094 5844 decreto
3126 5784 3190 5843 ac
3217 5784 3518 5842 voluntate.
