4140 6322
533 369 666 442 1091

528 599 631 640 nec
680 599 801 638 eam
851 581 1189 652 assequitur,
1235 581 1303 647 is,
1337 596 1518 650 neque
1568 571 1824 650 proximo
1850 581 2115 647 invideat,

526 689 705 742 neque
753 687 882 726 vero
925 672 1110 725 animo
1139 671 1366 736 doleat;
1405 671 1522 728 sed.
1551 671 1605 724 in
1645 671 1844 726 vicinia
1881 672 2114 742 quadam

525 779 590 818 ac
627 763 886 827 conﬁnio,
919 764 996 817 uti
1033 774 1366 832 prmceptum
1405 773 1508 828 cst,
1545 773 1865 832 apparatum
1919 765 2113 819 faciat:

526 856 599 910 ita
645 856 908 909 nimirum
967 864 1028 909 ut
1088 856 1318 909 colenda
1351 856 1577 921 virtute,
1607 857 1660 909 in
1703 871 1934 926 corpore
1963 857 2119 926 prius

525 947 769 1002 studiose
822 949 1102 1010 laborans,
1131 948 1377 1001 animum
1411 947 1478 1001 ad
1525 949 1821 1003 scientiam
1848 957 2118 1018 praeparet

523 1053 590 1094 ac
629 1038 906 1107 disponat.

594 1131 684 1183 2|.
709 1129 810 1195 Qui
836 1139 987 1183 recte
1023 1145 1089 1183 ex
1122 1129 1327 1198 pietate
1362 1129 1608 1183 animum
1638 1111 1802 1183 rebus
1826 1129 2112 1200 adjiciunt,

523 1231 626 1270 nec
669 1217 1058 1271 ostentationis
1094 1219 1291 1272 modos
1340 1219 1488 1272 ullos
1521 1218 1907 1284 adinvcniunt,
1960 1220 1997 1273 ii
2025 1222 2113 1274 ln-

523 1309 836 1364 cidissimas
896 1326 1083 1364 rerum
1133 1313 1630 1381 contemplationes
1681 1314 1829 1367 ultro
1897 1315 2109 1382 obvias,

521 1398 718 1466 suique
771 1398 1241 1452 absolutissimam
1274 1400 1828 1469 comprehensionem
1858 1402 2112 1472 ingeren-

523 1493 624 1548 tes,
663 1486 827 1555 466
863 1485 1235 1550 olfenderiut;
1284 1486 1350 1539 ad
1391 1503 1532 1555 quos
1572 1487 1658 1541 lex
1693 1489 1884 1542 dicat:
1927 1491 2115 1561 Ingre-

518 1577 718 1629 dicutcs
747 1579 1004 1644 possidete
1039 1581 1190 1631 urbes
1213 1594 1440 1648 magnas
1462 1589 1510 1632 et
1543 1579 1812 1649 pulchras,
1832 1583 2112 1650 domosque

518 1668 665 1721 bouis
693 1669 941 1721 mut-tibus
975 1669 1219 1736 refertas,
1259 1687 1391 1739 quas
1414 1686 1517 1722 non
1549 1671 1891 1738 wdiﬁcaslis;
1931 1690 1994 1726 ac
2026 1674 2109 1727 ία-

518 1777 607 1813 cus
630 1762 851 1824 excisos,
877 1778 1005 1830 quos
1032 1779 1135 1814 non
1161 1763 1429 1816 excidisti;
1458 1781 1474 1826 ;
1498 1765 1784 1834 vineasque
1815 1776 1861 1817 ct
1894 1766 2107 1832 oliveta,

1708 378 1770 438 s.
1812 351 2098 442 MAX'Im
2136 377 2646 440 couressoms

597 492 689 547 20..
729 489 835 559 Qui
896 488 1283 547 ostentationis
1329 503 1495 546 causa
1545 488 1836 544 scientiam
1890 489 2120 560 appetit,
2155 499 2195 554 Α

2297 499 2367 547 κ’.
2412 494 2470 547 '0
2503 493 2640 564 πρὸς
2673 489 2934 556 ἐπίδειξιν
2971 488 3261 561 ἐφιέμενος
3294 491 3550 561 γνώσεως
3583 493 3682 564 (Ι),
3706 494 3798 548 καὶ

2224 585 2618 655 ἀποτυγχάνων
2646 601 2661 616 ο
2704 584 2843 655 μήτε
2886 581 3153 650 φθονεὶτω
3201 581 3280 652 τῷ
3314 582 3507 647 πέλας,
3546 586 3685 655 μήτε
3711 587 3801 636 λυ-

2225 675 2434 730 πείσθω
2462 690 2478 704 ⁸
2511 675 2628 730 ἀλλ’
2667 675 2724 728 ἐν
2757 691 2862 728 τινι
2909 674 3019 727 τῶν
3064 674 3280 745 ὁμόρων
3311 673 3535 727 ποιείτω
3563 675 3663 746 τὴν
3689 691 3796 727 πα-

2225 769 2522 840 ρασκευὴν,
2557 767 2635 830 ὡς
2663 766 3063 836 προστέτακται
3088 780 3102 795 ⁸
3151 764 3295 818 κατὰ
3338 763 3437 836 τὴν
3477 765 3699 836 πρᾶξιν,
3740 767 3797 817 ὲν

2222 858 2300 928 τῷ
2329 859 2543 929 σώματι
2573 857 2838 928 πρότερον
2876 855 3182 926 φιλοπονῶν
3227 858 3294 926 τῇ
3327 855 3473 926 ψυχῇ
3518 855 3618 927 τὴν
3655 857 3798 910 ἑτοι-

2225 952 2427 1022 μασίαν
2455 952 2558 1022 τῆς
2587 949 2863 1020 γνώσεως.

2291 1136 2397 1184 κα’.
2436 1129 2500 1181 Oi
2529 1128 2707 1200 ὀρθῶς
2742 1127 2861 1196 μετ’
2887 1124 3174 1188 εὐσεϐείας
3203 1126 3316 1187 τοῖς
3360 1119 3483 1178 οὖσι
3524 1124 3795 1196 προσϐάλ-

2221 1223 2426 1286 λοντες,
2455 1221 2550 1274 καὶ
2579 1218 2786 1290 μηδένα
2811 1214 3167 1287 φιλενδειξίας
3190 1215 3391 1286 τρόπον
3433 1215 3793 1280 ἐπινοοῦντες,

2219 1313 2512 1385 εὑρήσουσι
2578 1306 3012 1380 προῦπαντώσας
3075 1306 3260 1369 αὐτοῖς
3317 1305 3417 1368 τὰς
3464 1305 3570 1358 τῶν
3627 1305 3796 1359 ὄντων

2219 1405 2502 1476 παμφαεῖς
2530 1402 2783 1473 Θεωρίας,
2815 1399 3216 1470 ἀκριϐεστάτην
3247 1399 3429 1460 αὐτοῖς
3465 1397 3797 1468 ἐμποιούσαις

2219 1497 2428 1551 ἑαυτῶν
2457 1496 2556 1566 τὴν
2597 1493 2905 1565 κατάληψιν
2930 1510 2942 1521 ·
2981 1492 3118 1562 πρὸς
3163 1491 3258 1556 οὓς
3302 1493 3331 1544 ὁ
3373 1490 3538 1561 νόμος
3580 1491 3744 1561 φησίν
3773 1508 3792 1526 ο

2222 1590 2618 1654 Εἱσελθόντες
2690 1583 3187 1654 κληρονομήσατε
3267 1583 3474 1648 πόλεις
3527 1581 3796 1652 μεγάλας

2219 1683 2318 1738 καί
2347 1683 2560 1747 καλὰς,
2596 1679 2692 1734 καί
2723 1680 2911 1743 οἰκίας
2953 1678 3206 1744 πλήρεις
3244 1675 3487 1728 πάντων
3535 1673 3791 1744 ἀγαθῶν,

2218 1771 2291 1840 ἃς
2352 1773 2463 1826 οὐκ
2511 1768 2943 1837 οίκοδομήσατε
2973 1783 2986 1795 ·
3028 1766 3121 1818 καὶ
3161 1764 3429 1830 λάκκους
3459 1768 3792 1832 λελατομη-

519 1865 635 1917 qua:
678 1865 782 1900 non
825 1849 1114 1919 plantastis
1140 1851 1181 1903 ⁷.
1221 1850 1324 1916 Qui
1358 1852 1505 1905 enim
1545 1868 1654 1905 non
1697 1854 1801 1907 sibi
1840 1855 1973 1924 ipse,
2019 1856 2110 1910 sed

2213 1863 2458 1933 μένους,
2495 1861 2600 1927 οὓς
2630 1863 2740 1914 οὐκ
2787 1857 3203 1926 ἐλατομήσατε
3231 1871 3243 1884 ·
3289 1855 3391 1908 καὶ
3436 1855 3792 1923 ἀμπελῶνας

518 1939 632 1992 Dee
675 1939 829 2003 vivit,
886 1941 953 2003 is,
1007 1941 1212 1995 divinis
1243 1943 1508 1997 omnibus
1550 1943 1713 1997 donis
1739 1945 2106 2015 adimpletur;

519 2032 786 2084 hactenus
821 2031 1056 2086 minime
1112 2032 1450 2103 conspicuis,
1506 2035 1577 2088 ob
1631 2037 2109 2104 perturbationum

517 2121 927 2192 all’ectuumq‘ue
963 2124 1309 2192 ingruentem
1353 2126 1665 2180 molestiam
1695 2133 1862 2196 atque
1898 2129 2107 2183 tumul-

519 2225 656 2268 tum.
899 2209 903 2214 ⁷
1031 2249 1034 2252 ~
1126 2228 1144 2241 ·“

587 2305 676 2358 22.
735 2304 1217 2371 Quemadmodum
1293 2321 1491 2368 sensus
1555 2306 1856 2377 dupliciter
1905 2309 2109 2365 dicitur

519 2397 738 2465 (nempe
775 2413 971 2452 sensus
1021 2397 1235 2462 habitu,
1276 2398 1372 2468 qui
1403 2407 1460 2452 et
1507 2399 1669 2454 nobis
1699 2400 2109 2457 dormientibus

517 2486 679 2551 inest,
731 2503 833 2542 nec
890 2489 1056 2543 ullam
1124 2490 1502 2559 subiectarum
1567 2507 1753 2545 rerum
1823 2493 2105 2562 percipit;

518 2581 776 2650 quodque
818 2581 887 2635 ad
907 2642 916 2656 ί
943 2584 1322 2652 Operationem
1373 2600 1482 2638 non
1517 2583 1862 2649 intendatur,
1896 2585 2110 2640 inutilis

515 2673 767 2738 exsistit;
814 2689 1120 2744 sensusque
1164 2675 1218 2728 in
1281 2683 1434 2740 actu,
1487 2690 1597 2745 quo
1657 2691 1721 2730 ea
1771 2676 2108 2746 percipimus

514 2777 637 2831 quae
679 2762 734 2815 in
786 2778 1010 2834 sensum
1069 2763 1322 2834 cadunt),
1361 2765 1440 2819 sie
1498 2781 1720 2835 quoque
1779 2766 1982 2836 duplex
2025 2777 2110 2823 est

515 2853 748 2907 scientia
790 2871 803 2906 :
852 2869 958 2908 una
1004 2855 1228 2925 quidem
1283 2856 1398 2924 ipsa
1435 2857 1646 2911 sciendi
1701 2858 1933 2922 ratione,
1991 2861 2108 2915 solo

515 2944 709 3000 habitu
764 2947 1282 3017 ra‘tioneslegens;
1339 2963 1460 3016 quae
1510 2949 1732 3018 quidem
1764 2951 1905 3004 nihil
1929 2953 2105 3022 juvat,

519 3037 651 3105 quin
704 3037 771 3090 ad
824 3039 1084 3092 mandata
1133 3041 1252 3108 ipso
1303 3055 1471 3108 opere
1521 3043 1871 3109 exsequenda
1912 3053 2106 3097 exten-

515 3125 713 3190 datur;
773 3127 944 3180 altera
992 3127 1048 3179 in
1087 3135 1212 3181 actu
1267 3127 1474 3181 actioni
1540 3128 1728 3182 dedita
1772 3129 2104 3201 (πρακτικὴν

514 3216 736 3284 vocant)
767 3232 889 3285 qua:
919 3233 1108 3272 veram
1135 3218 1308 3287 ipsam
1337 3234 1524 3273 rerum
1547 3222 2103 3290 comprehensionem

515 3323 616 3377 per
650 3309 1052 3376 experientiam
1089 3310 1307 3364 ali'erat.

582 3397 672 3451 25.
713 3396 1034 3468 llypocrita,
1065 3401 1308 3468 quandiu
1341 3400 1565 3469 quidem
1601 3418 1658 3457 se
1707 3403 1876 3457 latere
1907 3402 2096 3458 existi-

515 3498 649 3552 mat,
691 3489 881 3557 quiete
936 3491 1042 3560 agit
1103 3506 1168 3544 ac
1223 3491 1367 3546 silet.
1421 3489 1518 3546 Sin
1572 3502 1754 3547 autem
1799 3493 1969 3548 semel
2008 3494 2105 3547 de-

517 3579 829 3647 prehensus
881 3579 1067 3645 fuerit,
1108 3581 1414 3637 virulentos
1453 3597 1741 3638 sermones
1779 3585 2102 3653 praetendit;

518 3670 804 3734 conviciis,
855 3686 977 3740 quae
1010 3673 1184 3742 jaclat
1220 3673 1275 3726 in
1324 3674 1481 3740 alios,
1528 3690 1684 3728 suam
1721 3691 1779 3729 se
1813 3675 2108 3744 turpitudi-

521 3774 646 3812 nem
691 3760 1046 3814 obtecturum
1089 3762 1430 3818 existimans.
1477 3765 1635 3818 Hunc
1689 3764 1975 3834 Scriptura
2035 3767 2106 3821 ob

519 3852 794 3906 vafritiem
845 3853 1168 3922 viperarum
1217 3856 1396 3910 soboli
1442 3871 1567 3911 cum
1603 3865 1997 3927 comparasset,
2023 3858 2109 3912 di-

520 3960 654 4014 gnos
708 3944 760 3998 ei
808 3945 1152 4013 ptenitentiae
1208 3946 1423 4002 fructus
1478 3946 1759 4001 faciendos
1799 3947 1994 4002 indicit
2030 3947 2104 4001 ll:

520 4051 717 4105 nempe
764 4037 1025 4091 latentem
1077 4038 1248 4091 animi
1299 4039 1649 4093 affectionem
1712 4039 1767 4092 in
1821 4048 2107 4094 externam

523 4126 668 4180 illam
705 4142 771 4181 ac
814 4127 1169 4197 conspicuam
1221 4129 1694 4185 transinutandam
1741 4144 1958 4184 morum
2008 4131 2108 4186 ho-

520 4224 818 4269 nestatem.

589 4304 681 4358 24.
723 4306 896 4361 Aiunt
945 4308 1167 4378 quidam
1219 4309 1455 4365 bestiam
1499 4326 1620 4367 esse
1655 4311 1924 4382 quidquid
1969 4311 2109 4383 legis

523 4398 776 4462 decreto,
832 4415 1024 4455 carum
1065 4401 1429 4456 animantium
1481 4419 1602 4472 quae
1640 4404 1726 4457 vel
1759 4403 1814 4457 in
1850 4418 1978 4458 aere
2020 4405 2106 4458 vel

523 4487 580 4541 in
621 4489 759 4543 mari
798 4491 886 4544 vel
948 4493 1004 4545 in
1059 4501 1207 4546 terra
1254 4493 1481 4564 degunt,
1532 4511 1643 4548 non
1701 4495 1968 4550 mundum
2019 4497 2109 4567 ju-

525 4579 767 4634 dicatum
808 4591 932 4648 est;
988 4585 1206 4639 tametsi
1265 4594 1612 4641 mansuetum
1651 4603 1750 4642 sua
1803 4587 1986 4643 indole
2022 4588 2105 4642 vi-

525 4671 722 4723 deatur
771 4688 783 4723 :
850 4688 1085 4741 quorum
1143 4676 1464 4730 nominibus
1518 4677 1800 4747 Scriptura
1859 4694 2107 4748 quosque

525 4761 778 4816 homines
826 4778 894 4817 ex
927 4765 1166 4833 propriis
1211 4767 1365 4821 vitiis
1406 4770 1765 4837 appellandos
1794 4769 1972 4824 duxit.

590 4852 680 4905 25.
707 4853 809 4918 Qui
842 4864 902 4908 ut
923 4857 1176 4925 proximo
1208 4868 1425 4924 noceat,
1451 4860 1710 4914 amicitia:
1730 4861 1937 4914 larvam
1967 4876 2110 4930 prm-

525 4944 723 5011 tcndit,
777 4945 942 5016 lupus
987 4955 1092 5012 est,
1153 4949 1316 5003 ovina
1369 4950 1514 5018 pelle
1572 4949 1712 5004 vafri
1765 4951 1934 5006 animi
1987 4967 2114 5021 pra-

523 5036 753 5090 vitatem
808 5047 1018 5108 tegens.
1075 5039 1144 5104 ls,
1193 5040 1290 5093 ubi
1324 5040 1727 5110 simpliciorum
1760 5042 1965 5112 aliquid
1990 5057 2112 5097 mo-

597 5197 614 5227 ⁷
636 5196 802 5251 Josue
827 5212 972 5262 xxxv,
1000 5198 1082 5263 15,
1111 5199 1198 5253 14.
1271 5198 1292 5228 ⁸
1315 5173 1506 5252 Matth.
1530 5215 1609 5263 ιιι,
1634 5201 1685 5253 7.

596 5354 670 5421 (ιι)
707 5355 922 5421 Θηρίον
954 5348 1127 5406 εῖναι.
1155 5353 1231 5408 De
1257 5354 1469 5418 bestiis,
1496 5370 1559 5408 ac
1591 5368 1839 5422 quaenam
1873 5353 1980 5407 illis
2015 5367 2103 5406 ac-

526 5435 853 5493 censeantnr
881 5424 1178 5493 Scripturzc
1205 5424 1411 5492 phrasi,
1446 5426 1616 5477 multa
1641 5422 1790 5491 Orig.
1817 5423 1872 5476 in
1897 5423 2014 5477 Cat.
2047 5423 2102 5493 in

524 5492 662 5546 Gen.
697 5509 731 5557 ι,
773 5494 839 5546 ad
879 5492 1032 5547 illum
1063 5508 1278 5546 versum
1310 5511 1323 5546 :
1356 5494 1425 5547 Et
1456 5495 1632 5563 prmsit
1662 5493 1885 5563 piscibus
1918 5492 2102 5563 maris,

525 5569 615 5614 etc
645 5601 659 5623 ,
707 5563 854 5630 quod
899 5572 1059 5631 negat
1097 5563 1164 5615 de
1196 5563 1332 5617 cetis
1371 5558 1532 5633 atque
1571 5558 1762 5616 bestiis
1791 5558 1976 5616 itidem
2016 5562 2104 5614 di-

526 5639 676 5702 ctum
711 5647 851 5702 esse,
883 5633 1229 5686 desiderante
1270 5632 1478 5688 scilicet
1519 5634 1639 5702 ejus
1681 5632 1903 5702 codice;
1947 5641 2108 5702 utiet

528 5698 691 5753 modo
717 5695 836 5754 Cat.
881 5702 1122 5756 Romana
1166 5702 1300 5755 mihi
1347 5695 1581 5758 reposita
1612 5711 1668 5755 et
1699 5701 1834 5755 Sixt.
1885 5695 2105 5755 deside-

527 5777 671 5834 rant,
703 5771 792 5823 καὶ
822 5769 930 5824 τῶν
967 5770 1192 5840 θηρίων.
1217 5771 1359 5826 Num
1387 5769 1537 5844 Orig.
1564 5772 1730 5828 etiam
1762 5772 1946 5827 sicura
1982 5770 2103 5826 ani-

2212 1955 2309 2010 καὶ
2346 1951 2658 2018 ἐλαιῶνας,
2705 1950 2808 2016 οὓς
2857 1951 2968 2002 οὐκ
3005 1948 3396 2018 (ignoratio-ate.
3456 1945 3514 1999 Ὀ
3557 1946 3667 2016 γὰρ
3717 1947 3791 2017 μὴ

2213 2047 2391 2118 ἑαυτῷ
2443 2046 2572 2111 ζῶν,
2616 2045 2751 2098 ἀλλὰ
2795 2043 2872 2114 τῷ
2916 2041 3056 2112 Θεῷ,
3100 2041 3320 2094 πάντων
3343 2040 3552 2107 γίνεται
3576 2039 3792 2110 πλήρης

2209 2141 2320 2197 τῶν
2346 2140 2506 2194 θείων
2545 2139 2905 2211 χαρισμάτων
2937 2150 2952 2164 ⁸
2989 2135 3099 2188 τῶν
3127 2135 3266 2198 τέως
3307 2133 3396 2186 διὰ
3443 2132 3543 2204 τὴν
3580 2133 3789 2185 ἐπικει-

2214 2233 2381 2304 μένην
2408 2232 2516 2285 τῶν
2551 2231 2738 2284 παθῶν
2761 2229 2983 2300 ὖχλησιν
3016 2226 3091 2297 μὴ
3117 2225 3443 2294 φαινομένωὶ
3467 2264 3482 2279 .

2281 2329 2388 2398 κβ’.
2426 2327 2636 2395 Ὥσπερ
2669 2321 2832 2392 διχῶς
2876 2323 2908 2390 ἠ
2947 2319 3201 2389 αἴσθησις
3253 2318 3470 2386 λέγεται
3503 2330 3517 2347 ⁸
3574 2317 3608 2386 ἠ
3667 2315 3784 2386 μὲν,

2210 2419 2332 2474 καθ’
2366 2417 2479 2482 ἕξιν
2505 2433 2518 2448 ·
2539 2417 2662 2486 ἥτις
2683 2414 2778 2468 καὶ
2807 2410 3168 2482 κοιμωμένων
3188 2409 3346 2479 ἡμῶν
3379 2411 3518 2472 ἔστι,
3563 2407 3786 2476 μηδενὸς

2210 2507 2723 2581 ἀντιλαμϐανομένη
2765 2505 2874 2558 τῶν
2908 2502 3286 2573 ὑποκειμένων
3314 2515 3331 2535 ⁸
3368 2494 3438 2572 ἧς
3473 2500 3626 2553 οὐδὲν
3657 2493 3785 2568 όῲεο

2207 2602 2328 2667 λος,¹
2347 2603 2421 2673 μὴ
2453 2601 2586 2673 πρὸς
2611 2599 2893 2670 ἐνέργειαν
2923 2596 3240 2666 τεινομένης
3271 2608 3286 2622 ·
3315 2594 3350 2664 ἡ
3375 2593 3453 2659 δὲ,
3483 2593 3603 2646 κατ’
3637 2593 3788 2663 MP.

2209 2709 2406 2765 γειαν·
2461 2693 2526 2746 δι’
2593 2686 2660 2762 ἦς
2731 2685 3248 2758 ἀντιλαμϐανόμεθα
3292 2685 3399 2738 τῶν
3459 2684 3776 2755 αἰσθητῶν·

2208 2788 2352 2842 οὕτω
2381 2788 2476 2840 και,
2503 2786 2535 2855 ἡ
2560 2783 2763 2854 γνῶσις
2785 2782 2936 2851 διττή
2968 2797 2981 2810 ·
3023 2781 3055 2851 ἡ
3087 2779 3186 2849 μὲν
3215 2778 3636 2847 ὲπιστημονικὴ,
3663 2777 3783 2830 καθ’

2209 2882 2321 2945 ἕξιν
2365 2879 2534 2950 μόνην
2572 2875 2698 2938 τοὺς
2732 2872 2928 2940 λόγους
2952 2869 3326 2939 ἅναλεγομένη
3355 2868 3463 2920 τῶν
3485 2869 3652 2921 εντων
3675 2883 3690 2898 ⁸
3718 2861 3789 2940 ἧς

2208 2973 2363 3028 οὐδὲν
2415 2967 2606 3038 ὄφελος
2659 2967 2733 3037 μὴ
2784 2966 2922 3036 πρὸς
2958 2962 3058 3033 τὴν
3101 2962 3208 3014 τῶν
3242 2959 3470 3013 ἐντολῶν
3505 2959 3788 3030 ἐνέργειαν

2210 3064 2598 3134 ὲκτεινομένης
2630 3077 2643 3089 ·
2689 3061 2723 3130 ὴ
2759 3059 2841 3122 δὲ,
2883 3059 3002 3111 κατ’
3044 3055 3324 3125 ἐνέργειαν
3355 3052 3654 3124 πρακτικὴ,
3682 3053 3789 3108 αὐ-

2208 3155 2306 3224 τὴν
2343 3153 2520 3222 ἀληθῆ
2556 3149 2642 3202 διὰ
2675 3149 2773 3216 τῆς
2804 3145 3003 3217 πείρας
3029 3144 3139 3198 τῶν
3160 3143 3329 3196 ὅντων
3357 3141 3661 3212 κομίζουσα
3684 3139 3790 3212 τὴν

2209 3239 2532 3310 κατάληψιν.

3742 3343 3777 3362 υ

2279 3389 2386 3459 κγ’.
2433 3389 2493 3440 Ὀ
2525 3384 2850 3455 ὑποκριτὴς,
2879 3381 2984 3444 ἕως
3013 3378 3112 3451 μὲν
3137 3379 3284 3432 δοκεῖ
3309 3375 3616 3436 λανθάνειν,
3656 3374 3788 3444 ἡρε-

2211 3483 2338 3552 μεῖ·
2375 3478 2474 3549 τὴν
2503 3480 2566 3531 ὲκ
2610 3475 2705 3528 τοῦ
2743 3475 2918 3528 δοκεῖν
2958 3471 3164 3533 δίκαιος
3210 3464 3352 3524 εἶναι
3406 3465 3561 3530 δόξαν
3610 3465 3791 3536 θηρώ-

2212 3588 2393 3643 μενος.
2438 3567 2687 3621 Ἐπειδὰν
2707 3567 2765 3619 δὲ
2791 3563 3043 3635 φωραθῇ,
3079 3559 3489 3630 θανατηφόρους
3531 3557 3791 3627 προῒτχε.

2208 3683 2297 3718 ται
2329 3663 2542 3731 λόγους,
2580 3663 2700 3722 ταῖς
2736 3656 2855 3710 κατ’
2890 3655 3067 3710 ἄλλων
3121 3651 3412 3722 λοιδορίαις
3466 3648 3639 3701 δοκῶν
3686 3648 3790 3716 τὴν

2208 3757 2418 3808 οἰκείαν
2491 3749 2893 3816 συγκαλύπτειν
2965 3744 3353 3816 ἀσχημοσύνην
3385 3757 3398 3772 ·
3461 3739 3520 3792 δν
3573 3737 3790 3808 ἐχίδνης

2210 3847 2510 3916 γεννήματι
2562 3826 2907 3913 παρεικάσας
2955 3839 2982 3891 ὀ
3048 3838 3244 3905 λόγος,
3293 3835 3368 3897 ὡς
3433 3830 3787 3901 παλίμϐολον,

2213 3938 2395 4003 ἀξίους
2447 3937 2544 4006 τῆς
2597 3933 2884 4006 μετανοίας
2926 3927 3259 4002 προσέταξεν
3307 3923 3454 3994 αὑτῷ
3515 3921 3788 3976 ποιεῖσθαι

2209 4029 2454 4102 καρπούς
2479 4043 2493 4058 ·
2527 4026 2796 4087 τουτέστι,
2832 4022 2969 4093 πρὸς
3000 4021 3125 4083 τοὺς
3149 4016 3503 4087 φαινομένους
3530 4013 3794 4083 τρόπους,

2212 4121 2576 4194 μεταποιῆσαι
2608 4117 2708 4188 τὴν
2731 4113 3118 4187 κρυπτομένην
3141 4111 3240 4182 τῆς
3271 4109 3497 4181 καρδίας
3519 4107 3783 4160 διάθεσιν.

2282 4310 2378 4366 κδ’.
2407 4309 2543 4362 dus!
2583 4323 2726 4369 τινες
2757 4303 2942 4374 θηρίον
2983 4299 3122 4355 εἶναι
3178 4299 3278 4370 (d),
3339 4295 3448 4352 πᾶν
3497 4297 3528 4350 ὃ
3579 4298 3651 4367 μὴ
3705 4294 3788 4364 τῷ

2209 4403 2361 4472 νόμῳ
2396 4400 2504 4454 τῶν
2543 4401 2601 4451 ὲν
2641 4399 2763 4468 ἀέρι
2811 4413 2872 4450 τε
2915 4395 3010 4448 καὶ
3070 4395 3140 4463 γῇ
3190 4393 3284 4445 καὶ
3330 4390 3568 4460 θαλάττῃ
3630 4388 3786 4451 ζώων

2212 4495 2462 4562 κέκριται
2491 4488 2752 4560 καθαρὸν,
2803 4486 2907 4540 κᾶν
2960 4486 3170 4556 ἥμερον
3207 4479 3350 4535 εἶναι
3378 4481 3456 4551 τῷ
3481 4481 3597 4551 ἤθει
3625 4479 3781 4550 δοκῇ·

2211 4578 2293 4646 οἷς
2317 4583 2547 4635 ἕκαστον
2577 4580 2685 4633 τῶν
2712 4577 3016 4650 ἀνθρώπων
3043 4579 3108 4630 ὲκ
3145 4573 3236 4629 τοῦ
3278 4574 3483 4628 οἰκείου
3523 4571 3725 4634 πάθους
3757 4571 3786 4623 ὁ

2210 4675 2366 4743 λόγος
2386 4671 2802 4744 προσαγορεύει.

2279 4861 2375 4910 κε’.
2420 4855 2479 4907 '0
2503 4853 2596 4906 ἐπὶ
2628 4852 2802 4925 βλάϐῃ
2830 4851 2938 4904 τῶν
2966 4851 3134 4914 πέλας
3162 4847 3556 4919 μορφιζόμενος
3578 4841 3782 4911 φιλίαν.

2208 4946 2372 5009 λύκος
2404 4945 2520 4996 ἐστὶ
2551 4942 2731 5012 κωδίῳ
2771 4941 3125 5011 ἐπικρύπτων
3159 4941 3256 5009 τὴν
3301 4935 3497 4990 ἑαυτοῦ
3553 4950 3786 5003 κακουρ⁴

2210 5041 2360 5110 γίαν.
2399 5037 2496 5098 Ὃς
2522 5033 2742 5089 ἐπειδὰν
2769 5032 2905 5105 εὕρῃ
2939 5031 3094 5102 ψιλὸν
3145 5027 3300 5102 ἦθος,
3349 5029 3383 5100 ἢ
3440 5027 3595 5098 ῥῆμα
3643 5026 3784 5078 atati

2209 5350 2394 5412 malia,
2437 5347 2532 5402 sed
2570 5345 2873 5408 immunda,
2914 5344 3108 5399 bestiis
3145 5343 3514 5414 deputaverit,
3556 5357 3665 5414 non
3709 5340 3782 5396 li-

2208 5429 2376 5488 quet;
2408 5418 2714 5489 putaverim
2740 5417 2923 5489 potius
2943 5431 3006 5489 ea
3029 5416 3205 5469 solum
3225 5413 3392 5486 θηρία
3417 5413 3781 5475 existimasse,

2209 5485 2332 5557 qua:
2364 5485 2525 5542 noxia
2550 5485 2755 5563 sunt,
2788 5486 2842 5563 in
2891 5485 3092 5563 quibus
3133 5492 3446 5563 serpentes,
3486 5497 3636 5563 quos.
3671 5496 3780 5535 non

2210 5553 2434 5626 ἑρπετὰ,
2470 5557 2564 5611 sed
2593 5557 2775 5626 θηρία,
2803 5553 3308 5626 εει-ἱριυηιιᾲόίειοε
3329 5553 3527 5626 probat
3553 5571 3567 5607 :
3593 5553 3780 5626 sique

2208 5620 2275 5682 de
2309 5629 2461 5682 Pauli
2495 5620 2830 5695 vipera-Act.
2869 5620 3068 5678 xx‘vm:
3107 5623 3163 5695 Ὀ
3206 5625 3304 5692 μὲν
3327 5620 3419 5678 ὀῦν
3454 5621 3782 5684 ἀποτινάξας

2209 5699 2266 5750 τὸ
2291 5699 2495 5768 θηρίον’
2525 5694 2624 5751 Ille
2657 5708 2834 5750 autem
2865 5711 3077 5750 excussa
3109 5694 3290 5748 bestia.
