4140 6322
430 378 561 444 1093

1263 375 1597 438 CAPITUM
1634 373 1907 436 THEOL.
1946 374 2045 434 ET
2082 371 2319 435 (ECON.
2361 373 2753 436 CENTURIA
2790 374 2841 434 Ι.

3527 371 3669 440 1091

424 492 658 566 Χριστὸν
682 488 958 552 ἀπλοῖκῶς
983 489 1020 559 ἢ
1048 487 1332 559 γινόμενον
1358 490 1392 561 ἢ
1423 489 1736 560 λεγόμενον,
1770 488 1989 559 ἥρπασε
2017 495 2052 548 Α

2100 503 2234 552 rum,
2281 486 2364 542 vel
2418 486 2700 556 quidpiam
2728 484 3037 541 Christiana
3072 483 3259 541 indole
3301 485 3453 541 omni
3480 488 3672 557 procul

422 584 519 636 καὶ
557 581 831 651 διέφθειρε
864 596 880 610 ·
931 579 1161 651 μυρίους
1193 580 1479 650 διαταχέων
1507 578 1752 650 μώμους,
1784 571 1860 633 ὧν
1887 581 2004 642 τοῖς

2101 578 2427 648 duplicitate
2453 578 2657 633 factum
2683 577 2960 633 dictumve
2989 575 3281 640 invenerit,
3308 576 3458 645 rapit
3490 576 3676 633 statim

424 672 601 742 λόγοις
629 670 663 741 ἢ
697 672 810 734 toi;
838 669 1029 741 ἤθεσιν
1062 670 1364 724 ἐπιτίθεται
1388 686 1406 703 ⁸
1441 669 1633 740 ὥσπερ
1657 667 2001 731 κατάσκοπος

420 766 523 835 τῆς
549 764 610 816 ὲν
631 763 851 834 Χριστῷ
883 762 992 816 τῶν
1019 761 1267 831 ἀδελφῶν
1308 762 1643 833 ἐλευθερίας.

501 1014 616 1073 κς¹.
656 1006 717 1059 '0
755 1007 1179 1080 ὑποκρινόμενος
1207 1008 1415 1079 σιωπὴν
1453 1006 1790 1079 κακουργίας
1816 1008 1997 1080 χάριν,

382 1099 502 1171 ’τῷ
553 1099 779 1169 πλησίον
834 1099 1174 1153 τεκταίνεται
1231 1098 1382 1153 δόλον
1414 1115 1427 1128 ’
1490 1093 1551 1152 οὗ
1608 1100 1998 1170 ἀποτυγχάνων

426 1191 635 1256 ἄπεισι,
661 1191 740 1262 τῷ
781 1191 896 1261 ἰδίῳ
934 1189 1097 1244 πάθει
1142 1190 1511 1262 προσθέμενος
1560 1190 1771 1262 ὀδύνην.
1837 1194 1895 1244 ’0
1941 1191 1998 1242 δὲ

428 1281 647 1333 σιωπῶν
690 1280 956 1350 ὠφελείας
993 1280 1176 1352 χάριν,
1226 1279 1430 1352 ηὔξησε
1482 1281 1702 1349 φιλίαν,
1754 1281 1850 1335 καὶ
1895 1285 2001 1336 άπ-

430 1370 705 1426 ελεύσεται
738 1372 966 1445 χαίρων,
1012 1372 1087 1437 ὡς
1132 1368 1309 1425 λαϐὼν
1339 1373 1615 1443 φωτισμὸν
1661 1371 1886 1436 σκότους
1908 1372 2001 1425 λυ·-

427 1462 632 1533 τήριον.

500 1636 600 1702 κζ’.
671 1637 730 1690 ὐ
770 1638 828 1690 ὲν
875 1635 1134 1709 συνεδρίῳ
1180 1638 1354 1710 λόγων
1404 1638 1663 1710 ἀκρόασιν
1712 1639 1999 1711 προπετῶς

429 1727 768 1796 ἀνακόπτων,
807 1728 907 1782 οὐκ
954 1727 1112 1782 ἔλαθε
1170 1729 1468 1799 φιλοδοξίαν
1518 1730 1688 1784 νοσῶν
1719 1748 1735 1762 ο
1792 1731 1883 1799 ὑφ’
1929 1726 1997 1803 ἦς

2100 683 2167 723 ac
2192 668 2521 738 corrumpit,
2548 667 2856 724 innumeris
2877 682 3177 738 aspergens
3195 665 3542 731 criminibus,
3558 681 3677 732 eos,

2102 758 2430 827 inquorum
2463 774 2752 814 sermones
2804 767 2903 813 aut
2960 774 3144 813 mores
3197 758 3516 822 invehitur,
3564 766 3682 813 tan-

2052 848 2057 853 ’
2101 866 2264 919 quam
2302 850 2513 905 scilicet
2564 850 2882 920 explorator
2932 849 3206 905 libertatis
3251 848 3505 913 fratrum,
3559 863 3682 918 qua:

2099 948 2188 993 est
2230 939 2289 992 in
2329 938 2553 995 Christo
2580 939 2708 995 Jesu
2742 943 2787 992 ’⁵.

2169 1028 2260 1083 26.
2298 1027 2403 1095 Qui
2439 1030 2677 1100 maligno
2716 1029 2983 1099 vafroque
3023 1028 3256 1087 consilio
3289 1027 3571 1084 silentium
3603 1028 3681 1082 si—

2099 1120 2293 1182 mulat,
2349 1118 2536 1173 dolum
2588 1120 2842 1189 proximo
2893 1118 3247 1177 machinatur
3295 1138 3309 1172 :
3358 1118 3520 1191 467
3562 1120 3682 1175 fru-

2100 1217 2387 1280 stratoque
2416 1220 2620 1266 conatu
2662 1212 2799 1277 abit,
2836 1213 3033 1269 morbo
3064 1212 3143 1267 illi
3177 1227 3279 1267 suo
3330 1227 3395 1266 ac
3431 1211 3680 1274 atl'ectui,

2099 1301 2289 1357 dolore
2348 1303 2627 1372 adjuncto.
2685 1303 2788 1370 Qui
2855 1315 3038 1359 autem
3106 1303 3382 1359 commodi
3450 1304 3685 1375 alicujus

2100 1393 2271 1461 gratia
2305 1391 2451 1456 silet,
2488 1394 2787 1447 amicitiam
2837 1405 3021 1465 auget.
3058 1410 3122 1448 ac
3153 1394 3375 1450 recedet
3410 1395 3677 1464 gaudens,

2098 1482 2252 1536 velut
2293 1482 2502 1538 scilicet
2556 1482 2981 1539 illustrationem
3025 1494 3241 1550 nactus,
3280 1500 3388 1554 qua
3442 1485 3685 1541 tenebrae

2098 1571 2484 1641 dispellantur.

2169 1662 2258 1717 27.
2300 1662 2403 1729 Qui
2452 1663 2508 1719 in
2555 1663 2831 1719 communi
2879 1663 3110 1719 fratrum
3159 1664 3395 1720 concilio
3436 1665 3685 1720 auditum

2098 1767 2405 1806 sermonem
2450 1755 2657 1825 majore
2700 1755 2952 1825 procacia
2987 1755 3365 1826 interrumpit,
3396 1756 3543 1811 haud
3588 1758 3687 1812 ob.

434 1809 790 1890 ἁλισκόμενος
812 1859 826 1884 ,
887 1819 1112 1890 μυρίους
1141 1818 1503 1891 προϐάλλεται
1526 1821 1760 1894 δρόμους
1782 1822 1876 1874 καὶ
1906 1838 2001 1875 πε·
2038 1824 2052 1881 Ι

2108 1856 2268 1896 scure
2303 1842 2483 1898 inanis
2519 1845 2704 1914 gloria)
2730 1846 2866 1900 vitio
2896 1860 2954 1901 sc
2994 1846 3246 1900 laborare
3276 1848 3548 1914 ostendit;
3578 1864 3687 1918 qua

433 1910 717 1983 ριδρόμους
773 1910 1108 1982 προτάσεων,
1157 1910 1249 1966 τὸν
1300 1910 1493 1984 εἱρμὸν
1539 1910 1648 1965 τῶν
1689 1910 1999 1982 λεγομένων

429 2003 710 2074 διαστῆσαι
743 2001 1082 2076 βουλόμενος.

504 2193 610 2260 κη’.
650 2187 710 2241 'U
766 2186 949 2258 σοφὸς,
998 2186 1096 2242 καὶ
1145 2187 1413 2242 διδάσκων
1460 2189 1557 2242 καὶ
1598 2186 1999 2258 διδασκόμενος,

437 2278 573 2346 μόνα
607 2278 853 2350 βούλεται
887 2279 957 2333 τὰ
985 2279 1302 2351 ὠφελοῦντα
1332 2279 1691 2333 διδάσκεσθαι
1731 2279 1826 2332 καὶ
1856 2279 2002 2334 διδά-

435 2387 586 2425 σκειν
610 2389 623 2403 ·
658 2374 687 2426 ὀ
712 2372 767 2426 δὲ
789 2371 1007 2443 δοκήσει
1043 2371 1223 2440 σοφὸς,
1259 2372 1354 2426 καὶ
1392 2370 1611 2443 ἐρωτῶν
1653 2370 1748 2425 καὶ
1791 2372 2005 2443 ἐρωτώ-

437 2464 693 2534 μενος,τά
724 2464 1127 2537 περιεργότερα
1162 2465 1321 2536 μόνον
1353 2462 1742 2536 προϐάλλεται.

507 2638 610 2693 κθ⁸.
630 2631 733 2691 Ὧν
758 2638 985 2710 μετέσχε
1014 2656 1098 2702 τις
1124 2640 1265 2693 κατά
1288 2638 1423 2692 Θεοῦ
1454 2641 1612 2711 χάριν
1641 2641 1882 2709 ἀγαθῶν,
1911 2640 2005 2695 καὶ

436 2732 616 2797 ἄλλοις
645 2730 893 2800 ἀφθόνως
924 2731 1245 2802 μεταδοῦναι
1273 2731 1554 2803 χρεώστης
1593 2734 1730 2787 ἐστί.
1775 2734 2006 2802 Δωρεὰν

437 2825 564 2896 γὰρ,
591 2824 776 2894 φησὶν,
811 2822 1071 2888 ἐλάϐετε,
1103 2822 1328 2890 δωρεὰν
1353 2824 1509 2877 δότε.
1546 2824 1604 2878 '0
1624 2824 1732 2894 γὰρ
1759 2826 1862 2879 ὑπὸ
1903 2826 2004 2897 γῆν

438 2915 696 2984 κρύπτων
725 2912 824 2983 τὴν
855 2912 1085 2982 δωρεὰν,
1111 2911 1185 2975 ὡς
1219 2911 1455 2982 σκληρὸν
1482 2911 1755 2965 διαϐάλλει
1790 2913 1882 2967 τὸν
1918 2912 2006 2965 κύ-

436 3021 572 3075 ριον,
600 3004 773 3072 φειδοῖ
800 3005 898 3074 τῆς
929 3002 1127 3075 σαρκὸς
1165 3002 1260 3074 τὴν
1298 3003 1496 3073 ἀρετὴν
1525 3001 1904 3075 ὲξομνύμενος.
1946 3006 2005 3058 Ὀ

435 3094 489 3148 δὲ
520 3094 844 3166 πιπράσκων
868 3094 1083 3167 ἐχθροῖς
1112 3093 1210 3164 τὴν
1253 3095 1533 3165 ἀλήθειαν,
1584 3093 1810 3167 ὕστερον
1842 3096 2003 3162 ἁλοὺς

435 3186 512 3251 ὡς
540 3186 831 3256 φιλόδοξος,
859 3186 933 3259 μὴ
960 3188 1141 3258 φέρων
1165 3187 1262 3259 τὴν
1284 3186 1548 3258 αἰσχύνην
1572 3188 1898 3259 ἀπάγχεται.

2088 1932 2318 1988 scilicet
2360 1944 2575 2004 captus,
2621 1937 2943 1991 innumeros
3006 1938 3441 2007 propositionum
3492 1954 3691 1996 cursus

2106 2031 2271 2094 atque
2302 2025 2580 2097 ambages,
2610 2027 2882 2084 sermonis
2906 2027 3105 2083 seriem
3130 2027 3534 2096 intercidendo,
3563 2043 3689 2100 pro-

2105 2112 2283 2181 ponit.

2176 2203 2267 2258 28.
2301 2203 2553 2272 Sapiens,
2590 2204 2703 2259 sive
2744 2204 2940 2261 doceat
2968 2206 3087 2262 sive
3119 2206 3404 2284 dqceatur,
3444 2221 3509 2262 ea
3545 2205 3689 2260 dun-

2110 2301 2260 2349 taxat
2308 2294 2495 2349 doceri
2543 2296 2662 2350 vult
2692 2311 2757 2377 ac
2784 2296 3008 2363 docere,
3054 2300 3175 2370 q'ua:
3204 2299 3361 2354 utilia
3406 2306 3557 2353 sunt.
3586 2296 3691 2364 Qui

2110 2400 2240 2440 vero
2266 2387 2450 2455 specie
2479 2396 2638 2443 tenus
2668 2388 2928 2459 larvaque
2956 2391 3260 2461 sapientem
3282 2398 3541 2455 ostentat,
3575 2390 3693 2444 sive

2109 2491 2272 2546 quem
2309 2476 2424 2546 ipse
2469 2488 2844 2547 percontetur,
2894 2481 3010 2535 sive
3058 2496 3126 2535 ex
3175 2482 3298 2551 ipso
3344 2482 3693 2552 percontanti

2110 2566 2459 2635 respondeat,
2492 2569 2796 2623 curiosiora
2834 2569 3177 2625 solummodo
3208 2570 3478 2627 obtendit.

2177 2657 2268 2711 29.
2320 2657 2451 2724 Quae
2498 2659 2623 2728 quis
2669 2660 2810 2715 bona
2849 2661 3037 2716 divino
3092 2677 3319 2717 munere
3358 2669 3695 2717 consecutus

2115 2758 2220 2813 est,
2259 2749 2374 2820 ipse
2419 2766 2639 2822 quoque
2676 2753 2824 2823 large
2874 2753 2996 2808 aliis
3043 2754 3311 2823 impartiri
3367 2754 3553 2809 debet.
3601 2753 3696 2809 Ait

2110 2839 2280 2903 enim,
2307 2841 2483 2898 Gratis
2517 2844 2809 2913 accepistis,
2840 2845 3009 2914 gratis
3041 2844 3166 2898 date
3191 2846 3254 2899 ¹⁰.
3290 2844 3395 2911 Qui
3421 2845 3566 2900 enim
3599 2860 3694 2903 ac-

2111 2940 2331 3000 ceptum
2364 2932 2566 2987 donum
2611 2933 2664 2988 in
2699 2943 2845 2988 terra
2872 2935 3180 3001 abscondit,
3224 2935 3349 2991 duri
3381 2951 3445 2990 ac
3486 2935 3694 2991 austeri
3775 2945 3782 2954 '

2117 3023 2327 3076 crimen
2365 3024 2589 3079 domino
2619 3025 2868 3096 impingit
2896 3027 2974 3091 “;
3006 3028 3101 3096 qui
3141 3027 3401 3083 nimirum
3437 3035 3499 3081 ut
3541 3027 3694 3083 carni

2110 3122 2298 3180 parcat
2326 3130 2389 3169 ac
2418 3115 2717 3186 indulgeat,
2749 3117 3012 3172 virtutum
3042 3118 3193 3173 cultu
3232 3118 3512 3174 laboribus
3540 3116 3693 3189 fungi

2036 3188 2077 3243 C
2112 3201 2376 3273 defugiat.
2430 3204 2533 3273 Qui
2586 3215 2770 3262 autem
2828 3207 3083 3264 hostibus
3133 3208 3422 3264 veritatem
3471 3188 3693 3273 vendit,

438 3285 626 3350 postea
672 3278 1048 3349 deprehensus
1077 3288 1240 3347 atque
1284 3279 1592 3345 convictus,
1625 3279 1778 3333 velut
1827 3280 2006 3335 inanis
2043 3304 2052 3356 ε

2100 3293 2229 3348 ιιι-ιω
2254 3296 2507 3365 cupidus,
2580 3296 2847 3367 probrum
2883 3313 2992 3353 non
3053 3297 3259 3363 ferens,
3294 3297 3400 3353 sibi
3425 3297 3541 3368 ipse
3572 3296 3694 3353 {au-

440 3385 533 3425 ces
563 3367 839 3439 praefocat.
952 3411 957 3415 .

511 3461 577 3513 λ’.
603 3460 742 3522 Τοὺς
769 3459 846 3511 ἔτι
864 3458 1173 3522 δειλιῶντας
1200 3458 1293 3513 τὸν
1316 3460 1452 3529 πρὸς
1477 3459 1544 3513 τά
1574 3459 1725 3530 πάθη
1752 3458 2009 3530 πόλεμον,

440 3552 536 3607 καὶ
564 3549 930 3621 φοϐουμένους
961 3548 1059 3620 τὴν
1090 3549 1199 3603 τῶν
1248 3550 1496 3619 ἀοράτων
1537 3549 1749 3621 ἐχθρῶν
1796 3550 2014 3620 ἐπιδρο-

444 3644 573 3715 μὴν,
602 3642 813 3712 σιωπᾷν
848 3640 930 3693 δεῖ
960 3657 975 3672 ·
1010 3639 1274 3703 τουτέστι,
1306 3640 1396 3692 τὸν
1430 3639 1573 3711 ὑπὲρ
1595 3640 1798 3711 ἀρετῆς
1829 3640 1987 3711 ἀντιῤ

2182 3466 2271 3520 50.
2316 3467 2417 3534 Qui
2464 3470 2645 3526 adhuc
2693 3471 2999 3529 timidiores
3047 3481 3196 3539 sunt,
3246 3490 3411 3543 quam
3455 3484 3517 3531 ut
3563 3476 3694 3534 belli

2115 3558 2311 3611 molem
2344 3559 2607 3616 adversus
2626 3562 3072 3630 perturbationes
3095 3563 3338 3633 vitiaquc
3364 3566 3691 3633 sustineant,

2113 3641 2581 3715 invisibiliumque
2622 3647 2862 3701 hostium
2903 3648 3317 3718 impressionem
3361 3652 3694 3717 formidant,

445 3733 664 3807 ρητικὸν
705 3733 780 3803 μὴ
835 3730 1305 3804 μεταχειρίζεσθαι
1356 3730 1559 3802 τρόπον
1590 3747 1604 3760 ο
1656 3729 1791 3783 ἀλλά
1836 3745 2015 3800 παρα-

2113 3746 2293 3800 operae
2309 3735 2541 3804 pretium
2567 3736 2637 3790 sit
2661 3744 2722 3790 ut
2747 3737 2974 3802 sileant,
3008 3740 3222 3794 tuendae
3247 3741 3460 3797 scilicet
3478 3744 3698 3802 virtutis

443 3826 640 3897 χωρεῖν
670 3822 747 3894 τῷ
770 3821 887 3893 Θεῷ
918 3821 986 3876 δι’
1040 3822 1227 3891 εὐχῆς,
1285 3820 1381 3891 τὴν
1425 3820 1562 3892 ὑπὲρ
1604 3818 1814 3873 ἑαυτῶν
1862 3818 2018 3890 μέρι-

2114 3832 2320 3893 partes,
2370 3826 2701 3881 adversariis
2752 3828 3154 3898 respondendo,
3202 3846 3312 3885 non
3357 3822 3691 3903 suscipiant;

448 3934 585 3989 μναν
617 3933 632 3948 ο
669 3915 802 3986 πρὸς
831 3913 924 3979 οὓς
955 3915 1015 3967 ὲν
1079 3912 1275 3983 Ἐξόδῳ
1299 3910 1516 3979 λέγεται
1546 3927 1560 3941 ·
1597 3911 1810 3978 Κύριος
1840 3917 2018 3966 πολε-

2115 3912 2209 3966 sed
2240 3912 2296 3965 in
2326 3930 2517 3982 preces
2548 3915 2731 3982 effusi,
2764 3917 2851 3972 sui
2884 3932 3072 3972 curam
3106 3918 3216 3974 Deo
3250 3920 3605 3990 permittant;
3628 3939 3698 3978 ex

440 4009 620 4080 έιήσει
649 4010 781 4078 περὶ
830 4008 1019 4079 ὑμῶν,
1066 4006 1164 4061 καὶ
1202 4005 1372 4076 ὑμεῖς
1403 4004 1753 4075 σιγήσεσθε.
1798 4006 1936 4070 Τοὺς
1960 4006 2017 4060 δὲ

2117 4018 2349 4073 quorum
2385 4005 2610 4060 nomine
2660 4006 2715 4061 in
2764 4005 2956 4062 Exodo
3000 4008 3203 4063 dicitur
3246 4028 3259 4063 :
3309 4009 3565 4067 Dominus
3597 4031 3697 4084 pu-

446 4104 547 4173 ῆδη
580 4101 721 4174 μετά
759 4101 857 4172 τὴν
889 4099 1168 4169 ἀναίρεσιν
1207 4097 1317 4151 τῶν
1352 4096 1676 4163 διωκόντων,
1729 4098 1854 4160 τοὺς
1909 4097 2018 4152 τῶν

2116 4095 2297 4167 gnabit
2326 4112 2421 4167 pro
2454 4098 2614 4162 vobis,
2648 4106 2698 4151 et
2721 4114 2808 4152 vos
2829 4098 3061 4153 tacebitis
3087 4100 3147 4153 ".
3183 4100 3286 4167 Qui
3321 4111 3528 4166 autem,
3562 4105 3698 4181 sub-

446 4193 655 4262 άρετῶν
693 4189 1083 4262 ἐπιζητοῦντας
1115 4188 1353 4258 τρόπους
1398 4186 1532 4258 πρὸς
1569 4184 1885 4256 εὐγνώμονα
1913 4187 2019 4257 μά-

2118 4184 2246 4240 Iatis
2297 4187 2410 4258 jam
2452 4188 2925 4257 persecutoribus,
2954 4189 3220 4269 virtutum
3251 4191 3542 4263 inquirunt
3576 4209 3698 4267 mo-

447 4287 625 4357 θησιν,
658 4284 774 4338 δέον
798 4284 940 4354 ἔχειν
969 4282 1129 4354 μόνον
1152 4279 1493 4352 ἠνεῳγμένον
1528 4280 1625 4349 τῆς
1673 4278 1909 4341 διανοίας
1960 4277 2021 4331 τὸ

2119 4272 2240 4338 dos,
2292 4284 2509 4346 apertas
2551 4276 2816 4333 duntaxat
2860 4278 3099 4333 habeant
3145 4295 3372 4337 necesse
3412 4290 3500 4337 est
3529 4284 3699 4339 animi

447 4376 539 4440 οὖς
568 4393 582 4407 ο
628 4374 765 4446 πρὸς
794 4373 888 4438 οὓς
914 4389 1099 4443 φησιν,
1131 4371 1348 4425 ’Ἄκουε
1389 4367 1646 4437 Ἰσραήλ.
1678 4367 1769 4438 Τῷ
1800 4369 1857 4420 δὲ
1889 4368 2020 4437 σφό-

2120 4381 2303 4429 aures,
2352 4375 2413 4421 ut
2459 4358 3060 4441 candoreaddiscant;
3115 4372 3181 4427 ad
3226 4389 3366 4445 quos
3387 4377 3464 4431 ait
3493 4394 3507 4430 :
3536 4377 3700 4445 Audi,

448 4468 551 4538 δρα
579 4466 666 4521 διὰ
694 4468 792 4537 τὴν
821 4465 1108 4535 κάθαρσιν,
1139 4464 1237 4533 τῆς
1271 4461 1420 4524 θείας
1448 4459 1722 4531 ἐφιεμένῳ
1743 4458 2017 4527 γνώσεως,

2121 4454 2293 4509 Israel
2327 4456 2389 4510 ¹³.
2425 4456 2561 4511 Eum
2607 4459 2845 4529 denique
2875 4462 2971 4531 qui
3004 4465 3316 4535 purgatiore
3350 4468 3556 4535 animo,
3585 4470 3700 4525 acri

449 4562 705 4632 ἁρμόδιος
736 4562 768 4631 ἡ
801 4557 1033 4629 εὐλαϐὴς
1076 4556 1359 4629 παρρησία
1388 4572 1403 4587 ο
1441 4554 1577 4624 πρὸς
1618 4552 1678 4607 ὃν
1719 4554 2018 4625 εἰρήσεται,

2123 4547 2321 4603 divinae
2348 4549 2591 4605 scientiae
2613 4550 2888 4608 desiderio
2924 4562 3141 4621 aestuat,
3168 4555 3256 4627 pia
3290 4557 3451 4616 decet
3479 4560 3700 4632 religio-

456 4654 516 4706 Τί
533 4652 691 4720 ,βοᾷς
718 4652 868 4718 πρός
900 4666 1012 4718 με;
1046 4646 1257 4702 Οὐκοῦν
1285 4648 1392 4718 ὅτῳ
1420 4646 1518 4716 μὲν
1546 4645 1724 4715 σιωπὴ
1748 4645 1834 4700 διὰ
1855 4645 2018 4714 φόϐον

2123 4655 2290 4710 saque
2340 4643 2613 4697 sermonis
2664 4642 3014 4713 ﬁducia;-ad
3065 4663 3227 4717 quem
3277 4648 3707 4718 dicetur:Quid

451 4743 877 4815 προστέτακται,
909 4740 1219 4811 πρόσφορος
1260 4738 1420 4808 μόνον
1449 4740 1481 4808 ἡ
1514 4736 1651 4807 πρὸς
1683 4736 1817 4789 Θεδν
1848 4753 2019 4791 κατα-
2049 4721 2052 4775 ἶ

2121 4733 2323 4788 clamas
2372 4734 2443 4788 ad
2485 4752 2568 4789 me
2598 4735 2683 4790 “‘2
2715 4736 2818 4792 Cui
2850 4754 2981 4810 ergo
3011 4755 3125 4810 pra:
3156 4742 3352 4798 timore
3381 4742 3585 4798 silentii
3616 4743 3697 4798 lex

450 4837 597 4905 φυγή
628 4836 771 4905 ’ὅτῳ
798 4833 856 4887 δὲ
905 4831 1127 4886 ἀκούειν
1171 4830 1629 4900 παρακελεύεται,
1679 4829 1935 4900 ἁρμόδιος
1988 4831 2023 4900 ἡ

2119 4824 2300 4894 posita
2328 4833 2431 4890 est,
2466 4825 2520 4880 id
2559 4842 2727 4881 unum
2762 4831 3035 4900 congruit,
3072 4840 3133 4886 ut
3177 4831 3245 4886 ad
3288 4832 3459 4887 Deum
3503 4831 3702 4886 confu-

451 4926 586 4997 πρὸς
623 4925 872 4994 ὑπακοὴν
903 4923 1012 4977 τῶν
1051 4921 1211 4976 θείων
1242 4921 1469 4975 ἐντολῶν
1502 4921 1789 4992 ἑτοιμότης
1818 4936 1833 4951 ·
1867 4920 1947 4992 τῷ
1969 4920 2026 4975 δὲ

2122 4916 2234 4986 giat
2256 4935 2271 4970 :
2297 4917 2348 4972 ei
2383 4927 2567 4972 autem
2606 4919 2701 4987 qui
2729 4921 2920 4976 audire
2962 4922 3212 4992 jubctur,
3245 4937 3426 4992 operae
3459 4922 3704 4992 pretium

452 5013 762 5084 γνωστικῷ,
796 5013 857 5067 τὸ
902 5014 969 5066 δι’
1026 5009 1237 5065 ἱκεσίαν
1294 5011 1598 5074 ἀπαύστως
1649 5012 1779 5083 βοᾷν
1842 5012 2027 5082 ἐπιτή-

2123 5015 2185 5060 ut
2215 5007 2418 5062 divinis
2462 5009 2733 5064 mandatis
2773 5021 3061 5082 promptus
3104 5012 3386 5067 obaudiat.
3429 5013 3701 5067 Caeterum

450 5106 613 5170 δειον,
650 5105 791 5176 ὑπὲρ
827 5121 889 5157 τε
914 5105 1013 5175 τῆς
1053 5103 1164 5157 τῶν
1214 5101 1399 5156 κακῶν
1434 5102 1771 5173 ἀποτροπῆς,
1811 5102 1906 5156 καὶ
1933 5103 2029 5156 εὐ-

2124 5096 2289 5151 docto
2320 5112 2384 5151 ac
2412 5098 2650 5166 spiritali
2686 5108 2873 5169 aptum
2909 5100 2961 5154 id
2993 5117 3056 5156 ac
3091 5101 3372 5165 idoneum,
3402 5112 3463 5155 ut
3490 5103 3703 5171 suppli-

452 5199 739 5270 χαριστίας
765 5198 868 5268 τῆς
890 5196 1001 5251 τῶν
1025 5195 1248 5266 ἀγαθῶν
1285 5196 1595 5267 μετουσίας.

2121 5187 2294 5242 cando
2311 5188 2651 5245 incessanter
2667 5190 2883 5258 clamet,
2908 5201 3019 5247 tum
3046 5194 3183 5248 mala
3206 5193 3489 5248 avertendi
3510 5207 3701 5261 causa,

958 5292 963 5297 -
2121 5284 2235 5331 tum
2262 5287 2324 5332 ut
2350 5277 2418 5332 de
2448 5280 2721 5350 perceptis
2746 5281 2905 5338 bonis
2931 5283 3133 5354 gratias
3159 5292 3302 5355 agat.
3618 5328 3623 5337 .

422 5366 429 5373 ’
521 5368 623 5421 λα’.
664 5366 932 5421 Οὐδέποτε
978 5365 1125 5436 ψυχὴ
1169 5361 1396 5417 δύναται
1430 5362 1568 5435 πρὸς
1617 5360 1820 5430 γνῶσιν
1860 5362 2017 5416 ἑκτα-

2130 5375 2142 5387 ’
2189 5366 2461 5439 46851.
2486 5370 2774 5441 Nunquam
2809 5373 2900 5429 ﬁat
2929 5383 2989 5428 ut
3008 5376 3188 5429 anima
3213 5376 3279 5431 ad
3309 5376 3403 5430 Dei
3437 5391 3495 5432 sc
3524 5376 3706 5433 scien-

453 5457 617 5528 θῆναι
641 5458 801 5525 Θεοῦ,
833 5460 882 5512 sl
918 5456 995 5528 μὴ
1027 5456 1191 5520 αὐτὸς
1219 5458 1248 5511 ὁ
1270 5455 1404 5520 Θεὸς
1440 5452 1849 5525 συγκατασάσει
1885 5471 2025 5526 χρη-

2123 5458 2254 5513 tiam
2299 5459 2580 5524 extendat,
2612 5461 2746 5531 quin
2780 5463 2944 5527 Deus,
2974 5480 3080 5534 qua
3113 5480 3172 5520 se
3207 5464 3284 5519 illi
3332 5464 3575 5521 demittit
3616 5465 3706 5521 in-

456 5549 693 5619 σάμενος
729 5548 934 5619 ἆιηται
975 5548 1168 5618 αὐτῆς,
1212 5544 1312 5601 καὶ
1349 5545 1604 5617 ἀναγάγῃ
1634 5543 1773 5616 πρὸς
1810 5543 2052 5635 ἑαυτόν.-

2121 5547 2438 5612 clinatione,
2470 5548 2708 5621 benigne
2747 5554 3145 5623 apprchensam
3174 5555 3241 5610 ad
3275 5572 3334 5612 se
3360 5556 3701 5627 subvexerit.

526 5663 548 5695 ’
565 5662 739 5718 Galat.
763 5678 824 5728 ιι,
846 5664 900 5717 4.
978 5662 1019 5694 ⁸⁸
1042 5660 1235 5717 Matth.
1257 5677 1311 5730 x,
1335 5660 1388 5717 8.
1464 5661 1506 5694 ¹¹
1545 5658 1757 5715 Matth.
1777 5674 1902 5725 xxv,
1941 5658 2030 5715 24.

2110 5660 2151 5692 ’³
2193 5661 2363 5716 Exod.
2414 5678 2524 5732 xw,
2565 5664 2651 5720 M.
2744 5665 2967 5724 "Deut.
3020 5684 3094 5737 vt,
3140 5671 3195 5724 4.
3297 5672 3340 5703 ¹⁶
3387 5670 3561 5726 Exod.
3591 5686 3700 5736 ιιν,

460 5731 547 5787 15.
