  <div class='ocr_page' id='page_1' title='image "/cluster/home/n/w/nwhite01/storage/ocr_20150623/90/mdp.39015022223161/555.png"; bbox 0 0 4140 6322; ppageno 0'>
   <div class='ocr_carea' id='block_1_1' title="bbox 586 364 773 433">
    <p class='ocr_par' dir='ltr' id='par_1_1' title="bbox 586 364 773 433">
     <span class='ocr_line' id='line_1_1' title="bbox 586 364 773 433; baseline -0.005 -1"><span class='ocrx_word' id='word_1_1' title='bbox 586 364 593 371; x_wconf 78' lang='grc'><em>’</em></span> <span class='ocrx_word' id='word_1_2' title='bbox 637 364 773 433; x_wconf 72' lang='grc' dir='ltr'><strong>Ῑυῦθ</strong></span> 
     </span>
    </p>
   </div>
   <div class='ocr_carea' id='block_1_2' title="bbox 573 635 592 701">
    <p class='ocr_par' dir='ltr' id='par_1_2' title="bbox 573 635 592 701">
     <span class='ocr_line' id='line_1_2' title="bbox 573 635 592 701; baseline 0 0"><span class='ocrx_word' id='word_1_3' title='bbox 573 635 592 701; x_wconf 66' lang='grc' dir='ltr'><strong>ί</strong></span> 
     </span>
    </p>
   </div>
   <div class='ocr_carea' id='block_1_3' title="bbox 1795 354 2744 419">
    <p class='ocr_par' dir='ltr' id='par_1_3' title="bbox 1795 354 2744 419">
     <span class='ocr_line' id='line_1_3' title="bbox 1795 354 2744 419; baseline 0.002 -4"><span class='ocrx_word' id='word_1_4' title='bbox 1795 354 1856 415; x_wconf 90' lang='lat' dir='ltr'><strong>S.</strong></span> <span class='ocrx_word' id='word_1_5' title='bbox 1903 355 2190 417; x_wconf 80' lang='lat' dir='ltr'><strong>MAXIMI</strong></span> <span class='ocrx_word' id='word_1_6' title='bbox 2229 355 2744 419; x_wconf 76' lang='lat' dir='ltr'><strong>CONFESSOBIS</strong></span> 
     </span>
    </p>
   </div>
   <div class='ocr_carea' id='block_1_4' title="bbox 3752 354 3893 423">
    <p class='ocr_par' dir='ltr' id='par_1_4' title="bbox 3752 354 3893 423">
     <span class='ocr_line' id='line_1_4' title="bbox 3752 354 3893 423; baseline 0.043 -5"><span class='ocrx_word' id='word_1_7' title='bbox 3752 354 3893 423; x_wconf 68' lang='grc' dir='ltr'><strong>Ῑίθὶ)</strong></span> 
     </span>
    </p>
   </div>
   <div class='ocr_carea' id='block_1_5' title="bbox 636 452 2219 556">
    <p class='ocr_par' dir='ltr' id='par_1_5' title="bbox 636 473 2219 556">
     <span class='ocr_line' id='line_1_5' title="bbox 636 473 2219 556; baseline -0.009 -14"><span class='ocrx_word' id='word_1_8' title='bbox 636 500 757 541; x_wconf 86' lang='lat' dir='ltr'><strong>rum</strong></span> <span class='ocrx_word' id='word_1_9' title='bbox 787 483 933 556; x_wconf 83' lang='lat' dir='ltr'><strong>quod</strong></span> <span class='ocrx_word' id='word_1_10' title='bbox 978 484 1190 551; x_wconf 85' lang='lat' dir='ltr'><strong>spectat</strong></span> <span class='ocrx_word' id='word_1_11' title='bbox 1228 474 1297 530; x_wconf 88' lang='lat' dir='ltr'><strong>ad</strong></span> <span class='ocrx_word' id='word_1_12' title='bbox 1341 473 1606 529; x_wconf 89' lang='lat' dir='ltr'><strong>virtutem</strong></span> <span class='ocrx_word' id='word_1_13' title='bbox 1635 478 1801 543; x_wconf 85' lang='lat' dir='ltr'><strong>atque</strong></span> <span class='ocrx_word' id='word_1_14' title='bbox 1826 483 2104 539; x_wconf 85' lang='lat' dir='ltr'><strong>naturam,</strong></span> <span class='ocrx_word' id='word_1_15' title='bbox 2131 489 2219 528; x_wconf 80' lang='lat' dir='ltr'><strong>ra-</strong></span> 
     </span>
    </p>
   </div>
   <div class='ocr_carea' id='block_1_6' title="bbox 2318 452 3895 556">
    <p class='ocr_par' dir='ltr' id='par_1_6' title="bbox 2319 464 3895 549">
     <span class='ocr_line' id='line_1_6' title="bbox 2319 464 3895 549; baseline 0.002 -21"><span class='ocrx_word' id='word_1_16' title='bbox 2319 475 2415 529; x_wconf 73' lang='grc' dir='ltr'>καὶ</span> <span class='ocrx_word' id='word_1_17' title='bbox 2445 476 2609 544; x_wconf 83' lang='grc' dir='ltr'>φύσιν</span> <span class='ocrx_word' id='word_1_18' title='bbox 2642 476 2752 529; x_wconf 88' lang='grc' dir='ltr'><strong>τῶν</strong></span> <span class='ocrx_word' id='word_1_19' title='bbox 2797 476 2968 530; x_wconf 79' lang='grc' dir='ltr'>ὄντων</span> <span class='ocrx_word' id='word_1_20' title='bbox 3002 475 3536 548; x_wconf 83' lang='grc' dir='ltr'>πνευματικωτέρων</span> <span class='ocrx_word' id='word_1_21' title='bbox 3569 473 3746 544; x_wconf 87' lang='grc' dir='ltr'>λόγων</span> <span class='ocrx_word' id='word_1_22' title='bbox 3779 464 3895 549; x_wconf 81' lang='grc' dir='ltr'>μετ’</span> 
     </span>
    </p>
   </div>
   <div class='ocr_carea' id='block_1_7' title="bbox 639 564 2110 635">
    <p class='ocr_par' dir='ltr' id='par_1_7' title="bbox 639 564 2110 635">
     <span class='ocr_line' id='line_1_7' title="bbox 639 564 2110 635; baseline -0.009 -2"><span class='ocrx_word' id='word_1_23' title='bbox 639 577 847 632; x_wconf 79' lang='grc' dir='ltr'>ιίοωιῐη</span> <span class='ocrx_word' id='word_1_24' title='bbox 873 587 1061 629; x_wconf 89' lang='lat' dir='ltr'><strong>rerum</strong></span> <span class='ocrx_word' id='word_1_25' title='bbox 1088 583 1213 626; x_wconf 90' lang='lat' dir='ltr'><strong>cum</strong></span> <span class='ocrx_word' id='word_1_26' title='bbox 1250 566 1481 622; x_wconf 88' lang='lat' dir='ltr'><strong>scientia</strong></span> <span class='ocrx_word' id='word_1_27' title='bbox 1505 565 1757 621; x_wconf 77' lang='lat' dir='ltr'><strong>collectio</strong></span> <span class='ocrx_word' id='word_1_28' title='bbox 1790 579 1855 619; x_wconf 89' lang='lat' dir='ltr'><strong>ac</strong></span> <span class='ocrx_word' id='word_1_29' title='bbox 1883 564 2110 635; x_wconf 78' lang='lat' dir='ltr'><strong>agnitio.</strong></span> 
     </span>
    </p>
   </div>
   <div class='ocr_carea' id='block_1_8' title="bbox 706 656 2220 727">
    <p class='ocr_par' dir='ltr' id='par_1_8' title="bbox 706 656 2220 727">
     <span class='ocr_line' id='line_1_8' title="bbox 706 656 2220 727; baseline -0.007 -7"><span class='ocrx_word' id='word_1_30' title='bbox 706 667 795 722; x_wconf 69' lang='grc'><strong>45.</strong></span> <span class='ocrx_word' id='word_1_31' title='bbox 828 663 1020 720; x_wconf 82' lang='lat' dir='ltr'><strong>Messis</strong></span> <span class='ocrx_word' id='word_1_32' title='bbox 1046 659 1243 716; x_wconf 84' lang='lat' dir='ltr'><strong>messis</strong></span> <span class='ocrx_word' id='word_1_33' title='bbox 1265 669 1369 724; x_wconf 80' lang='lat' dir='ltr'><strong>est,</strong></span> <span class='ocrx_word' id='word_1_34' title='bbox 1395 657 1610 713; x_wconf 90' lang='lat' dir='ltr'><strong>cunctis</strong></span> <span class='ocrx_word' id='word_1_35' title='bbox 1645 657 1926 712; x_wconf 89' lang='lat' dir='ltr'><strong>inaccessa</strong></span> <span class='ocrx_word' id='word_1_36' title='bbox 1957 664 2083 727; x_wconf 92' lang='lat' dir='ltr'><strong>post</strong></span> <span class='ocrx_word' id='word_1_37' title='bbox 2110 656 2220 727; x_wconf 90' lang='lat' dir='ltr'><strong>spi-</strong></span> 
     </span>
    </p>
   </div>
   <div class='ocr_carea' id='block_1_9' title="bbox 637 749 2219 825">
    <p class='ocr_par' dir='ltr' id='par_1_9' title="bbox 637 749 2219 825">
     <span class='ocr_line' id='line_1_9' title="bbox 637 749 2219 825; baseline -0.007 -10"><span class='ocrx_word' id='word_1_38' title='bbox 637 759 876 815; x_wconf 88' lang='lat' dir='ltr'><strong>ritalium</strong></span> <span class='ocrx_word' id='word_1_39' title='bbox 909 770 1094 811; x_wconf 90' lang='lat' dir='ltr'><strong>rerum</strong></span> <span class='ocrx_word' id='word_1_40' title='bbox 1123 752 1410 825; x_wconf 83' lang='lat' dir='ltr'><strong>mysticam</strong></span> <span class='ocrx_word' id='word_1_41' title='bbox 1451 751 1994 821; x_wconf 79' lang='lat' dir='ltr'><strong>contemplationem,</strong></span> <span class='ocrx_word' id='word_1_42' title='bbox 2033 749 2219 820; x_wconf 73' lang='lat' dir='ltr'><strong>ignore</strong></span> 
     </span>
    </p>
   </div>
   <div class='ocr_carea' id='block_1_10' title="bbox 569 838 2217 909">
    <p class='ocr_par' dir='ltr' id='par_1_10' title="bbox 569 838 2217 909">
     <span class='ocr_line' id='line_1_10' title="bbox 569 838 2217 909; baseline -0.007 -5"><span class='ocrx_word' id='word_1_43' title='bbox 569 856 583 869; x_wconf 63' lang='grc' dir='ltr'><strong>ί</strong></span> <span class='ocrx_word' id='word_1_44' title='bbox 634 849 781 904; x_wconf 89' lang='lat' dir='ltr'><strong>circa</strong></span> <span class='ocrx_word' id='word_1_45' title='bbox 829 853 1072 901; x_wconf 83' lang='lat' dir='ltr'><strong>mentem</strong></span> <span class='ocrx_word' id='word_1_46' title='bbox 1101 843 1412 899; x_wconf 84' lang='lat' dir='ltr'><strong>consistens</strong></span> <span class='ocrx_word' id='word_1_47' title='bbox 1443 841 1541 896; x_wconf 89' lang='lat' dir='ltr'><strong>Dei</strong></span> <span class='ocrx_word' id='word_1_48' title='bbox 1588 838 1959 895; x_wconf 85' lang='lat' dir='ltr'><strong>consideratio</strong></span> <span class='ocrx_word' id='word_1_49' title='bbox 1999 856 2012 893; x_wconf 92' lang='lat'><strong>:</strong></span> <span class='ocrx_word' id='word_1_50' title='bbox 2052 854 2217 909; x_wconf 89' lang='lat' dir='ltr'><strong>quam</strong></span> 
     </span>
    </p>
   </div>
   <div class='ocr_carea' id='block_1_11' title="bbox 632 929 2221 1001">
    <p class='ocr_par' dir='ltr' id='par_1_11' title="bbox 632 929 2221 1001">
     <span class='ocr_line' id='line_1_11' title="bbox 632 929 2221 1001; baseline -0.006 -9"><span class='ocrx_word' id='word_1_51' title='bbox 632 935 1028 992; x_wconf 81' lang='lat' dir='ltr'><strong>convenienter</strong></span> <span class='ocrx_word' id='word_1_52' title='bbox 1057 935 1169 988; x_wconf 92' lang='lat' dir='ltr'><strong>Deo</strong></span> <span class='ocrx_word' id='word_1_53' title='bbox 1202 932 1385 997; x_wconf 77' lang='lat' dir='ltr'><strong>oﬂ‘ert,</strong></span> <span class='ocrx_word' id='word_1_54' title='bbox 1410 930 1508 1001; x_wconf 90' lang='lat' dir='ltr'><strong>qui</strong></span> <span class='ocrx_word' id='word_1_55' title='bbox 1538 946 1607 986; x_wconf 76' lang='lat' dir='ltr'><strong>ex</strong></span> <span class='ocrx_word' id='word_1_56' title='bbox 1645 931 1816 987; x_wconf 82' lang='lat' dir='ltr'><strong>rebus</strong></span> <span class='ocrx_word' id='word_1_57' title='bbox 1856 930 2059 987; x_wconf 84' lang='lat' dir='ltr'><strong>creatis</strong></span> <span class='ocrx_word' id='word_1_58' title='bbox 2089 929 2221 985; x_wconf 81' lang='lat' dir='ltr'><strong>visi-</strong></span> 
     </span>
    </p>
   </div>
   <div class='ocr_carea' id='block_1_12' title="bbox 578 1022 2144 1094">
    <p class='ocr_par' dir='ltr' id='par_1_12' title="bbox 578 1022 2144 1094">
     <span class='ocr_line' id='line_1_12' title="bbox 578 1022 2144 1094; baseline -0.005 -11"><span class='ocrx_word' id='word_1_59' title='bbox 578 1050 579 1053; x_wconf 48' lang='grc' dir='ltr'><strong>η</strong></span> <span class='ocrx_word' id='word_1_60' title='bbox 638 1028 846 1083; x_wconf 89' lang='lat' dir='ltr'><strong>bilibus</strong></span> <span class='ocrx_word' id='word_1_61' title='bbox 874 1034 932 1082; x_wconf 88' lang='lat' dir='ltr'><strong>et</strong></span> <span class='ocrx_word' id='word_1_62' title='bbox 959 1024 1333 1080; x_wconf 83' lang='lat' dir='ltr'><strong>invisibilibus</strong></span> <span class='ocrx_word' id='word_1_63' title='bbox 1356 1023 1520 1094; x_wconf 80' lang='lat' dir='ltr'><strong>digne</strong></span> <span class='ocrx_word' id='word_1_64' title='bbox 1545 1022 1866 1078; x_wconf 83' lang='lat' dir='ltr'><strong>Creatorem</strong></span> <span class='ocrx_word' id='word_1_65' title='bbox 1892 1023 2144 1085; x_wconf 85' lang='lat' dir='ltr'><strong>honorat.</strong></span> 
     </span>
    </p>
   </div>
   <div class='ocr_carea' id='block_1_13' title="bbox 703 1114 2217 1184">
    <p class='ocr_par' dir='ltr' id='par_1_13' title="bbox 703 1114 2217 1184">
     <span class='ocr_line' id='line_1_13' title="bbox 703 1114 2217 1184; baseline -0.004 -10"><span class='ocrx_word' id='word_1_66' title='bbox 703 1120 792 1173; x_wconf 75' lang='grc'><strong>44.</strong></span> <span class='ocrx_word' id='word_1_67' title='bbox 828 1117 926 1173; x_wconf 88' lang='lat' dir='ltr'><strong>Est</strong></span> <span class='ocrx_word' id='word_1_68' title='bbox 955 1125 1010 1172; x_wconf 87' lang='lat' dir='ltr'><strong>et</strong></span> <span class='ocrx_word' id='word_1_69' title='bbox 1035 1115 1142 1170; x_wconf 89' lang='lat' dir='ltr'><strong>alia</strong></span> <span class='ocrx_word' id='word_1_70' title='bbox 1173 1116 1369 1169; x_wconf 85' lang='lat' dir='ltr'><strong>messis</strong></span> <span class='ocrx_word' id='word_1_71' title='bbox 1411 1114 1742 1183; x_wconf 69' lang='lat' dir='ltr'><strong>Spiritalior,</strong></span> <span class='ocrx_word' id='word_1_72' title='bbox 1773 1130 1897 1184; x_wconf 84' lang='lat' dir='ltr'><strong>quae</strong></span> <span class='ocrx_word' id='word_1_73' title='bbox 1922 1114 2097 1184; x_wconf 86' lang='lat' dir='ltr'><strong>ipsius</strong></span> <span class='ocrx_word' id='word_1_74' title='bbox 2122 1114 2217 1169; x_wconf 89' lang='lat' dir='ltr'><strong>Dei</strong></span> 
     </span>
    </p>
   </div>
   <div class='ocr_carea' id='block_1_14' title="bbox 635 1205 2218 1277">
    <p class='ocr_par' dir='ltr' id='par_1_14' title="bbox 635 1205 2218 1277">
     <span class='ocr_line' id='line_1_14' title="bbox 635 1205 2218 1277; baseline -0.002 -14"><span class='ocrx_word' id='word_1_75' title='bbox 635 1210 831 1266; x_wconf 86' lang='lat' dir='ltr'><strong>messis</strong></span> <span class='ocrx_word' id='word_1_76' title='bbox 862 1208 1101 1274; x_wconf 86' lang='lat' dir='ltr'><strong>dicitur;</strong></span> <span class='ocrx_word' id='word_1_77' title='bbox 1131 1206 1348 1277; x_wconf 87' lang='lat' dir='ltr'><strong>aliaque</strong></span> <span class='ocrx_word' id='word_1_78' title='bbox 1379 1205 1555 1277; x_wconf 82' lang='lat' dir='ltr'><strong>magis</strong></span> <span class='ocrx_word' id='word_1_79' title='bbox 1588 1205 1816 1277; x_wconf 87' lang='lat' dir='ltr'><strong>mystica</strong></span> <span class='ocrx_word' id='word_1_80' title='bbox 1844 1206 2218 1274; x_wconf 88' lang='lat' dir='ltr'><strong>sacratiorque</strong></span> 
     </span>
    </p>
   </div>
   <div class='ocr_carea' id='block_1_15' title="bbox 636 1296 2218 1370">
    <p class='ocr_par' dir='ltr' id='par_1_15' title="bbox 636 1296 2218 1370">
     <span class='ocr_line' id='line_1_15' title="bbox 636 1296 2218 1370; baseline -0.004 -14"><span class='ocrx_word' id='word_1_81' title='bbox 636 1299 1003 1365; x_wconf 80' lang='lat' dir='ltr'><strong>circumcisio,</strong></span> <span class='ocrx_word' id='word_1_82' title='bbox 1035 1306 1202 1370; x_wconf 79' lang='lat' dir='ltr'><strong>atque</strong></span> <span class='ocrx_word' id='word_1_83' title='bbox 1247 1298 1396 1354; x_wconf 81' lang='lat' dir='ltr'><strong>aliud</strong></span> <span class='ocrx_word' id='word_1_84' title='bbox 1432 1297 1744 1352; x_wconf 78' lang='lat' dir='ltr'><strong>abstrusius</strong></span> <span class='ocrx_word' id='word_1_85' title='bbox 1791 1296 2124 1362; x_wconf 87' lang='lat' dir='ltr'><strong>Sabbatum;</strong></span> <span class='ocrx_word' id='word_1_86' title='bbox 2162 1296 2218 1349; x_wconf 90' lang='lat' dir='ltr'><strong>in</strong></span> 
     </span>
    </p>
   </div>
   <div class='ocr_carea' id='block_1_16' title="bbox 633 1388 2216 1464">
    <p class='ocr_par' dir='ltr' id='par_1_16' title="bbox 633 1388 2216 1464">
     <span class='ocr_line' id='line_1_16' title="bbox 633 1388 2216 1464; baseline -0.003 -16"><span class='ocrx_word' id='word_1_87' title='bbox 633 1409 745 1464; x_wconf 90' lang='lat' dir='ltr'><strong>quo</strong></span> <span class='ocrx_word' id='word_1_88' title='bbox 782 1394 927 1448; x_wconf 80' lang='lat' dir='ltr'><strong>Deus</strong></span> <span class='ocrx_word' id='word_1_89' title='bbox 952 1393 1022 1447; x_wconf 89' lang='lat' dir='ltr'><strong>ab</strong></span> <span class='ocrx_word' id='word_1_90' title='bbox 1059 1391 1318 1461; x_wconf 88' lang='lat' dir='ltr'><strong>operibus</strong></span> <span class='ocrx_word' id='word_1_91' title='bbox 1361 1390 1475 1443; x_wconf 87' lang='lat' dir='ltr'><strong>suis</strong></span> <span class='ocrx_word' id='word_1_92' title='bbox 1517 1389 1865 1444; x_wconf 89' lang='lat' dir='ltr'><strong>sabbatizans</strong></span> <span class='ocrx_word' id='word_1_93' title='bbox 1898 1388 2216 1458; x_wconf 86' lang='lat' dir='ltr'><strong>requiescit,</strong></span> 
     </span>
    </p>
   </div>
   <div class='ocr_carea' id='block_1_17' title="bbox 628 1481 2218 1557">
    <p class='ocr_par' dir='ltr' id='par_1_17' title="bbox 628 1481 2218 1557">
     <span class='ocr_line' id='line_1_17' title="bbox 628 1481 2218 1557; baseline -0.004 -17"><span class='ocrx_word' id='word_1_94' title='bbox 628 1488 783 1557; x_wconf 80' lang='lat' dir='ltr'><strong>juxta</strong></span> <span class='ocrx_word' id='word_1_95' title='bbox 827 1483 965 1539; x_wconf 89' lang='lat' dir='ltr'><strong>illud</strong></span> <span class='ocrx_word' id='word_1_96' title='bbox 998 1483 1225 1537; x_wconf 80' lang='lat' dir='ltr'><strong>:Messis</strong></span> <span class='ocrx_word' id='word_1_97' title='bbox 1252 1482 1463 1553; x_wconf 82' lang='lat' dir='ltr'><strong>quidem</strong></span> <span class='ocrx_word' id='word_1_98' title='bbox 1502 1481 1705 1546; x_wconf 73' lang='lat' dir='ltr'><strong>multa;</strong></span> <span class='ocrx_word' id='word_1_99' title='bbox 1748 1481 1980 1551; x_wconf 81' lang='lat' dir='ltr'><strong>operarii</strong></span> <span class='ocrx_word' id='word_1_100' title='bbox 2038 1487 2218 1534; x_wconf 83' lang='lat' dir='ltr'><strong>autem</strong></span> 
     </span>
    </p>
   </div>
   <div class='ocr_carea' id='block_1_18' title="bbox 635 1571 2213 1649">
    <p class='ocr_par' dir='ltr' id='par_1_18' title="bbox 635 1571 2213 1649">
     <span class='ocr_line' id='line_1_18' title="bbox 635 1571 2213 1649; baseline -0.005 -17"><span class='ocrx_word' id='word_1_101' title='bbox 635 1579 790 1649; x_wconf 83' lang='lat' dir='ltr'><strong>pauci</strong></span> <span class='ocrx_word' id='word_1_102' title='bbox 834 1576 904 1629; x_wconf 78' lang='lat'><strong>“.</strong></span> <span class='ocrx_word' id='word_1_103' title='bbox 937 1576 1041 1629; x_wconf 88' lang='lat' dir='ltr'><strong>Et:</strong></span> <span class='ocrx_word' id='word_1_104' title='bbox 1071 1573 1407 1630; x_wconf 85' lang='lat' dir='ltr'><strong>Circumcisio</strong></span> <span class='ocrx_word' id='word_1_105' title='bbox 1450 1572 1622 1626; x_wconf 85' lang='lat' dir='ltr'><strong>cordis</strong></span> <span class='ocrx_word' id='word_1_106' title='bbox 1672 1575 1727 1627; x_wconf 81' lang='lat' dir='ltr'><strong>in</strong></span> <span class='ocrx_word' id='word_1_107' title='bbox 1760 1574 1952 1643; x_wconf 74' lang='lat' dir='ltr'><strong>spiritu</strong></span> <span class='ocrx_word' id='word_1_108' title='bbox 2002 1572 2069 1625; x_wconf 79' lang='grc'><strong>’⁸.</strong></span> <span class='ocrx_word' id='word_1_109' title='bbox 2104 1571 2173 1626; x_wconf 82' lang='lat' dir='ltr'><strong>Et</strong></span> <span class='ocrx_word' id='word_1_110' title='bbox 2201 1589 2213 1624; x_wconf 88' lang='lat'><strong>:</strong></span> 
     </span>
    </p>
   </div>
   <div class='ocr_carea' id='block_1_19' title="bbox 633 1663 2216 1735">
    <p class='ocr_par' dir='ltr' id='par_1_19' title="bbox 633 1663 2216 1735">
     <span class='ocr_line' id='line_1_19' title="bbox 633 1663 2216 1735; baseline -0.003 -12"><span class='ocrx_word' id='word_1_111' title='bbox 633 1669 909 1723; x_wconf 77' lang='lat' dir='ltr'><strong>Benedixit</strong></span> <span class='ocrx_word' id='word_1_112' title='bbox 937 1668 1073 1721; x_wconf 84' lang='lat' dir='ltr'><strong>Deus</strong></span> <span class='ocrx_word' id='word_1_113' title='bbox 1095 1667 1232 1720; x_wconf 84' lang='lat' dir='ltr'><strong>diem</strong></span> <span class='ocrx_word' id='word_1_114' title='bbox 1253 1666 1555 1735; x_wconf 80' lang='lat' dir='ltr'><strong>septimum,</strong></span> <span class='ocrx_word' id='word_1_115' title='bbox 1577 1672 1627 1718; x_wconf 75' lang='lat' dir='ltr'><strong>et</strong></span> <span class='ocrx_word' id='word_1_116' title='bbox 1647 1664 2000 1733; x_wconf 79' lang='lat' dir='ltr'><strong>sanctiﬁcavit</strong></span> <span class='ocrx_word' id='word_1_117' title='bbox 2025 1663 2216 1729; x_wconf 78' lang='lat' dir='ltr'><strong>illum;</strong></span> 
     </span>
    </p>
   </div>
   <div class='ocr_carea' id='block_1_20' title="bbox 2320 566 3346 638">
    <p class='ocr_par' dir='ltr' id='par_1_20' title="bbox 2320 566 3346 638">
     <span class='ocr_line' id='line_1_20' title="bbox 2320 566 3346 638; baseline 0 -18"><span class='ocrx_word' id='word_1_118' title='bbox 2320 568 2630 637; x_wconf 71' lang='grc' dir='ltr'><strong>ἐπιστήμης</strong></span> <span class='ocrx_word' id='word_1_119' title='bbox 2657 566 2889 638; x_wconf 81' lang='grc' dir='ltr'><strong>συλλογὴ</strong></span> <span class='ocrx_word' id='word_1_120' title='bbox 2912 568 3006 621; x_wconf 77' lang='grc' dir='ltr'><strong>καὶ</strong></span> <span class='ocrx_word' id='word_1_121' title='bbox 3031 566 3346 636; x_wconf 74' lang='grc' dir='ltr'><strong>ἐπίγνωσις.</strong></span> 
     </span>
    </p>
   </div>
   <div class='ocr_carea' id='block_1_21' title="bbox 2394 657 3896 732">
    <p class='ocr_par' dir='ltr' id='par_1_21' title="bbox 2394 657 3896 732">
     <span class='ocr_line' id='line_1_21' title="bbox 2394 657 3896 732; baseline 0.001 -19"><span class='ocrx_word' id='word_1_122' title='bbox 2394 666 2505 729; x_wconf 83' lang='grc' dir='ltr'>μγ’.</span> <span class='ocrx_word' id='word_1_123' title='bbox 2532 659 2735 731; x_wconf 86' lang='grc' dir='ltr'>Θέρους</span> <span class='ocrx_word' id='word_1_124' title='bbox 2762 660 2920 731; x_wconf 81' lang='grc' dir='ltr'><strong>θέρος</strong></span> <span class='ocrx_word' id='word_1_125' title='bbox 2949 660 3118 723; x_wconf 75' lang='grc' dir='ltr'>ἐστὶν,</span> <span class='ocrx_word' id='word_1_126' title='bbox 3150 659 3183 729; x_wconf 82' lang='grc' dir='ltr'>ἡ</span> <span class='ocrx_word' id='word_1_127' title='bbox 3226 660 3391 711; x_wconf 80' lang='grc' dir='ltr'>πᾶσιν</span> <span class='ocrx_word' id='word_1_128' title='bbox 3421 658 3623 724; x_wconf 79' lang='grc' dir='ltr'>ἄϐατος</span> <span class='ocrx_word' id='word_1_129' title='bbox 3658 657 3717 732; x_wconf 87' lang='lat' dir='ltr'><strong>(i)</strong></span> <span class='ocrx_word' id='word_1_130' title='bbox 3755 660 3896 732; x_wconf 78' lang='grc' dir='ltr'>μετὰ</span> 
     </span>
    </p>
   </div>
   <div class='ocr_carea' id='block_1_22' title="bbox 2318 748 3894 821">
    <p class='ocr_par' dir='ltr' id='par_1_22' title="bbox 2318 748 3894 821">
     <span class='ocr_line' id='line_1_22' title="bbox 2318 748 3894 821; baseline 0.001 -19"><span class='ocrx_word' id='word_1_131' title='bbox 2318 748 2419 818; x_wconf 84' lang='grc' dir='ltr'><strong>τὴν</strong></span> <span class='ocrx_word' id='word_1_132' title='bbox 2444 749 2553 803; x_wconf 90' lang='grc' dir='ltr'><strong>τῶν</strong></span> <span class='ocrx_word' id='word_1_133' title='bbox 2591 750 2798 820; x_wconf 81' lang='grc' dir='ltr'><strong>νοητῶν</strong></span> <span class='ocrx_word' id='word_1_134' title='bbox 2830 750 3101 821; x_wconf 85' lang='grc' dir='ltr'>μυστικὴν</span> <span class='ocrx_word' id='word_1_135' title='bbox 3124 748 3358 819; x_wconf 79' lang='grc' dir='ltr'><strong>θεωρίαν</strong></span> <span class='ocrx_word' id='word_1_136' title='bbox 3391 750 3523 818; x_wconf 77' lang='grc' dir='ltr'>περὶ</span> <span class='ocrx_word' id='word_1_137' title='bbox 3560 749 3687 803; x_wconf 94' lang='grc' dir='ltr'>νοῦν</span> <span class='ocrx_word' id='word_1_138' title='bbox 3712 749 3894 819; x_wconf 79' lang='grc' dir='ltr'>ἀγνώ-</span> 
     </span>
    </p>
   </div>
   <div class='ocr_carea' id='block_1_23' title="bbox 2320 836 3893 911">
    <p class='ocr_par' dir='ltr' id='par_1_23' title="bbox 2320 836 3893 911">
     <span class='ocr_line' id='line_1_23' title="bbox 2320 836 3893 911; baseline 0 -18"><span class='ocrx_word' id='word_1_139' title='bbox 2320 856 2463 902; x_wconf 90' lang='grc' dir='ltr'>στως</span> <span class='ocrx_word' id='word_1_140' title='bbox 2502 839 2873 911; x_wconf 75' lang='grc' dir='ltr'><strong>συνισταμένη</strong></span> <span class='ocrx_word' id='word_1_141' title='bbox 2910 837 3003 892; x_wconf 84' lang='grc' dir='ltr'><strong>τοῦ</strong></span> <span class='ocrx_word' id='word_1_142' title='bbox 3034 836 3171 891; x_wconf 88' lang='grc' dir='ltr'>Θεοῦ</span> <span class='ocrx_word' id='word_1_143' title='bbox 3197 838 3529 908; x_wconf 76' lang='grc' dir='ltr'><strong>κατανόησις</strong></span> <span class='ocrx_word' id='word_1_144' title='bbox 3559 856 3573 870; x_wconf 78' lang='grc' dir='ltr'><strong>ο</strong></span> <span class='ocrx_word' id='word_1_145' title='bbox 3611 839 3678 910; x_wconf 79' lang='grc' dir='ltr'>ἢν</span> <span class='ocrx_word' id='word_1_146' title='bbox 3722 857 3893 910; x_wconf 84' lang='grc' dir='ltr'>προσ-</span> 
     </span>
    </p>
   </div>
   <div class='ocr_carea' id='block_1_24' title="bbox 2321 927 3896 1001">
    <p class='ocr_par' dir='ltr' id='par_1_24' title="bbox 2321 927 3896 1001">
     <span class='ocr_line' id='line_1_24' title="bbox 2321 927 3896 1001; baseline 0.001 -19"><span class='ocrx_word' id='word_1_147' title='bbox 2321 930 2480 1001; x_wconf 80' lang='grc' dir='ltr'>φέρει</span> <span class='ocrx_word' id='word_1_148' title='bbox 2511 931 2740 994; x_wconf 82' lang='grc' dir='ltr'>δεόντως</span> <span class='ocrx_word' id='word_1_149' title='bbox 2765 932 2795 984; x_wconf 82' lang='grc' dir='ltr'>ὁ</span> <span class='ocrx_word' id='word_1_150' title='bbox 2832 932 2897 983; x_wconf 82' lang='grc' dir='ltr'>ὲκ</span> <span class='ocrx_word' id='word_1_151' title='bbox 2927 929 3033 983; x_wconf 88' lang='grc' dir='ltr'><strong>τῶν</strong></span> <span class='ocrx_word' id='word_1_152' title='bbox 3076 927 3286 998; x_wconf 82' lang='grc' dir='ltr'>ὁρατῶν</span> <span class='ocrx_word' id='word_1_153' title='bbox 3325 930 3418 983; x_wconf 80' lang='grc' dir='ltr'>καὶ</span> <span class='ocrx_word' id='word_1_154' title='bbox 3470 930 3719 1001; x_wconf 84' lang='grc' dir='ltr'>ἀοράτων</span> <span class='ocrx_word' id='word_1_155' title='bbox 3774 940 3896 984; x_wconf 79' lang='grc' dir='ltr'>κτι-</span> 
     </span>
    </p>
   </div>
   <div class='ocr_carea' id='block_1_25' title="bbox 2320 1021 3509 1097">
    <p class='ocr_par' dir='ltr' id='par_1_25' title="bbox 2320 1021 3509 1097">
     <span class='ocr_line' id='line_1_25' title="bbox 2320 1021 3509 1097; baseline -0.003 -21"><span class='ocrx_word' id='word_1_156' title='bbox 2320 1023 2542 1093; x_wconf 82' lang='grc' dir='ltr'>σμάτων</span> <span class='ocrx_word' id='word_1_157' title='bbox 2577 1023 2741 1087; x_wconf 80' lang='grc' dir='ltr'>ἀξίως</span> <span class='ocrx_word' id='word_1_158' title='bbox 2782 1022 3059 1095; x_wconf 78' lang='grc' dir='ltr'>γεραίρων</span> <span class='ocrx_word' id='word_1_159' title='bbox 3085 1021 3178 1074; x_wconf 80' lang='grc' dir='ltr'><strong>τὸν</strong></span> <span class='ocrx_word' id='word_1_160' title='bbox 3208 1021 3509 1097; x_wconf 84' lang='grc' dir='ltr'>Κτίσαντα.</span> 
     </span>
    </p>
   </div>
   <div class='ocr_carea' id='block_1_26' title="bbox 2392 1112 3899 1186">
    <p class='ocr_par' dir='ltr' id='par_1_26' title="bbox 2392 1112 3899 1186">
     <span class='ocr_line' id='line_1_26' title="bbox 2392 1112 3899 1186; baseline -0.001 -16"><span class='ocrx_word' id='word_1_161' title='bbox 2392 1115 2494 1185; x_wconf 88' lang='grc' dir='ltr'>μδ’.</span> <span class='ocrx_word' id='word_1_162' title='bbox 2528 1116 2685 1169; x_wconf 83' lang='grc' dir='ltr'>Ἐστι</span> <span class='ocrx_word' id='word_1_163' title='bbox 2716 1117 2811 1169; x_wconf 79' lang='grc' dir='ltr'>καὶ</span> <span class='ocrx_word' id='word_1_164' title='bbox 2844 1115 2972 1169; x_wconf 69' lang='lat' dir='ltr'><strong>ano</strong></span> <span class='ocrx_word' id='word_1_165' title='bbox 3013 1112 3532 1184; x_wconf 83' lang='grc' dir='ltr'>πνευματικώτερον</span> <span class='ocrx_word' id='word_1_166' title='bbox 3587 1113 3764 1186; x_wconf 81' lang='grc' dir='ltr'><strong>θέρος,</strong></span> <span class='ocrx_word' id='word_1_167' title='bbox 3796 1116 3899 1168; x_wconf 74' lang='grc' dir='ltr'><strong>αὖ·</strong></span> 
     </span>
    </p>
   </div>
   <div class='ocr_carea' id='block_1_27' title="bbox 2318 1203 3896 1277">
    <p class='ocr_par' dir='ltr' id='par_1_27' title="bbox 2318 1203 3896 1277">
     <span class='ocr_line' id='line_1_27' title="bbox 2318 1203 3896 1277; baseline 0.001 -16"><span class='ocrx_word' id='word_1_168' title='bbox 2318 1207 2411 1261; x_wconf 85' lang='grc' dir='ltr'><strong>τοῦ</strong></span> <span class='ocrx_word' id='word_1_169' title='bbox 2460 1208 2752 1276; x_wconf 84' lang='grc' dir='ltr'>λεγόμενον</span> <span class='ocrx_word' id='word_1_170' title='bbox 2793 1203 2936 1261; x_wconf 87' lang='grc' dir='ltr'>εἷναι</span> <span class='ocrx_word' id='word_1_171' title='bbox 2965 1207 3062 1260; x_wconf 88' lang='grc' dir='ltr'><strong>τοῦ</strong></span> <span class='ocrx_word' id='word_1_172' title='bbox 3095 1205 3233 1260; x_wconf 83' lang='grc' dir='ltr'>Θεοῦ</span> <span class='ocrx_word' id='word_1_173' title='bbox 3262 1223 3276 1238; x_wconf 78' lang='grc' dir='ltr'><strong><em>ο</em></strong></span> <span class='ocrx_word' id='word_1_174' title='bbox 3313 1207 3407 1260; x_wconf 73' lang='grc' dir='ltr'><strong>καὶ</strong></span> <span class='ocrx_word' id='word_1_175' title='bbox 3438 1207 3570 1276; x_wconf 81' lang='grc' dir='ltr'>ἄλλη</span> <span class='ocrx_word' id='word_1_176' title='bbox 3616 1226 3896 1277; x_wconf 85' lang='grc' dir='ltr'>μυστικω-</span> 
     </span>
    </p>
   </div>
   <div class='ocr_carea' id='block_1_28' title="bbox 2316 1298 3887 1374">
    <p class='ocr_par' dir='ltr' id='par_1_28' title="bbox 2316 1298 3887 1374">
     <span class='ocr_line' id='line_1_28' title="bbox 2316 1298 3887 1374; baseline 0.001 -23"><span class='ocrx_word' id='word_1_177' title='bbox 2316 1301 2451 1371; x_wconf 87' lang='grc' dir='ltr'>τέρα</span> <span class='ocrx_word' id='word_1_178' title='bbox 2482 1302 2752 1369; x_wconf 71' lang='grc' dir='ltr'>περιτομή</span> <span class='ocrx_word' id='word_1_179' title='bbox 2781 1317 2795 1330; x_wconf 91' lang='grc'><strong>·</strong></span> <span class='ocrx_word' id='word_1_180' title='bbox 2828 1301 2920 1353; x_wconf 68' lang='grc' dir='ltr'><strong>καὶ</strong></span> <span class='ocrx_word' id='word_1_181' title='bbox 2948 1300 3077 1354; x_wconf 77' lang='grc' dir='ltr'>ἄλλο</span> <span class='ocrx_word' id='word_1_182' title='bbox 3099 1298 3379 1369; x_wconf 82' lang='grc' dir='ltr'>κρυφιώτε</span> <span class='ocrx_word' id='word_1_183' title='bbox 3391 1316 3483 1374; x_wconf 73' lang='grc' dir='ltr'><strong>ρον</strong></span> <span class='ocrx_word' id='word_1_184' title='bbox 3502 1300 3800 1368; x_wconf 80' lang='grc' dir='ltr'>Σάϐϐατον,</span> <span class='ocrx_word' id='word_1_185' title='bbox 3828 1305 3887 1354; x_wconf 81' lang='grc' dir='ltr'>ἐν</span> 
     </span>
    </p>
   </div>
   <div class='ocr_carea' id='block_1_29' title="bbox 2315 1385 3896 1463">
    <p class='ocr_par' dir='ltr' id='par_1_29' title="bbox 2315 1385 3896 1463">
     <span class='ocr_line' id='line_1_29' title="bbox 2315 1385 3896 1463; baseline 0 -18"><span class='ocrx_word' id='word_1_186' title='bbox 2315 1385 2361 1460; x_wconf 82' lang='grc' dir='ltr'><strong>ᾧ</strong></span> <span class='ocrx_word' id='word_1_187' title='bbox 2390 1392 2498 1445; x_wconf 81' lang='grc' dir='ltr'>ἀπὸ</span> <span class='ocrx_word' id='word_1_188' title='bbox 2546 1393 2655 1445; x_wconf 87' lang='grc' dir='ltr'><strong>τῶν</strong></span> <span class='ocrx_word' id='word_1_189' title='bbox 2687 1392 2832 1445; x_wconf 79' lang='grc' dir='ltr'>ἰδίων</span> <span class='ocrx_word' id='word_1_190' title='bbox 2881 1391 3058 1463; x_wconf 80' lang='grc' dir='ltr'>ἔργων</span> <span class='ocrx_word' id='word_1_191' title='bbox 3122 1389 3467 1454; x_wconf 74' lang='grc' dir='ltr'>σαϐϐατίζων</span> <span class='ocrx_word' id='word_1_192' title='bbox 3496 1393 3525 1444; x_wconf 86' lang='grc' dir='ltr'>ὁ</span> <span class='ocrx_word' id='word_1_193' title='bbox 3573 1392 3708 1454; x_wconf 82' lang='grc' dir='ltr'><strong>Θεὸς</strong></span> <span class='ocrx_word' id='word_1_194' title='bbox 3763 1394 3896 1445; x_wconf 86' lang='grc' dir='ltr'>ἀνα-</span> 
     </span>
    </p>
   </div>
   <div class='ocr_carea' id='block_1_30' title="bbox 2318 1482 3889 1552">
    <p class='ocr_par' dir='ltr' id='par_1_30' title="bbox 2318 1482 3889 1552">
     <span class='ocr_line' id='line_1_30' title="bbox 2318 1482 3889 1552; baseline -0.001 -13"><span class='ocrx_word' id='word_1_195' title='bbox 2318 1486 2516 1548; x_wconf 78' lang='grc' dir='ltr'>παύει,</span> <span class='ocrx_word' id='word_1_196' title='bbox 2556 1484 2699 1538; x_wconf 80' lang='grc' dir='ltr'>κατὰ</span> <span class='ocrx_word' id='word_1_197' title='bbox 2729 1486 2811 1549; x_wconf 82' lang='grc' dir='ltr'>τὸ,</span> <span class='ocrx_word' id='word_1_198' title='bbox 2858 1484 2920 1537; x_wconf 83' lang='lat'><strong>&#39;0</strong></span> <span class='ocrx_word' id='word_1_199' title='bbox 2957 1483 3077 1552; x_wconf 80' lang='grc' dir='ltr'><strong>μὲν</strong></span> <span class='ocrx_word' id='word_1_200' title='bbox 3114 1482 3432 1551; x_wconf 78' lang='grc' dir='ltr'>θερισμὸς,</span> <span class='ocrx_word' id='word_1_201' title='bbox 3463 1484 3659 1548; x_wconf 74' lang='grc' dir='ltr'>πολύς</span> <span class='ocrx_word' id='word_1_202' title='bbox 3683 1501 3698 1515; x_wconf 88' lang='grc'><strong>·</strong></span> <span class='ocrx_word' id='word_1_203' title='bbox 3733 1487 3788 1537; x_wconf 86' lang='grc' dir='ltr'><strong>οί</strong></span> <span class='ocrx_word' id='word_1_204' title='bbox 3818 1483 3889 1538; x_wconf 78' lang='grc' dir='ltr'>δὲ</span> 
     </span>
    </p>
   </div>
   <div class='ocr_carea' id='block_1_31' title="bbox 2316 1574 3893 1648">
    <p class='ocr_par' dir='ltr' id='par_1_31' title="bbox 2316 1574 3893 1648">
     <span class='ocr_line' id='line_1_31' title="bbox 2316 1574 3893 1648; baseline -0.004 -15"><span class='ocrx_word' id='word_1_205' title='bbox 2316 1578 2572 1648; x_wconf 75' lang='grc' dir='ltr'><strong>ἐργάται,</strong></span> <span class='ocrx_word' id='word_1_206' title='bbox 2607 1580 2818 1647; x_wconf 72' lang='grc' dir='ltr'>ὀλίγοι.</span> <span class='ocrx_word' id='word_1_207' title='bbox 2852 1577 2962 1630; x_wconf 76' lang='grc' dir='ltr'><strong>Καὶ</strong></span> <span class='ocrx_word' id='word_1_208' title='bbox 2982 1615 2998 1640; x_wconf 95' lang='grc'><strong>,</strong></span> <span class='ocrx_word' id='word_1_209' title='bbox 3022 1574 3314 1645; x_wconf 83' lang='grc' dir='ltr'>Περιτομὴ</span> <span class='ocrx_word' id='word_1_210' title='bbox 3347 1575 3597 1643; x_wconf 78' lang='grc' dir='ltr'>καρδίας</span> <span class='ocrx_word' id='word_1_211' title='bbox 3618 1574 3690 1627; x_wconf 79' lang='grc' dir='ltr'><strong>ἐν</strong></span> <span class='ocrx_word' id='word_1_212' title='bbox 3709 1576 3893 1628; x_wconf 79' lang='grc' dir='ltr'>πνεύ-</span> 
     </span>
    </p>
   </div>
   <div class='ocr_carea' id='block_1_32' title="bbox 2311 1662 3894 1738">
    <p class='ocr_par' dir='ltr' id='par_1_32' title="bbox 2311 1662 3894 1738">
     <span class='ocr_line' id='line_1_32' title="bbox 2311 1662 3894 1738; baseline -0.002 -16"><span class='ocrx_word' id='word_1_213' title='bbox 2311 1686 2473 1738; x_wconf 76' lang='grc' dir='ltr'>ματι.</span> <span class='ocrx_word' id='word_1_214' title='bbox 2511 1669 2642 1728; x_wconf 72' lang='grc' dir='ltr'>Καὶ.</span> <span class='ocrx_word' id='word_1_215' title='bbox 2673 1667 3049 1736; x_wconf 76' lang='grc' dir='ltr'>-Εὺλόγησεν</span> <span class='ocrx_word' id='word_1_216' title='bbox 3080 1670 3114 1720; x_wconf 79' lang='grc' dir='ltr'><em>ὁ</em></span> <span class='ocrx_word' id='word_1_217' title='bbox 3145 1665 3288 1730; x_wconf 84' lang='grc' dir='ltr'>Θεὸς</span> <span class='ocrx_word' id='word_1_218' title='bbox 3349 1663 3465 1732; x_wconf 79' lang='grc' dir='ltr'><strong>τὴν</strong></span> <span class='ocrx_word' id='word_1_219' title='bbox 3519 1662 3752 1734; x_wconf 74' lang='grc' dir='ltr'>ἡμέραν</span> <span class='ocrx_word' id='word_1_220' title='bbox 3783 1664 3894 1733; x_wconf 81' lang='grc' dir='ltr'><strong>τὴν</strong></span> 
     </span>
    </p>
   </div>
   <div class='ocr_carea' id='block_1_33' title="bbox 632 1756 2219 1832">
    <p class='ocr_par' dir='ltr' id='par_1_33' title="bbox 632 1756 2217 1832">
     <span class='ocr_line' id='line_1_33' title="bbox 632 1756 2217 1832; baseline -0.003 -18"><span class='ocrx_word' id='word_1_221' title='bbox 632 1763 758 1832; x_wconf 82' lang='lat' dir='ltr'><strong>quia</strong></span> <span class='ocrx_word' id='word_1_222' title='bbox 789 1762 844 1814; x_wconf 86' lang='lat' dir='ltr'><strong>in</strong></span> <span class='ocrx_word' id='word_1_223' title='bbox 874 1758 967 1814; x_wconf 87' lang='lat' dir='ltr'><strong>illo</strong></span> <span class='ocrx_word' id='word_1_224' title='bbox 998 1766 1291 1812; x_wconf 74' lang='lat' dir='ltr'><strong>cessaverat</strong></span> <span class='ocrx_word' id='word_1_225' title='bbox 1322 1757 1387 1810; x_wconf 87' lang='lat' dir='ltr'><strong>ab</strong></span> <span class='ocrx_word' id='word_1_226' title='bbox 1421 1756 1657 1810; x_wconf 81' lang='lat' dir='ltr'><strong>omnibus</strong></span> <span class='ocrx_word' id='word_1_227' title='bbox 1691 1756 1932 1827; x_wconf 78' lang='lat' dir='ltr'><strong>operibus</strong></span> <span class='ocrx_word' id='word_1_228' title='bbox 1963 1756 2071 1809; x_wconf 83' lang='lat' dir='ltr'><strong>suis</strong></span> <span class='ocrx_word' id='word_1_229' title='bbox 2100 1770 2217 1826; x_wconf 75' lang='lat' dir='ltr'><strong>qua:</strong></span> 
     </span>
    </p>
   </div>
   <div class='ocr_carea' id='block_1_34' title="bbox 2318 1756 3890 1832">
    <p class='ocr_par' dir='ltr' id='par_1_34' title="bbox 2318 1756 3890 1827">
     <span class='ocr_line' id='line_1_34' title="bbox 2318 1756 3890 1827; baseline -0.003 -14"><span class='ocrx_word' id='word_1_230' title='bbox 2318 1759 2592 1827; x_wconf 76' lang='grc' dir='ltr'>ἑϐδόμην,</span> <span class='ocrx_word' id='word_1_231' title='bbox 2626 1757 2724 1812; x_wconf 79' lang='grc' dir='ltr'>καὶ</span> <span class='ocrx_word' id='word_1_232' title='bbox 2759 1759 3018 1827; x_wconf 75' lang='grc' dir='ltr'>ἡγίασεν</span> <span class='ocrx_word' id='word_1_233' title='bbox 3073 1756 3270 1824; x_wconf 77' lang='grc' dir='ltr'>αὐτήν</span> <span class='ocrx_word' id='word_1_234' title='bbox 3294 1773 3309 1786; x_wconf 89' lang='grc'><strong>·</strong></span> <span class='ocrx_word' id='word_1_235' title='bbox 3340 1756 3430 1809; x_wconf 82' lang='grc' dir='ltr'>ὅτι</span> <span class='ocrx_word' id='word_1_236' title='bbox 3461 1757 3535 1809; x_wconf 77' lang='grc' dir='ltr'><strong>ἐν</strong></span> <span class='ocrx_word' id='word_1_237' title='bbox 3563 1756 3719 1823; x_wconf 81' lang='grc' dir='ltr'>αὐτῇ</span> <span class='ocrx_word' id='word_1_238' title='bbox 3751 1773 3890 1810; x_wconf 76' lang='grc' dir='ltr'>κατ-</span> 
     </span>
    </p>
   </div>
   <div class='ocr_carea' id='block_1_35' title="bbox 633 1848 1333 1921">
    <p class='ocr_par' dir='ltr' id='par_1_35' title="bbox 633 1848 1333 1921">
     <span class='ocr_line' id='line_1_35' title="bbox 633 1848 1333 1921; baseline -0.004 -16"><span class='ocrx_word' id='word_1_239' title='bbox 633 1852 770 1905; x_wconf 82' lang='lat' dir='ltr'><strong>Deus</strong></span> <span class='ocrx_word' id='word_1_240' title='bbox 799 1852 972 1921; x_wconf 79' lang='lat' dir='ltr'><strong>facere</strong></span> <span class='ocrx_word' id='word_1_241' title='bbox 1005 1855 1232 1919; x_wconf 64' lang='lat' dir='ltr'><strong>ceperat</strong></span> <span class='ocrx_word' id='word_1_242' title='bbox 1264 1848 1333 1902; x_wconf 82' lang='lat'><strong>&quot;.</strong></span> 
     </span>
    </p>
   </div>
   <div class='ocr_carea' id='block_1_36' title="bbox 701 2031 2216 2104">
    <p class='ocr_par' dir='ltr' id='par_1_36' title="bbox 701 2031 2216 2104">
     <span class='ocr_line' id='line_1_36' title="bbox 701 2031 2216 2104; baseline -0.005 -10"><span class='ocrx_word' id='word_1_243' title='bbox 701 2038 791 2094; x_wconf 70' lang='lat'><strong>45.</strong></span> <span class='ocrx_word' id='word_1_244' title='bbox 824 2037 922 2093; x_wconf 89' lang='lat' dir='ltr'><strong>Dei</strong></span> <span class='ocrx_word' id='word_1_245' title='bbox 953 2036 1151 2092; x_wconf 87' lang='lat' dir='ltr'><strong>messis</strong></span> <span class='ocrx_word' id='word_1_246' title='bbox 1178 2042 1281 2100; x_wconf 83' lang='lat' dir='ltr'><strong>est,</strong></span> <span class='ocrx_word' id='word_1_247' title='bbox 1324 2049 1446 2104; x_wconf 82' lang='lat' dir='ltr'><strong>quae</strong></span> <span class='ocrx_word' id='word_1_248' title='bbox 1488 2034 1544 2088; x_wconf 91' lang='lat' dir='ltr'><strong>in</strong></span> <span class='ocrx_word' id='word_1_249' title='bbox 1581 2033 1726 2104; x_wconf 89' lang='lat' dir='ltr'><strong>ipso,</strong></span> <span class='ocrx_word' id='word_1_250' title='bbox 1760 2033 1819 2087; x_wconf 89' lang='lat' dir='ltr'><strong>in</strong></span> <span class='ocrx_word' id='word_1_251' title='bbox 1852 2032 1960 2087; x_wconf 77' lang='lat' dir='ltr'><strong>[inc</strong></span> <span class='ocrx_word' id='word_1_252' title='bbox 1990 2031 2216 2087; x_wconf 68' lang='lat' dir='ltr'><strong>sacculo-</strong></span> 
     </span>
    </p>
   </div>
   <div class='ocr_carea' id='block_1_37' title="bbox 633 2110 2217 2201">
    <p class='ocr_par' dir='ltr' id='par_1_37' title="bbox 633 2110 2217 2201">
     <span class='ocr_line' id='line_1_37' title="bbox 633 2110 2217 2201; baseline -0.004 -17"><span class='ocrx_word' id='word_1_253' title='bbox 633 2133 795 2192; x_wconf 74' lang='lat' dir='ltr'><strong>rum:</strong></span> <span class='ocrx_word' id='word_1_254' title='bbox 808 2130 1099 2201; x_wconf 80' lang='lat' dir='ltr'><strong>dignorum</strong></span> <span class='ocrx_word' id='word_1_255' title='bbox 1128 2142 1358 2199; x_wconf 86' lang='lat' dir='ltr'><strong>prorsus</strong></span> <span class='ocrx_word' id='word_1_256' title='bbox 1388 2126 1575 2181; x_wconf 79' lang='lat' dir='ltr'><strong>futura</strong></span> <span class='ocrx_word' id='word_1_257' title='bbox 1607 2124 1761 2178; x_wconf 82' lang='lat' dir='ltr'><strong>ﬁrma</strong></span> <span class='ocrx_word' id='word_1_258' title='bbox 1805 2110 2019 2178; x_wconf 72' lang='lat' dir='ltr'><strong>mansio</strong></span> <span class='ocrx_word' id='word_1_259' title='bbox 2041 2137 2105 2177; x_wconf 90' lang='lat' dir='ltr'><strong>ac</strong></span> <span class='ocrx_word' id='word_1_260' title='bbox 2127 2136 2217 2177; x_wconf 83' lang='lat' dir='ltr'><strong>se-</strong></span> 
     </span>
    </p>
   </div>
   <div class='ocr_carea' id='block_1_38' title="bbox 633 2222 863 2275">
    <p class='ocr_par' dir='ltr' id='par_1_38' title="bbox 633 2222 863 2275">
     <span class='ocr_line' id='line_1_38' title="bbox 633 2222 863 2275; baseline -0.004 0"><span class='ocrx_word' id='word_1_261' title='bbox 633 2222 733 2275; x_wconf 88' lang='lat' dir='ltr'><strong>des</strong></span> <span class='ocrx_word' id='word_1_262' title='bbox 758 2228 863 2275; x_wconf 89' lang='lat' dir='ltr'><strong>est.</strong></span> 
     </span>
    </p>
   </div>
   <div class='ocr_carea' id='block_1_39' title="bbox 703 2305 2216 2377">
    <p class='ocr_par' dir='ltr' id='par_1_39' title="bbox 703 2305 2216 2377">
     <span class='ocr_line' id='line_1_39' title="bbox 703 2305 2216 2377; baseline -0.005 -11"><span class='ocrx_word' id='word_1_263' title='bbox 703 2311 794 2366; x_wconf 73' lang='grc'><strong>46.</strong></span> <span class='ocrx_word' id='word_1_264' title='bbox 824 2309 1186 2365; x_wconf 84' lang='lat' dir='ltr'><strong>Circumcisio</strong></span> <span class='ocrx_word' id='word_1_265' title='bbox 1212 2306 1396 2363; x_wconf 86' lang='lat' dir='ltr'><strong>cordis</strong></span> <span class='ocrx_word' id='word_1_266' title='bbox 1423 2307 1481 2362; x_wconf 90' lang='lat' dir='ltr'><strong>in</strong></span> <span class='ocrx_word' id='word_1_267' title='bbox 1512 2306 1718 2377; x_wconf 86' lang='lat' dir='ltr'><strong>spiritu</strong></span> <span class='ocrx_word' id='word_1_268' title='bbox 1740 2314 1853 2373; x_wconf 82' lang='lat' dir='ltr'><strong>est,</strong></span> <span class='ocrx_word' id='word_1_269' title='bbox 1883 2305 2216 2361; x_wconf 72' lang='lat' dir='ltr'><strong>naturalium</strong></span> 
     </span>
    </p>
   </div>
   <div class='ocr_carea' id='block_1_40' title="bbox 635 2397 2215 2469">
    <p class='ocr_par' dir='ltr' id='par_1_40' title="bbox 635 2397 2215 2469">
     <span class='ocr_line' id='line_1_40' title="bbox 635 2397 2215 2469; baseline -0.004 -13"><span class='ocrx_word' id='word_1_270' title='bbox 635 2416 831 2456; x_wconf 89' lang='lat' dir='ltr'><strong>sensus</strong></span> <span class='ocrx_word' id='word_1_271' title='bbox 879 2400 1190 2469; x_wconf 86' lang='lat' dir='ltr'><strong>mentisque</strong></span> <span class='ocrx_word' id='word_1_272' title='bbox 1231 2398 1639 2469; x_wconf 85' lang='lat' dir='ltr'><strong>operationum,</strong></span> <span class='ocrx_word' id='word_1_273' title='bbox 1686 2398 1831 2452; x_wconf 89' lang='lat' dir='ltr'><strong>circa</strong></span> <span class='ocrx_word' id='word_1_274' title='bbox 1866 2412 1931 2452; x_wconf 88' lang='lat' dir='ltr'><strong>ea</strong></span> <span class='ocrx_word' id='word_1_275' title='bbox 1973 2413 2095 2467; x_wconf 71' lang='lat' dir='ltr'><strong>qua:</strong></span> <span class='ocrx_word' id='word_1_276' title='bbox 2129 2397 2215 2451; x_wconf 88' lang='lat' dir='ltr'><strong>vel</strong></span> 
     </span>
    </p>
   </div>
   <div class='ocr_carea' id='block_1_41' title="bbox 634 2484 2214 2559">
    <p class='ocr_par' dir='ltr' id='par_1_41' title="bbox 634 2484 2214 2559">
     <span class='ocr_line' id='line_1_41' title="bbox 634 2484 2214 2559; baseline -0.007 -12"><span class='ocrx_word' id='word_1_277' title='bbox 634 2506 801 2547; x_wconf 88' lang='lat' dir='ltr'><strong>sensu</strong></span> <span class='ocrx_word' id='word_1_278' title='bbox 835 2488 1219 2559; x_wconf 84' lang='lat' dir='ltr'><strong>percipiuntur</strong></span> <span class='ocrx_word' id='word_1_279' title='bbox 1252 2487 1339 2541; x_wconf 82' lang='lat' dir='ltr'><strong>vel</strong></span> <span class='ocrx_word' id='word_1_280' title='bbox 1373 2493 1557 2543; x_wconf 88' lang='lat' dir='ltr'><strong>mente</strong></span> <span class='ocrx_word' id='word_1_281' title='bbox 1595 2484 2002 2554; x_wconf 76' lang='lat' dir='ltr'><strong>intelliguntur,</strong></span> <span class='ocrx_word' id='word_1_282' title='bbox 2034 2484 2214 2553; x_wconf 87' lang='lat' dir='ltr'><strong>plena,</strong></span> 
     </span>
    </p>
   </div>
   <div class='ocr_carea' id='block_1_42' title="bbox 632 2574 2219 2650">
    <p class='ocr_par' dir='ltr' id='par_1_42' title="bbox 632 2574 2219 2650">
     <span class='ocr_line' id='line_1_42' title="bbox 632 2574 2219 2650; baseline -0.006 -15"><span class='ocrx_word' id='word_1_283' title='bbox 632 2596 733 2650; x_wconf 89' lang='lat' dir='ltr'><strong>per</strong></span> <span class='ocrx_word' id='word_1_284' title='bbox 765 2579 1014 2649; x_wconf 85' lang='lat' dir='ltr'><strong>Spiritus</strong></span> <span class='ocrx_word' id='word_1_285' title='bbox 1030 2575 1405 2647; x_wconf 66' lang='lat' dir='ltr'><strong>prtescntiam,</strong></span> <span class='ocrx_word' id='word_1_286' title='bbox 1431 2574 1735 2645; x_wconf 88' lang='lat' dir='ltr'><strong>amputatio</strong></span> <span class='ocrx_word' id='word_1_287' title='bbox 1751 2589 1777 2639; x_wconf 89' lang='lat'><strong>;.</strong></span> <span class='ocrx_word' id='word_1_288' title='bbox 1792 2588 1901 2642; x_wconf 89' lang='lat' dir='ltr'><strong>qua</strong></span> <span class='ocrx_word' id='word_1_289' title='bbox 1939 2583 2052 2628; x_wconf 91' lang='lat' dir='ltr'><strong>tum</strong></span> <span class='ocrx_word' id='word_1_290' title='bbox 2095 2586 2219 2627; x_wconf 92' lang='lat' dir='ltr'><strong>cor-</strong></span> 
     </span>
    </p>
   </div>
   <div class='ocr_carea' id='block_1_43' title="bbox 637 2664 2220 2740">
    <p class='ocr_par' dir='ltr' id='par_1_43' title="bbox 637 2664 2220 2740">
     <span class='ocr_line' id='line_1_43' title="bbox 637 2664 2220 2740; baseline -0.004 -16"><span class='ocrx_word' id='word_1_291' title='bbox 637 2686 739 2740; x_wconf 86' lang='lat' dir='ltr'><strong>pus</strong></span> <span class='ocrx_word' id='word_1_292' title='bbox 766 2678 882 2725; x_wconf 87' lang='lat' dir='ltr'><strong>tum</strong></span> <span class='ocrx_word' id='word_1_293' title='bbox 915 2668 1152 2732; x_wconf 88' lang='lat' dir='ltr'><strong>animus,</strong></span> <span class='ocrx_word' id='word_1_294' title='bbox 1196 2667 1253 2721; x_wconf 88' lang='lat' dir='ltr'><strong>in</strong></span> <span class='ocrx_word' id='word_1_295' title='bbox 1284 2666 1341 2721; x_wconf 87' lang='lat' dir='ltr'><strong>id</strong></span> <span class='ocrx_word' id='word_1_296' title='bbox 1382 2665 1530 2736; x_wconf 87' lang='lat' dir='ltr'><strong>quod</strong></span> <span class='ocrx_word' id='word_1_297' title='bbox 1575 2664 1819 2720; x_wconf 87' lang='lat' dir='ltr'><strong>divinius</strong></span> <span class='ocrx_word' id='word_1_298' title='bbox 1845 2671 1949 2730; x_wconf 80' lang='lat' dir='ltr'><strong>est,</strong></span> <span class='ocrx_word' id='word_1_299' title='bbox 1998 2664 2220 2735; x_wconf 90' lang='lat' dir='ltr'><strong>penitus</strong></span> 
     </span>
    </p>
   </div>
   <div class='ocr_carea' id='block_1_44' title="bbox 637 2758 1118 2815">
    <p class='ocr_par' dir='ltr' id='par_1_44' title="bbox 637 2758 1118 2815">
     <span class='ocr_line' id='line_1_44' title="bbox 637 2758 1118 2815; baseline -0.004 -1"><span class='ocrx_word' id='word_1_300' title='bbox 637 2758 1118 2815; x_wconf 81' lang='lat' dir='ltr'><strong>transformentur.</strong></span> 
     </span>
    </p>
   </div>
   <div class='ocr_carea' id='block_1_45' title="bbox 703 2845 2218 2912">
    <p class='ocr_par' dir='ltr' id='par_1_45' title="bbox 703 2845 2218 2912">
     <span class='ocr_line' id='line_1_45' title="bbox 703 2845 2218 2912; baseline -0.004 -7"><span class='ocrx_word' id='word_1_301' title='bbox 703 2852 793 2905; x_wconf 71' lang='grc'><strong>47.</strong></span> <span class='ocrx_word' id='word_1_302' title='bbox 845 2850 943 2906; x_wconf 78' lang='lat' dir='ltr'><strong>Dei</strong></span> <span class='ocrx_word' id='word_1_303' title='bbox 997 2849 1369 2904; x_wconf 86' lang='lat' dir='ltr'><strong>sabbatismus</strong></span> <span class='ocrx_word' id='word_1_304' title='bbox 1414 2854 1529 2912; x_wconf 90' lang='lat' dir='ltr'><strong>est,</strong></span> <span class='ocrx_word' id='word_1_305' title='bbox 1580 2862 1765 2901; x_wconf 91' lang='lat' dir='ltr'><strong>rerum</strong></span> <span class='ocrx_word' id='word_1_306' title='bbox 1810 2854 2119 2901; x_wconf 88' lang='lat' dir='ltr'><strong>creatarum</strong></span> <span class='ocrx_word' id='word_1_307' title='bbox 2162 2845 2218 2899; x_wconf 90' lang='lat' dir='ltr'><strong>in</strong></span> 
     </span>
    </p>
   </div>
   <div class='ocr_carea' id='block_1_46' title="bbox 636 2940 2218 3015">
    <p class='ocr_par' dir='ltr' id='par_1_46' title="bbox 636 2940 2218 3015">
     <span class='ocr_line' id='line_1_46' title="bbox 636 2940 2218 3015; baseline -0.006 -15"><span class='ocrx_word' id='word_1_308' title='bbox 636 2949 814 3015; x_wconf 87' lang='lat' dir='ltr'><strong>ipsum</strong></span> <span class='ocrx_word' id='word_1_309' title='bbox 879 2945 1040 3013; x_wconf 85' lang='lat' dir='ltr'><strong>plena</strong></span> <span class='ocrx_word' id='word_1_310' title='bbox 1098 2942 1375 3007; x_wconf 85' lang='lat' dir='ltr'><strong>reductio;</strong></span> <span class='ocrx_word' id='word_1_311' title='bbox 1437 2957 1559 3011; x_wconf 70' lang='lat' dir='ltr'><strong>quae</strong></span> <span class='ocrx_word' id='word_1_312' title='bbox 1614 2940 2010 2994; x_wconf 85' lang='lat' dir='ltr'><strong>divinissimam</strong></span> <span class='ocrx_word' id='word_1_313' title='bbox 2064 2953 2218 2993; x_wconf 87' lang='lat' dir='ltr'><strong>suam</strong></span> 
     </span>
    </p>
   </div>
   <div class='ocr_carea' id='block_1_47' title="bbox 634 3031 2220 3107">
    <p class='ocr_par' dir='ltr' id='par_1_47' title="bbox 634 3031 2220 3107">
     <span class='ocr_line' id='line_1_47' title="bbox 634 3031 2220 3107; baseline -0.005 -15"><span class='ocrx_word' id='word_1_314' title='bbox 634 3036 1049 3107; x_wconf 77' lang='lat' dir='ltr'><strong>operationem,</strong></span> <span class='ocrx_word' id='word_1_315' title='bbox 1085 3050 1286 3090; x_wconf 87' lang='lat' dir='ltr'><strong>arcana</strong></span> <span class='ocrx_word' id='word_1_316' title='bbox 1348 3034 1625 3103; x_wconf 88' lang='lat' dir='ltr'><strong>nullisque</strong></span> <span class='ocrx_word' id='word_1_317' title='bbox 1679 3032 1863 3087; x_wconf 86' lang='lat' dir='ltr'><strong>verbis</strong></span> <span class='ocrx_word' id='word_1_318' title='bbox 1907 3031 2220 3101; x_wconf 82' lang='lat' dir='ltr'><strong>explicabili</strong></span> 
     </span>
    </p>
   </div>
   <div class='ocr_carea' id='block_1_48' title="bbox 636 3122 2286 3219">
    <p class='ocr_par' dir='ltr' id='par_1_48' title="bbox 636 3122 2286 3219">
     <span class='ocr_line' id='line_1_48' title="bbox 636 3122 2286 3219; baseline -0.004 -37"><span class='ocrx_word' id='word_1_319' title='bbox 636 3129 871 3192; x_wconf 84' lang='lat' dir='ltr'><strong>ratione,</strong></span> <span class='ocrx_word' id='word_1_320' title='bbox 906 3143 936 3181; x_wconf 88' lang='lat' dir='ltr'><strong>a</strong></span> <span class='ocrx_word' id='word_1_321' title='bbox 966 3126 1204 3180; x_wconf 88' lang='lat' dir='ltr'><strong>naturali</strong></span> <span class='ocrx_word' id='word_1_322' title='bbox 1239 3126 1295 3180; x_wconf 93' lang='lat' dir='ltr'><strong>in</strong></span> <span class='ocrx_word' id='word_1_323' title='bbox 1341 3127 1426 3180; x_wconf 90' lang='lat' dir='ltr'><strong>eis</strong></span> <span class='ocrx_word' id='word_1_324' title='bbox 1457 3123 1776 3196; x_wconf 86' lang='lat' dir='ltr'><strong>operatione</strong></span> <span class='ocrx_word' id='word_1_325' title='bbox 1819 3137 2033 3178; x_wconf 86' lang='lat' dir='ltr'><strong>cessare</strong></span> <span class='ocrx_word' id='word_1_326' title='bbox 2062 3122 2213 3177; x_wconf 79' lang='lat' dir='ltr'><strong>facit.</strong></span> <span class='ocrx_word' id='word_1_327' title='bbox 2243 3162 2286 3219; x_wconf 65' lang='grc' dir='ltr'>ο</span> 
     </span>
    </p>
   </div>
   <div class='ocr_carea' id='block_1_49' title="bbox 632 3212 2214 3284">
    <p class='ocr_par' dir='ltr' id='par_1_49' title="bbox 632 3212 2214 3284">
     <span class='ocr_line' id='line_1_49' title="bbox 632 3212 2214 3284; baseline -0.005 -11"><span class='ocrx_word' id='word_1_328' title='bbox 632 3218 824 3273; x_wconf 77' lang='lat' dir='ltr'><strong>Cessat</strong></span> <span class='ocrx_word' id='word_1_329' title='bbox 849 3216 995 3271; x_wconf 86' lang='lat' dir='ltr'><strong>enim</strong></span> <span class='ocrx_word' id='word_1_330' title='bbox 1026 3215 1255 3269; x_wconf 82' lang='lat' dir='ltr'><strong>forsitan</strong></span> <span class='ocrx_word' id='word_1_331' title='bbox 1282 3216 1429 3270; x_wconf 87' lang='lat' dir='ltr'><strong>Deus</strong></span> <span class='ocrx_word' id='word_1_332' title='bbox 1456 3224 1513 3270; x_wconf 88' lang='lat' dir='ltr'><strong>et</strong></span> <span class='ocrx_word' id='word_1_333' title='bbox 1540 3213 1777 3284; x_wconf 88' lang='lat' dir='ltr'><strong>quiescit</strong></span> <span class='ocrx_word' id='word_1_334' title='bbox 1816 3229 1848 3268; x_wconf 91' lang='lat' dir='ltr'><strong>a</strong></span> <span class='ocrx_word' id='word_1_335' title='bbox 1889 3212 2124 3268; x_wconf 89' lang='lat' dir='ltr'><strong>naturali</strong></span> <span class='ocrx_word' id='word_1_336' title='bbox 2159 3212 2214 3266; x_wconf 90' lang='lat' dir='ltr'><strong>in</strong></span> 
     </span>
    </p>
   </div>
   <div class='ocr_carea' id='block_1_50' title="bbox 635 3305 2215 3381">
    <p class='ocr_par' dir='ltr' id='par_1_50' title="bbox 635 3305 2215 3381">
     <span class='ocr_line' id='line_1_50' title="bbox 635 3305 2215 3381; baseline -0.004 -16"><span class='ocrx_word' id='word_1_337' title='bbox 635 3311 948 3381; x_wconf 82' lang='lat' dir='ltr'><strong>quibusque</strong></span> <span class='ocrx_word' id='word_1_338' title='bbox 982 3307 1151 3362; x_wconf 86' lang='lat' dir='ltr'><strong>rebus</strong></span> <span class='ocrx_word' id='word_1_339' title='bbox 1182 3307 1523 3376; x_wconf 85' lang='lat' dir='ltr'><strong>operatione,</strong></span> <span class='ocrx_word' id='word_1_340' title='bbox 1558 3322 1664 3376; x_wconf 85' lang='lat' dir='ltr'><strong>qua</strong></span> <span class='ocrx_word' id='word_1_341' title='bbox 1700 3322 1789 3361; x_wconf 89' lang='lat' dir='ltr'><strong>res</strong></span> <span class='ocrx_word' id='word_1_342' title='bbox 1818 3305 2062 3376; x_wconf 81' lang='lat' dir='ltr'><strong>singulas</strong></span> <span class='ocrx_word' id='word_1_343' title='bbox 2094 3320 2215 3360; x_wconf 87' lang='lat' dir='ltr'><strong>mo-</strong></span> 
     </span>
    </p>
   </div>
   <div class='ocr_carea' id='block_1_51' title="bbox 637 3397 2218 3468">
    <p class='ocr_par' dir='ltr' id='par_1_51' title="bbox 637 3397 2218 3468">
     <span class='ocr_line' id='line_1_51' title="bbox 637 3397 2218 3468; baseline -0.003 -13"><span class='ocrx_word' id='word_1_344' title='bbox 637 3403 753 3459; x_wconf 80' lang='lat' dir='ltr'><strong>veri</strong></span> <span class='ocrx_word' id='word_1_345' title='bbox 783 3410 980 3456; x_wconf 90' lang='lat' dir='ltr'><strong>natura</strong></span> <span class='ocrx_word' id='word_1_346' title='bbox 1003 3409 1378 3468; x_wconf 85' lang='lat' dir='ltr'><strong>comparatum</strong></span> <span class='ocrx_word' id='word_1_347' title='bbox 1401 3406 1519 3465; x_wconf 87' lang='lat' dir='ltr'><strong>est;</strong></span> <span class='ocrx_word' id='word_1_348' title='bbox 1545 3412 1670 3452; x_wconf 92' lang='lat' dir='ltr'><strong>cum</strong></span> <span class='ocrx_word' id='word_1_349' title='bbox 1708 3397 1970 3452; x_wconf 88' lang='lat' dir='ltr'><strong>nimirum</strong></span> <span class='ocrx_word' id='word_1_350' title='bbox 1997 3413 2096 3468; x_wconf 90' lang='lat' dir='ltr'><strong>pro</strong></span> <span class='ocrx_word' id='word_1_351' title='bbox 2118 3411 2218 3452; x_wconf 90' lang='lat' dir='ltr'><strong>sua</strong></span> 
     </span>
    </p>
   </div>
   <div class='ocr_carea' id='block_1_52' title="bbox 635 3488 2220 3566">
    <p class='ocr_par' dir='ltr' id='par_1_52' title="bbox 635 3488 2220 3566">
     <span class='ocr_line' id='line_1_52' title="bbox 635 3488 2220 3566; baseline -0.006 -15"><span class='ocrx_word' id='word_1_352' title='bbox 635 3508 866 3566; x_wconf 67' lang='lat' dir='ltr'><strong>qumque</strong></span> <span class='ocrx_word' id='word_1_353' title='bbox 902 3491 1447 3559; x_wconf 85' lang='lat' dir='ltr'><strong>rationecaptuque,</strong></span> <span class='ocrx_word' id='word_1_354' title='bbox 1487 3488 1673 3543; x_wconf 72' lang='lat' dir='ltr'><strong>divina</strong></span> <span class='ocrx_word' id='word_1_355' title='bbox 1715 3488 2059 3559; x_wconf 85' lang='lat' dir='ltr'><strong>apprehensa</strong></span> <span class='ocrx_word' id='word_1_356' title='bbox 2087 3502 2220 3558; x_wconf 91' lang='lat' dir='ltr'><strong>ope-</strong></span> 
     </span>
    </p>
   </div>
   <div class='ocr_carea' id='block_1_53' title="bbox 633 3576 2219 3647">
    <p class='ocr_par' dir='ltr' id='par_1_53' title="bbox 633 3576 2219 3647">
     <span class='ocr_line' id='line_1_53' title="bbox 633 3576 2219 3647; baseline -0.005 -9"><span class='ocrx_word' id='word_1_357' title='bbox 633 3582 848 3638; x_wconf 78' lang='lat' dir='ltr'><strong>ratione</strong></span> <span class='ocrx_word' id='word_1_358' title='bbox 872 3578 1185 3635; x_wconf 82' lang='lat' dir='ltr'><strong>naturalem</strong></span> <span class='ocrx_word' id='word_1_359' title='bbox 1202 3592 1358 3633; x_wconf 90' lang='lat' dir='ltr'><strong>suam</strong></span> <span class='ocrx_word' id='word_1_360' title='bbox 1381 3579 1527 3632; x_wconf 87' lang='lat' dir='ltr'><strong>circa</strong></span> <span class='ocrx_word' id='word_1_361' title='bbox 1554 3577 1731 3647; x_wconf 89' lang='lat' dir='ltr'><strong>ipsum</strong></span> <span class='ocrx_word' id='word_1_362' title='bbox 1755 3576 1926 3631; x_wconf 89' lang='lat' dir='ltr'><strong>Deum</strong></span> <span class='ocrx_word' id='word_1_363' title='bbox 1960 3576 2219 3631; x_wconf 89' lang='lat' dir='ltr'><strong>termina-</strong></span> 
     </span>
    </p>
   </div>
   <div class='ocr_carea' id='block_1_54' title="bbox 633 3676 797 3731">
    <p class='ocr_par' dir='ltr' id='par_1_54' title="bbox 633 3676 797 3731">
     <span class='ocr_line' id='line_1_54' title="bbox 633 3676 797 3731; baseline -0.024 0"><span class='ocrx_word' id='word_1_364' title='bbox 633 3676 797 3731; x_wconf 79' lang='lat' dir='ltr'><strong>verit.</strong></span> 
     </span>
    </p>
   </div>
   <div class='ocr_carea' id='block_1_55' title="bbox 704 3757 2220 3834">
    <p class='ocr_par' dir='ltr' id='par_1_55' title="bbox 704 3757 2220 3834">
     <span class='ocr_line' id='line_1_55' title="bbox 704 3757 2220 3834; baseline -0.004 -15"><span class='ocrx_word' id='word_1_365' title='bbox 704 3764 796 3820; x_wconf 72' lang='grc'><strong>48.</strong></span> <span class='ocrx_word' id='word_1_366' title='bbox 827 3762 1021 3834; x_wconf 64' lang='lat' dir='ltr'><strong>Operae</strong></span> <span class='ocrx_word' id='word_1_367' title='bbox 1054 3761 1309 3831; x_wconf 88' lang='lat' dir='ltr'><strong>pretium</strong></span> <span class='ocrx_word' id='word_1_368' title='bbox 1332 3759 1613 3829; x_wconf 88' lang='lat' dir='ltr'><strong>inquirant</strong></span> <span class='ocrx_word' id='word_1_369' title='bbox 1643 3759 1753 3813; x_wconf 85' lang='lat' dir='ltr'><strong>viri</strong></span> <span class='ocrx_word' id='word_1_370' title='bbox 1786 3757 2039 3824; x_wconf 90' lang='lat' dir='ltr'><strong>studiosi,</strong></span> <span class='ocrx_word' id='word_1_371' title='bbox 2072 3774 2220 3829; x_wconf 64' lang='lat' dir='ltr'><strong>quaa-</strong></span> 
     </span>
    </p>
   </div>
   <div class='ocr_carea' id='block_1_56' title="bbox 635 3850 2218 3925">
    <p class='ocr_par' dir='ltr' id='par_1_56' title="bbox 635 3850 2218 3925">
     <span class='ocr_line' id='line_1_56' title="bbox 635 3850 2218 3925; baseline -0.005 -14"><span class='ocrx_word' id='word_1_372' title='bbox 635 3872 761 3912; x_wconf 90' lang='lat' dir='ltr'><strong>nam</strong></span> <span class='ocrx_word' id='word_1_373' title='bbox 793 3852 1151 3925; x_wconf 80' lang='lat' dir='ltr'><strong>intelligenda</strong></span> <span class='ocrx_word' id='word_1_374' title='bbox 1198 3852 1310 3906; x_wconf 84' lang='lat' dir='ltr'><strong>sint</strong></span> <span class='ocrx_word' id='word_1_375' title='bbox 1356 3866 1547 3921; x_wconf 89' lang='lat' dir='ltr'><strong>opera,</strong></span> <span class='ocrx_word' id='word_1_376' title='bbox 1597 3866 1719 3920; x_wconf 66' lang='lat' dir='ltr'><strong>qua:</strong></span> <span class='ocrx_word' id='word_1_377' title='bbox 1765 3851 1917 3905; x_wconf 31' lang='lat' dir='ltr'><strong>Deus.</strong></span> <span class='ocrx_word' id='word_1_378' title='bbox 1936 3850 2103 3920; x_wconf 87' lang='lat' dir='ltr'><strong>coepit</strong></span> <span class='ocrx_word' id='word_1_379' title='bbox 2134 3850 2218 3905; x_wconf 83' lang='lat' dir='ltr'><strong>fa-</strong></span> 
     </span>
    </p>
   </div>
   <div class='ocr_carea' id='block_1_57' title="bbox 635 3941 2219 4016">
    <p class='ocr_par' dir='ltr' id='par_1_57' title="bbox 635 3941 2219 4016">
     <span class='ocr_line' id='line_1_57' title="bbox 635 3941 2219 4016; baseline -0.006 -12"><span class='ocrx_word' id='word_1_380' title='bbox 635 3964 794 4015; x_wconf 82' lang='lat' dir='ltr'><strong>cere;</strong></span> <span class='ocrx_word' id='word_1_381' title='bbox 830 3962 895 4002; x_wconf 89' lang='lat' dir='ltr'><strong>ac</strong></span> <span class='ocrx_word' id='word_1_382' title='bbox 927 3959 1176 4016; x_wconf 81' lang='lat' dir='ltr'><strong>quaenam</strong></span> <span class='ocrx_word' id='word_1_383' title='bbox 1222 3958 1416 3998; x_wconf 89' lang='lat' dir='ltr'><strong>rursus</strong></span> <span class='ocrx_word' id='word_1_384' title='bbox 1463 3944 1576 4008; x_wconf 90' lang='lat' dir='ltr'><strong>illa,</strong></span> <span class='ocrx_word' id='word_1_385' title='bbox 1626 3958 1748 4012; x_wconf 82' lang='lat' dir='ltr'><strong>quae</strong></span> <span class='ocrx_word' id='word_1_386' title='bbox 1782 3958 1892 3997; x_wconf 89' lang='lat' dir='ltr'><strong>non</strong></span> <span class='ocrx_word' id='word_1_387' title='bbox 1939 3942 2123 4012; x_wconf 80' lang='lat' dir='ltr'><strong>C(Bpit.</strong></span> <span class='ocrx_word' id='word_1_388' title='bbox 2161 3941 2219 3997; x_wconf 91' lang='lat' dir='ltr'><strong>Si</strong></span> 
     </span>
    </p>
   </div>
   <div class='ocr_carea' id='block_1_58' title="bbox 636 4035 2221 4109">
    <p class='ocr_par' dir='ltr' id='par_1_58' title="bbox 636 4035 2221 4109">
     <span class='ocr_line' id='line_1_58' title="bbox 636 4035 2221 4109; baseline -0.003 -15"><span class='ocrx_word' id='word_1_389' title='bbox 636 4039 861 4109; x_wconf 86' lang='lat' dir='ltr'><strong>quidem</strong></span> <span class='ocrx_word' id='word_1_390' title='bbox 888 4039 1035 4092; x_wconf 89' lang='lat' dir='ltr'><strong>enim</strong></span> <span class='ocrx_word' id='word_1_391' title='bbox 1081 4035 1355 4106; x_wconf 80' lang='lat' dir='ltr'><strong>requievit</strong></span> <span class='ocrx_word' id='word_1_392' title='bbox 1382 4035 1450 4090; x_wconf 89' lang='lat' dir='ltr'><strong>ab</strong></span> <span class='ocrx_word' id='word_1_393' title='bbox 1481 4036 1740 4090; x_wconf 90' lang='lat' dir='ltr'><strong>omnibus</strong></span> <span class='ocrx_word' id='word_1_394' title='bbox 1779 4036 2061 4104; x_wconf 88' lang='lat' dir='ltr'><strong>operibus,</strong></span> <span class='ocrx_word' id='word_1_395' title='bbox 2097 4050 2221 4105; x_wconf 76' lang='lat' dir='ltr'><strong>qua:</strong></span> 
     </span>
    </p>
   </div>
   <div class='ocr_carea' id='block_1_59' title="bbox 638 4126 2221 4202">
    <p class='ocr_par' dir='ltr' id='par_1_59' title="bbox 638 4126 2221 4202">
     <span class='ocr_line' id='line_1_59' title="bbox 638 4126 2221 4202; baseline -0.004 -14"><span class='ocrx_word' id='word_1_396' title='bbox 638 4140 881 4202; x_wconf 56' lang='lat' dir='ltr'><strong>coeperat</strong></span> <span class='ocrx_word' id='word_1_397' title='bbox 910 4129 1132 4195; x_wconf 83' lang='lat' dir='ltr'><strong>facere;</strong></span> <span class='ocrx_word' id='word_1_398' title='bbox 1159 4128 1333 4197; x_wconf 86' lang='lat' dir='ltr'><strong>liquet</strong></span> <span class='ocrx_word' id='word_1_399' title='bbox 1361 4128 1429 4181; x_wconf 89' lang='lat' dir='ltr'><strong>ab</strong></span> <span class='ocrx_word' id='word_1_400' title='bbox 1458 4128 1539 4182; x_wconf 91' lang='lat' dir='ltr'><strong>cis</strong></span> <span class='ocrx_word' id='word_1_401' title='bbox 1569 4143 1681 4181; x_wconf 90' lang='lat' dir='ltr'><strong>non</strong></span> <span class='ocrx_word' id='word_1_402' title='bbox 1713 4126 2071 4196; x_wconf 81' lang='lat' dir='ltr'><strong>requievisse,</strong></span> <span class='ocrx_word' id='word_1_403' title='bbox 2098 4141 2221 4195; x_wconf 80' lang='lat' dir='ltr'><strong>quae</strong></span> 
     </span>
    </p>
   </div>
   <div class='ocr_carea' id='block_1_60' title="bbox 640 4217 2221 4292">
    <p class='ocr_par' dir='ltr' id='par_1_60' title="bbox 640 4217 2221 4292">
     <span class='ocr_line' id='line_1_60' title="bbox 640 4217 2221 4292; baseline -0.006 -15"><span class='ocrx_word' id='word_1_404' title='bbox 640 4239 749 4278; x_wconf 84' lang='lat' dir='ltr'><strong>non</strong></span> <span class='ocrx_word' id='word_1_405' title='bbox 776 4229 1021 4292; x_wconf 75' lang='lat' dir='ltr'><strong>cmperat</strong></span> <span class='ocrx_word' id='word_1_406' title='bbox 1048 4219 1251 4274; x_wconf 85' lang='lat' dir='ltr'><strong>facere.</strong></span> <span class='ocrx_word' id='word_1_407' title='bbox 1282 4219 1360 4274; x_wconf 85' lang='lat' dir='ltr'><strong>Ne</strong></span> <span class='ocrx_word' id='word_1_408' title='bbox 1389 4218 1533 4273; x_wconf 83' lang='lat' dir='ltr'><strong>forte</strong></span> <span class='ocrx_word' id='word_1_409' title='bbox 1558 4217 1726 4289; x_wconf 80' lang='lat' dir='ltr'><strong>igitur</strong></span> <span class='ocrx_word' id='word_1_410' title='bbox 1768 4217 1864 4271; x_wconf 88' lang='lat' dir='ltr'><strong>Dei</strong></span> <span class='ocrx_word' id='word_1_411' title='bbox 1895 4231 2064 4285; x_wconf 88' lang='lat' dir='ltr'><strong>opera</strong></span> <span class='ocrx_word' id='word_1_412' title='bbox 2097 4230 2221 4286; x_wconf 64' lang='lat' dir='ltr'><strong>quae</strong></span> 
     </span>
    </p>
   </div>
   <div class='ocr_carea' id='block_1_61' title="bbox 642 4306 2222 4383">
    <p class='ocr_par' dir='ltr' id='par_1_61' title="bbox 642 4306 2222 4383">
     <span class='ocr_line' id='line_1_61' title="bbox 642 4306 2222 4383; baseline -0.004 -16"><span class='ocrx_word' id='word_1_413' title='bbox 642 4323 994 4383; x_wconf 82' lang='lat' dir='ltr'><strong>temperance</strong></span> <span class='ocrx_word' id='word_1_414' title='bbox 1041 4318 1330 4379; x_wconf 80' lang='lat' dir='ltr'><strong>coeperunt</strong></span> <span class='ocrx_word' id='word_1_415' title='bbox 1376 4308 1535 4381; x_wconf 66' lang='grc'><strong>471</strong></span> <span class='ocrx_word' id='word_1_416' title='bbox 1579 4323 1723 4373; x_wconf 90' lang='lat' dir='ltr'><strong>esse,</strong></span> <span class='ocrx_word' id='word_1_417' title='bbox 1754 4322 1845 4362; x_wconf 88' lang='lat' dir='ltr'><strong>res</strong></span> <span class='ocrx_word' id='word_1_418' title='bbox 1877 4322 2068 4362; x_wconf 90' lang='lat' dir='ltr'><strong>omnes</strong></span> <span class='ocrx_word' id='word_1_419' title='bbox 2110 4306 2222 4361; x_wconf 87' lang='lat' dir='ltr'><strong>sint</strong></span> 
     </span>
    </p>
   </div>
   <div class='ocr_carea' id='block_1_62' title="bbox 650 4398 2222 4473">
    <p class='ocr_par' dir='ltr' id='par_1_62' title="bbox 650 4398 2222 4473">
     <span class='ocr_line' id='line_1_62' title="bbox 650 4398 2222 4473; baseline -0.003 -16"><span class='ocrx_word' id='word_1_420' title='bbox 650 4420 771 4473; x_wconf 64' lang='lat' dir='ltr'><strong>quae</strong></span> <span class='ocrx_word' id='word_1_421' title='bbox 804 4402 1160 4473; x_wconf 82' lang='lat' dir='ltr'><strong>participant,</strong></span> <span class='ocrx_word' id='word_1_422' title='bbox 1212 4410 1365 4471; x_wconf 87' lang='lat' dir='ltr'><strong>puta,</strong></span> <span class='ocrx_word' id='word_1_423' title='bbox 1414 4401 1645 4456; x_wconf 65' lang='lat' dir='ltr'><strong>diversae</strong></span> <span class='ocrx_word' id='word_1_424' title='bbox 1678 4415 1861 4455; x_wconf 90' lang='lat' dir='ltr'><strong>rerum</strong></span> <span class='ocrx_word' id='word_1_425' title='bbox 1902 4398 2222 4454; x_wconf 82' lang='lat' dir='ltr'><strong>substantiae</strong></span> 
     </span>
    </p>
   </div>
   <div class='ocr_carea' id='block_1_63' title="bbox 2248 1823 3891 1926">
    <p class='ocr_par' dir='ltr' id='par_1_63' title="bbox 2248 1823 3891 1926">
     <span class='ocr_line' id='line_1_63' title="bbox 2248 1823 3891 1926; baseline 0.001 -21"><span class='ocrx_word' id='word_1_426' title='bbox 2248 1823 2290 1885; x_wconf 72' lang='grc' dir='ltr'><strong>Β</strong></span> <span class='ocrx_word' id='word_1_427' title='bbox 2315 1852 2585 1905; x_wconf 81' lang='grc' dir='ltr'>ἐπαυσεν</span> <span class='ocrx_word' id='word_1_428' title='bbox 2606 1850 2722 1904; x_wconf 77' lang='grc' dir='ltr'><strong>ἀπὸ</strong></span> <span class='ocrx_word' id='word_1_429' title='bbox 2745 1848 2984 1903; x_wconf 79' lang='grc' dir='ltr'>πάντων</span> <span class='ocrx_word' id='word_1_430' title='bbox 2998 1847 3116 1902; x_wconf 77' lang='grc' dir='ltr'>τῶν</span> <span class='ocrx_word' id='word_1_431' title='bbox 3134 1848 3322 1919; x_wconf 60' lang='grc' dir='ltr'>ἔργων</span> <span class='ocrx_word' id='word_1_432' title='bbox 3341 1848 3548 1926; x_wconf 81' lang='grc' dir='ltr'>αὑτοῦ,</span> <span class='ocrx_word' id='word_1_433' title='bbox 3570 1842 3659 1903; x_wconf 77' lang='grc' dir='ltr'><strong>ὧν</strong></span> <span class='ocrx_word' id='word_1_434' title='bbox 3672 1848 3891 1919; x_wconf 68' lang='grc' dir='ltr'>ἤρξατο</span> 
     </span>
    </p>
   </div>
   <div class='ocr_carea' id='block_1_64' title="bbox 2317 1943 2824 2009">
    <p class='ocr_par' dir='ltr' id='par_1_64' title="bbox 2317 1943 2824 2009">
     <span class='ocr_line' id='line_1_64' title="bbox 2317 1943 2824 2009; baseline -0.006 -10"><span class='ocrx_word' id='word_1_435' title='bbox 2317 1948 2350 1999; x_wconf 85' lang='grc' dir='ltr'><strong><em>ό</em></strong></span> <span class='ocrx_word' id='word_1_436' title='bbox 2381 1944 2524 2009; x_wconf 83' lang='grc' dir='ltr'>Θεὸς</span> <span class='ocrx_word' id='word_1_437' title='bbox 2553 1943 2824 2009; x_wconf 80' lang='grc' dir='ltr'>ποιῆσαι.</span> 
     </span>
    </p>
   </div>
   <div class='ocr_carea' id='block_1_65' title="bbox 2390 2033 3891 2106">
    <p class='ocr_par' dir='ltr' id='par_1_65' title="bbox 2390 2033 3891 2106">
     <span class='ocr_line' id='line_1_65' title="bbox 2390 2033 3891 2106; baseline 0 -19"><span class='ocrx_word' id='word_1_438' title='bbox 2390 2033 2492 2105; x_wconf 90' lang='grc' dir='ltr'>με’.</span> <span class='ocrx_word' id='word_1_439' title='bbox 2522 2035 2656 2089; x_wconf 83' lang='grc' dir='ltr'>Θεοῦ</span> <span class='ocrx_word' id='word_1_440' title='bbox 2683 2034 2843 2106; x_wconf 77' lang='grc' dir='ltr'>θέρος</span> <span class='ocrx_word' id='word_1_441' title='bbox 2877 2035 3024 2088; x_wconf 73' lang='grc' dir='ltr'>ἐστὶν</span> <span class='ocrx_word' id='word_1_442' title='bbox 3044 2074 3062 2099; x_wconf 90' lang='grc'><strong>,</strong></span> <span class='ocrx_word' id='word_1_443' title='bbox 3097 2035 3130 2104; x_wconf 79' lang='grc' dir='ltr'>ἡ</span> <span class='ocrx_word' id='word_1_444' title='bbox 3161 2034 3242 2098; x_wconf 80' lang='grc' dir='ltr'><strong>είς</strong></span> <span class='ocrx_word' id='word_1_445' title='bbox 3275 2033 3439 2088; x_wconf 80' lang='grc' dir='ltr'>αὐτὸν</span> <span class='ocrx_word' id='word_1_446' title='bbox 3477 2034 3621 2089; x_wconf 85' lang='grc' dir='ltr'>κατὰ</span> <span class='ocrx_word' id='word_1_447' title='bbox 3645 2033 3746 2106; x_wconf 80' lang='grc' dir='ltr'>τὴν</span> <span class='ocrx_word' id='word_1_448' title='bbox 3785 2034 3891 2089; x_wconf 83' lang='grc' dir='ltr'><strong>τῶν</strong></span> 
     </span>
    </p>
   </div>
   <div class='ocr_carea' id='block_1_66' title="bbox 2315 2122 3889 2195">
    <p class='ocr_par' dir='ltr' id='par_1_66' title="bbox 2315 2122 3889 2195">
     <span class='ocr_line' id='line_1_66' title="bbox 2315 2122 3889 2195; baseline 0 -17"><span class='ocrx_word' id='word_1_449' title='bbox 2315 2125 2526 2178; x_wconf 78' lang='grc' dir='ltr'>αἰώνων</span> <span class='ocrx_word' id='word_1_450' title='bbox 2562 2125 2984 2192; x_wconf 81' lang='grc' dir='ltr'>ἀποπεράτωσιν</span> <span class='ocrx_word' id='word_1_451' title='bbox 3000 2122 3261 2195; x_wconf 82' lang='grc' dir='ltr'><strong>γινομένη</strong></span> <span class='ocrx_word' id='word_1_452' title='bbox 3292 2123 3400 2178; x_wconf 83' lang='grc' dir='ltr'><strong>τῶν</strong></span> <span class='ocrx_word' id='word_1_453' title='bbox 3437 2122 3605 2188; x_wconf 85' lang='grc' dir='ltr'>ἀξίων</span> <span class='ocrx_word' id='word_1_454' title='bbox 3661 2123 3889 2178; x_wconf 79' lang='grc' dir='ltr'><strong>καθόλου</strong></span> 
     </span>
    </p>
   </div>
   <div class='ocr_carea' id='block_1_67' title="bbox 2318 2214 3021 2300">
    <p class='ocr_par' dir='ltr' id='par_1_67' title="bbox 2318 2214 3021 2300">
     <span class='ocr_line' id='line_1_67' title="bbox 2318 2214 3021 2300; baseline -0.001 -33"><span class='ocrx_word' id='word_1_455' title='bbox 2318 2217 2454 2286; x_wconf 77' lang='grc' dir='ltr'>μονή</span> <span class='ocrx_word' id='word_1_456' title='bbox 2488 2233 2547 2268; x_wconf 90' lang='grc' dir='ltr'><strong>τε</strong></span> <span class='ocrx_word' id='word_1_457' title='bbox 2577 2214 2672 2268; x_wconf 58' lang='grc' dir='ltr'><strong>καὶ⁵</strong></span> <span class='ocrx_word' id='word_1_458' title='bbox 2710 2216 2939 2285; x_wconf 81' lang='grc' dir='ltr'>ἵδρυσις.</span> <span class='ocrx_word' id='word_1_459' title='bbox 3005 2277 3021 2300; x_wconf 52' lang='grc' dir='ltr'><em>Ι</em></span> 
     </span>
    </p>
   </div>
   <div class='ocr_carea' id='block_1_68' title="bbox 2389 2306 3880 2379">
    <p class='ocr_par' dir='ltr' id='par_1_68' title="bbox 2389 2306 3880 2379">
     <span class='ocr_line' id='line_1_68' title="bbox 2389 2306 3880 2379; baseline -0.004 -16"><span class='ocrx_word' id='word_1_460' title='bbox 2389 2307 2508 2377; x_wconf 84' lang='grc' dir='ltr'>μς’.</span> <span class='ocrx_word' id='word_1_461' title='bbox 2550 2309 2637 2361; x_wconf 83' lang='grc' dir='ltr'>Ἐν</span> <span class='ocrx_word' id='word_1_462' title='bbox 2667 2306 2939 2378; x_wconf 83' lang='grc' dir='ltr'>πνεύματι</span> <span class='ocrx_word' id='word_1_463' title='bbox 2967 2306 3240 2379; x_wconf 80' lang='grc' dir='ltr'>περιτομὴ</span> <span class='ocrx_word' id='word_1_464' title='bbox 3267 2307 3496 2379; x_wconf 80' lang='grc' dir='ltr'>καρδίας</span> <span class='ocrx_word' id='word_1_465' title='bbox 3528 2307 3702 2369; x_wconf 74' lang='grc' dir='ltr'>ἐστὶν,</span> <span class='ocrx_word' id='word_1_466' title='bbox 3731 2307 3767 2377; x_wconf 76' lang='grc' dir='ltr'><strong>ἡ</strong></span> <span class='ocrx_word' id='word_1_467' title='bbox 3800 2322 3880 2373; x_wconf 80' lang='grc' dir='ltr'>γι-</span> 
     </span>
    </p>
   </div>
   <div class='ocr_carea' id='block_1_69' title="bbox 2317 2397 3882 2471">
    <p class='ocr_par' dir='ltr' id='par_1_69' title="bbox 2317 2397 3882 2471">
     <span class='ocr_line' id='line_1_69' title="bbox 2317 2397 3882 2471; baseline -0.003 -17"><span class='ocrx_word' id='word_1_468' title='bbox 2317 2401 2518 2471; x_wconf 80' lang='grc' dir='ltr'>νομένη</span> <span class='ocrx_word' id='word_1_469' title='bbox 2552 2399 2661 2452; x_wconf 90' lang='grc' dir='ltr'><strong>τῶν</strong></span> <span class='ocrx_word' id='word_1_470' title='bbox 2688 2399 2806 2453; x_wconf 88' lang='grc' dir='ltr'>κατ’</span> <span class='ocrx_word' id='word_1_471' title='bbox 2829 2398 3083 2468; x_wconf 75' lang='grc' dir='ltr'>αἴσθησιν</span> <span class='ocrx_word' id='word_1_472' title='bbox 3108 2400 3203 2453; x_wconf 71' lang='grc' dir='ltr'>καὶ</span> <span class='ocrx_word' id='word_1_473' title='bbox 3229 2398 3353 2453; x_wconf 90' lang='grc' dir='ltr'>νοῦν</span> <span class='ocrx_word' id='word_1_474' title='bbox 3380 2399 3508 2470; x_wconf 74' lang='grc' dir='ltr'>περὶ</span> <span class='ocrx_word' id='word_1_475' title='bbox 3540 2398 3609 2451; x_wconf 79' lang='grc' dir='ltr'>τὰ</span> <span class='ocrx_word' id='word_1_476' title='bbox 3644 2397 3882 2468; x_wconf 69' lang='grc' dir='ltr'>αἰσθητὰ</span> 
     </span>
    </p>
   </div>
   <div class='ocr_carea' id='block_1_70' title="bbox 2315 2486 3887 2559">
    <p class='ocr_par' dir='ltr' id='par_1_70' title="bbox 2315 2486 3887 2559">
     <span class='ocr_line' id='line_1_70' title="bbox 2315 2486 3887 2559; baseline -0.003 -15"><span class='ocrx_word' id='word_1_477' title='bbox 2315 2490 2410 2544; x_wconf 80' lang='grc' dir='ltr'><strong>καὶ</strong></span> <span class='ocrx_word' id='word_1_478' title='bbox 2440 2489 2510 2542; x_wconf 77' lang='grc' dir='ltr'>τὰ</span> <span class='ocrx_word' id='word_1_479' title='bbox 2532 2488 2700 2559; x_wconf 85' lang='grc' dir='ltr'>νοητὰ</span> <span class='ocrx_word' id='word_1_480' title='bbox 2729 2487 2974 2557; x_wconf 79' lang='grc' dir='ltr'>φυσικῶν</span> <span class='ocrx_word' id='word_1_481' title='bbox 3018 2487 3311 2559; x_wconf 76' lang='grc' dir='ltr'>ἐνεργειῶν</span> <span class='ocrx_word' id='word_1_482' title='bbox 3347 2488 3620 2558; x_wconf 80' lang='grc' dir='ltr'>παντελὴς</span> <span class='ocrx_word' id='word_1_483' title='bbox 3677 2486 3887 2558; x_wconf 66' lang='grc' dir='ltr'>περιαίε</span> 
     </span>
    </p>
   </div>
   <div class='ocr_carea' id='block_1_71' title="bbox 2321 2579 3886 2655">
    <p class='ocr_par' dir='ltr' id='par_1_71' title="bbox 2321 2579 3886 2655">
     <span class='ocr_line' id='line_1_71' title="bbox 2321 2579 3886 2655; baseline -0.003 -19"><span class='ocrx_word' id='word_1_484' title='bbox 2321 2599 2469 2655; x_wconf 84' lang='grc' dir='ltr'>ρεσις</span> <span class='ocrx_word' id='word_1_485' title='bbox 2499 2598 2512 2614; x_wconf 79' lang='grc' dir='ltr'><strong>ο</strong></span> <span class='ocrx_word' id='word_1_486' title='bbox 2549 2581 2637 2636; x_wconf 83' lang='grc' dir='ltr'>διὰ</span> <span class='ocrx_word' id='word_1_487' title='bbox 2661 2580 2762 2651; x_wconf 83' lang='grc' dir='ltr'><strong>τῆς</strong></span> <span class='ocrx_word' id='word_1_488' title='bbox 2794 2580 3016 2652; x_wconf 80' lang='grc' dir='ltr'>ἁμέσως</span> <span class='ocrx_word' id='word_1_489' title='bbox 3068 2581 3131 2634; x_wconf 85' lang='grc' dir='ltr'>τό</span> <span class='ocrx_word' id='word_1_490' title='bbox 3166 2597 3226 2634; x_wconf 83' lang='grc' dir='ltr'><strong>τε</strong></span> <span class='ocrx_word' id='word_1_491' title='bbox 3252 2580 3411 2652; x_wconf 80' lang='grc' dir='ltr'>σῶμα</span> <span class='ocrx_word' id='word_1_492' title='bbox 3445 2581 3541 2634; x_wconf 77' lang='grc' dir='ltr'>καὶ</span> <span class='ocrx_word' id='word_1_493' title='bbox 3585 2580 3685 2650; x_wconf 84' lang='grc' dir='ltr'>τὴν</span> <span class='ocrx_word' id='word_1_494' title='bbox 3711 2579 3886 2649; x_wconf 68' lang='grc' dir='ltr'>ψυχὴν</span> 
     </span>
    </p>
   </div>
   <div class='ocr_carea' id='block_1_72' title="bbox 2314 2658 3887 2743">
    <p class='ocr_par' dir='ltr' id='par_1_72' title="bbox 2314 2658 3887 2743">
     <span class='ocr_line' id='line_1_72' title="bbox 2314 2658 3887 2743; baseline -0.003 -17"><span class='ocrx_word' id='word_1_495' title='bbox 2314 2671 2512 2736; x_wconf 76' lang='grc' dir='ltr'>ὑλικῶς</span> <span class='ocrx_word' id='word_1_496' title='bbox 2543 2671 3000 2743; x_wconf 82' lang='grc' dir='ltr'>μεταμορφούσης</span> <span class='ocrx_word' id='word_1_497' title='bbox 3034 2670 3178 2743; x_wconf 76' lang='grc' dir='ltr'>πρὸς</span> <span class='ocrx_word' id='word_1_498' title='bbox 3222 2670 3285 2724; x_wconf 77' lang='grc' dir='ltr'>τὸ</span> <span class='ocrx_word' id='word_1_499' title='bbox 3336 2671 3611 2741; x_wconf 79' lang='grc' dir='ltr'>θειότερον</span> <span class='ocrx_word' id='word_1_500' title='bbox 3633 2710 3651 2737; x_wconf 89' lang='grc'><strong>,</strong></span> <span class='ocrx_word' id='word_1_501' title='bbox 3679 2658 3887 2741; x_wconf 75' lang='grc' dir='ltr'>παρουο</span> 
     </span>
    </p>
   </div>
   <div class='ocr_carea' id='block_1_73' title="bbox 2319 2760 2933 2829">
    <p class='ocr_par' dir='ltr' id='par_1_73' title="bbox 2319 2760 2933 2829">
     <span class='ocr_line' id='line_1_73' title="bbox 2319 2760 2933 2829; baseline -0.002 -15"><span class='ocrx_word' id='word_1_502' title='bbox 2319 2760 2442 2824; x_wconf 82' lang='grc' dir='ltr'>σίας</span> <span class='ocrx_word' id='word_1_503' title='bbox 2463 2760 2555 2814; x_wconf 87' lang='grc' dir='ltr'><strong>τοῦ</strong></span> <span class='ocrx_word' id='word_1_504' title='bbox 2592 2760 2734 2815; x_wconf 77' lang='grc' dir='ltr'>Πνεύ</span> <span class='ocrx_word' id='word_1_505' title='bbox 2742 2774 2933 2829; x_wconf 81' lang='grc' dir='ltr'>ματος.</span> 
     </span>
    </p>
   </div>
   <div class='ocr_carea' id='block_1_74' title="bbox 2391 2849 3889 2923">
    <p class='ocr_par' dir='ltr' id='par_1_74' title="bbox 2391 2849 3889 2923">
     <span class='ocr_line' id='line_1_74' title="bbox 2391 2849 3889 2923; baseline -0.003 -16"><span class='ocrx_word' id='word_1_506' title='bbox 2391 2849 2496 2923; x_wconf 64' lang='grc' dir='ltr'><strong>μς.</strong></span> <span class='ocrx_word' id='word_1_507' title='bbox 2533 2850 2670 2904; x_wconf 85' lang='grc' dir='ltr'>Θεοῦ</span> <span class='ocrx_word' id='word_1_508' title='bbox 2724 2849 3094 2921; x_wconf 76' lang='grc' dir='ltr'>σαϐϐατισμάς</span> <span class='ocrx_word' id='word_1_509' title='bbox 3126 2849 3296 2918; x_wconf 74' lang='grc' dir='ltr'>ἔστιν,</span> <span class='ocrx_word' id='word_1_510' title='bbox 3326 2851 3366 2922; x_wconf 71' lang='grc' dir='ltr'><strong>ἡ</strong></span> <span class='ocrx_word' id='word_1_511' title='bbox 3390 2851 3472 2915; x_wconf 86' lang='grc' dir='ltr'><strong>είς</strong></span> <span class='ocrx_word' id='word_1_512' title='bbox 3501 2850 3667 2904; x_wconf 80' lang='grc' dir='ltr'>αὑτὸν</span> <span class='ocrx_word' id='word_1_513' title='bbox 3712 2849 3889 2903; x_wconf 79' lang='grc' dir='ltr'>διόλου</span> 
     </span>
    </p>
   </div>
   <div class='ocr_carea' id='block_1_75' title="bbox 2316 2939 3893 3012">
    <p class='ocr_par' dir='ltr' id='par_1_75' title="bbox 2316 2939 3893 3012">
     <span class='ocr_line' id='line_1_75' title="bbox 2316 2939 3893 3012; baseline -0.003 -15"><span class='ocrx_word' id='word_1_514' title='bbox 2316 2943 2426 2997; x_wconf 89' lang='grc' dir='ltr'><strong>τῶν</strong></span> <span class='ocrx_word' id='word_1_515' title='bbox 2478 2940 2866 3012; x_wconf 81' lang='grc' dir='ltr'>πεποιημένων</span> <span class='ocrx_word' id='word_1_516' title='bbox 2912 2939 3283 3010; x_wconf 82' lang='grc' dir='ltr'>κατάντησις·</span> <span class='ocrx_word' id='word_1_517' title='bbox 3317 2940 3440 2997; x_wconf 85' lang='grc' dir='ltr'>καθ’</span> <span class='ocrx_word' id='word_1_518' title='bbox 3470 2941 3536 3009; x_wconf 82' lang='grc' dir='ltr'>ἢν</span> <span class='ocrx_word' id='word_1_519' title='bbox 3582 2939 3893 2994; x_wconf 75' lang='grc' dir='ltr'>καταπαύει</span> 
     </span>
    </p>
   </div>
   <div class='ocr_carea' id='block_1_76' title="bbox 2317 3029 3893 3106">
    <p class='ocr_par' dir='ltr' id='par_1_76' title="bbox 2317 3029 3893 3106">
     <span class='ocr_line' id='line_1_76' title="bbox 2317 3029 3893 3106; baseline -0.001 -18"><span class='ocrx_word' id='word_1_520' title='bbox 2317 3033 2419 3103; x_wconf 79' lang='grc' dir='ltr'>τῆς</span> <span class='ocrx_word' id='word_1_521' title='bbox 2446 3033 2534 3086; x_wconf 74' lang='grc' dir='ltr'>ἐπ’</span> <span class='ocrx_word' id='word_1_522' title='bbox 2565 3033 2751 3095; x_wconf 78' lang='grc' dir='ltr'>αὐτοῖς</span> <span class='ocrx_word' id='word_1_523' title='bbox 2771 3032 3008 3103; x_wconf 85' lang='grc' dir='ltr'>φυσικῆς</span> <span class='ocrx_word' id='word_1_524' title='bbox 3027 3032 3333 3104; x_wconf 70' lang='grc' dir='ltr'>ἐνεργείας,</span> <span class='ocrx_word' id='word_1_525' title='bbox 3363 3032 3464 3106; x_wconf 85' lang='grc' dir='ltr'><strong>τὴν</strong></span> <span class='ocrx_word' id='word_1_526' title='bbox 3487 3029 3654 3089; x_wconf 83' lang='grc' dir='ltr'>αὑτοῦ</span> <span class='ocrx_word' id='word_1_527' title='bbox 3682 3031 3893 3087; x_wconf 79' lang='grc' dir='ltr'>θειοτά-</span> 
     </span>
    </p>
   </div>
   <div class='ocr_carea' id='block_1_77' title="bbox 2318 3123 3897 3199">
    <p class='ocr_par' dir='ltr' id='par_1_77' title="bbox 2318 3123 3897 3199">
     <span class='ocr_line' id='line_1_77' title="bbox 2318 3123 3897 3199; baseline 0.001 -20"><span class='ocrx_word' id='word_1_528' title='bbox 2318 3142 2419 3197; x_wconf 88' lang='grc' dir='ltr'><strong>την</strong></span> <span class='ocrx_word' id='word_1_529' title='bbox 2475 3125 2731 3197; x_wconf 77' lang='grc' dir='ltr'>ἀρρήτως</span> <span class='ocrx_word' id='word_1_530' title='bbox 2800 3123 3205 3197; x_wconf 76' lang='grc' dir='ltr'>ἐνεργουμένην</span> <span class='ocrx_word' id='word_1_531' title='bbox 3251 3125 3380 3199; x_wconf 84' lang='lat' dir='ltr'><strong>[Fr.</strong></span> <span class='ocrx_word' id='word_1_532' title='bbox 3424 3127 3897 3198; x_wconf 73' lang='grc' dir='ltr'>ένεργουμένοιςῙ</span> 
     </span>
    </p>
   </div>
   <div class='ocr_carea' id='block_1_78' title="bbox 2317 3215 3893 3290">
    <p class='ocr_par' dir='ltr' id='par_1_78' title="bbox 2317 3215 3893 3290">
     <span class='ocr_line' id='line_1_78' title="bbox 2317 3215 3893 3290; baseline -0.001 -20"><span class='ocrx_word' id='word_1_533' title='bbox 2317 3217 2620 3290; x_wconf 76' lang='grc' dir='ltr'>ἐνέργειαν.</span> <span class='ocrx_word' id='word_1_534' title='bbox 2650 3215 2893 3272; x_wconf 77' lang='grc' dir='ltr'>Παύεται</span> <span class='ocrx_word' id='word_1_535' title='bbox 2920 3216 3028 3287; x_wconf 85' lang='grc' dir='ltr'>γὰρ</span> <span class='ocrx_word' id='word_1_536' title='bbox 3063 3218 3092 3270; x_wconf 91' lang='grc' dir='ltr'>ὁ</span> <span class='ocrx_word' id='word_1_537' title='bbox 3124 3216 3261 3280; x_wconf 81' lang='grc' dir='ltr'>Θεὸς</span> <span class='ocrx_word' id='word_1_538' title='bbox 3288 3219 3391 3288; x_wconf 80' lang='grc' dir='ltr'>τῆς</span> <span class='ocrx_word' id='word_1_539' title='bbox 3438 3217 3499 3270; x_wconf 80' lang='grc' dir='ltr'>ὲν</span> <span class='ocrx_word' id='word_1_540' title='bbox 3528 3216 3746 3285; x_wconf 78' lang='grc' dir='ltr'><strong>ἑκάστῳ</strong></span> <span class='ocrx_word' id='word_1_541' title='bbox 3786 3217 3893 3269; x_wconf 85' lang='grc' dir='ltr'><strong>τῶν</strong></span> 
     </span>
    </p>
   </div>
   <div class='ocr_carea' id='block_1_79' title="bbox 2322 3308 3892 3380">
    <p class='ocr_par' dir='ltr' id='par_1_79' title="bbox 2322 3308 3892 3380">
     <span class='ocr_line' id='line_1_79' title="bbox 2322 3308 3892 3380; baseline -0.001 -15"><span class='ocrx_word' id='word_1_542' title='bbox 2322 3310 2494 3365; x_wconf 72' lang='grc' dir='ltr'>ὄντων</span> <span class='ocrx_word' id='word_1_543' title='bbox 2532 3309 2697 3380; x_wconf 82' lang='grc' dir='ltr'>τυχὸν</span> <span class='ocrx_word' id='word_1_544' title='bbox 2749 3309 2985 3379; x_wconf 84' lang='grc' dir='ltr'>φυσικῆς</span> <span class='ocrx_word' id='word_1_545' title='bbox 3034 3309 3353 3380; x_wconf 78' lang='grc' dir='ltr'>ἐνεργείας,</span> <span class='ocrx_word' id='word_1_546' title='bbox 3384 3308 3508 3362; x_wconf 83' lang='grc' dir='ltr'>καθ’</span> <span class='ocrx_word' id='word_1_547' title='bbox 3531 3308 3599 3379; x_wconf 76' lang='grc' dir='ltr'>ἢν</span> <span class='ocrx_word' id='word_1_548' title='bbox 3652 3308 3892 3363; x_wconf 71' lang='grc' dir='ltr'>ἕκαστον</span> 
     </span>
    </p>
   </div>
   <div class='ocr_carea' id='block_1_80' title="bbox 2316 3398 3894 3468">
    <p class='ocr_par' dir='ltr' id='par_1_80' title="bbox 2316 3398 3894 3468">
     <span class='ocr_line' id='line_1_80' title="bbox 2316 3398 3894 3468; baseline -0.001 -13"><span class='ocrx_word' id='word_1_549' title='bbox 2316 3402 2427 3455; x_wconf 85' lang='grc' dir='ltr'><strong>τῶν</strong></span> <span class='ocrx_word' id='word_1_550' title='bbox 2461 3400 2632 3454; x_wconf 73' lang='grc' dir='ltr'>ὅντων</span> <span class='ocrx_word' id='word_1_551' title='bbox 2661 3398 2905 3468; x_wconf 83' lang='grc' dir='ltr'>φυσικῶς</span> <span class='ocrx_word' id='word_1_552' title='bbox 2930 3398 3202 3452; x_wconf 84' lang='grc' dir='ltr'>κινεῖσθαι</span> <span class='ocrx_word' id='word_1_553' title='bbox 3236 3399 3500 3468; x_wconf 75' lang='grc' dir='ltr'>πέφυκεν,</span> <span class='ocrx_word' id='word_1_554' title='bbox 3523 3399 3728 3453; x_wconf 75' lang='grc' dir='ltr'>ὁπόταν</span> <span class='ocrx_word' id='word_1_555' title='bbox 3758 3400 3894 3454; x_wconf 71' lang='grc' dir='ltr'>ἕκα-</span> 
     </span>
    </p>
   </div>
   <div class='ocr_carea' id='block_1_81' title="bbox 2320 3488 3897 3563">
    <p class='ocr_par' dir='ltr' id='par_1_81' title="bbox 2320 3488 3897 3563">
     <span class='ocr_line' id='line_1_81' title="bbox 2320 3488 3897 3563; baseline -0.002 -16"><span class='ocrx_word' id='word_1_556' title='bbox 2320 3508 2447 3547; x_wconf 85' lang='grc' dir='ltr'>στον</span> <span class='ocrx_word' id='word_1_557' title='bbox 2478 3494 2577 3563; x_wconf 81' lang='grc' dir='ltr'><strong>τῆς</strong></span> <span class='ocrx_word' id='word_1_558' title='bbox 2622 3490 2775 3554; x_wconf 84' lang='grc' dir='ltr'>θείας</span> <span class='ocrx_word' id='word_1_559' title='bbox 2822 3488 3099 3558; x_wconf 80' lang='grc' dir='ltr'>ἀναλόγως</span> <span class='ocrx_word' id='word_1_560' title='bbox 3148 3489 3539 3560; x_wconf 76' lang='grc' dir='ltr'>ἐπιλαϐόμενον</span> <span class='ocrx_word' id='word_1_561' title='bbox 3588 3491 3897 3560; x_wconf 73' lang='grc' dir='ltr'>ἐνεργείας,</span> 
     </span>
    </p>
   </div>
   <div class='ocr_carea' id='block_1_82' title="bbox 2317 3565 3896 3654">
    <p class='ocr_par' dir='ltr' id='par_1_82' title="bbox 2317 3565 3896 3654">
     <span class='ocr_line' id='line_1_82' title="bbox 2317 3565 3896 3654; baseline -0.004 -15"><span class='ocrx_word' id='word_1_562' title='bbox 2317 3584 2418 3654; x_wconf 80' lang='grc' dir='ltr'><strong>τὴν</strong></span> <span class='ocrx_word' id='word_1_563' title='bbox 2441 3582 2585 3636; x_wconf 85' lang='grc' dir='ltr'>κατὰ</span> <span class='ocrx_word' id='word_1_564' title='bbox 2608 3580 2769 3651; x_wconf 82' lang='grc' dir='ltr'>φύσιν</span> <span class='ocrx_word' id='word_1_565' title='bbox 2792 3580 2998 3634; x_wconf 78' lang='grc' dir='ltr'>οἰκείαν</span> <span class='ocrx_word' id='word_1_566' title='bbox 3029 3580 3159 3652; x_wconf 75' lang='grc' dir='ltr'>περὶ</span> <span class='ocrx_word' id='word_1_567' title='bbox 3194 3565 3354 3635; x_wconf 77' lang='grc' dir='ltr'>αὑτὸν</span> <span class='ocrx_word' id='word_1_568' title='bbox 3401 3581 3561 3652; x_wconf 82' lang='grc' dir='ltr'>ὁρίσῃ</span> <span class='ocrx_word' id='word_1_569' title='bbox 3627 3581 3721 3634; x_wconf 82' lang='grc' dir='ltr'><strong>τὸν</strong></span> <span class='ocrx_word' id='word_1_570' title='bbox 3763 3582 3896 3635; x_wconf 75' lang='grc' dir='ltr'>Θεὸν</span> 
     </span>
    </p>
   </div>
   <div class='ocr_carea' id='block_1_83' title="bbox 2317 3674 2621 3746">
    <p class='ocr_par' dir='ltr' id='par_1_83' title="bbox 2317 3674 2621 3746">
     <span class='ocr_line' id='line_1_83' title="bbox 2317 3674 2621 3746; baseline 0.003 -19"><span class='ocrx_word' id='word_1_571' title='bbox 2317 3674 2621 3746; x_wconf 70' lang='grc' dir='ltr'>ἐνέργειαν.</span> 
     </span>
    </p>
   </div>
   <div class='ocr_carea' id='block_1_84' title="bbox 2394 3763 3896 3837">
    <p class='ocr_par' dir='ltr' id='par_1_84' title="bbox 2394 3763 3896 3837">
     <span class='ocr_line' id='line_1_84' title="bbox 2394 3763 3896 3837; baseline -0.006 -14"><span class='ocrx_word' id='word_1_572' title='bbox 2394 3765 2506 3837; x_wconf 88' lang='grc' dir='ltr'>μη’.</span> <span class='ocrx_word' id='word_1_573' title='bbox 2534 3765 2806 3836; x_wconf 87' lang='grc' dir='ltr'>Ζητητέον</span> <span class='ocrx_word' id='word_1_574' title='bbox 2826 3766 2942 3827; x_wconf 81' lang='grc' dir='ltr'>τοῖς</span> <span class='ocrx_word' id='word_1_575' title='bbox 2976 3763 3305 3828; x_wconf 88' lang='grc' dir='ltr'>σπουδαίοις,</span> <span class='ocrx_word' id='word_1_576' title='bbox 3333 3766 3454 3818; x_wconf 79' lang='grc' dir='ltr'>τίνα</span> <span class='ocrx_word' id='word_1_577' title='bbox 3488 3763 3724 3835; x_wconf 85' lang='grc' dir='ltr'>καθήκει</span> <span class='ocrx_word' id='word_1_578' title='bbox 3756 3766 3896 3819; x_wconf 82' lang='grc' dir='ltr'>νοεῖν</span> 
     </span>
    </p>
   </div>
   <div class='ocr_carea' id='block_1_85' title="bbox 2319 3851 3899 3928">
    <p class='ocr_par' dir='ltr' id='par_1_85' title="bbox 2319 3851 3899 3928">
     <span class='ocr_line' id='line_1_85' title="bbox 2319 3851 3899 3928; baseline -0.004 -16"><span class='ocrx_word' id='word_1_579' title='bbox 2319 3853 2460 3913; x_wconf 84' lang='grc' dir='ltr'>εἶναι</span> <span class='ocrx_word' id='word_1_580' title='bbox 2484 3856 2553 3911; x_wconf 81' lang='grc' dir='ltr'>τὰ</span> <span class='ocrx_word' id='word_1_581' title='bbox 2591 3856 2729 3928; x_wconf 78' lang='grc' dir='ltr'>ἔργα</span> <span class='ocrx_word' id='word_1_582' title='bbox 2759 3851 2834 3909; x_wconf 84' lang='grc' dir='ltr'>ὧν</span> <span class='ocrx_word' id='word_1_583' title='bbox 2859 3855 3062 3926; x_wconf 74' lang='grc' dir='ltr'>ἤρξατο</span> <span class='ocrx_word' id='word_1_584' title='bbox 3090 3854 3191 3925; x_wconf 79' lang='grc' dir='ltr'>τῆς</span> <span class='ocrx_word' id='word_1_585' title='bbox 3217 3855 3485 3923; x_wconf 75' lang='grc' dir='ltr'>γενέσεως</span> <span class='ocrx_word' id='word_1_586' title='bbox 3532 3857 3567 3908; x_wconf 74' lang='grc' dir='ltr'>ὁ</span> <span class='ocrx_word' id='word_1_587' title='bbox 3588 3855 3725 3919; x_wconf 86' lang='grc' dir='ltr'>Θεός</span> <span class='ocrx_word' id='word_1_588' title='bbox 3758 3874 3773 3885; x_wconf 93' lang='grc'><strong>·</strong></span> <span class='ocrx_word' id='word_1_589' title='bbox 3807 3855 3899 3908; x_wconf 78' lang='grc' dir='ltr'>καὶ</span> 
     </span>
    </p>
   </div>
   <div class='ocr_carea' id='block_1_86' title="bbox 2318 3942 3894 4019">
    <p class='ocr_par' dir='ltr' id='par_1_86' title="bbox 2318 3942 3894 4019">
     <span class='ocr_line' id='line_1_86' title="bbox 2318 3942 3894 4019; baseline -0.004 -13"><span class='ocrx_word' id='word_1_590' title='bbox 2318 3953 2441 4006; x_wconf 92' lang='grc' dir='ltr'>τίνα</span> <span class='ocrx_word' id='word_1_591' title='bbox 2475 3950 2657 4014; x_wconf 86' lang='grc' dir='ltr'>πάλιν,</span> <span class='ocrx_word' id='word_1_592' title='bbox 2691 3942 2765 4002; x_wconf 85' lang='grc' dir='ltr'>ὧν</span> <span class='ocrx_word' id='word_1_593' title='bbox 2793 3949 2894 4001; x_wconf 79' lang='grc' dir='ltr'>οὐκ</span> <span class='ocrx_word' id='word_1_594' title='bbox 2933 3946 3153 4019; x_wconf 72' lang='grc' dir='ltr'>ἤρξατο.</span> <span class='ocrx_word' id='word_1_595' title='bbox 3222 3948 3290 4002; x_wconf 81' lang='lat' dir='ltr'><strong>Et</strong></span> <span class='ocrx_word' id='word_1_596' title='bbox 3336 3946 3444 4018; x_wconf 79' lang='grc' dir='ltr'>γὰρ</span> <span class='ocrx_word' id='word_1_597' title='bbox 3491 3947 3711 4002; x_wconf 81' lang='grc' dir='ltr'>πάντων</span> <span class='ocrx_word' id='word_1_598' title='bbox 3764 3965 3894 4001; x_wconf 88' lang='grc' dir='ltr'>κατ-</span> 
     </span>
    </p>
   </div>
   <div class='ocr_carea' id='block_1_87' title="bbox 2321 4031 3899 4113">
    <p class='ocr_par' dir='ltr' id='par_1_87' title="bbox 2321 4031 3899 4113">
     <span class='ocr_line' id='line_1_87' title="bbox 2321 4031 3899 4113; baseline -0.004 -17"><span class='ocrx_word' id='word_1_599' title='bbox 2321 4043 2528 4096; x_wconf 88' lang='grc' dir='ltr'>έπαυσε</span> <span class='ocrx_word' id='word_1_600' title='bbox 2554 4039 2661 4113; x_wconf 86' lang='grc' dir='ltr'><strong>τῶν</strong></span> <span class='ocrx_word' id='word_1_601' title='bbox 2684 4037 2882 4111; x_wconf 75' lang='grc' dir='ltr'>ἔργων,</span> <span class='ocrx_word' id='word_1_602' title='bbox 2922 4031 2997 4091; x_wconf 80' lang='grc' dir='ltr'><strong>ὧν</strong></span> <span class='ocrx_word' id='word_1_603' title='bbox 3026 4037 3230 4110; x_wconf 75' lang='grc' dir='ltr'>ἧρξατο</span> <span class='ocrx_word' id='word_1_604' title='bbox 3275 4039 3517 4108; x_wconf 77' lang='grc' dir='ltr'>ποιῆσαι,</span> <span class='ocrx_word' id='word_1_605' title='bbox 3548 4037 3706 4109; x_wconf 78' lang='grc' dir='ltr'>δῆλον</span> <span class='ocrx_word' id='word_1_606' title='bbox 3758 4038 3899 4092; x_wconf 80' lang='grc' dir='ltr'>ὲκεί-</span> 
     </span>
    </p>
   </div>
   <div class='ocr_carea' id='block_1_88' title="bbox 2320 4121 3897 4199">
    <p class='ocr_par' dir='ltr' id='par_1_88' title="bbox 2320 4121 3897 4199">
     <span class='ocr_line' id='line_1_88' title="bbox 2320 4121 3897 4199; baseline -0.004 -14"><span class='ocrx_word' id='word_1_607' title='bbox 2320 4147 2428 4185; x_wconf 89' lang='grc' dir='ltr'><strong>νων</strong></span> <span class='ocrx_word' id='word_1_608' title='bbox 2459 4130 2519 4183; x_wconf 81' lang='grc' dir='ltr'>οὐ</span> <span class='ocrx_word' id='word_1_609' title='bbox 2552 4121 3006 4195; x_wconf 81' lang='grc' dir='ltr'>κατέπαυσεν,ὧν</span> <span class='ocrx_word' id='word_1_610' title='bbox 3022 4128 3123 4181; x_wconf 78' lang='grc' dir='ltr'><strong>οὐκ</strong></span> <span class='ocrx_word' id='word_1_611' title='bbox 3149 4127 3350 4198; x_wconf 73' lang='grc' dir='ltr'>ἧρξατο</span> <span class='ocrx_word' id='word_1_612' title='bbox 3385 4129 3636 4198; x_wconf 79' lang='grc' dir='ltr'>ποιῆσαι.</span> <span class='ocrx_word' id='word_1_613' title='bbox 3665 4129 3897 4199; x_wconf 77' lang='grc' dir='ltr'>Μήποτε</span> 
     </span>
    </p>
   </div>
   <div class='ocr_carea' id='block_1_89' title="bbox 2320 4213 3904 4290">
    <p class='ocr_par' dir='ltr' id='par_1_89' title="bbox 2320 4213 3904 4290">
     <span class='ocr_line' id='line_1_89' title="bbox 2320 4213 3904 4290; baseline -0.004 -17"><span class='ocrx_word' id='word_1_614' title='bbox 2320 4215 2440 4283; x_wconf 81' lang='grc' dir='ltr'>οὖν,</span> <span class='ocrx_word' id='word_1_615' title='bbox 2459 4218 2599 4290; x_wconf 75' lang='grc' dir='ltr'>ἔργα</span> <span class='ocrx_word' id='word_1_616' title='bbox 2627 4217 2726 4289; x_wconf 81' lang='grc' dir='ltr'><strong>μὲν</strong></span> <span class='ocrx_word' id='word_1_617' title='bbox 2747 4216 2882 4270; x_wconf 78' lang='grc' dir='ltr'>Θεοῦ</span> <span class='ocrx_word' id='word_1_618' title='bbox 2907 4215 3178 4288; x_wconf 84' lang='grc' dir='ltr'>χρονικῶς</span> <span class='ocrx_word' id='word_1_619' title='bbox 3200 4217 3450 4287; x_wconf 77' lang='grc' dir='ltr'>ἠργμένα</span> <span class='ocrx_word' id='word_1_620' title='bbox 3467 4216 3561 4270; x_wconf 88' lang='grc' dir='ltr'><strong>τοῦ</strong></span> <span class='ocrx_word' id='word_1_621' title='bbox 3583 4213 3728 4270; x_wconf 83' lang='grc' dir='ltr'>εἷναί</span> <span class='ocrx_word' id='word_1_622' title='bbox 3754 4219 3904 4281; x_wconf 71' lang='grc' dir='ltr'>ἐστι,</span> 
     </span>
    </p>
   </div>
   <div class='ocr_carea' id='block_1_90' title="bbox 2321 4301 3898 4379">
    <p class='ocr_par' dir='ltr' id='par_1_90' title="bbox 2321 4301 3898 4379">
     <span class='ocr_line' id='line_1_90' title="bbox 2321 4301 3898 4379; baseline -0.002 -18"><span class='ocrx_word' id='word_1_623' title='bbox 2321 4308 2501 4363; x_wconf 81' lang='grc' dir='ltr'>πάντα</span> <span class='ocrx_word' id='word_1_624' title='bbox 2529 4308 2600 4362; x_wconf 84' lang='grc' dir='ltr'><strong>τὰ</strong></span> <span class='ocrx_word' id='word_1_625' title='bbox 2646 4306 2775 4362; x_wconf 75' lang='grc' dir='ltr'>ὄντα</span> <span class='ocrx_word' id='word_1_626' title='bbox 2814 4307 3111 4379; x_wconf 81' lang='grc' dir='ltr'>μετέχοντα</span> <span class='ocrx_word' id='word_1_627' title='bbox 3150 4323 3163 4336; x_wconf 77' lang='grc'><strong><em>⁸</em></strong></span> <span class='ocrx_word' id='word_1_628' title='bbox 3203 4301 3316 4359; x_wconf 78' lang='grc' dir='ltr'>οἷον</span> <span class='ocrx_word' id='word_1_629' title='bbox 3378 4308 3435 4359; x_wconf 86' lang='grc' dir='ltr'>αἱ</span> <span class='ocrx_word' id='word_1_630' title='bbox 3479 4306 3725 4378; x_wconf 83' lang='grc' dir='ltr'>διάφοροι</span> <span class='ocrx_word' id='word_1_631' title='bbox 3792 4307 3898 4360; x_wconf 76' lang='grc' dir='ltr'><strong>τῶν</strong></span> 
     </span>
    </p>
   </div>
   <div class='ocr_carea' id='block_1_91' title="bbox 2320 4394 3900 4470">
    <p class='ocr_par' dir='ltr' id='par_1_91' title="bbox 2320 4394 3900 4470">
     <span class='ocr_line' id='line_1_91' title="bbox 2320 4394 3900 4470; baseline -0.001 -17"><span class='ocrx_word' id='word_1_632' title='bbox 2320 4400 2490 4454; x_wconf 77' lang='grc' dir='ltr'>ὄντων</span> <span class='ocrx_word' id='word_1_633' title='bbox 2518 4400 2718 4453; x_wconf 77' lang='grc' dir='ltr'>οὐσίαι.</span> <span class='ocrx_word' id='word_1_634' title='bbox 2751 4398 2825 4451; x_wconf 79' lang='grc' dir='ltr'>Τὸ</span> <span class='ocrx_word' id='word_1_635' title='bbox 2854 4400 2963 4469; x_wconf 81' lang='grc' dir='ltr'>γὰρ</span> <span class='ocrx_word' id='word_1_636' title='bbox 3001 4398 3073 4470; x_wconf 84' lang='grc' dir='ltr'>μὴ</span> <span class='ocrx_word' id='word_1_637' title='bbox 3112 4398 3195 4465; x_wconf 80' lang='grc' dir='ltr'>ὃν,</span> <span class='ocrx_word' id='word_1_638' title='bbox 3237 4397 3450 4468; x_wconf 68' lang='grc' dir='ltr'>ἔχουσιν</span> <span class='ocrx_word' id='word_1_639' title='bbox 3487 4398 3666 4452; x_wconf 84' lang='grc' dir='ltr'>αὐτῶν</span> <span class='ocrx_word' id='word_1_640' title='bbox 3700 4399 3803 4453; x_wconf 81' lang='grc' dir='ltr'><strong>τοῦ</strong></span> <span class='ocrx_word' id='word_1_641' title='bbox 3825 4394 3900 4452; x_wconf 78' lang='grc' dir='ltr'><strong>εἴ·</strong></span> 
     </span>
    </p>
   </div>
   <div class='ocr_carea' id='block_1_92' title="bbox 647 4486 2219 4569">
    <p class='ocr_par' dir='ltr' id='par_1_92' title="bbox 647 4488 2219 4548">
     <span class='ocr_line' id='line_1_92' title="bbox 647 4488 2219 4548; baseline -0.004 -1"><span class='ocrx_word' id='word_1_642' title='bbox 647 4508 745 4548; x_wconf 90' lang='lat' dir='ltr'><strong>seu</strong></span> <span class='ocrx_word' id='word_1_643' title='bbox 794 4500 1002 4546; x_wconf 81' lang='lat' dir='ltr'><strong>naturze</strong></span> <span class='ocrx_word' id='word_1_644' title='bbox 1050 4505 1114 4546; x_wconf 89' lang='lat' dir='ltr'><strong>ac</strong></span> <span class='ocrx_word' id='word_1_645' title='bbox 1156 4490 1427 4545; x_wconf 78' lang='lat' dir='ltr'><strong>essentiae.</strong></span> <span class='ocrx_word' id='word_1_646' title='bbox 1479 4490 1695 4544; x_wconf 84' lang='lat' dir='ltr'><strong>llabent</strong></span> <span class='ocrx_word' id='word_1_647' title='bbox 1737 4488 1882 4544; x_wconf 88' lang='lat' dir='ltr'><strong>enim</strong></span> <span class='ocrx_word' id='word_1_648' title='bbox 1939 4502 2051 4542; x_wconf 91' lang='lat' dir='ltr'><strong>non</strong></span> <span class='ocrx_word' id='word_1_649' title='bbox 2101 4502 2219 4542; x_wconf 87' lang='lat' dir='ltr'><strong>esse</strong></span> 
     </span>
    </p>
   </div>
   <div class='ocr_carea' id='block_1_93' title="bbox 2318 4486 3899 4569">
    <p class='ocr_par' dir='ltr' id='par_1_93' title="bbox 2327 4486 3899 4569">
     <span class='ocr_line' id='line_1_93' title="bbox 2327 4486 3899 4569; baseline -0.003 -22"><span class='ocrx_word' id='word_1_650' title='bbox 2327 4510 2415 4547; x_wconf 87' lang='grc' dir='ltr'><strong>ναι</strong></span> <span class='ocrx_word' id='word_1_651' title='bbox 2458 4492 2851 4569; x_wconf 74' lang='grc' dir='ltr'>πρεσϐύτερον.</span> <span class='ocrx_word' id='word_1_652' title='bbox 2884 4486 2993 4544; x_wconf 86' lang='grc' dir='ltr'>Ἦν</span> <span class='ocrx_word' id='word_1_653' title='bbox 3023 4491 3130 4562; x_wconf 81' lang='grc' dir='ltr'>γάρ</span> <span class='ocrx_word' id='word_1_654' title='bbox 3179 4508 3332 4557; x_wconf 82' lang='grc' dir='ltr'>ποτε,</span> <span class='ocrx_word' id='word_1_655' title='bbox 3359 4491 3447 4544; x_wconf 86' lang='grc' dir='ltr'><strong>ὅτε</strong></span> <span class='ocrx_word' id='word_1_656' title='bbox 3479 4491 3547 4543; x_wconf 81' lang='grc' dir='ltr'>τὰ</span> <span class='ocrx_word' id='word_1_657' title='bbox 3576 4490 3704 4544; x_wconf 75' lang='grc' dir='ltr'>ὄντα</span> <span class='ocrx_word' id='word_1_658' title='bbox 3772 4507 3899 4562; x_wconf 81' lang='grc' dir='ltr'>μετ-</span> 
     </span>
    </p>
   </div>
   <div class='ocr_carea' id='block_1_94' title="bbox 649 4580 2225 4656">
    <p class='ocr_par' dir='ltr' id='par_1_94' title="bbox 649 4580 2225 4656">
     <span class='ocr_line' id='line_1_94' title="bbox 649 4580 2225 4656; baseline -0.003 -18"><span class='ocrx_word' id='word_1_659' title='bbox 649 4583 899 4656; x_wconf 89' lang='lat' dir='ltr'><strong>(nihilum</strong></span> <span class='ocrx_word' id='word_1_660' title='bbox 941 4580 1160 4653; x_wconf 84' lang='lat' dir='ltr'><strong>vocant)</strong></span> <span class='ocrx_word' id='word_1_661' title='bbox 1208 4582 1491 4652; x_wconf 87' lang='lat' dir='ltr'><strong>antiquius</strong></span> <span class='ocrx_word' id='word_1_662' title='bbox 1533 4581 1652 4651; x_wconf 89' lang='lat' dir='ltr'><strong>ipso</strong></span> <span class='ocrx_word' id='word_1_663' title='bbox 1684 4596 1872 4635; x_wconf 88' lang='lat' dir='ltr'><strong>earum</strong></span> <span class='ocrx_word' id='word_1_664' title='bbox 1906 4595 2046 4636; x_wconf 90' lang='lat' dir='ltr'><strong>esse.</strong></span> <span class='ocrx_word' id='word_1_665' title='bbox 2091 4580 2225 4634; x_wconf 87' lang='lat' dir='ltr'><strong>Erat</strong></span> 
     </span>
    </p>
   </div>
   <div class='ocr_carea' id='block_1_95' title="bbox 648 4673 2219 4744">
    <p class='ocr_par' dir='ltr' id='par_1_95' title="bbox 648 4673 2219 4744">
     <span class='ocr_line' id='line_1_95' title="bbox 648 4673 2219 4744; baseline -0.003 -14"><span class='ocrx_word' id='word_1_666' title='bbox 648 4676 795 4730; x_wconf 87' lang='lat' dir='ltr'><strong>enim</strong></span> <span class='ocrx_word' id='word_1_667' title='bbox 839 4674 1169 4744; x_wconf 81' lang='lat' dir='ltr'><strong>aliquando,</strong></span> <span class='ocrx_word' id='word_1_668' title='bbox 1221 4689 1345 4727; x_wconf 86' lang='lat' dir='ltr'><strong>cum</strong></span> <span class='ocrx_word' id='word_1_669' title='bbox 1396 4688 1489 4729; x_wconf 89' lang='lat' dir='ltr'><strong>res</strong></span> <span class='ocrx_word' id='word_1_670' title='bbox 1536 4688 1658 4742; x_wconf 64' lang='lat' dir='ltr'><strong>quae</strong></span> <span class='ocrx_word' id='word_1_671' title='bbox 1704 4673 2065 4742; x_wconf 88' lang='lat' dir='ltr'><strong>participant,</strong></span> <span class='ocrx_word' id='word_1_672' title='bbox 2108 4687 2219 4727; x_wconf 91' lang='lat' dir='ltr'><strong>non</strong></span> 
     </span>
    </p>
   </div>
   <div class='ocr_carea' id='block_1_96' title="bbox 650 4763 2221 4833">
    <p class='ocr_par' dir='ltr' id='par_1_96' title="bbox 650 4763 2221 4833">
     <span class='ocr_line' id='line_1_96' title="bbox 650 4763 2221 4833; baseline -0.003 -12"><span class='ocrx_word' id='word_1_673' title='bbox 650 4774 825 4821; x_wconf 87' lang='lat' dir='ltr'><strong>erant.</strong></span> <span class='ocrx_word' id='word_1_674' title='bbox 853 4764 951 4819; x_wconf 88' lang='lat' dir='ltr'><strong>Dei</strong></span> <span class='ocrx_word' id='word_1_675' title='bbox 974 4772 1156 4818; x_wconf 86' lang='lat' dir='ltr'><strong>autem</strong></span> <span class='ocrx_word' id='word_1_676' title='bbox 1181 4763 1411 4818; x_wconf 83' lang='lat' dir='ltr'><strong>forsitan</strong></span> <span class='ocrx_word' id='word_1_677' title='bbox 1435 4778 1623 4833; x_wconf 90' lang='lat' dir='ltr'><strong>opera,</strong></span> <span class='ocrx_word' id='word_1_678' title='bbox 1651 4778 1773 4831; x_wconf 75' lang='lat' dir='ltr'><strong>qua:</strong></span> <span class='ocrx_word' id='word_1_679' title='bbox 1790 4778 1901 4817; x_wconf 88' lang='lat' dir='ltr'><strong>non</strong></span> <span class='ocrx_word' id='word_1_680' title='bbox 1931 4770 2221 4833; x_wconf 73' lang='lat' dir='ltr'><strong>coeperunt</strong></span> 
     </span>
    </p>
   </div>
   <div class='ocr_carea' id='block_1_97' title="bbox 649 4855 2222 4928">
    <p class='ocr_par' dir='ltr' id='par_1_97' title="bbox 649 4855 2222 4928">
     <span class='ocr_line' id='line_1_97' title="bbox 649 4855 2222 4928; baseline -0.003 -13"><span class='ocrx_word' id='word_1_681' title='bbox 649 4871 997 4928; x_wconf 85' lang='lat' dir='ltr'><strong>temperance</strong></span> <span class='ocrx_word' id='word_1_682' title='bbox 1041 4872 1181 4923; x_wconf 86' lang='lat' dir='ltr'><strong>esse,</strong></span> <span class='ocrx_word' id='word_1_683' title='bbox 1218 4873 1280 4912; x_wconf 89' lang='lat' dir='ltr'><strong>ea</strong></span> <span class='ocrx_word' id='word_1_684' title='bbox 1315 4864 1444 4911; x_wconf 88' lang='lat' dir='ltr'><strong>sunt</strong></span> <span class='ocrx_word' id='word_1_685' title='bbox 1473 4872 1594 4926; x_wconf 73' lang='lat' dir='ltr'><strong>qua:</strong></span> <span class='ocrx_word' id='word_1_686' title='bbox 1628 4856 1738 4909; x_wconf 86' lang='lat' dir='ltr'><strong>vim</strong></span> <span class='ocrx_word' id='word_1_687' title='bbox 1768 4855 1972 4910; x_wconf 87' lang='lat' dir='ltr'><strong>habent</strong></span> <span class='ocrx_word' id='word_1_688' title='bbox 2002 4865 2065 4911; x_wconf 91' lang='lat' dir='ltr'><strong>ut</strong></span> <span class='ocrx_word' id='word_1_689' title='bbox 2095 4871 2222 4926; x_wconf 90' lang='lat' dir='ltr'><strong>par-</strong></span> 
     </span>
    </p>
   </div>
   <div class='ocr_carea' id='block_1_98' title="bbox 648 4945 2214 5018">
    <p class='ocr_par' dir='ltr' id='par_1_98' title="bbox 648 4945 2214 5018">
     <span class='ocr_line' id='line_1_98' title="bbox 648 4945 2214 5018; baseline -0.003 -15"><span class='ocrx_word' id='word_1_690' title='bbox 648 4948 965 5018; x_wconf 86' lang='lat' dir='ltr'><strong>ticipentur,</strong></span> <span class='ocrx_word' id='word_1_691' title='bbox 992 4962 1229 5016; x_wconf 87' lang='lat' dir='ltr'><strong>quorum</strong></span> <span class='ocrx_word' id='word_1_692' title='bbox 1253 4962 1344 5000; x_wconf 90' lang='lat' dir='ltr'><strong>res</strong></span> <span class='ocrx_word' id='word_1_693' title='bbox 1366 4946 1460 5000; x_wconf 90' lang='lat' dir='ltr'><strong>Dei</strong></span> <span class='ocrx_word' id='word_1_694' title='bbox 1483 4960 1712 4999; x_wconf 88' lang='lat' dir='ltr'><strong>munere</strong></span> <span class='ocrx_word' id='word_1_695' title='bbox 1741 4954 1871 4999; x_wconf 90' lang='lat' dir='ltr'><strong>sunt</strong></span> <span class='ocrx_word' id='word_1_696' title='bbox 1891 4945 2214 5015; x_wconf 85' lang='lat' dir='ltr'><strong>participes;</strong></span> 
     </span>
    </p>
   </div>
   <div class='ocr_carea' id='block_1_99' title="bbox 646 5037 2224 5112">
    <p class='ocr_par' dir='ltr' id='par_1_99' title="bbox 646 5037 2224 5112">
     <span class='ocr_line' id='line_1_99' title="bbox 646 5037 2224 5112; baseline -0.002 -17"><span class='ocrx_word' id='word_1_697' title='bbox 646 5040 950 5112; x_wconf 87' lang='lat' dir='ltr'><strong>cujusmodi</strong></span> <span class='ocrx_word' id='word_1_698' title='bbox 985 5046 1134 5103; x_wconf 89' lang='lat' dir='ltr'><strong>sunt,</strong></span> <span class='ocrx_word' id='word_1_699' title='bbox 1165 5038 1400 5108; x_wconf 76' lang='lat' dir='ltr'><strong>exempli</strong></span> <span class='ocrx_word' id='word_1_700' title='bbox 1432 5053 1616 5102; x_wconf 89' lang='lat' dir='ltr'><strong>causa,</strong></span> <span class='ocrx_word' id='word_1_701' title='bbox 1654 5038 1890 5107; x_wconf 81' lang='lat' dir='ltr'><strong>bonitas,</strong></span> <span class='ocrx_word' id='word_1_702' title='bbox 1919 5051 1981 5092; x_wconf 88' lang='lat' dir='ltr'><strong>ac</strong></span> <span class='ocrx_word' id='word_1_703' title='bbox 2010 5038 2054 5093; x_wconf 86' lang='lat' dir='ltr'><strong>si</strong></span> <span class='ocrx_word' id='word_1_704' title='bbox 2087 5037 2224 5108; x_wconf 82' lang='lat' dir='ltr'><strong>quid</strong></span> 
     </span>
    </p>
   </div>
   <div class='ocr_carea' id='block_1_100' title="bbox 645 5129 2226 5200">
    <p class='ocr_par' dir='ltr' id='par_1_100' title="bbox 645 5129 2226 5200">
     <span class='ocr_line' id='line_1_100' title="bbox 645 5129 2226 5200; baseline -0.001 -15"><span class='ocrx_word' id='word_1_705' title='bbox 645 5132 906 5185; x_wconf 85' lang='lat' dir='ltr'><strong>bonitatis</strong></span> <span class='ocrx_word' id='word_1_706' title='bbox 939 5130 1152 5185; x_wconf 82' lang='lat' dir='ltr'><strong>ratione</strong></span> <span class='ocrx_word' id='word_1_707' title='bbox 1192 5129 1683 5200; x_wconf 86' lang='lat' dir='ltr'><strong>comprehenditur</strong></span> <span class='ocrx_word' id='word_1_708' title='bbox 1711 5147 1723 5182; x_wconf 88' lang='lat'>:</span> <span class='ocrx_word' id='word_1_709' title='bbox 1759 5129 2091 5199; x_wconf 89' lang='lat' dir='ltr'><strong>omninoque</strong></span> <span class='ocrx_word' id='word_1_710' title='bbox 2114 5129 2226 5183; x_wconf 85' lang='lat' dir='ltr'><strong>vita</strong></span> 
     </span>
    </p>
   </div>
   <div class='ocr_carea' id='block_1_101' title="bbox 646 5206 2228 5291">
    <p class='ocr_par' dir='ltr' id='par_1_101' title="bbox 646 5206 2228 5291">
     <span class='ocr_line' id='line_1_101' title="bbox 646 5206 2228 5291; baseline -0.001 -16"><span class='ocrx_word' id='word_1_711' title='bbox 646 5224 827 5276; x_wconf 83' lang='lat' dir='ltr'><strong>omnis</strong></span> <span class='ocrx_word' id='word_1_712' title='bbox 870 5231 926 5276; x_wconf 84' lang='lat' dir='ltr'><strong>et</strong></span> <span class='ocrx_word' id='word_1_713' title='bbox 966 5206 1349 5277; x_wconf 86' lang='lat' dir='ltr'><strong>immortalitas</strong></span> <span class='ocrx_word' id='word_1_714' title='bbox 1388 5229 1445 5276; x_wconf 90' lang='lat' dir='ltr'><strong>et</strong></span> <span class='ocrx_word' id='word_1_715' title='bbox 1473 5221 1798 5291; x_wconf 88' lang='lat' dir='ltr'><strong>simplicitas</strong></span> <span class='ocrx_word' id='word_1_716' title='bbox 1828 5230 1884 5275; x_wconf 83' lang='lat' dir='ltr'><strong>et</strong></span> <span class='ocrx_word' id='word_1_717' title='bbox 1910 5220 2228 5275; x_wconf 85' lang='lat' dir='ltr'><strong>immutabi-</strong></span> 
     </span>
    </p>
   </div>
   <div class='ocr_carea' id='block_1_102' title="bbox 649 5311 2228 5383">
    <p class='ocr_par' dir='ltr' id='par_1_102' title="bbox 649 5311 2228 5383">
     <span class='ocr_line' id='line_1_102' title="bbox 649 5311 2228 5383; baseline -0.001 -17"><span class='ocrx_word' id='word_1_718' title='bbox 649 5312 772 5367; x_wconf 87' lang='lat' dir='ltr'><strong>litas</strong></span> <span class='ocrx_word' id='word_1_719' title='bbox 804 5323 860 5369; x_wconf 84' lang='lat' dir='ltr'><strong>et</strong></span> <span class='ocrx_word' id='word_1_720' title='bbox 887 5312 1162 5381; x_wconf 83' lang='lat' dir='ltr'><strong>inﬁnitas;</strong></span> <span class='ocrx_word' id='word_1_721' title='bbox 1201 5322 1398 5368; x_wconf 88' lang='lat' dir='ltr'><strong>cuncta</strong></span> <span class='ocrx_word' id='word_1_722' title='bbox 1422 5311 1660 5383; x_wconf 89' lang='lat' dir='ltr'><strong>denique</strong></span> <span class='ocrx_word' id='word_1_723' title='bbox 1699 5327 1819 5382; x_wconf 65' lang='lat' dir='ltr'><strong>qua:</strong></span> <span class='ocrx_word' id='word_1_724' title='bbox 1861 5314 2007 5383; x_wconf 87' lang='lat' dir='ltr'><strong>circa</strong></span> <span class='ocrx_word' id='word_1_725' title='bbox 2051 5311 2228 5382; x_wconf 89' lang='lat' dir='ltr'><strong>ipsum</strong></span> 
     </span>
    </p>
   </div>
   <div class='ocr_carea' id='block_1_103' title="bbox 649 5402 2228 5476">
    <p class='ocr_par' dir='ltr' id='par_1_103' title="bbox 649 5402 2228 5476">
     <span class='ocr_line' id='line_1_103' title="bbox 649 5402 2228 5476; baseline -0.001 -18"><span class='ocrx_word' id='word_1_726' title='bbox 649 5406 1023 5462; x_wconf 85' lang='lat' dir='ltr'><strong>cssentialitcr</strong></span> <span class='ocrx_word' id='word_1_727' title='bbox 1055 5406 1465 5476; x_wconf 81' lang='lat' dir='ltr'><strong>intelliguntur;</strong></span> <span class='ocrx_word' id='word_1_728' title='bbox 1503 5418 1626 5473; x_wconf 87' lang='lat' dir='ltr'><strong>quae</strong></span> <span class='ocrx_word' id='word_1_729' title='bbox 1659 5413 1715 5459; x_wconf 90' lang='lat' dir='ltr'><strong>et</strong></span> <span class='ocrx_word' id='word_1_730' title='bbox 1746 5402 1842 5458; x_wconf 86' lang='lat' dir='ltr'><strong>Dei</strong></span> <span class='ocrx_word' id='word_1_731' title='bbox 1874 5418 2045 5472; x_wconf 86' lang='lat' dir='ltr'><strong>opera</strong></span> <span class='ocrx_word' id='word_1_732' title='bbox 2079 5415 2228 5470; x_wconf 86' lang='lat' dir='ltr'><strong>sunt,</strong></span> 
     </span>
    </p>
   </div>
   <div class='ocr_carea' id='block_1_104' title="bbox 720 5562 2045 5630">
    <p class='ocr_par' dir='ltr' id='par_1_104' title="bbox 720 5562 2045 5630">
     <span class='ocr_line' id='line_1_104' title="bbox 720 5562 2045 5630; baseline -0.002 -12"><span class='ocrx_word' id='word_1_733' title='bbox 720 5564 766 5594; x_wconf 79' lang='lat'>&quot;</span> <span class='ocrx_word' id='word_1_734' title='bbox 789 5564 923 5618; x_wconf 90' lang='lat' dir='ltr'><strong>Luc.</strong></span> <span class='ocrx_word' id='word_1_735' title='bbox 969 5582 1022 5630; x_wconf 71' lang='grc' dir='ltr'>χ,</span> <span class='ocrx_word' id='word_1_736' title='bbox 1042 5565 1098 5619; x_wconf 76' lang='lat'><strong>2.</strong></span> <span class='ocrx_word' id='word_1_737' title='bbox 1175 5565 1221 5596; x_wconf 79' lang='grc'><strong>²⁶</strong></span> <span class='ocrx_word' id='word_1_738' title='bbox 1242 5565 1403 5620; x_wconf 87' lang='lat' dir='ltr'><strong>Rom.</strong></span> <span class='ocrx_word' id='word_1_739' title='bbox 1426 5580 1486 5629; x_wconf 82' lang='grc' dir='ltr'><strong>ιι,</strong></span> <span class='ocrx_word' id='word_1_740' title='bbox 1510 5564 1603 5619; x_wconf 70' lang='lat'><strong>29.</strong></span> <span class='ocrx_word' id='word_1_741' title='bbox 1679 5565 1720 5594; x_wconf 78' lang='lat'>&quot;</span> <span class='ocrx_word' id='word_1_742' title='bbox 1745 5562 1882 5617; x_wconf 87' lang='lat' dir='ltr'><strong>Gen.</strong></span> <span class='ocrx_word' id='word_1_743' title='bbox 1907 5578 1965 5627; x_wconf 79' lang='grc' dir='ltr'><strong>ιι,</strong></span> <span class='ocrx_word' id='word_1_744' title='bbox 1988 5563 2045 5616; x_wconf 74' lang='grc'><strong>2.</strong></span> 
     </span>
    </p>
   </div>
   <div class='ocr_carea' id='block_1_105' title="bbox 2337 4579 3899 4663">
    <p class='ocr_par' dir='ltr' id='par_1_105' title="bbox 2337 4579 3899 4663">
     <span class='ocr_line' id='line_1_105' title="bbox 2337 4579 3899 4663; baseline -0.003 -26"><span class='ocrx_word' id='word_1_745' title='bbox 2337 4584 2534 4655; x_wconf 85' lang='grc' dir='ltr'>έχοντα</span> <span class='ocrx_word' id='word_1_746' title='bbox 2560 4584 2661 4637; x_wconf 82' lang='grc' dir='ltr'><strong>οὐκ</strong></span> <span class='ocrx_word' id='word_1_747' title='bbox 2682 4579 2771 4653; x_wconf 74' lang='grc' dir='ltr'><strong>ἦν.</strong></span> <span class='ocrx_word' id='word_1_748' title='bbox 2799 4581 2931 4636; x_wconf 84' lang='grc' dir='ltr'>Θεοῦ</span> <span class='ocrx_word' id='word_1_749' title='bbox 2962 4583 3017 4636; x_wconf 83' lang='grc' dir='ltr'>δὲ</span> <span class='ocrx_word' id='word_1_750' title='bbox 3034 4582 3187 4663; x_wconf 29' lang='grc' dir='ltr'>’ἔργα</span> <span class='ocrx_word' id='word_1_751' title='bbox 3218 4582 3375 4653; x_wconf 78' lang='grc' dir='ltr'>τυχὸν</span> <span class='ocrx_word' id='word_1_752' title='bbox 3398 4583 3498 4636; x_wconf 80' lang='grc' dir='ltr'>οὐκ</span> <span class='ocrx_word' id='word_1_753' title='bbox 3528 4583 3784 4654; x_wconf 73' lang='grc' dir='ltr'>ὴργμένα</span> <span class='ocrx_word' id='word_1_754' title='bbox 3806 4581 3899 4635; x_wconf 88' lang='grc' dir='ltr'><strong>τοῦ</strong></span> 
     </span>
    </p>
   </div>
   <div class='ocr_carea' id='block_1_106' title="bbox 2324 4670 3897 4747">
    <p class='ocr_par' dir='ltr' id='par_1_106' title="bbox 2324 4670 3897 4747">
     <span class='ocr_line' id='line_1_106' title="bbox 2324 4670 3897 4747; baseline -0.003 -17"><span class='ocrx_word' id='word_1_755' title='bbox 2324 4672 2465 4730; x_wconf 78' lang='grc' dir='ltr'>εῖναι</span> <span class='ocrx_word' id='word_1_756' title='bbox 2510 4674 2800 4747; x_wconf 86' lang='grc' dir='ltr'>χρονικῶς,</span> <span class='ocrx_word' id='word_1_757' title='bbox 2833 4673 2904 4727; x_wconf 85' lang='grc' dir='ltr'>τὰ</span> <span class='ocrx_word' id='word_1_758' title='bbox 2944 4674 3074 4729; x_wconf 76' lang='grc' dir='ltr'>ὄντα</span> <span class='ocrx_word' id='word_1_759' title='bbox 3140 4673 3399 4745; x_wconf 66' lang='grc' dir='ltr'>μεθεκτὰ,</span> <span class='ocrx_word' id='word_1_760' title='bbox 3441 4670 3516 4727; x_wconf 82' lang='grc' dir='ltr'>ὧν</span> <span class='ocrx_word' id='word_1_761' title='bbox 3550 4673 3690 4727; x_wconf 87' lang='grc' dir='ltr'>κατὰ</span> <span class='ocrx_word' id='word_1_762' title='bbox 3732 4675 3897 4746; x_wconf 80' lang='grc' dir='ltr'>χάριν</span> 
     </span>
    </p>
   </div>
   <div class='ocr_carea' id='block_1_107' title="bbox 2329 4759 3900 4838">
    <p class='ocr_par' dir='ltr' id='par_1_107' title="bbox 2329 4759 3900 4838">
     <span class='ocr_line' id='line_1_107' title="bbox 2329 4759 3900 4838; baseline -0.001 -19"><span class='ocrx_word' id='word_1_763' title='bbox 2329 4766 2616 4838; x_wconf 79' lang='grc' dir='ltr'>μετέχουσι</span> <span class='ocrx_word' id='word_1_764' title='bbox 2658 4765 2725 4821; x_wconf 83' lang='grc' dir='ltr'><strong>τὰ</strong></span> <span class='ocrx_word' id='word_1_765' title='bbox 2776 4765 2904 4819; x_wconf 75' lang='grc' dir='ltr'>ὄντα</span> <span class='ocrx_word' id='word_1_766' title='bbox 2961 4765 3255 4837; x_wconf 81' lang='grc' dir='ltr'>μετέχοντα</span> <span class='ocrx_word' id='word_1_767' title='bbox 3285 4783 3301 4799; x_wconf 75' lang='grc' dir='ltr'><strong>ο</strong></span> <span class='ocrx_word' id='word_1_768' title='bbox 3340 4759 3473 4831; x_wconf 78' lang='grc' dir='ltr'>οἷον,</span> <span class='ocrx_word' id='word_1_769' title='bbox 3499 4767 3534 4834; x_wconf 81' lang='grc' dir='ltr'><strong>ἡ</strong></span> <span class='ocrx_word' id='word_1_770' title='bbox 3600 4765 3900 4835; x_wconf 76' lang='grc' dir='ltr'>ἁγαθότης,</span> 
     </span>
    </p>
   </div>
   <div class='ocr_carea' id='block_1_108' title="bbox 2323 4856 3905 4929">
    <p class='ocr_par' dir='ltr' id='par_1_108' title="bbox 2323 4856 3905 4929">
     <span class='ocr_line' id='line_1_108' title="bbox 2323 4856 3905 4929; baseline -0.006 -13"><span class='ocrx_word' id='word_1_771' title='bbox 2323 4859 2420 4916; x_wconf 81' lang='grc' dir='ltr'>καὶ</span> <span class='ocrx_word' id='word_1_772' title='bbox 2473 4860 2582 4913; x_wconf 81' lang='grc' dir='ltr'>πᾶν</span> <span class='ocrx_word' id='word_1_773' title='bbox 2613 4858 2666 4912; x_wconf 81' lang='grc' dir='ltr'><strong>εί</strong></span> <span class='ocrx_word' id='word_1_774' title='bbox 2692 4876 2745 4910; x_wconf 88' lang='grc' dir='ltr'><strong>τι</strong></span> <span class='ocrx_word' id='word_1_775' title='bbox 2788 4857 3132 4928; x_wconf 85' lang='grc' dir='ltr'>ἀγαθότητος</span> <span class='ocrx_word' id='word_1_776' title='bbox 3165 4857 3557 4928; x_wconf 82' lang='grc' dir='ltr'>ἐμπεριέχεται</span> <span class='ocrx_word' id='word_1_777' title='bbox 3592 4856 3762 4929; x_wconf 68' lang='grc' dir='ltr'>λόγῳ.</span> <span class='ocrx_word' id='word_1_778' title='bbox 3796 4859 3905 4911; x_wconf 74' lang='grc' dir='ltr'>Καὶ</span> 
     </span>
    </p>
   </div>
   <div class='ocr_carea' id='block_1_109' title="bbox 2326 4945 3905 5018">
    <p class='ocr_par' dir='ltr' id='par_1_109' title="bbox 2326 4945 3905 5018">
     <span class='ocr_line' id='line_1_109' title="bbox 2326 4945 3905 5018; baseline -0.003 -16"><span class='ocrx_word' id='word_1_779' title='bbox 2326 4946 2512 5011; x_wconf 82' lang='grc' dir='ltr'>ἁπλῶς</span> <span class='ocrx_word' id='word_1_780' title='bbox 2558 4950 2708 5001; x_wconf 78' lang='grc' dir='ltr'>πᾶσα</span> <span class='ocrx_word' id='word_1_781' title='bbox 2757 4945 2891 5017; x_wconf 83' lang='grc' dir='ltr'>ζωὴ,</span> <span class='ocrx_word' id='word_1_782' title='bbox 2925 4947 3020 4999; x_wconf 78' lang='grc' dir='ltr'><strong>καὶ</strong></span> <span class='ocrx_word' id='word_1_783' title='bbox 3074 4946 3342 4999; x_wconf 82' lang='grc' dir='ltr'>ἀθανασία</span> <span class='ocrx_word' id='word_1_784' title='bbox 3401 4948 3495 5001; x_wconf 79' lang='grc' dir='ltr'>καὶ</span> <span class='ocrx_word' id='word_1_785' title='bbox 3533 4947 3784 5018; x_wconf 78' lang='grc' dir='ltr'>ἁπλότης</span> <span class='ocrx_word' id='word_1_786' title='bbox 3816 4948 3905 5002; x_wconf 80' lang='grc' dir='ltr'>καὶ</span> 
     </span>
    </p>
   </div>
   <div class='ocr_carea' id='block_1_110' title="bbox 2328 5037 3904 5110">
    <p class='ocr_par' dir='ltr' id='par_1_110' title="bbox 2328 5037 3904 5110">
     <span class='ocr_line' id='line_1_110' title="bbox 2328 5037 3904 5110; baseline -0.001 -18"><span class='ocrx_word' id='word_1_787' title='bbox 2328 5038 2563 5110; x_wconf 70' lang='grc' dir='ltr'>ἁτρεψία</span> <span class='ocrx_word' id='word_1_788' title='bbox 2585 5039 2680 5093; x_wconf 72' lang='grc' dir='ltr'><strong>καὶ</strong></span> <span class='ocrx_word' id='word_1_789' title='bbox 2713 5038 2962 5108; x_wconf 80' lang='grc' dir='ltr'>ἀπειρία,</span> <span class='ocrx_word' id='word_1_790' title='bbox 2996 5037 3088 5091; x_wconf 79' lang='grc' dir='ltr'>καὶ</span> <span class='ocrx_word' id='word_1_791' title='bbox 3129 5037 3230 5090; x_wconf 85' lang='grc' dir='ltr'>ὅσα</span> <span class='ocrx_word' id='word_1_792' title='bbox 3263 5039 3395 5108; x_wconf 82' lang='grc' dir='ltr'>περὶ</span> <span class='ocrx_word' id='word_1_793' title='bbox 3425 5038 3588 5091; x_wconf 82' lang='grc' dir='ltr'>αὑτδν</span> <span class='ocrx_word' id='word_1_794' title='bbox 3622 5037 3904 5101; x_wconf 77' lang='grc' dir='ltr'>οὐσιωδῶς</span> 
     </span>
    </p>
   </div>
   <div class='ocr_carea' id='block_1_111' title="bbox 2325 5124 3901 5200">
    <p class='ocr_par' dir='ltr' id='par_1_111' title="bbox 2325 5124 3901 5200">
     <span class='ocr_line' id='line_1_111' title="bbox 2325 5124 3901 5200; baseline -0.004 -18"><span class='ocrx_word' id='word_1_795' title='bbox 2325 5130 2611 5200; x_wconf 87' lang='grc' dir='ltr'>θεωρεῖται</span> <span class='ocrx_word' id='word_1_796' title='bbox 2647 5143 2662 5159; x_wconf 81' lang='grc' dir='ltr'><strong>ο</strong></span> <span class='ocrx_word' id='word_1_797' title='bbox 2696 5127 2852 5181; x_wconf 73' lang='grc' dir='ltr'>ἅτινα</span> <span class='ocrx_word' id='word_1_798' title='bbox 2894 5127 2988 5179; x_wconf 74' lang='grc' dir='ltr'>καὶ</span> <span class='ocrx_word' id='word_1_799' title='bbox 3010 5124 3148 5194; x_wconf 74' lang='grc' dir='ltr'>ἔργα</span> <span class='ocrx_word' id='word_1_800' title='bbox 3181 5125 3319 5178; x_wconf 89' lang='grc' dir='ltr'>Θεοῦ</span> <span class='ocrx_word' id='word_1_801' title='bbox 3340 5128 3467 5191; x_wconf 80' lang='grc' dir='ltr'>εἰσι,</span> <span class='ocrx_word' id='word_1_802' title='bbox 3504 5125 3603 5179; x_wconf 73' lang='grc' dir='ltr'><strong>καὶ</strong></span> <span class='ocrx_word' id='word_1_803' title='bbox 3632 5125 3737 5178; x_wconf 75' lang='grc' dir='ltr'><strong>οὐκ</strong></span> <span class='ocrx_word' id='word_1_804' title='bbox 3765 5125 3901 5195; x_wconf 78' lang='grc' dir='ltr'>ἠργ-</span> 
     </span>
    </p>
   </div>
   <div class='ocr_carea' id='block_1_112' title="bbox 2330 5216 3905 5296">
    <p class='ocr_par' dir='ltr' id='par_1_112' title="bbox 2330 5216 3905 5296">
     <span class='ocr_line' id='line_1_112' title="bbox 2330 5216 3905 5296; baseline -0.004 -19"><span class='ocrx_word' id='word_1_805' title='bbox 2330 5224 2464 5296; x_wconf 83' lang='grc' dir='ltr'>μένα</span> <span class='ocrx_word' id='word_1_806' title='bbox 2493 5221 2781 5293; x_wconf 83' lang='grc' dir='ltr'>χρονικῶς.</span> <span class='ocrx_word' id='word_1_807' title='bbox 2816 5221 2890 5275; x_wconf 88' lang='grc' dir='ltr'><strong>Οὐ</strong></span> <span class='ocrx_word' id='word_1_808' title='bbox 2937 5220 3043 5292; x_wconf 84' lang='grc' dir='ltr'><strong>γάρ</strong></span> <span class='ocrx_word' id='word_1_809' title='bbox 3076 5236 3207 5273; x_wconf 84' lang='grc' dir='ltr'>ποτε</span> <span class='ocrx_word' id='word_1_810' title='bbox 3248 5217 3619 5291; x_wconf 74' lang='grc' dir='ltr'>πρεσϐύτερον</span> <span class='ocrx_word' id='word_1_811' title='bbox 3663 5216 3905 5290; x_wconf 79' lang='grc' dir='ltr'>ἀρετῆς,</span> 
     </span>
    </p>
   </div>
   <div class='ocr_carea' id='block_1_113' title="bbox 2327 5306 3907 5384">
    <p class='ocr_par' dir='ltr' id='par_1_113' title="bbox 2327 5306 3907 5384">
     <span class='ocr_line' id='line_1_113' title="bbox 2327 5306 3907 5384; baseline -0.007 -17"><span class='ocrx_word' id='word_1_812' title='bbox 2327 5315 2387 5368; x_wconf 81' lang='grc' dir='ltr'><strong>τὸ</strong></span> <span class='ocrx_word' id='word_1_813' title='bbox 2418 5313 2518 5367; x_wconf 77' lang='grc' dir='ltr'><strong>οὐκ</strong></span> <span class='ocrx_word' id='word_1_814' title='bbox 2541 5309 2608 5384; x_wconf 81' lang='grc' dir='ltr'>ἦν</span> <span class='ocrx_word' id='word_1_815' title='bbox 2632 5331 2644 5344; x_wconf 91' lang='grc'><strong>·</strong></span> <span class='ocrx_word' id='word_1_816' title='bbox 2672 5311 2795 5365; x_wconf 74' lang='grc' dir='ltr'>οὐδέ</span> <span class='ocrx_word' id='word_1_817' title='bbox 2816 5328 2962 5375; x_wconf 89' lang='grc' dir='ltr'>τινος</span> <span class='ocrx_word' id='word_1_818' title='bbox 2991 5310 3151 5364; x_wconf 82' lang='grc' dir='ltr'>ἄλλου</span> <span class='ocrx_word' id='word_1_819' title='bbox 3184 5309 3291 5363; x_wconf 87' lang='grc' dir='ltr'><strong>τῶν</strong></span> <span class='ocrx_word' id='word_1_820' title='bbox 3322 5308 3627 5381; x_wconf 80' lang='grc' dir='ltr'>εἰρημένων</span> <span class='ocrx_word' id='word_1_821' title='bbox 3654 5324 3669 5338; x_wconf 88' lang='grc'><strong>·</strong></span> <span class='ocrx_word' id='word_1_822' title='bbox 3704 5307 3818 5360; x_wconf 67' lang='grc' dir='ltr'>κᾶν</span> <span class='ocrx_word' id='word_1_823' title='bbox 3838 5306 3907 5357; x_wconf 68' lang='grc' dir='ltr'>τὰ</span> 
     </span>
    </p>
   </div>
   <div class='ocr_carea' id='block_1_114' title="bbox 2335 5396 3905 5477">
    <p class='ocr_par' dir='ltr' id='par_1_114' title="bbox 2335 5396 3905 5477">
     <span class='ocr_line' id='line_1_114' title="bbox 2335 5396 3905 5477; baseline -0.004 -18"><span class='ocrx_word' id='word_1_824' title='bbox 2335 5406 2628 5477; x_wconf 83' lang='grc' dir='ltr'>μετέχοντα</span> <span class='ocrx_word' id='word_1_825' title='bbox 2655 5403 2836 5457; x_wconf 85' lang='grc' dir='ltr'>αὐτῶν</span> <span class='ocrx_word' id='word_1_826' title='bbox 2854 5401 2976 5456; x_wconf 79' lang='grc' dir='ltr'>καθ’</span> <span class='ocrx_word' id='word_1_827' title='bbox 3003 5401 3167 5468; x_wconf 82' lang='grc' dir='ltr'>αὐτὰ,</span> <span class='ocrx_word' id='word_1_828' title='bbox 3187 5396 3390 5473; x_wconf 76' lang='grc' dir='ltr'>ἦρκται</span> <span class='ocrx_word' id='word_1_829' title='bbox 3416 5400 3511 5455; x_wconf 83' lang='grc' dir='ltr'><strong>τοῦ</strong></span> <span class='ocrx_word' id='word_1_830' title='bbox 3541 5396 3684 5456; x_wconf 81' lang='grc' dir='ltr'>εἶναι</span> <span class='ocrx_word' id='word_1_831' title='bbox 3711 5414 3905 5472; x_wconf 76' lang='grc' dir='ltr'>χρονι-</span> 
     </span>
    </p>
   </div>
   <div class='ocr_carea' id='block_1_115' title="bbox 725 5694 2219 5768">
    <p class='ocr_par' dir='ltr' id='par_1_115' title="bbox 725 5694 2219 5768">
     <span class='ocr_line' id='line_1_115' title="bbox 725 5694 2219 5768; baseline 0.003 -21"><span class='ocrx_word' id='word_1_832' title='bbox 725 5694 796 5768; x_wconf 89' lang='lat' dir='ltr'><strong>(i)_</strong></span> <span class='ocrx_word' id='word_1_833' title='bbox 830 5695 1114 5768; x_wconf 72' lang='lat' dir='ltr'><strong>&#39;H_:zfimr</strong></span> <span class='ocrx_word' id='word_1_834' title='bbox 1156 5697 1391 5764; x_wconf 77' lang='grc' dir='ltr'>ἄϐατος.</span> <span class='ocrx_word' id='word_1_835' title='bbox 1425 5699 1495 5754; x_wconf 89' lang='grc' dir='ltr'>Ει</span> <span class='ocrx_word' id='word_1_836' title='bbox 1549 5699 1643 5753; x_wconf 91' lang='lat' dir='ltr'><strong>bic</strong></span> <span class='ocrx_word' id='word_1_837' title='bbox 1689 5697 1856 5753; x_wconf 82' lang='lat' dir='ltr'><strong>Marci</strong></span> <span class='ocrx_word' id='word_1_838' title='bbox 1888 5712 2009 5768; x_wconf 85' lang='lat' dir='ltr'><strong>cap.</strong></span> <span class='ocrx_word' id='word_1_839' title='bbox 2046 5695 2101 5764; x_wconf 86' lang='lat'><strong>&#39;5,</strong></span> <span class='ocrx_word' id='word_1_840' title='bbox 2132 5710 2219 5752; x_wconf 73' lang='lat' dir='ltr'><strong>suc</strong></span> 
     </span>
    </p>
   </div>
   <div class='ocr_carea' id='block_1_116' title="bbox 2318 5694 3913 5768">
    <p class='ocr_par' dir='ltr' id='par_1_116' title="bbox 2318 5695 3913 5768">
     <span class='ocr_line' id='line_1_116' title="bbox 2318 5695 3913 5768; baseline 0.002 -20"><span class='ocrx_word' id='word_1_841' title='bbox 2318 5710 2360 5749; x_wconf 84' lang='lat' dir='ltr'><strong>rn</strong></span> <span class='ocrx_word' id='word_1_842' title='bbox 2420 5695 2722 5766; x_wconf 76' lang='grc' dir='ltr'>νηπτικῶν,</span> <span class='ocrx_word' id='word_1_843' title='bbox 2774 5712 2879 5754; x_wconf 87' lang='lat' dir='ltr'><strong>nec</strong></span> <span class='ocrx_word' id='word_1_844' title='bbox 2906 5696 3088 5768; x_wconf 86' lang='lat' dir='ltr'><strong>ipsum</strong></span> <span class='ocrx_word' id='word_1_845' title='bbox 3149 5698 3229 5754; x_wconf 90' lang='lat' dir='ltr'><strong>illi</strong></span> <span class='ocrx_word' id='word_1_846' title='bbox 3263 5698 3397 5753; x_wconf 86' lang='lat' dir='ltr'><strong>satis</strong></span> <span class='ocrx_word' id='word_1_847' title='bbox 3433 5697 3820 5763; x_wconf 86' lang='lat' dir='ltr'><strong>emendatum,</strong></span> <span class='ocrx_word' id='word_1_848' title='bbox 3848 5706 3913 5751; x_wconf 74' lang='lat' dir='ltr'><strong>ut</strong></span> 
     </span>
    </p>
   </div>
   <div class='ocr_carea' id='block_1_117' title="bbox 653 5763 1810 5836">
    <p class='ocr_par' dir='ltr' id='par_1_117' title="bbox 653 5763 1810 5836">
     <span class='ocr_line' id='line_1_117' title="bbox 653 5763 1810 5836; baseline 0.003 -19"><span class='ocrx_word' id='word_1_849' title='bbox 653 5763 800 5833; x_wconf 81' lang='lat' dir='ltr'><strong>quod</strong></span> <span class='ocrx_word' id='word_1_850' title='bbox 828 5765 1007 5836; x_wconf 83' lang='lat' dir='ltr'><strong>primo</strong></span> <span class='ocrx_word' id='word_1_851' title='bbox 1031 5775 1154 5834; x_wconf 58' lang='lat' dir='ltr'><strong>est,</strong></span> <span class='ocrx_word' id='word_1_852' title='bbox 1183 5768 1249 5821; x_wconf 83' lang='grc' dir='ltr'><strong><em>Ἢ</em></strong></span> <span class='ocrx_word' id='word_1_853' title='bbox 1278 5763 1426 5821; x_wconf 80' lang='grc' dir='ltr'>πᾶσα</span> <span class='ocrx_word' id='word_1_854' title='bbox 1454 5768 1675 5833; x_wconf 75' lang='grc' dir='ltr'>ἄϐατος,</span> <span class='ocrx_word' id='word_1_855' title='bbox 1701 5777 1810 5825; x_wconf 87' lang='lat' dir='ltr'><strong>etc.</strong></span> 
     </span>
    </p>
   </div>
  </div>
