4060 6322
274 382 407 450 1101

999 412 1010 423 -
1119 362 1457 437 CAPITUM
1491 369 1764 431 THEOL.
1807 367 1904 429 “ET
1938 368 2176 429 (ECON.
2216 366 2605 427 CENTURIA
2645 366 2696 426 Ι.

3330 404 3335 415 .
3391 359 3529 453 n02

269 495 405 559 κῶς.
441 495 711 564 Ἂναρχος
759 490 868 561 γὰρ
932 490 1083 544 πᾶσα
1129 486 1323 561 ἀρετὴ,
1383 485 1458 557 μὴ
1507 483 1705 555 ἔχουσα
1756 480 1847 534 τὴν

1962 488 2004 536 3t
2036 488 2389 550 temperance
2415 495 2526 536 non
2560 486 2864 549 «cperunt.
2898 477 3197 548 Nunquam
3229 477 3527 556 enimnon

269 585 459 656 χρόνον
500 583 702 653 ἑαυτῆς
742 581 1118 654 πρεσϐύτερον
1143 598 1158 613 ο
1197 573 1287 634 οἷα
1341 577 1434 632 τὸν
1465 576 1599 630 Θεὸν
1646 573 1843 645 ἔχουσα

269 677 362 732 τοῦ
395 673 533 731 εἷναι
566 675 877 747 μονώτατον
909 674 1096 739 ἀῖδίως
1126 673 1450 743 γεννήτορα.

1947 579 2088 635 erat,
2115 570 2321 626 virtute
2350 570 2632 641 antiquius
2660 568 2786 634 fuit,
2819 568 3001 625 ullove
3032 568 3142 623 alio
3171 583 3379 650 eorum.
3408 583 3531 638 qua:

1951 662 2097 717 dicta
2151 670 2307 727 sunt;
2348 660 2564 717 tametsi
2592 676 2658 716 ea
2702 675 2825 731 quae
2867 658 3218 730 participant,
3266 660 3383 731 ipsa
3427 674 3523 715 sua

273 772 483 826 ratione
533 780 890 842 temperance
942 785 1066 826 esse
1120 768 1410 839 creperint.
1455 764 1650 822 Omnis
1698 761 1849 818 enim
1888 759 2066 814 virtus
2096 766 2302 813 aeterna
2333 766 2438 823 est,
2469 772 2591 828 quae
2619 764 2836 825 tempus
2862 767 2921 809 se
2978 753 3261 825 antiquius
3314 756 3527 810 nullum

272 867 470 924 habeat
498 882 511 918 :
549 874 611 920 ut
634 865 959 935 qumDeum
995 858 1494 933 singularissimum
1535 855 1657 927 ejus
1701 849 1849 923 quod
1880 858 1986 915 est,
2020 858 2307 920 parentem
2330 848 2394 903 in
2421 846 2819 917 sempiternum
2848 843 3070 900 habeat.

345 959 453 1033 μίν.
481 962 710 1018 Πάντων
735 960 842 1015 τῶν
879 958 1054 1012 όντων
1084 958 1178 1011 καὶ
1209 955 1546 1027 μετεχόντων
1587 951 1681 1006 καὶ
1719 948 1847 1020 μεθ-

273 1055 467 1116 εκτῶν,
502 1051 799 1123 ἀπειράκις
842 1049 1089 1123 ἀπείρως
1116 1051 1146 1103 ὁ
1169 1048 1303 1111 Θεὸς
1341 1044 1700 1116 ὐπεξῄρηται.
1729 1041 1846 1094 Πᾶν

274 1148 382 1218 γάρ
413 1145 468 1199 εί
486 1162 537 1197 τι
565 1144 658 1196 τὸν
676 1142 771 1196 τοῦ
809 1137 951 1195 εἶναι
980 1141 1138 1209 λόγον
1171 1139 1285 1210 ἔχει
1327 1134 1842 1218 κατηγορούμενον,

279 1217 442 1306 ἔργον
470 1233 608 1287 Θεοῦ
633 1231 894 1302 τυγχάνει
918 1247 933 1261 ·
975 1229 1077 1285 κάν
1094 1229 1157 1283 τὸ
1185 1229 1285 1300 μὲν
1317 1225 1461 1283 κατὰ
1486 1224 1699 1294 γένεσιν
1742 1217 1844 1293 ἦρ-

272 1344 398 1381 κται
421 1326 496 1395 -(j)
525 1323 622 1379 τοῦ
657 1321 799 1377 εἶναι
827 1321 1095 1394 χρονίκῶς
1120 1338 1136 1353 ο
1172 1320 1236 1373 τὸ
1257 1318 1342 1380 δὲ,
1373 1316 1517 1372 κατά
1537 1317 1708 1386 ,χάριν
1735 1316 1847 1377 τοῖς

272 1419 553 1487 γεγονόσιν
614 1416 969 1486 ἐμπέφυκεν,
996 1407 1088 1465 οἷά
1148 1427 1236 1473 τις
1295 1409 1523 1479 δύναμις
1576 1407 1846 1477 ἔμφυτος,

272 1508 364 1560 τὸν
413 1509 477 1560 ἐν
524 1506 690 1559 πᾶσιν
736 1504 867 1579 ὂντα
911 1502 1050 1556 Θεὸν
1096 1499 1436 1570 διαπρυσίως
1482 1496 1846 1568 κηρύττουσα.

351 1679 422 1734 ν’.
450 1680 532 1734 Τά
557 1680 804 1735 ἀθάνατα
843 1640 1043 1743 πάντα,
1073 1676 1169 1730 καὶ
1195 1673 1336 1745 αὐτὴ
1369 1674 1402 1744 ἡ
1428 1635 1696 1726 ἀθανασία
1718 1686 1732 1700 ·
1756 1666 1852 1722 καὶ

274 1774 342 1827 τά
396 1772 576 1836 ζῶντα
631 1771 829 1835 πάντα,
886 1769 981 1823 καὶ
1033 1767 1170 1838 αὑτὴ
1201 1765 1373 1838 ήξωή
1399 1780 1413 1794 ·
1448 1763 1545 1817 καὶ
1594 1762 1664 1816 τὰ
1718 1761 1851 1828 ἆγια

2018 946 2113 1002 49.
2163 947 2312 1001 Deus
2361 945 2529 1000 rebus
2572 942 2828 999 omnibus
2877 956 2999 1011 qua:
3032 941 3393 1012 participant,
3431 949 3529 998 aut

1945 1038 2058 1092 vim
2083 1038 2289 1093 habent
2314 1045 2380 1091 ut
2404 1036 2828 1107 participentur,
2859 1032 3124 1091 inﬂnities
3149 1034 3363 1091 inﬁnite
3387 1036 3531 1091 emi-

1944 1138 2059 1185 net.
2095 1129 2376 1200 Quidquid
2418 1128 2568 1183 enim
2596 1135 2702 1191 est,
2730 1127 2800 1182 de
2824 1142 2938 1197 quo
2969 1127 3090 1197 ejus
3117 1127 3265 1197 quod
3302 1137 3386 1183 est
3408 1144 3532 1185 esse

1944 1222 2088 1278 ratio
2110 1222 2464 1292 pradicetur,
2494 1220 2593 1275 Dei
2627 1233 2769 1289 opus
2804 1227 2920 1285 est;
2964 1220 3184 1276 tametsi
3212 1220 3363 1277 aliud
3409 1222 3534 1291 qui-

1945 1312 2071 1368 dem
2100 1321 2455 1381 temperance
2486 1318 2610 1365 ortu
2653 1310 2889 1381 coeperit
2922 1325 3075 1376 esse,
3106 1311 3263 1367 aliud
3286 1312 3384 1368 Dei
3413 1329 3534 1368 mu-

1946 1409 2082 1460 nere
2108 1404 2311 1459 creatis
2339 1402 2568 1457 insitum
2594 1401 2688 1465 sit,
2715 1416 2817 1457 ceu
2842 1401 2925 1456 vis
2947 1401 3195 1471 quaedam
3225 1403 3294 1459 iis
3320 1404 3529 1471 innata,

1943 1511 2069 1566 quae
2119 1497 2293 1551 Deum
2352 1496 2413 1550 in
2462 1493 2722 1550 omnibus
2783 1493 3140 1551 exsistean
3191 1495 3337 1550 clare
3388 1510 3529 1566 pra:-

1946 1588 2113 1643 dicet.

2017 1678 2108 1734 50.
2169 1679 2507 1735 Immortalia
2559 1681 2779 1746 omnia,
2836 1680 3068 1751 ipsaque
3114 1680 3533 1747 immortalitas;

1949 1769 2302 1841 viventiaque
2329 1771 2537 1835 omnia,
2571 1771 2798 1841 ipsaque
2840 1772 2984 1839 vita;
3009 1779 3067 1827 et
3107 1780 3296 1827 sancta
3327 1772 3533 1836 omnia,

277 1866 473 1928 πάντα,
502 1864 599 1917 καὶ
627 1862 767 1933 αὑτὴ
799 1864 834 1933 ἡ
867 1860 1094 1931 ἀγιὸτης
1116 1875 1132 1890 ⁸
1166 1860 1264 1911 καὶ
1292 1858 1362 1911 τὰ
1392 1856 1622 1925 ὲνάρετα
1653 1855 1849 1918 πάντα,

1962 1862 2181 1933 ipsaque
2208 1862 2509 1927 sanctitas;
2552 1863 2870 1933 virtuteque
2907 1862 3141 1933 praedita
3172 1864 3356 1919 omnia
3400 1864 3539 1936 (stu-

280 1958 375 2012 καὶ
407 1956 548 2026 αὐτὴ
574 1957 619 2027 ἡ
642 1955 813 2026 ἀρετή
845 1969 858 1982 ·
896 1954 992 2007 καὶ
1022 1951 1093 2004 τὰ
1113 1948 1297 2019 ἀγαθά
1331 1949 1534 2012 πάντα,
1568 1945 1662 1999 καὶ
1706 1944 1846 2013 αὐτὴ

1962 1954 2153 2020 diosa),
2172 1964 2232 2012 et
2253 1955 2431 2010 virtus
2452 1955 2600 2026 ipsa;
2626 1955 2882 2026 bonaque
2904 1956 3112 2020 omnia,
3139 1964 3195 2011 et
3230 1955 3348 2026 ipsa
3376 1956 3537 2011 boni-

274 2052 308 2120 ἠ
348 2048 625 2118 ἀγαϐότης
656 2064 671 2077 ·
702 2046 795 2100 καὶ
827 2046 894 2100 τὰ
931 2045 1062 2099 ὅντα
1082 2045 1261 2098 πάντα
1286 2084 1302 2109 ,
1333 2041 1429 2096 καὶ
1469 2039 1609 2109 αὑτὴ
1637 2039 1671 2108 ἡ
1703 2035 1846 2090 ὀντό-

1962 2056 2066 2115 tas;
2097 2062 2221 2119 quae
2262 2058 2392 2103 sunt
2433 2048 2639 2111 omnia,
2680 2049 2906 2118 ipsaque
2950 2048 3157 2103 entitas
3191 2046 3277 2121 (ut
3316 2049 3535 2120 vocant)

276 2158 396 2212 της,
432 2138 570 2194 θεοῦ
620 2136 903 2211 προδήλως
961 2136 1098 2207 ἔργα
1141 2133 1502 2204 τυγχάνουσιν
1526 2148 1540 2161 ·
1572 2128 1710 2184 ἀλλά
1734 2169 1749 2192 ,
1772 2126 1851 2180 -τά

280 2234 400 2305 μὲν,
422 2233 516 2287 τοῦ
545 2227 686 2286 εἶναι
711 2230 976 2303 χρονικῶς
1008 2228 1259 2300 ὴργμένα
1286 2244 1300 2257 ·
1336 2221 1405 2298 ἦν
1435 2224 1545 2294 γάρ
1566 2237 1694 2276 ποτε
1717 2262 1733 2287 ,
1762 2220 1851 2273 ὅτε

277 2327 380 2379 οὐκ
407 2321 515 2397 ἦν’
559 2326 630 2380 τὰ
675 2324 756 2390 δὲ,
783 2323 879 2378 τοῦ
924 2316 1067 2376 εἶναι
1107 2318 1376 2392 χρονικῶς
1421 2319 1523 2371 οὐκ
1575 2312 1852 2387 ὴργμένα.

279 2412 493 2489 Οὑκνῆν
525 2417 636 2487 γάρ
671 2433 824 2482 ποτε»
856 2417 947 2469 ὅτε
978 2414 1081 2468 οὐκ
1124 2408 1195 2485 ἦν
1233 2409 1405 2482 ἀρετὴ
1452 2409 1548 2463 καὶ
1578 2405 1854 2475 ἀγαθότης

277 2512 375 2565 καὶ
419 2511 645 2580 ἀγιότης
696 2509 793 2562 καὶ
842 2505 1143 2562 ἀθανασία.
1185 2503 1296 2556 Καὶ
1338 2501 1407 2555 τὰ
1461 2498 1561 2570 μὲν
1604 2496 1857 2569 ¹ιλργμένα

276 2598 573 2672 χρονικῶς,
607 2601 675 2670 τῇ
708 2599 912 2667 μετοχῇ
960 2595 1071 2649 τῶν
1113 2593 1216 2649 οὐκ
1255 2592 1546 2666 ἡργμένων
1588 2587 1859 2662 χρονικῶς

281 2692 391 2746 είσὶ
432 2691 529 2745 καὶ
566 2688 815 2759 λέγονται
840 2686 983 2740 τοῦθ’
1002 2686 1140 2757 ὅπερ
1167 2685 1266 2738 καὶ
1300 2684 1408 2736 εἰσὶ
1437 2682 1536 2737 καὶ
1582 2681 1855 2749 λέγονται.

282 2783 471 2854 Πάσης
526 2780 635 2853 γάρ
675 2780 821 2850 ζωῆς
859 2778 956 2832 καὶ
996 2775 1319 2839 ἀθανασίας,
1355 2772 1638 2845 ἁγιότητός
1670 2789 1730 2826 τε
1767 2771 1862 2825 καὶ

283 2876 489 2947 ἀρετῆς
513 2914 529 2938 ,
586 2869 917 2944 δημιουργός
977 2869 1125 2921 ἐστιν
1166 2870 1196 2921 ὁ
1250 2865 1381 2930 Θεός
1415 2882 1428 2894 ·
1486 2865 1626 2936 ὑπὲρ
1672 2862 1861 2918 οὐσίαν

283 2969 394 3039 γὰρ
428 2967 646 3021 πάντων
696 2963 808 3017 τῶν
852 2979 914 3017 τε
939 2959 1255 3033 ,νοουμένων
1305 2958 1400 3013 καὶ
1433 2959 1742 3028 λεγομένων
1774 2954 1862 3021 ἐξ-

222 3112 225 3117 ι
285 3060 510 3131 ῄρηται.

1950 2141 2074 2210 ejus
2096 2140 2245 2211 quod
2273 2148 2361 2196 est
2388 2139 2530 2195 ratio
2544 2169 2566 2202 “.
2599 2140 2696 2195 Dei
2718 2140 2901 2211 palam
2937 2151 3067 2196 sunt
3104 2153 3313 2210 Opera:
3341 2156 3410 2195 ex
3450 2141 3540 2196 bis

1954 2242 2160 2298 tamen,
2189 2233 2295 2288 alia
2338 2243 2688 2304 temporanee
2727 2241 3019 2303 coeperunt
3055 2248 3178 2289 esse
3210 2232 3352 2306 (erat
3389 2234 3538 2290 enim

1954 2325 2255 2395 aliquando
2294 2326 2516 2397 quando
2560 2341 2671 2381 non
2697 2326 2902 2396 erant),
2927 2324 3037 2380 alia
3072 2339 3138 2379 ex
3170 2325 3324 2380 nullo
3353 2340 3540 2395 caepe:

1956 2425 2088 2471 runt
2128 2425 2399 2486 tempore.
2433 2416 2726 2487 Nunquam
2754 2415 2904 2471 enim
2946 2414 3052 2470 fuit
3094 2429 3220 2469 cum
3263 2415 3443 2470 virtus
3483 2423 3542 2468 et

1957 2505 2176 2562 bonitas
2197 2515 2255 2560 et
2279 2504 2543 2561 sanctitas
2570 2514 2630 2560 et
2660 2503 3049 2560 immortalitas
3081 2517 3199 2557 non
3225 2512 3436 2559 essent.
3462 2504 3541 2559 Ac

1957 2596 2183 2668 quidem
2224 2611 2325 2662 ea,
2369 2611 2493 2666 quae
2535 2603 2888 2665 temperance
2925 2602 3108 2664 empta
3154 2602 3314 2657 sunt,
3341 2608 3540 2649 eorum

1956 2705 2081 2760 quae
2131 2705 2243 2744 non
2306 2698 2437 2744 sunt
2489 2696 2667 2758 empta
2712 2694 3071 2757 temporanee
3121 2685 3544 2756 participatione

1957 2789 2090 2837 sunt
2139 2796 2203 2836 ac
2249 2780 2536 2844 dicuntur,
2577 2777 2657 2843 id,
2688 2777 2838 2848 quod
2879 2786 2938 2834 et
2982 2787 3113 2833 sunt
3153 2786 3213 2834 et
3257 2777 3542 2832 dicuntur.

1960 2872 2106 2928 Deus
2133 2882 2370 2942 namque
2397 2871 2579 2926 omnis
2601 2880 2659 2926 et
2682 2869 2810 2925 vitae
2833 2877 2892 2925 et
2932 2868 3379 2934 immortalitatis,
3419 2885 3546 2925 san-

1956 2962 2277 3032 ctitatisquc
2310 2972 2360 3017 et
2389 2961 2625 3029 ,virtntis
2650 2960 2906 3015 conditor
2936 2971 3023 3016 est
3044 2978 3062 3014 -:
3085 2961 3291 3031 quippe
3316 2961 3411 3032 qui
3455 2976 3548 3015 su-

1844 3106 1847 3109 .
1961 3070 2059 3126 pra
2099 3056 2395 3111 essentiam
2425 3054 2671 3109 omnium
2697 3069 2816 3125 qua
2843 3053 3249 3125 intelliguntur,
3286 3061 3386 3109 aut
3420 3070 3548 3124 quae

1967 3145 2228 3201 dicuntur
2241 3185 2257 3211 ,
2295 3145 2521 3201 eminet.

358 3239 463 3297 να’.
507 3239 574 3292 Ἥ
616 3238 752 3308 ἕκτη
788 3234 933 3290 κατά
954 3234 1053 3307 τὴν
1097 3232 1321 3306 Γραφὴν
1365 3230 1569 3303 ἡμέρα,
1602 3229 1702 3301 τὴν
1753 3226 1861 3281 τῶν

2034 3238 2123 3293 51.
2172 3236 2337 3292 Sexta
2363 3237 2506 3302 dies,
2537 3237 2692 3307 juxta
2734 3234 3096 3305 Scripturam,
3143 3251 3341 3292 eorum
3385 3236 3548 3294 docet

284 3333 397 3389 ὑπὸ
437 3331 600 3402 φύσιν
656 3328 826 3383 ὅντων
878 3329 1185 3398 εἰσηγεῖται
1238 3324 1639 3395 συμπλήρωσιν
1669 3338 1686 3352 ο
1727 3323 1760 3390 ὴ
1806 3320 1863 3373 δὲ

289 3424 515 3494 ἑϐδόμη,
538 3424 639 3493 τῆς
670 3420 934 3492 χρονικῆς
965 3419 1230 3489 ἰδιότητος
1271 3417 1606 3487 περιγράφει
1654 3411 1755 3484 τὴν
1778 3412 1865 3464 κί-

288 3531 445 3586 νησιν
477 3529 490 3543 ο
526 3514 560 3583 ἡ
587 3512 644 3565 δὲ
663 3510 847 3580 ὀγδόη,
875 3509 974 3579 τῆς
1011 3507 1154 3577 ὑπὲρ
1183 3504 1345 3574 φύσιν
1382 3506 1479 3560 καὶ
1503 3503 1697 3576 χρόνον
1731 3503 1865 3555 ὑπο-

287 3606 441 3676 δηλοῖ
469 3602 856 3664 καταστάσεως
888 3599 982 3654 τὸν
1005 3598 1227 3670 τρόπον.

370 3778 475 3850 νβ’»
511 3780 570 3831 '0
626 3777 726 3845 τὴν
778 3776 945 3845 ἱκτην
984 3774 1147 3845 μόνον
1208 3772 1352 3826 κατά
1389 3774 1480 3826 τὸν
1509 3774 1674 3844 νόμον
1718 3772 1869 3841 ἄγων

294 3877 531 3946 ἡμέραν,
583 3873 683 3942 τὴν
733 3871 853 3924 κατ’
881 3870 1164 3939 ἐνέργειαν
1218 3867 1576 3922 ὲκθλίϐουσαν
1619 3869 1721 3939 τὴν
1741 3904 1744 3908 λ
1766 3868 1871 3937 ψυ-

296 3969 399 4040 χὴν
460 3965 572 4018 τῶν
643 3961 832 4017 παθῶν
912 3962 1130 4031 φεύγων
1199 3961 1552 4024 δυναστείαν,
1616 3961 1705 4015 διὰ.
1772 3962 1872 4031 τῆς

296 4056 576 4125 Θαλάσσης
630 4054 851 4123 ἀφόϐως
896 4054 990 4107 ἐπὶ
1028 4052 1128 4124 τὴν
1179 4053 1386 4125 ἔρημον
1429 4051 1697 4106 διαϐαίνει
1730 4069 1745 4082 ·
1771 4052 1872 4122 τὴν

294 4148 405 4202 τῶν
459 4145 649 4201 παθῶν
688 4145 890 4216 ἀργίαν
948 4145 1115 4216 μόνην
1160 4142 1525 4209 σαϐϐατίζων.
1575 4143 1634 4196 '0
1661 4143 1718 4197 δὲ
1780 4144 1872 4197 τὸν

310 4238 585 4311 Ἰορδάνην
608 4236 823 4299 διαϐὰς,
852 4238 948 4290 καὶ
979 4234 1149 4306 αὐτὴν
1177 4234 1462 4289 ἀπολιπὼν
1490 4235 1588 4306 τὴν
1622 4236 1731 4289 τῶν
1766 4254 1872 4290 πα-

208 4320 219 4337 ’
297 4331 407 4386 ϐῶν
448 4330 608 4401 μόνον
626 4327 905 4400 ἀργοῦσαν
932 4322 1290 4396 κατάστασιν,
1318 4323 1480 4396 ἦλθεν
1521 4328 1602 4391 είς
1639 4328 1738 4399 τὴν
1764 4328 1872 4382 τῶν

295 4424 510 4497 ἀρετῶν
542 4420 927 4495 κληρονομίαν.
1412 4410 1433 4420 ’

367 4607 469 4671 v7'.
512 4601 573 4655 '0
605 4600 702 4670 τὴν
728 4600 891 4671 ’ἐκτην
913 4599 1283 4668 εὐαγγελικῶς
1309 4600 1458 4670 ἄγων
1482 4600 1717 4672 ἡμέραν,
1736 4603 1870 4657 ὀπο-

298 4694 515 4758 κτείνας
542 4693 804 4765 πρότερον
839 4692 908 4747 τὰ
936 4692 1038 4762 τῆς
1068 4692 1345 4763 ἁμαρτίας
1396 4694 1591 4765 πρῶτα
1631 4696 1870 4767 κινήμα-

295 4801 388 4849 τα,
420 4783 520 4854 τὴν
552 4783 733 4850 πάσης
753 4781 952 4844 κακίας
984 4781 1192 4853 ἔρημον
1220 4780 1307 4836 διὰ
1325 4781 1436 4836 τῶν
1464 4784 1677 4855 ἀρετῶν
1699 4803 1872 4840 κατα-

298 4874 567 4946 λαμϐάνει
610 4875 712 4944 τῆς
762 4873 1032 4937 ἀπαθείας
1093 4874 1426 4928 κατάστασιν
1456 4890 1471 4904 ·
1531 4877 1875 4944 σαϐϐατίζων

299 4966 445 5021 κατὰ
473 4956 598 5019 νοῦν
627 4966 723 5020 καὶ
752 4965 924 5034 αὐτῆς
952 4964 1115 5035 ψιλῆς
1144 4964 1245 5034 τῆς
1272 4964 1381 5018 τῶν
1420 4967 1615 5020 παοῶν
1666 4986 1874 5037 φαντα-

372 5143 462 5216 (ῙΑ)
523 5144 594 5197 Τὸ
650 5143 769 5216 μὲνρ
820 5145 972 5198 κατὰ
1023 5143 1267 5214 γένεσιν
1320 5143 1551 5216 ἦρκται,
1604 5148 1726 5204 Alte
1782 5149 1875 5205 hic

298 5214 533 5270 Maximo
565 5214 815 5289 exposita
859 5216 1001 5289 ratio
1041 5216 1189 5289 entis
1233 5214 1425 5289 creati,
1471 5228 1530 5273 et
1576 5218 1872 5289 perfectio-

297 5298 433 5339 num
486 5299 625 5355 quas
680 5284 1050 5353 perfectiones
1116 5287 1440 5355 simpliciter
1492 5284 1712 5343 vocant.
1761 5291 1873 5346 Ens

291 5363 567 5415 creatum,
602 5354 781 5426 ipsum
808 5362 901 5409 .est
941 5356 1097 5423 cujus
1138 5354 1359 5425 proprie
1395 5358 1612 5426 genesis
1634 5368 1690 5415 et
1715 5369 1872 5416 ortus

297 5439 396 5481 seu
417 5424 731 5493 procreatio
767 5435 851 5479 est
871 5440 939 5480 ac
978 5424 1345 5494 dependentia
1372 5424 1407 5482 a'
1428 5429 1541 5483 Deo
1565 5440 1812 5493 auctore,
1837 5447 1869 5486 τι

296 5511 405 5565 qua
428 5494 595 5569 nulla
614 5510 704 5569 res
732 5495 1003 5549 exsistcns
1037 5495 1091 5569 in
1127 5510 1226 5569 sua
1249 5498 1481 5569 ratione
1514 5499 1723 5554 absolvi
1767 5516 1868 5569 po-

296 5564 441 5639 test._
466 5564 841 5639 Perfectiones
867 5581 999 5639 vero
1027 5565 1372 5639 simpliciter,
1406 5579 1535 5623 sunt
1572 5570 1703 5639 ipsae
1730 5564 1870 5624 divi-

295 5650 382 5690 nae
409 5633 587 5698 dotes,
617 5651 755 5705 quas
780 5636 925 5690 Deus
953 5633 1149 5690 intime
1174 5636 1339 5692 rebus
1362 5633 1621 5705 prmsens,
1650 5639 1866 5704 iisdem,

224 5738 227 5741 λ
294 5720 361 5779 ac
389 5705 546 5779 quasi
593 5706 838 5779 easdem.
871 5705 1017 5779 quod
1064 5707 1262 5779 attinet
1303 5705 1375 5761 ad
1412 5713 1741 5779 conceptum
1786 5711 1869 5766 sic

236 5815 241 5819 -
298 5775 733 5844 abstrahentem,
762 5775 1181 5847 impartitzquo
1225 5776 1305 5845 ﬁt,
1333 5787 1392 5833 ut
1420 5779 1500 5836 sic
1551 5775 1647 5835 D'ci
1700 5794 1870 5852 opera

1963 3329 2450 3399 complementum,
2479 3342 2603 3398 qua:
2631 3336 2762 3383 sunt
2799 3327 2904 3382 sub
2928 3336 3126 3383 natura
3148 3343 3168 3381 ε
3192 3328 3425 3399 septima
3444 3345 3548 3384 θυι

1964 3429 2096 3483 tem,
2124 3427 2488 3488 temperance:
2506 3416 2670 3490 472
2692 3418 3045 3489 proprietatis
3073 3428 3280 3475 motum
3308 3420 3548 3477 circum-

1965 3510 2196 3566 scribit:
2225 3518 2418 3565 octava
2460 3507 2704 3573 demum,
2746 3509 2867 3579 ejus
2897 3517 3072 3564 status
3101 3511 3198 3581 qui
3239 3518 3438 3567 natura
3464 3523 3544 3568 at-~

1965 3617 2073 3672 que
2100 3610 2348 3671 tempore
2391 3601 2644 3671 superior
2674 3610 2778 3667 est,
2816 3602 3041 3658 modum
3087 3604 3350 3661 subnotat
3385 3615 3551 3676 atque

1969 3693 2172 3748 innuit.

2037 3782 2128 3837 52.
2169 3782 2275 3849 Qui
2314 3790 2523 3838 sextam
2567 3782 2834 3839 duntaxat
2864 3782 3012 3839 diem
3056 3783 3218 3855 legali
3249 3788 3359 3843 ritu
3399 3789 3548 3860 agit.

1969 3872 2400 3942 opprimentium
2447 3878 2564 3943 ipsa
2614 3888 2675 3928 re
2722 3883 2959 3944 actuque
3004 3874 3299 3932 all‘ectuum
3331 3893 3397 3939 ac
3421 3896 3551 3950 per-

1971 3962 2346 4017 turbationum
2388 3963 2730 4019 dominatum
2776 3964 3012 4035 fugiens,
3061 3966 3337 4038 intrepide
3384 3972 3553 4028 maris

1974 4053 2188 4110 tramite
2216 4054 2273 4109 in
2304 4055 2585 4111 desertum
2619 4057 2843 4123 transit;
2871 4050 2967 4128 qui
2997 4058 3207 4115 scilicet
3234 4061 3429 4117 borum
3459 4079 3551 4119 so-

1971 4144 2252 4203 lummodo
2272 4146 2468 4208 otium,
2494 4161 2590 4201 seu
2610 4146 2682 4201 ab
2704 4147 2793 4203 his
2811 4147 3196 4216 cessationem,
3224 4150 3548 4211 sabbatizri.

1972 4237 2061 4303 At,
2094 4235 2188 4307 qui
2226 4245 2487 4308 superato
2515 4237 2776 4304 Jordane,
2817 4238 2995 4308 ipsum
3028 4256 3249 4310 quoque
3297 4243 3432 4299 solis
3470 4248 3551 4300 ai-

1970 4329 2208 4386 fectibus
2239 4345 2304 4385 ac
2326 4329 2837 4399 perturbationibus
2868 4331 3131 4387 otiantem
3157 4342 3324 4404 atque
3357 4351 3553 4392 vacan-

1972 4430 2085 4477 tem
2112 4430 2323 4476 statum
2355 4421 2598 4492 reliquit,
2631 4423 2803 4493 ipsam
2847 4422 3112 4478 virtutum
3144 4426 3552 4495 possessionem

1972 4511 2132 4579 adiit.

2046 4606 2135 4662 55.
2174 4604 2276 4672 Qui
2309 4612 2437 4659 ante
2469 4603 2772 4675 peremptis
2804 4605 2997 4675 primis
3032 4610 3240 4678 peccati
3289 4612 3551 4679 motibus,

1973 4705 2182 4753 sextam
2221 4696 2368 4751 diem
2399 4696 2712 4767 evangelice
2750 4697 2883 4768 agit,
2913 4699 3060 4754 omni
3088 4702 3358 4770 pravitate
3387 4714 3553 4776 atque

1974 4788 2109 4843 vitio
2144 4794 2454 4853 vacantem,
2506 4788 2657 4843 velut
2705 4789 3005 4858 desertum,
3057 4792 3322 4851 virtutum
3376 4799 3550 4863 cultu,

1972 4879 2488 4951 imperturbationis
2532 4880 2728 4951 arripit
2777 4890 3009 4948 statum,
3054 4885 3124 4940 ab
3168 4886 3285 4956 ipsa
3334 4904 3554 4961 quoque

1975 4972 2123 5028 nuda
2152 4972 2629 5043 perturbationum
2662 4972 3072 5046 aﬂ‘ectuumque
3099 4978 3432 5048 cogitatione
3454 4996 3549 5037 seu

2032 5090 2038 5098 ι

2452 5108 2458 5135 Ι

1979 5152 2379 5276 intellifantur,
2418 5161 2475 5205 et
2506 5166 2546 5205 a
2586 5152 2721 5216 Deo,
2756 5153 3105 5210 emanatione
3147 5157 3217 5212 ab
3251 5159 3392 5228 ipso.
3437 5163 3555 5219 sive

1982 5223 2201 5276 virtuai
2244 5222 2299 5276 in
2338 5221 2542 5276 seinse.
2586 5223 2704 5276 sive
2736 5224 2869 5276 reali
2913 5223 2969 5276 in
3011 5227 3233 5276 creatis-
3267 5241 3326 5276 ιιι
3371 5240 3552 5276 mmm-

1982 5221 2201 5293 virtuali
2244 5222 2299 5276 in
2338 5221 2542 5293 seipse,
2586 5223 2869 5293 si_ve_reali
2913 5223 2969 5278 in
3011 5227 3234 5292 creatis,
3267 5221 3326 5283 ut
3371 5240 3553 5290 tamen

1978 5291 2158 5372 eti-pta
2189 5291 2477 5372 χρονικῷς,
2507 5291 2679 5372 utsic
2709 5291 3030 5372 formaliter,
3060 5304 3119 5372 et
3152 5291 3330 5355 inilla
3371 5304 3555 5372 perfe-

1978 5361 2472 5441 ctionis'absoluue
2504 5361 2737 5441 ratione,
2784 5377 2896 5418 non
2940 5361 3556 5441 intelligantnrfqnod

1975 5447 2104 5487 vere
2128 5431 2435 5503 secundum
2459 5439 2633 5503 totum
2660 5431 2814 5503 illum
2844 5431 3169 5503 conceptum
3196 5452 3259 5492 ac
3285 5431 3557 5499 rationem

1974 5503 2141 5577 etiam
2172 5503 2368 5577 in_Deo
2394 5501 2506 5577 sirit
2531 5519 2545 5554 :
2575 5501 2630 5555 in
2657 5502 2794 5564 Deo,
2816 5504 2942 5577 ipse
2970 5501 3142 5573 Deus;
3174 5509 3228 5561 in
3260 5514 3554 5577 creaturis,

1973 5574 2095 5644 ejus
2125 5571 2671 5644 bonitatis~etlectus,
2722 5571 2867 5628 unde
2912 5585 2999 5629 est
3040 5585 3100 5630 ut
3131 5571 3187 5631 et
3230 5578 3402 5635 Deum
3452 5571 3558 5638 sub

1975 5641 2177 5725 talibus
2217 5641 2579 5713 conceptibus
2626 5651 2688 5698 ut
2730 5652 3016 5701 auctorem
3070 5646 3442 5721 intelligamus
3495 5664 3558 5707 ao

1972 5727 2341 5768 llOlBlﬂOﬂlﬂS.
