4140 6322
664 381 804 450 1103

1831 371 1891 430 S.
1927 369 2217 430 MAXIMI
2258 369 2776 432 CONFESSORIS

3797 372 3944 438 1104

657 491 1076 557 informatione,
1125 495 1311 543 mente
1360 481 1730 541 sabbatizans.
1778 480 1880 546 At,
1911 481 2005 551 qui
2051 481 2230 536 Jorda-

2355 481 2498 546 σίας.
2544 484 2603 536 ’0
2636 482 2694 535 δὲ
2741 482 2833 537 τὸν
2881 482 3160 554 Ἰορδάνην
3190 483 3552 554 διαπεράσας,
3578 486 3664 551 είς
3705 485 3803 559 τὴν
3837 489 3946 557 τῆς

656 606 782 648 nem
819 583 1146 649 transmisit,
1177 581 1233 636 in
1280 577 1527 636 scientia:
1575 575 1899 646 commigrat
1928 575 2242 646 regionem;

657 685 714 738 in
748 695 855 752 qua
887 691 1043 734 mens
1070 673 1302 747 mystice
1331 670 1485 742 pacis
1517 667 1900 744 aediﬁcatione,
1927 667 1983 721 in
2015 667 2108 722 Dei
2148 666 2248 721 ha-

655 771 957 829 bitaculum
989 768 1044 822 in
1077 765 1275 837 spiritu
1299 761 1502 818 evadit.

724 866 813 922 54.
841 862 945 930 Qui
990 858 1177 916 divine
1220 852 1608 913 consentaneis
1653 850 1918 922 operibus
1962 848 2245 917 animique

652 955 984 1020 rationibus,
1020 951 1126 1008 sibi
1164 951 1281 1021 ipse
1313 948 1460 1002 diem
1497 952 1712 1001 sextum
1757 941 2083 1012 complevit;
2128 940 2245 1010 ipse

653 1061 875 1119 quoque
901 1060 1009 1099 una
1041 1058 1163 1098 cum
1191 1042 1304 1095 Deo
1337 1038 1624 1094 absolutus
1666 1034 1928 1104 praeclare
1960 1031 2076 1087 suis
2107 1046 2244 1101 ope-

652 1143 826 1206 ribus,
860 1152 1079 1194 omnem
1122 1148 1310 1189 rerum
1349 1139 1563 1186 natura:
1591 1135 1756 1197 atque
1789 1123 2021 1194 tempori
2063 1123 2246 1193 subje-

650 1243 862 1288 ctarum
900 1226 1263 1284 substantiam
1302 1223 1508 1277 mentis
1536 1215 2240 1286 consideratione'trajecit,

649 1336 812 1394 atque
851 1321 916 1376 ad
955 1319 1304 1380 saeculorum,
1333 1325 1640 1382 eorumque
1670 1324 1792 1381 quae
1825 1307 1880 1362 in
1916 1309 2000 1362 eis
2035 1316 2240 1362 aeterna

649 1422 798 1477 sunt,
834 1410 1117 1482 mysticam
1157 1403 1677 1474 contemplationem
1727 1397 2013 1469 migravit,
2058 1395 2244 1466 ignota

647 1505 884 1576 quadam
929 1501 1165 1562 ratione,
1203 1495 1351 1568 quod
1388 1510 1478 1550 res
1525 1507 1722 1550 omnes
1766 1504 1998 1562 prorsus
2040 1487 2243 1542 dereli-

649 1599 770 1668 qui‘t
800 1611 863 1650 ac
890 1591 1192 1664 superavit,
1220 1589 1405 1644 animo
1430 1585 1796 1641 sabbatizans.
1832 1584 1921 1648 At,
1945 1581 2039 1651 qui
2071 1581 2238 1636 etiam

648 1699 896 1744 octavam
941 1683 1184 1740 nancisci
1225 1680 1448 1745 meruit,
1496 1693 1527 1732 a
1564 1674 1804 1732 mortuis
1847 1672 2122 1738 surrexit;
2167 1671 2238 1726 ab

647 1781 906 1838 omnibus
929 1777 1143 1833 scilicet
1164 1789 1286 1844 quae
1312 1790 1341 1828 a
1370 1773 1484 1828 Deo
1507 1767 1750 1825 secunda
1779 1776 1927 1832 sunt,
1958 1779 2238 1835 sensuque

2349 575 2612 646 γνώσεως
2646 575 2998 648 μετατίθεται
3026 576 3214 649 χώραν
3249 592 3263 605 ·
3307 577 3431 632 καθ’
3464 579 3531 651 ἢν
3567 580 3597 633 ὀ
3619 579 3768 643 νοῦς.
3805 581 3938 644 vah;

2350 667 2633 738 μυστικῶς
2690 669 2796 722 ὑπὸ
2847 668 2950 738 τῆς
2997 669 3226 740 εἰρήνης
3271 669 3769 742 οἰκοδομούμενος,
3799 671 3940 726 Θεοῦ

2345 761 2773 832 κατοικητήριοι
2795 760 3011 830 γίνεται
3048 764 3106 814 ἔν
3141 762 3437 833 πνεύματι.

2416 853 2510 905 νδ’.
2561 851 2621 906 '0
2649 852 2749 923 τὴν
2775 853 2946 924 ἔνην
3001 849 3205 916 θεῑκῶς
3262 853 3406 923 μετὰ
3453 854 3564 908 τῶν
3600 857 3940 929 προσφόρων

2345 945 2524 1016 ἔργων
2553 944 2648 998 καὶ
2677 942 2900 996 ἐννοιῶν
2929 942 3108 1014 ἑαυτῷ
3141 943 3555 1015 συμπληρώσας
3573 949 3815 1019 ἡμέραν,
3845 954 3942 1004 καὶ

2345 1036 2510 1099 αὐτὸς
2547 1034 2688 1106 μετὰ
2717 1034 2814 1089 τοῦ
2846 1034 2986 1088 Θεοῦ
3031 1035 3216 1100 καλῶς
3259 1035 3329 1089 τὰ
3373 1037 3571 1091 ἑαυτοῦ
3608 1040 3941 1105 συντελέσας

2345 1129 2507 1198 ἔργα,
2530 1126 2684 1197 διέϐη
2707 1133 2776 1198 τῇ
2811 1129 3141 1197 κατανοήσει
3166 1129 3350 1182 πᾶσαν
3373 1129 3474 1200 τὴν
3497 1130 3609 1183 τῶν
3635 1132 3746 1186 ὑπὸ
3770 1134 3940 1201 φύσιν

2345 1222 2440 1275 καὶ
2475 1222 2666 1291 χρόνον
2715 1220 3015 1274 ὑπόστασιν
3045 1220 3142 1290 (It),
3169 1221 3264 1275 καὶ
3315 1223 3397 1285 είς
3445 1222 3546 1291 τὴν
3578 1223 3940 1278 τῶνκαίώνων

2345 1314 2439 1366 καὶ
2489 1312 2597 1366 τῶν
2649 1311 2884 1366 αἰωνίων
2927 1311 3262 1383 μετετάξατο
3319 1315 3593 1386 μυστικὴν
3647 1315 3886 1387 Θεωρίαν
3921 1335 3935 1348 ⁸

2345 1404 2692 1469 σαϐϐατίζων
2730 1403 3027 1471 ἀγνώστως
3080 1404 3221 1458 κατὰ
3265 1403 3413 1472 νοῦν,
3449 1406 3546 1478 τὴν
3581 1407 3773 1479 ὀλικὴν
3829 1393 3939 1462 τῶν

2342 1497 2512 1550 ὀντων
2553 1494 2843 1564 ἁπόλειψίν
2889 1511 2947 1546 τε
2995 1495 3092 1548 καὶ
3142 1496 3469 1568 ὑπέρϐασιν.
3513 1499 3571 1551 '0
3611 1499 3669 1551 δὲ
3705 1501 3806 1553 καὶ
3841 1501 3938 1570 τῆς

2341 1587 2537 1656 ὀγδόης
2579 1585 2854 1652 ἀξιωθεὶς,
2888 1587 2952 1639 ἐκ
2981 1585 3092 1640 τῶν
3125 1587 3338 1658 νεκρῶν
3370 1589 3571 1660 ἀνέστη
3602 1607 3617 1621 ·
3652 1590 3762 1644 τῶν
3798 1593 3938 1662 μετὰ

2341 1679 2477 1732 Θεὸν
2500 1677 2648 1746 λέγω
2678 1679 2918 1742 πάντων,
2953 1678 3231 1750 αίσθητῶν
3255 1697 3318 1734 τε
3349 1682 3445 1735 καὶ
3470 1683 3700 1752 νοητῶν,
3727 1686 3826 1738 καὶ
3851 1685 3938 1740 λό-

2341 1787 2456 1838 γων
2488 1770 2584 1823 καὶ
2629 1769 2921 1840 νοημάτων
2940 1785 2954 1799 '
2991 1770 3088 1823 καὶ
3114 1769 3279 1841 ἔζησε
3307 1773 3408 1842 τὴν
3439 1773 3534 1826 τοῦ
3577 1775 3714 1828 Θεοῦ
3752 1793 3935 1845 μακαο

647 1872 1033 1945 percipiuntur
1052 1883 1116 1924 ac
1139 1877 1322 1922 mente
1348 1863 1751 1934 intelliguntur,
1779 1857 2087 1913 rationibus
2106 1872 2230 1911 con-

2341 1863 2465 1936 ρίαν
2503 1861 2672 1933 ζωὴν,
2704 1860 2799 1915 τοῦ
2856 1862 3020 1933 μόνον
3068 1862 3192 1917 κατ’
3222 1863 3488 1934 ἀλήθειαν
3530 1865 3737 1938 κυρίως
3784 1867 3934 1940 ζωῆς

647 1965 1042 2037 ceptibusque;
1070 1961 1279 2030 Deique
1306 1958 1524 2013 beatam
1551 1955 1721 2010 vitam
1761 1951 1918 2015 vixit,
1947 1950 2044 2020 qui
2086 1948 2237 2003 solus

649 2058 950 2116 secundum
992 2053 1284 2108 veritatem
1329 2047 1551 2120 proprie
1579 2045 1693 2100 vita
1733 2052 1848 2098 tum
1884 2041 2088 2097 dicitur
2118 2049 2235 2095 tum

648 2149 904 2214 exsistit,
969 2154 1032 2200 ut
1092 2143 1187 2215 qui
1251 2151 1312 2197 et
1358 2140 1475 2211 ipse
1523 2135 1872 2192 deiﬁcatione
1918 2133 2060 2188 deus
2102 2145 2235 2188 eva-

647 2242 802 2298 serit.

718 2334 808 2389 55.
858 2331 1021 2388 Sexta
1066 2327 1188 2384 dies
1230 2333 1338 2391 est,
1366 2337 1560 2379 eorum
1593 2319 1692 2391 qui
1732 2317 1936 2374 actioni
1987 2315 2234 2383 student,

645 2423 982 2480 naturalium
1006 2418 1390 2491 operationum
1405 2413 1636 2470 colenda
1651 2412 1858 2467 virtute
1873 2410 2034 2481 plena
2054 2409 2232 2464 adim-

645 2517 816 2587 pletio
846 2532 858 2568 :
895 2512 1128 2584 septima
1175 2517 1381 2573 autem,
1414 2521 1608 2564 eorum
1639 2504 1737 2577 qui
1781 2501 2234 2573 contemplationi

645 2608 818 2664 dediti
853 2614 1004 2670 sunt,
1033 2603 1370 2659 naturalium
1410 2600 1658 2655 omnium
1688 2597 2083 2668 cogitationum
2113 2594 2236 2649 ani»

647 2701 832 2770 miquc
887 2698 1172 2752 rationum'
1213 2695 1358 2749 circa
1396 2706 1652 2747 arcanam
1695 2687 2235 2757 reconditioremque

646 2791 933 2846 scientiam
963 2786 1278 2842 terminatio
1311 2800 1378 2840 ac
1399 2784 1559 2854 quies
1586 2800 1598 2836 :
1628 2789 1820 2838 octava
1853 2796 2008 2846 vero,
2041 2795 2233 2836 eorum

646 2884 740 2953 qui
774 2882 925 2953 digni
973 2881 1084 2935 sint
1129 2878 1185 2932 in
1219 2875 1622 2932 deificationem
1653 2875 1919 2930 transitus
1960 2889 2024 2928 ac
2058 2881 2236 2928 muta-

648 2976 743 3030 tio.
782 2974 879 3036 Ac,
911 2987 979 3026 ne
1015 2971 1157 3026 forte
1201 2969 1487 3033 Dominus,
1523 2967 1814 3037 septimam
1859 2967 2020 3021 istam
2067 2975 2234 3036 atque

646 3079 894 3125 octavam
929 3068 1238 3123 abstrusius
1281 3067 1538 3130 innuens,
1591 3063 2059 3117 consummationis
2092 3061 2234 3114 diem

645 3163 934 3231 horamque
963 3159 1322 3230 appellaverit
1345 3158 1412 3222 ¹¹¹,
1439 3164 1500 3210 ut
1528 3171 1650 3226 quae
1687 3154 1931 3208 omnium
1970 3151 2232 3224 mysteria

645 3254 999 3322 rationesque
1047 3251 1210 3323 4'73
1257 3249 1698 3305 circumscribat.
1719 3245 1828 3300 Has
1871 3257 2040 3315 porro
2077 3244 2232 3298 nulla

642 3354 874 3412 prorsus
919 3339 1228 3393 caelestium
1288 3353 1352 3391 ac
1399 3336 1742 3391 terrestrium
1791 3335 2059 3389 virtutum
2104 3342 2231 3387 ante

643 3429 1303 3499 delibatampassionem
1354 3429 1586 3498 ejusque
1637 3427 1842 3480 factum
1889 3425 2226 3496 periculum,

644 3539 807 3578 nosse
832 3521 1064 3592 poterit,
1093 3532 1322 3590 excepta
1363 3519 1628 3573 duntaxat
1664 3519 1821 3573 beata
1856 3517 2082 3582 deitate,
2108 3531 2230 3587 quae

645 3615 763 3668 haec
801 3611 952 3666 facit.

717 3706 805 3761 56.
831 3705 992 3760 Sexta
1016 3703 1156 3769 dies,
1181 3706 1301 3774 ejus
1323 3700 1470 3772 quod
1495 3708 1582 3756 est
1601 3715 1723 3756 esse
1747 3714 1930 3755 rerum
1956 3699 2226 3755 rationem

645 3799 853 3864 innuit;
887 3798 1116 3867 septima
1142 3805 1350 3860 autem,
1373 3796 1495 3867 ejus
1521 3794 1667 3865 quod
1695 3802 1782 3849 est
1806 3793 1948 3849 bene
1978 3809 2043 3849 ac
2068 3793 2227 3848 beate

643 3906 764 3946 esse
785 3906 992 3952 rerum,
1017 3889 1241 3943 modum
1263 3887 1550 3958 subaperit
1573 3905 1586 3941 :
1612 3894 1802 3942 octava
1825 3887 2085 3957 denique,
2107 3887 2228 3956 ejus

642 3980 789 4050 quod
815 3989 896 4035 est
921 3981 1061 4035 bene
1087 3994 1306 4048 semper
1327 3993 1392 4034 ac
1414 3979 1572 4034 beate
1596 3993 1718 4034 esse
1743 3993 2005 4034 arcanum
2025 3985 2228 4050 myste-

641 4072 785 4126 rium
812 4071 1042 4142 detegit.
2176 4136 2185 4144 υ

713 4167 798 4222 57.
828 4165 932 4233 Qui
969 4173 1178 4221 sextam
1209 4164 1383 4230 diem,
1405 4165 1527 4236 ejus
1553 4163 1892 4236 Operationis
1916 4162 2223 4234 symbolum

641 4277 762 4316 esse
796 4261 1139 4325 noverimus,
1167 4276 1290 4331 qua:
1323 4260 1527 4314 actioni
1563 4273 1888 4328 morumque
1921 4256 2224 4326 disciplina

641 4353 1014 4424 impenditur,
1044 4368 1207 4408 omne
1252 4351 1309 4406 in
1351 4367 1415 4406 ea
1453 4350 1676 4406 virtutis
1715 4365 1944 4421 operum
1991 4363 2222 4418 pensum

640 4444 995 4514 impleamus;
1022 4452 1083 4498 ut
1106 4444 1173 4499 de
1201 4443 1362 4498 nobis
1384 4445 1548 4499 etiam
1572 4443 1788 4515 dicatur
1808 4441 1942 4496 illud
1969 4459 1982 4494 :
2005 4440 2076 4496 Et
2091 4440 2224 4495 cidit

639 4533 779 4586 Deus
804 4542 992 4587 cuncta
1016 4549 1134 4604 qua?
1160 4535 1376 4604 fecerat,
1402 4542 1451 4588 et
1475 4542 1627 4587 erant
1651 4532 1804 4587 valde
1833 4533 1970 4588 bona
1992 4533 2058 4586 ”.

710 4623 802 4678 58.
827 4623 960 4695 Ejus
991 4624 1123 4678 boni
1157 4624 1524 4695 operis,quod
1559 4624 1778 4680 laudem
1813 4639 1844 4679 a
1879 4624 1990 4679 Deo
2022 4623 2221 4693 habet,

638 4728 869 4783 pensum
892 4716 1101 4786 implet,
1122 4717 1217 4786 qui
1237 4717 1448 4772 varium
1472 4717 1657 4771 animo
1675 4717 1940 4771 virtutum
1965 4724 2227 4774 ornatum

639 4815 862 4860 strenue
888 4822 987 4877 per
1006 4822 1207 4878 corpus
1233 4808 1480 4863 elaborat
1502 4823 1565 4862 ac
1593 4806 1834 4863 conﬁcit.

706 4896 794 4953 59.
823 4896 928 4966 Qui
953 4914 1185 4969 operum
1213 4900 1437 4972 iustitiae
1459 4901 1815 4955 Pa‘rascevem
1845 4899 2218 4973 (pmparatio—

637 5004 756 5043 nem
801 4987 1081 5062 dicamus)
1130 4991 1416 5062 implevit,
1450 4991 1519 5045 ad
1567 4991 1833 5061 sapientis
1879 5008 1944 5048 ac
1987 4993 2218 5050 eruditae

705 5144 750 5176 ³³
768 5142 926 5200 Joan.
952 5161 1064 5212 xix,
1083 5146 1174 5201 50.
1249 5148 1294 5178 ³³
1317 5146 1454 5203 Gen.
1481 5164 1518 5214 ι,
1541 5147 1636 5202 51.

708 5281 781 5352 (Ῐί)
809 5282 1025 5355 Πᾶᾳαν
1055 5284 1170 5350 τὴν
1197 5285 1317 5340 τῶν
1337 5286 1456 5341 ὑπὸ
1482 5285 1672 5355 φύσιν
1698 5284 1797 5338 καὶ
1826 5284 2217 5355 χρόνον-βύθιό-

634 5367 879 5409 στασιν.
906 5354 1257 5428 ΙξιιιιίίΜοιοοί
1297 5371 1420 5426 cap.
1454 5353 1736 5428 νηπτικῶν
1779 5363 1854 5428 ς’,
1885 5363 1971 5410 est
1992 5372 2012 5428 Δε
2050 5353 2219 5428 Paulo

634 5433 761 5478 ante
789 5439 907 5496 cap.
935 5426 1024 5490 55,
1057 5427 1294 5494 dixerat,
1321 5424 1427 5498 τῆν
1445 5424 1554 5480 τῶν
1578 5427 1952 5498 φθειρομένων
1982 5424 2220 5478 ὑπόστα-

637 5510 721 5575 σιν
734 5510 756 5575 -_
772 5511 890 5575 quo
918 5505 1152 5575 utroque
1189 5499 1308 5553 loco
1343 5497 1845 5575 videtur_accipere
1877 5511 1999 5575 eam
2023 5510 2215 5575 vocem

638 5572 700 5618 ut
715 5565 787 5636 sit
807 5566 950 5619 idem
974 5583 1037 5622 ac
1063 5565 1346 5634 σύστασις,
1370 5569 1486 5624 sive
1506 5568 1674 5624 etiam
1698 5565 1877 5636 (ῥύσις.
1899 5566 2062 5620 Malui
2096 5565 2213 5634 ipse

637 5632 867 5714 reddere
886 5637 1239 5714 substantiam
1258 5656 1276 5702 ;
1295 5632 1418 5714 qua?
1437 5655 1539 5694 vox
1554 5639 1669 5708 ipsa
1684 5632 1845 5693 nobis
1870 5651 2024 5692 suam
2044 5632 2210 5714 habet

633 5703 1071 5772 amplitudinem.
1121 5710 1284 5764 Picus
1315 5703 1784 5764 "(iaceam—vocem
1805 5722 1916 5762 non
1949 5706 2204 5771 mutavit,

633 5775 883 5856 reddens?
919 5777 1236 5856 ὑπόστασιν
1275 5781 1502 5856 αἰῶνας,
1525 5779 1857 5856 spiritalium
1890 5791 2208 5856 mensuram

632 5845 891 5916 intelligit
915 5849 1149 5920 tempori
1173 5849 1504 5921 oppositam,
1531 5845 1677 5920 Quod
1708 5857 1880 5904 totum
1909 5847 2214 5904 mutatione

2339 1956 2434 2008 καὶ
2455 1954 2755 2022 λεγομένου
2791 1953 2886 2008 καὶ
2919 1953 3074 2019 ὄντος
3108 1972 3121 1987 ο
3159 1949 3249 2009 υἷα
3286 1955 3384 2009 καὶ
3417 1956 3583 2022 αὐτὸς
3635 1959 3933 2031 γενόμενος

2337 2052 2404 2124 τῇ
2433 2047 2629 2103 οεὼσει
2657 2047 2802 2112 θεός.
3360 2075 3366 2078 -

2409 2333 2504 2382 νε’.
2542 2327 2716 2398 Ἔκτη
2752 2326 2938 2398 ἡμέρα
3001 2325 3173 2394 ἐστὶν,
3198 2328 3234 2398 ἡ
3261 2327 3374 2383 τῶν
3431 2328 3756 2399 πρακτικῶν
3800 2332 3933 2400 περὶ

2335 2416 2434 2489 τὴν
2480 2416 2683 2488 ἀρετὴν
2724 2417 2834 2470 τῶν
2895 2415 3041 2470 κατὰ
3091 2416 3257 2486 φύσιν
3311 2417 3628 2488 ἐνεργειῶν,
3653 2421 3931 2492 παντελὴς

2335 2509 2731 2581 ἀποπλήρωσις
2767 2526 2780 2540 ·
2817 2507 3022 2581 ἔόδόμη
3056 2509 3114 2562 δέ
3147 2513 3318 2576 ἔστιν,
3354 2514 3387 2583 ἡ
3425 2513 3538 2566 τῶν
3563 2513 3930 2585 θεωρητικῶν

2337 2601 2468 2671 περὶ
2500 2602 2600 2673 τὴν
2635 2603 2878 2674 ἄρρητον
2925 2603 3134 2671 γνῶσιν
3163 2604 3355 2658 πασῶν
3388 2605 3502 2659 τῶν
3540 2607 3796 2676 φυσικῶν
3839 2609 3928 2662 ἔν-

2335 2693 2496 2747 νοιῶν
2548 2694 2979 2764 ἀποπεράτωσις
3036 2694 3132 2748 καὶ
3170 2695 3486 2762 ἀπόπαυσις
3515 2715 3529 2728 ·
3553 2697 3722 2769 ὀγδόη
3761 2699 3822 2752 δὲ
3843 2738 3860 2763 ,
3893 2702 3928 2770 ἡ

2334 2785 2475 2857 πρὸς
2506 2785 2716 2839 θέωσιν
2739 2786 2854 2839 τῶν
2886 2785 3060 2852 ἀξίων
3086 2786 3384 2857 μετάταξίς
3406 2805 3466 2843 τε
3515 2790 3613 2844 καὶ
3667 2793 3928 2862 ’μετ-ἀδα-

2337 2894 2446 2941 σις.
2475 2878 2586 2931 Καὶ
2622 2879 2834 2949 μήποτε
2859 2877 3069 2949 ταύτην
3098 2879 3197 2950 τὴν
3219 2880 3458 2952 ἑϐδόμην
3481 2885 3577 2936 καὶ
3597 2884 3698 2955 τὴν
3726 2885 3927 2956 ὀγδόην

2333 2967 2495 3039 τυχὸν
2526 2967 2932 3039 μυστι-κώτερον
2960 2969 3280 3038 ὑποφαίνων
3305 2973 3334 3024 ὀ
3377 2971 3607 3046 Κύριος,
3640 2977 3927 3047 προσηγό-

2338 3074 2533 3130 ρευσεν
2589 3058 2807 3129 ἡμέραν
2863 3059 3182 3125 συντελείας
3226 3061 3321 3115 καὶ
3379 3062 3553 3135 ὥραν,
3585 3065 3661 3128 ὡς
3701 3067 3931 3122 πάντων

2334 3147 2789 3219 περιγράφουσαν
2818 3148 2888 3200 τὰ
2927 3151 3206 3221 μυστήρια
3250 3153 3348 3206 καὶ
3387 3153 3515 3216 τοὺς
3561 3154 3781 3223 λόγους.
3829 3160 3928 3222 ’Δς

2339 3241 2496 3295 οὐδὲν
2543 3241 2798 3312 οὑδαμῶς
2850 3243 2911 3294 τὸ
2973 3243 3239 3314 παράπαν
3289 3245 3400 3299 τῶν
3447 3247 3792 3318 ἐπουρανίων
3835 3240 3928 3304 καῖ⁵

2338 3333 2598 3402 ἐπιγείων
2618 3332 2912 3402 Δυνάμεων
2941 3333 3146 3400 γνῶναι
3175 3334 3285 3406 πρὸ
3325 3334 3523 3406 πείρας
3575 3336 3674 3389 τοῦ
3727 3337 3923 3391 παθεῖν

2337 3425 2650 3497 δυνήσεται,
2683 3425 2822 3497 πλὴν
2849 3426 3024 3498 αὑτῆς
3069 3427 3170 3498 τῆς
3211 3427 3393 3482 ταῦτα
3448 3429 3714 3500 ποιούσης
3745 3447 3926 3501 μακα-

2341 3519 2460 3593 ρίας
2485 3519 2764 3591 θεότητος.

2406 3692 2517 3752 νς¹.
2551 3687 2619 3741 Ἥ
2640 3687 2776 3758 ἕκτη
2800 3686 2909 3759 ήμέ
2919 3704 3006 3758 ρα,
3028 3685 3122 3742 τὸν
3149 3685 3252 3741 τοῦ
3271 3681 3414 3741 εἶναι
3437 3687 3548 3743 τῶν
3573 3691 3740 3745 ὄντων
3759 3691 3908 3759 λόγον

2335 3777 2593 3849 ὑποδηλοῑ
2617 3794 2633 3807 ·
2673 3779 2708 3848 ἡ
2739 3777 2798 3831 δὲ
2830 3776 3060 3848 ἑϐδόμη,
3087 3777 3180 3831 τὸν
3199 3777 3296 3831 τοῦ
3321 3773 3384 3832 εὖ
3410 3771 3553 3834 εἶναι
3583 3782 3694 3836 τῶν
3747 3782 3913 3837 ὄντων

2334 3872 2540 3944 τρόπον
2572 3872 2943 3943 ὑποσημαίνει
2967 3888 2988 3905 ο
3007 3873 3041 3936 ἡ
3063 3872 3122 3925 δὲ
3148 3873 3337 3945 ὀγδόη,
3369 3873 3430 3928 τὸ
3457 3873 3554 3928 τοῦ
3575 3873 3746 3929 ἀεὶεῦ
3778 3872 3917 3929 εἶναι

2333 3964 2444 4017 τῶν
2473 3963 2644 4016 ὀντων
2677 3961 2918 4033 ἄρρητον
2947 3961 3246 4034 μυστήριον
3277 3961 3635 4034 ὑπαγορεύει.

2402 4168 2502 4234 νζ’.
2531 4169 2854 4240 Πρακτικῆς
2904 4167 3188 4238 ἐνεργείας
3242 4167 3514 4238 σύμϐολον
3561 4168 3919 4239 ὑπάρχουσαν

2329 4261 2428 4332 τὴν
2461 4259 2631 4330 ἔκτην
2663 4261 2881 4332 ἡμέραν
2905 4260 3292 4330 γινώσκοντες,
3324 4260 3508 4313 πᾶσαν
3547 4261 3606 4314 ἔν
3633 4262 3772 4332 αὐτῇ
3807 4262 3923 4314 τῶν

2329 4349 2507 4419 ἔργων
2556 4349 2658 4421 τῆς
2701 4349 2906 4420 ἀρετῆς
2955 4348 3057 4422 τὴν
3095 4347 3320 4427 ὀφειλὴν
3367 4347 3870 4419 ἀποπληρώσωμεν
3897 4366 3912 4380 ·

2327 4441 2477 4506 ὅπως
2509 4441 2608 4495 καὶ
2645 4440 2731 4511 ἔφ’
2774 4442 2934 4512 ἡμῶν
2981 4440 3181 4513 ῥηθείη
3211 4440 3309 4504 τὸ,
3341 4438 3454 4494 Καὶ
3495 4435 3656 4494 εἶδεν
3699 4443 3732 4494 ό
3763 4441 3915 4507 Θεὸς

2252 4567 2298 4624 D
2328 4533 2524 4590 πάντα
2554 4535 2672 4590 ὅσα
2691 4534 2966 4602 ἐποίησε,
2997 4533 3098 4588 καὶ
3136 4531 3268 4588 ιδοὺ
3293 4531 3452 4587 καλὰ
3477 4533 3642 4586 λίαν.

2401 4633 2504 4699 νη’.
2550 4628 2887 4700 Ἀποπληροί
2917 4627 3014 4699 τὴν
3070 4625 3298 4699 ὀφειλὴν
3341 4628 3444 4696 τῆς
3511 4625 3917 4696 ἐπαινουμένης

2329 4717 2408 4790 τῷ
2433 4718 2552 4790 Θεῷ
2587 4719 2758 4790 καλῆς
2811 4717 3100 4789 ἐργασίας,
3133 4719 3164 4771 ὀ
3200 4717 3290 4772 διὰ
3336 4717 3591 4788 σώματος
3645 4719 3712 4788 τῇ
3759 4715 3918 4789 ψυχῇ

2328 4809 2638 4879 φιλοπονῶν
2669 4810 2769 4882 τὴν
2800 4809 3071 4882 εὔκοσμον
3110 4808 3385 4864 ποικιλίαν
3407 4809 3518 4863 τῶν
3547 4807 3780 4881 ἀρετῶν.

2397 4901 2494 4957 νθ’.
2546 4902 2606 4955 '0
2639 4903 2739 4975 τὴν
2774 4902 3139 4976 παρασκευὴν
3180 4902 3288 4957 τῶν
3334 4901 3516 4973 ἔργων
3555 4902 3657 4974 τῆς
3707 4901 3917 4957 δικαιοο

2305 4993 2494 5066 -σύνης
2526 4994 2824 5068 πληρώσας
2848 5039 2863 5065 ,
2890 4995 3044 5067 διέϐη
3099 4995 3238 5067 πρὸς
3291 4994 3392 5067 τὴν
3438 4992 3746 5051 ἀνάπαυσιν
3817 4995 3918 5066 τῆς

2315 5285 2570 5360 consistit
2596 5287 2830 5360 :uiibvta
2859 5287 3142 5360 dicuntur,
3178 5306 3302 5360 qua:
3327 5299 3458 5346 sunt
3484 5287 3684 5360 initiis
3715 5287 3913 5356 νοητὰ,

2314 5356 2485 5412 Paulo
2515 5357 2583 5411 τὰ
2631 5358 2706 5428 μὴ
2752 5358 3092 5428 ϐλεπόμενα·
3123 5360 3169 5414 ll
3199 5356 3336 5416 Cor.
3364 5377 3419 5415 iv
3462 5378 3476 5414 :
3535 5358 3664 5424 Quae
3697 5374 3805 5412 non
3829 5360 3910 5412 ei-

2313 5427 2524 5509 dentar,
2540 5427 2809 5509 aeterna;
2835 5427 2953 5483 sive
2986 5432 3374 5509 u_t_proclivius
3397 5433 3703 5509 loquuntur
3732 5428 3913 5482 nostri

2312 5498 2628 5554 scholastici
2649 5538 2664 5560 ,
2705 5501 2979 5554 amiterna.
3018 5498 3188 5556 Fme
3220 5518 3414 5557 errore
3451 5498 3508 5554 iii
3539 5500 3747 5560 Marco,
3779 5513 3908 5568 pro,

2311 5568 2406 5649 τοῦ
2450 5570 2634 5649 μόνον,
2667 5568 2767 5649 τοὺ.
2791 5569 2960 5649 νόμον
2992 5580 3098 5649 est,
3144 5572 3293 5641 quod
3336 5581 3396 5628 et
3424 5572 3588 5649 Picus
3620 5568 3909 5649 decoquit,

2313 5636 2461 5718 dum
2491 5638 2566 5694 ita
2615 5639 2818 5718 reddit,
2854 5636 2986 5718 Qum
3033 5636 3346 5718 iexrevera
3381 5641 3590 5718 proprie
3617 5641 3723 5718 vita
3755 5639 3826 5691 sit
3859 5647 3910 5690 et

2315 5707 2526 5788 dicatur
2553 5727 2572 5763 :
2600 5710 2748 5788 quod
2779 5712 2848 5788 de
2872 5711 2986 5788 Deo
3015 5711 3226 5788 dictum
3251 5723 3353 5788 est,
3379 5707 3752 5788 qui'unussic
3773 5721 3908 5787 vere

2317 5778 2432 5834 vita
2465 5789 2551 5835 est
2583 5777 2650 5854 et
2685 5781 2910 5854 dicitur,
2957 5781 3212 5851 imperite
3267 5777 3496 5854 ἱρεοᾴυο
3544 5779 3716 5834 invita
3763 5777 3908 5833 scri-

2321 5858 2506 5918 ptura,
2537 5849 2606 5906 ad
2635 5851 2812 5922 legem
2840 5849 3199 5923 detorquens.
