  <div class='ocr_page' id='page_1' title='image "/cluster/home/n/w/nwhite01/storage/ocr_20150623/90/mdp.39015022223161/558.png"; bbox 0 0 4060 6322; ppageno 0'>
   <div class='ocr_carea' id='block_1_1' title="bbox 121 363 348 429">
    <p class='ocr_par' dir='ltr' id='par_1_1' title="bbox 121 363 348 429">
     <span class='ocr_line' id='line_1_1' title="bbox 121 363 348 429; baseline -0.013 0"><span class='ocrx_word' id='word_1_1' title='bbox 121 371 129 429; x_wconf 71' lang='lat' dir='ltr'><strong>if</strong></span> <span class='ocrx_word' id='word_1_2' title='bbox 214 363 348 426; x_wconf 84' lang='lat'>1105</span> 
     </span>
    </p>
   </div>
   <div class='ocr_carea' id='block_1_2' title="bbox 205 564 1792 648">
    <p class='ocr_par' dir='ltr' id='par_1_2' title="bbox 205 564 1792 648">
     <span class='ocr_line' id='line_1_2' title="bbox 205 564 1792 648; baseline 0.008 -30"><span class='ocrx_word' id='word_1_3' title='bbox 205 582 315 618; x_wconf 90' lang='grc' dir='ltr'><strong>των</strong></span> <span class='ocrx_word' id='word_1_4' title='bbox 370 564 683 634; x_wconf 78' lang='grc' dir='ltr'>περιλαϐὼν</span> <span class='ocrx_word' id='word_1_5' title='bbox 738 566 1102 641; x_wconf 81' lang='grc' dir='ltr'>θεοπρεπῶς,</span> <span class='ocrx_word' id='word_1_6' title='bbox 1137 572 1240 643; x_wconf 79' lang='grc' dir='ltr'>τῆς</span> <span class='ocrx_word' id='word_1_7' title='bbox 1293 574 1444 628; x_wconf 84' lang='grc' dir='ltr'><strong>κατά</strong></span> <span class='ocrx_word' id='word_1_8' title='bbox 1492 574 1619 629; x_wconf 78' lang='grc' dir='ltr'>νοῦν</span> <span class='ocrx_word' id='word_1_9' title='bbox 1659 576 1792 648; x_wconf 74' lang='grc' dir='ltr'>περὶ</span> 
     </span>
    </p>
   </div>
   <div class='ocr_carea' id='block_1_3' title="bbox 205 656 1078 728">
    <p class='ocr_par' dir='ltr' id='par_1_3' title="bbox 205 656 1078 728">
     <span class='ocr_line' id='line_1_3' title="bbox 205 656 1078 728; baseline 0.006 -18"><span class='ocrx_word' id='word_1_10' title='bbox 205 656 376 726; x_wconf 76' lang='grc' dir='ltr'>αὐτὴν</span> <span class='ocrx_word' id='word_1_11' title='bbox 409 656 680 728; x_wconf 81' lang='grc' dir='ltr'>κινήσεως</span> <span class='ocrx_word' id='word_1_12' title='bbox 713 659 1078 715; x_wconf 75' lang='grc' dir='ltr'><strong>ἀναπαύεται.</strong></span> 
     </span>
    </p>
   </div>
   <div class='ocr_carea' id='block_1_4' title="bbox 275 748 1786 829">
    <p class='ocr_par' dir='ltr' id='par_1_4' title="bbox 275 748 1786 829">
     <span class='ocr_line' id='line_1_4' title="bbox 275 748 1786 829; baseline 0.008 -27"><span class='ocrx_word' id='word_1_13' title='bbox 275 749 336 814; x_wconf 82' lang='grc' dir='ltr'><strong>ξ’.</strong></span> <span class='ocrx_word' id='word_1_14' title='bbox 376 748 435 802; x_wconf 86' lang='lat'><strong>&#39;0</strong></span> <span class='ocrx_word' id='word_1_15' title='bbox 485 752 584 821; x_wconf 79' lang='grc' dir='ltr'>τῆς</span> <span class='ocrx_word' id='word_1_16' title='bbox 617 751 688 804; x_wconf 81' lang='grc' dir='ltr'><strong>δι’</strong></span> <span class='ocrx_word' id='word_1_17' title='bbox 731 754 882 824; x_wconf 74' lang='grc' dir='ltr'>ἡμᾶς</span> <span class='ocrx_word' id='word_1_18' title='bbox 915 752 1288 827; x_wconf 81' lang='grc' dir='ltr'>ἑϐδοματικῆς</span> <span class='ocrx_word' id='word_1_19' title='bbox 1329 757 1424 812; x_wconf 80' lang='grc' dir='ltr'>τοῦ</span> <span class='ocrx_word' id='word_1_20' title='bbox 1465 758 1603 812; x_wconf 80' lang='grc' dir='ltr'>Θεοῦ</span> <span class='ocrx_word' id='word_1_21' title='bbox 1653 777 1786 829; x_wconf 87' lang='grc' dir='ltr'>μετ-</span> 
     </span>
    </p>
   </div>
   <div class='ocr_carea' id='block_1_5' title="bbox 204 839 1791 922">
    <p class='ocr_par' dir='ltr' id='par_1_5' title="bbox 204 839 1791 922">
     <span class='ocr_line' id='line_1_5' title="bbox 204 839 1791 922; baseline 0.009 -32"><span class='ocrx_word' id='word_1_22' title='bbox 204 839 454 909; x_wconf 84' lang='grc' dir='ltr'>εσχηκὼς</span> <span class='ocrx_word' id='word_1_23' title='bbox 492 841 889 907; x_wconf 84' lang='grc' dir='ltr'>ἀναπαύσεως,</span> <span class='ocrx_word' id='word_1_24' title='bbox 919 843 1016 896; x_wconf 76' lang='grc' dir='ltr'>καὶ</span> <span class='ocrx_word' id='word_1_25' title='bbox 1046 844 1148 914; x_wconf 84' lang='grc' dir='ltr'>τῆς</span> <span class='ocrx_word' id='word_1_26' title='bbox 1181 846 1347 900; x_wconf 80' lang='grc' dir='ltr'>αὐτοῦ</span> <span class='ocrx_word' id='word_1_27' title='bbox 1374 847 1441 900; x_wconf 86' lang='grc' dir='ltr'><strong>δι’</strong></span> <span class='ocrx_word' id='word_1_28' title='bbox 1470 850 1622 919; x_wconf 79' lang='grc' dir='ltr'>ἡμᾶς</span> <span class='ocrx_word' id='word_1_29' title='bbox 1659 849 1791 922; x_wconf 88' lang='grc' dir='ltr'>μεθ-</span> 
     </span>
    </p>
   </div>
   <div class='ocr_carea' id='block_1_6' title="bbox 203 930 1799 1010">
    <p class='ocr_par' dir='ltr' id='par_1_6' title="bbox 203 930 1799 1010">
     <span class='ocr_line' id='line_1_6' title="bbox 203 930 1799 1010; baseline 0.008 -28"><span class='ocrx_word' id='word_1_30' title='bbox 203 930 312 995; x_wconf 76' lang='grc' dir='ltr'>έξει</span> <span class='ocrx_word' id='word_1_31' title='bbox 336 932 478 986; x_wconf 85' lang='grc' dir='ltr'><strong>κατά</strong></span> <span class='ocrx_word' id='word_1_32' title='bbox 508 933 607 1004; x_wconf 85' lang='grc' dir='ltr'>τὴν</span> <span class='ocrx_word' id='word_1_33' title='bbox 647 933 846 987; x_wconf 83' lang='grc' dir='ltr'><strong>θέωσιν</strong></span> <span class='ocrx_word' id='word_1_34' title='bbox 892 934 1221 1006; x_wconf 84' lang='grc' dir='ltr'>ὀγδοατικῆς</span> <span class='ocrx_word' id='word_1_35' title='bbox 1277 939 1586 1010; x_wconf 83' lang='grc' dir='ltr'>ἐνεργείας,</span> <span class='ocrx_word' id='word_1_36' title='bbox 1617 943 1799 1001; x_wconf 67' lang='grc' dir='ltr'>είτουν,</span> 
     </span>
    </p>
   </div>
   <div class='ocr_carea' id='block_1_7' title="bbox 206 1023 1794 1104">
    <p class='ocr_par' dir='ltr' id='par_1_7' title="bbox 206 1023 1794 1104">
     <span class='ocr_line' id='line_1_7' title="bbox 206 1023 1794 1104; baseline 0.006 -28"><span class='ocrx_word' id='word_1_37' title='bbox 206 1023 476 1094; x_wconf 81' lang='grc' dir='ltr'><strong>μυστικῆς</strong></span> <span class='ocrx_word' id='word_1_38' title='bbox 503 1024 856 1088; x_wconf 80' lang='grc' dir='ltr'><strong>ἀναστάσεως</strong></span> <span class='ocrx_word' id='word_1_39' title='bbox 875 1043 888 1055; x_wconf 89' lang='grc'>·</span> <span class='ocrx_word' id='word_1_40' title='bbox 922 1025 1082 1095; x_wconf 69' lang='grc' dir='ltr'>ἀφεὶς</span> <span class='ocrx_word' id='word_1_41' title='bbox 1111 1026 1208 1079; x_wconf 73' lang='grc' dir='ltr'><strong>καὶ</strong></span> <span class='ocrx_word' id='word_1_42' title='bbox 1237 1028 1402 1092; x_wconf 87' lang='grc' dir='ltr'>αὐτὸς</span> <span class='ocrx_word' id='word_1_43' title='bbox 1436 1032 1494 1084; x_wconf 90' lang='grc' dir='ltr'><strong>ἐν</strong></span> <span class='ocrx_word' id='word_1_44' title='bbox 1525 1030 1605 1102; x_wconf 83' lang='grc' dir='ltr'>τῷ</span> <span class='ocrx_word' id='word_1_45' title='bbox 1636 1033 1794 1104; x_wconf 80' lang='grc' dir='ltr'>τάφῳ</span> 
     </span>
    </p>
   </div>
   <div class='ocr_carea' id='block_1_8' title="bbox 81 1114 1793 1193">
    <p class='ocr_par' dir='ltr' id='par_1_8' title="bbox 81 1114 1793 1193">
     <span class='ocr_line' id='line_1_8' title="bbox 81 1114 1793 1193; baseline 0.007 -28"><span class='ocrx_word' id='word_1_46' title='bbox 81 1133 123 1182; x_wconf 42' lang='grc' dir='ltr'>,ε</span> <span class='ocrx_word' id='word_1_47' title='bbox 201 1114 434 1185; x_wconf 81' lang='grc' dir='ltr'>κείμενα</span> <span class='ocrx_word' id='word_1_48' title='bbox 466 1116 534 1169; x_wconf 74' lang='grc' dir='ltr'><strong>τὰ</strong></span> <span class='ocrx_word' id='word_1_49' title='bbox 564 1115 771 1178; x_wconf 77' lang='grc' dir='ltr'><strong>ὀθόνια,</strong></span> <span class='ocrx_word' id='word_1_50' title='bbox 799 1119 896 1171; x_wconf 71' lang='grc' dir='ltr'><strong>καὶ</strong></span> <span class='ocrx_word' id='word_1_51' title='bbox 950 1117 1011 1170; x_wconf 80' lang='grc' dir='ltr'>τὸ</span> <span class='ocrx_word' id='word_1_52' title='bbox 1051 1118 1146 1172; x_wconf 73' lang='grc' dir='ltr'>ἐπὶ</span> <span class='ocrx_word' id='word_1_53' title='bbox 1194 1121 1294 1190; x_wconf 80' lang='grc' dir='ltr'>τῆς</span> <span class='ocrx_word' id='word_1_54' title='bbox 1320 1121 1563 1193; x_wconf 80' lang='grc' dir='ltr'><strong>κεφαλῆς</strong></span> <span class='ocrx_word' id='word_1_55' title='bbox 1597 1123 1793 1177; x_wconf 88' lang='grc' dir='ltr'>σουδά-</span> 
     </span>
    </p>
   </div>
   <div class='ocr_carea' id='block_1_9' title="bbox 203 1206 1792 1288">
    <p class='ocr_par' dir='ltr' id='par_1_9' title="bbox 203 1206 1792 1288">
     <span class='ocr_line' id='line_1_9' title="bbox 203 1206 1792 1288; baseline 0.007 -29"><span class='ocrx_word' id='word_1_56' title='bbox 203 1224 318 1278; x_wconf 86' lang='grc' dir='ltr'>ριον</span> <span class='ocrx_word' id='word_1_57' title='bbox 345 1225 358 1237; x_wconf 83' lang='lat'><strong><em>°</em></strong></span> <span class='ocrx_word' id='word_1_58' title='bbox 391 1208 533 1280; x_wconf 73' lang='grc' dir='ltr'>άπερ</span> <span class='ocrx_word' id='word_1_59' title='bbox 562 1208 898 1278; x_wconf 76' lang='grc' dir='ltr'><strong>θεωροῦντες</strong></span> <span class='ocrx_word' id='word_1_60' title='bbox 931 1206 986 1263; x_wconf 64' lang='grc' dir='ltr'><strong>ιι</strong></span> <span class='ocrx_word' id='word_1_61' title='bbox 1018 1227 1102 1276; x_wconf 87' lang='grc' dir='ltr'><strong>τις</strong></span> <span class='ocrx_word' id='word_1_62' title='bbox 1145 1211 1470 1283; x_wconf 68' lang='grc' dir='ltr'>Πέτροςοιαὶ</span> <span class='ocrx_word' id='word_1_63' title='bbox 1513 1215 1792 1288; x_wconf 75' lang='grc' dir='ltr'><strong>Ἰωάννης,</strong></span> 
     </span>
    </p>
   </div>
   <div class='ocr_carea' id='block_1_10' title="bbox 29 1296 1267 1373">
    <p class='ocr_par' dir='ltr' id='par_1_10' title="bbox 29 1296 1267 1373">
     <span class='ocr_line' id='line_1_10' title="bbox 29 1296 1267 1373; baseline 0.006 -25"><span class='ocrx_word' id='word_1_64' title='bbox 29 1315 121 1373; x_wconf 44' lang='grc' dir='ltr'><strong>πηιξή</strong></span> <span class='ocrx_word' id='word_1_65' title='bbox 199 1296 550 1352; x_wconf 73' lang='grc' dir='ltr'><strong>πιστεύουσιν</strong></span> <span class='ocrx_word' id='word_1_66' title='bbox 586 1298 884 1370; x_wconf 77' lang='grc' dir='ltr'>ἐγηγέρθαι</span> <span class='ocrx_word' id='word_1_67' title='bbox 921 1301 1014 1354; x_wconf 79' lang='grc' dir='ltr'>τὸν</span> <span class='ocrx_word' id='word_1_68' title='bbox 1041 1300 1267 1373; x_wconf 76' lang='grc' dir='ltr'>Κύριον.</span> 
     </span>
    </p>
   </div>
   <div class='ocr_carea' id='block_1_11' title="bbox 30 4963 68 5120">
    <p class='ocr_par' dir='ltr' id='par_1_11' title="bbox 30 4979 68 5120">
     <span class='ocr_line' id='line_1_11' title="bbox 30 4979 62 5024; baseline 0 -4"><span class='ocrx_word' id='word_1_69' title='bbox 30 5005 32 5024; x_wconf 87' lang='grc' dir='ltr'><strong>ι</strong></span> <span class='ocrx_word' id='word_1_70' title='bbox 45 4979 62 5020; x_wconf 68' lang='grc' dir='ltr'><strong>τί</strong></span> 
     </span>
     <span class='ocr_line' id='line_1_12' title="bbox 30 5064 68 5120; baseline 0 -46"><span class='ocrx_word' id='word_1_71' title='bbox 30 5064 68 5120; x_wconf 46' lang='grc' dir='ltr'><em>ᾖ</em></span> 
     </span>
    </p>
   </div>
   <div class='ocr_carea' id='block_1_12' title="bbox 30 5355 60 5700">
    <p class='ocr_par' dir='ltr' id='par_1_12' title="bbox 30 5355 60 5630">
     <span class='ocr_line' id='line_1_13' title="bbox 30 5355 60 5410; baseline 0 0"><span class='ocrx_word' id='word_1_72' title='bbox 30 5355 60 5410; x_wconf 71' lang='grc' dir='ltr'>ιτ</span> 
     </span>
     <span class='ocr_line' id='line_1_14' title="bbox 30 5435 58 5499; baseline 0 0"><span class='ocrx_word' id='word_1_73' title='bbox 30 5435 58 5499; x_wconf 59' lang='lat' dir='ltr'><strong>ii</strong></span> 
     </span>
     <span class='ocr_line' id='line_1_15' title="bbox 30 5505 59 5558; baseline 0 -4"><span class='ocrx_word' id='word_1_74' title='bbox 30 5505 59 5558; x_wconf 57' lang='lat' dir='ltr'><strong>si</strong></span> 
     </span>
     <span class='ocr_line' id='line_1_16' title="bbox 30 5579 54 5630; baseline 0 -26"><span class='ocrx_word' id='word_1_75' title='bbox 30 5579 54 5630; x_wconf 51' lang='lat' dir='ltr'><strong>gf:</strong></span> 
     </span>
    </p>
   </div>
   <div class='ocr_carea' id='block_1_13' title="bbox 275 1503 1795 1583">
    <p class='ocr_par' dir='ltr' id='par_1_13' title="bbox 275 1503 1795 1583">
     <span class='ocr_line' id='line_1_17' title="bbox 275 1503 1795 1583; baseline 0.004 -24"><span class='ocrx_word' id='word_1_76' title='bbox 275 1503 378 1572; x_wconf 86' lang='grc' dir='ltr'>ξα’.</span> <span class='ocrx_word' id='word_1_77' title='bbox 401 1506 689 1577; x_wconf 88' lang='grc' dir='ltr'>Μνημεῖόν</span> <span class='ocrx_word' id='word_1_78' title='bbox 718 1508 868 1560; x_wconf 80' lang='grc' dir='ltr'>ἐστιν</span> <span class='ocrx_word' id='word_1_79' title='bbox 911 1507 1044 1573; x_wconf 85' lang='grc' dir='ltr'>ῐσως</span> <span class='ocrx_word' id='word_1_80' title='bbox 1070 1509 1427 1573; x_wconf 75' lang='grc' dir='ltr'>Δεσποτικδν,</span> <span class='ocrx_word' id='word_1_81' title='bbox 1462 1511 1494 1581; x_wconf 82' lang='grc' dir='ltr'>ἢ</span> <span class='ocrx_word' id='word_1_82' title='bbox 1525 1511 1554 1564; x_wconf 80' lang='grc' dir='ltr'>ὁ</span> <span class='ocrx_word' id='word_1_83' title='bbox 1587 1511 1795 1583; x_wconf 89' lang='grc' dir='ltr'>κόσμος</span> 
     </span>
    </p>
   </div>
   <div class='ocr_carea' id='block_1_14' title="bbox 93 1592 1794 1673">
    <p class='ocr_par' dir='ltr' id='par_1_14' title="bbox 93 1592 1794 1673">
     <span class='ocr_line' id='line_1_18' title="bbox 93 1592 1794 1673; baseline 0.006 -24"><span class='ocrx_word' id='word_1_84' title='bbox 93 1597 118 1645; x_wconf 63' lang='grc' dir='ltr'><strong>’ἱ</strong></span> <span class='ocrx_word' id='word_1_85' title='bbox 200 1592 382 1662; x_wconf 71' lang='grc' dir='ltr'>οὗτος,</span> <span class='ocrx_word' id='word_1_86' title='bbox 413 1599 445 1670; x_wconf 83' lang='grc' dir='ltr'>ἢ</span> <span class='ocrx_word' id='word_1_87' title='bbox 477 1601 510 1669; x_wconf 84' lang='grc' dir='ltr'>ἡ</span> <span class='ocrx_word' id='word_1_88' title='bbox 552 1598 786 1654; x_wconf 80' lang='grc' dir='ltr'>ἑκάστου</span> <span class='ocrx_word' id='word_1_89' title='bbox 819 1601 931 1655; x_wconf 86' lang='grc' dir='ltr'><strong>τῶν</strong></span> <span class='ocrx_word' id='word_1_90' title='bbox 966 1603 1177 1657; x_wconf 82' lang='grc' dir='ltr'>πιστῶν</span> <span class='ocrx_word' id='word_1_91' title='bbox 1216 1604 1417 1673; x_wconf 86' lang='grc' dir='ltr'>καρδία</span> <span class='ocrx_word' id='word_1_92' title='bbox 1442 1622 1456 1636; x_wconf 79' lang='grc' dir='ltr'><strong><em>ο</em></strong></span> <span class='ocrx_word' id='word_1_93' title='bbox 1485 1604 1554 1658; x_wconf 89' lang='grc' dir='ltr'><strong>τά</strong></span> <span class='ocrx_word' id='word_1_94' title='bbox 1583 1605 1642 1658; x_wconf 78' lang='grc' dir='ltr'>δὲ</span> <span class='ocrx_word' id='word_1_95' title='bbox 1672 1605 1794 1659; x_wconf 77' lang='grc' dir='ltr'>ὁθόο</span> 
     </span>
    </p>
   </div>
   <div class='ocr_carea' id='block_1_15' title="bbox 202 1692 1794 1772">
    <p class='ocr_par' dir='ltr' id='par_1_15' title="bbox 202 1692 1794 1772">
     <span class='ocr_line' id='line_1_19' title="bbox 202 1692 1794 1772; baseline 0.004 -27"><span class='ocrx_word' id='word_1_96' title='bbox 202 1709 312 1754; x_wconf 85' lang='grc' dir='ltr'>νια,</span> <span class='ocrx_word' id='word_1_97' title='bbox 352 1693 402 1743; x_wconf 82' lang='grc' dir='ltr'>οἱ</span> <span class='ocrx_word' id='word_1_98' title='bbox 430 1692 536 1746; x_wconf 84' lang='grc' dir='ltr'><strong>τῶν</strong></span> <span class='ocrx_word' id='word_1_99' title='bbox 567 1692 844 1763; x_wconf 79' lang='grc' dir='ltr'><strong>αἰσθητῶν</strong></span> <span class='ocrx_word' id='word_1_100' title='bbox 870 1695 1009 1762; x_wconf 81' lang='grc' dir='ltr'><strong>μετά</strong></span> <span class='ocrx_word' id='word_1_101' title='bbox 1041 1694 1152 1750; x_wconf 85' lang='grc' dir='ltr'><strong>τῶν</strong></span> <span class='ocrx_word' id='word_1_102' title='bbox 1192 1698 1311 1751; x_wconf 85' lang='grc' dir='ltr'>κατ’</span> <span class='ocrx_word' id='word_1_103' title='bbox 1333 1698 1536 1770; x_wconf 78' lang='grc' dir='ltr'>ἀρετὴν</span> <span class='ocrx_word' id='word_1_104' title='bbox 1574 1701 1794 1772; x_wconf 88' lang='grc' dir='ltr'>τρόπων</span> 
     </span>
    </p>
   </div>
   <div class='ocr_carea' id='block_1_16' title="bbox 205 1781 1791 1860">
    <p class='ocr_par' dir='ltr' id='par_1_16' title="bbox 205 1781 1791 1860">
     <span class='ocr_line' id='line_1_20' title="bbox 205 1781 1791 1860; baseline 0.006 -26"><span class='ocrx_word' id='word_1_105' title='bbox 205 1782 515 1854; x_wconf 77' lang='grc' dir='ltr'>ὖπάρχουσι</span> <span class='ocrx_word' id='word_1_106' title='bbox 547 1781 698 1851; x_wconf 89' lang='grc' dir='ltr'>λόγοι</span> <span class='ocrx_word' id='word_1_107' title='bbox 729 1801 744 1816; x_wconf 86' lang='grc'><strong>·</strong></span> <span class='ocrx_word' id='word_1_108' title='bbox 776 1784 839 1836; x_wconf 83' lang='grc' dir='ltr'>τὸ</span> <span class='ocrx_word' id='word_1_109' title='bbox 863 1785 921 1837; x_wconf 83' lang='grc' dir='ltr'>δὲ</span> <span class='ocrx_word' id='word_1_110' title='bbox 983 1786 1293 1858; x_wconf 82' lang='grc' dir='ltr'>σουδάριον,</span> <span class='ocrx_word' id='word_1_111' title='bbox 1322 1791 1355 1860; x_wconf 80' lang='grc' dir='ltr'>ἡ</span> <span class='ocrx_word' id='word_1_112' title='bbox 1409 1790 1520 1844; x_wconf 85' lang='grc' dir='ltr'><strong>τῶν</strong></span> <span class='ocrx_word' id='word_1_113' title='bbox 1581 1789 1791 1860; x_wconf 84' lang='grc' dir='ltr'>νοητῶν</span> 
     </span>
    </p>
   </div>
   <div class='ocr_carea' id='block_1_17' title="bbox 207 1873 1788 1952">
    <p class='ocr_par' dir='ltr' id='par_1_17' title="bbox 207 1873 1788 1952">
     <span class='ocr_line' id='line_1_21' title="bbox 207 1873 1788 1952; baseline 0.007 -27"><span class='ocrx_word' id='word_1_114' title='bbox 207 1873 320 1926; x_wconf 85' lang='grc' dir='ltr'>ἐστι</span> <span class='ocrx_word' id='word_1_115' title='bbox 359 1875 496 1944; x_wconf 86' lang='grc' dir='ltr'><strong>μετά</strong></span> <span class='ocrx_word' id='word_1_116' title='bbox 530 1875 630 1946; x_wconf 79' lang='grc' dir='ltr'>τῆς</span> <span class='ocrx_word' id='word_1_117' title='bbox 653 1875 1012 1946; x_wconf 76' lang='grc' dir='ltr'><strong>ἐνδεχομένης</strong></span> <span class='ocrx_word' id='word_1_118' title='bbox 1043 1876 1320 1949; x_wconf 86' lang='grc' dir='ltr'>θεολογίας</span> <span class='ocrx_word' id='word_1_119' title='bbox 1343 1881 1490 1952; x_wconf 77' lang='grc' dir='ltr'>ἀττλῆ</span> <span class='ocrx_word' id='word_1_120' title='bbox 1515 1883 1610 1936; x_wconf 76' lang='grc' dir='ltr'><strong>καὶ</strong></span> <span class='ocrx_word' id='word_1_121' title='bbox 1630 1883 1788 1936; x_wconf 84' lang='grc' dir='ltr'>ἀποί-</span> 
     </span>
    </p>
   </div>
   <div class='ocr_carea' id='block_1_18' title="bbox 206 1961 1788 2042">
    <p class='ocr_par' dir='ltr' id='par_1_18' title="bbox 206 1961 1788 2042">
     <span class='ocr_line' id='line_1_22' title="bbox 206 1961 1788 2042; baseline 0.008 -27"><span class='ocrx_word' id='word_1_122' title='bbox 206 1964 357 2026; x_wconf 84' lang='grc' dir='ltr'>κιλος</span> <span class='ocrx_word' id='word_1_123' title='bbox 397 1965 623 2032; x_wconf 87' lang='grc' dir='ltr'>γνῶσις,</span> <span class='ocrx_word' id='word_1_124' title='bbox 656 1966 728 2019; x_wconf 86' lang='grc' dir='ltr'><strong>δι’</strong></span> <span class='ocrx_word' id='word_1_125' title='bbox 758 1961 834 2022; x_wconf 84' lang='grc' dir='ltr'>ὧν</span> <span class='ocrx_word' id='word_1_126' title='bbox 864 1969 1191 2040; x_wconf 76' lang='grc' dir='ltr'>ἐγνωρίζετο</span> <span class='ocrx_word' id='word_1_127' title='bbox 1233 1971 1498 2042; x_wconf 87' lang='grc' dir='ltr'>πρότερον</span> <span class='ocrx_word' id='word_1_128' title='bbox 1535 1974 1564 2024; x_wconf 86' lang='grc' dir='ltr'>ὁ</span> <span class='ocrx_word' id='word_1_129' title='bbox 1593 1973 1788 2040; x_wconf 86' lang='grc' dir='ltr'>Λόγος,</span> 
     </span>
    </p>
   </div>
   <div class='ocr_carea' id='block_1_19' title="bbox 213 2054 1790 2134">
    <p class='ocr_par' dir='ltr' id='par_1_19' title="bbox 213 2054 1790 2134">
     <span class='ocr_line' id='line_1_23' title="bbox 213 2054 1790 2134; baseline 0.006 -28"><span class='ocrx_word' id='word_1_130' title='bbox 213 2054 497 2126; x_wconf 85' lang='grc' dir='ltr'>ἀχώρητον</span> <span class='ocrx_word' id='word_1_131' title='bbox 563 2058 696 2128; x_wconf 74' lang='grc' dir='ltr'>ἡμῖν</span> <span class='ocrx_word' id='word_1_132' title='bbox 737 2057 876 2128; x_wconf 72' lang='grc' dir='ltr'>ἔχων</span> <span class='ocrx_word' id='word_1_133' title='bbox 911 2060 1230 2115; x_wconf 76' lang='grc' dir='ltr'>παντάπασι</span> <span class='ocrx_word' id='word_1_134' title='bbox 1273 2062 1396 2133; x_wconf 86' lang='grc' dir='ltr'>δίχα</span> <span class='ocrx_word' id='word_1_135' title='bbox 1430 2063 1656 2127; x_wconf 88' lang='grc' dir='ltr'>τούτων,</span> <span class='ocrx_word' id='word_1_136' title='bbox 1690 2064 1790 2134; x_wconf 81' lang='grc' dir='ltr'>τὴν</span> 
     </span>
    </p>
   </div>
   <div class='ocr_carea' id='block_1_20' title="bbox 207 2142 1309 2220">
    <p class='ocr_par' dir='ltr' id='par_1_20' title="bbox 207 2142 1309 2220">
     <span class='ocr_line' id='line_1_24' title="bbox 207 2142 1309 2220; baseline 0.012 -23"><span class='ocrx_word' id='word_1_137' title='bbox 207 2145 346 2216; x_wconf 71' lang='grc' dir='ltr'>ὑπὲρ</span> <span class='ocrx_word' id='word_1_138' title='bbox 379 2146 551 2200; x_wconf 85' lang='grc' dir='ltr'>ταῦτα</span> <span class='ocrx_word' id='word_1_139' title='bbox 584 2149 914 2220; x_wconf 79' lang='grc' dir='ltr'>κατάληψιν.</span> <span class='ocrx_word' id='word_1_140' title='bbox 1303 2142 1309 2147; x_wconf 30' lang='grc'><strong><em>⁸</em></strong></span> 
     </span>
    </p>
   </div>
   <div class='ocr_carea' id='block_1_21' title="bbox 279 2235 1793 2319">
    <p class='ocr_par' dir='ltr' id='par_1_21' title="bbox 279 2235 1793 2319">
     <span class='ocr_line' id='line_1_25' title="bbox 279 2235 1793 2319; baseline 0.007 -27"><span class='ocrx_word' id='word_1_141' title='bbox 279 2235 376 2308; x_wconf 78' lang='grc' dir='ltr'><strong>ξβ’.</strong></span> <span class='ocrx_word' id='word_1_142' title='bbox 411 2241 472 2290; x_wconf 76' lang='lat' dir='ltr'><strong>Oi</strong></span> <span class='ocrx_word' id='word_1_143' title='bbox 503 2238 802 2305; x_wconf 84' lang='grc' dir='ltr'>θάπτοντες</span> <span class='ocrx_word' id='word_1_144' title='bbox 838 2243 1073 2312; x_wconf 80' lang='grc' dir='ltr'>ἐντίμως</span> <span class='ocrx_word' id='word_1_145' title='bbox 1111 2245 1204 2300; x_wconf 74' lang='grc' dir='ltr'><strong>τὸν</strong></span> <span class='ocrx_word' id='word_1_146' title='bbox 1243 2246 1471 2319; x_wconf 79' lang='grc' dir='ltr'>Κύριον,</span> <span class='ocrx_word' id='word_1_147' title='bbox 1505 2249 1602 2302; x_wconf 71' lang='grc' dir='ltr'><strong>καὶ</strong></span> <span class='ocrx_word' id='word_1_148' title='bbox 1644 2249 1793 2302; x_wconf 88' lang='grc' dir='ltr'>ἐνδό-</span> 
     </span>
    </p>
   </div>
   <div class='ocr_carea' id='block_1_22' title="bbox 210 2328 1792 2412">
    <p class='ocr_par' dir='ltr' id='par_1_22' title="bbox 210 2328 1792 2412">
     <span class='ocr_line' id='line_1_26' title="bbox 210 2328 1792 2412; baseline 0.009 -31"><span class='ocrx_word' id='word_1_149' title='bbox 210 2328 316 2392; x_wconf 82' lang='grc' dir='ltr'>ξως</span> <span class='ocrx_word' id='word_1_150' title='bbox 374 2330 688 2386; x_wconf 77' lang='grc' dir='ltr'>ἀναστάντα</span> <span class='ocrx_word' id='word_1_151' title='bbox 736 2333 1068 2389; x_wconf 81' lang='grc' dir='ltr'>θεάσονται·</span> <span class='ocrx_word' id='word_1_152' title='bbox 1135 2340 1302 2393; x_wconf 80' lang='grc' dir='ltr'>πᾶσιν</span> <span class='ocrx_word' id='word_1_153' title='bbox 1352 2340 1482 2393; x_wconf 69' lang='grc' dir='ltr'>ὄντα</span> <span class='ocrx_word' id='word_1_154' title='bbox 1537 2344 1654 2406; x_wconf 84' lang='grc' dir='ltr'>τοῖς</span> <span class='ocrx_word' id='word_1_155' title='bbox 1716 2344 1792 2412; x_wconf 82' lang='grc' dir='ltr'>μὴ</span> 
     </span>
    </p>
   </div>
   <div class='ocr_carea' id='block_1_23' title="bbox 206 2421 1792 2501">
    <p class='ocr_par' dir='ltr' id='par_1_23' title="bbox 206 2421 1792 2501">
     <span class='ocr_line' id='line_1_27' title="bbox 206 2421 1792 2501; baseline 0.008 -27"><span class='ocrx_word' id='word_1_156' title='bbox 206 2421 473 2488; x_wconf 86' lang='grc' dir='ltr'>τοιούτοις</span> <span class='ocrx_word' id='word_1_157' title='bbox 497 2425 745 2481; x_wconf 77' lang='grc' dir='ltr'>ἀθέατον.</span> <span class='ocrx_word' id='word_1_158' title='bbox 782 2428 899 2482; x_wconf 81' lang='grc' dir='ltr'>Οὐκ</span> <span class='ocrx_word' id='word_1_159' title='bbox 943 2428 1022 2484; x_wconf 76' lang='grc' dir='ltr'>ἔτι</span> <span class='ocrx_word' id='word_1_160' title='bbox 1051 2429 1163 2501; x_wconf 85' lang='grc' dir='ltr'><strong>γὰρ</strong></span> <span class='ocrx_word' id='word_1_161' title='bbox 1201 2435 1314 2497; x_wconf 92' lang='grc' dir='ltr'>τοῖς</span> <span class='ocrx_word' id='word_1_162' title='bbox 1345 2433 1792 2487; x_wconf 78' lang='grc' dir='ltr'>ἐπιϐουλεύουσέν</span> 
     </span>
    </p>
   </div>
   <div class='ocr_carea' id='block_1_24' title="bbox 207 2516 1790 2598">
    <p class='ocr_par' dir='ltr' id='par_1_24' title="bbox 207 2516 1790 2598">
     <span class='ocr_line' id='line_1_28' title="bbox 207 2516 1790 2598; baseline 0.009 -32"><span class='ocrx_word' id='word_1_163' title='bbox 207 2516 356 2568; x_wconf 86' lang='grc' dir='ltr'>ἐστιν</span> <span class='ocrx_word' id='word_1_164' title='bbox 393 2516 618 2581; x_wconf 79' lang='grc' dir='ltr'>ἀλωτὸς,</span> <span class='ocrx_word' id='word_1_165' title='bbox 645 2520 744 2573; x_wconf 76' lang='grc' dir='ltr'>οὐκ</span> <span class='ocrx_word' id='word_1_166' title='bbox 790 2521 929 2590; x_wconf 80' lang='grc' dir='ltr'>έχων</span> <span class='ocrx_word' id='word_1_167' title='bbox 955 2521 1067 2576; x_wconf 92' lang='grc' dir='ltr'><strong>τῶν</strong></span> <span class='ocrx_word' id='word_1_168' title='bbox 1095 2525 1257 2588; x_wconf 74' lang='grc' dir='ltr'>ἐκτὸς</span> <span class='ocrx_word' id='word_1_169' title='bbox 1289 2526 1356 2579; x_wconf 74' lang='grc' dir='ltr'><strong>τὰ</strong></span> <span class='ocrx_word' id='word_1_170' title='bbox 1383 2526 1790 2598; x_wconf 82' lang='grc' dir='ltr'>προκαλύμμα-</span> 
     </span>
    </p>
   </div>
   <div class='ocr_carea' id='block_1_25' title="bbox 205 2600 1794 2690">
    <p class='ocr_par' dir='ltr' id='par_1_25' title="bbox 205 2600 1794 2690">
     <span class='ocr_line' id='line_1_29' title="bbox 205 2600 1794 2690; baseline 0.012 -34"><span class='ocrx_word' id='word_1_171' title='bbox 205 2622 295 2665; x_wconf 88' lang='grc' dir='ltr'>τα.</span> <span class='ocrx_word' id='word_1_172' title='bbox 339 2607 408 2658; x_wconf 82' lang='grc' dir='ltr'><strong>δι’</strong></span> <span class='ocrx_word' id='word_1_173' title='bbox 441 2600 516 2661; x_wconf 81' lang='grc' dir='ltr'><strong>ὧν</strong></span> <span class='ocrx_word' id='word_1_174' title='bbox 547 2610 722 2665; x_wconf 84' lang='grc' dir='ltr'>ἐδόκει</span> <span class='ocrx_word' id='word_1_175' title='bbox 761 2613 931 2666; x_wconf 85' lang='grc' dir='ltr'>θέλων</span> <span class='ocrx_word' id='word_1_176' title='bbox 966 2615 1288 2671; x_wconf 80' lang='grc' dir='ltr'><strong>ἁλίσκεσθαι</strong></span> <span class='ocrx_word' id='word_1_177' title='bbox 1325 2621 1476 2690; x_wconf 78' lang='grc' dir='ltr'><strong>παρά</strong></span> <span class='ocrx_word' id='word_1_178' title='bbox 1506 2620 1616 2674; x_wconf 87' lang='grc' dir='ltr'><strong>τῶν</strong></span> <span class='ocrx_word' id='word_1_179' title='bbox 1669 2621 1794 2690; x_wconf 74' lang='grc' dir='ltr'>βου-ο</span> 
     </span>
    </p>
   </div>
   <div class='ocr_carea' id='block_1_26' title="bbox 206 2697 1793 2784">
    <p class='ocr_par' dir='ltr' id='par_1_26' title="bbox 206 2697 1793 2784">
     <span class='ocr_line' id='line_1_30' title="bbox 206 2697 1793 2784; baseline 0.012 -35"><span class='ocrx_word' id='word_1_180' title='bbox 206 2697 474 2768; x_wconf 85' lang='grc' dir='ltr'>λομένων,</span> <span class='ocrx_word' id='word_1_181' title='bbox 502 2703 595 2755; x_wconf 82' lang='grc' dir='ltr'><strong>καὶ</strong></span> <span class='ocrx_word' id='word_1_182' title='bbox 651 2703 882 2774; x_wconf 82' lang='grc' dir='ltr'>πάσχειν</span> <span class='ocrx_word' id='word_1_183' title='bbox 927 2707 1069 2778; x_wconf 83' lang='grc' dir='ltr'>ὑπὲρ</span> <span class='ocrx_word' id='word_1_184' title='bbox 1112 2710 1212 2780; x_wconf 80' lang='grc' dir='ltr'>τῆς</span> <span class='ocrx_word' id='word_1_185' title='bbox 1248 2711 1467 2764; x_wconf 82' lang='grc' dir='ltr'>πάντων</span> <span class='ocrx_word' id='word_1_186' title='bbox 1513 2712 1793 2784; x_wconf 83' lang='grc' dir='ltr'>σωτηρίας</span> 
     </span>
    </p>
   </div>
   <div class='ocr_carea' id='block_1_27' title="bbox 205 2791 476 2863">
    <p class='ocr_par' dir='ltr' id='par_1_27' title="bbox 205 2791 476 2863">
     <span class='ocr_line' id='line_1_31' title="bbox 205 2791 476 2863; baseline 0.022 -21"><span class='ocrx_word' id='word_1_187' title='bbox 205 2791 476 2863; x_wconf 72' lang='grc' dir='ltr'>ἠνείχετο.</span> 
     </span>
    </p>
   </div>
   <div class='ocr_carea' id='block_1_28' title="bbox 288 2879 1795 2962">
    <p class='ocr_par' dir='ltr' id='par_1_28' title="bbox 288 2879 1795 2962">
     <span class='ocr_line' id='line_1_32' title="bbox 288 2879 1795 2962; baseline 0.007 -24"><span class='ocrx_word' id='word_1_188' title='bbox 288 2879 388 2951; x_wconf 68' lang='grc' dir='ltr'><strong>ἔτ’.</strong></span> <span class='ocrx_word' id='word_1_189' title='bbox 435 2885 492 2939; x_wconf 90' lang='lat'><strong>&#39;0</strong></span> <span class='ocrx_word' id='word_1_190' title='bbox 527 2886 750 2943; x_wconf 82' lang='grc' dir='ltr'>θάπτων</span> <span class='ocrx_word' id='word_1_191' title='bbox 776 2890 1012 2961; x_wconf 75' lang='grc' dir='ltr'>ἐντίμως</span> <span class='ocrx_word' id='word_1_192' title='bbox 1048 2891 1143 2944; x_wconf 81' lang='grc' dir='ltr'>τὸν</span> <span class='ocrx_word' id='word_1_193' title='bbox 1178 2891 1408 2962; x_wconf 84' lang='grc' dir='ltr'>Κύριον,</span> <span class='ocrx_word' id='word_1_194' title='bbox 1451 2895 1618 2948; x_wconf 77' lang='grc' dir='ltr'>πᾶσίν</span> <span class='ocrx_word' id='word_1_195' title='bbox 1677 2897 1795 2950; x_wconf 85' lang='grc' dir='ltr'>ἐστι</span> 
     </span>
    </p>
   </div>
   <div class='ocr_carea' id='block_1_29' title="bbox 209 2974 1796 3057">
    <p class='ocr_par' dir='ltr' id='par_1_29' title="bbox 209 2974 1796 3057">
     <span class='ocr_line' id='line_1_33' title="bbox 209 2974 1796 3057; baseline 0.01 -32"><span class='ocrx_word' id='word_1_196' title='bbox 209 2974 330 3037; x_wconf 89' lang='grc' dir='ltr'>τοῖς</span> <span class='ocrx_word' id='word_1_197' title='bbox 387 2975 656 3044; x_wconf 85' lang='grc' dir='ltr'>φιλοθέοις</span> <span class='ocrx_word' id='word_1_198' title='bbox 711 2981 994 3052; x_wconf 76' lang='grc' dir='ltr'>αἰδέσιμος</span> <span class='ocrx_word' id='word_1_199' title='bbox 1026 3001 1042 3016; x_wconf 78' lang='grc' dir='ltr'><strong><em>ο</em></strong></span> <span class='ocrx_word' id='word_1_200' title='bbox 1070 2983 1344 3055; x_wconf 89' lang='grc' dir='ltr'>θριάμϐου</span> <span class='ocrx_word' id='word_1_201' title='bbox 1368 2985 1476 3057; x_wconf 81' lang='grc' dir='ltr'><strong>γὰρ</strong></span> <span class='ocrx_word' id='word_1_202' title='bbox 1506 2986 1669 3040; x_wconf 62' lang='grc' dir='ltr'>αὐτὸν</span> <span class='ocrx_word' id='word_1_203' title='bbox 1703 2989 1796 3041; x_wconf 77' lang='grc' dir='ltr'><strong>καὶ</strong></span> 
     </span>
    </p>
   </div>
   <div class='ocr_carea' id='block_1_30' title="bbox 209 3060 1798 3162">
    <p class='ocr_par' dir='ltr' id='par_1_30' title="bbox 209 3060 1798 3162">
     <span class='ocr_line' id='line_1_34' title="bbox 209 3060 1798 3162; baseline 0.012 -49"><span class='ocrx_word' id='word_1_204' title='bbox 209 3060 454 3162; x_wconf 73' lang='grc' dir='ltr'>ὀνείδους</span> <span class='ocrx_word' id='word_1_205' title='bbox 471 3065 822 3137; x_wconf 83' lang='grc' dir='ltr'>καθηκόντως</span> <span class='ocrx_word' id='word_1_206' title='bbox 843 3071 1137 3162; x_wconf 73' lang='grc' dir='ltr'>ἐρρύσατο,</span> <span class='ocrx_word' id='word_1_207' title='bbox 1160 3072 1510 3145; x_wconf 79' lang='grc' dir='ltr'>βλασφημίας</span> <span class='ocrx_word' id='word_1_208' title='bbox 1538 3076 1798 3132; x_wconf 73' lang='grc' dir='ltr'>ὑπόθεσιν</span> 
     </span>
    </p>
   </div>
   <div class='ocr_carea' id='block_1_31' title="bbox 1057 366 2642 446">
    <p class='ocr_par' dir='ltr' id='par_1_31' title="bbox 1057 366 2642 446">
     <span class='ocr_line' id='line_1_35' title="bbox 1057 366 2642 446; baseline 0.013 -21"><span class='ocrx_word' id='word_1_209' title='bbox 1057 366 1394 428; x_wconf 82' lang='lat' dir='ltr'><strong>CAPITUM</strong></span> <span class='ocrx_word' id='word_1_210' title='bbox 1431 369 1703 431; x_wconf 86' lang='lat' dir='ltr'><strong>TllEOL.</strong></span> <span class='ocrx_word' id='word_1_211' title='bbox 1744 373 1838 433; x_wconf 84' lang='lat' dir='ltr'><strong>ET</strong></span> <span class='ocrx_word' id='word_1_212' title='bbox 1876 376 2115 440; x_wconf 84' lang='lat' dir='ltr'><strong>(ECON.</strong></span> <span class='ocrx_word' id='word_1_213' title='bbox 2158 375 2549 444; x_wconf 83' lang='lat' dir='ltr'><strong>CENTURIA</strong></span> <span class='ocrx_word' id='word_1_214' title='bbox 2594 387 2620 444; x_wconf 84' lang='grc' dir='ltr'>Ι</span> <span class='ocrx_word' id='word_1_215' title='bbox 2631 436 2642 446; x_wconf 94' lang='grc'><strong>.</strong></span> 
     </span>
    </p>
   </div>
   <div class='ocr_carea' id='block_1_32' title="bbox 81 474 1822 575">
    <p class='ocr_par' dir='ltr' id='par_1_32' title="bbox 81 474 1822 552">
     <span class='ocr_line' id='line_1_36' title="bbox 81 474 1822 552; baseline 0.009 -28"><span class='ocrx_word' id='word_1_216' title='bbox 81 475 124 549; x_wconf 49' lang='lat' dir='ltr'><strong>is</strong></span> <span class='ocrx_word' id='word_1_217' title='bbox 205 475 510 544; x_wconf 77' lang='grc' dir='ltr'>γνωστικῆς</span> <span class='ocrx_word' id='word_1_218' title='bbox 551 474 786 547; x_wconf 80' lang='grc' dir='ltr'>θεωρίας</span> <span class='ocrx_word' id='word_1_219' title='bbox 819 494 832 510; x_wconf 76' lang='grc' dir='ltr'><strong><em>ο</em></strong></span> <span class='ocrx_word' id='word_1_220' title='bbox 861 477 986 531; x_wconf 84' lang='grc' dir='ltr'>καθ’</span> <span class='ocrx_word' id='word_1_221' title='bbox 1014 479 1081 550; x_wconf 74' lang='grc' dir='ltr'>ἢν</span> <span class='ocrx_word' id='word_1_222' title='bbox 1126 481 1256 546; x_wconf 72' lang='grc' dir='ltr'>τοὺς</span> <span class='ocrx_word' id='word_1_223' title='bbox 1301 481 1493 552; x_wconf 74' lang='grc' dir='ltr'>λόγους</span> <span class='ocrx_word' id='word_1_224' title='bbox 1530 483 1637 537; x_wconf 85' lang='grc' dir='ltr'><strong>τῶν</strong></span> <span class='ocrx_word' id='word_1_225' title='bbox 1689 484 1780 538; x_wconf 73' lang='grc' dir='ltr'><strong>ὅνο</strong></span> <span class='ocrx_word' id='word_1_226' title='bbox 1813 524 1822 552; x_wconf 58' lang='grc' dir='ltr'><strong>γ</strong></span> 
     </span>
    </p>
   </div>
   <div class='ocr_carea' id='block_1_33' title="bbox 1902 474 3478 575">
    <p class='ocr_par' dir='ltr' id='par_1_33' title="bbox 1902 494 3478 575">
     <span class='ocr_line' id='line_1_37' title="bbox 1902 494 3478 575; baseline 0.01 -29"><span class='ocrx_word' id='word_1_227' title='bbox 1902 494 2369 564; x_wconf 78' lang='lat' dir='ltr'><strong>:ontemplatlonis</strong></span> <span class='ocrx_word' id='word_1_228' title='bbox 2405 499 2652 568; x_wconf 76' lang='lat' dir='ltr'><strong>requiem</strong></span> <span class='ocrx_word' id='word_1_229' title='bbox 2693 503 2976 571; x_wconf 87' lang='lat' dir='ltr'><strong>transivit;</strong></span> <span class='ocrx_word' id='word_1_230' title='bbox 3014 520 3123 575; x_wconf 93' lang='lat' dir='ltr'><strong>qua</strong></span> <span class='ocrx_word' id='word_1_231' title='bbox 3157 520 3349 560; x_wconf 86' lang='lat' dir='ltr'><strong>rerum</strong></span> <span class='ocrx_word' id='word_1_232' title='bbox 3385 521 3478 562; x_wconf 82' lang='lat' dir='ltr'><strong>ra-</strong></span> 
     </span>
    </p>
   </div>
   <div class='ocr_carea' id='block_1_34' title="bbox 3339 387 3476 455">
    <p class='ocr_par' dir='ltr' id='par_1_34' title="bbox 3339 387 3476 455">
     <span class='ocr_line' id='line_1_38' title="bbox 3339 387 3476 455; baseline 0.015 -2"><span class='ocrx_word' id='word_1_233' title='bbox 3339 387 3476 455; x_wconf 74' lang='lat'><strong>1106</strong></span> 
     </span>
    </p>
   </div>
   <div class='ocr_carea' id='block_1_35' title="bbox 1898 582 3482 660">
    <p class='ocr_par' dir='ltr' id='par_1_35' title="bbox 1898 582 3482 660">
     <span class='ocr_line' id='line_1_39' title="bbox 1898 582 3482 660; baseline 0.011 -25"><span class='ocrx_word' id='word_1_234' title='bbox 1898 582 2078 638; x_wconf 85' lang='lat' dir='ltr'><strong>tiones</strong></span> <span class='ocrx_word' id='word_1_235' title='bbox 2109 585 2295 641; x_wconf 85' lang='lat' dir='ltr'><strong>divine</strong></span> <span class='ocrx_word' id='word_1_236' title='bbox 2333 590 2672 660; x_wconf 78' lang='lat' dir='ltr'><strong>complexus,</strong></span> <span class='ocrx_word' id='word_1_237' title='bbox 2703 609 2734 646; x_wconf 83' lang='lat' dir='ltr'><strong>a</strong></span> <span class='ocrx_word' id='word_1_238' title='bbox 2763 595 2964 650; x_wconf 87' lang='lat' dir='ltr'><strong>mentis</strong></span> <span class='ocrx_word' id='word_1_239' title='bbox 2992 595 3143 650; x_wconf 85' lang='lat' dir='ltr'><strong>circa</strong></span> <span class='ocrx_word' id='word_1_240' title='bbox 3169 611 3291 650; x_wconf 84' lang='lat' dir='ltr'><strong>eam</strong></span> <span class='ocrx_word' id='word_1_241' title='bbox 3324 607 3482 653; x_wconf 75' lang='lat' dir='ltr'><strong>motu</strong></span> 
     </span>
    </p>
   </div>
   <div class='ocr_carea' id='block_1_36' title="bbox 1895 675 2164 744">
    <p class='ocr_par' dir='ltr' id='par_1_36' title="bbox 1895 675 2164 744">
     <span class='ocr_line' id='line_1_40' title="bbox 1895 675 2164 744; baseline 0.019 -17"><span class='ocrx_word' id='word_1_242' title='bbox 1895 675 2106 744; x_wconf 80' lang='lat' dir='ltr'><strong>quiesci</strong></span> <span class='ocrx_word' id='word_1_243' title='bbox 2117 686 2164 733; x_wconf 84' lang='grc' dir='ltr'>ι.</span> 
     </span>
    </p>
   </div>
   <div class='ocr_carea' id='block_1_37' title="bbox 1965 765 3479 850">
    <p class='ocr_par' dir='ltr' id='par_1_37' title="bbox 1965 765 3479 850">
     <span class='ocr_line' id='line_1_41' title="bbox 1965 765 3479 850; baseline 0.009 -30"><span class='ocrx_word' id='word_1_244' title='bbox 1965 765 2054 821; x_wconf 84' lang='lat'><strong>60.</strong></span> <span class='ocrx_word' id='word_1_245' title='bbox 2097 767 2198 835; x_wconf 91' lang='lat' dir='ltr'><strong>Qui</strong></span> <span class='ocrx_word' id='word_1_246' title='bbox 2246 772 2496 842; x_wconf 63' lang='lat' dir='ltr'><strong>septimae</strong></span> <span class='ocrx_word' id='word_1_247' title='bbox 2539 775 2744 844; x_wconf 91' lang='lat' dir='ltr'><strong>quietis</strong></span> <span class='ocrx_word' id='word_1_248' title='bbox 2787 777 2884 832; x_wconf 90' lang='lat' dir='ltr'><strong>Dei</strong></span> <span class='ocrx_word' id='word_1_249' title='bbox 2930 777 2985 832; x_wconf 92' lang='lat' dir='ltr'><strong>in</strong></span> <span class='ocrx_word' id='word_1_250' title='bbox 3026 779 3203 833; x_wconf 85' lang='lat' dir='ltr'><strong>nostri</strong></span> <span class='ocrx_word' id='word_1_251' title='bbox 3246 779 3479 850; x_wconf 82' lang='lat' dir='ltr'><strong>gratiam</strong></span> 
     </span>
    </p>
   </div>
   <div class='ocr_carea' id='block_1_38' title="bbox 1895 860 3482 940">
    <p class='ocr_par' dir='ltr' id='par_1_38' title="bbox 1895 860 3482 940">
     <span class='ocr_line' id='line_1_42' title="bbox 1895 860 3482 940; baseline 0.009 -28"><span class='ocrx_word' id='word_1_252' title='bbox 1895 860 2172 931; x_wconf 84' lang='lat' dir='ltr'><strong>particeps</strong></span> <span class='ocrx_word' id='word_1_253' title='bbox 2190 861 2365 921; x_wconf 88' lang='lat' dir='ltr'><strong>factus</strong></span> <span class='ocrx_word' id='word_1_254' title='bbox 2387 874 2501 933; x_wconf 90' lang='lat' dir='ltr'><strong>est;</strong></span> <span class='ocrx_word' id='word_1_255' title='bbox 2527 869 2648 940; x_wconf 86' lang='lat' dir='ltr'><strong>ejus</strong></span> <span class='ocrx_word' id='word_1_256' title='bbox 2669 884 2888 940; x_wconf 88' lang='lat' dir='ltr'><strong>quoque</strong></span> <span class='ocrx_word' id='word_1_257' title='bbox 2913 879 3139 940; x_wconf 78' lang='lat' dir='ltr'><strong>propter</strong></span> <span class='ocrx_word' id='word_1_258' title='bbox 3155 887 3254 926; x_wconf 90' lang='lat' dir='ltr'><strong>nos</strong></span> <span class='ocrx_word' id='word_1_259' title='bbox 3276 879 3482 926; x_wconf 57' lang='lat' dir='ltr'><strong>octavas</strong></span> 
     </span>
    </p>
   </div>
   <div class='ocr_carea' id='block_1_39' title="bbox 1895 949 3480 1032">
    <p class='ocr_par' dir='ltr' id='par_1_39' title="bbox 1895 949 3480 1032">
     <span class='ocr_line' id='line_1_43' title="bbox 1895 949 3480 1032; baseline 0.009 -32"><span class='ocrx_word' id='word_1_260' title='bbox 1895 949 2229 1016; x_wconf 83' lang='lat' dir='ltr'><strong>operationis</strong></span> <span class='ocrx_word' id='word_1_261' title='bbox 2264 968 2364 1022; x_wconf 90' lang='lat' dir='ltr'><strong>per</strong></span> <span class='ocrx_word' id='word_1_262' title='bbox 2391 954 2802 1015; x_wconf 79' lang='lat' dir='ltr'><strong>deiﬁcationem</strong></span> <span class='ocrx_word' id='word_1_263' title='bbox 2841 960 3112 1032; x_wconf 77' lang='lat' dir='ltr'><strong>(mystica:</strong></span> <span class='ocrx_word' id='word_1_264' title='bbox 3144 961 3358 1015; x_wconf 89' lang='lat' dir='ltr'><strong>scilicet</strong></span> <span class='ocrx_word' id='word_1_265' title='bbox 3389 977 3480 1015; x_wconf 81' lang='lat' dir='ltr'><strong>re-</strong></span> 
     </span>
    </p>
   </div>
   <div class='ocr_carea' id='block_1_40' title="bbox 1895 1043 3482 1125">
    <p class='ocr_par' dir='ltr' id='par_1_40' title="bbox 1895 1043 3482 1125">
     <span class='ocr_line' id='line_1_44' title="bbox 1895 1043 3482 1125; baseline 0.009 -32"><span class='ocrx_word' id='word_1_266' title='bbox 1895 1043 2280 1118; x_wconf 78' lang='lat' dir='ltr'><strong>surrectionis)</strong></span> <span class='ocrx_word' id='word_1_267' title='bbox 2313 1046 2409 1103; x_wconf 86' lang='lat' dir='ltr'><strong>fiet</strong></span> <span class='ocrx_word' id='word_1_268' title='bbox 2439 1050 2742 1122; x_wconf 74' lang='lat' dir='ltr'><strong>particeps;</strong></span> <span class='ocrx_word' id='word_1_269' title='bbox 2780 1052 2897 1124; x_wconf 85' lang='lat' dir='ltr'><strong>ipse</strong></span> <span class='ocrx_word' id='word_1_270' title='bbox 2927 1055 3093 1110; x_wconf 88' lang='lat' dir='ltr'><strong>etiam</strong></span> <span class='ocrx_word' id='word_1_271' title='bbox 3134 1056 3189 1109; x_wconf 92' lang='lat' dir='ltr'><strong>in</strong></span> <span class='ocrx_word' id='word_1_272' title='bbox 3225 1055 3482 1125; x_wconf 89' lang='lat' dir='ltr'><strong>sepulcro</strong></span> 
     </span>
    </p>
   </div>
   <div class='ocr_carea' id='block_1_41' title="bbox 1895 1130 3484 1217">
    <p class='ocr_par' dir='ltr' id='par_1_41' title="bbox 1895 1130 3484 1217">
     <span class='ocr_line' id='line_1_45' title="bbox 1895 1130 3484 1217; baseline 0.01 -33"><span class='ocrx_word' id='word_1_273' title='bbox 1895 1130 2215 1190; x_wconf 82' lang='lat' dir='ltr'><strong>linteamina</strong></span> <span class='ocrx_word' id='word_1_274' title='bbox 2243 1140 2443 1207; x_wconf 89' lang='lat' dir='ltr'><strong>posita,</strong></span> <span class='ocrx_word' id='word_1_275' title='bbox 2469 1157 2532 1197; x_wconf 88' lang='lat' dir='ltr'><strong>ac</strong></span> <span class='ocrx_word' id='word_1_276' title='bbox 2562 1145 2849 1199; x_wconf 85' lang='lat' dir='ltr'><strong>sudarium</strong></span> <span class='ocrx_word' id='word_1_277' title='bbox 2879 1146 3027 1216; x_wconf 85' lang='lat' dir='ltr'><strong>quod</strong></span> <span class='ocrx_word' id='word_1_278' title='bbox 3060 1147 3225 1217; x_wconf 87' lang='lat' dir='ltr'><strong>capiti</strong></span> <span class='ocrx_word' id='word_1_279' title='bbox 3261 1147 3484 1217; x_wconf 89' lang='lat' dir='ltr'><strong>imposi-</strong></span> 
     </span>
    </p>
   </div>
   <div class='ocr_carea' id='block_1_42' title="bbox 1899 1224 3483 1306">
    <p class='ocr_par' dir='ltr' id='par_1_42' title="bbox 1899 1224 3483 1306">
     <span class='ocr_line' id='line_1_46' title="bbox 1899 1224 3483 1306; baseline 0.009 -31"><span class='ocrx_word' id='word_1_280' title='bbox 1899 1231 2015 1277; x_wconf 86' lang='lat' dir='ltr'><strong>tum</strong></span> <span class='ocrx_word' id='word_1_281' title='bbox 2055 1224 2264 1294; x_wconf 83' lang='lat' dir='ltr'><strong>fuerat,</strong></span> <span class='ocrx_word' id='word_1_282' title='bbox 2298 1230 2638 1301; x_wconf 89' lang='lat' dir='ltr'><strong>relinquens.</strong></span> <span class='ocrx_word' id='word_1_283' title='bbox 2672 1229 2800 1290; x_wconf 63' lang='lat' dir='ltr'><strong>Haec</strong></span> <span class='ocrx_word' id='word_1_284' title='bbox 2839 1251 3006 1306; x_wconf 87' lang='lat' dir='ltr'><strong>porro</strong></span> <span class='ocrx_word' id='word_1_285' title='bbox 3043 1245 3404 1301; x_wconf 87' lang='lat' dir='ltr'><strong>contuentes,</strong></span> <span class='ocrx_word' id='word_1_286' title='bbox 3435 1236 3483 1290; x_wconf 87' lang='lat' dir='ltr'><strong>si</strong></span> 
     </span>
    </p>
   </div>
   <div class='ocr_carea' id='block_1_43' title="bbox 1895 1315 3485 1404">
    <p class='ocr_par' dir='ltr' id='par_1_43' title="bbox 1895 1315 3485 1404">
     <span class='ocr_line' id='line_1_47' title="bbox 1895 1315 3485 1404; baseline 0.008 -35"><span class='ocrx_word' id='word_1_287' title='bbox 1895 1315 2020 1386; x_wconf 89' lang='lat' dir='ltr'><strong>quis</strong></span> <span class='ocrx_word' id='word_1_288' title='bbox 2049 1317 2246 1376; x_wconf 89' lang='lat' dir='ltr'><strong>Petrus</strong></span> <span class='ocrx_word' id='word_1_289' title='bbox 2277 1336 2343 1377; x_wconf 89' lang='lat' dir='ltr'><strong>ac</strong></span> <span class='ocrx_word' id='word_1_290' title='bbox 2369 1323 2609 1382; x_wconf 79' lang='lat' dir='ltr'><strong>Joannes</strong></span> <span class='ocrx_word' id='word_1_291' title='bbox 2641 1336 2755 1404; x_wconf 75' lang='lat' dir='ltr'><strong>est,</strong></span> <span class='ocrx_word' id='word_1_292' title='bbox 2788 1329 3078 1384; x_wconf 87' lang='lat' dir='ltr'><strong>Dominum</strong></span> <span class='ocrx_word' id='word_1_293' title='bbox 3115 1328 3485 1385; x_wconf 77' lang='lat' dir='ltr'><strong>resurrexisse</strong></span> 
     </span>
    </p>
   </div>
   <div class='ocr_carea' id='block_1_44' title="bbox 1895 1410 2216 1467">
    <p class='ocr_par' dir='ltr' id='par_1_44' title="bbox 1895 1410 2216 1467">
     <span class='ocr_line' id='line_1_48' title="bbox 1895 1410 2216 1467; baseline 0.012 -4"><span class='ocrx_word' id='word_1_294' title='bbox 1895 1410 2130 1466; x_wconf 86' lang='lat' dir='ltr'><strong>credent</strong></span> <span class='ocrx_word' id='word_1_295' title='bbox 2150 1413 2216 1467; x_wconf 79' lang='grc'><strong>³⁸.</strong></span> 
     </span>
    </p>
   </div>
   <div class='ocr_carea' id='block_1_45' title="bbox 1967 1505 3486 1576">
    <p class='ocr_par' dir='ltr' id='par_1_45' title="bbox 1967 1505 3486 1576">
     <span class='ocr_line' id='line_1_49' title="bbox 1967 1505 3486 1576; baseline 0.007 -18"><span class='ocrx_word' id='word_1_296' title='bbox 1967 1505 2058 1559; x_wconf 68' lang='lat' dir='ltr'><strong>6f.</strong></span> <span class='ocrx_word' id='word_1_297' title='bbox 2087 1505 2436 1564; x_wconf 90' lang='lat' dir='ltr'><strong>Dominicum</strong></span> <span class='ocrx_word' id='word_1_298' title='bbox 2469 1509 2612 1566; x_wconf 89' lang='lat' dir='ltr'><strong>forte</strong></span> <span class='ocrx_word' id='word_1_299' title='bbox 2648 1520 3098 1576; x_wconf 83' lang='lat' dir='ltr'><strong>monumentum,</strong></span> <span class='ocrx_word' id='word_1_300' title='bbox 3121 1521 3218 1566; x_wconf 89' lang='lat' dir='ltr'><strong>aut</strong></span> <span class='ocrx_word' id='word_1_301' title='bbox 3246 1512 3486 1568; x_wconf 88' lang='lat' dir='ltr'><strong>mundus</strong></span> 
     </span>
    </p>
   </div>
   <div class='ocr_carea' id='block_1_46' title="bbox 1897 1593 3482 1670">
    <p class='ocr_par' dir='ltr' id='par_1_46' title="bbox 1897 1593 3482 1670">
     <span class='ocr_line' id='line_1_50' title="bbox 1897 1593 3482 1670; baseline 0.004 -21"><span class='ocrx_word' id='word_1_302' title='bbox 1897 1593 2002 1649; x_wconf 88' lang='lat' dir='ltr'><strong>iste</strong></span> <span class='ocrx_word' id='word_1_303' title='bbox 2045 1604 2162 1662; x_wconf 86' lang='lat' dir='ltr'><strong>est,</strong></span> <span class='ocrx_word' id='word_1_304' title='bbox 2206 1604 2304 1652; x_wconf 89' lang='lat' dir='ltr'><strong>aut</strong></span> <span class='ocrx_word' id='word_1_305' title='bbox 2347 1600 2591 1670; x_wconf 85' lang='lat' dir='ltr'><strong>cujusvis</strong></span> <span class='ocrx_word' id='word_1_306' title='bbox 2643 1600 2892 1656; x_wconf 83' lang='lat' dir='ltr'><strong>ﬁdelium</strong></span> <span class='ocrx_word' id='word_1_307' title='bbox 2940 1616 3038 1657; x_wconf 89' lang='lat' dir='ltr'><strong>cor</strong></span> <span class='ocrx_word' id='word_1_308' title='bbox 3083 1602 3202 1656; x_wconf 81' lang='lat' dir='ltr'><strong>sive</strong></span> <span class='ocrx_word' id='word_1_309' title='bbox 3241 1602 3482 1658; x_wconf 89' lang='lat' dir='ltr'><strong>animus.</strong></span> 
     </span>
    </p>
   </div>
   <div class='ocr_carea' id='block_1_47' title="bbox 1897 1687 3487 1762">
    <p class='ocr_par' dir='ltr' id='par_1_47' title="bbox 1897 1687 3487 1762">
     <span class='ocr_line' id='line_1_51' title="bbox 1897 1687 3487 1762; baseline 0.003 -19"><span class='ocrx_word' id='word_1_310' title='bbox 1897 1687 2226 1757; x_wconf 88' lang='lat' dir='ltr'><strong>Sudarium,</strong></span> <span class='ocrx_word' id='word_1_311' title='bbox 2260 1691 2589 1761; x_wconf 88' lang='lat' dir='ltr'><strong>spiritalium</strong></span> <span class='ocrx_word' id='word_1_312' title='bbox 2621 1702 2740 1759; x_wconf 90' lang='lat' dir='ltr'><strong>est,</strong></span> <span class='ocrx_word' id='word_1_313' title='bbox 2770 1708 2896 1748; x_wconf 89' lang='lat' dir='ltr'><strong>cum</strong></span> <span class='ocrx_word' id='word_1_314' title='bbox 2937 1708 3002 1748; x_wconf 90' lang='lat' dir='ltr'><strong>ea</strong></span> <span class='ocrx_word' id='word_1_315' title='bbox 3040 1707 3205 1762; x_wconf 90' lang='lat' dir='ltr'><strong>quam</strong></span> <span class='ocrx_word' id='word_1_316' title='bbox 3245 1691 3487 1747; x_wconf 83' lang='lat' dir='ltr'><strong>nancisci</strong></span> 
     </span>
    </p>
   </div>
   <div class='ocr_carea' id='block_1_48' title="bbox 1900 1782 3488 1855">
    <p class='ocr_par' dir='ltr' id='par_1_48' title="bbox 1900 1782 3488 1855">
     <span class='ocr_line' id='line_1_52' title="bbox 1900 1782 3488 1855; baseline 0.001 -19"><span class='ocrx_word' id='word_1_317' title='bbox 1900 1782 2061 1847; x_wconf 91' lang='lat' dir='ltr'><strong>licet,</strong></span> <span class='ocrx_word' id='word_1_318' title='bbox 2091 1783 2398 1855; x_wconf 80' lang='lat' dir='ltr'><strong>theologia,</strong></span> <span class='ocrx_word' id='word_1_319' title='bbox 2431 1784 2665 1854; x_wconf 83' lang='lat' dir='ltr'><strong>simplex</strong></span> <span class='ocrx_word' id='word_1_320' title='bbox 2698 1785 2961 1855; x_wconf 87' lang='lat' dir='ltr'><strong>omnique</strong></span> <span class='ocrx_word' id='word_1_321' title='bbox 2991 1800 3192 1840; x_wconf 85' lang='lat' dir='ltr'><strong>vacans</strong></span> <span class='ocrx_word' id='word_1_322' title='bbox 3222 1784 3488 1839; x_wconf 76' lang='lat' dir='ltr'><strong>varietate</strong></span> 
     </span>
    </p>
   </div>
   <div class='ocr_carea' id='block_1_49' title="bbox 1896 1874 3489 1946">
    <p class='ocr_par' dir='ltr' id='par_1_49' title="bbox 1896 1874 3489 1946">
     <span class='ocr_line' id='line_1_53' title="bbox 1896 1874 3489 1946; baseline 0.001 -18"><span class='ocrx_word' id='word_1_323' title='bbox 1896 1874 2158 1941; x_wconf 85' lang='lat' dir='ltr'><strong>scientia;</strong></span> <span class='ocrx_word' id='word_1_324' title='bbox 2190 1875 2394 1946; x_wconf 86' lang='lat' dir='ltr'><strong>quibus</strong></span> <span class='ocrx_word' id='word_1_325' title='bbox 2427 1877 2581 1946; x_wconf 90' lang='lat' dir='ltr'><strong>prius</strong></span> <span class='ocrx_word' id='word_1_326' title='bbox 2603 1877 2845 1931; x_wconf 81' lang='lat' dir='ltr'><strong>Verbum</strong></span> <span class='ocrx_word' id='word_1_327' title='bbox 2871 1877 3222 1941; x_wconf 89' lang='lat' dir='ltr'><strong>noscebatur,</strong></span> <span class='ocrx_word' id='word_1_328' title='bbox 3247 1875 3367 1930; x_wconf 91' lang='lat' dir='ltr'><strong>sine</strong></span> <span class='ocrx_word' id='word_1_329' title='bbox 3402 1875 3489 1930; x_wconf 88' lang='lat' dir='ltr'><strong>his</strong></span> 
     </span>
    </p>
   </div>
   <div class='ocr_carea' id='block_1_50' title="bbox 1897 1968 3485 2040">
    <p class='ocr_par' dir='ltr' id='par_1_50' title="bbox 1897 1968 3485 2040">
     <span class='ocr_line' id='line_1_54' title="bbox 1897 1968 3485 2040; baseline 0.001 -20"><span class='ocrx_word' id='word_1_330' title='bbox 1897 1980 2126 2036; x_wconf 86' lang='lat' dir='ltr'><strong>prorsus</strong></span> <span class='ocrx_word' id='word_1_331' title='bbox 2159 1968 2322 2023; x_wconf 90' lang='lat' dir='ltr'><strong>nobis</strong></span> <span class='ocrx_word' id='word_1_332' title='bbox 2358 1968 2892 2039; x_wconf 87' lang='lat' dir='ltr'><strong>incomprehensam,</strong></span> <span class='ocrx_word' id='word_1_333' title='bbox 2927 1985 3051 2040; x_wconf 72' lang='lat' dir='ltr'><strong>quae</strong></span> <span class='ocrx_word' id='word_1_334' title='bbox 3083 1969 3192 2024; x_wconf 91' lang='lat' dir='ltr'><strong>illis</strong></span> <span class='ocrx_word' id='word_1_335' title='bbox 3222 1969 3485 2035; x_wconf 84' lang='lat' dir='ltr'><strong>emineat,</strong></span> 
     </span>
    </p>
   </div>
   <div class='ocr_carea' id='block_1_51' title="bbox 1897 2060 2716 2130">
    <p class='ocr_par' dir='ltr' id='par_1_51' title="bbox 1897 2060 2716 2130">
     <span class='ocr_line' id='line_1_55' title="bbox 1897 2060 2716 2130; baseline 0.006 -18"><span class='ocrx_word' id='word_1_336' title='bbox 1897 2060 2452 2130; x_wconf 88' lang='lat' dir='ltr'><strong>comprehensionem</strong></span> <span class='ocrx_word' id='word_1_337' title='bbox 2484 2060 2716 2118; x_wconf 86' lang='lat' dir='ltr'><strong>habens.</strong></span> 
     </span>
    </p>
   </div>
   <div class='ocr_carea' id='block_1_52' title="bbox 1968 2243 3486 2315">
    <p class='ocr_par' dir='ltr' id='par_1_52' title="bbox 1968 2243 3486 2315">
     <span class='ocr_line' id='line_1_56' title="bbox 1968 2243 3486 2315; baseline -0.002 -15"><span class='ocrx_word' id='word_1_338' title='bbox 1968 2244 2058 2300; x_wconf 70' lang='lat'><strong>62.</strong></span> <span class='ocrx_word' id='word_1_339' title='bbox 2102 2243 2207 2312; x_wconf 88' lang='lat' dir='ltr'><strong>Qui</strong></span> <span class='ocrx_word' id='word_1_340' title='bbox 2255 2244 2560 2301; x_wconf 80' lang='lat' dir='ltr'><strong>honorifice</strong></span> <span class='ocrx_word' id='word_1_341' title='bbox 2607 2245 2900 2300; x_wconf 92' lang='lat' dir='ltr'><strong>Dominum</strong></span> <span class='ocrx_word' id='word_1_342' title='bbox 2949 2245 3257 2315; x_wconf 81' lang='lat' dir='ltr'><strong>sepeliunt,</strong></span> <span class='ocrx_word' id='word_1_343' title='bbox 3304 2243 3486 2312; x_wconf 90' lang='lat' dir='ltr'><strong>ipsum</strong></span> 
     </span>
    </p>
   </div>
   <div class='ocr_carea' id='block_1_53' title="bbox 1898 2333 3488 2408">
    <p class='ocr_par' dir='ltr' id='par_1_53' title="bbox 1898 2333 3488 2408">
     <span class='ocr_line' id='line_1_57' title="bbox 1898 2333 3488 2408; baseline -0.003 -18"><span class='ocrx_word' id='word_1_344' title='bbox 1898 2350 2118 2407; x_wconf 88' lang='lat' dir='ltr'><strong>quoque</strong></span> <span class='ocrx_word' id='word_1_345' title='bbox 2141 2336 2380 2407; x_wconf 85' lang='lat' dir='ltr'><strong>gloriose</strong></span> <span class='ocrx_word' id='word_1_346' title='bbox 2406 2345 2788 2408; x_wconf 81' lang='lat' dir='ltr'><strong>resurgentem</strong></span> <span class='ocrx_word' id='word_1_347' title='bbox 2808 2336 2985 2392; x_wconf 82' lang='lat' dir='ltr'><strong>visuri</strong></span> <span class='ocrx_word' id='word_1_348' title='bbox 3011 2343 3166 2398; x_wconf 88' lang='lat' dir='ltr'><strong>sunt,</strong></span> <span class='ocrx_word' id='word_1_349' title='bbox 3195 2349 3320 2390; x_wconf 92' lang='lat' dir='ltr'><strong>cum</strong></span> <span class='ocrx_word' id='word_1_350' title='bbox 3351 2333 3488 2387; x_wconf 91' lang='lat' dir='ltr'><strong>alio-</strong></span> 
     </span>
    </p>
   </div>
   <div class='ocr_carea' id='block_1_54' title="bbox 1898 2426 3481 2501">
    <p class='ocr_par' dir='ltr' id='par_1_54' title="bbox 1898 2426 3481 2501">
     <span class='ocr_line' id='line_1_58' title="bbox 1898 2426 3481 2501; baseline -0.003 -19"><span class='ocrx_word' id='word_1_351' title='bbox 1898 2429 1993 2499; x_wconf 89' lang='lat' dir='ltr'><strong>qui</strong></span> <span class='ocrx_word' id='word_1_352' title='bbox 2015 2429 2293 2497; x_wconf 91' lang='lat' dir='ltr'><strong>omnibus,</strong></span> <span class='ocrx_word' id='word_1_353' title='bbox 2317 2430 2412 2501; x_wconf 89' lang='lat' dir='ltr'><strong>qui</strong></span> <span class='ocrx_word' id='word_1_354' title='bbox 2433 2445 2544 2484; x_wconf 91' lang='lat' dir='ltr'><strong>non</strong></span> <span class='ocrx_word' id='word_1_355' title='bbox 2577 2438 2708 2484; x_wconf 88' lang='lat' dir='ltr'><strong>sunt</strong></span> <span class='ocrx_word' id='word_1_356' title='bbox 2735 2429 3030 2501; x_wconf 85' lang='lat' dir='ltr'><strong>ejusmodi,</strong></span> <span class='ocrx_word' id='word_1_357' title='bbox 3060 2427 3357 2483; x_wconf 88' lang='lat' dir='ltr'><strong>invisibilis</strong></span> <span class='ocrx_word' id='word_1_358' title='bbox 3390 2426 3481 2479; x_wconf 88' lang='lat' dir='ltr'><strong>sit.</strong></span> 
     </span>
    </p>
   </div>
   <div class='ocr_carea' id='block_1_55' title="bbox 1898 2516 3484 2592">
    <p class='ocr_par' dir='ltr' id='par_1_55' title="bbox 1898 2516 3484 2592">
     <span class='ocr_line' id='line_1_59' title="bbox 1898 2516 3484 2592; baseline -0.004 -16"><span class='ocrx_word' id='word_1_359' title='bbox 1898 2522 2018 2576; x_wconf 85' lang='lat' dir='ltr'><strong>Non</strong></span> <span class='ocrx_word' id='word_1_360' title='bbox 2059 2521 2207 2576; x_wconf 90' lang='lat' dir='ltr'><strong>enim</strong></span> <span class='ocrx_word' id='word_1_361' title='bbox 2245 2522 2483 2592; x_wconf 85' lang='lat' dir='ltr'><strong>amplius</strong></span> <span class='ocrx_word' id='word_1_362' title='bbox 2515 2522 2801 2592; x_wconf 76' lang='lat' dir='ltr'><strong>expositus</strong></span> <span class='ocrx_word' id='word_1_363' title='bbox 2837 2530 2923 2576; x_wconf 89' lang='lat' dir='ltr'><strong>est</strong></span> <span class='ocrx_word' id='word_1_364' title='bbox 2960 2521 3311 2575; x_wconf 83' lang='lat' dir='ltr'><strong>inimicorum</strong></span> <span class='ocrx_word' id='word_1_365' title='bbox 3349 2516 3484 2570; x_wconf 89' lang='lat' dir='ltr'><strong>insi-</strong></span> 
     </span>
    </p>
   </div>
   <div class='ocr_carea' id='block_1_56' title="bbox 1899 2607 3483 2682">
    <p class='ocr_par' dir='ltr' id='par_1_56' title="bbox 1899 2607 3483 2682">
     <span class='ocr_line' id='line_1_60' title="bbox 1899 2607 3483 2682; baseline -0.003 -18"><span class='ocrx_word' id='word_1_366' title='bbox 1899 2611 2036 2676; x_wconf 89' lang='lat' dir='ltr'><strong>diis,</strong></span> <span class='ocrx_word' id='word_1_367' title='bbox 2064 2613 2158 2682; x_wconf 91' lang='lat' dir='ltr'><strong>qui</strong></span> <span class='ocrx_word' id='word_1_368' title='bbox 2192 2613 2361 2667; x_wconf 92' lang='lat' dir='ltr'><strong>nullis</strong></span> <span class='ocrx_word' id='word_1_369' title='bbox 2390 2615 2727 2668; x_wconf 75' lang='lat' dir='ltr'><strong>exteriorum</strong></span> <span class='ocrx_word' id='word_1_370' title='bbox 2762 2611 3062 2668; x_wconf 84' lang='lat' dir='ltr'><strong>involucris</strong></span> <span class='ocrx_word' id='word_1_371' title='bbox 3095 2610 3350 2666; x_wconf 88' lang='lat' dir='ltr'><strong>obtectus</strong></span> <span class='ocrx_word' id='word_1_372' title='bbox 3383 2607 3483 2672; x_wconf 90' lang='lat' dir='ltr'><strong>sit,</strong></span> 
     </span>
    </p>
   </div>
   <div class='ocr_carea' id='block_1_57' title="bbox 1900 2696 3483 2771">
    <p class='ocr_par' dir='ltr' id='par_1_57' title="bbox 1900 2696 3483 2771">
     <span class='ocr_line' id='line_1_61' title="bbox 1900 2696 3483 2771; baseline -0.001 -18"><span class='ocrx_word' id='word_1_373' title='bbox 1900 2700 2105 2769; x_wconf 86' lang='lat' dir='ltr'><strong>quibus</strong></span> <span class='ocrx_word' id='word_1_374' title='bbox 2135 2711 2331 2771; x_wconf 88' lang='lat' dir='ltr'><strong>sponte</strong></span> <span class='ocrx_word' id='word_1_375' title='bbox 2357 2717 2387 2756; x_wconf 90' lang='lat' dir='ltr'><strong>a</strong></span> <span class='ocrx_word' id='word_1_376' title='bbox 2413 2701 2726 2756; x_wconf 90' lang='lat' dir='ltr'><strong>volentibus</strong></span> <span class='ocrx_word' id='word_1_377' title='bbox 2755 2701 2876 2771; x_wconf 90' lang='lat' dir='ltr'><strong>capi</strong></span> <span class='ocrx_word' id='word_1_378' title='bbox 2902 2699 3214 2765; x_wconf 88' lang='lat' dir='ltr'><strong>videbatur,</strong></span> <span class='ocrx_word' id='word_1_379' title='bbox 3243 2696 3483 2753; x_wconf 88' lang='lat' dir='ltr'><strong>sustine-</strong></span> 
     </span>
    </p>
   </div>
   <div class='ocr_carea' id='block_1_58' title="bbox 1902 2794 2952 2865">
    <p class='ocr_par' dir='ltr' id='par_1_58' title="bbox 1902 2794 2952 2865">
     <span class='ocr_line' id='line_1_62' title="bbox 1902 2794 2952 2865; baseline 0 -17"><span class='ocrx_word' id='word_1_380' title='bbox 1902 2795 2106 2864; x_wconf 81' lang='lat' dir='ltr'><strong>batque</strong></span> <span class='ocrx_word' id='word_1_381' title='bbox 2136 2794 2382 2848; x_wconf 91' lang='lat' dir='ltr'><strong>omnium</strong></span> <span class='ocrx_word' id='word_1_382' title='bbox 2410 2809 2574 2850; x_wconf 89' lang='lat' dir='ltr'><strong>causa</strong></span> <span class='ocrx_word' id='word_1_383' title='bbox 2598 2795 2792 2850; x_wconf 90' lang='lat' dir='ltr'><strong>salutis</strong></span> <span class='ocrx_word' id='word_1_384' title='bbox 2818 2795 2952 2865; x_wconf 92' lang='lat' dir='ltr'><strong>pati.</strong></span> 
     </span>
    </p>
   </div>
   <div class='ocr_carea' id='block_1_59' title="bbox 1971 2873 3488 2954">
    <p class='ocr_par' dir='ltr' id='par_1_59' title="bbox 1971 2873 3488 2954">
     <span class='ocr_line' id='line_1_63' title="bbox 1971 2873 3488 2954; baseline -0.003 -14"><span class='ocrx_word' id='word_1_385' title='bbox 1971 2884 2062 2940; x_wconf 78' lang='lat'><strong>63.</strong></span> <span class='ocrx_word' id='word_1_386' title='bbox 2097 2884 2203 2950; x_wconf 86' lang='lat' dir='ltr'><strong>Qui</strong></span> <span class='ocrx_word' id='word_1_387' title='bbox 2243 2883 2546 2940; x_wconf 81' lang='lat' dir='ltr'><strong>honorifice</strong></span> <span class='ocrx_word' id='word_1_388' title='bbox 2588 2873 2881 2938; x_wconf 89' lang='lat' dir='ltr'><strong>Dominum</strong></span> <span class='ocrx_word' id='word_1_389' title='bbox 2921 2884 3144 2954; x_wconf 83' lang='lat' dir='ltr'><strong>sepelit,</strong></span> <span class='ocrx_word' id='word_1_390' title='bbox 3179 2881 3345 2954; x_wconf 62' lang='grc'><strong>474</strong></span> <span class='ocrx_word' id='word_1_391' title='bbox 3381 2881 3488 2952; x_wconf 87' lang='lat' dir='ltr'><strong>piis</strong></span> 
     </span>
    </p>
   </div>
   <div class='ocr_carea' id='block_1_60' title="bbox 1903 2973 3487 3044">
    <p class='ocr_par' dir='ltr' id='par_1_60' title="bbox 1903 2973 3487 3044">
     <span class='ocr_line' id='line_1_64' title="bbox 1903 2973 3487 3044; baseline -0.003 -15"><span class='ocrx_word' id='word_1_392' title='bbox 1903 2974 2163 3030; x_wconf 88' lang='lat' dir='ltr'><strong>omnibus</strong></span> <span class='ocrx_word' id='word_1_393' title='bbox 2199 2989 2264 3029; x_wconf 90' lang='lat' dir='ltr'><strong>ac</strong></span> <span class='ocrx_word' id='word_1_394' title='bbox 2303 2973 2576 3044; x_wconf 83' lang='lat' dir='ltr'><strong>religiosis</strong></span> <span class='ocrx_word' id='word_1_395' title='bbox 2629 2973 2962 3028; x_wconf 86' lang='lat' dir='ltr'><strong>venerabilis</strong></span> <span class='ocrx_word' id='word_1_396' title='bbox 2996 2973 3242 3041; x_wconf 71' lang='lat' dir='ltr'><strong>exsiSLit;</strong></span> <span class='ocrx_word' id='word_1_397' title='bbox 3285 2973 3487 3042; x_wconf 89' lang='lat' dir='ltr'><strong>quippe</strong></span> 
     </span>
    </p>
   </div>
   <div class='ocr_carea' id='block_1_61' title="bbox 1903 3064 3490 3135">
    <p class='ocr_par' dir='ltr' id='par_1_61' title="bbox 1903 3064 3490 3135">
     <span class='ocr_line' id='line_1_65' title="bbox 1903 3064 3490 3135; baseline -0.002 -16"><span class='ocrx_word' id='word_1_398' title='bbox 1903 3065 1999 3135; x_wconf 92' lang='lat' dir='ltr'><strong>qui</strong></span> <span class='ocrx_word' id='word_1_399' title='bbox 2028 3065 2132 3120; x_wconf 90' lang='lat' dir='ltr'><strong>rite</strong></span> <span class='ocrx_word' id='word_1_400' title='bbox 2163 3081 2230 3120; x_wconf 91' lang='lat' dir='ltr'><strong>eo</strong></span> <span class='ocrx_word' id='word_1_401' title='bbox 2257 3065 2583 3135; x_wconf 81' lang='lat' dir='ltr'><strong>perfunctus</strong></span> <span class='ocrx_word' id='word_1_402' title='bbox 2607 3065 2829 3135; x_wconf 89' lang='lat' dir='ltr'><strong>pietatis</strong></span> <span class='ocrx_word' id='word_1_403' title='bbox 2851 3065 3049 3130; x_wconf 78' lang='lat' dir='ltr'><strong>omcio,</strong></span> <span class='ocrx_word' id='word_1_404' title='bbox 3073 3065 3219 3135; x_wconf 90' lang='lat' dir='ltr'><strong>quod</strong></span> <span class='ocrx_word' id='word_1_405' title='bbox 3252 3065 3307 3118; x_wconf 90' lang='lat' dir='ltr'><strong>in</strong></span> <span class='ocrx_word' id='word_1_406' title='bbox 3338 3064 3490 3134; x_wconf 82' lang='lat' dir='ltr'><strong>ligno</strong></span> 
     </span>
    </p>
   </div>
   <div class='ocr_carea' id='block_1_62' title="bbox 210 3153 1822 3262">
    <p class='ocr_par' dir='ltr' id='par_1_62' title="bbox 210 3153 1798 3238">
     <span class='ocr_line' id='line_1_66' title="bbox 210 3153 1798 3238; baseline 0.009 -30"><span class='ocrx_word' id='word_1_407' title='bbox 210 3154 318 3208; x_wconf 84' lang='grc' dir='ltr'>οὐκ</span> <span class='ocrx_word' id='word_1_408' title='bbox 342 3155 503 3224; x_wconf 76' lang='grc' dir='ltr'>ἀφεὶς</span> <span class='ocrx_word' id='word_1_409' title='bbox 529 3160 642 3222; x_wconf 86' lang='grc' dir='ltr'>τοῖς</span> <span class='ocrx_word' id='word_1_410' title='bbox 663 3160 940 3226; x_wconf 81' lang='grc' dir='ltr'>ἀπίστοις,</span> <span class='ocrx_word' id='word_1_411' title='bbox 967 3163 1066 3234; x_wconf 82' lang='grc' dir='ltr'>τὴν</span> <span class='ocrx_word' id='word_1_412' title='bbox 1090 3153 1146 3216; x_wconf 82' lang='grc' dir='ltr'><strong>ἐν</strong></span> <span class='ocrx_word' id='word_1_413' title='bbox 1169 3162 1250 3234; x_wconf 83' lang='grc' dir='ltr'>τῷ</span> <span class='ocrx_word' id='word_1_414' title='bbox 1266 3164 1410 3237; x_wconf 82' lang='grc' dir='ltr'>ξύλῳ</span> <span class='ocrx_word' id='word_1_415' title='bbox 1429 3166 1595 3222; x_wconf 82' lang='grc' dir='ltr'>αὑτοῦ</span> <span class='ocrx_word' id='word_1_416' title='bbox 1623 3185 1798 3238; x_wconf 87' lang='grc' dir='ltr'>προσ-</span> 
     </span>
    </p>
   </div>
   <div class='ocr_carea' id='block_1_63' title="bbox 1902 3153 3494 3262">
    <p class='ocr_par' dir='ltr' id='par_1_63' title="bbox 1906 3153 3494 3228">
     <span class='ocr_line' id='line_1_67' title="bbox 1906 3153 3494 3228; baseline -0.004 -14"><span class='ocrx_word' id='word_1_417' title='bbox 1906 3158 2078 3214; x_wconf 85' lang='lat' dir='ltr'><strong>clavis</strong></span> <span class='ocrx_word' id='word_1_418' title='bbox 2111 3157 2360 3213; x_wconf 80' lang='lat' dir='ltr'><strong>conﬁxus</strong></span> <span class='ocrx_word' id='word_1_419' title='bbox 2396 3157 2489 3223; x_wconf 88' lang='lat' dir='ltr'><strong>sit,</strong></span> <span class='ocrx_word' id='word_1_420' title='bbox 2515 3157 2833 3228; x_wconf 70' lang='lat' dir='ltr'><strong>ignominia:</strong></span> <span class='ocrx_word' id='word_1_421' title='bbox 2864 3156 3196 3227; x_wconf 89' lang='lat' dir='ltr'><strong>publicoque</strong></span> <span class='ocrx_word' id='word_1_422' title='bbox 3232 3153 3494 3210; x_wconf 84' lang='lat' dir='ltr'><strong>dedecori</strong></span> 
     </span>
    </p>
   </div>
   <div class='ocr_carea' id='block_1_64' title="bbox 221 3247 1800 3334">
    <p class='ocr_par' dir='ltr' id='par_1_64' title="bbox 221 3247 1800 3334">
     <span class='ocr_line' id='line_1_68' title="bbox 221 3247 1800 3334; baseline 0.011 -36"><span class='ocrx_word' id='word_1_423' title='bbox 221 3247 447 3315; x_wconf 79' lang='grc' dir='ltr'>ήλωσιν.</span> <span class='ocrx_word' id='word_1_424' title='bbox 477 3250 542 3302; x_wconf 73' lang='lat' dir='ltr'><strong>Oi</strong></span> <span class='ocrx_word' id='word_1_425' title='bbox 572 3250 630 3304; x_wconf 87' lang='grc' dir='ltr'>δὲ</span> <span class='ocrx_word' id='word_1_426' title='bbox 667 3255 968 3324; x_wconf 77' lang='grc' dir='ltr'>σφραγῖδας</span> <span class='ocrx_word' id='word_1_427' title='bbox 1025 3257 1358 3322; x_wconf 77' lang='grc' dir='ltr'>ἐπιτιθέντες</span> <span class='ocrx_word' id='word_1_428' title='bbox 1387 3258 1466 3330; x_wconf 82' lang='grc' dir='ltr'>τῷ</span> <span class='ocrx_word' id='word_1_429' title='bbox 1493 3261 1668 3334; x_wconf 86' lang='grc' dir='ltr'>τάφῳ,</span> <span class='ocrx_word' id='word_1_430' title='bbox 1703 3261 1800 3315; x_wconf 75' lang='grc' dir='ltr'><strong>καὶ</strong></span> 
     </span>
    </p>
   </div>
   <div class='ocr_carea' id='block_1_65' title="bbox 215 3340 1791 3424">
    <p class='ocr_par' dir='ltr' id='par_1_65' title="bbox 215 3340 1791 3424">
     <span class='ocr_line' id='line_1_69' title="bbox 215 3340 1791 3424; baseline 0.02 -33"><span class='ocrx_word' id='word_1_431' title='bbox 215 3340 556 3408; x_wconf 83' lang='grc' dir='ltr'>στρατιώτας</span> <span class='ocrx_word' id='word_1_432' title='bbox 605 3344 1103 3415; x_wconf 82' lang='grc' dir='ltr'>προκαθιστῶντες,</span> <span class='ocrx_word' id='word_1_433' title='bbox 1149 3351 1369 3421; x_wconf 62' lang='grc' dir='ltr'>μισηττή</span> <span class='ocrx_word' id='word_1_434' title='bbox 1402 3351 1504 3421; x_wconf 83' lang='grc' dir='ltr'>τῆς</span> <span class='ocrx_word' id='word_1_435' title='bbox 1542 3353 1791 3424; x_wconf 72' lang='grc' dir='ltr'>ἐγχειρή-</span> 
     </span>
    </p>
   </div>
   <div class='ocr_carea' id='block_1_66' title="bbox 219 3434 1802 3511">
    <p class='ocr_par' dir='ltr' id='par_1_66' title="bbox 219 3434 1802 3511">
     <span class='ocr_line' id='line_1_70' title="bbox 219 3434 1802 3511; baseline 0.01 -28"><span class='ocrx_word' id='word_1_436' title='bbox 219 3447 361 3495; x_wconf 91' lang='grc' dir='ltr'>σεως</span> <span class='ocrx_word' id='word_1_437' title='bbox 394 3446 409 3462; x_wconf 89' lang='grc'><strong>·</strong></span> <span class='ocrx_word' id='word_1_438' title='bbox 441 3434 492 3487; x_wconf 78' lang='grc' dir='ltr'>οἳ</span> <span class='ocrx_word' id='word_1_439' title='bbox 539 3435 635 3488; x_wconf 74' lang='grc' dir='ltr'><strong>καὶ</strong></span> <span class='ocrx_word' id='word_1_440' title='bbox 676 3438 988 3495; x_wconf 83' lang='grc' dir='ltr'>ἀναστάντα</span> <span class='ocrx_word' id='word_1_441' title='bbox 1017 3441 1112 3494; x_wconf 80' lang='grc' dir='ltr'>τὸν</span> <span class='ocrx_word' id='word_1_442' title='bbox 1140 3442 1336 3511; x_wconf 87' lang='grc' dir='ltr'>Λόγον,</span> <span class='ocrx_word' id='word_1_443' title='bbox 1384 3441 1461 3506; x_wconf 86' lang='grc' dir='ltr'><strong>ὡς</strong></span> <span class='ocrx_word' id='word_1_444' title='bbox 1521 3444 1802 3498; x_wconf 85' lang='grc' dir='ltr'>κλαπέντα</span> 
     </span>
    </p>
   </div>
   <div class='ocr_carea' id='block_1_67' title="bbox 215 3523 1803 3610">
    <p class='ocr_par' dir='ltr' id='par_1_67' title="bbox 215 3523 1803 3610">
     <span class='ocr_line' id='line_1_71' title="bbox 215 3523 1803 3610; baseline 0.01 -34"><span class='ocrx_word' id='word_1_445' title='bbox 215 3523 602 3580; x_wconf 86' lang='grc' dir='ltr'>διαϐάλλουσιν</span> <span class='ocrx_word' id='word_1_446' title='bbox 631 3544 644 3557; x_wconf 77' lang='grc'><strong><em>⁸</em></strong></span> <span class='ocrx_word' id='word_1_447' title='bbox 681 3530 956 3602; x_wconf 83' lang='grc' dir='ltr'>ἀργυρίῳ,</span> <span class='ocrx_word' id='word_1_448' title='bbox 993 3531 1184 3605; x_wconf 86' lang='grc' dir='ltr'>ὥσπερ</span> <span class='ocrx_word' id='word_1_449' title='bbox 1210 3535 1302 3588; x_wconf 79' lang='grc' dir='ltr'>τὸν</span> <span class='ocrx_word' id='word_1_450' title='bbox 1347 3534 1501 3590; x_wconf 78' lang='grc' dir='ltr'>νόθον</span> <span class='ocrx_word' id='word_1_451' title='bbox 1551 3536 1803 3610; x_wconf 81' lang='grc' dir='ltr'>μαθητὴν</span> 
     </span>
    </p>
   </div>
   <div class='ocr_carea' id='block_1_68' title="bbox 219 3616 1804 3700">
    <p class='ocr_par' dir='ltr' id='par_1_68' title="bbox 219 3616 1804 3700">
     <span class='ocr_line' id='line_1_72' title="bbox 219 3616 1804 3700; baseline 0.01 -32"><span class='ocrx_word' id='word_1_452' title='bbox 219 3617 302 3679; x_wconf 82' lang='grc' dir='ltr'><strong>είς</strong></span> <span class='ocrx_word' id='word_1_453' title='bbox 331 3616 630 3688; x_wconf 85' lang='grc' dir='ltr'>προδοσίαν</span> <span class='ocrx_word' id='word_1_454' title='bbox 651 3637 665 3650; x_wconf 76' lang='grc' dir='ltr'><strong>ο</strong></span> <span class='ocrx_word' id='word_1_455' title='bbox 692 3621 839 3688; x_wconf 86' lang='grc' dir='ltr'>λέγω</span> <span class='ocrx_word' id='word_1_456' title='bbox 871 3623 928 3676; x_wconf 82' lang='grc' dir='ltr'>δὲ</span> <span class='ocrx_word' id='word_1_457' title='bbox 949 3624 1041 3677; x_wconf 85' lang='grc' dir='ltr'>τὸν</span> <span class='ocrx_word' id='word_1_458' title='bbox 1069 3625 1438 3679; x_wconf 76' lang='grc' dir='ltr'>ἐπιδεικτικὸν</span> <span class='ocrx_word' id='word_1_459' title='bbox 1478 3628 1679 3698; x_wconf 88' lang='grc' dir='ltr'>τρόπον</span> <span class='ocrx_word' id='word_1_460' title='bbox 1703 3630 1804 3700; x_wconf 84' lang='grc' dir='ltr'>τῆς</span> 
     </span>
    </p>
   </div>
   <div class='ocr_carea' id='block_1_69' title="bbox 221 3708 1803 3788">
    <p class='ocr_par' dir='ltr' id='par_1_69' title="bbox 221 3708 1803 3788">
     <span class='ocr_line' id='line_1_73' title="bbox 221 3708 1803 3788; baseline 0.008 -28"><span class='ocrx_word' id='word_1_461' title='bbox 221 3708 424 3780; x_wconf 86' lang='grc' dir='ltr'>ἀρετῆς</span> <span class='ocrx_word' id='word_1_462' title='bbox 451 3726 468 3741; x_wconf 87' lang='grc'><strong>·</strong></span> <span class='ocrx_word' id='word_1_463' title='bbox 496 3709 640 3763; x_wconf 78' lang='grc' dir='ltr'>οὕτω</span> <span class='ocrx_word' id='word_1_464' title='bbox 672 3712 921 3775; x_wconf 76' lang='grc' dir='ltr'>καὶτοὺς</span> <span class='ocrx_word' id='word_1_465' title='bbox 963 3716 1301 3785; x_wconf 82' lang='grc' dir='ltr'>στρατιώτας</span> <span class='ocrx_word' id='word_1_466' title='bbox 1343 3717 1481 3788; x_wconf 75' lang='grc' dir='ltr'>πρὸς</span> <span class='ocrx_word' id='word_1_467' title='bbox 1527 3735 1803 3788; x_wconf 86' lang='grc' dir='ltr'>συκοφαν-</span> 
     </span>
    </p>
   </div>
   <div class='ocr_carea' id='block_1_70' title="bbox 221 3797 1805 3876">
    <p class='ocr_par' dir='ltr' id='par_1_70' title="bbox 221 3797 1805 3876">
     <span class='ocr_line' id='line_1_74' title="bbox 221 3797 1805 3876; baseline 0.008 -28"><span class='ocrx_word' id='word_1_468' title='bbox 221 3797 345 3849; x_wconf 86' lang='grc' dir='ltr'>τίαν</span> <span class='ocrx_word' id='word_1_469' title='bbox 368 3798 463 3851; x_wconf 83' lang='grc' dir='ltr'>τοῦ</span> <span class='ocrx_word' id='word_1_470' title='bbox 490 3800 818 3864; x_wconf 85' lang='grc' dir='ltr'>ἀναστάντος</span> <span class='ocrx_word' id='word_1_471' title='bbox 873 3803 1130 3874; x_wconf 79' lang='grc' dir='ltr'>Σωτῆρος</span> <span class='ocrx_word' id='word_1_472' title='bbox 1157 3805 1487 3876; x_wconf 84' lang='grc' dir='ltr'>ὠνούμενοι.</span> <span class='ocrx_word' id='word_1_473' title='bbox 1541 3807 1805 3861; x_wconf 84' lang='grc' dir='ltr'>Γινώσκει</span> 
     </span>
    </p>
   </div>
   <div class='ocr_carea' id='block_1_71' title="bbox 222 3887 1806 3965">
    <p class='ocr_par' dir='ltr' id='par_1_71' title="bbox 222 3887 1806 3965">
     <span class='ocr_line' id='line_1_75' title="bbox 222 3887 1806 3965; baseline 0.008 -24"><span class='ocrx_word' id='word_1_474' title='bbox 222 3887 336 3942; x_wconf 88' lang='grc' dir='ltr'><strong>τῶν</strong></span> <span class='ocrx_word' id='word_1_475' title='bbox 389 3888 701 3960; x_wconf 84' lang='grc' dir='ltr'>λεγομένων</span> <span class='ocrx_word' id='word_1_476' title='bbox 753 3893 854 3964; x_wconf 75' lang='grc' dir='ltr'>τὴν</span> <span class='ocrx_word' id='word_1_477' title='bbox 897 3893 1179 3964; x_wconf 74' lang='grc' dir='ltr'>ἔμφασιν,</span> <span class='ocrx_word' id='word_1_478' title='bbox 1225 3899 1253 3950; x_wconf 85' lang='grc' dir='ltr'><strong>ό</strong></span> <span class='ocrx_word' id='word_1_479' title='bbox 1301 3901 1606 3965; x_wconf 88' lang='grc' dir='ltr'>γνωστικός</span> <span class='ocrx_word' id='word_1_480' title='bbox 1635 3917 1651 3932; x_wconf 88' lang='grc'><strong>·</strong></span> <span class='ocrx_word' id='word_1_481' title='bbox 1705 3901 1806 3954; x_wconf 82' lang='grc' dir='ltr'>οὐκ</span> 
     </span>
    </p>
   </div>
   <div class='ocr_carea' id='block_1_72' title="bbox 225 3979 1804 4058">
    <p class='ocr_par' dir='ltr' id='par_1_72' title="bbox 225 3979 1804 4058">
     <span class='ocr_line' id='line_1_76' title="bbox 225 3979 1804 4058; baseline 0.004 -24"><span class='ocrx_word' id='word_1_482' title='bbox 225 3979 440 4048; x_wconf 85' lang='grc' dir='ltr'>ἀγνοῶν</span> <span class='ocrx_word' id='word_1_483' title='bbox 479 3979 598 4044; x_wconf 85' lang='grc' dir='ltr'><strong>πῶς</strong></span> <span class='ocrx_word' id='word_1_484' title='bbox 650 3998 711 4035; x_wconf 89' lang='grc' dir='ltr'><strong>τε</strong></span> <span class='ocrx_word' id='word_1_485' title='bbox 739 3983 834 4036; x_wconf 65' lang='grc' dir='ltr'><strong>καῖ⁵</strong></span> <span class='ocrx_word' id='word_1_486' title='bbox 857 3984 1116 4055; x_wconf 85' lang='grc' dir='ltr'>ποσαχῶς</span> <span class='ocrx_word' id='word_1_487' title='bbox 1153 3986 1485 4056; x_wconf 81' lang='grc' dir='ltr'>σταυροῦται</span> <span class='ocrx_word' id='word_1_488' title='bbox 1517 3989 1545 4040; x_wconf 82' lang='grc' dir='ltr'>ὁ</span> <span class='ocrx_word' id='word_1_489' title='bbox 1576 3987 1804 4058; x_wconf 82' lang='grc' dir='ltr'>Κύριος,</span> 
     </span>
    </p>
   </div>
   <div class='ocr_carea' id='block_1_73' title="bbox 226 4070 1808 4151">
    <p class='ocr_par' dir='ltr' id='par_1_73' title="bbox 226 4070 1808 4151">
     <span class='ocr_line' id='line_1_77' title="bbox 226 4070 1808 4151; baseline 0.004 -27"><span class='ocrx_word' id='word_1_490' title='bbox 226 4071 325 4125; x_wconf 80' lang='grc' dir='ltr'>καὶ</span> <span class='ocrx_word' id='word_1_491' title='bbox 384 4070 650 4126; x_wconf 87' lang='grc' dir='ltr'>θάπτεται</span> <span class='ocrx_word' id='word_1_492' title='bbox 695 4075 791 4127; x_wconf 78' lang='grc' dir='ltr'><strong>καὶ</strong></span> <span class='ocrx_word' id='word_1_493' title='bbox 843 4074 1172 4130; x_wconf 81' lang='grc' dir='ltr'>ἀνίσταταιο</span> <span class='ocrx_word' id='word_1_494' title='bbox 1232 4077 1366 4131; x_wconf 80' lang='grc' dir='ltr'>ὡσεὶ</span> <span class='ocrx_word' id='word_1_495' title='bbox 1425 4081 1656 4150; x_wconf 84' lang='grc' dir='ltr'>νεκροὺς</span> <span class='ocrx_word' id='word_1_496' title='bbox 1708 4079 1808 4151; x_wconf 89' lang='grc' dir='ltr'><strong>μέν</strong></span> 
     </span>
    </p>
   </div>
   <div class='ocr_carea' id='block_1_74' title="bbox 227 4161 1808 4240">
    <p class='ocr_par' dir='ltr' id='par_1_74' title="bbox 227 4161 1808 4240">
     <span class='ocr_line' id='line_1_78' title="bbox 227 4161 1808 4240; baseline 0.004 -26"><span class='ocrx_word' id='word_1_497' title='bbox 227 4161 398 4215; x_wconf 89' lang='grc' dir='ltr'>ποιῶν</span> <span class='ocrx_word' id='word_1_498' title='bbox 418 4162 546 4224; x_wconf 85' lang='grc' dir='ltr'>τοὺς</span> <span class='ocrx_word' id='word_1_499' title='bbox 569 4161 675 4216; x_wconf 80' lang='grc' dir='ltr'><strong>ὑπὸ</strong></span> <span class='ocrx_word' id='word_1_500' title='bbox 698 4163 968 4235; x_wconf 87' lang='grc' dir='ltr'>δαιμόνων</span> <span class='ocrx_word' id='word_1_501' title='bbox 991 4169 1055 4236; x_wconf 82' lang='grc' dir='ltr'>τῇ</span> <span class='ocrx_word' id='word_1_502' title='bbox 1081 4167 1278 4240; x_wconf 79' lang='grc' dir='ltr'>καρδίᾳ</span> <span class='ocrx_word' id='word_1_503' title='bbox 1303 4169 1808 4240; x_wconf 87' lang='grc' dir='ltr'>παρακαθημένους</span> 
     </span>
    </p>
   </div>
   <div class='ocr_carea' id='block_1_75' title="bbox 226 4252 1806 4334">
    <p class='ocr_par' dir='ltr' id='par_1_75' title="bbox 226 4252 1806 4334">
     <span class='ocr_line' id='line_1_79' title="bbox 226 4252 1806 4334; baseline 0.004 -29"><span class='ocrx_word' id='word_1_504' title='bbox 226 4252 499 4324; x_wconf 83' lang='grc' dir='ltr'>ἐμπαθεῖς</span> <span class='ocrx_word' id='word_1_505' title='bbox 547 4255 843 4326; x_wconf 90' lang='grc' dir='ltr'>λογισμούς</span> <span class='ocrx_word' id='word_1_506' title='bbox 871 4275 886 4290; x_wconf 87' lang='grc'><strong>·</strong></span> <span class='ocrx_word' id='word_1_507' title='bbox 919 4259 1048 4322; x_wconf 74' lang='grc' dir='ltr'>τοὺς</span> <span class='ocrx_word' id='word_1_508' title='bbox 1089 4259 1572 4334; x_wconf 81' lang='grc' dir='ltr'>διαμεριζομένους</span> <span class='ocrx_word' id='word_1_509' title='bbox 1609 4263 1670 4315; x_wconf 88' lang='grc' dir='ltr'><strong>ἐν</strong></span> <span class='ocrx_word' id='word_1_510' title='bbox 1692 4262 1806 4325; x_wconf 82' lang='grc' dir='ltr'>τοῖς</span> 
     </span>
    </p>
   </div>
   <div class='ocr_carea' id='block_1_76' title="bbox 228 4346 1808 4426">
    <p class='ocr_par' dir='ltr' id='par_1_76' title="bbox 228 4346 1808 4426">
     <span class='ocr_line' id='line_1_80' title="bbox 228 4346 1808 4426; baseline 0.007 -29"><span class='ocrx_word' id='word_1_511' title='bbox 228 4347 560 4416; x_wconf 81' lang='grc' dir='ltr'>πειρασμοῖς</span> <span class='ocrx_word' id='word_1_512' title='bbox 609 4346 800 4420; x_wconf 84' lang='grc' dir='ltr'>ῶσπερ</span> <span class='ocrx_word' id='word_1_513' title='bbox 841 4350 1062 4420; x_wconf 88' lang='grc' dir='ltr'>ίμάτια,</span> <span class='ocrx_word' id='word_1_514' title='bbox 1093 4353 1221 4417; x_wconf 80' lang='grc' dir='ltr'>τοὺς</span> <span class='ocrx_word' id='word_1_515' title='bbox 1256 4354 1494 4425; x_wconf 85' lang='grc' dir='ltr'>τρόπους</span> <span class='ocrx_word' id='word_1_516' title='bbox 1538 4355 1641 4425; x_wconf 80' lang='grc' dir='ltr'>τῆς</span> <span class='ocrx_word' id='word_1_517' title='bbox 1690 4355 1808 4426; x_wconf 72' lang='grc' dir='ltr'>ἠθι-</span> 
     </span>
    </p>
   </div>
   <div class='ocr_carea' id='block_1_77' title="bbox 227 4437 1806 4517">
    <p class='ocr_par' dir='ltr' id='par_1_77' title="bbox 227 4437 1806 4517">
     <span class='ocr_line' id='line_1_81' title="bbox 227 4437 1806 4517; baseline 0.007 -28"><span class='ocrx_word' id='word_1_518' title='bbox 227 4439 334 4507; x_wconf 82' lang='grc' dir='ltr'>κῆς</span> <span class='ocrx_word' id='word_1_519' title='bbox 361 4437 724 4509; x_wconf 78' lang='grc' dir='ltr'>εὐπρεπείας·</span> <span class='ocrx_word' id='word_1_520' title='bbox 758 4443 853 4494; x_wconf 74' lang='grc' dir='ltr'><strong>καὶ</strong></span> <span class='ocrx_word' id='word_1_521' title='bbox 878 4441 1226 4512; x_wconf 78' lang='grc' dir='ltr'>ὑπερϐαίνων</span> <span class='ocrx_word' id='word_1_522' title='bbox 1259 4444 1450 4517; x_wconf 81' lang='grc' dir='ltr'>ὥσπερ</span> <span class='ocrx_word' id='word_1_523' title='bbox 1501 4447 1806 4517; x_wconf 80' lang='grc' dir='ltr'>σφραγῖδας</span> 
     </span>
    </p>
   </div>
   <div class='ocr_carea' id='block_1_78' title="bbox 1903 3244 3497 3320">
    <p class='ocr_par' dir='ltr' id='par_1_78' title="bbox 1903 3244 3497 3320">
     <span class='ocr_line' id='line_1_82' title="bbox 1903 3244 3497 3320; baseline -0.003 -15"><span class='ocrx_word' id='word_1_524' title='bbox 1903 3249 2214 3320; x_wconf 85' lang='lat' dir='ltr'><strong>expositum</strong></span> <span class='ocrx_word' id='word_1_525' title='bbox 2243 3265 2355 3304; x_wconf 91' lang='lat' dir='ltr'><strong>non</strong></span> <span class='ocrx_word' id='word_1_526' title='bbox 2389 3249 2701 3320; x_wconf 88' lang='lat' dir='ltr'><strong>reliquerit,</strong></span> <span class='ocrx_word' id='word_1_527' title='bbox 2727 3248 2825 3304; x_wconf 90' lang='lat' dir='ltr'><strong>sed</strong></span> <span class='ocrx_word' id='word_1_528' title='bbox 2858 3264 2925 3304; x_wconf 94' lang='lat' dir='ltr'><strong>eo</strong></span> <span class='ocrx_word' id='word_1_529' title='bbox 2957 3246 3278 3303; x_wconf 81' lang='lat' dir='ltr'><strong>liberaverit</strong></span> <span class='ocrx_word' id='word_1_530' title='bbox 3297 3246 3361 3301; x_wconf 84' lang='grc'><strong>³¹.</strong></span> <span class='ocrx_word' id='word_1_531' title='bbox 3385 3244 3497 3313; x_wconf 71' lang='grc' dir='ltr'>ριιίι</span> 
     </span>
    </p>
   </div>
   <div class='ocr_carea' id='block_1_79' title="bbox 1903 3339 3490 3413">
    <p class='ocr_par' dir='ltr' id='par_1_79' title="bbox 1903 3339 3490 3413">
     <span class='ocr_line' id='line_1_83' title="bbox 1903 3339 3490 3413; baseline -0.003 -17"><span class='ocrx_word' id='word_1_532' title='bbox 1903 3350 2090 3397; x_wconf 86' lang='lat' dir='ltr'><strong>autem</strong></span> <span class='ocrx_word' id='word_1_533' title='bbox 2121 3341 2404 3413; x_wconf 82' lang='lat' dir='ltr'><strong>signacula</strong></span> <span class='ocrx_word' id='word_1_534' title='bbox 2439 3341 2828 3411; x_wconf 90' lang='lat' dir='ltr'><strong>imposuerunt</strong></span> <span class='ocrx_word' id='word_1_535' title='bbox 2857 3339 3133 3410; x_wconf 89' lang='lat' dir='ltr'><strong>sepulcro,</strong></span> <span class='ocrx_word' id='word_1_536' title='bbox 3165 3353 3229 3392; x_wconf 92' lang='lat' dir='ltr'><strong>ac</strong></span> <span class='ocrx_word' id='word_1_537' title='bbox 3259 3339 3354 3408; x_wconf 92' lang='lat' dir='ltr'><strong>qui</strong></span> <span class='ocrx_word' id='word_1_538' title='bbox 3384 3339 3490 3392; x_wconf 90' lang='lat' dir='ltr'><strong>mi-</strong></span> 
     </span>
    </p>
   </div>
   <div class='ocr_carea' id='block_1_80' title="bbox 1903 3430 3493 3504">
    <p class='ocr_par' dir='ltr' id='par_1_80' title="bbox 1903 3430 3493 3504">
     <span class='ocr_line' id='line_1_84' title="bbox 1903 3430 3493 3504; baseline -0.003 -16"><span class='ocrx_word' id='word_1_539' title='bbox 1903 3434 2032 3489; x_wconf 87' lang='lat' dir='ltr'><strong>lites</strong></span> <span class='ocrx_word' id='word_1_540' title='bbox 2057 3432 2389 3504; x_wconf 75' lang='lat' dir='ltr'><strong>praeﬁciunt,</strong></span> <span class='ocrx_word' id='word_1_541' title='bbox 2414 3433 2537 3503; x_wconf 90' lang='lat' dir='ltr'><strong>ejus</strong></span> <span class='ocrx_word' id='word_1_542' title='bbox 2565 3432 2647 3487; x_wconf 91' lang='lat' dir='ltr'><strong>rei</strong></span> <span class='ocrx_word' id='word_1_543' title='bbox 2674 3431 2982 3495; x_wconf 89' lang='lat' dir='ltr'><strong>molimine,</strong></span> <span class='ocrx_word' id='word_1_544' title='bbox 3007 3432 3156 3486; x_wconf 91' lang='lat' dir='ltr'><strong>omni</strong></span> <span class='ocrx_word' id='word_1_545' title='bbox 3185 3430 3335 3501; x_wconf 76' lang='lat' dir='ltr'><strong>digni</strong></span> <span class='ocrx_word' id='word_1_546' title='bbox 3364 3430 3493 3497; x_wconf 79' lang='lat' dir='ltr'><strong>odio</strong></span> 
     </span>
    </p>
   </div>
   <div class='ocr_carea' id='block_1_81' title="bbox 1904 3521 3494 3596">
    <p class='ocr_par' dir='ltr' id='par_1_81' title="bbox 1904 3521 3494 3596">
     <span class='ocr_line' id='line_1_85' title="bbox 1904 3521 3494 3596; baseline -0.003 -15"><span class='ocrx_word' id='word_1_547' title='bbox 1904 3535 2055 3592; x_wconf 90' lang='lat' dir='ltr'><strong>sunt,</strong></span> <span class='ocrx_word' id='word_1_548' title='bbox 2080 3527 2176 3596; x_wconf 88' lang='lat' dir='ltr'><strong>qui</strong></span> <span class='ocrx_word' id='word_1_549' title='bbox 2199 3535 2257 3581; x_wconf 91' lang='lat' dir='ltr'><strong>et</strong></span> <span class='ocrx_word' id='word_1_550' title='bbox 2281 3524 2527 3581; x_wconf 83' lang='lat' dir='ltr'><strong>Verbum</strong></span> <span class='ocrx_word' id='word_1_551' title='bbox 2557 3539 2680 3580; x_wconf 91' lang='lat' dir='ltr'><strong>cum</strong></span> <span class='ocrx_word' id='word_1_552' title='bbox 2713 3523 3037 3590; x_wconf 84' lang='lat' dir='ltr'><strong>surrexerit,</strong></span> <span class='ocrx_word' id='word_1_553' title='bbox 3061 3532 3319 3593; x_wconf 88' lang='lat' dir='ltr'><strong>tanquam</strong></span> <span class='ocrx_word' id='word_1_554' title='bbox 3348 3521 3494 3578; x_wconf 90' lang='lat' dir='ltr'><strong>furto</strong></span> 
     </span>
    </p>
   </div>
   <div class='ocr_carea' id='block_1_82' title="bbox 1905 3616 3496 3689">
    <p class='ocr_par' dir='ltr' id='par_1_82' title="bbox 1905 3616 3496 3689">
     <span class='ocr_line' id='line_1_86' title="bbox 1905 3616 3496 3689; baseline -0.003 -16"><span class='ocrx_word' id='word_1_555' title='bbox 1905 3619 2187 3674; x_wconf 90' lang='lat' dir='ltr'><strong>sublatum</strong></span> <span class='ocrx_word' id='word_1_556' title='bbox 2223 3619 2316 3683; x_wconf 87' lang='lat' dir='ltr'><strong>sit,</strong></span> <span class='ocrx_word' id='word_1_557' title='bbox 2346 3627 2668 3689; x_wconf 90' lang='lat' dir='ltr'><strong>suspectum</strong></span> <span class='ocrx_word' id='word_1_558' title='bbox 2698 3617 2980 3673; x_wconf 86' lang='lat' dir='ltr'><strong>reddunt:</strong></span> <span class='ocrx_word' id='word_1_559' title='bbox 3013 3616 3094 3672; x_wconf 90' lang='lat' dir='ltr'><strong>sic</strong></span> <span class='ocrx_word' id='word_1_560' title='bbox 3124 3616 3406 3679; x_wconf 89' lang='lat' dir='ltr'><strong>nimirum,</strong></span> <span class='ocrx_word' id='word_1_561' title='bbox 3437 3625 3496 3670; x_wconf 94' lang='lat' dir='ltr'><strong>ut</strong></span> 
     </span>
    </p>
   </div>
   <div class='ocr_carea' id='block_1_83' title="bbox 1907 3709 3493 3782">
    <p class='ocr_par' dir='ltr' id='par_1_83' title="bbox 1907 3709 3493 3782">
     <span class='ocr_line' id='line_1_87' title="bbox 1907 3709 3493 3782; baseline -0.003 -17"><span class='ocrx_word' id='word_1_562' title='bbox 1907 3711 2053 3766; x_wconf 87' lang='lat' dir='ltr'><strong>sicut</strong></span> <span class='ocrx_word' id='word_1_563' title='bbox 2086 3711 2282 3766; x_wconf 90' lang='lat' dir='ltr'><strong>falsum</strong></span> <span class='ocrx_word' id='word_1_564' title='bbox 2319 3711 2652 3780; x_wconf 90' lang='lat' dir='ltr'><strong>discipulum</strong></span> <span class='ocrx_word' id='word_1_565' title='bbox 2694 3710 2826 3782; x_wconf 91' lang='lat' dir='ltr'><strong>(quo</strong></span> <span class='ocrx_word' id='word_1_566' title='bbox 2859 3709 3085 3764; x_wconf 89' lang='lat' dir='ltr'><strong>nomine</strong></span> <span class='ocrx_word' id='word_1_567' title='bbox 3119 3709 3341 3763; x_wconf 85' lang='lat' dir='ltr'><strong>virtutis</strong></span> <span class='ocrx_word' id='word_1_568' title='bbox 3374 3725 3493 3762; x_wconf 89' lang='lat' dir='ltr'><strong>mo-</strong></span> 
     </span>
    </p>
   </div>
   <div class='ocr_carea' id='block_1_84' title="bbox 1909 3799 3498 3872">
    <p class='ocr_par' dir='ltr' id='par_1_84' title="bbox 1909 3799 3498 3872">
     <span class='ocr_line' id='line_1_88' title="bbox 1909 3799 3498 3872; baseline -0.003 -16"><span class='ocrx_word' id='word_1_569' title='bbox 1909 3802 2041 3856; x_wconf 92' lang='lat' dir='ltr'><strong>dum</strong></span> <span class='ocrx_word' id='word_1_570' title='bbox 2073 3801 2428 3857; x_wconf 88' lang='lat' dir='ltr'><strong>ostentationi</strong></span> <span class='ocrx_word' id='word_1_571' title='bbox 2456 3803 2813 3872; x_wconf 90' lang='lat' dir='ltr'><strong>conjunctum</strong></span> <span class='ocrx_word' id='word_1_572' title='bbox 2836 3800 3130 3872; x_wconf 83' lang='lat' dir='ltr'><strong>intelligo),</strong></span> <span class='ocrx_word' id='word_1_573' title='bbox 3157 3802 3238 3856; x_wconf 92' lang='lat' dir='ltr'><strong>sic</strong></span> <span class='ocrx_word' id='word_1_574' title='bbox 3269 3809 3324 3854; x_wconf 88' lang='lat' dir='ltr'><strong>et</strong></span> <span class='ocrx_word' id='word_1_575' title='bbox 3355 3799 3498 3854; x_wconf 90' lang='lat' dir='ltr'><strong>mili-</strong></span> 
     </span>
    </p>
   </div>
   <div class='ocr_carea' id='block_1_85' title="bbox 1907 3891 3498 3961">
    <p class='ocr_par' dir='ltr' id='par_1_85' title="bbox 1907 3891 3498 3961">
     <span class='ocr_line' id='line_1_89' title="bbox 1907 3891 3498 3961; baseline -0.002 -14"><span class='ocrx_word' id='word_1_576' title='bbox 1907 3901 1992 3948; x_wconf 88' lang='lat' dir='ltr'><strong>tes</strong></span> <span class='ocrx_word' id='word_1_577' title='bbox 2019 3893 2089 3947; x_wconf 90' lang='lat' dir='ltr'><strong>ad</strong></span> <span class='ocrx_word' id='word_1_578' title='bbox 2113 3892 2449 3947; x_wconf 87' lang='lat' dir='ltr'><strong>calumniam</strong></span> <span class='ocrx_word' id='word_1_579' title='bbox 2477 3892 2702 3948; x_wconf 87' lang='lat' dir='ltr'><strong>Christo</strong></span> <span class='ocrx_word' id='word_1_580' title='bbox 2733 3892 3078 3956; x_wconf 87' lang='lat' dir='ltr'><strong>struendam,</strong></span> <span class='ocrx_word' id='word_1_581' title='bbox 3106 3891 3339 3961; x_wconf 91' lang='lat' dir='ltr'><strong>pecunia</strong></span> <span class='ocrx_word' id='word_1_582' title='bbox 3367 3906 3498 3945; x_wconf 92' lang='lat' dir='ltr'><strong>con-</strong></span> 
     </span>
    </p>
   </div>
   <div class='ocr_carea' id='block_1_86' title="bbox 1907 3981 3494 4053">
    <p class='ocr_par' dir='ltr' id='par_1_86' title="bbox 1907 3981 3494 4053">
     <span class='ocr_line' id='line_1_90' title="bbox 1907 3981 3494 4053; baseline -0.003 -15"><span class='ocrx_word' id='word_1_583' title='bbox 1907 3984 2138 4039; x_wconf 91' lang='lat' dir='ltr'><strong>ducunt.</strong></span> <span class='ocrx_word' id='word_1_584' title='bbox 2167 3984 2344 4038; x_wconf 91' lang='lat' dir='ltr'><strong>Porro</strong></span> <span class='ocrx_word' id='word_1_585' title='bbox 2372 3983 2458 4038; x_wconf 82' lang='lat' dir='ltr'><strong>vir</strong></span> <span class='ocrx_word' id='word_1_586' title='bbox 2486 3982 2751 4053; x_wconf 89' lang='lat' dir='ltr'><strong>spiritalis</strong></span> <span class='ocrx_word' id='word_1_587' title='bbox 2781 3998 2844 4038; x_wconf 91' lang='lat' dir='ltr'><strong>ac</strong></span> <span class='ocrx_word' id='word_1_588' title='bbox 2876 3981 3146 4051; x_wconf 90' lang='lat' dir='ltr'><strong>sapientia</strong></span> <span class='ocrx_word' id='word_1_589' title='bbox 3179 3991 3494 4051; x_wconf 88' lang='lat' dir='ltr'><strong>provectus,</strong></span> 
     </span>
    </p>
   </div>
   <div class='ocr_carea' id='block_1_87' title="bbox 1905 4073 3494 4145">
    <p class='ocr_par' dir='ltr' id='par_1_87' title="bbox 1905 4073 3494 4145">
     <span class='ocr_line' id='line_1_91' title="bbox 1905 4073 3494 4145; baseline -0.002 -16"><span class='ocrx_word' id='word_1_590' title='bbox 1905 4090 2098 4129; x_wconf 91' lang='lat' dir='ltr'><strong>eorum</strong></span> <span class='ocrx_word' id='word_1_591' title='bbox 2124 4091 2246 4145; x_wconf 69' lang='lat' dir='ltr'><strong>quae</strong></span> <span class='ocrx_word' id='word_1_592' title='bbox 2283 4074 2546 4130; x_wconf 89' lang='lat' dir='ltr'><strong>dicuntur</strong></span> <span class='ocrx_word' id='word_1_593' title='bbox 2583 4074 2693 4129; x_wconf 90' lang='lat' dir='ltr'><strong>vim</strong></span> <span class='ocrx_word' id='word_1_594' title='bbox 2733 4073 2917 4139; x_wconf 87' lang='lat' dir='ltr'><strong>novit;</strong></span> <span class='ocrx_word' id='word_1_595' title='bbox 2962 4088 3125 4143; x_wconf 84' lang='lat' dir='ltr'><strong>quem</strong></span> <span class='ocrx_word' id='word_1_596' title='bbox 3157 4088 3266 4126; x_wconf 89' lang='lat' dir='ltr'><strong>non</strong></span> <span class='ocrx_word' id='word_1_597' title='bbox 3296 4073 3494 4134; x_wconf 83' lang='lat' dir='ltr'><strong>lateat,</strong></span> 
     </span>
    </p>
   </div>
   <div class='ocr_carea' id='block_1_88' title="bbox 1907 4164 3495 4238">
    <p class='ocr_par' dir='ltr' id='par_1_88' title="bbox 1907 4164 3495 4238">
     <span class='ocr_line' id='line_1_92' title="bbox 1907 4164 3495 4238; baseline -0.003 -16"><span class='ocrx_word' id='word_1_598' title='bbox 1907 4167 2184 4238; x_wconf 85' lang='lat' dir='ltr'><strong>quomodo</strong></span> <span class='ocrx_word' id='word_1_599' title='bbox 2213 4183 2279 4222; x_wconf 91' lang='lat' dir='ltr'><strong>ac</strong></span> <span class='ocrx_word' id='word_1_600' title='bbox 2306 4173 2443 4237; x_wconf 91' lang='lat' dir='ltr'><strong>quot</strong></span> <span class='ocrx_word' id='word_1_601' title='bbox 2469 4165 2648 4221; x_wconf 92' lang='lat' dir='ltr'><strong>modis</strong></span> <span class='ocrx_word' id='word_1_602' title='bbox 2675 4164 2943 4220; x_wconf 86' lang='lat' dir='ltr'><strong>Dominus</strong></span> <span class='ocrx_word' id='word_1_603' title='bbox 2977 4164 3350 4236; x_wconf 80' lang='lat' dir='ltr'><strong>cruciﬂgatur,</strong></span> <span class='ocrx_word' id='word_1_604' title='bbox 3380 4172 3495 4218; x_wconf 85' lang='lat' dir='ltr'><strong>tra-</strong></span> 
     </span>
    </p>
   </div>
   <div class='ocr_carea' id='block_1_89' title="bbox 1907 4255 3496 4338">
    <p class='ocr_par' dir='ltr' id='par_1_89' title="bbox 1907 4255 3496 4338">
     <span class='ocr_line' id='line_1_93' title="bbox 1907 4255 3496 4338; baseline -0.004 -22"><span class='ocrx_word' id='word_1_605' title='bbox 1907 4261 2183 4338; x_wconf 63' lang='lat' dir='ltr'><strong>daturque</strong></span> <span class='ocrx_word' id='word_1_606' title='bbox 2227 4259 2523 4330; x_wconf 67' lang='lat' dir='ltr'><strong>sepulturae</strong></span> <span class='ocrx_word' id='word_1_607' title='bbox 2570 4267 2736 4328; x_wconf 88' lang='lat' dir='ltr'><strong>atque</strong></span> <span class='ocrx_word' id='word_1_608' title='bbox 2786 4265 3063 4327; x_wconf 78' lang='lat' dir='ltr'><strong>resurgat;</strong></span> <span class='ocrx_word' id='word_1_609' title='bbox 3111 4256 3186 4311; x_wconf 93' lang='lat' dir='ltr'><strong>ita</strong></span> <span class='ocrx_word' id='word_1_610' title='bbox 3234 4255 3496 4310; x_wconf 91' lang='lat' dir='ltr'><strong>nimirum</strong></span> 
     </span>
    </p>
   </div>
   <div class='ocr_carea' id='block_1_90' title="bbox 1909 4349 3498 4423">
    <p class='ocr_par' dir='ltr' id='par_1_90' title="bbox 1909 4349 3498 4423">
     <span class='ocr_line' id='line_1_94' title="bbox 1909 4349 3498 4423; baseline -0.003 -14"><span class='ocrx_word' id='word_1_611' title='bbox 1909 4363 1972 4409; x_wconf 93' lang='lat' dir='ltr'><strong>ut</strong></span> <span class='ocrx_word' id='word_1_612' title='bbox 2017 4353 2343 4408; x_wconf 86' lang='lat' dir='ltr'><strong>libidinosas</strong></span> <span class='ocrx_word' id='word_1_613' title='bbox 2387 4351 2752 4423; x_wconf 83' lang='lat' dir='ltr'><strong>cogitationes</strong></span> <span class='ocrx_word' id='word_1_614' title='bbox 2793 4349 3115 4405; x_wconf 85' lang='lat' dir='ltr'><strong>auctoribus</strong></span> <span class='ocrx_word' id='word_1_615' title='bbox 3156 4349 3498 4405; x_wconf 65' lang='lat' dir='ltr'><strong>daemonibus</strong></span> 
     </span>
    </p>
   </div>
   <div class='ocr_carea' id='block_1_91' title="bbox 1911 4437 3500 4514">
    <p class='ocr_par' dir='ltr' id='par_1_91' title="bbox 1911 4437 3500 4514">
     <span class='ocr_line' id='line_1_95' title="bbox 1911 4437 3500 4514; baseline -0.003 -17"><span class='ocrx_word' id='word_1_616' title='bbox 1911 4443 2090 4514; x_wconf 86' lang='lat' dir='ltr'><strong>iisque</strong></span> <span class='ocrx_word' id='word_1_617' title='bbox 2141 4441 2582 4513; x_wconf 67' lang='lat' dir='ltr'><strong>prmficientibus</strong></span> <span class='ocrx_word' id='word_1_618' title='bbox 2635 4438 2791 4496; x_wconf 88' lang='lat' dir='ltr'><strong>cordi</strong></span> <span class='ocrx_word' id='word_1_619' title='bbox 2845 4437 3183 4504; x_wconf 86' lang='lat' dir='ltr'><strong>assidentes,</strong></span> <span class='ocrx_word' id='word_1_620' title='bbox 3233 4454 3302 4494; x_wconf 87' lang='lat' dir='ltr'><strong>ac</strong></span> <span class='ocrx_word' id='word_1_621' title='bbox 3347 4438 3500 4493; x_wconf 88' lang='lat' dir='ltr'><strong>velut</strong></span> 
     </span>
    </p>
   </div>
   <div class='ocr_carea' id='block_1_92' title="bbox 225 4529 1822 4610">
    <p class='ocr_par' dir='ltr' id='par_1_92' title="bbox 225 4529 1800 4610">
     <span class='ocr_line' id='line_1_96' title="bbox 225 4529 1800 4610; baseline 0.008 -29"><span class='ocrx_word' id='word_1_622' title='bbox 225 4529 356 4592; x_wconf 81' lang='grc' dir='ltr'>τοὺς</span> <span class='ocrx_word' id='word_1_623' title='bbox 383 4529 767 4599; x_wconf 80' lang='grc' dir='ltr'>ἐπικειμένους</span> <span class='ocrx_word' id='word_1_624' title='bbox 792 4535 860 4603; x_wconf 84' lang='grc' dir='ltr'>τῇ</span> <span class='ocrx_word' id='word_1_625' title='bbox 897 4533 1042 4606; x_wconf 72' lang='grc' dir='ltr'>ψυχῇ</span> <span class='ocrx_word' id='word_1_626' title='bbox 1082 4535 1307 4604; x_wconf 86' lang='grc' dir='ltr'>τύπους,</span> <span class='ocrx_word' id='word_1_627' title='bbox 1343 4537 1455 4591; x_wconf 89' lang='grc' dir='ltr'><strong>τῶν</strong></span> <span class='ocrx_word' id='word_1_628' title='bbox 1477 4538 1622 4592; x_wconf 83' lang='grc' dir='ltr'><strong>κατά</strong></span> <span class='ocrx_word' id='word_1_629' title='bbox 1669 4539 1800 4610; x_wconf 80' lang='grc' dir='ltr'><strong>πρὸ-</strong></span> 
     </span>
    </p>
   </div>
   <div class='ocr_carea' id='block_1_93' title="bbox 1902 4529 3498 4610">
    <p class='ocr_par' dir='ltr' id='par_1_93' title="bbox 1913 4529 3498 4604">
     <span class='ocr_line' id='line_1_97' title="bbox 1913 4529 3498 4604; baseline -0.004 -15"><span class='ocrx_word' id='word_1_630' title='bbox 1913 4533 2263 4598; x_wconf 85' lang='lat' dir='ltr'><strong>vestimenta,</strong></span> <span class='ocrx_word' id='word_1_631' title='bbox 2285 4533 2513 4588; x_wconf 90' lang='lat' dir='ltr'><strong>moralis</strong></span> <span class='ocrx_word' id='word_1_632' title='bbox 2543 4532 2853 4589; x_wconf 88' lang='lat' dir='ltr'><strong>honestatis</strong></span> <span class='ocrx_word' id='word_1_633' title='bbox 2876 4542 3038 4604; x_wconf 87' lang='lat' dir='ltr'><strong>atque</strong></span> <span class='ocrx_word' id='word_1_634' title='bbox 3063 4531 3280 4587; x_wconf 89' lang='lat' dir='ltr'><strong>decoris</strong></span> <span class='ocrx_word' id='word_1_635' title='bbox 3307 4529 3498 4584; x_wconf 88' lang='lat' dir='ltr'><strong>modos</strong></span> 
     </span>
    </p>
   </div>
   <div class='ocr_carea' id='block_1_94' title="bbox 225 4617 854 4692">
    <p class='ocr_par' dir='ltr' id='par_1_94' title="bbox 225 4617 854 4692">
     <span class='ocr_line' id='line_1_98' title="bbox 225 4617 854 4692; baseline 0.008 -20"><span class='ocrx_word' id='word_1_636' title='bbox 225 4617 392 4690; x_wconf 82' lang='grc' dir='ltr'>ληψιν</span> <span class='ocrx_word' id='word_1_637' title='bbox 417 4620 639 4692; x_wconf 81' lang='grc' dir='ltr'>ἀμαρτη</span> <span class='ocrx_word' id='word_1_638' title='bbox 649 4623 854 4690; x_wconf 88' lang='grc' dir='ltr'>μάτων.</span> 
     </span>
    </p>
   </div>
   <div class='ocr_carea' id='block_1_95' title="bbox 1917 4625 3499 4693">
    <p class='ocr_par' dir='ltr' id='par_1_95' title="bbox 1917 4625 3499 4693">
     <span class='ocr_line' id='line_1_99' title="bbox 1917 4625 3499 4693; baseline -0.004 -11"><span class='ocrx_word' id='word_1_639' title='bbox 1917 4625 2318 4682; x_wconf 88' lang='lat' dir='ltr'><strong>tentationibus</strong></span> <span class='ocrx_word' id='word_1_640' title='bbox 2349 4625 2687 4693; x_wconf 83' lang='lat' dir='ltr'><strong>dividentes,</strong></span> <span class='ocrx_word' id='word_1_641' title='bbox 2713 4627 2866 4682; x_wconf 90' lang='lat' dir='ltr'><strong>velut</strong></span> <span class='ocrx_word' id='word_1_642' title='bbox 2899 4635 3142 4681; x_wconf 89' lang='lat' dir='ltr'><strong>mortuas</strong></span> <span class='ocrx_word' id='word_1_643' title='bbox 3177 4625 3395 4691; x_wconf 89' lang='lat' dir='ltr'><strong>reddat;</strong></span> <span class='ocrx_word' id='word_1_644' title='bbox 3435 4638 3499 4677; x_wconf 90' lang='lat' dir='ltr'><strong>ac</strong></span> 
     </span>
    </p>
   </div>
   <div class='ocr_carea' id='block_1_96' title="bbox 227 4706 3499 4798">
    <p class='ocr_par' dir='ltr' id='par_1_96' title="bbox 227 4706 3499 4798">
     <span class='ocr_line' id='line_1_100' title="bbox 227 4706 3499 4798; baseline 0.004 -32"><span class='ocrx_word' id='word_1_645' title='bbox 227 4715 386 4782; x_wconf 90' lang='lat' dir='ltr'><strong>quasi</strong></span> <span class='ocrx_word' id='word_1_646' title='bbox 421 4715 722 4786; x_wconf 83' lang='lat' dir='ltr'><strong>signacula,</strong></span> <span class='ocrx_word' id='word_1_647' title='bbox 754 4718 987 4793; x_wconf 87' lang='lat' dir='ltr'><strong>injectas</strong></span> <span class='ocrx_word' id='word_1_648' title='bbox 1054 4722 1252 4778; x_wconf 79' lang='lat' dir='ltr'><strong>animae</strong></span> <span class='ocrx_word' id='word_1_649' title='bbox 1319 4722 1509 4795; x_wconf 87' lang='lat' dir='ltr'><strong>illique</strong></span> <span class='ocrx_word' id='word_1_650' title='bbox 1547 4706 1879 4781; x_wconf 61' lang='lat' dir='ltr'><strong>inhaerentes</strong></span> <span class='ocrx_word' id='word_1_651' title='bbox 1917 4733 2272 4798; x_wconf 89' lang='lat' dir='ltr'><strong>peccatorum</strong></span> <span class='ocrx_word' id='word_1_652' title='bbox 2329 4729 2597 4793; x_wconf 90' lang='lat' dir='ltr'><strong>occupata</strong></span> <span class='ocrx_word' id='word_1_653' title='bbox 2652 4723 2913 4794; x_wconf 90' lang='lat' dir='ltr'><strong>opinione</strong></span> <span class='ocrx_word' id='word_1_654' title='bbox 2968 4723 3172 4794; x_wconf 80' lang='lat' dir='ltr'><strong>figuras</strong></span> <span class='ocrx_word' id='word_1_655' title='bbox 3230 4729 3499 4793; x_wconf 88' lang='lat' dir='ltr'><strong>notasque</strong></span> 
     </span>
    </p>
   </div>
   <div class='ocr_carea' id='block_1_97' title="bbox 228 4813 868 4875">
    <p class='ocr_par' dir='ltr' id='par_1_97' title="bbox 228 4813 868 4875">
     <span class='ocr_line' id='line_1_101' title="bbox 228 4813 868 4875; baseline 0.016 -15"><span class='ocrx_word' id='word_1_656' title='bbox 228 4816 456 4875; x_wconf 90' lang='lat' dir='ltr'><strong>superet</strong></span> <span class='ocrx_word' id='word_1_657' title='bbox 482 4825 546 4866; x_wconf 88' lang='lat' dir='ltr'><strong>ac</strong></span> <span class='ocrx_word' id='word_1_658' title='bbox 576 4813 868 4871; x_wconf 89' lang='lat' dir='ltr'><strong>transiliat.</strong></span> 
     </span>
    </p>
   </div>
   <div class='ocr_carea' id='block_1_98' title="bbox 302 4899 1812 4983">
    <p class='ocr_par' dir='ltr' id='par_1_98' title="bbox 302 4899 1812 4983">
     <span class='ocr_line' id='line_1_102' title="bbox 302 4899 1812 4983; baseline -0.009 -17"><span class='ocrx_word' id='word_1_659' title='bbox 302 4899 393 4965; x_wconf 76' lang='grc' dir='ltr'><strong>ξδ’·</strong></span> <span class='ocrx_word' id='word_1_660' title='bbox 421 4902 538 4966; x_wconf 78' lang='grc' dir='ltr'><strong>Πᾶς</strong></span> <span class='ocrx_word' id='word_1_661' title='bbox 574 4905 911 4980; x_wconf 83' lang='grc' dir='ltr'>φιλάργυρος</span> <span class='ocrx_word' id='word_1_662' title='bbox 947 4906 1047 4978; x_wconf 75' lang='grc'>(2),</span> <span class='ocrx_word' id='word_1_663' title='bbox 1103 4906 1172 4959; x_wconf 87' lang='grc' dir='ltr'><strong>δι’</strong></span> <span class='ocrx_word' id='word_1_664' title='bbox 1209 4906 1495 4975; x_wconf 78' lang='grc' dir='ltr'>εὐλαϐείας</span> <span class='ocrx_word' id='word_1_665' title='bbox 1533 4911 1633 4981; x_wconf 69' lang='grc' dir='ltr'>τὴν</span> <span class='ocrx_word' id='word_1_666' title='bbox 1682 4911 1812 4983; x_wconf 79' lang='grc' dir='ltr'>ἀρε-</span> 
     </span>
    </p>
   </div>
   <div class='ocr_carea' id='block_1_99' title="bbox 228 4988 1812 5075">
    <p class='ocr_par' dir='ltr' id='par_1_99' title="bbox 228 4988 1812 5075">
     <span class='ocr_line' id='line_1_103' title="bbox 228 4988 1812 5075; baseline 0.015 -34"><span class='ocrx_word' id='word_1_667' title='bbox 228 4990 328 5060; x_wconf 79' lang='grc' dir='ltr'>τὴν</span> <span class='ocrx_word' id='word_1_668' title='bbox 361 4991 807 5068; x_wconf 78' lang='grc' dir='ltr'>ὑποκρινόμενος,</span> <span class='ocrx_word' id='word_1_669' title='bbox 848 5001 1071 5055; x_wconf 78' lang='grc' dir='ltr'>ἐπειδὰν</span> <span class='ocrx_word' id='word_1_670' title='bbox 1131 4988 1268 5074; x_wconf 75' lang='grc' dir='ltr'>εὕρῃ</span> <span class='ocrx_word' id='word_1_671' title='bbox 1327 5003 1430 5075; x_wconf 83' lang='grc' dir='ltr'>τὴν</span> <span class='ocrx_word' id='word_1_672' title='bbox 1469 5003 1812 5075; x_wconf 79' lang='grc' dir='ltr'>ποθουμένην</span> 
     </span>
    </p>
   </div>
   <div class='ocr_carea' id='block_1_100' title="bbox 229 5079 1812 5168">
    <p class='ocr_par' dir='ltr' id='par_1_100' title="bbox 229 5079 1812 5168">
     <span class='ocr_line' id='line_1_104' title="bbox 229 5079 1812 5168; baseline 0.011 -36"><span class='ocrx_word' id='word_1_673' title='bbox 229 5079 366 5151; x_wconf 80' lang='grc' dir='ltr'>ὓλην</span> <span class='ocrx_word' id='word_1_674' title='bbox 387 5084 740 5154; x_wconf 87' lang='grc' dir='ltr'>πορίσασθαι,</span> <span class='ocrx_word' id='word_1_675' title='bbox 765 5089 858 5145; x_wconf 86' lang='grc' dir='ltr'>τὸν</span> <span class='ocrx_word' id='word_1_676' title='bbox 886 5090 1089 5163; x_wconf 89' lang='grc' dir='ltr'>τρόπον</span> <span class='ocrx_word' id='word_1_677' title='bbox 1117 5091 1451 5164; x_wconf 79' lang='grc' dir='ltr'>ὲξὼμνυται,</span> <span class='ocrx_word' id='word_1_678' title='bbox 1477 5095 1598 5149; x_wconf 86' lang='grc' dir='ltr'>καθ’</span> <span class='ocrx_word' id='word_1_679' title='bbox 1619 5092 1680 5150; x_wconf 80' lang='grc' dir='ltr'><strong>δν</strong></span> <span class='ocrx_word' id='word_1_680' title='bbox 1710 5113 1812 5168; x_wconf 83' lang='grc' dir='ltr'>μα-</span> 
     </span>
    </p>
   </div>
   <div class='ocr_carea' id='block_1_101' title="bbox 229 5169 1476 5256">
    <p class='ocr_par' dir='ltr' id='par_1_101' title="bbox 229 5169 1476 5256">
     <span class='ocr_line' id='line_1_105' title="bbox 229 5169 1476 5256; baseline 0.011 -32"><span class='ocrx_word' id='word_1_681' title='bbox 229 5171 403 5244; x_wconf 78' lang='grc' dir='ltr'>θητὴς</span> <span class='ocrx_word' id='word_1_682' title='bbox 435 5169 574 5230; x_wconf 77' lang='grc' dir='ltr'>εἶναι</span> <span class='ocrx_word' id='word_1_683' title='bbox 606 5179 700 5232; x_wconf 79' lang='grc' dir='ltr'><strong>τοῦ</strong></span> <span class='ocrx_word' id='word_1_684' title='bbox 726 5181 899 5250; x_wconf 87' lang='grc' dir='ltr'>Λόγου</span> <span class='ocrx_word' id='word_1_685' title='bbox 923 5183 985 5236; x_wconf 83' lang='grc' dir='ltr'>τὸ</span> <span class='ocrx_word' id='word_1_686' title='bbox 1013 5183 1146 5255; x_wconf 73' lang='grc' dir='ltr'>πρὶν</span> <span class='ocrx_word' id='word_1_687' title='bbox 1173 5186 1476 5256; x_wconf 77' lang='grc' dir='ltr'>ἐνομίζετο.</span> 
     </span>
    </p>
   </div>
   <div class='ocr_carea' id='block_1_102' title="bbox 302 5261 1812 5352">
    <p class='ocr_par' dir='ltr' id='par_1_102' title="bbox 302 5261 1812 5352">
     <span class='ocr_line' id='line_1_106' title="bbox 302 5261 1812 5352; baseline 0.011 -34"><span class='ocrx_word' id='word_1_688' title='bbox 302 5261 396 5330; x_wconf 71' lang='grc' dir='ltr'><strong>ξέ.</strong></span> <span class='ocrx_word' id='word_1_689' title='bbox 431 5267 600 5321; x_wconf 88' lang='grc' dir='ltr'>Ὅταν</span> <span class='ocrx_word' id='word_1_690' title='bbox 649 5269 766 5342; x_wconf 79' lang='grc' dir='ltr'>ἴδῃς</span> <span class='ocrx_word' id='word_1_691' title='bbox 808 5275 961 5341; x_wconf 76' lang='grc' dir='ltr'>τινὰς</span> <span class='ocrx_word' id='word_1_692' title='bbox 1021 5277 1408 5352; x_wconf 77' lang='grc' dir='ltr'>ὑπερηφάνους</span> <span class='ocrx_word' id='word_1_693' title='bbox 1439 5278 1515 5351; x_wconf 82' lang='grc' dir='ltr'>μὴ</span> <span class='ocrx_word' id='word_1_694' title='bbox 1545 5279 1812 5351; x_wconf 78' lang='grc' dir='ltr'>φέροντας</span> 
     </span>
    </p>
   </div>
   <div class='ocr_carea' id='block_1_103' title="bbox 227 5354 1812 5442">
    <p class='ocr_par' dir='ltr' id='par_1_103' title="bbox 227 5354 1812 5442">
     <span class='ocr_line' id='line_1_107' title="bbox 227 5354 1812 5442; baseline 0.01 -34"><span class='ocrx_word' id='word_1_695' title='bbox 227 5357 571 5414; x_wconf 80' lang='grc' dir='ltr'>ἐπαινεῖσθαι</span> <span class='ocrx_word' id='word_1_696' title='bbox 606 5354 734 5426; x_wconf 77' lang='grc' dir='ltr'>τοὺς</span> <span class='ocrx_word' id='word_1_697' title='bbox 759 5367 1096 5436; x_wconf 86' lang='grc' dir='ltr'>κρείττονας,</span> <span class='ocrx_word' id='word_1_698' title='bbox 1124 5369 1440 5442; x_wconf 86' lang='grc' dir='ltr'>ἀκήρυκτόν</span> <span class='ocrx_word' id='word_1_699' title='bbox 1463 5387 1523 5423; x_wconf 89' lang='grc' dir='ltr'><strong>τε</strong></span> <span class='ocrx_word' id='word_1_700' title='bbox 1554 5388 1812 5441; x_wconf 80' lang='grc' dir='ltr'>μηχανω-</span> 
     </span>
    </p>
   </div>
   <div class='ocr_carea' id='block_1_104' title="bbox 228 5447 1814 5531">
    <p class='ocr_par' dir='ltr' id='par_1_104' title="bbox 228 5447 1814 5531">
     <span class='ocr_line' id='line_1_108' title="bbox 228 5447 1814 5531; baseline 0.008 -31"><span class='ocrx_word' id='word_1_701' title='bbox 228 5447 425 5517; x_wconf 79' lang='grc' dir='ltr'>μένους</span> <span class='ocrx_word' id='word_1_702' title='bbox 455 5453 630 5504; x_wconf 85' lang='grc' dir='ltr'>ποιεῖν</span> <span class='ocrx_word' id='word_1_703' title='bbox 656 5452 753 5524; x_wconf 73' lang='grc' dir='ltr'>τὴν</span> <span class='ocrx_word' id='word_1_704' title='bbox 793 5455 1130 5530; x_wconf 82' lang='grc' dir='ltr'>λαλουμένην</span> <span class='ocrx_word' id='word_1_705' title='bbox 1167 5459 1452 5528; x_wconf 85' lang='grc' dir='ltr'>ἀλήθειαν,</span> <span class='ocrx_word' id='word_1_706' title='bbox 1483 5460 1703 5531; x_wconf 88' lang='grc' dir='ltr'>μυρίοις</span> <span class='ocrx_word' id='word_1_707' title='bbox 1717 5461 1814 5513; x_wconf 82' lang='grc' dir='ltr'>αύ-</span> 
     </span>
    </p>
   </div>
   <div class='ocr_carea' id='block_1_105' title="bbox 223 5539 1808 5622">
    <p class='ocr_par' dir='ltr' id='par_1_105' title="bbox 223 5539 1808 5622">
     <span class='ocr_line' id='line_1_109' title="bbox 223 5539 1808 5622; baseline 0.007 -28"><span class='ocrx_word' id='word_1_708' title='bbox 223 5539 326 5611; x_wconf 79' lang='grc' dir='ltr'>τὴν</span> <span class='ocrx_word' id='word_1_709' title='bbox 342 5542 712 5615; x_wconf 84' lang='grc' dir='ltr'>ἀπείργοντας</span> <span class='ocrx_word' id='word_1_710' title='bbox 736 5553 1082 5620; x_wconf 86' lang='grc' dir='ltr'>πειρασμοῖς,</span> <span class='ocrx_word' id='word_1_711' title='bbox 1099 5552 1194 5606; x_wconf 72' lang='grc' dir='ltr'><strong>καὶ</strong></span> <span class='ocrx_word' id='word_1_712' title='bbox 1213 5551 1493 5622; x_wconf 83' lang='grc' dir='ltr'>ἀθεμίτοις</span> <span class='ocrx_word' id='word_1_713' title='bbox 1514 5551 1808 5615; x_wconf 74' lang='grc' dir='ltr'>διαϐολαῖςο</span> 
     </span>
    </p>
   </div>
   <div class='ocr_carea' id='block_1_106' title="bbox 221 5629 1810 5714">
    <p class='ocr_par' dir='ltr' id='par_1_106' title="bbox 221 5629 1810 5714">
     <span class='ocr_line' id='line_1_110' title="bbox 221 5629 1810 5714; baseline 0.009 -30"><span class='ocrx_word' id='word_1_714' title='bbox 221 5629 337 5684; x_wconf 85' lang='grc' dir='ltr'>νόει</span> <span class='ocrx_word' id='word_1_715' title='bbox 369 5649 460 5704; x_wconf 91' lang='grc' dir='ltr'><strong>μοι</strong></span> <span class='ocrx_word' id='word_1_716' title='bbox 492 5633 654 5690; x_wconf 90' lang='grc' dir='ltr'>πάλιν</span> <span class='ocrx_word' id='word_1_717' title='bbox 692 5636 798 5693; x_wconf 78' lang='grc' dir='ltr'><strong>ὑπὸ</strong></span> <span class='ocrx_word' id='word_1_718' title='bbox 818 5637 1027 5695; x_wconf 88' lang='grc' dir='ltr'>τούτων</span> <span class='ocrx_word' id='word_1_719' title='bbox 1052 5640 1425 5711; x_wconf 82' lang='grc' dir='ltr'>σταυροῦσθαι</span> <span class='ocrx_word' id='word_1_720' title='bbox 1466 5641 1559 5695; x_wconf 75' lang='grc' dir='ltr'>τὸν</span> <span class='ocrx_word' id='word_1_721' title='bbox 1604 5641 1810 5714; x_wconf 75' lang='grc' dir='ltr'>Κύριον</span> 
     </span>
    </p>
   </div>
   <div class='ocr_carea' id='block_1_107' title="bbox 297 5766 1666 5892">
    <p class='ocr_par' dir='ltr' id='par_1_107' title="bbox 297 5766 1666 5892">
     <span class='ocr_line' id='line_1_111' title="bbox 297 5766 1666 5892; baseline 0.004 -24"><span class='ocrx_word' id='word_1_722' title='bbox 297 5807 344 5842; x_wconf 82' lang='grc'><strong>⁸⁰</strong></span> <span class='ocrx_word' id='word_1_723' title='bbox 363 5766 518 5870; x_wconf 71' lang='lat' dir='ltr'><strong>Joan.</strong></span> <span class='ocrx_word' id='word_1_724' title='bbox 543 5831 632 5882; x_wconf 75' lang='lat' dir='ltr'><strong>xx,</strong></span> <span class='ocrx_word' id='word_1_725' title='bbox 657 5817 691 5872; x_wconf 81' lang='lat'><strong>5</strong></span> <span class='ocrx_word' id='word_1_726' title='bbox 718 5832 871 5889; x_wconf 86' lang='lat' dir='ltr'><strong>seqq.</strong></span> <span class='ocrx_word' id='word_1_727' title='bbox 949 5818 990 5852; x_wconf 80' lang='grc'>³¹</span> <span class='ocrx_word' id='word_1_728' title='bbox 1017 5818 1208 5876; x_wconf 79' lang='lat' dir='ltr'><strong>Matth.</strong></span> <span class='ocrx_word' id='word_1_729' title='bbox 1233 5834 1396 5888; x_wconf 66' lang='lat' dir='ltr'><strong>xxv-&#39;11,</strong></span> <span class='ocrx_word' id='word_1_730' title='bbox 1419 5819 1486 5875; x_wconf 83' lang='lat'><strong>57</strong></span> <span class='ocrx_word' id='word_1_731' title='bbox 1511 5833 1666 5892; x_wconf 87' lang='lat' dir='ltr'><strong>seqq.</strong></span> 
     </span>
    </p>
   </div>
   <div class='ocr_carea' id='block_1_108' title="bbox 1978 4907 3499 4981">
    <p class='ocr_par' dir='ltr' id='par_1_108' title="bbox 1978 4907 3499 4981">
     <span class='ocr_line' id='line_1_112' title="bbox 1978 4907 3499 4981; baseline -0.001 -17"><span class='ocrx_word' id='word_1_732' title='bbox 1978 4908 2066 4964; x_wconf 74' lang='grc'>64.</span> <span class='ocrx_word' id='word_1_733' title='bbox 2101 4907 2316 4964; x_wconf 84' lang='lat' dir='ltr'><strong>Avarus</strong></span> <span class='ocrx_word' id='word_1_734' title='bbox 2348 4908 2529 4964; x_wconf 86' lang='lat' dir='ltr'><strong>omnis</strong></span> <span class='ocrx_word' id='word_1_735' title='bbox 2565 4909 2822 4981; x_wconf 84' lang='lat' dir='ltr'><strong>religioso</strong></span> <span class='ocrx_word' id='word_1_736' title='bbox 2856 4909 3047 4964; x_wconf 91' lang='lat' dir='ltr'><strong>habitu</strong></span> <span class='ocrx_word' id='word_1_737' title='bbox 3084 4917 3348 4979; x_wconf 89' lang='lat' dir='ltr'><strong>motuque</strong></span> <span class='ocrx_word' id='word_1_738' title='bbox 3383 4910 3499 4964; x_wconf 88' lang='lat' dir='ltr'><strong>vir-</strong></span> 
     </span>
    </p>
   </div>
   <div class='ocr_carea' id='block_1_109' title="bbox 1910 5001 3500 5073">
    <p class='ocr_par' dir='ltr' id='par_1_109' title="bbox 1910 5001 3500 5073">
     <span class='ocr_line' id='line_1_113' title="bbox 1910 5001 3500 5073; baseline 0 -17"><span class='ocrx_word' id='word_1_739' title='bbox 1910 5011 2082 5057; x_wconf 91' lang='lat' dir='ltr'><strong>tutem</strong></span> <span class='ocrx_word' id='word_1_740' title='bbox 2114 5001 2402 5066; x_wconf 89' lang='lat' dir='ltr'><strong>simulans,</strong></span> <span class='ocrx_word' id='word_1_741' title='bbox 2430 5002 2521 5056; x_wconf 86' lang='lat' dir='ltr'><strong>ubi</strong></span> <span class='ocrx_word' id='word_1_742' title='bbox 2555 5003 2823 5072; x_wconf 84' lang='lat' dir='ltr'><strong>pecuniae,</strong></span> <span class='ocrx_word' id='word_1_743' title='bbox 2850 5002 3008 5073; x_wconf 91' lang='lat' dir='ltr'><strong>cujus</strong></span> <span class='ocrx_word' id='word_1_744' title='bbox 3035 5001 3312 5056; x_wconf 90' lang='lat' dir='ltr'><strong>desiderio</strong></span> <span class='ocrx_word' id='word_1_745' title='bbox 3347 5010 3500 5057; x_wconf 83' lang='lat' dir='ltr'><strong>tene-</strong></span> 
     </span>
    </p>
   </div>
   <div class='ocr_carea' id='block_1_110' title="bbox 1909 5093 3499 5166">
    <p class='ocr_par' dir='ltr' id='par_1_110' title="bbox 1909 5093 3499 5166">
     <span class='ocr_line' id='line_1_114' title="bbox 1909 5093 3499 5166; baseline -0.001 -16"><span class='ocrx_word' id='word_1_746' title='bbox 1909 5093 2094 5159; x_wconf 87' lang='lat' dir='ltr'><strong>batur,</strong></span> <span class='ocrx_word' id='word_1_747' title='bbox 2125 5093 2383 5164; x_wconf 74' lang='lat' dir='ltr'><strong>paranda:</strong></span> <span class='ocrx_word' id='word_1_748' title='bbox 2415 5093 2500 5148; x_wconf 88' lang='lat' dir='ltr'><strong>via</strong></span> <span class='ocrx_word' id='word_1_749' title='bbox 2534 5095 2784 5164; x_wconf 90' lang='lat' dir='ltr'><strong>ratioque</strong></span> <span class='ocrx_word' id='word_1_750' title='bbox 2816 5093 3144 5159; x_wconf 88' lang='lat' dir='ltr'><strong>occurrerit,</strong></span> <span class='ocrx_word' id='word_1_751' title='bbox 3169 5109 3352 5149; x_wconf 83' lang='lat' dir='ltr'><strong>mores</strong></span> <span class='ocrx_word' id='word_1_752' title='bbox 3381 5095 3499 5166; x_wconf 84' lang='lat' dir='ltr'><strong>eju-</strong></span> 
     </span>
    </p>
   </div>
   <div class='ocr_carea' id='block_1_111' title="bbox 1911 5184 3248 5255">
    <p class='ocr_par' dir='ltr' id='par_1_111' title="bbox 1911 5184 3248 5255">
     <span class='ocr_line' id='line_1_115' title="bbox 1911 5184 3248 5255; baseline -0.001 -14"><span class='ocrx_word' id='word_1_753' title='bbox 1911 5193 1997 5241; x_wconf 89' lang='lat' dir='ltr'><strong>rat</strong></span> <span class='ocrx_word' id='word_1_754' title='bbox 2025 5184 2231 5255; x_wconf 89' lang='lat' dir='ltr'><strong>quibus</strong></span> <span class='ocrx_word' id='word_1_755' title='bbox 2259 5185 2556 5253; x_wconf 88' lang='lat' dir='ltr'><strong>putabatur</strong></span> <span class='ocrx_word' id='word_1_756' title='bbox 2581 5201 2702 5240; x_wconf 88' lang='lat' dir='ltr'><strong>esse</strong></span> <span class='ocrx_word' id='word_1_757' title='bbox 2727 5185 2892 5241; x_wconf 81' lang='lat' dir='ltr'><strong>Verbi</strong></span> <span class='ocrx_word' id='word_1_758' title='bbox 2923 5185 3248 5255; x_wconf 90' lang='lat' dir='ltr'><strong>discipulus.</strong></span> 
     </span>
    </p>
   </div>
   <div class='ocr_carea' id='block_1_112' title="bbox 1981 5276 3499 5348">
    <p class='ocr_par' dir='ltr' id='par_1_112' title="bbox 1981 5276 3499 5348">
     <span class='ocr_line' id='line_1_116' title="bbox 1981 5276 3499 5348; baseline 0 -14"><span class='ocrx_word' id='word_1_759' title='bbox 1981 5278 2070 5334; x_wconf 85' lang='lat'><strong>65.</strong></span> <span class='ocrx_word' id='word_1_760' title='bbox 2099 5276 2236 5332; x_wconf 89' lang='lat' dir='ltr'><strong>Cum</strong></span> <span class='ocrx_word' id='word_1_761' title='bbox 2269 5276 2484 5346; x_wconf 89' lang='lat' dir='ltr'><strong>aliquos</strong></span> <span class='ocrx_word' id='word_1_762' title='bbox 2512 5277 2784 5348; x_wconf 88' lang='lat' dir='ltr'><strong>superbos</strong></span> <span class='ocrx_word' id='word_1_763' title='bbox 2815 5276 3150 5343; x_wconf 87' lang='lat' dir='ltr'><strong>adverteris,</strong></span> <span class='ocrx_word' id='word_1_764' title='bbox 3180 5293 3290 5334; x_wconf 92' lang='lat' dir='ltr'><strong>non</strong></span> <span class='ocrx_word' id='word_1_765' title='bbox 3319 5277 3499 5334; x_wconf 87' lang='lat' dir='ltr'><strong>feren-</strong></span> 
     </span>
    </p>
   </div>
   <div class='ocr_carea' id='block_1_113' title="bbox 1910 5367 3498 5440">
    <p class='ocr_par' dir='ltr' id='par_1_113' title="bbox 1910 5367 3498 5440">
     <span class='ocr_line' id='line_1_117' title="bbox 1910 5367 3498 5440; baseline 0.001 -15"><span class='ocrx_word' id='word_1_766' title='bbox 1910 5377 1995 5425; x_wconf 90' lang='lat' dir='ltr'><strong>tes</strong></span> <span class='ocrx_word' id='word_1_767' title='bbox 2042 5367 2257 5424; x_wconf 88' lang='lat' dir='ltr'><strong>laudari</strong></span> <span class='ocrx_word' id='word_1_768' title='bbox 2304 5383 2407 5423; x_wconf 92' lang='lat' dir='ltr'><strong>eos</strong></span> <span class='ocrx_word' id='word_1_769' title='bbox 2447 5367 2544 5438; x_wconf 89' lang='lat' dir='ltr'><strong>qui</strong></span> <span class='ocrx_word' id='word_1_770' title='bbox 2595 5368 2730 5438; x_wconf 87' lang='lat' dir='ltr'><strong>ipsis</strong></span> <span class='ocrx_word' id='word_1_771' title='bbox 2782 5368 3042 5424; x_wconf 89' lang='lat' dir='ltr'><strong>meliores</strong></span> <span class='ocrx_word' id='word_1_772' title='bbox 3092 5367 3236 5434; x_wconf 89' lang='lat' dir='ltr'><strong>sint,</strong></span> <span class='ocrx_word' id='word_1_773' title='bbox 3279 5369 3498 5440; x_wconf 86' lang='lat' dir='ltr'><strong>hocque</strong></span> 
     </span>
    </p>
   </div>
   <div class='ocr_carea' id='block_1_114' title="bbox 1909 5459 3496 5532">
    <p class='ocr_par' dir='ltr' id='par_1_114' title="bbox 1909 5459 3496 5532">
     <span class='ocr_line' id='line_1_118' title="bbox 1909 5459 3496 5532; baseline 0.001 -15"><span class='ocrx_word' id='word_1_774' title='bbox 1909 5462 2200 5519; x_wconf 90' lang='lat' dir='ltr'><strong>molientes</strong></span> <span class='ocrx_word' id='word_1_775' title='bbox 2233 5469 2293 5515; x_wconf 89' lang='lat' dir='ltr'><strong>ut</strong></span> <span class='ocrx_word' id='word_1_776' title='bbox 2321 5459 2607 5516; x_wconf 87' lang='lat' dir='ltr'><strong>veritatem</strong></span> <span class='ocrx_word' id='word_1_777' title='bbox 2638 5477 2761 5531; x_wconf 66' lang='lat' dir='ltr'><strong>quae</strong></span> <span class='ocrx_word' id='word_1_778' title='bbox 2788 5461 3082 5532; x_wconf 80' lang='lat' dir='ltr'><strong>evulgatur</strong></span> <span class='ocrx_word' id='word_1_779' title='bbox 3112 5461 3168 5516; x_wconf 90' lang='lat' dir='ltr'><strong>in</strong></span> <span class='ocrx_word' id='word_1_780' title='bbox 3200 5461 3496 5519; x_wconf 90' lang='lat' dir='ltr'><strong>obscurum</strong></span> 
     </span>
    </p>
   </div>
   <div class='ocr_carea' id='block_1_115' title="bbox 1908 5549 3496 5625">
    <p class='ocr_par' dir='ltr' id='par_1_115' title="bbox 1908 5549 3496 5625">
     <span class='ocr_line' id='line_1_119' title="bbox 1908 5549 3496 5625; baseline -0.004 -15"><span class='ocrx_word' id='word_1_781' title='bbox 1908 5559 2126 5625; x_wconf 78' lang='lat' dir='ltr'><strong>cogant,</strong></span> <span class='ocrx_word' id='word_1_782' title='bbox 2156 5550 2573 5620; x_wconf 85' lang='lat' dir='ltr'><strong>inuumerisque</strong></span> <span class='ocrx_word' id='word_1_783' title='bbox 2605 5549 3007 5606; x_wconf 89' lang='lat' dir='ltr'><strong>tentationibus</strong></span> <span class='ocrx_word' id='word_1_784' title='bbox 3031 5564 3149 5605; x_wconf 89' lang='lat' dir='ltr'><strong>eam</strong></span> <span class='ocrx_word' id='word_1_785' title='bbox 3178 5549 3496 5615; x_wconf 88' lang='lat' dir='ltr'><strong>cobibeant,</strong></span> 
     </span>
    </p>
   </div>
   <div class='ocr_carea' id='block_1_116' title="bbox 1908 5639 3498 5713">
    <p class='ocr_par' dir='ltr' id='par_1_116' title="bbox 1908 5639 3498 5713">
     <span class='ocr_line' id='line_1_120' title="bbox 1908 5639 3498 5713; baseline -0.001 -15"><span class='ocrx_word' id='word_1_786' title='bbox 1908 5657 1974 5698; x_wconf 91' lang='lat' dir='ltr'><strong>ac</strong></span> <span class='ocrx_word' id='word_1_787' title='bbox 2009 5640 2265 5698; x_wconf 78' lang='lat' dir='ltr'><strong>nefandis</strong></span> <span class='ocrx_word' id='word_1_788' title='bbox 2308 5639 2602 5697; x_wconf 90' lang='lat' dir='ltr'><strong>calumniis</strong></span> <span class='ocrx_word' id='word_1_789' title='bbox 2642 5639 2990 5711; x_wconf 87' lang='lat' dir='ltr'><strong>opprimant;</strong></span> <span class='ocrx_word' id='word_1_790' title='bbox 3030 5639 3210 5713; x_wconf 78' lang='lat' dir='ltr'><strong>cogita</strong></span> <span class='ocrx_word' id='word_1_791' title='bbox 3255 5641 3390 5696; x_wconf 85' lang='lat' dir='ltr'><strong>mihi</strong></span> <span class='ocrx_word' id='word_1_792' title='bbox 3427 5639 3498 5696; x_wconf 90' lang='lat' dir='ltr'><strong>ab</strong></span> 
     </span>
    </p>
   </div>
  </div>
