4140 6322
575 388 707 453 ιιοτ

1742 379 1804 438 S.
1842 377 2130 437 MAXIM!
2169 375 2678 438 CONFESSORIS
2703 375 2710 385 ’

3700 375 3834 443 1108

572 501 654 555 eis
684 499 886 552 iterum
914 491 1160 563 crueiﬂgi
1191 489 1485 546 Dominum
1521 504 1585 544 ac
1617 487 1861 558 sepeliri,
1889 486 2156 540 militum-

2267 491 2354 542 καὶ
2394 490 2736 544 θάπτεσθαι·
2771 490 2864 544 καὶ
2917 489 3281 561 στρατιώταις
3304 492 3398 546 καὶ
3421 494 3687 563 σφραγῖσι
3733 512 3837 562 φυ-

573 602 680 656 que
704 583 953 640 adhibita
978 597 1142 637 manu
1168 595 1234 635 ac
1260 579 1557 650 signaculis
1583 577 1871 634 custodiri.
1894 575 2004 631 llos
2026 577 2158 632 Ver-

573 677 706 730 bum
755 675 872 730 suis
908 674 1153 744 ipsorum
1187 670 1644 727 machinamentis
1675 677 1952 750 evertens,
1977 683 2163 730 resur—,

573 768 650 836 git
679 784 691 819 :
725 782 835 836 quo
871 767 1246 837 impugnatur,
1272 779 1340 819 eo
1372 764 1545 833 magis
1573 762 1978 828 inclarescens;
2011 760 2158 830 quod

573 856 838 910 nimirum
892 857 979 911 his
1029 872 1153 926 quae
1208 854 1518 925 perpetitur
1568 853 1635 908 ad
1693 853 2162 923 impatibilitalem

575 947 1237 1018 imperturbationemque
1274 947 1529 1002 duretur.
1560 945 1658 1000 Est
1695 946 1844 998 enim
1888 943 2167 997 universis

575 1039 797 1104 fortius,
825 1048 887 1094 ut
915 1039 1063 1111 quod
1092 1040 1300 1094 veritas
1330 1046 1446 1092 tum
1475 1036 1725 1100 exsistat,
1754 1044 1978 1103 tumque
2006 1033 2159 1088 dica-

579 1140 669 1186 tur
688 1131 832 1184 δυ’.

647 1223 737 1279 66.
767 1223 902 1296 Ejus
936 1223 1088 1293 quod
1127 1231 1216 1278 est
1255 1221 1494 1277 Verbum
1535 1232 1738 1287 corpus
1774 1213 2160 1284 assumpsisse,

578 1316 934 1388 mysterium,
971 1314 1220 1372 omnium
1268 1313 1325 1366 in
1370 1310 1657 1380 Scriptura
1697 1309 2050 1377 aenigmatum
2099 1319 2164 1358 ac

579 1407 878 1480 ﬁgurarum
916 1407 1028 1461 vim
1067 1407 1236 1460 habet
1277 1422 1292 1458 :
1336 1413 1649 1460 creatorum
1693 1401 1854 1464 item,
1890 1410 2006 1452 tum
2043 1412 2165 1467 quae

579 1500 760 1558 oculis
787 1499 1232 1569 conspiciuntur,
1251 1506 1368 1551 tum
1397 1511 1518 1564 quae
1547 1502 1730 1547 mente
1755 1491 2161 1560 intelliguntur,

580 1593 892 1649 scientiam.
928 1594 1107 1662 Atque
1155 1591 1202 1646 is
1239 1590 1462 1660 quidem
1519 1587 1614 1658 qui
1657 1585 1840 1641 crucis
1883 1594 1940 1639 et
1983 1583 2168 1653 sepul-

581 1694 720 1739 tura:
743 1684 898 1738 novit
934 1683 1286 1754 mysterium,
1317 1696 1512 1736 eorum
1545 1695 1666 1750 quae
1693 1678 1838 1742 dicta
1864 1684 1992 1731 sunt
2034 1691 2164 1745 per-

581 1785 800 1846 spectas
854 1776 1021 1830 habet
1065 1775 1308 1831 rationes
1364 1791 1376 1826 :
1423 1772 1518 1843 qui
1562 1781 1746 1826 autem
1784 1784 2043 1834 arcanam
2076 1784 2164 1823 re-

582 1870 944 1924 surrectionis
992 1868 1154 1940 575
1189 1866 1492 1937 potentiam
1527 1863 1742 1927 didicit,
1794 1861 1958 1916 ﬁnem
2006 1861 2165 1930 cujus

581 1963 753 2032 gratia
780 1963 923 2016 Deus
951 1969 1150 2017 cuncta
1189 1961 1370 2030 primo
1403 1957 1726 2014 condiderat
1757 1956 2032 2026 pernovit.

652 2056 740 2110 67.
784 2052 917 2120 Quae
959 2051 1221 2106 videntur
1266 2049 1482 2114 omnia,
1522 2063 1688 2103 cruce
1733 2053 1926 2117 egent;
1971 2045 2162 2099 habitu

582 2146 794 2201 scilicet
816 2141 1111 2214 ejusmodi,
1134 2141 1240 2211 qui
1260 2156 1452 2195 eorum
1478 2154 1599 2209 quae
1621 2139 1673 2192 in
1699 2138 1780 2192 eis
1807 2152 1970 2190 sensu
1997 2152 2167 2206 agun-

585 2247 696 2302 tur,
724 2233 1076 2289 aﬂ‘ectionem
1110 2231 1604 2300 habitudinemque
1637 2237 1892 2284 coerceat
1924 2248 1934 2282 :
1966 2236 2164 2282 cuncta

582 2343 718 2382 vero
765 2341 889 2396 quae
941 2332 1126 2379 mente
1179 2322 1598 2394 intelliguntur,
1641 2330 1808 2392 egent
1855 2321 2164 2390 sepultura,

582 2416 745 2486 plena
790 2413 1006 2470 scilicet
1043 2414 1112 2468 ab
1160 2411 1258 2476 iis,
1294 2429 1415 2484 qua:
1462 2412 1518 2474 in
1566 2412 1648 2468 eis
1696 2420 1879 2470 mente
1929 2421 2168 2480 aguntur

585 2507 894 2563 cessatione
930 2520 995 2564 ac
1029 2505 1238 2576 quiete.
1259 2505 1378 2566 Una
1411 2504 1558 2560 enim
1592 2519 1715 2564 cum
1747 2502 2039 2567 aﬂectione
2069 2517 2164 2556 seu

583 2599 947 2664 habitudine,
994 2597 1209 2658 sublata
1264 2595 1503 2651 naturali
1561 2611 1692 2666 erga
1747 2609 1836 2648 res
1890 2591 2167 2662 quaslibet

581 2693 904 2765 operatione
936 2698 1221 2759 motuque,
1253 2689 1497 2744 Verbum
1529 2688 1715 2743 solum.
1743 2686 1921 2755 ipsum
1959 2701 2054 2754 per
2083 2700 2164 2746 se,

583 2785 739 2857 quasi
763 2801 830 2840 ex
854 2783 1087 2840 mortuis
1110 2781 1436 2846 suscitatam
1465 2788 1713 2850 apparet,
1738 2786 1937 2833 cuncta
1959 2777 2168 2831 habens

583 2890 707 2946 qua:
753 2890 821 2930 ex
869 2874 990 2945 ipso
1039 2882 1170 2928 sunt
1215 2873 1520 2928 secundum
1565 2867 2164 2938 circumscriptionem,

583 2982 707 3022 cum
741 2966 891 3020 nulla
925 2980 1154 3035 prorsus
1188 2980 1276 3020 res
1310 2963 1548 3018 naturali
1581 2961 1906 3016 habitudine
1941 2975 2066 3015 cum
2100 2975 2168 3013 eo

585 3056 1048 3118 necessitudinem
1095 3056 1314 3112 haheat.
1356 3056 1461 3111 Per
1495 3055 1725 3126 gratiam
1764 3043 2022 3124 namque,
2057 3069 2167 3108 non

586 3162 684 3217 per
704 3159 959 3206 naturam
987 3154 1072 3200 est
1094 3155 1156 3200 ut
1176 3145 1339 3200 electi
1363 3144 1594 3200 salutem
1616 3153 2046 3212 consequantur.

655 3235 742 3290 68.
769 3235 973 3288 Eorum
1003 3251 1126 3304 qua:
1151 3242 1281 3288 sunt
1304 3233 1373 3288 ad
1399 3232 1622 3303 aliquid,
1651 3240 1764 3286 tum
1791 3231 1986 3286 saacula
2015 3239 2164 3295 sunt,

589 3337 704 3382 tum
739 3336 998 3395 tempora.
1020 3326 1250 3395 locaque
1271 3342 1294 3390 ;.
1320 3334 1476 3379 extra
1508 3339 1628 3392 qua:
1663 3323 1798 3376 nihil
1832 3331 1915 3378 est
1944 3338 2168 3386 eorum,

587 3433 710 3486 qua:
753 3433 860 3474 una
901 3433 1028 3472 cum
1067 3417 1178 3483 illis
1216 3416 1620 3486 intelliguntur.
1652 3415 1798 3470 Deus
1838 3424 2022 3469 autem
2060 3430 2171 3468 non

586 3517 912 3573 eorumcst,
939 3525 1061 3578 quae
1091 3517 1218 3563 sunt
1246 3509 1315 3563 ad
1350 3507 1575 3577 aliquid,
1613 3523 1738 3560 cum
1771 3506 1910 3560 nihil
1942 3521 2171 3576 prorsus

589 3599 667 3654 illi
703 3614 892 3654 comes
929 3599 1284 3670 intelligatur.
1315 3597 1370 3654 Si
1407 3597 1630 3668 quidem
1667 3597 1836 3668 igitur
1869 3597 2014 3650 Deus
2047 3612 2171 3651 san-

589 3700 814 3758 ctorum.
832 3691 1126 3746 haereditas
1149 3700 1233 3745 est
1258 3707 1321 3746 ac
1347 3689 1644 3761 possessio,
1668 3689 1762 3758 qui
1790 3689 1898 3743 hoc
1925 3687 2172 3742 muneris

588 3784 860 3854 consequi.
877 3784 1164 3850 meruerit,
1191 3799 1357 3854 super
1382 3783 1566 3837 omnia
1591 3781 1786 3836 sazcula
1817 3790 2171 3851 temporaque

589 3882 646 3931 et
674 3875 796 3932 loca
829 3876 968 3941 erit,
1002 3876 1160 3946 cujus
1198 3876 1354 3930 locus
1386 3875 1532 3930 Deus
1567 3874 1682 3944 ipse
1712 3874 1812 3937 sit,
1845 3874 1991 3944 juxta
2023 3873 2170 3944 quod

587 3966 854 4036 scriptum
881 3975 966 4022 est
995 3985 1007 4019 ε
1034 3965 1162 4020 Esto
1199 3967 1323 4020 mihi
1356 3964 1413 4019 ἰή
1439 3965 1610 4019 Deum
1640 3973 2005 4036 protectorem,
2033 3973 2081 4018 et
2116 3966 2170 4018 in

591 4057 763 4112 locum
791 4060 1074 4123 munitum,
1103 4068 1159 4112 ut
1184 4057 1390 4112 salvum
1423 4076 1503 4112 me
1529 4057 1693 4127 facias
1716 4057 1784 4110 ³⁸.
1878 4109 1894 4127 ,

660 4150 747 4204 69.
778 4150 932 4205 Finis
973 4150 1116 4204 nihil
1151 4166 1380 4220 prorsus
1407 4165 1538 4206 cum
1562 4149 1742 4204 medio
1770 4149 1938 4204 habet
1963 4149 2168 4217 simile,

589 4241 795 4312 alioqui
829 4240 966 4311 ﬁnis
986 4257 1098 4295 non
1130 4251 1295 4302 esset.
1326 4240 1466 4295 Sunt
1499 4248 1682 4296 autem
1722 4239 1986 4304 medium,
2019 4255 2170 4309 quaa-

590 4350 810 4403 eunque
843 4332 1148 4389 secundum
1182 4330 1514 4403 principium
1549 4341 1699 4386 retro
1735 4330 1896 4388 ﬁnem
1918 4326 2078 4386 sunt.
2115 4331 2170 4388 Si

591 4425 815 4494 quidem
863 4423 1031 4494 igitur
1073 4433 1271 4493 cuncta
1309 4423 1514 4490 saecula
1546 4430 1602 4477 et
1637 4433 1884 4491 tempora
1923 4430 1980 4477 et
2018 4422 2166 4488 loca,

2265 579 2572 634 λάττεσοαι.
2613 580 2719 644 Οὓς
2773 583 2984 643 ἑαυτοῖς
3045 583 3394 653 περιτρέπων
3423 585 3450 636 ό
3481 584 3657 652 Λόγος
3682 625 3698 649 ,
3741 584 3835 637 ἁν-

2264 665 2472 743 ίσταται
2506 683 2519 696 ο
2558 668 2719 720 πλέον
2751 671 2828 739 τῷ
2852 670 3226 739 πολεμεῖσθαι,
3262 671 3678 743 διαφαινόμενος
3705 689 3716 701 ³
3760 673 3836 736 ὡς

2262 742 2401 830 πρὸς
2451 762 2721 816 ἀπάθειαν
2773 763 2860 816 διὰ
2900 763 3009 816 τῶν
3060 764 3402 836 παθημάτων
3440 769 3834 839 στομούμενος.

2263 853 2485 906 Πάντων
2517 855 2806 924 γάρ-’ἐστιν
2859 856 3227 929 ἰσχυρότερος,
3258 859 3334 922 ὼς
3368 860 3596 932 ἀλήθεια
3627 861 3725 915 καὶ
3760 860 3839 918 ὢν

2263 948 2355 1000 καὶ
2381 948 2736 1017 καλούμενος.

2337 1219 2445 1286 Eg".
2477 1221 2552 1274 Τὸ
2583 1221 2686 1292 τῆς
2721 1223 3166 1291 ὲνσωματώσεως
3195 1223 3290 1277 τοῦ
3321 1224 3496 1292 Λόγου
3518 1224 3838 1296 μυστήριον,

2267 1314 2480 1366 πάντων
2515 1313 2627 1382 ἔχει
2667 1314 2774 1367 τῶν
2816 1331 2876 1366 τε
2926 1317 3070 1369 κατὰ
3107 1316 3207 1388 τὴν
3236 1317 3462 1387 Γραφὴν
3492 1318 3839 1386 αἰνιγμάτων

2267 1403 2362 1456 καὶ
2391 1403 2580 1456 τύπων
2609 1404 2708 1474 τὴν
2749 1405 3002 1476 δύναμιν,
3049 1409 3142 1459 καὶ
3197 1407 3306 1460 τῶν
3357 1408 3702 1477 φαινομένων
3747 1411 3845 1461 καὶ

2265 1497 2572 1566 νοουμένων
2634 1499 2951 1568 κτισμάτων
2993 1500 3094 1567 τὴν
3152 1500 3491 1570 ἐπιστήμην.
3529 1501 3642 1554 Καὶ
3677 1502 3705 1554 ὁ
3743 1500 3844 1570 μὲν

2265 1587 2428 1655 γνοὺς
2473 1588 2709 1656 σταυροῦ
2763 1591 2858 1654 καὶ
2881 1591 3059 1660 ταφῆς
3099 1590 3164 1644 τὸ
3195 1594 3516 1662 μυστήριον,
3549 1591 3691 1660 ἔγνω
3734 1592 3845 1645 τῶν

2268 1681 2684 1752 προειρημένων
2730 1681 2856 1744 τοὺς
2900 1681 3094 1749 λόγους
3129 1697 3143 1711 ⁶
3185 1685 3212 1736 ὁ
3253 1683 3312 1735 δὲ
3351 1683 3450 1753 τῆς
3492 1684 3843 1744 ἀναστάσεως

2196 1822 2243 1882 Β
2275 1774 2506 1845 μυηθεὶς
2559 1772 2658 1843 τὴν
2709 1774 3023 1846 ἀπόρρητον
3075 1774 3348 1845 δύναμιν,
3408 1775 3552 1846 ἔγνω
3605 1776 3697 1828 τὸν
3755 1775 3843 1844 ἐφ’

2274 1863 2301 1888 τ

2265 1869 2310 1940 ᾧ
2367 1871 2437 1924 τὰ
2496 1869 2674 1924 πάντα
2734 1872 3166 1942 προηγουμένως
3216 1875 3246 1927 ό
3297 1873 3431 1938 Θεὸς
3497 1875 3847 1945 ὑπεστήσατο

2267 1965 2488 2017 σκοπόν.

2337 2053 2430 2120 ξς.
2472 2061 2486 2075 '
2517 2055 2595 2109 Τὰ
2618 2057 2922 2128 φαινόμενα
2944 2056 3122 2110 πάντα
3147 2057 3319 2110 δεῖται
3345 2057 3581 2128 σταυροῦ
3609 2057 3704 2125 (1)·
3736 2057 3841 2128 τῆς

2264 2149 2372 2200 τῶν
2437 2148 2525 2202 ἐπ’
2578 2151 2762 2213 αὐτοῖς
2817 2152 2938 2203 κατ’
2989 2149 3245 2219 αἴσθησιν
3298 2149 3707 2219 ἐνεργουμένων
3747 2152 3846 2204 ἑπ-

2266 2238 2498 2308 εχούσης
2525 2238 2623 2307 τὴν
2655 2239 2858 2307 σχέσιν,
2883 2238 3050 2303 ἕξεως
3077 2253 3091 2268 ⁸
3145 2239 3214 2292 τὰ
3247 2239 3304 2291 δὲ
3335 2237 3606 2308 νοούμενα
3638 2239 3840 2304 πάντα,

2266 2326 2458 2397 χρῄζει
2486 2329 2661 2398 ταφῆς
2689 2345 2702 2358 ’
2735 2329 2834 2398 τῆς
2869 2330 2977 2382 τῶν
3025 2329 3110 2382 ἐπ’
3143 2329 3327 2392 αὐτοῖς
3365 2329 3506 2382 κατὰ
3535 2329 3662 2383 νοῦν
3689 2331 3843 2401 ὲνερυ

2265 2420 2548 2490 γουμένων
2577 2421 2766 2492 ὁλικῆς
2790 2422 3098 2492 ἀκινησίας.
3136 2423 3214 2493 Τῇ
3233 2422 3338 2492 γὰρ
3375 2421 3560 2490 σχέσει
3584 2439 3844 2478 συναναιο

2269 2529 2363 2584 ρου
2373 2512 2540 2580 μένης
2575 2512 2674 2578 τῆς
2698 2513 2825 2583 περὶ
2848 2513 3027 2566 πάντα
3050 2515 3288 2584 φυσικῆς
3327 2513 3610 2584 ἐνεργείας
3635 2530 3694 2566 τε
3749 2513 3844 2566 καὶ

2268 2607 2554 2674 κινήσεως,
2585 2607 2614 2657 ό
2642 2605 2798 2673 λόγος
2815 2606 2977 2675 μόνος
3007 2607 3096 2674 ἐφ’
3122 2607 3317 2658 ἑαυτὸν
3341 2605 3625 2677 ὑπάρχων,
3654 2605 3847 2673 ὥσπερ

2268 2701 2333 2751 ὲκ
2371 2696 2582 2766 νεκρῶν
2624 2697 2997 2768 ἐγηγερμένος
3041 2699 3425 2766 ἀναφαίνεται,
3473 2697 3654 2750 πάντα
3699 2695 3846 2749 κατὰ

2268 2787 2618 2858 περιγραφὴν
2644 2788 2785 2857 ἔχων
2810 2789 2878 2840 τὰ
2917 2786 2978 2852 ἐξ
3007 2787 3196 2853 αὐτοῦ,
3233 2787 3458 2857 μηδενὸς
3489 2789 3692 2857 φυσικῇ
3730 2786 3856 2857 σχέ-,

2270 2895 2353 2930 σει
2387 2878 2485 2948 τὴν
2521 2879 2656 2950 πρὸς
2687 2879 2852 2932 αὑτὸν
2889 2880 3202 2950 οἰκειότητα
3240 2878 3301 2932 τὸ
3342 2878 3563 2932 σύνολον
3604 2877 3844 2948 ἔχοντος.

2269 2970 2430 3029 Κατὰ
2465 2971 2627 3042 χάριν
2674 2971 2804 3040 γὰρ,
2846 2971 2962 3025 ἀλλ’
3004 2971 3067 3024 ού
3104 2972 3244 3024 κατὰ
3279 2971 3441 3041 φύσιν
3470 2971 3617 3024 ἐστὶν
3662 2972 3695 3042 ἡ
3735 2970 3858 3024 τῶν.

2271 3061 2592 3133 σωζομένων
2627 3063 2891 3134 σωτηρία.

2344 3231 2444 3304 ξη’.
2477 3232 2599 3286 Τῶν
2631 3234 2782 3300 πρός
2817 3250 2894 3296 τι,
2935 3232 3030 3287 καὶ
3049 3233 3096 3285 oi
3122 3231 3320 3296 αίῶνές
3353 3233 3484 3297 είσι,
3507 3234 3600 3285 καὶ
3633 3231 3683 3283 oi
3716 3229 3850 3302 χρό-

2271 3345 2374 3391 νοι,
2402 3326 2494 3378 καὶ
2531 3328 2581 3378 οἱ
2607 3326 2796 3378 τόποιο
2836 3319 2911 3378 ὧν
2948 3325 3099 3388 ἄνευ,
3141 3325 3295 3378 οὐδὲν
3346 3325 3454 3377 τῶν
3499 3341 3849 3377 συνεπινοουο

2275 3419 2450 3489 μένων
2492 3417 2697 3480 τούτοις
2727 3418 2896 3472 ἐστίν.
2955 3418 3013 3470 '0
3055 3416 3112 3470 δὲ
3151 3417 3302 3481 Θεὸς,
3337 3417 3397 3469 οὐ
3441 3415 3549 3468 τῶν
3594 3417 3750 3482 πρός
3795 3432 3850 3469 τι

2270 3511 2454 3565 ἐστίν·
2502 3511 2563 3563 ού
2614 3511 2722 3582 γὰρ
2769 3509 2880 3580 ἔχει
2931 3527 2985 3562 τι
3029 3509 3262 3564 καθόλου
3327 3507 3844 3578 συνεπινοούμενον.

2270 3601 2439 3671 Εἴπερ
2472 3597 2564 3654 οὖν
2591 3601 2698 3671 ἄρα
2740 3600 3072 3672 κληρονομία
3101 3601 3210 3652 τῶν
3248 3599 3412 3664 ἀξίων
3444 3599 3604 3663 αὑτός
3632 3601 3784 3652 ἐστιν
3821 3601 3851 3652 ό

2271 3692 2425 3756 Θεὸς,
2459 3693 2599 3760 ὑπὲρ
2631 3693 2838 3755 πάντας
2865 3691 3077 3754 αἰῶνας.
3101 3692 3198 3744 καὶ
3224 3691 3448 3762 χρόνους
3480 3691 3575 3743 καί
3595 3691 3800 3754 τόπους
3821 3690 3849 3742 ό

2269 3783 2475 3853 ταύτης
2509 3783 2830 3852 ἀξιούμενος
2871 3783 2973 3849 τῆς
3022 3783 3244 3853 χάριτος
3286 3782 3460 3845 ἔσται,
3499 3782 3665 3833 τόπον
3705 3781 3855 3850 ἔχων,

2272 3875 2432 3929 αὐτὸν
2469 3875 2560 3928 τὸν
2583 3875 2738 3940 Θεὸν,
2786 3876 2930 3929 κατὰ
2958 3875 3018 3928 τὸ
3041 3874 3424 3945 γεγραμμένον
3450 3890 3464 3903 ·
3509 3875 3561 3926 Γ
3563 3873 3706 3926 ει·οῦ
3748 3889 3850 3941 μοι

2270 3971 2357 4031 εις
2399 3965 2547 4020 Θεὸν
2587 3967 3075 4034 ὑπερασπιστὴν,
3118 3967 3216 4020 καὶ
3253 3969 3340 4030 εἰς
3367 3967 3554 4035 τόπον
3597 3965 3845 4034 ὀχυρόν,

2271 4057 2378 4111 τοῦ
2415 4057 2616 4112 σῶσαι
2640 4075 2737 4127 με.

2344 4151 2440 4216 ξθ’.
2505 4149 2578 4201 Τὸ
2629 4149 2782 4214 τέλος
2827 4150 2977 4202 οὐδὲν
3025 4150 3086 4203 τὸ
3139 4150 3402 4220 παράπαν
3449 4149 3692 4218 ἐμφερὲς
3737 4147 3849 4217 ἔχει

2275 4242 2566 4312 μεσότητι’
2600 4241 2870 4292 ὲπεὶοὺδὲ
2905 4241 3081 4304 τέλος.
3109 4242 3361 4310 Μεσότης
3389 4240 3445 4292 δέ
3487 4241 3627 4305 ἐστι,
3668 4240 3855 4302 πάντα,

2269 4334 2339 4386 τὰ
2373 4332 2512 4402 μετὰ
2556 4332 2656 4403 τὴν
2706 4333 2879 4403 ἀρχὴν
2923 4333 3152 4386 κατόπιν
3197 4333 3326 4386 ὄντα
3364 4331 3457 4384 τοῦ
3511 4329 3726 4392 τέλους.
3787 4329 3847 4381 Ei

2273 4423 2451 4476 τοίνυν
2473 4423 2675 4485 πάντες
2713 4425 2761 4476 οί
2799 4423 2988 4486 αἰῶνες
3032 4424 3129 4477 καὶ
3157 4425 3207 4476 οἱ
3251 4423 3432 4492 χρόνοι
3460 4421 3556 4473 καὶ
3594 4421 3648 4472 οἱ
3693 4421 3848 4472 τόποι

593 4529 720 4568 cum
749 4512 1008 4567 omnibus
1035 4528 1158 4582 qua:
1187 4528 1296 4566 una
1327 4527 1455 4567 cum
1489 4511 1572 4566 eis
1603 4510 2004 4580 intelliguntur,
2033 4509 2166 4564 illis-

2275 4516 2412 4586 μετὰ
2467 4514 2575 4568 τῶν
2605 4516 3106 4586 συνεπινοουμένων
3149 4517 3332 4580 αὐτοῖς
3375 4516 3651 4576 ἁπάντων,
3714 4512 3849 4583 μετὰ

593 4619 703 4673 que
737 4611 1148 4672 comparantur,
1177 4613 1303 4658 sunt
1339 4602 1640 4664 secundum
1675 4603 1868 4666 Deum,
1891 4600 1983 4670 qui
2017 4601 2170 4671 prin-

592 4692 810 4764 cipium.
835 4693 908 4748 sit
938 4693 1195 4770 principii
1231 4710 1445 4766 expers,
1475 4692 1949 4762 remotissimeque
1981 4692 2050 4746 ab
2082 4708 2171 4758 eo,

593 4795 655 4840 ut
684 4785 754 4840 ab
787 4785 1002 4842 inﬁnito
1034 4787 1161 4850 line,
1192 4797 1530 4856 sequuntur;
1568 4787 1728 4856 plane
1760 4801 1791 4838 a
1823 4784 2005 4839 medio
2032 4785 2171 4839 nihil

591 4876 860 4942 dili‘ernnt
898 4895 912 4931 :
953 4893 1188 4948 cumque
1225 4877 1363 4931 adeo
1397 4876 1541 4930 Deus
1574 4875 1698 4929 linis
1731 4875 2032 4930 electorum
2069 4876 2170 4942 sit,

591 4967 738 5024 nulla
764 4967 930 5023 medii
956 4967 1094 5022 ratio
1117 4968 1198 5022 eis
1218 4982 1402 5036 comes
1426 4966 1777 5036 intelligetur,
1797 4964 1890 5036 qui
1913 4979 2168 5036 supremo

593 5058 689 5114 ﬁni
713 5058 917 5130 similes
939 5059 1270 5113 exstiterint.
2137 5041 2140 5044 i

661 5175 782 5218 ιι-ιι
803 5175 873 5231 lll
901 5175 1061 5231 Esdr.
1083 5192 1155 5241 ιν,
1179 5176 1364 5230 55.59..
1439 5176 1484 5207 ιι
1507 5176 1650 5236 Psal.
1681 5191 1801 5243 ω,
1827 5177 1882 5234 5.

2269 4607 2360 4660 τὸν
2386 4606 2518 4659 Θεόν
2541 4607 2698 4673 εἰσιν,
2729 4607 2904 4678 ἀρχὴν
2932 4609 3167 4677 ἄναρχον
3196 4608 3325 4660 ὄντα
3343 4621 3356 4638 ’
3401 4605 3493 4658 καὶ
3514 4605 3589 4666 ὡς
3613 4603 3846 4673 ἀπείρου

2269 4696 2459 4759 τέλους
2510 4695 2676 4749 αὑτοῦ
2727 4696 2863 4750 πολὺ
2903 4697 3136 4751 κατόπιν
3167 4696 3494 4767 ὑπάρχουσι,
3545 4694 3850 4764 μεσότητος

2270 4789 2420 4842 οὐδὲν
2455 4788 2812 4858 διαφέρουσι·
2860 4789 3013 4852 τέλος
3049 4788 3104 4841 δὲ
3140 4789 3247 4842 τῶν
3293 4786 3614 4857 σωζομένων
3650 4785 3799 4838 ἐστὶν
3821 4783 3858 4856 ὁ,

2271 4880 2423 4945 Θεὸς,
2479 4879 2632 4933 οὐδὲν
2689 4879 2841 4934 ἔσται
2885 4880 3184 4951 μεσότητος
3240 4881 3383 4934 κατὰ
3427 4879 3489 4932 τὸ
3545 4877 3850 4949 ἀκρότατον

2274 4972 2428 5033 τέλος
2503 4971 2818 5042 γενομένοις
2901 4973 3012 5034 τοῖς
3095 4969 3426 5040 σωζομένοις
3511 4963 3848 5035 συνθεωρούο

2280 5079 2458 5135 μενον.

661 5295 680 5314 ’
703 5294 871 5364 Marg.
919 5294 1010 5348 Fr.
1055 5294 1148 5347 τοὺ
1201 5294 1306 5364 πρὸ
1351 5295 1543 5349 τούτου
1605 5296 1902 5365 κεφαλαίου
1955 5297 2165 5367 σχόλιον
2201 5299 2390 5359 ὥσπερ
2421 5299 2782 5368 σαφέστατον,
2816 5298 3062 5352 τουτέστι
3089 5297 3150 5351 τὸ
3176 5298 3491 5367 κεφάλαιον.

665 5407 727 5476 (l)
781 5407 972 5461 Δεῖται
1030 5409 1316 5480 σταυροῦ.
1350 5408 1515 5480 ὃιιηι
1564 5409 1680 5464 haec
1737 5409 2000 5465 altissime
2054 5426 2169 5480 my-

594 5477 760 5556 stica;
807 5485 862 5530 et
893 5493 1014 5556 qugc
1042 5487 1241 5556 auctor
1274 5478 1620 5556 Scholiorum
1669 5480 1790 5556 rite
1817 5489 2024 5556 monet,
2059 5477 2169 5556 cla-

595 5547 875 5618 rissimum
906 5547 1326 5618 scholiumesse
1346 5549 1646 5618 superioris
1673 5550 1889 5618 capitis.
1921 5551 1978 5603 ln
2006 5551 2168 5604 nobis

593 5615 950 5695 crqubristi
967 5616 1297 5698 mysterium
1337 5615 1839 5698 expriininltts,qui
1882 5628 1936 5698 et
1976 5635 2170 5676 sensus

594 5688 745 5766 omni
771 5688 1077 5766 operationi
1107 5688 1426 5766 moriamur,
1454 5689 1732 5766 ipsiusque
1758 5690 1957 5766 mentis
1978 5703 2144 5766 opera

597 5758 766 5806 tionis
800 5758 1104 5809 cessatione
1138 5772 1308 5809 unum
1354 5758 1592 5812 Verbum
1637 5774 1668 5811 a
1711 5759 1946 5812 mortuis
1978 5759 2170 5815 vivens

599 5821 921 5888 habeamus,
951 5822 1008 5878 in
1040 5839 1149 5895 quo
1177 5825 1359 5880 omnia
1393 5827 1532 5880 κατὰ
1559 5832 1924 5898 περιγραφήν,
1957 5829 2028 5883 ita
2059 5830 2168 5884 sci-

2276 5411 2404 5466 licet
2433 5421 2491 5464 nt
2521 5411 2696 5480 ipsum
2733 5410 2871 5464 nihil
2905 5425 3096 5465 eorum
3131 5411 3222 5473 sit,
3260 5425 3362 5464 nec
3397 5424 3521 5462 cum
3551 5407 3658 5480 ullo
3692 5405 3848 5460 habi-

2275 5481 2521 5534 tudinem
2543 5478 2784 5543 _hal)eat,
2817 5480 2910 5534 sed
2941 5481 3155 5534 cunctis
3188 5480 3446 5541 emineat,
3481 5478 3847 5544 omnibusque

2275 5551 2586 5605 absolutum
2618 5553 2866 5605 exsistat.
2901 5551 2997 5603 Est
3039 5564 3159 5619 cap.
3207 5550 3372 5603 Marci
3406 5565 3566 5619 νηπτ.
3597 5564 3661 5619 Ac.
3696 5545 3844 5619 quod

2274 5621 2451 5689 primo
2491 5622 2744 5682 latuerat,
2780 5621 2938 5690 longe
2971 5619 3080 5682 hic,
3105 5615 3274 5689 "quam
3308 5620 3361 5690 in
3397 5618 3560 5690 editis
3576 5615 3848 5690 Obsopmi

2275 5687 2360 5744 vel
2389 5691 2501 5760 Pici
2533 5687 2899 5754 emendatius,
2929 5687 3172 5760 exceptis
3196 5688 3386 5756 mevis,
3413 5687 3550 5758 quos
3573 5687 3846 5754 interpre-

2275 5770 2390 5815 tum
2425 5759 2697 5831 impcritia
2725 5760 2978 5830 aspersit.
