4140 6322
292 314 428 380 1109

1136 313 1473 374 CAPITUM
1510 309 1784 372 THEOL.
1827 307 1925 367 ET
1966 307 2203 368 (ECON.
2244 304 2641 367 CENTURIA
2674 303 2725 364 Ι.

3429 287 3591 352 1110'

359 436 425 486 θ’.
503 428 564 482 '0
616 429 726 493 πᾶς
776 428 983 499 κόσμος
1055 427 1152 500 (m)
1204 429 1359 493 ίδίοις
1417 426 1869 500 περιοριζόμενος
1899 430 1930 484 Α

2045 426 2132 481 70.
2158 423 2393 480 Mundus
2418 424 2601 479 omnis
2622 421 2735 476 suis
2756 416 3212 487 circumscriptus
3232 412 3566 480 rationibus,

291 521 470 591 λόγοις
495 522 595 592 (5),
624 523 716 575 καὶ
751 521 914 585 τόπος
946 521 1273 590 λέγεταικαὶ
1298 519 1454 585 αίὼν,
1486 520 1595 574 τῶν
1622 523 1680 574 ὲν
1726 518 1877 590 αὐτῷ

2011 532 2177 577 orum
2206 525 2323 570 tum
2358 515 2513 569 locus
2548 512 2878 583 appellatur,
2910 517 3028 563 tum
3062 506 3355 567 sacculum,
3381 502 3477 573 qui
3513 501 3565 557 in

293 613 663 684 διαιτωμένων
683 630 698 645 ο
728 614 968 684 τρόπους
987 611 1362 684 θεωρημάτων
1387 611 1526 683 ἔχων
1550 612 1691 665 κατά
1715 610 1879 679 φύσιν

2011 627 2098 681 ρεο
2129 610 2368 680 degunt;
2401 607 2814 670 convenientes,
2841 603 2903 658 in
2934 617 3002 657 eo
3035 599 3318 666 naturales
3352 597 3573 650 theore-

292 704 422 767 τοὺς
446 705 500 757 ἐν
520 702 671 774 αὐτῷ
700 683 1025 773 προσφυεῖς,
1062 683 1295 773 μερικὴν
1321 702 1656 772 κατανόησιν
1691 700 1878 764 αὐτοῖς

2011 709 2189 755 natum
2217 700 2410 754 modos
2435 697 2667 762 habens,
2693 694 2785 765 qui
2814 692 2913 764 Dei
2949 706 3116 761 super
3146 687 3331 746 omnia
3361 683 3573 739 intelli-

295 793 594 863 ἐμποιῆσαι
629 797 730 865 τῆς
759 793 854 847 ἐπὶ
887 793 1065 846 πάντα
1099 793 1294 862 σοφίας
1324 792 1420 846 τοῦ
1473 792 1610 846 Θεοῦ
1645 790 1881 860 δυναμέ-

306 901 451 947 νους⁴
484 878 564 947 οἷς
587 864 692 947 ἓως
711 885 951 957 χρῶνται
979 885 1120 955 πρὸς
1158 884 1513 955 κατανόησιν,
1548 884 1608 936 οὐ
1628 864 1883 937 δύνανται

298 975 419 1045 δίχα
491 976 784 1045 μεσότητος
842 972 984 1029 εἶναι
1037 976 1135 1029 καὶ
1190 976 1423 1046 μερικῆς
1496 972 1880 1046 καταλήψεως.

316 1068 538 1138 Ἐπειδὴ
575 1067 630 1119 δὲ
666 1067 812 1120 τὸέκ
850 1066 1054 1137 μέρους
1082 1065 1176 1120 τοῦ
1207 1066 1411 1119 τελείου
1460 1066 1721 1136 φανέντος
1751 1082 1885 1118 κατ-

303 1162 577 1230 αργεῖται,
613 1159 709 1211 καὶ
747 1157 816 1212 τὰ
852 1158 1096 1228 ἔσοπτρα
1144 1158 1322 1211 πάντα
1351 1158 1446 1210 καὶ
1483 1158 1550 1210 τὰ
1589 1156 1888 1226 αἰνίγματα

307 1250 697 1322 παρέρχονται,
734 1250 836 1320 τῆς
881 1251 1175 1321 πρόσωπον
1215 1248 1353 1320 πρὸς
1389 1249 1685 1319 πρόσωπον
1711 1265 1889 1319 παρα-

306 1343 601 1413 γινομένης
629 1342 907 1413 ἀληθείας,
938 1342 1079 1412 ὑπὲρ
1112 1341 1322 1405 πάντας
1344 1340 1499 1395 ἔσται
1534 1341 1777 1411 κόσμους
1796 1341 1892 1394 καὶ

310 1433 516 1496 αἰῶνας
556 1437 651 1486 καὶ
689 1436 908 1499 τόπους,
957 1427 1041 1496 οἷς
1072 1433 1213 1498 τέως
1239 1432 1315 1495 ὡς
1362 1434 1551 1502 νήπιος
1585 1433 1894 1503 ὲπαιδαγω-

314 1529 486 1596 γεῖτο,
505 1525 815 1589 τελειωθεὶς
848 1523 991 1579 κατά
1021 1524 1154 1578 Θεὸν
1178 1527 1207 1579 6
1244 1523 1575 1596 σωζόμενος.

386 1717 483 1765 οα’.
524 1710 585 1763 '0
616 1710 869 1772 Πιλάτος,
886 1707 980 1762 τοῦ
1006 1708 1151 1762 κατά
1184 1707 1347 1778 φύσιν
1375 1709 1539 1780 νόμου
1558 1708 1727 1773 τύπος
1756 1708 1892 1763 ἐστί’

1981 792 2183 864 gentia:
2212 806 2433 847 sensum
2463 805 2529 844 ex
2559 796 2717 859 parte
2747 786 2830 841 eis
2860 780 3236 856 ingenerando
3267 779 3396 834 sint.
3420 777 3574 842 Quos

1984 881 2065 937 illi
2115 882 2361 952 quandiu
2410 880 2479 934 ad
2535 876 2955 949 intelligendum
3016 873 3317 935 adhibent,
3364 868 3574 936 absque

1986 974 2198 1038 medio,
2230 988 2407 1042 eaque
2446 968 2943 1041 comprehensione
2982 980 3106 1036 quae
3147 979 3214 1018 ex
3257 967 3412 1031 parte
3457 966 3574 1021 est,

1987 1082 2108 1124 esse
2138 1082 2247 1122 non
2274 1073 2525 1136 possunt.
2553 1062 2710 1130 Quod
2735 1077 2868 1116 vero
2898 1059 2977 1125 id,
3005 1056 3153 1128 quod
3185 1071 3252 1110 ex
3282 1059 3439 1124 parte
3468 1059 3574 1107 est.

1989 1174 2116 1215 cum
2144 1154 2468 1227 apparuerit
2495 1153 2645 1224 quod
2681 1151 2986 1223 perfectum
3015 1147 3182 1219 5.76
3209 1152 3315 1207 est,
3342 1156 3576 1197 evacua—

1994 1252 2172 1315 bitur,
2205 1258 2513 1316 cunctaque
2551 1244 2775 1315 specula
2812 1258 2875 1297 ac
2911 1240 3199 1309 aenigmata
3241 1233 3575 1294 transibunt,

1991 1340 2320 1399 adveniente
2370 1337 2605 1393 veritate
2655 1349 2776 1403 quae
2833 1341 2919 1387 est
2972 1329 3110 1384 facie
3162 1327 3230 1381 ad
3282 1323 3478 1379 faciem
3504 1322 3571 1387 ³⁵;

1992 1433 2219 1490 mundis
2257 1431 2516 1486 omnibus
2549 1436 2605 1482 et
2636 1424 2850 1481 saeculis
2880 1431 2937 1478 et
2963 1422 3121 1486 locis,
3152 1419 3357 1489 quibus
3389 1417 3580 1470 hacte—

1995 1542 2101 1582 nus
2140 1535 2401 1595 tanquam
2447 1520 2709 1592 parvulus
2751 1516 3145 1581 erudiebatur,
3182 1511 3434 1582 superior
3475 1508 3582 1563 erit

1996 1619 2207 1674 eiectus
2229 1614 2533 1672 secundum
2559 1613 2735 1667 Deum
2766 1616 3206 1665 consummatus.

2069 1709 2157 1764 7i.
2187 1707 2419 1770 Pilatus,
2444 1705 2582 1775 legis
2608 1712 2821 1758 naturae
2845 1700 3018 1772 ﬁgura
3043 1706 3157 1765 est;
3181 1696 3402 1767 scripta:
3425 1708 3580 1757 vero,

313 1800 408 1855 τοῦ
447 1800 511 1867 ,δὲ
558 1767 1045 1872 γραπτοῦ-νόμου,
1079 1799 1140 1853 τὸ
1179 1767 1388 1870 πλῆθος
1431 1767 1541 1854 τῶν
1600 1767 1892 1853 Ἰουδαίων.
1925 1770 1930 1822 λ

2011 1799 2157 1870 plebs
2184 1767 2528 1853 Judseorum:
2548 1794 2810 1864 Quisquis
2840 1767 3010 1862 igitur
3040 1791 3145 1845 fide
3176 1790 3347 1844 fultus
3378 1787 3584 1858 duplici

328 1893 388 1945 Ὀ
421 1893 600 1945 τοίνυν
629 1891 771 1945 κατά
805 1891 987 1945 πίστιν
1035 1892 1178 1963 ὑπὲρ
1213 1892 1342 1955 τοὺς
1369 1891 1465 1946 δύο
1498 1892 1573 1963 μὴ
1599 1892 1897 1962 γενόμενος

319 1981 540 2057 νόμους,
578 1986 641 2038 οὐ
678 1985 903 2040 δύναται
946 1984 1202 2053 δέξασθαι
1247 1984 1347 2057 τὴν
1399 1986 1543 2057 ὑπὲρ
1595 1985 1759 2056 φύσιν
1807 1986 1903 2040 καὶ

320 2076 477 2147 λόγον
517 2077 801 2149 ἀλήθειαν⁸
852 2076 987 2133 ἀλλά
1017 2080 1244 2150 σταυροῖ
1294 2079 1522 2143 πάντως,
1562 2080 1655 2133 τὸν
1698 2080 1898 2148 Λόγον*

322 2168 357 2238 ἢ
401 2169 479 2232 ὡς
526 2170 792 2235 Ἰουδαῖος,
854 2171 1179 2225 σκάνδαλον·
1235 2169 1268 2242 ἢ
1307 2170 1383 2235 ὡς
1423 2170 1646 2240 Ἕλλην,
1689 2171 1904 2243 μωρίαν

324 2259 459 2330 ἡγοῦ
469 2277 627 2330 μενος
647 2261 708 2313 τὸ
733 2260 1088 2329 Εὐαγγέλιον.
1806 2256 1807 2259 “

395 2346 495 2417 οβ’.
551 2348 718 2402 Ὅταν
765 2348 883 2420 ἴδῃς
939 2348 1188 2418 Ἡρώδην
1235 2350 1331 2402 καὶ
1371 2349 1607 2403 Πιλάτον
1649 2349 1905 2421 ἀλλήλοις

327 2438 675 2507 φιλιάζοντας
710 2440 800 2492 ἐπὶ
829 2441 894 2511 τῇ
933 2439 1217 2512 ἀναιρέσει
1253 2440 1348 2494 τοῦ
1402 2440 1599 2511 Ἰησοῦ,
1631 2441 1754 2493 τότε
1795 2441 1906 2495 νόει

326 2528 425 2597 τὴν
443 2528 522 2590 είς
555 2528 615 2581 τὸ
638 2528 770 2581 αὐτὸ
798 2530 1107 2601 συνδρομήν
1129 2547 1144 2560 ·
1174 2528 1269 2583 τοῦ
1299 2547 1358 2583 τε
1388 2531 1489 2600 τῆς
1532 2530 1786 2602 πορνείας
1813 2532 1908 2586 καὶ

331 2618 428 2690 τῆς
483 2616 794 2683 κενοδοξίας
841 2619 1128 2690 δαίμονος,
1187 2621 1280 2674 ἐπὶ
1325 2620 1404 2692 τῷ
1454 2620 1765 2676 θανατῶσαι
1815 2621 1908 2675 τὸν

328 2709 486 2780 λόγον
508 2710 609 2781 τῆς
645 2712 847 2782 ἀρετῆς
872 2713 969 2765 καὶ
997 2713 1098 2783 τῆς
1118 2711 1373 2781 γνώσεως
1406 2713 1654 2785 ἀλλήλοις
1680 2730 1908 2783 συμφω-

332 2802 592 2857 νούντων.
629 2803 691 2854 Ὅ
729 2804 827 2872 μὲν
857 2802 965 2873 γάρ
1010 2802 1289 2869 κενόδοξος
1331 2803 1563 2875 δαίμων,
1606 2822 1908 2875 πνευματια

332 2895 435 2963 κὴν
467 2892 672 2962 γνῶσιν
696 2895 1145 2967 ὑποκρινόμενος,
1178 2896 1544 2967 παραπέμπει
1578 2897 1657 2968 τῷ
1695 2898 1909 2969 δαίμονι

329 2985 431 3055 τῆς
465 2985 723 3054 πορνείας
746 2988 815 3062 '_6
848 2986 906 3038 δὲ
937 2988 1035 3058 τῆς
1082 2987 1339 3058 πορνείας
1385 2987 1513 3041 καθ’
1553 2988 1908 3061 ὑποχώρησιν

2002 1893 2093 1948 illa
2122 1893 2243 1962 lege
2273 1889 2527 1961 superior
2553 1903 2665 1942 non
2695 1887 2956 1949 evaserit,
2982 1884 3275 1938 veritatem
3305 1891 3500 1936 natura
3526 1896 3589 1935 ac

2003 1998 2257 2040 sermone
2318 1979 2658 2051 superiorem
2723 1977 2969 2048 recipere
3008 1991 3141 2030 non
3206 1981 3427 2044 potest;
3492 1970 3588 2026 sed

2003 2077 2230 2133 omnino
2281 2073 2525 2129 Verbum
2577 2069 2892 2141 eruciliget;
2953 2067 3049 2138 qui
3109 2067 3199 2121 vel
3244 2074 3306 2120 ut
3359 2064 3586 2120 Judtcus

2004 2168 2358 2233 scandalum,
2385 2166 2474 2221 vel
2516 2172 2577 2223 ut
2610 2162 2834 2218 Graecus
2890 2159 3177 2218 stultitiam
3234 2157 3591 2229 Evangelium

2006 2259 2281 2316 existimet
2305 2257 2373 2311 “.

2075 2350 2167 2406 72.
2192 2348 2330 2404 Cum
2364 2345 2638 2400 Herodem
2675 2352 2841 2413 atque
2870 2343 3110 2398 Pilatum
3144 2341 3442 2396 amicitiam
3467 2339 3594 2410 jun-

2006 2455 2136 2513 gere
2163 2437 2230 2493 ad
2262 2434 2690 2492 interimendum
2718 2434 2904 2489 Jesum
2929 2432 3158 2496 videris,
3188 2440 3370 2486 tecum
3401 2436 3594 2498 reputa

2009 2533 2069 2587 in
2101 2545 2270 2585 unum
2304 2540 2633 2583 concurrere
2664 2523 3049 2579 fornicationis
3085 2522 3375 2591 inanisque
3409 2520 3597 2591 gloria:

2011 2624 2342 2685 daemonem,
2377 2619 2581 2690 junctis
2617 2617 2762 2671 inter
2794 2632 2852 2671 se
2889 2614 3155 2680 consiliis,
3184 2620 3247 2668 ut
3278 2610 3501 2666 virtutis
3535 2625 3598 2666 ac

2010 2714 2257 2773 scientiae
2305 2725 2614 2767 sermonem
2661 2708 2956 2779 perimant.
2999 2706 3135 2762 Nam
3184 2704 3367 2759 inanis
3411 2703 3598 2775 gloria:

2012 2808 2247 2871 daemon,
2278 2804 2579 2876 spiritalem
2614 2801 2903 2857 scientiam
2937 2799 3224 2863 simulans,
3257 2796 3325 2851 ad
3358 2795 3598 2850 fornica-

2013 2898 2180 2954 tionis
2206 2898 2507 2952 dtemonem
2536 2892 2893 2957 transmittit;
2927 2890 3252 2959 dtemonque
3283 2883 3600 2942 fornicatio-

2012 2991 2098 3045 nis
2146 2988 2231 3044 sui
2277 2985 2643 3042 subductione
2687 2983 2958 3052 tantisper
3001 2980 3296 3051 puritatem
3342 2977 3601 3035 simulato

330 3076 683 3146 καθαρότητα
718 3078 1206 3149 προσποιούμενος,
1240 3081 1557 3151 ἀναπέμπει
1594 3081 1671 3151 τῷ
1698 3081 1910 3151 δαίμονι

2015 3081 2322 3145 mentiens,
2352 3078 2419 3133 ad
2453 3078 2634 3133 inanis
2666 3075 2852 3148 gloriae
2885 3074 3189 3130 daamonem
3224 3070 3476 3127 remittit.
3510 3068 3601 3125 ld-

330 3163 434 3234 τῆς
470 3164 796 3232 κενοδοξίας.
847 3166 940 3221 Διὸ
974 3209 988 3233 ,
1030 3168 1324 3238 Λαμπρὰν
1356 3171 1615 3239 περιθεὶς
1656 3172 1906 3240 ἐσθῆτα,

333 3260 500 3329 φησιν
526 3298 542 3325 ,
606 3263 640 3315 ό
728 3261 1017 3331 Ἡρώδης,
1103 3263 1415 3335 ἀνέπεμψε
1483 3267 1721 3333 Πιλάτφ
1804 3268 1911 3322 τὸν

344 3351 598 3419 Ἰησοῦν.

401 3449 504 3514 ογ’.
531 3445 712 3500 Καλὸν
750 3447 826 3520 μὴ
856 3449 1158 3518 συγχωρεῖν
1181 3452 1346 3523 σαρκὶ
1380 3453 1472 3505 καὶ
1510 3452 1708 3507 πάθεσι
1745 3471 1913 3524 προσ-

335 3537 551 3608 ανέχειν
598 3538 688 3592 τὸν
733 3538 876 3595 νοῦν.
931 3544 1014 3595 Οὐ
1046 3541 1157 3612 γὰρ
1197 3545 1590 3614 συλλέγουσι,
1619 3548 1804 3618 φησὶν,
1833 3548 1905 3612 ἐξ

333 3628 612 3684 ἀκανθῶν
663 3631 859 3685 σῦκα·
912 3634 1224 3701 τουτέστιν,
1277 3637 1342 3689 ὲκ
1393 3637 1616 3704 παθῶν,
1673 3639 1907 3709 ἀρετήν⁸

337 3719 477 3776 οὔτε
495 3722 562 3775 ἐκ
581 3721 779 3787 ,ϐάτου
804 3726 1132 3795 σταφυλήν
1152 3742 1167 3757 ο
1206 3727 1507 3794 τουτέστιν,
1538 3732 1602 3782 ὲκ
1646 3731 1746 3801 τῆς
1776 3747 1911 3801 σαρ-

338 3811 450 3877 κὸς,
478 3812 578 3884 τὴν
604 3815 1006 3883 εὐφραίνουσαν
1036 3817 1259 3886 γνῶσιν.

408 3903 498 3958 οδ’.
530 3904 628 3958 Διά
657 3904 757 3976 τῆς
788 3908 1069 3978 ὑπομονῆς
1113 3908 1220 3962 τῶν
1253 3910 1579 3981 πειρασμῶν
1616 3912 1913 3983 δοκιμαζό-

341 4014 501 4067 μενος
534 4000 563 4051 ὁ
595 3999 863 4071 ἀσκητὴς,
893 4003 991 4055 καὶ
1014 4001 1104 4055 διὰ
1132 4002 1231 4072 τῆς
1279 4005 1598 4074 σωματικῆς
1639 4006 1916 4074 παιδαγω-

335 4085 462 4156 γίας
493 4088 905 4162 καθαιρόμενος,
938 4093 1033 4149 καὶ
1058 4094 1145 4148 διά
1178 4094 1277 4166 τῆς
1299 4095 1614 4165 ἐπιμελείας
1641 4096 1750 4150 τῶν
1783 4097 1918 4170 ὑψη-

337 4180 446 4234 λῶν
479 4180 848 4253 θεωρημάτων
886 4185 1282 4257 τελειούμενος,
1335 4187 1580 4252 ἀξιοῦται
1630 4189 1731 4260 τῆς
1765 4190 1919 4256 θείας

341 4274 759 4346 παρακλήσεως.
785 4277 1000 4345 Κύριος
1020 4278 1152 4349 γάρ,
1169 4278 1334 4349 φησὶν
1361 4281 1389 4333 6
1408 4280 1668 4352 Μωῦσῆς,
1688 4282 1757 4337 ἐκ
1774 4281 1921 4339 Σινᾶ

338 4363 474 4432 ἥκει
504 4382 517 4396 ·
570 4369 869 4434 τουτέστιν,
899 4370 963 4422 ὲκ
987 4370 1095 4426 τῶν
1123 4372 1446 4444 πειρασμῶν
1476 4393 1488 4405 ·
1517 4376 1614 4428 καὶ
1651 4375 1921 4446 ἐπεφάνη

409 4522 499 4577 ⁸⁵1
526 4522 652 4579 Cor.
675 4540 793 4591 ιιιιι,
821 4523 1004 4581 10-15.
1082 4526 1171 4582 ³⁸1
1194 4526 1325 4584 Cor.
1349 4544 1388 4595 ι,
1411 4529 1503 4583 25.
1581 4531 1622 4563 ⁸⁷
1650 4531 1781 4589 Luc.
1827 4548 1975 4599 xxm,
2000 4532 2089 4587 ll.

2016 3172 2166 3229 circo
2212 3168 2290 3224 ait
2334 3186 2346 3222 :
2393 3166 2648 3223 Indutum
2689 3173 2827 3221 veste
2872 3163 3101 3218 candida
3147 3161 3381 3217 Herodes
3422 3159 3601 3214 Iesum

2017 3262 2217 3317 remisit
2243 3258 2313 3314 ad
2342 3258 2581 3314 Pilatum
2605 3258 2669 3310 ⁸⁷.

2087 3460 2176 3515 '75.
2224 3458 2484 3522 Prastat,
2529 3468 2598 3510 ne
2653 3452 2809 3508 carni
2863 3449 3261 3519 atl'ectibusque
3314 3464 3411 3503 seu
3453 3445 3605 3500 vitiis

2019 3549 2265 3604 animum
2308 3544 2678 3602 attendamus.
2712 3541 2831 3596 Non
2870 3542 3010 3595 enim
3062 3538 3315 3610 colligunt
3345 3538 3406 3591 de
3438 3537 3602 3607 spinis

2018 3644 2179 3714 ﬁcus,
2208 3640 2389 3710 inquit
2422 3638 2552 3711 (hoc
2582 3646 2696 3702 cst,
2723 3650 2790 3690 ex
2824 3634 3112 3688 affectibus
3144 3631 3401 3701 vitiisque
3434 3631 3606 3685 virtu—

2022 3734 2178 3805 tem),
2223 3749 2315 3787 nec
2353 3747 2416 3785 ea:
2460 3730 2587 3783 rubo
2630 3744 2787 3782 uvam
2812 3724 2885 3791 ⁸⁸;
2920 3740 3119 3795 nempe
3148 3739 3217 3780 ex
3259 3738 3448 3788 carne,
3485 3738 3605 3794 qua:

2021 3826 2265 3883 laetitiam
2292 3832 2536 3895 przestet,
2562 3818 2846 3875 scientiam
2868 3819 2932 3871 δ’.

2097 3921 2184 3975 74.
2231 3914 2584 3973 Sustinendis
2633 3910 3033 3967 tentationibus
3089 3917 3273 3964 asceta
3322 3907 3607 3980 (exercens

2025 4009 2239 4066 scilicet
2271 4007 2338 4062 ad
2374 4002 2657 4077 pietatem)
2694 4004 2990 4079 probatus,
3023 3999 3404 4070 corporalique
3438 3997 3606 4052 disci-

2026 4099 2175 4170 plina
2216 4096 2544 4162 mundatus,
2577 4109 2643 4149 ac
2685 4100 2892 4151 attenta
2933 4089 3252 4145 sublimium
3295 4088 3605 4143 theorema-

2028 4202 2145 4248 tum
2169 4189 2455 4260 diligentia
2483 4201 2726 4257 curaque
2750 4189 3182 4248 consummatus,
3212 4179 3452 4235 divinam
3478 4194 3607 4233 con-

2028 4284 2278 4355 sequitur
2309 4280 2762 4338 consolationem.
2794 4277 3051 4332 Dominus
3083 4276 3254 4341 enim,
3277 4273 3352 4328 ait
3374 4273 3604 4343 Moyses,

2030 4394 2093 4433 ex
2128 4374 2260 4431 Sina
2292 4376 2433 4430 venit
2468 4372 2597 4444 (hoc
2628 4381 2745 4437 cst,
2777 4385 2845 4426 cx
2879 4366 3277 4424 tentationibus
3309 4365 3605 4421 malorum-

2168 4529 2216 4563 ³⁸
2238 4529 2431 4584 Matth.
2455 4543 2554 4593 vn,
2580 4526 2667 4582 16.
2745 4524 2792 4557 ³⁸
2816 4524 2960 4580 Psal.
2988 4539 3100 4591 cm,
3131 4522 3217 4577 15.

412 4680 509 4752 (ιη)
555 4679 619 4758 ςΟ
666 4679 785 4758 sui;
817 4682 1066 4758 κόσμος.
1115 4684 1282 4758 Quod!
1325 4694 1520 4742 auctor
1563 4687 1913 4745 Scholiorum
1944 4693 1990 4748 D
2016 4691 2073 4745 in
2090 4689 2206 4746 suis
2227 4689 2615 4745 Antirrheticis
2646 4687 2863 4758 probat,
2898 4683 3274 4758 contrariique
3307 4690 3610 4758 asset-teres

337 4752 456 4823 lucc
486 4751 661 4823 palam
689 4751 951 4823 adversus
983 4751 1371 4811 lconomachos
1394 4758 1613 4823 asserit,
1642 4775 1751 4814 non
1782 4762 1916 4815 satis
2019 4761 2246 4822 erroris,
2295 4762 2619 4816 Docetarum
2646 4751 2762 4813 'seu
2807 4756 3312 4811 Phantasiastarum
3339 4760 3396 4807 et
3426 4753 3607 4811 Mani-

337 4820 501 4904 video
524 4821 674 4904 unde
706 4821 906 4904 li‘abeat
934 4840 947 4877 :
980 4840 1103 4878 cum
1135 4825 1368 4904 Maximo
1414 4820 1608 4881 solum
1634 4844 1819 4884 sermo
1845 4831 1918 4885 sit

340 4892 538 4971 de_Dei
570 4892 883 4971 cognitione
905 4909 972 4948 ex
1000 4895 1597 4971 parte_et_aenigma_ti_ca
1622 4914 1686 4953 ac
1716 4900 1768 4954 in
1794 4915 1919 4971 spe-

339 4964 553 5043 culo_e_x
582 4962 887 5043 creaturis;
916 4962 1038 5043 quae
1063 4964 1202 5043 nihil
1237 4962 1426 5043 facere
1450 4968 1668 5043 videtur
1694 4978 1753 5023 ut
1773 4962 1920 5025 Deus

339 5048 369 5113 ξι
396 5031 572 5113 ιιουίεο
591 5031 1103 5113 imaginibuspingi
1134 5035 1342 5113 possit;
1372 5035 1478 5090 nisi
1518 5037 1659 5113 forte
1686 5039 1833 5107 quod
1859 5056 1920 5096 se

341 5101 573 5187 ipse_ta|i
604 5101 1094 5187 formavisen’dum
1120 5101 1371 5160 exhibuit
1399 5122 1412 5159 :
1441 5107 1588 5187 quod
1620 5101 1798 5177 ipsum
1826 5125 1923 5165 na-

342 5172 580 5253 turalem
624 5172 830 5253 Dei‘in
878 5174 1047 5253 rebus
1101 5172 1656 5253 reprresentationem'
1684 5179 1921 5234 excedit.

340 5241 477 5306 lmo,
509 5241 673 5295 etiam
701 5250 866 5323 atque
892 5244 1057 5323 etiam
1083 5241 1238 5300 cavet
1264 5245 1484 5323 divinus
1510 5262 1714 5323 sermo,
1741 5264 1810 5303 ne
1832 5250 1922 5305 cui

343 5326 535 5365 rerum
569 5312 856 5365 sensilium
891 5313 1139 5368 divinum
1179 5330 1385 5371 numen
1419 5316 1596 5371 simile
1637 5318 1921 5374 existime-

344 5396 487 5462 ιιιιιε,
523 5389 618 5434 aut
664 5381 961 5462 simulacro
990 5382 1357 5462 elliugendum
1403 5396 1693 5456 putemus;
1728 5389 1824 5443 sed
1851 5404 1919 5444 ex

342 5450 455 5503 illis
498 5464 801 5533 eorumque
826 5450 1153 5533 rationibus
1199 5463 1257 5510 et
1290 5450 1688 5533 theorematis.
1716 5458 1782 5533 ad
1815 5459 1919 5514 ali—

344 5533 510 5601 quam
536 5527 659 5601 ejus
690 5530 875 5576 mente
906 5538 1255 5601 assurgamus
1286 5527 1658 5601 cognitionem
1696 5545 1710 5582 ε
1748 5529 1918 5598 ipsam

343 5595 607 5673 nimirum
631 5605 753 5673 qum
780 5606 848 5646 ex
877 5602 1031 5673 parte
1056 5602 1160 5649 est.
1191 5595 1267 5651 De
1295 5595 1535 5673 Christo,
1561 5598 1656 5668 qui
1691 5595 1922 5673 corpore

346 5659 602 5743 pingatur
628 5659 1068 5743 et‘humanitate,
1095 5677 1202 5743 qua
1228 5680 1356 5743 vere
1387 5659 1760 5743 περίγρἀπτος
1777 5659 1923 5743 [alia

351 5684 602 5740 [nugatur
628 5684 685 5714 ct
711 5684 1068 5729 Humanitate,
1095 5684 1202 5733 qua
1228 5684 1356 5720 vere
1387 5685 1454 5721 πε
1499 5684 1760 5737 ιγραπτος
1777 5708 1791 5733 ,
1816 5684 1922 5723 ana

351 5736 493 5787 ratio
518 5736 623 5799 est,
654 5736 715 5783 ut
748 5732 994 5789 omnium
1030 5734 1236 5804 optimc
1276 5684 1570 5807 Niccpﬁor.
1609 5738 1922 5809 patriarcha

2020 4831 2297 4887 chworum
2322 4828 2408 4901 (ac
2430 4829 2478 4901 si
2502 4830 2596 4899 qui
2623 4826 2911 4901 inACbris‘ti
2938 4826 3185 4879 doctrina
3209 4833 3273 4901 e_t_
3303 4823 3609 4901 teconognia

2023 4902 2131 4955 ἀπὸ
2159 4901 2268 4954 τῶν
2320 4891 2585 4968 αἱρέσεων
2616 4896 2810 4967 primis
2855 4897 2966 4968 jam
3019 4892 3365 4964 temporibus
3408 4891 3601 4946 audie-

2024 4973 2176 5036 runt)
2211 4971 2459 5025 sobolem
2485 4968 2746 5024 ostendit.

2099 5031 2177 5112 (η)
2224 5042 2320 5112 Ἐκ
2348 5037 2497 5112 Σινᾷ
2534 5038 2687 5106 ἣκει.
2734 5036 2877 5102 Quin
2908 5033 3216 5112 respexerit
3247 5031 3521 5112 Maximus
3549 5031 3613 5084 in

2026 5101 2208 5168 tribus
2242 5110 2330 5165 his
2354 5101 2605 5173 vocibus,
2630 5101 2819 5164 earum
2854 5101 3125 5175 etyufum,
3154 5103 3308 5173 juxta
3333 5101 3607 5169 vulgatam

2030 5180 2159 5235 olim
2182 5181 2466 5235 nominum
2483 5178 2879 5233 Hebraicorum
2894 5172 3315 5242 expositiOnem,
3336 5176 3420 5225 vel
3444 5186 3605 5292 quam

2030 5251 2145 5292 inca
2178 5250 2281 5292 eihi
2327 5265 2392 5292 ριν
2435 5247 2720 5292 Hebraicis
2748 5245 3052 5292 nnnnbatur
3092 5243 3422 5292 exnrimere.
3478 5241 3605 5292 laud

2029 5251 2146 5312 ipse
2178 5250 2284 5306 sibi
2327 5265 2395 5305 ex
2435 5247 2720 5304 Hebraicis
2748 5241 3052 5301 conabatur
3092 5243 3422 5312 exprimere,
3460 5241 3606 5312 haud

2069 5321 2278 5375 ubium.
2316 5320 2393 5374 Ac
2421 5319 2569 5389 quod
2615 5335 2647 5371 a
2680 5312 3100 5389 Sina,_exponit_
3136 5311 3184 5389 α·
3212 5311 3603 5389 mutationibus,

2023 5406 2113 5446 res
2159 5400 2243 5446 est
2290 5380 2485 5453 faeilis,
2516 5403 2641 5443 cum
2688 5395 2744 5442 et
2770 5380 2951 5449 rubus,
2981 5391 3036 5454 et
3068 5382 3288 5454 Syriace
3323 5380 3605 5454 inimicitia

2024 5450 2526 5530 exponatur.rmtb,
2578 5459 2706 5530 odit.
2737 5465 2917 5530 manu,
2950 5450 3126 5507 adiuvi
3158 5469 3201 5530 _:
3249 5452 3407 5530 cujus
3447 5450 3604 5530 quasi

2025 5518 2264 5599 speciem
2290 5518 2724 5599 habettentatio
2751 5518 3126 5599 malorumque
3157 5518 3478 5593 impressio:
3500 5518 3605 5599 Ve:

2026 5589 2148 5682 rum
2187 5600 2413 5682 quidem
2464 5598 2613 5654 Siuai
2657 5596 2825 5682 scribi
2869 5611 2967 5682 per
2994 5589 3202 5682 ξιξιιοιι
3235 5589 3418 5682 ᾖξας
3450 5607 3474 5673 ,ε
3507 5589 3603 5644 sed

2026 5677 2155 5724 sunt
2187 5659 2381 5724 littera:
2408 5667 2821 5739 permutabiles.
2866 5659 3023 5732 Quod
3065 5664 3217 5728 item,
3248 5659 3341 5739 Ea:
3374 5659 3511 5722 Seir,
3542 5675 3606 5739 ex

2029 5733 2708 5796 comantibus-laboribus
2752 5736 3182 5807 interpretatur,
3226 5733 3433 5788 clarum
3483 5738 3604 5795 est,
