4140 6322
377 335 512 402 1113
1213 334 1550 396 CAPITUM
1585 333 1856 394 THEOL.
1898 334 1967 393 ΕἾ

2067 333 2274 394 ECON.
2315 334 2707 396 CENTURIA
2749 339 2802 398 Ι.
3509 335 3648 402 1114

376 453 517 523 ὑπὲρ
535 451 642 522 γὰρ
671 447 744 521 (ο)
779 451 880 521 τὴν
909 449 1288 521 μετρουμένην
1327 448 1423 503 τοῦ
1456 448 1650 518 χρόνου
1681 446 1948 518 περίοδον,

2067 447 2170 519 itit)
2199 455 2412 502 natura:
2441 457 2651 515 autem,
2681 451 2899 507 ratione
2924 452 3164 523 quinarii
3199 452 3418 528 (natura
3439 456 3649 527 quippe

322 557 331 569 ‘
373 547 406 612 ἠ
437 543 546 597 τῶν
573 541 777 612 νοητῶν
803 542 920 596 ἐστι
945 542 1188 610 γένεσις·
1249 541 1556 612 προνοητὴν
1601 540 1680 603 δὲ,
1725 538 1816 592 διὰ
1859 539 1954 592 τοῦ

2067 540 2312 610 quinaria
2354 550 2472 606 est,
2506 542 2579 597 ob
2609 558 2834 598 sensum
2867 546 3056 615 quinis
3091 548 3342 617 partibus
3375 548 3648 604 distribu-

371 632 546 687 δέκα·
579 633 668 688 διά
709 650 771 686 τε
801 633 902 705 τὴν
942 633 1054 688 τῶν
1098 632 1332 688 ἐντολῶν
1383 631 1546 702 ἁγίαν
1589 632 1811 697 δεκάδα,
1859 630 1957 702 τὴν

378 724 516 796 πρὸς
551 723 614 778 τὸ
655 720 716 780 εὖ
763 722 892 788 τοὺς
928 721 1249 795 ἀνθρώπους
1289 722 1614 792 ἐναγουσαν,
1655 724 1751 776 καὶ
1781 721 1872 776 διά
1894 720 1958 773 τὸ

377 816 567 870 τούτου
632 816 726 871 τοῦ
776 816 1108 889 γράμματος
1165 817 1446 886 μυστικῶς
1512 815 1792 886 ἀπῆρχθαι
1857 813 1959 884 τῆς

380 909 756 980 προσηγορίας
789 909 881 963 τὸν
915 909 1144 976 Κύριον,
1184 906 1347 980 ἡνίκα
1385 908 1609 978 γέγονεν
1648 908 1955 978 ἄνθρωπος.

381 1002 632 1071 Συνάψας
657 998 752 1056 οὖν
786 1000 878 1055 τὸν
905 1000 1087 1066 πέντε,
1121 1000 1327 1054 καὶτὸν
1358 995 1515 1066 ἑπτά,
1553 1000 1648 1052 καὶ
1681 999 1771 1052 τὸν
1793 995 1960 1063 ὀκτὼ,

382 1092 477 1148 καὶ
506 1092 597 1145 τὸν
629 1092 785 1158 δέκα,
833 1091 924 1144 τὸν
972 1090 1268 1163 τριάκοντα
1321 1090 1550 1163 πληροῖς
1595 1089 1852 1161 ἀριθμόν.
1901 1090 1960 1142 '0

379 1185 562 1237 τοίνυν
594 1184 670 1248 ὡς
699 1183 930 1256 ἀρχηγῷ
963 1184 1043 1254 τῷ
1069 1184 1262 1257 Κυρίῳ
1308 1183 1493 1245 καλῶς
1536 1183 1764 1237 ἔπεσθαι
1797 1182 1962 1249 γινώ-

383 1293 552 1339 σκων,
594 1277 696 1330 οὐκ
733 1278 993 1348 ἀγνοήσει
1038 1277 1128 1330 τδν
1161 1277 1341 1346 λόγον,
1389 1276 1513 1330 καθ’
1554 1276 1612 1330 δν
1661 1277 1754 1330 καὶ
1801 1274 1963 1338 αὐτὸς

382 1369 804 1440 τριακοντούτης
843 1370 1276 1442 ἀναφανήσεται,
1333 1367 1627 1440 κηρύττειν
1666 1368 1964 1438 δυνάμενος

380 1463 444 1516 τὺ
471 1461 806 1530 Εὐαγγέλιον
845 1462 946 1532 τῆς
995 1461 1294 1531 βασιλείας.
1327 1463 1456 1514 Ὅτε
1482 1460 1592 1532 γὰρ
1635 1459 1964 1531 ἀμέμπτως,

383 1556 573 1628 ὥσπερ
590 1555 712 1610 τινά
739 1555 901 1625 φύσιν
923 1557 1149 1627 δρατὴν,
1180 1556 1272 1610 τὸν
1294 1555 1438 1609 κατά
1472 1554 1670 1626 πρᾶξιν
1698 1554 1806 1606 τῶν
1840 1555 1968 1623 ἁρε-

382 1648 494 1704 τῶν
524 1650 920 1721 δημιουργήσει
951 1649 1176 1718 κόσμον,
1200 1647 1300 1720 τὴν
1329 1648 1416 1700 ἐπ’
1443 1647 1612 1716 αὐτῆς
1637 1645 1737 1716 τῆς
1762 1644 1964 1716 ψυχῆς,

383 1739 572 1811 ὥσπερ
597 1741 722 1795 τινά
747 1741 939 1812 χρόνον
985 1740 1072 1794 διὰ
1114 1738 1223 1794 τῶν
1254 1738 1512 1792 ἐναντίων
1566 1738 1967 1808 συμϐαίνουσαν

392 1831 468 1903 μὴ
510 1830 812 1896 ἀλλοιώσας
862 1831 1130 1904 περίοδον,
1168 1831 1260 1884 καὶ
1305 1829 1394 1883 διά
1436 1829 1670 1901 θεωρίας
1715 1830 1816 1899 τὴν
1857 1828 1966 1883 τῶν

381 1925 589 1994 νοητῶν
625 1925 938 1988 ἀπταίστως
969 1923 1226 1995 δρὲψεται
1264 1921 1486 1991 γνῶσιν,
1530 1921 1626 1975 καὶ
1658 1919 1757 1991 τὴν
1794 1920 1966 1991 αὐτὴν

381 2021 476 2074 καὶ
527 2018 706 2082 ἀλλοις
757 2017 872 2083 ἕξιν
920 2015 1299 2088 προνοητικῶς
1354 2015 1589 2069 ἐνθεῖναι
1648 2013 1965 2084 δεδύνηται·

379 2113 503 2166 τότε
539 2111 636 2165 καὶ
663 2110 846 2177 αὐτὸς,
881 2109 956 2172 ὡς
1007 2109 1052 2161 δ’
1106 2109 1174 2162 ἂν
1223 2106 1320 2178 ἔχῃ
1370 2105 1692 2177 σωματικῆς
1728 2103 1965 2174 ἡλικίας,

380 2203 802 2277 τριακοντούτης
828 2203 943 2256 ἐστί
979 2201 1056 2272 τῷ
1103 2199 1394 2270 πνεύματι,
1443 2197 1818 2269 συνεμφαίνων
1857 2194 1967 2249 τῶν

380 2294 597 2347 οἰκείων
620 2291 841 2362 ἀγαθῶν
863 2291 959 2363 τὴν
983 2292 1041 2344 ὲν
1071 2290 1255 2353 ἀλλοις
1289 2290 1596 2359 ἐνέργειαν.

2058 632 2197 704 tum)
2226 649 2418 689 eorum
2443 651 2577 691 vero
2601 651 2723 706 quae
2754 647 2939 694 mente
2971 639 3360 710 intelliguntur
3389 656 3454 696 ac
3484 640 3648 710 spiri-

2060 725 2273 791 talium,
2303 727 2517 782 ratione
2550 730 2822 784 octonarii
2857 731 3284 802 (intellectilium
3317 733 3464 786 enim
3495 740 3652 787 ortus

2058 833 2122 872 ac
2145 818 2320 889 origo,
2344 835 2660 876 commensa
2687 824 2952 893 temporis
2975 822 3208 893 periodo
3235 825 3488 894 superior
3509 824 3654 878 exsi-

2059 911 2179 972 stit)
2215 911 2566 980 providentia
2602 921 2786 970 autem
2822 925 3115 980 rectorem,
3150 915 3369 970 ratione
3405 915 3649 981 denarii;

2064 1012 2179 1058 tum
2211 1004 2283 1058 ob
2314 1005 2698 1060 mandatorum
2731 1017 2976 1062 sanctam
3011 1008 3297 1071 decadcm,
3324 1023 3446 1076 qua:
3474 1007 3654 1060 homi-

2059 1112 2160 1151 nes
2180 1095 2348 1168 478
2372 1097 2438 1151 ad
2465 1097 2634 1151 vitam
2664 1098 2807 1153 bene
2840 1098 3239 1154 instituendam
3275 1099 3508 1163 inducit,
3536 1107 3651 1153 tum

2062 1187 2210 1256 quod
2249 1187 2317 1241 ab
2349 1203 2415 1242 eo
2451 1188 2756 1255 elemento,
2785 1191 2933 1260 quod
2971 1193 3092 1263 ejus
3125 1191 3343 1246 numeri
3377 1202 3506 1245 nota
3539 1199 3652 1254 est,

2062 1279 2280 1333 Domini
2311 1294 2536 1345 nomen,
2568 1288 2704 1345 tum,
2732 1297 2856 1337 cum
2894 1283 3062 1338 homo
3091 1283 3270 1338 factus
3297 1292 3402 1348 est,
3432 1282 3656 1337 initium

2064 1369 2242 1424 duxit.
2273 1369 2599 1436 Quinarium
2633 1373 2821 1444 igitur,
2850 1376 3250 1444 scptenarium,
3281 1375 3652 1439 octonarium,

2065 1459 2357 1515 denarium
2415 1479 2680 1519 numeros
2739 1469 2783 1519 si
2848 1466 3239 1535 conjunxeris,
3301 1466 3657 1520 tricenarium

2068 1553 2396 1623 complebis.
2421 1553 2526 1620 Qui
2558 1571 2690 1626 ergo
2717 1556 3013 1611 Dominum
3047 1567 3105 1611 ut
3131 1559 3327 1612 ducem
3358 1567 3523 1628 atque
3555 1573 3656 1613 au-

2067 1653 2275 1701 ctorem
2309 1645 2415 1700 rite
2445 1647 2601 1716 sequi
2633 1647 2806 1712 novit,
2841 1664 2944 1704 nec
2976 1649 3091 1719 ipse
3121 1650 3393 1705 rationem
3425 1649 3654 1714 nesciet,

2069 1751 2177 1806 qua
2214 1736 2436 1807 triginta
2470 1753 2742 1793 annorum
2775 1739 2954 1795 factus
2989 1741 3423 1797 manifestandus
3457 1742 3550 1806 sit,
3579 1741 3662 1795 sic

2003 1803 2044 1863 Β
2073 1803 2424 1898 comparatus
2457 1839 2517 1884 ut
2547 1831 2906 1901 Evangelium
2939 1835 3094 1903 regni
3132 1833 3430 1901 praedicare
3465 1803 3658 1903 possit.

2074 1921 2178 1978 Ubi
2213 1923 2362 1976 enim
2399 1922 2519 1977 sine
2555 1922 2787 1978 crimine
2820 1939 2885 1978 ac
2919 1925 3196 1993 inculpate
3227 1926 3379 1979 velut
3406 1935 3658 1979 naturam

2067 2011 2364 2081 quamdam
2396 2012 2696 2077 visibilem,
2724 2010 2958 2065 actionis
2993 2013 3144 2066 cultu
3181 2021 3524 2066 constantem
3552 2013 3663 2065 vir-

2068 2109 2249 2156 tutum
2300 2103 2571 2158 mundum
2619 2103 2968 2169 condiderit,
3010 2118 3160 2164 eam,
3199 2119 3321 2172 qua:
3366 2103 3509 2157 inest
3557 2102 3700 2173 ipsi"

2068 2194 2285 2260 animae,
2309 2196 2462 2250 velut
2488 2195 2767 2266 quoddam
2797 2206 3015 2266 tempus
3040 2211 3107 2250 ex
3139 2195 3207 2250 iis
3233 2211 3355 2264 qua:
3383 2196 3663 2250 contraria

2070 2286 2362 2353 accidunt,
2398 2288 2692 2358 periodum
2732 2304 2846 2343 non
2886 2297 3132 2352 mutans;
3176 2302 3240 2341 ac
3279 2302 3378 2356 per
3413 2293 3663 2346 contem-

381 2388 678 2459 plationem
719 2403 910 2442 earum
952 2402 1141 2441 rerum
1181 2393 1304 2456 quae
1343 2392 1526 2441 mente
1570 2383 1957 2453 intelliguntur
1995 2382 2283 2438 scientiam
2348 2385 2617 2440 inoll‘ense
2645 2385 2972 2454 decerpens,
3006 2383 3265 2438 eumdem
3335 2383 3503 2438 etiam
3539 2381 3664 2438 aliis

382 2479 662 2543 habitum,
687 2477 918 2548 provida
951 2476 1176 2530 illorum
1211 2490 1375 2541 cura,
1446 2474 1698 2546 ingerere
1763 2472 2030 2538 valuerit;
2072 2481 2206 2529 tunc
2247 2484 2304 2528 et
2341 2474 2458 2544 ipse
2500 2484 2703 2545 quotus
2747 2483 2989 2544 quantus
3036 2475 3108 2529 sit
3150 2476 3425 2544 corporali
3473 2482 3658 2530 aetate,

384 2576 607 2647 triginta
657 2586 930 2627 annorum
983 2569 1183 2641 spiritu
1243 2568 1496 2636 exsistit,
1539 2585 1647 2639 qua
1701 2567 1967 2621 nimirum
2040 2581 2264 2622 suorum
2345 2567 2622 2622 bonorum
2664 2569 2778 2625 vim
2821 2577 3120 2638 actumque
3175 2567 3231 2621 in
3283 2568 3408 2621 aliis
3456 2565 3663 2636 pariter

383 2667 650 2726 Ostendit.

453 2763 530 2820 π’.
566 2766 583 2785 ’
620 2763 678 2817 '0
724 2763 846 2826 ταῖς
892 2761 1108 2833 ἡδοναῖς
1153 2757 1488 2829 παρειμένος
1537 2754 1632 2809 τοῦ
1687 2752 1964 2823 σώματος,

384 2855 510 2910 οὗτε
546 2855 682 2927 πρὸς
724 2855 923 2925 ἀρετήν
965 2855 1117 2907 ἐστιν
1154 2849 1398 2922 ἐνεργὸς,
1436 2846 1560 2902 οὔτε
1593 2846 1730 2918 πρὸς
1763 2845 1967 2914 γνῶσιν

388 2946 696 3016 εὐκίνητος.
755 2945 920 2998 Ὅθεν
965 2943 1087 2998 οὐδὲ
1129 2942 1416 3014 ἄνθρωπον
1471 2938 1617 3010 ἔχει·
1664 2937 1964 3002 τουτέστιν,

2141 2751 2228 2809 80.
2273 2751 2376 2819 Qui
2429 2755 2678 2824 corporis
2724 2755 3109 2825 voluptatibus
3165 2770 3230 2810 ac
3280 2754 3512 2809 libidine
3561 2768 3663 2809 ceu

2067 2849 2303 2920 paralysi
2332 2849 2633 2905 dissolutus
2663 2859 2747 2906 est
2766 2850 2833 2916 “,
2862 2851 2907 2905 is
2937 2865 3116 2920 neque
3147 2849 3215 2904 ad
3244 2850 3508 2904 virtutem
3543 2850 3663 2905 elli-

2072 2954 2196 3004 cax,
2225 2956 2404 3010 neque
2433 2941 2500 2996 ad
2531 2939 2818 2997 scientiam
2853 2958 2915 2996 ac
2943 2941 3464 3010 contemplationem
3497 2956 3665 3010 expe-

385 3036 634 3106 ἔμφρονα
665 3033 958 3105 λογισμόν·
992 3033 1081 3087 ἵνα
1106 3033 1234 3086 ὃταν
1259 3030 1506 3104 ταραχθῇ
1531 3029 1594 3083 τὸ
1635 3027 1796 3098 ὕδωρ,
1831 3027 1967 3100 βάλῃ

2070 3029 2221 3084 ditus
2257 3030 2541 3100 probeque
2578 3030 2800 3085 mobilis
2835 3041 2940 3085 est.
2973 3031 3130 3086 Unde
3168 3045 3348 3100 neque
3385 3029 3665 3085 hominem

385 3127 550 3182 αὐτὸν
598 3128 678 3189 εἰς
720 3125 822 3196 τὴν
878 3123 1296 3197 κολυμϐήθραν·
1365 3123 1667 3186 τουτέστιν,
1729 3122 1812 3184 εἰς
1864 3119 1966 3190 τὴν

386 3217 641 3288 δεκτικὴν
685 3220 786 3288 τῆς
837 3217 1094 3286 γνώσεως
1147 3215 1370 3289 ἀρετὴν,
1442 3215 1540 3288 τὴν
1614 3213 1968 3286 ἰατρεύουσαν

387 3304 568 3366 πᾶσαν
597 3311 769 3376 νόσον,
815 3311 863 3363 εί
907 3311 981 3380 μή
1011 3328 1112 3363 που
1142 3310 1230 3365 διὰ
1271 3308 1545 3381 ρᾳθυμίαν
1577 3310 1606 3362 ὁ
1635 3308 1809 3362 νοσῶν
1836 3310 1969 3363 ἀνα-

387 3403 736 3474 ϐαλλόμενος,
767 3402 860 3455 ὑπ’
884 3401 1042 3456 ἀλλον
1068 3400 1356 3474 προληφθῇ
1383 3400 1477 3454 τοῦ
1498 3399 1801 3462 κωλύοντος
1821 3396 1970 3468 αύτῷ

351 3512 353 3514 ·
388 3494 798 3566 παραγενέσθαι
824 3493 923 3566 τὴν
953 3493 1119 3548 ῐασιν.
1150 3493 1241 3548 Διὸ
1269 3494 1364 3546 καὶ
1388 3493 1680 3565 τριάκοντα
1705 3494 1799 3547 καί
1823 3492 1970 3546 ὀκτὼ

387 3590 483 3660 ετη
513 3591 580 3660 τῇ
605 3588 747 3658 νόσῳ
780 3586 1296 3656 συγκατακλίνεταιι.
1339 3585 1398 3639 '0
1425 3585 1535 3655 γὰρ
1555 3585 1630 3656 μὴ
1653 3586 1790 3656 πρὸς
1809 3583 1968 3650 δόξαν

388 3679 522 3736 Θεοῦ
575 3678 675 3751 τὴν
722 3678 924 3751 ὁρατὴν
977 3677 1251 3748 θεώμενος
1296 3675 1495 3739 κτίσιν,
1548 3677 1642 3730 καὶ
1688 3675 1826 3745 πρὸς
1859 3677 1970 3746 ἴτην

389 3771 586 3844 νοητὴν
651 3769 813 3841 φύσιν
868 3767 1111 3831 εὐσεϐῶς
1170 3767 1518 3830 ἀναϐιϐάζων
1579 3765 1678 3837 τὴν
1736 3765 1968 3827 ἔννοιαν,

390 3864 614 3927 εἰκότως
668 3861 840 3915 νοσῶν
897 3859 1143 3930 διαμένει
1193 3857 1287 3911 τὸν
1342 3855 1632 3928 εἰρημένον
1671 3855 1779 3908 τῶν
1832 3855 1970 3908 ἑτῶν

391 3952 644 4026 ἀριθμόν.
703 3953 760 4004 Ὀ
789 3949 897 4021 γὰρ
933 3948 1227 4020 τριάκοντα
1264 3946 1512 4016 φυσικῶς
1558 3944 1970 4014 λαμϐανόμενος

390 4042 647 4116 ἀριθμὸς,
677 4039 774 4112 τὴν
806 4037 1071 4110 αἰσθητὴν
1113 4037 1370 4108 σημαίνει
1407 4034 1605 4104 φύσιν·
1649 4033 1840 4104 ὥσπερ
1877 4034 1972 4086 καὶ

390 4131 711 4207 πρακτικῶς
739 4128 1132 4200 σκοπούμενος,
1175 4127 1274 4198 τὴν
1297 4123 1610 4198 πρακτικὴν
1634 4123 1860 4196 ἀρετήν.
1912 4123 1970 4176 ’0

389 4227 447 4280 δὲ
501 4217 645 4279 ὀκτὼ
696 4220 940 4292 φυσικῶς
995 4218 1454 4290 κατανοούμενος,
1499 4217 1600 4288 τὴν
1637 4217 1834 4288 νοητὴν
1858 4217 1969 4270 τῶν

390 4317 699 4388 ἀσωμάτων
719 4314 1023 4384 παραδηλοῖ
1050 4312 1212 4384 φύσιν
1232 4325 1246 4341 ·
1297 4310 1488 4382 ὥσπερ
1527 4311 1621 4364 καὶ
1651 4309 1970 4379 γνωστικῶς

2072 3121 2240 3177 habet
2273 3122 2464 3193 (animi
2500 3123 2714 3177 scilicet
2744 3123 3078 3193 prudentem
3112 3123 3381 3177 rationem
3417 3138 3483 3176 ac
3516 3121 3668 3192 cogi-

2074 3214 2296 3286 tatum),
2318 3226 2378 3271 ut
2401 3232 2526 3272 cum
2553 3217 2772 3273 turbata
2792 3218 2964 3273 fuerit
2984 3234 3147 3288 aqua,
3169 3232 3298 3272 eum
3319 3217 3373 3270 in
3398 3216 3666 3286 piscinam

2070 3308 2279 3375 mittat;
2324 3310 2589 3365 virtutem
2635 3311 2898 3366 nimirum
2937 3311 3183 3366 scientiae
3223 3326 3513 3380 capacem,
3545 3326 3668 3380 qua:

2070 3413 2290 3454 omnem
2317 3401 2571 3456 morbum
2599 3409 2786 3469 sanet;
2816 3402 2923 3456 nisi
2947 3401 3113 3467 forte,
3137 3417 3246 3472 qua
3268 3401 3500 3472 segnitie
3523 3417 3669 3472 aeger

2071 3489 2308 3553 laborat,
2339 3491 2763 3546 cunctabundus
2791 3507 3087 3562 morasque
3122 3492 3367 3556 trahens,
3399 3491 3658 3560 occupari

2071 3605 2131 3645 se
2157 3588 2226 3643 ab
2255 3587 2365 3642 alio
2396 3588 2564 3653 sinat,
2589 3588 2924 3657 prohibente
2955 3603 3026 3643 ne
3059 3589 3177 3658 ipse
3207 3601 3434 3656 compos
3459 3585 3668 3640 sanita-

2073 3679 2144 3734 tis
2171 3678 2283 3734 (iat.
2307 3679 2480 3749 quue
2505 3679 2675 3734 etiam
2707 3693 2886 3734 causa:
2913 3687 3017 3744 est,
3042 3694 3143 3733 cur
3167 3688 3224 3733 et
3246 3692 3420 3732 annos
3446 3676 3669 3747 triginta

2071 3779 2198 3826 octo
2249 3779 2492 3840 aegrotus
2548 3769 2866 3825 decumbat.
2917 3768 3023 3835 Qui
3077 3769 3226 3824 enim
3278 3783 3391 3822 non
3448 3770 3517 3823 ad
3570 3768 3668 3823 Dei

2072 3861 2302 3930 gloriam
2324 3901 2337 3926 ,
2365 3870 2677 3918 creaturam
2711 3859 2888 3915 oculis
2921 3858 3225 3929 subiectam
3258 3857 3438 3920 videt,
3467 3871 3569 3910 nec
3600 3856 3667 3910 ad

2076 3965 2266 4006 rerum
2297 3967 2420 4019 quae
2451 3960 2637 4006 mente
2669 3950 3058 4020 intelliguntur
3088 3954 3342 4000 naturam
3373 3944 3462 4013 pie
3493 3942 3669 4013 perci-

2073 4041 2329 4114 piendam
2365 4043 2552 4097 animo
2585 4041 2848 4112 assurgit,
2880 4041 2928 4097 is
2965 4039 3186 4103 merito,
3216 4052 3381 4108 quem
3419 4035 3667 4090 dicebam

2074 4122 2348 4188 annorum
2411 4146 2743 4196 numerum,
2796 4147 2941 4202 aeger
2997 4127 3266 4200 persistit.
3315 4125 3670 4194 Tricenarius

2074 4221 2223 4278 enim
2251 4238 2518 4285 numerus
2549 4224 2881 4280 naturaliter
2909 4231 3188 4293 acceptus,
3216 4226 3470 4274 naturam
3501 4216 3668 4287 signi-

2075 4313 2242 4378 ﬁcat,
2290 4329 2414 4384 quae
2471 4314 2528 4368 in
2578 4329 2803 4368 sensum
2853 4311 3034 4379 cadit;
3088 4311 3168 4366 uti
3215 4311 3381 4366 etiam
3426 4307 3671 4380 practice

392 4408 785 4481 θεωρούμενος,
826 4407 926 4478 τὴν
979 4406 1256 4475 πάνσοφον
1311 4403 1625 4473 θεολογίαν·
1690 4396 1781 4466 αἷς
1821 4405 1850 4457 ὀ
1898 4402 1967 4476 μὴ

2081 4407 2343 4481 (actionis
2389 4407 2605 4463 scilicet
2646 4405 2880 4477 ratione)
2927 4404 3340 4471 consideratus,
3375 4403 3666 4464 virtutem,

391 4499 712 4572 κινούμενος
761 4499 898 4570 πρὸς
931 4497 1097 4561 Θεὸν,
1148 4497 1384 4569 πάρετος
1435 4497 1607 4566 μένει,
1664 4495 1858 4566 μέχρις
1906 4495 1974 4551 ἂν

391 4591 562 4645 ἐλθὼν
612 4593 641 4645 ὁ
686 4591 881 4659 Λόγος,
930 4587 1117 4658 διδάξῃ
1169 4587 1335 4641 αὑτὸν
1380 4586 1474 4640 τὸν
1539 4584 1803 4657 σύντομον
1872 4585 1975 4657 τῆς

395 4686 590 4749 ίάσεως
614 4683 836 4755 τρόπον,
867 4682 1125 4752 φάσκων·
1160 4678 1453 4750 Ἕγειραι·
1491 4671 1641 4750 ἆρον
1668 4680 1777 4733 τὸν
1799 4678 1973 4748 κράϐ-

392 4779 575 4833 6ατόν
619 4791 760 4840 σου,
806 4775 904 4828 καί
946 4770 1289 4842 περιπάτει·
1321 4767 1675 4840 διαναστῆναι
1713 4769 1806 4824 τὸν
1846 4769 1972 4825 νοῦν

390 4869 492 4938 τῆς
511 4865 852 4936 κατεχούσης
885 4863 1217 4935 φιληδονίας,
1266 4863 1359 4914 καὶ
1393 4855 1524 4931 ἆραι
1551 4860 1613 4913 τὸ
1662 4860 1821 4930 σῶμα
1858 4862 1972 4925 τοῖς

391 4959 568 5030 ὥμοίς
621 4959 734 5012 τῶν
787 4956 1021 5027 ἀρετῶν,
1064 4954 1161 5009 καὶ
1205 4952 1460 5008 ἀπελθεῖν
1512 4954 1593 5017 εἰς
1634 4952 1728 5006 τὸν
1785 4948 1970 5006 οἰκον·

392 5052 594 5124 δηλαδὴ
625 5050 717 5105 τὸν
743 5048 992 5122 οὐρανὸν,
1024 5045 1467 5118 ἐγκελευόμενος.
1504 5044 1686 5100 Καλὸν
1715 5044 1825 5117 γὰρ
1871 5044 1976 5099 ὑπὸ

465 5211 512 5248 ⁸⁸
530 5215 690 5273 Joan.
712 5230 768 5280 v,
789 5211 823 5267 5
849 5224 1004 5279 seqq.

467 5361 484 5381 ‘
515 5357 683 5428 Marg.
707 5355 799 5428 Fr.
841 5353 936 5416 Είς
955 5349 1047 5428 τρν
1076 5345 1449 5428 παραλυτικὸν
1469 5361 1485 5378 ·
1534 5345 1631 5399 καὶ
1658 5345 1806 5428 ὅπως
1837 5343 1978 5414 μᾶλ-

392 5430 485 5483 λον
517 5415 680 5498 ἡμεῖς
711 5427 905 5498 ξσμεν,
950 5421 1001 5473 οί
1035 5415 1504 5498 τοσούτοιςιέτεσι
1553 5415 1975 5498 κατακείμενοι·

394 5501 472 5564 ὡς
506 5484 640 5570 μηδὲ
663 5484 1002 5566 -τὺν’τρόπον
1027 5492 1127 5561 τῆς
1164 5487 1410 5559 ἰατρείας
1447 5485 1748 5558 δεχόμενοι.
1781 5484 1844 5540 In
1883 5503 1985 5557 pa—

468 5632 544 5706 (o)
583 5631 754 5706 Ὑπὲρ
809 5615 940 5706 γᾴρ.
986 5628 1233 5706 Insinuat
1273 5627 1589 5706 Graecorum
1623 5640 1972 5706 communem

396 5697 728 5770 sentcntiam
763 5697 1097 5770 exsistentize
1155 5699 1476 5770 angelorum
1520 5706 1647 5751 ante
1690 5697 1971 5770 mundum

396 5765 726 5853 corporeum
755 5790 768 5826 :
799 5772 914 5826 haec
936 5769 1083 5826 enim
1107 5765 1382 5840 propriei]
1409 5767 1622 5848 γένεσις
1645 5765 1843 5822 αὐτῶν.
1883 5765 1976 5823 Sic

2078 4515 2200 4570 qua:
2245 4499 2480 4554 actionis
2519 4501 2672 4555 cultu
2717 4499 2994 4561 consistit,
3025 4497 3352 4554 Octonarius
3393 4502 3574 4550 autem
3613 4499 3670 4548 et

2077 4589 2194 4660 ipse
2229 4589 2561 4645 naturaliter
2591 4589 2938 4653 intellectus,
2969 4587 3301 4658 spirituum,
3331 4600 3453 4657 quae
3483 4592 3669 4639 mente

2076 4681 2435 4753 intelligitur,
2478 4681 2708 4738 denotat
2761 4688 3060 4747 naturam;
3116 4679 3194 4734 uti
3246 4686 3304 4734 et
3353 4675 3670 4746 γνωστικῶς

2077 4771 2310 4844 (altiore
2357 4772 2570 4828 scilicet
2612 4787 2679 4827 ac
2728 4771 2964 4842 sapienti
3015 4768 3214 4840 sensu)
3259 4767 3677 4849 consideratus,

2079 4864 2230 4920 omni
2277 4863 2546 4934 repletam
2593 4865 2867 4934 sapientia
2911 4862 3226 4918 divinorum
3270 4858 3558 4914 scientiam
3606 4871 3674 4913 ac.

2083 4954 2439 5026 theologiam.
2473 4953 2715 5022 Quibus,
2745 4953 2998 5024 quisquis
3031 4951 3100 5006 ad
3132 4951 3304 5005 Deum
3342 4963 3452 5002 non
3486 4961 3666 5013 move:

2083 5053 2197 5114 tur,
2228 5046 2396 5120 479
2428 5046 2760 5119 paralyticus
2793 5053 2981 5108 manet
3013 5041 3388 5113 membrisque
3424 5037 3675 5104 dissoluq

2086 5342 2372 5414 ralyticum
2392 5359 2413 5408 ;
2447 5357 2654 5414 nosque,
2691 5341 3039 5414 potius_esse,
3211 5342 3287 5389 tot
3333 5335 3487 5388 annis
3513 5332 3674 5409 jam;

2088 5407 2236 5480 mus;
2262 5421 2321 5466 ut
2345 5407 2435 5467 nec
2473 5407 2743 5466 medicina:
2775 5409 2984 5464 modum
3015 5407 3349 5478 recipiamus.

2079 5624 2332 5695 superior
2363 5623 2625 5693 temporis
2655 5635 2937 5689 mensura,
2972 5634 3067 5676 seu
3117 5615 3244 5674 vitae
3279 5616 3372 5672 illa
3411 5611 3667 5697 periodoq'

2080 5711 2201 5766 quae
2227 5705 2474 5766 tempore
2496 5699 2873 5758 mensuratur.
