4140 6322
508 341 649 408 1115

1702 347 1761 407 S.
1804 345 2090 407 MAXIM!
2122 346 2632 410 CONFESSORIS

3624 342 3758 405 1116

507 468 619 523 tus,
647 457 823 513 donec
851 457 1080 513 veniens
1107 458 1321 522 Sermo,
1352 458 1802 529 compendiosum
1830 458 2090 528 parandis

2196 461 2286 514 τοῦ
2318 463 2627 533 κρείττονος
2647 465 2722 537 (ρ)
2745 469 2856 531 τοῖς
2889 467 3060 539 ὤμοις
3082 468 3181 538 τῆς
3209 466 3482 539 πράξεως,
3512 464 3574 518 τὸ
3596 466 3776 534 χεῖρον

507 550 704 606 salutis
737 551 959 605 modum
995 566 1121 605 eum
1151 551 1423 615 docuerit,
1454 551 1646 606 dicens
1682 569 1698 605 ι
1734 550 1922 621 Surge,
1955 550 2085 604 tolle

506 642 820 712 grabbutum
861 651 1029 705 tuum,
1063 652 1113 696 et
1151 641 1365 696 ambula
1393 643 1442 675 “
1474 660 1487 696 :
1526 643 1730 714 jubens
1766 643 2002 707 scilicet,
2030 650 2093 697 ut

505 736 575 789 ab
615 749 679 789 ea
714 749 823 803 qua
860 742 1084 788 tenetur
1125 733 1405 802 voluptate
1448 749 1511 788 ac
1550 733 1812 799 libidine,
1849 748 2095 789 animum
2134 732 2388 799 dirimat,
2460 752 2524 791 ac
2564 738 2834 795 virtutum
2879 742 3126 797 humeris
3171 756 3374 811 corpus
3418 741 3600 804 tollat,

402 823 423 833 “
505 842 765 903 anumque
795 826 874 897 (in
903 827 1103 880 cadum
1133 825 1363 895 scilicet)
1387 827 1568 881 vadat.
1594 827 1821 882 Prmstat
1847 827 1995 881 enim
2028 826 2085 881 id
2122 826 2269 896 quod
2298 828 2548 885 deterius
2576 843 2681 898 est,
2709 833 2776 889 ab
2803 850 2870 890 eo
2924 834 3073 905 quod
3137 833 3511 905 prmstantius,
3542 831 3777 888 actionis

2192 551 2443 622 αἴρεσθαι
2473 555 2609 626 πρὸς
2641 560 2862 630 ἀρετὴν,
2918 560 2951 630 ἦ
2991 560 3052 613 τὸ
3096 562 3345 630 κρεῖττον
3387 558 3479 611 διὰ
3522 556 3775 627 θρύψεως

2201 642 2335 713 πρὸς
2373 645 2684 715 φιληδονίαν
2710 650 2815 703 ὑπὸ
2844 652 2938 703 τοῦ
2969 651 3212 724 χείρονος
3240 648 3527 721 φέρεσθαι.

3680 738 3779 793 d0-

508 917 753 972 numeris
777 916 844 971 ad
869 917 1127 971 virtutem
1161 914 1300 979 tolli,
1335 931 1501 999 quam
1527 915 1675 987 quod
1702 916 2052 987 praestantius
2087 930 2188 986 per
2209 918 2498 974 mollitiem
2521 921 2756 992 vitaeque
2788 925 3008 993 luxum,
3056 942 3085 980 a
3136 924 3399 981 deteriori
3462 923 3530 978 ad
3588 922 3778 977 libidi-

503 1024 630 1064 nem
663 1007 814 1063 ferri.

577 1103 665 1158 8|.
699 1100 953 1166 Quandiu
999 1113 1187 1160 nostra
1236 1106 1444 1175 pariter
1481 1123 1787 1178 eorumque
1832 1105 2085 1162 omnium

505 1207 630 1261 quae
675 1208 706 1245 a
740 1192 854 1247 Deo
895 1195 1141 1249 secunda
1191 1205 1342 1261 sunt,
1396 1198 1704 1253 substantia
1755 1212 1820 1252 ac
1869 1205 2090 1258 natura,

505 1284 711 1337 mentis
745 1284 1108 1355 intelligentia
1138 1302 1251 1341 non
1274 1287 1501 1341 omnino
1522 1287 2092 1350 excesserimus,nec-

506 1375 637 1430 dum
668 1377 1136 1434 immutabilitatis
1162 1379 1436 1441 habitum,
1473 1395 1597 1449 qua:
1632 1380 1841 1432 virtute
1865 1386 2093 1448 praesta-

506 1475 618 1530 tur,
652 1468 939 1523 consecuti
969 1484 1182 1524 sumus.
1226 1469 1331 1524 Ubi
1366 1476 1550 1524 autem
1597 1484 1697 1539 per
1736 1468 2091 1524 dilectionem

506 1558 651 1613 hanc
680 1559 826 1623 nacti
860 1559 1186 1630 dignitatem
1220 1561 1510 1626 fuerimus,
1552 1561 1752 1615 divinae
1773 1559 2097 1630 promissio-

511 1648 599 1702 nis
626 1648 735 1701 vim
769 1664 1185 1718 pernoscemus.
1219 1649 1300 1704 lbi
1329 1650 1478 1704 enim
1518 1648 1674 1702 firma
1720 1663 1785 1703 ac
1826 1647 2094 1702 immobili

2256 1117 2368 1163 πα’.
2406 1111 2553 1175 Ἕως
2584 1113 2684 1180 τῆς
2714 1113 2870 1184 ἡμῶν
2886 1130 2945 1166 τε
2974 1113 3067 1168 καὶ
3093 1112 3312 1167 πάντων
3340 1111 3448 1165 τῶν
3478 1110 3618 1179 μετὰ
3646 1108 3781 1163 Θεὸν

2187 1201 2377 1267 οὐσίας
2402 1204 2542 1256 κατὰ
2567 1205 2807 1258 διάνοιαν
2834 1205 3089 1276 καθαρῶς
3130 1205 3231 1258 οὐκ
3264 1202 3647 1272 ἐκϐεϐήκαμεν
3676 1201 3775 1270 (τι),

2189 1294 2341 1349 οὔπω
2372 1296 2469 1368 τὴν
2501 1299 2598 1367 τῆς
2642 1300 2762 1352 κατ’
2810 1301 3014 1370 ἀρετὴν
3074 1297 3340 1368 ἀτρεψίας
3403 1295 3519 1361 ἕξιν
3588 1294 3779 1346 ἐλάϐο-

2195 1405 2317 1458 μεν.
2368 1389 2638 1460 ὐπηνίκα
2671 1390 2728 1443 δὲ
2755 1390 2913 1443 τοῦτο
2935 1391 3000 1443 δι’
3033 1390 3256 1459 ἀγάπης
3283 1390 3415 1458 ἡμῖν
3456 1385 3776 1456 κατορθωθῇ

2198 1479 2259 1532 τὸ
2283 1479 2499 1549 ἀξίωμα
2536 1478 2637 1550 (5),
2685 1481 2805 1533 τότε
2852 1480 3174 1551 γνωσόμεθα
3201 1483 3299 1550 τῆς
3337 1478 3489 1544 θείας
3538 1480 3778 1545 ἐπαγγε-

2199 1565 2319 1627 λίας
2369 1566 2467 1635 τὴν
2523 1565 2772 1636 δύναμιν.
2799 1567 2948 1620 Ἐκεῖ
2976 1567 3083 1637 γὰρ
3138 1563 3278 1619 εἶναι
3333 1565 3439 1635 χρὴ
3499 1562 3778 1616 πιστεύειν

2201 1647 2323 1701 καθ’
2357 1648 2566 1720 ἵδρυσιν
2593 1649 2927 1719 ἀμετάθετον
2955 1651 3081 1712 τοὺς
3104 1649 3306 1714 ἀξίους,
3331 1649 3457 1702 ἔνθα
3491 1644 3779 1718 προλαϐὼν

506 1739 745 1795 statione
775 1739 890 1795 fore
909 1740 1249 1796 credendum
1276 1749 1381 1805 est,
1407 1756 1502 1795 eos
1524 1740 1618 1810 qui
1649 1739 1801 1810 digni
1836 1754 1899 1793 ac
1930 1737 2090 1809 probi

2200 1740 2373 1803 ὀνοῦς
2409 1740 2480 1794 δι’
2511 1741 2733 1811 ἀγάπης
2784 1741 2882 1813 τὴν
2930 1741 3199 1812 σφετέραν
3247 1739 3576 1810 ὲνερῤίζωσε
3614 1736 3778 1790 δύνα-

507 1838 656 1895 sunt,
684 1831 777 1885 ubi
792 1833 904 1901 jam
930 1847 1030 1901 per
1046 1831 1392 1898 charitatem,
1417 1847 1572 1887 suam
1594 1846 1750 1885 mens
1777 1830 2094 1885 facultatem

510 1923 777 1979 radicitus
801 1923 936 1978 fixit.
966 1922 1071 1991 Qui
1092 1925 1240 1979 enim
1262 1925 1465 1995 seipso,
1491 1924 1818 1993 cunctisque
1839 1938 1961 1992 quae
1983 1921 2095 1976 ullo

514 2015 678 2070 modo
726 2015 958 2086 intelligi
1015 2024 1248 2086 possunt
1290 2031 1403 2070 non
1449 2016 1769 2078 excesserit,
1829 2023 1993 2085 atque
2038 2015 2095 2069 in

506 2108 754 2173 silentio,
801 2108 950 2177 quod
995 2123 1216 2163 onmem
1267 2108 1471 2164 mentis
1520 2108 1821 2179 cogitatum
1870 2116 2097 2177 superat

508 2199 839 2263 constiterit,
886 2199 1004 2254 fieri
1054 2216 1165 2254 non
1200 2206 1383 2271 potest
1415 2208 1478 2254 ut
1509 2200 1578 2255 ab
1603 2199 1755 2254 omni
1786 2199 2096 2253 mutatione

510 2290 772 2345 immunis
801 2291 889 2346 sit.

585 2383 675 2438 8‘2.
719 2383 919 2438 Mentis
967 2382 1149 2439 omnis
1183 2382 1444 2453 cogitatio
1481 2397 1580 2438 seu
1615 2380 1941 2447 intellectio,
1975 2380 2099 2451 plu-

509 2476 653 2530 rium
680 2476 950 2545 profecto,
973 2483 1087 2530 -aut
1115 2474 1352 2530 duorum
1378 2475 1671 2529 minimum
1697 2474 1808 2529 vim
1846 2474 2016 2529 habet
2037 2479 2097 2529 et

508 2565 941 2634 expressionem.
985 2564 1083 2619 Est
1112 2564 1261 2618 enim
1289 2564 1470 2619 media
1513 2564 1659 2619 inter
1681 2572 1927 2620 extrema
1951 2578 2100 2633 qua:-

515 2655 642 2711 dam
676 2656 941 2711 habitudo
975 2671 1073 2711 seu
1113 2656 1329 2722 relatio,
1361 2656 1505 2711 inter
1528 2671 1588 2711 se
1622 2664 1815 2711 mutuo
1844 2665 2094 2721 nectens,

510 2755 627 2805 tum
669 2747 817 2817 quod
858 2747 1117 2816 intelligit
1160 2756 1458 2816 menteque
1491 2748 1745 2818 percipit,
1797 2754 1913 2801 tum
1951 2747 2098 2817 quod

510 2854 578 2894 ea
600 2840 928 2910 percipitur.
948 2839 1144 2895 Neutri
1169 2848 1352 2895 autem
1378 2849 1440 2895 ut
1461 2838 1870 2908 simplicitatem
1892 2846 2096 2904 servet,

506 2941 593 2986 est
623 2942 1027 3002 comparatum.
1066 2932 1206 2987 Tum
1243 2933 1393 2987 enim
1437 2931 1585 3002 quod
1618 2924 1896 3001 intelligit,
1922 2931 2100 3001 quod-

507 3025 633 3082 dam
659 3026 887 3080 omnino
922 3025 1232 3094 subjectum
1267 3032 1375 3087 est,
1407 3039 1529 3093 quae
1566 3023 1644 3076 illi
1677 3038 1863 3077 comes
1892 3021 2097 3077 intelli-

2203 1848 2314 1901 μιν.
2345 1832 2402 1885 ’0
2423 1831 2532 1902 γὰρ
2562 1832 2637 1903 μὴ
2658 1834 2824 1896 ἐκϐὰς
2850 1832 3061 1895 ἑαυτοῦ,
3088 1833 3182 1886 καὶ
3215 1832 3435 1885 πάντων
3455 1830 3562 1882 τῶν
3590 1831 3777 1881 ὁπωσ-

2196 1923 2291 1976 οῦν
2330 1924 2571 1978 νοεῖσθαι
2609 1925 2947 1996 δυναμένων,
2999 1927 3093 1979 καὶ
3138 1928 3217 1989 εἰς
3258 1924 3358 1996 τὴν
3393 1923 3536 1994 ὑπὲρ
3580 1921 3770 1989 νόησιν

2199 2016 2357 2087 σιγὴν
2399 2018 2696 2085 καταστὰς,
2743 2019 2806 2073 ού
2840 2019 3060 2074 δύναται
3082 2022 3289 2091 τροπῆς
3344 2016 3484 2074 εἶναι
3539 2017 3777 2087 πάμπαν

2196 2109 2380 2164 ὲλεύθε
2391 2128 2498 2180 ρος.

2269 2375 2377 2445 πβσ.
2405 2376 2563 2429 Πᾶσα
2588 2375 2792 2446 νόησις,
2826 2375 3095 2446 πλήθους·
3119 2374 3152 2446 ἢ
3178 2373 3554 2444 τούλάχιστον,
3582 2372 3777 2438 δυάδος

2197 2465 2419 2529 πάντως
2452 2464 2694 2535 ἔμφασιν
2731 2464 2867 2535 ἔχει.
2912 2464 3071 2535 Μέση
3099 2465 3210 2534 γάρ
3252 2465 3369 2518 ἐστι
3403 2464 3565 2519 τινῶν
3606 2459 3779 2538 ἀκρο-

2196 2561 2376 2630 τήτων
2422 2558 2637 2628 σχέσις,
2669 2555 2920 2626 ἀλλήλοις
2982 2555 3350 2623 συνάπτουσα,
3398 2559 3459 2611 τό
3504 2576 3564 2612 τε
3621 2560 3778 2613 νοοῦν

2197 2655 2295 2708 καὶ
2318 2652 2378 2706 τὸ
2405 2651 2698 2722 νοούμενον
2732 2651 2824 2721 (r).
2869 2649 3169 2721 Οὑδὲτερον
3191 2649 3246 2703 δὲ
3275 2650 3450 2706 διό).ου
3470 2652 3568 2722 τὴν
3611 2653 3777 2707 ἁπλό-

2196 2762 2339 2816 τητα
2391 2745 2605 2812 πέφυκε
2654 2742 2872 2805 σώζειν.
2928 2742 3002 2795 Τό
3036 2759 3095 2795 τε
3138 2741 3249 2811 γὰρ
3276 2742 3451 2809 νοοῦν,
3485 2744 3779 2814 ὑποκείμε-

2196 2836 2286 2889 νόν
2309 2834 2362 2888 τι
2394 2836 2534 2899 ἐστι,
2565 2835 2783 2897 πάντως
2833 2833 3333 2904 συνεπινοουμένην
3357 2833 3508 2904 αὺτῷ
3546 2834 3645 2905 τὴν
3677 2834 3776 2889 τοῦ

2198 2925 2340 2979 νοεῖν
2372 2921 2493 2993 ἔχον
2536 2921 2786 2991 δύναμιν.
2823 2921 2933 2973 Καὶ
2973 2920 3035 2973 τὸ
3084 2920 3376 2991 νοούμενον
3416 2922 3780 2989 ὑποκείμενόν

2197 3030 2253 3066 τι
2280 3013 2502 3075 πάντως
2523 3011 2692 3074 ἐστὶν,
2742 3010 2776 3080 ἥ
2833 3011 2890 3063 ὲν
2930 3010 3306 3081 ὑποκειμένῳ·
3353 3013 3778 3083 συνεπινοουμέ-

508 3125 688 3185 gatur,
721 3114 1065 3186 intelligendi
1095 3116 1206 3169 vim
1239 3114 1490 3181 habens;
1521 3124 1637 3168 tum
1669 3121 1726 3168 et
1753 3112 1903 3182 quod
1933 3112 2094 3167 intel-

2202 3122 2300 3176 νην
2336 3103 2481 3174 αὐτῷ
2510 3102 2611 3173 τὴν
2634 3101 2727 3155 τοῦ
2751 3101 2992 3155 νοεῖσθαι
3020 3101 3251 3172 δύναμιν
3284 3100 3436 3172 ἔχον⁸
3462 3103 3496 3175 ἢ
3529 3106 3780 3174 προϋπο-

506 3206 717 3276 ligitur,
746 3206 968 3275 aliquod
999 3221 1226 3275 prorsus
1262 3205 1579 3276 subjectum
1617 3204 1704 3259 vel
1747 3203 1803 3258 in
1846 3203 2095 3275 subjecto

506 3307 614 3362 cst,
661 3312 783 3366 quae
832 3312 938 3351 una
985 3311 1112 3352 cum
1161 3296 1282 3365 ipso
1328 3295 1692 3366 intelligatur,
1732 3295 1844 3347 vim
1878 3294 2096 3362 passive

509 3387 876 3457 intelligendi,
909 3387 1089 3457 ipsum
1128 3401 1351 3455 quoque
1379 3386 1631 3450 habens;
1669 3399 1767 3439 seu
1799 3385 1960 3455 cujus
2003 3383 2095 3438 illa

509 3481 689 3536 virtus
731 3486 818 3534 est
863 3494 928 3534 ac
974 3478 1225 3543 facultas,
1270 3479 1656 3548 praejacentem
1706 3474 2092 3530 substantiam.

508 3570 659 3629 Nihil
687 3571 837 3626 enim
868 3558 1096 3640 prorsus
1134 3571 1192 3624 in
1236 3570 1402 3624 rebus
1434 3570 1613 3638 ipsum
1644 3584 1745 3638 per
1772 3582 1829 3621 se
1862 3566 2097 3635 simplex

509 3660 819 3718 substantia
847 3667 944 3714 aut
971 3658 1276 3714 intellectio
1312 3669 1421 3723 est,
1452 3668 1512 3713 ut
1542 3666 1596 3714 et
1639 3659 1820 3712 unitas
1859 3657 2096 3716 indivisa

510 3752 602 3806 sit.
649 3752 793 3805 Deus
824 3759 1030 3816 autem,
1065 3750 1181 3807 sive
1215 3749 1582 3805 substantiam
1624 3748 1949 3812 dixerimus,
1982 3765 2098 3805 non

508 3840 780 3911 ejusmodi
833 3850 939 3910 est,
984 3852 1046 3898 ut
1090 3842 1174 3898 vis
1216 3842 1444 3913 .passive
1496 3841 1838 3913 intelligendi
1887 3856 1996 3900 una
2045 3841 2098 3896 ei

579 3996 625 4030 ⁸⁸
646 3997 807 4055 Joan.
838 4014 892 4067 v,
918 4000 971 4055 8.

584 4157 660 4228 (Ρ)
691 4158 705 4178 ⁸
720 4159 839 4211 Υπό
862 4157 968 4213 τοῦ
988 4160 1344 4226 κρείττονος.
1364 4161 1438 4213 Τὸ
1458 4163 1702 4228 κρεῖττον
1722 4162 1815 4216 hic
1829 4161 2084 4228 Maximo,

509 4229 728 4302 anil‘nus
771 4236 856 4302 est
901 4238 1067 4302 atque
1111 4245 1294 4302 mens;
1339 4230 1400 4283 -ιὸ
1442 4235 1642 4301 χεῖρον,
1687 4247 1886 4302 corpus
1918 4250 1930 4285 :
1962 4249 2088 4302 pars

510 4297 719 4369 scilicet
748 4299 927 4368 potior
953 4297 1009 4353 et
1038 4299 1303 4363 deterior,
1344 4297 1577 4369 quarum
1620 4297 1801 4357 altera'
1836 4297 2085 4365 alteram,

510 4369 597 4422 vel
640 4368 693 4422 in
730 4369 950 4433 malum,
990 4385 1113 4437 quae
1158 4368 1399 4424 hominis
1429 4371 1626 4425 domus
1661 4380 1766 4435 est,
1801 4372 1972 4435 tollat,
2004 4372 2089 4425 vel

2194 3196 2453 3266 κειμένην
2485 3194 2615 3265 τὴν,
2643 3188 2703 3248 οὗ
2750 3196 2867 3247 ἐστι
2916 3193 3168 3265 δύναμις,
3211 3194 3424 3248 οὐσίαν.
3468 3194 3543 3247 Οὐ
3574 3195 3685 3267 γάρ
3727 3212 3784 3249 τι

2195 3287 2302 3341 τῶν
2336 3287 2508 3341 ὄντων
2534 3286 2596 3339 τὸ
2622 3285 2840 3339 σύνολον
2886 3285 3018 3339 αὐτὸ
3046 3285 3168 3339 καθ’
3199 3284 3331 3338 αὐτὸ
3361 3285 3506 3356 ἁπλῆ
3557 3302 3647 3349 τις
3688 3286 3783 3339 ού-

2200 3380 2291 3433 σία
2315 3379 2349 3450 ἢ
2377 3378 2561 3449 νόησίς
2588 3380 2757 3444 ἐστιν,
2787 3379 2873 3430 ἵνα
2903 3376 2996 3432 καὶ
3031 3378 3201 3447 μονὰς
3228 3376 3554 3448 ἀδιαίρετος.
3584 3377 3692 3430 Τὸν
3719 3377 3774 3430 δὲ

2197 3471 2352 3538 Θεὸν,
2375 3472 2486 3524 εἴτε
2534 3470 2725 3524 οὐσίαν
2764 3469 3042 3538 εἴπωμεν,
3082 3468 3183 3523 οὐκ
3211 3469 3326 3539 ἔχει
3371 3467 3617 3537 φυσικῶς
3657 3485 3784 3522 συν-

2204 3564 2598 3635 επινοουμένην
2626 3562 2894 3633 αὐτῷτὴν
2914 3561 3009 3616 τοῦ
3040 3561 3277 3615 νοεῖσθαι
3303 3559 3554 3631 δύναμιν,
3576 3560 3669 3616 ἵνα
3707 3561 3782 3632 μὴ

2206 3657 2492 3721 σύνθετος’
2540 3657 2651 3711 εἴτε
2682 3657 2888 3728 νόησῖν,
2928 3656 3030 3710 οὐκ
3069 3655 3181 3726 ἔχει
3238 3654 3489 3725 φυσικῶς
3523 3654 3784 3724 δεκτικὴν

2203 3750 2300 3819 τῆς
2330 3751 2567 3821 νοήσεως
2614 3750 2983 3820 ὑποκειμένην
3041 3748 3261 3805 οὐσίαν
3299 3747 3415 3802 ἀλλ’
3447 3748 3608 3811 αὐτὸς
3663 3751 3786 3802 κατ’

2204 3840 2393 3894 οὐσίαν
2431 3840 2617 3911 νόησίς
2668 3841 2817 3897 ἐστιν
2854 3840 2883 3891 ὁ
2920 3841 3084 3905 Θεός·
3137 3840 3231 3894 καὶ
3276 3841 3399 3904 ὅλος
3440 3840 3647 3910 νόησις,
3692 3824 3816 3894 καὶ⁵

2188 4164 2638 4245 ambagessunt;
2668 4166 2857 4245 nullus
2883 4180 3097 4245 sensus.
3134 4164 3384 4234 Hincque
3406 4161 3653 4245 forsitan
3700 4171 3786 4245 est

2189 4233 2333 4303 quod
2363 4233 2419 4287 in
2450 4234 2617 4287 Marci
2639 4235 2914 4304 capitibus
2939 4251 3047 4289 non
3074 4236 3216 4290 bene
3238 4233 3571 4303 quandoque
3593 4233 3746 4303 sapit
3767 4275 3783 4299 ,

2173 4314 2285 4357 "aut
2309 4311 2458 4358 certe
2490 4319 2618 4372 pars
2646 4320 2840 4373 magna
2875 4306 3002 4359 inde
3033 4306 3137 4370 sit;
3173 4305 3488 4373 faceretque
3513 4319 3545 4358 e
3589 4318 3653 4357 re
3690 4304 3787 4357 lit-

2192 4373 2479 4444 terariaet
2509 4389 2684 4438 sacra,
2717 4372 2810 4444 qui
2841 4375 2987 4429 bono
3015 4374 3187 4428 fultus
3217 4372 3413 4428 codice
3445 4372 3565 4444 ejus
3594 4376 3787 4444 omnia

514 4439 925 4525 iugvoluptarize
952 4441 1078 4493 vitae
1105 4454 1169 4493 ac
1200 4439 1446 4495 libidinis
1483 4441 1803 4496 barathrum
1835 4441 2089 4511 praecipi—
2125 4471 2167 4525 υ
2196 4443 2456 4525 castigate
2506 4439 3329 4525 repraase'ntaret._Abscederet
3381 4439 3590 4525 scilicet
3620 4443 3785 4525 .fumi

515 4515 622 4562 tem
656 4518 800 4563 auat.
864 4542 869 4545 ι

585 4525 818 4649 ῗᾳῗῗίξξι
843 4542 1261 4646 ἐκϐεόήκαμεν,
1295 4579 1391 4633 Est
1417 4579 1693 4647 νηπτικῶν
1723 4580 1892 4635 Marci
1935 4581 2091 4649 capi-

516 4653 632 4719 tum
660 4647 715 4719 ἶ,
735 4648 880 4719 apud
920 4663 1083 4716 quem
1106 4649 1245 4719 male
1272 4649 1400 4705 Pico
1422 4649 1653 4712 editum,
1681 4647 2090 4719 ἐμϐεϐήκαμεν.

515 4715 623 4769 Sed
663 4717 802 4789 illud
817 4715 1006 4789 pejus,
1034 4718 1191 4789 quod
1213 4719 1290 4772 illi
1326 4715 2093 4789 verbojungit'quod'sequi-

516 4794 625 4850 tur,
655 4785 752 4859 τὴν
779 4785 922 4859 ἕξιν,
950 4785 1074 4842 cum
1103 4798 1159 4842 et
1182 4788 1299 4857 ipse
1329 4785 1707 4859 ὲκὸεὸἧκαμεν
1737 4785 1953 4855 legerit,
1976 4785 2097 4857 qua:

513 4872 618 4927 vox
647 4857 903 4927 gignendi
940 4872 1068 4913 casu
1098 4858 1318 4926 gaudet,
1367 4875 1477 4913 non
1519 4857 1812 4913 accusandi
1844 4876 1858 4911 :
1887 4874 1954 4913 ex
1984 4876 2094 4927 qua

514 4926 818 4981 litter’a’sic
877 4932 1200 4997 composita,
1252 4928 1397 4997 quod
1442 4927 1515 4981 sit
1566 4929 1914 4983 commodum
1956 4926 2096 4983 nihil

515 4997 713 5080 reddit.
749 4997 859 5068 Τὴν
886 4998 1229 5080 κατ’-ἀρετὴν
1249 4997 1544 5080 ,ἀτρεψξα-ν,
1574 4997 1719 5080 quod
1756 4999 1956 5080 reddit,
1988 5000 2094 5080 int-

515 5067 827 5138 munitatent
849 5069 1134 5122 aversionis
1159 5067 1420 5131 a'virtnte,
1445 5067 1722 5122 liberioris
1748 5069 2097 5138 paraphrasis

513 5145 616 5190 est.
649 5135 983 5208 Scholiastes
1020 5139 1210 5208 paucis
1234 5139 1573 5207 perstrinxit,
1619 5135 1792 5199 ἄλλως
1837 5135 2096 5204 dii-gemat

519 5208 699 5277 μένειν
722 5211 777 5260 ὲν
800 5207 875 5277 τῷ
907 5207 1053 5277 καλῷ
1083 5210 1145 5261 οὐ
1171 5209 1475 5277 δυνάμεθα·
1506 5208 1858 5263 immutabiles
1883 5210 1939 5261 in
1964 5210 2096 5263 bono

515 5275 816 5346 honestique
849 5275 1035 5331 studio
1071 5295 1180 5332 esse
1221 5275 1325 5331 non
1366 5295 1659 5344 possumus,
1695 5280 1798 5333 nisi
1842 5294 2006 5333 carne
2041 5288 2097 5332 et

515 5347 742 5429 mundo,
775 5362 873 5417 per
904 5348 1228 5402 charitatem
1260 5348 1316 5401 in
1351 5349 1520 5402 Deum
1549 5348 1974 5417 proximumque
2003 5363 2097 5402 ox-

517 5430 869 5471 cesserimus.

591 5483 679 5558 (r)_
699 5489 770 5540 Τό
803 5504 867 5539 τε
912 5487 1099 5558 ιτοοῦν
1131 5487 1226 5558 καὶ
1250 5493 1315 5542 τύ
1336 5488 1684 5555 νοούμενον.
1722 5488 1790 5542 Ει
1810 5488 1914 5543 hoc
1933 5494 2099 5558 caput

516 5553 684 5627 hiemi
714 5556 990 5627 νηπτικῶν
1033 5558 1086 5623 8,
1129 5557 1185 5611 in
1236 5574 1346 5627 quo
1395 5553 1531 5612 nihil
1566 5558 1780 5613 felicius
1811 5553 2099 5613 desudavit

519 5620 707 5698 l’ictls,
740 5620 858 5698 ipso
885 5620 1301 5698 multisvitios'o
1332 5629 1453 5696 ejus
1478 5629 1627 5698 cpd.,
1652 5639 1714 5682 ut
1739 5628 1883 5697 quod
1916 5629 2096 5698 ipsum

520 5688 626 5751 hoc
657 5688 1026 5768 hic-relatum,
1058 5697 1260 5768 habet,
1304 5688 1425 5768 τότε
1468 5694 1588 5752 οὖν’
1616 5688 1899 5768 sequente
1931 5688 2098 5753 etiam

520 5776 646 5821 mox
673 5762 847 5831 hiatu,
881 5781 948 5820 ex
977 5766 1180 5837 quibus
1211 5767 1479 5837 quidquid
1520 5762 1815 5835 redditum,
1850 5768 2098 5824 obscura:

2195 4511 2514 4583 plurimum,
2533 4511 2921 4583 elucerentque
2951 4511 3236 4583 theologia:
3254 4521 3311 4569 et
3334 4513 3580 4582 probata:
3610 4513 3786 4583 ἀσκή-

2199 4581 2333 4645 σεως
2370 4583 2599 4636 lumina.
2628 4584 2740 4638 Nec
2766 4581 3114 4638 SJMaximus
3144 4581 3270 4654 ejus
3304 4591 3454 4636 tanta
3473 4652 3481 4654 _
3500 4581 3784 4647 αὑτολεξεὶ

2196 4661 2477 4724 mutuatus
2501 4662 2668 4717 esset,
2712 4653 2818 4709 nisi
2859 4656 3037 4708 virum
3086 4652 3364 4724 magnum,
3407 4652 3786 4724 solertemque

2198 4723 2511 4793 theologum
2559 4739 2622 4777 ac
2675 4724 2962 4793 probatum
3014 4721 3251 4780 ascetam
3302 4722 3635 4793 agnovisset.
3687 4721 3790 4775 llic

2199 4792 2366 4861 igitur
2393 4792 2577 4863 divina
2606 4791 2951 4863 simplicitas,
2985 4794 3079 4863 qui
3114 4795 3184 4848 sit
3213 4791 3370 4848 actus
3398 4791 3550 4845 omni
3580 4806 3788 4863 vacans

2198 4861 2617 4934 compositione,
2645 4861 2853 4934 suaque
2892 4861 3296 4933 ipsi’operatio,
3326 4861 3787 4934 iriteexplicata,

2198 4932 2266 5003 ad
2313 4948 2477 5001 quam
2518 4931 3150 5003 quoquomodo’animus
3179 4933 3409 4995 accedit,
3459 4931 3514 4991 in
3559 4931 3789 4987 silentio

2197 5002 2293 5057 illo
2333 5018 2560 5074 versans
2597 5003 2745 5073 quod
2790 5002 3132 5074 intelligendi
3175 5004 3285 5056 vim
3320 5016 3539 5074 omnem
3569 5008 3791 5074 actum-

2197 5087 2304 5147 que
2348 5072 2584 5147 excedit,
2614 5071 2677 5147 ut
2710 5071 2992 5147 superiori
3016 5090 3139 5147 cap.
3176 5083 3411 5147 uterque
3457 5071 3787 5147 theologus;

2197 5143 2427 5215 ipsoque
2460 5143 2583 5206 hoc,
2620 5143 2714 5215 τὴν
2744 5143 2837 5196 τοῦ
2884 5146 3024 5197 νοεῖν
3065 5142 3406 5213 ὑπεροχιίιῶς
3447 5142 3791 5215 αποθέμενος

2197 5209 2444 5284 δύναμιν,
2493 5213 2647 5281 quasi
2672 5209 2911 5284 excussa
2955 5209 3579 5284 sgmotaéué‘secundum
3608 5209 3789 5264 excel-

2201 5280 2374 5336 lentia:
2408 5280 2667 5337 rationem
2696 5283 3025 5353 intelligendi
3068 5284 3117 5336 vi
3151 5280 3215 5337 ac
3243 5281 3499 5353 facultate
3530 5298 3559 5353 :7
3582 5294 3791 5353 nempe

2198 5353 2494 5433 quominus
2520 5353 2862 5435 intelligitac
2875 5352 3184 5435 suspensus
3200 5352 3439 5435 caligine
3457 5359 3512 5435 et
3538 5352 3805 5435 ᾁγνωςξίᾳ,

2198 5419 2416 5493 animus
2443 5431 2527 5493 est
2571 5419 2883 5493 (ardoribus
2914 5419 3143 5493 scilicet
3170 5419 3477 5492 cbari'tatis)
3508 5420 3601 5493 sic
3626 5419 3789 5493 altis-

2200 5490 2336 5545 sime
2355 5490 2719 5575 .intelligens;
2747 5494 2839 5548 ubi
2868 5495 3056 5575 Picus,
3077 5490 3478 5575 Aliquantisper
3499 5492 3556 5544 in
3578 5490 3791 5575 unitate

2199 5577 2319 5615 eum
2350 5561 2676 5633 intelligendi
2708 5565 3141 5633 praestantissime
3180 5561 3451 5632 deposuit;
3494 5576 3602 5633 non
3630 5561 3791 5633 satis

2201 5640 2328 5704 apte
2347 5632 2475 5704 haec
2502 5631 2882 5704 superioribus
2907 5636 3162 5704 iungens,
3199 5631 3389 5704 γέγονε
3418 5631 3598 5704 ποσῶς
3625 5631 3689 5680 ὲν
3719 5631 3785 5696 τῇ

2202 5699 2417 5775 μονάδι,
2457 5699 2804 5775 ιιοῌιιιτίεηιιο
2850 5699 2923 5759 Μ’
2952 5699 3381 5775 τοῖιάθιιεήίιοά
3425 5699 3789 5773 mysticorum

2199 5787 2362 5827 nemo
2403 5772 2753 5830 intellexerit.
