4060 6322
313 372 442 448 m7
1134 382 1471 445 CAPITUM
1506 383 1791 445 THEUL.
1829 383 1925 445 ΕΤ
1958 384 2196 447 (ECON.
2234 387 2623 452 CENTURIA
2659 394 2707 460 Ι.
3426 394 3567 461 1118

308 505 499 571 μόνον’
539 494 633 550 καὶ
678 493 842 559 αὐτὸς
885 493 1031 549 κατὰ
1054 493 1154 566 τὴν
1185 494 1372 567 νόησιν
1412 496 1593 562 οὐσία,
1632 495 1729 550 καὶ
1763 495 1878 559 ὅλος

1987 512 2174 553 comes
2206 498 2570 572 intelligatur,
2606 520 2675 560 ne
2716 490 3056 578 compositus
3101 512 3211 578 sit;
3254 510 3371 567 sive
3413 510 3579 569 intui-

303 587 464 643 οὐσία
522 589 617 642 καὶ
662 586 859 659 μόνον·
901 588 995 642 καὶ
1017 588 1158 660 ὑπὲρ
1211 588 1401 642 οὐσίαν
1455 588 1596 654 ὅλος,
1630 591 1722 643 καὶ
1746 589 1878 661 ὑπὲρ

1990 600 2310 669 lectionem,
2348 620 2461 660 non
2506 604 2674 662 habet
2722 618 2921 665 natura
2963 612 3268 683 subjectam
3312 612 3574 669 substan-

302 679 491 753 νόησιν
514 680 656 745 ὅλος,
686 681 821 735 διότι
849 682 944 735 καὶ
973 682 1142 753 μονὰς
1177 681 1487 753 ἀδιαίρετος
1536 683 1633 736 καὶ
1672 683 1878 753 ἀμερὴς

1995 693 2149 758 tiam,
2179 710 2301 765 quae
2326 695 2399 750 sit
2425 712 2595 767 capax
2617 700 3016 758 intellectiouis
3046 718 3281 774 eamque
3311 704 3572 775 recipiat:

304 772 399 826 καὶ
428 772 597 844 ἁπλῆ.
633 774 695 827 Ὀ
742 774 921 829 τοίνυν
954 775 1080 829 καθ’
1110 774 1292 829 ὁτιοῦν
1318 775 1506 845 νόησιν
1538 773 1702 845 ἔχων,
1734 774 1878 829 οὔπω

1984 781 2080 837 sed
2105 783 2251 839 Deus
2278 784 2397 854 ipse
2436 802 2537 857 per
2572 790 2870 846 essentiam
2908 772 3215 847 intellectio
3250 802 3364 858 est;
3393 772 3572 847 totus-

302 864 406 934 τῆς
438 862 631 931 δυάδος
660 866 886 939 ἐξῆλθεν
912 883 926 898 ο
954 868 983 921 ό
1007 867 1065 921 δὲ
1089 868 1292 938 ταύτην
1316 866 1550 938 πάμπαν
1581 867 1878 933 ἀπολιπὼν,

1982 890 2111 944 que.
2130 889 2196 929 ac
2225 877 2406 932 solum
2430 878 2770 948 intellectio;
2794 882 3024 953 ipseque
3042 899 3150 953 qua
3172 883 3386 938 ratione
3408 883 3575 954 580

303 955 495 1026 γέγονε
556 959 737 1024 ποσῶς
772 959 830 1014 ὲν
870 962 937 1031 τῇ
987 961 1198 1030 μονάδι»
1250 959 1344 1032 τὴν
1391 959 1488 1014 τοῦ
1524 962 1668 1015 νοεῖν
1709 961 1878 1033 ὕπερ·

1982 961 2287 1019 intellectio
2322 973 2428 1026 est,
2465 966 2772 1023 substantia
2811 985 2908 1024 seu
2952 980 3179 1035 natura;
3209 979 3491 1040 totusque,
3516 978 3574 1025 et

300 1053 503 1121 οχικῶς
536 1051 876 1123 ἀποθέμενος
902 1052 1155 1123 δύναμιν.

1979 1054 2159 1110 solum
2200 1056 2541 1124 substantia;
2580 1067 2837 1130 totusque
2892 1062 3258 1117 substantiam
3297 1062 3573 1117 excedens

300 1155 399 1198 seu
423 1143 718 1198 essentiam
753 1152 810 1199 et
839 1152 1115 1209 naturam,
1186 1159 1251 1200 ac
1289 1152 1438 1200 totus
1498 1144 1772 1201 excedens
1833 1142 2134 1215 cogitatum
2177 1160 2241 1199 ac
2282 1145 2740 1215 intellectionem,
2771 1151 2977 1221 quippe
3019 1168 3142 1222 qua:
3202 1154 3389 1208 unitas
3429 1151 3574 1208 indi-

301 1236 419 1291 visa
445 1235 733 1305 nullasque
762 1235 1058 1291 admittens
1084 1244 1268 1307 partes
1296 1252 1363 1291 ac
1411 1235 1643 1306 simplex
1690 1233 1926 1291 exsistit.
1967 1233 2227 1304 Quisquis
2264 1235 2430 1306 igitur
2465 1238 2575 1294 ulla
2610 1240 2824 1294 ratione
2865 1240 3299 1296 intellectionem
3340 1257 3437 1298 seu
3477 1257 3572 1297 eoo

300 1328 528 1399 gitatum
556 1326 744 1392 habet,
777 1327 1022 1382 nondum
1056 1328 1274 1383 binario
1305 1328 1540 1383 excessit
1601 1342 1695 1381 seu
1737 1326 2059 1381 dualitate:
2139 1326 2233 1397 qui
2288 1338 2472 1382 autem
2529 1329 2680 1385 hunc
2741 1347 2970 1402 prorsus
3045 1332 3343 1397 abdicavit,
3390 1341 3449 1388 ut
3513 1332 3572 1391 in

300 1420 513 1475 unitate
539 1426 793 1474 versetur
819 1418 1085 1488 tantisper
1111 1427 1308 1473 nactus
1323 1428 1429 1482 est,
1456 1420 1551 1489 qui
1576 1418 1879 1473 secundum
1917 1417 2257 1473 excellentiae
2280 1419 2552 1476 rationem
2587 1402 2933 1495 intelligendi
2967 1426 3075 1479 vim
3103 1429 3427 1484 excusserit.

371 1514 484 1576 πγν.
530 1507 619 1559 Ἐν
655 1507 753 1577 μὲν
794 1508 908 1570 τοῖς
947 1507 1185 1572 πολλοῖς,
1218 1507 1477 1579 ἑτερότης
1508 1507 1604 1561 καὶ
1633 1507 1878 1577 ἀνομοιό-

2049 1508 2137 1562 85.
2196 1509 2253 1563 in
2304 1511 2526 1577 multis,
2584 1511 2880 1569 diversitas
2932 1526 3017 1570 est
3064 1524 3120 1570 et
3174 1517 3571 1575 dissimilitudo

301 1619 399 1671 της
423 1602 539 1654 ἐστὶ
566 1600 661 1654 καὶ
675 1600 934 1672 διαφορά·
963 1601 1021 1653 ὲν
1052 1601 1109 1652 δὲ
1141 1600 1220 1671 τῷ
1245 1599 1385 1671 Θεῷ,
1419 1601 1624 1672 κυρίως
1669 1600 1750 1653 ἐν).
1777 1600 1874 1652 καὶ

1979 1604 2144 1667 atque
2183 1597 2517 1666 discrimen;
2551 1599 2607 1654 in
2644 1601 2758 1655 Deo
2795 1611 2979 1656 autem
3000 1603 3094 1672 qui
3130 1620 3260 1658 vere
3295 1621 3440 1661 unus
3472 1620 3569 1661 ‘so-

303 1694 452 1768 μόνῳ
495 1695 842 1764 τυγχάνοντι,
895 1692 1165 1763 ταυτότης
1194 1693 1291 1746 καὶ
1333 1692 1573 1764 ἁπλότης
1620 1687 1781 1763 μόνον
1812 1692 1878 1762 (ε)

1979 1687 2171 1756 Iusque
2202 1689 2450 1755 exsistat,
2486 1690 2750 1746 identitas
2777 1702 2834 1747 et
2861 1693 3189 1763 simplicitas
3223 1696 3571 1753 solummodo

300 1786 437 1853 ἐστὶ,
472 1785 562 1840 καὶ
592 1785 868 1856 ὁμοιότης.
904 1785 1018 1838 Οὐκ
1049 1785 1292 1854 ἀσφαλὲς
1320 1780 1413 1839 οὖν
1446 1787 1572 1857 πρὶν
1594 1785 1699 1851 ἔξω
1728 1785 1878 1853 γενέ-

1979 1793 2043 1833 ac
2068 1779 2395 1836 similitudo.
2428 1782 2583 1837 Haud
2612 1783 2779 1853 igitur
2813 1793 2992 1839 tutum
3024 1795 3122 1841 aut
3160 1790 3296 1842 satis
3322 1799 3567 1855 cautum,

301 1875 423 1929 σθαι
452 1873 562 1928 τῶν
592 1872 824 1940 πολλῶν,
872 1873 1185 1929 ἐπιϐάλλειν
1225 1877 1348 1937 ταῖς
1377 1856 1509 1944 περὶ
1556 1872 1693 1927 Θεοῦ
1738 1873 1878 1927 θεω-

1983 1879 2046 1926 ιιι
2082 1875 2671 1945 contemplationibus,
2717 1895 2840 1949 quae
2879 1880 2949 1934 de
2992 1881 3106 1936 Deo
3149 1891 3298 1946 sunt,
3343 1883 3572 1954 adjicias

302 1968 480 2046 ρίαιςο
526 1967 621 2019 καὶ
647 1965 801 2036 δηλοῖ
850 1966 1011 2019 τοῦτο
1067 1966 1333 2038 Μωῦσῆς,
1370 1965 1475 2032 ἔξω
1528 1969 1628 2037 τῆς
1661 1983 1878 2037 παρεμ-

1983 1960 2249 2030 animum,
2306 1965 2632 2035 priusquam
2682 1982 2714 2022 e
2772 1969 2963 2024 multis
3016 1972 3343 2027 excesseris.
3400 1973 3571 2043 quue

299 2057 463 2128 δολῆς
496 2056 846 2128 πηγνύμενος
875 2058 976 2128 τὴν
1005 2058 1211 2128 σκηνὴν
1232 2058 1330 2129 τῆς
1350 2058 1614 2125 διανοίας,
1639 2057 1734 2112 καὶ
1756 2057 1878 2111 τότε

1981 2051 2194 2123 Moyses
2236 2054 2486 2112 declarat
2530 2058 2598 2123 ⁸⁸,
2647 2074 2771 2115 cum
2812 2071 2965 2115 extra
3005 2073 3186 2118 castra
3230 2064 3336 2118 iixo
3371 2066 3570 2120 mentis

302 2144 649 2219 προσομιλῶν
684 2143 763 2216 τῷ
806 2133 963 2217 Θεῷ,
984 2146 1057 2199 Τὸ
1082 2146 1193 2219 γὰρ
1235 2146 1374 2219 μετὰ
1404 2146 1564 2216 λόγου
1608 2147 1704 2202 τοῦ
1736 2146 1878 2202 κατὰ

1982 2142 2359 2212 tabernaculo,
2394 2156 2585 2217 postea
2619 2164 2745 2203 cum
2783 2150 2895 2205 Deo
2934 2152 2988 2206 in
3036 2148 3372 2224 colloquium
3397 2156 3566 2210 venit.

299 2238 581 2309 προφορὰν
619 2237 918 2310 πειρᾶσθαι
956 2239 1124 2308 φάναι
1155 2239 1246 2292 τὸν
1273 2237 1534 2312 ἄρρητον,
1597 2241 1878 2296 ἐπικίνδυ-

1979 2230 2099 2287 Non
2125 2234 2270 2288 enim
2300 2238 2456 2289 vaca’t
2484 2238 2756 2307 periculo,
2795 2254 2862 2293 eo
2893 2242 3167 2297 sermonis
3198 2258 3398 2314 genere
3421 2244 3569 2313 quod

297 2347 419 2385 νον·
469 2332 552 2386 ὅτι
590 2329 742 2395 δυὰς,
787 2331 885 2388 καὶ
928 2331 1093 2386 πλέον
1141 2332 1290 2385 ἐστὶν
1338 2333 1366 2385 ό
1398 2333 1544 2387 κατὰ
1592 2334 1878 2405 προφορὰν

1979 2339 2075 2379 ore
2108 2326 2412 2395 profertur,
2459 2344 2588 2382 eum
2635 2337 2849 2386 tentare
2893 2331 2994 2387 fari
3034 2342 3203 2403 atque
3235 2334 3444 2404 eloqui,
3473 2334 3569 2403 qui

296 2422 474 2492 λόγος.
516 2422 591 2476 Τὸ
617 2422 674 2476 δὲ
702 2421 830 2476 ἄνευ
882 2423 1067 2493 φωνῆς
1103 2424 1241 2497 μόνῃ
1271 2426 1338 2495 τῇ
1369 2423 1515 2496 ψυχῇ
1549 2425 1610 2478 τὸ
1633 2424 1693 2478 ὂν
1739 2424 1878 2478 θεωοι

1979 2415 2090 2470 vim
2148 2433 2369 2474 onmem
2430 2421 2706 2477 sermonis
2758 2425 3031 2479 excedit:
3093 2428 3241 2495 quod
3306 2426 3571 2480 nimirum

299 2515 434 2585 ρεῖν,
467 2514 842 2585 ἰσχυρότατον’
878 2514 961 2567 ὅτι
992 2514 1132 2570 κατὰ
1187 2514 1287 2586 τὴν
1322 2516 1629 2587 ἀδιαίρετον
1659 2516 1877 2569 ἵσταται

300 2606 506 2683 μονάδα
527 2647 541 2672 ,
568 2608 662 2660 καὶ
690 2607 790 2660 οὐκ
819 2607 877 2660 ὲν
905 2609 1017 2671 τοϊς
1054 2607 1294 2671 πολλοῖς.
1330 2608 1389 2661 '0
1422 2607 1530 2679 γὰρ
1561 2609 1874 2681 ἀρχιερεὺς,

302 2697 453 2764 ἅπαξ
475 2696 568 2751 τοῦ
594 2696 844 2751 ἐνιαυτοῦ
878 2699 957 2762 είς,
992 2698 1051 2753 τὰ
1076 2698 1246 2768 Ἀγια
1276 2700 1387 2753 τῶν
1417 2700 1589 2769 ἁγίων
1620 2700 1753 2754 εῐσω
1779 2699 1876 2754 τοῦ

296 2790 797 2861 καταπετάσματος
867 2789 1097 2843 εἰσιέναι
1150 2791 1304 2861 μόλις
1376 2793 1874 2863 προστεταγμένος,

294 2883 537 2937 διδάσκει
590 2882 748 2954 μόνον
794 2882 909 2936 δεῖν
958 2883 1188 2947 ἐκεῖνον,
1219 2883 1310 2936 τὸν
1338 2883 1439 2953 τὴν
1482 2884 1652 2955 αὐλὴν
1686 2887 1781 2938 καὶ
1808 2883 1879 2938 τὰ

244 2998 245 3005 η
297 2973 426 3042 ἆγια
448 2973 733 3035 διαόἁντα,
765 2973 860 3028 καὶ
889 2975 971 3038 είς
1005 2973 1073 3027 τὰ
1099 2974 1267 3043 ’Ἅγια
1290 2975 1401 3029 τῶν
1424 2975 1596 3039 ἁγίων
1626 2976 1875 3044 εἴσωγε-

294 3064 547 3135 νόμενον·
575 3064 844 3130 τουτέστι,
874 3064 972 3136 τὴν
1006 3064 1223 3120 ἃπασαν
1250 3065 1359 3123 τῶν
1396 3066 1673 3138 αἰσθητῶν
1696 3085 1754 3120 τε
1780 3069 1877 3122 καὶ

295 3157 502 3255 νοητῶν
529 3157 868 3228 παρελθόντα
889 3160 1073 3228 φύσιν,
1108 3158 1205 3255 καλ,
1228 3157 1411 3255 πόσης
1433 3159 1534 3230 τῆς
1558 3158 1702 3255 θιατόι
1724 3160 1877 3230 γένε-
1904 3196 1946 3255 c

296 3262 380 3300 σιν
435 3245 694 3317 ἰδιότητος
737 3246 1032 3319 γενόμενον
1098 3245 1415 3319 καθαρὸν⁶,
1477 3247 1724 3319 ἀνείμονι
1782 3250 1878 3303 καὶ

293 3342 474 3411 γυμνῇ
497 3343 564 3411 τῇ
597 3338 804 3412 διανοίᾳ
844 3338 1206 3411 προσϐάλλειν
1238 3340 1361 3403 ταῖς
1419 3338 1550 3411 περ)⁸
1580 3340 1718 3395 Θεοῦ
1740 3359 1880 3411 φαν-

294 3429 529 3495 τασίαις.

366 3695 470 3749 πυ.
500 3694 743 3763 Μωῦσῆς
764 3696 792 3747 ό
824 3693 1017 3763 μέγας,
1044 3693 1151 3760 ἔξω
1185 3694 1287 3763 τῆς
1316 3693 1674 3765 παρεμϐολῆς
1695 3692 1873 3764 πηξά-

297 3801 455 3854 μενος
478 3784 669 3837 ἑαυτοῦ
706 3785 806 3855 τὴν
831 3787 1068 3855 σκηνήνο
1095 3785 1366 3849 τουτέστι,
1410 3785 1511 3852 τὴν
1537 3789 1763 3855 γνώμην
1780 3786 1877 3837 καὶ

294 3876 393 3944 τὴν
428 3875 667 3927 διάνοιαν
707 3874 1061 3945 ἱδρυσάμενος
1089 3872 1195 3938 ἔξω
1227 3873 1337 3926 τῶν
1372 3874 1684 3945 ὁρωμένων,
1713 3890 1883 3944 προσ-

296 3965 480 4019 κυνεῖν
506 3965 600 4018 τὸν
629 3964 764 4019 Θεὸν
799 3966 1026 4036 ἄρχεται
1049 3980 1064 3997 ·
1096 3966 1192 4019 καὶ
1226 3966 1306 4026 είς
1348 3965 1441 4018 τὸν
1480 3964 1679 4033 γνόφον
1704 3965 1872 4017 είσελ·

296 4054 428 4121 θὼν,
462 4055 555 4109 τὸν
583 4055 741 4124 ἀειδῆ
765 4056 860 4111 καὶ
876 4057 1038 4111 ἄῡλον
1063 4055 1165 4125 τῆς
1187 4054 1440 4125 γνώσεως
1461 4055 1626 4108 τόπον
1656 4055 1743 4126 (t),
1767 4056 1885 4109 ἐκεῖ

298 4144 453 4217 μένει
484 4144 585 4209 τὰς
601 4144 902 4217 ἱερωτάτας
929 4145 1254 4216 τελούμενος
1281 4144 1524 4208 τελετάς.

1977 2506 2252 2577 ejusmodi
2288 2525 2473 2564 sermo
2513 2510 2695 2565 dualis
2739 2513 2832 2576 sit,
2859 2522 2916 2568 et
2955 2515 3087 2584 quid
3125 2516 3406 2585 amplius:
3452 2517 3571 2571 solo

1978 2607 2160 2653 autem
2193 2601 2378 2655 animo
2408 2602 2617 2673 absque
2643 2620 2802 2669 voce,
2840 2623 2966 2661 eum
2992 2608 3086 2677 qui
3110 2616 3195 2661 est
3220 2607 3572 2664 considerare

1976 2704 2041 2746 ac
2066 2693 2453 2762 contemplari,
2481 2694 2535 2748 id
2560 2711 2696 2751 vero
2738 2697 3137 2753 validissimum
3176 2706 3292 2763 est;
3322 2699 3468 2767 quod
3489 2698 3575 2754 ni-

1977 2781 2181 2837 mirum
2229 2784 2285 2839 in
2318 2785 2556 2841 indivisa
2597 2788 2832 2853 unitate,
2878 2796 2936 2843 et
2981 2804 3089 2844 non
3139 2790 3194 2844 in
3248 2790 3436 2844 multis
3480 2789 3571 2844 ille

1976 2870 2250 2926 consistit.
2284 2871 2534 2928 Pontifex
2576 2890 2836 2946 namque,
2877 2877 2971 2946 qui
3008 2876 3099 2933 vix
3125 2878 3295 2932 semel
3337 2878 3393 2932 in
3423 2892 3573 2932 anno

1977 2961 2121 3017 intra
2174 2965 2358 3019 velum
2403 2966 2458 3019 in
2502 2965 2702 3021 Sancta
2735 2976 3053 3026 sanctorum
3112 2969 3328 3040 ingredi
3372 2969 3569 3041 jubea-

1976 3060 2071 3107 tur
2091 3054 2157 3119 ",
2185 3054 2292 3109 hoc
2314 3055 2513 3123 docet;
2544 3072 2765 3127 nempe,
2813 3074 2938 3113 eum
2987 3059 3255 3114 duntaxat
3292 3061 3389 3129 qui
3428 3060 3571 3114 atria

1980 3155 2282 3215 sanctaque
2330 3149 2634 3217 superavit,
2675 3157 2841 3219 atque
2894 3150 2952 3203 in
2998 3148 3200 3205 Sancta
3255 3157 3571 3205 sanctorum

1979 3236 2291 3307 penetravit
2325 3237 2455 3310 (hoc
2486 3246 2592 3304 est,
2638 3240 2734 3309 qui
2777 3241 3026 3296 omnium
3062 3257 3268 3305 rerum,
3309 3250 3424 3294 tum
3448 3256 3573 3310 qua:

1981 3340 2146 3381 sensu
2173 3328 2585 3398 percipiuntur,
2620 3337 2738 3383 tum
2778 3345 2901 3399 quae
2931 3339 3116 3385 mente
3159 3330 3568 3401 intelliguntur,

1978 3427 2238 3475 naturam
2271 3420 2576 3476 excesserit
2617 3430 2784 3490 atque
2810 3421 2881 3476 ab
2925 3422 3074 3477 omni
3113 3437 3291 3492 purus
3315 3430 3474 3477 ortus
3506 3436 3572 3476 ac

1978 3518 2190 3565 natura:
2218 3512 2560 3582 proprietate
2576 3514 2839 3585 evaserit)
2870 3513 3071 3569 investi
3099 3514 3356 3583 nudaque
3384 3523 3569 3577 mente

1980 3601 2203 3657 divinas
2231 3604 2475 3659 visiones
2507 3620 2571 3660 ac
2592 3606 3090 3675 contemplationes
3119 3605 3356 3675 assequi.

2055 3693 2145 3747 84.
2175 3692 2403 3764 Magnus
2446 3694 2539 3748 ille
2581 3694 2779 3760 Moses,
2810 3694 2917 3749 ﬁxo
2943 3705 3100 3753 extra
3138 3707 3320 3761 castra,
3348 3711 3449 3752 suo
3485 3705 3569 3757 ta-

1982 3780 2282 3837 bernaculo
2332 3785 2540 3852 (mente
2590 3784 2806 3838 scilicet
2846 3794 3011 3854 atque
3054 3787 3241 3841 animo
3281 3796 3435 3841 extra
3482 3802 3572 3853 res

1980 3871 2160 3926 oculis
2198 3872 2477 3943 subiectas
2521 3873 2679 3927 ﬁrma
2718 3874 2956 3930 statione
2992 3875 3191 3948 locata)
3227 3878 3400 3931 Deum
3432 3877 3570 3933 ado-

1978 3977 2105 4016 rare
2148 3964 2349 4032 ctepit;
2382 3964 2777 4035 ingressusque
2833 3966 2888 4021 in
2922 3967 3211 4037 caliginem
3249 3968 3567 4039 (obscurum

1981 4052 2198 4109 scilicet
2239 4054 2591 4124 invisumque
2633 4072 2699 4111 ac
2731 4058 2977 4113 materiae
3005 4067 3289 4128 expertem
3323 4059 3569 4116 scientiae

1980 4145 2187 4217 locum)
2217 4146 2589 4202 sacratissima
2619 4164 2888 4220 peragens
2930 4151 3196 4222 mysteria
3237 4151 3416 4222 iisque
3455 4151 3566 4206 ini-

1981 4236 2228 4304 tiandus,
2258 4236 2375 4292 illic
2404 4246 2654 4294 moratur
2682 4239 2747 4293 η.

364 4369 414 4402 ⁵⁸
433 4369 607 4426 Exod.
629 4384 814 4435 xxxm,
842 4370 892 4424 7.
970 4368 1014 4401 "
1038 4367 1209 4424 Hebr.
1232 4385 1304 4436 rx,
1331 4372 1383 4425 7.
1458 4370 1504 4403 ⁸⁸
1524 4370 1699 4428 Exod.
1722 4385 1910 4436 xxxiii,
1935 4372 1998 4439 7;
2027 4388 2119 4439 xx,
2142 4373 2233 4437 2L

370 4511 583 4583 ‘7Marg.
613 4512 705 4568 Fr.
740 4511 905 4583 Ὅρα,
941 4513 976 4583 ἡ
1006 4511 1148 4565 κατὰ
1162 4510 1659 4583 γένεσινψίδιότης,
1684 4512 1718 4581 ή
1761 4509 1871 4583 τῶν

296 4580 572 4652 αἰσθητῶν
612 4583 707 4652 καὶ
736 4580 1109 4652 νοητῶνεστι
1154 4581 1349 4650 φύσις⁸
1380 4581 1544 4651 ἦτουν
1592 4580 1767 4635 πάντα
1805 4580 1879 4634 τὰ

297 4650 622 4724 μετὰήΘεόνι
652 4651 796 4718 Vide,
823 4650 981 4707 Ortus
1007 4653 1330 4724 praprietas,
1351 4650 1551 4706 natura
1576 4660 1651 4705 est
1674 4666 1879 4716 eorum,

365 4772 458 4845 (s)_
492 4771 785 4845 Ταυτότῃς
819 4770 918 4824 καὶ
966 4770 1237 4845 ἁπλότης
1280 4773 1506 4845 μόνοις.-
1545 4768 1720 4845 Etiam
1775 4770 1882 4825 hoc

292 4840 463 4898 Marci
496 4842 795 4913 νηπτικῶν,
842 4856 962 4910 cap.
1008 4842 1061 4913 9.
1100 4841 1198 4896 Est
1240 4850 1296 4895 et
1331 4841 1421 4895 hic
1453 4840 1657 4913 hiatus,
1694 4842 1877 4910 ‘quem

294 4929 400 4967 nec
445 4910 687 4966 advertit
732 4912 925 4975 Picus;
981 4911 1062 4965 sic
1118 4920 1323 4965 temere
1375 4910 1545 4980 rapit,
1594 4918 1878 4980 certatque

295 4982 528 5037 reddere
553 4981 823 5052 quidquid
849 4980 1319 5052 occurrerit;gvel
1348 4981 1392 5035 si
1424 4981 1635 5052 nullum
1669 4980 1879 5052 invenit

294 5049 905 5120 sensumfnullumque
961 5051 1077 5119 ipse
1110 5050 1324 5105 meliori
1366 5050 1683 5120 conjectura
1715 5049 1876 5109 resti-

297 5122 434 5187 tuit,
468 5119 565 5175 sed
615 5122 782 5190 verba
817 5115 1007 5175 solum
1057 5120 1258 5175 fundit.
1306 5115 1601 5175 Altissimte
1635 5120 1874 5190 mystica:

296 5190 582 5261 theologia:
604 5189 770 5247 Marci
791 5191 906 5245 haec
921 5190 1127 5261 omnia,
1152 5191 1273 5261 ipsa
1284 5190 1638 5261 solidissima,
1665 5189 1873 5261 omnis-

294 5277 411 5333 que,
447 5258 803 5333 labispura;
840 5258 1040 5315 merito
1078 5258 1313 5333 proinde
1355 5259 1590 5315 Maximo
1634 5262 1750 5316 suis
1788 5259 1876 5315 liis

294 5329 571 5402 capitibus
606 5329 830 5402 inserta.

368 5397 433 5472 it)
470 5400 582 5454 Τὸν
616 5397 784 5472 ἀειδῆ
832 5398 931 5472 καὶ
966 5399 1159 5472 ᾂῦλον
1188 5401 1301 5471 τῆς
1345 5402 1620 5472 γνώσεως
1666 5402 1873 5472 τόπον.

296 5469 395 5525 llic
414 5468 851 5544 quoquewPicus
895 5469 950 5523 in
984 5471 1201 5544 Marco,
1246 5468 1403 5544 cujus
1444 5483 1530 5529 est
1574 5468 1874 5544 νηπτικῷ).

295 5556 416 5610 cap.
437 5538 540 5604 ’10,
567 5541 704 5610 ἀηδῆ
730 5539 863 5610 legit
884 5548 941 5594 et
967 5542 1248 5610 decoquit,
1273 5538 1703 5599 inamoenude
1726 5538 1877 5595 enim

294 5609 477 5685 ῥηδὲς,
518 5609 763 5685 στυγνὸν,
795 5609 1058 5685 λυπηρὸν
1101 5609 1337 5685 Hesych.
1362 5615 1546 5685 triste,
1577 5611 1875 5685 molestum.

297 5680 406 5735 Sed
434 5679 877 5752 non_ejusuiodi,
910 5679 977 5736 ex
1010 5698 1122 5752 quo
1151 5679 1297 5740 Deus
1321 5679 1541 5740 videtur
1575 5682 1632 5736 in
1659 5689 1875 5737 secreto

294 5750 795 5824 contemplationis,
842 5750 1205 5824 inque'nube
1267 5763 1323 5809 et
1370 5754 1623 5824 caligine,
1668 5753 1868 5807 locus:

469 5828 608 5879 tcstc
634 5820 938 5890 Bernardo,
970 5822 1149 5880 Brevis
1175 5825 1328 5893 hora,
1358 5820 1563 5896 {elixwin
1583 5839 1651 5880 eo
1677 5837 1827 5878 mora
1851 5838 1871 5876 :

1981 4526 2100 4581 qua:
2128 4511 2702 4585 sensa__percipiuntu_r,
2735 4519 2786 4564 et
2809 4527 2929 4581 qua:
2947 4520 3129 4585 _mente
3155 4512 3564 4585 intelliguntur;

1983 4579 2173 4638 cuucta
2203 4579 2401 4638 scilicet
2424 4579 2542 4652 qua:
2575 4599 2609 4636 a
2627 4580 2739 4636 Deo
2764 4579 2992 4636 secunda
3014 4590 3157 4637 sunt.

1980 4770 2098 4844 sed,
2118 4773 2311 4838 ἀειδὲς,
2330 4772 2532 4838 eidem,
2556 4772 2779 4844 ἀφανὲς,
2796 4772 3043 4844 ἄμορφον
3061 4789 3076 4803 ·
3105 4772 3403 4844 obscurum,
3425 4773 3565 4844 quod

1979 4842 2147 4914 videri
2178 4859 2298 4914 non
2342 4851 2526 4914 potest,
2574 4843 2714 4913 quod
2759 4844 2901 4896 omni
2931 4842 3103 4912 [arma
3137 4852 3311 4908 caret;
3355 4842 3562 4898 idcirco

1979 4913 2127 4983 quod
2157 4912 2350 4983 ἄϋλον,
2386 4912 2709 4983 ἀσώματονο
2757 4921 2909 4966 extra
2964 4914 3241 4966 materiam
3282 4921 3331 4965 et
3374 4929 3562 4983 corpus

1980 4990 2075 5037 est.
2115 4982 2212 5038 His
2235 4982 2383 5037 enim
2414 4982 2643 5037 excedat
2671 4983 3142 5051 animusrnecesse
3168 4989 3271 5045 est,
3306 4982 3403 5051 qui
3433 4982 3559 5037 cum

1981 5051 2093 5106 Deo
2120 5052 2228 5106 alta
2254 5052 2717 5120 contemplatione
2738 5050 3051 5120 amorisque
3074 5050 3408 5120 commercio
3429 5067 3561 5106 con-

1981 5135 2239 5176 suescere
2261 5122 2447 5175 habet.
2473 5118 2737 5189 Quodque
2769 5121 2823 5174 in
2847 5118 3271 5188 Ρὶοἴσφὰλμασι
3296 5120 3562 5189 tantisper

1979 5204 2206 5254 versor,
2239 5206 2340 5246 nec
2374 5191 2507 5259 illud
2544 5206 2654 5245 non
2688 5205 2910 5259 possum
2944 5189 3250 5259 advertere,
3280 5190 3425 5256 quod
3457 5189 3563 5245 He-

1980 5260 2156 5331 sychii
2188 5256 2580 5331 Antirrheticott
2629 5256 2774 5331 cent.
2805 5259 2864 5331 1,
2886 5274 2937 5331 e.
2968 5258 3278 5331 25_,_babet,
3309 5259 3450 5331 ’ρρα
3483 5260 3560 5331 μὴ

1981 5318 2173 5400 οἷηθῇς
2202 5332 2341 5384 κατὰ
2374 5327 2461 5381 τὸν
2491 5330 2659 5382 πάλαι
2701 5318 2935 5398 Ἰσραὴλ,
2958 5318 3282 5400 ιἰξᾷόξιιῃιοξΔ
3311 5318 3560 5395 Οὺξενῦαξ

1983 5397 2179 5481 neque
2211 5400 2422 5481 ducaris
2443 5401 2684 5481 opinione
2711 5397 2854 5480 mare
2873 5397 3061 5481 pepuli
3089 5397 3408 5481 (fraetitici;
3438 5416 3559 5481 pro,

1981 5468 2245 5550 οἰνωθῇς,
2265 5486 2329 5523 ne
2356 5471 2489 5550 pina
2518 5468 2820 5550 implearis,
2854 5484 2949 5523 seu
2985 5476 3053 5550 te
3101 5468 3195 5548 illo
3240 5468 3559 5550 iligttrgites,

1979 5537 2056 5592 De
2091 5537 2247 5593 vituli
2282 5540 2431 5594 enim
2465 5537 2671 5594 fabrica
2705 5553 2887 5592 sermo
2916 5546 3021 5601 est,
3048 5537 3139 5593 cui
3181 5537 3424 5607 praeivit'
3447 5556 3560 5597 non

1978 5609 2187 5677 quaevis
2215 5609 2422 5679 opinio,
2466 5608 2560 5679 sed
2595 5607 2939 5679 temulentis,
2985 5617 3048 5664 ut
3090 5608 3265 5679 liquet
3303 5624 3372 5679 ex
3404 5623 3562 5668 sacro

1979 5687 2152 5750 textu,
2177 5677 2353 5750 exque
2388 5679 2492 5735 PP.
2528 5677 2731 5734 Basilio
2758 5686 2815 5733 et
2848 5678 2997 5750 aliis,
3030 5677 3232 5750 quibus
3259 5678 3414 5750 nihil
3437 5693 3557 5733 cre~

1976 5746 2133 5875 ἓτίἓε
2173 5746 2289 5875 ιιοῆ
2316 5759 2661 5825 argumento,
2698 5757 2759 5806 ut
2808 5749 2878 5805 ab
2924 5746 3193 5807 ebrietate
3236 5748 3561 5825 poculisque.

2014 5835 2049 5875 ο
2108 5835 2312 5875 rrean.

2014 5828 2312 5881 cterreant.
