  <div class='ocr_page' id='page_1' title='image "/cluster/home/n/w/nwhite01/storage/ocr_20150623/90/mdp.39015022223161/565.png"; bbox 0 0 4122 6320; ppageno 0'>
   <div class='ocr_carea' id='block_1_1' title="bbox 502 344 639 409">
    <p class='ocr_par' dir='ltr' id='par_1_1' title="bbox 502 344 639 409">
     <span class='ocr_line' id='line_1_1' title="bbox 502 344 639 409; baseline 0.007 -1"><span class='ocrx_word' id='word_1_1' title='bbox 502 344 639 409; x_wconf 82' lang='grc'><strong>1119</strong></span> 
     </span>
    </p>
   </div>
   <div class='ocr_carea' id='block_1_2' title="bbox 1667 341 2613 404">
    <p class='ocr_par' dir='ltr' id='par_1_2' title="bbox 1667 341 2613 404">
     <span class='ocr_line' id='line_1_2' title="bbox 1667 341 2613 404; baseline 0.001 -1"><span class='ocrx_word' id='word_1_2' title='bbox 1667 343 1730 403; x_wconf 88' lang='lat' dir='ltr'><strong>S.</strong></span> <span class='ocrx_word' id='word_1_3' title='bbox 1771 342 2061 402; x_wconf 71' lang='lat' dir='ltr'><strong>MAXIM!</strong></span> <span class='ocrx_word' id='word_1_4' title='bbox 2099 341 2613 404; x_wconf 81' lang='lat' dir='ltr'><strong>CONFESSORIS</strong></span> 
     </span>
    </p>
   </div>
   <div class='ocr_carea' id='block_1_3' title="bbox 3639 340 3772 407">
    <p class='ocr_par' dir='ltr' id='par_1_3' title="bbox 3639 340 3772 407">
     <span class='ocr_line' id='line_1_3' title="bbox 3639 340 3772 407; baseline 0.03 -4"><span class='ocrx_word' id='word_1_5' title='bbox 3639 340 3772 407; x_wconf 74' lang='grc'><strong>1120</strong></span> 
     </span>
    </p>
   </div>
   <div class='ocr_carea' id='block_1_4' title="bbox 571 445 2102 524">
    <p class='ocr_par' dir='ltr' id='par_1_4' title="bbox 571 450 2089 524">
     <span class='ocr_line' id='line_1_4' title="bbox 571 450 2089 524; baseline -0.004 -16"><span class='ocrx_word' id='word_1_6' title='bbox 571 451 662 508; x_wconf 78' lang='lat'><strong>85.</strong></span> <span class='ocrx_word' id='word_1_7' title='bbox 688 451 899 524; x_wconf 86' lang='lat' dir='ltr'><strong>Caligo,</strong></span> <span class='ocrx_word' id='word_1_8' title='bbox 941 453 1210 508; x_wconf 86' lang='lat' dir='ltr'><strong>obscurus</strong></span> <span class='ocrx_word' id='word_1_9' title='bbox 1239 459 1324 507; x_wconf 91' lang='lat' dir='ltr'><strong>est</strong></span> <span class='ocrx_word' id='word_1_10' title='bbox 1359 467 1456 506; x_wconf 91' lang='lat' dir='ltr'><strong>seu</strong></span> <span class='ocrx_word' id='word_1_11' title='bbox 1507 450 1743 516; x_wconf 84' lang='lat' dir='ltr'><strong>invisus,</strong></span> <span class='ocrx_word' id='word_1_12' title='bbox 1778 465 2089 519; x_wconf 83' lang='lat' dir='ltr'><strong>expersque</strong></span> 
     </span>
    </p>
   </div>
   <div class='ocr_carea' id='block_1_5' title="bbox 2202 445 3774 524">
    <p class='ocr_par' dir='ltr' id='par_1_5' title="bbox 2269 445 3774 520">
     <span class='ocr_line' id='line_1_5' title="bbox 2269 445 3774 520; baseline -0.001 -17"><span class='ocrx_word' id='word_1_13' title='bbox 2269 458 2370 504; x_wconf 86' lang='grc' dir='ltr'>πε’.</span> <span class='ocrx_word' id='word_1_14' title='bbox 2416 450 2476 503; x_wconf 86' lang='grc'><strong>’0</strong></span> <span class='ocrx_word' id='word_1_15' title='bbox 2500 451 2695 520; x_wconf 76' lang='grc' dir='ltr'>γνόφος</span> <span class='ocrx_word' id='word_1_16' title='bbox 2717 449 2884 515; x_wconf 75' lang='grc' dir='ltr'>ἐστὶν,</span> <span class='ocrx_word' id='word_1_17' title='bbox 2909 451 2943 520; x_wconf 79' lang='grc' dir='ltr'>ἡ</span> <span class='ocrx_word' id='word_1_18' title='bbox 2972 448 3158 518; x_wconf 77' lang='grc' dir='ltr'>ἀειδὴς</span> <span class='ocrx_word' id='word_1_19' title='bbox 3187 448 3280 502; x_wconf 76' lang='grc' dir='ltr'><strong>καὶ</strong></span> <span class='ocrx_word' id='word_1_20' title='bbox 3310 445 3474 512; x_wconf 81' lang='grc' dir='ltr'>ἆῦλος</span> <span class='ocrx_word' id='word_1_21' title='bbox 3503 445 3598 502; x_wconf 75' lang='grc' dir='ltr'>καὶ</span> <span class='ocrx_word' id='word_1_22' title='bbox 3630 448 3774 502; x_wconf 84' lang='grc' dir='ltr'>ἀσώ-</span> 
     </span>
    </p>
   </div>
   <div class='ocr_carea' id='block_1_6' title="bbox 502 543 2090 615">
    <p class='ocr_par' dir='ltr' id='par_1_6' title="bbox 502 543 2090 615">
     <span class='ocr_line' id='line_1_6' title="bbox 502 543 2090 615; baseline -0.002 -17"><span class='ocrx_word' id='word_1_23' title='bbox 502 545 749 601; x_wconf 63' lang='lat' dir='ltr'><strong>materiae</strong></span> <span class='ocrx_word' id='word_1_24' title='bbox 779 561 842 600; x_wconf 90' lang='lat' dir='ltr'><strong>ac</strong></span> <span class='ocrx_word' id='word_1_25' title='bbox 873 546 1234 615; x_wconf 87' lang='lat' dir='ltr'><strong>incorporeus</strong></span> <span class='ocrx_word' id='word_1_26' title='bbox 1259 552 1460 610; x_wconf 89' lang='lat' dir='ltr'><strong>status,</strong></span> <span class='ocrx_word' id='word_1_27' title='bbox 1485 543 1857 613; x_wconf 81' lang='lat' dir='ltr'><strong>exemplarem</strong></span> <span class='ocrx_word' id='word_1_28' title='bbox 1902 557 2090 596; x_wconf 85' lang='lat' dir='ltr'><strong>rerum</strong></span> 
     </span>
    </p>
   </div>
   <div class='ocr_carea' id='block_1_7' title="bbox 501 633 2088 706">
    <p class='ocr_par' dir='ltr' id='par_1_7' title="bbox 501 633 2088 706">
     <span class='ocr_line' id='line_1_7' title="bbox 501 633 2088 706; baseline -0.003 -16"><span class='ocrx_word' id='word_1_29' title='bbox 501 636 794 692; x_wconf 72' lang='lat' dir='ltr'><strong>scientiam</strong></span> <span class='ocrx_word' id='word_1_30' title='bbox 827 637 1038 691; x_wconf 83' lang='lat' dir='ltr'><strong>habens</strong></span> <span class='ocrx_word' id='word_1_31' title='bbox 1070 653 1084 691; x_wconf 91' lang='lat'>:</span> <span class='ocrx_word' id='word_1_32' title='bbox 1115 637 1169 690; x_wconf 89' lang='lat' dir='ltr'><strong>in</strong></span> <span class='ocrx_word' id='word_1_33' title='bbox 1226 651 1393 706; x_wconf 90' lang='lat' dir='ltr'><strong>quam</strong></span> <span class='ocrx_word' id='word_1_34' title='bbox 1425 636 1517 706; x_wconf 89' lang='lat' dir='ltr'><strong>qui</strong></span> <span class='ocrx_word' id='word_1_35' title='bbox 1558 635 1841 705; x_wconf 83' lang='lat' dir='ltr'><strong>ingressus</strong></span> <span class='ocrx_word' id='word_1_36' title='bbox 1867 644 1974 698; x_wconf 86' lang='lat' dir='ltr'><strong>est,</strong></span> <span class='ocrx_word' id='word_1_37' title='bbox 2001 633 2088 687; x_wconf 85' lang='lat' dir='ltr'>vel</span> 
     </span>
    </p>
   </div>
   <div class='ocr_carea' id='block_1_8' title="bbox 503 726 2088 798">
    <p class='ocr_par' dir='ltr' id='par_1_8' title="bbox 503 726 2088 798">
     <span class='ocr_line' id='line_1_8' title="bbox 503 726 2088 798; baseline -0.003 -16"><span class='ocrx_word' id='word_1_38' title='bbox 503 736 564 782; x_wconf 91' lang='lat' dir='ltr'><strong>ut</strong></span> <span class='ocrx_word' id='word_1_39' title='bbox 593 729 735 783; x_wconf 89' lang='lat' dir='ltr'><strong>alius</strong></span> <span class='ocrx_word' id='word_1_40' title='bbox 763 728 1038 798; x_wconf 81' lang='lat' dir='ltr'><strong>quispiam</strong></span> <span class='ocrx_word' id='word_1_41' title='bbox 1071 727 1268 793; x_wconf 82' lang='lat' dir='ltr'><strong>Moses,</strong></span> <span class='ocrx_word' id='word_1_42' title='bbox 1303 727 1523 783; x_wconf 77' lang='lat' dir='ltr'><strong>mortali</strong></span> <span class='ocrx_word' id='word_1_43' title='bbox 1561 736 1775 782; x_wconf 66' lang='lat' dir='ltr'><strong>naturae</strong></span> <span class='ocrx_word' id='word_1_44' title='bbox 1807 726 2088 795; x_wconf 86' lang='lat' dir='ltr'><strong>inaspecta</strong></span> 
     </span>
    </p>
   </div>
   <div class='ocr_carea' id='block_1_9' title="bbox 502 819 2091 890">
    <p class='ocr_par' dir='ltr' id='par_1_9' title="bbox 502 819 2091 890">
     <span class='ocr_line' id='line_1_9' title="bbox 502 819 2091 890; baseline 0 -17"><span class='ocrx_word' id='word_1_45' title='bbox 502 819 854 886; x_wconf 75' lang='lat' dir='ltr'><strong>considerat;</strong></span> <span class='ocrx_word' id='word_1_46' title='bbox 901 821 1008 875; x_wconf 90' lang='lat' dir='ltr'><strong>hac</strong></span> <span class='ocrx_word' id='word_1_47' title='bbox 1048 820 1335 886; x_wconf 86' lang='lat' dir='ltr'><strong>nimirum,</strong></span> <span class='ocrx_word' id='word_1_48' title='bbox 1381 820 1699 875; x_wconf 88' lang='lat' dir='ltr'><strong>divinarum</strong></span> <span class='ocrx_word' id='word_1_49' title='bbox 1737 819 1898 890; x_wconf 66' lang='grc'><strong>481</strong></span> <span class='ocrx_word' id='word_1_50' title='bbox 1944 819 1999 872; x_wconf 93' lang='lat' dir='ltr'><strong>in</strong></span> <span class='ocrx_word' id='word_1_51' title='bbox 2032 834 2091 874; x_wconf 91' lang='lat' dir='ltr'><strong>se</strong></span> 
     </span>
    </p>
   </div>
   <div class='ocr_carea' id='block_1_10' title="bbox 500 896 2090 978">
    <p class='ocr_par' dir='ltr' id='par_1_10' title="bbox 500 896 2090 978">
     <span class='ocr_line' id='line_1_10' title="bbox 500 896 2090 978; baseline 0.002 -19"><span class='ocrx_word' id='word_1_52' title='bbox 500 906 770 960; x_wconf 81' lang='lat' dir='ltr'><strong>virtutum</strong></span> <span class='ocrx_word' id='word_1_53' title='bbox 795 907 1054 964; x_wconf 88' lang='lat' dir='ltr'><strong>decorem</strong></span> <span class='ocrx_word' id='word_1_54' title='bbox 1085 908 1414 973; x_wconf 81' lang='lat' dir='ltr'><strong>informans,</strong></span> <span class='ocrx_word' id='word_1_55' title='bbox 1448 917 1707 978; x_wconf 90' lang='lat' dir='ltr'><strong>tanquam</strong></span> <span class='ocrx_word' id='word_1_56' title='bbox 1740 896 1942 964; x_wconf 70' lang='lat' dir='ltr'><strong>tabella</strong></span> <span class='ocrx_word' id='word_1_57' title='bbox 1965 923 2090 978; x_wconf 86' lang='lat' dir='ltr'><strong>gra-</strong></span> 
     </span>
    </p>
   </div>
   <div class='ocr_carea' id='block_1_11' title="bbox 499 995 2092 1070">
    <p class='ocr_par' dir='ltr' id='par_1_11' title="bbox 499 995 2092 1070">
     <span class='ocr_line' id='line_1_11' title="bbox 499 995 2092 1070; baseline 0.001 -22"><span class='ocrx_word' id='word_1_58' title='bbox 499 995 663 1070; x_wconf 88' lang='lat' dir='ltr'><strong>phice</strong></span> <span class='ocrx_word' id='word_1_59' title='bbox 691 997 838 1066; x_wconf 88' lang='lat' dir='ltr'><strong>picta</strong></span> <span class='ocrx_word' id='word_1_60' title='bbox 877 996 1184 1062; x_wconf 87' lang='lat' dir='ltr'><strong>descendit,</strong></span> <span class='ocrx_word' id='word_1_61' title='bbox 1211 997 1484 1068; x_wconf 80' lang='lat' dir='ltr'><strong>principis</strong></span> <span class='ocrx_word' id='word_1_62' title='bbox 1514 996 1706 1052; x_wconf 64' lang='lat' dir='ltr'><strong>formm</strong></span> <span class='ocrx_word' id='word_1_63' title='bbox 1742 998 1973 1068; x_wconf 86' lang='lat' dir='ltr'><strong>ejusque</strong></span> <span class='ocrx_word' id='word_1_64' title='bbox 2001 996 2092 1050; x_wconf 80' lang='lat' dir='ltr'><strong>de-</strong></span> 
     </span>
    </p>
   </div>
   <div class='ocr_carea' id='block_1_12' title="bbox 494 1089 2088 1162">
    <p class='ocr_par' dir='ltr' id='par_1_12' title="bbox 494 1089 2088 1162">
     <span class='ocr_line' id='line_1_12' title="bbox 494 1089 2088 1162; baseline 0.003 -20"><span class='ocrx_word' id='word_1_65' title='bbox 494 1089 649 1143; x_wconf 85' lang='lat' dir='ltr'><strong>coris</strong></span> <span class='ocrx_word' id='word_1_66' title='bbox 693 1105 1009 1159; x_wconf 78' lang='lat' dir='ltr'><strong>expressam</strong></span> <span class='ocrx_word' id='word_1_67' title='bbox 1057 1091 1287 1162; x_wconf 89' lang='lat' dir='ltr'><strong>pulchre</strong></span> <span class='ocrx_word' id='word_1_68' title='bbox 1332 1091 1757 1147; x_wconf 85' lang='lat' dir='ltr'><strong>similitudinem</strong></span> <span class='ocrx_word' id='word_1_69' title='bbox 1799 1091 2088 1156; x_wconf 80' lang='lat' dir='ltr'><strong>referens;</strong></span> 
     </span>
    </p>
   </div>
   <div class='ocr_carea' id='block_1_13' title="bbox 501 1181 2090 1254">
    <p class='ocr_par' dir='ltr' id='par_1_13' title="bbox 501 1181 2090 1254">
     <span class='ocr_line' id='line_1_13' title="bbox 501 1181 2090 1254; baseline 0.002 -20"><span class='ocrx_word' id='word_1_70' title='bbox 501 1181 623 1250; x_wconf 80' lang='lat' dir='ltr'><strong>ipse</strong></span> <span class='ocrx_word' id='word_1_71' title='bbox 654 1195 713 1236; x_wconf 91' lang='lat' dir='ltr'><strong>se</strong></span> <span class='ocrx_word' id='word_1_72' title='bbox 758 1181 868 1236; x_wconf 89' lang='lat' dir='ltr'><strong>illis</strong></span> <span class='ocrx_word' id='word_1_73' title='bbox 914 1183 1226 1254; x_wconf 74' lang='lat' dir='ltr'><strong>exemplum</strong></span> <span class='ocrx_word' id='word_1_74' title='bbox 1264 1183 1601 1254; x_wconf 88' lang='lat' dir='ltr'><strong>producens,</strong></span> <span class='ocrx_word' id='word_1_75' title='bbox 1643 1183 1847 1254; x_wconf 85' lang='lat' dir='ltr'><strong>quibus</strong></span> <span class='ocrx_word' id='word_1_76' title='bbox 1883 1192 1943 1237; x_wconf 90' lang='lat' dir='ltr'><strong>ut</strong></span> <span class='ocrx_word' id='word_1_77' title='bbox 1977 1183 2090 1237; x_wconf 87' lang='lat' dir='ltr'><strong>vir-</strong></span> 
     </span>
    </p>
   </div>
   <div class='ocr_carea' id='block_1_14' title="bbox 503 1273 2093 1345">
    <p class='ocr_par' dir='ltr' id='par_1_14' title="bbox 503 1273 2093 1345">
     <span class='ocr_line' id='line_1_14' title="bbox 503 1273 2093 1345; baseline 0.003 -19"><span class='ocrx_word' id='word_1_78' title='bbox 503 1281 679 1327; x_wconf 87' lang='lat' dir='ltr'><strong>tutem</strong></span> <span class='ocrx_word' id='word_1_79' title='bbox 722 1273 1011 1329; x_wconf 81' lang='lat' dir='ltr'><strong>imitentur</strong></span> <span class='ocrx_word' id='word_1_80' title='bbox 1052 1275 1239 1330; x_wconf 90' lang='lat' dir='ltr'><strong>animo</strong></span> <span class='ocrx_word' id='word_1_81' title='bbox 1280 1276 1647 1331; x_wconf 89' lang='lat' dir='ltr'><strong>constitutum</strong></span> <span class='ocrx_word' id='word_1_82' title='bbox 1677 1285 1800 1342; x_wconf 90' lang='lat' dir='ltr'><strong>est;</strong></span> <span class='ocrx_word' id='word_1_83' title='bbox 1851 1275 2093 1345; x_wconf 85' lang='lat' dir='ltr'><strong>hincque</strong></span> 
     </span>
    </p>
   </div>
   <div class='ocr_carea' id='block_1_15' title="bbox 501 1365 2092 1440">
    <p class='ocr_par' dir='ltr' id='par_1_15' title="bbox 501 1365 2092 1440">
     <span class='ocr_line' id='line_1_15' title="bbox 501 1365 2092 1440; baseline 0.001 -21"><span class='ocrx_word' id='word_1_84' title='bbox 501 1365 642 1420; x_wconf 89' lang='lat' dir='ltr'><strong>adeo</strong></span> <span class='ocrx_word' id='word_1_85' title='bbox 699 1377 973 1438; x_wconf 83' lang='lat' dir='ltr'><strong>perceptae</strong></span> <span class='ocrx_word' id='word_1_86' title='bbox 1033 1369 1220 1439; x_wconf 74' lang='lat' dir='ltr'><strong>gratia:</strong></span> <span class='ocrx_word' id='word_1_87' title='bbox 1278 1377 1444 1438; x_wconf 86' lang='lat' dir='ltr'><strong>atque</strong></span> <span class='ocrx_word' id='word_1_88' title='bbox 1498 1369 1746 1424; x_wconf 88' lang='lat' dir='ltr'><strong>muneris</strong></span> <span class='ocrx_word' id='word_1_89' title='bbox 1799 1369 2092 1440; x_wconf 87' lang='lat' dir='ltr'><strong>benignam</strong></span> 
     </span>
    </p>
   </div>
   <div class='ocr_carea' id='block_1_16' title="bbox 501 1457 1769 1529">
    <p class='ocr_par' dir='ltr' id='par_1_16' title="bbox 501 1457 1769 1529">
     <span class='ocr_line' id='line_1_16' title="bbox 501 1457 1769 1529; baseline 0.003 -19"><span class='ocrx_word' id='word_1_90' title='bbox 501 1457 855 1528; x_wconf 83' lang='lat' dir='ltr'><strong>largitionem</strong></span> <span class='ocrx_word' id='word_1_91' title='bbox 885 1468 1051 1529; x_wconf 89' lang='lat' dir='ltr'><strong>atque</strong></span> <span class='ocrx_word' id='word_1_92' title='bbox 1082 1459 1420 1514; x_wconf 85' lang='lat' dir='ltr'><strong>allluentiam</strong></span> <span class='ocrx_word' id='word_1_93' title='bbox 1449 1461 1769 1516; x_wconf 88' lang='lat' dir='ltr'><strong>ostendens.</strong></span> 
     </span>
    </p>
   </div>
   <div class='ocr_carea' id='block_1_17' title="bbox 572 1550 2093 1623">
    <p class='ocr_par' dir='ltr' id='par_1_17' title="bbox 572 1550 2093 1623">
     <span class='ocr_line' id='line_1_17' title="bbox 572 1550 2093 1623; baseline 0.001 -19"><span class='ocrx_word' id='word_1_94' title='bbox 572 1551 662 1605; x_wconf 88' lang='grc'><strong>86.</strong></span> <span class='ocrx_word' id='word_1_95' title='bbox 696 1550 800 1616; x_wconf 86' lang='lat' dir='ltr'><strong>Qui</strong></span> <span class='ocrx_word' id='word_1_96' title='bbox 826 1551 966 1606; x_wconf 85' lang='lat' dir='ltr'><strong>labis</strong></span> <span class='ocrx_word' id='word_1_97' title='bbox 996 1553 1144 1621; x_wconf 89' lang='lat' dir='ltr'><strong>puri,</strong></span> <span class='ocrx_word' id='word_1_98' title='bbox 1171 1552 1425 1623; x_wconf 87' lang='lat' dir='ltr'><strong>religiosa</strong></span> <span class='ocrx_word' id='word_1_99' title='bbox 1455 1553 1661 1623; x_wconf 83' lang='lat' dir='ltr'><strong>pietate</strong></span> <span class='ocrx_word' id='word_1_100' title='bbox 1696 1553 1966 1607; x_wconf 84' lang='lat' dir='ltr'><strong>nitentem</strong></span> <span class='ocrx_word' id='word_1_101' title='bbox 2001 1568 2093 1607; x_wconf 83' lang='lat' dir='ltr'><strong>co-</strong></span> 
     </span>
    </p>
   </div>
   <div class='ocr_carea' id='block_1_18' title="bbox 503 1640 2091 1714">
    <p class='ocr_par' dir='ltr' id='par_1_18' title="bbox 503 1640 2091 1714">
     <span class='ocr_line' id='line_1_18' title="bbox 503 1640 2091 1714; baseline 0.003 -21"><span class='ocrx_word' id='word_1_102' title='bbox 503 1640 629 1694; x_wconf 88' lang='lat' dir='ltr'><strong>lunt</strong></span> <span class='ocrx_word' id='word_1_103' title='bbox 683 1641 1136 1712; x_wconf 86' lang='lat' dir='ltr'><strong>philosophiam,</strong></span> <span class='ocrx_word' id='word_1_104' title='bbox 1194 1645 1497 1699; x_wconf 81' lang='lat' dir='ltr'><strong>maximum</strong></span> <span class='ocrx_word' id='word_1_105' title='bbox 1553 1659 1621 1698; x_wconf 86' lang='lat' dir='ltr'><strong>ex</strong></span> <span class='ocrx_word' id='word_1_106' title='bbox 1677 1645 1798 1714; x_wconf 88' lang='lat' dir='ltr'><strong>ejus</strong></span> <span class='ocrx_word' id='word_1_107' title='bbox 1860 1644 2091 1700; x_wconf 86' lang='lat' dir='ltr'><strong>scientia</strong></span> 
     </span>
    </p>
   </div>
   <div class='ocr_carea' id='block_1_19' title="bbox 505 1733 2092 1805">
    <p class='ocr_par' dir='ltr' id='par_1_19' title="bbox 505 1733 2092 1805">
     <span class='ocr_line' id='line_1_19' title="bbox 505 1733 2092 1805; baseline 0.003 -19"><span class='ocrx_word' id='word_1_108' title='bbox 505 1733 722 1794; x_wconf 87' lang='lat' dir='ltr'><strong>lucrum</strong></span> <span class='ocrx_word' id='word_1_109' title='bbox 770 1737 1210 1802; x_wconf 88' lang='lat' dir='ltr'><strong>nanciscuntur;</strong></span> <span class='ocrx_word' id='word_1_110' title='bbox 1263 1737 1369 1790; x_wconf 91' lang='lat' dir='ltr'><strong>hoc</strong></span> <span class='ocrx_word' id='word_1_111' title='bbox 1414 1751 1634 1805; x_wconf 90' lang='lat' dir='ltr'><strong>nempe,</strong></span> <span class='ocrx_word' id='word_1_112' title='bbox 1680 1745 1742 1789; x_wconf 91' lang='lat' dir='ltr'><strong>ut</strong></span> <span class='ocrx_word' id='word_1_113' title='bbox 1783 1751 1939 1790; x_wconf 91' lang='lat' dir='ltr'><strong>mens</strong></span> <span class='ocrx_word' id='word_1_114' title='bbox 1984 1751 2092 1791; x_wconf 90' lang='lat' dir='ltr'><strong>una</strong></span> 
     </span>
    </p>
   </div>
   <div class='ocr_carea' id='block_1_20' title="bbox 504 1817 2094 1899">
    <p class='ocr_par' dir='ltr' id='par_1_20' title="bbox 504 1817 2094 1899">
     <span class='ocr_line' id='line_1_20' title="bbox 504 1817 2094 1899; baseline -0.001 -15"><span class='ocrx_word' id='word_1_115' title='bbox 504 1840 632 1884; x_wconf 76' lang='lat' dir='ltr'><strong>Cum</strong></span> <span class='ocrx_word' id='word_1_116' title='bbox 686 1827 874 1893; x_wconf 88' lang='lat' dir='ltr'><strong>rebus,</strong></span> <span class='ocrx_word' id='word_1_117' title='bbox 920 1845 1226 1899; x_wconf 90' lang='lat' dir='ltr'><strong>earumque</strong></span> <span class='ocrx_word' id='word_1_118' title='bbox 1271 1817 1659 1882; x_wconf 84' lang='lat' dir='ltr'><strong>immutatione</strong></span> <span class='ocrx_word' id='word_1_119' title='bbox 1701 1844 1813 1882; x_wconf 93' lang='lat' dir='ltr'><strong>non</strong></span> <span class='ocrx_word' id='word_1_120' title='bbox 1853 1830 2094 1898; x_wconf 89' lang='lat' dir='ltr'><strong>amplius</strong></span> 
     </span>
    </p>
   </div>
   <div class='ocr_carea' id='block_1_21' title="bbox 505 1919 2096 1991">
    <p class='ocr_par' dir='ltr' id='par_1_21' title="bbox 505 1919 2096 1991">
     <span class='ocr_line' id='line_1_21' title="bbox 505 1919 2096 1991; baseline 0.003 -20"><span class='ocrx_word' id='word_1_121' title='bbox 505 1926 782 1985; x_wconf 84' lang='lat' dir='ltr'><strong>mutetur;</strong></span> <span class='ocrx_word' id='word_1_122' title='bbox 817 1919 913 1975; x_wconf 89' lang='lat' dir='ltr'><strong>sed</strong></span> <span class='ocrx_word' id='word_1_123' title='bbox 939 1921 1216 1975; x_wconf 86' lang='lat' dir='ltr'><strong>constanti</strong></span> <span class='ocrx_word' id='word_1_124' title='bbox 1249 1919 1532 1984; x_wconf 85' lang='lat' dir='ltr'><strong>ﬁrmitate,</strong></span> <span class='ocrx_word' id='word_1_125' title='bbox 1571 1920 1841 1991; x_wconf 86' lang='lat' dir='ltr'><strong>quidquid</strong></span> <span class='ocrx_word' id='word_1_126' title='bbox 1874 1920 2096 1976; x_wconf 88' lang='lat' dir='ltr'><strong>virtutis</strong></span> 
     </span>
    </p>
   </div>
   <div class='ocr_carea' id='block_1_22' title="bbox 507 2011 2096 2086">
    <p class='ocr_par' dir='ltr' id='par_1_22' title="bbox 507 2011 2096 2086">
     <span class='ocr_line' id='line_1_22' title="bbox 507 2011 2096 2086; baseline 0.004 -24"><span class='ocrx_word' id='word_1_127' title='bbox 507 2011 706 2064; x_wconf 87' lang='lat' dir='ltr'><strong>rationi</strong></span> <span class='ocrx_word' id='word_1_128' title='bbox 741 2020 1030 2082; x_wconf 84' lang='lat' dir='ltr'><strong>congruat,</strong></span> <span class='ocrx_word' id='word_1_129' title='bbox 1073 2019 1331 2084; x_wconf 89' lang='lat' dir='ltr'><strong>prompto</strong></span> <span class='ocrx_word' id='word_1_130' title='bbox 1361 2013 1546 2067; x_wconf 89' lang='lat' dir='ltr'><strong>animo</strong></span> <span class='ocrx_word' id='word_1_131' title='bbox 1576 2021 1744 2083; x_wconf 83' lang='lat' dir='ltr'><strong>atque</strong></span> <span class='ocrx_word' id='word_1_132' title='bbox 1785 2012 1955 2067; x_wconf 88' lang='lat' dir='ltr'><strong>alacri</strong></span> <span class='ocrx_word' id='word_1_133' title='bbox 2004 2029 2096 2086; x_wconf 87' lang='lat' dir='ltr'><strong>ag-</strong></span> 
     </span>
    </p>
   </div>
   <div class='ocr_carea' id='block_1_23' title="bbox 504 2102 850 2173">
    <p class='ocr_par' dir='ltr' id='par_1_23' title="bbox 504 2102 850 2173">
     <span class='ocr_line' id='line_1_23' title="bbox 504 2102 850 2173; baseline 0.006 -18"><span class='ocrx_word' id='word_1_134' title='bbox 504 2102 850 2173; x_wconf 86' lang='lat' dir='ltr'><strong>grediantur.</strong></span> 
     </span>
    </p>
   </div>
   <div class='ocr_carea' id='block_1_24' title="bbox 576 2182 2188 2268">
    <p class='ocr_par' dir='ltr' id='par_1_24' title="bbox 576 2182 2188 2268">
     <span class='ocr_line' id='line_1_24' title="bbox 576 2182 2188 2268; baseline 0.004 -18"><span class='ocrx_word' id='word_1_135' title='bbox 576 2196 665 2250; x_wconf 91' lang='lat'><strong>87.</strong></span> <span class='ocrx_word' id='word_1_136' title='bbox 698 2196 804 2263; x_wconf 87' lang='lat' dir='ltr'><strong>Qui</strong></span> <span class='ocrx_word' id='word_1_137' title='bbox 839 2213 940 2268; x_wconf 88' lang='lat' dir='ltr'><strong>per</strong></span> <span class='ocrx_word' id='word_1_138' title='bbox 973 2195 1244 2267; x_wconf 89' lang='lat' dir='ltr'><strong>Spiritum</strong></span> <span class='ocrx_word' id='word_1_139' title='bbox 1278 2197 1454 2267; x_wconf 85' lang='lat' dir='ltr'><strong>prima</strong></span> <span class='ocrx_word' id='word_1_140' title='bbox 1471 2197 1527 2252; x_wconf 92' lang='lat' dir='ltr'><strong>in</strong></span> <span class='ocrx_word' id='word_1_141' title='bbox 1555 2196 1780 2254; x_wconf 86' lang='lat' dir='ltr'><strong>Christo</strong></span> <span class='ocrx_word' id='word_1_142' title='bbox 1813 2215 1980 2256; x_wconf 86' lang='lat' dir='ltr'><strong>carne</strong></span> <span class='ocrx_word' id='word_1_143' title='bbox 2013 2201 2096 2256; x_wconf 91' lang='lat' dir='ltr'><strong>in-</strong></span> 
     </span>
    </p>
   </div>
   <div class='ocr_carea' id='block_1_25' title="bbox 505 2289 2093 2360">
    <p class='ocr_par' dir='ltr' id='par_1_25' title="bbox 505 2289 2093 2360">
     <span class='ocr_line' id='line_1_25' title="bbox 505 2289 2093 2360; baseline 0.002 -17"><span class='ocrx_word' id='word_1_144' title='bbox 505 2291 865 2359; x_wconf 88' lang='lat' dir='ltr'><strong>corruptione</strong></span> <span class='ocrx_word' id='word_1_145' title='bbox 896 2289 1160 2360; x_wconf 86' lang='lat' dir='ltr'><strong>baptizati</strong></span> <span class='ocrx_word' id='word_1_146' title='bbox 1199 2306 1413 2355; x_wconf 90' lang='lat' dir='ltr'><strong>sumus,</strong></span> <span class='ocrx_word' id='word_1_147' title='bbox 1449 2306 1764 2360; x_wconf 85' lang='lat' dir='ltr'><strong>supremam</strong></span> <span class='ocrx_word' id='word_1_148' title='bbox 1791 2293 2093 2346; x_wconf 90' lang='lat' dir='ltr'><strong>secundum</strong></span> 
     </span>
    </p>
   </div>
   <div class='ocr_carea' id='block_1_26' title="bbox 507 2381 2096 2454">
    <p class='ocr_par' dir='ltr' id='par_1_26' title="bbox 507 2381 2096 2454">
     <span class='ocr_line' id='line_1_26' title="bbox 507 2381 2096 2454; baseline 0.002 -19"><span class='ocrx_word' id='word_1_149' title='bbox 507 2381 688 2451; x_wconf 85' lang='lat' dir='ltr'><strong>ipsum</strong></span> <span class='ocrx_word' id='word_1_150' title='bbox 717 2382 770 2436; x_wconf 94' lang='lat' dir='ltr'><strong>in</strong></span> <span class='ocrx_word' id='word_1_151' title='bbox 802 2382 1025 2453; x_wconf 88' lang='lat' dir='ltr'><strong>spiritu,</strong></span> <span class='ocrx_word' id='word_1_152' title='bbox 1064 2391 1360 2454; x_wconf 85' lang='lat' dir='ltr'><strong>augmento</strong></span> <span class='ocrx_word' id='word_1_153' title='bbox 1402 2382 1617 2438; x_wconf 90' lang='lat' dir='ltr'><strong>scilicet</strong></span> <span class='ocrx_word' id='word_1_154' title='bbox 1650 2382 1920 2437; x_wconf 90' lang='lat' dir='ltr'><strong>bonorum</strong></span> <span class='ocrx_word' id='word_1_155' title='bbox 1961 2399 2096 2452; x_wconf 89' lang='lat' dir='ltr'><strong>ope-</strong></span> 
     </span>
    </p>
   </div>
   <div class='ocr_carea' id='block_1_27' title="bbox 507 2471 2097 2542">
    <p class='ocr_par' dir='ltr' id='par_1_27' title="bbox 507 2471 2097 2542">
     <span class='ocr_line' id='line_1_27' title="bbox 507 2471 2097 2542; baseline 0.001 -17"><span class='ocrx_word' id='word_1_156' title='bbox 507 2489 652 2538; x_wconf 86' lang='lat' dir='ltr'><strong>rum,</strong></span> <span class='ocrx_word' id='word_1_157' title='bbox 681 2472 989 2542; x_wconf 82' lang='lat' dir='ltr'><strong>mortisque</strong></span> <span class='ocrx_word' id='word_1_158' title='bbox 1023 2472 1174 2527; x_wconf 87' lang='lat' dir='ltr'><strong>illius</strong></span> <span class='ocrx_word' id='word_1_159' title='bbox 1201 2487 1324 2542; x_wconf 65' lang='lat' dir='ltr'><strong>qua:</strong></span> <span class='ocrx_word' id='word_1_160' title='bbox 1356 2471 1527 2526; x_wconf 89' lang='lat' dir='ltr'><strong>animi</strong></span> <span class='ocrx_word' id='word_1_161' title='bbox 1557 2471 1844 2541; x_wconf 89' lang='lat' dir='ltr'><strong>proposito</strong></span> <span class='ocrx_word' id='word_1_162' title='bbox 1873 2480 2097 2540; x_wconf 62' lang='lat' dir='ltr'><strong>praesta-</strong></span> 
     </span>
    </p>
   </div>
   <div class='ocr_carea' id='block_1_28' title="bbox 509 2565 2092 2636">
    <p class='ocr_par' dir='ltr' id='par_1_28' title="bbox 509 2565 2092 2636">
     <span class='ocr_line' id='line_1_28' title="bbox 509 2565 2092 2636; baseline -0.001 -16"><span class='ocrx_word' id='word_1_163' title='bbox 509 2574 619 2630; x_wconf 89' lang='lat' dir='ltr'><strong>tur,</strong></span> <span class='ocrx_word' id='word_1_164' title='bbox 664 2565 852 2636; x_wconf 90' lang='lat' dir='ltr'><strong>priore</strong></span> <span class='ocrx_word' id='word_1_165' title='bbox 900 2565 1334 2620; x_wconf 89' lang='lat' dir='ltr'><strong>incontaminata</strong></span> <span class='ocrx_word' id='word_1_166' title='bbox 1379 2574 1620 2630; x_wconf 77' lang='lat' dir='ltr'><strong>servata,</strong></span> <span class='ocrx_word' id='word_1_167' title='bbox 1663 2573 2092 2635; x_wconf 78' lang='lat' dir='ltr'><strong>exspectamus:</strong></span> 
     </span>
    </p>
   </div>
   <div class='ocr_carea' id='block_1_29' title="bbox 506 2655 2094 2728">
    <p class='ocr_par' dir='ltr' id='par_1_29' title="bbox 506 2655 2094 2728">
     <span class='ocr_line' id='line_1_29' title="bbox 506 2655 2094 2728; baseline 0.001 -19"><span class='ocrx_word' id='word_1_168' title='bbox 506 2671 671 2725; x_wconf 88' lang='lat' dir='ltr'><strong>quam</strong></span> <span class='ocrx_word' id='word_1_169' title='bbox 705 2657 960 2726; x_wconf 87' lang='lat' dir='ltr'><strong>quisquis</strong></span> <span class='ocrx_word' id='word_1_170' title='bbox 989 2657 1227 2728; x_wconf 91' lang='lat' dir='ltr'><strong>adeptus</strong></span> <span class='ocrx_word' id='word_1_171' title='bbox 1264 2663 1369 2723; x_wconf 89' lang='lat' dir='ltr'><strong>est,</strong></span> <span class='ocrx_word' id='word_1_172' title='bbox 1407 2671 1602 2712; x_wconf 90' lang='lat' dir='ltr'><strong>eorum</strong></span> <span class='ocrx_word' id='word_1_173' title='bbox 1646 2671 1770 2726; x_wconf 62' lang='lat' dir='ltr'><strong>quae</strong></span> <span class='ocrx_word' id='word_1_174' title='bbox 1798 2655 1968 2711; x_wconf 88' lang='lat' dir='ltr'><strong>habet</strong></span> <span class='ocrx_word' id='word_1_175' title='bbox 1992 2655 2094 2710; x_wconf 92' lang='lat' dir='ltr'><strong>bo-</strong></span> 
     </span>
    </p>
   </div>
   <div class='ocr_carea' id='block_1_30' title="bbox 506 2749 1364 2821">
    <p class='ocr_par' dir='ltr' id='par_1_30' title="bbox 506 2749 1364 2821">
     <span class='ocr_line' id='line_1_30' title="bbox 506 2749 1364 2821; baseline 0.002 -18"><span class='ocrx_word' id='word_1_176' title='bbox 506 2763 708 2804; x_wconf 88' lang='lat' dir='ltr'><strong>norum</strong></span> <span class='ocrx_word' id='word_1_177' title='bbox 731 2750 1010 2821; x_wconf 88' lang='lat' dir='ltr'><strong>jacturam</strong></span> <span class='ocrx_word' id='word_1_178' title='bbox 1046 2765 1157 2804; x_wconf 91' lang='lat' dir='ltr'><strong>non</strong></span> <span class='ocrx_word' id='word_1_179' title='bbox 1185 2749 1364 2805; x_wconf 91' lang='lat' dir='ltr'><strong>timet.</strong></span> 
     </span>
    </p>
   </div>
   <div class='ocr_carea' id='block_1_31' title="bbox 578 2925 2096 3000">
    <p class='ocr_par' dir='ltr' id='par_1_31' title="bbox 578 2925 2096 3000">
     <span class='ocr_line' id='line_1_31' title="bbox 578 2925 2096 3000; baseline 0.002 -19"><span class='ocrx_word' id='word_1_180' title='bbox 578 2925 667 2981; x_wconf 92' lang='lat'><strong>88.</strong></span> <span class='ocrx_word' id='word_1_181' title='bbox 689 2925 826 2983; x_wconf 90' lang='lat' dir='ltr'><strong>Cum</strong></span> <span class='ocrx_word' id='word_1_182' title='bbox 848 2928 962 2983; x_wconf 92' lang='lat' dir='ltr'><strong>Deo</strong></span> <span class='ocrx_word' id='word_1_183' title='bbox 989 2928 1231 2984; x_wconf 90' lang='lat' dir='ltr'><strong>constitu</strong></span> <span class='ocrx_word' id='word_1_184' title='bbox 1242 2937 1356 2982; x_wconf 88' lang='lat' dir='ltr'><strong>tum</strong></span> <span class='ocrx_word' id='word_1_185' title='bbox 1377 2937 1547 2994; x_wconf 86' lang='lat' dir='ltr'><strong>esset,</strong></span> <span class='ocrx_word' id='word_1_186' title='bbox 1573 2936 1634 2982; x_wconf 88' lang='lat' dir='ltr'><strong>ut</strong></span> <span class='ocrx_word' id='word_1_187' title='bbox 1659 2928 1977 2984; x_wconf 89' lang='lat' dir='ltr'><strong>mortalium</strong></span> <span class='ocrx_word' id='word_1_188' title='bbox 2000 2945 2096 3000; x_wconf 87' lang='lat' dir='ltr'><strong>ge-</strong></span> 
     </span>
    </p>
   </div>
   <div class='ocr_carea' id='block_1_32' title="bbox 506 3019 2098 3092">
    <p class='ocr_par' dir='ltr' id='par_1_32' title="bbox 506 3019 2098 3092">
     <span class='ocr_line' id='line_1_32' title="bbox 506 3019 2098 3092; baseline 0.003 -18"><span class='ocrx_word' id='word_1_189' title='bbox 506 3019 650 3084; x_wconf 89' lang='lat' dir='ltr'><strong>neri,</strong></span> <span class='ocrx_word' id='word_1_190' title='bbox 687 3037 796 3091; x_wconf 90' lang='lat' dir='ltr'><strong>qua</strong></span> <span class='ocrx_word' id='word_1_191' title='bbox 835 3021 892 3075; x_wconf 94' lang='lat' dir='ltr'><strong>in</strong></span> <span class='ocrx_word' id='word_1_192' title='bbox 917 3019 1100 3092; x_wconf 90' lang='lat' dir='ltr'><strong>ipsum</strong></span> <span class='ocrx_word' id='word_1_193' title='bbox 1131 3020 1515 3077; x_wconf 89' lang='lat' dir='ltr'><strong>misericordia</strong></span> <span class='ocrx_word' id='word_1_194' title='bbox 1544 3031 1649 3087; x_wconf 87' lang='lat' dir='ltr'><strong>est,</strong></span> <span class='ocrx_word' id='word_1_195' title='bbox 1680 3021 1880 3077; x_wconf 86' lang='lat' dir='ltr'><strong>divinae</strong></span> <span class='ocrx_word' id='word_1_196' title='bbox 1905 3039 1935 3078; x_wconf 92' lang='lat' dir='ltr'><strong>e</strong></span> <span class='ocrx_word' id='word_1_197' title='bbox 1957 3023 2098 3079; x_wconf 80' lang='lat' dir='ltr'><strong>ccelo</strong></span> 
     </span>
    </p>
   </div>
   <div class='ocr_carea' id='block_1_33' title="bbox 507 3112 2170 3207">
    <p class='ocr_par' dir='ltr' id='par_1_33' title="bbox 507 3112 2170 3207">
     <span class='ocr_line' id='line_1_33' title="bbox 507 3112 2170 3207; baseline 0.004 -42"><span class='ocrx_word' id='word_1_198' title='bbox 507 3112 732 3167; x_wconf 84' lang='lat' dir='ltr'><strong>virtutis</strong></span> <span class='ocrx_word' id='word_1_199' title='bbox 775 3128 979 3170; x_wconf 91' lang='lat' dir='ltr'><strong>munus</strong></span> <span class='ocrx_word' id='word_1_200' title='bbox 1011 3115 1370 3180; x_wconf 89' lang='lat' dir='ltr'><strong>demitteret,</strong></span> <span class='ocrx_word' id='word_1_201' title='bbox 1412 3130 1634 3170; x_wconf 89' lang='lat' dir='ltr'><strong>sacrum</strong></span> <span class='ocrx_word' id='word_1_202' title='bbox 1678 3115 1979 3186; x_wconf 84' lang='lat' dir='ltr'><strong>symbolice</strong></span> <span class='ocrx_word' id='word_1_203' title='bbox 2011 3125 2096 3170; x_wconf 91' lang='lat' dir='ltr'><strong>ta-</strong></span> <span class='ocrx_word' id='word_1_204' title='bbox 2125 3145 2170 3207; x_wconf 66' lang='grc' dir='ltr'>ο</span> 
     </span>
    </p>
   </div>
   <div class='ocr_carea' id='block_1_34' title="bbox 506 3205 2095 3278">
    <p class='ocr_par' dir='ltr' id='par_1_34' title="bbox 506 3205 2095 3278">
     <span class='ocr_line' id='line_1_34' title="bbox 506 3205 2095 3278; baseline 0.003 -18"><span class='ocrx_word' id='word_1_205' title='bbox 506 3205 894 3272; x_wconf 89' lang='lat' dir='ltr'><strong>bernaculum,</strong></span> <span class='ocrx_word' id='word_1_206' title='bbox 939 3208 1170 3278; x_wconf 83' lang='lat' dir='ltr'><strong>ejusque</strong></span> <span class='ocrx_word' id='word_1_207' title='bbox 1217 3223 1346 3263; x_wconf 84' lang='lat' dir='ltr'><strong>vasa</strong></span> <span class='ocrx_word' id='word_1_208' title='bbox 1390 3207 1576 3263; x_wconf 87' lang='lat' dir='ltr'><strong>omnia</strong></span> <span class='ocrx_word' id='word_1_209' title='bbox 1626 3206 1932 3264; x_wconf 80' lang='lat' dir='ltr'><strong>fabricatus</strong></span> <span class='ocrx_word' id='word_1_210' title='bbox 1972 3217 2095 3274; x_wconf 90' lang='lat' dir='ltr'><strong>est;</strong></span> 
     </span>
    </p>
   </div>
   <div class='ocr_carea' id='block_1_35' title="bbox 507 3298 2099 3372">
    <p class='ocr_par' dir='ltr' id='par_1_35' title="bbox 507 3298 2099 3372">
     <span class='ocr_line' id='line_1_35' title="bbox 507 3298 2099 3372; baseline 0.003 -20"><span class='ocrx_word' id='word_1_211' title='bbox 507 3298 656 3369; x_wconf 93' lang='lat' dir='ltr'><strong>quod</strong></span> <span class='ocrx_word' id='word_1_212' title='bbox 695 3298 959 3353; x_wconf 89' lang='lat' dir='ltr'><strong>nimirum</strong></span> <span class='ocrx_word' id='word_1_213' title='bbox 995 3315 1256 3369; x_wconf 85' lang='lat' dir='ltr'><strong>expressa</strong></span> <span class='ocrx_word' id='word_1_214' title='bbox 1293 3300 1577 3370; x_wconf 73' lang='lat' dir='ltr'><strong>sapientize</strong></span> <span class='ocrx_word' id='word_1_215' title='bbox 1608 3300 1790 3370; x_wconf 88' lang='lat' dir='ltr'><strong>imago</strong></span> <span class='ocrx_word' id='word_1_216' title='bbox 1818 3301 2099 3372; x_wconf 84' lang='lat' dir='ltr'><strong>ﬁguraque</strong></span> 
     </span>
    </p>
   </div>
   <div class='ocr_carea' id='block_1_36' title="bbox 509 3394 1148 3450">
    <p class='ocr_par' dir='ltr' id='par_1_36' title="bbox 509 3394 1148 3450">
     <span class='ocr_line' id='line_1_36' title="bbox 509 3394 1148 3450; baseline 0.003 -2"><span class='ocrx_word' id='word_1_217' title='bbox 509 3409 573 3448; x_wconf 72' lang='lat' dir='ltr'><strong>ac</strong></span> <span class='ocrx_word' id='word_1_218' title='bbox 599 3394 958 3448; x_wconf 89' lang='lat' dir='ltr'><strong>simulacrum</strong></span> <span class='ocrx_word' id='word_1_219' title='bbox 977 3401 1148 3450; x_wconf 85' lang='lat' dir='ltr'><strong>esset.</strong></span> 
     </span>
    </p>
   </div>
   <div class='ocr_carea' id='block_1_37' title="bbox 579 3485 2100 3556">
    <p class='ocr_par' dir='ltr' id='par_1_37' title="bbox 579 3485 2100 3556">
     <span class='ocr_line' id='line_1_37' title="bbox 579 3485 2100 3556; baseline 0.003 -17"><span class='ocrx_word' id='word_1_220' title='bbox 579 3486 668 3541; x_wconf 91' lang='lat'><strong>89.</strong></span> <span class='ocrx_word' id='word_1_221' title='bbox 704 3486 841 3541; x_wconf 84' lang='lat' dir='ltr'><strong>Novi</strong></span> <span class='ocrx_word' id='word_1_222' title='bbox 881 3485 1220 3543; x_wconf 89' lang='lat' dir='ltr'><strong>Testamenti</strong></span> <span class='ocrx_word' id='word_1_223' title='bbox 1267 3485 1449 3556; x_wconf 82' lang='lat' dir='ltr'><strong>gratia</strong></span> <span class='ocrx_word' id='word_1_224' title='bbox 1505 3485 1734 3556; x_wconf 87' lang='lat' dir='ltr'><strong>mystice</strong></span> <span class='ocrx_word' id='word_1_225' title='bbox 1785 3486 1843 3540; x_wconf 91' lang='lat' dir='ltr'><strong>in</strong></span> <span class='ocrx_word' id='word_1_226' title='bbox 1886 3487 2100 3545; x_wconf 85' lang='lat' dir='ltr'><strong>Veteris</strong></span> 
     </span>
    </p>
   </div>
   <div class='ocr_carea' id='block_1_38' title="bbox 510 3575 2102 3650">
    <p class='ocr_par' dir='ltr' id='par_1_38' title="bbox 510 3575 2102 3650">
     <span class='ocr_line' id='line_1_38' title="bbox 510 3575 2102 3650; baseline 0.004 -21"><span class='ocrx_word' id='word_1_227' title='bbox 510 3575 853 3632; x_wconf 84' lang='lat' dir='ltr'><strong>Testamenti</strong></span> <span class='ocrx_word' id='word_1_228' title='bbox 885 3577 1071 3632; x_wconf 90' lang='lat' dir='ltr'><strong>littera</strong></span> <span class='ocrx_word' id='word_1_229' title='bbox 1097 3577 1423 3632; x_wconf 87' lang='lat' dir='ltr'><strong>abscondita</strong></span> <span class='ocrx_word' id='word_1_230' title='bbox 1452 3585 1538 3632; x_wconf 87' lang='lat' dir='ltr'><strong>est</strong></span> <span class='ocrx_word' id='word_1_231' title='bbox 1570 3593 1584 3630; x_wconf 91' lang='lat'><strong>:</strong></span> <span class='ocrx_word' id='word_1_232' title='bbox 1616 3576 1827 3632; x_wconf 88' lang='lat' dir='ltr'><strong>idcirco</strong></span> <span class='ocrx_word' id='word_1_233' title='bbox 1847 3578 1924 3633; x_wconf 88' lang='lat' dir='ltr'><strong>ait</strong></span> <span class='ocrx_word' id='word_1_234' title='bbox 1955 3579 2102 3650; x_wconf 74' lang='lat' dir='ltr'><strong>Apo-</strong></span> 
     </span>
    </p>
   </div>
   <div class='ocr_carea' id='block_1_39' title="bbox 507 3669 2100 3746">
    <p class='ocr_par' dir='ltr' id='par_1_39' title="bbox 507 3669 2100 3746">
     <span class='ocr_line' id='line_1_39' title="bbox 507 3669 2100 3746; baseline 0.006 -24"><span class='ocrx_word' id='word_1_235' title='bbox 507 3669 686 3723; x_wconf 82' lang='lat' dir='ltr'><strong>stolus</strong></span> <span class='ocrx_word' id='word_1_236' title='bbox 743 3669 919 3740; x_wconf 81' lang='lat' dir='ltr'><strong>legem</strong></span> <span class='ocrx_word' id='word_1_237' title='bbox 973 3670 1282 3741; x_wconf 82' lang='lat' dir='ltr'><strong>spiritalem</strong></span> <span class='ocrx_word' id='word_1_238' title='bbox 1326 3688 1450 3728; x_wconf 88' lang='lat' dir='ltr'><strong>esse</strong></span> <span class='ocrx_word' id='word_1_239' title='bbox 1475 3673 1542 3729; x_wconf 76' lang='grc'>⁸⁸.</span> <span class='ocrx_word' id='word_1_240' title='bbox 1591 3673 1708 3729; x_wconf 80' lang='lat' dir='ltr'><strong>Lex</strong></span> <span class='ocrx_word' id='word_1_241' title='bbox 1751 3675 1960 3746; x_wconf 85' lang='lat' dir='ltr'><strong>itaque,</strong></span> <span class='ocrx_word' id='word_1_242' title='bbox 2003 3677 2100 3733; x_wconf 89' lang='lat' dir='ltr'><strong>lit-</strong></span> 
     </span>
    </p>
   </div>
   <div class='ocr_carea' id='block_1_40' title="bbox 510 3762 2098 3837">
    <p class='ocr_par' dir='ltr' id='par_1_40' title="bbox 510 3762 2098 3837">
     <span class='ocr_line' id='line_1_40' title="bbox 510 3762 2098 3837; baseline 0.006 -22"><span class='ocrx_word' id='word_1_243' title='bbox 510 3769 644 3816; x_wconf 67' lang='lat' dir='ltr'><strong>tera:</strong></span> <span class='ocrx_word' id='word_1_244' title='bbox 676 3762 900 3831; x_wconf 87' lang='lat' dir='ltr'><strong>quidem</strong></span> <span class='ocrx_word' id='word_1_245' title='bbox 941 3763 1153 3819; x_wconf 87' lang='lat' dir='ltr'><strong>ratione</strong></span> <span class='ocrx_word' id='word_1_246' title='bbox 1203 3765 1556 3834; x_wconf 76' lang='lat' dir='ltr'><strong>antiquetur,</strong></span> <span class='ocrx_word' id='word_1_247' title='bbox 1591 3767 1944 3837; x_wconf 83' lang='lat' dir='ltr'><strong>senescitque</strong></span> <span class='ocrx_word' id='word_1_248' title='bbox 1966 3784 2098 3824; x_wconf 82' lang='lat' dir='ltr'><strong>eva-</strong></span> 
     </span>
    </p>
   </div>
   <div class='ocr_carea' id='block_1_41' title="bbox 507 3854 2102 3932">
    <p class='ocr_par' dir='ltr' id='par_1_41' title="bbox 507 3854 2102 3932">
     <span class='ocr_line' id='line_1_41' title="bbox 507 3854 2102 3932; baseline 0.005 -24"><span class='ocrx_word' id='word_1_249' title='bbox 507 3854 817 3922; x_wconf 75' lang='lat' dir='ltr'><strong>cuanda”;</strong></span> <span class='ocrx_word' id='word_1_250' title='bbox 853 3855 1054 3924; x_wconf 89' lang='lat' dir='ltr'><strong>spiritu</strong></span> <span class='ocrx_word' id='word_1_251' title='bbox 1098 3871 1231 3911; x_wconf 83' lang='lat' dir='ltr'><strong>vero</strong></span> <span class='ocrx_word' id='word_1_252' title='bbox 1256 3873 1477 3927; x_wconf 84' lang='lat' dir='ltr'><strong>semper</strong></span> <span class='ocrx_word' id='word_1_253' title='bbox 1509 3856 1702 3914; x_wconf 76' lang='lat' dir='ltr'><strong>eﬂicax</strong></span> <span class='ocrx_word' id='word_1_254' title='bbox 1736 3859 1905 3930; x_wconf 83' lang='lat' dir='ltr'><strong>viget.</strong></span> <span class='ocrx_word' id='word_1_255' title='bbox 1946 3859 2102 3932; x_wconf 88' lang='lat' dir='ltr'><strong>Ejus-</strong></span> 
     </span>
    </p>
   </div>
   <div class='ocr_carea' id='block_1_42' title="bbox 512 3945 2102 4017">
    <p class='ocr_par' dir='ltr' id='par_1_42' title="bbox 512 3945 2102 4017">
     <span class='ocr_line' id='line_1_42' title="bbox 512 3945 2102 4017; baseline 0.004 -18"><span class='ocrx_word' id='word_1_256' title='bbox 512 3945 660 4000; x_wconf 84' lang='lat' dir='ltr'><strong>modi</strong></span> <span class='ocrx_word' id='word_1_257' title='bbox 685 3946 833 4001; x_wconf 90' lang='lat' dir='ltr'><strong>enim</strong></span> <span class='ocrx_word' id='word_1_258' title='bbox 857 3955 942 4002; x_wconf 90' lang='lat' dir='ltr'><strong>est</strong></span> <span class='ocrx_word' id='word_1_259' title='bbox 969 3945 1168 4017; x_wconf 87' lang='lat' dir='ltr'><strong>gratia,</strong></span> <span class='ocrx_word' id='word_1_260' title='bbox 1189 3955 1250 4002; x_wconf 91' lang='lat' dir='ltr'><strong>ut</strong></span> <span class='ocrx_word' id='word_1_261' title='bbox 1278 3948 1431 4003; x_wconf 86' lang='lat' dir='ltr'><strong>nulla</strong></span> <span class='ocrx_word' id='word_1_262' title='bbox 1453 3948 1683 4004; x_wconf 91' lang='lat' dir='ltr'><strong>omnino</strong></span> <span class='ocrx_word' id='word_1_263' title='bbox 1701 3949 1908 4005; x_wconf 81' lang='lat' dir='ltr'><strong>sentiat</strong></span> <span class='ocrx_word' id='word_1_264' title='bbox 1940 3957 2102 4006; x_wconf 70' lang='lat' dir='ltr'><strong>vetuo</strong></span> 
     </span>
    </p>
   </div>
   <div class='ocr_carea' id='block_1_43' title="bbox 513 4037 1033 4108">
    <p class='ocr_par' dir='ltr' id='par_1_43' title="bbox 513 4037 1033 4108">
     <span class='ocr_line' id='line_1_43' title="bbox 513 4037 1033 4108; baseline 0.004 -16"><span class='ocrx_word' id='word_1_265' title='bbox 513 4037 673 4092; x_wconf 88' lang='lat' dir='ltr'><strong>statis</strong></span> <span class='ocrx_word' id='word_1_266' title='bbox 714 4037 1033 4108; x_wconf 85' lang='lat' dir='ltr'><strong>dispendia.</strong></span> 
     </span>
    </p>
   </div>
   <div class='ocr_carea' id='block_1_44' title="bbox 581 4127 2102 4201">
    <p class='ocr_par' dir='ltr' id='par_1_44' title="bbox 581 4127 2102 4201">
     <span class='ocr_line' id='line_1_44' title="bbox 581 4127 2102 4201; baseline 0.003 -18"><span class='ocrx_word' id='word_1_267' title='bbox 581 4127 670 4183; x_wconf 88' lang='lat'><strong>90.</strong></span> <span class='ocrx_word' id='word_1_268' title='bbox 719 4128 834 4184; x_wconf 83' lang='lat' dir='ltr'><strong>Lex</strong></span> <span class='ocrx_word' id='word_1_269' title='bbox 873 4128 1120 4200; x_wconf 91' lang='lat' dir='ltr'><strong>quidem,</strong></span> <span class='ocrx_word' id='word_1_270' title='bbox 1158 4129 1442 4201; x_wconf 83' lang='lat' dir='ltr'><strong>Evangelii</strong></span> <span class='ocrx_word' id='word_1_271' title='bbox 1486 4129 1739 4185; x_wconf 90' lang='lat' dir='ltr'><strong>umbram</strong></span> <span class='ocrx_word' id='word_1_272' title='bbox 1786 4131 1996 4198; x_wconf 88' lang='lat' dir='ltr'><strong>habet;</strong></span> <span class='ocrx_word' id='word_1_273' title='bbox 2044 4141 2102 4188; x_wconf 92' lang='lat' dir='ltr'><strong>at</strong></span> 
     </span>
    </p>
   </div>
   <div class='ocr_carea' id='block_1_45' title="bbox 513 4217 2102 4292">
    <p class='ocr_par' dir='ltr' id='par_1_45' title="bbox 513 4217 2102 4292">
     <span class='ocr_line' id='line_1_45' title="bbox 513 4217 2102 4292; baseline 0.004 -20"><span class='ocrx_word' id='word_1_274' title='bbox 513 4217 894 4290; x_wconf 82' lang='lat' dir='ltr'><strong>Evangelium,</strong></span> <span class='ocrx_word' id='word_1_275' title='bbox 928 4219 1242 4275; x_wconf 82' lang='lat' dir='ltr'><strong>futurorum</strong></span> <span class='ocrx_word' id='word_1_276' title='bbox 1267 4221 1543 4276; x_wconf 90' lang='lat' dir='ltr'><strong>bonorum</strong></span> <span class='ocrx_word' id='word_1_277' title='bbox 1576 4221 1756 4292; x_wconf 82' lang='lat' dir='ltr'><strong>imago</strong></span> <span class='ocrx_word' id='word_1_278' title='bbox 1777 4229 1896 4290; x_wconf 86' lang='lat' dir='ltr'><strong>est;</strong></span> <span class='ocrx_word' id='word_1_279' title='bbox 1935 4230 2102 4292; x_wconf 71' lang='lat' dir='ltr'><strong>atque</strong></span> 
     </span>
    </p>
   </div>
   <div class='ocr_carea' id='block_1_46' title="bbox 516 4310 2098 4385">
    <p class='ocr_par' dir='ltr' id='par_1_46' title="bbox 516 4310 2098 4385">
     <span class='ocr_line' id='line_1_46' title="bbox 516 4310 2098 4385; baseline 0.003 -22"><span class='ocrx_word' id='word_1_280' title='bbox 516 4310 612 4364; x_wconf 91' lang='lat' dir='ltr'><strong>illa</strong></span> <span class='ocrx_word' id='word_1_281' title='bbox 639 4311 888 4381; x_wconf 87' lang='lat' dir='ltr'><strong>quidem,</strong></span> <span class='ocrx_word' id='word_1_282' title='bbox 931 4312 1073 4367; x_wconf 89' lang='lat' dir='ltr'><strong>mala</strong></span> <span class='ocrx_word' id='word_1_283' title='bbox 1095 4313 1317 4383; x_wconf 90' lang='lat' dir='ltr'><strong>operari</strong></span> <span class='ocrx_word' id='word_1_284' title='bbox 1366 4313 1661 4384; x_wconf 85' lang='lat' dir='ltr'><strong>prohibet;</strong></span> <span class='ocrx_word' id='word_1_285' title='bbox 1711 4313 1840 4382; x_wconf 91' lang='lat' dir='ltr'><strong>hoc,</strong></span> <span class='ocrx_word' id='word_1_286' title='bbox 1886 4313 2098 4385; x_wconf 87' lang='lat' dir='ltr'><strong>agenda</strong></span> 
     </span>
    </p>
   </div>
   <div class='ocr_carea' id='block_1_47' title="bbox 514 4403 1420 4478">
    <p class='ocr_par' dir='ltr' id='par_1_47' title="bbox 514 4403 1420 4478">
     <span class='ocr_line' id='line_1_47' title="bbox 514 4403 1420 4478; baseline 0.007 -22"><span class='ocrx_word' id='word_1_287' title='bbox 514 4403 658 4458; x_wconf 90' lang='lat' dir='ltr'><strong>bona</strong></span> <span class='ocrx_word' id='word_1_288' title='bbox 691 4407 954 4476; x_wconf 90' lang='lat' dir='ltr'><strong>proponit</strong></span> <span class='ocrx_word' id='word_1_289' title='bbox 978 4415 1146 4478; x_wconf 89' lang='lat' dir='ltr'><strong>atque</strong></span> <span class='ocrx_word' id='word_1_290' title='bbox 1170 4407 1420 4463; x_wconf 77' lang='lat' dir='ltr'><strong>exhibet.</strong></span> 
     </span>
    </p>
   </div>
   <div class='ocr_carea' id='block_1_48' title="bbox 2197 539 3777 613">
    <p class='ocr_par' dir='ltr' id='par_1_48' title="bbox 2197 539 3777 613">
     <span class='ocr_line' id='line_1_48' title="bbox 2197 539 3777 613; baseline 0.001 -19"><span class='ocrx_word' id='word_1_291' title='bbox 2197 558 2364 611; x_wconf 89' lang='grc' dir='ltr'>ματος</span> <span class='ocrx_word' id='word_1_292' title='bbox 2390 543 2743 606; x_wconf 81' lang='grc' dir='ltr'>κατάστασις,</span> <span class='ocrx_word' id='word_1_293' title='bbox 2776 543 2810 613; x_wconf 82' lang='grc' dir='ltr'><strong>ἡ</strong></span> <span class='ocrx_word' id='word_1_294' title='bbox 2842 543 2942 612; x_wconf 82' lang='grc' dir='ltr'>τὴν</span> <span class='ocrx_word' id='word_1_295' title='bbox 2973 539 3490 612; x_wconf 79' lang='grc' dir='ltr'>παραδειγματικὴν</span> <span class='ocrx_word' id='word_1_296' title='bbox 3527 540 3638 596; x_wconf 88' lang='grc' dir='ltr'><strong>τῶν</strong></span> <span class='ocrx_word' id='word_1_297' title='bbox 3689 541 3777 595; x_wconf 76' lang='grc' dir='ltr'><strong>δν-</strong></span> 
     </span>
    </p>
   </div>
   <div class='ocr_carea' id='block_1_49' title="bbox 2192 624 3775 706">
    <p class='ocr_par' dir='ltr' id='par_1_49' title="bbox 2192 624 3775 706">
     <span class='ocr_line' id='line_1_49' title="bbox 2192 624 3775 706; baseline 0.002 -23"><span class='ocrx_word' id='word_1_298' title='bbox 2192 647 2300 684; x_wconf 89' lang='grc' dir='ltr'><strong>των</strong></span> <span class='ocrx_word' id='word_1_299' title='bbox 2327 631 2526 701; x_wconf 79' lang='grc' dir='ltr'>ἔχουσα</span> <span class='ocrx_word' id='word_1_300' title='bbox 2555 632 2757 701; x_wconf 77' lang='grc' dir='ltr'>γνῶσιν</span> <span class='ocrx_word' id='word_1_301' title='bbox 2778 649 2792 663; x_wconf 79' lang='grc'><strong>’</strong></span> <span class='ocrx_word' id='word_1_302' title='bbox 2821 634 2878 685; x_wconf 81' lang='grc' dir='ltr'>ἐν</span> <span class='ocrx_word' id='word_1_303' title='bbox 2974 632 3002 684; x_wconf 81' lang='grc' dir='ltr'><strong>ό</strong></span> <span class='ocrx_word' id='word_1_304' title='bbox 3041 631 3334 700; x_wconf 87' lang='grc' dir='ltr'>γενόμενος</span> <span class='ocrx_word' id='word_1_305' title='bbox 3372 631 3550 696; x_wconf 72' lang='grc' dir='ltr'>ἐντὸς,</span> <span class='ocrx_word' id='word_1_306' title='bbox 3602 632 3775 686; x_wconf 84' lang='grc' dir='ltr'>καθά-</span> 
     </span>
    </p>
   </div>
   <div class='ocr_carea' id='block_1_50' title="bbox 2193 719 3777 794">
    <p class='ocr_par' dir='ltr' id='par_1_50' title="bbox 2193 719 3777 794">
     <span class='ocr_line' id='line_1_50' title="bbox 2193 719 3777 794; baseline 0.001 -18"><span class='ocrx_word' id='word_1_307' title='bbox 2193 740 2300 794; x_wconf 89' lang='grc' dir='ltr'><strong>περ</strong></span> <span class='ocrx_word' id='word_1_308' title='bbox 2328 741 2412 786; x_wconf 90' lang='grc' dir='ltr'><strong>τις</strong></span> <span class='ocrx_word' id='word_1_309' title='bbox 2440 721 2599 787; x_wconf 71' lang='grc' dir='ltr'>ἄλλος</span> <span class='ocrx_word' id='word_1_310' title='bbox 2647 721 2910 792; x_wconf 84' lang='grc' dir='ltr'>Μωῦσῆς,</span> <span class='ocrx_word' id='word_1_311' title='bbox 2963 719 3124 792; x_wconf 85' lang='grc' dir='ltr'>φύσει</span> <span class='ocrx_word' id='word_1_312' title='bbox 3186 721 3356 793; x_wconf 80' lang='grc' dir='ltr'><strong>θνητῇ</strong></span> <span class='ocrx_word' id='word_1_313' title='bbox 3409 725 3665 776; x_wconf 87' lang='grc' dir='ltr'>κατανοεί</span> <span class='ocrx_word' id='word_1_314' title='bbox 3710 723 3777 778; x_wconf 81' lang='grc' dir='ltr'><strong>τὰ</strong></span> 
     </span>
    </p>
   </div>
   <div class='ocr_carea' id='block_1_51' title="bbox 2193 810 3768 887">
    <p class='ocr_par' dir='ltr' id='par_1_51' title="bbox 2193 810 3768 887">
     <span class='ocr_line' id='line_1_51' title="bbox 2193 810 3768 887; baseline -0.001 -17"><span class='ocrx_word' id='word_1_315' title='bbox 2193 816 2432 871; x_wconf 85' lang='grc' dir='ltr'>ἀθέατα·</span> <span class='ocrx_word' id='word_1_316' title='bbox 2464 816 2531 869; x_wconf 78' lang='grc' dir='ltr'><strong>δι’</strong></span> <span class='ocrx_word' id='word_1_317' title='bbox 2557 810 2626 885; x_wconf 79' lang='grc' dir='ltr'>ἧς</span> <span class='ocrx_word' id='word_1_318' title='bbox 2675 815 2784 869; x_wconf 87' lang='grc' dir='ltr'><strong>τῶν</strong></span> <span class='ocrx_word' id='word_1_319' title='bbox 2825 815 2985 868; x_wconf 82' lang='grc' dir='ltr'>θείων</span> <span class='ocrx_word' id='word_1_320' title='bbox 3020 813 3233 882; x_wconf 84' lang='grc' dir='ltr'>ἀρετῶν</span> <span class='ocrx_word' id='word_1_321' title='bbox 3258 816 3317 866; x_wconf 84' lang='grc' dir='ltr'><strong>ἐν</strong></span> <span class='ocrx_word' id='word_1_322' title='bbox 3351 813 3532 885; x_wconf 80' lang='grc' dir='ltr'>ἑαυτῷ</span> <span class='ocrx_word' id='word_1_323' title='bbox 3563 814 3768 887; x_wconf 75' lang='grc' dir='ltr'>ζωγραο</span> 
     </span>
    </p>
   </div>
   <div class='ocr_carea' id='block_1_52' title="bbox 2194 905 3777 980">
    <p class='ocr_par' dir='ltr' id='par_1_52' title="bbox 2194 905 3777 980">
     <span class='ocr_line' id='line_1_52' title="bbox 2194 905 3777 980; baseline -0.001 -17"><span class='ocrx_word' id='word_1_324' title='bbox 2194 909 2378 980; x_wconf 81' lang='grc' dir='ltr'><strong>φήσας</strong></span> <span class='ocrx_word' id='word_1_325' title='bbox 2407 907 2470 962; x_wconf 78' lang='grc' dir='ltr'>τὸ</span> <span class='ocrx_word' id='word_1_326' title='bbox 2515 909 2731 974; x_wconf 79' lang='grc' dir='ltr'>κάλλος,</span> <span class='ocrx_word' id='word_1_327' title='bbox 2772 907 2962 979; x_wconf 85' lang='grc' dir='ltr'>ὥσπερ</span> <span class='ocrx_word' id='word_1_328' title='bbox 3003 907 3224 980; x_wconf 86' lang='grc' dir='ltr'>γραφὴν</span> <span class='ocrx_word' id='word_1_329' title='bbox 3249 907 3575 978; x_wconf 79' lang='grc' dir='ltr'>εύμιμήτως</span> <span class='ocrx_word' id='word_1_330' title='bbox 3615 905 3777 979; x_wconf 68' lang='lat' dir='ltr'><strong>[unus</strong></span> 
     </span>
    </p>
   </div>
   <div class='ocr_carea' id='block_1_53' title="bbox 2196 997 3779 1074">
    <p class='ocr_par' dir='ltr' id='par_1_53' title="bbox 2196 997 3779 1074">
     <span class='ocr_line' id='line_1_53' title="bbox 2196 997 3779 1074; baseline -0.004 -17"><span class='ocrx_word' id='word_1_331' title='bbox 2196 1001 2324 1074; x_wconf 84' lang='lat' dir='ltr'><strong>Reg.</strong></span> <span class='ocrx_word' id='word_1_332' title='bbox 2370 1000 2697 1073; x_wconf 82' lang='grc' dir='ltr'><strong>εὐμίμητον]</strong></span> <span class='ocrx_word' id='word_1_333' title='bbox 2729 1000 2956 1072; x_wconf 78' lang='grc' dir='ltr'>ἔχουσαν</span> <span class='ocrx_word' id='word_1_334' title='bbox 2987 1000 3083 1054; x_wconf 82' lang='grc' dir='ltr'>τοῦ</span> <span class='ocrx_word' id='word_1_335' title='bbox 3115 997 3426 1071; x_wconf 84' lang='grc' dir='ltr'>ἀρχετύπου</span> <span class='ocrx_word' id='word_1_336' title='bbox 3461 998 3691 1063; x_wconf 79' lang='grc' dir='ltr'><strong>κάλλους</strong></span> <span class='ocrx_word' id='word_1_337' title='bbox 3717 999 3779 1051; x_wconf 76' lang='grc' dir='ltr'><strong>τὸ</strong></span> 
     </span>
    </p>
   </div>
   <div class='ocr_carea' id='block_1_54' title="bbox 2195 1089 3780 1162">
    <p class='ocr_par' dir='ltr' id='par_1_54' title="bbox 2195 1089 3780 1162">
     <span class='ocr_line' id='line_1_54' title="bbox 2195 1089 3780 1162; baseline -0.003 -16"><span class='ocrx_word' id='word_1_338' title='bbox 2195 1092 2586 1162; x_wconf 80' lang='grc' dir='ltr'>ἀπεικόνισμα,</span> <span class='ocrx_word' id='word_1_339' title='bbox 2640 1091 2887 1145; x_wconf 85' lang='grc' dir='ltr'>κάτεισιν</span> <span class='ocrx_word' id='word_1_340' title='bbox 2912 1109 2926 1122; x_wconf 80' lang='grc' dir='ltr'><strong>ο</strong></span> <span class='ocrx_word' id='word_1_341' title='bbox 2951 1091 3145 1145; x_wconf 70' lang='grc' dir='ltr'>ἑαυτὸν</span> <span class='ocrx_word' id='word_1_342' title='bbox 3181 1089 3620 1162; x_wconf 79' lang='grc' dir='ltr'>προϐαλλόμενος</span> <span class='ocrx_word' id='word_1_343' title='bbox 3667 1092 3780 1152; x_wconf 88' lang='grc' dir='ltr'>τοῖς</span> 
     </span>
    </p>
   </div>
   <div class='ocr_carea' id='block_1_55' title="bbox 2196 1178 3780 1256">
    <p class='ocr_par' dir='ltr' id='par_1_55' title="bbox 2196 1178 3780 1256">
     <span class='ocr_line' id='line_1_55' title="bbox 2196 1178 3780 1256; baseline -0.004 -20"><span class='ocrx_word' id='word_1_344' title='bbox 2196 1183 2543 1256; x_wconf 78' lang='grc' dir='ltr'><strong>βουλομένοις</strong></span> <span class='ocrx_word' id='word_1_345' title='bbox 2605 1179 2891 1254; x_wconf 86' lang='grc' dir='ltr'>μιμεῖσθαι</span> <span class='ocrx_word' id='word_1_346' title='bbox 2944 1180 3043 1250; x_wconf 83' lang='grc' dir='ltr'>τὴν</span> <span class='ocrx_word' id='word_1_347' title='bbox 3091 1179 3316 1251; x_wconf 79' lang='grc' dir='ltr'>ἀρετὴν,</span> <span class='ocrx_word' id='word_1_348' title='bbox 3367 1180 3463 1233; x_wconf 78' lang='grc' dir='ltr'><strong>καὶ</strong></span> <span class='ocrx_word' id='word_1_349' title='bbox 3498 1180 3558 1232; x_wconf 84' lang='grc' dir='ltr'>ἐν</span> <span class='ocrx_word' id='word_1_350' title='bbox 3604 1178 3780 1249; x_wconf 83' lang='grc' dir='ltr'>τούτῳ</span> 
     </span>
    </p>
   </div>
   <div class='ocr_carea' id='block_1_56' title="bbox 2193 1267 3779 1344">
    <p class='ocr_par' dir='ltr' id='par_1_56' title="bbox 2193 1267 3779 1344">
     <span class='ocr_line' id='line_1_56' title="bbox 2193 1267 3779 1344; baseline -0.002 -17"><span class='ocrx_word' id='word_1_351' title='bbox 2193 1273 2430 1337; x_wconf 79' lang='grc' dir='ltr'>δεικνὺς,</span> <span class='ocrx_word' id='word_1_352' title='bbox 2465 1267 2533 1344; x_wconf 76' lang='grc' dir='ltr'>ἦς</span> <span class='ocrx_word' id='word_1_353' title='bbox 2595 1272 2908 1344; x_wconf 78' lang='grc' dir='ltr'>μετειλήφει</span> <span class='ocrx_word' id='word_1_354' title='bbox 2940 1272 3181 1344; x_wconf 87' lang='grc' dir='ltr'>χάριτος,</span> <span class='ocrx_word' id='word_1_355' title='bbox 3219 1271 3279 1325; x_wconf 84' lang='grc' dir='ltr'><strong>τὸ</strong></span> <span class='ocrx_word' id='word_1_356' title='bbox 3310 1270 3692 1342; x_wconf 84' lang='grc' dir='ltr'>φιλάνθρωπόν</span> <span class='ocrx_word' id='word_1_357' title='bbox 3719 1288 3779 1324; x_wconf 88' lang='grc' dir='ltr'><strong>τε</strong></span> 
     </span>
    </p>
   </div>
   <div class='ocr_carea' id='block_1_57' title="bbox 2195 1365 2564 1434">
    <p class='ocr_par' dir='ltr' id='par_1_57' title="bbox 2195 1365 2564 1434">
     <span class='ocr_line' id='line_1_57' title="bbox 2195 1365 2564 1434; baseline -0.003 -14"><span class='ocrx_word' id='word_1_358' title='bbox 2195 1365 2288 1420; x_wconf 73' lang='grc' dir='ltr'>καὶ</span> <span class='ocrx_word' id='word_1_359' title='bbox 2315 1365 2564 1434; x_wconf 82' lang='grc' dir='ltr'>ἄφθονον.</span> 
     </span>
    </p>
   </div>
   <div class='ocr_carea' id='block_1_58' title="bbox 2267 1538 3778 1613">
    <p class='ocr_par' dir='ltr' id='par_1_58' title="bbox 2267 1538 3778 1613">
     <span class='ocr_line' id='line_1_58' title="bbox 2267 1538 3778 1613; baseline -0.001 -16"><span class='ocrx_word' id='word_1_360' title='bbox 2267 1543 2387 1607; x_wconf 85' lang='grc' dir='ltr'>πς’.</span> <span class='ocrx_word' id='word_1_361' title='bbox 2414 1542 2433 1563; x_wconf 84' lang='grc'>⁶</span> <span class='ocrx_word' id='word_1_362' title='bbox 2487 1541 2552 1595; x_wconf 80' lang='lat' dir='ltr'><strong>Ol</strong></span> <span class='ocrx_word' id='word_1_363' title='bbox 2596 1541 2840 1604; x_wconf 84' lang='grc' dir='ltr'>ἀσπίλως</span> <span class='ocrx_word' id='word_1_364' title='bbox 2871 1538 2969 1612; x_wconf 84' lang='grc' dir='ltr'><strong>τὴν</strong></span> <span class='ocrx_word' id='word_1_365' title='bbox 3024 1539 3167 1594; x_wconf 82' lang='grc' dir='ltr'>κατὰ</span> <span class='ocrx_word' id='word_1_366' title='bbox 3208 1541 3344 1594; x_wconf 79' lang='grc' dir='ltr'>Θεὸν</span> <span class='ocrx_word' id='word_1_367' title='bbox 3387 1542 3778 1613; x_wconf 85' lang='grc' dir='ltr'>μετερχόμενοι</span> 
     </span>
    </p>
   </div>
   <div class='ocr_carea' id='block_1_59' title="bbox 2196 1631 3780 1704">
    <p class='ocr_par' dir='ltr' id='par_1_59' title="bbox 2196 1631 3780 1704">
     <span class='ocr_line' id='line_1_59' title="bbox 2196 1631 3780 1704; baseline -0.001 -17"><span class='ocrx_word' id='word_1_368' title='bbox 2196 1633 2536 1704; x_wconf 75' lang='grc' dir='ltr'>φιλοσοφίαν,</span> <span class='ocrx_word' id='word_1_369' title='bbox 2575 1631 2830 1702; x_wconf 76' lang='grc' dir='ltr'>μέγιστον</span> <span class='ocrx_word' id='word_1_370' title='bbox 2853 1631 2920 1683; x_wconf 81' lang='grc' dir='ltr'>ὲκ</span> <span class='ocrx_word' id='word_1_371' title='bbox 2956 1631 3058 1700; x_wconf 81' lang='grc' dir='ltr'>τῆς</span> <span class='ocrx_word' id='word_1_372' title='bbox 3118 1633 3242 1685; x_wconf 73' lang='grc' dir='ltr'>κατ’</span> <span class='ocrx_word' id='word_1_373' title='bbox 3272 1633 3443 1704; x_wconf 77' lang='grc' dir='ltr'>αὐτὴν</span> <span class='ocrx_word' id='word_1_374' title='bbox 3467 1634 3780 1704; x_wconf 75' lang='grc' dir='ltr'>ἐπιστήμης</span> 
     </span>
    </p>
   </div>
   <div class='ocr_carea' id='block_1_60' title="bbox 2198 1721 3782 1795">
    <p class='ocr_par' dir='ltr' id='par_1_60' title="bbox 2198 1721 3782 1795">
     <span class='ocr_line' id='line_1_60' title="bbox 2198 1721 3782 1795; baseline 0.001 -19"><span class='ocrx_word' id='word_1_375' title='bbox 2198 1725 2387 1792; x_wconf 79' lang='grc' dir='ltr'>κέρδος</span> <span class='ocrx_word' id='word_1_376' title='bbox 2438 1724 2751 1794; x_wconf 81' lang='grc' dir='ltr'>εὑρίσκουσι</span> <span class='ocrx_word' id='word_1_377' title='bbox 2780 1739 2793 1754; x_wconf 91' lang='grc'><strong>·</strong></span> <span class='ocrx_word' id='word_1_378' title='bbox 2853 1721 2936 1786; x_wconf 81' lang='grc' dir='ltr'><strong>τὸ,</strong></span> <span class='ocrx_word' id='word_1_379' title='bbox 2988 1723 3187 1794; x_wconf 82' lang='grc' dir='ltr'>μηκέτι</span> <span class='ocrx_word' id='word_1_380' title='bbox 3236 1723 3337 1794; x_wconf 84' lang='grc' dir='ltr'>τὴν</span> <span class='ocrx_word' id='word_1_381' title='bbox 3402 1721 3631 1795; x_wconf 85' lang='grc' dir='ltr'>γνώμην</span> <span class='ocrx_word' id='word_1_382' title='bbox 3669 1727 3782 1786; x_wconf 83' lang='grc' dir='ltr'>τοῖς</span> 
     </span>
    </p>
   </div>
   <div class='ocr_carea' id='block_1_61' title="bbox 2197 1814 3783 1887">
    <p class='ocr_par' dir='ltr' id='par_1_61' title="bbox 2197 1814 3783 1887">
     <span class='ocr_line' id='line_1_61' title="bbox 2197 1814 3783 1887; baseline 0 -19"><span class='ocrx_word' id='word_1_383' title='bbox 2197 1816 2485 1887; x_wconf 81' lang='grc' dir='ltr'><strong>πράγμασι</strong></span> <span class='ocrx_word' id='word_1_384' title='bbox 2532 1814 3116 1886; x_wconf 82' lang='grc' dir='ltr'>συμμεταϐάλλεσθαι·</span> <span class='ocrx_word' id='word_1_385' title='bbox 3167 1814 3303 1869; x_wconf 80' lang='grc' dir='ltr'><strong>ἀλλά</strong></span> <span class='ocrx_word' id='word_1_386' title='bbox 3343 1814 3463 1886; x_wconf 84' lang='grc' dir='ltr'>μετ’</span> <span class='ocrx_word' id='word_1_387' title='bbox 3487 1815 3783 1878; x_wconf 76' lang='grc' dir='ltr'>εὐσταθοῦς</span> 
     </span>
    </p>
   </div>
   <div class='ocr_carea' id='block_1_62' title="bbox 2199 1905 3785 1986">
    <p class='ocr_par' dir='ltr' id='par_1_62' title="bbox 2199 1905 3785 1986">
     <span class='ocr_line' id='line_1_62' title="bbox 2199 1905 3785 1986; baseline -0.001 -26"><span class='ocrx_word' id='word_1_388' title='bbox 2199 1907 2544 1979; x_wconf 85' lang='grc' dir='ltr'>βεϐαιότητος</span> <span class='ocrx_word' id='word_1_389' title='bbox 2563 1914 2720 1986; x_wconf 66' lang='grc' dir='ltr'><strong>[ψιελδ</strong></span> <span class='ocrx_word' id='word_1_390' title='bbox 2745 1905 2871 1977; x_wconf 80' lang='lat' dir='ltr'><strong>Reg.</strong></span> <span class='ocrx_word' id='word_1_391' title='bbox 2890 1905 3291 1978; x_wconf 74' lang='grc' dir='ltr'>γενναιότητος]</span> <span class='ocrx_word' id='word_1_392' title='bbox 3321 1907 3398 1978; x_wconf 79' lang='grc' dir='ltr'>(ιι)</span> <span class='ocrx_word' id='word_1_393' title='bbox 3426 1907 3592 1961; x_wconf 78' lang='grc' dir='ltr'>πᾶσιν</span> <span class='ocrx_word' id='word_1_394' title='bbox 3611 1908 3785 1978; x_wconf 82' lang='grc' dir='ltr'>ἐγχει-</span> 
     </span>
    </p>
   </div>
   <div class='ocr_carea' id='block_1_63' title="bbox 2202 1998 3788 2073">
    <p class='ocr_par' dir='ltr' id='par_1_63' title="bbox 2202 1998 3788 2073">
     <span class='ocr_line' id='line_1_63' title="bbox 2202 1998 3788 2073; baseline -0.001 -19"><span class='ocrx_word' id='word_1_395' title='bbox 2202 2004 2314 2073; x_wconf 85' lang='grc' dir='ltr'>ρεῖν</span> <span class='ocrx_word' id='word_1_396' title='bbox 2361 1998 2657 2072; x_wconf 78' lang='grc' dir='ltr'>προθύμως</span> <span class='ocrx_word' id='word_1_397' title='bbox 2689 2002 2803 2062; x_wconf 85' lang='grc' dir='ltr'>τοῖς</span> <span class='ocrx_word' id='word_1_398' title='bbox 2849 1998 3150 2070; x_wconf 76' lang='grc' dir='ltr'>ἀρμόξουσι</span> <span class='ocrx_word' id='word_1_399' title='bbox 3201 2000 3280 2071; x_wconf 83' lang='grc' dir='ltr'>τῷ</span> <span class='ocrx_word' id='word_1_400' title='bbox 3331 1999 3474 2070; x_wconf 83' lang='grc' dir='ltr'>λόγῳ</span> <span class='ocrx_word' id='word_1_401' title='bbox 3515 2000 3615 2064; x_wconf 76' lang='grc' dir='ltr'>τῆς</span> <span class='ocrx_word' id='word_1_402' title='bbox 3651 2000 3788 2071; x_wconf 81' lang='grc' dir='ltr'>ἀρε·</span> 
     </span>
    </p>
   </div>
   <div class='ocr_carea' id='block_1_64' title="bbox 2197 2109 2318 2162">
    <p class='ocr_par' dir='ltr' id='par_1_64' title="bbox 2197 2109 2318 2162">
     <span class='ocr_line' id='line_1_64' title="bbox 2197 2109 2318 2162; baseline 0 0"><span class='ocrx_word' id='word_1_403' title='bbox 2197 2109 2318 2162; x_wconf 83' lang='grc' dir='ltr'>της-</span> 
     </span>
    </p>
   </div>
   <div class='ocr_carea' id='block_1_65' title="bbox 2270 2179 3788 2253">
    <p class='ocr_par' dir='ltr' id='par_1_65' title="bbox 2270 2179 3788 2253">
     <span class='ocr_line' id='line_1_65' title="bbox 2270 2179 3788 2253; baseline -0.001 -17"><span class='ocrx_word' id='word_1_404' title='bbox 2270 2181 2378 2246; x_wconf 73' lang='grc' dir='ltr'>πζν.</span> <span class='ocrx_word' id='word_1_405' title='bbox 2433 2181 2548 2253; x_wconf 78' lang='grc' dir='ltr'><strong>Τὴν</strong></span> <span class='ocrx_word' id='word_1_406' title='bbox 2601 2179 2744 2233; x_wconf 83' lang='grc' dir='ltr'>κατὰ</span> <span class='ocrx_word' id='word_1_407' title='bbox 2795 2179 2974 2252; x_wconf 87' lang='grc' dir='ltr'>σάρκα</span> <span class='ocrx_word' id='word_1_408' title='bbox 3029 2179 3253 2251; x_wconf 84' lang='grc' dir='ltr'>πρώτην</span> <span class='ocrx_word' id='word_1_409' title='bbox 3308 2180 3365 2234; x_wconf 80' lang='grc' dir='ltr'>ὲν</span> <span class='ocrx_word' id='word_1_410' title='bbox 3421 2181 3642 2252; x_wconf 79' lang='grc' dir='ltr'>Χριστῷ</span> <span class='ocrx_word' id='word_1_411' title='bbox 3695 2181 3788 2234; x_wconf 72' lang='grc' dir='ltr'>διὰ</span> 
     </span>
    </p>
   </div>
   <div class='ocr_carea' id='block_1_66' title="bbox 2197 2273 3784 2347">
    <p class='ocr_par' dir='ltr' id='par_1_66' title="bbox 2197 2273 3784 2347">
     <span class='ocr_line' id='line_1_66' title="bbox 2197 2273 3784 2347; baseline -0.003 -16"><span class='ocrx_word' id='word_1_412' title='bbox 2197 2276 2520 2347; x_wconf 85' lang='grc' dir='ltr'>Πνεύματος</span> <span class='ocrx_word' id='word_1_413' title='bbox 2570 2273 2960 2347; x_wconf 80' lang='grc' dir='ltr'>βαπτισθέντες</span> <span class='ocrx_word' id='word_1_414' title='bbox 3017 2273 3128 2345; x_wconf 78' lang='grc' dir='ltr'>[Ζσ.</span> <span class='ocrx_word' id='word_1_415' title='bbox 3181 2273 3497 2345; x_wconf 81' lang='grc' dir='ltr'>κτηθέντες,</span> <span class='ocrx_word' id='word_1_416' title='bbox 3555 2275 3784 2344; x_wconf 83' lang='lat' dir='ltr'><strong>primam</strong></span> 
     </span>
    </p>
   </div>
   <div class='ocr_carea' id='block_1_67' title="bbox 2200 2366 3786 2440">
    <p class='ocr_par' dir='ltr' id='par_1_67' title="bbox 2200 2366 3786 2440">
     <span class='ocr_line' id='line_1_67' title="bbox 2200 2366 3786 2440; baseline -0.002 -15"><span class='ocrx_word' id='word_1_417' title='bbox 2200 2371 2344 2426; x_wconf 82' lang='lat' dir='ltr'><strong>nacti</strong></span> <span class='ocrx_word' id='word_1_418' title='bbox 2391 2366 2861 2440; x_wconf 76' lang='lat' dir='ltr'><strong>incorruptionem]</strong></span> <span class='ocrx_word' id='word_1_419' title='bbox 2897 2366 3227 2438; x_wconf 78' lang='grc' dir='ltr'>ἀφθαρσίαν,</span> <span class='ocrx_word' id='word_1_420' title='bbox 3274 2366 3372 2439; x_wconf 79' lang='grc' dir='ltr'>τὴν</span> <span class='ocrx_word' id='word_1_421' title='bbox 3405 2368 3644 2439; x_wconf 71' lang='grc' dir='ltr'>ἐσχάτην</span> <span class='ocrx_word' id='word_1_422' title='bbox 3661 2368 3786 2422; x_wconf 86' lang='grc' dir='ltr'>κατ’</span> 
     </span>
    </p>
   </div>
   <div class='ocr_carea' id='block_1_68' title="bbox 2198 2461 3788 2535">
    <p class='ocr_par' dir='ltr' id='par_1_68' title="bbox 2198 2461 3788 2535">
     <span class='ocr_line' id='line_1_68' title="bbox 2198 2461 3788 2535; baseline -0.002 -16"><span class='ocrx_word' id='word_1_423' title='bbox 2198 2464 2360 2520; x_wconf 72' lang='grc' dir='ltr'>αὐτὸν</span> <span class='ocrx_word' id='word_1_424' title='bbox 2399 2467 2457 2518; x_wconf 82' lang='grc' dir='ltr'>ὲν</span> <span class='ocrx_word' id='word_1_425' title='bbox 2493 2461 2812 2535; x_wconf 83' lang='grc' dir='ltr'>Πνεύματι’</span> <span class='ocrx_word' id='word_1_426' title='bbox 2869 2461 2938 2514; x_wconf 86' lang='grc' dir='ltr'>δι’</span> <span class='ocrx_word' id='word_1_427' title='bbox 2977 2461 3272 2525; x_wconf 82' lang='grc' dir='ltr'>ἐπιδόσεως</span> <span class='ocrx_word' id='word_1_428' title='bbox 3331 2461 3508 2533; x_wconf 71' lang='grc' dir='ltr'>ἔργων</span> <span class='ocrx_word' id='word_1_429' title='bbox 3563 2461 3788 2531; x_wconf 77' lang='grc' dir='ltr'>ἀγαθῶν</span> 
     </span>
    </p>
   </div>
   <div class='ocr_carea' id='block_1_69' title="bbox 2198 2554 3788 2629">
    <p class='ocr_par' dir='ltr' id='par_1_69' title="bbox 2198 2554 3788 2629">
     <span class='ocr_line' id='line_1_69' title="bbox 2198 2554 3788 2629; baseline -0.004 -16"><span class='ocrx_word' id='word_1_430' title='bbox 2198 2557 2463 2629; x_wconf 87' lang='grc' dir='ltr'>δηλονότι,</span> <span class='ocrx_word' id='word_1_431' title='bbox 2491 2557 2584 2610; x_wconf 70' lang='grc' dir='ltr'><strong>καὶ</strong></span> <span class='ocrx_word' id='word_1_432' title='bbox 2610 2555 2706 2608; x_wconf 78' lang='grc' dir='ltr'>τοῦ</span> <span class='ocrx_word' id='word_1_433' title='bbox 2747 2555 2888 2609; x_wconf 80' lang='grc' dir='ltr'>κατὰ</span> <span class='ocrx_word' id='word_1_434' title='bbox 2923 2554 3184 2626; x_wconf 82' lang='grc' dir='ltr'>πρόθεσιν</span> <span class='ocrx_word' id='word_1_435' title='bbox 3216 2554 3471 2622; x_wconf 88' lang='grc' dir='ltr'>θανάτου,</span> <span class='ocrx_word' id='word_1_436' title='bbox 3507 2555 3607 2628; x_wconf 79' lang='grc' dir='ltr'><strong>τὴν</strong></span> <span class='ocrx_word' id='word_1_437' title='bbox 3652 2573 3788 2626; x_wconf 81' lang='grc' dir='ltr'>προ-</span> 
     </span>
    </p>
   </div>
   <div class='ocr_carea' id='block_1_70' title="bbox 2198 2647 3785 2722">
    <p class='ocr_par' dir='ltr' id='par_1_70' title="bbox 2198 2647 3785 2722">
     <span class='ocr_line' id='line_1_70' title="bbox 2198 2647 3785 2722; baseline -0.002 -16"><span class='ocrx_word' id='word_1_438' title='bbox 2198 2653 2362 2722; x_wconf 83' lang='grc' dir='ltr'>τέραν</span> <span class='ocrx_word' id='word_1_439' title='bbox 2406 2649 2743 2722; x_wconf 80' lang='grc' dir='ltr'>φυλάξαντες</span> <span class='ocrx_word' id='word_1_440' title='bbox 2812 2647 3166 2716; x_wconf 84' lang='grc' dir='ltr'>ἀκηλίδωτον,</span> <span class='ocrx_word' id='word_1_441' title='bbox 3228 2649 3601 2720; x_wconf 73' lang='grc' dir='ltr'>ὲκδεχόμεθα⁶</span> <span class='ocrx_word' id='word_1_442' title='bbox 3659 2649 3785 2704; x_wconf 83' lang='grc' dir='ltr'>καθ’</span> 
     </span>
    </p>
   </div>
   <div class='ocr_carea' id='block_1_71' title="bbox 2198 2739 3786 2816">
    <p class='ocr_par' dir='ltr' id='par_1_71' title="bbox 2198 2739 3786 2816">
     <span class='ocr_line' id='line_1_71' title="bbox 2198 2739 3786 2816; baseline -0.001 -21"><span class='ocrx_word' id='word_1_443' title='bbox 2198 2745 2264 2816; x_wconf 72' lang='grc' dir='ltr'>ἢν</span> <span class='ocrx_word' id='word_1_444' title='bbox 2293 2743 2400 2798; x_wconf 90' lang='grc' dir='ltr'><strong>τῶν</strong></span> <span class='ocrx_word' id='word_1_445' title='bbox 2436 2743 2689 2813; x_wconf 78' lang='grc' dir='ltr'>ἐχόντων,</span> <span class='ocrx_word' id='word_1_446' title='bbox 2735 2739 2910 2804; x_wconf 73' lang='grc' dir='ltr'>οὐδεὶς</span> <span class='ocrx_word' id='word_1_447' title='bbox 2961 2739 3234 2812; x_wconf 83' lang='grc' dir='ltr'>ἀποϐολὴν</span> <span class='ocrx_word' id='word_1_448' title='bbox 3271 2739 3476 2794; x_wconf 79' lang='grc' dir='ltr'>δέδοικε</span> <span class='ocrx_word' id='word_1_449' title='bbox 3507 2739 3616 2794; x_wconf 83' lang='grc' dir='ltr'><strong>τῶν</strong></span> <span class='ocrx_word' id='word_1_450' title='bbox 3647 2755 3786 2812; x_wconf 80' lang='grc' dir='ltr'>κτη-</span> 
     </span>
    </p>
   </div>
   <div class='ocr_carea' id='block_1_72' title="bbox 2200 2833 2676 2904">
    <p class='ocr_par' dir='ltr' id='par_1_72' title="bbox 2200 2833 2676 2904">
     <span class='ocr_line' id='line_1_72' title="bbox 2200 2833 2676 2904; baseline -0.004 -14"><span class='ocrx_word' id='word_1_451' title='bbox 2200 2835 2398 2890; x_wconf 79' lang='grc' dir='ltr'>θέντων</span> <span class='ocrx_word' id='word_1_452' title='bbox 2436 2833 2676 2904; x_wconf 86' lang='grc' dir='ltr'>ἀγαθῶν.</span> 
     </span>
    </p>
   </div>
   <div class='ocr_carea' id='block_1_73' title="bbox 2273 2921 3787 2999">
    <p class='ocr_par' dir='ltr' id='par_1_73' title="bbox 2273 2921 3787 2999">
     <span class='ocr_line' id='line_1_73' title="bbox 2273 2921 3787 2999; baseline -0.004 -19"><span class='ocrx_word' id='word_1_453' title='bbox 2273 2934 2382 2999; x_wconf 88' lang='grc' dir='ltr'>πη’.</span> <span class='ocrx_word' id='word_1_454' title='bbox 2410 2928 2532 2992; x_wconf 85' lang='grc' dir='ltr'>Τοῖς</span> <span class='ocrx_word' id='word_1_455' title='bbox 2567 2928 2660 2980; x_wconf 78' lang='grc' dir='ltr'>ἐπὶ</span> <span class='ocrx_word' id='word_1_456' title='bbox 2698 2928 2823 2998; x_wconf 77' lang='grc' dir='ltr'>γῆς,</span> <span class='ocrx_word' id='word_1_457' title='bbox 2855 2925 2956 2996; x_wconf 77' lang='grc' dir='ltr'>τῆς</span> <span class='ocrx_word' id='word_1_458' title='bbox 3004 2924 3155 2986; x_wconf 83' lang='grc' dir='ltr'>Θείας</span> <span class='ocrx_word' id='word_1_459' title='bbox 3183 2923 3385 2995; x_wconf 84' lang='grc' dir='ltr'>ἀρετῆς</span> <span class='ocrx_word' id='word_1_460' title='bbox 3431 2923 3525 2976; x_wconf 79' lang='grc' dir='ltr'>ἀπ’</span> <span class='ocrx_word' id='word_1_461' title='bbox 3554 2921 3787 2992; x_wconf 70' lang='grc' dir='ltr'>ούρανοῦ</span> 
     </span>
    </p>
   </div>
   <div class='ocr_carea' id='block_1_74' title="bbox 2199 3015 3788 3092">
    <p class='ocr_par' dir='ltr' id='par_1_74' title="bbox 2199 3015 3788 3092">
     <span class='ocr_line' id='line_1_74' title="bbox 2199 3015 3788 3092; baseline -0.004 -19"><span class='ocrx_word' id='word_1_462' title='bbox 2199 3021 2265 3073; x_wconf 87' lang='grc' dir='ltr'><strong>δι’</strong></span> <span class='ocrx_word' id='word_1_463' title='bbox 2293 3019 2440 3072; x_wconf 82' lang='grc' dir='ltr'>ἔλεον</span> <span class='ocrx_word' id='word_1_464' title='bbox 2465 3020 2556 3073; x_wconf 81' lang='grc' dir='ltr'><strong>τὸν</strong></span> <span class='ocrx_word' id='word_1_465' title='bbox 2579 3020 2714 3092; x_wconf 82' lang='grc' dir='ltr'>πρὸς</span> <span class='ocrx_word' id='word_1_466' title='bbox 2736 3021 2883 3092; x_wconf 78' lang='grc' dir='ltr'>ἡμᾶς</span> <span class='ocrx_word' id='word_1_467' title='bbox 2907 3019 3005 3089; x_wconf 82' lang='grc' dir='ltr'>τὴν</span> <span class='ocrx_word' id='word_1_468' title='bbox 3035 3017 3197 3088; x_wconf 82' lang='grc' dir='ltr'>χάριν</span> <span class='ocrx_word' id='word_1_469' title='bbox 3209 3015 3569 3087; x_wconf 75' lang='grc' dir='ltr'>καταπέμψαι</span> <span class='ocrx_word' id='word_1_470' title='bbox 3588 3015 3788 3088; x_wconf 76' lang='grc' dir='ltr'>βουληο</span> 
     </span>
    </p>
   </div>
   <div class='ocr_carea' id='block_1_75' title="bbox 2201 3109 3789 3184">
    <p class='ocr_par' dir='ltr' id='par_1_75' title="bbox 2201 3109 3789 3184">
     <span class='ocr_line' id='line_1_75' title="bbox 2201 3109 3789 3184; baseline -0.001 -21"><span class='ocrx_word' id='word_1_471' title='bbox 2201 3110 2315 3175; x_wconf 70' lang='grc' dir='ltr'>θεὶς</span> <span class='ocrx_word' id='word_1_472' title='bbox 2363 3113 2391 3166; x_wconf 87' lang='grc' dir='ltr'>ὁ</span> <span class='ocrx_word' id='word_1_473' title='bbox 2441 3113 2592 3184; x_wconf 64' lang='grc' dir='ltr'>Θεδς,</span> <span class='ocrx_word' id='word_1_474' title='bbox 2665 3112 3010 3184; x_wconf 86' lang='grc' dir='ltr'>συμϐολικῶς</span> <span class='ocrx_word' id='word_1_475' title='bbox 3040 3111 3139 3183; x_wconf 79' lang='grc' dir='ltr'>τὴν</span> <span class='ocrx_word' id='word_1_476' title='bbox 3174 3109 3326 3181; x_wconf 88' lang='grc' dir='ltr'>ίερὰν</span> <span class='ocrx_word' id='word_1_477' title='bbox 3360 3109 3566 3180; x_wconf 83' lang='grc' dir='ltr'>σκηνὴν</span> <span class='ocrx_word' id='word_1_478' title='bbox 3598 3109 3694 3162; x_wconf 74' lang='grc' dir='ltr'><strong>καὶ</strong></span> <span class='ocrx_word' id='word_1_479' title='bbox 3724 3109 3789 3163; x_wconf 82' lang='grc' dir='ltr'><strong>τά</strong></span> 
     </span>
    </p>
   </div>
   <div class='ocr_carea' id='block_1_76' title="bbox 2201 3187 3789 3276">
    <p class='ocr_par' dir='ltr' id='par_1_76' title="bbox 2201 3196 3789 3276">
     <span class='ocr_line' id='line_1_76' title="bbox 2201 3196 3789 3276; baseline -0.004 -18"><span class='ocrx_word' id='word_1_480' title='bbox 2201 3206 2259 3258; x_wconf 78' lang='grc' dir='ltr'><strong>ἐν</strong></span> <span class='ocrx_word' id='word_1_481' title='bbox 2290 3205 2426 3276; x_wconf 74' lang='grc' dir='ltr'>αὐτῇ</span> <span class='ocrx_word' id='word_1_482' title='bbox 2462 3205 2642 3260; x_wconf 86' lang='grc' dir='ltr'>πάντα</span> <span class='ocrx_word' id='word_1_483' title='bbox 2667 3205 3042 3259; x_wconf 83' lang='grc' dir='ltr'>κατεσκεύασε</span> <span class='ocrx_word' id='word_1_484' title='bbox 3064 3220 3077 3234; x_wconf 88' lang='grc'><strong>·</strong></span> <span class='ocrx_word' id='word_1_485' title='bbox 3113 3203 3306 3273; x_wconf 84' lang='grc' dir='ltr'>σοφίας</span> <span class='ocrx_word' id='word_1_486' title='bbox 3346 3196 3512 3255; x_wconf 77' lang='grc' dir='ltr'>οὖσαν</span> <span class='ocrx_word' id='word_1_487' title='bbox 3559 3199 3789 3254; x_wconf 68' lang='grc' dir='ltr'>ἀπεικός</span> 
     </span>
    </p>
   </div>
   <div class='ocr_carea' id='block_1_77' title="bbox 2200 3297 3070 3369">
    <p class='ocr_par' dir='ltr' id='par_1_77' title="bbox 2200 3297 3070 3369">
     <span class='ocr_line' id='line_1_77' title="bbox 2200 3297 3070 3369; baseline 0 -19"><span class='ocrx_word' id='word_1_488' title='bbox 2200 3313 2369 3366; x_wconf 84' lang='grc' dir='ltr'>νισμα</span> <span class='ocrx_word' id='word_1_489' title='bbox 2390 3297 2484 3350; x_wconf 74' lang='grc' dir='ltr'><strong>καὶ</strong></span> <span class='ocrx_word' id='word_1_490' title='bbox 2503 3298 2676 3352; x_wconf 82' lang='grc' dir='ltr'>τύπον</span> <span class='ocrx_word' id='word_1_491' title='bbox 2700 3297 2796 3352; x_wconf 79' lang='grc' dir='ltr'>καὶ</span> <span class='ocrx_word' id='word_1_492' title='bbox 2820 3297 3070 3369; x_wconf 85' lang='grc' dir='ltr'>μίμημα.</span> 
     </span>
    </p>
   </div>
   <div class='ocr_carea' id='block_1_78' title="bbox 2272 3471 3784 3550">
    <p class='ocr_par' dir='ltr' id='par_1_78' title="bbox 2272 3471 3784 3550">
     <span class='ocr_line' id='line_1_78' title="bbox 2272 3471 3784 3550; baseline -0.005 -18"><span class='ocrx_word' id='word_1_493' title='bbox 2272 3481 2380 3534; x_wconf 88' lang='grc' dir='ltr'>πθ’.</span> <span class='ocrx_word' id='word_1_494' title='bbox 2423 3479 2489 3532; x_wconf 85' lang='grc' dir='ltr'><strong>Ἦ</strong></span> <span class='ocrx_word' id='word_1_495' title='bbox 2515 3479 2675 3550; x_wconf 83' lang='grc' dir='ltr'>χάρις</span> <span class='ocrx_word' id='word_1_496' title='bbox 2706 3479 2804 3548; x_wconf 81' lang='grc' dir='ltr'>τῆς</span> <span class='ocrx_word' id='word_1_497' title='bbox 2841 3477 2990 3540; x_wconf 82' lang='grc' dir='ltr'>Νέας</span> <span class='ocrx_word' id='word_1_498' title='bbox 3018 3476 3318 3548; x_wconf 86' lang='grc' dir='ltr'>Διαθήκης,</span> <span class='ocrx_word' id='word_1_499' title='bbox 3375 3473 3657 3545; x_wconf 82' lang='grc' dir='ltr'>μυστικῶς</span> <span class='ocrx_word' id='word_1_500' title='bbox 3706 3471 3784 3542; x_wconf 76' lang='grc' dir='ltr'>τῷ</span> 
     </span>
    </p>
   </div>
   <div class='ocr_carea' id='block_1_79' title="bbox 2199 3567 3791 3644">
    <p class='ocr_par' dir='ltr' id='par_1_79' title="bbox 2199 3567 3791 3644">
     <span class='ocr_line' id='line_1_79' title="bbox 2199 3567 3791 3644; baseline -0.006 -16"><span class='ocrx_word' id='word_1_501' title='bbox 2199 3575 2298 3643; x_wconf 78' lang='grc' dir='ltr'><strong>τῆς</strong></span> <span class='ocrx_word' id='word_1_502' title='bbox 2355 3573 2600 3636; x_wconf 83' lang='grc' dir='ltr'>ῐῐαλαιᾶς</span> <span class='ocrx_word' id='word_1_503' title='bbox 2674 3571 2983 3644; x_wconf 80' lang='grc' dir='ltr'>κέκρυπται</span> <span class='ocrx_word' id='word_1_504' title='bbox 3051 3570 3371 3640; x_wconf 77' lang='grc' dir='ltr'>γράμματιο</span> <span class='ocrx_word' id='word_1_505' title='bbox 3427 3567 3508 3622; x_wconf 88' lang='grc' dir='ltr'>διό</span> <span class='ocrx_word' id='word_1_506' title='bbox 3559 3583 3730 3638; x_wconf 84' lang='grc' dir='ltr'>φησιν</span> <span class='ocrx_word' id='word_1_507' title='bbox 3762 3567 3791 3619; x_wconf 82' lang='grc' dir='ltr'><strong>ὁ</strong></span> 
     </span>
    </p>
   </div>
   <div class='ocr_carea' id='block_1_80' title="bbox 2213 3656 3792 3735">
    <p class='ocr_par' dir='ltr' id='par_1_80' title="bbox 2213 3656 3792 3735">
     <span class='ocr_line' id='line_1_80' title="bbox 2213 3656 3792 3735; baseline -0.005 -16"><span class='ocrx_word' id='word_1_508' title='bbox 2213 3665 2556 3730; x_wconf 83' lang='grc' dir='ltr'>Ἀπόστολος,</span> <span class='ocrx_word' id='word_1_509' title='bbox 2583 3667 2664 3719; x_wconf 85' lang='grc' dir='ltr'><strong>ὄτι</strong></span> <span class='ocrx_word' id='word_1_510' title='bbox 2715 3667 2744 3719; x_wconf 82' lang='grc' dir='ltr'>ὁ</span> <span class='ocrx_word' id='word_1_511' title='bbox 2771 3665 2936 3735; x_wconf 87' lang='grc' dir='ltr'>νόμος</span> <span class='ocrx_word' id='word_1_512' title='bbox 2967 3662 3353 3734; x_wconf 86' lang='grc' dir='ltr'>πνευματικῶς</span> <span class='ocrx_word' id='word_1_513' title='bbox 3382 3665 3553 3716; x_wconf 79' lang='grc' dir='ltr'>ἐστιν.</span> <span class='ocrx_word' id='word_1_514' title='bbox 3610 3661 3673 3714; x_wconf 90' lang='lat' dir='ltr'><strong>&#39;U</strong></span> <span class='ocrx_word' id='word_1_515' title='bbox 3700 3656 3792 3714; x_wconf 74' lang='grc' dir='ltr'><strong>οὖν</strong></span> 
     </span>
    </p>
   </div>
   <div class='ocr_carea' id='block_1_81' title="bbox 2200 3752 3793 3830">
    <p class='ocr_par' dir='ltr' id='par_1_81' title="bbox 2200 3752 3793 3830">
     <span class='ocr_line' id='line_1_81' title="bbox 2200 3752 3793 3830; baseline -0.005 -18"><span class='ocrx_word' id='word_1_516' title='bbox 2200 3759 2383 3830; x_wconf 86' lang='grc' dir='ltr'>νόμος,</span> <span class='ocrx_word' id='word_1_517' title='bbox 2413 3758 2492 3829; x_wconf 82' lang='grc' dir='ltr'>τῷ</span> <span class='ocrx_word' id='word_1_518' title='bbox 2529 3759 2628 3829; x_wconf 84' lang='grc' dir='ltr'>μὲν</span> <span class='ocrx_word' id='word_1_519' title='bbox 2665 3757 2980 3828; x_wconf 81' lang='grc' dir='ltr'>γράμματι,</span> <span class='ocrx_word' id='word_1_520' title='bbox 3016 3756 3345 3810; x_wconf 74' lang='grc' dir='ltr'>παλαιοῦται</span> <span class='ocrx_word' id='word_1_521' title='bbox 3375 3755 3469 3809; x_wconf 74' lang='grc' dir='ltr'><strong>καὶ</strong></span> <span class='ocrx_word' id='word_1_522' title='bbox 3514 3752 3793 3826; x_wconf 82' lang='grc' dir='ltr'>γηράσκει</span> 
     </span>
    </p>
   </div>
   <div class='ocr_carea' id='block_1_82' title="bbox 2202 3845 3795 3922">
    <p class='ocr_par' dir='ltr' id='par_1_82' title="bbox 2202 3845 3795 3922">
     <span class='ocr_line' id='line_1_82' title="bbox 2202 3845 3795 3922; baseline -0.004 -17"><span class='ocrx_word' id='word_1_523' title='bbox 2202 3849 2650 3922; x_wconf 85' lang='grc' dir='ltr'>καταργούμενος</span> <span class='ocrx_word' id='word_1_524' title='bbox 2699 3865 2714 3880; x_wconf 89' lang='grc'><strong>·</strong></span> <span class='ocrx_word' id='word_1_525' title='bbox 2785 3848 2864 3921; x_wconf 84' lang='grc' dir='ltr'>τῷ</span> <span class='ocrx_word' id='word_1_526' title='bbox 2929 3848 2986 3903; x_wconf 86' lang='grc' dir='ltr'><strong>δὲ</strong></span> <span class='ocrx_word' id='word_1_527' title='bbox 3035 3849 3333 3920; x_wconf 87' lang='grc' dir='ltr'>πνεύματι,</span> <span class='ocrx_word' id='word_1_528' title='bbox 3411 3845 3595 3908; x_wconf 81' lang='grc' dir='ltr'>νεάζει</span> <span class='ocrx_word' id='word_1_529' title='bbox 3677 3845 3795 3899; x_wconf 86' lang='grc' dir='ltr'>δια-</span> 
     </span>
    </p>
   </div>
   <div class='ocr_carea' id='block_1_83' title="bbox 2202 3940 3793 4017">
    <p class='ocr_par' dir='ltr' id='par_1_83' title="bbox 2202 3940 3793 4017">
     <span class='ocr_line' id='line_1_83' title="bbox 2202 3940 3793 4017; baseline -0.003 -19"><span class='ocrx_word' id='word_1_530' title='bbox 2202 3944 2406 4008; x_wconf 84' lang='grc' dir='ltr'>παντὸς</span> <span class='ocrx_word' id='word_1_531' title='bbox 2457 3942 2874 4016; x_wconf 75' lang='grc' dir='ltr'>ἑνεργούμενος.</span> <span class='ocrx_word' id='word_1_532' title='bbox 2911 3943 2977 3998; x_wconf 87' lang='grc' dir='ltr'><strong><em>Ἦ</em></strong></span> <span class='ocrx_word' id='word_1_533' title='bbox 3001 3942 3110 4017; x_wconf 84' lang='grc' dir='ltr'>γὰρ</span> <span class='ocrx_word' id='word_1_534' title='bbox 3139 3943 3304 4015; x_wconf 84' lang='grc' dir='ltr'>χάρις</span> <span class='ocrx_word' id='word_1_535' title='bbox 3327 3940 3608 4005; x_wconf 86' lang='grc' dir='ltr'>παντελῶς</span> <span class='ocrx_word' id='word_1_536' title='bbox 3650 3941 3793 3995; x_wconf 81' lang='grc' dir='ltr'>ἀπα·</span> 
     </span>
    </p>
   </div>
   <div class='ocr_carea' id='block_1_84' title="bbox 2200 4036 2834 4100">
    <p class='ocr_par' dir='ltr' id='par_1_84' title="bbox 2200 4036 2834 4100">
     <span class='ocr_line' id='line_1_84' title="bbox 2200 4036 2834 4100; baseline 0.002 -10"><span class='ocrx_word' id='word_1_537' title='bbox 2200 4036 2450 4100; x_wconf 86' lang='grc' dir='ltr'>λαίωτος.</span> <span class='ocrx_word' id='word_1_538' title='bbox 2829 4087 2834 4091; x_wconf 83' lang='lat'><strong>.</strong></span> 
     </span>
    </p>
   </div>
   <div class='ocr_carea' id='block_1_85' title="bbox 2277 4127 3796 4202">
    <p class='ocr_par' dir='ltr' id='par_1_85' title="bbox 2277 4127 3796 4202">
     <span class='ocr_line' id='line_1_85' title="bbox 2277 4127 3796 4202; baseline 0.001 -20"><span class='ocrx_word' id='word_1_539' title='bbox 2277 4133 2349 4196; x_wconf 58' lang='grc' dir='ltr'>ια.</span> <span class='ocrx_word' id='word_1_540' title='bbox 2388 4129 2448 4182; x_wconf 81' lang='grc'><strong>’0</strong></span> <span class='ocrx_word' id='word_1_541' title='bbox 2505 4127 2605 4198; x_wconf 84' lang='grc' dir='ltr'><strong>μὲν</strong></span> <span class='ocrx_word' id='word_1_542' title='bbox 2644 4129 2830 4200; x_wconf 83' lang='grc' dir='ltr'>νόμος,</span> <span class='ocrx_word' id='word_1_543' title='bbox 2855 4129 3014 4185; x_wconf 84' lang='grc' dir='ltr'>σκιὰν</span> <span class='ocrx_word' id='word_1_544' title='bbox 3043 4129 3157 4202; x_wconf 69' lang='grc' dir='ltr'>ἔχει</span> <span class='ocrx_word' id='word_1_545' title='bbox 3189 4129 3286 4185; x_wconf 83' lang='grc' dir='ltr'>τοῦ</span> <span class='ocrx_word' id='word_1_546' title='bbox 3325 4129 3670 4200; x_wconf 83' lang='grc' dir='ltr'>Εὐαγγελίου</span> <span class='ocrx_word' id='word_1_547' title='bbox 3691 4147 3706 4161; x_wconf 79' lang='grc' dir='ltr'><strong>ο</strong></span> <span class='ocrx_word' id='word_1_548' title='bbox 3735 4129 3796 4184; x_wconf 63' lang='grc' dir='ltr'>τὶ)</span> 
     </span>
    </p>
   </div>
   <div class='ocr_carea' id='block_1_86' title="bbox 2198 4219 3792 4292">
    <p class='ocr_par' dir='ltr' id='par_1_86' title="bbox 2198 4219 3792 4292">
     <span class='ocr_line' id='line_1_86' title="bbox 2198 4219 3792 4292; baseline 0 -18"><span class='ocrx_word' id='word_1_549' title='bbox 2198 4221 2260 4274; x_wconf 83' lang='grc' dir='ltr'><strong>δὲ</strong></span> <span class='ocrx_word' id='word_1_550' title='bbox 2289 4219 2648 4289; x_wconf 80' lang='grc' dir='ltr'>Εύαγγέλιον,</span> <span class='ocrx_word' id='word_1_551' title='bbox 2676 4219 2843 4274; x_wconf 82' lang='grc' dir='ltr'>εἰκών</span> <span class='ocrx_word' id='word_1_552' title='bbox 2878 4223 2994 4274; x_wconf 75' lang='grc' dir='ltr'>ἐστι</span> <span class='ocrx_word' id='word_1_553' title='bbox 3033 4221 3142 4275; x_wconf 88' lang='grc' dir='ltr'><strong>τῶν</strong></span> <span class='ocrx_word' id='word_1_554' title='bbox 3191 4221 3496 4292; x_wconf 76' lang='grc' dir='ltr'>μελλόντων</span> <span class='ocrx_word' id='word_1_555' title='bbox 3543 4221 3792 4290; x_wconf 84' lang='grc' dir='ltr'>ἀγαθῶν.</span> 
     </span>
    </p>
   </div>
   <div class='ocr_carea' id='block_1_87' title="bbox 2212 4311 3793 4389">
    <p class='ocr_par' dir='ltr' id='par_1_87' title="bbox 2212 4311 3793 4389">
     <span class='ocr_line' id='line_1_87' title="bbox 2212 4311 3793 4389; baseline 0.001 -25"><span class='ocrx_word' id='word_1_556' title='bbox 2212 4312 2275 4364; x_wconf 83' lang='grc' dir='ltr'><strong>ὐ</strong></span> <span class='ocrx_word' id='word_1_557' title='bbox 2306 4311 2406 4381; x_wconf 82' lang='grc' dir='ltr'>μὲν</span> <span class='ocrx_word' id='word_1_558' title='bbox 2459 4311 2570 4382; x_wconf 79' lang='grc' dir='ltr'>γὰρ</span> <span class='ocrx_word' id='word_1_559' title='bbox 2627 4311 2828 4365; x_wconf 88' lang='grc' dir='ltr'>κωλύει</span> <span class='ocrx_word' id='word_1_560' title='bbox 2881 4311 2985 4376; x_wconf 83' lang='grc' dir='ltr'>τὰς</span> <span class='ocrx_word' id='word_1_561' title='bbox 3047 4314 3157 4368; x_wconf 88' lang='grc' dir='ltr'><strong>τῶν</strong></span> <span class='ocrx_word' id='word_1_562' title='bbox 3207 4315 3398 4370; x_wconf 87' lang='grc' dir='ltr'>κακῶν</span> <span class='ocrx_word' id='word_1_563' title='bbox 3458 4313 3793 4389; x_wconf 75' lang='grc' dir='ltr'>ἐνεργείαςο</span> 
     </span>
    </p>
   </div>
   <div class='ocr_carea' id='block_1_88' title="bbox 2206 4402 3577 4478">
    <p class='ocr_par' dir='ltr' id='par_1_88' title="bbox 2206 4402 3577 4478">
     <span class='ocr_line' id='line_1_88' title="bbox 2206 4402 3577 4478; baseline 0.004 -20"><span class='ocrx_word' id='word_1_564' title='bbox 2206 4403 2264 4458; x_wconf 80' lang='grc' dir='ltr'>τδ</span> <span class='ocrx_word' id='word_1_565' title='bbox 2291 4403 2368 4466; x_wconf 79' lang='grc' dir='ltr'><strong>δὲ,</strong></span> <span class='ocrx_word' id='word_1_566' title='bbox 2390 4402 2490 4466; x_wconf 78' lang='grc' dir='ltr'>τὰς</span> <span class='ocrx_word' id='word_1_567' title='bbox 2519 4403 2747 4475; x_wconf 80' lang='grc' dir='ltr'>πράξεις</span> <span class='ocrx_word' id='word_1_568' title='bbox 2792 4405 2900 4459; x_wconf 84' lang='grc' dir='ltr'><strong>τῶν</strong></span> <span class='ocrx_word' id='word_1_569' title='bbox 2939 4405 3160 4474; x_wconf 82' lang='grc' dir='ltr'>ἀγαθῶν</span> <span class='ocrx_word' id='word_1_570' title='bbox 3198 4408 3577 4478; x_wconf 76' lang='grc' dir='ltr'>παρατίθεται.</span> 
     </span>
    </p>
   </div>
   <div class='ocr_carea' id='block_1_89' title="bbox 585 4495 2102 4573">
    <p class='ocr_par' dir='ltr' id='par_1_89' title="bbox 585 4495 2101 4570">
     <span class='ocr_line' id='line_1_89' title="bbox 585 4495 2101 4570; baseline 0.002 -19"><span class='ocrx_word' id='word_1_571' title='bbox 585 4495 674 4551; x_wconf 81' lang='lat'><strong>91.</strong></span> <span class='ocrx_word' id='word_1_572' title='bbox 706 4496 1030 4555; x_wconf 86' lang='lat' dir='ltr'><strong>Universam</strong></span> <span class='ocrx_word' id='word_1_573' title='bbox 1065 4499 1413 4570; x_wconf 88' lang='lat' dir='ltr'><strong>Scripturam</strong></span> <span class='ocrx_word' id='word_1_574' title='bbox 1454 4516 1688 4564; x_wconf 87' lang='lat' dir='ltr'><strong>sacram,</strong></span> <span class='ocrx_word' id='word_1_575' title='bbox 1718 4499 1892 4555; x_wconf 89' lang='lat' dir='ltr'><strong>instar</strong></span> <span class='ocrx_word' id='word_1_576' title='bbox 1932 4500 2101 4570; x_wconf 85' lang='lat' dir='ltr'><strong>spiri-</strong></span> 
     </span>
    </p>
   </div>
   <div class='ocr_carea' id='block_1_90' title="bbox 2202 4495 3796 4573">
    <p class='ocr_par' dir='ltr' id='par_1_90' title="bbox 2278 4495 3796 4573">
     <span class='ocr_line' id='line_1_90' title="bbox 2278 4495 3796 4573; baseline 0.005 -24"><span class='ocrx_word' id='word_1_577' title='bbox 2278 4495 2390 4564; x_wconf 64' lang='grc' dir='ltr'>ια’.</span> <span class='ocrx_word' id='word_1_578' title='bbox 2441 4497 2554 4569; x_wconf 85' lang='grc' dir='ltr'>Τὴν</span> <span class='ocrx_word' id='word_1_579' title='bbox 2583 4497 2746 4566; x_wconf 88' lang='grc' dir='ltr'>ἀγίαν</span> <span class='ocrx_word' id='word_1_580' title='bbox 2780 4499 2912 4570; x_wconf 78' lang='grc' dir='ltr'>ὃλην</span> <span class='ocrx_word' id='word_1_581' title='bbox 2963 4498 3210 4569; x_wconf 85' lang='grc' dir='ltr'>Γραφὴν.</span> <span class='ocrx_word' id='word_1_582' title='bbox 3264 4501 3429 4570; x_wconf 80' lang='grc' dir='ltr'>σαρκὶ</span> <span class='ocrx_word' id='word_1_583' title='bbox 3467 4502 3796 4573; x_wconf 74' lang='grc' dir='ltr'>διαιρεῖσθαι</span> 
     </span>
    </p>
   </div>
   <div class='ocr_carea' id='block_1_91' title="bbox 519 4586 2102 4662">
    <p class='ocr_par' dir='ltr' id='par_1_91' title="bbox 519 4586 2102 4662">
     <span class='ocr_line' id='line_1_91' title="bbox 519 4586 2102 4662; baseline 0.004 -23"><span class='ocrx_word' id='word_1_584' title='bbox 519 4586 648 4640; x_wconf 89' lang='lat' dir='ltr'><strong>talis</strong></span> <span class='ocrx_word' id='word_1_585' title='bbox 685 4589 974 4658; x_wconf 86' lang='lat' dir='ltr'><strong>cujusdam</strong></span> <span class='ocrx_word' id='word_1_586' title='bbox 1026 4591 1292 4655; x_wconf 87' lang='lat' dir='ltr'><strong>hominis,</strong></span> <span class='ocrx_word' id='word_1_587' title='bbox 1334 4607 1502 4648; x_wconf 89' lang='lat' dir='ltr'><strong>carne</strong></span> <span class='ocrx_word' id='word_1_588' title='bbox 1557 4592 1729 4647; x_wconf 85' lang='lat' dir='ltr'><strong>dividi</strong></span> <span class='ocrx_word' id='word_1_589' title='bbox 1783 4608 1848 4648; x_wconf 86' lang='lat' dir='ltr'><strong>ac</strong></span> <span class='ocrx_word' id='word_1_590' title='bbox 1901 4591 2102 4662; x_wconf 87' lang='lat' dir='ltr'><strong>spiritu</strong></span> 
     </span>
    </p>
   </div>
   <div class='ocr_carea' id='block_1_92' title="bbox 518 4677 2106 4755">
    <p class='ocr_par' dir='ltr' id='par_1_92' title="bbox 518 4677 2106 4755">
     <span class='ocr_line' id='line_1_92' title="bbox 518 4677 2106 4755; baseline 0.004 -23"><span class='ocrx_word' id='word_1_591' title='bbox 518 4677 777 4734; x_wconf 90' lang='lat' dir='ltr'><strong>dicimus.</strong></span> <span class='ocrx_word' id='word_1_592' title='bbox 803 4680 941 4736; x_wconf 90' lang='lat' dir='ltr'><strong>Nam</strong></span> <span class='ocrx_word' id='word_1_593' title='bbox 971 4685 1068 4753; x_wconf 89' lang='lat' dir='ltr'><strong>qui</strong></span> <span class='ocrx_word' id='word_1_594' title='bbox 1100 4683 1248 4740; x_wconf 87' lang='lat' dir='ltr'><strong>dicat</strong></span> <span class='ocrx_word' id='word_1_595' title='bbox 1277 4683 1578 4755; x_wconf 69' lang='lat' dir='ltr'><strong>Scripturae</strong></span> <span class='ocrx_word' id='word_1_596' title='bbox 1608 4695 1955 4751; x_wconf 76' lang='lat' dir='ltr'><strong>contextum,</strong></span> <span class='ocrx_word' id='word_1_597' title='bbox 1983 4699 2106 4740; x_wconf 90' lang='lat' dir='ltr'><strong>ver-</strong></span> 
     </span>
    </p>
   </div>
   <div class='ocr_carea' id='block_1_93' title="bbox 587 4836 1610 4909">
    <p class='ocr_par' dir='ltr' id='par_1_93' title="bbox 587 4836 1610 4909">
     <span class='ocr_line' id='line_1_93' title="bbox 587 4836 1610 4909; baseline 0.006 -15"><span class='ocrx_word' id='word_1_598' title='bbox 587 4836 635 4878; x_wconf 68' lang='lat'>”</span> <span class='ocrx_word' id='word_1_599' title='bbox 656 4839 815 4896; x_wconf 84' lang='lat' dir='ltr'><strong>Rom.</strong></span> <span class='ocrx_word' id='word_1_600' title='bbox 839 4854 927 4894; x_wconf 82' lang='lat' dir='ltr'><strong>vn.</strong></span> <span class='ocrx_word' id='word_1_601' title='bbox 957 4839 1044 4894; x_wconf 78' lang='lat' dir='ltr'><strong>M.</strong></span> <span class='ocrx_word' id='word_1_602' title='bbox 1120 4840 1166 4872; x_wconf 79' lang='grc' dir='ltr'><strong>⁸ο</strong></span> <span class='ocrx_word' id='word_1_603' title='bbox 1189 4838 1357 4898; x_wconf 83' lang='lat' dir='ltr'><strong>Hebr.</strong></span> <span class='ocrx_word' id='word_1_604' title='bbox 1379 4859 1494 4909; x_wconf 85' lang='lat' dir='ltr'><strong>vm,</strong></span> <span class='ocrx_word' id='word_1_605' title='bbox 1519 4843 1610 4900; x_wconf 71' lang='lat'><strong>13.</strong></span> 
     </span>
    </p>
   </div>
   <div class='ocr_carea' id='block_1_94' title="bbox 587 4996 2098 5071">
    <p class='ocr_par' dir='ltr' id='par_1_94' title="bbox 587 4996 2098 5071">
     <span class='ocr_line' id='line_1_94' title="bbox 587 4996 2098 5071; baseline 0.002 -21"><span class='ocrx_word' id='word_1_606' title='bbox 587 4998 606 5017; x_wconf 85' lang='lat'><strong><em>‘</em></strong></span> <span class='ocrx_word' id='word_1_607' title='bbox 640 4996 808 5071; x_wconf 60' lang='grc' dir='ltr'>Μέλης.</span> <span class='ocrx_word' id='word_1_608' title='bbox 837 4997 1071 5071; x_wconf 70' lang='lat' dir='ltr'><strong>Fr._l(a‘t</strong></span> <span class='ocrx_word' id='word_1_609' title='bbox 1086 4998 1262 5051; x_wconf 83' lang='grc' dir='ltr'>ταῦτα</span> <span class='ocrx_word' id='word_1_610' title='bbox 1296 4999 1438 5071; x_wconf 67' lang='grc' dir='ltr'>κατὰ</span> <span class='ocrx_word' id='word_1_611' title='bbox 1478 4998 1588 5071; x_wconf 65' lang='grc' dir='ltr'><strong>⁶τῶν</strong></span> <span class='ocrx_word' id='word_1_612' title='bbox 1625 5000 2098 5071; x_wconf 84' lang='grc' dir='ltr'>Χριστιανοκατη-</span> 
     </span>
    </p>
   </div>
   <div class='ocr_carea' id='block_1_95' title="bbox 515 5067 2105 5152">
    <p class='ocr_par' dir='ltr' id='par_1_95' title="bbox 515 5067 2105 5152">
     <span class='ocr_line' id='line_1_95' title="bbox 515 5067 2105 5152; baseline 0.004 -32"><span class='ocrx_word' id='word_1_613' title='bbox 515 5068 718 5152; x_wconf 68' lang='grc' dir='ltr'>γόρων,</span> <span class='ocrx_word' id='word_1_614' title='bbox 747 5067 869 5140; x_wconf 74' lang='grc' dir='ltr'>ἦτοι</span> <span class='ocrx_word' id='word_1_615' title='bbox 916 5068 1381 5124; x_wconf 80' lang='grc' dir='ltr'>Εἰκονοκαυστῶν.</span> <span class='ocrx_word' id='word_1_616' title='bbox 1445 5068 1570 5125; x_wconf 69' lang='lat' dir='ltr'><strong>Haec</strong></span> <span class='ocrx_word' id='word_1_617' title='bbox 1615 5067 1820 5142; x_wconf 75' lang='lat' dir='ltr'><strong>quoque</strong></span> <span class='ocrx_word' id='word_1_618' title='bbox 1853 5067 2105 5127; x_wconf 69' lang='lat' dir='ltr'><strong>adversus</strong></span> 
     </span>
    </p>
   </div>
   <div class='ocr_carea' id='block_1_96' title="bbox 595 5221 2108 5293">
    <p class='ocr_par' dir='ltr' id='par_1_96' title="bbox 595 5221 2108 5293">
     <span class='ocr_line' id='line_1_96' title="bbox 595 5221 2108 5293; baseline 0.004 -18"><span class='ocrx_word' id='word_1_619' title='bbox 595 5221 671 5293; x_wconf 63' lang='grc' dir='ltr'>(τι)</span> <span class='ocrx_word' id='word_1_620' title='bbox 705 5224 842 5276; x_wconf 82' lang='grc' dir='ltr'>Μετ’</span> <span class='ocrx_word' id='word_1_621' title='bbox 874 5224 1211 5290; x_wconf 81' lang='grc' dir='ltr'>εὐσταθοῦς</span> <span class='ocrx_word' id='word_1_622' title='bbox 1231 5224 1644 5293; x_wconf 77' lang='grc' dir='ltr'>βεϐαιότητος.</span> <span class='ocrx_word' id='word_1_623' title='bbox 1680 5225 1992 5282; x_wconf 88' lang='lat' dir='ltr'><strong>Obscurum</strong></span> <span class='ocrx_word' id='word_1_624' title='bbox 2022 5226 2108 5281; x_wconf 73' lang='lat' dir='ltr'><strong>vi-</strong></span> 
     </span>
    </p>
   </div>
   <div class='ocr_carea' id='block_1_97' title="bbox 523 5291 2110 5364">
    <p class='ocr_par' dir='ltr' id='par_1_97' title="bbox 523 5291 2110 5364">
     <span class='ocr_line' id='line_1_97' title="bbox 523 5291 2110 5364; baseline 0.005 -19"><span class='ocrx_word' id='word_1_625' title='bbox 523 5291 638 5364; x_wconf 72' lang='lat' dir='ltr'><strong>deri</strong></span> <span class='ocrx_word' id='word_1_626' title='bbox 667 5301 854 5364; x_wconf 83' lang='lat' dir='ltr'><strong>queat,</strong></span> <span class='ocrx_word' id='word_1_627' title='bbox 886 5309 996 5362; x_wconf 91' lang='lat' dir='ltr'><strong>quo</strong></span> <span class='ocrx_word' id='word_1_628' title='bbox 1016 5310 1091 5364; x_wconf 6' lang='lat' dir='ltr'><strong>exi</strong></span> <span class='ocrx_word' id='word_1_629' title='bbox 1113 5295 1294 5364; x_wconf 89' lang='lat' dir='ltr'><strong>capite</strong></span> <span class='ocrx_word' id='word_1_630' title='bbox 1327 5291 1734 5352; x_wconf 63' lang='lat' dir='ltr'><strong>existiniairerit</strong></span> <span class='ocrx_word' id='word_1_631' title='bbox 1768 5297 2110 5354; x_wconf 86' lang='lat' dir='ltr'><strong>Scholiastes</strong></span> 
     </span>
    </p>
   </div>
   <div class='ocr_carea' id='block_1_98' title="bbox 524 5362 2108 5437">
    <p class='ocr_par' dir='ltr' id='par_1_98' title="bbox 524 5362 2108 5437">
     <span class='ocr_line' id='line_1_98' title="bbox 524 5362 2108 5437; baseline 0.004 -22"><span class='ocrx_word' id='word_1_632' title='bbox 524 5362 814 5437; x_wconf 79' lang='lat' dir='ltr'><strong>Dulrenii,_</strong></span> <span class='ocrx_word' id='word_1_633' title='bbox 863 5363 982 5418; x_wconf 57' lang='lat' dir='ltr'><strong>hate</strong></span> <span class='ocrx_word' id='word_1_634' title='bbox 1015 5362 1314 5437; x_wconf 70' lang='lat' dir='ltr'><strong>adversari</strong></span> <span class='ocrx_word' id='word_1_635' title='bbox 1359 5366 1666 5437; x_wconf 85' lang='lat' dir='ltr'><strong>imaginum</strong></span> <span class='ocrx_word' id='word_1_636' title='bbox 1729 5369 2108 5434; x_wconf 84' lang='lat' dir='ltr'><strong>eversoribus,</strong></span> 
     </span>
    </p>
   </div>
   <div class='ocr_carea' id='block_1_99' title="bbox 523 5432 2117 5495">
    <p class='ocr_par' dir='ltr' id='par_1_99' title="bbox 523 5432 2117 5495">
     <span class='ocr_line' id='line_1_99' title="bbox 523 5432 2117 5495; baseline 0.005 -11"><span class='ocrx_word' id='word_1_637' title='bbox 523 5447 649 5493; x_wconf 79' lang='lat' dir='ltr'><strong>cum</strong></span> <span class='ocrx_word' id='word_1_638' title='bbox 679 5432 946 5488; x_wconf 76' lang='lat' dir='ltr'><strong>Maximus</strong></span> <span class='ocrx_word' id='word_1_639' title='bbox 971 5435 1112 5488; x_wconf 90' lang='lat' dir='ltr'><strong>nihil</strong></span> <span class='ocrx_word' id='word_1_640' title='bbox 1137 5434 1408 5490; x_wconf 82' lang='lat' dir='ltr'><strong>hactenus</strong></span> <span class='ocrx_word' id='word_1_641' title='bbox 1445 5432 1665 5492; x_wconf 71' lang='lat' dir='ltr'><strong>loeutus</strong></span> <span class='ocrx_word' id='word_1_642' title='bbox 1706 5441 1780 5494; x_wconf 88' lang='lat' dir='ltr'><strong>sit</strong></span> <span class='ocrx_word' id='word_1_643' title='bbox 1819 5439 1887 5495; x_wconf 90' lang='lat' dir='ltr'><strong>de</strong></span> <span class='ocrx_word' id='word_1_644' title='bbox 1922 5432 2117 5495; x_wconf 69' lang='lat' dir='ltr'><strong>imagi-</strong></span> 
     </span>
    </p>
   </div>
   <div class='ocr_carea' id='block_1_100' title="bbox 525 5481 2118 5583">
    <p class='ocr_par' dir='ltr' id='par_1_100' title="bbox 525 5481 2118 5583">
     <span class='ocr_line' id='line_1_100' title="bbox 525 5481 2118 5583; baseline 0.006 -29"><span class='ocrx_word' id='word_1_645' title='bbox 525 5481 814 5583; x_wconf 38' lang='lat' dir='ltr'><strong>nibus}?</strong></span> <span class='ocrx_word' id='word_1_646' title='bbox 831 5503 960 5583; x_wconf 74' lang='lat' dir='ltr'><strong>quia</strong></span> <span class='ocrx_word' id='word_1_647' title='bbox 983 5504 1062 5558; x_wconf 91' lang='lat' dir='ltr'><strong>illi</strong></span> <span class='ocrx_word' id='word_1_648' title='bbox 1083 5505 1458 5583; x_wconf 84' lang='lat' dir='ltr'><strong>causabantur</strong></span> <span class='ocrx_word' id='word_1_649' title='bbox 1475 5481 1780 5583; x_wconf 48' lang='lat' dir='ltr'><strong>desciuisse</strong></span> <span class='ocrx_word' id='word_1_650' title='bbox 1799 5481 2118 5583; x_wconf 56' lang='lat' dir='ltr'><strong>advidolo&#39;ia-</strong></span> 
     </span>
    </p>
   </div>
   <div class='ocr_carea' id='block_1_101' title="bbox 527 5569 2116 5648">
    <p class='ocr_par' dir='ltr' id='par_1_101' title="bbox 527 5569 2116 5648">
     <span class='ocr_line' id='line_1_101' title="bbox 527 5569 2116 5648; baseline 0.007 -25"><span class='ocrx_word' id='word_1_651' title='bbox 527 5571 690 5624; x_wconf 88' lang='lat' dir='ltr'><strong>triam</strong></span> <span class='ocrx_word' id='word_1_652' title='bbox 716 5569 1060 5648; x_wconf 81' lang='lat' dir='ltr'><strong>Christianos</strong></span> <span class='ocrx_word' id='word_1_653' title='bbox 1087 5590 1279 5648; x_wconf 89' lang='lat' dir='ltr'><strong>earum</strong></span> <span class='ocrx_word' id='word_1_654' title='bbox 1316 5579 1490 5648; x_wconf 85' lang='lat' dir='ltr'><strong>cultu,</strong></span> <span class='ocrx_word' id='word_1_655' title='bbox 1517 5579 1664 5647; x_wconf 88' lang='lat' dir='ltr'><strong>quod</strong></span> <span class='ocrx_word' id='word_1_656' title='bbox 1697 5581 1859 5648; x_wconf 87' lang='lat' dir='ltr'><strong>longe</strong></span> <span class='ocrx_word' id='word_1_657' title='bbox 1909 5588 1995 5634; x_wconf 88' lang='lat' dir='ltr'><strong>est</strong></span> <span class='ocrx_word' id='word_1_658' title='bbox 2047 5579 2116 5634; x_wconf 91' lang='lat' dir='ltr'><strong>ab</strong></span> 
     </span>
    </p>
   </div>
   <div class='ocr_carea' id='block_1_102' title="bbox 525 5645 2116 5722">
    <p class='ocr_par' dir='ltr' id='par_1_102' title="bbox 525 5645 2116 5722">
     <span class='ocr_line' id='line_1_102' title="bbox 525 5645 2116 5722; baseline 0.007 -30"><span class='ocrx_word' id='word_1_659' title='bbox 525 5654 721 5722; x_wconf 70' lang='lat' dir='ltr'><strong>eorum</strong></span> <span class='ocrx_word' id='word_1_660' title='bbox 772 5645 1101 5722; x_wconf 75' lang='lat' dir='ltr'><strong>Constantia,</strong></span> <span class='ocrx_word' id='word_1_661' title='bbox 1149 5647 1243 5714; x_wconf 91' lang='lat' dir='ltr'><strong>qui</strong></span> <span class='ocrx_word' id='word_1_662' title='bbox 1306 5645 1551 5702; x_wconf 80' lang='lat' dir='ltr'><strong>divinam</strong></span> <span class='ocrx_word' id='word_1_663' title='bbox 1602 5645 1832 5722; x_wconf 75' lang='lat' dir='ltr'><strong>strenue</strong></span> <span class='ocrx_word' id='word_1_664' title='bbox 1867 5650 2116 5719; x_wconf 91' lang='lat' dir='ltr'><strong>philoso-</strong></span> 
     </span>
    </p>
   </div>
   <div class='ocr_carea' id='block_1_103' title="bbox 530 5709 2114 5789">
    <p class='ocr_par' dir='ltr' id='par_1_103' title="bbox 530 5709 2114 5789">
     <span class='ocr_line' id='line_1_103' title="bbox 530 5709 2114 5789; baseline 0.006 -25"><span class='ocrx_word' id='word_1_665' title='bbox 530 5709 719 5789; x_wconf 77' lang='lat' dir='ltr'><strong>phiam</strong></span> <span class='ocrx_word' id='word_1_666' title='bbox 769 5711 1132 5789; x_wconf 84' lang='lat' dir='ltr'><strong>colunt,_nec</strong></span> <span class='ocrx_word' id='word_1_667' title='bbox 1168 5709 1367 5770; x_wconf 45' lang='lat' dir='ltr'><strong>‘rerum</strong></span> <span class='ocrx_word' id='word_1_668' title='bbox 1420 5720 1728 5776; x_wconf 88' lang='lat' dir='ltr'><strong>mutatione</strong></span> <span class='ocrx_word' id='word_1_669' title='bbox 1788 5709 2114 5786; x_wconf 72' lang='lat' dir='ltr'><strong>mutantur;</strong></span> 
     </span>
    </p>
   </div>
   <div class='ocr_carea' id='block_1_104' title="bbox 531 5782 2108 5869">
    <p class='ocr_par' dir='ltr' id='par_1_104' title="bbox 531 5782 2108 5869">
     <span class='ocr_line' id='line_1_104' title="bbox 531 5782 2108 5869; baseline 0.003 -31"><span class='ocrx_word' id='word_1_670' title='bbox 531 5782 728 5869; x_wconf 51' lang='lat' dir='ltr'><strong>Quales</strong></span> <span class='ocrx_word' id='word_1_671' title='bbox 754 5783 1058 5853; x_wconf 72' lang='lat' dir='ltr'><strong>praesertim</strong></span> <span class='ocrx_word' id='word_1_672' title='bbox 1082 5785 1377 5842; x_wconf 78' lang='lat' dir='ltr'><strong>eluxerunt</strong></span> <span class='ocrx_word' id='word_1_673' title='bbox 1402 5805 1501 5859; x_wconf 88' lang='lat' dir='ltr'><strong>per</strong></span> <span class='ocrx_word' id='word_1_674' title='bbox 1528 5791 1645 5845; x_wconf 74' lang='lat' dir='ltr'><strong>haec</strong></span> <span class='ocrx_word' id='word_1_675' title='bbox 1709 5801 1979 5863; x_wconf 86' lang='lat' dir='ltr'><strong>tempora,</strong></span> <span class='ocrx_word' id='word_1_676' title='bbox 2014 5782 2108 5860; x_wconf 82' lang='lat' dir='ltr'><strong>qui</strong></span> 
     </span>
    </p>
   </div>
   <div class='ocr_carea' id='block_1_105' title="bbox 2208 4590 3796 4662">
    <p class='ocr_par' dir='ltr' id='par_1_105' title="bbox 2208 4590 3796 4662">
     <span class='ocr_line' id='line_1_105' title="bbox 2208 4590 3796 4662; baseline 0 -18"><span class='ocrx_word' id='word_1_677' title='bbox 2208 4590 2444 4660; x_wconf 81' lang='grc' dir='ltr'>λέγομεν</span> <span class='ocrx_word' id='word_1_678' title='bbox 2475 4591 2565 4644; x_wconf 77' lang='grc' dir='ltr'>καὶ</span> <span class='ocrx_word' id='word_1_679' title='bbox 2597 4590 2868 4660; x_wconf 83' lang='grc' dir='ltr'>πνεύματι</span> <span class='ocrx_word' id='word_1_680' title='bbox 2894 4609 2908 4622; x_wconf 93' lang='grc'><strong>·</strong></span> <span class='ocrx_word' id='word_1_681' title='bbox 2974 4590 3228 4661; x_wconf 80' lang='grc' dir='ltr'>καθάπερ</span> <span class='ocrx_word' id='word_1_682' title='bbox 3271 4590 3394 4644; x_wconf 76' lang='grc' dir='ltr'>τινὰ</span> <span class='ocrx_word' id='word_1_683' title='bbox 3423 4593 3796 4662; x_wconf 77' lang='grc' dir='ltr'>πνευματικὸν</span> 
     </span>
    </p>
   </div>
   <div class='ocr_carea' id='block_1_106' title="bbox 2211 4676 3798 4756">
    <p class='ocr_par' dir='ltr' id='par_1_106' title="bbox 2211 4676 3798 4756">
     <span class='ocr_line' id='line_1_106' title="bbox 2211 4676 3798 4756; baseline -0.001 -17"><span class='ocrx_word' id='word_1_684' title='bbox 2211 4683 2496 4756; x_wconf 78' lang='grc' dir='ltr'>ἄνθρωπον</span> <span class='ocrx_word' id='word_1_685' title='bbox 2525 4676 2712 4738; x_wconf 75' lang='grc' dir='ltr'>οὖσαν.</span> <span class='ocrx_word' id='word_1_686' title='bbox 2747 4683 2806 4736; x_wconf 85' lang='grc'><strong>⁸0</strong></span> <span class='ocrx_word' id='word_1_687' title='bbox 2838 4682 2949 4754; x_wconf 83' lang='grc' dir='ltr'>γὰρ</span> <span class='ocrx_word' id='word_1_688' title='bbox 2969 4682 3033 4736; x_wconf 83' lang='grc' dir='ltr'><strong>τὸ</strong></span> <span class='ocrx_word' id='word_1_689' title='bbox 3057 4683 3222 4755; x_wconf 76' lang='grc' dir='ltr'>ῥητὸν</span> <span class='ocrx_word' id='word_1_690' title='bbox 3256 4683 3352 4754; x_wconf 81' lang='grc' dir='ltr'>τῆς</span> <span class='ocrx_word' id='word_1_691' title='bbox 3379 4682 3601 4754; x_wconf 77' lang='grc' dir='ltr'>Γραφῆς</span> <span class='ocrx_word' id='word_1_692' title='bbox 3623 4684 3798 4738; x_wconf 84' lang='grc' dir='ltr'>εἰπὼν</span> 
     </span>
    </p>
   </div>
   <div class='ocr_carea' id='block_1_107' title="bbox 2203 4997 3803 5077">
    <p class='ocr_par' dir='ltr' id='par_1_107' title="bbox 2203 4997 3803 5077">
     <span class='ocr_line' id='line_1_107' title="bbox 2203 4997 3803 5077; baseline 0.003 -23"><span class='ocrx_word' id='word_1_693' title='bbox 2203 4997 2636 5077; x_wconf 68' lang='lat' dir='ltr'><strong>Christianorum</strong></span> <span class='ocrx_word' id='word_1_694' title='bbox 2667 5001 3048 5077; x_wconf 67' lang='lat' dir='ltr'><strong>uituperatorcs</strong></span> <span class='ocrx_word' id='word_1_695' title='bbox 3068 5043 3083 5068; x_wconf 94' lang='lat'><strong>,</strong></span> <span class='ocrx_word' id='word_1_696' title='bbox 3121 5019 3208 5058; x_wconf 77' lang='lat' dir='ltr'><strong>eos</strong></span> <span class='ocrx_word' id='word_1_697' title='bbox 3252 5002 3448 5058; x_wconf 77' lang='lat' dir='ltr'><strong>scilicet</strong></span> <span class='ocrx_word' id='word_1_698' title='bbox 3479 5007 3570 5077; x_wconf 77' lang='lat' dir='ltr'><strong>qui</strong></span> <span class='ocrx_word' id='word_1_699' title='bbox 3613 5017 3803 5061; x_wconf 75' lang='lat' dir='ltr'><strong>sacras</strong></span> 
     </span>
    </p>
   </div>
   <div class='ocr_carea' id='block_1_108' title="bbox 2211 5072 2942 5145">
    <p class='ocr_par' dir='ltr' id='par_1_108' title="bbox 2211 5072 2942 5145">
     <span class='ocr_line' id='line_1_108' title="bbox 2211 5072 2942 5145; baseline 0 -19"><span class='ocrx_word' id='word_1_700' title='bbox 2211 5073 2468 5145; x_wconf 73' lang='lat' dir='ltr'><strong>imagines</strong></span> <span class='ocrx_word' id='word_1_701' title='bbox 2496 5074 2610 5143; x_wconf 85' lang='lat' dir='ltr'><strong>igni</strong></span> <span class='ocrx_word' id='word_1_702' title='bbox 2641 5072 2942 5127; x_wconf 77' lang='lat' dir='ltr'><strong>absumunt.</strong></span> 
     </span>
    </p>
   </div>
   <div class='ocr_carea' id='block_1_109' title="bbox 2215 5225 3798 5297">
    <p class='ocr_par' dir='ltr' id='par_1_109' title="bbox 2215 5225 3798 5297">
     <span class='ocr_line' id='line_1_109' title="bbox 2215 5225 3798 5297; baseline 0.001 -14"><span class='ocrx_word' id='word_1_703' title='bbox 2215 5229 2490 5284; x_wconf 88' lang='lat' dir='ltr'><strong>sanctiore</strong></span> <span class='ocrx_word' id='word_1_704' title='bbox 2525 5227 2778 5282; x_wconf 83' lang='lat' dir='ltr'><strong>instituto</strong></span> <span class='ocrx_word' id='word_1_705' title='bbox 2816 5241 2918 5296; x_wconf 89' lang='lat' dir='ltr'><strong>per</strong></span> <span class='ocrx_word' id='word_1_706' title='bbox 2953 5225 3239 5297; x_wconf 81' lang='lat' dir='ltr'><strong>Orientem</strong></span> <span class='ocrx_word' id='word_1_707' title='bbox 3299 5229 3581 5284; x_wconf 84' lang='lat' dir='ltr'><strong>vixerunt.</strong></span> <span class='ocrx_word' id='word_1_708' title='bbox 3639 5229 3798 5297; x_wconf 86' lang='lat' dir='ltr'><strong>Quod</strong></span> 
     </span>
    </p>
   </div>
   <div class='ocr_carea' id='block_1_110' title="bbox 2217 5296 3800 5371">
    <p class='ocr_par' dir='ltr' id='par_1_110' title="bbox 2217 5296 3800 5371">
     <span class='ocr_line' id='line_1_110' title="bbox 2217 5296 3800 5371; baseline 0.003 -19"><span class='ocrx_word' id='word_1_709' title='bbox 2217 5299 2287 5354; x_wconf 92' lang='lat' dir='ltr'><strong>de</strong></span> <span class='ocrx_word' id='word_1_710' title='bbox 2311 5299 2669 5371; x_wconf 79' lang='lat' dir='ltr'><strong>tabernaculo</strong></span> <span class='ocrx_word' id='word_1_711' title='bbox 2696 5297 2864 5371; x_wconf 79' lang='lat' dir='ltr'><strong>refert</strong></span> <span class='ocrx_word' id='word_1_712' title='bbox 2913 5296 3290 5371; x_wconf 64' lang='lat' dir='ltr'><strong>Maximusin</strong></span> <span class='ocrx_word' id='word_1_713' title='bbox 3317 5314 3433 5369; x_wconf 88' lang='lat' dir='ltr'><strong>seq.</strong></span> <span class='ocrx_word' id='word_1_714' title='bbox 3483 5301 3583 5356; x_wconf 90' lang='lat' dir='ltr'><strong>Dei</strong></span> <span class='ocrx_word' id='word_1_715' title='bbox 3639 5296 3800 5371; x_wconf 85' lang='lat' dir='ltr'><strong>jussu</strong></span> 
     </span>
    </p>
   </div>
   <div class='ocr_carea' id='block_1_111' title="bbox 2218 5366 3804 5442">
    <p class='ocr_par' dir='ltr' id='par_1_111' title="bbox 2218 5366 3804 5442">
     <span class='ocr_line' id='line_1_111' title="bbox 2218 5366 3804 5442; baseline 0 -18"><span class='ocrx_word' id='word_1_716' title='bbox 2218 5369 2502 5442; x_wconf 74' lang='lat' dir='ltr'><strong>conditum</strong></span> <span class='ocrx_word' id='word_1_717' title='bbox 2521 5383 2641 5442; x_wconf 83' lang='lat' dir='ltr'><strong>esse</strong></span> <span class='ocrx_word' id='word_1_718' title='bbox 2656 5376 2716 5442; x_wconf 79' lang='lat' dir='ltr'><strong>ut</strong></span> <span class='ocrx_word' id='word_1_719' title='bbox 2745 5366 3031 5438; x_wconf 86' lang='lat' dir='ltr'><strong>sapientiae</strong></span> <span class='ocrx_word' id='word_1_720' title='bbox 3046 5367 3090 5422; x_wconf 91' lang='lat' dir='ltr'><strong>si</strong></span> <span class='ocrx_word' id='word_1_721' title='bbox 3098 5366 3804 5442; x_wconf 58' lang='grc' dir='ltr'>ῳιιιθοτυιῃζάπεικόνισμα</span> 
     </span>
    </p>
   </div>
   <div class='ocr_carea' id='block_1_112' title="bbox 2215 5437 3801 5510">
    <p class='ocr_par' dir='ltr' id='par_1_112' title="bbox 2215 5437 3801 5510">
     <span class='ocr_line' id='line_1_112' title="bbox 2215 5437 3801 5510; baseline 0.003 -19"><span class='ocrx_word' id='word_1_722' title='bbox 2215 5440 2311 5492; x_wconf 67' lang='grc' dir='ltr'><strong>καὶ⁹</strong></span> <span class='ocrx_word' id='word_1_723' title='bbox 2332 5437 2502 5492; x_wconf 88' lang='grc' dir='ltr'>τύπον</span> <span class='ocrx_word' id='word_1_724' title='bbox 2535 5439 2629 5491; x_wconf 70' lang='grc' dir='ltr'>καὶ</span> <span class='ocrx_word' id='word_1_725' title='bbox 2657 5437 2877 5510; x_wconf 76' lang='grc' dir='ltr'>μίμημα</span> <span class='ocrx_word' id='word_1_726' title='bbox 2895 5471 2911 5500; x_wconf 79' lang='grc'><strong><em>,</em></strong></span> <span class='ocrx_word' id='word_1_727' title='bbox 2941 5452 3068 5510; x_wconf 82' lang='lat' dir='ltr'><strong>cum</strong></span> <span class='ocrx_word' id='word_1_728' title='bbox 3097 5438 3485 5510; x_wconf 90' lang='lat' dir='ltr'><strong>illisomnibus</strong></span> <span class='ocrx_word' id='word_1_729' title='bbox 3503 5456 3626 5509; x_wconf 67' lang='lat' dir='ltr'><strong>qua:</strong></span> <span class='ocrx_word' id='word_1_730' title='bbox 3652 5441 3710 5495; x_wconf 90' lang='lat' dir='ltr'><strong>in</strong></span> <span class='ocrx_word' id='word_1_731' title='bbox 3728 5437 3801 5496; x_wconf 31' lang='lat' dir='ltr'><strong>‘eo</strong></span> 
     </span>
    </p>
   </div>
   <div class='ocr_carea' id='block_1_113' title="bbox 2215 5507 3795 5580">
    <p class='ocr_par' dir='ltr' id='par_1_113' title="bbox 2215 5507 3795 5580">
     <span class='ocr_line' id='line_1_113' title="bbox 2215 5507 3795 5580; baseline 0.001 -16"><span class='ocrx_word' id='word_1_732' title='bbox 2215 5507 2669 5580; x_wconf 76' lang='lat' dir='ltr'><strong>continebantur,</strong></span> <span class='ocrx_word' id='word_1_733' title='bbox 2689 5507 2918 5580; x_wconf 87' lang='lat' dir='ltr'><strong>propius</strong></span> <span class='ocrx_word' id='word_1_734' title='bbox 2949 5508 3018 5580; x_wconf 84' lang='lat' dir='ltr'><strong>ad</strong></span> <span class='ocrx_word' id='word_1_735' title='bbox 3056 5509 3324 5580; x_wconf 88' lang='lat' dir='ltr'><strong>imagines</strong></span> <span class='ocrx_word' id='word_1_736' title='bbox 3345 5507 3795 5580; x_wconf 67' lang='lat' dir='ltr'><strong>spectat,earumo</strong></span> 
     </span>
    </p>
   </div>
   <div class='ocr_carea' id='block_1_114' title="bbox 2214 5578 3798 5648">
    <p class='ocr_par' dir='ltr' id='par_1_114' title="bbox 2214 5578 3798 5648">
     <span class='ocr_line' id='line_1_114' title="bbox 2214 5578 3798 5648; baseline 0.001 -15"><span class='ocrx_word' id='word_1_737' title='bbox 2214 5590 2324 5648; x_wconf 71' lang='lat' dir='ltr'><strong>que</strong></span> <span class='ocrx_word' id='word_1_738' title='bbox 2352 5579 2563 5634; x_wconf 91' lang='lat' dir='ltr'><strong>cultum</strong></span> <span class='ocrx_word' id='word_1_739' title='bbox 2593 5595 2609 5646; x_wconf 91' lang='lat'><strong>;</strong></span> <span class='ocrx_word' id='word_1_740' title='bbox 2644 5578 2772 5633; x_wconf 79' lang='lat' dir='ltr'><strong>nam</strong></span> <span class='ocrx_word' id='word_1_741' title='bbox 2820 5588 2876 5632; x_wconf 90' lang='lat' dir='ltr'><strong>et</strong></span> <span class='ocrx_word' id='word_1_742' title='bbox 2929 5578 3342 5634; x_wconf 80' lang='lat' dir='ltr'><strong>tabernaculum</strong></span> <span class='ocrx_word' id='word_1_743' title='bbox 3375 5578 3798 5636; x_wconf 50' lang='lat' dir='ltr'><strong>‘venerationem</strong></span> 
     </span>
    </p>
   </div>
   <div class='ocr_carea' id='block_1_115' title="bbox 2217 5647 3804 5719">
    <p class='ocr_par' dir='ltr' id='par_1_115' title="bbox 2217 5647 3804 5719">
     <span class='ocr_line' id='line_1_115' title="bbox 2217 5647 3804 5719; baseline -0.001 -17"><span class='ocrx_word' id='word_1_744' title='bbox 2217 5647 2477 5714; x_wconf 85' lang='lat' dir='ltr'><strong>habebat,</strong></span> <span class='ocrx_word' id='word_1_745' title='bbox 2520 5660 2584 5703; x_wconf 90' lang='lat' dir='ltr'><strong>ut</strong></span> <span class='ocrx_word' id='word_1_746' title='bbox 2619 5650 2751 5719; x_wconf 90' lang='lat' dir='ltr'><strong>quid</strong></span> <span class='ocrx_word' id='word_1_747' title='bbox 2780 5647 2992 5719; x_wconf 84' lang='lat' dir='ltr'><strong>scilicet</strong></span> <span class='ocrx_word' id='word_1_748' title='bbox 3019 5649 3116 5703; x_wconf 88' lang='lat' dir='ltr'><strong>Dei</strong></span> <span class='ocrx_word' id='word_1_749' title='bbox 3151 5657 3314 5719; x_wconf 89' lang='lat' dir='ltr'><strong>atque</strong></span> <span class='ocrx_word' id='word_1_750' title='bbox 3341 5649 3590 5705; x_wconf 82' lang='lat' dir='ltr'><strong>divinum</strong></span> <span class='ocrx_word' id='word_1_751' title='bbox 3620 5667 3804 5719; x_wconf 81' lang='grc' dir='ltr'>σχετι-</span> 
     </span>
    </p>
   </div>
   <div class='ocr_carea' id='block_1_116' title="bbox 2218 5717 3794 5844">
    <p class='ocr_par' dir='ltr' id='par_1_116' title="bbox 2218 5717 3794 5844">
     <span class='ocr_line' id='line_1_116' title="bbox 2218 5717 3794 5844; baseline 0.004 -73"><span class='ocrx_word' id='word_1_752' title='bbox 2218 5719 2351 5844; x_wconf 49' lang='grc' dir='ltr'><strong>κᾶἲς,</strong></span> <span class='ocrx_word' id='word_1_753' title='bbox 2388 5719 2485 5789; x_wconf 89' lang='lat' dir='ltr'><strong>qui</strong></span> <span class='ocrx_word' id='word_1_754' title='bbox 2519 5717 2664 5777; x_wconf 74' lang='lat' dir='ltr'><strong>unus</strong></span> <span class='ocrx_word' id='word_1_755' title='bbox 2686 5717 2965 5791; x_wconf 87' lang='lat' dir='ltr'><strong>legitimus</strong></span> <span class='ocrx_word' id='word_1_756' title='bbox 2987 5728 3074 5777; x_wconf 88' lang='lat' dir='ltr'><strong>est</strong></span> <span class='ocrx_word' id='word_1_757' title='bbox 3125 5717 3455 5800; x_wconf 78' lang='lat' dir='ltr'><strong>Christianis</strong></span> <span class='ocrx_word' id='word_1_758' title='bbox 3500 5717 3794 5794; x_wconf 73' lang='lat' dir='ltr'><strong>imaginum</strong></span> 
     </span>
     <span class='ocr_line' id='line_1_117' title="bbox 2218 5799 2420 5844; baseline 0 0"><span class='ocrx_word' id='word_1_759' title='bbox 2218 5806 2285 5844; x_wconf 93' lang='lat' dir='ltr'><strong>cu</strong></span> <span class='ocrx_word' id='word_1_760' title='bbox 2315 5799 2420 5844; x_wconf 88' lang='lat' dir='ltr'><strong>tus.</strong></span> 
     </span>
    </p>
   </div>
   <div class='ocr_carea' id='block_1_117' title="bbox 2218 5799 2420 5845">
    <p class='ocr_par' dir='ltr' id='par_1_117' title="bbox 2218 5799 2420 5845">
     <span class='ocr_line' id='line_1_118' title="bbox 2218 5799 2420 5845; baseline 0 0"><span class='ocrx_word' id='word_1_761' title='bbox 2218 5799 2420 5845; x_wconf 78' lang='grc' dir='ltr'>ουιιυε.</span> 
     </span>
    </p>
   </div>
  </div>
