4122 6320
406 370 538 437 1121

1235 372 1570 434 CAPITUM
1607 371 1881 433 THEOL.
1918 371 2014 431 ET
2052 371 2289 433 (ECON.
2329 372 2720 434 CENTURIA
2761 374 2812 437 Ι.

3533 375 3671 443 11Ξ2

402 476 542 534 εἶναι
569 478 746 553 σάρκα
774 495 788 513 ⁸
831 478 922 535 τὸν
953 480 1010 535 δὲ
1062 481 1266 554 ταύτης
1311 480 1461 546 νοῦν,
1516 479 1756 551 πνεῦμα,
1815 479 1985 551 ἤγουν

2088 483 2269 554 haque
2322 484 2439 554 ipsa
2489 499 2712 539 carnem
2765 499 2922 552 esse;
2973 485 3318 542 intellectum
3371 495 3556 542 autem
3607 504 3672 543 ac

401 567 600 641 ψυχὴν,
657 571 757 643 τῆς
798 570 1056 644 ἀληθείας
1110 567 1204 625 οὖν
1259 572 1662 644 ἁμαρτήσεται.
1707 571 1877 640 Σοφὸς
1923 569 1980 622 δὲ

403 659 705 732 προδήλως,
727 665 756 717 ό
785 665 846 718 τὸ
900 663 999 736 μὲν
1051 663 1410 738 φθειρόμενον
1445 663 1606 732 ἀφείς
1625 678 1640 692 ο
1667 663 1786 727 ὅλος
1823 660 1980 736 [unus

409 749 532 822 Reg.
566 753 725 827 ὅλως]
755 755 814 810 δὲ
840 755 936 810 τοῦ
956 755 1238 827 ἀφθάρτου
1274 757 1588 827 γενόμενος.

473 930 582 1002 ιιβι.
623 933 683 986 '0
714 933 812 1002 μὲν
860 933 1049 1006 νόμος,
1078 932 1216 1004 σάρξ
1245 934 1360 987 ἑστι
1389 931 1482 987 τοῦ
1515 931 1657 987 κατά
1702 931 1797 1004 τὴν
1821 931 1983 1001 ἀγίαν

402 1021 626 1096 Γραφὴν
685 1026 1060 1098 πνευματικοῦ
1105 1025 1435 1098 ἀνθρώπουο
1486 1025 1738 1096 αἴσθησις
1785 1024 1864 1089 δὲ,
1931 1025 1982 1077 oi

403 1117 683 1188 προφῆται
710 1136 722 1148 ο
747 1118 810 1171 τὸ
835 1119 892 1172 δὲ
924 1120 1271 1188 Εὑαγγέλιον,
1311 1118 1460 1190 ψυχὴ
1488 1118 1678 1190 νοερά·
1707 1117 1796 1171 διὰ
1854 1132 1985 1187 σαρ-

403 1208 497 1272 κὸς
521 1209 615 1263 τοῦ
664 1210 856 1282 νόμου,
904 1213 998 1265 καὶ
1062 1213 1129 1265 δι’
1179 1211 1489 1284 αἰσθήσεως
1542 1211 1653 1265 τῶν
1686 1209 1984 1283 προφητῶν

403 1301 702 1373 ἑνεργοῦσα
724 1320 739 1334 ο
775 1305 872 1358 καὶ
892 1303 989 1376 τὴν
1017 1304 1220 1375 ἑαυτῆς
1261 1303 1487 1376 δύναμιν
1519 1306 1641 1368 ταῖς
1678 1301 1980 1374 ἐνεργείαις

403 1395 758 1464 ἐμφαίνουσα.

476 1489 584 1553 ιιγῆ
611 1486 779 1540 Σκιάν
805 1488 903 1558 μὲν
935 1484 1081 1558 εἶχεν
1110 1489 1138 1540 ὁ
1156 1488 1338 1556 νόμος,
1362 1487 1546 1539 εἰκόνα
1575 1485 1632 1539 δὲ
1666 1484 1717 1538 οἱ
1768 1483 1976 1553 προφῆ-

403 1593 493 1630 ται
535 1577 643 1631 τῶν
678 1579 738 1632 ὲν
767 1579 844 1650 τῷ
898 1579 1214 1648 Εὑαγγελίῳ
1249 1578 1409 1640 θείων
1460 1578 1556 1631 καὶ
1593 1574 1986 1645 πνευματικῶν

403 1665 644 1735 ἀγαθῶν.
685 1667 827 1721 Αὐτὸ
854 1668 912 1722 δὲ
961 1669 1024 1722 τὸ
1073 1668 1426 1738 Εὑαγγέλιον,
1482 1668 1653 1737 αὐτὴν
1705 1667 1987 1740 παροῦσαν

404 1758 536 1835 ἡμῖν
567 1758 654 1812 διά
688 1760 798 1814 τῶν
842 1762 1186 1832 γραμμάτων
1215 1759 1384 1826 ἔδειξε
1414 1761 1514 1832 τὴν
1555 1759 1844 1832 ἁλήθειανσ
1885 1758 1986 1829 τὴν

402 1852 480 1922 τῷ
528 1851 679 1924 νόμῳ
761 1853 1249 1926 προσκιασθεῖσαν,
1325 1852 1422 1908 καὶ
1489 1857 1600 1920 τοῖς
1674 1853 1984 1924 προφήταις

403 1942 924 2012 προεικονισθεῖσαν.

473 2122 575 2190 ιιιδν.
621 2123 680 2177 ὐ
711 2124 801 2178 τὸν
831 2125 992 2198 νόμον
1008 2127 1097 2181 διὰ
1123 2127 1239 2198 βίου
1283 2127 1379 2182 καὶ
1402 2127 1680 2192 πολιτείας
1696 2127 1982 2192 ἐπιτελῶν,

407 2217 585 2286 μόνων
610 2216 719 2270 τῶν
746 2216 844 2288 τῆς
882 2218 1085 2284 κακίας
1139 2208 1303 2294 ἀργεῖ
1349 2221 1834 2294 συμπερασμάτων
1887 2219 1984 2291 (υ),

404 2305 696 2360 καταθύων
739 2307 819 2377 τῷ
851 2307 971 2380 Θεῷ
1025 2309 1136 2364 τῶν
1185 2309 1397 2380 ἀλόγων
1462 2311 1651 2365 παθῶν
1683 2311 1781 2382 τὴν
1831 2310 1984 2382 ἐνέρ-

389 2410 577 2466 γειαν·
607 2399 702 2452 καὶ.
721 2399 898 2470 τούτῳ
919 2400 1055 2473 πρὸς
1079 2403 1353 2475 σωτηρίαν
1376 2404 1632 2474 ἀρκεῖται
1665 2402 1744 2473 τῷ
1768 2402 1980 2472 τρόπῳ,

401 2488 492 2545 διὰ
521 2489 618 2562 τὴν
638 2495 696 2546 ὲν
727 2491 878 2564 αὕτῷ
910 2495 1288 2567 πνευματικὴν
1324 2495 1649 2568 νηπιότητα.

473 2664 574 2734 κε’.
616 2664 675 2719 Ὀ
711 2665 791 2736 τῷ
845 2665 1172 2738 προφητικῷ
1223 2666 1365 2738 λόγῳ
1440 2669 1979 2741 παιδαγιυγούμενος,

401 2756 542 2828 πρὸς
558 2759 626 2828 τῇ
658 2756 901 2828 ἀποϐολῇ
926 2758 1024 2829 τῆς
1057 2757 1166 2810 τῶν
1195 2759 1392 2812 παθῶν
1428 2760 1734 2830 ἐνεργείας,
1761 2763 1856 2815 κάὶ
1884 2763 1982 2825 τὰς

401 2846 544 2901 κατά
579 2847 758 2918 ψυχὴν
797 2848 1198 2919 συνισταμένας
1252 2849 1431 2904 αὐτῶν
1475 2851 1748 2905 ἐκτίθεται
1775 2869 1981 2921 συγκα-

404 2937 657 3001 ταθέσεις
680 2956 696 2968 ·
749 2940 836 2993 ἵνα
887 2941 960 3011 μὴ
993 2940 1071 3011 τῷ
1125 2939 1365 3014 χείρονι,
1411 2943 1557 3012 φημὶ
1589 2941 1653 3012 δὴ
1687 2945 1752 3014 τῇ
1789 2944 1978 3014 σαρκὶ,

401 3029 575 3083 δοκῶν
629 3032 828 3096 κακίας
856 3033 1190 3103 ἀπέχεσθαι’
1223 3033 1302 3104 τῷ
1341 3034 1631 3104 κρείττονι,
1663 3034 1808 3104 λέγω
1833 3036 1890 3089 δὲ
1911 3037 1978 3107 τῇ

400 3120 571 3193 ψυχῇ,
601 3121 740 3194 λάθῃ
765 3122 970 3194 ταύτην
996 3123 1236 3194 δαψιλῶς
1265 3125 1677 3197 ἐνεργούμενος.

472 3325 586 3388 ἧς’.
626 3320 684 3374 Ὀ
708 3321 810 3391 τὴν
851 3321 1214 3393 εὐαγγελικὴν
1258 3322 1403 3394 ζωὴν
1443 3323 1684 3394 γνησίως
1731 3323 1979 3389 ἀσπαζό-

403 3428 586 3482 μενος,
618 3412 714 3466 καὶ
760 3412 938 3485 ἀρχὴν
977 3414 1071 3466 καὶ
1101 3414 1256 3476 τέλος
1290 3414 1482 3468 ἑαυτοῦ
1523 3415 1622 3485 τῆς
1649 3415 1848 3480 κακίας
1889 3417 1978 3481 ἐξ·

399 3503 594 3572 έτεμε·
633 3501 724 3555 καὶ
755 3503 936 3556 πᾶσαν
974 3504 1177 3574 ἀρετὴν
1204 3502 1349 3574 ἔργῳ
1375 3520 1434 3556 τε
1470 3505 1564 3558 καὶ
1605 3504 1749 3574 λόγῳ
1781 3506 1978 3576 μετέρ-

398 3605 553 3659 χεται
574 3605 587 3619 ·
617 3588 760 3643 θύων
781 3589 970 3655 θυσίας
995 3591 1247 3656 αἰνέσεως
1273 3594 1368 3645 καὶ
1383 3593 1849 3666 ἐξομολογήσεως,
1873 3596 1978 3649 πά-

401 3697 505 3751 σης
535 3681 638 3753 τῆς
679 3683 799 3735 κατ’
838 3683 1117 3755 ἐνέργειαν
1171 3683 1279 3738 τῶν
1316 3683 1506 3738 παθῶν
1556 3685 1978 3756 ἀπηλλαγμένος

396 3771 696 3845 ὀχλήσεως,
720 3774 815 3827 ml.
841 3776 939 3846 τῆς
963 3775 1104 3828 κατά
1130 3773 1254 3827 νοῦν
1268 3775 1407 3846 πρὸς
1434 3774 1573 3828 αὑτά
1595 3776 1768 3847 μάχης
1798 3777 1976 3848 ὑπέρ-

399 3882 508 3934 χων
551 3863 880 3936 ἐλεύθεροςο
931 3866 1029 3920 καὶ
1085 3866 1255 3936 μόνην
1313 3864 1455 3936 έχων
1501 3866 1600 3937 τὴν
1647 3867 1736 3920 ἐπ’
1797 3865 1978 3922 ἑλπίδι

395 3955 503 4008 τῶν
545 3956 853 4027 μελλόντων
907 3957 1130 4026 ἀγαθῶν
1182 3957 1280 4030 τὴν
1332 3957 1514 4032 ψυχὴν
1555 3957 1974 4031 διατρέφουσαν,

395 4048 693 4120 ἀκόρεστον
731 4050 952 4122 ἡδονήν.

469 4239 575 4308 ιιζν.
603 4240 728 4308 To't;
757 4235 1202 4316 σπουδαιοτέροις
1237 4243 1347 4298 τῶν
1385 4243 1546 4301 θείων
1575 4246 1807 4318 Γραφῶν
1852 4248 1976 4302 ἑπι-

399 4333 680 4406 μεληταῖς,
746 4334 845 4389 δύο
900 4335 1040 4406 ἔχων
1083 4337 1438 4406 ἀναφαίνεται
1509 4338 1724 4410 μορφάς
1759 4339 1787 4392 ὁ
1833 4339 1976 4394 κατά

398 4423 601 4493 Κύριον
630 4424 838 4494 Λόγοςο
893 4426 992 4496 τὴν
1030 4425 1128 4498 μὲν
1177 4427 1365 4500 κοινὴν
1415 4429 1507 4482 καὶ
1554 4429 1975 4502 δημωδεστέραν

2083 591 2330 640 sensum,
2369 576 2631 646 spiritum
2667 577 3050 647 appellaverit,
3100 578 3150 632 is
3188 593 3219 632 a
3259 579 3495 634 veritate
3528 579 3671 634 nihil

2082 666 2449 722 aberraverit.
2483 667 2783 737 Perspieue
2825 677 3008 722 autem
3038 667 3133 738 ille
3169 668 3331 737 sapit,
3369 669 3462 738 qui
3493 669 3672 724 misso

2082 775 2150 814 eo
2183 759 2329 830 quod
2355 759 2731 829 corrumpitur
2753 769 2920 831 atque
2958 761 3170 824 interit,
3198 769 3349 815 totus
3376 761 3453 814 illi
3482 761 3670 818 adhae-

2025 853 2038 859 '
2084 855 2191 912 ret,
2222 848 2372 918 quod
2396 847 2538 902 nulli
2571 847 2913 918 corruptioni
2939 849 3240 903 obnoxium
3269 857 3374 903 est.

2153 939 2241 995 92.
2277 940 2410 1005 Lex,
2441 956 2570 995 caro
2595 949 2699 1005 est,
2732 941 2854 1012 ejus
2884 940 3150 1011 spiritalis
3186 941 3450 1006 hominis,
3486 941 3580 1010 qui
3615 942 3671 995 in

2085 1032 2373 1102 Scriptura
2411 1033 2837 1098 consideratur;
2876 1033 3182 1102 prophelte,
3225 1048 3448 1099 sensus;
3488 1033 3671 1087 Evan-

2085 1127 2312 1198 gelium,
2345 1126 2528 1180 anima
2567 1125 2915 1196 intelligens;
2947 1125 3111 1198 482
3141 1141 3264 1195 quae
3285 1125 3546 1180 videlicet
3571 1141 3676 1195 per

2092 1233 2318 1273 carnem
2348 1217 2567 1288 (nempe
2587 1217 2811 1288 legem),
2837 1227 2894 1272 et
2913 1234 3012 1288 per
3045 1234 3266 1273 sensum
3295 1219 3370 1290 (id
3402 1226 3505 1283 est,
3536 1233 3674 1288 pro-

2087 1309 2305 1382 phetas)
2337 1318 2622 1382 Operetur,
2661 1326 2928 1381 suamque
2959 1311 3076 1381 ipsa
3100 1311 3212 1365 vim
3243 1310 3462 1365 actibus
3489 1309 3676 1363 mani-

2086 1403 2411 1551 resillgflex,
2461 1486 2715 1542 umbram
2747 1487 3097 1543 solummodo
3129 1488 3358 1553 habuit;
3387 1491 3681 1560 prophetae

2087 1593 2242 1644 vero,
2279 1578 2600 1632 divinorum
2645 1594 2709 1633 ac
2749 1578 3080 1649 spiritalium
3123 1579 3418 1645 bonorum,
3457 1596 3578 1648 qua:
3613 1582 3669 1636 in

2087 1671 2392 1742 Evangelio
2434 1672 2814 1736 continentur,
2848 1670 3162 1741 imaginem.
3209 1671 3393 1740 Ipsum
3432 1671 3672 1742 denique

2090 1762 2473 1833 Evangelium,
2514 1762 2688 1833 ipsam
2712 1762 2876 1817 nobis
2912 1763 3083 1818 rebus
3111 1772 3441 1833 przesentem
3467 1748 3672 1819 verita-

2018 1835 2058 1889 Β
2088 1861 2196 1908 tem
2225 1853 2501 1919 exhibuit,
2524 1867 2688 1924 quam
2721 1852 2808 1908 lex
2839 1852 3220 1922 praeeuntibus
3252 1853 3442 1922 ﬁguris
3467 1853 3670 1909 obscu-

2087 1941 2206 1997 rius
2223 1941 2673 2010 adumbraverit;
2702 1943 2986 2014 prophetae
3005 1958 3140 1997 vero
3163 1944 3314 1998 velut
3342 1943 3507 1998 ducta
3533 1945 3671 1999 ima-

2085 2033 2210 2104 gine
2242 2033 2577 2090 clarioribus
2613 2035 2783 2090 lineis
2813 2035 3083 2105 tantisper
3123 2035 3674 2105 repraesentaverint.

2157 2126 2245 2181 94.
2263 2126 2368 2193 Qui
2398 2127 2512 2182 vita
2540 2143 2605 2184 ac
2629 2127 3048 2183 conversatione
3074 2127 3250 2198 legem
3275 2127 3620 2197 exsequitur,
3639 2143 3675 2182 a:

2084 2218 2218 2274 solis
2241 2229 2402 2274 vacat
2440 2221 2570 2276 mali
2599 2221 2836 2292 vitiique
2866 2221 3322 2278 conclusionibus
3359 2219 3436 2293 (id
3471 2228 3556 2277 est
3576 2237 3675 2277 ex-

2083 2310 2298 2384 tremis)
2317 2312 2612 2368 immolans
2629 2313 2763 2379 Deo,
2779 2313 2928 2383 quod
2952 2313 3354 2368 irrationalium
3372 2312 3674 2368 affectuum

2085 2417 2150 2456 ac
2177 2402 2471 2457 libidinum
2505 2411 2667 2469 nutu,
2693 2413 2816 2459 actu
2841 2404 3073 2475 geritur.
3107 2404 3335 2474 Hocque
3366 2405 3451 2481 (illi
3477 2405 3666 2470 modo,

2084 2495 2156 2550 ob
2205 2496 2510 2565 spiritalem
2561 2497 2619 2551 in
2661 2510 2730 2552 eo
2781 2497 3096 2563 infantiam,
3135 2498 3203 2552 ad
3251 2499 3491 2553 salutem
3534 2497 3676 2553 satis.

2083 2587 2416 2643 consulitur.

2153 2679 2241 2734 95.
2275 2679 2380 2745 Qui
2409 2680 2742 2751 prophetico
2767 2696 3023 2736 sermone
3049 2680 3325 2743 eruditur,
3345 2681 3562 2746 ,nedum
3591 2681 3673 2737 af-

2083 2771 2332 2828 fectuum
2376 2773 2754 2844 vitiorumque
2799 2783 2984 2828 actum
3025 2772 3218 2844 abiicit
3245 2788 3342 2828 seu
3385 2773 3668 2841 effectum,

2083 2882 2276 2922 verum
2321 2865 2490 2921 etiam
2528 2866 2622 2936 qui
2665 2866 2854 2920 animo
2894 2864 3230 2930 conﬂantur,
3273 2867 3468 2920 eorum
3513 2866 3674 2936 ponit

2084 2972 2408 3022 consensus,
2433 2972 2505 3011 ne
2537 2957 2668 3011 dum
2697 2957 2960 3012 deteriori
3021 2966 3174 3026 parte
3208 2955 3392 3029 (carne
3432 2955 3673 3027 scilicet)

2084 3064 2114 3102 a
2138 3049 2283 3102 malo
2310 3063 2374 3102 ac
2388 3047 2659 3117 pravitate
2682 3047 2964 3102 abstinere
2988 3047 3233 3112 videtur,
3275 3062 3360 3111 ea,
3387 3062 3510 3116 quae
3532 3061 3675 3116 pra:-

2084 3141 2318 3218 stantior
2343 3149 2429 3194 est
2459 3140 2679 3211 (nempe
2725 3138 2956 3211 animo),
2983 3139 3120 3195 illud
3160 3139 3485 3210 imprudens
3521 3139 3676 3211 large

2082 3240 2364 3305 operetur.

2151 3327 2240 3382 96.
2288 3325 2394 3392 Qui
2435 3341 2565 3381 vere
2595 3341 2661 3381 ex
2695 3325 2882 3380 animo
2915 3325 3289 3396 evangelicam
3330 3325 3501 3381 vitam
3550 3343 3671 3382 am-

2079 3416 2362 3487 plectitur,
2401 3431 2432 3470 a
2470 3431 2530 3471 se
2575 3415 2704 3470 mali
2749 3423 2915 3486 atqtie
2949 3415 3070 3471 vitii
3106 3431 3230 3470 cum
3279 3417 3520 3479 initium,
3551 3425 3667 3472 tum

2079 3509 2246 3563 linem
2291 3508 2618 3579 amputavit,
2665 3523 3001 3578 omnemque
3044 3516 3100 3563 et
3137 3524 3308 3578 opere
3350 3519 3408 3565 et
3452 3510 3668 3566 ratione

2079 3617 2178 3658 seu
2203 3617 2460 3657 sermone
2499 3602 2764 3657 virtutem
2795 3601 2965 3664 colit,
2993 3617 3194 3671 nempe
3232 3602 3522 3657 immolans
3552 3603 3671 3658 Deo

2079 3694 2291 3748 hostias
2319 3694 2500 3749 laudis
2529 3703 2586 3748 et
2610 3693 2998 3756 confessionis,
3040 3693 3133 3762 qui
3179 3693 3328 3747 omni
3367 3693 3664 3748 aﬂ‘eetuum

2078 3800 2143 3840 ac
2168 3784 2466 3839 libidinum
2499 3784 2557 3838 in
2594 3791 2722 3838 actu
2747 3791 2914 3854 atque
2951 3797 3120 3852 opere
3161 3783 3377 3837 solutus
3410 3784 3664 3839 molestia

2077 3877 2172 3943 sit,
2219 3884 2387 3947 atque
2431 3892 2462 3932 a
2507 3892 2688 3946 pugna
2729 3891 2854 3946 qua:
2891 3889 3018 3929 cum
3061 3873 3174 3929 illis
3215 3875 3400 3929 animo
3431 3875 3664 3944 geritur,

2077 3969 2222 4025 liber
2267 3985 2280 4022 :
2333 3968 2542 4039 quique
2585 3968 2702 4023 sola
2737 3967 2962 4022 demum
3017 3966 3317 4022 insatiabili
3355 3967 3660 4036 voluptate,

2061 4061 2395 4116 "futurorum
2449 4059 2721 4114 bonorum
2769 4073 2866 4129 spe
2904 4065 3163 4129 pascente
3209 4071 3278 4112 ac
3325 4055 3660 4123 delectante,

2063 4153 2344 4226 vpraaditus
2365 4153 2458 4208 sit.

2147 4243 2240 4300 97.
2289 4243 2507 4298 Divinis
2535 4241 2843 4312 Scripturis
2868 4239 3195 4311 impensiori
3231 4238 3518 4311 diligentia
3557 4253 3660 4294 nar--

2075 4337 2338 4392 vantibus
2395 4351 2644 4407 operam,
2706 4335 2916 4405 duplici
2979 4332 3138 4404 quasi
3200 4331 3379 4388 forma
3439 4331 3662 4386 Domini

2069 4426 2273 4484 Sermo
2299 4435 2528 4499 apparet
2576 4443 2673 4482 seu
2715 4425 3094 4497 conspicitur;
3133 4424 3306 4479 altera
3354 4422 3662 4489 communia,

392 4512 490 4566 καὶ
528 4514 628 4566 οὐκ
657 4513 858 4583 ὀλίγοις
893 4513 1122 4586 θεατὴν,
1164 4515 1287 4570 καθ’
1321 4516 1389 4588 ἢν
1419 4517 1637 4588 λέγεται
1661 4518 1768 4584 τὸ,
1803 4519 1972 4574 £160-

2079 4520 2361 4592 magisque
2398 4535 2467 4574 ex
2513 4534 2620 4574 usu
2651 4516 2801 4588 vulgi
2845 4531 2951 4571 nec
2987 4514 3181 4585 paucis
3221 4512 3568 4584 aspectabili,
3592 4527 3666 4568 ex

390 4617 507 4670 μεν
544 4602 753 4671 αὐτὸν,
789 4605 888 4658 καὶ
937 4607 1048 4660 οὐκ
1083 4603 1268 4676 ,εἶχεν
1315 4608 1478 4676 εἶδος
1518 4609 1662 4664 οὐδὲ
1709 4610 1970 4679 κάλλος-ο

391 4691 494 4765 τὴν
539 4693 596 4748 δὲ
628 4698 1012 4769 κρυφιωτέραν
1067 4701 1163 4753 καὶ
1209 4699 1407 4769 ὀλίγοις
1440 4695 1686 4774 ἐφικτὴν,
1726 4706 1836 4768 τοῖς
1870 4706 1972 4777 ήδη

394 4787 537 4840 κατά
612 4789 822 4860 Πέτρον
866 4791 956 4843 καὶ
1033 4790 1290 4844 Ἰάκωϐον
1345 4792 1440 4846 καὶ
1501 4793 1780 4865 Ἰωάννην,
1849 4795 1978 4859 τοὺς

395 4877 586 4945 ἁγίους
626 4879 962 4943 ἀποστόλους
988 4882 1290 4950 γεγονόσιν,
1312 4908 1314 4911 ·
1334 4883 1420 4952 ἐφ’
1450 4875 1525 4936 ὧν
1553 4887 1583 4937 ό
1612 4882 1818 4956 Κύριος
1847 4903 1978 4956 μετ-

394 4969 694 5042 εμορφώθη
755 4973 891 5044 πρὸς
945 4973 1104 5038 δόξαν
1146 4974 1388 5027 νικῶσαν
1406 4976 1514 5047 τὴν
1543 4976 1817 5046 αἰσθησιν·
1852 4979 1975 5031 καθ’

394 5061 462 5130 ἢν
491 5059 664 5115 ἐστιν
693 5063 907 5132 ὡραῖος
933 5063 1145 5119 κάλλει
1166 5065 1327 5133 παρὰ
1353 5065 1496 5133 τοὺς
1527 5067 1698 5134 υἱοὺς
1725 5066 1844 5123 τῶν
1872 5069 1975 5124 ἀν-

468 5199 514 5231 ⁸⁸
537 5199 641 5253 lsa.
664 5216 776 5264 LIII,
798 5200 854 5255 2.

470 5308 549 5382 (υ)
569 5311 786 5384 ἀξόνων
816 5309 935 5364 τῶν
959 5309 1071 5384 τῇς
1103 5312 1316 5384 κακίας
1350 5311 1522 5384 ἀργεῖ
1540 5314 1972 5384 συμπερασμά-

394 5380 534 5435 των.
587 5380 703 5435 Hoc
737 5395 959 5454 quoque
979 5381 1154 5454 Marci
1183 5380 1464 5454 νηπτικῶν
1489 5380 1978 5454 ουρζΗίδειὶευε

396 5460 503 5529 est,
536 5464 668 5503 eum
685 5452 907 5529 quisoli
938 5451 1064 5529 vitae
1093 5451 1279 5529 studét
1309 5469 1372 5507 ac
1396 5451 1827 5529 conversationi.
1879 5472 1976 5529 seu

397 5521 493 5586 qui
544 5534 644 5586 pro
689 5521 1072 5589 incipientium
1123 5525 1356 5586 ratione,
1420 5525 1707 5579 exteriori
1754 5526 1982 5581 Virtutis

397 5589 574 5643 cultui
595 5590 773 5644 solum
792 5590 1147 5666 impenditur,
1180 5595 1286 5649 hoc
1313 5611 1482 5649 unum
1507 5610 1722 5659 cavere,
1749 5611 1820 5652 ne
1843 5596 1977 5666 quid

397 5673 565 5730 opere
595 5669 806 5730 peccet,
842 5661 1067 5730 ipsaque
1099 5666 1230 5718 vitia
1253 5673 1308 5719 et
1336 5666 1586 5730 affectus,
1641 5682 1737 5720 seu
1772 5661 1977 5722 concu-

396 5727 701 5804 piscentias
721 5727 1071 5804 exsequendo
1091 5751 1103 5786 :
1130 5751 1251 5802 qum
1268 5744 1396 5789 sunt
1416 5736 1524 5788 τῶν
1543 5727 1752 5804 ἀλόγων
1786 5738 1978 5790 παθῶν

400 5801 866 5872 συμπεράσματα,
902 5802 1044 5856 velut
1071 5801 1461 5873 conclusiones;
1491 5821 1602 5876 quo
1617 5801 1816 5878 nempe
1840 5809 1975 5863 irra-

2078 4613 2239 4684 cujus
2281 4611 2500 4668 ratione
2533 4612 2744 4667 dicitur
2785 4611 2922 4666 illud
2953 4629 2968 4665 :
3006 4610 3238 4666 Vidimus
3285 4627 3428 4676 eum,
3471 4616 3522 4662 et
3557 4623 3666 4662 non

2077 4706 2299 4761 habebat
2337 4705 2562 4777 speciem
2605 4720 2772 4778 neque
2812 4705 3048 4761 decorem
3077 4705 3120 4737 "
3153 4721 3184 4758 .:
3219 4704 3393 4759 altera
3435 4703 3666 4758 abstru-

2076 4797 2246 4864 siore,
2285 4812 2349 4852 ac
2381 4813 2548 4868 quam
2583 4798 2746 4868 pauci
2774 4805 3176 4869 assequamur;
3223 4796 3261 4850 ii
3307 4796 3525 4851 scilicet
3564 4791 3666 4862 qui

2070 4888 2183 4959 jam
2205 4888 2413 4944 sanctis
2436 4889 2725 4960 apostolis,
2749 4890 2914 4946 Petro
2935 4897 2992 4946 et
3018 4888 3224 4946 Jacobo
3245 4896 3303 4943 et
3327 4885 3550 4949 Joanni,
3589 4884 3670 4940 εἰς

2076 4982 2237 5036 miles
2268 4981 2614 5048 exstiterint;
2655 4981 2760 5037 sub
2788 4997 3027 5052 quorum
3067 4979 3360 5051 praesentia
3390 4975 3671 5032 Dominus

2075 5071 2501 5130 transformatus
2519 5082 2624 5139 est,
2657 5087 2724 5128 ea
2753 5073 3004 5129 claritate
3025 5087 3150 5143 quae
3178 5085 3399 5127 sensum
3429 5083 3671 5139 exsupe-

2085 5317 2318 5374 tionales
2355 5318 2590 5374 affectus
2620 5328 2676 5375 et-
2714 5319 2975 5375 libidines
3009 5319 3299 5376 innectunt
3329 5329 3383 5374 et
3411 5318 3667 5383 trahunt,

2082 5389 2162 5461 uti
2189 5397 2414 5461 exponit
2447 5390 2561 5446 Jac.
2595 5407 2638 5458 ι,
2675 5391 2767 5446 14.
2815 5392 2986 5446 Docta
3038 5391 3354 5461 metaphora
3385 5406 3440 5461 7a
3477 5390 3664 5461 ρδθυο-ε

2081 5457 2278 5529 gismo,
2321 5459 2377 5513 in
2431 5477 2544 5530 quo
2605 5457 2688 5516 Sic
2738 5461 3052 5530 praemissa
3104 5457 3200 5516 ad—
3243 5457 3664 5516 conclusionem

2082 5531 2311 5600 ejusque
2393 5545 2678 5585 ascensum
2749 5531 3022 5585 inducunt
3093 5547 3158 5586 ac
3223 5539 3445 5600 cogunt.
3500 5531 3660 5585 Nihil

2083 5598 2223 5653 bene
2243 5600 2426 5665 Picus,
2459 5601 2515 5654 in
2560 5602 2757 5656 uitiosis
2804 5602 3068 5656 duntaxat
3125 5598 3534 5656 conneicionibus
3567 5619 3664 5655 va-

2083 5678 2216 5734 cat;
2277 5677 2392 5724 tum
2410 5672 2579 5743 ⁸ῃιιοιΙ
2626 5673 2794 5731 verbo
2834 5674 2994 5743 ἀργεῖ
3047 5671 3385 5728 contrarium
3437 5671 3663 5726 videtur

2084 5753 2308 5814 sensum
2366 5740 2666 5814 allingere;
2745 5740 3060 5814 tum'quod
3118 5757 3309 5799 vocem
3368 5756 3660 5813 συμπερα-

2084 5811 2306 5880 σμάτων
2334 5827 2442 5866 non
2476 5813 2610 5868 satis
2629 5813 2876 5884 exponit.
