4122 6320
533 358 671 423 1123

1700 358 1764 416 'S.
1807 355 2094 416 ΜΑΧΙΜΙ
2132 356 2646 417 CUNFESSOBIS

3660 360 3684 422 1
3696 359 3798 424 124

529 480 645 536 rat;
687 485 796 540 qua
833 478 908 525 est
938 473 1201 542 speciosus
1232 469 1406 539 forma
1451 483 1562 538 pra:
1586 465 1716 535 ﬁliis
1742 467 2015 519 hominum
2045 464 2113 516 ⁸¹.

2220 465 2487 532 Optimam.
2516 465 2734 519 Τούτων
2763 465 2820 518 δὲ
2850 465 2956 518 τῶν
2973 466 3066 520 δύο
3085 467 3331 540 μορφῶν,
3359 469 3394 538 ὴ
3415 466 3516 538 μὲν
3540 470 3798 542 προτέρα,

531 563 705 615 Porro
740 561 977 630 duplicis
1010 562 1175 631 hujus
1201 560 1411 624 forma),
1449 560 1606 629 prior
1643 557 1870 627 quidem
1896 557 1984 610 his
2015 557 2110 625 qui

530 655 872 708 inducuntur
939 669 1003 707 ac
1061 653 1339 706 tironibus
1388 651 1724 705 conveniens
1773 658 1889 714 est;
1942 649 2116 702 altera

531 761 660 799 vero
697 762 765 799 ex
799 760 991 798 eorum
1039 754 1126 799 est
1175 743 1416 808 ratione,
1465 743 1558 812 qui
1607 742 1836 812 perfecti
1884 740 2118 794 scientia

529 843 658 889 sunt
699 851 763 889 ac
809 835 1203 899 consummati,
1248 835 1428 905 quoad
1473 835 1592 904 ejus
1639 833 1788 886 licet.
1835 829 1995 902 [.83
2042 832 2120 884 Ac

526 926 754 994 quidem
803 928 1003 996 prima,
1053 927 1266 980 Domini
1322 926 1526 996 prioris
1563 925 1833 978 adventus
1879 923 2120 993 speciem

530 1016 718 1079 refert,
761 1017 826 1071 ad
886 1032 1046 1085 quem
1092 1016 1381 1071 referenda
1437 1015 1716 1085 Evangelii
1766 1015 1974 1069 littera.
2018 1013 2113 1082 qui

531 1122 727 1175 nempe
771 1107 1042 1160 malorum
1091 1120 1156 1159 ac
1202 1120 1571 1159 mrumnarum
1619 1103 1974 1172 perpessionc
2017 1117 2114 1156 eos

532 1197 812 1263 emundet,
838 1197 933 1266 qui
965 1196 1169 1251 actioni
1205 1196 1431 1251 student
1461 1216 1473 1250 :
1510 1196 1706 1258 altera,
1731 1194 1959 1250 secundi
1991 1194 2112 1264 glo-

529 1290 774 1358 riosique
819 1289 1094 1343 adventus
1132 1288 1440 1358 designatio
1483 1296 1567 1342 est
1607 1298 1772 1357 atque
1815 1287 2009 1358 ﬁgura,
2045 1286 2112 1340 ad

528 1395 692 1448 quem
728 1387 978 1450 spectare
1008 1379 1370 1449 intelligimus
1391 1379 1688 1448 spiritum;
1731 1379 1826 1447 qui
1856 1377 2116 1432 videlicet

529 1473 803 1542 spiritales
838 1487 903 1528 ac
941 1473 1259 1527 divinorum
1305 1471 1539 1525 scientia
1584 1471 1856 1534 excultos,
1895 1469 2116 1538 sapien-

2209 561 2326 621 τοῖς
2376 559 2753 628 εἰσαγομένοις
2805 560 3061 631 ἁρμόδιος
3094 577 3108 590 ·
3162 559 3196 628 ἡ
3261 561 3490 632 δευτέρα
3555 561 3633 625 δὲ,
3690 566 3802 627 τοίς

2212 650 2354 703 κατὰ
2383 650 2479 720 τὴν
2509 650 2712 719 γνῶσιν
2735 651 2808 714 ὼς
2831 652 3054 721 ἐφικτὸν
3086 651 3454 705 τελειωθεῖσιν
3514 653 3797 722 ἀνάλογος.

2217 741 2327 794 Καὶ
2355 743 2386 810 ἡ
2420 741 2538 811 μὲν,
2563 742 2660 812 τῆς
2682 741 2906 812 πρώτης
2941 743 3034 795 τοῦ
3073 745 3275 814 Κυρίου
3312 745 3614 816 παρουσίας
3644 747 3800 800 ἐστὶν

2217 819 2401 896 εἰκὼν,
2434 834 2518 901 ἐφ’
2558 828 2625 904 ἧς
2652 833 2713 886 τὸ
2749 834 2910 904 ῥητὸν
2949 835 3045 887 τοῦ
3101 836 3434 904 Εὑαγγελίου
3483 837 3664 891 θετέον
3702 842 3801 906 τῆς

2217 923 2302 976 διὰ
2336 923 2674 994 παθημάτων
2706 926 3078 997 καθαιρούσης
3106 929 3230 989 τοὺς
3255 932 3592 999 πρακτικούς
3613 948 3626 960 ⁸
3657 933 3690 1002 ἠ
3721 933 3798 992 δὲ.

2220 1015 2318 1082 τῆς
2340 1014 2598 1084 δευτέρας
2647 1017 2737 1068 καὶ
2788 1017 2999 1080 ἐνδόξου
3031 1019 3333 1090 παρουσίας
3363 1022 3481 1074 ἐστὶ
3511 1023 3800 1093 προδιατύ-

2221 1121 2417 1172 πωσις,
2473 1104 2558 1172 ἐφ’
2593 1098 2662 1175 ἦς
2693 1105 2753 1159 τὸ
2803 1106 3021 1177 πνεῦμα
3050 1111 3288 1162 νοεῖται·
3340 1110 3443 1180 τῆς
3479 1111 3565 1164 διὰ
3609 1113 3802 1182 σοφίας

2219 1197 2344 1258 τοὺς
2406 1200 2741 1264 γνωστικοῦς
2791 1203 3251 1271 μεταμορφούσης
3303 1203 3442 1273 πρὸς
3481 1202 3803 1257 θέωσινοέκ

2220 1291 2318 1358 τῆς
2364 1289 2422 1340 ὲν
2444 1293 2627 1354 αὐτοῖς
2654 1290 2745 1344 τοῦ
2771 1292 2929 1360 λόγου
2962 1294 3460 1364 μεταμορφώσεως,
3523 1296 3797 1349 ἀνακεκαι

2222 1379 2484 1452 λυμμένῳ
2533 1381 2812 1452 προσώπῳ
2868 1383 2966 1454 τὴν
2993 1385 3151 1451 δόξαν
3196 1386 3402 1456 Κυρίου
3442 1385 3803 1456 κατοπτριζοι-

2229 1469 2440 1540 μένους.

531 1567 619 1620 tia:
649 1582 880 1622 munere
911 1567 978 1621 ad
1003 1566 1416 1621 deiﬁcationem
1445 1565 1827 1630 transformet;
1858 1578 1925 1618 ex
1945 1560 2112 1618 Verbi
2153 1561 2210 1617 in
2236 1563 2320 1618 eis
2349 1563 2854 1629 transformatione,
2922 1561 3144 1618 Domini
3207 1563 3514 1620 claritatem
3563 1564 3803 1620 revelata

530 1659 669 1714 facie
691 1659 1041 1728 speculantes
1071 1659 1139 1713 ⁸³.

599 1748 688 1802 98.
742 1748 848 1814 Qui
904 1750 1130 1804 immota
1191 1750 1501 1805 constantia
1565 1756 1793 1819 propter
1850 1749 2110 1803 virtutem

2295 1741 2404 1818 ιη’.
2442 1749 2500 1801 Ὀ
2519 1749 2616 1819 μὲν
2637 1749 3044 1814 ἀκατασείστως
3064 1749 3203 1819 ὑπὲρ
3232 1749 3431 1821 ἀρετῆς
3453 1747 3806 1819 ἐγκαρτερῶν

533 1839 671 1894 mala
718 1839 936 1903 tolerat,
989 1840 1229 1909 primum
1285 1841 1341 1894 in
1386 1856 1444 1895 se
1491 1841 1657 1894 Verbi
1699 1841 2020 1903 adventum,
2045 1839 2114 1892 ab

528 1932 680 1986 omni
707 1932 1104 1986 emundantem
1143 1933 1287 1996 labe,
1315 1932 1595 1986 efﬁcacem
1626 1932 1830 1986 habet:
1855 1931 1949 2000 qui
1984 1945 2115 1984 vero

530 2040 630 2094 per
684 2024 1208 2092 contemplationem
1258 2023 1326 2077 ad
1376 2033 1578 2078 statum
1633 2022 1844 2093 angelis
1896 2022 2114 2076 affinem

531 2117 776 2170 animum
799 2116 1069 2180 traduxit,
1099 2116 1330 2171 secundi
1356 2117 1466 2170 vim
1493 2117 1764 2170 adventus
1787 2124 1983 2170 nactus
2009 2123 2113 2177 est,

533 2210 611 2264 illi
655 2225 684 2263 a
731 2209 890 2262 malis
927 2209 1336 2263 immunitatem
1379 2217 1733 2279 praestantem
1776 2219 1834 2263 et
1881 2217 1942 2262 ut
1992 2207 2114 2262 laedi

533 2300 830 2354 contrariis
865 2314 972 2353 non
1008 2299 1200 2368 possit.

601 2411 692 2466 9‘9.
750 2410 959 2465 Sensus
1002 2411 1078 2464 illi
1126 2427 1314 2466 comes
1355 2421 1460 2474 est,
1501 2413 1595 2480 qui
1637 2411 1912 2492 actionem
1947 2409 2112 2476 colit;

529 2502 628 2570 qui
657 2518 854 2572 nempe
891 2503 1081 2558 labore
1111 2504 1411 2558 virtutibus
1443 2503 1724 2574 fungitur;
1754 2502 1991 2573 sapienti
2014 2518 2116 2556 au-

533 2600 641 2645 tem
681 2607 745 2645 ac
794 2590 1050 2660 spiritali,
1093 2606 1288 2646 sensus
1331 2591 1582 2645 absentia
1625 2607 1690 2645 ac
1747 2600 1960 2661 stupor,
2021 2589 2116 2660 qui

531 2690 772 2737 mentem
803 2698 833 2750 a
879 2699 1044 2737 carne
1091 2691 1146 2736 et
1195 2682 1403 2736 mundo
1444 2682 1499 2736 in
1540 2683 1711 2737 Deum
1754 2681 2114 2736 contraxerit.

531 2775 667 2829 Nam
703 2774 855 2843 prior
883 2773 1129 2842 quidem,
1162 2775 1256 2843 qui
1291 2774 1564 2829 actionem
1596 2774 1926 2843 praestando,
1959 2783 2119 2828 natu—

535 2864 669 2918 ralis
706 2863 774 2917 ad
811 2879 1034 2917 carnem
1067 2864 1409 2920 habitudinis
1444 2866 1682 2919 vinculis
1712 2866 1958 2918 animum
2004 2865 2116 2918 sol-

531 2970 662 3009 vere
687 2949 1301 3018 connitatur,‘eumdem
1330 2956 1525 3010 crebro
1546 2956 1831 3010 laboribus
1858 2955 2114 3010 fatiscen-

533 3057 642 3100 tem
671 3046 838 3100 habet
877 3065 889 3098 :
927 3048 1068 3102 alter
1092 3063 1244 3112 vero,
1291 3049 1384 3117 qui
1414 3049 1535 3119 ejus
1557 3049 1904 3102 habitudinis
1933 3049 2117 3103 clavos

531 3135 1015 3204 contemplationis
1068 3137 1120 3189 vi
1173 3137 1464 3202 evulserit,
1522 3139 1659 3192 nulli
1719 3139 1827 3208 jam
1890 3154 2118 3207 prorsus

535 3227 918 3296 mancipabilis
953 3236 1057 3291 est,
1103 3229 1172 3282 ab
1215 3245 1280 3283 eo
1321 3231 1432 3300 jam
1476 3231 1717 3285 mundus
1751 3223 2004 3296 effectus,
2049 3248 2118 3286 ex

535 3319 692 3388 cujus
720 3318 904 3374 indole
936 3328 1021 3374 est
1051 3329 1111 3373 ut
1147 3319 1420 3375 afﬁciatur
1445 3337 1508 3376 ac
1533 3331 1790 3377 teneatur
1823 3339 1919 3378 seu
1961 3323 2116 3378 subi-

535 3419 717 3481 gatur,
752 3410 822 3464 ab
855 3410 960 3476 eis,
997 3413 1092 3481 qui
1121 3429 1319 3482 capere
1350 3429 1415 3468 ac
1438 3430 1753 3485 expugnare
1780 3415 1973 3470 velint.

608 3501 726 3555 100.
761 3501 918 3568 Quod
946 3503 1002 3556 in
1027 3503 1248 3558 deserto
1275 3506 1544 3560 lsraelitis
1572 3522 1768 3560 manna
1795 3507 1983 3561 datum
2009 3517 2113 3569 est,

537 3591 634 3645 Dei
662 3607 841 3646 sermo
862 3602 965 3656 est,
991 3593 1097 3657 bis,
1126 3593 1220 3662 qui
1247 3595 1340 3648 illo
1362 3603 1684 3659 vescuntur,
1713 3595 1780 3649 ad
1813 3596 2114 3665 spiritalem

537 3699 754 3737 omnem
791 3683 1130 3754 voluptatem
1176 3684 1478 3750 sufﬁciens,
1519 3702 1730 3756 proque
1775 3687 2112 3742 sumentium

538 3776 753 3831 diversa
824 3776 1160 3846 cupiditate,
1229 3777 1298 3831 ad
1368 3794 1587 3833 omnem
1663 3785 2111 3848 contemperatus

537 3879 758 3940 gustum
823 3869 870 3900 ⁵⁸
923 3887 937 3924 :
994 3870 1197 3940 quippe
1257 3872 1352 3941 qui
1431 3871 1614 3926 omnis
1673 3871 1783 3926 cibi
1845 3870 2108 3940 spiritalis

535 3971 753 4032 gustum
803 3961 1005 4017 habeat
1050 3978 1114 4018 ac
1155 3965 1496 4034 qualitatem.
1541 3965 1675 4018 Eam
1717 3963 1788 4018 ob
1834 3979 1970 4027 rem,
2021 3964 2108 4018 his

535 4056 762 4125 quidem
788 4057 883 4126 qui
906 4056 1092 4112 denuo
1111 4072 1180 4112 ex
1203 4057 1530 4128 incorrupto
1553 4057 1764 4112 semine
1805 4073 1905 4126 per
1931 4056 2109 4126 Spiri-

542 4157 654 4201 tum
680 4149 794 4202 nati
829 4157 978 4214 sunt,
1007 4149 1275 4204 rationale
1303 4149 1420 4204 sine
1453 4149 1582 4204 dolo
1626 4150 1710 4204 lac
1749 4148 1988 4204 efﬁcitur
2024 4149 2104 4214 5';

541 4241 650 4294 illis
689 4249 872 4294 autem
916 4241 1009 4310 qui
1052 4248 1181 4295 sunt
1224 4239 1448 4304 inﬁrmi,
1497 4240 1618 4294 olus
1661 4240 1730 4303 ⁸⁸,
1767 4240 2112 4294 laborantem

537 4332 649 4385 vim
690 4333 859 4386 animi
904 4333 1304 4401 affectibusque
1346 4332 1639 4387 obnoxiam
1683 4347 1936 4388 recreans
1982 4351 1995 4386 :
2043 4332 2113 4389 iis

2217 1839 2328 1899 τοῖς
2355 1838 2570 1903 δεινοῖς,
2596 1840 2992 1909 ἐνεργουμένην
3020 1840 3107 1907 ἐφ’
3145 1837 3340 1894 ἑαυτὸν
3367 1837 3483 1908 ἔχει
3515 1838 3612 1908 τὴν
3648 1836 3802 1908 πρώ-

2216 1947 2314 2000 την
2329 1929 2421 1982 τοῦ
2437 1926 2609 1998 Λόγου
2629 1930 2953 2000 παρουσίαν,
2970 1931 3150 2000 πάσης
3171 1929 3334 1983 αὐτὸν
3357 1928 3572 1998 κηλίδος
3601 1926 3802 1980 καθαίι-

2221 2037 2416 2090 ρουσαν
2441 2037 2454 2050 ·
2489 2023 2517 2074 ὁ
2553 2021 2609 2074 δὲ
2647 2022 2738 2075 τὸν
2775 2022 2900 2076 νοῦν
2951 2022 3088 2094 πρὸς
3131 2021 3229 2092 τὴν
3267 2021 3376 2073 τῶν
3422 2019 3669 2088 ἀγγέλων
3711 2017 3804 2071 διὰ

2217 2111 2452 2183 θεωρίας
2483 2113 2854 2182 μεταϐιϐάσας
2882 2115 3238 2176 κατάστασιν,
3277 2113 3375 2183 τῆς
3402 2111 3660 2181 δευτέρας
3684 2110 3801 2182 εχει

2218 2203 2518 2271 παρουσίας
2549 2204 2646 2275 τὴν
2671 2205 2922 2276 δύναμιν,
2969 2205 3302 2278 ἐνεργοῦσαν
3327 2204 3475 2276 ἀυτῷ
3502 2205 3562 2258 τὺ
3587 2203 3802 2268 ἀπαθὲς

2217 2295 2312 2348 καὶ
2339 2295 2634 2349 ἀνάλωτον.

2287 2408 2388 2476 ι,θ’.
2423 2408 2685 2478 Αἴσθησις
2721 2410 2820 2481 μὲν
2851 2409 3045 2464 ῑπεται
3074 2409 3152 2480 τῷ
3183 2409 3498 2481 πρακτικῷ,
3525 2410 3614 2464 διὰ
3637 2411 3802 2464 πόνον

2217 2499 2570 2568 κατορθοῦντι
2594 2501 2695 2564 τὰς
2713 2502 2933 2573 ἀρετάς·
2961 2501 3294 2572 ἀναισθησία
3313 2501 3372 2554 δὲ
3393 2499 3471 2571 τῷ
3491 2501 3801 2571 γνωστικῷ,

2216 2592 2307 2644 τὸν
2334 2591 2458 2646 νοῦν
2489 2591 2597 2646 ἀπὸ
2623 2593 2720 2663 τῆς
2750 2593 2952 2663 σαρκὸς
2981 2593 3076 2646 καὶ
3102 2592 3196 2645 τοῦ
3226 2591 3430 2662 κόσμου
3459 2593 3803 2646 συστείλαντι

2219 2681 2356 2753 πρὸς
2384 2681 2535 2734 Θεόν.
2585 2682 2642 2734 '0
2687 2681 2786 2751 μὲν
2833 2684 2944 2754 γὰρ
2993 2682 3156 2736 λῦσαι
3187 2682 3284 2752 τὴν
3312 2681 3491 2752 ψυχὴν
3523 2681 3628 2734 τῶν
3653 2684 3804 2736 κατὰ

2219 2775 2381 2843 φύσιν
2426 2776 2525 2844 τῆς
2558 2773 2798 2843 σχέσεως
2847 2774 2984 2843 πρὸς
3010 2774 3110 2844 τὴν
3139 2775 3318 2844 σάρκα
3346 2773 3558 2844 δεσμῶν
3586 2774 3673 2826 διὰ
3695 2774 3805 2844 τῆς

2220 2867 2530 2934 πρακτικῆς
2559 2848 2958 2934 ἀγωνίζόμενος
2979 2905 2994 2930 ,
3046 2865 3160 2936 ἔχει
3186 2865 3285 2935 τὴν
3307 2863 3532 2936 γνώμην
3562 2868 3673 2928 τοῖς
3700 2867 3804 2918 πό·-

2218 2973 2330 3020 νοις
2360 2957 2598 3027 συνεχῶς
2631 2961 2648 2978 ⁶
2677 2957 3108 3021 ὲποκλάζουσανο
3144 2959 3172 3011 ὁ
3197 2958 3276 3023 δὲ,
3309 2957 3512 3026 ταύτης
3542 2959 3642 3029 τῆς
3672 2960 3802 3028 σχέ-

2221 3064 2358 3112 σεως
2384 3048 2708 3111 ἀνασπάσας
2737 3048 2826 3103 διὰ
2855 3049 2957 3116 τῆς
2987 3049 3219 3119 θεωρίας
3246 3047 3416 3120 [unus
3440 3049 3567 3120 Reg.
3593 3049 3807 3121 Θεωρη-

2217 3138 2399 3211 τικῆς]
2444 3141 2570 3202 τοὺς
2593 3140 2778 3210 ἥλους,
2810 3140 2987 3193 οὐδενὶ
3015 3141 3077 3193 τὸ
3110 3141 3331 3194 σύνολόν
3356 3143 3472 3193 ἐστι
3501 3141 3801 3204 καθεκτόςο

2218 3231 2461 3302 καθαρὸς
2511 3232 2612 3302 ἤδη
2669 3231 2765 3284 τοῦ
2822 3233 3056 3303 πάσχειν
3097 3250 3157 3285 τε
3209 3233 3303 3286 καὶ
3349 3233 3670 3303 κρατεῖσθαι
3701 3250 3807 3286 πε-

2217 3323 2453 3393 φυκότος
2485 3323 2638 3394 παρὰ
2666 3325 2776 3378 τῶν
2804 3324 2944 3378 ἑλεῖν
2976 3324 3338 3396 βουλομένων,
3375 3325 3688 3396 γενόμενος.

2290 3503 2356 3574 ρ’.
2389 3503 2462 3555 Τὸ
2495 3503 2672 3573 μάννα
2703 3501 2856 3556 δοθὲν
2888 3501 2968 3573 τῷ
3002 3501 3219 3572 Ἰσραὴλ
3249 3500 3394 3554 κατὰ
3420 3500 3521 3570 τὴν
3567 3500 3801 3570 ἔρημον,

2217 3596 2244 3647 ὁ
2271 3593 2362 3648 τοῦ
2389 3593 2526 3647 Θεοῦ
2549 3593 2708 3662 λόγος
2735 3593 2852 3646 ἐστὶ
2875 3635 2890 3658 ,
2943 3593 3080 3664 πρὸς
3125 3594 3303 3646 πᾶσαν
3326 3593 3519 3663 ἡδονὴν
3549 3610 3805 3662 πνευμα-

2221 3686 2380 3756 τικὴν
2414 3687 2608 3757 ἁρμῶν
2639 3689 2754 3750 τοῖς
2792 3686 3064 3741 ἐσθίουσιν
3096 3687 3278 3748 αὐτὸν,
3323 3686 3582 3756 καὶπρὸς
3615 3689 3804 3742 πᾶσαν

2223 3777 2412 3846 γεῦσιν
2442 3779 2582 3832 κατὰ
2610 3780 2709 3850 τὴν
2748 3779 3010 3848 διαφορὰν
3039 3778 3136 3848 τῆς
3163 3778 3271 3830 τῶν
3298 3777 3586 3832 ἐσθιόντων
3610 3778 3805 3834 ὲπτθυδ

2225 3869 2373 3939 μίας,
2403 3869 2896 3942 μετακιρνώμενος.
2933 3872 3119 3942 Πάσης
3145 3871 3254 3941 γὰρ
3285 3870 3398 3940 ἔχει
3418 3874 3803 3944 πνευματικῆς

2220 3960 2476 4032 βρώσεως
2512 3964 2792 4034 ποιότητα.
2821 3962 2912 4015 Διδ
2951 3963 3063 4024 τοῖς
3109 3960 3207 4030 μὲν
3249 3960 3455 4015 ἄνωθεν
3488 3963 3552 4014 ὲκ
3589 3962 3799 4032 σπόρου

2220 4054 2498 4124 ἀφθάρτου
2531 4053 2619 4108 διὰ
2668 4053 2976 4124 πνεύματος
2997 4051 3303 4121 γεννηθεῖσι
3325 4095 3339 4118 ,
3373 4054 3587 4122 λογικὸν
3607 4054 3801 4108 ἄδολον

2224 4146 2434 4215 γίνεται
2479 4148 2619 4215 γάλα
2641 4163 2654 4177 ·
2689 4149 2803 4210 τοῖς
2847 4146 2905 4199 δὲ
2935 4145 3242 4208 ἀσθενοῦσι,
3271 4145 3524 4217 λάχανον,
3551 4143 3651 4217 την
3689 4167 3800 4201 πα·-

2217 4238 2418 4292 θοῦσαν
2453 4239 2554 4308 τῆς
2595 4237 2776 4308 ψυχῆς
2823 4237 3316 4310 παραμυθούμενος
3365 4238 3593 4310 δύναμιν
3620 4256 3636 4270 ·
3683 4244 3801 4304 τοῖς

2213 4326 2268 4380 δὲ
2295 4326 2381 4379 διὰ
2412 4327 2511 4394 τὴν
2539 4325 2653 4390 ἕξιν
2682 4323 2752 4377 τὰ
2792 4325 3118 4396 αἰσθητήρια
3159 4327 3256 4397 τῆς
3298 4327 3473 4397 ψυχῆς
3514 4343 3801 4398 γεγυμνα-

539 4427 779 4495 denique
811 4428 906 4495 qui
954 4433 1181 4495 prepter
1221 4425 1492 4490 habitum,
1525 4441 1720 4481 sensus
1753 4425 1923 4480 animi
1957 4440 2113 4480 exer-

2219 4417 2392 4488 σμένα
2443 4416 2624 4487 ἔχουσι
2655 4417 2791 4487 πρὸς
2845 4416 3120 4485 διάκρισιν
3172 4417 3341 4471 καλοῦ
3370 4434 3426 4469 τε
3451 4417 3546 4470 καὶ
3589 4419 3797 4479 κακοῦ,

540 4517 740 4571 citatos
782 4517 991 4570 habent
1039 4517 1108 4570 ad
1158 4516 1548 4571 discretionem
1590 4516 1721 4571 boni
1768 4525 1823 4571 et
1864 4517 1995 4570 mali
2042 4518 2112 4583 ⁸⁷,

538 4607 782 4675 seipsum
819 4606 1070 4675 praebens
1099 4606 1332 4660 solidum
1375 4607 1581 4660 cibum.
1611 4605 1754 4673 Quin
1784 4615 1840 4661 et
1874 4606 2115 4662 inﬁnitas

536 4697 677 4750 alias
705 4697 940 4751 virtutes
968 4697 1063 4750 Dei
1089 4712 1270 4751 sermo
1298 4698 1484 4762 habet,
1519 4713 1654 4768 quas
1685 4698 1942 4767 prazsenti
1974 4713 2111 4765 mvo,

539 4803 706 4843 nemo
734 4789 950 4858 capiat;
993 4803 1133 4858 quas
1175 4789 1322 4857 ipsas
1369 4804 1580 4854 omnes,
1628 4804 1725 4843 seu
1771 4789 2004 4856 aliquas,
2045 4804 2113 4844 eo

537 4879 688 4949 quod
727 4879 782 4933 in
822 4879 1040 4933 modico
1085 4878 1261 4933 ﬁdelis
1301 4880 1596 4942 exstiterit,
1631 4887 1962 4949 accepturus
2004 4888 2111 4944 est,

538 4972 634 5040 qui
663 4971 880 5026 mortali
917 4971 1132 5024 solutus
1161 4970 1294 5035 vita,
1333 4971 1534 5041 dignus
1573 4970 1871 5024 habebitur
1901 4972 1997 5040 qui
2025 4988 2118 5026 su-

539 5079 637 5132 pra
665 5063 856 5126 multa,
884 5063 1001 5117 sive
1031 5063 1216 5116 omnia
1245 5063 1619 5117 constituatur
1655 5063 1721 5116 ⁸⁸.
1748 5062 1938 5118 Omnis
1967 5065 2114 5118 enim

538 5154 828 5221 prtesentis
850 5153 977 5207 vitae
1005 5153 1278 5208 donorum
1318 5153 1625 5216 summitas,
1667 5153 1954 5209 minimum
1980 5155 2114 5225 quid

539 5251 622 5297 est
651 5251 706 5297 et
737 5243 1038 5307 modicum,
1075 5243 1859 5313 comparationefuturorum.

539 5413 706 5488 484
752 5417 1075 5473 CENTENA
1132 5417 1400 5473 ITERUM
1453 5417 1787 5473 GNOSTICA
1837 5418 2108 5478 CAPITA.

612 5507 664 5560 1.
705 5508 858 5564 Unus
877 5510 1044 5575 Deus,
1076 5510 1224 5579 quod
1259 5527 1367 5564 una
1392 5510 1569 5565 deitas
1598 5528 1610 5562 :
1639 5512 1822 5566 unitas
1853 5507 2112 5584 principii

613 5628 657 5660 "
679 5628 820 5699 Psal.
844 5647 984 5692 xuv,
1008 5631 1061 5684 ’5.
1138 5631 1186 5666 ⁸³
1205 5631 1248 5683 ll
1273 5629 1401 5684 Cor.
1428 5646 1507 5689 ιιι,
1533 5631 1620 5685 18.
1697 5630 1742 5661 ⁵⁸
1769 5629 1898 5699 Sap.
1922 5647 2028 5697 xvi,
2051 5631 2144 5685 20.

542 5697 734 5755 Matth.
764 5714 910 5763 xxxv,
934 5701 1034 5765 47;
1070 5716 1191 5762 xxv,
1217 5700 1308 5753 2L

2219 4510 2447 4581 στερεὰν
2494 4511 2686 4564 ἑαυτὸν
2731 4511 2915 4564 δίδωσι
2959 4513 3189 4583 τροφήν.
3227 4513 3381 4583 Ἔχει
3406 4512 3462 4564 δὲ
3503 4514 3597 4566 καὶ
3627 4514 3803 4580 ἄλλας

2216 4603 2476 4673 ἀπείρους
2497 4603 2754 4673 δυνάμεις
2781 4605 2809 4656 ὁ
2834 4604 2927 4656 τοῦ
2953 4604 3088 4657 Θεοῦ
3113 4603 3290 4672 λόγος,
3320 4603 3555 4657 ἐνταῦθα
3586 4606 3663 4676 μὴ
3687 4625 3804 4677 χω-

2220 4694 2488 4766 ρουμένας
2512 4711 2527 4724 ο
2593 4695 2866 4760 ἀναλύσας
2911 4696 2969 4748 δέ
3011 4714 3096 4760 τις
3119 4738 3134 4762 ,
3189 4696 3284 4750 καὶ
3323 4695 3469 4760 ἄξιος
3498 4697 3800 4767 γενόμενος

2214 4791 2306 4842 ἐπὶ
2339 4789 2547 4842 πολλῶν
2567 4830 2580 4856 ,
2631 4793 2665 4862 ἢ
2701 4793 2793 4845 ἐπὶ
2822 4791 3038 4845 πάντων
3069 4790 3509 4861 κατασταθῆναι,
3559 4791 3805 4862 λήψεται

2216 4880 2476 4943 κάκείνας
2519 4879 2645 4943 ὅλας
2671 4922 2686 4947 ,
2748 4882 2782 4952 ἧ
2826 4897 2978 4943 τινας
3026 4879 3120 4932 τοῦ
3166 4879 3326 4946 λόγου
3372 4879 3471 4942 τὰς
3505 4879 3802 4949 δυνάμεις,

2213 4971 2300 5026 διὰ
2328 4971 2389 5024 τὸ
2418 4973 2475 5024 ὲν
2502 4971 2773 5042 ἐλαχίστῳ
2806 4970 2970 5024 αὐτὸν
3002 4970 3236 5024 ἐνταῦθα
3266 4970 3454 5024 πιστὸν
3476 4971 3768 5039 γεγονέναι
3786 5009 3802 5024 .

2213 5065 2372 5117 Πᾶσα
2397 5063 2506 5135 γὰρ
2531 5064 2637 5117 τῶν
2665 5063 2904 5117 ἐνταῦθα
2929 5062 3223 5133 διδομένων
3253 5061 3413 5116 θείων
3435 5061 3806 5132 χαρισμάτων

2211 5156 2474 5226 ἀκρότης,
2536 5153 2816 5225 συγκρίσει
2869 5154 2979 5208 τῶν
3024 5153 3362 5223 μελλόντων.
3416 5152 3704 5222 ἐλάχιστόν
3747 5168 3805 5207 τι

2211 5247 2306 5302 καὶ
2340 5246 2560 5318 μέτριόν
2582 5247 2751 5299 ἐστιν.

2309 5423 2451 5478 ΕΚΑ
2464 5419 2734 5477 ΤΟΝΤΑΣ
2762 5425 2820 5476 B'
2847 5420 3264 5476 ΓΝΩΣΤΙΚΩΝ
3286 5420 3697 5478 ΚΕΦΑΛΑΙΩΝ

2293 5523 2362 5570 α’.
2411 5511 2506 5580 Εἷς
2530 5515 2683 5582 Θεὸς,
2716 5515 2798 5570 ὅτι
2826 5513 2921 5585 μία
2943 5513 3155 5586 θεότηςο
3213 5513 3380 5585 μονὰς
3402 5511 3562 5584 [deest
3587 5511 3669 5577 τὸ,
3701 5528 3809 5582 μου

2218 5634 2264 5664 ⁸⁵
2292 5634 2311 5687 l
2340 5633 2489 5688 Petr.
2517 5650 2574 5699 ιι,
2597 5633 2652 5687 2.
2727 5635 2774 5666 ⁸⁸
2799 5634 2958 5688 Rom.
2982 5649 3090 5698 xw,
3111 5634 3166 5687 2.
3241 5633 3286 5665 ⁸⁷
3310 5632 3478 5688 Hebr.
3502 5647 3555 5702 v,
3578 5629 3667 5686 M.
3755 5618 3806 5650 ⁸⁸

614 5816 629 5834 ⁶
665 5811 821 5868 Unus
862 5812 996 5881 Reg.
1034 5810 1248 5880 σαφῶςο
1300 5811 1458 5874 alter,
1496 5808 1726 5879 ωχνῶς,
1759 5825 1882 5879 quae
1917 5817 1973 5866 et
2017 5811 2109 5867 vid

2217 5829 2272 5869 ur
2301 5812 2496 5868 melior
2519 5812 2703 5868 lectio.
