4122 6320
356 388 367 393 ’
402 396 537 468 1125

1238 389 1573 458 CA‘PITUM
1609 393 1879 455 THEOL.
1915 387 2009 452 ET
2048 391 2284 453 (ECON.
2324 392 2711 478 CENTURIA
2751 393 2835 453 II.

3512 390 3659 456 tres

356 544 361 549 ο
392 514 514 577 νὰς,
556 515 609 568 in
635 512 805 567 (ribus
838 511 1039 585 Regiis]
1071 511 1310 582 ἄναρχος
1334 510 1430 564 καὶ
1453 508 1602 577 ἁπλῆ
1627 507 1721 560 καὶ
1749 502 1979 573 ὑπερούς

2086 519 2301 574 expers,
2330 504 2672 574 simplexque
2694 512 2757 559 et
2798 502 3311 573 superessentialis;
3350 501 3662 572 impartibi-a

399 621 529 664 σιος·
564 606 657 658 καὶ
689 602 903 677 ἀμερὴς
936 602 1034 657 καὶ
1065 601 1407 671 ἀδιαίρετος·
1441 600 1475 669 ἡ
1505 597 1645 667 αὐτὴ
1689 595 1855 667 μονὰς
1888 594 1981 647 καὶ

397 695 570 764 Τριάς
595 710 610 725 °
668 694 765 765 ὅλη
814 694 983 764 μονὰς
1015 695 1048 765 η
1076 692 1238 762 αὐτὴ,
1287 692 1382 746 καὶ
1412 691 1507 761 ὅλη
1538 688 1708 759 Τριὰς
1738 688 1772 757 ἡ
1800 686 1937 756 αὐτή
1963 703 1978 717 ο

402 785 566 854 μονὰς
616 786 713 856 ὅλη
747 785 889 839 κατὰ
917 784 1017 856 τὴν
1047 784 1234 837 οὐσίαν
1262 784 1297 855 ἡ
1330 781 1469 853 αὑτὴ
1488 819 1504 844 ,
1561 779 1658 833 καὶ
1688 777 1860 848 Τριάς
1886 776 1980 844 ὅλη

397 875 543 929 κατὰ
569 876 671 939 τὰς
696 876 1026 938 ὑποστάσεις
1058 874 1092 945 ἡ
1122 873 1286 943 αὐτή.
1323 870 1515 941 Πατὴρ
1543 867 1675 938 γὰρ,
1710 865 1806 918 καὶ
1831 864 1978 927 Υἱὸς,

398 965 493 1019 καὶ
526 965 752 1036 Πνεῦμα
781 967 939 1034 ὅιγιον
971 967 1005 1036 ἡ
1035 964 1255 1034 θεότης,
1286 962 1382 1015 καὶ
1409 963 1468 1014 ὲν
1497 959 1693 1029 Πατρὶ,
1725 956 1822 1010 καὶ
1847 953 1979 1023 Υἰῷ,

397 1056 492 1111 καὶ
524 1057 667 1128 ἁγίῳ
690 1056 970 1128 Πνεύμιιτι
1005 1057 1038 1127 ἡ
1066 1055 1278 1126 Θεότης.
1317 1053 1458 1124 Ὄλη
1487 1053 1546 1106 ὲν
1570 1051 1677 1122 ὅλῳ
1701 1048 1781 1120 τῷ
1809 1047 1983 1117 Πατρὶ

395 1151 430 1218 ἡ
460 1149 598 1219 αὐτή
625 1163 640 1180 ο
666 1149 761 1202 καὶ
809 1147 928 1210 ὅλος
956 1149 1016 1201 ὲν
1066 1147 1166 1219 ὅλῃ
1190 1148 1258 1216 τῇ
1283 1145 1421 1215 αὐτῇ
1452 1146 1480 1198 6
1502 1143 1694 1213 Πατήρ
1720 1159 1734 1174 ο
1756 1141 1850 1194 καὶ
1879 1138 1976 1208 ὅλη

358 1274 361 1277 -
397 1241 457 1292 ὲν
489 1239 597 1310 ὅλῳ
654 1237 733 1308 τῷ
786 1236 903 1308 Υἱῷ
957 1239 990 1308 ἡ
1033 1237 1173 1306 αὐτή
1193 1253 1208 1267 ·
1262 1236 1358 1289 καὶ
1385 1235 1505 1297 ὅλος
1530 1234 1589 1286 ὲν
1616 1232 1712 1303 ὅλῃ
1744 1233 1812 1303 τῇ
1843 1230 1980 1297 αὐτῇ

396 1333 424 1384 ὁ
447 1331 597 1394 Υίός.
635 1331 746 1384 Καὶ
775 1330 873 1399 ὅλη
904 1330 964 1382 ὲν
992 1329 1099 1399 ὅλῳ
1124 1328 1202 1398 τῷ
1226 1326 1504 1397 Πνεύματι
1532 1325 1612 1395 τῷ
1641 1324 1784 1393 ἁγίῳ
1818 1325 1852 1393 ἡ
1882 1322 1982 1377 αὐ-

397 1420 465 1491 τή
492 1435 507 1450 ·
564 1419 660 1473 καὶ
709 1419 833 1473 ὅλον
879 1419 939 1472 ὲν
985 1417 1084 1490 ὅλῃ
1111 1420 1176 1488 τῇ
1201 1416 1339 1487 αὐτῇ
1367 1416 1430 1468 τὸ
1460 1414 1687 1485 Πνεῦμα
1717 1412 1778 1466 τὸ
1807 1414 1981 1480 ἅγιον.

400 1510 539 1582 Ὀλη
568 1511 782 1583 Πατὴρ,
815 1511 912 1564 καὶ
945 1510 1004 1562 ὲν
1031 1509 1138 1580 ὅλῳ
1162 1506 1241 1579 τῷ
1268 1507 1441 1579 Πατρί
1466 1523 1479 1538 ·
1538 1509 1634 1560 καὶ
1661 1505 1781 1567 ὅλος
1809 1505 1867 1557 έν
1888 1503 1982 1575 ὅλῃ

398 1605 427 1658 6
454 1602 643 1675 Πατὴρ
661 1643 676 1669 ,
708 1602 804 1657 καὶ
834 1603 930 1672 ὅλη
960 1600 1080 1665 ὅλος
1109 1601 1138 1652 6
1162 1600 1374 1670 Πατήρ.
1409 1597 1520 1652 Καὶ
1545 1597 1641 1668 ὅλη
1666 1596 1785 1660 ὅλος
1811 1598 1839 1650 6
1863 1595 1984 1658 Υἱὸς

398 1697 432 1765 ἡ
476 1694 652 1765 αὐτή·
708 1693 805 1747 καὶ
847 1694 943 1764 ὅλη
992 1693 1051 1746 ὲν
1089 1691 1197 1762 ὅλῳ
1228 1690 1306 1761 τῷ
1334 1688 1450 1760 Υἱῷ
1482 1690 1516 1759 ἡ
1546 1689 1708 1759 αὐτήο
1746 1686 1840 1741 καὶ
1865 1687 1985 1749 ὅλος

398 1785 495 1853 ὅλη
521 1825 536 1849 ,
591 1784 690 1838 καὶ
735 1786 794 1838 ὲν
835 1783 933 1855 ὅλῃ
965 1784 1032 1853 τῇ
1059 1782 1197 1853 αὐτῇ
1223 1781 1253 1833 6
1277 1780 1425 1844 Υἱός.
1486 1781 1596 1834 Καὶ
1639 1779 1735 1848 ὅλη
1759 1776 1982 1846 Πνεῦμα

404 1876 562 1946 ἅγιον
589 1878 623 1946 ἡ
656 1875 817 1947 αὐτὴ,
851 1877 947 1930 καὶ
977 1876 1036 1929 ὲν
1060 1874 1167 1945 ὅλῳ
1188 1872 1265 1943 τῷ
1290 1872 1567 1943 Πνεῦματι
1595 1870 1672 1941 τῷ
1692 1869 1852 1939 ἁγίῳ·
1888 1869 1982 1922 καὶ

400 1969 468 2022 τὸ
499 1971 727 2039 Πνεῦμα
755 1968 816 2021 τὸ
841 1968 997 2036 αγιον
1020 1967 1141 2021 ὅλον
1161 1964 1279 2035 ὅλη,
1298 1964 1393 2017 καὶ
1408 1964 1527 2018 ὅλον
1547 1965 1605 2017 ὲν
1625 1963 1722 2035 ὅλῃ
1747 1964 1814 2033 τῇ
1842 1961 1978 2029 αὐτῇ

399 2059 460 2112 τὸ
476 2058 701 2128 Πνεῦμα
722 2058 783 2111 τὸ
813 2057 989 2125 ἆγιον.
1019 2056 1095 2110 Οὺ
1132 2055 1246 2126 γὰρ
1263 2057 1327 2107 ἐκ
1355 2053 1554 2124 μέρους
1576 2055 1609 2123 ἡ
1626 2051 1816 2122 θεότης
1834 2052 1890 2103 ὲν
1903 2048 1982 2119 τῷ

399 2149 597 2219 Πατρὶ,
617 2148 650 2219 ἢ
671 2150 737 2201 ἐκ
766 2147 966 2219 μέρους
989 2147 1122 2210 Θεὸς
1148 2147 1178 2199 6
1204 2146 1416 2217 Πατήρο
1439 2143 1565 2196 οὔτε
1597 2145 1661 2196 ὲκ
1693 2141 1893 2212 μέρους
1924 2141 1981 2193 ὲν

400 2239 479 2310 τῷ
509 2238 623 2309 Υἱῷ
652 2240 686 2308 ἡ
712 2238 927 2307 θεότης,
957 2239 991 2308 ἢ
1019 2238 1087 2290 ὲκ
1126 2237 1324 2308 μέρους
1354 2234 1488 2297 Θεὸς
1516 2236 1544 2286 6
1573 2232 1701 2296 Υἱός
1722 2249 1735 2263 ·
1769 2230 1892 2286 οὔτε
1916 2233 1982 2283 ὲκ

404 2333 607 2400 μέρους
640 2331 699 2383 ὲν
728 2328 806 2398 τῷ
831 2329 971 2398 ἁγίῳ
993 2328 1275 2398 Πνεῦματι
1302 2331 1337 2397 ἡ
1367 2327 1579 2396 θεότης,
1615 2324 1647 2395 ἢ
1688 2326 1754 2378 ὲκ
1781 2325 1983 2396 μέρους

402 2420 535 2483 θεὸς
562 2420 624 2473 τὸ
656 2418 879 2489 Πνεῦμα
909 2418 969 2472 τὸ
994 2418 1168 2486 ἅγιον.
1223 2416 1364 2470 Οῦτε
1391 2416 1499 2487 γὰρ
1532 2415 1766 2487 μεριστὴ
1792 2417 1826 2483 ἡ
1861 2414 1983 2468 θεό-

398 2527 536 2580 της·
592 2509 717 2563 οὔτε
767 2508 964 2579 ἀτελὴς
1008 2508 1146 2570 Θεὸς
1193 2508 1222 2558 6
1264 2506 1457 2578 Πατὴρ
1484 2545 1499 2569 ,
1554 2507 1588 2576 ἢ
1618 2507 1646 2558 6
1678 2505 1827 2568 Υἱὸς,
1861 2504 1983 2576 ἥτὸ

401 2601 630 2672 Πνεῦμα
658 2602 720 2654 τὸ
746 2601 905 2670 ἆγιον
926 2616 941 2632 ·
972 2600 1088 2655 ἀλλ’
1129 2598 1224 2670 ὅλη
1255 2598 1405 2653 ἐστὶν
1430 2601 1463 2669 ἡ
1501 2599 1640 2670 αὑτὴ
1679 2597 1861 2651 τελεία
1901 2613 1985 2650 τε·

399 2693 560 2756 λείως
584 2694 642 2747 ἐν
670 2692 861 2763 τελείῳ
888 2690 966 2762 τῷ
997 2690 1172 2763 Πατρί
1190 2709 1203 2721 ·
1231 2691 1328 2745 καλ⁵
1355 2690 1449 2763 ὅλη
1474 2691 1658 2745 τελεία
1677 2691 1896 2754 τελείως
1924 2691 1983 2743 ὲν

402 2785 596 2856 τελείῳ
621 2785 701 2856 τῷ
726 2785 840 2855 Υίῷ
871 2785 905 2855 ὴ
930 2786 1093 2855 αὐτή’
1125 2784 1225 2838 καὶ
1246 2784 1342 2853 ὅλη
1369 2783 1549 2837 τελεία
1579 2784 1802 2847 τελείως
1826 2785 1859 2854 ἡ
1883 2783 1982 2837 αὑ-

401 2876 469 2946 τὴ
522 2877 579 2929 ἐν
621 2875 816 2945 τελείῳ
849 2874 930 2944 τῷ
952 2875 1092 2944 ἁγίῳ
1122 2873 1421 2945 Πνεύματι.
1459 2874 1618 2938 Ὄλος
1643 2875 1752 2945 γὰρ
1788 2876 1846 2927 ὲν
1878 2875 1983 2945 ὅλῳ

402 2962 481 3032 τῷ
536 2961 650 3032 Υἱῷ
698 2963 793 3016 καὶ
845 2962 922 3033 τῷ
966 2961 1244 3032 Πνεύματι
1290 2960 1510 3025 τελείως
1534 2961 1682 3013 ἐστὶν
1715 2960 1979 3031 ὅΠατήρο

404 3051 499 3104 καὶ
543 3050 662 3114 ὅλος
695 3053 753 3104 ἐν
781 3051 886 3121 ὅλῳ
914 3049 992 3120 τῷ
1016 3049 1191 3120 Πατρὶ
1230 3049 1323 3103 καὶ
1352 3047 1429 3119 τῷ
1457 3049 1732 3119 Πνεῦματι
1763 3046 1983 3112 τελείως

404 3145 552 3197 ἐστὶν
578 3144 608 3195 6
642 3143 769 3206 Υίός
791 3158 804 3172 ⁸
841 3142 935 3196 καὶ
961 3142 1081 3195 ὅλον
1110 3141 1168 3194 ὲν
1192 3140 1298 3210 ὅλῳ
1320 3140 1396 3211 τῷ
1426 3140 1601 3212 Πατρὶ
1638 3139 1734 3193 καὶ
1765 3138 1841 3210 τῷ
1868 3138 1983 3209 Υἱῷ

406 3234 628 3298 τελείως
663 3234 782 3287 ἐστὶ
810 3233 871 3287 τὸ
897 3232 1123 3303 Πνεῦμα
1156 3231 1218 3284 τὸ
1251 3232 1423 3299 ἅγιον.
1457 3231 1548 3285 Διὸ
1568 3231 1659 3284 καὶ⁹
1689 3225 1769 3294 εἷς
1798 3230 1930 3293 Θεὸς
1957 3233 1986 3284 ὁ

407 3327 598 3397 Πατὴρ
632 3325 726 3378 καὶ
753 3327 781 3379 6
811 3324 940 3388 Υἱὸς
973 3324 1067 3376 καὶ
1093 3322 1153 3376 τὸ
1180 3321 1406 3394 Πνεῦμα
1435 3322 1497 3374 τὸ
1522 3322 1696 3390 ἅγιον.
1733 3322 1849 3376 Μία
1874 3321 1984 3392 γὰρ

409 3421 506 3473 καὶ
532 3419 569 3487 ἡ
595 3415 731 3487 αὐτὴ
763 3414 920 3469 οὐσία
952 3415 1046 3468 καὶ
1094 3414 1319 3484 δύναμις
1367 3414 1461 3467 καὶ
1490 3410 1739 3484 ἐνέργεια
1769 3413 1985 3484 Πατρὸς

406 3510 499 3563 καὶ
543 3508 675 3560 Υἰοῦ
710 3507 805 3559 καὶ
851 3505 1008 3574 ἁγίου
1054 3505 1402 3574 Πνεύματοςο
1442 3505 1542 3558 οὐκ
1573 3503 1728 3568 ὄντος
1770 3503 1983 3568 οὐδενὸς

405 3599 500 3655 τοῦ
526 3599 714 3670 ἐτέρου
744 3599 913 3669 χωρὶς
940 3596 972 3666 ἢ
1001 3595 1308 3667 νοουμένου.

477 3687 543 3757 β’.
600 3688 759 3741 Πᾶσα
804 3684 1029 3755 νόησις,
1083 3683 1193 3738 τῶν
1236 3682 1498 3736 νοούντων
1546 3682 1641 3736 καὶ
1677 3684 1987 3752 νοουμένων

407 3778 574 3832 ἐστίν·
612 3780 641 3831 6
664 3778 720 3831 δὲ
751 3775 904 3837 Θεὸς.
941 3774 1063 3828 οὔτε
1096 3773 1201 3827 τῶν
1227 3774 1491 3826 νοούντων
1518 3773 1689 3839 ἐστὶν,
1723 3772 1846 3827 οὔτε
1879 3774 1986 3828 τῶν

407 3867 713 3938 νοουμένων
736 3881 749 3893 ·
814 3865 955 3935 ὑπὲρ
997 3861 1184 3916 ταῦτα·
1208 3862 1317 3930 γάρ
1342 3878 1356 3894 ·
1415 3862 1537 3915 ἐπεὶ
1565 3863 1986 3932 περιγράφεται,

406 3960 505 4031 τῆς
533 3958 628 4012 τοῦ
655 3958 948 4028 νοουμένου
982 3955 1238 4026 σχέσεως,
1275 3952 1351 4015 ὡς
1379 3952 1537 4018 νοῶν,
1571 3953 1986 4023 προσδεόμενοςο

406 4052 442 4123 ἢ
488 4051 568 4122 τῷ
608 4048 819 4105 νοοῦντι
868 4046 1113 4118 φυσικῶς
1159 4032 1513 4109 ὑποτιίπτων,
1568 4043 1656 4097 διὰ
1682 4044 1781 4116 τὴν
1805 4046 1988 4117 σχέσιν

409 4144 718 4216 νοούμενος.
754 4141 1016 4196 Δείπεται
1038 4137 1190 4208 γοῦν,
1233 4139 1370 4209 μήτε
1392 4140 1551 4200 νοεῖν,
1589 4138 1725 4208 μήτε
1751 4138 1990 4193 νοεῖσθαι

407 4237 501 4290 τὸν
525 4237 658 4290 Θεὸν
685 4232 1089 4304 ὑωλαμὸάνειν
1105 4247 1118 4261 ·
1174 4230 1288 4284 ἀλλ’
1311 4230 1449 4300 ὑπὲρ
1474 4229 1533 4282 τὸ
1558 4233 1697 4283 νοεῖν
1727 4226 1867 4284 εἶναι
1894 4234 1990 4285 καὶ

409 4329 672 4383 νοεῖσθαι.
706 4325 830 4379 Τῶν
851 4324 961 4395 γὰρ
995 4324 1112 4395 μετ’
1134 4322 1319 4388 αὐτὸν,
1353 4320 1598 4391 φυσικῶς
1624 4322 1740 4376 ἐστι
1768 4322 1829 4376 τὸ
1851 4325 1989 4376 νοεῖν

408 4419 504 4474 καὶ
534 4419 595 4473 τὸ
616 4417 877 4473 νοεῖσθαι.

2080 595 2260 665 lisque
2283 602 2341 650 et
2372 595 2640 661 indivisa;
2666 595 2859 650 eadem
2891 595 3007 665 ipsa
3028 603 3087 651 et
3115 596 3299 649 unitas
3315 595 3617 650 etTrinitas
3641 610 3657 649 :

2080 688 2262 742 unitas
2295 696 2403 742 tota
2438 688 2653 752 eadem,-
2689 688 2991 759 eadcmque
3016 697 3131 743 tota
3153 688 3395 744 Trinitas
3424 705 3437 741 :
3474 689 3663 744 unitas

2082 779 2276 833 eadem
2328 788 2444 835 tota
2480 780 2735 837 essentiaa
2764 782 3001 845 ratione,
3041 780 3348 849 eademque
3378 780 3495 850 ipsa
3534 796 3660 851 per-

2084 887 2345 926 sonarum
2371 874 2586 929 ratione
2610 883 2722 930 tota
2737 876 3001 931 Trinitas.
3040 876 3205 929 Pater
3233 875 3382 929 enim
3411 884 3467 929 et
3488 876 3661 929 Filius

2087 969 2144 1014 et
2170 960 2415 1030 Spiritus
2444 972 2690 1030 sanctus,
2722 964 2932 1031 deitas;
2962 970 3019 1018 et
3054 964 3112 1021 in
3151 964 3313 1018 Patre
3348 972 3405 1017 et
3435 963 3573 1018 Filio
3603 972 3661 1018 et

2088 1050 2299 1121 Spiritu
2350 1061 2562 1120 saneto,
2611 1054 2821 1120 deitas;
2853 1063 2966 1110 tota
2992 1055 3049 1108 in
3077 1060 3195 1108 toto
3233 1055 3394 1109 Patre
3439 1054 3656 1118 eadem,

2083 1147 2345 1210 totusque
2372 1142 2427 1196 in
2454 1149 2567 1197 tota
2599 1143 2791 1200 eadem
2825 1145 3023 1209 Pater;
3054 1152 3277 1214 totaque
3298 1145 3352 1197 in
3380 1152 3495 1199 toto
3519 1145 3659 1199 Filio

2083 1231 2300 1296 eadem,
2337 1248 2402 1288 ac
2432 1241 2579 1290 totus
2604 1235 2660 1289 in
2691 1244 2805 1291 tota
2837 1235 3029 1291 eadem
3058 1233 3266 1300 Filius;
3311 1242 3423 1289 tota
3444 1236 3574 1290 item
3601 1237 3659 1290 in

2084 1332 2198 1379 toto
2220 1324 2428 1395 Spiritu
2462 1335 2655 1383 saneto
2696 1328 2910 1393 eadem,
2944 1344 3008 1384 ac
3033 1337 3183 1385 totus
3214 1330 3273 1384 in
3312 1336 3428 1383 tota
3464 1329 3658 1384 eadem

2085 1414 2325 1483 Spiritus
2358 1425 2581 1472 sanctus
2610 1434 2622 1469 :
2672 1425 2787 1471 tota
2828 1418 3012 1483 Pater,
3043 1424 3100 1473 et
3134 1417 3190 1471 in
3214 1426 3329 1472 toto
3361 1418 3542 1482 Patre,
3573 1427 3659 1471 to—

2085 1515 2283 1578 tusque
2314 1507 2369 1562 in
2398 1516 2510 1563 tota
2549 1509 2733 1574 Pater,
2761 1517 2818 1563 et
2847 1517 2961 1564 tota
2993 1517 3146 1563 totus
3177 1510 3341 1564 Pater
3374 1528 3388 1563 :
3436 1518 3660 1580 totaque

2084 1610 2235 1654 totus
2276 1599 2449 1655 Filius
2484 1599 2698 1666 eadem,
2729 1608 2787 1654 et
2822 1607 2935 1654 tota
2987 1600 3045 1653 in
3096 1607 3214 1655 toto
3257 1600 3396 1655 Filio
3441 1600 3655 1665 eadem,

2088 1700 2346 1763 totusque
2396 1701 2530 1758 tota,
2577 1703 2635 1747 et
2675 1692 2730 1745 in
2778 1698 2891 1746 tota
2944 1691 3137 1747 eadem
3183 1692 3384 1758 Filius;
3436 1700 3660 1761 totaque

2087 1785 2329 1856 Spiritus
2361 1793 2587 1841 sanctus
2609 1784 2824 1848 eadem,
2861 1793 2919 1839 et
2958 1785 3015 1838 in
3042 1791 3159 1839 toto
3189 1783 3399 1854 Spiritu
3443 1792 3656 1845 saneto,

2082 1889 2147 1928 ac
2191 1872 2434 1943 Spiritus
2480 1881 2705 1928 sanctus
2758 1879 2908 1927 totus
2957 1881 3090 1938 tota,
3142 1879 3403 1941 totusque
3446 1871 3504 1924 in
3544 1878 3666 1943 tota-

2081 1962 2273 2019 eadem
2297 1962 2540 2033 Spiritus
2561 1970 2803 2018 sanctus.
2827 1961 2948 2016 Non
2982 1963 3130 2017 enim
3159 1962 3336 2017 deitas
3361 1961 3565 2032 partim
3599 1962 3661 2016 in

2081 2053 2260 2119 Patre,
2317 2061 2412 2107 aut
2467 2054 2630 2108 Pater
2669 2054 2870 2123 partim
2911 2053 3091 2122 Deus;
3132 2069 3314 2123 neque
3354 2056 3553 2123 partim
3599 2054 3665 2109 in

2086 2145 2227 2199 Filio
2269 2145 2470 2210 dcitas,
2515 2154 2678 2200 autre
2710 2146 2884 2201 Filius
2922 2146 3121 2215 partim
3169 2146 3352 2213 Deus;
3388 2160 3491 2202 nec
3530 2161 3665 2202 vero

2081 2238 2286 2309 partim
2326 2239 2382 2293 in
2427 2238 2634 2308 Spiritu
2675 2247 2865 2293 sancto
2907 2238 3108 2303 deitas,
3144 2247 3239 2294 aut
3278 2240 3479 2309 partim
3516 2239 3663 2294 Deus

2083 2327 2323 2398 Spiritus
2361 2337 2606 2383 sanctus.
2648 2329 2784 2383 Nam
2816 2344 2997 2398 neque
3035 2329 3214 2383 deitas
3257 2329 3533 2400 ejusmodi
3576 2338 3666 2384 est

2082 2436 2205 2490 qua:
2235 2421 2410 2490 possit
2451 2420 2647 2485 dividi,
2694 2434 2878 2489 neque
2925 2420 3089 2475 Pater
3127 2420 3274 2475 Deus
3305 2421 3664 2491 imperfectus

2083 2521 2185 2576 est,
2206 2513 2294 2566 vel
2316 2512 2509 2576 Filius,
2534 2520 2628 2566 aut
2652 2511 2891 2582 Spiritus
2919 2520 3177 2578 sanctus;
3204 2513 3299 2568 sed
3328 2522 3441 2568 tota
3471 2513 3664 2568 eadem

2083 2598 2201 2668 ipsa
2244 2597 2493 2667 perfecta
2536 2598 2779 2668 perfecte
2825 2598 2881 2652 in
2928 2599 3176 2668 perfecto
3220 2600 3405 2667 Patre,
3443 2608 3664 2669 totaque

2082 2689 2325 2760 perfecta
2356 2688 2601 2759 perfecte
2645 2689 2699 2743 in
2735 2688 2989 2760 perfecto
3035 2681 3175 2744 Filio
3204 2688 3419 2753 eadem,
3451 2703 3515 2743 ac
3551 2696 3665 2744 tota

2082 2783 2330 2855 perfecta
2354 2782 2599 2853 perfecte
2631 2781 2687 2836 in
2721 2780 2970 2852 perfecto
3002 2779 3212 2851 Spiritu
3244 2789 3456 2835 sancto.
3491 2780 3669 2834 Totus

2081 2878 2231 2933 enim
2281 2876 2339 2930 in
2388 2884 2504 2930 toto
2546 2875 2687 2929 Filio
2724 2883 2780 2930 et
2823 2874 3034 2945 Spiritu
3070 2882 3264 2937 sancto
3293 2872 3539 2942 perfecte
3580 2879 3666 2928 est

2082 2966 2271 3030 Pater,
2301 2973 2558 3035 totusque
2605 2965 2663 3020 in
2699 2971 2816 3020 toto
2868 2965 3032 3020 Patre
3077 2972 3135 3018 et
3175 2962 3384 3033 Spiritu
3419 2960 3666 3032 perfecte

2082 3065 2167 3112 est
2204 3057 2403 3121 Filius,
2446 3071 2512 3110 ac
2540 3048 2782 3111 totus‘in
2809 3062 2924 3110 toto
2953 3054 3115 3109 Patre
3144 3062 3201 3108 et
3242 3053 3383 3107 Filio
3415 3052 3666 3122 perfecte

2087 3154 2173 3200 est
2204 3144 2447 3215 Spiritus
2464 3151 2709 3198 sanctus.
2740 3141 3113 3209 Quamobrem
3142 3139 3309 3195 etiam
3338 3156 3485 3195 unus
3520 3141 3674 3195 Deus

2088 3235 2257 3291 Pater
2286 3241 2342 3289 et
2382 3227 2556 3288 Filius
2587 3242 2644 3286 et
2688 3230 2928 3301 Spiritus
2964 3237 3208 3285 sanctus.
3258 3229 3374 3285 Una
3411 3230 3559 3284 enim
3600 3242 3669 3283 ac

2088 3322 2283 3376 eadem
2320 3321 2560 3377 essentia
2598 3333 2705 3384 est,
2736 3319 3026 3388 virtusque
3051 3328 3108 3373 et
3133 3317 3385 3389 operatio
3406 3318 3586 3373 Patris
3608 3325 3667 3372 et

2088 3415 2213 3470 Filii
2242 3421 2299 3469 et
2321 3413 2561 3483 Spiritus
2586 3411 2761 3467 sancti
2785 3428 2800 3476 ;
2837 3427 2963 3465 cum
2992 3419 3192 3466 neuter
3216 3425 3408 3465 eorum
3436 3410 3556 3466 sine
3581 3409 3664 3463 al-

2087 3516 2210 3563 tero
2236 3506 2464 3563 exsistat
2491 3512 2589 3559 aut
2612 3503 2979 3574 intelligatur.

2160 3685 2216 3738 2.
2245 3682 2439 3738 Omnis
2471 3679 2798 3744 intellectio,
2839 3693 3033 3733 eorum
3069 3685 3154 3732 est
3180 3694 3301 3747 qua:
3331 3678 3661 3749 intelligunt,

2089 3782 2145 3828 et
2188 3788 2309 3842 qua:
2343 3770 2728 3840 intelliguntur
2775 3785 2788 3821 :
2839 3767 2987 3822 Deus
3029 3783 3180 3832 vero,
3220 3784 3398 3838 neque
3442 3769 3665 3838 horum,

2089 3878 2269 3932 neque
2305 3862 2524 3916 illorum
2554 3870 2658 3916 est.
2682 3858 2897 3931 Quippe
2926 3861 3175 3929 utrisque
3194 3861 3487 3929 superior:
3529 3862 3668 3918 alias

2087 3970 2325 4025 namque
2372 3951 2961 4017 circumseriberetur;
2998 3952 3149 4005 velut
3202 3951 3413 4006 scilicet
3458 3950 3669 4007 intelli-

2090 4063 2245 4119 gens,
2281 4048 2399 4117 ejus
2425 4043 2577 4115 quod
2622 4042 2951 4112 intelligitur
2982 4041 3364 4097 habitudinem
3409 4058 3668 4099 necessa-

2089 4143 2227 4197 riam
2261 4141 2492 4203 habens,
2520 4136 2607 4192 vel
2631 4135 2733 4191 sub
2771 4134 3132 4204 intelligente,
3167 4133 3260 4202 qui
3295 4133 3365 4189 ob
3391 4134 3671 4195 habitudi-

2090 4246 2218 4287 nem
2264 4229 2691 4299 intelligeretur,
2744 4225 3073 4280 naturaliter
3125 4224 3348 4280 cadens.
3403 4224 3669 4295 Superest

2091 4324 2280 4395 igitur,
2313 4330 2375 4375 ut
2405 4336 2509 4375 nec
2538 4318 2847 4388 intelligere
2876 4333 2983 4372 nec
3005 4316 3243 4388 intelligi
3270 4316 3443 4372 Deum
3478 4318 3669 4374 existi-

2091 4430 2334 4480 memus;
2357 4411 2518 4484 485
2545 4411 2643 4467 sed
2660 4412 2922 4466 utrolibet
2943 4411 3138 4466 borum
3157 4410 3497 4481 superiorem
3515 4419 3677 4481 pute-

411 4526 554 4567 mus.
594 4510 768 4567 Ambo
790 4508 939 4564 enim
981 4507 1123 4580 (tum
1164 4506 1425 4562 nimirum
1465 4505 1773 4576 intelligere
1814 4514 1929 4564 tum
1978 4506 2229 4578 intelligi)
2262 4505 2329 4560 ad
2369 4519 2433 4558 ea
2473 4520 2595 4575 qua:
2636 4520 2668 4559 a
2711 4504 2825 4559 Deo
2865 4503 3105 4559 secunda
3151 4510 3300 4569 sunt,
3343 4503 3679 4566 naturaliter

410 4610 676 4674 spectant.

478 4699 548 4762 γ’.
604 4694 761 4747 Πᾶσα
805 4692 1025 4763 νόησις,
1079 4691 1268 4761 ὥσπερ
1316 4690 1374 4744 ἐν
1412 4689 1570 4761 οὐσίᾳ
1617 4692 1834 4758 πάντως
1875 4694 1988 4766 ἔχει

2159 4699 2217 4753 5.
2244 4697 2436 4754 Omnis
2491 4696 2795 4751 intellectio
2822 4694 2967 4751 sicut
3020 4693 3248 4762 omnino
3274 4693 3330 4747 in
3356 4690 3669 4761 substantia

407 4786 508 4857 τὴν
537 4786 684 4839 θέσιν
716 4786 792 4849 ὡς
823 4785 1065 4854 ποιότης,
1097 4782 1238 4836 οὕτω
1268 4783 1363 4835 καὶ
1390 4783 1518 4852 περὶ
1541 4783 1732 4837 οὐσίαν
1758 4803 1992 4840 πεποιω-

411 4875 580 4947 μένην
616 4876 727 4947 ἔχει
772 4877 872 4945 τὴν
910 4874 1144 4946 κίνησιν.
1205 4872 1282 4928 Οὐ
1313 4872 1421 4944 γὰρ
1452 4873 1649 4942 ἄφετόν
1678 4893 1730 4928 τι
1760 4877 1989 4932 καθόλου

408 4968 502 5021 καὶ
545 4966 749 5021 ἁπλοῦν
780 4965 903 5018 καθ’
925 4964 1087 5018 ἑαυτὸ
1117 4962 1362 5033 ὑφεστὼς
1391 4963 1614 5017 δυνατόν
1642 4966 1789 5018 ἐστιν
1819 4968 1991 5040 αὑτὴν

409 5057 794 5124 ὑποδέξασθαι,
815 5057 897 5110 ὅτι
924 5056 999 5127 μὴ
1021 5055 1215 5123 ἄφετὸς
1239 5057 1355 5107 ἐστι
1379 5055 1474 5109 καὶ
1491 5056 1659 5127 ἁπλῆ.
1678 5058 1737 5110 Ὀ
1757 5057 1813 5111 δὲ
1836 5060 1987 5124 Θεὸς,

408 5146 531 5201 κατ’
561 5146 730 5218 ἄμφω
763 5147 994 5216 πάμπαν
1024 5146 1288 5217 ὑπάρχων
1312 5143 1539 5209 ἁπλοῦς,
1579 5146 1673 5200 καῖ
1704 5147 1862 5202 οὐσία
1894 5149 1988 5203 τοῦ

411 5239 469 5291 ἔν
494 5238 841 5308 ὑποκειμένῳ
864 5237 1054 5307 χωρὶς,
1108 5234 1204 5288 καὶ
1229 5235 1411 5305 νόησις
1446 5234 1521 5307 μὴ
1548 5234 1746 5306 ἔχουσά
1767 5254 1821 5290 τι
1850 5239 1986 5293 καθ-

411 5329 559 5396 άπαξ
590 5329 946 5399 ὑποκείμενον
967 5345 981 5358 ’
1017 5327 1118 5381 οὐκ
1140 5326 1256 5380 ἐστι
1282 5327 1389 5379 τῶν
1413 5327 1676 5383 νοούντων
1709 5331 1804 5383 καὶ
1835 5348 1988 5384 νοου-

417 5420 627 5490 μένων,
687 5421 763 5483 ὡς
821 5419 962 5490 ὑπὲρ
1005 5419 1192 5473 οὐσίαν
1250 5418 1515 5490 ὑπάρχων
1589 5419 1832 5491 δηλονότι
1899 5422 1991 5476 καὶ

409 5510 614 5580 νόησιν.

485 5692 548 5750 δ’.
572 5694 783 5763 Ὠσπερ
809 5692 868 5745 ὲν
886 5689 964 5761 τῷ
990 5690 1199 5763 κέντρῳ
1226 5691 1335 5747 τῶν
1353 5692 1417 5759 ἐξ
1436 5691 1601 5748 αὐτοῦ
1625 5694 1747 5748 κατ’
1770 5693 1986 5749 εὐθεῖαν

411 5785 787 5854 ἰκτεταμένων
810 5780 1105 5854 γραμμῶν
1155 5782 1460 5854 ἀδιαίρετος
1516 5784 1799 5854 θεωρεῖται
1856 5800 1989 5842 παν.

2095 4791 2280 4847 sedem
2307 4789 2493 4853 habet,
2521 4788 2722 4858 quippe
2756 4803 2880 4843 cum
2930 4787 3002 4841 sit
3027 4776 3297 4856 qualitas;
3341 4785 3420 4839 sie
3448 4799 3679 4854 quoque

2095 4876 2638 4936 circa‘substantiam
2663 4877 2927 4946 qualitate
2958 4876 3224 4930 imbutam
3245 4880 3455 4927 motum
3481 4873 3675 4927 habet.

2094 4972 2212 5026 Non
2237 4970 2386 5026 enim
2429 4967 2548 5023 fieri
2595 4975 2801 5038 potest,
2826 4977 2889 5022 ut
2911 4965 3043 5036 quid
3090 4963 3317 5019 omnino
3354 4962 3679 5017 absolutum

2096 5077 2161 5117 ac
2204 5060 2437 5130 simplex
2460 5073 2559 5128 per
2598 5072 2657 5113 se
2689 5058 2982 5118 exsistens,
3026 5055 3174 5109 illam
3222 5053 3520 5123 suscipiat,
3544 5066 3678 5107 eum

2093 5167 2274 5222 neque
2321 5152 2412 5206 illa
2443 5151 2696 5206 absoluta
2731 5165 2796 5205 ac
2830 5149 3065 5218 simplex
3096 5147 3344 5203 exsistat.
3379 5145 3527 5201 Deus
3574 5160 3670 5200 au-

2097 5252 2207 5299 tem
2236 5255 2473 5313 utroque
2493 5243 2658 5298 modo
2690 5242 2807 5309 ipse
2852 5255 3081 5311 prorsus
3126 5238 3379 5308 simplex,
3432 5252 3497 5293 ac
3535 5237 3673 5293 sub—

2095 5336 2300 5391 stantia
2338 5350 2451 5390 non
2497 5335 2554 5389 in
2592 5333 2878 5404 subjecto,
2920 5331 3333 5400 intellectioque
3378 5329 3524 5383 nihil
3552 5328 3678 5398 ipsa

2094 5427 2324 5483 omnino
2354 5427 2664 5497 subjectum
2688 5425 2924 5490 habens,
2964 5438 3075 5478 non
3097 5436 3291 5477 eorum
3319 5426 3407 5476 est
3437 5434 3559 5490 qua
3581 5420 3675 5474 in—

2048 5536 2055 5543 ’
2093 5520 2352 5590 telligunt
2377 5528 2474 5573 aut
2511 5518 2922 5589 intelliguntur,
2976 5524 3036 5571 ut
3068 5515 3163 5586 qui
3194 5511 3457 5570 nimirum
3501 5528 3675 5584 supra

2097 5607 2461 5664 substantiam
2485 5606 3032 5675 intellectionemque
3055 5604 3306 5659 exsistat.
3610 5644 3637 5669 ,

2167 5694 2221 5749 4.
2252 5692 2727 5760 Quemadmodum
2756 5693 3055 5750 -linearum
3094 5699 3247 5749 recta
3284 5707 3316 5747 a
3341 5699 3536 5747 centro
3563 5691 3666 5746 du-

2098 5793 2311 5840 ctarem
2344 5784 2578 5843 indivisa
2603 5785 2827 5859 penitus
2850 5784 2905 5840 in
2932 5799 3001 5842 eo
3030 5784 3412 5841 consideratur
3431 5781 3633 5855 positio
3652 5798 3680 5844 ;
