4122 6320
533 387 671 457 1127

1733 388 1795 448 S.
1837 383 2129 447 ΜΑΧῘΜΙ
2168 379 2680 443 CONFESSORIS

3679 377 3817 446 1128

531 515 615 570 sic
649 513 744 585 qui
792 511 1005 571 versari
1037 526 1163 566 cum
1211 510 1329 567 Deo
1389 509 1679 571 meruerit,
1726 523 1922 563 omnes
1973 506 2028 562 in
2058 520 2117 560 eo

2229 498 2399 563 τελῶς
2425 502 2459 570 ἡ
2481 499 2633 563 θέσις
2652 513 2667 528 ⁸
2701 496 2876 562 οὕτως
2892 499 2922 552 6
2943 496 3196 566 ἀξιωθεὶς
3216 496 3274 548 ὲν
3295 493 3374 566 τῷ
3393 493 3515 566 Θεῷ
3536 495 3815 565 γενέσθαι,

531 615 845 662 creatorum
876 605 1328 675 praeexsistentes
1345 604 1608 668 rationes,
1627 600 1865 674 simplici
1883 598 2121 670 quadam

530 713 594 752 ac
635 697 871 752 indivisa
898 696 1218 767 cognitione
1247 696 1541 767 intelliget.

601 789 652 842 5.
679 787 1011 853 lntellectio,
1040 788 1108 843 iis
1148 787 1384 842 formata
1416 801 1539 857 quae
1567 784 1979 855 intelliguntur,
2009 797 2121 836 una

528 894 654 933 cum
711 878 803 944 sit,
859 895 963 949 pro
1020 880 1292 951 cujusque
1341 895 1536 935 eorum
1565 893 1689 948 quae
1737 875 2118 945 intelliguntur

528 972 714 1041 specie
768 971 1058 1042 formaque
1087 1013 1101 1038 ,
1160 974 1352 1042 plures
1401 970 1810 1026 intellectiones
1858 967 2116 1022 efﬁcitur.

527 1063 633 1118 Ubi
687 1072 874 1118 autem
915 1079 1037 1119 eam
1100 1063 1460 1119 formantinm
1510 1063 1780 1117 varietate
1837 1067 2116 1130 superata,

529 1165 644 1210 tum
674 1158 888 1213 scilicet
918 1173 1112 1214 eorum
1157 1167 1280 1228 quae
1325 1174 1492 1213 sensu
1537 1157 1956 1228 percipiuntur,
2000 1161 2118 1210 tum

529 1264 651 1317 qua:
674 1249 787 1304 sola
811 1259 996 1305 mente
1026 1249 1434 1320 intelliguntur,
1461 1248 1688 1303 omnino
1708 1247 1899 1302 formae
1921 1260 2121 1316 expers

530 1341 769 1394 evaserit
800 1359 812 1393 :
849 1348 982 1396 tunc
1007 1343 1414 1396 convenienter
1439 1341 1642 1394 mentis
1663 1353 1884 1394 omnem
1909 1337 2118 1408 cogita-

531 1441 646 1486 tum
691 1447 966 1500 superans
1019 1433 1162 1486 ratio
1225 1448 1324 1487 seu
1371 1431 1618 1487 Verbum
1656 1431 1761 1486 sibi
1801 1446 1922 1486 eam
1974 1428 2117 1484 asci-

529 1538 711 1586 scens,
757 1523 826 1575 ab
885 1523 994 1577 illis
1045 1539 1266 1578 cessare
1318 1531 1578 1594 praestat,
1618 1539 1740 1592 qum
1784 1537 1883 1592 per
1927 1536 2117 1576 rerum

529 1615 716 1669 animo
759 1616 1169 1670 intellectarum
1207 1617 1412 1672 formas
1455 1632 1522 1671 ex
1553 1617 1660 1670 alia
1710 1615 1871 1669 aliam
1912 1615 2117 1668 immu-

530 1713 668 1759 tant.
702 1703 804 1759 Cui
826 1721 962 1760 vero
995 1706 1049 1760 id
1090 1706 1316 1772 accidit,
1347 1707 1601 1778 requievit
1631 1716 1681 1760 et
1705 1708 1816 1778 ipse
1847 1706 1912 1760 ab
1939 1707 2115 1777 opmi-

528 1796 621 1850 bus
655 1797 785 1863 suis,
821 1800 956 1852 sicut
987 1798 1127 1853 Deus
1158 1817 1190 1853 a
1220 1801 1329 1853 suis
1355 1799 1422 1852 ”.

600 1888 652 1942 6.
688 1887 792 1953 Qui
815 1888 884 1942 ad
907 1903 1031 1943 eum
1055 1889 1233 1943 evasit
1251 1887 1992 1958 perfectionismodum,'qui
2015 1903 2116 1960 pro

528 1981 632 2036 hac
665 1981 777 2035 vita
802 1996 1103 2037 concessus
1135 1981 1463 2036 mortalibus
1504 1990 1610 2046 est,
1647 1980 1946 2036 fructiﬁcat
1981 1982 2113 2046 Deo,

526 2069 908 2135 dilectionem,
958 2087 1174 2141 pacem,
1224 2072 1742 2143 longanimitatem:
1777 2088 1877 2142 pro
1929 2072 2117 2127 futuro

525 2172 709 2217 autem
744 2178 883 2227 aevo,
920 2163 1430 2234 incorruptionem,
1456 2164 2113 2234 essendiperennitatem,

528 2255 727 2324 hisque
748 2255 974 2310 similia.
1007 2256 1088 2311 Ne
1112 2256 1256 2312 forte
1275 2271 1410 2310 vero
1434 2256 1612 2327 prima
1643 2257 1726 2312 illi
1759 2256 2114 2324 conveniant,

525 2347 620 2415 qui
679 2346 914 2401 actionis
965 2356 1151 2416 partes
1186 2347 1461 2414 absolvit;
1497 2349 1746 2403 secunda
1777 2364 1910 2403 vero
1938 2360 1996 2405 et
2031 2363 2118 2403 se-

525 2439 775 2507 quentia,
835 2439 909 2504 ei,
956 2439 1052 2510 qui
1105 2455 1206 2510 per
1246 2455 1435 2495 veram
1489 2441 1787 2496 scientiam
1835 2458 1866 2497 a
1909 2441 2116 2498 creatis

523 2531 782 2587 excessit.

597 2624 648 2676 7.
682 2622 838 2677 Sicut
883 2629 1196 2693 peccatum,
1223 2623 1514 2694 pr0prium
1555 2623 1953 2681 inobcdientiae
1975 2641 2117 2698 opus

524 2721 638 2778 est;
674 2713 756 2767 sic
800 2721 855 2768 et
889 2715 1094 2779 virtus,
1135 2714 1424 2784 proprium
1465 2729 1606 2785 opus
1645 2715 1995 2770 obedientiae.
2038 2715 2117 2771 Ac

525 2806 670 2862 sicut
716 2807 1110 2862 inobedientia:
1159 2822 1346 2863 eomes
1392 2816 1480 2862 est
1511 2807 1898 2863 mandatorum
1933 2816 2116 2864 trans-

524 2899 736 2970 gressio
756 2939 770 2961 ,
809 2907 975 2970 atque
995 2899 1065 2954 ab
1096 2915 1185 2964 eo,
1213 2900 1310 2971 qui
1346 2899 1402 2955 in
1429 2900 1705 2956 mandatis
1739 2900 1986 2967 dederat,
2027 2900 2116 2956 (li-

523 2992 694 3059 visio;
727 2994 809 3048 sic
859 3002 915 3048 et
953 2992 1293 3047 obedientite
1345 3007 1535 3048 comes
1582 3001 1670 3048 est
1725 2992 2115 3072 mandatorum

524 3083 876 3150 observatio,
926 3100 990 3140 ac
1037 3100 1164 3140 eum
1199 3100 1267 3139 eo
1291 3084 1388 3156 qui
1419 3093 1788 3156 praeceperat,
1819 3085 1972 3140 unio.
2009 3087 2115 3155 Qui

526 3174 697 3244 igitur
722 3175 1036 3231 obediendo
1067 3176 1388 3231 mandatum
1419 3177 1678 3240 servavit,
1701 3184 1818 3230 tum
1845 3178 2115 3249 justitiam
2143 3209 2185 3266 ο

524 3274 791 3336 operatus
815 3266 983 3338 486
1004 3275 1110 3332 est,
1139 3277 1256 3322 tum
1282 3283 1406 3322 cum
1438 3283 1506 3323 eo
1526 3268 1621 3339 qui
1643 3278 2002 3339 praeceperat,
2035 3271 2118 3325 in-

522 3358 758 3412 divisam
780 3373 879 3428 per
904 3358 1260 3414 dilectionem
1291 3359 1553 3415 unionem
1575 3359 1837 3415 servavit.
1861 3359 1967 3427 Qui
1984 3376 2117 3416 vero

523 3463 626 3517 per
687 3448 1126 3504 inobcdientiam
1183 3451 1509 3506 mandatum
1562 3459 1940 3524 transgressus
1989 3462 2114 3516 est.

519 3547 640 3592 tum
673 3547 966 3608 peccatum
999 3538 1152 3603 fecit,
1179 3545 1294 3594 tum
1321 3556 1381 3595 se
1414 3540 1483 3595 ab
1503 3541 1625 3612 ejus
1651 3541 1746 3609 qui
1781 3553 2119 3612 praeceperat

520 3631 740 3686 unitate
774 3631 1046 3702 abjunxit.

595 3720 647 3775 8.
669 3721 772 3788 Qui
795 3739 826 3776 a
852 3722 1144 3790 divisione,
1165 3740 1288 3794 qum
1305 3740 1373 3780 ex
1397 3725 1838 3796 transgressione
1863 3727 2114 3794 inolevit,

516 3803 826 3884 colligitur,
856 3814 1097 3885 primum
1139 3816 1210 3871 ab
1237 3816 1532 3874 aﬂ‘eetibus
1566 3818 1830 3889 vitiisque
1863 3820 2115 3892 abjungi-

520 3914 618 3959 tur
651 3906 888 3962 :exinde
920 3923 949 3962 a
972 3908 1288 3964 libidinosis
1309 3919 1367 3964 et
1392 3925 1516 3980 qua:
1552 3910 1692 3966 vitio
1717 3911 2118 3983 hterent,cogi-

520 3997 829 4054 tationibus
858 4017 872 4054 :
902 4008 1018 4054 tum
1045 4015 1078 4055 a
1115 4010 1314 4057 natura
1337 4044 1351 4068 ,
1405 4002 1625 4073 illisque
1656 4003 1969 4058 rationibus
1994 4020 2118 4074 qua;

523 4089 674 4146 circa
705 4107 828 4172 eam
872 4102 1206 4161 versantur;
1267 4102 1461 4165 postea
1501 4111 1532 4150 a
1560 4094 1727 4150 rebus
1772 4093 2116 4164 Spiritalibus

518 4189 581 4236 et
618 4198 740 4252 qua:
767 4185 824 4239 in
852 4193 1095 4241 mentem
1135 4185 1363 4253 cadunt,
1404 4187 1585 4257 iisque
1611 4187 1862 4243 scientiis
1886 4202 2009 4258 quae
2045 4186 2115 4242 de

518 4269 632 4328 illis
656 4274 933 4330 habentur
970 4294 983 4330 :
1011 4292 1075 4331 ac
1100 4286 1406 4348 postremo,
1439 4278 1807 4334 Providentia:
1832 4278 2114 4333 rationum

521 4365 795 4423 varietate
835 4369 951 4439 ipsa
999 4379 1282 4440 superata,
1315 4371 1384 4426 ad
1436 4370 1610 4441 ipsam
1661 4371 1845 4442 ignote
1891 4369 2116 4426 devenit

519 4454 756 4511 unitatis
793 4459 1103 4526 rationem;
1129 4475 1197 4514 ex
1223 4476 1331 4530 qua
1352 4461 1467 4515 sola
1489 4475 1644 4514 suam
1669 4476 1825 4516 mens
1857 4461 2116 4515 immuta-

2227 593 2438 656 πάντας
2470 590 2674 644 εἴσεται
2701 592 2829 655 τοὺς
2858 592 2916 646 ὲν
2935 590 3086 662 αὐτῷ
3103 588 3214 642 τῶν
3242 587 3546 657 γεγονότων
3569 592 3817 658 προῦφε-

2227 683 2437 744 στῶτας
2470 682 2684 750 λόγους,
2726 681 2847 736 καθ’
2879 682 3058 754 ἁπλῆν
3094 698 3215 736 τινα
3239 679 3546 750 ἀδιαίρετον
3583 679 3811 748 γνῶσιν.

2294 779 2354 825 ε’.
2421 771 2793 844 Μορφουμένη
2845 775 2956 836 τοῖς
3000 771 3314 843 νοουμένοις
3360 770 3567 842 νόῃσις,
3618 769 3815 827 πολλαὶ

2223 865 2438 935 νοήσεις
2467 867 2499 935 ἡ
2529 864 2627 936 μία
2656 862 2984 928 καθίσταται
3013 863 3220 936 νόησις,
3271 863 3393 916 κατ’
3417 857 3558 926 εἶδος
3585 861 3815 920 ἕκαστον

2225 959 2582 1033 μορφουμένη
2628 958 2739 1012 τῶν
2771 957 3104 1029 νοουμένων.
3152 955 3423 1026 Ὅπηνίκα
3446 954 3504 1008 δὲ
3534 953 3644 1007 τῶν
3677 972 3814 1026 μορ-

2223 1055 2469 1124 φούντων
2513 1051 2686 1122 αὐτὴν
2718 1049 3007 1122 αἰσθητῶν
3049 1067 3110 1102 τε
3159 1050 3257 1103 καί
3283 1047 3492 1118 νοητῶν
3521 1047 3583 1101 τὸ
3610 1047 3814 1118 πλῆθος

2222 1147 2516 1219 περάσασα
2540 1185 2556 1209 ,
2621 1142 2848 1212 γένηται
2902 1141 3137 1210 πάμπαν
3186 1139 3458 1202 ἀνείδεος,
3507 1137 3814 1210 τηνικαῦτα

2223 1234 2520 1306 προσφυῶς
2567 1231 2738 1304 αὐτὴν
2783 1234 2812 1285 ὁ
2851 1232 2992 1298 ὑπὲρ
3041 1230 3228 1301 νόησιν
3269 1227 3570 1283 οἰκειοῦται
3614 1228 3808 1296 Λόγος.

2213 1325 2558 1381 καταπαύων
2609 1323 2718 1376 τῶν
2757 1319 3004 1376 ἀλλοιοῦν
3037 1319 3209 1390 αὐτὴν
3240 1320 3362 1380 ταῖς
3391 1317 3500 1370 τῶν
3524 1317 3814 1386 νοημάτων

2227 1419 2467 1490 μορφαῖς
2497 1414 2842 1484 πεφυκότων·
2872 1413 3010 1482 ὅπερ
3041 1412 3069 1465 ὀ
3095 1408 3305 1471 παθὼν,
3330 1410 3431 1462 καὶ
3457 1408 3642 1475 αὐτὸς
3670 1426 3810 1463 κατ-

2220 1512 2494 1565 έπαυσεν
2538 1509 2659 1564 ἀπὸ
2686 1506 2805 1561 τῶν
2831 1505 3024 1576 ἔργων
3055 1502 3264 1568 αὐτοῦς
3293 1501 3498 1572 ὥσπερ
3525 1493 3650 1558 ἀπὸ
3692 1500 3812 1556 τῶν

2222 1603 2389 1658 ἰδίων
2417 1605 2450 1658 ὀ
2483 1602 2647 1667 Θεός.

2295 1889 2370 1949 ς’.
2417 1882 2478 1936 '0
2503 1882 2603 1953 τὴν
2629 1879 2860 1950 ε’φικτὴν
2886 1874 3198 1948 ἀνθρώποις
3232 1873 3472 1929 ἐνταῦθα
3499 1872 3810 1944 τελειότητα

2225 1977 2457 2048 φθάσας,
2493 1975 2837 2046 καρποφορεῖ
2883 1970 2961 2042 τῷ
2999 1969 3118 2041 Θεῷ
3157 1958 3401 2039 ἀγάπην,
3432 1967 3630 2038 χαράν,
3656 1966 3812 2036 εἰρήκ-

2223 2086 2350 2140 νην,
2406 2066 2788 2140 μακροθυμίαν
2808 2082 2822 2097 ·
2883 2063 3020 2136 πρὸς
3051 2062 3110 2115 δὲ
3142 2062 3206 2116 τὸ
3238 2059 3462 2132 μέλλον,
3499 2057 3813 2129 ἀφθαρσίαν

2222 2163 2319 2217 καὶ
2363 2158 2642 2230 ἀῖδιότητα
2665 2199 2681 2223 ,
2738 2156 2834 2211 καὶ
2865 2155 2934 2210 τά
2960 2155 3173 2217 τούτοις
3202 2153 3370 2223 ὅμοια
3393 2165 3408 2182 ·
3464 2149 3560 2205 καὶ
3599 2149 3812 2220 μήποτε

2221 2255 2292 2311 τὰ
2320 2253 2419 2326 μὲν
2453 2251 2646 2324 πρῶτα
2676 2249 2950 2321 προσήκει
3000 2246 3081 2317 τῷ
3129 2246 3229 2318 τὴν
3255 2244 3568 2318 πρακτικὴν
3591 2243 3814 2299 τελειῶ-

2224 2361 2382 2401 σαντι
2405 2363 2418 2377 ·
2478 2344 2549 2398 τά
2580 2343 2810 2415 δεύτερα
2829 2342 2918 2406 δὲ,
2961 2338 3041 2411 τῷ
3067 2338 3156 2393 διὰ
3178 2338 3433 2408 γνώσεως
3460 2334 3695 2406 ἀληθοῦς
3720 2337 3812 2390 ὲκ-

2225 2441 2410 2494 στάντι
2438 2439 2549 2493 τῶν
2576 2434 2988 2507 πεποιημένων.

2295 2621 2362 2689 ζ’.
2400 2622 2612 2692 Ὠσπερ
2638 2620 2774 2673 ῐδιον
2805 2617 3094 2689 παρακοῆς
3118 2615 3280 2688 ἔργον
3310 2615 3461 2669 ἐστὶν
3485 2615 3519 2686 ἡ
3545 2615 3806 2686 ἁμαρτία,

2221 2715 2396 2779 οὕτως
2415 2715 2547 2769 ῐδιον
2575 2710 2825 2781 ὑπακοῆς
2847 2710 3008 2780 ἔργον
3025 2707 3175 2764 ἐστὶν
3203 2709 3237 2778 ή
3264 2707 3434 2778 ἀρετή
3452 2722 3464 2735 ·
3492 2708 3583 2760 καὶ
3614 2707 3810 2778 ὥσπερ

2220 2811 2290 2881 τῇ
2327 2808 2424 2880 μὲν
2451 2807 2704 2878 παρακοῇ
2762 2799 3164 2872 παρακολουθεῖ
3207 2799 3521 2870 παράϐασις
3554 2799 3808 2864 ἐντολῶν,

2222 2899 2436 2959 καὶτοῦ
2461 2897 2841 2969 ἐντειλαμένου
2879 2893 3164 2967 διαίρεσις,
3200 2891 3345 2945 οὑτω
3376 2895 3443 2964 τῇ
3476 2893 3689 2962 ὑπακοῇ
3723 2893 3813 2960 ἑφ-

2222 2997 2412 3052 ἐπεται
2445 2993 2776 3064 συντήρησις
2807 2987 3062 3051 ἐντολῶν,
3095 2986 3190 3040 καὶ
3221 2987 3255 3057 ἠ
3288 2985 3424 3056 πρὸς
3453 2985 3545 3038 τὸν
3571 2984 3816 3039 ἐντειλά-

2226 3105 2385 3160 μενον
2407 3086 2620 3148 ἓνωσινς.
2665 3081 2724 3135 Ὀ
2751 3079 2883 3150 γοῦν
2917 3078 3264 3149 συντηρήσας
3295 3078 3365 3130 δι’
3389 3077 3636 3148 ὑπακοῆς
3656 3077 3811 3131 ἐντο-

2223 3184 2340 3256 λὴν,
2379 3181 2475 3237 καὶ
2505 3177 2854 3246 δικαιοσύνην
2880 3175 3196 3246 εἰργάσατο,
3228 3171 3324 3226 καὶ
3355 3171 3492 3243 πρὸς
3518 3171 3612 3224 τὸν
3641 3173 3815 3225 ἐντει-

2218 3278 2471 3349 λάμενον,
2493 3274 2686 3328 ἕνωσιν
2717 3270 2808 3326 διὰ
2834 3269 2934 3340 τῆς
2961 3267 3180 3337 ἀγάπης
3203 3265 3468 3338 ἐτήρησεν
3481 3264 3813 3334 ἀδιαίρετον·

2217 3374 2246 3426 6
2265 3371 2322 3425 δὲ
2347 3367 2602 3440 παραϐὰς
2614 3363 3001 3436 διὰπαρακοῆς
3030 3359 3270 3430 ἐντολὴν,
3289 3357 3385 3413 καὶ
3413 3357 3512 3428 τὴν
3532 3359 3815 3429 ἁμαρτίαν

2217 3461 2536 3533 εἰργάσατο,
2572 3458 2669 3512 καὶ
2693 3458 2793 3528 τῆς
2826 3455 2947 3508 κατ’
2969 3453 3190 3523 ἀγάπην
3219 3449 3412 3504 ἑαυτὸν
3446 3450 3583 3522 πρὸς
3612 3449 3706 3504 τὸν
3727 3452 3817 3504 έν-

2217 3554 2532 3624 τειλάμενον
2555 3548 2751 3605 διεῖλεν
2777 3545 3042 3610 ἐνώσεως.

2289 3734 2359 3801 ην,
2409 3727 2468 3782 '0
2521 3727 2587 3781 ὲκ
2639 3725 2738 3798 τῆς
2789 3723 2931 3778 κατὰ
2978 3724 3080 3795 τὴν
3126 3723 3442 3795 παράϐασιν
3490 3723 3816 3794 διαιρέσεως

2219 3821 2608 3891 συναγόμενος,
2643 3817 2858 3889 πρῶτον
2891 3815 3186 3888 χωρίζεται
3215 3816 3324 3871 τῶν
3352 3816 3541 3870 παθῶν
3563 3832 3577 3847 ·
3615 3816 3816 3871 ἔπειτα

2215 3914 2324 3967 τῶν
2353 3911 2620 3984 ὲμπαθῶν
2647 3909 2928 3980 λογισμῶν
2947 3925 2964 3942 ο
3021 3904 3143 3963 εἶτα
3171 3908 3388 3978 φύσεως
3414 3910 3509 3962 καί
3536 3909 3644 3962 τῶν
3677 3908 3818 3982 περὶ

2217 4006 2381 4076 φύσιν
2414 4004 2612 4073 λόγων⁹
2649 3998 2774 4056 εἶτα
2805 4002 3118 4074 νοημάτων,
3172 4002 3267 4056 καί
3316 4001 3425 4056 τῶν
3485 4001 3617 4070 περὶ
3671 4001 3816 4055 αὑτά

2217 4095 2477 4166 γνὼσεων
2510 4112 2525 4126 ⁸
2585 4095 2682 4150 καὶ
2744 4094 3056 4149 τελευταῖον
3089 4133 3106 4158 ,
3175 4093 3287 4147 τῶν
3346 4094 3474 4165 περί
3540 4094 3817 4167 Προνοίας

2215 4189 2390 4259 λόγων
2417 4189 2642 4261 διαδρὰς
2670 4187 2730 4242 τὸ
2759 4182 3028 4252 ποικίλον,
3059 4191 3144 4252 ἐἰς
3171 4184 3334 4241 αὑτὴν
3357 4185 3653 4257 ἀγνώστως
3679 4201 3819 4241 κατ-

2215 4281 2354 4352 αντᾷ
2401 4279 2494 4333 τὸν
2543 4278 2672 4352 περί
2727 4279 2953 4351 μονάδος
2993 4278 3182 4349 λόγον·
3222 4279 3346 4333 καθ’
3383 4279 3442 4333 ὃν
3482 4279 3646 4349 μόνον
3671 4278 3818 4333 Osco—-

2219 4374 2392 4444 ρήσας
2429 4370 2626 4426 ’ἑαυτοῦ
2657 4371 2924 4443 ἀτρεψίαν
2957 4371 2986 4424 6
3013 4371 3139 4435 νοῦς
3164 4413 3180 4436 ,
3234 4373 3418 4444 χαίρει
3448 4371 3546 4441 τὴν
3575 4371 3821 4426 ἀνεκλά-

2213 4461 2375 4534 λητον
2403 4463 2600 4535 χαράν·
2639 4462 2716 4527 ὡς
2745 4463 2844 4532 τὴν
2871 4463 3096 4535 εἰρήνην
3119 4462 3359 4534 εἰληφὼς
3388 4461 3480 4516 τοῦ
3511 4462 3678 4526 Θεοῦ,
3715 4464 3818 4534 τὴν

519 4545 797 4602 bilitatem
812 4550 1198 4617 considerans,
1227 4551 1427 4622 gaudio
1444 4550 1648 4622 gaudet
1668 4550 2024 4606 inenarrabili
2043 4551 2110 4619 ‘°;

2218 4554 2592 4626 ὑπερέχουσαν
2618 4555 2798 4610 πάντα
2822 4553 2948 4608 νοῦν
2976 4571 2992 4586 ο
3046 4555 3141 4609 καὶ
3171 4555 3517 4629 φρουροῦσαν
3539 4555 3821 4628 διηνεκῶς

523 4645 585 4691 ut
611 4653 732 4707 quae
751 4654 942 4708 pacem
966 4650 1126 4696 nacta
1150 4641 1242 4705 sit,
1270 4659 1393 4712 quae
1416 4651 1711 4713 exsuperat
1730 4657 1951 4699 omnem
1992 4658 2120 4698 sen-

2224 4646 2474 4700 ἄπτωτον
2507 4645 2599 4700 τὸν
2625 4647 2803 4716 αὑτῆς
2827 4646 3173 4719 ἀξιούμενον.

515 4748 648 4789 sum
673 4735 741 4799 δι,
777 4749 846 4790 ac
868 4751 992 4806 quae
1021 4750 1148 4790 eum
1175 4737 1270 4807 qui
1327 4738 1505 4808 ipsam
1548 4739 1773 4809 assequi
1811 4739 2106 4806 meruerit,
2139 4739 2210 4795 ab
2235 4742 2386 4797 omni
2405 4743 2614 4814 jugiter
2639 4750 2866 4815 praestet
2890 4743 3054 4798 ruina
3087 4752 3268 4799 tutum
3296 4751 3464 4815 atque
3521 4759 3815 4800 securum.

588 4830 646 4887 9.
675 4828 958 4887 Cebenna:
985 4841 1189 4899 metus,
1212 4833 1479 4893 malitiam
1501 4834 1751 4905 vitiaque
1783 4843 2006 4906 praistat
2032 4834 2122 4890 fu-

512 4935 672 4992 gere,
714 4922 802 4979 his
835 4923 931 4994 qui
977 4924 1320 4982 inducuntur
1377 4941 1443 4980 ac
1490 4924 1704 4981 tirones
1747 4934 1895 4981 sunt.
1942 4925 2122 4982 Bono-

519 5030 644 5071 rum
691 5025 879 5072 autem
929 5017 1406 5074 remunerationis
1449 5033 1607 5073 amor
1641 5033 1707 5074 ac
1750 5018 2114 5085 desiderium,

519 5108 946 5177 proﬁcientibus
1001 5110 1218 5176 tribuit,
1267 5118 1330 5166 ut
1375 5111 1658 5167 virutibus
1708 5111 1877 5167 alacri
1927 5111 2111 5167 animo

521 5199 839 5272 fungantur.
867 5203 939 5259 At
967 5203 1261 5260 charitatis
1284 5203 1636 5277 mysterium,
1684 5205 1888 5260 creatis
1933 5205 2112 5262 omni-

589 5335 638 5367 "
665 5334 836 5392 Hebr.
862 5353 936 5406 Iv,
974 5336 1062 5393 10.
1139 5337 1186 5369 ⁸ο
1209 5336 1232 5391 Ι
1259 5338 1410 5393 Petr.
1436 5353 1475 5403 t,
1505 5338 1558 5394 8.
1635 5339 1676 5373 °'
1706 5339 1952 5410 Philipp.
1977 5355 2054 5404 IV,
2091 5338 2146 5393 7.

597 5488 675 5562 (ῳ)
709 5491 773 5562 '0
806 5491 875 5545 δὲ
917 5493 1103 5559 πόθος
1129 5492 1240 5560 τῆς
1271 5492 1390 5548 τῶν
1424 5493 1662 5562 ἀγαθῶν
1719 5495 2108 5560 ἀντιδόσεως.

523 5557 730 5634 βιιιοο
752 5557 1229 5634 Μσῐνοίανηπτὶκῶν
1265 5580 1387 5634 cap.
1423 5557 1510 5628 l3,
1558 5565 1612 5619 in
1645 5582 1757 5634 quo
1801 5565 1937 5619 nihil
1990 5557 2109 5620 sea-

513 5629 684 5704 brum
713 5639 808 5684 aut
844 5631 1084 5687 diiIicile.
1127 5635 1220 5688 Sic
1244 5629 1427 5690 tamen
1461 5636 1621 5704 plana
1660 5629 1844 5699 Picus,
1887 5635 2108 5690 Deside-

520 5698 662 5777 rjum
692 5709 870 5754 autem
897 5706 1273 5777 remunerqndi
1305 5698 1516 5777 accepta
1557 5707 1715 5760 bona.
1742 5706 1924 5777 Certe,
1960 5706 2110 5758 Desi-

520 5768 1190 5844 deriuntremuneratioms
1213 5768 1499 5839 bonorum;
1531 5792 1722 5830 eorum
1755 5768 1965 5831 scilicet
1986 5791 2109 5844 qua:

519 5838 635 5896 Deo
655 5837 910 5915 adiutore
943 5840 1211 5897 virtutum
1247 5861 1413 5914 opera
1458 5837 1804 5916 praestamus.
1861 5837 2104 5914 Quor-um

2289 4837 2354 4892 θ’.
2403 4839 2463 4892 Ὀ
2509 4839 2610 4910 τῆς
2653 4839 2882 4911 γεέννης
2913 4839 3098 4909 φόϐος,
3135 4840 3335 4894 κακίαν
3368 4841 3590 4910 φεύγειν
3623 4858 3816 4914 παρα-

2217 4929 2474 4995 σκευάζει
2527 4931 2654 4994 τοὺς
2697 4931 3119 5002 εἰσαγομένους·
3180 4933 3210 4984 6
3246 4931 3304 4984 δὲ
3355 4931 3521 4996 πόθος
3562 4930 3668 5004 τῆς
3701 4935 3820 4988 τῶν

2213 5022 2436 5088 ἀγαθῶν
2463 5024 2787 5088 ἀντιδόσεως
2813 5022 2913 5095 (at),
2935 5027 3048 5088 τοῖς
3074 5023 3448 5094 προκόπτουσι
3476 5026 3576 5098 τὴν
3604 5027 3701 5081 ἐπ’
3723 5031 3817 5082 ὲν-

2219 5117 2411 5188 εργείᾳ
2444 5117 2552 5172 τῶν
2584 5117 2794 5189 ἀρετῶν
2816 5116 3101 5190 χαρίζεται
3137 5115 3446 5186 προθυμίαν
3467 5133 3481 5147 ·
3531 5116 3593 5171 τὸ
3612 5116 3681 5173 δὲ
3713 5120 3819 5187 τῆς

2217 5207 2441 5280 ἀγάπης
2471 5210 2772 5281 μυστήριον
2797 5247 2813 5273 ,
2872 5207 3102 5264 πάντων
3127 5209 3419 5279 ,ὑπεραίρει
3448 5207 3557 5268 τῶν
3583 5214 3824 5279 γεγονό-

2212 5495 2502 5567 praemium
2537 5509 2759 5565 sperare
2794 5503 2850 5550 et
2875 5494 3193 5567 desiderare
3231 5495 3562 5553 Christianae
3604 5497 3814 5567 pietati

2204 5579 2325 5619 non
2379 5565 2574 5631 obest;
2630 5581 2808 5634 eoque
2864 5566 3073 5622 motivo
3113 5569 3191 5622 uti
3231 5567 3297 5621 ad
3340 5567 3567 5623 humani
3605 5565 3816 5624 'cordis

2176 5635 2564 5708 excitandum
2587 5643 2887 5708 torporem.
2930 5637 3010 5691 Eo
3057 5647 3269 5708 spectat
3317 5638 3472 5708 quod
3527 5639 3815 5708 Dominus

2210 5703 2559 5776 Christianae,
2602 5703 2828 5776 pietatis
2889 5703 3523 5776 capita-Beatitudimm
3571 5706 3813 5763 nomine

2210 5776 2490 5899 BLC'JSOML
2541 5775 2650 5833 Sed
2706 5776 2763 5832 in
2797 5793 2858 5835 re
2889 5775 3053 5836 [acili
3114 5795 3228 5836 non
3287 5779 3526 5851 amplius
3579 5777 3814 5840 haeren-
