4122 6320
373 343 506 405 119.9

1212 339 1548 400 CAPITUM
1584 337 1858 400 Tl’IEOL.
1899 338 1992 398 ET
2031 339 2267 400 (ECON.
2309 339 2696 400 CENTURIA
2734 339 2819 398 II.

3496 337 3518 398 ί
3532 338 3629 403 130

355 473 468 508 των
517 453 608 508 τὸν
653 451 818 512 νοῦν,
883 448 1018 521 πρὸς
1062 449 1241 502 πάντα
1292 450 1361 502 τὰ
1409 448 1546 519 μετὰ
1580 447 1712 501 Θεὸν
1741 448 1980 518 τυφλὸνι

2053 449 2149 504 bus
2179 448 2525 518 superiorem
2558 457 2798 502 mentem
2849 445 3126 509 attollens,
3179 442 3248 498 ad
3279 443 3464 499 omnia
3505 461 3627 517 quae

359 543 824 615 ἀπεργαζόμενον.
851 541 1060 602 Μόνους
1083 539 1192 610 γὰρ
1209 539 1336 602 τοὺς
1352 538 1587 608 τυφλοὺς
1611 537 1745 608 πρὸς
1765 537 1942 590 πάντα

358 633 430 688 τὰ
477 634 614 704 μετὰ
660 633 793 685 Θεὸν
841 632 1243 704 γεγενημένους
1273 630 1530 701 όΚύριος
1559 630 1792 699 σοφίζει,
1831 631 1943 682 δει-

363 725 495 790 κνὺς
526 725 594 777 τὰ
628 724 896 796 θειότερα.

435 923 485 970 ι’.
533 917 593 968 '0
643 914 737 968 τοῦ
785 914 919 968 Θεοῦ
969 915 1158 982 λόγος,
1217 914 1401 986 κόκκῳ
1429 913 1698 974 σινάπεως
1726 911 1943 979 ἐοικὼς,

360 1007 466 1078 πρὸ
497 1007 596 1076 τῆς
622 1006 896 1076 γεωργίας
929 1007 1070 1059 πάνυ
1099 1001 1412 1060 εἶναιδοκεῖ
1443 1003 1661 1076 μικρός·
1725 1001 1946 1055 ἐπειδὰν

359 1099 418 1151 δὲ
451 1097 747 1168 γεωργηθῇ
780 1097 1030 1162 δεόντως,
1066 1097 1318 1152 τοσοῦτον
1349 1097 1713 1152 διαδείκνυται
1749 1095 1943 1166 μέγας,

361 1187 502 1241 ὥστε
532 1190 656 1250 τοὺς
687 1190 796 1239 τῶν
828 1187 1104 1258 αἰσθητῶν
1137 1189 1231 1242 καὶ
1263 1188 1372 1240 τῶν
1399 1188 1605 1258 νοητῶν
1633 1187 1947 1257 κτισμάτων

365 1276 728 1347 μεγαλοφυεῖς
769 1277 960 1346 λόγους
982 1279 1200 1349 πτηνῶν
1226 1279 1380 1348 δίκην
1412 1278 1562 1348 αὐτῷ
1596 1277 1950 1332 ἐπαναπαύε-

367 1368 511 1421 σθαι.
552 1369 778 1421 Πάντων
806 1370 914 1440 γὰρ
944 1371 994 1422 οἱ
1036 1370 1186 1440 λόγοι
1217 1369 1623 1440 καθεστήκασιν
1655 1370 1806 1442 αὑτῷ
1840 1388 1948 1441 χω-

363 1461 541 1531 ρητοί·
592 1461 752 1525 αὐτὸς
790 1463 884 1527 δὲ,
917 1463 1027 1516 τῶν
1061 1463 1229 1516 ὄντων
1279 1465 1424 1517 ἐστὶν
1464 1465 1638 1517 οὐδενὶ⁸
1683 1464 1947 1536 χωρητός.

360 1555 450 1607 Διὸ
494 1553 584 1606 τὸν
624 1553 816 1623 ἔχοντα
846 1556 1030 1609 πίστιν
1074 1556 1148 1619 ώς
1195 1557 1396 1610 κόκκον
1443 1557 1756 1621 σινάπεως,
1793 1557 1954 1610 δύνα-

364 1645 486 1698 σθαι
534 1646 844 1718 μεταθεῖναι
887 1648 1032 1721 λόγῳ
1083 1648 1144 1701 τὸ
1193 1648 1316 1719 ὅρος
1353 1651 1379 1701 ὁ
1405 1649 1606 1721 Κύριος
1633 1649 1759 1721 ἔφη·
1800 1666 1955 1702 τουτο

365 1739 482 1792 ἐστι
508 1778 523 1803 ,
567 1739 628 1791 τὸ
658 1739 779 1792 καθ’
801 1740 957 1810 ἡμῶν
987 1740 1078 1793 τοῦ
1107 1741 1354 1793 διαϐόλου
1381 1743 1580 1813 κράτος
1606 1740 1952 1805 ἀποδιώκειν,

362 1833 456 1885 καὶ
493 1829 844 1901 μετατιθέναι
874 1832 974 1902 τῆς
1009 1831 1240 1901 βάσεως.

436 2013 528 2065 ια’.
585 2009 804 2072 Κόκκος
849 2008 943 2062 τοῦ
995 2008 1269 2072 σινάπεως
1299 2010 1448 2062 ἐστιν
1479 2011 1506 2062 ὁ
1538 2009 1773 2080 Κύριος,
1816 2009 1956 2063 κατὰ
2005 2063 2008 2067 .

365 2100 552 2154 πίστιν
606 2101 665 2154 ἐν
711 2101 993 2171 Ιινεύματι
1045 2101 1404 2172 σπειρόμενος
1457 2103 1514 2155 ἐν
1558 2103 1676 2165 ταῖς
1708 2101 1956 2172 καρδίαις

361 2193 471 2247 τῶν
501 2194 827 2264 δεχομένων·
860 2194 918 2247 ὃν
947 2195 975 2246 ὁ
1003 2194 1278 2264 ἐπιμελῶς
1304 2195 1393 2248 διὰ
1416 2195 1524 2247 τῶν
1549 2194 1762 2261 ἀρετῶν
1788 2211 1958 2264 γεωρ-

363 2288 540 2357 γήσας
561 2327 574 2349 ,
631 2287 692 2339 τὸ
719 2288 818 2356 μὲν
847 2287 974 2358 ὅρος
1007 2286 1099 2341 τοῦ
1131 2286 1319 2357 χοϊκοῦ
1345 2287 1695 2358 φρονήματος
1729 2286 1956 2357 μετατί-

365 2379 493 2449 θησι
515 2419 529 2442 ,
587 2379 687 2449 τὴν
730 2381 1050 2450 δυσκίνητον
1088 2381 1202 2445 ἕξιν
1246 2380 1442 2435 ἑαυτοῦ
1475 2382 1575 2449 τῆς
1609 2382 1808 2445 κακίας
1836 2381 1956 2436 κατ’

365 2469 617 2535 ἐξουσίαν
667 2473 1056 2543 ἀπωθούμενος
1080 2491 1094 2504 ·
1151 2475 1276 2537 τοὺς
1315 2474 1371 2528 δέ
1414 2474 1606 2541 λόγους
1641 2472 1817 2543 ἐαυτῷ
1847 2475 1957 2527 τῶν

366 2561 599 2615 ἐντολῶν
634 2563 730 2615 καὶ
755 2564 883 2626 τοὺς
908 2563 1165 2632 τρόπους,
1195 2564 1227 2633 ἦ
1258 2564 1354 2618 καὶ
1379 2564 1478 2627 τὰς
1503 2563 1649 2626 θείας
1673 2563 1954 2634 δυνάμεις,

366 2652 558 2724 ὥσπερ
591 2653 814 2705 πετεινὰ
843 2654 1074 2724 οὐρανοῦ
1103 2655 1470 2709 ἐπαναπαύει.

439 2744 528 2815 ιβ’.
569 2744 658 2815 Τῷ
701 2745 892 2815 Κυρίῳ
938 2746 1190 2818 καθάπερ
1240 2747 1347 2800 τινὶ
1395 2745 1633 2816 θεμελίῳ
1690 2745 1954 2812 πίστεως,

370 2837 430 2890 τὸ
456 2835 589 2908 ὕψος
617 2837 1102 2907 ἐποικοδομοῦντες
1138 2840 1248 2892 τῶν
1300 2838 1544 2908 ἀγαθῶν,
1582 2839 1828 2910 χρυσίον,
1857 2839 1958 2910 ἀρ-

370 2928 581 2999 γύριον,
617 2927 797 2992 λίθους
822 2929 1039 3000 τιμίους
1078 2929 1398 3001 ἐπιθώμεθα
1422 2945 1435 2960 ο
1471 2930 1742 2996 τουτέστι,
1772 2928 1954 2983 θεολο-

369 3022 496 3090 γίαν
548 3021 796 3090 καθαρὰν
851 3023 945 3074 καὶ
985 3021 1296 3093 ἀκίϐδηλον,
1322 3024 1416 3076 καὶ
1448 3021 1562 3092 βίον
1593 3022 1828 3094 διαφανῆ
1862 3021 1958 3076 καὶ

370 3111 645 3183 λαμπρὸν,
687 3110 782 3162 κα)⁵
816 3110 994 3174 θείους
1022 3111 1319 3182 λογισμοὺς
1351 3111 1420 3166 τὰ
1448 3113 1785 3184 μαργαρώδη
1829 3112 1956 3184 νοή-
1983 3139 2026 3198 C

373 3219 554 3275 ματα·
607 3202 742 3257 ἀλλὰ
794 3202 869 3274 μὴ
914 3201 1068 3268 ξύλα,
1130 3203 1205 3274 μὴ
1250 3204 1441 3274 χόρτον
1496 3205 1632 3274 μήτε
1670 3204 1953 3275 καλάμην·

371 3293 660 3355 τουτέστι,
723 3293 863 3364 μήτε
911 3292 1394 3363 εἰδωλολατρείανο
1444 3293 1616 3364 ἡγουν
1678 3294 1780 3364 τὴν
1829 3293 1959 3364 περὶ

373 3385 442 3439 τὰ
489 3385 725 3454 αἰσθητὰ
789 3384 1054 3455 πτόησιν
1114 3384 1252 3455 μήτε
1300 3384 1416 3455 βίον
1474 3385 1781 3454 ἀλόγιστον,
1819 3385 1958 3456 μήτε

369 3472 666 3546 λογισμοὺς
696 3476 985 3546 ἐμπαθεῖς,
1008 3476 1102 3528 καὶ
1119 3476 1218 3545 τῆς
1252 3475 1394 3530 κατὰ
1441 3475 1633 3545 σοφίαν
1687 3476 1959 3538 συνέσεως

374 3567 566 3638 ὥσπερ
603 3566 891 3638 ἀσταχύων
921 3567 1339 3638 ἐστερημένους.

449 3729 543 3794 ιγ’.
593 3723 654 3777 '0
705 3723 959 3792 γνώσεως
1006 3724 1316 3796 ἐφιέμενος,
1377 3725 1814 3796 ἀμετακινήτους
1862 3725 1963 3789 τὰς

381 3814 566 3886 βάσεις
595 3815 695 3886 τῆς
727 3815 904 3887 ψυχῆς
939 3816 1208 3888 ἐρεισάτω
1260 3817 1413 3888 παρὰ
1468 3817 1547 3888 τῷ
1577 3817 1788 3890 Κυρίῳ,
1820 3816 1964 3873 καθά

382 3924 546 3978 φησιν
575 3908 600 3960 ό
626 3907 756 3971 Θεὸς
787 3907 862 3979 τῷ
891 3909 1098 3979 Μωῦσῇ
1119 3926 1132 3938 ·
1167 3908 1250 3962 Σὺ
1285 3907 1354 3960 δὲ
1385 3909 1572 3964 αὐτοῦ
1603 3908 1785 3978 στῆθι
1832 3909 1962 3979 μετ’

381 3998 547 4068 ἐμοῦ.
589 4000 787 4054 Ἰστέον
829 4000 906 4066 δὲ,
953 4003 1033 4054 ὅτι
1073 4001 1170 4054 καὶ
1197 4003 1256 4054 ἐν
1285 4001 1469 4064 αὐτοῖς
1495 4004 1606 4065 τοῖς
1649 4000 1964 4070 ἱσταμένοις

381 4093 533 4164 παρὰ
556 4092 630 4164 τῷ
649 4094 836 4166 Κυρίῳ
866 4095 983 4147 ἐστὶ
1012 4093 1279 4166 διαφοράο
1315 4094 1476 4165 εῐιτερ
1499 4097 1676 4150 ἐκεῖνο
1712 4096 1787 4166 μὴ
1819 4111 1965 4166 παρ-

381 4182 558 4254 έργως
616 4183 1052 4247 ἀναγινώσκεται
1112 4187 1225 4248 τοῖς
1275 4184 1622 4256 φιλομαθέσι,
1667 4184 1768 4249 τὸ,
1831 4183 1966 4237 Εἰσί

380 4290 537 4341 τινες
561 4274 678 4329 τῶν
705 4270 820 4330 ὧδε
852 4277 1144 4342 ἑστώτων,
1180 4277 1397 4343 οἵτινες
1427 4279 1498 4332 οὐ
1523 4277 1609 4347 μὴ
1637 4277 1968 4347 γεύσωνται

383 4371 664 4435 θανάτου,
706 4371 818 4436 ἕως
870 4371 948 4425 ἂν
993 4371 1166 4426 ἴδωσι
1191 4370 1305 4440 τὴν
1323 4373 1656 4437 ,ϐασιλείαν
1679 4371 1786 4426 τοῦ
1815 4369 1965 4425 Θεοῦ

2047 557 2078 596 a
2115 543 2227 596 Deo
2265 539 2510 595 secunda
2545 548 2696 604 sunt,
2745 554 2944 594 caecam
2994 537 3198 592 reddit.
3237 537 3346 592 Eos
3393 553 3630 608 namque

2049 648 2190 687 unos
2221 632 2488 687 Dominus
2532 631 2812 700 sapientes
2841 630 2994 694 facit,
3028 628 3328 684 ostendens
3346 645 3468 698 qua:
3505 635 3658 687 sunt’

2049 724 2347 789 diviniora,
2385 723 2493 778 illis
2540 723 2637 794 qui
2682 723 2747 776 ad
2800 721 2982 776 omnia
3013 738 3134 791 qua:
3166 737 3197 775 a
3233 722 3346 776 Deo
3391 723 3631 778 secunda

2049 824 2199 879 sunt,
2228 815 2354 869 emci
2383 815 2659 869 exsistunt
2683 815 2747 868 δ’.

2130 907 2211 961 ιθ.
2241 907 2338 961 Dei
2367 922 2572 972 sermo,
2605 922 2775 977 grano
2814 905 3024 975 sinapis
3057 904 3272 969 similis,
3311 904 3631 975 priusquam

2051 1001 2289 1064 colatur,
2340 999 2574 1068 exiguus
2628 997 2927 1052 admodum
2979 1002 3210 1066 apparet
3254 1013 3267 1048 :
3304 995 3398 1050 ubi
3451 1004 3633 1050 autem

2051 1109 2196 1157 eam,
2232 1107 2352 1161 qum
2381 1091 2596 1156 deceat,
2621 1091 2894 1144 culturam
2925 1088 3220 1159 acceperit,
3254 1095 3402 1142 tanta
3438 1103 3636 1158 procc-o

2053 1185 2217 1240 ritate
2251 1183 2541 1246 excrescit,
2605 1191 2668 1236 ut
2723 1189 3057 1245 crcatorum,
3111 1189 3224 1233 tum
3285 1195 3408 1250 qum
3469 1195 3636 1234 sensu

2053 1274 2456 1346 percipiuntur,
2494 1280 2607 1325 tum
2656 1286 2778 1340 quae
2830 1270 2946 1323 sola
2995 1277 3180 1322 mente
3225 1267 3636 1338 intelliguntur,

2055 1366 2356 1437 magnifice
2390 1363 2634 1417 rationes
2658 1361 2948 1414 volucrum
2982 1360 3155 1413 instar
3197 1358 3255 1412 in
3291 1373 3358 1412 co
3417 1357 3640 1427 requie»

2061 1469 2218 1516 scant
2242 1459 2309 1512 θ’.
2359 1457 2616 1511 Omnium
2648 1453 2911 1509 enimille
2958 1452 3204 1506 rationes
3232 1451 3422 1521 capit:
3459 1451 3638 1520 ipsum

2055 1555 2240 1608 autem
2287 1550 2436 1621 quod
2486 1548 2662 1619 possit
2703 1563 2922 1616 capere,
2962 1545 3100 1599 nihil
3136 1545 3194 1597 in
3232 1543 3400 1598 rebus
3439 1553 3637 1599 exstat.

2056 1641 2186 1698 Ideo
2235 1642 2403 1696 etiam
2444 1638 2585 1693 dixit
2631 1636 2900 1692 Dominus
2924 1650 3074 1700 eum,
3102 1631 3395 1704 quLﬁdem
3441 1632 3642 1690 habeat

2057 1734 2202 1789 sicut
2232 1747 2464 1804 granum
2495 1729 2706 1798 sinapis
2757 1743 2918 1799 posse
2952 1727 3253 1780 transferre
3279 1734 3521 1778 montem
3544 1725 3589 1755 ⁶⁸
3623 1741 3637 1778 :

1987 1803 2029 1858 Β
2059 1822 2266 1878 diaboli
2295 1822 2509 1876 scilicet
2535 1819 2829 1874 adversum
2861 1832 2964 1872 nos
2988 1817 3282 1887 imperium
3313 1824 3370 1870 et
3397 1823 3642 1886 potesta-

2060 1923 2171 1970 tem
2193 1914 2405 1984 fugare,
2431 1928 2461 1965 a
2496 1911 2626 1965 sede
2652 1910 2916 1980 dejicere.

2130 2006 2216 2058 ll.
2247 2003 2493 2058 Granum
2544 1999 2753 2069 sinapis
2806 1999 3073 2052 Dominus
3117 2006 3223 2062 est,
3255 2013 3354 2067 per
3386 1996 3549 2050 ﬁdem
3585 1996 3642 2050 in

2058 2097 2257 2168 spiritu
2283 2096 2339 2149 in
2371 2091 2794 2164 suscipientium
2817 2090 3080 2145 cordibus
3109 2091 3414 2145 seminatus
3441 2107 3452 2142 :
3478 2105 3643 2160 quem

2057 2189 2150 2260 qui
2175 2188 2470 2258 diligenter
2496 2185 2732 2240 virtutes
2759 2184 3070 2254 praestando
3098 2184 3250 2248 colit,
3280 2182 3486 2238 terreni
3520 2197 3648 2237 sen-

2058 2297 2154 2336 sus
2199 2288 2448 2334 montem
2487 2276 2767 2332 "transfert
2816 2275 3058 2348 (diﬂicile
3111 2275 3326 2330 scilicet
3381 2274 3645 2329 mobilem

2058 2379 2223 2441 atque
2253 2371 2560 2425 haerentem
2591 2367 2815 2422 malitiae
2841 2366 3096 2420 habitum
3132 2365 3364 2436 vitiique
3394 2381 3425 2420 a
3449 2365 3647 2435 seipse

2057 2479 2159 2533 per
2191 2469 2524 2533 potestatem
2547 2456 2856 2530 depcllens)
2881 2457 3379 2528 mandatorumque
3404 2457 3648 2511 rationes

2057 2565 2114 2610 et
2137 2555 2301 2628 487
2331 2554 2544 2618 modos,
2578 2552 2693 2607 sive
2721 2551 2888 2606 etiam
2941 2549 3154 2604 divinas
3182 2548 3415 2602 virtutes
3435 2589 3448 2612 ,
3496 2549 3648 2610 velut

2057 2647 2183 2703 caeli
2209 2646 2463 2701 volucres
2489 2646 2544 2700 in
2571 2660 2629 2699 se
2652 2642 3003 2712 requiescere
3035 2639 3187 2694 facit.

2141 2735 2229 2790 12.
2259 2735 2365 2801 Qui
2389 2749 2557 2805 super
2579 2732 2896 2798 Dominum,
2920 2740 3181 2800 tanquam
3220 2727 3347 2784 fidei
3369 2727 3645 2800 quoddam

2056 2827 2502 2890 fundamentum,
2537 2827 2816 2881 excelsum
2839 2823 3117 2878 bonorum
3142 2821 3360 2876 culmen
3393 2829 3646 2875 exstrua-

2057 2933 2211 2984 mus;
2260 2931 2478 2981 aurum,
2528 2923 2838 2986 argentum,
2871 2912 3085 2984 lapides
3115 2911 3394 2982 pretiosos
3430 2913 3647 2983 (puram

2057 3008 2270 3065 scilicet
2286 3014 2450 3077 atque
2467 3006 2742 3060 sinceram
2761 3003 2830 3059 de
2851 3004 2963 3058 Deo
2977 3003 3310 3065 doctrinam,
3335 3003 3649 3071 claramque

2059 3109 2223 3170 atque
2258 3099 2529 3154 illustrem
2576 3099 2746 3152 vitam
2776 3137 2791 3162 ,
2833 3110 3052 3152 necnon
3087 3110 3250 3150 sensa
3294 3094 3466 3148 animi
3488 3095 3649 3149 uniov

2059 3207 2194 3248 num
2217 3191 2395 3246 nitore
2416 3188 2701 3260 fulgentia)
2731 3203 2874 3254 ;non
2897 3187 3066 3258 ligna,
3089 3185 3302 3246 fenum,
3331 3185 3589 3254 stipulam
3603 3185 3648 3216 "

2063 3284 2268 3356 (neque
2323 3283 2539 3338 scilicet
2590 3280 2869 3335 idolorum
2911 3279 3144 3343 cultum,
3185 3276 3241 3331 id
3277 3286 3382 3342 cst,
3416 3275 3652 3332 terrenis

2060 3375 2341 3432 addictum
2378 3374 2626 3428 animum
2669 3372 2847 3442 iisque
2881 3369 3122 3425 deﬁxum
3171 3383 3351 3439 neque
3403 3383 3651 3424 aversam

2061 3482 2091 3522 a
2128 3467 2344 3522 ratione
2365 3465 2558 3531 vitam,
2606 3479 2790 3534 neque
2819 3463 3041 3518 demum
3095 3460 3422 3516 libidinosas
3449 3458 3652 3531 cogita-

2060 3557 2264 3621 tiones,
2295 3566 2358 3610 ιιι
2403 3570 2528 3626 quae
2559 3562 2820 3623 tanquam
2867 3551 3053 3622 spicis,
3107 3550 3392 3620 sapientiae
3444 3549 3652 3604 intelli-

2062 3649 2249 3716 gentia
2281 3646 2528 3717 careant)
2562 3645 2642 3700 illi
2671 3645 3044 3714 imponamus.
3198 3626 3204 3634 ’

2133 3737 2218 3791 15.
2262 3735 2368 3802 Qui
2421 3735 2667 3791 scientia:
2719 3733 2998 3788 desiderio
3045 3740 3288 3797 tenetur,
3342 3731 3654 3787 immobiles

2064 3827 2234 3882 animi
2265 3841 2486 3897 gressus
2514 3825 2658 3895 apud
2682 3824 2978 3880 Dominum
3021 3831 3248 3887 statuat,
3293 3821 3652 3892 quemadmo-

2064 3919 2196 3974 dum
2246 3918 2324 3972 ait
2369 3918 2516 3973 Deus
2555 3917 2714 3984 Mosi,
2771 3917 2846 3971 Tu
2895 3924 3070 3971 autem
3096 3917 3186 3970 hic
3229 3923 3315 3968 sta
3363 3914 3644 3968 mecum“.

2065 4008 2214 4064 Istud
2254 4024 2422 4078 porro
2457 4007 2889 4073 observandum,
2929 4006 2986 4061 in
3027 4006 3095 4061 iis
3135 4005 3302 4060 etiam
3349 4005 3648 4062 discrimen

2064 4116 2187 4156 esse
2207 4102 2300 4172 qui
2327 4109 2475 4156 stant
2501 4099 2646 4170 apud
2675 4100 2988 4165 Dominum,
3014 4099 3059 4153 si
3099 4098 3264 4154 modo
3295 4097 3527 4152 studiosi
3553 4111 3649 4152 ve-

2067 4194 2225 4264 rique
2253 4201 2530 4257 amantes,
2577 4191 2727 4262 quod
2759 4193 2831 4247 ita
2861 4191 3133 4262 scriptum
3176 4200 3282 4256 est,
3334 4204 3443 4244 non
3472 4189 3650 4244 obiter

2067 4285 2341 4356 legimus:
2377 4283 2513 4340 Sunt
2561 4285 2779 4356 quidam
2836 4285 2900 4338 de
2946 4285 3030 4338 hic
3075 4283 3359 4349 stantibus,
3400 4284 3491 4354 qui
3545 4299 3652 4338 non

2068 4383 2356 4448 gustabunt
2390 4386 2644 4442 mortem,
2679 4377 2843 4431 donec
2888 4376 3116 4430 uiderint
3165 4392 3386 4446 regnum
3416 4374 3518 4430 Dei
3562 4391 3652 4429 ue-

385 4464 755 4531 ἐληλυθυῖαν
781 4466 850 4518 ἐν
878 4463 1146 4535 δυνάμει.
1190 4466 1264 4519 Οὐ
1319 4465 1430 4537 γὰρ
1480 4465 1647 4519 πᾶσιν
1697 4463 1784 4516 ἀεὶ
1828 4462 1968 4534 μετὰ

2072 4474 2220 4527 aiens
2292 4474 2349 4526 in
2399 4473 2594 4526 virtute
2615 4471 2684 4524 ⁸⁷.
2735 4470 2858 4525 Νοιι
2911 4471 3058 4525 enim
3115 4469 3382 4524 Dominus
3435 4481 3654 4537 semper

386 4557 544 4624 δόξης
574 4556 601 4606 ό
627 4555 830 4627 Κύριος
853 4556 1203 4624 ἐπιφαίνεται
1239 4558 1353 4619 τοῖς
1386 4555 1518 4627 παρ’
1541 4555 1693 4625 αὐτῷ
1737 4554 1965 4625 ἱσταμέσ-

391 4665 516 4711 νοις,
556 4647 692 4701 ἀλλὰ
729 4649 842 4711 τοίς
885 4648 984 4718 μὲν
1018 4646 1417 4716 εἰσαγομένοις,
1449 4649 1508 4701 ἐν
1557 4646 1743 4702 δούλου
1781 4649 1962 4718 μορφῇ

393 4741 751 4812 παραγίνεται.
773 4757 786 4769 °
821 4743 933 4804 τοῖς
977 4740 1035 4794 δέ
1065 4740 1384 4810 δυναμένοις
1415 4739 1781 4809 ἀκολουθῆσαι
1815 4739 1965 4811 αὑτῷ

388 4831 479 4884 ἐπὶ
495 4831 556 4884 τὸ
579 4832 784 4902 ὑψηλὸν
805 4832 1153 4886 ἀναϐαίνοντι
1170 4833 1268 4901 τῆς
1287 4831 1451 4886 αὐτοῦ
1477 4831 1964 4904 μεταμορφώσεως

386 4925 532 4994 ἄρος,
572 4923 630 4976 ἐν
655 4928 837 4996 μορφῇ
863 4923 999 4978 Θεοῦ
1034 4923 1384 4994 ἐπιφαίνεται
1417 4923 1494 4996 (y)
1519 4942 1530 4953 ·
1569 4926 1629 4979 ἐν
1723 4925 1960 4996 ὑπῆρχε,

462 5077 508 5110 ⁸³
543 5078 688 5134 Psal.
725 5097 878 5146 CXLV,
907 5079 958 5136 8.
1036 5079 1288 5137 “Matth.
1323 5096 1436 5146 xm,
1469 5079 1557 5134 51.

393 5163 504 5214 vm,
543 5149 633 5206 59.

466 5287 540 5359 (ῃ)
559 5284 875 5360 Ἐγμορςρῇ
890 5289 1040 5360 ,Θεοῦ
1059 5288 1456 5360 ἐπιφαίνεται.
1481 5289 1545 5344 In
1565 5289 1660 5344 Dei
1675 5295 1847 5360 [arma
1869 5307 1966 5360 ap-

394 5369 570 5430 paret.
601 5359 700 5414 Est
733 5359 898 5430 Marei
927 5359 1204 5430 νηπτικῶν
1223 5374 1344 5428 cap.
1380 5359 1468 5422 14,
1495 5375 1765 5429 suumque
1801 5359 1967 5414 Masi-

397 5429 526 5500 mus
543 5429 908 5500 exscribendo
947 5430 1078 5485 fecit
1105 5447 1119 5500 ς
1148 5429 1204 5483 in
1239 5445 1350 5499 quo
1379 5431 1655 5500 przecipua
1677 5430 1972 5485 difﬁcultas

397 5497 531 5570 quid
558 5499 627 5550 sit
648 5497 741 5553 illa
771 5499 994 5570 claritas
1028 5499 1144 5564 Dei,
1186 5497 1395 5569 inqua
1417 5497 1673 5555 Christus
1694 5500 1968 5570 apparuit.

398 5566 611 5624 Idcirco
643 5568 788 5634 quod
828 5569 997 5623 Graeci
1027 5566 1331 5634 sequiores,
1359 5572 1651 5625 occasione
1697 5566 1972 5625 dictorum

401 5639 766 5708 quorumdam
805 5640 1048 5699 Patrum,
1090 5639 1159 5694 de
1206 5640 1483 5694 Thaborio
1513 5642 1720 5696 lumine
1758 5641 1838 5694 sic
1887 5640 1973 5694 di-

401 5706 802 5788 gladiatisunt,
832 5716 891 5762 ut
924 5725 1013 5788 r_es
1035 5725 1138 5788 per
1158 5711 1542 5788 Palamitarum
1568 5710 1974 5788 contentionem

403 5784 457 5838 in
493 5778 899 5850 putidissimam
948 5780 1198 5834 haeresim
1243 5781 1476 5847 abierit;
1541 5781 1976 5837 existimantium

676 5871 948 5937 PATROL.
994 5872 1106 5934 Gn.
1147 5874 1266 5939 XC.

1637 5079 1681 5111 ⁸³
1706 5080 1897 5135 Matth.
1925 5097 2052 5147 xvn,
2085 5082 2171 5138 l9.
2238 5082 2320 5135 ⁸⁸1
2347 5081 2475 5137 Cor.
2516 5082 2702 5148 111,12.
2752 5084 2796 5116 “
2829 5081 3002 5135 Exod.
3040 5097 3202 5134 χχχιιι
3256 5079 3315 5131 2.

2071 4562 2330 4618 omnibus
2384 4577 2510 4617 cum
2573 4561 2829 4617 claritate
2882 4568 3143 4633 apparet,
3190 4561 3284 4630 qui
3329 4567 3478 4614 stant
3507 4558 3651 4629 apud

2073 4655 2284 4725 ipsum;
2327 4654 2422 4709 sed
2454 4654 2523 4709 iis
2551 4653 2775 4724 quidem
2807 4653 2902 4723 qui
2955 4652 3299 4707 inducuntur
3348 4666 3413 4706 ac
3443 4651 3654 4706 tirones

2072 4755 2228 4813 sunt,
2282 4747 2507 4804 advenit
2556 4746 2809 4801 informa
2862 4745 3010 4801 servi
3045 4746 3152 4800 :iis
3170 4752 3351 4800 autem
3391 4744 3486 4813 qui
3524 4759 3649 4798 eum

2072 4837 2227 4908 sequi
2252 4838 2437 4894 valent
2457 4837 2844 4893 ascendentem
2886 4837 2938 4892 in
2970 4847 3211 4893 montem
3245 4836 3519 4892 excelsum
3541 4849 3652 4889 sua:

2073 4927 2588 4998 transﬁgurationis,
2607 4927 2661 4979 in
2684 4927 2782 4982 Dei
2808 4924 2981 4981 forma
3011 4933 3259 4996 apparet,
3291 4925 3348 4979 in
3379 4939 3483 4992 qua
3512 4930 3651 4992 crat,

3415 5079 3457 5109 ⁸⁷
3486 5078 3650 5137 Marc,

2071 5290 2169 5344 Dei
2195 5289 2341 5360 illam
2371 5288 2698 5355 claritatem,
2729 5289 2824 5360 τὴν
2852 5289 3030 5355 δόξαν,
3051 5287 3254 5358 aliquid
3280 5287 3390 5341 Deo
3414 5301 3652 5360 coaevum

2079 5374 2222 5420 esse,
2251 5359 2439 5428 illique
2481 5367 2677 5414 natura
2708 5355 3097 5428 eohjunctum;
3137 5355 3238 5412 nec
3273 5365 3455 5411 tamen
3483 5355 3652 5425 ipsam

2081 5430 2176 5484 Dei
2213 5429 2508 5502 essentiam
2545 5445 2686 5502 esse,
2729 5429 2822 5486 sed
2849 5429 3006 5502 quasi
3047 5430 3196 5483 illius
3239 5429 3503 5502 virtutem
3555 5441 3652 5502 seu

2082 5498 2418 5570 potentiam;
2453 5501 2601 5570 quod
2632 5508 2781 5556 certe
2811 5496 3080 5570 repugnat
3111 5499 3362 5554 maximze
3403 5496 3495 5570 Dei
3526 5497 3655 5570 sim;

2082 5567 2339 5640 plicitati,
2369 5567 2534 5640 quam
2569 5570 2684 5640 ipse
2716 5567 2981 5624 Maximus
3029 5570 3192 5638 paulo
3238 5568 3494 5640 superius
3543 5583 3592 5640 ς.
3620 5567 3654 5628 8

2083 5638 2140 5694 et
2193 5639 2247 5704 5,
2300 5638 2404 5711 rite
2451 5638 2779 5711 prosecutus
2825 5651 2931 5705 est,
2973 5656 3191 5694 omnem
3221 5639 3446 5696 omnino
3475 5653 3505 5711 a
3545 5638 3658 5692 Deo

2083 5708 2537 5780 compositionem
2571 5712 2889 5766 excludcns.
2912 5711 3068 5777 Quod
3098 5719 3279 5766 autem
3311 5711 3427 5779 ipsa
3454 5708 3574 5780 _lux
3603 5716 3658 5768 et

2085 5777 2329 5851 claritas,
2358 5782 2734 5860 corporalibus
2780 5783 3154 5860 apostolorum
3188 5777 3364 5836 oculis
3417 5777 3652 5853 objecta,

3194 5874 3273 5940 36

3701 4830 3730 4919 ἓ.
