  <div class='ocr_page' id='page_1' title='image "/cluster/home/n/w/nwhite01/storage/ocr_20150623/90/mdp.39015022223161/571.png"; bbox 0 0 4122 6320; ppageno 0'>
   <div class='ocr_carea' id='block_1_1' title="bbox 541 354 3787 435">
    <p class='ocr_par' dir='ltr' id='par_1_1' title="bbox 541 354 3787 435">
     <span class='ocr_line' id='line_1_1' title="bbox 541 354 3787 435; baseline 0.002 -23"><span class='ocrx_word' id='word_1_1' title='bbox 541 356 674 423; x_wconf 77' lang='lat'><strong>1131</strong></span> <span class='ocrx_word' id='word_1_2' title='bbox 1702 357 1760 415; x_wconf 87' lang='lat' dir='ltr'><strong>S.</strong></span> <span class='ocrx_word' id='word_1_3' title='bbox 1802 355 2087 415; x_wconf 77' lang='lat' dir='ltr'><strong>MAXIMI</strong></span> <span class='ocrx_word' id='word_1_4' title='bbox 2126 354 2635 416; x_wconf 77' lang='lat' dir='ltr'><strong>CONFESSORIS</strong></span> <span class='ocrx_word' id='word_1_5' title='bbox 3652 366 3787 435; x_wconf 67' lang='lat'><strong>1132</strong></span> 
     </span>
    </p>
   </div>
   <div class='ocr_carea' id='block_1_2' title="bbox 507 462 2135 547">
    <p class='ocr_par' dir='ltr' id='par_1_2' title="bbox 507 465 2122 541">
     <span class='ocr_line' id='line_1_2' title="bbox 507 465 2122 541; baseline -0.005 -14"><span class='ocrx_word' id='word_1_6' title='bbox 507 480 839 541; x_wconf 78' lang='lat' dir='ltr'><strong>antequam</strong></span> <span class='ocrx_word' id='word_1_7' title='bbox 886 467 1125 523; x_wconf 90' lang='lat' dir='ltr'><strong>mundus</strong></span> <span class='ocrx_word' id='word_1_8' title='bbox 1176 476 1342 522; x_wconf 85' lang='lat' dir='ltr'><strong>esset.</strong></span> <span class='ocrx_word' id='word_1_9' title='bbox 1381 465 1526 521; x_wconf 85' lang='lat' dir='ltr'><strong>Fieri</strong></span> <span class='ocrx_word' id='word_1_10' title='bbox 1582 465 1750 536; x_wconf 78' lang='lat' dir='ltr'><strong>igitur</strong></span> <span class='ocrx_word' id='word_1_11' title='bbox 1810 474 2012 535; x_wconf 92' lang='lat' dir='ltr'><strong>potest,</strong></span> <span class='ocrx_word' id='word_1_12' title='bbox 2059 472 2122 519; x_wconf 93' lang='lat' dir='ltr'><strong>ut</strong></span> 
     </span>
    </p>
   </div>
   <div class='ocr_carea' id='block_1_3' title="bbox 2159 462 3787 547">
    <p class='ocr_par' dir='ltr' id='par_1_3' title="bbox 2159 462 3787 547">
     <span class='ocr_line' id='line_1_3' title="bbox 2159 462 3787 547; baseline 0.012 -33"><span class='ocrx_word' id='word_1_13' title='bbox 2159 470 2193 527; x_wconf 74' lang='grc' dir='ltr'>Α</span> <span class='ocrx_word' id='word_1_14' title='bbox 2228 463 2334 534; x_wconf 80' lang='grc' dir='ltr'><strong>πρὸ</strong></span> <span class='ocrx_word' id='word_1_15' title='bbox 2349 462 2442 516; x_wconf 84' lang='grc' dir='ltr'><strong>τοῦ</strong></span> <span class='ocrx_word' id='word_1_16' title='bbox 2481 462 2571 518; x_wconf 78' lang='grc' dir='ltr'>τὸν</span> <span class='ocrx_word' id='word_1_17' title='bbox 2593 465 2797 536; x_wconf 76' lang='grc' dir='ltr'>κόσμον</span> <span class='ocrx_word' id='word_1_18' title='bbox 2823 462 2982 522; x_wconf 81' lang='grc' dir='ltr'>εῖναι.</span> <span class='ocrx_word' id='word_1_19' title='bbox 3007 469 3241 524; x_wconf 68' lang='grc' dir='ltr'>Δυνατδν</span> <span class='ocrx_word' id='word_1_20' title='bbox 3259 465 3353 526; x_wconf 79' lang='grc' dir='ltr'><strong>οὖν</strong></span> <span class='ocrx_word' id='word_1_21' title='bbox 3376 473 3515 540; x_wconf 74' lang='grc' dir='ltr'>ἐστι,</span> <span class='ocrx_word' id='word_1_22' title='bbox 3534 474 3613 547; x_wconf 81' lang='grc' dir='ltr'><strong>μὴ</strong></span> <span class='ocrx_word' id='word_1_23' title='bbox 3646 481 3787 534; x_wconf 77' lang='grc' dir='ltr'><strong>κατὰ</strong></span> 
     </span>
    </p>
   </div>
   <div class='ocr_carea' id='block_1_4' title="bbox 543 551 2171 635">
    <p class='ocr_par' dir='ltr' id='par_1_4' title="bbox 543 556 2123 631">
     <span class='ocr_line' id='line_1_4' title="bbox 543 556 2123 631; baseline -0.006 -13"><span class='ocrx_word' id='word_1_24' title='bbox 543 562 689 618; x_wconf 86' lang='lat' dir='ltr'><strong>idem</strong></span> <span class='ocrx_word' id='word_1_25' title='bbox 736 562 851 631; x_wconf 91' lang='lat' dir='ltr'><strong>ipse</strong></span> <span class='ocrx_word' id='word_1_26' title='bbox 890 559 1154 613; x_wconf 75' lang='lat' dir='ltr'><strong>Dominus</strong></span> <span class='ocrx_word' id='word_1_27' title='bbox 1177 573 1288 613; x_wconf 88' lang='lat' dir='ltr'><strong>non</strong></span> <span class='ocrx_word' id='word_1_28' title='bbox 1310 556 1501 612; x_wconf 88' lang='lat' dir='ltr'><strong>eadem</strong></span> <span class='ocrx_word' id='word_1_29' title='bbox 1532 556 1743 612; x_wconf 78' lang='lat' dir='ltr'><strong>ratione</strong></span> <span class='ocrx_word' id='word_1_30' title='bbox 1782 556 1997 610; x_wconf 90' lang='lat' dir='ltr'><strong>cunctis</strong></span> <span class='ocrx_word' id='word_1_31' title='bbox 2021 570 2123 626; x_wconf 77' lang='lat' dir='ltr'><strong>ap-</strong></span> 
     </span>
    </p>
   </div>
   <div class='ocr_carea' id='block_1_5' title="bbox 2158 551 3786 635">
    <p class='ocr_par' dir='ltr' id='par_1_5' title="bbox 2222 551 3786 635">
     <span class='ocr_line' id='line_1_5' title="bbox 2222 551 3786 635; baseline 0.011 -30"><span class='ocrx_word' id='word_1_32' title='bbox 2222 551 2283 605; x_wconf 77' lang='grc' dir='ltr'><strong>τὸ</strong></span> <span class='ocrx_word' id='word_1_33' title='bbox 2308 551 2441 605; x_wconf 79' lang='grc' dir='ltr'>αὐτὸ</span> <span class='ocrx_word' id='word_1_34' title='bbox 2467 554 2558 607; x_wconf 77' lang='grc' dir='ltr'>τὸν</span> <span class='ocrx_word' id='word_1_35' title='bbox 2586 553 2744 607; x_wconf 76' lang='grc' dir='ltr'>αὑτὸν</span> <span class='ocrx_word' id='word_1_36' title='bbox 2771 557 2905 609; x_wconf 85' lang='grc' dir='ltr'>πᾶσι</span> <span class='ocrx_word' id='word_1_37' title='bbox 2942 559 3052 621; x_wconf 85' lang='grc' dir='ltr'>τοῖς</span> <span class='ocrx_word' id='word_1_38' title='bbox 3079 559 3206 630; x_wconf 85' lang='grc' dir='ltr'>παρ’</span> <span class='ocrx_word' id='word_1_39' title='bbox 3249 560 3397 632; x_wconf 83' lang='grc' dir='ltr'>αὐτῷ</span> <span class='ocrx_word' id='word_1_40' title='bbox 3428 565 3786 635; x_wconf 78' lang='grc' dir='ltr'><strong>τυγχάνουσιν</strong></span> 
     </span>
    </p>
   </div>
   <div class='ocr_carea' id='block_1_6' title="bbox 540 643 2168 725">
    <p class='ocr_par' dir='ltr' id='par_1_6' title="bbox 540 647 2117 725">
     <span class='ocr_line' id='line_1_6' title="bbox 540 647 2117 725; baseline -0.006 -15"><span class='ocrx_word' id='word_1_41' title='bbox 540 661 729 725; x_wconf 84' lang='lat' dir='ltr'><strong>pareat</strong></span> <span class='ocrx_word' id='word_1_42' title='bbox 753 695 767 720; x_wconf 90' lang='lat'><strong>,</strong></span> <span class='ocrx_word' id='word_1_43' title='bbox 807 653 902 723; x_wconf 89' lang='lat' dir='ltr'><strong>qui</strong></span> <span class='ocrx_word' id='word_1_44' title='bbox 937 657 1085 706; x_wconf 84' lang='lat' dir='ltr'><strong>stant</strong></span> <span class='ocrx_word' id='word_1_45' title='bbox 1125 651 1271 721; x_wconf 89' lang='lat' dir='ltr'><strong>apud</strong></span> <span class='ocrx_word' id='word_1_46' title='bbox 1317 652 1527 720; x_wconf 90' lang='lat' dir='ltr'><strong>ipsum;</strong></span> <span class='ocrx_word' id='word_1_47' title='bbox 1578 647 1674 703; x_wconf 90' lang='lat' dir='ltr'><strong>sed</strong></span> <span class='ocrx_word' id='word_1_48' title='bbox 1715 648 1825 703; x_wconf 91' lang='lat' dir='ltr'><strong>alio</strong></span> <span class='ocrx_word' id='word_1_49' title='bbox 1877 647 2117 717; x_wconf 89' lang='lat' dir='ltr'><strong>alioque,</strong></span> 
     </span>
    </p>
   </div>
   <div class='ocr_carea' id='block_1_7' title="bbox 2155 643 3783 725">
    <p class='ocr_par' dir='ltr' id='par_1_7' title="bbox 2219 643 3783 722">
     <span class='ocr_line' id='line_1_7' title="bbox 2219 643 3783 722; baseline 0.013 -28"><span class='ocrx_word' id='word_1_50' title='bbox 2219 643 2604 711; x_wconf 80' lang='grc' dir='ltr'><strong>ἐπιφαίνεσθαι</strong></span> <span class='ocrx_word' id='word_1_51' title='bbox 2636 646 2838 717; x_wconf 78' lang='grc' dir='ltr'>Κύριον</span> <span class='ocrx_word' id='word_1_52' title='bbox 2860 665 2871 677; x_wconf 92' lang='grc'><strong>·</strong></span> <span class='ocrx_word' id='word_1_53' title='bbox 2904 644 3039 701; x_wconf 72' lang='grc' dir='ltr'>ἀλλὰ</span> <span class='ocrx_word' id='word_1_54' title='bbox 3068 653 3180 713; x_wconf 86' lang='grc' dir='ltr'>τοῖς</span> <span class='ocrx_word' id='word_1_55' title='bbox 3212 651 3312 721; x_wconf 80' lang='grc' dir='ltr'><strong>μὲν</strong></span> <span class='ocrx_word' id='word_1_56' title='bbox 3359 654 3552 721; x_wconf 80' lang='grc' dir='ltr'>οὕτως,</span> <span class='ocrx_word' id='word_1_57' title='bbox 3586 661 3700 722; x_wconf 85' lang='grc' dir='ltr'>τοίς</span> <span class='ocrx_word' id='word_1_58' title='bbox 3729 660 3783 714; x_wconf 76' lang='grc' dir='ltr'><strong>δὲ</strong></span> 
     </span>
    </p>
   </div>
   <div class='ocr_carea' id='block_1_8' title="bbox 540 736 2168 823">
    <p class='ocr_par' dir='ltr' id='par_1_8' title="bbox 540 736 2119 813">
     <span class='ocr_line' id='line_1_8' title="bbox 540 736 2119 813; baseline -0.006 -12"><span class='ocrx_word' id='word_1_59' title='bbox 540 745 664 800; x_wconf 86' lang='lat' dir='ltr'><strong>aliis</strong></span> <span class='ocrx_word' id='word_1_60' title='bbox 693 752 858 813; x_wconf 88' lang='lat' dir='ltr'><strong>atque</strong></span> <span class='ocrx_word' id='word_1_61' title='bbox 904 742 1028 798; x_wconf 88' lang='lat' dir='ltr'><strong>aliis</strong></span> <span class='ocrx_word' id='word_1_62' title='bbox 1057 742 1243 808; x_wconf 92' lang='lat' dir='ltr'><strong>modo,</strong></span> <span class='ocrx_word' id='word_1_63' title='bbox 1281 757 1382 812; x_wconf 90' lang='lat' dir='ltr'><strong>pro</strong></span> <span class='ocrx_word' id='word_1_64' title='bbox 1430 742 1697 813; x_wconf 88' lang='lat' dir='ltr'><strong>cujusque</strong></span> <span class='ocrx_word' id='word_1_65' title='bbox 1743 738 1953 795; x_wconf 85' lang='lat' dir='ltr'><strong>scilicet</strong></span> <span class='ocrx_word' id='word_1_66' title='bbox 1990 736 2119 792; x_wconf 85' lang='lat' dir='ltr'><strong>ﬁdei</strong></span> 
     </span>
    </p>
   </div>
   <div class='ocr_carea' id='block_1_9' title="bbox 2157 736 3785 823">
    <p class='ocr_par' dir='ltr' id='par_1_9' title="bbox 2220 736 3785 823">
     <span class='ocr_line' id='line_1_9' title="bbox 2220 736 3785 823; baseline 0.013 -36"><span class='ocrx_word' id='word_1_67' title='bbox 2220 736 2443 807; x_wconf 76' lang='grc' dir='ltr'>ἑτέρως,</span> <span class='ocrx_word' id='word_1_68' title='bbox 2472 738 2613 792; x_wconf 82' lang='grc' dir='ltr'>κατὰ</span> <span class='ocrx_word' id='word_1_69' title='bbox 2651 742 2713 793; x_wconf 80' lang='grc' dir='ltr'><strong>τὸ</strong></span> <span class='ocrx_word' id='word_1_70' title='bbox 2744 740 2942 813; x_wconf 82' lang='grc' dir='ltr'>μέτρον</span> <span class='ocrx_word' id='word_1_71' title='bbox 2968 746 3067 812; x_wconf 78' lang='grc' dir='ltr'>τῆς</span> <span class='ocrx_word' id='word_1_72' title='bbox 3090 746 3148 799; x_wconf 82' lang='grc' dir='ltr'>ὲν</span> <span class='ocrx_word' id='word_1_73' title='bbox 3174 746 3393 818; x_wconf 79' lang='grc' dir='ltr'>ἑκάστῳ</span> <span class='ocrx_word' id='word_1_74' title='bbox 3425 748 3662 815; x_wconf 82' lang='grc' dir='ltr'>πίστεως</span> <span class='ocrx_word' id='word_1_75' title='bbox 3688 753 3785 823; x_wconf 71' lang='grc' dir='ltr'><strong>δῃ-</strong></span> 
     </span>
    </p>
   </div>
   <div class='ocr_carea' id='block_1_10' title="bbox 539 824 2167 905">
    <p class='ocr_par' dir='ltr' id='par_1_10' title="bbox 539 834 1611 900">
     <span class='ocr_line' id='line_1_10' title="bbox 539 834 1611 900; baseline -0.005 -9"><span class='ocrx_word' id='word_1_76' title='bbox 539 835 766 891; x_wconf 73' lang='lat' dir='ltr'><strong>modulo</strong></span> <span class='ocrx_word' id='word_1_77' title='bbox 804 834 1075 890; x_wconf 79' lang='lat' dir='ltr'><strong>visionem</strong></span> <span class='ocrx_word' id='word_1_78' title='bbox 1105 834 1346 889; x_wconf 77' lang='lat' dir='ltr'><strong>varians.</strong></span> <span class='ocrx_word' id='word_1_79' title='bbox 1596 888 1611 900; x_wconf 89' lang='lat'>_</span> 
     </span>
    </p>
   </div>
   <div class='ocr_carea' id='block_1_11' title="bbox 1490 824 3118 905">
    <p class='ocr_par' dir='ltr' id='par_1_11' title="bbox 1596 824 3118 905">
     <span class='ocr_line' id='line_1_11' title="bbox 1596 824 3118 905; baseline 0.011 -33"><span class='ocrx_word' id='word_1_80' title='bbox 1596 888 1611 900; x_wconf 48' lang='lat'><em>.</em></span> <span class='ocrx_word' id='word_1_81' title='bbox 2221 824 2391 881; x_wconf 77' lang='grc' dir='ltr'>λονότι</span> <span class='ocrx_word' id='word_1_82' title='bbox 2422 830 2711 884; x_wconf 80' lang='grc' dir='ltr'><strong>ποικίλλων</strong></span> <span class='ocrx_word' id='word_1_83' title='bbox 2735 831 2834 902; x_wconf 85' lang='grc' dir='ltr'>τὴν</span> <span class='ocrx_word' id='word_1_84' title='bbox 2866 824 3118 905; x_wconf 83' lang='grc' dir='ltr'>θεωρίαν.</span> 
     </span>
    </p>
   </div>
   <div class='ocr_carea' id='block_1_12' title="bbox 610 916 2238 1001">
    <p class='ocr_par' dir='ltr' id='par_1_12' title="bbox 610 923 2116 995">
     <span class='ocr_line' id='line_1_12' title="bbox 610 923 2116 995; baseline -0.002 -13"><span class='ocrx_word' id='word_1_85' title='bbox 610 928 698 982; x_wconf 72' lang='grc'><strong>14.</strong></span> <span class='ocrx_word' id='word_1_86' title='bbox 733 927 838 984; x_wconf 87' lang='lat' dir='ltr'><strong>Ubi</strong></span> <span class='ocrx_word' id='word_1_87' title='bbox 868 928 924 981; x_wconf 92' lang='lat' dir='ltr'><strong>in</strong></span> <span class='ocrx_word' id='word_1_88' title='bbox 954 926 1114 982; x_wconf 90' lang='lat' dir='ltr'><strong>nobis</strong></span> <span class='ocrx_word' id='word_1_89' title='bbox 1148 925 1243 980; x_wconf 89' lang='lat' dir='ltr'><strong>Dei</strong></span> <span class='ocrx_word' id='word_1_90' title='bbox 1271 940 1453 980; x_wconf 86' lang='lat' dir='ltr'><strong>sermo</strong></span> <span class='ocrx_word' id='word_1_91' title='bbox 1487 923 1808 995; x_wconf 91' lang='lat' dir='ltr'><strong>splendidus</strong></span> <span class='ocrx_word' id='word_1_92' title='bbox 1827 925 2116 994; x_wconf 89' lang='lat' dir='ltr'><strong>clarusque</strong></span> 
     </span>
    </p>
   </div>
   <div class='ocr_carea' id='block_1_13' title="bbox 2153 916 3781 1001">
    <p class='ocr_par' dir='ltr' id='par_1_13' title="bbox 2291 916 3781 1001">
     <span class='ocr_line' id='line_1_13' title="bbox 2291 916 3781 1001; baseline 0.011 -32"><span class='ocrx_word' id='word_1_93' title='bbox 2291 916 2375 972; x_wconf 86' lang='grc' dir='ltr'><strong>ιδ’.</strong></span> <span class='ocrx_word' id='word_1_94' title='bbox 2419 918 2585 973; x_wconf 83' lang='grc' dir='ltr'>Ὅταν</span> <span class='ocrx_word' id='word_1_95' title='bbox 2620 921 2926 993; x_wconf 85' lang='grc' dir='ltr'>περιφανὴς</span> <span class='ocrx_word' id='word_1_96' title='bbox 2965 926 3061 978; x_wconf 74' lang='grc' dir='ltr'><strong>καὶ</strong></span> <span class='ocrx_word' id='word_1_97' title='bbox 3093 924 3348 999; x_wconf 81' lang='grc' dir='ltr'>λαμπρὸς</span> <span class='ocrx_word' id='word_1_98' title='bbox 3385 931 3443 981; x_wconf 76' lang='grc' dir='ltr'>ἐν</span> <span class='ocrx_word' id='word_1_99' title='bbox 3479 931 3611 1001; x_wconf 79' lang='grc' dir='ltr'>ἡμῖν</span> <span class='ocrx_word' id='word_1_100' title='bbox 3636 933 3663 985; x_wconf 91' lang='lat'><strong>6</strong></span> <span class='ocrx_word' id='word_1_101' title='bbox 3688 932 3781 986; x_wconf 84' lang='grc' dir='ltr'><strong>τοῦ</strong></span> 
     </span>
    </p>
   </div>
   <div class='ocr_carea' id='block_1_14' title="bbox 538 1006 2166 1095">
    <p class='ocr_par' dir='ltr' id='par_1_14' title="bbox 538 1015 2116 1090">
     <span class='ocr_line' id='line_1_14' title="bbox 538 1015 2116 1090; baseline -0.003 -15"><span class='ocrx_word' id='word_1_102' title='bbox 538 1020 830 1083; x_wconf 74' lang='lat' dir='ltr'><strong>exstiterit,</strong></span> <span class='ocrx_word' id='word_1_103' title='bbox 860 1019 1089 1090; x_wconf 84' lang='lat' dir='ltr'><strong>ejusque</strong></span> <span class='ocrx_word' id='word_1_104' title='bbox 1113 1015 1280 1072; x_wconf 80' lang='lat' dir='ltr'><strong>facies</strong></span> <span class='ocrx_word' id='word_1_105' title='bbox 1310 1017 1442 1072; x_wconf 89' lang='lat' dir='ltr'><strong>solis</strong></span> <span class='ocrx_word' id='word_1_106' title='bbox 1476 1016 1650 1071; x_wconf 90' lang='lat' dir='ltr'><strong>instar</strong></span> <span class='ocrx_word' id='word_1_107' title='bbox 1677 1015 1966 1078; x_wconf 81' lang='lat' dir='ltr'><strong>eﬂ‘ulserit,</strong></span> <span class='ocrx_word' id='word_1_108' title='bbox 1985 1026 2116 1070; x_wconf 90' lang='lat' dir='ltr'><strong>tunc</strong></span> 
     </span>
    </p>
   </div>
   <div class='ocr_carea' id='block_1_15' title="bbox 2152 1006 3780 1095">
    <p class='ocr_par' dir='ltr' id='par_1_15' title="bbox 2214 1006 3780 1095">
     <span class='ocr_line' id='line_1_15' title="bbox 2214 1006 3780 1095; baseline 0.011 -36"><span class='ocrx_word' id='word_1_109' title='bbox 2214 1006 2352 1061; x_wconf 82' lang='grc' dir='ltr'>Θεοῦ</span> <span class='ocrx_word' id='word_1_110' title='bbox 2377 1009 2604 1080; x_wconf 86' lang='grc' dir='ltr'>γένηται</span> <span class='ocrx_word' id='word_1_111' title='bbox 2636 1011 2812 1081; x_wconf 80' lang='grc' dir='ltr'><strong>λόγος,</strong></span> <span class='ocrx_word' id='word_1_112' title='bbox 2862 1015 2956 1068; x_wconf 78' lang='grc' dir='ltr'>καὶ</span> <span class='ocrx_word' id='word_1_113' title='bbox 2978 1017 3039 1069; x_wconf 70' lang='grc' dir='ltr'>τὸ</span> <span class='ocrx_word' id='word_1_114' title='bbox 3061 1017 3353 1088; x_wconf 77' lang='grc' dir='ltr'>πρόσωπον</span> <span class='ocrx_word' id='word_1_115' title='bbox 3388 1020 3554 1073; x_wconf 77' lang='grc' dir='ltr'>αὐτοῦ</span> <span class='ocrx_word' id='word_1_116' title='bbox 3582 1021 3780 1095; x_wconf 75' lang='grc' dir='ltr'>λάμψοι</span> 
     </span>
    </p>
   </div>
   <div class='ocr_carea' id='block_1_16' title="bbox 538 1099 2166 1184">
    <p class='ocr_par' dir='ltr' id='par_1_16' title="bbox 538 1105 2115 1184">
     <span class='ocr_line' id='line_1_16' title="bbox 538 1105 2115 1184; baseline -0.003 -19"><span class='ocrx_word' id='word_1_117' title='bbox 538 1125 761 1184; x_wconf 88' lang='lat' dir='ltr'><strong>quoque</strong></span> <span class='ocrx_word' id='word_1_118' title='bbox 794 1111 913 1180; x_wconf 88' lang='lat' dir='ltr'><strong>ejus</strong></span> <span class='ocrx_word' id='word_1_119' title='bbox 937 1108 1264 1163; x_wconf 82' lang='lat' dir='ltr'><strong>vestimenta</strong></span> <span class='ocrx_word' id='word_1_120' title='bbox 1306 1115 1573 1176; x_wconf 83' lang='lat' dir='ltr'><strong>apparent</strong></span> <span class='ocrx_word' id='word_1_121' title='bbox 1620 1105 1853 1160; x_wconf 87' lang='lat' dir='ltr'><strong>candida</strong></span> <span class='ocrx_word' id='word_1_122' title='bbox 1890 1123 1902 1158; x_wconf 94' lang='lat'>:</span> <span class='ocrx_word' id='word_1_123' title='bbox 1948 1120 2115 1160; x_wconf 81' lang='lat' dir='ltr'><strong>sacrae</strong></span> 
     </span>
    </p>
   </div>
   <div class='ocr_carea' id='block_1_17' title="bbox 2153 1099 3781 1184">
    <p class='ocr_par' dir='ltr' id='par_1_17' title="bbox 2214 1099 3781 1184">
     <span class='ocr_line' id='line_1_17' title="bbox 2214 1099 3781 1184; baseline 0.011 -32"><span class='ocrx_word' id='word_1_124' title='bbox 2214 1099 2470 1172; x_wconf 79' lang='grc' dir='ltr'>καθάπερ</span> <span class='ocrx_word' id='word_1_125' title='bbox 2503 1103 2674 1172; x_wconf 72' lang='grc' dir='ltr'>ἣλιος,</span> <span class='ocrx_word' id='word_1_126' title='bbox 2712 1106 2834 1158; x_wconf 74' lang='grc' dir='ltr'>τότε</span> <span class='ocrx_word' id='word_1_127' title='bbox 2871 1107 2964 1160; x_wconf 75' lang='grc' dir='ltr'>καὶ</span> <span class='ocrx_word' id='word_1_128' title='bbox 2992 1108 3059 1162; x_wconf 81' lang='grc' dir='ltr'><strong>τά</strong></span> <span class='ocrx_word' id='word_1_129' title='bbox 3096 1109 3288 1180; x_wconf 78' lang='grc' dir='ltr'>ἱμάτια</span> <span class='ocrx_word' id='word_1_130' title='bbox 3332 1113 3499 1167; x_wconf 74' lang='grc' dir='ltr'>αὑτοῦ</span> <span class='ocrx_word' id='word_1_131' title='bbox 3531 1118 3781 1184; x_wconf 78' lang='grc' dir='ltr'>φαίνεται</span> 
     </span>
    </p>
   </div>
   <div class='ocr_carea' id='block_1_18' title="bbox 538 1189 2166 1276">
    <p class='ocr_par' dir='ltr' id='par_1_18' title="bbox 538 1196 2114 1271">
     <span class='ocr_line' id='line_1_18' title="bbox 538 1196 2114 1271; baseline -0.004 -14"><span class='ocrx_word' id='word_1_132' title='bbox 538 1202 803 1257; x_wconf 88' lang='lat' dir='ltr'><strong>nimirum</strong></span> <span class='ocrx_word' id='word_1_133' title='bbox 832 1201 1258 1271; x_wconf 82' lang='lat' dir='ltr'><strong>Evangeliorum</strong></span> <span class='ocrx_word' id='word_1_134' title='bbox 1289 1198 1590 1268; x_wconf 75' lang='lat' dir='ltr'><strong>Scripturae</strong></span> <span class='ocrx_word' id='word_1_135' title='bbox 1634 1196 1816 1250; x_wconf 83' lang='lat' dir='ltr'><strong>lucida</strong></span> <span class='ocrx_word' id='word_1_136' title='bbox 1856 1196 2024 1250; x_wconf 77' lang='lat' dir='ltr'><strong>verba</strong></span> <span class='ocrx_word' id='word_1_137' title='bbox 2058 1205 2114 1251; x_wconf 86' lang='lat' dir='ltr'><strong>et</strong></span> 
     </span>
    </p>
   </div>
   <div class='ocr_carea' id='block_1_19' title="bbox 2152 1189 3780 1276">
    <p class='ocr_par' dir='ltr' id='par_1_19' title="bbox 2214 1189 3780 1276">
     <span class='ocr_line' id='line_1_19' title="bbox 2214 1189 3780 1276; baseline 0.012 -34"><span class='ocrx_word' id='word_1_138' title='bbox 2214 1189 2411 1245; x_wconf 68' lang='grc' dir='ltr'><strong>λευκά*</strong></span> <span class='ocrx_word' id='word_1_139' title='bbox 2443 1194 2714 1259; x_wconf 72' lang='grc' dir='ltr'>τουτέστι,</span> <span class='ocrx_word' id='word_1_140' title='bbox 2749 1197 2816 1249; x_wconf 75' lang='grc' dir='ltr'>τὰ</span> <span class='ocrx_word' id='word_1_141' title='bbox 2850 1199 3073 1269; x_wconf 79' lang='grc' dir='ltr'>ῥήματα</span> <span class='ocrx_word' id='word_1_142' title='bbox 3102 1201 3201 1271; x_wconf 82' lang='grc' dir='ltr'>τῆς</span> <span class='ocrx_word' id='word_1_143' title='bbox 3258 1203 3417 1271; x_wconf 83' lang='grc' dir='ltr'>ἁγίας</span> <span class='ocrx_word' id='word_1_144' title='bbox 3467 1205 3575 1258; x_wconf 87' lang='grc' dir='ltr'><strong>τῶν</strong></span> <span class='ocrx_word' id='word_1_145' title='bbox 3610 1208 3780 1276; x_wconf 67' lang='grc' dir='ltr'>Εὐαγο</span> 
     </span>
    </p>
   </div>
   <div class='ocr_carea' id='block_1_20' title="bbox 538 1282 2166 1368">
    <p class='ocr_par' dir='ltr' id='par_1_20' title="bbox 538 1282 2115 1362">
     <span class='ocr_line' id='line_1_20' title="bbox 538 1282 2115 1362; baseline -0.006 -17"><span class='ocrx_word' id='word_1_146' title='bbox 538 1289 851 1362; x_wconf 86' lang='lat' dir='ltr'><strong>perspicua,</strong></span> <span class='ocrx_word' id='word_1_147' title='bbox 885 1288 1135 1358; x_wconf 83' lang='lat' dir='ltr'><strong>nihilque</strong></span> <span class='ocrx_word' id='word_1_148' title='bbox 1164 1288 1441 1342; x_wconf 90' lang='lat' dir='ltr'><strong>occultum</strong></span> <span class='ocrx_word' id='word_1_149' title='bbox 1470 1284 1883 1352; x_wconf 88' lang='lat' dir='ltr'><strong>abstrusiusque</strong></span> <span class='ocrx_word' id='word_1_150' title='bbox 1904 1282 2115 1336; x_wconf 78' lang='lat' dir='ltr'><strong>haben-</strong></span> 
     </span>
    </p>
   </div>
   <div class='ocr_carea' id='block_1_21' title="bbox 2151 1282 3779 1368">
    <p class='ocr_par' dir='ltr' id='par_1_21' title="bbox 2213 1285 3779 1368">
     <span class='ocr_line' id='line_1_21' title="bbox 2213 1285 3779 1368; baseline 0.011 -32"><span class='ocrx_word' id='word_1_151' title='bbox 2213 1285 2413 1353; x_wconf 81' lang='grc' dir='ltr'>γελίων</span> <span class='ocrx_word' id='word_1_152' title='bbox 2445 1285 2666 1359; x_wconf 82' lang='grc' dir='ltr'>Γραφῆς</span> <span class='ocrx_word' id='word_1_153' title='bbox 2695 1328 2709 1351; x_wconf 91' lang='grc'><strong>,</strong></span> <span class='ocrx_word' id='word_1_154' title='bbox 2748 1290 2916 1359; x_wconf 79' lang='grc' dir='ltr'>τρανὰ</span> <span class='ocrx_word' id='word_1_155' title='bbox 2944 1291 3039 1344; x_wconf 75' lang='grc' dir='ltr'><strong>καὶ</strong></span> <span class='ocrx_word' id='word_1_156' title='bbox 3077 1290 3242 1362; x_wconf 80' lang='grc' dir='ltr'>σαφῆ,</span> <span class='ocrx_word' id='word_1_157' title='bbox 3270 1294 3362 1346; x_wconf 75' lang='grc' dir='ltr'><strong>καὶ</strong></span> <span class='ocrx_word' id='word_1_158' title='bbox 3395 1295 3561 1365; x_wconf 80' lang='grc' dir='ltr'>μηδὲν</span> <span class='ocrx_word' id='word_1_159' title='bbox 3590 1296 3779 1368; x_wconf 81' lang='grc' dir='ltr'>ἔχοντα</span> 
     </span>
    </p>
   </div>
   <div class='ocr_carea' id='block_1_22' title="bbox 538 1374 2166 1456">
    <p class='ocr_par' dir='ltr' id='par_1_22' title="bbox 538 1374 2112 1451">
     <span class='ocr_line' id='line_1_22' title="bbox 538 1374 2112 1451; baseline -0.006 -14"><span class='ocrx_word' id='word_1_160' title='bbox 538 1384 635 1437; x_wconf 88' lang='lat' dir='ltr'><strong>tia.</strong></span> <span class='ocrx_word' id='word_1_161' title='bbox 671 1382 779 1437; x_wconf 90' lang='lat' dir='ltr'><strong>Sed</strong></span> <span class='ocrx_word' id='word_1_162' title='bbox 820 1390 877 1435; x_wconf 88' lang='lat' dir='ltr'><strong>et</strong></span> <span class='ocrx_word' id='word_1_163' title='bbox 913 1380 1124 1451; x_wconf 78' lang='lat' dir='ltr'><strong>Moyses</strong></span> <span class='ocrx_word' id='word_1_164' title='bbox 1166 1379 1421 1447; x_wconf 83' lang='lat' dir='ltr'><strong>Eliasque</strong></span> <span class='ocrx_word' id='word_1_165' title='bbox 1459 1392 1568 1431; x_wconf 88' lang='lat' dir='ltr'><strong>una</strong></span> <span class='ocrx_word' id='word_1_166' title='bbox 1593 1375 1894 1430; x_wconf 81' lang='lat' dir='ltr'><strong>adveniunt</strong></span> <span class='ocrx_word' id='word_1_167' title='bbox 1918 1414 1933 1435; x_wconf 87' lang='lat'><strong>,</strong></span> <span class='ocrx_word' id='word_1_168' title='bbox 1974 1374 2112 1444; x_wconf 80' lang='lat' dir='ltr'><strong>legis</strong></span> 
     </span>
    </p>
   </div>
   <div class='ocr_carea' id='block_1_23' title="bbox 2149 1374 3777 1456">
    <p class='ocr_par' dir='ltr' id='par_1_23' title="bbox 2211 1377 3777 1456">
     <span class='ocr_line' id='line_1_23' title="bbox 2211 1377 3777 1456; baseline 0.01 -28"><span class='ocrx_word' id='word_1_169' title='bbox 2211 1377 2646 1449; x_wconf 81' lang='grc' dir='ltr'>κεκαλυμμένον.</span> <span class='ocrx_word' id='word_1_170' title='bbox 2665 1380 2824 1433; x_wconf 78' lang='grc' dir='ltr'><strong>Ἀλλά</strong></span> <span class='ocrx_word' id='word_1_171' title='bbox 2848 1382 2940 1434; x_wconf 73' lang='grc' dir='ltr'><strong>καὶ</strong></span> <span class='ocrx_word' id='word_1_172' title='bbox 2956 1383 3196 1452; x_wconf 85' lang='grc' dir='ltr'>Μωῦσῆς</span> <span class='ocrx_word' id='word_1_173' title='bbox 3216 1385 3310 1437; x_wconf 76' lang='grc' dir='ltr'>καὶ</span> <span class='ocrx_word' id='word_1_174' title='bbox 3325 1384 3339 1404; x_wconf 85' lang='grc'><strong>⁹</strong></span> <span class='ocrx_word' id='word_1_175' title='bbox 3354 1385 3523 1450; x_wconf 62' lang='lat' dir='ltr'><strong>lilia;</strong></span> <span class='ocrx_word' id='word_1_176' title='bbox 3551 1390 3666 1456; x_wconf 82' lang='grc' dir='ltr'>μετ’</span> <span class='ocrx_word' id='word_1_177' title='bbox 3682 1390 3777 1443; x_wconf 82' lang='grc' dir='ltr'><strong>αὺ-</strong></span> 
     </span>
    </p>
   </div>
   <div class='ocr_carea' id='block_1_24' title="bbox 539 1464 2167 1546">
    <p class='ocr_par' dir='ltr' id='par_1_24' title="bbox 539 1468 2109 1542">
     <span class='ocr_line' id='line_1_24' title="bbox 539 1468 2109 1542; baseline -0.006 -14"><span class='ocrx_word' id='word_1_178' title='bbox 539 1474 756 1529; x_wconf 89' lang='lat' dir='ltr'><strong>scilicet</strong></span> <span class='ocrx_word' id='word_1_179' title='bbox 776 1481 833 1527; x_wconf 90' lang='lat' dir='ltr'><strong>et</strong></span> <span class='ocrx_word' id='word_1_180' title='bbox 870 1471 1269 1542; x_wconf 86' lang='lat' dir='ltr'><strong>prephetarum</strong></span> <span class='ocrx_word' id='word_1_181' title='bbox 1296 1468 1658 1539; x_wconf 89' lang='lat' dir='ltr'><strong>spiritaliores</strong></span> <span class='ocrx_word' id='word_1_182' title='bbox 1698 1480 1982 1522; x_wconf 70' lang='lat' dir='ltr'><strong>sermones</strong></span> <span class='ocrx_word' id='word_1_183' title='bbox 2012 1480 2109 1520; x_wconf 87' lang='lat' dir='ltr'><strong>seu</strong></span> 
     </span>
    </p>
   </div>
   <div class='ocr_carea' id='block_1_25' title="bbox 2150 1464 3778 1546">
    <p class='ocr_par' dir='ltr' id='par_1_25' title="bbox 2207 1464 3778 1546">
     <span class='ocr_line' id='line_1_25' title="bbox 2207 1464 3778 1546; baseline 0.012 -31"><span class='ocrx_word' id='word_1_184' title='bbox 2207 1464 2303 1516; x_wconf 84' lang='grc' dir='ltr'><strong>τοῦ</strong></span> <span class='ocrx_word' id='word_1_185' title='bbox 2334 1466 2726 1535; x_wconf 78' lang='grc' dir='ltr'>παραγίνονται</span> <span class='ocrx_word' id='word_1_186' title='bbox 2746 1485 2760 1500; x_wconf 72' lang='grc' dir='ltr'><strong>ο</strong></span> <span class='ocrx_word' id='word_1_187' title='bbox 2793 1469 3087 1536; x_wconf 81' lang='grc' dir='ltr'><strong>τουτέστιν,</strong></span> <span class='ocrx_word' id='word_1_188' title='bbox 3117 1473 3167 1525; x_wconf 81' lang='grc' dir='ltr'>οἱ</span> <span class='ocrx_word' id='word_1_189' title='bbox 3195 1472 3289 1526; x_wconf 83' lang='grc' dir='ltr'><strong>τοῦ</strong></span> <span class='ocrx_word' id='word_1_190' title='bbox 3330 1474 3495 1546; x_wconf 84' lang='grc' dir='ltr'>νόμου</span> <span class='ocrx_word' id='word_1_191' title='bbox 3536 1479 3626 1532; x_wconf 78' lang='grc' dir='ltr'>καὶ</span> <span class='ocrx_word' id='word_1_192' title='bbox 3672 1480 3778 1534; x_wconf 86' lang='grc' dir='ltr'><strong>τῶν</strong></span> 
     </span>
    </p>
   </div>
   <div class='ocr_carea' id='block_1_26' title="bbox 535 1557 2163 1633">
    <p class='ocr_par' dir='ltr' id='par_1_26' title="bbox 535 1567 1301 1621">
     <span class='ocr_line' id='line_1_26' title="bbox 535 1567 1301 1621; baseline -0.003 -2"><span class='ocrx_word' id='word_1_193' title='bbox 535 1567 797 1621; x_wconf 87' lang='lat' dir='ltr'><strong>rationes.</strong></span> <span class='ocrx_word' id='word_1_194' title='bbox 1298 1578 1301 1587; x_wconf 48' lang='grc' dir='ltr'>δ</span> 
     </span>
    </p>
   </div>
   <div class='ocr_carea' id='block_1_27' title="bbox 1603 1557 3231 1633">
    <p class='ocr_par' dir='ltr' id='par_1_27' title="bbox 2208 1557 3231 1633">
     <span class='ocr_line' id='line_1_27' title="bbox 2208 1557 3231 1633; baseline 0.011 -26"><span class='ocrx_word' id='word_1_195' title='bbox 2208 1557 2502 1628; x_wconf 82' lang='grc' dir='ltr'>προφητῶν</span> <span class='ocrx_word' id='word_1_196' title='bbox 2529 1562 2943 1630; x_wconf 84' lang='grc' dir='ltr'>πνευματικώτε</span> <span class='ocrx_word' id='word_1_197' title='bbox 2953 1579 3036 1633; x_wconf 73' lang='lat' dir='ltr'><strong>po:</strong></span> <span class='ocrx_word' id='word_1_198' title='bbox 3065 1563 3231 1633; x_wconf 82' lang='grc' dir='ltr'>λόγοι.</span> 
     </span>
    </p>
   </div>
   <div class='ocr_carea' id='block_1_28' title="bbox 605 1647 2233 1731">
    <p class='ocr_par' dir='ltr' id='par_1_28' title="bbox 605 1649 2105 1725">
     <span class='ocr_line' id='line_1_28' title="bbox 605 1649 2105 1725; baseline -0.007 -11"><span class='ocrx_word' id='word_1_199' title='bbox 605 1659 692 1714; x_wconf 74' lang='grc'><strong>15.</strong></span> <span class='ocrx_word' id='word_1_200' title='bbox 731 1654 1201 1725; x_wconf 84' lang='lat' dir='ltr'><strong>Quemadmodum</strong></span> <span class='ocrx_word' id='word_1_201' title='bbox 1228 1660 1496 1709; x_wconf 89' lang='lat' dir='ltr'><strong>venturus</strong></span> <span class='ocrx_word' id='word_1_202' title='bbox 1524 1660 1608 1706; x_wconf 88' lang='lat' dir='ltr'><strong>est</strong></span> <span class='ocrx_word' id='word_1_203' title='bbox 1646 1650 1817 1706; x_wconf 89' lang='lat' dir='ltr'><strong>Filius</strong></span> <span class='ocrx_word' id='word_1_204' title='bbox 1845 1649 2105 1717; x_wconf 87' lang='lat' dir='ltr'><strong>hominis,</strong></span> 
     </span>
    </p>
   </div>
   <div class='ocr_carea' id='block_1_29' title="bbox 2147 1647 3775 1731">
    <p class='ocr_par' dir='ltr' id='par_1_29' title="bbox 2282 1647 3775 1731">
     <span class='ocr_line' id='line_1_29' title="bbox 2282 1647 3775 1731; baseline 0.012 -34"><span class='ocrx_word' id='word_1_205' title='bbox 2282 1652 2364 1700; x_wconf 86' lang='grc' dir='ltr'>ιε’.</span> <span class='ocrx_word' id='word_1_206' title='bbox 2409 1647 2620 1719; x_wconf 78' lang='grc' dir='ltr'>Ὥσπερ</span> <span class='ocrx_word' id='word_1_207' title='bbox 2656 1649 2875 1721; x_wconf 73' lang='grc' dir='ltr'>ἔρχεται</span> <span class='ocrx_word' id='word_1_208' title='bbox 2901 1652 2929 1705; x_wconf 94' lang='lat'><strong>6</strong></span> <span class='ocrx_word' id='word_1_209' title='bbox 2958 1652 3083 1717; x_wconf 78' lang='grc' dir='ltr'><strong>Υἱὸς</strong></span> <span class='ocrx_word' id='word_1_210' title='bbox 3113 1653 3206 1708; x_wconf 80' lang='grc' dir='ltr'><strong>τοῦ</strong></span> <span class='ocrx_word' id='word_1_211' title='bbox 3234 1655 3545 1728; x_wconf 85' lang='grc' dir='ltr'>ἀνθρώπου,</span> <span class='ocrx_word' id='word_1_212' title='bbox 3579 1661 3653 1723; x_wconf 81' lang='grc' dir='ltr'>ὡς</span> <span class='ocrx_word' id='word_1_213' title='bbox 3684 1662 3775 1731; x_wconf 81' lang='grc' dir='ltr'><strong>γέ-</strong></span> 
     </span>
    </p>
   </div>
   <div class='ocr_carea' id='block_1_30' title="bbox 532 1739 2160 1823">
    <p class='ocr_par' dir='ltr' id='par_1_30' title="bbox 532 1743 2160 1823">
     <span class='ocr_line' id='line_1_30' title="bbox 532 1743 2160 1823; baseline -0.006 -17"><span class='ocrx_word' id='word_1_214' title='bbox 532 1753 677 1806; x_wconf 84' lang='lat' dir='ltr'><strong>sicut</strong></span> <span class='ocrx_word' id='word_1_215' title='bbox 706 1750 973 1820; x_wconf 88' lang='lat' dir='ltr'><strong>scriptum</strong></span> <span class='ocrx_word' id='word_1_216' title='bbox 1001 1756 1086 1802; x_wconf 89' lang='lat' dir='ltr'><strong>est</strong></span> <span class='ocrx_word' id='word_1_217' title='bbox 1106 1747 1173 1813; x_wconf 79' lang='lat'><strong>&quot;,</strong></span> <span class='ocrx_word' id='word_1_218' title='bbox 1201 1762 1325 1800; x_wconf 91' lang='lat' dir='ltr'><strong>cum</strong></span> <span class='ocrx_word' id='word_1_219' title='bbox 1349 1745 1557 1816; x_wconf 80' lang='lat' dir='ltr'><strong>angelis</strong></span> <span class='ocrx_word' id='word_1_220' title='bbox 1592 1743 1708 1799; x_wconf 91' lang='lat' dir='ltr'><strong>suis</strong></span> <span class='ocrx_word' id='word_1_221' title='bbox 1734 1743 1789 1796; x_wconf 91' lang='lat' dir='ltr'><strong>in</strong></span> <span class='ocrx_word' id='word_1_222' title='bbox 1816 1743 1987 1814; x_wconf 85' lang='lat' dir='ltr'><strong>gloria</strong></span> <span class='ocrx_word' id='word_1_223' title='bbox 2006 1744 2109 1798; x_wconf 86' lang='lat' dir='ltr'><strong>Pa-</strong></span> <span class='ocrx_word' id='word_1_224' title='bbox 2139 1808 2160 1823; x_wconf 50' lang='lat'><strong><em>.</em></strong></span> 
     </span>
    </p>
   </div>
   <div class='ocr_carea' id='block_1_31' title="bbox 2145 1739 3773 1823">
    <p class='ocr_par' dir='ltr' id='par_1_31' title="bbox 2145 1739 3773 1823">
     <span class='ocr_line' id='line_1_31' title="bbox 2145 1739 3773 1823; baseline -0.008 -16"><span class='ocrx_word' id='word_1_225' title='bbox 2145 1757 2184 1823; x_wconf 49' lang='grc' dir='ltr'><strong>κ’</strong></span> <span class='ocrx_word' id='word_1_226' title='bbox 2210 1753 2476 1809; x_wconf 80' lang='grc' dir='ltr'>γραπται,</span> <span class='ocrx_word' id='word_1_227' title='bbox 2509 1739 2648 1809; x_wconf 85' lang='grc' dir='ltr'>μετὰ</span> <span class='ocrx_word' id='word_1_228' title='bbox 2688 1741 2797 1795; x_wconf 78' lang='grc' dir='ltr'><strong>τῶν</strong></span> <span class='ocrx_word' id='word_1_229' title='bbox 2829 1744 3075 1812; x_wconf 78' lang='grc' dir='ltr'>ἀγγέλων</span> <span class='ocrx_word' id='word_1_230' title='bbox 3125 1746 3291 1800; x_wconf 83' lang='grc' dir='ltr'>αὐτοῦ</span> <span class='ocrx_word' id='word_1_231' title='bbox 3330 1751 3388 1801; x_wconf 79' lang='grc' dir='ltr'>ἐν</span> <span class='ocrx_word' id='word_1_232' title='bbox 3432 1752 3496 1820; x_wconf 81' lang='grc' dir='ltr'>τῇ</span> <span class='ocrx_word' id='word_1_233' title='bbox 3522 1751 3647 1823; x_wconf 78' lang='grc' dir='ltr'><strong>δόξῃ</strong></span> <span class='ocrx_word' id='word_1_234' title='bbox 3680 1752 3773 1806; x_wconf 70' lang='grc' dir='ltr'><strong>τοῦ</strong></span> 
     </span>
    </p>
   </div>
   <div class='ocr_carea' id='block_1_32' title="bbox 533 1808 2161 1914">
    <p class='ocr_par' dir='ltr' id='par_1_32' title="bbox 533 1808 2161 1908">
     <span class='ocr_line' id='line_1_32' title="bbox 533 1808 2161 1908; baseline -0.005 -11"><span class='ocrx_word' id='word_1_235' title='bbox 533 1842 633 1897; x_wconf 87' lang='lat' dir='ltr'><strong>tris</strong></span> <span class='ocrx_word' id='word_1_236' title='bbox 657 1860 671 1896; x_wconf 88' lang='lat'>:</span> <span class='ocrx_word' id='word_1_237' title='bbox 700 1841 781 1898; x_wconf 89' lang='lat' dir='ltr'><strong>sic</strong></span> <span class='ocrx_word' id='word_1_238' title='bbox 811 1841 908 1895; x_wconf 88' lang='lat' dir='ltr'><strong>Dei</strong></span> <span class='ocrx_word' id='word_1_239' title='bbox 936 1854 1117 1894; x_wconf 88' lang='lat' dir='ltr'><strong>sermo</strong></span> <span class='ocrx_word' id='word_1_240' title='bbox 1162 1838 1393 1908; x_wconf 84' lang='lat' dir='ltr'><strong>singulis</strong></span> <span class='ocrx_word' id='word_1_241' title='bbox 1410 1836 1721 1907; x_wconf 78' lang='lat' dir='ltr'><strong>quibusque</strong></span> <span class='ocrx_word' id='word_1_242' title='bbox 1735 1836 1959 1891; x_wconf 81' lang='lat' dir='ltr'><strong>virtutis</strong></span> <span class='ocrx_word' id='word_1_243' title='bbox 1976 1850 2104 1906; x_wconf 90' lang='lat' dir='ltr'><strong>pro-</strong></span> <span class='ocrx_word' id='word_1_244' title='bbox 2138 1808 2161 1864; x_wconf 66' lang='grc' dir='ltr'>ί</span> 
     </span>
    </p>
   </div>
   <div class='ocr_carea' id='block_1_33' title="bbox 2145 1808 3773 1914">
    <p class='ocr_par' dir='ltr' id='par_1_33' title="bbox 2145 1808 3773 1914">
     <span class='ocr_line' id='line_1_33' title="bbox 2145 1808 3773 1914; baseline 0.01 -33"><span class='ocrx_word' id='word_1_245' title='bbox 2145 1808 2180 1864; x_wconf 77' lang='grc' dir='ltr'>Β</span> <span class='ocrx_word' id='word_1_246' title='bbox 2209 1808 2439 1901; x_wconf 51' lang='grc' dir='ltr'>Πῶρος,</span> <span class='ocrx_word' id='word_1_247' title='bbox 2469 1808 2640 1895; x_wconf 71' lang='grc' dir='ltr'>οὕτως</span> <span class='ocrx_word' id='word_1_248' title='bbox 2659 1833 2780 1888; x_wconf 82' lang='grc' dir='ltr'>καθ’</span> <span class='ocrx_word' id='word_1_249' title='bbox 2806 1808 3041 1908; x_wconf 74' lang='grc' dir='ltr'>ἑκάστην</span> <span class='ocrx_word' id='word_1_250' title='bbox 3067 1840 3351 1910; x_wconf 79' lang='grc' dir='ltr'>προκοπὴν</span> <span class='ocrx_word' id='word_1_251' title='bbox 3382 1808 3773 1914; x_wconf 43' lang='grc' dir='ltr'>ἀρετῆς-μετα-</span> 
     </span>
    </p>
   </div>
   <div class='ocr_carea' id='block_1_34' title="bbox 531 1922 2159 2005">
    <p class='ocr_par' dir='ltr' id='par_1_34' title="bbox 531 1923 2106 1997">
     <span class='ocr_line' id='line_1_34' title="bbox 531 1923 2106 1997; baseline -0.003 -12"><span class='ocrx_word' id='word_1_252' title='bbox 531 1930 787 1995; x_wconf 81' lang='lat' dir='ltr'><strong>fectibus,</strong></span> <span class='ocrx_word' id='word_1_253' title='bbox 827 1928 913 1983; x_wconf 90' lang='lat' dir='ltr'><strong>his</strong></span> <span class='ocrx_word' id='word_1_254' title='bbox 952 1928 1047 1997; x_wconf 91' lang='lat' dir='ltr'><strong>qui</strong></span> <span class='ocrx_word' id='word_1_255' title='bbox 1074 1926 1225 1997; x_wconf 89' lang='lat' dir='ltr'><strong>digni</strong></span> <span class='ocrx_word' id='word_1_256' title='bbox 1267 1925 1378 1981; x_wconf 90' lang='lat' dir='ltr'><strong>sint</strong></span> <span class='ocrx_word' id='word_1_257' title='bbox 1411 1923 1854 1989; x_wconf 80' lang='lat' dir='ltr'><strong>transformatur,</strong></span> <span class='ocrx_word' id='word_1_258' title='bbox 1876 1925 2106 1980; x_wconf 84' lang='lat' dir='ltr'><strong>veniens</strong></span> 
     </span>
    </p>
   </div>
   <div class='ocr_carea' id='block_1_35' title="bbox 2144 1922 3772 2005">
    <p class='ocr_par' dir='ltr' id='par_1_35' title="bbox 2209 1922 3772 2005">
     <span class='ocr_line' id='line_1_35' title="bbox 2209 1922 3772 2005; baseline 0.01 -32"><span class='ocrx_word' id='word_1_259' title='bbox 2209 1922 2514 1994; x_wconf 82' lang='grc' dir='ltr'>μορφοῦται</span> <span class='ocrx_word' id='word_1_260' title='bbox 2554 1926 2669 1986; x_wconf 81' lang='grc' dir='ltr'>τοῖς</span> <span class='ocrx_word' id='word_1_261' title='bbox 2712 1924 2883 1989; x_wconf 83' lang='grc' dir='ltr'>ἀξίοις</span> <span class='ocrx_word' id='word_1_262' title='bbox 2910 1928 2939 1978; x_wconf 93' lang='lat'><strong>6</strong></span> <span class='ocrx_word' id='word_1_263' title='bbox 2967 1926 3064 1980; x_wconf 80' lang='grc' dir='ltr'><strong>τοῦ</strong></span> <span class='ocrx_word' id='word_1_264' title='bbox 3090 1928 3227 1981; x_wconf 81' lang='grc' dir='ltr'>Θεοῦ</span> <span class='ocrx_word' id='word_1_265' title='bbox 3266 1930 3442 1998; x_wconf 83' lang='grc' dir='ltr'>λόγος,</span> <span class='ocrx_word' id='word_1_266' title='bbox 3479 1935 3772 2005; x_wconf 80' lang='grc' dir='ltr'><strong>ἐρχόμενος</strong></span> 
     </span>
    </p>
   </div>
   <div class='ocr_carea' id='block_1_36' title="bbox 529 2012 2157 2097">
    <p class='ocr_par' dir='ltr' id='par_1_36' title="bbox 529 2015 2102 2092">
     <span class='ocr_line' id='line_1_36' title="bbox 529 2015 2102 2092; baseline -0.006 -13"><span class='ocrx_word' id='word_1_267' title='bbox 529 2034 655 2079; x_wconf 88' lang='lat' dir='ltr'><strong>cum</strong></span> <span class='ocrx_word' id='word_1_268' title='bbox 683 2021 891 2092; x_wconf 83' lang='lat' dir='ltr'><strong>angelis</strong></span> <span class='ocrx_word' id='word_1_269' title='bbox 912 2019 1027 2075; x_wconf 90' lang='lat' dir='ltr'><strong>suis</strong></span> <span class='ocrx_word' id='word_1_270' title='bbox 1050 2019 1106 2073; x_wconf 90' lang='lat' dir='ltr'><strong>in</strong></span> <span class='ocrx_word' id='word_1_271' title='bbox 1131 2017 1304 2090; x_wconf 82' lang='lat' dir='ltr'><strong>gloria</strong></span> <span class='ocrx_word' id='word_1_272' title='bbox 1330 2015 1527 2072; x_wconf 88' lang='lat' dir='ltr'><strong>Patris.</strong></span> <span class='ocrx_word' id='word_1_273' title='bbox 1558 2015 1934 2085; x_wconf 88' lang='lat' dir='ltr'><strong>Spiritaliores</strong></span> <span class='ocrx_word' id='word_1_274' title='bbox 1957 2015 2102 2070; x_wconf 89' lang='lat' dir='ltr'><strong>enim</strong></span> 
     </span>
    </p>
   </div>
   <div class='ocr_carea' id='block_1_37' title="bbox 2140 2012 3768 2097">
    <p class='ocr_par' dir='ltr' id='par_1_37' title="bbox 2208 2012 3768 2097">
     <span class='ocr_line' id='line_1_37' title="bbox 2208 2012 3768 2097; baseline 0.01 -32"><span class='ocrx_word' id='word_1_275' title='bbox 2208 2012 2345 2083; x_wconf 71' lang='grc' dir='ltr'>μετὰ</span> <span class='ocrx_word' id='word_1_276' title='bbox 2379 2013 2485 2067; x_wconf 88' lang='grc' dir='ltr'><strong>τῶν</strong></span> <span class='ocrx_word' id='word_1_277' title='bbox 2527 2015 2774 2084; x_wconf 81' lang='grc' dir='ltr'>ἀγγέλων</span> <span class='ocrx_word' id='word_1_278' title='bbox 2818 2016 2983 2070; x_wconf 81' lang='grc' dir='ltr'>αὑτοῦ</span> <span class='ocrx_word' id='word_1_279' title='bbox 3036 2020 3095 2071; x_wconf 84' lang='grc' dir='ltr'>ἐν</span> <span class='ocrx_word' id='word_1_280' title='bbox 3136 2021 3199 2092; x_wconf 76' lang='grc' dir='ltr'>τῇ</span> <span class='ocrx_word' id='word_1_281' title='bbox 3237 2021 3361 2093; x_wconf 80' lang='grc' dir='ltr'><strong>δόξῃ</strong></span> <span class='ocrx_word' id='word_1_282' title='bbox 3408 2023 3501 2076; x_wconf 74' lang='grc' dir='ltr'><strong>τοῦ</strong></span> <span class='ocrx_word' id='word_1_283' title='bbox 3538 2027 3768 2097; x_wconf 81' lang='grc' dir='ltr'><strong>Πατρός.</strong></span> 
     </span>
    </p>
   </div>
   <div class='ocr_carea' id='block_1_38' title="bbox 529 2106 2157 2188">
    <p class='ocr_par' dir='ltr' id='par_1_38' title="bbox 529 2106 2105 2183">
     <span class='ocr_line' id='line_1_38' title="bbox 529 2106 2105 2183; baseline -0.004 -14"><span class='ocrx_word' id='word_1_284' title='bbox 529 2117 586 2169; x_wconf 91' lang='lat' dir='ltr'><strong>in</strong></span> <span class='ocrx_word' id='word_1_285' title='bbox 607 2113 727 2183; x_wconf 84' lang='lat' dir='ltr'><strong>iege</strong></span> <span class='ocrx_word' id='word_1_286' title='bbox 753 2119 809 2167; x_wconf 90' lang='lat' dir='ltr'><strong>et</strong></span> <span class='ocrx_word' id='word_1_287' title='bbox 834 2109 1118 2181; x_wconf 87' lang='lat' dir='ltr'><strong>prophetis</strong></span> <span class='ocrx_word' id='word_1_288' title='bbox 1149 2108 1476 2163; x_wconf 75' lang='lat' dir='ltr'><strong>exsistentes</strong></span> <span class='ocrx_word' id='word_1_289' title='bbox 1505 2121 1787 2162; x_wconf 87' lang='lat' dir='ltr'><strong>sermones</strong></span> <span class='ocrx_word' id='word_1_290' title='bbox 1826 2122 1889 2162; x_wconf 90' lang='lat' dir='ltr'><strong>ac</strong></span> <span class='ocrx_word' id='word_1_291' title='bbox 1933 2106 2105 2162; x_wconf 88' lang='lat' dir='ltr'><strong>ratio-</strong></span> 
     </span>
    </p>
   </div>
   <div class='ocr_carea' id='block_1_39' title="bbox 2142 2106 3770 2188">
    <p class='ocr_par' dir='ltr' id='par_1_39' title="bbox 2205 2108 3770 2188">
     <span class='ocr_line' id='line_1_39' title="bbox 2205 2108 3770 2188; baseline 0.006 -28"><span class='ocrx_word' id='word_1_292' title='bbox 2205 2108 2269 2160; x_wconf 87' lang='grc' dir='ltr'><strong>Οἱ</strong></span> <span class='ocrx_word' id='word_1_293' title='bbox 2303 2110 2412 2179; x_wconf 77' lang='grc' dir='ltr'><strong>γὰρ</strong></span> <span class='ocrx_word' id='word_1_294' title='bbox 2453 2110 2511 2162; x_wconf 84' lang='grc' dir='ltr'>ὲν</span> <span class='ocrx_word' id='word_1_295' title='bbox 2563 2110 2712 2181; x_wconf 79' lang='grc' dir='ltr'>νόμῳ</span> <span class='ocrx_word' id='word_1_296' title='bbox 2759 2112 2853 2166; x_wconf 74' lang='grc' dir='ltr'><strong>καὶ</strong></span> <span class='ocrx_word' id='word_1_297' title='bbox 2902 2114 3209 2185; x_wconf 77' lang='grc' dir='ltr'>προφήταις</span> <span class='ocrx_word' id='word_1_298' title='bbox 3268 2115 3770 2188; x_wconf 75' lang='grc' dir='ltr'>πνευματικώτεροι</span> 
     </span>
    </p>
   </div>
   <div class='ocr_carea' id='block_1_40' title="bbox 529 2194 2157 2278">
    <p class='ocr_par' dir='ltr' id='par_1_40' title="bbox 529 2198 2104 2275">
     <span class='ocr_line' id='line_1_40' title="bbox 529 2198 2104 2275; baseline -0.004 -14"><span class='ocrx_word' id='word_1_299' title='bbox 529 2220 649 2270; x_wconf 88' lang='lat' dir='ltr'><strong>nes,</strong></span> <span class='ocrx_word' id='word_1_300' title='bbox 692 2217 930 2275; x_wconf 88' lang='lat' dir='ltr'><strong>quorum</strong></span> <span class='ocrx_word' id='word_1_301' title='bbox 968 2201 1179 2273; x_wconf 84' lang='lat' dir='ltr'><strong>Moyses</strong></span> <span class='ocrx_word' id='word_1_302' title='bbox 1215 2208 1273 2257; x_wconf 90' lang='lat' dir='ltr'><strong>et</strong></span> <span class='ocrx_word' id='word_1_303' title='bbox 1304 2200 1452 2255; x_wconf 90' lang='lat' dir='ltr'><strong>Elias</strong></span> <span class='ocrx_word' id='word_1_304' title='bbox 1480 2199 1596 2254; x_wconf 90' lang='lat' dir='ltr'><strong>suis</strong></span> <span class='ocrx_word' id='word_1_305' title='bbox 1645 2198 1752 2269; x_wconf 90' lang='lat' dir='ltr'><strong>ipsi</strong></span> <span class='ocrx_word' id='word_1_306' title='bbox 1797 2198 2104 2254; x_wconf 81' lang='lat' dir='ltr'><strong>rationibus</strong></span> 
     </span>
    </p>
   </div>
   <div class='ocr_carea' id='block_1_41' title="bbox 2143 2194 3771 2278">
    <p class='ocr_par' dir='ltr' id='par_1_41' title="bbox 2203 2194 3771 2278">
     <span class='ocr_line' id='line_1_41' title="bbox 2203 2194 3771 2278; baseline 0.007 -27"><span class='ocrx_word' id='word_1_307' title='bbox 2203 2198 2372 2267; x_wconf 82' lang='grc' dir='ltr'>λόγοι,</span> <span class='ocrx_word' id='word_1_308' title='bbox 2395 2199 2489 2264; x_wconf 77' lang='grc' dir='ltr'><strong>οὓς</strong></span> <span class='ocrx_word' id='word_1_309' title='bbox 2515 2202 2757 2273; x_wconf 83' lang='grc' dir='ltr'>Μωῦσῆς</span> <span class='ocrx_word' id='word_1_310' title='bbox 2791 2204 2886 2257; x_wconf 75' lang='grc' dir='ltr'><strong>καὶ</strong></span> <span class='ocrx_word' id='word_1_311' title='bbox 2923 2204 3106 2269; x_wconf 79' lang='grc' dir='ltr'>Ἠλίας</span> <span class='ocrx_word' id='word_1_312' title='bbox 3139 2205 3207 2259; x_wconf 82' lang='grc' dir='ltr'><strong>δι’</strong></span> <span class='ocrx_word' id='word_1_313' title='bbox 3235 2194 3443 2259; x_wconf 74' lang='grc' dir='ltr'>ἑαυτῶν</span> <span class='ocrx_word' id='word_1_314' title='bbox 3471 2208 3771 2278; x_wconf 79' lang='grc' dir='ltr'>προτυποῦ-</span> 
     </span>
    </p>
   </div>
   <div class='ocr_carea' id='block_1_42' title="bbox 522 2288 2150 2370">
    <p class='ocr_par' dir='ltr' id='par_1_42' title="bbox 522 2291 2101 2370">
     <span class='ocr_line' id='line_1_42' title="bbox 522 2291 2101 2370; baseline -0.004 -19"><span class='ocrx_word' id='word_1_315' title='bbox 522 2298 696 2370; x_wconf 63' lang='grc'><strong>488</strong></span> <span class='ocrx_word' id='word_1_316' title='bbox 734 2296 906 2367; x_wconf 83' lang='lat' dir='ltr'><strong>ﬁgura</strong></span> <span class='ocrx_word' id='word_1_317' title='bbox 946 2293 1298 2357; x_wconf 76' lang='lat' dir='ltr'><strong>exstiterunt,</strong></span> <span class='ocrx_word' id='word_1_318' title='bbox 1329 2306 1453 2346; x_wconf 91' lang='lat' dir='ltr'><strong>cum</strong></span> <span class='ocrx_word' id='word_1_319' title='bbox 1496 2291 1730 2344; x_wconf 89' lang='lat' dir='ltr'><strong>Domino</strong></span> <span class='ocrx_word' id='word_1_320' title='bbox 1750 2299 2101 2360; x_wconf 85' lang='lat' dir='ltr'><strong>apparentes,</strong></span> 
     </span>
    </p>
   </div>
   <div class='ocr_carea' id='block_1_43' title="bbox 2141 2288 3769 2370">
    <p class='ocr_par' dir='ltr' id='par_1_43' title="bbox 2203 2288 3769 2370">
     <span class='ocr_line' id='line_1_43' title="bbox 2203 2288 3769 2370; baseline 0.006 -29"><span class='ocrx_word' id='word_1_321' title='bbox 2203 2292 2278 2352; x_wconf 82' lang='grc' dir='ltr'><strong>σι,</strong></span> <span class='ocrx_word' id='word_1_322' title='bbox 2313 2292 2446 2361; x_wconf 85' lang='grc' dir='ltr'><strong>μετά</strong></span> <span class='ocrx_word' id='word_1_323' title='bbox 2473 2291 2566 2345; x_wconf 83' lang='grc' dir='ltr'><strong>τοῦ</strong></span> <span class='ocrx_word' id='word_1_324' title='bbox 2595 2293 2802 2365; x_wconf 78' lang='grc' dir='ltr'>Κυρίου</span> <span class='ocrx_word' id='word_1_325' title='bbox 2827 2295 3165 2364; x_wconf 69' lang='grc' dir='ltr'>φαινόμενοι,</span> <span class='ocrx_word' id='word_1_326' title='bbox 3194 2295 3335 2349; x_wconf 82' lang='grc' dir='ltr'>κατά</span> <span class='ocrx_word' id='word_1_327' title='bbox 3371 2288 3469 2366; x_wconf 65' lang='grc' dir='ltr'><strong>τὴν</strong></span> <span class='ocrx_word' id='word_1_328' title='bbox 3497 2298 3769 2370; x_wconf 82' lang='grc' dir='ltr'>μεταμόρ-</span> 
     </span>
    </p>
   </div>
   <div class='ocr_carea' id='block_1_44' title="bbox 528 2380 2156 2458">
    <p class='ocr_par' dir='ltr' id='par_1_44' title="bbox 528 2380 2100 2458">
     <span class='ocr_line' id='line_1_44' title="bbox 528 2380 2100 2458; baseline -0.006 -14"><span class='ocrx_word' id='word_1_329' title='bbox 528 2404 640 2458; x_wconf 89' lang='lat' dir='ltr'><strong>quo</strong></span> <span class='ocrx_word' id='word_1_330' title='bbox 673 2397 917 2457; x_wconf 88' lang='lat' dir='ltr'><strong>tempore</strong></span> <span class='ocrx_word' id='word_1_331' title='bbox 958 2384 1222 2439; x_wconf 88' lang='lat' dir='ltr'><strong>Dominus</strong></span> <span class='ocrx_word' id='word_1_332' title='bbox 1251 2380 1672 2436; x_wconf 80' lang='lat' dir='ltr'><strong>transformatus</strong></span> <span class='ocrx_word' id='word_1_333' title='bbox 1697 2391 1801 2444; x_wconf 89' lang='lat' dir='ltr'><strong>est,</strong></span> <span class='ocrx_word' id='word_1_334' title='bbox 1832 2381 1952 2451; x_wconf 82' lang='lat' dir='ltr'><strong>ejus</strong></span> <span class='ocrx_word' id='word_1_335' title='bbox 1988 2380 2100 2435; x_wconf 84' lang='lat' dir='ltr'><strong>cla-</strong></span> 
     </span>
    </p>
   </div>
   <div class='ocr_carea' id='block_1_45' title="bbox 2140 2380 3768 2458">
    <p class='ocr_par' dir='ltr' id='par_1_45' title="bbox 2203 2380 3768 2457">
     <span class='ocr_line' id='line_1_45' title="bbox 2203 2380 3768 2457; baseline 0.006 -26"><span class='ocrx_word' id='word_1_336' title='bbox 2203 2397 2375 2448; x_wconf 82' lang='grc' dir='ltr'>φωσιν</span> <span class='ocrx_word' id='word_1_337' title='bbox 2418 2380 2514 2434; x_wconf 88' lang='grc' dir='ltr'><strong>τοῦ</strong></span> <span class='ocrx_word' id='word_1_338' title='bbox 2547 2383 2773 2452; x_wconf 81' lang='grc' dir='ltr'>Κυρίου,</span> <span class='ocrx_word' id='word_1_339' title='bbox 2812 2384 2909 2455; x_wconf 76' lang='grc' dir='ltr'><strong>τὴν</strong></span> <span class='ocrx_word' id='word_1_340' title='bbox 2947 2384 3237 2453; x_wconf 82' lang='grc' dir='ltr'>ἀναλογίαν</span> <span class='ocrx_word' id='word_1_341' title='bbox 3296 2385 3531 2449; x_wconf 76' lang='grc' dir='ltr'>σώζουσι</span> <span class='ocrx_word' id='word_1_342' title='bbox 3565 2388 3660 2457; x_wconf 83' lang='grc' dir='ltr'>τῆς</span> <span class='ocrx_word' id='word_1_343' title='bbox 3709 2389 3768 2441; x_wconf 81' lang='grc' dir='ltr'>ὲν</span> 
     </span>
    </p>
   </div>
   <div class='ocr_carea' id='block_1_46' title="bbox 528 2460 2156 2551">
    <p class='ocr_par' dir='ltr' id='par_1_46' title="bbox 528 2473 2097 2548">
     <span class='ocr_line' id='line_1_46' title="bbox 528 2473 2097 2548; baseline -0.008 -13"><span class='ocrx_word' id='word_1_344' title='bbox 528 2480 728 2545; x_wconf 86' lang='lat' dir='ltr'><strong>ritatis,</strong></span> <span class='ocrx_word' id='word_1_345' title='bbox 757 2495 878 2548; x_wconf 63' lang='lat' dir='ltr'><strong>qua:</strong></span> <span class='ocrx_word' id='word_1_346' title='bbox 913 2478 967 2531; x_wconf 91' lang='lat' dir='ltr'><strong>in</strong></span> <span class='ocrx_word' id='word_1_347' title='bbox 994 2477 1127 2547; x_wconf 90' lang='lat' dir='ltr'><strong>ipsis</strong></span> <span class='ocrx_word' id='word_1_348' title='bbox 1146 2473 1250 2541; x_wconf 77' lang='lat' dir='ltr'><strong>est,</strong></span> <span class='ocrx_word' id='word_1_349' title='bbox 1273 2473 1495 2528; x_wconf 90' lang='lat' dir='ltr'><strong>modum</strong></span> <span class='ocrx_word' id='word_1_350' title='bbox 1520 2487 1823 2542; x_wconf 81' lang='lat' dir='ltr'><strong>congruum</strong></span> <span class='ocrx_word' id='word_1_351' title='bbox 1848 2481 2097 2535; x_wconf 78' lang='lat' dir='ltr'><strong>servant;</strong></span> 
     </span>
    </p>
   </div>
   <div class='ocr_carea' id='block_1_47' title="bbox 2137 2460 3765 2551">
    <p class='ocr_par' dir='ltr' id='par_1_47' title="bbox 2200 2460 3765 2551">
     <span class='ocr_line' id='line_1_47' title="bbox 2200 2460 3765 2551; baseline 0.007 -24"><span class='ocrx_word' id='word_1_352' title='bbox 2200 2475 2382 2538; x_wconf 73' lang='grc' dir='ltr'>αὐτοῖς</span> <span class='ocrx_word' id='word_1_353' title='bbox 2417 2460 2608 2545; x_wconf 65' lang='grc' dir='ltr'>δόξης,</span> <span class='ocrx_word' id='word_1_354' title='bbox 2640 2476 2739 2547; x_wconf 79' lang='grc' dir='ltr'>τὴν</span> <span class='ocrx_word' id='word_1_355' title='bbox 2766 2478 2905 2542; x_wconf 87' lang='grc' dir='ltr'>τέως</span> <span class='ocrx_word' id='word_1_356' title='bbox 2933 2481 3186 2551; x_wconf 79' lang='grc' dir='ltr'>χωρητὴν</span> <span class='ocrx_word' id='word_1_357' title='bbox 3218 2482 3328 2545; x_wconf 81' lang='grc' dir='ltr'>τοῖς</span> <span class='ocrx_word' id='word_1_358' title='bbox 3353 2480 3525 2548; x_wconf 81' lang='grc' dir='ltr'>ἀξίοις</span> <span class='ocrx_word' id='word_1_359' title='bbox 3557 2483 3765 2538; x_wconf 76' lang='grc' dir='ltr'>ἀποκα-</span> 
     </span>
    </p>
   </div>
   <div class='ocr_carea' id='block_1_48' title="bbox 526 2564 2154 2646">
    <p class='ocr_par' dir='ltr' id='par_1_48' title="bbox 526 2564 2101 2646">
     <span class='ocr_line' id='line_1_48' title="bbox 526 2564 2101 2646; baseline -0.008 -17"><span class='ocrx_word' id='word_1_360' title='bbox 526 2588 691 2646; x_wconf 88' lang='lat' dir='ltr'><strong>quam</strong></span> <span class='ocrx_word' id='word_1_361' title='bbox 726 2573 992 2627; x_wconf 80' lang='lat' dir='ltr'><strong>hactenus</strong></span> <span class='ocrx_word' id='word_1_362' title='bbox 1019 2570 1170 2640; x_wconf 86' lang='lat' dir='ltr'><strong>digni</strong></span> <span class='ocrx_word' id='word_1_363' title='bbox 1206 2568 1417 2638; x_wconf 87' lang='lat' dir='ltr'><strong>possint</strong></span> <span class='ocrx_word' id='word_1_364' title='bbox 1466 2580 1685 2636; x_wconf 84' lang='lat' dir='ltr'><strong>capere,</strong></span> <span class='ocrx_word' id='word_1_365' title='bbox 1730 2564 1989 2619; x_wconf 80' lang='lat' dir='ltr'><strong>virtutem</strong></span> <span class='ocrx_word' id='word_1_366' title='bbox 2037 2578 2101 2617; x_wconf 92' lang='lat' dir='ltr'><strong>ac</strong></span> 
     </span>
    </p>
   </div>
   <div class='ocr_carea' id='block_1_49' title="bbox 1154 2564 2782 2646">
    <p class='ocr_par' dir='ltr' id='par_1_49' title="bbox 1156 2564 2782 2639">
     <span class='ocr_line' id='line_1_49' title="bbox 1156 2564 2782 2639; baseline -0.001 -17"><span class='ocrx_word' id='word_1_367' title='bbox 1156 2568 1417 2638; x_wconf 87' lang='lat' dir='ltr'><strong>ipossint</strong></span> <span class='ocrx_word' id='word_1_368' title='bbox 1466 2580 1685 2636; x_wconf 84' lang='lat' dir='ltr'><strong>capere,</strong></span> <span class='ocrx_word' id='word_1_369' title='bbox 1730 2564 1989 2619; x_wconf 80' lang='lat' dir='ltr'><strong>virtutem</strong></span> <span class='ocrx_word' id='word_1_370' title='bbox 2037 2578 2101 2617; x_wconf 90' lang='lat' dir='ltr'><strong>ac</strong></span> <span class='ocrx_word' id='word_1_371' title='bbox 2200 2566 2490 2632; x_wconf 79' lang='grc' dir='ltr'>λύπτοντες</span> <span class='ocrx_word' id='word_1_372' title='bbox 2519 2568 2782 2639; x_wconf 84' lang='grc' dir='ltr'>δύναμιν.</span> 
     </span>
    </p>
   </div>
   <div class='ocr_carea' id='block_1_50' title="bbox 525 2661 2589 2737">
    <p class='ocr_par' dir='ltr' id='par_1_50' title="bbox 525 2661 2589 2737">
     <span class='ocr_line' id='line_1_50' title="bbox 525 2661 2589 2737; baseline -0.014 -15"><span class='ocrx_word' id='word_1_373' title='bbox 525 2664 828 2737; x_wconf 85' lang='lat' dir='ltr'><strong>potentiam</strong></span> <span class='ocrx_word' id='word_1_374' title='bbox 859 2661 1271 2733; x_wconf 82' lang='lat' dir='ltr'><strong>patefacientes.</strong></span> <span class='ocrx_word' id='word_1_375' title='bbox 2568 2677 2589 2696; x_wconf 82' lang='grc'><strong>..</strong></span> 
     </span>
    </p>
   </div>
   <div class='ocr_carea' id='block_1_51' title="bbox 595 2745 2223 2824">
    <p class='ocr_par' dir='ltr' id='par_1_51' title="bbox 595 2748 2096 2823">
     <span class='ocr_line' id='line_1_51' title="bbox 595 2748 2096 2823; baseline -0.008 -11"><span class='ocrx_word' id='word_1_376' title='bbox 595 2758 684 2812; x_wconf 72' lang='grc'><strong>16.</strong></span> <span class='ocrx_word' id='word_1_377' title='bbox 719 2755 824 2823; x_wconf 87' lang='lat' dir='ltr'><strong>Qui</strong></span> <span class='ocrx_word' id='word_1_378' title='bbox 862 2753 1128 2823; x_wconf 86' lang='lat' dir='ltr'><strong>tantisper</strong></span> <span class='ocrx_word' id='word_1_379' title='bbox 1161 2752 1388 2806; x_wconf 85' lang='lat' dir='ltr'><strong>unitatis</strong></span> <span class='ocrx_word' id='word_1_380' title='bbox 1441 2749 1706 2804; x_wconf 89' lang='lat' dir='ltr'><strong>rationem</strong></span> <span class='ocrx_word' id='word_1_381' title='bbox 1758 2748 1954 2802; x_wconf 88' lang='lat' dir='ltr'><strong>doetus</strong></span> <span class='ocrx_word' id='word_1_382' title='bbox 1992 2754 2096 2811; x_wconf 89' lang='lat' dir='ltr'><strong>est,</strong></span> 
     </span>
    </p>
   </div>
   <div class='ocr_carea' id='block_1_52' title="bbox 2132 2745 3760 2824">
    <p class='ocr_par' dir='ltr' id='par_1_52' title="bbox 2273 2745 3760 2824">
     <span class='ocr_line' id='line_1_52' title="bbox 2273 2745 3760 2824; baseline 0.006 -25"><span class='ocrx_word' id='word_1_383' title='bbox 2273 2754 2368 2811; x_wconf 81' lang='grc' dir='ltr'>ις’.</span> <span class='ocrx_word' id='word_1_384' title='bbox 2420 2745 2609 2801; x_wconf 68' lang='grc' dir='ltr'>Ὀτὸν</span> <span class='ocrx_word' id='word_1_385' title='bbox 2635 2751 2762 2821; x_wconf 75' lang='grc' dir='ltr'>περὶ</span> <span class='ocrx_word' id='word_1_386' title='bbox 2813 2750 3039 2820; x_wconf 73' lang='grc' dir='ltr'>μονάδος</span> <span class='ocrx_word' id='word_1_387' title='bbox 3074 2752 3252 2816; x_wconf 83' lang='grc' dir='ltr'>ποσῶς</span> <span class='ocrx_word' id='word_1_388' title='bbox 3303 2754 3524 2824; x_wconf 66' lang='grc' dir='ltr'>μυηθεὶς</span> <span class='ocrx_word' id='word_1_389' title='bbox 3579 2754 3760 2822; x_wconf 67' lang='grc' dir='ltr'>λόγον,</span> 
     </span>
    </p>
   </div>
   <div class='ocr_carea' id='block_1_53' title="bbox 525 2837 2153 2915">
    <p class='ocr_par' dir='ltr' id='par_1_53' title="bbox 525 2839 2096 2915">
     <span class='ocr_line' id='line_1_53' title="bbox 525 2839 2096 2915; baseline -0.006 -13"><span class='ocrx_word' id='word_1_390' title='bbox 525 2848 748 2903; x_wconf 92' lang='lat' dir='ltr'><strong>omnino</strong></span> <span class='ocrx_word' id='word_1_391' title='bbox 770 2848 936 2903; x_wconf 90' lang='lat' dir='ltr'><strong>etiam</strong></span> <span class='ocrx_word' id='word_1_392' title='bbox 966 2845 1043 2899; x_wconf 89' lang='lat' dir='ltr'><strong>illi</strong></span> <span class='ocrx_word' id='word_1_393' title='bbox 1074 2845 1394 2915; x_wconf 83' lang='lat' dir='ltr'><strong>conjunctas</strong></span> <span class='ocrx_word' id='word_1_394' title='bbox 1424 2841 1787 2911; x_wconf 65' lang='lat' dir='ltr'><strong>providentize</strong></span> <span class='ocrx_word' id='word_1_395' title='bbox 1818 2855 1880 2893; x_wconf 91' lang='lat' dir='ltr'><strong>ac</strong></span> <span class='ocrx_word' id='word_1_396' title='bbox 1901 2839 2096 2910; x_wconf 89' lang='lat' dir='ltr'><strong>judicii</strong></span> 
     </span>
    </p>
   </div>
   <div class='ocr_carea' id='block_1_54' title="bbox 2136 2837 3764 2915">
    <p class='ocr_par' dir='ltr' id='par_1_54' title="bbox 2197 2837 3764 2914">
     <span class='ocr_line' id='line_1_54' title="bbox 2197 2837 3764 2914; baseline 0.008 -26"><span class='ocrx_word' id='word_1_397' title='bbox 2197 2837 2413 2901; x_wconf 77' lang='grc' dir='ltr'>πάντως</span> <span class='ocrx_word' id='word_1_398' title='bbox 2444 2840 2537 2892; x_wconf 68' lang='grc' dir='ltr'><strong>καὶ</strong></span> <span class='ocrx_word' id='word_1_399' title='bbox 2564 2840 2690 2903; x_wconf 76' lang='grc' dir='ltr'>τοῦς</span> <span class='ocrx_word' id='word_1_400' title='bbox 2729 2843 2854 2912; x_wconf 76' lang='grc' dir='ltr'>περὶ</span> <span class='ocrx_word' id='word_1_401' title='bbox 2890 2842 3142 2912; x_wconf 78' lang='grc' dir='ltr'>προνοίας</span> <span class='ocrx_word' id='word_1_402' title='bbox 3171 2845 3263 2897; x_wconf 70' lang='grc' dir='ltr'>καὶ</span> <span class='ocrx_word' id='word_1_403' title='bbox 3293 2846 3521 2914; x_wconf 75' lang='grc' dir='ltr'>κρίσεως</span> <span class='ocrx_word' id='word_1_404' title='bbox 3552 2846 3764 2914; x_wconf 73' lang='grc' dir='ltr'>ἐπέγνω</span> 
     </span>
    </p>
   </div>
   <div class='ocr_carea' id='block_1_55' title="bbox 523 2929 2151 3010">
    <p class='ocr_par' dir='ltr' id='par_1_55' title="bbox 523 2930 2099 3010">
     <span class='ocr_line' id='line_1_55' title="bbox 523 2930 2099 3010; baseline -0.008 -15"><span class='ocrx_word' id='word_1_405' title='bbox 523 2940 828 3010; x_wconf 84' lang='lat' dir='ltr'><strong>exploratas</strong></span> <span class='ocrx_word' id='word_1_406' title='bbox 870 2939 1036 2993; x_wconf 84' lang='lat' dir='ltr'><strong>habet</strong></span> <span class='ocrx_word' id='word_1_407' title='bbox 1080 2937 1342 2990; x_wconf 79' lang='lat' dir='ltr'><strong>rationes.</strong></span> <span class='ocrx_word' id='word_1_408' title='bbox 1376 2934 1556 3001; x_wconf 89' lang='lat' dir='ltr'><strong>Quare</strong></span> <span class='ocrx_word' id='word_1_409' title='bbox 1583 2932 1771 2995; x_wconf 89' lang='lat' dir='ltr'><strong>etiam,</strong></span> <span class='ocrx_word' id='word_1_410' title='bbox 1796 2932 1950 2985; x_wconf 79' lang='lat' dir='ltr'><strong>velut</strong></span> <span class='ocrx_word' id='word_1_411' title='bbox 1997 2930 2099 2984; x_wconf 86' lang='lat' dir='ltr'><strong>Pc-</strong></span> 
     </span>
    </p>
   </div>
   <div class='ocr_carea' id='block_1_56' title="bbox 2137 2929 3765 3010">
    <p class='ocr_par' dir='ltr' id='par_1_56' title="bbox 2197 2929 3765 3008">
     <span class='ocr_line' id='line_1_56' title="bbox 2197 2929 3765 3008; baseline 0.008 -28"><span class='ocrx_word' id='word_1_412' title='bbox 2197 2929 2411 2997; x_wconf 76' lang='grc' dir='ltr'>λόγους,</span> <span class='ocrx_word' id='word_1_413' title='bbox 2449 2932 2705 2993; x_wconf 83' lang='grc' dir='ltr'>συνόντας</span> <span class='ocrx_word' id='word_1_414' title='bbox 2729 2932 2898 3002; x_wconf 70' lang='grc' dir='ltr'>αὐτῷ.</span> <span class='ocrx_word' id='word_1_415' title='bbox 2924 2934 3016 2985; x_wconf 84' lang='grc' dir='ltr'>Διὸ</span> <span class='ocrx_word' id='word_1_416' title='bbox 3045 2936 3138 2987; x_wconf 81' lang='grc' dir='ltr'><strong>καὶ</strong></span> <span class='ocrx_word' id='word_1_417' title='bbox 3162 2939 3306 3006; x_wconf 73' lang='grc' dir='ltr'>τρεῖς</span> <span class='ocrx_word' id='word_1_418' title='bbox 3339 2937 3589 3005; x_wconf 76' lang='grc' dir='ltr'>γενέσθαι</span> <span class='ocrx_word' id='word_1_419' title='bbox 3630 2956 3765 3008; x_wconf 70' lang='grc' dir='ltr'>σκη-</span> 
     </span>
    </p>
   </div>
   <div class='ocr_carea' id='block_1_57' title="bbox 521 3018 2149 3099">
    <p class='ocr_par' dir='ltr' id='par_1_57' title="bbox 521 3018 2097 3099">
     <span class='ocr_line' id='line_1_57' title="bbox 521 3018 2097 3099; baseline -0.008 -16"><span class='ocrx_word' id='word_1_420' title='bbox 521 3041 663 3093; x_wconf 87' lang='lat' dir='ltr'><strong>trus,</strong></span> <span class='ocrx_word' id='word_1_421' title='bbox 695 3043 912 3099; x_wconf 79' lang='lat' dir='ltr'><strong>aequum</strong></span> <span class='ocrx_word' id='word_1_422' title='bbox 937 3025 1207 3086; x_wconf 87' lang='lat' dir='ltr'><strong>decernit,</strong></span> <span class='ocrx_word' id='word_1_423' title='bbox 1244 3032 1303 3076; x_wconf 89' lang='lat' dir='ltr'><strong>ut</strong></span> <span class='ocrx_word' id='word_1_424' title='bbox 1339 3024 1443 3077; x_wconf 90' lang='lat' dir='ltr'><strong>tria</strong></span> <span class='ocrx_word' id='word_1_425' title='bbox 1475 3020 1617 3090; x_wconf 87' lang='lat' dir='ltr'><strong>apud</strong></span> <span class='ocrx_word' id='word_1_426' title='bbox 1652 3018 1829 3088; x_wconf 90' lang='lat' dir='ltr'><strong>ipsum</strong></span> <span class='ocrx_word' id='word_1_427' title='bbox 1867 3018 2097 3072; x_wconf 78' lang='lat' dir='ltr'><strong>ﬁantta—</strong></span> 
     </span>
    </p>
   </div>
   <div class='ocr_carea' id='block_1_58' title="bbox 2136 3018 3764 3099">
    <p class='ocr_par' dir='ltr' id='par_1_58' title="bbox 2195 3021 3764 3099">
     <span class='ocr_line' id='line_1_58' title="bbox 2195 3021 3764 3099; baseline 0.004 -25"><span class='ocrx_word' id='word_1_428' title='bbox 2195 3021 2292 3083; x_wconf 73' lang='grc' dir='ltr'><strong>νὰς</strong></span> <span class='ocrx_word' id='word_1_429' title='bbox 2340 3022 2470 3089; x_wconf 86' lang='grc' dir='ltr'>παρ’</span> <span class='ocrx_word' id='word_1_430' title='bbox 2521 3023 2697 3091; x_wconf 79' lang='grc' dir='ltr'>ἑαυτῷ</span> <span class='ocrx_word' id='word_1_431' title='bbox 2748 3023 2906 3095; x_wconf 68' lang='lat' dir='ltr'><strong>[imus</strong></span> <span class='ocrx_word' id='word_1_432' title='bbox 2946 3023 3075 3094; x_wconf 75' lang='lat' dir='ltr'><strong>Reg.</strong></span> <span class='ocrx_word' id='word_1_433' title='bbox 3125 3026 3253 3095; x_wconf 78' lang='grc' dir='ltr'>παρ’</span> <span class='ocrx_word' id='word_1_434' title='bbox 3282 3025 3451 3099; x_wconf 74' lang='grc' dir='ltr'>αὐτῷ]</span> <span class='ocrx_word' id='word_1_435' title='bbox 3493 3028 3630 3081; x_wconf 86' lang='grc' dir='ltr'>κατὰ</span> <span class='ocrx_word' id='word_1_436' title='bbox 3670 3029 3764 3080; x_wconf 67' lang='grc' dir='ltr'>τὸν</span> 
     </span>
    </p>
   </div>
   <div class='ocr_carea' id='block_1_59' title="bbox 520 3102 2148 3193">
    <p class='ocr_par' dir='ltr' id='par_1_59' title="bbox 520 3102 2148 3193">
     <span class='ocr_line' id='line_1_59' title="bbox 520 3102 2148 3193; baseline -0.009 -17"><span class='ocrx_word' id='word_1_437' title='bbox 520 3121 838 3183; x_wconf 88' lang='lat' dir='ltr'><strong>bernaeula,</strong></span> <span class='ocrx_word' id='word_1_438' title='bbox 870 3120 957 3174; x_wconf 85' lang='lat' dir='ltr'><strong>his</strong></span> <span class='ocrx_word' id='word_1_439' title='bbox 986 3119 1080 3187; x_wconf 88' lang='lat' dir='ltr'><strong>qui</strong></span> <span class='ocrx_word' id='word_1_440' title='bbox 1101 3102 1511 3186; x_wconf 82' lang='lat' dir='ltr'><strong>apparuerunt;</strong></span> <span class='ocrx_word' id='word_1_441' title='bbox 1562 3122 1672 3167; x_wconf 84' lang='lat' dir='ltr'><strong>tres</strong></span> <span class='ocrx_word' id='word_1_442' title='bbox 1700 3111 1960 3164; x_wconf 88' lang='lat' dir='ltr'><strong>nimirum</strong></span> <span class='ocrx_word' id='word_1_443' title='bbox 1989 3111 2088 3163; x_wconf 88' lang='lat' dir='ltr'><strong>ha-</strong></span> <span class='ocrx_word' id='word_1_444' title='bbox 2118 3136 2148 3193; x_wconf 67' lang='grc' dir='ltr'>ε</span> 
     </span>
    </p>
   </div>
   <div class='ocr_carea' id='block_1_60' title="bbox 2130 3102 3758 3193">
    <p class='ocr_par' dir='ltr' id='par_1_60' title="bbox 2130 3110 3758 3193">
     <span class='ocr_line' id='line_1_60' title="bbox 2130 3110 3758 3193; baseline 0.004 -29"><span class='ocrx_word' id='word_1_445' title='bbox 2130 3136 2160 3193; x_wconf 67' lang='grc' dir='ltr'>ε</span> <span class='ocrx_word' id='word_1_446' title='bbox 2195 3111 2349 3178; x_wconf 77' lang='grc' dir='ltr'>ἅγιον</span> <span class='ocrx_word' id='word_1_447' title='bbox 2373 3110 2596 3181; x_wconf 82' lang='grc' dir='ltr'>Πέτρον,</span> <span class='ocrx_word' id='word_1_448' title='bbox 2630 3116 2744 3175; x_wconf 83' lang='grc' dir='ltr'>τοῖς</span> <span class='ocrx_word' id='word_1_449' title='bbox 2775 3113 3018 3183; x_wconf 76' lang='grc' dir='ltr'>ὀραθεῖςι</span> <span class='ocrx_word' id='word_1_450' title='bbox 3053 3114 3216 3169; x_wconf 77' lang='grc' dir='ltr'>καλὸν</span> <span class='ocrx_word' id='word_1_451' title='bbox 3244 3112 3377 3169; x_wconf 70' lang='grc' dir='ltr'>εἶναι</span> <span class='ocrx_word' id='word_1_452' title='bbox 3420 3117 3758 3187; x_wconf 70' lang='grc' dir='ltr'>ψηφίζεται·</span> 
     </span>
    </p>
   </div>
   <div class='ocr_carea' id='block_1_61' title="bbox 520 3202 2148 3280">
    <p class='ocr_par' dir='ltr' id='par_1_61' title="bbox 520 3202 2093 3280">
     <span class='ocr_line' id='line_1_61' title="bbox 520 3202 2093 3280; baseline -0.006 -14"><span class='ocrx_word' id='word_1_453' title='bbox 520 3212 693 3275; x_wconf 85' lang='lat' dir='ltr'><strong>bitus,</strong></span> <span class='ocrx_word' id='word_1_454' title='bbox 733 3210 936 3280; x_wconf 84' lang='lat' dir='ltr'><strong>quibus</strong></span> <span class='ocrx_word' id='word_1_455' title='bbox 973 3209 1136 3263; x_wconf 88' lang='lat' dir='ltr'><strong>saluti</strong></span> <span class='ocrx_word' id='word_1_456' title='bbox 1184 3221 1455 3276; x_wconf 85' lang='lat' dir='ltr'><strong>propense</strong></span> <span class='ocrx_word' id='word_1_457' title='bbox 1481 3204 1832 3267; x_wconf 86' lang='lat' dir='ltr'><strong>consulatur,</strong></span> <span class='ocrx_word' id='word_1_458' title='bbox 1869 3202 2093 3256; x_wconf 75' lang='lat' dir='ltr'><strong>virtutis</strong></span> 
     </span>
    </p>
   </div>
   <div class='ocr_carea' id='block_1_62' title="bbox 2135 3202 3763 3280">
    <p class='ocr_par' dir='ltr' id='par_1_62' title="bbox 2192 3202 3763 3279">
     <span class='ocr_line' id='line_1_62' title="bbox 2192 3202 3763 3279; baseline 0.006 -26"><span class='ocrx_word' id='word_1_459' title='bbox 2192 3202 2458 3267; x_wconf 81' lang='grc' dir='ltr'>τουτέστι,</span> <span class='ocrx_word' id='word_1_460' title='bbox 2495 3202 2595 3265; x_wconf 79' lang='grc' dir='ltr'>τὰς</span> <span class='ocrx_word' id='word_1_461' title='bbox 2637 3207 2786 3274; x_wconf 83' lang='grc' dir='ltr'>τρεῖς</span> <span class='ocrx_word' id='word_1_462' title='bbox 2833 3205 2976 3271; x_wconf 79' lang='grc' dir='ltr'>’ἐξεις</span> <span class='ocrx_word' id='word_1_463' title='bbox 3030 3206 3129 3275; x_wconf 83' lang='grc' dir='ltr'><strong>τῆς</strong></span> <span class='ocrx_word' id='word_1_464' title='bbox 3174 3209 3479 3278; x_wconf 80' lang='grc' dir='ltr'>σωτηρίας·</span> <span class='ocrx_word' id='word_1_465' title='bbox 3513 3210 3611 3279; x_wconf 78' lang='grc' dir='ltr'><strong>τὴν</strong></span> <span class='ocrx_word' id='word_1_466' title='bbox 3662 3211 3763 3279; x_wconf 72' lang='grc' dir='ltr'>τῆς</span> 
     </span>
    </p>
   </div>
   <div class='ocr_carea' id='block_1_63' title="bbox 519 3293 2147 3369">
    <p class='ocr_par' dir='ltr' id='par_1_63' title="bbox 519 3293 2090 3366">
     <span class='ocr_line' id='line_1_63' title="bbox 519 3293 2090 3366; baseline -0.008 -8"><span class='ocrx_word' id='word_1_467' title='bbox 519 3302 730 3359; x_wconf 86' lang='lat' dir='ltr'><strong>scilicet</strong></span> <span class='ocrx_word' id='word_1_468' title='bbox 752 3300 998 3356; x_wconf 68' lang='lat' dir='ltr'><strong>scientia:</strong></span> <span class='ocrx_word' id='word_1_469' title='bbox 1034 3314 1098 3353; x_wconf 91' lang='lat' dir='ltr'><strong>ac</strong></span> <span class='ocrx_word' id='word_1_470' title='bbox 1142 3297 1450 3366; x_wconf 67' lang='lat' dir='ltr'><strong>theologica.</strong></span> <span class='ocrx_word' id='word_1_471' title='bbox 1491 3296 1627 3349; x_wconf 89' lang='lat' dir='ltr'><strong>Nam</strong></span> <span class='ocrx_word' id='word_1_472' title='bbox 1660 3295 1817 3364; x_wconf 86' lang='lat' dir='ltr'><strong>prior</strong></span> <span class='ocrx_word' id='word_1_473' title='bbox 1845 3293 2090 3363; x_wconf 85' lang='lat' dir='ltr'><strong>quidem,</strong></span> 
     </span>
    </p>
   </div>
   <div class='ocr_carea' id='block_1_64' title="bbox 2135 3293 3763 3369">
    <p class='ocr_par' dir='ltr' id='par_1_64' title="bbox 2192 3294 3763 3369">
     <span class='ocr_line' id='line_1_64' title="bbox 2192 3294 3763 3369; baseline 0.004 -24"><span class='ocrx_word' id='word_1_474' title='bbox 2192 3294 2393 3363; x_wconf 79' lang='grc' dir='ltr'>ἀρετῆς</span> <span class='ocrx_word' id='word_1_475' title='bbox 2438 3294 2600 3361; x_wconf 79' lang='grc' dir='ltr'>λέγω,</span> <span class='ocrx_word' id='word_1_476' title='bbox 2659 3297 2753 3348; x_wconf 71' lang='grc' dir='ltr'>καὶ</span> <span class='ocrx_word' id='word_1_477' title='bbox 2806 3296 2906 3366; x_wconf 80' lang='grc' dir='ltr'>τὴν</span> <span class='ocrx_word' id='word_1_478' title='bbox 2951 3296 3053 3366; x_wconf 81' lang='grc' dir='ltr'>τῆς</span> <span class='ocrx_word' id='word_1_479' title='bbox 3094 3297 3365 3366; x_wconf 75' lang='grc' dir='ltr'>γνώσεως,</span> <span class='ocrx_word' id='word_1_480' title='bbox 3417 3298 3511 3351; x_wconf 74' lang='grc' dir='ltr'>καὶ</span> <span class='ocrx_word' id='word_1_481' title='bbox 3539 3300 3639 3369; x_wconf 82' lang='grc' dir='ltr'>τὴν</span> <span class='ocrx_word' id='word_1_482' title='bbox 3663 3300 3763 3368; x_wconf 74' lang='grc' dir='ltr'>τῆς</span> 
     </span>
    </p>
   </div>
   <div class='ocr_carea' id='block_1_65' title="bbox 517 3379 2145 3460">
    <p class='ocr_par' dir='ltr' id='par_1_65' title="bbox 517 3386 2094 3457">
     <span class='ocr_line' id='line_1_65' title="bbox 517 3386 2094 3457; baseline -0.007 -8"><span class='ocrx_word' id='word_1_483' title='bbox 517 3392 755 3449; x_wconf 80' lang='lat' dir='ltr'><strong>actionis</strong></span> <span class='ocrx_word' id='word_1_484' title='bbox 780 3390 981 3445; x_wconf 90' lang='lat' dir='ltr'><strong>robore</strong></span> <span class='ocrx_word' id='word_1_485' title='bbox 1016 3405 1079 3443; x_wconf 92' lang='lat' dir='ltr'><strong>ac</strong></span> <span class='ocrx_word' id='word_1_486' title='bbox 1106 3389 1354 3442; x_wconf 86' lang='lat' dir='ltr'><strong>castitate</strong></span> <span class='ocrx_word' id='word_1_487' title='bbox 1384 3396 1526 3457; x_wconf 85' lang='lat' dir='ltr'><strong>eget,</strong></span> <span class='ocrx_word' id='word_1_488' title='bbox 1549 3387 1707 3456; x_wconf 88' lang='lat' dir='ltr'><strong>cujus</strong></span> <span class='ocrx_word' id='word_1_489' title='bbox 1732 3387 1903 3456; x_wconf 83' lang='lat' dir='ltr'><strong>ﬁgura</strong></span> <span class='ocrx_word' id='word_1_490' title='bbox 1925 3386 2094 3439; x_wconf 82' lang='lat' dir='ltr'><strong>exsti-</strong></span> 
     </span>
    </p>
   </div>
   <div class='ocr_carea' id='block_1_66' title="bbox 2136 3379 3764 3460">
    <p class='ocr_par' dir='ltr' id='par_1_66' title="bbox 2191 3379 3764 3460">
     <span class='ocr_line' id='line_1_66' title="bbox 2191 3379 3764 3460; baseline 0.004 -25"><span class='ocrx_word' id='word_1_491' title='bbox 2191 3382 2489 3452; x_wconf 81' lang='grc' dir='ltr'>Θεολογίας.</span> <span class='ocrx_word' id='word_1_492' title='bbox 2533 3386 2596 3437; x_wconf 83' lang='grc' dir='ltr'><strong>Ἦ</strong></span> <span class='ocrx_word' id='word_1_493' title='bbox 2632 3385 2731 3454; x_wconf 80' lang='grc' dir='ltr'>μὲν</span> <span class='ocrx_word' id='word_1_494' title='bbox 2767 3387 2874 3457; x_wconf 81' lang='grc' dir='ltr'><strong>γὰρ</strong></span> <span class='ocrx_word' id='word_1_495' title='bbox 2912 3387 3079 3440; x_wconf 82' lang='grc' dir='ltr'>δεῖται</span> <span class='ocrx_word' id='word_1_496' title='bbox 3124 3388 3221 3457; x_wconf 79' lang='grc' dir='ltr'>τῆς</span> <span class='ocrx_word' id='word_1_497' title='bbox 3253 3388 3391 3441; x_wconf 74' lang='grc' dir='ltr'>κατὰ</span> <span class='ocrx_word' id='word_1_498' title='bbox 3439 3379 3640 3460; x_wconf 78' lang='grc' dir='ltr'>πρᾶξιν</span> <span class='ocrx_word' id='word_1_499' title='bbox 3670 3391 3764 3443; x_wconf 84' lang='grc' dir='ltr'>ἀν-</span> 
     </span>
    </p>
   </div>
   <div class='ocr_carea' id='block_1_67' title="bbox 517 3472 2145 3550">
    <p class='ocr_par' dir='ltr' id='par_1_67' title="bbox 517 3475 2089 3546">
     <span class='ocr_line' id='line_1_67' title="bbox 517 3475 2089 3546; baseline -0.006 -11"><span class='ocrx_word' id='word_1_500' title='bbox 517 3482 587 3535; x_wconf 83' lang='grc' dir='ltr'>ῑίι</span> <span class='ocrx_word' id='word_1_501' title='bbox 612 3481 806 3535; x_wconf 88' lang='lat' dir='ltr'><strong>beatus</strong></span> <span class='ocrx_word' id='word_1_502' title='bbox 852 3478 1019 3533; x_wconf 89' lang='lat' dir='ltr'><strong>Elias.</strong></span> <span class='ocrx_word' id='word_1_503' title='bbox 1056 3477 1305 3546; x_wconf 87' lang='lat' dir='ltr'><strong>Sequens</strong></span> <span class='ocrx_word' id='word_1_504' title='bbox 1333 3490 1464 3529; x_wconf 87' lang='lat' dir='ltr'><strong>vero</strong></span> <span class='ocrx_word' id='word_1_505' title='bbox 1489 3515 1503 3540; x_wconf 88' lang='lat'><strong>,</strong></span> <span class='ocrx_word' id='word_1_506' title='bbox 1545 3475 1813 3529; x_wconf 85' lang='lat' dir='ltr'><strong>naturalis</strong></span> <span class='ocrx_word' id='word_1_507' title='bbox 1840 3483 2089 3528; x_wconf 87' lang='lat' dir='ltr'><strong>contem-</strong></span> 
     </span>
    </p>
   </div>
   <div class='ocr_carea' id='block_1_68' title="bbox 2134 3472 3762 3550">
    <p class='ocr_par' dir='ltr' id='par_1_68' title="bbox 2188 3472 3762 3550">
     <span class='ocr_line' id='line_1_68' title="bbox 2188 3472 3762 3550; baseline 0.003 -23"><span class='ocrx_word' id='word_1_508' title='bbox 2188 3474 2372 3545; x_wconf 81' lang='grc' dir='ltr'>δρείας</span> <span class='ocrx_word' id='word_1_509' title='bbox 2395 3476 2489 3527; x_wconf 81' lang='grc' dir='ltr'>καὶ</span> <span class='ocrx_word' id='word_1_510' title='bbox 2519 3475 2892 3547; x_wconf 75' lang='grc' dir='ltr'>σωφροσύνης,</span> <span class='ocrx_word' id='word_1_511' title='bbox 2933 3472 3001 3549; x_wconf 81' lang='grc' dir='ltr'>ἦς</span> <span class='ocrx_word' id='word_1_512' title='bbox 3031 3478 3059 3530; x_wconf 97' lang='lat'><strong>6</strong></span> <span class='ocrx_word' id='word_1_513' title='bbox 3088 3479 3355 3548; x_wconf 84' lang='grc' dir='ltr'>μακάριος</span> <span class='ocrx_word' id='word_1_514' title='bbox 3380 3479 3548 3541; x_wconf 78' lang='grc' dir='ltr'>τύπος</span> <span class='ocrx_word' id='word_1_515' title='bbox 3579 3479 3762 3550; x_wconf 80' lang='grc' dir='ltr'>ὑπῆρ-</span> 
     </span>
    </p>
   </div>
   <div class='ocr_carea' id='block_1_69' title="bbox 516 3560 2144 3640">
    <p class='ocr_par' dir='ltr' id='par_1_69' title="bbox 516 3565 2081 3640">
     <span class='ocr_line' id='line_1_69' title="bbox 516 3565 2081 3640; baseline -0.003 -17"><span class='ocrx_word' id='word_1_516' title='bbox 516 3570 776 3640; x_wconf 79' lang='lat' dir='ltr'><strong>plationis</strong></span> <span class='ocrx_word' id='word_1_517' title='bbox 807 3569 1041 3639; x_wconf 69' lang='lat' dir='ltr'><strong>justitia,</strong></span> <span class='ocrx_word' id='word_1_518' title='bbox 1075 3582 1235 3637; x_wconf 89' lang='lat' dir='ltr'><strong>quam</strong></span> <span class='ocrx_word' id='word_1_519' title='bbox 1272 3582 1501 3635; x_wconf 87' lang='lat' dir='ltr'><strong>magnus</strong></span> <span class='ocrx_word' id='word_1_520' title='bbox 1548 3566 1761 3638; x_wconf 80' lang='lat' dir='ltr'><strong>Moyses</strong></span> <span class='ocrx_word' id='word_1_521' title='bbox 1794 3574 1923 3637; x_wconf 81' lang='lat' dir='ltr'><strong>typo</strong></span> <span class='ocrx_word' id='word_1_522' title='bbox 1946 3565 2081 3620; x_wconf 78' lang='lat' dir='ltr'><strong>desi-</strong></span> 
     </span>
    </p>
   </div>
   <div class='ocr_carea' id='block_1_70' title="bbox 2142 3560 3770 3640">
    <p class='ocr_par' dir='ltr' id='par_1_70' title="bbox 2189 3560 3770 3640">
     <span class='ocr_line' id='line_1_70' title="bbox 2189 3560 3770 3640; baseline 0.002 -23"><span class='ocrx_word' id='word_1_523' title='bbox 2189 3582 2282 3635; x_wconf 85' lang='grc' dir='ltr'><strong>χεν</strong></span> <span class='ocrx_word' id='word_1_524' title='bbox 2322 3565 2540 3628; x_wconf 77' lang='grc' dir='ltr'><strong>Ἦ).ία;’</strong></span> <span class='ocrx_word' id='word_1_525' title='bbox 2575 3566 2608 3635; x_wconf 84' lang='grc' dir='ltr'>ἡ</span> <span class='ocrx_word' id='word_1_526' title='bbox 2649 3565 2727 3630; x_wconf 81' lang='grc' dir='ltr'><strong>δὲ,</strong></span> <span class='ocrx_word' id='word_1_527' title='bbox 2764 3569 2863 3637; x_wconf 77' lang='grc' dir='ltr'>τῆς</span> <span class='ocrx_word' id='word_1_528' title='bbox 2922 3567 3062 3620; x_wconf 85' lang='grc' dir='ltr'><strong>κατά</strong></span> <span class='ocrx_word' id='word_1_529' title='bbox 3110 3567 3210 3636; x_wconf 72' lang='grc' dir='ltr'><strong>τὴν</strong></span> <span class='ocrx_word' id='word_1_530' title='bbox 3250 3568 3482 3639; x_wconf 77' lang='grc' dir='ltr'>φυσικὴν</span> <span class='ocrx_word' id='word_1_531' title='bbox 3525 3560 3770 3640; x_wconf 75' lang='grc' dir='ltr'>Θεωρίαν</span> 
     </span>
    </p>
   </div>
   <div class='ocr_carea' id='block_1_71' title="bbox 515 3654 2143 3732">
    <p class='ocr_par' dir='ltr' id='par_1_71' title="bbox 515 3658 2084 3732">
     <span class='ocr_line' id='line_1_71' title="bbox 515 3658 2084 3732; baseline -0.001 -18"><span class='ocrx_word' id='word_1_532' title='bbox 515 3661 720 3732; x_wconf 79' lang='lat' dir='ltr'><strong>gnavit.</strong></span> <span class='ocrx_word' id='word_1_533' title='bbox 740 3659 961 3714; x_wconf 84' lang='lat' dir='ltr'><strong>Tertius</strong></span> <span class='ocrx_word' id='word_1_534' title='bbox 979 3658 1218 3721; x_wconf 90' lang='lat' dir='ltr'><strong>demum,</strong></span> <span class='ocrx_word' id='word_1_535' title='bbox 1242 3673 1369 3713; x_wconf 83' lang='lat' dir='ltr'><strong>vera</strong></span> <span class='ocrx_word' id='word_1_536' title='bbox 1400 3658 1707 3727; x_wconf 79' lang='lat' dir='ltr'><strong>prudentiae</strong></span> <span class='ocrx_word' id='word_1_537' title='bbox 1724 3659 2084 3729; x_wconf 80' lang='lat' dir='ltr'><strong>perfectione,</strong></span> 
     </span>
    </p>
   </div>
   <div class='ocr_carea' id='block_1_72' title="bbox 2130 3654 3758 3732">
    <p class='ocr_par' dir='ltr' id='par_1_72' title="bbox 2186 3654 3758 3729">
     <span class='ocr_line' id='line_1_72' title="bbox 2186 3654 3758 3729; baseline 0.001 -19"><span class='ocrx_word' id='word_1_538' title='bbox 2186 3654 2552 3727; x_wconf 71' lang='grc' dir='ltr'>δικαιοσύνης,</span> <span class='ocrx_word' id='word_1_539' title='bbox 2588 3657 2655 3726; x_wconf 78' lang='grc' dir='ltr'>ἢν</span> <span class='ocrx_word' id='word_1_540' title='bbox 2685 3657 2713 3708; x_wconf 86' lang='grc' dir='ltr'><strong>ὁ</strong></span> <span class='ocrx_word' id='word_1_541' title='bbox 2738 3658 2912 3727; x_wconf 80' lang='grc' dir='ltr'>μέγας</span> <span class='ocrx_word' id='word_1_542' title='bbox 2938 3659 3140 3728; x_wconf 79' lang='grc' dir='ltr'>ἐμήνυε</span> <span class='ocrx_word' id='word_1_543' title='bbox 3169 3659 3235 3711; x_wconf 78' lang='grc' dir='ltr'><strong>δι’</strong></span> <span class='ocrx_word' id='word_1_544' title='bbox 3269 3658 3463 3711; x_wconf 72' lang='grc' dir='ltr'>ἑαυτοῦ</span> <span class='ocrx_word' id='word_1_545' title='bbox 3493 3659 3758 3729; x_wconf 80' lang='grc' dir='ltr'>Μωῦσῆς·</span> 
     </span>
    </p>
   </div>
   <div class='ocr_carea' id='block_1_73' title="bbox 513 3739 2141 3823">
    <p class='ocr_par' dir='ltr' id='par_1_73' title="bbox 513 3748 2087 3823">
     <span class='ocr_line' id='line_1_73' title="bbox 513 3748 2087 3823; baseline -0.003 -16"><span class='ocrx_word' id='word_1_546' title='bbox 513 3766 679 3823; x_wconf 88' lang='lat' dir='ltr'><strong>quam</strong></span> <span class='ocrx_word' id='word_1_547' title='bbox 715 3751 981 3807; x_wconf 89' lang='lat' dir='ltr'><strong>Dominus</strong></span> <span class='ocrx_word' id='word_1_548' title='bbox 1013 3748 1376 3819; x_wconf 83' lang='lat' dir='ltr'><strong>signiﬁcabat.</strong></span> <span class='ocrx_word' id='word_1_549' title='bbox 1405 3750 1559 3804; x_wconf 90' lang='lat' dir='ltr'><strong>Dicta</strong></span> <span class='ocrx_word' id='word_1_550' title='bbox 1584 3765 1714 3805; x_wconf 81' lang='lat' dir='ltr'><strong>vero</strong></span> <span class='ocrx_word' id='word_1_551' title='bbox 1743 3760 1871 3805; x_wconf 91' lang='lat' dir='ltr'><strong>sunt</strong></span> <span class='ocrx_word' id='word_1_552' title='bbox 1903 3751 2087 3804; x_wconf 87' lang='lat' dir='ltr'><strong>taber-</strong></span> 
     </span>
    </p>
   </div>
   <div class='ocr_carea' id='block_1_74' title="bbox 2135 3739 3763 3823">
    <p class='ocr_par' dir='ltr' id='par_1_74' title="bbox 2186 3739 3763 3817">
     <span class='ocr_line' id='line_1_74' title="bbox 2186 3739 3763 3817; baseline 0.005 -24"><span class='ocrx_word' id='word_1_553' title='bbox 2186 3742 2218 3811; x_wconf 80' lang='grc' dir='ltr'><strong>ή</strong></span> <span class='ocrx_word' id='word_1_554' title='bbox 2257 3739 2335 3803; x_wconf 86' lang='grc' dir='ltr'><strong>δὲ,</strong></span> <span class='ocrx_word' id='word_1_555' title='bbox 2367 3742 2465 3810; x_wconf 81' lang='grc' dir='ltr'>τῆς</span> <span class='ocrx_word' id='word_1_556' title='bbox 2495 3744 2636 3796; x_wconf 73' lang='grc' dir='ltr'>κατὰ</span> <span class='ocrx_word' id='word_1_557' title='bbox 2657 3741 2755 3812; x_wconf 75' lang='grc' dir='ltr'>τὴν</span> <span class='ocrx_word' id='word_1_558' title='bbox 2802 3745 3063 3814; x_wconf 78' lang='grc' dir='ltr'>φρόνησιν</span> <span class='ocrx_word' id='word_1_559' title='bbox 3108 3745 3444 3816; x_wconf 79' lang='grc' dir='ltr'>ἀκραιφνοῦς</span> <span class='ocrx_word' id='word_1_560' title='bbox 3485 3747 3763 3817; x_wconf 71' lang='grc' dir='ltr'>τελειότη-</span> 
     </span>
    </p>
   </div>
   <div class='ocr_carea' id='block_1_75' title="bbox 513 3832 2141 3913">
    <p class='ocr_par' dir='ltr' id='par_1_75' title="bbox 513 3841 2087 3913">
     <span class='ocr_line' id='line_1_75' title="bbox 513 3841 2087 3913; baseline -0.001 -14"><span class='ocrx_word' id='word_1_561' title='bbox 513 3846 728 3908; x_wconf 83' lang='lat' dir='ltr'><strong>naenia,</strong></span> <span class='ocrx_word' id='word_1_562' title='bbox 760 3842 908 3913; x_wconf 90' lang='lat' dir='ltr'><strong>quod</strong></span> <span class='ocrx_word' id='word_1_563' title='bbox 940 3842 1059 3897; x_wconf 67' lang='lat' dir='ltr'><strong>alia:</strong></span> <span class='ocrx_word' id='word_1_564' title='bbox 1088 3842 1199 3896; x_wconf 89' lang='lat' dir='ltr'><strong>sint</strong></span> <span class='ocrx_word' id='word_1_565' title='bbox 1233 3841 1319 3895; x_wconf 91' lang='lat' dir='ltr'><strong>his</strong></span> <span class='ocrx_word' id='word_1_566' title='bbox 1360 3842 1621 3896; x_wconf 87' lang='lat' dir='ltr'><strong>meliores</strong></span> <span class='ocrx_word' id='word_1_567' title='bbox 1661 3858 1724 3896; x_wconf 86' lang='lat' dir='ltr'><strong>ac</strong></span> <span class='ocrx_word' id='word_1_568' title='bbox 1754 3842 2087 3897; x_wconf 88' lang='lat' dir='ltr'><strong>illustriores</strong></span> 
     </span>
    </p>
   </div>
   <div class='ocr_carea' id='block_1_76' title="bbox 2134 3832 3762 3913">
    <p class='ocr_par' dir='ltr' id='par_1_76' title="bbox 2188 3832 3762 3909">
     <span class='ocr_line' id='line_1_76' title="bbox 2188 3832 3762 3909; baseline 0.006 -26"><span class='ocrx_word' id='word_1_569' title='bbox 2188 3834 2300 3895; x_wconf 87' lang='grc' dir='ltr'>τος,</span> <span class='ocrx_word' id='word_1_570' title='bbox 2324 3832 2391 3903; x_wconf 81' lang='grc' dir='ltr'>ἢν</span> <span class='ocrx_word' id='word_1_571' title='bbox 2417 3835 2444 3886; x_wconf 89' lang='lat'><strong>6</strong></span> <span class='ocrx_word' id='word_1_572' title='bbox 2475 3833 2678 3903; x_wconf 81' lang='grc' dir='ltr'>Κύριος</span> <span class='ocrx_word' id='word_1_573' title='bbox 2712 3834 2924 3906; x_wconf 74' lang='grc' dir='ltr'><strong>ἐδήλου.</strong></span> <span class='ocrx_word' id='word_1_574' title='bbox 2953 3836 3156 3906; x_wconf 68' lang='grc' dir='ltr'>Σκηναὶ</span> <span class='ocrx_word' id='word_1_575' title='bbox 3207 3837 3265 3888; x_wconf 83' lang='grc' dir='ltr'>δὲ</span> <span class='ocrx_word' id='word_1_576' title='bbox 3305 3838 3762 3909; x_wconf 65' lang='grc' dir='ltr'>προσηγορεύθη-</span> 
     </span>
    </p>
   </div>
   <div class='ocr_carea' id='block_1_77' title="bbox 513 3923 2141 4003">
    <p class='ocr_par' dir='ltr' id='par_1_77' title="bbox 513 3931 1584 4002">
     <span class='ocr_line' id='line_1_77' title="bbox 513 3931 1584 4002; baseline -0.001 -15"><span class='ocrx_word' id='word_1_577' title='bbox 513 3934 568 3987; x_wconf 91' lang='lat' dir='ltr'><strong>in</strong></span> <span class='ocrx_word' id='word_1_578' title='bbox 592 3933 842 3988; x_wconf 78' lang='lat' dir='ltr'><strong>futurum</strong></span> <span class='ocrx_word' id='word_1_579' title='bbox 873 3932 1070 4002; x_wconf 80' lang='lat' dir='ltr'><strong>dignos</strong></span> <span class='ocrx_word' id='word_1_580' title='bbox 1096 3940 1405 4001; x_wconf 79' lang='lat' dir='ltr'><strong>excepturae</strong></span> <span class='ocrx_word' id='word_1_581' title='bbox 1425 3931 1584 3986; x_wconf 86' lang='lat' dir='ltr'><strong>sedes</strong></span> 
     </span>
    </p>
   </div>
   <div class='ocr_carea' id='block_1_78' title="bbox 2135 3923 3763 4003">
    <p class='ocr_par' dir='ltr' id='par_1_78' title="bbox 2186 3923 3763 4003">
     <span class='ocr_line' id='line_1_78' title="bbox 2186 3923 3763 4003; baseline 0.005 -27"><span class='ocrx_word' id='word_1_582' title='bbox 2186 3932 2305 3987; x_wconf 81' lang='grc' dir='ltr'>σαν,</span> <span class='ocrx_word' id='word_1_583' title='bbox 2340 3925 2427 3979; x_wconf 82' lang='grc' dir='ltr'><strong>διὰ</strong></span> <span class='ocrx_word' id='word_1_584' title='bbox 2456 3928 2517 3978; x_wconf 81' lang='grc' dir='ltr'><strong>τὸ</strong></span> <span class='ocrx_word' id='word_1_585' title='bbox 2551 3926 2718 3989; x_wconf 81' lang='grc' dir='ltr'>ἄλλας</span> <span class='ocrx_word' id='word_1_586' title='bbox 2760 3923 2898 3982; x_wconf 80' lang='grc' dir='ltr'>εἶναι</span> <span class='ocrx_word' id='word_1_587' title='bbox 2935 3928 3140 3983; x_wconf 79' lang='grc' dir='ltr'>τούτων</span> <span class='ocrx_word' id='word_1_588' title='bbox 3172 3931 3451 4001; x_wconf 85' lang='grc' dir='ltr'>κρείττους</span> <span class='ocrx_word' id='word_1_589' title='bbox 3479 3933 3572 3985; x_wconf 73' lang='grc' dir='ltr'><strong>καὶ</strong></span> <span class='ocrx_word' id='word_1_590' title='bbox 3602 3950 3763 4003; x_wconf 73' lang='grc' dir='ltr'>περι-</span> 
     </span>
    </p>
   </div>
   <div class='ocr_carea' id='block_1_79' title="bbox 2182 4013 3763 4095">
    <p class='ocr_par' dir='ltr' id='par_1_79' title="bbox 2182 4013 3763 4095">
     <span class='ocr_line' id='line_1_79' title="bbox 2182 4013 3763 4095; baseline 0.005 -26"><span class='ocrx_word' id='word_1_591' title='bbox 2182 4013 2540 4087; x_wconf 77' lang='grc' dir='ltr'>φανεστέρας,</span> <span class='ocrx_word' id='word_1_592' title='bbox 2570 4018 2668 4082; x_wconf 84' lang='grc' dir='ltr'>τὰς</span> <span class='ocrx_word' id='word_1_593' title='bbox 2698 4020 2825 4083; x_wconf 79' lang='grc' dir='ltr'>τοὺς</span> <span class='ocrx_word' id='word_1_594' title='bbox 2865 4019 3048 4087; x_wconf 79' lang='grc' dir='ltr'>ἀξίους</span> <span class='ocrx_word' id='word_1_595' title='bbox 3090 4024 3232 4077; x_wconf 74' lang='grc' dir='ltr'>κατὰ</span> <span class='ocrx_word' id='word_1_596' title='bbox 3277 4024 3339 4077; x_wconf 84' lang='grc' dir='ltr'><strong>τὸ</strong></span> <span class='ocrx_word' id='word_1_597' title='bbox 3371 4024 3562 4095; x_wconf 79' lang='grc' dir='ltr'>μέλλον</span> <span class='ocrx_word' id='word_1_598' title='bbox 3589 4026 3763 4079; x_wconf 77' lang='grc' dir='ltr'>διαδε-</span> 
     </span>
    </p>
   </div>
   <div class='ocr_carea' id='block_1_80' title="bbox 2183 4105 2644 4180">
    <p class='ocr_par' dir='ltr' id='par_1_80' title="bbox 2183 4105 2644 4180">
     <span class='ocr_line' id='line_1_80' title="bbox 2183 4105 2644 4180; baseline -0.002 -19"><span class='ocrx_word' id='word_1_599' title='bbox 2183 4105 2416 4178; x_wconf 83' lang='grc' dir='ltr'>ξομένας</span> <span class='ocrx_word' id='word_1_600' title='bbox 2444 4109 2644 4180; x_wconf 84' lang='grc' dir='ltr'>λήξεις.</span> 
     </span>
    </p>
   </div>
   <div class='ocr_carea' id='block_1_81' title="bbox 576 4197 2204 4275">
    <p class='ocr_par' dir='ltr' id='par_1_81' title="bbox 576 4198 2082 4268">
     <span class='ocr_line' id='line_1_81' title="bbox 576 4198 2082 4268; baseline -0.001 -14"><span class='ocrx_word' id='word_1_601' title='bbox 576 4202 662 4255; x_wconf 78' lang='grc' dir='ltr'><strong>Π.</strong></span> <span class='ocrx_word' id='word_1_602' title='bbox 704 4199 807 4267; x_wconf 85' lang='lat' dir='ltr'><strong>Qui</strong></span> <span class='ocrx_word' id='word_1_603' title='bbox 841 4199 1043 4254; x_wconf 89' lang='lat' dir='ltr'><strong>actioni</strong></span> <span class='ocrx_word' id='word_1_604' title='bbox 1080 4213 1303 4268; x_wconf 82' lang='lat' dir='ltr'><strong>Operam</strong></span> <span class='ocrx_word' id='word_1_605' title='bbox 1350 4198 1526 4267; x_wconf 88' lang='lat' dir='ltr'><strong>ponit,</strong></span> <span class='ocrx_word' id='word_1_606' title='bbox 1574 4199 1627 4252; x_wconf 90' lang='lat' dir='ltr'><strong>in</strong></span> <span class='ocrx_word' id='word_1_607' title='bbox 1672 4213 1837 4253; x_wconf 86' lang='lat' dir='ltr'><strong>carne</strong></span> <span class='ocrx_word' id='word_1_608' title='bbox 1874 4199 2082 4253; x_wconf 88' lang='lat' dir='ltr'><strong>advena</strong></span> 
     </span>
    </p>
   </div>
   <div class='ocr_carea' id='block_1_82' title="bbox 2132 4197 3760 4275">
    <p class='ocr_par' dir='ltr' id='par_1_82' title="bbox 2252 4197 3760 4275">
     <span class='ocr_line' id='line_1_82' title="bbox 2252 4197 3760 4275; baseline 0.006 -27"><span class='ocrx_word' id='word_1_609' title='bbox 2252 4198 2340 4261; x_wconf 78' lang='grc' dir='ltr'><strong>ιζ’.</strong></span> <span class='ocrx_word' id='word_1_610' title='bbox 2390 4197 2450 4249; x_wconf 84' lang='lat'><strong>&#39;0</strong></span> <span class='ocrx_word' id='word_1_611' title='bbox 2493 4198 2592 4266; x_wconf 85' lang='grc' dir='ltr'><strong>μὲν</strong></span> <span class='ocrx_word' id='word_1_612' title='bbox 2630 4199 2958 4269; x_wconf 73' lang='grc' dir='ltr'>πρακτικὸς,</span> <span class='ocrx_word' id='word_1_613' title='bbox 2993 4200 3050 4251; x_wconf 79' lang='grc' dir='ltr'>ἐν</span> <span class='ocrx_word' id='word_1_614' title='bbox 3099 4201 3266 4271; x_wconf 69' lang='grc' dir='ltr'>σαρκὶ</span> <span class='ocrx_word' id='word_1_615' title='bbox 3317 4201 3531 4270; x_wconf 73' lang='grc' dir='ltr'>λέγεται</span> <span class='ocrx_word' id='word_1_616' title='bbox 3564 4221 3760 4275; x_wconf 71' lang='grc' dir='ltr'><strong>τιαροι⁴</strong></span> 
     </span>
    </p>
   </div>
   <div class='ocr_carea' id='block_1_83' title="bbox 507 4278 2135 4365">
    <p class='ocr_par' dir='ltr' id='par_1_83' title="bbox 507 4289 2082 4363">
     <span class='ocr_line' id='line_1_83' title="bbox 507 4289 2082 4363; baseline -0.003 -16"><span class='ocrx_word' id='word_1_617' title='bbox 507 4307 666 4363; x_wconf 80' lang='lat' dir='ltr'><strong>agere</strong></span> <span class='ocrx_word' id='word_1_618' title='bbox 687 4293 907 4358; x_wconf 90' lang='lat' dir='ltr'><strong>dicitur,</strong></span> <span class='ocrx_word' id='word_1_619' title='bbox 935 4291 1029 4362; x_wconf 89' lang='lat' dir='ltr'><strong>qui</strong></span> <span class='ocrx_word' id='word_1_620' title='bbox 1057 4291 1271 4347; x_wconf 91' lang='lat' dir='ltr'><strong>scilicet</strong></span> <span class='ocrx_word' id='word_1_621' title='bbox 1291 4290 1555 4345; x_wconf 85' lang='lat' dir='ltr'><strong>virtutum</strong></span> <span class='ocrx_word' id='word_1_622' title='bbox 1584 4290 1757 4354; x_wconf 90' lang='lat' dir='ltr'><strong>cultu,</strong></span> <span class='ocrx_word' id='word_1_623' title='bbox 1798 4290 1868 4343; x_wconf 89' lang='lat' dir='ltr'><strong>ab</strong></span> <span class='ocrx_word' id='word_1_624' title='bbox 1899 4289 2082 4343; x_wconf 87' lang='lat' dir='ltr'><strong>animo</strong></span> 
     </span>
    </p>
   </div>
   <div class='ocr_carea' id='block_1_84' title="bbox 2134 4278 3762 4365">
    <p class='ocr_par' dir='ltr' id='par_1_84' title="bbox 2180 4278 3762 4365">
     <span class='ocr_line' id='line_1_84' title="bbox 2180 4278 3762 4365; baseline 0.005 -24"><span class='ocrx_word' id='word_1_625' title='bbox 2180 4290 2300 4343; x_wconf 83' lang='grc' dir='ltr'>κεῖν</span> <span class='ocrx_word' id='word_1_626' title='bbox 2336 4287 2411 4359; x_wconf 86' lang='grc'><strong>(6)</strong></span> <span class='ocrx_word' id='word_1_627' title='bbox 2439 4305 2455 4319; x_wconf 78' lang='grc' dir='ltr'><strong>ο</strong></span> <span class='ocrx_word' id='word_1_628' title='bbox 2494 4288 2571 4352; x_wconf 85' lang='grc' dir='ltr'>ὡς</span> <span class='ocrx_word' id='word_1_629' title='bbox 2599 4278 2699 4358; x_wconf 72' lang='grc' dir='ltr'>τῆς</span> <span class='ocrx_word' id='word_1_630' title='bbox 2727 4290 2903 4361; x_wconf 67' lang='grc' dir='ltr'>ψυχῆς</span> <span class='ocrx_word' id='word_1_631' title='bbox 2932 4290 3030 4362; x_wconf 84' lang='grc' dir='ltr'><strong>τὴν</strong></span> <span class='ocrx_word' id='word_1_632' title='bbox 3066 4292 3201 4362; x_wconf 70' lang='grc' dir='ltr'>πρὸς</span> <span class='ocrx_word' id='word_1_633' title='bbox 3228 4292 3328 4362; x_wconf 85' lang='grc' dir='ltr'><strong>τὴν</strong></span> <span class='ocrx_word' id='word_1_634' title='bbox 3357 4294 3533 4360; x_wconf 82' lang='grc' dir='ltr'>σάρκα</span> <span class='ocrx_word' id='word_1_635' title='bbox 3563 4297 3762 4365; x_wconf 80' lang='grc' dir='ltr'>σχέσιν</span> 
     </span>
    </p>
   </div>
   <div class='ocr_carea' id='block_1_85' title="bbox 506 4378 2134 4452">
    <p class='ocr_par' dir='ltr' id='par_1_85' title="bbox 506 4378 2079 4452">
     <span class='ocr_line' id='line_1_85' title="bbox 506 4378 2079 4452; baseline -0.003 -15"><span class='ocrx_word' id='word_1_636' title='bbox 506 4382 810 4443; x_wconf 86' lang='lat' dir='ltr'><strong>abscindat,</strong></span> <span class='ocrx_word' id='word_1_637' title='bbox 836 4396 942 4452; x_wconf 86' lang='lat' dir='ltr'><strong>qua</strong></span> <span class='ocrx_word' id='word_1_638' title='bbox 967 4382 1034 4436; x_wconf 88' lang='lat' dir='ltr'><strong>ad</strong></span> <span class='ocrx_word' id='word_1_639' title='bbox 1062 4396 1281 4437; x_wconf 88' lang='lat' dir='ltr'><strong>carnem</strong></span> <span class='ocrx_word' id='word_1_640' title='bbox 1309 4380 1601 4435; x_wconf 70' lang='lat' dir='ltr'><strong>affectione</strong></span> <span class='ocrx_word' id='word_1_641' title='bbox 1634 4396 1699 4436; x_wconf 86' lang='lat' dir='ltr'><strong>ac</strong></span> <span class='ocrx_word' id='word_1_642' title='bbox 1728 4379 1959 4434; x_wconf 89' lang='lat' dir='ltr'><strong>libidine</strong></span> <span class='ocrx_word' id='word_1_643' title='bbox 1981 4378 2079 4432; x_wconf 84' lang='lat' dir='ltr'><strong>du-</strong></span> 
     </span>
    </p>
   </div>
   <div class='ocr_carea' id='block_1_86' title="bbox 2136 4378 3764 4452">
    <p class='ocr_par' dir='ltr' id='par_1_86' title="bbox 2177 4378 3764 4452">
     <span class='ocr_line' id='line_1_86' title="bbox 2177 4378 3764 4452; baseline 0.006 -22"><span class='ocrx_word' id='word_1_644' title='bbox 2177 4378 2266 4432; x_wconf 81' lang='grc' dir='ltr'><strong>διὰ</strong></span> <span class='ocrx_word' id='word_1_645' title='bbox 2288 4379 2396 4433; x_wconf 89' lang='grc' dir='ltr'><strong>τῶν</strong></span> <span class='ocrx_word' id='word_1_646' title='bbox 2424 4379 2635 4448; x_wconf 85' lang='grc' dir='ltr'>ἀρετῶν</span> <span class='ocrx_word' id='word_1_647' title='bbox 2689 4382 2989 4452; x_wconf 76' lang='grc' dir='ltr'>ἐκτέμνων,</span> <span class='ocrx_word' id='word_1_648' title='bbox 3022 4384 3116 4436; x_wconf 75' lang='grc' dir='ltr'><strong>καὶ</strong></span> <span class='ocrx_word' id='word_1_649' title='bbox 3155 4384 3264 4438; x_wconf 85' lang='grc' dir='ltr'><strong>τῶν</strong></span> <span class='ocrx_word' id='word_1_650' title='bbox 3306 4385 3505 4437; x_wconf 77' lang='grc' dir='ltr'>ὑλικῶν</span> <span class='ocrx_word' id='word_1_651' title='bbox 3555 4387 3764 4441; x_wconf 78' lang='grc' dir='ltr'>ἑαυτοῦ</span> 
     </span>
    </p>
   </div>
   <div class='ocr_carea' id='block_1_87' title="bbox 460 4470 2088 4544">
    <p class='ocr_par' dir='ltr' id='par_1_87' title="bbox 460 4472 2076 4544">
     <span class='ocr_line' id='line_1_87' title="bbox 460 4472 2076 4544; baseline -0.001 -19"><span class='ocrx_word' id='word_1_652' title='bbox 460 4501 469 4525; x_wconf 86' lang='lat'><strong>-.</strong></span> <span class='ocrx_word' id='word_1_653' title='bbox 507 4474 671 4539; x_wconf 89' lang='lat' dir='ltr'><strong>citur,</strong></span> <span class='ocrx_word' id='word_1_654' title='bbox 726 4483 782 4528; x_wconf 92' lang='lat' dir='ltr'><strong>et</strong></span> <span class='ocrx_word' id='word_1_655' title='bbox 823 4491 853 4529; x_wconf 86' lang='lat' dir='ltr'><strong>a</strong></span> <span class='ocrx_word' id='word_1_656' title='bbox 885 4488 942 4527; x_wconf 90' lang='lat' dir='ltr'><strong>se</strong></span> <span class='ocrx_word' id='word_1_657' title='bbox 975 4474 1092 4544; x_wconf 89' lang='lat' dir='ltr'><strong>ipse</strong></span> <span class='ocrx_word' id='word_1_658' title='bbox 1130 4483 1480 4528; x_wconf 81' lang='lat' dir='ltr'><strong>terrenorum</strong></span> <span class='ocrx_word' id='word_1_659' title='bbox 1514 4472 1896 4542; x_wconf 84' lang='lat' dir='ltr'><strong>deeeptionem</strong></span> <span class='ocrx_word' id='word_1_660' title='bbox 1922 4484 2076 4524; x_wconf 88' lang='lat' dir='ltr'><strong>amo-</strong></span> 
     </span>
    </p>
   </div>
   <div class='ocr_carea' id='block_1_88' title="bbox 2138 4470 3766 4544">
    <p class='ocr_par' dir='ltr' id='par_1_88' title="bbox 2138 4470 3766 4543">
     <span class='ocr_line' id='line_1_88' title="bbox 2138 4470 3766 4543; baseline 0.005 -22"><span class='ocrx_word' id='word_1_661' title='bbox 2138 4470 2563 4541; x_wconf 58' lang='grc' dir='ltr'>,περιελόμενος</span> <span class='ocrx_word' id='word_1_662' title='bbox 2582 4472 2682 4543; x_wconf 81' lang='grc' dir='ltr'><strong>τὴν</strong></span> <span class='ocrx_word' id='word_1_663' title='bbox 2714 4472 2951 4543; x_wconf 81' lang='grc' dir='ltr'>ἀπάτην.</span> <span class='ocrx_word' id='word_1_664' title='bbox 3005 4474 3063 4527; x_wconf 89' lang='lat'><strong>&#39;0</strong></span> <span class='ocrx_word' id='word_1_665' title='bbox 3110 4473 3167 4527; x_wconf 78' lang='grc' dir='ltr'><strong>δὲ</strong></span> <span class='ocrx_word' id='word_1_666' title='bbox 3195 4475 3515 4543; x_wconf 79' lang='grc' dir='ltr'>γνωστικὺς,</span> <span class='ocrx_word' id='word_1_667' title='bbox 3556 4478 3657 4531; x_wconf 77' lang='grc' dir='ltr'><strong>καὶ</strong></span> <span class='ocrx_word' id='word_1_668' title='bbox 3705 4480 3766 4531; x_wconf 82' lang='grc' dir='ltr'>ἑν</span> 
     </span>
    </p>
   </div>
   <div class='ocr_carea' id='block_1_89' title="bbox 508 4561 2136 4642">
    <p class='ocr_par' dir='ltr' id='par_1_89' title="bbox 508 4561 2079 4631">
     <span class='ocr_line' id='line_1_89' title="bbox 508 4561 2079 4631; baseline -0.001 -15"><span class='ocrx_word' id='word_1_669' title='bbox 508 4562 690 4617; x_wconf 88' lang='lat' dir='ltr'><strong>liatur.</strong></span> <span class='ocrx_word' id='word_1_670' title='bbox 729 4564 833 4629; x_wconf 84' lang='lat' dir='ltr'><strong>Qui</strong></span> <span class='ocrx_word' id='word_1_671' title='bbox 861 4574 1045 4618; x_wconf 88' lang='lat' dir='ltr'><strong>autem</strong></span> <span class='ocrx_word' id='word_1_672' title='bbox 1079 4562 1263 4617; x_wconf 89' lang='lat' dir='ltr'><strong>studet</strong></span> <span class='ocrx_word' id='word_1_673' title='bbox 1292 4562 1741 4631; x_wconf 85' lang='lat' dir='ltr'><strong>contemplationi</strong></span> <span class='ocrx_word' id='word_1_674' title='bbox 1773 4561 2079 4629; x_wconf 85' lang='lat' dir='ltr'><strong>doctusque</strong></span> 
     </span>
    </p>
   </div>
   <div class='ocr_carea' id='block_1_90' title="bbox 2137 4561 3765 4642">
    <p class='ocr_par' dir='ltr' id='par_1_90' title="bbox 2185 4562 3765 4642">
     <span class='ocr_line' id='line_1_90' title="bbox 2185 4562 3765 4642; baseline 0.005 -28"><span class='ocrx_word' id='word_1_675' title='bbox 2185 4562 2321 4633; x_wconf 78' lang='grc' dir='ltr'>αὐτῇ</span> <span class='ocrx_word' id='word_1_676' title='bbox 2356 4565 2423 4632; x_wconf 77' lang='grc' dir='ltr'>τῇ</span> <span class='ocrx_word' id='word_1_677' title='bbox 2457 4563 2623 4634; x_wconf 78' lang='grc' dir='ltr'>ἀρετῇ</span> <span class='ocrx_word' id='word_1_678' title='bbox 2658 4562 2876 4633; x_wconf 81' lang='grc' dir='ltr'>λέγεται</span> <span class='ocrx_word' id='word_1_679' title='bbox 2924 4567 3237 4636; x_wconf 59' lang='grc' dir='ltr'>παροικεῖν</span> <span class='ocrx_word' id='word_1_680' title='bbox 3269 4565 3345 4630; x_wconf 83' lang='grc' dir='ltr'>ὡς</span> <span class='ocrx_word' id='word_1_681' title='bbox 3378 4569 3436 4620; x_wconf 80' lang='grc' dir='ltr'>ὲν</span> <span class='ocrx_word' id='word_1_682' title='bbox 3466 4568 3765 4642; x_wconf 78' lang='grc' dir='ltr'>ἐσόπτροις</span> 
     </span>
    </p>
   </div>
   <div class='ocr_carea' id='block_1_91' title="bbox 465 4684 1092 4786">
    <p class='ocr_par' dir='ltr' id='par_1_91' title="bbox 465 4684 1092 4786">
     <span class='ocr_line' id='line_1_91' title="bbox 465 4684 1092 4786; baseline 0 -11"><span class='ocrx_word' id='word_1_683' title='bbox 465 4684 477 4706; x_wconf 35' lang='grc' dir='ltr'><strong><em>ι</em></strong></span> <span class='ocrx_word' id='word_1_684' title='bbox 578 4721 621 4753; x_wconf 73' lang='grc'><em>⁵⁸</em></span> <span class='ocrx_word' id='word_1_685' title='bbox 642 4720 830 4776; x_wconf 80' lang='lat' dir='ltr'><strong>Matth.</strong></span> <span class='ocrx_word' id='word_1_686' title='bbox 872 4736 981 4786; x_wconf 69' lang='lat' dir='ltr'><strong>xw,</strong></span> <span class='ocrx_word' id='word_1_687' title='bbox 1004 4722 1092 4775; x_wconf 76' lang='grc'><strong>27.</strong></span> 
     </span>
    </p>
   </div>
   <div class='ocr_carea' id='block_1_92' title="bbox 504 4858 3759 4931">
    <p class='ocr_par' dir='ltr' id='par_1_92' title="bbox 504 4858 3759 4931">
     <span class='ocr_line' id='line_1_92' title="bbox 504 4858 3759 4931; baseline 0.001 -17"><span class='ocrx_word' id='word_1_688' title='bbox 504 4860 745 4915; x_wconf 88' lang='lat' dir='ltr'><strong>divinum</strong></span> <span class='ocrx_word' id='word_1_689' title='bbox 770 4859 946 4931; x_wconf 88' lang='lat' dir='ltr'><strong>ipsum</strong></span> <span class='ocrx_word' id='word_1_690' title='bbox 980 4859 1165 4913; x_wconf 88' lang='lat' dir='ltr'><strong>lumen</strong></span> <span class='ocrx_word' id='word_1_691' title='bbox 1197 4860 1543 4914; x_wconf 85' lang='lat' dir='ltr'><strong>intransitivc</strong></span> <span class='ocrx_word' id='word_1_692' title='bbox 1582 4874 1643 4913; x_wconf 89' lang='lat' dir='ltr'><strong>ac</strong></span> <span class='ocrx_word' id='word_1_693' title='bbox 1672 4859 1853 4913; x_wconf 79' lang='lat' dir='ltr'><strong>Patris</strong></span> <span class='ocrx_word' id='word_1_694' title='bbox 1881 4860 2065 4930; x_wconf 90' lang='lat' dir='ltr'><strong>splen-</strong></span> <span class='ocrx_word' id='word_1_695' title='bbox 2163 4860 2313 4915; x_wconf 86' lang='lat' dir='ltr'><strong>ciens</strong></span> <span class='ocrx_word' id='word_1_696' title='bbox 2341 4878 2353 4912; x_wconf 93' lang='lat'>:</span> <span class='ocrx_word' id='word_1_697' title='bbox 2383 4859 2436 4913; x_wconf 92' lang='lat' dir='ltr'><strong>in</strong></span> <span class='ocrx_word' id='word_1_698' title='bbox 2472 4874 2580 4929; x_wconf 90' lang='lat' dir='ltr'><strong>quo</strong></span> <span class='ocrx_word' id='word_1_699' title='bbox 2612 4868 2793 4931; x_wconf 82' lang='lat' dir='ltr'><strong>tamen</strong></span> <span class='ocrx_word' id='word_1_700' title='bbox 2826 4859 2975 4931; x_wconf 82' lang='lat' dir='ltr'><strong>nulla</strong></span> <span class='ocrx_word' id='word_1_701' title='bbox 3005 4858 3423 4931; x_wconf 80' lang='lat' dir='ltr'><strong>aliadiﬂicultas</strong></span> <span class='ocrx_word' id='word_1_702' title='bbox 3449 4867 3554 4925; x_wconf 83' lang='lat' dir='ltr'><strong>est,</strong></span> <span class='ocrx_word' id='word_1_703' title='bbox 3581 4878 3759 4931; x_wconf 87' lang='lat' dir='ltr'><strong>quam</strong></span> 
     </span>
    </p>
   </div>
   <div class='ocr_carea' id='block_1_93' title="bbox 501 4929 3757 4999">
    <p class='ocr_par' dir='ltr' id='par_1_93' title="bbox 501 4929 3757 4999">
     <span class='ocr_line' id='line_1_93' title="bbox 501 4929 3757 4999; baseline 0 -14"><span class='ocrx_word' id='word_1_704' title='bbox 501 4932 603 4985; x_wconf 81' lang='lat' dir='ltr'><strong>dor</strong></span> <span class='ocrx_word' id='word_1_705' title='bbox 632 4929 924 4993; x_wconf 78' lang='lat' dir='ltr'><strong>exstiterit,</strong></span> <span class='ocrx_word' id='word_1_706' title='bbox 952 4945 1120 4999; x_wconf 84' lang='lat' dir='ltr'><strong>quem</strong></span> <span class='ocrx_word' id='word_1_707' title='bbox 1149 4944 1338 4999; x_wconf 79' lang='lat' dir='ltr'><strong>eorum</strong></span> <span class='ocrx_word' id='word_1_708' title='bbox 1366 4930 1511 4984; x_wconf 86' lang='lat' dir='ltr'><strong>oculi</strong></span> <span class='ocrx_word' id='word_1_709' title='bbox 1552 4929 1917 4993; x_wconf 79' lang='lat' dir='ltr'><strong>intuerentur,</strong></span> <span class='ocrx_word' id='word_1_710' title='bbox 1953 4946 2064 4985; x_wconf 90' lang='lat' dir='ltr'><strong>non</strong></span> <span class='ocrx_word' id='word_1_711' title='bbox 2164 4947 2286 4999; x_wconf 69' lang='lat' dir='ltr'><strong>quae</strong></span> <span class='ocrx_word' id='word_1_712' title='bbox 2310 4930 2553 4999; x_wconf 84' lang='lat' dir='ltr'><strong>ipsorum</strong></span> <span class='ocrx_word' id='word_1_713' title='bbox 2593 4930 2889 4984; x_wconf 86' lang='lat' dir='ltr'><strong>verborum</strong></span> <span class='ocrx_word' id='word_1_714' title='bbox 2922 4929 3134 4984; x_wconf 87' lang='lat' dir='ltr'><strong>Domini</strong></span> <span class='ocrx_word' id='word_1_715' title='bbox 3159 4937 3263 4989; x_wconf 84' lang='lat' dir='ltr'><strong>est,</strong></span> <span class='ocrx_word' id='word_1_716' title='bbox 3294 4930 3451 4985; x_wconf 81' lang='lat' dir='ltr'><strong>Joan.</strong></span> <span class='ocrx_word' id='word_1_717' title='bbox 3480 4929 3615 4996; x_wconf 73' lang='lat' dir='ltr'><strong>xvn,</strong></span> <span class='ocrx_word' id='word_1_718' title='bbox 3673 4934 3711 4987; x_wconf 86' lang='lat'><strong>5</strong></span> <span class='ocrx_word' id='word_1_719' title='bbox 3742 4951 3757 4985; x_wconf 86' lang='lat'><strong>:</strong></span> 
     </span>
    </p>
   </div>
   <div class='ocr_carea' id='block_1_94' title="bbox 499 4998 3762 5070">
    <p class='ocr_par' dir='ltr' id='par_1_94' title="bbox 499 4998 3762 5070">
     <span class='ocr_line' id='line_1_94' title="bbox 499 4998 3762 5070; baseline 0 -14"><span class='ocrx_word' id='word_1_720' title='bbox 499 5001 653 5070; x_wconf 83' lang='lat' dir='ltr'><strong>quasi</strong></span> <span class='ocrx_word' id='word_1_721' title='bbox 683 5001 783 5070; x_wconf 88' lang='lat' dir='ltr'><strong>ipsi</strong></span> <span class='ocrx_word' id='word_1_722' title='bbox 813 5016 844 5055; x_wconf 91' lang='lat' dir='ltr'><strong>a</strong></span> <span class='ocrx_word' id='word_1_723' title='bbox 871 5015 929 5055; x_wconf 90' lang='lat' dir='ltr'><strong>se</strong></span> <span class='ocrx_word' id='word_1_724' title='bbox 959 4998 1153 5055; x_wconf 85' lang='lat' dir='ltr'><strong>natura</strong></span> <span class='ocrx_word' id='word_1_725' title='bbox 1188 4998 1544 5062; x_wconf 79' lang='lat' dir='ltr'><strong>suﬂicientes,</strong></span> <span class='ocrx_word' id='word_1_726' title='bbox 1584 4999 1681 5053; x_wconf 89' lang='lat' dir='ltr'><strong>sed</strong></span> <span class='ocrx_word' id='word_1_727' title='bbox 1705 5000 1999 5056; x_wconf 82' lang='lat' dir='ltr'><strong>confortati</strong></span> <span class='ocrx_word' id='word_1_728' title='bbox 2034 5016 2064 5054; x_wconf 89' lang='lat' dir='ltr'><strong>a</strong></span> <span class='ocrx_word' id='word_1_729' title='bbox 2165 4998 2419 5069; x_wconf 77' lang='lat' dir='ltr'><strong>Clariﬁca</strong></span> <span class='ocrx_word' id='word_1_730' title='bbox 2450 5016 2551 5064; x_wconf 86' lang='lat' dir='ltr'><strong>me,</strong></span> <span class='ocrx_word' id='word_1_731' title='bbox 2587 5008 2643 5053; x_wconf 81' lang='lat' dir='ltr'><strong>tu</strong></span> <span class='ocrx_word' id='word_1_732' title='bbox 2677 4999 2855 5062; x_wconf 83' lang='lat' dir='ltr'><strong>Pater,</strong></span> <span class='ocrx_word' id='word_1_733' title='bbox 2891 5003 3032 5070; x_wconf 83' lang='lat' dir='ltr'><strong>apud</strong></span> <span class='ocrx_word' id='word_1_734' title='bbox 3085 5001 3436 5070; x_wconf 70' lang='lat' dir='ltr'><strong>temetipsum,</strong></span> <span class='ocrx_word' id='word_1_735' title='bbox 3494 4999 3762 5057; x_wconf 75' lang='lat' dir='ltr'><strong>claritate</strong></span> 
     </span>
    </p>
   </div>
   <div class='ocr_carea' id='block_1_95' title="bbox 500 5070 3756 5142">
    <p class='ocr_par' dir='ltr' id='par_1_95' title="bbox 500 5070 3756 5142">
     <span class='ocr_line' id='line_1_95' title="bbox 500 5070 3756 5142; baseline -0.001 -15"><span class='ocrx_word' id='word_1_736' title='bbox 500 5075 612 5127; x_wconf 83' lang='lat' dir='ltr'><strong>Deo</strong></span> <span class='ocrx_word' id='word_1_737' title='bbox 643 5080 700 5127; x_wconf 87' lang='lat' dir='ltr'><strong>et</strong></span> <span class='ocrx_word' id='word_1_738' title='bbox 723 5071 939 5142; x_wconf 87' lang='lat' dir='ltr'><strong>elevati,</strong></span> <span class='ocrx_word' id='word_1_739' title='bbox 968 5070 1265 5142; x_wconf 81' lang='lat' dir='ltr'><strong>absurdius</strong></span> <span class='ocrx_word' id='word_1_740' title='bbox 1306 5078 1410 5142; x_wconf 85' lang='lat' dir='ltr'><strong>est,</strong></span> <span class='ocrx_word' id='word_1_741' title='bbox 1459 5084 1623 5139; x_wconf 85' lang='lat' dir='ltr'><strong>quam</strong></span> <span class='ocrx_word' id='word_1_742' title='bbox 1653 5079 1908 5142; x_wconf 80' lang='lat' dir='ltr'><strong>utegeat</strong></span> <span class='ocrx_word' id='word_1_743' title='bbox 1937 5086 2067 5142; x_wconf 84' lang='lat' dir='ltr'><strong>eon-</strong></span> <span class='ocrx_word' id='word_1_744' title='bbox 2166 5088 2327 5142; x_wconf 81' lang='lat' dir='ltr'><strong>quam</strong></span> <span class='ocrx_word' id='word_1_745' title='bbox 2366 5070 2565 5142; x_wconf 81' lang='lat' dir='ltr'><strong>habui,</strong></span> <span class='ocrx_word' id='word_1_746' title='bbox 2595 5070 2742 5139; x_wconf 79' lang='lat' dir='ltr'><strong>prius</strong></span> <span class='ocrx_word' id='word_1_747' title='bbox 2780 5086 2940 5140; x_wconf 87' lang='lat' dir='ltr'><strong>quam</strong></span> <span class='ocrx_word' id='word_1_748' title='bbox 2988 5070 3216 5142; x_wconf 66' lang='lat' dir='ltr'><strong>&quot;iunctus</strong></span> <span class='ocrx_word' id='word_1_749' title='bbox 3271 5078 3423 5142; x_wconf 61' lang='lat' dir='ltr'><strong>esset,</strong></span> <span class='ocrx_word' id='word_1_750' title='bbox 3469 5071 3617 5142; x_wconf 72' lang='lat' dir='ltr'><strong>apud</strong></span> <span class='ocrx_word' id='word_1_751' title='bbox 3667 5083 3756 5138; x_wconf 80' lang='lat' dir='ltr'><strong>te;</strong></span> 
     </span>
    </p>
   </div>
   <div class='ocr_carea' id='block_1_96' title="bbox 503 5138 3754 5210">
    <p class='ocr_par' dir='ltr' id='par_1_96' title="bbox 503 5138 3754 5210">
     <span class='ocr_line' id='line_1_96' title="bbox 503 5138 3754 5210; baseline -0.001 -15"><span class='ocrx_word' id='word_1_752' title='bbox 503 5142 803 5207; x_wconf 71' lang='lat' dir='ltr'><strong>iulatione;</strong></span> <span class='ocrx_word' id='word_1_753' title='bbox 840 5141 1010 5195; x_wconf 88' lang='lat' dir='ltr'><strong>Deum</strong></span> <span class='ocrx_word' id='word_1_754' title='bbox 1040 5141 1251 5195; x_wconf 88' lang='lat' dir='ltr'><strong>scilicet</strong></span> <span class='ocrx_word' id='word_1_755' title='bbox 1274 5138 1499 5208; x_wconf 84' lang='lat' dir='ltr'><strong>ejusque</strong></span> <span class='ocrx_word' id='word_1_756' title='bbox 1532 5138 1827 5194; x_wconf 85' lang='lat' dir='ltr'><strong>essentiani</strong></span> <span class='ocrx_word' id='word_1_757' title='bbox 1859 5155 1921 5195; x_wconf 89' lang='lat' dir='ltr'><strong>ac</strong></span> <span class='ocrx_word' id='word_1_758' title='bbox 1945 5141 2071 5194; x_wconf 87' lang='lat' dir='ltr'><strong>Dei-</strong></span> <span class='ocrx_word' id='word_1_759' title='bbox 2166 5138 2499 5210; x_wconf 75' lang='lat' dir='ltr'><strong>exponitque</strong></span> <span class='ocrx_word' id='word_1_760' title='bbox 2542 5138 2800 5210; x_wconf 72' lang='lat' dir='ltr'><strong>August.,</strong></span> <span class='ocrx_word' id='word_1_761' title='bbox 2839 5147 2996 5193; x_wconf 87' lang='lat' dir='ltr'><strong>tract.</strong></span> <span class='ocrx_word' id='word_1_762' title='bbox 3064 5140 3163 5193; x_wconf 81' lang='lat' dir='ltr'><strong>l05</strong></span> <span class='ocrx_word' id='word_1_763' title='bbox 3200 5140 3254 5192; x_wconf 82' lang='lat' dir='ltr'><strong>in</strong></span> <span class='ocrx_word' id='word_1_764' title='bbox 3299 5138 3456 5210; x_wconf 80' lang='lat' dir='ltr'><strong>Joan.</strong></span> <span class='ocrx_word' id='word_1_765' title='bbox 3494 5138 3754 5196; x_wconf 81' lang='lat' dir='ltr'><strong>divinam</strong></span> 
     </span>
    </p>
   </div>
   <div class='ocr_carea' id='block_1_97' title="bbox 500 5209 3752 5279">
    <p class='ocr_par' dir='ltr' id='par_1_97' title="bbox 500 5209 3752 5279">
     <span class='ocr_line' id='line_1_97' title="bbox 500 5209 3752 5279; baseline -0.001 -12"><span class='ocrx_word' id='word_1_766' title='bbox 500 5214 627 5267; x_wconf 88' lang='lat' dir='ltr'><strong>tatis</strong></span> <span class='ocrx_word' id='word_1_767' title='bbox 655 5226 937 5273; x_wconf 85' lang='lat' dir='ltr'><strong>arcanum,</strong></span> <span class='ocrx_word' id='word_1_768' title='bbox 965 5210 1168 5265; x_wconf 87' lang='lat' dir='ltr'><strong>nedum</strong></span> <span class='ocrx_word' id='word_1_769' title='bbox 1202 5209 1374 5262; x_wconf 85' lang='lat' dir='ltr'><strong>videri</strong></span> <span class='ocrx_word' id='word_1_770' title='bbox 1398 5210 1573 5264; x_wconf 86' lang='lat' dir='ltr'><strong>oculis</strong></span> <span class='ocrx_word' id='word_1_771' title='bbox 1622 5210 1903 5278; x_wconf 88' lang='lat' dir='ltr'><strong>corporeis</strong></span> <span class='ocrx_word' id='word_1_772' title='bbox 1944 5224 2068 5279; x_wconf 79' lang='lat' dir='ltr'><strong>pos-</strong></span> <span class='ocrx_word' id='word_1_773' title='bbox 2167 5209 2289 5267; x_wconf 85' lang='lat' dir='ltr'><strong>eam</strong></span> <span class='ocrx_word' id='word_1_774' title='bbox 2327 5211 2655 5273; x_wconf 85' lang='lat' dir='ltr'><strong>claritatem,</strong></span> <span class='ocrx_word' id='word_1_775' title='bbox 2714 5210 2939 5279; x_wconf 83' lang='lat' dir='ltr'><strong>gloriam</strong></span> <span class='ocrx_word' id='word_1_776' title='bbox 2991 5209 3352 5263; x_wconf 87' lang='lat' dir='ltr'><strong>humanitatis</strong></span> <span class='ocrx_word' id='word_1_777' title='bbox 3404 5224 3703 5278; x_wconf 78' lang='lat' dir='ltr'><strong>exponens</strong></span> <span class='ocrx_word' id='word_1_778' title='bbox 3736 5231 3752 5277; x_wconf 91' lang='lat'><strong>;</strong></span> 
     </span>
    </p>
   </div>
   <div class='ocr_carea' id='block_1_98' title="bbox 499 5279 3750 5351">
    <p class='ocr_par' dir='ltr' id='par_1_98' title="bbox 499 5279 3750 5351">
     <span class='ocr_line' id='line_1_98' title="bbox 499 5279 3750 5351; baseline -0.001 -15"><span class='ocrx_word' id='word_1_779' title='bbox 499 5298 574 5346; x_wconf 77' lang='lat' dir='ltr'><strong>se,</strong></span> <span class='ocrx_word' id='word_1_780' title='bbox 621 5282 714 5336; x_wconf 81' lang='lat' dir='ltr'><strong>sed</strong></span> <span class='ocrx_word' id='word_1_781' title='bbox 744 5279 999 5351; x_wconf 81' lang='lat' dir='ltr'><strong>ctreipsa</strong></span> <span class='ocrx_word' id='word_1_782' title='bbox 1029 5280 1206 5351; x_wconf 81' lang='lat' dir='ltr'><strong>visum</strong></span> <span class='ocrx_word' id='word_1_783' title='bbox 1229 5294 1350 5334; x_wconf 88' lang='lat' dir='ltr'><strong>esse</strong></span> <span class='ocrx_word' id='word_1_784' title='bbox 1377 5280 1433 5351; x_wconf 83' lang='lat' dir='ltr'><strong>in</strong></span> <span class='ocrx_word' id='word_1_785' title='bbox 1480 5288 1665 5351; x_wconf 81' lang='lat' dir='ltr'><strong>monte</strong></span> <span class='ocrx_word' id='word_1_786' title='bbox 1698 5280 2071 5351; x_wconf 82' lang='lat' dir='ltr'><strong>&#39;l‘ransilgura-</strong></span> <span class='ocrx_word' id='word_1_787' title='bbox 2165 5296 2329 5349; x_wconf 87' lang='lat' dir='ltr'><strong>quam</strong></span> <span class='ocrx_word' id='word_1_788' title='bbox 2354 5279 2658 5351; x_wconf 26' lang='lat' dir='ltr'><strong>sicAhahuit</strong></span> <span class='ocrx_word' id='word_1_789' title='bbox 2680 5280 2973 5351; x_wconf 77' lang='lat' dir='ltr'><strong>antequam</strong></span> <span class='ocrx_word' id='word_1_790' title='bbox 3015 5279 3433 5351; x_wconf 81' lang='lat' dir='ltr'><strong>mundusesset</strong></span> <span class='ocrx_word' id='word_1_791' title='bbox 3480 5288 3537 5332; x_wconf 91' lang='lat' dir='ltr'><strong>et</strong></span> <span class='ocrx_word' id='word_1_792' title='bbox 3586 5282 3750 5351; x_wconf 80' lang='lat' dir='ltr'><strong>apud</strong></span> 
     </span>
    </p>
   </div>
   <div class='ocr_carea' id='block_1_99' title="bbox 500 5348 3751 5420">
    <p class='ocr_par' dir='ltr' id='par_1_99' title="bbox 500 5348 3751 5420">
     <span class='ocr_line' id='line_1_99' title="bbox 500 5348 3751 5420; baseline -0.001 -15"><span class='ocrx_word' id='word_1_793' title='bbox 500 5352 691 5415; x_wconf 82' lang='lat' dir='ltr'><strong>tionis;</strong></span> <span class='ocrx_word' id='word_1_794' title='bbox 732 5348 999 5420; x_wconf 83' lang='lat' dir='ltr'><strong>quidquid</strong></span> <span class='ocrx_word' id='word_1_795' title='bbox 1028 5350 1147 5405; x_wconf 90' lang='lat' dir='ltr'><strong>viro</strong></span> <span class='ocrx_word' id='word_1_796' title='bbox 1176 5349 1340 5404; x_wconf 91' lang='lat' dir='ltr'><strong>docto</strong></span> <span class='ocrx_word' id='word_1_797' title='bbox 1375 5349 1429 5402; x_wconf 91' lang='lat' dir='ltr'><strong>in</strong></span> <span class='ocrx_word' id='word_1_798' title='bbox 1468 5366 1563 5404; x_wconf 87' lang='lat' dir='ltr'><strong>sua</strong></span> <span class='ocrx_word' id='word_1_799' title='bbox 1590 5350 1886 5404; x_wconf 88' lang='lat' dir='ltr'><strong>Orientalis</strong></span> <span class='ocrx_word' id='word_1_800' title='bbox 1912 5348 2069 5405; x_wconf 81' lang='lat' dir='ltr'><strong>Ocei-</strong></span> <span class='ocrx_word' id='word_1_801' title='bbox 2163 5348 2399 5409; x_wconf 80' lang='lat' dir='ltr'><strong>Patrem.</strong></span> <span class='ocrx_word' id='word_1_802' title='bbox 2429 5349 2620 5420; x_wconf 86' lang='lat' dir='ltr'><strong>divina</strong></span> <span class='ocrx_word' id='word_1_803' title='bbox 2656 5348 2867 5403; x_wconf 88' lang='lat' dir='ltr'><strong>scilicet</strong></span> <span class='ocrx_word' id='word_1_804' title='bbox 2888 5348 3399 5420; x_wconf 67' lang='lat' dir='ltr'><strong>praedestinatione,</strong></span> <span class='ocrx_word' id='word_1_805' title='bbox 3432 5364 3540 5403; x_wconf 88' lang='lat' dir='ltr'><strong>non</strong></span> <span class='ocrx_word' id='word_1_806' title='bbox 3561 5350 3751 5420; x_wconf 78' lang='lat' dir='ltr'><strong>_guod</strong></span> 
     </span>
    </p>
   </div>
   <div class='ocr_carea' id='block_1_100' title="bbox 497 5416 3751 5490">
    <p class='ocr_par' dir='ltr' id='par_1_100' title="bbox 497 5416 3751 5490">
     <span class='ocr_line' id='line_1_100' title="bbox 497 5416 3751 5490; baseline 0 -17"><span class='ocrx_word' id='word_1_807' title='bbox 497 5416 843 5489; x_wconf 67' lang='lat' dir='ltr'><strong>dentalisdue</strong></span> <span class='ocrx_word' id='word_1_808' title='bbox 885 5416 1149 5475; x_wconf 65' lang='lat' dir='ltr'><strong>Ecclesiae</strong></span> <span class='ocrx_word' id='word_1_809' title='bbox 1204 5428 1465 5490; x_wconf 87' lang='lat' dir='ltr'><strong>perpetua</strong></span> <span class='ocrx_word' id='word_1_810' title='bbox 1487 5420 1802 5482; x_wconf 86' lang='lat' dir='ltr'><strong>concordia,</strong></span> <span class='ocrx_word' id='word_1_811' title='bbox 1855 5436 1975 5490; x_wconf 86' lang='lat' dir='ltr'><strong>eam</strong></span> <span class='ocrx_word' id='word_1_812' title='bbox 2013 5420 2070 5474; x_wconf 89' lang='lat' dir='ltr'><strong>in</strong></span> <span class='ocrx_word' id='word_1_813' title='bbox 2163 5421 2254 5474; x_wconf 89' lang='lat' dir='ltr'><strong>illa</strong></span> <span class='ocrx_word' id='word_1_814' title='bbox 2316 5421 2493 5489; x_wconf 85' lang='lat' dir='ltr'><strong>reipsa</strong></span> <span class='ocrx_word' id='word_1_815' title='bbox 2527 5428 2582 5474; x_wconf 90' lang='lat' dir='ltr'><strong>et</strong></span> <span class='ocrx_word' id='word_1_816' title='bbox 2614 5419 2666 5472; x_wconf 90' lang='lat' dir='ltr'><strong>in</strong></span> <span class='ocrx_word' id='word_1_817' title='bbox 2706 5416 3109 5490; x_wconf 31' lang='lat' dir='ltr'><strong>seeasi’steret1</strong></span> <span class='ocrx_word' id='word_1_818' title='bbox 3124 5419 3273 5490; x_wconf 77' lang='lat' dir='ltr'><strong>Fuit</strong></span> <span class='ocrx_word' id='word_1_819' title='bbox 3311 5418 3495 5487; x_wconf 66' lang='lat' dir='ltr'><strong>itaque</strong></span> <span class='ocrx_word' id='word_1_820' title='bbox 3544 5416 3751 5490; x_wconf 76' lang='lat' dir='ltr'><strong>divina</strong></span> 
     </span>
    </p>
   </div>
   <div class='ocr_carea' id='block_1_101' title="bbox 496 5485 3750 5560">
    <p class='ocr_par' dir='ltr' id='par_1_101' title="bbox 496 5485 3750 5560">
     <span class='ocr_line' id='line_1_101' title="bbox 496 5485 3750 5560; baseline -0.001 -17"><span class='ocrx_word' id='word_1_821' title='bbox 496 5506 611 5545; x_wconf 87' lang='lat' dir='ltr'><strong>rem</strong></span> <span class='ocrx_word' id='word_1_822' title='bbox 633 5485 962 5559; x_wconf 80' lang='lat' dir='ltr'><strong>obrépserit,</strong></span> <span class='ocrx_word' id='word_1_823' title='bbox 987 5485 1607 5560; x_wconf 50' lang='lat' dir='ltr'><strong>tribuamue‘pierisque</strong></span> <span class='ocrx_word' id='word_1_824' title='bbox 1634 5492 1839 5544; x_wconf 90' lang='lat' dir='ltr'><strong>sanctis</strong></span> <span class='ocrx_word' id='word_1_825' title='bbox 1862 5489 2071 5544; x_wconf 79' lang='lat' dir='ltr'><strong>Graecis</strong></span> <span class='ocrx_word' id='word_1_826' title='bbox 2160 5485 2414 5560; x_wconf 63' lang='lat' dir='ltr'><strong>claritas,</strong></span> <span class='ocrx_word' id='word_1_827' title='bbox 2439 5490 2675 5559; x_wconf 83' lang='lat' dir='ltr'><strong>gloriosa</strong></span> <span class='ocrx_word' id='word_1_828' title='bbox 2708 5488 2923 5560; x_wconf 89' lang='lat' dir='ltr'><strong>species</strong></span> <span class='ocrx_word' id='word_1_829' title='bbox 2973 5503 3042 5542; x_wconf 74' lang='lat' dir='ltr'><strong>ex</strong></span> <span class='ocrx_word' id='word_1_830' title='bbox 3074 5488 3281 5543; x_wconf 84' lang='lat' dir='ltr'><strong>Christi</strong></span> <span class='ocrx_word' id='word_1_831' title='bbox 3321 5485 3521 5551; x_wconf 80' lang='lat' dir='ltr'><strong>anima,</strong></span> <span class='ocrx_word' id='word_1_832' title='bbox 3570 5485 3750 5560; x_wconf 76' lang='lat' dir='ltr'><strong>beata</strong></span> 
     </span>
    </p>
   </div>
   <div class='ocr_carea' id='block_1_102' title="bbox 497 5557 3750 5630">
    <p class='ocr_par' dir='ltr' id='par_1_102' title="bbox 497 5557 3750 5630">
     <span class='ocr_line' id='line_1_102' title="bbox 497 5557 3750 5630; baseline 0 -19"><span class='ocrx_word' id='word_1_833' title='bbox 497 5557 951 5630; x_wconf 78' lang='lat' dir='ltr'><strong>doctoribus,qni</strong></span> <span class='ocrx_word' id='word_1_834' title='bbox 995 5557 1851 5630; x_wconf 57' lang='lat' dir='ltr'><strong>festivis&#39;Encomiismysterium</strong></span> <span class='ocrx_word' id='word_1_835' title='bbox 1884 5567 2065 5630; x_wconf 83' lang='lat' dir='ltr'><strong>trans-</strong></span> <span class='ocrx_word' id='word_1_836' title='bbox 2161 5559 2389 5630; x_wconf 84' lang='lat' dir='ltr'><strong>Deitatis</strong></span> <span class='ocrx_word' id='word_1_837' title='bbox 2412 5557 2713 5630; x_wconf 73' lang='lat' dir='ltr'><strong>consortio,</strong></span> <span class='ocrx_word' id='word_1_838' title='bbox 2756 5559 2811 5612; x_wconf 90' lang='lat' dir='ltr'><strong>in</strong></span> <span class='ocrx_word' id='word_1_839' title='bbox 2839 5573 3043 5630; x_wconf 81' lang='lat' dir='ltr'><strong>corpus</strong></span> <span class='ocrx_word' id='word_1_840' title='bbox 3087 5573 3372 5630; x_wconf 87' lang='lat' dir='ltr'><strong>emanans,</strong></span> <span class='ocrx_word' id='word_1_841' title='bbox 3411 5567 3469 5612; x_wconf 89' lang='lat' dir='ltr'><strong>et</strong></span> <span class='ocrx_word' id='word_1_842' title='bbox 3509 5557 3750 5630; x_wconf 78' lang='lat' dir='ltr'><strong>qualem</strong></span> 
     </span>
    </p>
   </div>
   <div class='ocr_carea' id='block_1_103' title="bbox 496 5626 3748 5698">
    <p class='ocr_par' dir='ltr' id='par_1_103' title="bbox 496 5626 3748 5698">
     <span class='ocr_line' id='line_1_103' title="bbox 496 5626 3748 5698; baseline -0.001 -15"><span class='ocrx_word' id='word_1_843' title='bbox 496 5628 836 5698; x_wconf 77' lang='lat' dir='ltr'><strong>ﬁgurationis</strong></span> <span class='ocrx_word' id='word_1_844' title='bbox 876 5626 1078 5686; x_wconf 79' lang='lat' dir='ltr'><strong>Christi</strong></span> <span class='ocrx_word' id='word_1_845' title='bbox 1112 5638 1469 5693; x_wconf 73' lang='lat' dir='ltr'><strong>exornarunt,</strong></span> <span class='ocrx_word' id='word_1_846' title='bbox 1490 5626 1697 5698; x_wconf 56' lang='lat' dir='ltr'><strong>vel&#39;qui</strong></span> <span class='ocrx_word' id='word_1_847' title='bbox 1739 5629 1809 5685; x_wconf 91' lang='lat' dir='ltr'><strong>de</strong></span> <span class='ocrx_word' id='word_1_848' title='bbox 1842 5629 1934 5683; x_wconf 89' lang='lat' dir='ltr'><strong>illo</strong></span> <span class='ocrx_word' id='word_1_849' title='bbox 1966 5644 2065 5697; x_wconf 88' lang='lat' dir='ltr'><strong>pe—</strong></span> <span class='ocrx_word' id='word_1_850' title='bbox 2159 5628 2392 5683; x_wconf 76' lang='lat' dir='ltr'><strong>decebat</strong></span> <span class='ocrx_word' id='word_1_851' title='bbox 2417 5628 2663 5682; x_wconf 88' lang='lat' dir='ltr'><strong>divinum</strong></span> <span class='ocrx_word' id='word_1_852' title='bbox 2696 5642 2900 5697; x_wconf 90' lang='lat' dir='ltr'><strong>corpus</strong></span> <span class='ocrx_word' id='word_1_853' title='bbox 2927 5626 2991 5682; x_wconf 84' lang='lat' dir='ltr'><strong>ae</strong></span> <span class='ocrx_word' id='word_1_854' title='bbox 3019 5629 3130 5698; x_wconf 88' lang='lat' dir='ltr'><strong>Deo</strong></span> <span class='ocrx_word' id='word_1_855' title='bbox 3162 5629 3405 5693; x_wconf 87' lang='lat' dir='ltr'><strong>unitum;</strong></span> <span class='ocrx_word' id='word_1_856' title='bbox 3439 5640 3604 5697; x_wconf 87' lang='lat' dir='ltr'><strong>quam</strong></span> <span class='ocrx_word' id='word_1_857' title='bbox 3650 5626 3748 5698; x_wconf 62' lang='lat' dir='ltr'><strong>ip.</strong></span> 
     </span>
    </p>
   </div>
   <div class='ocr_carea' id='block_1_104' title="bbox 496 5697 3749 5768">
    <p class='ocr_par' dir='ltr' id='par_1_104' title="bbox 496 5697 3749 5768">
     <span class='ocr_line' id='line_1_104' title="bbox 496 5697 3749 5768; baseline -0.001 -14"><span class='ocrx_word' id='word_1_858' title='bbox 496 5697 756 5768; x_wconf 74' lang='lat' dir='ltr'><strong>culiarius</strong></span> <span class='ocrx_word' id='word_1_859' title='bbox 831 5699 1175 5768; x_wconf 80' lang='lat' dir='ltr'><strong>strictimque</strong></span> <span class='ocrx_word' id='word_1_860' title='bbox 1254 5699 1597 5768; x_wconf 86' lang='lat' dir='ltr'><strong>scripserunt</strong></span> <span class='ocrx_word' id='word_1_861' title='bbox 1625 5697 1635 5698; x_wconf 29' lang='grc' dir='ltr'><strong>ί</strong></span> <span class='ocrx_word' id='word_1_862' title='bbox 1665 5717 1678 5751; x_wconf 92' lang='lat'>:</span> <span class='ocrx_word' id='word_1_863' title='bbox 1740 5698 1799 5753; x_wconf 91' lang='lat' dir='ltr'><strong>in</strong></span> <span class='ocrx_word' id='word_1_864' title='bbox 1861 5699 2066 5768; x_wconf 83' lang='lat' dir='ltr'><strong>quibus</strong></span> <span class='ocrx_word' id='word_1_865' title='bbox 2160 5714 2273 5751; x_wconf 83' lang='lat' dir='ltr'><strong>sam</strong></span> <span class='ocrx_word' id='word_1_866' title='bbox 2309 5699 2595 5759; x_wconf 89' lang='lat' dir='ltr'><strong>miraculo,</strong></span> <span class='ocrx_word' id='word_1_867' title='bbox 2628 5707 2688 5751; x_wconf 93' lang='lat' dir='ltr'><strong>ut</strong></span> <span class='ocrx_word' id='word_1_868' title='bbox 2715 5707 2860 5752; x_wconf 88' lang='lat' dir='ltr'><strong>esset</strong></span> <span class='ocrx_word' id='word_1_869' title='bbox 2891 5697 3171 5765; x_wconf 78' lang='lat' dir='ltr'><strong>possibile,</strong></span> <span class='ocrx_word' id='word_1_870' title='bbox 3220 5713 3319 5767; x_wconf 88' lang='lat' dir='ltr'><strong>per</strong></span> <span class='ocrx_word' id='word_1_871' title='bbox 3346 5699 3617 5767; x_wconf 87' lang='lat' dir='ltr'><strong>reliquam</strong></span> <span class='ocrx_word' id='word_1_872' title='bbox 3649 5697 3749 5751; x_wconf 87' lang='lat' dir='ltr'><strong>vi—</strong></span> 
     </span>
    </p>
   </div>
   <div class='ocr_carea' id='block_1_105' title="bbox 495 5766 2684 5839">
    <p class='ocr_par' dir='ltr' id='par_1_105' title="bbox 495 5766 2684 5839">
     <span class='ocr_line' id='line_1_105' title="bbox 495 5766 2684 5839; baseline 0.001 -20"><span class='ocrx_word' id='word_1_873' title='bbox 495 5768 663 5826; x_wconf 77' lang='lat' dir='ltr'><strong>etittm</strong></span> <span class='ocrx_word' id='word_1_874' title='bbox 683 5766 944 5833; x_wconf 71' lang='lat' dir='ltr'><strong>Maximo;</strong></span> <span class='ocrx_word' id='word_1_875' title='bbox 970 5766 1115 5823; x_wconf 82' lang='lat' dir='ltr'><strong>hunc</strong></span> <span class='ocrx_word' id='word_1_876' title='bbox 1146 5770 1321 5838; x_wconf 89' lang='lat' dir='ltr'><strong>ipsum</strong></span> <span class='ocrx_word' id='word_1_877' title='bbox 1358 5766 1498 5824; x_wconf 79' lang='lat' dir='ltr'><strong>forte</strong></span> <span class='ocrx_word' id='word_1_878' title='bbox 1524 5770 1643 5839; x_wconf 88' lang='lat' dir='ltr'><strong>ejus</strong></span> <span class='ocrx_word' id='word_1_879' title='bbox 1675 5769 1853 5823; x_wconf 88' lang='lat' dir='ltr'><strong>locum</strong></span> <span class='ocrx_word' id='word_1_880' title='bbox 1880 5766 2062 5836; x_wconf 54' lang='lat' dir='ltr'><strong>&#39;respi-</strong></span> <span class='ocrx_word' id='word_1_881' title='bbox 2162 5777 2271 5822; x_wconf 88' lang='lat' dir='ltr'><strong>tam</strong></span> <span class='ocrx_word' id='word_1_882' title='bbox 2303 5768 2684 5837; x_wconf 88' lang='lat' dir='ltr'><strong>suspenderat.</strong></span> 
     </span>
    </p>
   </div>
  </div>
