4060 6322
333 366 467 432 1133
1132 367 1464 428 CAPITUM
1502 363 1769 426 THEOL.
1813 364 1898 424 E'I

1997 361 2180 424 BCON.
2220 363 2602 425 CENTURIA
2646 365 2727 422 ΙῙ.
2925 361 2929 365 ξ
3436 367 3572 432 1134

331 480 414 534 ἔτι
463 479 558 533 καὶ
601 478 886 549 αἰνίγμασι
918 479 1140 552 θεωρῶν
1166 479 1264 549 τὴν
1291 478 1568 549 ἀλήθειαν.
1591 475 1762 530 Οὔπω
1791 475 1898 546 γὰρ

2001 475 2267 545 spiritalis
2300 484 2406 540 est,
2432 476 2599 531 etiam
2635 477 2690 530 in
2722 476 2928 532 virtute
2959 478 3167 534 advena
3191 495 3312 536 esse
3334 481 3569 543 dicitur:

333 571 478 641 αὐτῷ
506 570 574 622 τά
599 569 704 621 τῶν
728 569 950 638 ἀγαθῶν
992 571 1380 624 αὐθυπόστατα
1400 566 1515 638 είδη
1545 566 1725 629 καθώς
1760 567 1897 618 εἰσιν

1997 573 2056 619 ut
2079 566 2174 634 qui
2205 565 2472 621 hactenus
2501 567 2788 622 veritatem
2831 568 2887 621 in
2929 571 3168 648 speculis
3201 580 3258 626 et
3286 574 3570 644 aenigmate

329 661 685 731 ἐθεάσθησαν,
716 661 804 714 διὰ
830 661 930 730 τῆς
963 661 1257 732 πρόσωπον
1282 660 1416 732 πρὸς
1448 658 1739 729 πρόσωπον
1760 657 1898 710 ἀπο-

1997 656 2331 726 speculetur.
2366 657 2478 712 Nec
2510 658 2639 712 dum
2689 657 2836 712 enim
2865 675 2928 714 ea
2949 661 3298 730 jucunditate
3337 680 3458 733 qua:
3487 676 3570 720 est

330 751 684 813 λαύσεως.“Εν
708 750 872 803 εἰκόνι
901 750 1009 821 γὰρ
1033 750 1138 802 τῶν
1166 748 1404 818 ἀγαθῶν,
1425 749 1499 810 ῶς
1520 746 1656 817 πρὸς
1677 744 1738 798 τὸ
1767 743 1898 815 μέλ-

1997 743 2134 799 facie
2183 745 2250 799 ad
2293 746 2514 812 faciem,
2567 748 2698 818 ipsa:
2738 748 3013 804 bonorum
3065 767 3193 806 vere
3244 755 3571 812 exsistentes

328 847 436 906 λον,
468 843 576 904 πᾶς
615 843 768 909 ἆγιος
813 841 1214 912 διαπορεύεται,
1265 840 1429 911 βοῶν’
1465 838 1755 907 Πάροικός
1783 839 1897 905 ειμι

1997 834 2207 903 formte,
2241 838 2433 907 quales
2458 848 2604 905 sunt,
2638 840 2715 894 illi
2759 851 3077 910 patuerunt.
3117 839 3376 916 Quisquis
3423 849 3570 902 enim

327 934 422 986 καὶ
464 931 875 1001 παρεπίδημος
908 932 1099 998 καθὼς
1122 932 1345 996 πάντες
1391 933 1444 984 οἱ
1478 929 1723 997 πατέρες
1753 945 1895 997 μου.

1997 929 2306 984 sanctitatis
2345 931 2513 986 radiis
2544 932 2734 1002 fulget,
2761 934 2802 988 si
2839 951 2961 988 cum
2997 951 3064 989 eo
3089 952 3395 1008 compares,
3424 941 3571 1008 quod

327 1023 575 1076 futurum
601 1032 972 1092 exspectatur,
1001 1024 1057 1078 in
1086 1024 1356 1080 bonorum
1387 1023 1620 1094 tmagine
1638 1022 1903 1085 ambulat,
1944 1019 2190 1076 clamans
2217 1039 2228 1074 :
2260 1022 2474 1076 Advena
2505 1041 2598 1094 ego
2633 1041 2749 1078 sum
2819 1035 2867 1078 et
2908 1029 3249 1097 peregrinus,
3289 1032 3421 1084 sicut
3459 1047 3572 1084 om-

327 1128 436 1167 nes,
445 1120 622 1183 patres
658 1114 760 1166 mei
777 1112 841 1165 δ’.

399 1213 488 1278 ιη’.
531 1208 633 1261 Τὸν
690 1208 984 1277 εὐχόμενον
1037 1210 1096 1262 οὗ
1143 1211 1224 1263 δεῖ
1270 1209 1459 1282 στῆναί
1492 1226 1621 1262 ποτε
1652 1209 1752 1277 τῆς
1801 1206 1894 1258 ἐπὶ

325 1297 457 1350 Θεὸν
495 1299 736 1369 ἀγούσης
780 1299 988 1369 ὑψηλῆς
1035 1300 1372 1364 ἀναϐάσεως.
1414 1301 1500 1363 Ὠς
1534 1299 1643 1369 γὰρ
1693 1297 1898 1351 ἀναϐά-

333 1405 448 1452 σεις
484 1389 590 1460 χρὴ
631 1389 867 1444 νοεῖσθαι
897 1389 1018 1461 [duo
1050 1391 1219 1462 Regii,
1259 1389 1561 1452 ποιεῖσθαι,
1591 1398 1648 1442 ut
1680 1399 1726 1442 et
1753 1387 1894 1459 Fr.],

328 1480 470 1534 κατὰ
505 1480 602 1552 τὴν
643 1484 704 1534 ὲκ
738 1482 1016 1552 δυνάμεως
1041 1485 1118 1546 εἰς
1141 1483 1388 1554 δύναμιν,
1421 1484 1518 1552 τὴν
1548 1483 1604 1534 ὲν
1644 1484 1708 1551 τῇ
1749 1497 1892 1550 πρα-

329 1576 488 1644 κτικῇ
528 1573 636 1627 τῶν
677 1574 888 1644 ἀρετῶν
910 1575 1223 1645 προκοπήν·
1254 1575 1346 1626 καὶ
1371 1575 1468 1644 τὴν
1493 1572 1601 1626 ἀπὸ
1634 1571 1789 1643 δόξης
1817 1573 1895 1634 εἰς

327 1665 507 1732 δόξαν,
544 1666 651 1720 τῶν
687 1667 1072 1738 πνευματικῶν
1109 1670 1205 1736 τῆς
1241 1667 1474 1738 θεωρίας
1515 1664 1766 1736 γνὼσεων
1799 1669 1898 1717 ὲπ-

2074 1202 2160 1257 18.
2189 1203 2253 1256 Ei
2281 1203 2374 1273 qui
2408 1205 2668 1274 precibus
2694 1205 2984 1272 incumbit,
3013 1223 3291 1279 nunquam
3315 1213 3568 1268 commit-

2000 1296 2228 1350 tendum
2256 1307 2317 1352 ut
2343 1314 2372 1352 a
2408 1299 2628 1354 sublimi
2662 1317 2895 1358 ascensu
2921 1304 3255 1373 provehente
3298 1305 3365 1360 ad
3395 1307 3567 1363 Deum

2001 1397 2198 1444 cesset.
2240 1391 2401 1445 Velut
2433 1393 2581 1445 enim
2621 1408 2882 1448 ascensus
2931 1395 3300 1466 intelligamus
3343 1414 3570 1455 necesse

2001 1490 2104 1547 est,
2137 1481 2231 1551 qui
2259 1490 2344 1537 est
2381 1483 2448 1537 de
2476 1483 2681 1537 virtute
2706 1485 2762 1537 in
2792 1484 3049 1540 virtutem
3092 1488 3316 1544 colenda
3353 1491 3569 1546 actione

2000 1572 2266 1626 virtutum
2296 1573 2659 1643 profectus”,
2686 1576 3122 1652 spiritaliumque
3155 1583 3570 1649 contemplatio—

2003 1662 2089 1717 nis
2119 1664 2436 1719 notitiarum
2473 1681 2503 1719 a
2525 1665 2772 1720 claritate
2790 1665 2845 1719 in
2877 1667 3182 1722 claritatem
3211 1666 3566 1738 excessus“;

332 1757 598 1814 ἀνάϐασιν
618 1773 631 1787 ·
660 1759 754 1812 καὶ
775 1758 871 1829 τὴν
897 1760 1003 1812 ἀπὸ
1023 1759 1115 1812 τοῦ
1135 1757 1300 1830 ῥητοῦ
1330 1759 1428 1826 τῆς
1451 1757 1607 1824 ἁγίας
1631 1758 1725 1809 καὶ
1750 1756 1898 1819 θείας

2001 1759 2164 1822 atque
2190 1771 2221 1809 a
2249 1771 2416 1810 sacrae
2448 1755 2754 1826 dtvinzeque
2786 1758 3083 1827 Scriptum
3104 1760 3309 1826 littera,
3349 1762 3417 1816 ad
3452 1763 3568 1833 spi-

329 1845 570 1916 Γραφῆς,
602 1848 694 1899 ὲπί
718 1848 777 1900 τὸ
808 1846 1028 1917 πνεῦμα
1076 1847 1377 1918 μετάϐασιν
1398 1864 1411 1878 ’
1445 1846 1588 1900 οὕτω
1615 1846 1709 1899 καὶ
1738 1847 1796 1899 ὲν
1823 1845 1898 1916 τῷ

331 1937 458 2009 περὶ
489 1937 664 2008 εὐχῶν
682 1937 832 2011 τόπῳ
861 1939 1143 2010 γινόμενον
1180 1937 1286 2010 χρὴ
1311 1940 1512 1991 ποιεῖν·
1540 1937 1788 2008 ὲπαίρειν
1808 1937 1899 1990 τὸν

329 2029 456 2084 νοῦν
482 2031 590 2083 ἀπὸ
612 2030 720 2082 τῶν
759 2033 1118 2103 ἀνθρωπίνων
1140 2049 1152 2064 ο
1182 2033 1277 2086 καὶ
1303 2032 1364 2084 τὸ
1391 2029 1646 2102 φρόνημα
1671 2032 1769 2101 τῆς
1795 2029 1899 2099 ψυο

330 2123 448 2192 χῆς,
479 2123 569 2174 ἐπὶ
597 2123 666 2176 τὰ
695 2123 941 2195 θειότερα
959 2141 970 2153 ·
1010 2125 1095 2178 ἵνα
1124 2126 1219 2178 καὶ
1248 2122 1449 2194 δυνηθῇ
1474 2124 1501 2176 ό
1529 2121 1653 2186 νοῦς
1683 2122 1900 2175 ἀκολου·

330 2214 491 2285 θῆσαι
517 2215 595 2285 τῷ
622 2216 957 2285 διεληλυθότι
991 2218 1114 2279 τοὺς
1139 2215 1422 2286 οὐρανοὺς,
1463 2214 1636 2284 Ἰησοῦ
1675 2213 1753 2283 τῷ
1784 2213 1899 2283 Υἱῷ

331 2305 426 2358 τοῦ
456 2305 614 2370 Θεοῦ,
648 2306 928 2376 πανταχοῦ
967 2307 1102 2371 ὄντι,
1137 2307 1234 2360 καὶ
1259 2305 1434 2359 πάντα
1473 2303 1808 2375 διερχομένῳ
1831 2303 1897 2356 δι’

331 2397 480 2466 ἡμᾶς
507 2398 884 2468 οἰκονομικῶς,
920 2398 1006 2450 ἵνα
1033 2399 1126 2451 καὶ
1155 2399 1314 2469 ἡμεῖς
1341 2394 1755 2458 ἀκολουθοῦντες
1804 2393 1900 2446 αὺ-

328 2488 428 2560 τῷ,
459 2489 635 2543 πάντα
675 2490 972 2560 διέλθωμεν
1000 2491 1068 2542 τά
1118 2491 1235 2560 μετ’
1266 2488 1428 2542 αὐτόν
1448 2504 1460 2517 ’
1492 2486 1589 2540 καὶ
1613 2484 1898 2556 γενώμεθα

331 2581 469 2651 πρὸς
503 2581 684 2647 αὐτὸν,
717 2582 810 2635 ὲάν
838 2598 901 2650 γε
932 2581 1140 2652 νοῶμεν
1169 2581 1354 2643 αὑτὸν,
1385 2578 1447 2632 οὐ
1483 2577 1624 2632 κατά
1647 2577 1744 2648 τὴν
1777 2594 1901 2646 σμι-

330 2670 572 2742 κρότητα
590 2673 690 2741 τῆς
718 2674 1065 2742 οἰκονομικῆς
1093 2671 1572 2742 συγκαταὸάσεως,
1605 2671 1740 2726 ἀλλά
1758 2671 1900 2726 κατά

330 2761 428 2834 τὴν
457 2764 857 2835 μεγαλειότητα
884 2764 982 2832 τῆς
1012 2765 1248 2836 φυσικῆς
1275 2763 1579 2834 ἀοριστίας.

406 2941 488 2994 ιθ¹.
522 2941 699 2995 Καλὸν
742 2941 827 2995 ἀεὶ
875 2942 1157 3012 σχολάζειν
1184 2942 1277 2995 καὶ
1307 2941 1490 3012 ζητεῖν
1515 2940 1607 2994 τὸν
1639 2939 1792 3004 Θεὸν,
1822 2939 1898 3002 ὡς

333 3033 770 3104 προσετάγημεν.
824 3034 942 3087 Κᾶν
974 3034 1082 3104 γὰρ
1115 3034 1256 3088 κατά
1301 3034 1400 3104 τὴν
1439 3031 1720 3128 παροῦσαν
1752 3031 1897 3128 ςωὴν
1925 3071 1967 3128 C

332 3123 619 3193 ζητοῦντες
649 3125 738 3178 ἐπὶ
765 3125 824 3178 τὸ
859 3125 1032 3196 πέρας
1065 3124 1237 3178 ἐλθεῖν
1270 3124 1362 3178 τοῦ
1409 3125 1606 3194 βάθους
1629 3124 1721 3178 τοῦ
1762 3125 1897 3178 Θεοῦ

331 3212 392 3264 οὒ
424 3211 698 3283 δυνάμεθα
720 3231 732 3243 ·
788 3214 903 3268 ἀλλ’
939 3215 1067 3277 ἴσως
1097 3215 1192 3269 καὶ
1244 3215 1332 3268 ἐπ’
1361 3215 1539 3282 ὀλίγον
1575 3214 1669 3266 τοῦ
1704 3214 1901 3285 βάθους

332 3301 496 3355 αὐτοῦ
545 3303 859 3373 φθάνοντες,
893 3304 1205 3375 θεωροῦμεν
1257 3305 1425 3372 ἀγίων
1461 3295 1755 3375 ἁγιώτερα,
1807 3305 1901 3358 καὶ

331 3393 712 3463 πνευματικῶν
746 3395 1251 3470 πνευματικώτερα.
1311 3397 1419 3450 Καὶ
1450 3395 1600 3466 δηλοί
1651 3395 1898 3459 τυπικῶς

335 3485 364 3536 ὁ
390 3484 695 3556 ἀρχιερεὺς,
722 3487 830 3540 ἀπὸ
856 3488 963 3542 τῶν
993 3489 1163 3558 ἁγίων
1189 3487 1299 3542 τῶν
1325 3489 1424 3558 τῆς
1459 3486 1630 3557 αὐλῆς
1671 3486 1899 3555 ἀγιωτέ·

335 3590 465 3644 ρων,
497 3576 590 3629 ἐπὶ
617 3576 685 3630 τὰ
712 3576 843 3646 ἆγια
868 3578 976 3631 τῶν
1020 3579 1235 3648 Ἁγίων,
1281 3577 1557 3649 ἀγιώτερα
1586 3577 1693 3630 τῶν
1729 3578 1898 3645 ἁγίων

335 3665 538 3720 εἰσιών.

401 3847 468 3893 κ’.
505 3842 616 3903 Πᾶς
647 3841 741 3894 τοῦ
775 3841 908 3894 Θεοῦ
941 3843 1116 3912 λόγος,
1149 3843 1272 3896 οῦτε
1307 3843 1619 3913 πολύλογος,
1648 3844 1769 3897 οὔτε
1801 3864 1899 3899 πο-

333 3924 550 3999 λύλογία
584 3932 732 3985 ἐστίν
757 3949 771 3962 ·
824 3932 938 3986 ἀλλ’
973 3929 1075 3998 εἷς,
1107 3933 1374 3998 συνεστὼς
1408 3933 1577 4006 [Regii
1602 3935 1818 4004 quidam
1847 3946 1897 3989 et

331 4020 422 4076 Fr.
471 4020 708 4094 συνετὸς]
749 4024 813 4074 ὲκ
851 4022 1121 4093 διαφόρων
1179 4022 1584 4095 θεωρημάτων·
1645 4018 1718 4078 ὧν
1767 4026 1898 4078 ἕκα-

334 4131 456 4168 στον
504 4114 667 4186 μέρος
722 4117 838 4168 ἐστὶ
883 4116 978 4170 τοῦ
1035 4117 1214 4185 λόγου.
1246 4119 1408 4171 Ὥστε
1461 4121 1488 4171 ό
1540 4119 1710 4188 λέγων
1757 4122 1896 4194 ὑπὲρ

331 4199 608 4271 ἀληθείας,
641 4200 744 4254 κᾶν
797 4201 969 4266 οὕτως
1007 4204 1182 4257 εἰπεῖν
1233 4205 1440 4278 δυνηθῇ
1491 4208 1565 4272 ὠς
1621 4208 1787 4279 μηδὲν
1818 4213 1897 4274 εἰς

331 4291 395 4344 τὸ
426 4291 754 4363 ζητούμενον
806 4293 1153 4365 παραλιπεῖν,
1198 4295 1294 4348 ἕνα
1347 4296 1505 4366 λόγον
1553 4298 1741 4370 εἴρηκε
1797 4299 1894 4353 τοῦ

329 4381 486 4435 Θεοῦ.

399 4478 506 4527 καν.
557 4473 644 4525 Ἐν
682 4473 779 4544 μὲν
805 4473 884 4545 τῷ
915 4475 1155 4546 Χριστῷ,
1200 4476 1319 4548 Θεῷ
1351 4476 1464 4531 ὄντι
1494 4479 1588 4533 καὶ
1614 4480 1780 4551 Λόγῳ
1797 4481 1893 4535 τοῦ

327 4564 561 4635 Πατρὸς,
609 4563 730 4617 ὅλον
785 4567 904 4617 κατ’
960 4567 1150 4620 οὐσίαν
1181 4567 1321 4620 οἰκεῖ
1365 4569 1427 4621 τὸ
1472 4571 1746 4642 πλήρωμα
1794 4574 1894 4644 τῆς

328 4656 580 4726 θεότητος
612 4657 972 4727 σωματικῶς·
1022 4660 1079 4710 ὲν
1113 4661 1244 4728 ἡμῖν
1271 4659 1326 4712 δὲ
1359 4662 1500 4716 κατά
1544 4665 1704 4732 χάριν
1754 4667 1893 4717 οίκεῖ

325 4745 387 4799 τὸ
419 4747 696 4819 πλήρωμα
728 4747 828 4818 τῆς
859 4749 1130 4819 θεότητος,
1179 4751 1342 4820 ἡνίκα
1374 4755 1555 4810 πᾶσαν
1584 4755 1642 4808 ὲν
1677 4756 1889 4819 ἑαυτοῖς

326 4840 669 4910 ἀθροίσωμεν
696 4840 901 4910 ἀρετὴν
925 4843 1016 4894 καί
1045 4842 1238 4910 σοφίαν
1261 4884 1275 4906 ,
1313 4846 1504 4915 μηδενὶ
1530 4847 1716 4920 τρόπῳ
1750 4849 1890 4902 κατά

328 4931 390 4982 τὸ
413 4931 636 4983 δυνατὸν
666 4931 939 5003 ἀνθρώπῳ
973 4933 1300 5004 λειπομένην
1333 4938 1430 5006 τῆς
1464 4939 1600 5006 πρὸς
1633 4939 1694 4991 τὸ
1723 4939 1890 5009 ἀρχέ-

330 5037 498 5074 τυπον
527 5020 760 5089 ἀληθοῦς
791 5023 1170 5092 ὲκμιμήσεως.
1230 5026 1305 5078 Οὐ
1354 5028 1462 5098 γάρ
1496 5030 1722 5092 ἀπεικὸς
1751 5032 1892 5085 κατά

331 5111 418 5162 τὸν
458 5109 605 5162 θέσει
635 5111 815 5179 λόγον,
850 5113 943 5166 καὶ
991 5115 1048 5167 ὲν
1076 5116 1209 5185 ἡμῖν
1242 5117 1462 5186 οἰκῆσαι
1505 5119 1567 5171 τὸ
1617 5119 1891 5191 πλήρωμα

327 5201 423 5272 τῆς
447 5201 722 5272 θεότητος,
752 5201 810 5260 τὸ
837 5205 899 5256 ὲκ
927 5203 1199 5277 διαφόρων
1232 5210 1561 5281 συνεστηκὸς
1593 5229 1892 5283 πνευματι-

328 5294 439 5348 κῶν
473 5293 870 5366 θεωρημάτων.

392 5549 500 5625 κβ.
529 5555 738 5628 Ὥσπερ
769 5559 796 5612 ὁ
835 5559 963 5630 παρ’
997 5561 1127 5630 ἡμῖν
1159 5559 1334 5628 λόγος,
1382 5564 1445 5615 ὲκ
1488 5563 1578 5616 τοῦ
1619 5565 1711 5619 νοῦ
1749 5565 1892 5629 κατὰ

1999 1845 2166 1898 ritum
2193 1846 2455 1902 transitus
2486 1865 2497 1900 :
2525 1847 2603 1903 sic
2632 1864 2852 1919 quoque
2880 1866 2938 1906 se
2974 1861 3130 1922 gerat
3153 1861 3373 1922 oportet
3393 1856 3488 1924 qui
3513 1857 3569 1910 in

1997 1937 2265 1992 orationis
2308 1939 2432 1994 loco
2473 1941 2808 1995 censtitutus
2851 1950 2954 2006 est,
2993 1951 3234 1998 mentem
3265 1946 3569 2001 scilicetab

1998 2027 2275 2093 humanis,
2312 2029 2594 2100 animique
2636 2046 2857 2086 sensum
2900 2033 2968 2086 ad
3021 2033 3294 2090 diviniora
3331 2039 3566 2104 attollat,

1999 2134 2108 2187 quo
2141 2135 2336 2190 nempe
2366 2121 2531 2174 etiam
2561 2121 2748 2176 Jcsum
2789 2123 2986 2178 Filium
3027 2125 3145 2191 Dei,
3170 2127 3263 2196 qui
3287 2129 3454 2182 caelos
3478 2144 3572 2198 pe-

1998 2209 2327 2275 netravit",
2355 2211 2511 2280 sequi
2545 2213 2760 2279 valeat;
2799 2214 2892 2283 qui
2924 2214 3185 2270 nimirum
3217 2217 3330 2287 ipse
3365 2218 3569 2288 ubique

1999 2299 2292 2367 exsistens,
2337 2303 2521 2356 omnia
2551 2313 2778 2373 propter
2817 2321 2918 2360 nos
2948 2308 3250 2362 secundum
3279 2309 3570 2380 dispensa-

2001 2389 2206 2445 tionem
2239 2391 2499 2461 (hominis
2533 2391 2696 2465 5.89
2715 2395 2926 2451 scilicet
2975 2398 3222 2459 ratione)
3257 2410 3561 2474 pertrans-

1999 2492 2118 2547 eat;
2157 2491 2218 2536 ut
2241 2493 2296 2537 et
2321 2500 2422 2538 nos
2446 2485 2623 2554 ipsum
2647 2487 2950 2556 sequendo,
2998 2505 3122 2559 quae
3150 2491 3219 2545 ab
3236 2507 3302 2546 eo
3325 2494 3569 2549 secunda

1999 2581 2149 2636 sunt,
2212 2573 2392 2627 omnia
2444 2582 2811 2640 transeuntes,
2862 2577 2930 2631 ad
2981 2594 3107 2632 eum
3157 2580 3484 2649 evadamus;
3521 2584 3568 2638 si

2000 2661 2163 2714 modo
2205 2678 2315 2716 non
2361 2679 2428 2718 ex
2457 2664 2658 2730 carnis,
2708 2681 2815 2735 qua
2867 2682 2924 2721 se
2963 2667 3127 2722 nobis
3161 2669 3567 2739 dispensatione

2000 2750 2220 2806 demisit
2259 2768 2323 2808 ac
2357 2753 2641 2809 inclinavit
2673 2757 2943 2824 parvitate
2965 2798 2979 2822 ,
3030 2759 3127 2813 sed
3165 2775 3235 2814 ex
3267 2763 3570 2826 maiestatis

2000 2843 2236 2896 naturali
2268 2844 2634 2900 immensitate
2662 2863 2787 2902 eum
2813 2848 3248 2908 intellexerimus
3268 2853 3332 2906 ⁷⁸.

2074 2933 2161 2988 l9.
2199 2935 2446 3000 Praestat,
2476 2953 2576 3006 pro
2598 2953 2662 2992 eo
2688 2954 2750 2993 ac
2786 2939 2947 2994 nobis
2980 2951 3313 3012 praeceptum
3336 2953 3443 3011 est,
3471 2962 3568 3001 va-

2001 3037 2126 3078 care
2161 3039 2379 3094 semper
2407 3027 2690 3096 Deumque
2712 3030 3033 3097 qumrere".
3068 3031 3389 3104 Quanquam
3419 3038 3567 3091 enim

2001 3113 2132 3168 dum
2161 3114 2378 3169 mortali
2418 3116 2520 3170 hac
2572 3117 2683 3172 vita
2722 3119 3049 3190 quaerimus,
3093 3122 3294 3178 divina:
3326 3126 3570 3182 altitudi-

2000 3203 2088 3258 nis
2141 3203 2302 3260 ﬁnem
2341 3207 2558 3276 assequi
2591 3223 2700 3261 non
2746 3224 3064 3277 possumus;
3108 3211 3334 3268 forsitan
3385 3225 3569 3271 tamen

2001 3294 2277 3349 modicum
2332 3297 2523 3352 saltem
2572 3299 2948 3369 tantisperque
3001 3317 3120 3356 eam
3166 3313 3564 3374 assequentes,

2001 3386 2206 3440 sanctis
2226 3387 2524 3455 sanctiora,
2550 3397 2606 3443 et
2630 3390 2970 3458 spiritalibus
2994 3392 3328 3462 spiritaliora
3345 3406 3569 3454 contue-

2000 3476 2202 3531 bimur.
2241 3478 2410 3548 quue
2455 3496 2555 3550 per
2585 3480 2812 3552 ﬁguram
2845 3484 3093 3541 declarat
3115 3503 3361 3544 summus
3385 3505 3566 3546 sacer-

2000 3568 2120 3633 dos,
2148 3584 2273 3622 cum
2305 3585 2338 3622 a
2386 3572 2611 3632 sanctis,
2646 3589 2768 3642 qua:
2811 3583 2939 3629 sunt
2981 3577 3124 3630 atrio
3171 3581 3465 3646 sanctiora,
3499 3582 3567 3636 ad

2001 3659 2200 3714 Sancta
2232 3669 2574 3727 sanctorum,
2622 3679 2744 3732 quae
2784 3672 2914 3717 sunt
2943 3668 3148 3721 sanctis
3181 3673 3452 3726 sanctiora
3483 3673 3570 3728 in-

1999 3749 2266 3817 greditur.

2068 3835 2156 3889 20.
2194 3836 2384 3894 Omnis
2417 3841 2514 3895 Dei
2561 3857 2764 3910 sermo,
2813 3861 2916 3900 nec
2953 3847 3301 3918 multiloquio
3329 3864 3565 3920 constat,

1999 3940 2101 3979 nec
2133 3927 2543 3998 multiloquium
2584 3947 2682 3988 seu
2715 3935 3008 4004 garrulitas
3036 3945 3154 4004 est;
3187 3941 3282 3994 sed
3313 3958 3455 3998 unus
3499 3962 3568 4002 ex

1998 4015 2232 4071 diversis
2252 4018 2606 4076 theorematis
2627 4039 2691 4077 ac
2716 4023 3254 4084 considerationibus
3281 4041 3565 4101 constans;

1997 4125 2230 4180 quorum
2274 4111 2575 4180 quodlibet,
2629 4129 2757 4184 pars
2805 4117 3076 4173 sermonis
3105 4129 3206 4175 est.
3248 4121 3350 4188 Qui
3384 4125 3568 4196 itaque

1997 4217 2161 4258 causa
2181 4203 2426 4259 veritatis
2449 4212 2590 4269 orat,
2611 4207 2696 4260 vel
2729 4206 2772 4260 si
2797 4206 2870 4262 ita
2893 4224 3147 4277 perorare
3169 4227 3296 4266 eum
3325 4217 3570 4288 contige-

1999 4295 2090 4359 rit,
2127 4304 2188 4349 ut
2226 4293 2366 4348 nihil
2397 4295 2544 4364 quod
2580 4305 2792 4366 spectet
2817 4299 2884 4353 ad
2908 4301 3268 4369 quaestionem
3309 4305 3388 4360 illi
3419 4307 3566 4374 desi-

1925 4395 1969 4450 D
1998 4384 2244 4447 deretur,
2278 4401 2448 4439 unum
2483 4386 2577 4441 Dei
2613 4404 2923 4445 sermonem
2953 4390 3112 4446 dixit.

2066 4473 2155 4528 21.
2216 4475 2359 4530 Sane
2396 4475 2451 4528 in
2493 4475 2750 4542 Christo,
2804 4479 2899 4547 qui
2952 4480 3096 4534 Deus
3149 4481 3221 4536 sit
3269 4498 3334 4538 ac
3388 4486 3563 4541 Patris

1999 4565 2211 4631 Sermo,
2247 4574 2358 4620 tota
2381 4567 2682 4622 secundum
2715 4570 3008 4625 essentiam
3043 4572 3252 4627 habitat
3278 4575 3565 4644 plenitudo

1998 4655 2306 4710 divinitatis
2344 4658 2706 4726 corporaliter
2730 4659 2814 4712 ’δε
2851 4659 2906 4713 in
2953 4661 3115 4716 nobis
3155 4679 3285 4719 vere
3320 4681 3418 4734 per
3447 4684 3568 4738 gra-

1999 4745 2128 4799 tiam
2159 4746 2372 4801 habitat
2419 4748 2706 4816 plenitudo
2738 4749 3075 4815 divinitatis;
3110 4761 3240 4808 tunc
3282 4757 3564 4825 nimirum,

1979 4853 2118 4892 cum
2141 4839 2195 4891 in
2224 4839 2384 4893 nobis
2406 4854 2624 4894 omnem
2670 4841 2890 4895 cumulo
2934 4844 3193 4898 virtutem
3215 4847 3567 4915 sapientiam-

1987 4945 2094 4999 que
2120 4931 2581 4993 acervaverimus,
2617 4948 2723 5001 qua
2761 4933 2899 4988 nihil
2929 4935 3094 4998 desit,
3126 4937 3308 5004 quoad
3354 4939 3562 4995 homini
3635 4967 3643 4996 ε

1989 5036 2308 5076 concessum
2335 5031 2440 5087 est,
2465 5039 2574 5092 quo
2603 5039 2786 5078 veram
2819 5026 3126 5096 principem
3163 5026 3393 5082 formam
3437 5031 3564 5086 imi-

1991 5120 2190 5166 temur.
2239 5113 2350 5167 Nec
2397 5115 2544 5168 enim
2595 5115 2890 5194 quidquam
2955 5117 3216 5171 abhorret
3271 5122 3564 5189 quominus

1989 5203 2229 5273 gratuito
2254 5203 2350 5257 Dei
2401 5219 2630 5260 munere
2677 5206 2908 5276 ejusque
2942 5209 3257 5276 voluntate,
3307 5213 3363 5266 in
3404 5217 3565 5272 nobis

1995 5310 2212 5363 quoque
2246 5295 2514 5350 inhabitet
2563 5296 2847 5366 plenitudo
2888 5298 3213 5367 divinitatis,
3240 5318 3360 5372 quae
3388 5321 3455 5360 ex
3483 5307 3566 5362 di-

1994 5386 2168 5440 versis
2214 5386 2570 5443 theorematis
2630 5387 2915 5459 sensisque
2974 5389 3317 5461 spiritalibus
3366 5398 3562 5456 coalita

1997 5486 2098 5532 est.

2068 5568 2154 5622 2‘2.
2191 5567 2658 5635 Quemadmodum
2690 5578 2875 5638 noster
2919 5573 3204 5640 ﬂaminum
3235 5591 3436 5639 sermo.
3467 5593 3566 5650 per

391 5676 436 5708 "
465 5677 604 5761 εἶξαι.
627 5694 842 5761 xxxvi",
1016 5682 1098 5761 _'°
1132 5681 1523 5761 Psalguxxm,
1559 5688 1611 5744 8.
1691 5687 1733 5718 '”
1761 5687 1802 5743 ll
1831 5685 1898 5742 Cc

1997 5704 2067 5755 ιιι,
2110 5688 2190 5746 l8.
2271 5691 2313 5721 7’
2339 5689 2506 5746 llebr.
2539 5709 2609 5760 ιν,
2637 5693 2722 5748 14.
2799 5692 2844 5725 ⁷³
2876 5691 2918 5747 ll
2945 5691 3068 5750 Cor.
3101 5711 3154 5761 v,
3189 5695 3272 5752 16.
3315 5692 3362 5726 ⁷⁸
3418 5697 3562 5754 Psal.

324 5761 443 5814 nv,
473 5749 529 5802 ll
555 5765 568 5814 ;
595 5765 698 5816 etv,
732 5751 782 5804 4.
863 5751 905 5782 ⁷⁵
933 5751 1142 5806 Coloss.
1171 5769 1228 5819 ιι,
1260 5752 1312 5806 9.
