4122 6320
504 403 662 469 ,1135

1679 403 1738 463 S.
1781 401 2068 462 ΜΛΧΙΜΙ
2104 401 2613 464 CONFESSORIS

3629 400 3763 467 113.6

521 525 773 574 naturam
804 529 870 570 ex
918 521 1099 567 mente
1147 513 1475 581 procedens,
1528 514 1868 568 occultorum
1929 513 2097 568 animi

2205 514 2368 582 φύσιν
2397 518 2822 584 προερχόμενος,
2862 511 3091 580 ἅγγελος
3120 510 3228 564 τῶν
3252 510 3650 583 κρυπτομένων
3675 513 3768 567 τοῦ

524 617 774 666 motuum
801 606 1033 661 nuntius
1079 620 1142 660 ac
1180 605 1455 676 interpres
1484 614 1604 661 est:
1635 606 1715 662 sic
1744 618 1800 662 et
1826 607 1925 662 Dei
1962 608 2095 663 Scir-

523 712 636 765 mo,
654 697 748 768 qui
766 697 916 751 velut
937 695 1129 751 Sermo
1149 710 1214 750 ac
1239 695 1479 751 Verbum
1509 697 1817 767 gignentem
1838 697 2093 760 Mentem,

524 790 825 846 secundum
870 787 1163 843 essentiam
1219 788 1437 842 Patrem
1472 788 1731 853 noverit;
1762 802 1926 858 quem
1975 787 2095 841 sine

464 876 470 883 ’
522 880 618 935 iilo
650 879 863 933 nullum
891 887 1136 933 creatum
1159 893 1490 949 cognoscere
1517 879 1722 948 possit;
1757 894 1919 948 quem
1944 879 2098 931 novit

521 973 759 1037 Patrem,
815 979 876 1025 ut
922 980 1118 1025 natura
1169 969 1362 1024 Sermo
1408 985 1471 1024 ac
1498 969 1764 1035 Verbum,
1811 969 2092 1039 patefacit;

520 1078 693 1133 eaque
720 1062 931 1117 ratione
957 1063 1136 1133 magni
1160 1062 1376 1117 consilii
1406 1061 1637 1115 nuntius
1668 1060 1821 1115 audit
1843 1061 1910 1113 ".

581 1156 672 1209 25.
703 1156 953 1225 Magnum
1003 1155 1099 1209 Dei
1152 1169 1217 1208 ac
1265 1153 1444 1208 Patris
1483 1153 1773 1208 consilium
1814 1161 1919 1217 est,
1965 1152 2093 1207 olim

520 1246 747 1301 tacitum
792 1253 956 1314 atque
996 1245 1243 1316 ignotum
1271 1243 1697 1314 dispensationis
1737 1243 2093 1315 mysterium;

520 1340 667 1410 quod
694 1338 883 1394 carnis
929 1338 1302 1407 assumptione
1370 1338 1704 1406 completum
1776 1335 2097 1406 Unigenilus

521 1429 925 1492 manifestavit,
966 1427 1149 1498 magni
1190 1427 1290 1482 Dei
1333 1441 1397 1480 ac
1450 1425 1629 1481 Patris
1680 1425 2095 1495 praeteternique

705 1520 919 1574 consilii
961 1519 1135 1572 factus
1177 1517 1425 1571 nuntius.
1472 1515 1646 1587 Magni
1676 1525 1858 1569 autem
1880 1515 2096 1570 consilii

522 1616 617 1670 Dei
650 1615 874 1669 nuntius
897 1612 1153 1677 eﬂicitur,
1179 1612 1296 1681 qui,
1326 1610 1574 1683 mysterii
1615 1609 1832 1680 cognita
1861 1610 2093 1677 ratione,

520 1719 732 1762 tantum
759 1720 925 1776 opere
962 1720 1025 1759 ac
1070 1714 1325 1759 sermone
1376 1718 1475 1772 per
1507 1701 1690 1756 omnia
1720 1700 2097 1755 indesinenter

516 1798 777 1869 assurgit,
811 1795 987 1851 donec
1010 1794 1078 1850 ad
1113 1809 1239 1850 cum
1267 1793 1484 1859 evadat,
1507 1791 1600 1862 qui
1631 1804 1690 1846 se
1723 1798 1873 1846 tanta
1902 1793 2094 1864 digna-

518 1891 672 1944 tione
697 1886 765 1942 ad
799 1885 977 1956 ipsum
1006 1883 1248 1940 demisit.

587 2073 680 2133 24.
695 2073 848 2131 ‘Cum
870 2073 971 2129 Dei
1006 2072 1200 2129 Sermo
1238 2079 1462 2143 propter
1486 2086 1610 2137 nos,
1656 2070 1839 2127 carnis
1871 2069 2101 2141 dispen-

518 2169 734 2234 satione
758 2166 817 2221 in
850 2165 1142 2220 inferiores
1189 2171 1350 2219 terrae
1394 2172 1580 2234 partes
1630 2160 2001 2227 descenderit,
2044 2169 2101 2215 et

520 2270 688 2327 super
721 2266 913 2311 omnes
940 2255 1111 2310 cmlos
1149 2254 1463 2309 ascenderit
1483 2252 1565 2321 “'7;
1600 2254 1693 2323 qui
1725 2252 1840 2323 ipse
1872 2267 1969 2323 per
1998 2268 2098 2307 na-

512 2358 703 2402 turam
736 2345 1034 2402 immobilis
1058 2344 1164 2411 sit;
1221 2344 1277 2399 in
1305 2360 1363 2399 se
1386 2344 1538 2407 velut
1578 2344 1824 2409 homine,
1855 2358 1978 2414 qua:
2010 2342 2098 2396 fu-

514 2444 644 2493 tura
671 2445 821 2503 sunt,
860 2437 1163 2493 secundum
1188 2435 1652 2506 diSpeusatiOncm
1680 2451 1745 2490 ac
1780 2435 2100 2491 humanitus

510 2542 831 2599 occupans;
861 2527 1091 2599 mystice
1110 2527 1310 2598 gaudio
1331 2527 1615 2582 exsultans
1640 2525 1977 2590 consideret,
2003 2526 2098 2596 qui

520 2618 767 2673 scientia:
793 2622 983 2673 amere
1034 2617 1395 2689 impenditur,
1425 2619 1605 2688 qualis
1634 2618 1982 2689 quantusque
2026 2617 2099 2671 sit

519 2706 827 2762 secundum
848 2708 1330 2778 repromissionem
1354 2706 1723 2774 earum'ﬁnis,
1746 2707 1840 2779 qui
1863 2707 2100 2780 diligunt

442 2811 452 2818 ‘
502 2799 839 2855 'Dominum.

590 2891 681 2946 25.
718 2889 1001 2962 Siquidem
1052 2906 1121 2948 eo
1173 2892 1396 2947 nomine
1438 2893 1534 2949 Dei
1585 2886 1651 2950 ac
1697 2893 1875 2949 Patris
1926 2893 2098 2950 Filius

510 2980 670 3036 Deus
696 2980 911 3047 Sermo,
937 2982 1178 3038 hominis
1209 2982 1353 3039 ﬁlius
1383 2998 1447 3038 ac
1478 2984 1642 3039 homo
1666 2979 1864 3041 'factus
1904 2993 2008 3050 est,
2037 2994 2099 3039 ut

522 3071 780 3127 homines
810 3072 947 3127 deos
1003 3073 1214 3143 Deique
1272 3073 1417 3129 ﬁlios
1454 3073 1733 3140 ellicerct;
1783 3084 1936 3130 certo
1977 3076 2099 3131 fore

524 3163 836 3230 credamus,
868 3174 931 3219 ut
962 3163 1077 3219 illic
1099 3165 1431 3235 quandoque
1465 3166 1657 3232 simus,
1685 3166 1779 3221 ubi
1810 3162 1959 3220 nunc
1982 3167 2098 3237 ipse

525 3253 781 3309 Christus
816 3262 1076 3324 tanquam
1118 3265 1283 3325 caput
1333 3256 1505 3312 totius
1545 3258 1793 3327 corporis
1815 3258 1859 3289 ⁷⁸
1907 3272 1971 3312 ac
1999 3273 2099 3328 pro

525 3342 692 3399 nobis
712 3360 1022 3414 praecursor
1049 3343 1227 3399 factus
1257 3345 1323 3400 ad
1348 3347 1563 3402 Patrem
1586 3349 1654 3413 τ’,
1682 3348 1919 3403 humana
1936 3364 2099 3404 carne

527 3435 760 3490 exsistit.
810 3436 957 3490 Deus
984 3435 1133 3489 enim
1179 3432 1236 3490 in
1275 3452 1544 3508 synagoga
1592 3438 1822 3494 deorum
1871 3439 1948 3512 (id
1994 3447 2099 3506 est,

528 3527 938 3592 salvandorum)
964 3526 1180 3582 medius
1206 3529 1375 3584 stabit
1395 3528 1691 3595 ",‘futdra:
1721 3530 1835 3586 illic
1864 3531 2104 3586 beatitu-

529 3617 676 3672 dinis
708 3616 1007 3687 dignitates
1040 3615 1409 3686 distribuens;
1447 3634 1611 3690 quem
1649 3635 1681 3674 a
1712 3616 1894 3692 dignis
1937 3629 2101 3691 atque

504 3700 720 3764 electis
743 3707 894 3762 nulla
924 3707 1173 3763 locorum
1207 3707 1467 3765 distantia
1493 3719 1730 3780 separet.

599 3799 690 3854 26.
716 3798 822 3866 Qui
850 3799 1178 3855 libidinosas
1207 3800 1391 3856 adhuc
1420 3802 1604 3856 carnis
1625 3799 1957 3872 cupiditates
1994 3802 2101 3857 im-

525 3886 660 3960 plet,
691 3898 948 3961 tanquam
990 3891 1265 3947 idolorum
1292 3893 1470 3948 Cultor
1501 3902 1557 3947 et
1581 3892 1877 3948 fabricator
1898 3904 2102 3949 terram

525 3980 909 4037 Chaldaeorum
951 3982 1101 4038 colit.
1151 3983 1254 4040 Ubi
1294 3991 1476 4039 autem
1526 3985 1794 4055 tantisper
1842 3984 2103 4055 dispectis

525 4073 696 4128 rebus
752 4073 1063 4143 saniorique
1111 4073 1340 4146 judicio,
1393 4076 1836 4131 convenientium
1891 4083 2103 4132 natura:

523 4165 818 4220 modorum
880 4178 1206 4237 morumque
1256 4182 1479 4222 sensum
1524 4168 1864 4239 perceperit,
1910 4167 2102 4223 relicta

523 4240 905 4310 Chaldaeorum
932 4264 1106 4323 terra,
1128 4256 1374 4312 Charran
1424 4256 1828 4327 Mesopotamiae
1860 4257 2000 4327 petit
2020 4257 2099 4323 ⁸¹;

526 4344 797 4402 confinem
834 4347 1050 4403 scilicet
1096 4347 1286 4402 virtuti
1341 4357 1507 4418 atque
1543 4346 1675 4403 vitio
1711 4356 1913 4402 statum
1950 4347 2103 4404 :'hoc

525 4436 673 4491 enim
713 4438 819 4492 sibi
861 4440 981 4493 vult
1014 4440 1161 4510 quod
1209 4438 1458 4495 Charran
1508 4438 1734 4495 dicitur.
1781 4438 1876 4494 Sin
1916 4448 2099 4494 autem

2203 605 2296 660 νοῦ
2324 606 2639 677 κινημάτων
2669 606 2837 658 ἐστίν·
2873 605 3045 667 οὕτως
3076 606 3104 657 6
3136 603 3231 656 τοῦ
3262 604 3396 656 Θεοῦ
3429 604 3620 674 Λόγος,
3653 608 3774 659 κατ’

2202 697 2390 752 οὐσίαν
2437 696 2693 767 ἐγνωκὼς
2738 697 2830 749 τὸν
2876 693 3120 765 Πατέρα,
3154 695 3406 766 καθάπερ
3460 696 3632 764 Λόγος
3680 697 3773 749 τὸν

2202 791 2539 862 γεννήσαντα
2591 788 2756 852 Νοῦν,
2791 787 3005 850 οὐδενος
3039 786 3145 839 τῶν
3175 788 3451 856 γεννητῶν
3502 787 3777 860 προσϐάλ-

2201 882 2315 935 λειν
2352 881 2500 952 αὐτῷ
2540 882 2709 952 χωρὶς
2754 880 2918 934 αὐτοῦ
2950 879 3276 951 δυναμένου,
3308 880 3678 934 ἀποκαλύπτει
3710 883 3775 934 ὃν

2203 971 2346 1041 ἔγνω
2384 972 2625 1041 Πατέρα,
2660 972 2735 1034 ὡς
2766 971 2909 1023 κατὰ
2957 970 3118 1039 φύσιν
3147 970 3337 1037 Λόγος,
3370 970 3505 1041 καθὸ
3532 973 3621 1023 καί¹
3655 973 3775 1024 Με-

2203 1065 2373 1134 γάλης
2407 1063 2601 1133 βουλῆς
2627 1063 2857 1131 ἄγγελος
2897 1061 3139 1130 λέγεται.

2273 1161 2380 1223 κγ’.
2415 1155 2639 1226 Μεγάλη
2675 1155 2838 1225 βουλὴ
2880 1154 2973 1207 τοῦ
3002 1154 3136 1207 Θεοῦ
3163 1150 3256 1208 καὶ
3298 1154 3510 1224 Πατρός
3543 1159 3678 1220 ἐστι,
3710 1157 3776 1209 τδ

2204 1246 2564 1316 σεσιγημένον
2594 1247 2688 1299 καὶ
2734 1245 3013 1313 ἄγνωστον
3048 1249 3147 1317 τῆς
3196 1248 3510 1316 οἰκονομίας
3566 1251 3776 1319 μυστή-

2204 1356 2322 1409 ριον
2342 1355 2356 1369 ο
2406 1340 2541 1409 ὅπερ
2573 1337 2868 1409 πληρώσας
2897 1338 2984 1390 διὰ
3015 1337 3113 1407 τῆς
3142 1338 3471 1408 σαρκώσεως
3498 1341 3525 1390 ό
3548 1356 3778 1408 μονογε-

2200 1431 2300 1501 νὴς
2331 1429 2476 1495 Υἱὸς,
2509 1428 2877 1498 ἀπεκάλυψεν,
2910 1429 3141 1499 ἄγγελος
3156 1430 3446 1498 γενόμενος
3472 1428 3572 1498 τῆς
3602 1429 3777 1500 μεγά-

2200 1520 2299 1590 λης
2337 1520 2430 1573 τοῦ
2463 1520 2597 1573 Θεοῦ
2633 1520 2726 1573 καὶ
2778 1519 2991 1587 Πατρὸς
3045 1516 3139 1571 καῖ
3181 1518 3510 1589 προαιωνίου
3549 1518 3773 1589 βουλῆς.

2200 1611 2418 1664 Γίνεται
2448 1610 2504 1664 δὲ
2529 1612 2627 1681 τῆς
2663 1611 2910 1681 μεγάλης
2933 1608 3025 1662 τοῦ
3056 1608 3191 1662 Θεοῦ
3224 1608 3422 1680 βουλῆς
3454 1608 3708 1678 ἄγγελος,
3742 1612 3775 1663 ὁ

2200 1704 2364 1770 γνοὺς
2398 1701 2491 1755 τοῦ
2524 1702 2823 1773 μυστηρίου
2858 1702 2951 1754 τὸν
2986 1700 3166 1769 λόγον,
3210 1702 3304 1754 καὶ
3336 1701 3591 1753 τοσοῦτον
3624 1701 3774 1772 ἔργῳ

2200 1809 2261 1844 τε
2313 1792 2408 1846 καὶ
2457 1791 2601 1862 λόγῳ
2635 1792 2723 1845 διὰ
2772 1792 2989 1845 πάντων
3018 1791 3411 1861 ἀκαταλήκτως
3444 1790 3772 1861 ὖψοὺμενος,

2131 1880 2172 1933 Β
2208 1884 2402 1955 μέχρις
2434 1884 2502 1938 ἂν
2554 1884 2734 1954 φθάσῃ
2780 1884 2870 1937 τὸν
2919 1883 3056 1954 πρὸς
3089 1883 3250 1936 αὐτὸν
3280 1883 3535 1937 τοσοῦτον
3579 1883 3773 1936 κατελ-
3866 1911 3874 1919 ~

2200 1977 2382 2030 θόντα.

2270 2065 2368 2121 κδ’.
2412 2068 2483 2120 Ἐἰ
2533 2068 2599 2121 δι’
2647 2068 2795 2138 ἡμᾶς
2827 2068 2854 2121 6
2886 2064 2979 2120 τοῦ
3010 2066 3143 2120 Θεοῦ
3195 2067 3366 2135 Λόγος
3410 2064 3769 2136 οἰκονομικῶς

2199 2157 2468 2228 κατῆλθεν
2508 2161 2587 2221 εἷς
2609 2159 2677 2212 τὰ
2710 2158 2993 2229 κατώτερα
3024 2159 3166 2228 μέρη
3199 2158 3298 2227 τῆς
3329 2157 3451 2228 γῆς,
3483 2156 3577 2209 καὶ
3607 2157 3769 2225 ἀνῆλ-

2201 2249 2292 2302 Θεν
2317 2249 2573 2317 ὑπεράνω
2612 2249 2834 2304 πάντων
2862 2249 2970 2301 τῶν
3012 2248 3279 2319 οὐρανῶν,
3335 2249 3363 2300 6
3416 2250 3595 2317 πάντη
3627 2247 3770 2301 κατὰ

2201 2339 2366 2410 φύσιν
2415 2340 2670 2410 ἀκίνητος
2693 2356 2706 2369 ·
2762 2342 2820 2392 ἐν
2866 2338 3045 2410 ἑαυτῷ
3080 2342 3200 2394 κατ’
3229 2340 3542 2409 οἰκονομίαν
3572 2341 3663 2413 (z).
3696 2342 3767 2404 ὡς

2198 2429 2493 2502 ἀνθρώπῳ,
2536 2431 2886 2504 προενεργῶν
2916 2431 2983 2484 τὰ
3012 2429 3281 2501 ἐσόμενα·
3320 2434 3597 2486 σκοπείτω
3646 2435 3768 2504 χαί-

2203 2543 2309 2594 ρων
2342 2527 2640 2596 μυστικῶς,
2668 2528 2700 2581 ’ό
2732 2527 3046 2598 τῆν’φιλίαν
3080 2526 3324 2598 στέργων
3351 2527 3450 2596 τῆς
3492 2527 3764 2593 γνώσεως,

2199 2617 2381 2671 ὁποῖόν
2429 2619 2547 2670 ἐστι
2591 2618 2652 2670 τὸ
2677 2618 2800 2671 κάτ’
2834 2618 3168 2687 ἐπαγγελίαν
3191 2616 3340 2682 τέλος
3371 2618 3479 2670 τῶν
3508 2617 3760 2685 ἀγαπῶν⁸

2198 2727 2307 2763 των
2334 2709 2424 2763 τὸν
2444 2709 2675 2781 Κύριον.
2768 2704 2781 2715 “

2271 2893 2369 2941 κε’.
2410 2889 2470 2941 Εἰ
2502 2889 2587 2942 διὰ
2616 2889 2773 2943 τοῦτο
2804 2890 3025 2959 γέγονεν
3056 2891 3170 2954 υἱὸς
3202 2890 3489 2964 ἀνθρώπου
3535 2890 3631 2945 καὶ
3675 2890 3763 2943 ἄν·

2200 2976 2419 3050 θρωπος
2445 2981 2471 3032 6
2496 2979 2589 3033 τοῦ
2610 2979 2750 3033 ’Θεοῦ
2784 2979 2877 3033 καὶ
2909 2980 3121 3052 Πατρδς
3142 2982 3269 3044 Υἱὸς
3288 2980 3430 3046 ’Θεὸς
3453 2984 3625 3052 Λόγος
3661 2984 3757 3054 (7),

2200 3067 2288 3121 ἵνα
2321 3069 2520 3140 ποιήσῃ
2570 3068 2846 3131 οεοὺςκαὶ
2878 3071 3027 3132 υἱοὺς
3055 3069 3190 3123 Ε)εοῦ
3228 3071 3354 3135 τοὺς
3403 3072 3716 3144 ἀνθρώπους
3742 3089 3756 3104 ⁸

2201 3160 2318 3211 ἐκεῖ
2351 3154 2675 3231 γενήσεσθαι
2708 3160 3109 3231 πιστεύσωμεν,
3148 3162 3276 3215 ἔνθα
3308 3162 3403 3214 νῦν
3433 3164 3597 3227 αὐτός
3618 3166 3759 3217 ἐστιν

2199 3253 2227 3305 ὁ
2258 3251 2491 3322 Χριστὸς
2524 3237 2601 3314 ὡς
2634 3253 2845 3322 κεφαλὴ
2897 3252 2993 3306 τοῦ
3038 3253 3160 3306 ὅλου
3198 3251 3469 3324 σώματος,
3494 3256 3599 3307 καὶ
3630 3256 3766 3323 ὑπὲρ

2201 3342 2357 3411 ἡμῶν
2412 3342 2703 3413 γενόμενος
2758 3332 3067 3415 πρόδρομος
3114 3345 3248 3414 προς
3299 3345 3391 3399 τὸν
3439 3345 3678 3412 Πατέρα,
3708 3347 3768 3398 τὸ

2201 3431 2324 3484 καθ’
2353 3432 2521 3503 ἡμᾶς.
2550 3433 2778 3505 Ἐνγᾶρ
2814 3436 3114 3504 ’συναγωγῇ
3154 3435 3291 3488 Θεῶν
3313 3476 3327 3500 ,
3385 3436 3495 3488 τῶν
3532 3434 3770 3505 σωζομέ-

2200 3539 2344 3588 νων,
2402 3523 2555 3577 ἕσται
2589 3524 2721 3588 Θεὸς
2775 3524 2939 3596 μέσος
2993 3529 3300 3596 ἱστάμενος,
3356 3528 3628 3598 διανέμων
3666 3527 3767 3591 τὰς

2178 3614 2359 3679 Δἀξίας
2380 3617 2488 3686 ’τῆς
2515 3618 2724 3670 ἐκεῖθεν
2759 3619 3159 3691 μακαριότητος
3182 3638 3197 3652 ο
3249 3619 3478 3693 τοπικὴν
3504 3622 3602 3675 οὐκ
3629 3621 3769 3691 ἔχων

2201 3707 2310 3759 ἀπὸ
2338 3707 2447 3760 τῶν
2478 3708 2645 3774 ἀξίων
2671 3710 2975 3765 διάστασιν.

2271 3806 2385 3864 κς¹.
2421 3800 2480 3853 ’0
2519 3800 2617 3863 τὰς
2647 3802 2913 3871 ἐμπαθεῖς
2940 3804 3036 3874 τῆς
3061 3803 3263 3874 σαρκὸς
3290 3802 3497 3875 ὀρέξεις
3520 3804 3599 3859 ἔτι
3628 3804 3771 3874 πλη⁹

2204 3890 2314 3962 ρῶν
2344 3890 2442 3963 (8),
2479 3892 2556 3955 ὡς
2591 3891 2985 3965 εῑδωλολάτρης
3031 3896 3127 3948 καὶ
3165 3895 3506 3959 εἰδωλοποιδς
3534 3896 3632 3966 τὴν
3659 3895 3770 3965 γῆν

2178 3982 2343 4034 ὀἰκεῖ
2379 3980 2484 4034 τῶν
2514 3982 2796 4035 Χαλδαίων
2829 3982 2927 4052 (a).
2970 3982 3139 4038 Ἐπὰν
3175 3984 3232 4037 δὲ
3275 3985 3470 4056 μικρὸν
3517 3983 3583 4038 τὰ
3627 3986 3773 4054 πρᾶο

2178 4068 2387 4140 ⁴γματα
2439 4070 2744 4143 διακρίνας,
2794 4073 3050 4143 αἴσθησιν
3102 4074 3244 4146 λάϐῃ
3276 4076 3384 4128 τῶν
3415 4074 3772 4145 καθηκόντων

2200 4161 2297 4229 τῆς
2328 4162 2544 4231 φύσεως
2583 4161 2821 4235 τρόπων,
2856 4165 2954 4236 τὴν
2979 4166 3082 4237 γῆν
3113 4166 3223 4219 τῶν
3258 4163 3539 4221 Χαλδαίων
3587 4158 3772 4236 ἀφεὶς,

2203 4250 2424 4322 ἔρχεται
2449 4255 2528 4317 είς
2552 4255 2780 4327 Χαρρὰν
2803 4257 2902 4326 τῆς
2922 4254 3359 4328 ’Μεσοποταμίας
3386 4274 3399 4289 ο
3440 4258 3538 4328 τὴν
3575 4258 3776 4327 μεταί-

2201 4360 2360 4413 χμιον
2384 4343 2584 4416 ἀρετῆς
2608 4346 2704 4399 καὶ
2723 4346 2920 4406 κακίας
2941 4347 3084 4415 λέγω
3110 4349 3460 4410 κατάστασιν,
3478 4348 3578 4418 τὴν
3603 4349 3779 4419 μήπω

2200 4435 2298 4503 τῆς
2328 4437 2450 4488 κατ’
2477 4435 2728 4506 αἴσθησιν
2759 4437 2968 4506 πλάνης
2990 4436 3235 4508 καθαρὰν
3259 4438 3576 4508 γενομένην.
3601 4438 3780 4491 Τοῦτο

525 4527 689 4581 etiam
722 4527 1078 4595 mediocrem,
1115 4546 1237 4599 qua:
1267 4534 1431 4585 sensu
1468 4536 1760 4600 praestatur
1781 4528 1952 4594 ,‘boni
1992 4529 2094 4583 bo-

2201 4524 2310 4594 γὰρ
2337 4525 2369 4595 ή
2398 4526 2642 4597 Χαρράν.
2666 4526 2747 4579 Ἐξ
2798 4527 2855 4580 δὲ
2889 4528 2981 4580 καὶ
3036 4525 3133 4597 τὴν
3162 4528 3230 4582 δι’
3263 4527 3568 4599 αἰσθήσεως
3612 4545 3780 4595 γενο-

524 4618 782 4686 nestique
810 4616 1228 4688 intelligentiam
1255 4620 1582 4686 excesserit,
1618 4620 1846 4692 gradum
1877 4629 2096 4674 conten-

525 4709 618 4764 det
645 4709 711 4764 ad
737 4719 936 4765 terram
959 4711 1218 4782 Optimam
1247 4713 1334 4781 (ad
1357 4712 1607 4767 habitum
1630 4711 1839 4767 scilicet
1857 4712 1923 4765 ab
1947 4712 2095 4765 onmi

526 4798 659 4871 vitio
689 4808 745 4855 et
793 4801 1062 4872 pravitate
1096 4817 1161 4857 ac
1207 4802 1512 4874 ignorantia
1559 4799 1882 4869 immunem)
1932 4816 2093 4870 quem

595 4954 640 4987 ⁷⁸
663 4954 767 5027 lsa.
808 4972 881 5019 Ix,
916 4958 973 5011 6.
1049 4958 1094 4989 "
1123 4957 1324 5027 Ephes.
1346 4973 1419 5022 ιγ,
1444 4956 1502 5023 9,
1531 4956 1617 5009 ii).

524 5026 714 5083 28-51.

597 5171 669 5242 (z)
713 5173 846 5225 Κατ’
885 5174 1255 5242 οἰκονομίαν.
1318 5171 1476 5243 Quod
1517 5171 1595 5243 ita
1628 5166 1944 5243 frequenter
1992 5170 2105 5226 Bla-

522 5241 703 5324 simus
758 5243 1121 5324 ac‘theologi
1174 5243 1373 5324 reliqui
1406 5241 1483 5324 de
1541 5241 2107 5324 Christouloquuntur

524 5316 648 5381 (pro
677 5328 789 5382 quo
808 5313 977 5383 etiam
1003 5312 1363 5383 οἰκονομικῶς
1387 5312 1601 5382 dicunt)
1630 5313 1734 5366 etsi
1754 5313 2104 5383 dispensatio-

525 5383 606 5436 m‘s
636 5383 860 5436 nomine
910 5382 1092 5437 Latini
1133 5383 1335 5452 saepius
1387 5383 1731 5451 exprimunt,
1785 5398 1882 5437 seu
1936 5383 2101 5437 etiam

527 5452 853 5522 quandoque
874 5453 1045 5520 ipsam
1077 5468 1267 5507 vocem
1301 5452 1544 5507 Graecam
1567 5453 1845 5517 retinent;
1885 5468 1985 5522 ego
2015 5463 2095 5507 ta-

527 5534 652 5574 men
674 5521 894 5576 hominis
923 5524 1128 5576 ratione
1176 5532 1230 5576 et
1260 5522 1567 5576 humanitus
1624 5521 1940 5586 reddendo,
1985 5523 2091 5576 cla-

526 5589 655 5662 rius_
698 5589 943 5662 fortasse
988 5592 1326 5662 expressisse
1358 5592 1585 5658 videar;
1627 5591 1857 5662 formam
1924 5593 2095 5645 «leno-

529 5658 1289 5730 tandosecundulmquam,
1337 5662 1607 5717 altissimo
1652 5661 1745 5730 Dei
1803 5677 1868 5715 ac
1918 5662 2092 5716 Patris

529 5728 780 5810 consilio,
815 5729 931 5785 haec
964 5731 1042 5786 sic
1067 5728 1211 5787 dicta
1257 5741 1311 5787 ct
1336 5732 1652 5802 οἰκονομικὰ
1704 5729 1925 5786 Christo
1964 5744 2095 5786 con-

530 5808 771 5853 veniant.

1729 4955 1776 4986 ⁷¹¹
1792 4954 2005 5010 Coloss.
2042 4972 2079 5019 I,
2108 4955 2193 5010 18.

2206 4618 2375 4687 μένην
2402 4618 2711 4690 σύμμετρον
2740 4619 2830 4673 τοῦ
2858 4620 3022 4674 καλοῦ
3052 4620 3264 4673 σύνεσιν
3295 4619 3606 4690 ὑπερκύψῃ,
3633 4621 3782 4690 πρὸς

2203 4705 2304 4776 τὴν
2336 4708 2441 4777 γῆν
2468 4706 2742 4772 ὲπείξεται
2774 4709 2872 4780 τὴν
2903 4706 3136 4779 ἀγαθήν·
3169 4709 3314 4762 τοῦτ’
3354 4708 3524 4774 ἔστιν,
3555 4712 3633 4772 εἱς
3680 4710 3783 4781 τὴν

2204 4802 2385 4871 πάσης
2427 4801 2624 4865 κακίας
2661 4803 2756 4855 καὶ
2790 4800 3064 4870 ἀγνωσίας
3088 4802 3383 4872 ἐλευθέραν
3415 4800 3779 4858 κατάστασιν.

2300 4958 2350 4989 ⁷³
2382 4949 2547 5011 Hebr.
2573 4962 2645 5023 vi,
2676 4956 2767 5012 20.
2858 4959 2906 4991 “'°
2930 4958 3070 5027 Psal.
3098 4974 3275 5023 LXXXI,
3306 4959 3356 5011 1.
3460 4955 3785 5023 δ”ϐρτιῐδ

2276 5173 2353 5243 (a)
2396 5174 2515 5242 Τὴν
2541 5174 2659 5244 γῆν
2695 5176 2849 5229 οῑκεῖ
2863 5168 3590 5244 τῶνγΧαλδαίωνίΡΓαείνῑῑ
3608 5173 3783 5233 Maxi-

2200 5258 2293 5298 mo
2322 5242 2557 5310 Marcus,
2606 5260 2724 5314 cap.
2781 5246 2881 5305 l8,
2930 5242 3039 5296 τῶν
3081 5245 3379 5312 νηπτικῶν,
3405 5244 3499 5296 ubi
3534 5245 3778 5312 perinde

2197 5313 2578 5384 Chald:eorum
2602 5313 2802 5371 terram
2822 5315 2912 5368 τὸν
2944 5314 3165 5384 ἐμπαθῆ
3190 5314 3304 5384 βίον
3338 5314 3769 5382 interpretatur;

2198 5386 2362 5438 vitam
2396 5383 2749 5439 libidinosam.
2779 5385 2984 5440 Verum
3019 5384 3125 5439 hoc
3156 5383 3333 5454 ipsum
3373 5391 3653 5454 caputuac
3694 5398 3785 5437 sc-

2241 5470 2378 5509 ucns
2408 5455 2574 5509 habet
2596 5455 2862 5509 Maximus
2885 5470 3006 5523 cap.
3045 5455 3110 5508 48
3163 5451 3220 5508 et
3261 5454 3350 5515 4η,
3411 5451 3784 5522 pluribusque

2241 5470 2378 5509 uens
2410 5470 2862 5509 nanctmaxnmus
2885 5470 3006 5523 cap.
3045 5470 3110 5508 οδ
3163 5470 3220 5508 et
3261 5470 3350 5515 4η,
3411 5470 3780 5522 pluribusque

2200 5470 2303 5588 ὃτι.
2340 5525 2410 5578 ad
2437 5525 2789 5588 Thalassium,
2821 5526 2876 5579 in
2910 5526 3091 5578 locum
3136 5523 3409 5587 Jercmize,
3441 5536 3551 5591 quo
3581 5536 3780 5591 neces-

2199 5596 2332 5666 sitas
2385 5595 2667 5666 serviendi
2706 5596 2819 5666 regi
2867 5594 3156 5666 Babylonis
3194 5589 3632 5666 llierosolj'mitis
3683 5589 3785 5645 Ju—

2200 5663 2443 5736 daeisque
2470 5660 3051 5734 indiciturfquidquid
3102 5666 3222 5736 ejus
3267 5660 3629 5719 Providentia:
3666 5674 3779 5725 εει,

2198 5734 2412 5789 erudite
2436 5735 2633 5805 pieque
2662 5736 3003 5805 exsequitur.
