4060 6322
325 375 458 437 11ἀῖ

1142 377 1475 441 CAPITUM
1512 381 1784 444 THEOL.
1826 378 1920 441 ET
1959 378 2196 447 (ECON.
2238 389 2625 455 CENTURIA
2666 395 2746 456 II.

3426 395 3602 464 Il38-~

320 482 388 550 ἣν
418 480 447 529 ὁ
478 478 710 547 ἀψευδὴς
740 479 872 543 Θεὸς
895 481 1136 536 δείκνυσι
1163 488 1257 538 καὶ
1281 486 1678 556 ἐπαγγέλλεται
1700 487 1890 542 δώσειν

1996 490 2137 546 Deus
2165 497 2425 564 ostendit,
2454 515 2518 556 ac
2548 517 2606 556 se
2631 501 2888 557 daturum
2909 503 3066 574 quasi
3091 503 3309 562 virtutis
3339 510 3565 577 praemio

322 567 510 639 ὥσπερ
539 569 771 624 ἔπαθλον
795 573 1018 644 ἀρετῆς,
1052 579 1164 642 τοῖς
1195 579 1479 647 ἀγαπῶσιν
1504 582 1687 636 αὐτόν.

396 660 496 724 κζ’.
544 662 604 713 Εἰ
639 663 956 736 ἐσταυρώθη
989 667 1054 719 δι’
1085 670 1236 738 ἡμᾶς
1282 671 1341 738 ἐξ
1391 671 1676 735 ἀσθενείας
1717 674 1746 726 ὁ
1797 673 1892 727 τοῦ

327 751 458 804 Θεοῦ
493 752 688 821 Λόγος,
730 757 824 808 καὶ
867 757 1077 828 ἠγέρθη
1108 761 1173 813 ἐκ
1203 761 1483 832 δυνάμεως
1529 763 1687 831 Θεοῦ,
1737 765 1893 834 δῆλον

329 840 407 892 ὅτι
451 844 843 911 πνευματικῶς
890 846 960 898 δι’
1011 849 1160 918 ἡμᾶς
1190 850 1279 902 ἀεὶ
1316 849 1476 904 τοῦτο
1505 853 1599 906 καὶ
1631 855 1777 906 ποιεῖ
1801 855 1895 907 καὶ

326 931 565 1001 πάσχει·
614 935 689 998 ὡς
732 938 868 990 πᾶσι
916 937 1094 992 πάντα
1124 941 1430 1010 γινόμενος,
1471 944 1558 997 ἵνα
1593 941 1740 1016 σώσῃ
1769 945 1896 1008 τοὺς

323 1022 556 1088 πάντας.
613 1027 824 1081 Οὐκοῦν
876 1030 1060 1094 καλῶς
1087 1033 1116 1084 ό
1153 1032 1294 1100 θεῖος
1328 1033 1647 1098 Ἀπόστολος
1695 1036 1752 1092 ἐν
1781 1037 1895 1098 τοῖς

326 1117 634 1186 Κορινθίοις
669 1119 1007 1188 ἀσθενοῦσιν,
1043 1122 1194 1176 οὐδὲν
1226 1124 1438 1196 ἔκρινεν
1471 1125 1693 1194 εἰδέναι,
1725 1130 1774 1180 εἰ
1819 1127 1894 1199 μὴ

337 1204 545 1274 Ἰησοῦν
585 1207 838 1276 Χριστὸν,
880 1210 974 1262 καὶ
1023 1210 1211 1264 τοῦτον
1273 1213 1706 1285 ἐσταυρωμένον.
1737 1215 1894 1284 Ἐφε-

326 1299 462 1362 σίοις
493 1299 550 1352 δὲ
602 1300 821 1371 γράφει,
853 1303 1078 1368 τελείοις
1104 1301 1244 1370 οὖσι,
1285 1303 1346 1358 τὸ
1367 1345 1380 1368 ,
1437 1306 1763 1374 Συνήγειρε
1794 1305 1893 1357 καὶ

323 1391 727 1446 συνεκάθισεν
776 1393 935 1461 ἡμᾶς
967 1398 1000 1450 ὁ
1056 1396 1200 1461 Θεὸς
1247 1397 1316 1449 ἐν
1352 1395 1476 1462 τοῖς
1514 1396 1894 1464 ἐπουρανίοις

321 1483 391 1535 ἑν
420 1483 651 1551 Χριστῷ
695 1486 889 1549 Ἰησοῦ
911 1503 925 1516 ⁸
971 1487 1114 1540 κατὰ
1138 1487 1234 1559 τὴν
1262 1488 1637 1556 ἀναλογοῦσαν
1679 1489 1894 1558 ἑκάστῳ

323 1575 574 1645 δύναμιν,
632 1576 723 1630 τὸν
766 1575 862 1630 τοῦ
913 1578 1049 1631 Θεοῦ
1111 1580 1282 1647 Λόγον
1341 1578 1589 1648 γίνεσθαι
1647 1579 1894 1649 φάσκων.

326 1669 661 1740 Σταυροῦται
686 1670 866 1725 τοίνυν
895 1675 1008 1736 τοῖς
1036 1671 1116 1726 ἔτι
1160 1673 1295 1742 πρὸς
1328 1672 1611 1726 εὐσέϐειαν
1658 1687 1895 1742 πρακτι-

326 1761 436 1826 κῶς
459 1764 850 1832 εἰσαγομένοις,
875 1766 972 1828 τὰς
995 1765 1263 1835 ἐμπαθεῖς
1284 1763 1464 1818 αὐτῶν
1486 1764 1562 1834 τῷ
1588 1764 1718 1833 θείῳ
1745 1762 1895 1832 φόϐῳ

327 1855 613 1926 προσηλῶν
660 1856 959 1928 ἐνεργείας.
996 1858 1304 1911 Ἀνίσταται
1341 1858 1398 1912 δὲ
1435 1859 1529 1912 καὶ
1563 1858 1767 1912 ἄνεισιν
1816 1858 1896 1921 εἰς

325 1941 608 2010 οὐρανοὺς,
645 1945 756 2006 τοῖς
785 1944 904 1998 ὅλον
937 1945 1028 1998 τὸν
1054 1945 1282 2001 παλαιὸν
1313 1946 1780 2017 ἀπεκδυσαμένοις
1803 1947 1895 2000 ἄν·

326 2031 562 2103 θρωπον,
595 2033 685 2088 τὸν
722 2035 1077 2107 φθειρόμενον
1110 2039 1252 2091 κατὰ
1302 2038 1402 2101 τὰς
1452 2039 1750 2109 ἐπιθυμίας
1795 2039 1896 2108 τῆς

327 2122 545 2191 ἀπάτης
564 2141 579 2155 ·
610 2126 702 2178 καὶ
728 2126 847 2180 ὅλον
877 2127 966 2181 τὸν
991 2128 1109 2181 νέον
1135 2129 1536 2200 ἐνδυσαμένοις,
1565 2129 1656 2184 τὸν
1688 2130 1774 2182 διὰ
1800 2129 1894 2184 τοῦ

327 2215 636 2285 πνεύματος
669 2221 790 2271 κατ’
826 2220 1011 2272 εἰκόνα
1049 2220 1186 2274 Θεοῦ
1231 2221 1576 2291 κτιζόμενον,
1616 2222 1712 2276 καὶ
1755 2221 1895 2293 πρὸς

324 2304 417 2356 τὸν
469 2306 688 2377 Πατέρα
751 2309 848 2378 τῆς
905 2311 964 2362 ἐν
1015 2312 1202 2375 αὐτοῖς
1234 2337 1236 2339 >
1270 2313 1491 2382 χάριτος
1546 2311 1892 2383 γενομένοις⁶

335 2397 638 2466 ’Υπεράνω
667 2399 876 2468 πάσης
913 2401 1122 2470 Ἇρχῆς
1154 2403 1252 2456 καὶ
1300 2402 1620 2470 Ἐξουσίας
1650 2403 1746 2456 καί
1789 2405 1896 2456 Δυ-

324 2485 557 2554 νάμεως
607 2489 706 2541 καὶ
758 2492 1137 2558 Κυριότητος,
1181 2491 1276 2546 καὶ
1323 2493 1551 2558 παντὸς
1605 2493 1897 2560 ὀνόματος

325 2575 778 2647 ὀνομαζομένου,
812 2583 932 2636 εἴτε
987 2585 1057 2636 ἐν
1096 2584 1176 2650 τῷ
1209 2585 1380 2638 αἰῶνι
1405 2586 1612 2652 τούτῳ,
1656 2586 1776 2639 εἴτε
1827 2585 1897 2638 ἐν

324 2663 404 2730 τῷ
425 2667 734 2736 μέλλοντι.
769 2674 954 2728 Πάντα
983 2675 1092 2747 γὰρ
1139 2677 1207 2730 τὰ
1256 2678 1395 2746 μετὰ
1419 2677 1569 2742 Θεὸν,
1622 2678 1714 2730 καὶ
1753 2678 1898 2749 πρά-

324 2772 512 2824 γματα
559 2761 655 2812 καὶ
697 2761 936 2831 ὀνόματα
987 2767 1082 2818 καὶ
1128 2765 1438 2837 ἀξιώματα,
1471 2767 1576 2820 ὑπὸ
1603 2767 1694 2822 τὸν
1732 2768 1792 2822 ἐν
1819 2768 1898 2840 τῷ

325 2847 444 2920 Θεῷ
469 2849 558 2903 διά
583 2853 682 2922 τῆς
708 2855 933 2924 χάριτος
962 2857 1328 2928 γενησόμενον
1353 2858 1525 2914 ἔσται.

397 3033 504 3097 κη’.
547 3027 761 3100 Ὥσπερ
791 3031 899 3102 πρὸ
931 3036 1031 3102 τῆς
1064 3033 1345 3105 ἐμφανοῦς
1393 3038 1488 3091 καὶ
1540 3038 1686 3093 κατὰ
1719 3040 1899 3112 σάρκα

327 3121 633 3189 παρουσίας
675 3122 772 3194 (9),
803 3124 1015 3193 νοητῶς
1062 3128 1090 3178 ὁ
1135 3128 1227 3180 τοῦ
1255 3127 1405 3196 ίΘεοῦ
1445 3131 1618 3200 Λόγος
1640 3134 1754 3204 τοῖς
1788 3151 1896 3187 πα-

325 3212 614 3282 τριάρχαις
649 3215 746 3267 καὶ
792 3219 1103 3288 προφήταις
1153 3220 1426 3291 ἐνεδήμει,
1491 3225 1788 3294 προτυπῶν
1831 3226 1898 3280 τὰ

330 3304 609 3374 μυστήρια
639 3305 738 3375 τῆς
789 3307 954 3360 αὑτοῦ
1004 3312 1349 3380 παρουσίαςο
1414 3313 1557 3367 οὕτω
1611 3315 1706 3368 καὶ
1763 3317 1900 3386 μετά

325 3393 532 3464 ταύτην
573 3396 673 3466 τὴν
709 3397 992 3469 ὲνδημίαν,
1023 3401 1085 3454 οὐ
1128 3402 1289 3472 μόνον
1323 3404 1382 3457 ἐν
1420 3406 1531 3468 τοῖς
1575 3404 1656 3458 ἔτι
1687 3407 1899 3476 νηπίοις

328 3488 718 3558 παραγίνεται,
783 3490 1088 3562 διατρέφων
1149 3495 1539 3566 πνευματικῶς
1597 3498 1694 3551 καὶ
1752 3499 1900 3566 ἄγων

329 3579 465 3649 πρὸς
504 3581 719 3650 ἡλικίαν
749 3583 848 3652 τῆς
872 3584 1016 3638 κατά
1046 3586 1181 3638 Θεὸν
1216 3572 1560 3658 τελειότητος
1584 3606 1598 3619 ·
1635 3587 1772 3642 ἀλλά
1803 3589 1897 3642 καὶ

327 3673 385 3726 ἐν
413 3677 523 3738 τοῖς
552 3676 802 3740 τελείοις,
843 3680 1268 3752 προδιαγράφων
1306 3684 1494 3744 αὐτοῖς
1522 3686 1772 3754 κρυφίως
1802 3689 1900 3755 τῆς

329 3765 637 3835 μελλούσης
681 3768 848 3820 αὑτοῦ
901 3773 1207 3837 παρουσίας
1236 3773 1312 3835 ὼς
1358 3776 1415 3827 ἐν
1445 3776 1612 3827 εἰκόνι
1643 3775 1770 3838 τοὺς
1804 3793 1900 3844 χα-

332 3857 634 3925 ρακτῆρας.

400 3947 502 3999 κον.
521 3947 732 4018 Ὥσπερ
764 3949 812 4001 oi
845 3949 1130 4020 τοῦνόμου
1156 3954 1379 4008 καὶτῶν
1411 3956 1706 4025 προφητῶν
1730 3957 1897 4025 λόγοι,

329 4038 627 4108 πρόδρομοι
655 4040 1016 4108 τυγχάνοντες
1045 4045 1142 4114 τῆς
1195 4046 1334 4100 κατὰ
1364 4047 1543 4117 σάρκα
1578 4048 1673 4100 τοῦ
1726 4051 1900 4118 Λόγου

327 4133 650 4204 παρουσίας,
686 4134 785 4197 τὰς
821 4135 1002 4205 ψυχὰς
1031 4137 1108 4200 εἰς
1158 4138 1392 4208 Χριστὸν
1449 4139 1860 4209 ἐπαιδαγώγουν
1885 4162 1896 4173 ·

326 4225 469 4280 οὕτω
496 4226 592 4279 καὶ
619 4227 780 4290 αὐτὸς
804 4227 833 4279 ό
865 4228 1254 4299 δεδοξασμένοις
1279 4229 1374 4284 τοῦ
1402 4229 1536 4284 Θεοῦ
1572 4232 1744 4300 Λόγος
1770 4250 1901 4305 σαρ-

328 4317 546 4381 κωθεὶς,
598 4319 908 4390 πρόδρομος
933 4321 1033 4390 τῆς
1063 4325 1444 4395 πνευματικῆς
1474 4323 1642 4378 αὐτοῦ
1693 4343 1901 4398 παρου⁴

331 4409 453 4472 σίας
485 4411 775 4481 γεγένηται
801 4428 815 4442 ο
881 4414 1252 4482 παιδαγωγῶν
1301 4415 1400 4479 τὰς
1426 4415 1607 4486 ψυχὰς
1646 4416 1735 4470 διὰ
1790 4417 1899 4470 τῶν

327 4504 542 4556 οἰκείων
567 4503 760 4572 λόγων,
798 4505 934 4576 πρὸς
969 4505 1233 4577 ὑποδοχὴν
1275 4508 1376 4576 τῆς
1432 4509 1706 4579 ἐμφανοῦς
1735 4509 1900 4563 αὐτοῦ

289 4629 293 4632 -
329 4594 516 4664 θεῖκῆς
550 4597 854 4666 παρουσίας
878 4615 890 4628 ·
925 4598 994 4667 ἢν
1022 4598 1108 4651 ἀεὶ
1139 4598 1239 4668 μὲν
1268 4601 1522 4665 ποιεῖται,
1553 4601 1902 4670 μεταϐάλλων

327 4687 435 4740 ἀπὸ
464 4688 562 4758 τῆς
609 4689 811 4760 σαρκὸς
861 4689 996 4760 πρὸς
1047 4690 1107 4744 τὺ
1154 4690 1375 4760 πνεῦμα
1425 4691 1515 4745 διὰ
1548 4692 1655 4746 τῶν
1690 4694 1900 4763 ἀρετῶν

325 4779 452 4842 τοὺς
501 4779 687 4844 ἀξίους
710 4795 724 4811 ο
773 4783 991 4852 ποιήσει
1037 4782 1096 4835 δὲ
1143 4783 1240 4838 καὶ
1270 4770 1532 4838 ἐπιτέλει
1559 4783 1653 4838 τοῦ
1679 4785 1896 4855 αἰῶνος,

330 4870 588 4939 ἐμφανῶς
617 4870 1026 4925 ἀποκαλύπτων
1055 4871 1124 4926 τὰ
1155 4873 1294 4937 τέως
1319 4875 1486 4929 πᾶσιν
1515 4875 1824 4948 ἀπόρρητα.

1994 585 2304 653 pollicetur,
2333 589 2418 645 his
2444 592 2538 660 qui
2565 593 2742 663 ipsum
2774 593 3027 665 diligunt.

2064 676 2152 730 27.
2213 678 2497 750 Siquidem
2541 684 2638 739 Dei
2688 683 2879 739 Sermo
2916 702 3003 743 ex.
3032 685 3350 746 inﬁrmitate
3391 694 3566 748 nostri

1995 787 2160 827 causa
2181 773 2478 830 cruciﬁxus
2503 783 2608 844 est,
2638 787 2696 832 et
2724 781 3026 834 resurrexit
3052 780 3108 840 in
3136 781 3342 836 virtute
3367 784 3525 839 Dei“
3549 803 3564 851 ;

1994 863 2154 932 plane
2186 865 2360 934 liquet
2385 866 2438 920 id
2465 882 2592 922 eum
2625 883 2842 938 semper
2864 879 3090 940 propter
3116 885 3218 926 nos
3245 873 3568 942 spiritaliter

1994 969 2179 1026 agere,
2216 963 2439 1027 tumque
2468 959 2547 1013 illi
2568 961 2849 1028 accidere;
2875 962 3050 1038 utqui
3089 962 3348 1020 omnibus
3383 966 3570 1023 omnia

1995 1047 2108 1113 fiat,
2156 1057 2217 1104 ut
2241 1063 2432 1105 omnes
2479 1052 2658 1106 salvos
2693 1051 2876 1107 faciat.
2916 1053 3086 1109 Recte
3138 1054 3307 1125 igitur
3350 1057 3570 1114 divinus

1994 1139 2290 1210 Apostolus
2317 1182 2331 1207 ,
2375 1141 2519 1212 apud
2575 1142 2924 1211 Corinthios,
2966 1147 3062 1216 qui
3109 1147 3312 1203 infirmi
3359 1158 3564 1217 essent,

1994 1231 2135 1287 nihil
2186 1247 2245 1286 se
2280 1232 2548 1302 judicavit
2589 1234 2731 1290 scire
2782 1236 2890 1291 nisi
2935 1236 3120 1292 Jesum
3150 1237 3453 1306 Christum,
3506 1252 3564 1298 et

1995 1322 2144 1377 hunc
2195 1323 2606 1379 cruciﬁxum”.
2635 1326 2890 1396 Ephesiis
2939 1335 3144 1394 autem,
3188 1329 3282 1400 qui
3332 1331 3564 1402 perfecti

1994 1413 2154 1487 491
2179 1424 2382 1481 essent,
2414 1417 2468 1470 in
2503 1417 2619 1472 haec
2649 1418 2814 1472 verba
2861 1420 3054 1474 scribit
3083 1438 3095 1473 :
3132 1420 3568 1478 Conresusritavit

1996 1524 2090 1561 nos
2114 1548 2128 1572 ,
2195 1517 2246 1562 et
2285 1509 2566 1564 consedere
2601 1526 2694 1564 nos
2745 1511 2863 1581 fecit
2906 1512 3044 1567 Deus
3098 1515 3152 1568 in
3184 1515 3474 1570 calestibus
3512 1518 3569 1572 in

1996 1598 2201 1654 Christo
2260 1599 2480 1668 Iesu“;
2515 1617 2619 1672 pro
2674 1604 2939 1674 cujusque
2994 1605 3268 1663 facultatis
3304 1609 3567 1673 modulo,

1995 1691 2091 1746 Dei
2123 1691 2442 1748 Sermonem
2474 1709 2538 1749 ac
2564 1694 2802 1750 Verbum
2827 1712 2885 1751 se
2909 1697 3111 1753 habere
3141 1699 3348 1754 dicens.
3383 1701 3571 1772 Itaque

1997 1785 2360 1856 cruciﬁgitur,
2391 1787 2479 1851 iis,
2508 1787 2601 1856 qui
2633 1787 2866 1850 actionis
2892 1790 3043 1844 cultu
3073 1790 3144 1845 ad
3179 1791 3436 1860 pietatem
3472 1810 3569 1848 ι-ιι⁴

1999 1877 2240 1932 dimenta
2284 1887 2528 1948 ponunt,
2561 1895 2679 1946 seu,
2711 1880 2804 1951 qui
2839 1881 2928 1936 illa
2971 1881 3339 1948 inducuntur,
3375 1899 3568 1938 eorum

1996 1969 2321 2025 libidinosas
2348 1971 2592 2041 vitioque
2643 1981 2929 2028 concretas
2969 1974 3215 2030 actiones
3257 1973 3447 2030 divino
3497 1975 3568 2029 ti-

1996 2075 2147 2115 more
2175 2060 2473 2132 conﬁgens.
2507 2061 2910 2133 Resurgitvero
2933 2071 2987 2119 et
3019 2063 3075 2117 in
3096 2063 3265 2119 caelos
3295 2061 3565 2128 ascendit,

1997 2151 2104 2216 his,
2134 2151 2228 2222 qui
2271 2159 2511 2222 veterem
2565 2160 2740 2208 totum
2797 2153 3075 2210 hominem
3121 2161 3417 2220 exuentes,
3472 2155 3569 2225 qui

1997 2240 2374 2311 corrumpitur
2411 2241 2712 2296 secundum
2771 2241 3047 2298 desideria
3100 2244 3342 2310 erroris,
3394 2253 3568 2298 totum

1999 2344 2199 2384 novum
2231 2330 2554 2395 induerunt,
2586 2329 2680 2400 qui
2715 2345 2813 2400 per
2838 2329 3102 2401 Spiritum
3135 2339 3352 2386 creatur
3368 2345 3572 2386 secun-

1998 2421 2128 2476 dum
2152 2422 2248 2475 Dei
2275 2422 2568 2491 imaginem
2590 2420 2672 2487 ⁸⁵;
2720 2431 2776 2476 et
2799 2422 2866 2476 ad
2892 2423 3032 2493 ejus,
3067 2438 3188 2492 qua:
3232 2421 3287 2475 in
3322 2421 3431 2475 illis
3463 2429 3566 2483 est,

1996 2513 2182 2582 gratia:
2230 2512 2518 2582 Parentem
2543 2521 2838 2567 evaserunt
2870 2530 2883 2567 :
2912 2511 3081 2582 Super
3110 2528 3317 2566 omnem
3357 2511 3568 2566 Princi-

1998 2609 2184 2670 patum
2214 2608 2260 2654 et
2289 2600 2612 2654 Potestatem
2643 2599 3001 2670 Virtutemque
3039 2609 3087 2654 et
3120 2600 3580 2663 Dominationem,

1998 2700 2048 2743 et
2080 2706 2231 2744 omne
2257 2705 2444 2744 nomen
2481 2691 2620 2760 quod
2658 2692 2963 2744 nominatur
2986 2691 3091 2744 sive
3121 2691 3177 2744 in
3223 2691 3317 2743 Ιιοσ
3355 2689 3568 2754 εωειιίο,

1996 2782 2104 2835 sive
2136 2783 2192 2835 in
2216 2780 2478 2852 futuro".
2521 2779 2717 2836 Omnia
2747 2781 2894 2834 enim
2943 2795 3065 2850 qua:
3113 2796 3143 2835 a
3187 2780 3299 2834 Deo
3331 2777 3570 2834 secunda

1999 2882 2148 2939 sunt,
2185 2890 2274 2930 res
2306 2873 2514 2943 pariter
2541 2881 2598 2929 et
2629 2873 2806 2943 capita
2840 2880 2897 2927 et
2926 2871 3243 2942 dignitates,
3278 2870 3378 2936 illi,
3399 2868 3493 2940 qui
3515 2869 3570 2923 in

1999 2967 2112 3022 Deo
2146 2981 2245 3035 per
2273 2966 2503 3036 gratiam
2533 2965 2657 3029 erit,
2692 2964 3077 3034 subjicientur.

2067 3056 2156 3112 28.
2197 3055 2669 3122 Quemadmodum
2709 3064 2834 3108 ante
2880 3053 3239 3122 conspicuum
3287 3068 3351 3106 ac
3405 3065 3573 3106 carne

1925 3174 1970 3238 ο
2003 3149 2314 3202 exhibitum
2357 3147 2656 3202 adventum
2683 3185 2698 3210 ,
2742 3143 2840 3238 Dei
2877 3144 3072 3238 Sermo
3109 3142 3435 3238 spiritaliter
3473 3157 3574 3238 pa:-

2003 3240 2262 3295 triarchis
2315 3247 2371 3294 et
2418 3238 2704 3309 prophetis
2748 3235 3120 3301 adveniebat,
3164 3235 3434 3289 adventus
3486 3233 3575 3289 sui

1999 3329 2263 3400 mysteria
2293 3328 2652 3398 praeﬁgurans
2678 3344 2692 3380 :
2720 3327 2802 3382 sic
2835 3341 3060 3396 quoque
3094 3341 3161 3380 eo
3189 3326 3301 3396 jam
3337 3323 3573 3379 adventu

2000 3421 2305 3490 completo,
2341 3436 2452 3475 non
2479 3419 2640 3475 modo
2665 3418 2774 3474 illis
2811 3418 3072 3483 advenit,
3105 3417 3199 3487 qui
3227 3417 3411 3471 adhuc
3449 3432 3576 3486 par-

1998 3512 2113 3566 vuli
2142 3519 2272 3567 sunt
2297 3551 2310 3574 ,
2340 3526 2479 3581 quos
2503 3511 2828 3582 spiritaliter
2851 3509 2962 3564 alat
2989 3549 3003 3573 ,
3039 3516 3097 3563 et
3129 3508 3196 3562 ad
3228 3508 3348 3578 ejus
3391 3508 3573 3577 perfe-

2001 3602 2202 3657 ctionis
2239 3609 2480 3665 aetatem,
2510 3617 2630 3670 qua:
2669 3608 2753 3655 cst
2796 3598 3100 3654 secundum
3139 3598 3334 3663 Deum,
3375 3598 3574 3662 ducat;

2001 3710 2194 3750 verum
2229 3697 2396 3748 etiam
2427 3692 2711 3761 perfectis,
2747 3692 2964 3746 occulte
2988 3692 3070 3746 eis
3099 3690 3274 3746 futuri
3303 3690 3576 3746 adventus

2002 3783 2087 3837 sui
2115 3783 2464 3836 characteres
2485 3781 2639 3836 velut
2661 3782 2716 3835 in
2744 3781 2980 3852 imagine
3003 3782 3316 3854 designans.

2071 3957 2161 4012 29.
2201 3955 2681 4021 Quemadmodum
2725 3958 2862 4028 legis
2909 3974 2974 4014 ac
3013 3958 3412 4028 prophetarum
3459 3974 3576 4014 ser-

2002 4061 2216 4111 mones,
2241 4046 2336 4114 qui
2359 4046 2646 4101 Sermonis
2674 4045 2729 4100 in
2767 4061 2932 4101 carne
2961 4048 3080 4118 (seu
3115 4045 3305 4116 Verbi)
3339 4064 3579 4118 praecur-

2002 4146 2156 4186 sores
2175 4139 2382 4196 essent,
2414 4147 2514 4202 pro
2537 4133 2816 4205 pmdagogi
2839 4135 2997 4205 quasi
3021 4150 3251 4190 munere
3277 4136 3487 4191 animas
3508 4137 3574 4191 ad

2002 4224 2282 4287 Christum
2325 4225 2696 4282 erudiebant:
2747 4227 2828 4282 sic
2870 4235 2925 4282 et
2957 4228 3073 4297 ipse
3119 4227 3453 4283 clarificatus
3480 4228 3575 4283 Dei

2005 4313 2199 4370 Sermo
2242 4314 2564 4370 incarnatus
2583 4357 2596 4380 ,
2624 4315 2890 4386 Spiritalis
2913 4317 3188 4372 adventus
3215 4317 3301 4372 sui
3332 4333 3576 4387 przecur-

2004 4422 2097 4462 sor
2121 4407 2354 4462 effectus
2371 4417 2451 4463 est
2463 4449 2477 4474 ,
2500 4424 2599 4478 per
2616 4423 2904 4464 sermones
2919 4426 3050 4464 suos
3065 4417 3230 4482 atque
3247 4410 3576 4475 doctrinam,

1932 4500 1977 4556 D
2005 4500 2123 4570 ipse
2167 4516 2390 4572 quoque
2439 4501 2508 4557 ad
2559 4501 2923 4572 conspicuum
2972 4501 3222 4557 divinum
3279 4503 3577 4558 adventum

2003 4609 2165 4648 suum
2215 4594 2652 4664 suscipiendum,
2695 4594 2912 4648 animos
2961 4594 3242 4662 erudiens.
3303 4594 3579 4650 lluneille

2003 4684 2298 4738 adventum
2354 4699 2572 4754 semper
2615 4683 2770 4752 facit,
2801 4684 3071 4738 virtutum
3131 4684 3284 4738 cultu
3334 4700 3430 4739 eos
3484 4684 3576 4754 qui

2002 4774 2153 4846 digni
2185 4776 2300 4830 sint
2346 4790 2378 4829 a
2421 4790 2588 4830 carne
2634 4775 2701 4829 ad
2748 4774 3007 4844 spiritum
3062 4783 3414 4839 convertens,
3464 4783 3578 4829 tum

1998 4883 2133 4923 vero
2180 4868 2348 4928 etiam
2407 4866 2463 4922 in
2507 4867 2616 4922 fine
2659 4867 2850 4938 saeculi
2876 4867 3134 4923 facturus
3177 4877 3296 4934 est,
3349 4883 3414 4922 ea
3460 4883 3580 4939 quae

1904 4987 1908 4990 ·
2005 4963 2220 5019 cunctis
2245 4961 2516 5028 hactenus
2534 4976 2733 5024 arcana
2755 4968 2904 5027 sunt,
2932 4960 3108 5030 palam
3137 4959 3368 5026 faciens.

397 5045 464 5099 λ’.
491 5046 655 5100 Ὅσον
681 5046 792 5113 ἐγώ
821 5048 938 5116 εἰμι
982 5047 1180 5118 ἀτελὴς
1226 5049 1320 5102 καὶ
1371 5048 1765 5115 ἀνυπότακτος,
1825 5052 1898 5124 μὴ

325 5137 621 5192 ὑπακούων
660 5135 754 5190 τοῦ
803 5137 942 5190 Θεοῦ
989 5138 1078 5192 διὰ
1124 5140 1228 5209 τῆς
1278 5142 1545 5211 ἐργασίας
1603 5142 1713 5196 τῶν
1747 5144 1898 5198 ἐντο-

327 5229 436 5282 λῶν
465 5229 558 5300 (b)'
615 5229 755 5301 μήτε
799 5232 1082 5302 γινόμενος
1113 5231 1253 5286 κατά
1307 5233 1405 5304 τὴν
1448 5234 1649 5302 γνῶσιν
1695 5235 1901 5306 τέλειος

327 5326 448 5386 ταῖς
475 5324 669 5396 φρεσίν
690 5341 704 5355 ο
759 5324 959 5395 ἀτελὴς
1006 5326 1102 5379 καὶ⁹
1153 5325 1530 5390 ἀνυπότακτος
1559 5327 1619 5380 τὸ
1649 5331 1767 5380 κατ’
1798 5330 1897 5400 ἐμὲ

327 5417 425 5471 καὶ
453 5416 688 5488 Χριστὸς
712 5416 992 5488 νομίζεται
1026 5417 1094 5470 δι’
1126 5419 1229 5488 ἐμέ
1251 5434 1266 5448 ⁸
1305 5417 1444 5488 μειῶ
1472 5419 1582 5489 γὰρ
1612 5419 1776 5472 αὐτὸν
1803 5422 1900 5475 καὶ

391 5576 514 5703 “2"”
553 5575 680 5632 Cor.
715 5593 826 5643 xm,
857 5579 908 5633 4.
982 5578 1074 5633 ⁸³1
1111 5577 1236 5633 Cor.
1273 5593 1332 5642 ιι,
1363 5580 1415 5633 2.

335 5662 483 5704 ’,21-

1505 5581 1550 5612 ⁸³
1574 5581 1775 5651 Ephcs.
1808 5597 1865 5647 ιι,
1901 5582 1953 5637 6.

2078 5054 2165 5111 ὅθ.
2206 5053 2462 5120 Quandiu
2497 5069 2599 5124 ego
2635 5053 2997 5122 imperfectus
3035 5067 3160 5107 sum
3192 5059 3249 5106 et
3285 5066 3396 5106 non
3443 5049 3578 5104 sub-

2001 5149 2202 5219 jectus,
2246 5144 2342 5214 qui
2387 5143 2642 5198 mandata
2684 5142 2964 5212 implendo
2986 5183 3002 5208 ,
3036 5142 3150 5196 Dco
3183 5156 3294 5196 non
3325 5157 3575 5211 paream;

2005 5252 2130 5301 nec,
2192 5234 2338 5305 quod
2391 5235 2588 5288 attinet
2630 5232 2697 5287 ad
2742 5232 3056 5298 scientiam,
3108 5231 3276 5287 animi
3322 5233 3580 5287 sensibus

2007 5326 2291 5399 perfectus
2328 5324 2484 5391 fiam;
2531 5325 2699 5380 etiam
2730 5324 2988 5380 Christus
3015 5323 3118 5380 mei
3145 5340 3309 5379 causa
3331 5365 3346 5389 ,
3390 5332 3582 5396 quale-

2010 5436 2117 5476 nus
2137 5421 2326 5483 homo,
2360 5412 2717 5489 imperfectus
2745 5425 2801 5472 et
2824 5417 2942 5487 ipse
2963 5417 3124 5472 audit
3142 5425 3198 5473 et
3251 5433 3362 5472 non
3392 5417 3580 5488 subje—

2048 5582 2092 5613 εδ
2120 5582 2324 5652 Ephcs.
2357 5598 2429 5648 IV,
2477 5579 2672 5646 22-24;
2697 5576 2905 5633 Coloss.
2944 5593 3023 5644 ιιι,
3055 5575 3109 5645 9,
3153 5575 3236 5633 10.
3309 5576 3355 5610 ⁸⁸
3385 5573 3579 5645 Ephes.

397 5782 470 5847 (6)
501 5781 624 5837 llaec
645 5783 891 5852 pluribus
920 5786 1216 5860 Gregorius
1243 5787 1395 5857 Naz.,
1424 5800 1565 5847 orat.
1592 5792 1625 5846 4
1645 5791 1720 5846 Dc
1746 5787 2022 5860 theologia.
