4122 6320
482 351 616 419 1139

1641 358 1703 418 S.
1739 359 2026 420 ΜΑΧΙΜῘ
2064 360 2567 427 CONFESSORIS

3583 364 3712 431 ilio

477 476 618 526 rtus.
654 471 842 529 Minuo
876 474 1023 531 enim
1047 491 1171 531 eum
1205 483 1261 531 et
1289 474 1515 538 dctcro,
1551 474 1644 544 qui
1668 474 1897 545 paribus
1924 491 2049 531 cum

2160 476 2384 544 κολοδῶ,
2424 480 2498 552 μὴ
2548 479 2891 545 συναυξάνων
2946 476 3098 545 αὐτῷ
3147 477 3288 532 κατὰ
3337 479 3588 550 πνεῦμα,
3646 482 3724 547 ὡς

479 557 578 616 illo
602 566 912 634 augmentis
944 581 1055 620 non
1082 581 1350 629 crescam,
1380 581 1504 621 cum
1533 564 1738 621 Christi
1766 580 1969 637 corpus
1992 575 2049 622 et

481 650 728 709 membra
760 671 827 710 ex
853 663 1010 726 parte
1042 657 1304 713 exsistam
1330 658 1399 710 ⁸⁷.

548 743 712 815 492
762 745 850 800 51.
886 745 1069 802 Oritur
1100 748 1199 813 sol,
1235 757 1282 802 et
1312 750 1498 803 accidit
1524 748 1639 814 sol,
1676 750 1858 819 inquit
1902 751 2049 806 Scri—

482 845 645 906 ptura
695 836 763 892 ⁸⁸.
811 838 985 908 Igitur
1035 850 1092 895 et
1143 842 1322 910 ipsum
1354 841 1621 906 Verbum,
1678 859 1776 898 seu
1829 843 2045 909 Sermo,

478 926 812 999 quandoque
853 945 1097 995 sursum,
1134 933 1463 1004 quandoque
1491 933 1748 989 deorsum
1782 950 1904 990 esse
1935 936 2050 991 exi-

481 1018 759 1084 stimatur,
786 1034 891 1090 pro
922 1036 1115 1076 eorum
1140 1022 1353 1078 scilicet
1376 1023 1667 1094 dignitate,
1704 1024 1932 1095 ipsaque
1959 1041 2049 1081 ra-

480 1109 632 1163 tione
661 1118 757 1164 aut
782 1110 969 1177 modo,
1002 1111 1097 1182 qui
1124 1111 1387 1167 virtutem
1413 1112 1625 1175 colunt,
1661 1121 1718 1168 et
1738 1114 1885 1169 circa
1910 1114 2052 1168 divi-

480 1214 608 1252 nam
651 1200 940 1255 scientiam
977 1211 1291 1258 moventur.
1347 1204 1619 1259 Casterum
1677 1205 1904 1270 beatus,
1955 1206 2048 1275 qui

481 1291 656 1346 instar
678 1291 808 1347 Jesu
841 1291 940 1347 ﬁlii
975 1293 1125 1349 Nave
1151 1296 1216 1357 "’,
1244 1293 1427 1349 Solem
1446 1294 1674 1365 iustitiae
1707 1295 1760 1349 in
1787 1312 1845 1351 se
1868 1306 2051 1352 servat

481 1382 552 1436 ab
580 1398 780 1438 occasu
814 1384 1052 1439 liberum
1104 1385 1277 1455 (nullo
1314 1385 1524 1442 scilicet
1552 1388 1778 1442 malitiae
1803 1403 1867 1443 ac
1897 1389 2053 1459 igno-

481 1472 676 1528 rantiae
695 1488 925 1543 vespere
947 1475 1452 1547 circumscriptum)
1487 1479 1731 1547 quandiu
1764 1479 2053 1548 przesentis

481 1563 612 1619 vitae
643 1564 755 1619 diei
780 1566 927 1620 linea
974 1567 1256 1633 tenditur;
1290 1582 1401 1637 quo
1444 1568 1797 1639 insurgentes
1840 1570 1895 1623 in
1924 1585 2051 1624 eum

482 1655 857 1724 nequissimos
883 1655 1185 1723 daemones,
1216 1659 1460 1728 legitime
1497 1660 1729 1715 fundere
1757 1669 1923 1732 atque
1962 1661 2052 1716 l‘u-

483 1761 615 1817 gare
648 1746 728 1801 llli
758 1747 1059 1803 tribuatur.

2154 571 2312 643 σῶμα
2339 571 2578 643 Χριστοῦ
2606 573 2889 643 τυγχάνων
2916 572 3012 625 καὶ
3036 571 3174 643 μέλη
3208 573 3271 625 ἐκ
3296 572 3517 643 μέρους.

2223 751 2325 805 λα’.
2363 750 2699 805 Ἂνατέλλει
2737 750 2772 804 ό
2820 748 3019 817 ἥλιος,
3079 747 3176 802 καὶ
3218 748 3386 803 δύνει
3439 751 3472 803 ό
3523 749 3721 817 ἥλιος,

2155 844 2319 914 φησὶν
2348 844 2381 914 ἡ
2411 842 2624 914 Γραφή.
2658 841 2868 896 Οὐκοῦν
2908 840 3003 894 καὶ
3029 841 3057 894 ὁ
3088 839 3261 908 Λόγος
3280 878 3297 904 ,
3335 841 3467 894 ποτὲ
3503 840 3602 910 μὲν
3632 859 3722 894 νο-

2157 935 2374 1008 μίζεται
2403 936 2548 998 ἄνω,
2585 934 2715 988 ποτὲ
2752 933 2808 987 δὲ
2840 934 3012 998 κάτω,
3047 933 3189 986 κατὰ
3225 932 3325 1003 τὴν
3356 932 3513 997 ἀξίαν
3540 932 3723 1002 δηλον-

2154 1030 2255 1090 ότι,
2292 1026 2387 1081 καὶ
2415 1025 2578 1082 αὑτὸν
2604 1026 2696 1081 τὸν
2724 1026 2881 1095 λόγον
2906 1025 2938 1097 ἢ
2965 1025 3058 1078 τὸν
3086 1024 3307 1095 τρόπον,
3330 1025 3437 1076 τῶν
3466 1042 3723 1095 μετερχο-

2159 1120 2335 1191 μένων
2368 1120 2469 1188 τὴν
2500 1118 2722 1190 ἀρετὴν,
2764 1118 2860 1172 καὶ¹
2895 1117 3025 1187 περὶ⁷
3073 1116 3174 1186 τὴν
3207 1115 3359 1169 θείαν
3386 1117 3722 1185 κινουμένων

2155 1212 2375 1281 γνῶσιν.
2409 1211 2694 1282 Μακάριος
2718 1209 2795 1270 δὲ,
2818 1210 2847 1262 ὁ
2880 1208 3099 1278 κρατῶν
3125 1206 3319 1260 ἄδυτον
3343 1205 3412 1273 (c)
3437 1208 3495 1259 ὲν
3521 1206 3743 1277 ὲαυτῷ,.

2157 1296 2301 1351 κατὰ
2358 1296 2449 1350 τὸν
2487 1298 2583 1351 τοῦ
2617 1296 2777 1367 Ναυῆ
2808 1294 3036 1366 Ἰησοῦν,
3089 1294 3182 1349 τὸν
3228 1295 3330 1363 τ’ἦς
3379 1295 3725 1365 δικαιοσύνης

2157 1388 2311 1459 ἥλιον
2335 1402 2349 1417 ·
2385 1388 2505 1441 ὅλον
2536 1387 2596 1441 τὸ
2630 1388 2829 1458 μέτρον
2857 1386 2957 1457 τῆς
2979 1386 3120 1438 κατὰ
3142 1384 3241 1454 τὴν
3271 1384 3549 1455 παροῦσαν
3579 1382 3724 1455 ζωὴν

2158 1479 2394 1550 ἡμέρας,
2438 1477 2638 1541 κακίας
2682 1477 2892 1548 ἑσπέρᾳ
2915 1478 3009 1529 καὶ
3044 1475 3319 1556 ἀγνωσίας
3354 1474 3428 1546 μὴ
3454 1491 3723 1545 περιγρα-

2160 1569 2414 1638 φάμενον,
2458 1567 2556 1619 ἵνα
2607 1565 2809 1636 δυνηθῇ
2866 1564 3117 1634 νομίμως
3166 1562 3552 1632 τροπὼσασθαι
3599 1562 3725 1626 τοὺς

2160 1658 2623 1729 ἐπανισταμένους
2646 1656 2807 1712 αὑτοῦ
2840 1655 3109 1726 πονηροὺς
3128 1653 3407 1724 δαίμονας.

553 1836 642 1892 52.
680 1837 965 1894 Exaltatus
994 1840 1051 1894 in
1076 1841 1236 1896 nobis
1266 1841 1363 1896 Dei
1392 1841 1587 1897 Sermo
1625 1843 1861 1899 actionis
1904 1844 2057 1899 cultu

2231 1830 2329 1902 λβ’.
2366 1830 2532 1901 ’Υψού
2541 1847 2701 1901 μενος
2731 1832 2791 1883 ὲν
2814 1831 2988 1900 ἠμῖνὸ
3009 1829 3101 1883 τοῦ
3124 1830 3260 1884 Θεοῦ
3276 1830 3448 1899 Λόγος
3475 1829 3561 1884 διὰ
3588 1830 3730 1902 πρά-

482 1934 543 1982 et
562 1929 1069 2000 contemplationis,
1112 1946 1305 1986 omnes
1329 1932 1397 1987 ad
1423 1948 1482 1988 se
1515 1933 1686 1988 trahit
1724 1936 1804 2000 ”;
1842 1944 2060 1990 nostras

484 2019 703 2076 scilicet
735 2028 851 2076 tum
886 2022 1248 2093 cogitationes
1293 2034 1408 2079 tum
1454 2024 1728 2113 ratiopes,
1764 2025 1912 2081 circa
1942 2040 2061 2079 car-

484 2128 615 2168 nem
661 2114 1014 2186 animamque
1060 2131 1125 2171 ac
1168 2129 1421 2170 naturam
1461 2124 1778 2183 versantes;
1832 2118 2059 2188 ipsaque

482 2203 626 2259 adeo
657 2205 905 2259 membra
947 2206 1200 2276 corporis
1242 2222 1308 2261 ac
1339 2221 1538 2263 sensus
1567 2207 1774 2262 virtute
1797 2208 2060 2264 scientia-

483 2310 593 2364 que
625 2295 1007 2361 sanctiﬂcaus,
1039 2308 1201 2367 atque
1231 2297 1336 2352 sub
1380 2312 1541 2352 suum
1579 2296 1805 2354 mittens
1844 2299 2058 2370 jugum.

484 2384 590 2449 Qui
628 2384 800 2455 igitur
848 2385 1162 2441 divinorum
1206 2388 1487 2457 inspector
1509 2396 1615 2453 est,
1641 2380 1841 2444 festiue
1867 2405 2062 2445 ascen-

483 2471 580 2526 dat
602 2472 927 2528 Sermonem
955 2490 1213 2545 sequens,
1236 2476 1413 2531 donec
1432 2476 1500 2531 ad
1521 2476 1727 2542 locum,
1752 2476 1807 2532 in
1832 2494 1943 2549 quo
1967 2479 2060 2535 ille

482 2567 758 2627 versatur,
783 2563 1088 2632 perveniat.
1130 2563 1248 2619 lllic
1273 2565 1422 2619 enim
1476 2567 1661 2631 trahit,
1704 2567 2064 2636 quemadmo-

484 2652 616 2706 dum
640 2652 717 2707 ait
742 2653 1125 2720 Ecclesiastes,
1146 2656 1379 2725 atquein
1405 2654 1578 2709 locum
1609 2672 1765 2711 suum
1796 2658 1960 2711 trahit
1987 2658 2057 2723 “;

483 2759 582 2800 eos
619 2760 842 2815 nempe,
883 2747 979 2816 qui
1021 2746 1175 2801 velut
1211 2762 1469 2818 magnum
1497 2748 1844 2814 Pontiﬁcem,
1883 2758 1939 2802 et
1964 2748 2059 2818 qui

485 2836 711 2893 inducat
742 2837 798 2892 in
825 2837 1025 2893 Sancta
1056 2847 1370 2893 sanctorum
1397 2879 1411 2902 ,
1440 2848 1783 2908 sequuntur;
1824 2854 1936 2909 quo
1969 2838 2060 2894 ille

484 2927 791 2983 secundum
820 2926 970 2997 quod
993 2928 1180 2993 homo,
1204 2944 1298 2999 pro
1316 2928 1461 2982 nobis
1478 2943 1773 2999 praecursar
1795 2929 2059 2998 ingressus

486 3025 565 3073 est
591 3019 663 3074 ".

559 3110 650 3166 3‘5.
691 3109 797 3176 Qui
841 3111 1065 3182 pietatis
1115 3110 1423 3167 rationibus
1468 3111 1766 3166 haerentem
1814 3110 2058 3180 philoso-

487 3200 676 3273 phiam
704 3200 840 3256 colit
864 3240 878 3265 ,
932 3202 1338 3270 adversumque
1366 3200 1789 3271 inaspectabiles
1816 3208 2060 3269 potesta-

488 3300 578 3346 tes
622 3290 896 3346 instructa
946 3275 1066 3347 acie
1113 3291 1390 3354 consistit,
1442 3291 1703 3360 precibus
1734 3298 1966 3361 satagat,
2000 3299 2063 3345 ut

488 3390 607 3435 tum
631 3380 903 3436 naturalis
920 3380 1182 3436 discretio
1194 3380 1382 3451 (cujus
1402 3380 1678 3435 modicum
1708 3381 1894 3434 lumen
1915 3379 2063 3434 exsi-

487 3471 644 3541 stat),
682 3481 799 3526 tum
823 3470 1187 3525 illuminatrix
1206 3470 1446 3540 Spiritus
1468 3470 1665 3540 gratia,
1695 3469 1776 3523 illi
1803 3476 2062 3523 maneant

487 3577 554 3619 ac
581 3562 917 3633 pervigeant.
952 3561 1086 3616 Nam
1114 3561 1267 3631 prior
1299 3560 1521 3631 quidem
1541 3600 1557 3625 ,
1596 3560 1831 3615 actionis
1869 3560 2020 3615 cultu
2043 3601 2057 3624 ,

487 3668 711 3709 carnem
756 3652 943 3709 erudit
978 3652 1047 3707 ad
1083 3653 1506 3708 consectandum
1543 3655 1842 3719 virtutem;
1888 3652 2061 3707 altera

486 3753 674 3799 autem
698 3743 943 3799 animum
970 3743 1247 3809 illustrat,
1280 3751 1340 3797 ut
1359 3743 1537 3813 pluris
1564 3744 1822 3798 omnibus
1845 3743 2062 3813 sapien-

487 3832 579 3889 tiae
604 3833 918 3888 convictum
943 3849 1008 3889 ac
1033 3833 1487 3889 consuetudinem
1514 3836 1678 3890 faciat
1714 3835 1795 3900 9';
1827 3849 1933 3904 qua
1971 3833 2059 3887 ni-

487 3924 690 3979 mirum
721 3926 944 3979 malitiaz
987 3926 1304 3979 munitiones
1335 3941 1645 3996 omnemque
1680 3923 2061 3978 sublimitatem

488 4015 828 4071 extollentem
862 4033 916 4071 se
947 4015 1197 4071 adversus
1220 4016 1495 4070 scientiam
1529 4016 1644 4081 Dei,
1678 4016 1900 4069 destruit
1933 4030 2061 4068 con-

388 4130 401 4141 ~
486 4105 736 4179 adiitque
759 4106 824 4162 “.
882 4106 1241 4177 Ostenditque
1281 4106 1442 4161 Jcsus
1485 4106 1629 4162 illius
1672 4105 1820 4159 Nave
1844 4144 1858 4167 ,
1884 4102 2065 4173 preci-

487 4196 593 4252 ltus
622 4212 787 4252 orans
827 4194 986 4251 Stare
1031 4196 1195 4251 solem
1242 4206 1427 4251 contra
1456 4197 1675 4253 Gabaon
1701 4195 1784 4260 ’κς
1816 4195 1923 4249 hoc
1955 4202 2061 4259 est,

438 4332 445 4341 ,
489 4296 553 4342 ut
597 4287 796 4343 divinas
839 4289 1024 4342 lumen
1057 4288 1323 4354 scientiae,
1378 4288 1437 4343 in
1485 4297 1672 4343 monte
1720 4285 2062 4356 contempla-

487 4379 658 4435 tionis
686 4395 809 4449 quae
855 4380 1042 4434 animo
1089 4389 1194 4446 est,
1241 4394 1472 4436 occasus
1514 4393 1710 4450 expers
1754 4378 1833 4433 illi
1871 4391 2057 4433 serva-

2162 1924 2296 1988 ξεως
2324 1922 2420 1976 xui.
2448 1920 2702 1993 θεωρίας,
2732 1922 2942 1985 πάντας
2968 1922 3116 1976 ἕλκει
3148 1922 3283 1994 πρὸς
3310 1923 3505 1977 ἑαυτόν
3526 1939 3541 1954 ο
3599 1922 3729 1987 τούς

2159 2029 2217 2064 τε
2256 2012 2384 2083 περὶ
2412 2012 2589 2081 σάρκα
2616 2012 2711 2064 καὶ
2737 2010 2913 2082 ψυχὴν
2942 2012 3039 2065 καὶ
3066 2012 3228 2080 φύσιν
3255 2012 3364 2066 τῶν
3397 2011 3565 2066 ὅντων
3588 2014 3728 2083 ἠμε-

2158 2104 2348 2171 τέρους
2386 2101 2679 2173 λογισμούς
2708 2119 2768 2156 τε
2813 2104 2908 2156 καὶ
2948 2103 3161 2171 λόγους,
3193 2103 3289 2157 καὶ
3318 2104 3458 2157 αὐτὰ
3487 2104 3555 2158 τὰ
3585 2104 3724 2175 μέλη

2158 2192 2254 2244 τοῦ
2291 2191 2544 2262 σώματος
2592 2190 2687 2244 καὶ
2737 2190 2836 2253 τὰς
2888 2190 3168 2262 αἰσθήσεις
3216 2193 3339 2247 κατ’
3384 2192 3586 2264 ἀρετὴν
3629 2193 3727 2248 καὶ

2159 2282 2361 2352 γνῶσιν
2394 2281 2658 2350 ἁγιάζων,
2695 2280 2790 2334 καὶ
2819 2280 2926 2335 ὑπὸ
2956 2282 3049 2335 τὸν
3081 2281 3247 2335 αὑτοῦ
3274 2281 3437 2350 ζυγὸν
3466 2282 3727 2354 ποιούμε-

2159 2392 2268 2437 νος.
2306 2374 2365 2427 '0
2395 2374 2576 2427 τοίνυν
2605 2372 2806 2443 θεατὴς
2834 2372 2944 2426 τῶν
2997 2372 3155 2426 Θείων
3190 2373 3533 2428 ἀναϐαινέτω
3585 2374 3725 2429 κατὰ

2162 2465 2419 2535 σπουδὴν,
2450 2463 2759 2519 ἀκολουθῶν
2811 2464 2890 2534 τῷ
2939 2464 3125 2535 Λόγῳ·
3185 2466 3379 2535 μέχρις
3433 2459 3495 2519 οὗ
3543 2467 3722 2539 φθάσῃ

2159 2556 2250 2611 τὸν
2276 2557 2458 2623 τόπον,
2490 2551 2550 2611 οὖ
2585 2558 2755 2612 ἐστιν.
2792 2557 2942 2610 Ἐκεῖ
2985 2557 3094 2628 γάρ
3125 2557 3296 2624 ἕλκει,
3351 2557 3531 2621 καθώς
3558 2577 3719 2628 φησιν

2158 2652 2187 2705 δ
2262 2649 2711 2720 Ἐκκλησιαστὴς,
2793 2647 2903 2703 Καὶ
2967 2650 3054 2713 εἰς
3111 2649 3221 2701 τὸν
3283 2652 3468 2703 τόπον
3531 2651 3714 2704 αὐτοῦ

2159 2744 2357 2798 utter
2393 2742 2636 2814 δηλονότι
2683 2742 2810 2807 τοὺς
2844 2742 3270 2806 ἀκολουθοῦντας
3299 2743 3470 2814 αὐτῷ,
3518 2744 3591 2807 ὡς
3624 2761 3718 2814 με·

2159 2835 2312 2906 γάλῳ
2368 2835 2659 2906 ’Δρχιερεῖ,
2712 2835 2807 2887 καὶ
2854 2835 3128 2903 είσάγοντι
3179 2837 3258 2898 είς
3316 2836 3384 2888 τὰ
3424 2836 3589 2903 Ἅγια
3615 2835 3722 2891 τῶν

2160 2928 2331 2996 ἁγίων
2351 2945 2364 2959 '
2397 2927 2527 2980 ἔνθα
2557 2927 2618 2979 τὸ
2656 2926 2778 2981 καθ’
2800 2927 2950 2997 ἡμᾶς
2982 2927 3145 2990 αὐτὸς
3191 2927 3346 2996 ὑπὲρ
3374 2929 3543 2998 ἡμῶν
3585 2929 3723 2997 πρό·

2158 3020 2378 3089 δρομος
2415 3017 2718 3086 είσῆλθεν.

2229 3109 2331 3177 λγ’.
2372 3108 2431 3161 '0
2463 3107 2565 3177 τὴν
2619 3107 2740 3161 κατ’
2792 3106 3079 3160 εὑσέὄειαν
3143 3107 3343 3178 μετιὼν
3378 3108 3722 3178 φιλοσοφίαν,

2161 3204 2256 3258 καὶ
2294 3200 2431 3273 πρὸς
2462 3202 2564 3265 τὰς
2602 3204 2869 3273 ἀοράτους
2913 3202 3397 3271 παρατασσόμενος
3435 3203 3723 3273 δυνάμεις·

2159 3291 2424 3362 εὐχέσθω,
2457 3292 2557 3361 τήν
2598 3309 2658 3345 τε
2692 3290 2929 3360 φυσικὴν
2961 3290 3234 3361 διάκρισιν
3261 3290 3410 3360 αὐτῷ
3455 3293 3728 3362 παραμεῖ-

2169 3402 2257 3438 ναι
2293 3383 2430 3453 (φῶς
2459 3382 2689 3453 ἔχουσαν
2719 3379 3084 3453 σύμμετρον),
3137 3383 3233 3435 καὶ⁵
3263 3382 3361 3453 τὴν
3386 3382 3725 3454 φωτιστικὴν

2156 3472 2251 3524 τοῦ
2275 3470 2596 3539 Πνεύματος
2629 3470 2810 3540 χάριν.
2846 3470 2910 3521 Ἦ
2958 3469 3058 3539 μὲν
3087 3468 3216 3537 γὰρ,
3260 3469 3603 3538 παιδαγωγεῖ
3627 3468 3726 3539 τὴν

2160 3565 2338 3635 σάρκα
2367 3563 2504 3632 πρὸς
2548 3562 2749 3634 ἀρετὴν
2773 3561 2862 3616 διὰ
2896 3561 3151 3631 πράξεως
3173 3578 3186 3593 ·
3224 3562 3257 3632 ἠ
3296 3560 3372 3624 δὲ,
3402 3561 3729 3630 φωταγωγεῖ

2157 3658 2248 3710 τὸν
2271 3656 2418 3718 νοῦν,
2446 3655 2545 3726 τὴν
2575 3658 2675 3726 τῆς
2700 3654 2890 3723 σοφίας
2919 3656 3134 3709 πάντων
3168 3656 3459 3725 προκρῖναι
3489 3653 3727 3723 συμϐίω-

2160 3764 2285 3801 σινο
2328 3746 2449 3800 καθ’
2499 3748 2585 3817 ἦν,
2634 3745 2753 3800 τῶν
2813 3763 2879 3799 τε
2932 3745 3045 3813 τῆς
3074 3746 3285 3811 κακίας
3335 3744 3730 3813 ὀχυρωμάτων

2160 3838 2260 3891 καὶ
2321 3838 2543 3901 παντὸς
2589 3836 2915 3905 ὐψώματος
2962 3836 3361 3905 ἐπαιρομένου
3421 3834 3575 3888 κατὰ
3617 3831 3729 3900 τῆς

2160 3929 2435 3999 γνώσεως
2457 3927 2565 3982 τοῦ
2597 3927 2768 3990 Θεοῦ,
2797 3927 3047 3982 ποιεῖται
3076 3924 3191 3992 τὴν
3222 3927 3590 3993 καθαίρεσιν.
3620 3925 3731 3977 Καὶ

2158 4018 2311 4088 δηλοί
2340 4018 2407 4070 δι’
2448 4016 2612 4086 εὐχῆς
2661 4015 2832 4069 αὲτῶν
2860 4018 2888 4069 ὁ
2918 4015 3011 4069 τοῦ
3044 4016 3203 4085 Ναυῆ
3238 4014 3469 4085 Ἰησοῦς,
3505 4012 3729 4082 στῆναι

2157 4110 2266 4163 τὸν
2296 4109 2474 4163 ἥλιον
2504 4109 2655 4162 κατὰ
2706 4106 2953 4162 Γαόαιίν
2987 4107 3287 4173 τουτέστιν,
3339 4106 3530 4160 ἄδυτον
3578 4105 3731 4174 αὐτῷ

2158 4198 2218 4253 τὸ
2248 4198 2362 4267 φῶς
2407 4200 2507 4269 τῆς
2539 4199 2791 4266 γνώσεως
2824 4196 2919 4251 τοῦ
2973 4195 3134 4259 Θεοῦ,
3166 4196 3307 4249 κατὰ
3353 4197 3414 4249 τὸ
3460 4194 3584 4265 ὅρος
3635 4197 3733 4265 τῆς

2158 4291 2300 4346 κατὰ
2324 4290 2449 4345 νοῦν
2478 4290 2710 4360 θεωρίας
2740 4289 3114 4361 φυλαχθῆναι·
3160 4288 3261 4342 καὶ
3299 4289 3414 4356 τὴν
3457 4286 3737 4355 σελήνην

2160 4383 2312 4437 κατὰ
2347 4381 2660 4453 φάραγγα·
2715 4381 2989 4448 τουτέστι,
3041 4380 3140 4446 τὴν
3174 4379 3412 4451 φυσικὴν
3455 4378 3735 4448 διάκρισιν

488 4480 677 4535 retur;
702 4480 752 4525 et
773 4472 903 4527 luna
930 4480 1116 4526 contra
1143 4471 1338 4527 vallem
1366 4473 1449 4538 ";
1475 4481 1536 4526 ut
1556 4471 1768 4527 scilicet
1790 4469 2059 4525 naturalis

2164 4468 2260 4529 ἐπὶ
2277 4475 2378 4545 τῆς
2407 4474 2676 4545 σαρκικῆς
2707 4474 2993 4537 ἀσθενείας
3025 4472 3311 4544 κειμένην,
3341 4472 3451 4527 ἀπὸ
3473 4472 3571 4542 τῆς
3600 4471 3738 4542 ἁρε-

489 4559 753 4615 discretio
784 4561 841 4613 in
887 4562 1069 4616 carnis
1118 4562 1494 4617 imbecillitate
1524 4561 1724 4632 posita,
1759 4561 1909 4616 nulla
1944 4560 2059 4614 vir-

489 4651 626 4707 tutis
662 4651 787 4708 labe
828 4653 884 4707 in
918 4668 982 4708 ea
1028 4663 1423 4723 perseveraret.

562 4767 610 4800 "’
648 4767 671 4823 Ι
697 4766 823 4823 Cor.
852 4784 946 4833 xu,
979 4768 1069 4823 27.
1144 4769 1187 4801 ⁸⁸
1217 4770 1400 4825 Eccle.
1432 4784 1472 4835 ι,
1510 4769 1564 4822 5.
1644 4769 1688 4801 ”
1717 4768 1882 4824 Josue
1908 4785 1960 4833 κ,
1995 4768 2059 4822 12

2160 4769 2199 4801 ’θ
2236 4781 2393 4824 toan.
2420 4784 2513 4836 xu,
2542 4769 2632 4823 '52.

2164 4565 2265 4636 τῆς
2291 4565 2646 4619 ἀναλλοίωτον
2678 4566 2973 4634 διαμεῖνᾱι.

2735 4771 2777 4801 θ’
2805 4769 2984 4824 Eccle.
3017 4785 3057 4834 ι,
3098 4767 3151 4823 5.
3258 4767 3305 4799 ”
3329 4765 3496 4822 Hebr.
3531 4779 3606 4829 vr,
3644 4760 3737 4818 20.

486 4837 537 4872 ’³
568 4836 695 4909 Sap.
716 4853 831 4905 vm,
857 4838 911 4893 2.
978 4839 1026 4871 ⁸⁸
1052 4838 1096 4895 ll
1117 4838 1244 4894 Cor.
1266 4856 1322 4904 ι,
1348 4840 1402 4894 4.
1476 4842 1524 4875 ⁸⁵
1552 4839 1717 4895 Josue
1741 4854 1797 4903 x,
1831 4839 1917 4893 l2.
2002 4840 2049 4872 “
2079 4838 2211 4894 ibid.

561 4944 638 5020 (cl
677 4947 756 5020 'O_
777 4949 1013 5017 κρατῶν
1048 4948 1296 5005 ἄδυτον.
1318 4950 1412 5005 Est
1436 4950 1601 5005 Marci
1634 4947 1912 5019 νηπτικῶν
1937 4952 2058 5020 cap.

492 5015 583 5097 ιβξ
605 5015 761 5083 Quod
791 5015 973 5074 reddit
991 5020 1170 5097 _Picus
1203 5022 1359 5097 :_Qu_i
1403 5020 1627 5092 possidet
1660 5015 1923 5097 adytum:
1959 5015 2064 5097 dil-

492 5089 611 5141 rius
659 5096 777 5155 est;
816 5105 920 5145 nec
975 5090 1176 5145 desunt
1232 5089 1440 5146 Latinae
1488 5105 1674 5155 voces,
1722 5089 1927 5159 quibus
1972 5090 2064 5145 illa

493 5165 619 5224 apte
650 5159 1108 5231 sati_s__reddalur.
1136 5159 1263 5231 Non
1305 5168 1486 5216 tamen
1524 5159 1669 5231 quod
1708 5161 1857 5231 idem
1898 5160 2065 5231 paulo

495 5235 633 5347 “ost.
675 5228 938 5315 reddidit:
984 5228 1151 5283 Marci
1222 5229 1438 5313 iterum‘
1481 5228 1599 5313 cap.
1657 5229 1935 5316 l6,’quod
1984 5238 2067 5309 est

549 5310 713 5347 axlmt
737 5298 825 5347 53-
870 5298 1059 5347 ἄουτον
1089 5300 1251 5347 αὐτὸν
1273 5300 1334 5347 τὸ
1363 5316 1479 5347 mm:
1530 5317 1628 5347 'rnc
1667 5316 1919 5347 γνωσεως
1969 5316 2064 5347 του

549 5296 713 5369 axjmi
737 5298 825 5362 33,
870 5298 1059 5369 ἄδυτον
1089 5300 1251 5369 αυτὸν
1273 5300 1334 5353 τὸ
1363 5300 1479 5369 φῶς
1530 5296 1628 5369 τῆς
1667 5296 1919 5369 γνώσεως
1969 5298 2064 5351 τοῦ

496 5363 942 5440 Baeti-arcanum
969 5368 1105 5422 illud
1138 5367 1315 5440 lumen
1344 5363 1653 5440 cognitionis
1681 5363 1804 5424 ’1)εἱ.
1863 5367 1983 5434 Quo
2011 5376 2068 5423 et

496 5434 761 5506 ostendit,
782 5452 892 5506 quo
919 5452 1086 5493 sensu
1130 5439 1210 5504 τὸ,
1242 5434 1447 5493 aditum
1484 5454 1551 5493 cx
1590 5438 1779 5494 Graeco
1820 5453 2067 5493 corrase—

497 5507 604 5579 rat,
626 5517 692 5579 ac
721 5505 768 5559 si
798 5506 866 5579 de
900 5508 1104 5577 templo
1132 5522 1196 5562 ac
1234 5508 1606 5579 penetralibus
1638 5515 1909 5579 ageretur,
1951 5524 2065 5563 non

497 5569 567 5647 dc
603 5572 716 5627 sole
742 5589 809 5647 ac
839 5578 988 5647 luna,
1014 5569 1167 5645 'quos
1185 5569 1297 5631 non
1338 5578 1590 5633 occidere
1640 5569 1851 5647 rogavit
1876 5569 2061 5640 Josue,

499 5638 675 5695 donec
700 5643 862 5714 plena
905 5638 988 5698 illi
1015 5638 1292 5700 constaret
1316 5649 1579 5714 victoria;
1607 5638 1804 5702 nouunt
1859 5638 2064 5702 occulti

499 5720 809 5792 manerent.
842 5713 1227 5792 ἰδίων-ἄδυτον
1259 5716 1395 5792 φῶς,
1427 5713 1600 5792 lumen
1629 5717 1766 5792 quod
1795 5733 1899 5792 non
1934 5717 2067 5792 occi-

502 5782 617 5845 dat;
647 5782 831 5851 sicque
860 5782 929 5839 de
951 5783 1065 5838 solc
1085 5793 1143 5839 et
1171 5782 1321 5841 luna.
1342 5782 1777 5857 Sequcnlia'ipsa
1806 5787 1938 5842 Pico
1967 5786 2064 5841 ali-

2165 4949 2298 5021 quid
2322 4950 2377 5004 in
2399 4957 2547 5004 textu
2570 4949 2826 5005 laborant
2845 4960 2911 5004 ex
2930 4949 3020 5004 his
3044 4950 3249 5021 nostris
3270 4948 3613 5021 restituenda
3640 4967 3656 5004 :
3683 4950 3743 5004 τὸ

2165 5019 2635 5091 περιγραφόμενον
2666 5021 2757 5075 hic
2779 5019 3226 5091 circumscribere,
3252 5020 3305 5091 id
3339 5027 3445 5083 est,
3497 5019 3740 5091 auferre,

2165 5038 2233 5073 πε
2275 5038 2635 5091 ιγραφομενον
2669 5038 2757 5075 mc
2779 5038 3220 5082 arcumscrtoere,
3252 5038 3305 5075 ιιι
3339 5038 3445 5083 ess,
3497 5038 3738 5087 autem,

2165 5038 2476 5146 sugducere
2495 5105 2511 5156 ;
2531 5106 2642 5159 quo
2671 5104 2836 5145 sensu
2864 5092 3031 5145 etiam
3054 5090 3255 5155 Latini,
3275 5090 3472 5145 Cicero
3509 5089 3738 5159 aliique,

2165 5174 2286 5215 eam
2304 5176 2494 5231 vocem
2521 5169 2879 5231 usurparunt.
2910 5160 3232 5231 Rogandum
3266 5175 3410 5231 ergo;
3432 5167 3645 5231 monet,
3663 5174 3742 5231 ine

2168 5245 2279 5299 quo
2301 5229 2525 5300 malitiae
2551 5227 3017 5300 aut'iguorantiae‘
3033 5245 3285 5300 vespere,
3325 5227 3495 5300 nobis
3517 5227 3609 5300 Sol
3654 5230 3743 5298 ju-

2169 5297 2334 5353 stitia:
2393 5297 2747 5363 subducatur,
2794 5308 2956 5354 autve
2986 5297 3222 5354 occidat.
3262 5299 3427 5353 Ὅλον
3451 5298 3522 5368 ra
3542 5297 3741 5368 μέτρον

2162 5369 2440 5441 τῆςξκατὰ
2483 5370 2581 5439 τὴν
2633 5370 2915 5441 παροῦσαν
2952 5369 3105 5441 ζωὴν
3151 5368 3369 5441 ἡμέρας
3408 5386 3424 5422 :
3488 5365 3740 5431 Quandiu

2163 5439 2396 5509 tenditur
2422 5437 2839 5509 prwSentisi'vitw
2861 5440 2962 5493 dici
2996 5437 3156 5503 linea,
3175 5437 3280 5509 seu
3306 5453 3594 5509 mensura;
3625 5450 3739 5509 non

2163 5505 2568 5577 ineptum'illud
2613 5526 2627 5563 :
2684 5508 2786 5573 Qui
2819 5517 2954 5563 totus
3009 5515 3084 5563 est
3128 5505 3312 5562 modus
3349 5507 3453 5561 diei
3496 5505 3742 5577 nequitiq

2164 5573 2435 5647 prti’sentis
2458 5581 2579 5634 vitae
2601 5596 2619 5645 ;
2642 5577 2789 5648 quod
2814 5580 2869 5633 in
2903 5578 3084 5649 Solem
3114 5578 3342 5649 iustitia:
3372 5573 3602 5649 relatum
3630 5573 3739 5649 ‘(ad

2162 5641 2327 5717 quem
2358 5663 2528 5703 unum
2576 5641 2774 5704 inscita
2815 5650 2906 5703 illa
2938 5641 3190 5703 versione
3213 5646 3609 5717 referripotest
3630 5641 3655 5711 )'
3691 5641 3737 5696 si

2161 5716 2293 5787 quid
2320 5733 2515 5775 sensus
2545 5719 2730 5786 habet,
2756 5717 2991 5775 sordidae
3033 5717 3331 5789 impietatis
3355 5716 3479 5772 labe
3511 5730 3616 5771 non
3641 5726 3733 5767 ca-

2163 5794 2269 5843 ret.
