4060 6322
301 378 435 457 1141

1136 382 1470 444 CAPITUM
1506 382 1778 444 THEOL.
1817 382 1913 444 ET
1953 382 2190 445 (ECON.
2233 381 2622 443 CENTURIA
2662 383 2742 443 II.

3419 381 3558 446 1142

370 486 467 541 λδ’.
496 484 561 538 Ἦ
587 482 787 538 Γαϐαῶ
810 482 982 553 ἔστιν,
1014 485 1042 537 6
1070 485 1274 557 ὑψηλὸς
1306 488 1429 552 νοῦς
1452 503 1464 517 ·
1497 489 1532 557 ἡ
1565 488 1620 541 δὲ
1653 488 1872 560 φάραγξ
1901 537 1907 547 .

2048 491 2138 545 54.
2179 492 2426 557 Gabaon,
2484 506 2640 545 mens
2691 487 2935 546 sublimis
2997 499 3081 545 cst
3130 511 3140 545 :
3191 492 3355 549 vallis
3402 512 3557 565 vero,

305 577 472 644 ἐστὶν,
507 577 540 644 ή
570 574 646 646 τῷ
675 574 892 647 θανάτῳ
913 577 1310 632 ταπεινωθεῖσα
1357 578 1517 651 σάρξ.
1562 580 1672 633 Καὶ
1698 580 1727 632 6
1774 579 1874 650 μὲν

303 668 453 739 ήλιός
472 670 641 733 ἐστιν,
674 669 702 721 6
729 668 977 737 φωτίζων
1007 670 1097 724 τὸν
1122 670 1247 725 νοῦν
1277 671 1472 739 Λόγος,
1500 672 1595 726 καὶ
1621 671 1875 742 χορηγῶν

305 761 454 832 αὐτῷ
482 761 859 833 θεωρημάτων
886 762 1117 834 δύναμιν
1138 778 1153 793 ·
1192 763 1289 817 καὶ
1319 765 1503 835 πάσης
1537 764 1761 833 ἀγνοίας
1790 765 1880 818 a6-

306 852 398 905 τὸν
423 852 822 914 ἀπαλλάσσων·
870 854 903 924 ἡ
956 853 1012 906 δὲ
1044 854 1261 927 σελήνη,
1296 856 1324 909 6
1355 854 1496 909 κατὰ
1528 855 1689 925 φύσιν
1716 856 1880 926 νόμος

304 945 478 1006 ἐστὶν,
508 947 537 1000 6
570 946 772 1000 πείθων
803 945 903 1018 τὴν
938 945 1117 1016 σάρκα
1149 948 1397 1020 νομίμως
1428 948 1769 1021 ὑποταγῆναι
1802 948 1879 1017 τῷ

305 1035 600 1107 πνεύματι,
629 1039 766 1108 πρὸς
792 1038 853 1091 τὸ
877 1037 1133 1103 δέξασθαι
1171 1038 1280 1094 τῶν
1304 1040 1536 1095 ἐντολῶν
1563 1041 1658 1095 τὸν
1690 1039 1877 1110 ζυγόν.

304 1127 524 1192 Φύσεως
554 1129 612 1182 δὲ
648 1127 922 1198 σύμϐολον
948 1131 981 1202 ἡ
1014 1131 1234 1202 σελήνη,
1257 1130 1344 1185 διὰ
1371 1132 1433 1185 τὸ
1461 1132 1724 1204 τρεπτόν·
1761 1132 1878 1187 ἀλλ’

306 1223 364 1274 ὲν
396 1224 507 1284 τοῖς
531 1222 711 1286 ἁγίοις
745 1224 1015 1295 ἄτρεπτος
1044 1224 1317 1296 διαμένει,
1340 1225 1429 1281 διὰ
1454 1225 1554 1298 τήν
1583 1225 1884 1281 ἀναλλοίωε

304 1328 399 1365 τον
429 1311 543 1378 ἕξιν
577 1315 675 1382 τῆς
696 1313 922 1383 ἀρετῆς.

373 1403 467 1460 λε’.
495 1406 608 1460 Οὐκ
652 1405 756 1471 ἔξω
794 1405 904 1461 τῶν
949 1406 1255 1478 ζητούντων
1303 1407 1410 1480 χρὴ
1461 1407 1740 1481 ζητεῖσθαι
1792 1409 1884 1463 τὸν

307 1497 510 1566 Κύριον
541 1512 553 1524 ⁸
574 1495 694 1550 ἀλλ’
725 1496 783 1548 ὲν
808 1497 1044 1561 ἑαυτοῖς,
1073 1498 1161 1551 διά
1187 1498 1285 1566 τῆς
1319 1499 1378 1551 ὲν
1422 1497 1604 1570 ἔργοις
1642 1497 1880 1561 πίστεως

306 1583 468 1638 αὐτὸν
491 1583 596 1654 χρὴ
638 1583 820 1654 ζητεῖν
849 1584 973 1648 τοὺς
1017 1583 1333 1654 ζητοῦντας.
1370 1584 1582 1656 Ἔγγὺς
1610 1583 1721 1655 γάρ
1743 1599 1883 1648 σου,

304 1674 459 1745 φησὶ,
485 1675 549 1728 τὸ
565 1673 732 1745 ῥῆμά
760 1675 931 1729 ἐστιν
958 1674 1027 1729 ὲν
1057 1674 1138 1740 τῷ
1163 1674 1417 1745 στόματί
1445 1692 1562 1730 σου
1587 1676 1683 1729 καὶ
1715 1674 1785 1729 ὲν
1811 1672 1888 1744 τῇ

304 1764 517 1833 καρδίᾳ
538 1779 675 1820 σοιν
703 1764 976 1820 τουτέστι
1002 1766 1071 1819 τὸ
1084 1764 1248 1834 ῥῆμα
1260 1765 1369 1835 τῆς
1385 1766 1664 1832 πίστεωςο
1690 1765 1765 1829 ὡς
1786 1765 1887 1819 αὐ-

305 1857 399 1910 τοῦ
434 1856 587 1919 ὄντος
627 1854 721 1909 τοῦ
748 1856 984 1931 Χριστοῦ
1024 1858 1119 1911 καὶ
1143 1857 1387 1927 ῥήματος
1408 1856 1501 1930 τοῦ
1527 1855 1882 1927 ζητουμένου.

372 1944 483 2011 λς’.
517 1947 671 2018 Μήτε
712 1946 772 2000 τὸ
802 1944 937 2017 ὕψος
964 1947 1062 2017 τῆς
1087 1946 1273 2017 θεῖκῆς
1302 1946 1561 2017 ἀπειρίας
1596 1948 1886 2017 ἐννοήσαν-

304 2054 413 2103 τες,
452 2035 844 2107 ἀπελπίσωμεν
873 2036 973 2106 τὴν
1004 2036 1100 2089 τοῦ
1146 2035 1281 2089 Θεοῦ
1330 2035 1764 2109 φιλανθρωπίαν,
1812 2034 1888 2099 ῶς

302 2128 364 2182 οὐ
399 2128 705 2197 φθάνουσαν
731 2127 818 2181 διὰ
850 2126 911 2180 τὸ
939 2126 1072 2198 ὕψος
1099 2128 1289 2200 μέχρις
1319 2128 1476 2199 ήμῶν
1504 2146 1518 2159 ο
1563 2129 1697 2200 μήτε
1727 2128 1886 2183 ἀπει-

308 2236 399 2289 ρον
440 2218 602 2288 βάθος
634 2219 735 2284 τῆς
768 2219 925 2291 ήμῶν
956 2218 1043 2273 διὰ
1070 2219 1167 2292 τήν
1200 2219 1480 2291 ἁμαρτίαν
1512 2218 1773 2283 πτώσεως
1804 2221 1889 2274 ὲν-

305 2310 659 2380 θυμηθὲντες,
678 2311 973 2365 ἀνάστασιν
992 2310 1238 2379 γίνεσθαι
1275 2311 1375 2380 τῆς
1405 2313 1463 2365 ὲν
1500 2313 1633 2382 ἡμῖν
1684 2327 1888 2383 νεκρω-

306 2401 494 2471 θείσης
524 2401 728 2473 ἀρετῆς
764 2403 1173 2474 ἀπιστήσωμεν.
1215 2402 1527 2473 ’Δμφότερα
1554 2401 1662 2472 γὰρ
1689 2400 1891 2456 δυνατά

306 2489 383 2559 τῷ
414 2489 532 2563 Θεῷ
557 2507 573 2522 ο
608 2490 701 2544 καὶ
723 2489 782 2543 τὸ
799 2489 1078 2544 κατελθεῖν
1106 2491 1200 2544 καὶ
1221 2492 1451 2560 φωτίσαι
1476 2490 1565 2545 τὸν
1589 2490 1713 2545 νοῦν
1734 2491 1890 2563 ἡμῶν

304 2580 392 2634 διὰ
407 2580 660 2649 γνώσεως
684 2598 698 2613 ο
734 2581 829 2635 καὶ
851 2581 912 2635 τὸ
946 2581 1250 2654 ἀναστῆσαι
1279 2582 1442 2636 πάλιν
1475 2584 1572 2654 τὴν
1606 2581 1804 2655 ἀρετὴν
1833 2584 1890 2640 ὲν

304 2674 457 2743 ήμῖν,
496 2672 592 2726 κα)⁵
642 2673 818 2745 ἑαυτῷ
861 2673 1173 2744 συνυψῶσαι
1209 2674 1297 2727 διά
1328 2674 1437 2729 τῶν
1465 2674 1641 2744 ἔργων
1673 2676 1773 2746 τῆς
1811 2675 1893 2729 δι·

306 2764 621 2837 καιοσῦνης.
641 2765 739 2834 Μὴ
770 2764 879 2835 γὰρ
901 2766 1099 2834 sletne,
1115 2765 1302 2837 φησὶν,
1325 2767 1395 2821 ἐν
1419 2766 1495 2836 τῇ
1514 2766 1730 2836 καρδίᾳ
1749 2782 1887 2823 σου·

313 2857 413 2923 Τίς
455 2857 826 2925 ἀναϐήσεται
869 2859 957 2923 εις
989 2858 1096 2911 τὸν
1119 2858 1421 2926 οὐρανόν;
1444 2858 1720 2913 τουτέστι
1754 2861 1891 2928 Χρισ

306 2948 463 3003 στὸν
507 2948 866 3020 καταγαγεῖν
893 2967 907 2981 ο
951 2949 1013 3018 ἢ,
1048 2949 1143 3016 Τίς
1190 2950 1592 3018 καταϐήσεται
1636 2954 1723 3018 εις
1776 2951 1894 3021 τὴν

307 3039 586 3094 ἄϐυσσον
601 3058 622 3106 ;
651 3040 923 3095 τουτέστι
944 3041 1204 3109 Χριστὸν
1217 3041 1287 3096 ἐκ
1300 3042 1533 3112 νεκρῶν
1546 3043 1889 3113 ἀναγαγεῖν.

1979 586 2177 641 mortis
2228 600 2428 640 occasu
2473 584 2530 638 in
2577 582 2786 637 humile
2842 582 3102 653 depressa
3135 600 3286 640 caro.
3335 586 3412 643 Ac
3440 591 3535 658 qui

1981 676 2107 730 dem
2142 676 2245 740 sol,
2294 674 2539 731 Verbum
2591 682 2677 728 est
2726 681 2968 728 mentem
3016 674 3357 743 illuminans,
3420 680 3561 749 spiri

1981 770 2286 840 taliumque
2314 782 2605 824 sensorum
2629 766 2746 822 irim
2795 766 2876 821 illi
2917 766 3365 835 subministrans,
3398 780 3564 842 atque

1979 858 2142 931 493
2192 858 2263 913 ab
2293 857 2445 912 omni
2478 855 2789 927 ignorantia
2825 871 2947 911 eam
2981 856 3261 921 liberans;
3292 858 3424 913 luna
3462 876 3563 914 au-

1981 955 2113 1010 tem,
2149 946 2237 1000 lex
2272 944 2575 1009 naturalis,
2603 945 2757 999 carni
2794 944 3035 1001 suadens
3065 952 3127 1001 ut
3174 946 3422 1017 legitime
3449 950 3565 1019 spi—

1982 1036 2116 1092 ritui
2169 1036 2518 1107 subjiciatur,
2555 1036 2622 1092 ad
2657 1037 3010 1092 subeundum
3051 1038 3438 1093 mandatorum
3468 1041 3563 1110 ju-

1981 1142 2131 1198 gum.
2174 1125 2331 1181 Luna
2362 1136 2578 1182 naturas
2623 1127 2933 1199 symbolum
2965 1136 3070 1195 est,
3102 1129 3250 1198 quod
3282 1130 3565 1186 mutabilis

1981 1224 2067 1281 est
2096 1232 2110 1270 :
2148 1215 2202 1269 in
2250 1215 2457 1270 sanctis
2481 1224 2686 1281 tamen,
2722 1216 2794 1271 ob
2818 1216 3043 1273 virtutis
3086 1218 3464 1275 invariabilem
3501 1235 3565 1275 ac

1983 1315 2331 1362 constantem
2372 1306 2647 1371 habitum,
2705 1306 3064 1363 immutabilis
3112 1319 3421 1380 permanet.

2052 1398 2143 1453 55.
2188 1398 2310 1454 Non
2350 1407 2505 1453 extra
2548 1398 2698 1468 ipsos
2748 1409 3079 1468 quaerentes,
3119 1400 3450 1471 quaerendus
3482 1408 3567 1457 est

1982 1488 2290 1545 Dominus:
2329 1486 2424 1544 sed
2473 1488 2532 1544 in
2570 1488 2769 1558 seipsis
2820 1505 2920 1560 per
2960 1489 3236 1547 eﬁicacem
3272 1491 3434 1546 ﬁdem
3461 1492 3566 1562 ipsi

1985 1580 2080 1651 qui
2100 1586 2376 1650 quaarunt,
2416 1595 2644 1635 necesse
2665 1588 2750 1635 est
2773 1589 2834 1635 ut
2859 1595 2986 1635 eum
3019 1589 3285 1650 quaerant.
3308 1579 3480 1650 Prope
3518 1589 3568 1635 te

1986 1671 2154 1735 enim,
2192 1670 2393 1741 inquit,
2420 1679 2496 1725 est
2535 1671 2749 1725 verbum
2776 1672 2830 1725 in
2859 1687 2949 1723 ore
2980 1679 3088 1736 tuo,
3116 1677 3165 1723 et
3186 1671 3241 1724 in
3271 1669 3424 1723 corde
3446 1676 3567 1734 tuo;

1988 1765 2081 1819 hac
2109 1772 2185 1818 est
2214 1764 2426 1818 verbum
2455 1762 2582 1831 ﬁdei
2620 1765 2663 1796 ’⁷
2703 1782 2717 1818 :
2751 1779 2815 1819 ac
2857 1764 2901 1818 si
2935 1762 3190 1818 Christus
3220 1762 3399 1832 ipsum
3428 1761 3566 1818 Ver-

1987 1855 2122 1910 bum
2155 1855 2246 1918 sit,
2284 1854 2433 1924 quod
2466 1854 2757 1924 quaeritur.

2058 1947 2149 2001 36.
2182 1946 2261 2001 Ne
2291 1945 2491 2001 divinae
2523 1945 2810 2000 infinitatis
2841 1943 3228 1999 celsitudinem
3262 1943 3443 1997 anima
3467 1954 3569 1997 ’re-

1987 2045 2265 2108 putantes,
2302 2036 2506 2092 divinas
2535 2035 2933 2092 misericordia:
2980 2051 3045 2090 ac
3076 2034 3405 2099 clementim,
3442 2040 3564 2088 tan-

1989 2144 2155 2199 quam
2205 2127 2275 2183 ad
2323 2143 2427 2183 nos
2480 2142 2657 2197 usque
2706 2126 2778 2182 ob
2833 2135 3040 2181 tantam
3070 2126 3216 2181 illam
3258 2124 3569 2180 sublimita-

1988 2226 2111 2283 tem.
2166 2233 2280 2273 non
2346 2218 2732 2289 pertingentis,
2788 2218 2941 2288 Spem
3006 2216 3360 2288 abjiciamus;
3428 2230 3569 2271 neve

1988 2308 2263 2365 inﬁnitam
2318 2317 2523 2365 nostrae
2573 2326 2639 2365 ex
2671 2319 2896 2381 peccato
2940 2309 3117 2364 ruinae
3141 2306 3570 2380 profunditatem

1989 2404 2427 2467 considerantes,
2491 2403 2608 2458 fore
2659 2412 2720 2459 ut
2767 2405 3039 2459 exstincta
3094 2402 3149 2456 in
3198 2400 3359 2455 nobis
3396 2401 3573 2455 virtus

1991 2491 2334 2546 conviviscat
2382 2490 2713 2546 diuidamus.
2757 2477 3064 2560 Utrumque
3107 2489 3256 2543 enim
3293 2489 3404 2542 Deo
3442 2502 3571 2557 pos-

1991 2581 2152 2637 sibile
2199 2590 2312 2650 est;
2349 2592 2467 2635 tum
2493 2596 2692 2651 nempe
2733 2588 2797 2634 ut
2828 2580 2945 2649 ipse
2974 2579 3041 2633 ad
3071 2595 3172 2633 nos
3214 2577 3573 2632 inclinatione

1990 2682 2201 2739 utatur,
2227 2682 2587 2743 nostramque
2624 2681 2863 2728 mentem
2891 2671 3125 2726 scientia
3150 2670 3420 2735 illustrct;
3455 2676 3573 2723 tum

1992 2772 2056 2820 ut
2103 2764 2161 2821 in
2197 2764 2361 2819 nobis
2406 2764 2592 2819 denuo
2643 2763 2907 2818 virtutem
2959 2763 3290 2823 exsuscitet,
3343 2776 3409 2816 ac
3463 2777 3574 2816 una

1993 2871 2182 2913 secum
2247 2872 2347 2927 per
2378 2856 2605 2927 justitite
2644 2871 2811 2927 opera
2856 2870 2958 2909 nos
3011 2854 3232 2919 exaltet.
3280 2853 3357 2908 Ne
3411 2855 3571 2917 enim,

1994 2947 2197 3019 inquit,
2246 2949 2442 3003 dixeris
2470 2950 2527 3003 in
2567 2948 2724 3003 corde
2759 2957 2848 3003 tuo
2880 2965 2896 3002 :
2937 2946 3065 3013 Quis
3092 2946 3339 3001 ascendet
3375 2947 3433 3000 in
3471 2962 3575 3000 ca:-

1996 3043 2105 3099 lum
2128 3044 2154 3097 ἵ
2180 3045 2273 3099 hoc
2303 3054 2378 3099 est
2404 3044 2669 3100 Christum
2701 3044 2955 3098 deducere
2986 3060 3003 3097 :
3031 3051 3124 3098 aut
3157 3044 3270 3113 quis
3302 3041 3576 3096 descendet

308 3128 562 3199 Τυχὸνδὲ
591 3130 712 3184 κατ’
745 3129 913 3203 ἀλλην
942 3131 1188 3203 ἐκδοχὴν,
1233 3132 1468 3196 άσυσσός
1514 3133 1651 3199 ἔστι,
1706 3134 1888 3188 πάντα

1992 3137 2051 3190 in
2085 3137 2377 3208 abyssum?
2406 3138 2500 3191 hoc
2528 3144 2623 3203 est,
2649 3135 2916 3193 Christum
2939 3153 2972 3189 α
2997 3137 3214 3191 mortuis
3243 3148 3485 3189 revocare
3507 3131 3573 3185 ’⁸.

306 3221 376 3276 τὰ
401 3222 538 3291 μετά
560 3222 693 3276 Θεόν
721 3238 736 3254 ο
770 3224 829 3276 ὲν
863 3218 947 3286 οἷς
985 3223 1107 3287 ὅλος
1151 3224 1295 3289 ὅλοις
1348 3223 1494 3280 κατά
1554 3224 1813 3295 πρόνοιαν
1858 3227 1889 3281 6

306 3311 402 3366 τοῦ
429 3311 564 3366 Θεοῦ
594 3313 806 3382 γίνεται
834 3314 1028 3383 Λόγος,
1065 3314 1141 3378 ὡς
1169 3314 1283 3387 ζωὴ
1312 3316 1526 3387 νεκροῖς
1553 3316 1889 3385 ὲπιφοιτῶσα

307 3406 423 3473 τοῖς
472 3402 609 3459 οὖσι.
672 3406 863 3475 Νεκρὰ
918 3405 1028 3475 γὰρ
1077 3407 1257 3462 πάντα
1306 3405 1377 3461 τά
1437 3407 1617 3473 ζῶντα
1673 3408 1889 3479 μεθέξει

311 3499 479 3569 ζωῆς.
528 3497 767 3570 Οὐρανὸν
821 3498 901 3565 δὲ,
957 3499 1055 3570 τὴν
1089 3500 1327 3572 φυσικὴν
1354 3499 1447 3554 τοῦ
1486 3499 1629 3561 Θεοῦ
1664 3501 1890 3572 κρυφιό-

310 3587 611 3658 τητα,καθ’
638 3589 705 3658 ἢν
734 3588 900 3643 πᾶσίν
940 3589 1088 3643 ἐστιν
1126 3589 1529 3661 ἀκατάληπτος.
1580 3591 1644 3644 Ei
1700 3591 1758 3644 δέ
1806 3607 1891 3654 τις

311 3677 534 3733 ἑκλάὸοι
562 3679 990 3750 πάλιν,οὐρανὸν
1022 3680 1120 3749 μὲν
1149 3676 1288 3733 εἶναι
1326 3681 1418 3734 τὸν
1466 3679 1569 3751 τῆς
1614 3681 1893 3751 θεολογίας

311 3766 470 3837 λόγον
499 3783 515 3800 ο
563 3767 801 3822 ἄϐυσσον
843 3768 922 3831 δὲ,
966 3768 1027 3822 τὸ
1071 3769 1172 3837 τῆς
1206 3770 1519 3840 οἰκονομίας
1572 3773 1871 3842 μυστήριον

311 3859 414 3911 οὐκ
448 3858 752 3921 ἀπεικότως
787 3859 902 3928 ἐρεῖ
928 3858 1071 3912 κατὰ
1091 3860 1183 3913 τὸν
1210 3859 1340 3931 ἐμὸν
1363 3859 1539 3929 λόγον.
1584 3846 1896 3932 Ἀμφότερα

314 3949 421 4020 γὰρ
473 3949 810 4003 δυσεπίϐατα
862 3951 977 4013 τοῖς
1027 3948 1422 4014 ἀποδεικτικῶς
1458 3951 1642 4020 ζητεῖν
1688 3952 1898 4021 ἐπιχει-

318 4038 473 4110 ροῦσι
496 4038 751 4110 ’.μᾶλλον
798 4039 855 4093 δὲ
902 4038 1182 4103 παντελῶς
1230 4038 1428 4103 ἄϐατα,
1484 4039 1609 4110 δίχα
1658 4039 1895 4103 πίστεως

315 4129 678 4203 ἑρευνὼμενα.

1988 3227 2196 3283 Forsan
2246 3243 2382 3283 vero
2434 3228 2544 3282 alio
2571 3243 2761 3293 sensu,
2811 3227 3041 3303 abyssus
3078 3236 3182 3292 est,
3230 3242 3577 3297 quaecunque

1989 3334 2022 3373 a
2072 3319 2189 3374 Deo
2248 3318 2496 3375 secunda
2537 3326 2688 3383 sunt,
2747 3318 2804 3373 in
2853 3319 3060 3389 quibus
3118 3318 3215 3373 Dei
3264 3332 3446 3372 sermo
3492 3332 3580 3371 se-

1990 3410 2235 3466 cundum
2260 3410 2674 3482 providentiam
2706 3419 2853 3466 totus
2885 3410 3015 3465 totis
3036 3398 3282 3473 immcat,
3317 3415 3578 3479 tanquam

1992 3502 2209 3559 scilicet
2238 3503 2353 3557 vita
2389 3503 2627 3558 mortuis
2660 3502 2827 3557 rebus
2877 3499 3199 3556 adveniens.
3245 3499 3387 3555 Sunt
3428 3498 3577 3553 enim

1993 3601 2212 3648 mortua
2257 3593 2463 3656 omnia,
2521 3607 2645 3663 qua:
2689 3608 2755 3647 ea
2808 3592 3025 3647 ratione
3064 3590 3273 3655 vivant,
3313 3588 3463 3660 quod
3500 3589 3583 3642 vi-

1993 3689 2107 3736 tam
2154 3682 2510 3750 participent.
2562 3680 2777 3736 Caelum
2808 3695 2978 3750 porro
3019 3696 3142 3735 cum
3197 3680 3378 3742 audis,
3435 3679 3579 3748 quod

1996 3769 2056 3823 in
2112 3770 2210 3825 Dei
2263 3779 2462 3824 natura
2513 3769 2792 3824 occultum
2856 3770 3124 3839 intellige,
3174 3786 3285 3840 quo
3338 3786 3407 3826 ex
3452 3769 3579 3824 uni-

1993 3860 2173 3915 versis
2202 3859 2698 3930 incomprebensus
2731 3868 2837 3915 est.
2878 3860 2976 3916 Sin
3010 3863 3134 3932 quis
3167 3871 3350 3917 autem
3389 3877 3582 3916 rursus

1996 3950 2163 4006 etiam
2211 3949 2289 4005 ita
2331 3958 2592 4020 exponat,
2646 3959 2709 4005 ut
2760 3951 2983 4017 coelum,
3024 3943 3261 4021 qum'de
3313 3951 3427 4007 Deo
3471 3958 3577 4015 est,

2002 4039 2310 4095 doctrinam
2355 4039 2652 4110 intelligat;
2722 4042 2978 4112 abyssum
3030 4049 3238 4106 autem,
3290 4041 3579 4111 dispensa-

2004 4131 2170 4187 tionis
2208 4131 2532 4205 mysterium
2565 4130 2740 4198 dicat;
2772 4133 2839 4197 is,
2871 4132 3018 4188 baud
3047 4132 3308 4195 absurde,
3348 4139 3410 4186 ut
3445 4131 3581 4188 mihi

314 4241 449 4285 sane
497 4226 740 4293 videtur,
796 4225 1057 4296 loquatur
1115 4234 1211 4282 aut
1260 4226 1484 4284 sentiat.
1548 4227 1691 4283 Sunt
1740 4224 1890 4282 enim
1968 4225 2132 4283 ambo
2188 4228 2307 4283 haec
2359 4241 2585 4283 accessu
2635 4225 2898 4292 diﬁicilia,
2969 4227 3016 4282 si
3064 4226 3189 4297 quis
3237 4224 3582 4280 demonstra-

317 4319 530 4378 tionum
574 4320 629 4375 vi
674 4336 923 4391 quaerere
971 4322 1320 4389 connitatur;
1377 4322 1513 4394 quin
1574 4332 1631 4379 et
1668 4322 1894 4378 omnino
1928 4322 2231 4389 inaccessa,
2285 4322 2399 4378 nisi
2448 4323 2717 4378 scrutanti
2754 4321 2888 4378 ﬁdes
2916 4336 3102 4378 comes
3124 4336 3233 4376 una
3261 4320 3508 4377 accedat.

383 4412 484 4478 λζ’.
528 4415 616 4467 Ἐν
638 4415 738 4486 μὲν
767 4414 1078 4486 πρακτικῷ,
1110 4418 1223 4481 τοῖς
1250 4415 1362 4470 τῶν
1405 4415 1619 4489 ἀρετῶν
1670 4414 1899 4487 τρόποις

2073 4418 2164 4473 57.
2203 4417 2265 4471 In
2303 4431 2373 4472 eo
2423 4415 2651 4485 quidem
2695 4416 2787 4486 qui
2822 4414 3030 4472 actioni
3072 4413 3278 4480 studet,
3312 4414 3579 4469 virtutum

317 4504 691 4575 παχυνόμενος
719 4506 748 4558 6
778 4505 959 4573 λόγος,
990 4504 1201 4572 γίνεται
1228 4503 1368 4577 σάρξ
1394 4521 1409 4536 ·
1444 4504 1504 4558 ὲν
1538 4503 1597 4558 δὲ
1648 4502 1727 4575 τῷ
1774 4503 1903 4556 θεω-

2006 4506 2188 4563 modis
2224 4516 2502 4563 crassatus
2548 4521 2753 4570 sermo,
2805 4522 2935 4563 caro
2970 4505 3235 4571 efﬁcitur;
3285 4507 3341 4561 in
3392 4522 3460 4561 eo
3486 4509 3582 4561 au-

316 4596 557 4669 ρητικῷ,
608 4598 719 4660 τοῖς
776 4597 1165 4667 πνευματικοῖς
1204 4596 1438 4667 νοήμασι
1475 4593 1867 4666 λεπτυνόμενος
1886 4633 1901 4659 ,

313 4688 524 4754 γίνεται
545 4689 735 4761 ὥσπερ
754 4683 820 4761 ἦν
843 4690 900 4742 ὲν
927 4689 1091 4761 ἀρχῇ,
1117 4687 1249 4751 Θεὸς
1281 4687 1475 4758 Λόγος.

389 4865 497 4937 λη’.
525 4867 680 4922 Ποιεῖ
716 4865 896 4935 σάρκα
923 4862 1016 4917 τὸν
1056 4861 1236 4932 λόγον,
1282 4862 1312 4915 6
1353 4861 1761 4934 παραδείγμασι
1800 4862 1897 4917 καὶ

320 4960 528 5030 ῥήμασι
555 4957 882 5029 παχυτέροις
916 4954 1005 5010 διὰ
1030 4954 1129 5027 τὴν
1157 4952 1418 5024 ἀνάλογον
1452 4953 1561 5008 τῶν
1589 4953 1895 5009 ἀκουόντων

320 5048 574 5120 δύναμιν,
625 5048 821 5119 ἠθικὴν
869 5046 964 5101 τοῦ
1010 5048 1171 5117 λόγου
1216 5046 1316 5117 τὴν
1343 5045 1691 5100 διδασκαλίαν
1716 5045 1894 5100 ποιού-

322 5159 481 5214 μενος
505 5159 521 5174 ο
555 5142 650 5197 καὶ⁵
694 5140 856 5196 πάλιν
893 5142 1039 5196 ποιεῖ
1057 5139 1275 5211 πνεῦμα
1323 5139 1415 5193 τὸν
1463 5139 1643 5208 λόγον,
1687 5140 1718 5192 6
1777 5141 1890 5206 τοῖς

321 5234 548 5306 ὑψηλοῖς
624 5234 943 5305 θεωρήμασι
1030 5233 1128 5305 τήν
1202 5230 1473 5305 μυστικὴν
1545 5231 1894 5304 ἐκτιθέμενος

323 5326 628 5397 θεολογίαν.

393 5416 494 5472 λθ¹.
535 5418 597 5471 '0
636 5416 736 5489 μὲν
774 5417 840 5470 ἐκ
868 5413 979 5469 τῶν
1021 5414 1223 5468 θέσεων
1279 5414 1666 5485 καταφατικῶς
1721 5413 1899 5469 θεολο-

322 5510 460 5580 γῶν,
506 5510 687 5580 σάρκα
730 5510 877 5562 ποιεῖ
913 5507 1007 5561 τὸν
1037 5507 1200 5575 λόγον
1223 5523 1237 5538 ο
1279 5508 1380 5560 οὐκ
1419 5506 1556 5577 ἔχων
1586 5506 1828 5571 ἄλλοθεν,
1864 5504 1898 5577 ἢ

323 5600 391 5654 ὲκ
425 5596 535 5651 τῶν
564 5597 857 5669 ὁρωμένων
885 5597 982 5652 καὶ
1016 5595 1429 5669 ψηλαφωμὸνων
1462 5596 1554 5654 τὸν
1582 5596 1714 5652 Θεὸν
1739 5594 1901 5667 γινώ-

396 5781 441 5816 ’ν
479 5781 640 5837 Rom.
684 5797 738 5848 x,
780 5781 833 5835 8.
911 5783 932 5815 ⁹
985 5781 1120 5839 ibid.
1158 5782 1211 5851 6,
1246 5782 1297 5840 7.

1931 4639 1980 4695 D

2011 4604 2122 4652 tem
2164 4597 2261 4668 qui
2312 4596 2763 4667 contemplationi
2801 4597 3045 4652 animum
3086 4595 3312 4661 addicit,
3361 4596 3584 4666 spirita-

2003 4687 2152 4742 libus
2194 4686 2375 4747 sensis
2435 4700 2501 4742 ac
2542 4686 2920 4756 conceptibus.
2964 4693 3244 4751 tenuatus,
3294 4684 3351 4739 id
3397 4683 3584 4740 evadit
3634 4684 3638 4688 ’

1999 4783 2149 4855 quod
2187 4783 2246 4839 in
2288 4781 2566 4854 principio
2609 4789 2748 4848 erat,
2797 4782 2945 4837 Deus
2982 4780 3249 4837 Verbum.

2066 4874 2157 4931 38.
2197 4873 2523 4930 Sermonem
2554 4888 2776 4930 carnem
2808 4873 2958 4939 facit,
2990 4872 3082 4943 qui
3124 4869 3289 4943 ωε
3314 4869 3581 4939 exemplis

1994 4966 2291 5038 verbisque
2322 4964 2689 5022 crassioribus
2723 4964 3038 5020 auditorum
3082 4977 3141 5016 se
3170 4959 3418 5016 facultati
3443 4972 3578 5017 cnn-

1995 5058 2288 5114 venienter
2317 5065 2711 5126 attemperans,
2762 5053 3027 5108 moralem
3062 5049 3334 5106 sermonis
3374 5049 3582 5105 doctri-

1995 5164 2123 5205 nam
2146 5146 2408 5204 instituit.
2432 5145 2755 5215 Rursusque
2772 5156 3086 5199 scrmonem
3103 5140 3358 5210 spiritum
3377 5138 3578 5205 reddit,

1997 5235 2094 5307 qui
2135 5234 2468 5291 sublimibus
2501 5232 2860 5288 theorematis
2920 5246 2985 5286 ac
3034 5230 3232 5294 sensis,
3269 5229 3580 5285 abstrusio-

1996 5338 2136 5386 rem,
2173 5337 2297 5392 quae
2330 5320 2398 5375 de
2439 5320 2554 5375 Deo
2582 5327 2688 5385 est,
2736 5318 3045 5373 doctrinam
3073 5316 3319 5387 exponit.

2065 5414 2153 5470 59.
2193 5412 2298 5480 Qui
2320 5428 2390 5467 ex
2411 5410 2785 5481 positionibus
2806 5408 3070 5463 afﬁrmate
3097 5406 3166 5462 de
3193 5406 3304 5462 Deo
3333 5405 3577 5472 disserit,

1997 5519 2306 5561 sermonem
2342 5516 2566 5558 carnem
2602 5500 2766 5566 facit;
2798 5497 2894 5569 qui
2925 5511 3123 5568 nempe
3171 5498 3391 5553 nonnisi
3419 5512 3485 5551 ex
3513 5496 3581 5552 iis

1999 5612 2121 5667 qua:
2155 5596 2329 5652 oculis
2382 5593 2629 5666 subjecta
2661 5600 2810 5652 sunt.
2842 5605 2907 5647 ac
2934 5605 3098 5646 manu
3130 5597 3578 5651 contrectantur.
