4122 6320
473 368 607 437 1H3
701 408 714 419 -

1647 374 1706 436 S.
1751 370 2040 435 MAXIMI
2084 373 2593 441 CONFESSORIS

3616 379 3747 439 1144

471 487 644 545 Deum
684 494 743 541 ut
792 493 1079 542 auctorem
1126 500 1462 556 cognoscere
1494 487 1692 556 possit.
1725 485 1829 553 Qui
1865 495 2052 541 autem

2167 504 2312 543 σκειν
2343 490 2419 555 ὡς
2441 490 2653 546 αἴτιονσ
2704 491 2732 543 ό
2764 490 2820 544 δὲ
2860 488 3213 558 ἀποφατικῶς
3243 487 3307 540 ὲκ
3358 485 3464 539 τῶν
3516 487 3750 558 ἀφαιρέ-

470 579 783 634 inﬁciantcr
822 593 887 633 ex
927 576 1318 648 negationibus
1366 576 1436 632 de
1478 577 1591 633 Deo
1628 576 1893 647 loquitur,
1946 590 2063 632 ser-

470 685 690 727 monem
745 671 1002 740 spiritum
1053 669 1207 736 facit,
1259 670 1413 725 velut
1445 669 1501 724 in
1553 668 1827 739 principio
1860 665 2059 734 Deum,

469 777 534 817 ac
556 761 715 831 apud
766 761 979 827 Deum;
1021 761 1116 832 qui
1150 760 1258 815 rite
1298 776 1367 816 ex
1400 759 1552 817 nullo
1585 773 1814 829 prorsus
1843 773 2059 822 eorum,

469 864 592 922 qua:
620 853 879 924 cognosci
924 862 1178 924 possunt,
1210 853 1392 924 ipsum
1421 866 1588 922 supra
1619 866 1783 921 quam
1810 850 2062 922 ignotum

468 944 644 1015 probe
685 952 1005 1017 cognoscat.

540 1037 628 1093 40.
667 1035 772 1104 Qui
820 1037 1263 1109 patriarcharum
1317 1051 1473 1093 more
1511 1034 1748 1091 actionis
1801 1033 1953 1089 cultu
2000 1047 2064 1088 ac

469 1130 973 1200 contemplationis,
1039 1130 1096 1184 in
1162 1128 1285 1199 ipso
1340 1128 1675 1185 exsistentes
1726 1125 1950 1182 virtutis
1999 1140 2065 1180 ac

469 1220 714 1276 scientius
743 1229 943 1293 puteos
989 1221 1148 1276 novit
1192 1221 1407 1289 fodere,
1438 1221 1588 1276 intus
1623 1218 1904 1275 Christum
1945 1217 2065 1272 fon-

470 1322 581 1369 tem
625 1313 751 1369 vita:
788 1314 1057 1379 offendet,
1113 1328 1182 1369 ex
1225 1329 1335 1384 quo
1369 1312 1651 1383 Sapientia
1699 1311 1860 1383 jubet
1891 1319 1952 1366 nt
1981 1311 2066 1367 bi-

468 1404 686 1469 bamus,
721 1404 954 1461 dicens:
979 1405 1110 1460 Bibe
1141 1421 1308 1476 aquas
1343 1404 1408 1459 de
1443 1406 1583 1460 vasis
1616 1406 1739 1470 tuis,
1771 1414 1819 1458 et
1850 1404 1913 1457 de
1932 1421 2065 1458 vena

469 1508 749 1567 puteorum
807 1507 1024 1552 tuorum
1057 1497 1135 1566 ”;
1170 1498 1343 1568 'quod
1392 1497 1524 1552 dum
1578 1496 1897 1562 fecerimus,
1946 1496 2066 1566 ejus

470 1588 615 1645 intra
654 1604 756 1645 nos
792 1591 1124 1647 exsistentes
1174 1592 1464 1647 thesauros
1529 1590 1895 1646 inveniemus.

538 1767 631 1825 M.
672 1766 777 1835 Qui
805 1766 1092 1822 brutarum
1119 1766 1486 1821 animantium
1518 1781 1691 1831 more,
1727 1764 2064 1820 demerendo

472 1858 822 1913 solummodo
873 1857 1064 1913 sensui
1113 1857 1281 1911 vitam
1337 1857 1655 1923 instituunt,
1708 1855 1902 1928 grandi
1959 1855 2063 1911 sibi

472 1950 722 2021 periculo
763 1964 1079 2005 sermonem
1130 1964 1355 2004 carnem
1418 1949 1663 2017 faciunt;
1714 1948 1809 2020 qui
1863 1964 2064 2019 nempe

474 2050 537 2097 ut
570 2043 866 2123 aﬂ‘ectibus
910 2057 991 2111 ac,
1011 2041 1232 2096 libidini
1287 2055 1498 2097 morem
1549 2049 1743 2113 gerant
1792 2041 1995 2096 creatis
2034 2055 2065 2094 a

472 2136 586 2190 Deo
633 2136 972 2201 abutantur;
1030 2150 1134 2189 nec
1188 2134 1492 2204 sapientia,
1529 2148 1652 2205 quae
1703 2135 1763 2189 in
1806 2134 2066 2189 omnibus

477 2224 685 2291 elucet,
730 2226 1002 2281 rationem
1064 2225 1441 2292 considerent,
1499 2234 1560 2282 ut
1592 2227 1766 2284 Deum
1824 2241 1895 2281 ex
1944 2226 2066 2296 ejus
2107 2235 2117 2244 '

472 2318 743 2389 operibus
795 2327 1137 2390 cognoscant
1165 2335 1231 2374 ac
1262 2318 1596 2384 elarificent;
1626 2319 2061 2388 intelligantque,

472 2418 641 2476 unde,
675 2423 739 2463 ac
785 2407 944 2478 quid,
1000 2409 1054 2462 in
1104 2423 1337 2479 quemve
1382 2406 1570 2472 finem,
1621 2421 1685 2461 ac
1730 2422 1840 2476 quo
1889 2414 1949 2460 ut
1980 2404 2062 2459 fe-

471 2515 684 2566 ramur,
720 2515 820 2571 per
858 2515 924 2554 ea
957 2516 1081 2571 qua:
1117 2500 1297 2555 oculis
1334 2500 1632 2569 conspicua
1672 2509 1821 2564 sunt,
1851 2496 2063 2552 conditi

470 2584 681 2654 simus;
713 2585 811 2642 sed
849 2587 909 2642 in
944 2586 1193 2643 tenebris
1246 2595 1424 2642 totum
1454 2586 1600 2657 quod
1633 2589 1848 2658 agimus
1892 2601 2065 2641 saacu—

469 2679 585 2734 lum
618 2679 988 2746 ambulantes,
1033 2680 1207 2736 solam
1249 2679 1349 2734 Dei
1394 2678 1760 2749 ignorantiam
1790 2678 2060 2733 ambabus

469 2771 729 2828 manibus
775 2773 1021 2843 palpent.

539 2865 630 2919 42.
656 2865 760 2931 Qui
782 2866 916 2921 solis
950 2880 1122 2921 sacrae
1146 2864 1448 2935 Scriptura:
1479 2866 1666 2921 verbis
1695 2865 1937 2921 animum
1968 2865 2065 2920 ad-

470 2955 751 3036 hibentes,
782 2957 1058 3026 corporali
1104 2955 1241 3027 legis
1289 2956 1440 3011 cultu
1469 2956 1635 3011 animi
1669 2956 2062 3027 ingenuitatem

471 3047 740 3118 obligant,
774 3046 1144 3117 vituperando
1172 3064 1313 3103 ausu
1343 3063 1661 3103 sermonem
1700 3048 1808 3103 sibi
1838 3058 2061 3102 carnem

2168 599 2305 635 σεων
2343 581 2631 653 θεολογῶν,
2665 583 2881 653 πνεῦμα
2909 584 3056 635 ποιεῖ
3077 580 3169 634 τὸν
3193 579 3371 647 λόγοι,
3402 577 3477 642 ὡς
3509 581 3564 631 ὲν
3599 579 3744 653 ἀρχῇ

2164 673 2474 741 Θεὸν-ὄντα,
2506 675 2602 730 καὶ
2632 676 2770 747 πρὸς
2793 674 2925 728 Θεὸν
2948 673 3101 738 ὄντα,
3137 671 3197 738 ἐξ
3231 670 3447 735 οὐδενὸς
3479 672 3539 723 τὸ
3570 673 3749 742 παρά·

2165 783 2273 821 παν
2306 767 2417 821 τῶν
2442 756 2754 838 γνωσθῆναι
2779 760 3118 837 δυναμένων,
3150 762 3335 827 καλῶς
3352 760 3639 833 γινώσκων
3656 762 3751 817 τὸν

2166 855 2609 930 ύπεράγνωστον.

2239 1045 2314 1109 μ’.
2350 1039 2408 1093 Ὀ
2440 1036 2625 1110 μαθὼν
2654 1037 2944 1110 ὀρρύσσειν
2971 1035 3117 1092 κατά
3136 1036 3260 1101 τοὺς
3286 1035 3634 1106 πατριάρχας
3658 1034 3747 1091 διὰ

2165 1132 2420 1205 πράξεως
2449 1133 2545 1186 καὶ
2573 1130 2806 1203 θεωρίας
2840 1130 2909 1184 τὰ
2960 1133 3018 1184 ὲν
3061 1128 3211 1201 αύτῷ
3258 1131 3360 1200 τῆς
3410 1128 3614 1201 ἀρετῆς
3652 1128 3748 1183 καὶ

2165 1223 2266 1294 τῆς
2294 1221 2550 1292 γνώσεως
2575 1221 2809 1295 φρέατα,
2843 1220 2936 1274 τὸν
2961 1217 3199 1291 Χριστὸν
3224 1219 3373 1273 ἔνδον
3395 1217 3621 1290 εὑρήσει
3649 1216 3747 1291 τὴν

2166 1315 2347 1389 πηγὴν
2373 1317 2473 1387 τῆς
2511 1315 2658 1386 ζωῆς
2691 1330 2706 1348 ⁶
2742 1313 2835 1385 ἀφ’
2864 1304 2933 1386 ἧς
2962 1312 3145 1367 πίνειν
3170 1313 3318 1383 ἡμᾶς
3345 1313 3379 1383 ἡ
3435 1310 3596 1377 σοφία
3640 1327 3746 1364 πα-

2170 1406 2545 1479 ρακελεύεται,
2594 1406 2834 1476 λέγουσα
2858 1420 2874 1436 ’
2914 1405 3061 1459 Πίνε
3093 1404 3286 1459 ὕδατα
3321 1403 3442 1458 ἀπὸ
3473 1401 3603 1457 σῶν
3639 1402 3746 1472 ἁγ-

2166 1501 2361 1570 γείων,
2394 1500 2491 1554 καὶ
2514 1497 2633 1554 ἀπὸ
2665 1497 2794 1553 σῶν
2814 1497 3085 1566 φρεάτων
3106 1494 3328 1565 πηγῆς·
3363 1496 3501 1565 ὅπερ
3529 1494 3746 1547 ποιοῦν-

2169 1610 2277 1658 τες,
2301 1592 2614 1665 εὑρήσομεν
2638 1589 2784 1644 ἔνδον
2808 1589 2967 1661 ἡμῶν
3010 1587 3171 1651 ὄντας
3191 1588 3318 1651 τοὺς
3338 1587 3505 1658 αὐτῆς
3539 1585 3745 1658 θησαυ-

2169 1704 2315 1757 ρους.
2381 1716 2393 1726 -

2242 1784 2352 1849 μα’.
2391 1776 2454 1830 Ol
2484 1773 2774 1847 κτηνωδῶς
2814 1773 2952 1846 πρὸς
2996 1773 3164 1844 μόνην
3196 1771 3294 1841 τὴν
3328 1769 3581 1840 αἴσθησιν
3607 1768 3743 1835 ζῶν-

2165 1888 2278 1937 τες,
2315 1869 2634 1939 ἐπισφαλῶς
2680 1869 2896 1931 ἑαυτοῖς
2927 1866 3107 1937 σάρκα
3158 1863 3369 1917 ποιοῦσι
3420 1862 3511 1915 τὸν
3565 1861 3741 1929 λόγον’

2167 1965 2247 2027 είς
2274 1962 2581 2033 ὑπηρεσίαν
2612 1961 2710 2033 μὲν
2750 1959 2962 2023 παθῶν,
3003 1958 3116 2021 τοῖς
3156 1954 3251 2008 τοῦ
3285 1953 3419 2007 Θεοῦ
3456 1952 3745 2023 καταχρώ-

2170 2073 2319 2129 μενοι
2343 2054 2603 2125 κτίσμασι
2624 2070 2638 2085 ’
2676 2054 2767 2107 τὸν
2797 2050 2854 2105 δὲ
2886 2050 2987 2121 τῆς
3014 2048 3207 2119 σοφίας
3223 2047 3322 2117 τῆς
3343 2047 3508 2100 πᾶσιν
3538 2046 3745 2116 ἐμφαι-

2166 2146 2496 2218 νομένης,ού
2516 2141 2902 2205 κατανοοῦντες
2932 2141 3112 2208 λόγον,
3171 2138 3309 2210 πρὸς
3332 2135 3392 2190 τδ
3419 2135 3625 2205 γνῶναι
3650 2134 3746 2189 καῖ

2164 2238 2386 2306 δοξάσαι
2413 2237 2502 2291 τὸν
2525 2236 2659 2290 Θεὸν
2688 2238 2750 2287 ὲκ
2775 2232 2885 2286 τῶν
2908 2229 3075 2285 αὑτοῦ
3102 2230 3420 2301 ποιημάτων
3447 2245 3461 2259 ⁸
3491 2229 3586 2281 καὶ
3621 2244 3745 2279 συν-

2170 2332 2305 2386 ιέναι
2357 2329 2543 2392 πόθεν,
2577 2326 2673 2381 καὶ
2700 2326 2775 2389 τί,
2811 2325 2906 2379 καὶ
2934 2325 3027 2377 ἐπὶ
3045 2323 3175 2387 τίνι,
3209 2320 3303 2375 ml.
3336 2318 3439 2373 ποῦ
3478 2318 3745 2390 φέρεσθαι

2165 2423 2254 2477 διὰ
2283 2422 2392 2475 τῶν
2421 2420 2716 2492 ὁρωμένων
2738 2418 3043 2488 γεγόναμεν
3074 2430 3089 2444 ·
3138 2413 3256 2467 ἀλλ’
3305 2412 3363 2464 ὲν
3417 2410 3599 2464 σκότει
3653 2409 3744 2463 τὸν

2167 2514 2339 2570 αἰῶνα
2370 2512 2563 2566 τοῦτον
2586 2507 3055 2582 διαπορευόμενοι,
3092 2506 3261 2578 μόνην
3290 2504 3391 2576 τὴν
3442 2503 3572 2575 περὶ
3612 2502 3742 2557 Θεὸν

2166 2608 2370 2678 ἀμφοῖν
2396 2605 2517 2659 ταῖν
2541 2603 2722 2673 χεροῖν
2754 2598 3082 2672 ψηλαφῶσιν
3109 2593 3406 2666 ἀγνωσίαν.

2242 2876 2349 2949 μβ’-
2381 2872 2449 2928 οἱ
2478 2871 2626 2943 μόνῳ
2663 2866 2740 2940 τῷ
2773 2865 2922 2941 ῥητῷ
2946 2865 3047 2933 τῆς
3092 2860 3251 2934 ἁγίας
3280 2859 3509 2934 Γραφῆς
3558 2874 3739 2930 mer

2166 2970 2490 3041 καθήμενοι,
2511 2963 2602 3018 καὶ
2623 2963 2688 3032 τῇ
2723 2958 3009 3030 σωματικῇ
3033 2956 3127 3010 τοῦ
3167 2959 3332 3026 νόμου
3377 2950 3605 3022 λατρεία
3651 2949 3741 3003 δε-

2168 3061 2429 3130 σμοῦντες
2456 3057 2559 3126 τῆς
2581 3051 2759 3125 ψυχῆς
2780 3049 2840 3103 τὸ
2868 3047 3105 3119 ἀξίωμα,
3132 3043 3348 3117 ψεκτῶς
3363 3042 3606 3096 ποιοῦσιν
3624 3041 3745 3094 ἑαυ-

469 3139 720 3205 faciunt;
761 3140 842 3194 sic
892 3138 1177 3204 nimirum,
1236 3149 1299 3195 ut
1345 3141 1636 3196 brutarum
1693 3139 2057 3205 animantium

2167 3156 2273 3214 τοῖς
2305 3149 2484 3220 σάρκα
2512 3147 2601 3201 τὸν
2632 3145 2787 3213 λόγον
2822 3158 2836 3171 θ
2870 3140 3080 3208 ἀλόγων
3113 3139 3266 3204 ζώων
3298 3135 3511 3199 θυσίαις
3551 3133 3746 3225 εύαρε-

470 3218 712 3286 victimis
758 3230 934 3285 Deum
986 3232 1254 3286 delectari
1286 3233 1639 3296 existiment;
1666 3230 1920 3286 homines
1948 3229 2059 3285 sci-

472 3321 627 3387 licet,
677 3320 772 3391 qui
816 3322 1040 3391 corpori
1098 3321 1349 3377 exterius
1396 3320 1686 3378 lustrando
1730 3321 1849 3379 non
1884 3321 2061 3376 levem

474 3429 668 3469 curam
720 3413 1047 3479 adhibeant,
1077 3414 1248 3469 animi
1281 3430 1417 3470 vero
1449 3413 1945 3484 pulchritudinem,
1980 3413 2060 3467 vi-

476 3507 681 3560 tiorum
716 3505 950 3575 maculis
988 3507 1327 3576 compuncti,
1369 3506 1680 3577 negligant;
1710 3507 1869 3578 cujus
1895 3520 2061 3561 causa

473 3596 656 3652 omnis
710 3612 900 3652 rerum
943 3597 1119 3652 oculis
1148 3597 1524 3669 subjectarum
1569 3598 1748 3652 virtus
1794 3595 2064 3667 producta

472 3694 581 3752 est,
629 3686 924 3756 omnisque
974 3686 1196 3742 divinus
1247 3701 1429 3742 sermo
1462 3701 1526 3741 ac
1577 3685 1666 3741 lex
1702 3687 1870 3741 edita.

544 3780 633 3835 45.
676 3779 737 3834 In
773 3781 988 3834 ruinam
1034 3788 1091 3836 et
1131 3780 1597 3835 resurrectionem
1649 3781 1949 3835 multorum
2006 3777 2062 3833 in

472 3868 678 3933 lsraele
724 3873 964 3944 positum
1010 3888 1133 3929 esse
1184 3873 1498 3938 Dominum,
1555 3880 1792 3929 testatur
1843 3886 2063 3928 sacrum

475 3961 832 4039 Evangelium
877 3968 917 4020 ¹.
982 3964 1147 4040 495
1212 3968 1413 4023 Διιίιηο
1463 3967 1632 4039 igitur
1685 3966 2061 4031 attendamus,

474 4074 608 4117 num
646 4060 703 4115 in
753 4076 948 4117 eorum
996 4060 1220 4130 quidem
1272 4062 1512 4125 ruinam,
1560 4060 1656 4130 qui
1703 4058 1815 4115 sola
1868 4068 2064 4115 sensus

474 4154 652 4228 gratia
710 4161 966 4208 naturam
1012 4153 1188 4209 oculis
1228 4154 1534 4225 subjectum
1583 4157 1940 4219 eontuentur,
1971 4166 2066 4206 eo-

474 4262 713 4319 rumque
745 4246 839 4317 qui
871 4245 1006 4302 solis
1032 4244 1339 4317 Scriptum
1362 4244 1551 4301 verbis
1580 4243 1829 4307 hmrent;
1860 4241 2063 4314 quippe

472 4339 569 4411 qui
612 4354 712 4409 per
755 4336 1053 4392 amentiam
1079 4351 1145 4391 ac
1188 4335 1573 4401 stoliditatem,
1606 4333 1675 4388 ad
1699 4347 1904 4388 novum
1936 4347 2063 4403 gra-

472 4432 566 4488 tia:
593 4430 849 4502 spiritum
888 4428 1125 4483 transire
1159 4442 1273 4482 non
1301 4416 1558 4494 valeant;
1599 4424 2062 4481 resurrectionem

2167 3244 2409 3299 στεῖσθαι
2447 3241 2757 3312 νομίζοντες
2782 3238 2873 3293 τὸν
2921 3236 3054 3290 Θεόν
3084 3250 3099 3264 ⁸
3149 3224 3231 3295 οἷς
3279 3228 3412 3283 πολὺ
3461 3228 3523 3280 τὸ
3583 3224 3743 3294 σῶμα

2166 3330 2577 3400 πεφρόντισται,
2610 3329 2719 3390 τοῖς
2757 3326 2912 3389 ὲκτδς
2949 3321 3267 3392 καθαρσίοις
3291 3336 3304 3350 ⁸
3346 3319 3443 3388 τῆς
3480 3314 3536 3369 δὲ
3567 3314 3743 3384 ψυχῆς

2166 3422 2553 3494 παρημέληται
2583 3419 2643 3472 τὸ
2666 3419 2881 3482 κάλλος,
2910 3418 3032 3479 ταῖς
3055 3414 3164 3467 τῶν
3195 3410 3382 3466 παθῶν
3411 3408 3596 3481 κηλίσι
3625 3423 3743 3459 στι-

2166 3508 2393 3584 ζόμενον
2424 3527 2439 3543 ’
2465 3510 2603 3580 ὑπὲρ
2631 3506 2717 3582 ἧς,
2746 3512 2777 3581 ἠ
2812 3509 2963 3562 πᾶσα
2991 3506 3100 3560 τῶν
3120 3502 3412 3576 ὁρωμένων
3440 3496 3709 3571 προὸέόλη

2164 3605 2650 3674 ταιδύναμις,κα¹ι
2684 3605 2792 3665 πᾶς
2836 3601 2995 3670 λόγος
3044 3600 3187 3661 θεῖος
3236 3592 3331 3649 καὶ
3374 3595 3539 3664 νόμος
3584 3587 3738 3644 ἐκδέ-

2164 3697 2333 3750 δοται.

2244 3793 2353 3860 μγ’.
2380 3787 2475 3851 Εἰς
2514 3784 2723 3839 πτῶσιν
2771 3785 2865 3838 καὶ
2917 3782 3214 3837 ἀνάστασιν
3270 3775 3478 3833 πολλῶν
3527 3772 3742 3828 κεῖσθαι

2165 3881 2256 3935 τὸν
2293 3878 2497 3952 Κύριον
2527 3878 2678 3946 λέγει
2708 3876 2769 3929 τὸ
2804 3876 2959 3945 ἅγιον
2995 3871 3351 3941 Εὐαγγέλιον.
3379 3865 3586 3922 Οὐκοῦν
3617 3880 3742 3917 σκο-

2167 3972 2452 4043 πήσωμεν,
2501 3970 2697 4040 μήπως
2732 3971 2813 4031 εἰς
2863 3966 3071 4020 πτῶσιν
3114 3964 3234 4035 μὲν,
3265 3962 3375 4015 τῶν
3395 3977 3454 4014 τε
3483 3958 3616 4030 πρὸς
3651 3955 3745 4027 μό-

2165 4078 2264 4132 νην
2293 4060 2393 4130 τὴν
2423 4058 2675 4131 αἴσθησιν
2697 4057 2797 4130 τὴν
2830 4053 3119 4127 ὁρωμένην
3160 4050 3510 4124 θεωρούντων
3540 4047 3743 4110 κτίσιν,

2167 4156 2263 4208 καὶ
2286 4152 2395 4206 τῶν
2423 4152 2570 4223 μόνῳ
2598 4150 2677 4222 τῷ
2709 4148 2863 4223 ῥητῷ
2888 4146 3246 4220 στοιχούντων
3285 4144 3387 4214 τῆς
3410 4141 3573 4211 ἁγίας
3602 4140 3743 4210 Γρα-

2167 4246 2275 4314 ιρῆς
2296 4259 2312 4276 ο
2347 4242 2422 4306 ὡς
2464 4242 2540 4313 μὴ
2563 4240 2877 4310 δυναμένων
2909 4238 3046 4310 πρὸς
3072 4236 3132 4289 τὸ
3169 4235 3356 4290 καινὸν
3388 4231 3605 4300 πνεῦμα
3632 4229 3745 4282 δια·

2167 4334 2325 4404 ϐῆναι
2362 4335 2462 4405 τῆς
2507 4333 2731 4404 χάριτος
2770 4326 2860 4384 διὰ
2891 4328 2989 4401 τὴν
3040 4327 3226 4383 ἄνοιαν
3254 4341 3271 4358 ο
3320 4323 3619 4377 ἀνάστασιν
3664 4317 3741 4382 δὲ,

2166 4425 2274 4480 τῶν
2296 4422 2683 4496 πνευματικῶς
2709 4420 2781 4476 τά
2802 4439 2858 4476 τε
2887 4421 3165 4491 κτίσματα
3208 4416 3305 4470 τοῦ
3349 4413 3484 4469 Θεοῦ
3538 4412 3632 4466 καὶ
3676 4407 3745 4462 τὰ

471 4499 639 4578 vero—
668 4536 888 4583 eorum,
934 4520 1029 4591 qui
1092 4519 1328 4590 spiritali
1378 4518 1593 4574 ratione
1649 4526 1765 4573 tum
1808 4531 1899 4573 res
1948 4517 2061 4573 Deo

2169 4519 2390 4591 ῥήματα
2418 4516 2769 4588 θεωρούντων
2791 4532 2851 4567 τε
2878 4513 2974 4567 καὶ
3000 4510 3327 4570 ἀκουόντων,
3359 4506 3452 4560 καὶ
3486 4506 3598 4566 τοῖς
3614 4499 3745 4555 καθ-

474 4621 703 4671 auctore
730 4611 1005 4677 conditas,
1032 4620 1149 4666 tum
1171 4612 1293 4684 ejus
1326 4612 1498 4668 verba
1518 4611 1870 4683 conspiciunt
1898 4619 2065 4683 atque

472 4703 746 4771 audiunt;
790 4701 1033 4771 hincque
1078 4700 1218 4757 adeo
1260 4700 1363 4756 soli
1402 4700 1605 4757 divinae
1650 4701 1898 4772 imagini,
1940 4716 2065 4771 quae

472 4798 533 4854 in
572 4796 759 4852 animo
806 4793 1037 4859 residet,
1068 4794 1328 4865 congruis
1356 4793 1608 4850 moribus
1637 4808 1827 4849 curam
1852 4791 2066 4864 impen-

475 4887 639 4944 dunL

545 4979 637 5037 44.
677 4978 833 5046 Quod
869 4977 947 5033 ita
987 4977 1259 5050 scriptum
1290 4981 1406 5043 'est,
1441 4977 1683 5048 positum
1716 4991 1838 5032 esse
1879 4975 2066 5031 Domi—

470 5086 606 5128 num
652 5070 709 5125 in
754 5069 973 5124 ruinam
1019 5078 1076 5124 et
1129 5068 1599 5124 resurrectionem
1655 5066 1954 5121 multorum
2008 5064 2067 5121 in

470 5163 697 5228 lsraele,
742 5161 787 5218 si
843 5162 899 5217 in
944 5161 1130 5216 laudis
1181 5168 1398 5232 partem
1444 5160 1622 5215 solum
1679 5158 2022 5229 intelligatur
2049 5197 2065 5224 ,

472 5253 535 5311 ln
557 5255 773 5309 ruinam
798 5251 1182 5323 accipiendum
1214 5261 1328 5305 tum
1360 5250 1623 5306 vitiorum
1655 5259 1711 5305 et
1747 5249 2065 5315 libidinum,

473 5355 594 5405 tum
627 5360 923 5418 pravarum
949 5344 1349 5416 cogitationum
1380 5344 1435 5397 in
1485 5341 1716 5413 singulis
1749 5341 2064 5412 quibusque

474 5438 754 5505 ﬁdelium;
807 5438 1271 5495 resurrectionem
1325 5451 1457 5491 vero
1498 5435 1789 5499 virtutum,
1819 5433 2063 5503 piarum-

476 5540 587 5602 que
620 5531 869 5586 omnium
913 5546 977 5585 ac
1024 5530 1399 5601 religiosarum
1447 5525 1863 5601 cogitationum.

547 5620 637 5676 45.
677 5621 782 5686 Qui
810 5637 996 5675 rerum
1023 5621 1371 5676 solummodo
1422 5620 1817 5691 generabilium
1853 5636 1916 5675 ac
1946 5636 2066 5675 eor-

558 5785 790 5856 "Prov.
820 5797 988 5863 v,15.
1053 5799 1066 5828 ¹
1104 5798 1238 5853 Luc.
1276 5816 1336 5865 ιι,
1371 5800 1461 5875 SM.

2171 4617 2370 4687 ήκουσι
2404 4613 2627 4685 τρόποις
2666 4609 2831 4682 μόνης
2886 4608 2985 4679 τῆς
3027 4605 3169 4660 κατά
3194 4603 3372 4674 ψυχὴν
3416 4598 3566 4662 θείας
3610 4593 3746 4649 εἰκό-

2172 4722 2260 4770 νος
2288 4701 2755 4774 ἐπιμελουμένων.

2242 4979 2343 5052 μδ’.
2384 4977 2477 5044 Τὸ,
2514 4973 2726 5029 κεῖσθαι
2772 4972 2864 5026 τὸν
2914 4970 3119 5043 Κύριον
3156 4969 3238 5033 είς
3285 4965 3495 5021 πτῶσιν
3539 4961 3750 5017 πολλῶν

2169 5075 2262 5129 καὶ
2282 5074 2576 5129 ἀνάστασιν
2602 5069 2659 5123 ὲν
2689 5068 2766 5139 τῷ
2803 5065 3041 5139 Ἰσραὴλ,
3075 5061 3375 5125 ὲπαινετῶς
3410 5060 3570 5132 μόνον
3601 5055 3748 5111 νοούο

2172 5182 2353 5238 μενον,
2390 5164 2470 5226 εἰς
2489 5160 2695 5215 πτῶσιν
2740 5159 2837 5229 μὲν
2861 5159 3081 5221 νοεῖται,
3122 5153 3233 5207 τῶν
3283 5153 3340 5205 ὲν
3378 5149 3595 5218 ἑκάστῳ
3640 5143 3750 5196 τῶν

2169 5237 2536 5311 πιστευόντων
2568 5251 2677 5306 τῶν
2716 5249 2904 5306 παθῶν
2931 5265 2991 5302 τε
3021 5248 3117 5302 καὶ
3143 5244 3399 5317 πονηρῶν
3427 5237 3703 5311 λογισμῶν
3729 5250 3746 5265 ⁸

2171 5349 2467 5403 ἀνάστασιν
2498 5344 2574 5411 δὲ,
2626 5342 2734 5397 τῶν
2796 5338 3007 5413 ἀρετῶν
3062 5339 3161 5392 καὶ
3220 5336 3421 5398 παντὸς
3472 5327 3751 5401 θεοφιλοῦς

2165 5441 2446 5512 λογισμοῦ.

2244 5629 2345 5693 με’.
2388 5621 2448 5673 '0
2494 5617 2654 5690 μόνον
2692 5616 2799 5670 τῶν
2824 5617 2886 5670 ὲν
2913 5612 3123 5684 γενέσει
3153 5611 3247 5665 καὶ
3285 5607 3462 5680 φθορᾷ
3495 5605 3752 5675 δημιουρ·
