4060 6322
264 425 401 492 1145

1075 418 1412 485 CAPITUM
1449 418 1723 482 THEOL.
1763 420 1859 482 ET
1895 421 2133 485 (ECON.
2173 422 2563 487 CENTURIA
2599 426 2680 488 II.

3379 434 3529 500 1146'

258 542 359 613 γδν
383 541 620 614 νομίζων
649 538 740 595 τὸν
770 538 997 611 Κύριον,
1042 538 1124 601 είς
1148 534 1425 607 κηπουρὸν
1456 533 1619 588 αὑτὸν
1650 550 1833 603 παρα-

1936 534 2288 603 ruptibilium
2334 546 2619 594 auctorem
2664 536 2967 594 Dominum
3010 554 3133 596 esse
3192 539 3521 610 arbitratur,

259 636 533 707 γνωρίζει,
590 633 731 688 κατά
775 632 875 705 τὴν
916 628 1285 701 Μαγδαληνὴν
1307 626 1548 698 Μαρίαν.
1578 625 1670 678 Διὸ
1698 624 1835 696 πρὸς

257 728 522 800 ὠφέλειαν
543 726 733 796 φεύγει
765 727 861 780 τοῦ
893 723 1135 778 τοιούτου
1164 723 1264 791 τὴν
1294 719 1442 791 ἁφὴν
1479 722 1507 772 ὀ
1534 718 1858 789 Δεσπότης,.

261 818 429 889 μήπω
451 818 582 886 παρ’
622 813 771 887 αὐτῷ
812 813 1058 883 δυνηθεὶς
1095 809 1362 880 ἀναϐῆναι
1409 807 1548 880 πρὸς
1580 807 1674 861 τὸν
1723 807 1837 860 Πα-

256 909 411 980 τέρα,
438 908 615 977 λέγων
642 925 658 939 ’
696 905 794 973 Μή
822 922 941 976 μου
976 903 1192 959 ἅπτου.
1232 899 1498 955 Γινώσκει
1539 897 1650 970 γὰρ
1702 897 1834 969 βλά-

256 1000 522 1064 πτεσθαι,
583 1000 678 1054 τὸν
723 999 861 1070 μετά
909 996 1162 1067 τοιαύτης
1209 992 1358 1065 αὐτῷ
1396 991 1835 1065 προσερχόμενον

254 1093 640 1162 ταπεινοτέρας
656 1088 998 1161 προλήψεως.

331 1349 448 1424 μς’.
495 1353 559 1406 Oi
598 1350 689 1405 διὰ
723 1351 815 1404 τὸν
874 1349 1037 1420 φόϐον
1078 1347 1189 1403 τῶν
1245 1348 1512 1412 Ἰουδαίων
1555 1365 1699 1405 κατα
1732 1349 1832 1421 τὴν

259 1442 550 1499 Γαλιλαίαν
593 1441 666 1514 (d)
699 1444 758 1496 ὲν
791 1441 869 1514 τῷ
903 1438 1138 1512 ὑπερῴῳ
1171 1440 1486 1506 κλείσαντες
1522 1441 1623 1505 τὰς
1660 1440 1833 1512 θύρας

257 1533 559 1606 καθήμενοι
585 1548 598 1563 ·
630 1532 899 1597 τουτέστι,
928 1534 978 1584 οἱ
1002 1532 1090 1586 διὰ
1119 1532 1208 1585 τὸν
1241 1531 1403 1599 φόϐον
1436 1528 1548 1586 τῶν
1586 1532 1833 1603 πνευμά-

258 1638 368 1680 των
390 1622 493 1695 τῆς
528 1623 816 1697 πονηρίας,
849 1623 990 1677 κατά
1034 1623 1137 1694 τήν
1179 1621 1363 1694 χώραν
1400 1618 1511 1677 τῶν
1551 1622 1831 1678 ἀποκαλύ-

256 1718 424 1791 ψεων,
456 1717 514 1771 ἐν
541 1717 619 1788 τῷ
652 1714 778 1786 ῦψει
808 1714 929 1768 τῶν
959 1712 1118 1768 θείων
1157 1713 1529 1786 θεωρημάτων
1574 1714 1833 1784 ἀσφαλῶς

260 1808 573 1882 βεϐηκότες,
606 1807 788 1880 θυρῶν
831 1807 988 1877 δίκην
1038 1805 1305 1877 μύσαντες
1348 1806 1447 1871 τὰς
1502 1807 1786 1878 αἰσθήσεις
1812 1849 1827 1873 ,

1935 624 2114 682 instar
2157 628 2343 685 Maria:
2399 631 2755 703 Magdalenaa,
2789 632 2939 687 circa
2971 647 3099 687 eum
3134 632 3193 687 in
3237 633 3519 691 hortulani

1932 720 2121 787 specie
2174 718 2473 791 decipitur.
2502 722 2717 777 idcirco
2757 723 2930 778 etiam
2977 722 3245 778 Dominus
3278 724 3335 779 id
3391 735 3523 795 Spe-

1933 817 2092 866 etans
2144 812 2294 881 quod
2338 813 2476 869 utile
2530 814 2625 880 sit,
2673 815 2819 885 tangi
2861 831 2920 870 se
2964 825 3125 871 cavet
3182 816 3254 872 ab
3308 832 3376 872 eo
3424 819 3519 888 qui

1932 902 2205 972 ejusmodi
2256 912 2360 970 est,
2396 906 2543 976 quod
2598 906 2833 962 necdum
2866 907 3017 962 illius
3054 907 3419 964 aestimatione
3455 926 3522 966 ac

1932 1006 2100 1048 sensu
2139 996 2441 1052 ascendere
2471 999 2539 1053 ad
2579 998 2797 1055 Patrem
2836 1002 3101 1070 potuerit,
3139 1001 3368 1056 dicens:
3396 999 3522 1056 Noli

1932 1098 2019 1138 me
2070 1092 2287 1156 tangere
2333 1089 2376 1142 ⁸.
2421 1088 2538 1145 Scit
2580 1091 2729 1145 enim
2772 1092 2895 1147 fore
2928 1100 2991 1147 ut
3025 1092 3259 1147 laedatur
3285 1092 3519 1147 damno-

1931 1188 2040 1243 que
2072 1172 2358 1243 adiciatur,
2405 1178 2500 1248 qui
2539 1179 2739 1234 humili
2788 1180 2879 1236 illa
2934 1190 3206 1251 occupato
3255 1181 3521 1252 opinione

1929 1265 2190 1322 laborans
2230 1268 2296 1323 ad
2335 1284 2463 1324 eum
2510 1273 2823 1328 accesserit.

2005 1358 2093 1412 46.
2134 1358 2239 1426 Qui
2279 1360 2351 1415 ob
2398 1370 2605 1415 metum
2638 1363 2952 1426 Iudaeorum
2982 1364 3037 1419 in
3072 1363 3292 1420 Galilaaa
3324 1363 3520 1419 incm-
3618 1390 3628 1398 -

1929 1448 2130 1503 naculo
2174 1450 2359 1519 janui's
2400 1451 2602 1506 clausis
2640 1453 2836 1508 sedent
2871 1456 2913 1519 ³,
2949 1454 3055 1510 hoc
3085 1465 3191 1520 est,
3238 1459 3333 1526 qui
3365 1464 3516 1510 metu

1931 1536 2224 1605 spirituum
2274 1540 2558 1610 nequitiae,
2604 1543 2662 1595 in
2714 1543 3115 1599 revelationum
3160 1544 3406 1615 regione,
3459 1546 3517 1600 in

1932 1628 2157 1683 sublimi
2203 1629 2521 1687 divinorum
2565 1646 2859 1688 sensorum
2888 1649 2953 1689 ac
2990 1636 3514 1706 centemplationum

1930 1735 2056 1776 arce
2085 1727 2205 1776 tuto
2254 1723 2584 1791 consistunt,
2617 1726 2821 1783 clausis
2869 1729 3161 1799 januarum
3201 1744 3355 1785 more
3387 1745 3517 1785 sen~

1933 1808 2117 1874 sibus;
2142 1808 2219 1875 hi,
2256 1809 2441 1882 ignota
2471 1812 2705 1879 ratione,
2744 1813 3128 1870 advenientem
3162 1817 3259 1871 Dei
3296 1817 3519 1872 Sermo-

259 1900 693 1972 παραγινόμενον
752 1897 1044 1966 ἀγνώστως
1100 1897 1346 1969 δέχονται
1398 1899 1490 1952 τὸν
1544 1898 1640 1952 τοῦ
1692 1897 1829 1952 Θεοῦ

1929 1915 2055 1955 nem
2092 1902 2422 1972 suscipiunt,
2458 1904 2670 1975 absque
2726 1908 2836 1961 ulla
2873 1922 3071 1964 sensus
3099 1910 3421 1979 operatione
3456 1924 3517 1965 se

258 1989 454 2062 Λόγον,
486 1991 611 2046 ἄνευ
643 1993 743 2061 τῆς
766 1992 886 2044 κατ’
915 1990 1168 2060 αἴσθησιν
1193 1990 1471 2063 ἐνεργείας
1492 1990 1673 2054 αὐτοῖς
1705 1993 1829 2045 ἐπι-

259 2081 585 2151 φαινόμενον
607 2095 623 2110 ο
667 2078 938 2142 ἀπάθειάν
980 2095 1039 2132 τε
1081 2078 1169 2132 διὰ
1193 2078 1292 2150 τῆς
1328 2081 1571 2150 εἰρήνης,
1606 2080 1702 2134 καὶ
1737 2097 1834 2150 με-

260 2173 493 2243 ρισμοὺς
547 2170 864 2243 Πνεύματος
908 2172 1064 2240 ἁγίου
1109 2171 1196 2225 διὰ
1234 2172 1333 2240 τῆς
1355 2172 1707 2242 ἐμπνεύσεως
1731 2170 1832 2225 δω-

261 2260 522 2333 ρούμενον
555 2274 569 2290 ·
604 2262 700 2315 καὶ
719 2262 821 2331 τὴν
858 2259 1000 2314 κατά
1033 2260 1358 2331 πνευμάτων
1396 2259 1649 2330 πονηρῶν
1680 2260 1833 2326 ὲξου-

258 2352 378 2406 σίαν
406 2352 737 2423 παρέχοντα,
774 2351 870 2405 καὶ
892 2350 1205 2405 δεικνύοντα
1243 2349 1352 2403 τῶν
1399 2346 1564 2403 αὑτοῦ
1627 2364 1834 2419 μυστη-

259 2442 392 2513 ρίων
415 2442 484 2495 τὰ
507 2441 770 2512 σύμϐολα.
1792 2520 1796 2526 ἲ

332 2531 438 2603 μζ.
470 2533 595 2595 Τοῖς
627 2532 728 2603 μὲν
754 2530 897 2585 κατὰ
926 2530 1104 2601 σάρκα
1125 2529 1215 2583 τὸν
1241 2527 1488 2601 περὶτοῦ
1514 2526 1648 2582 Θεοῦ
1673 2528 1832 2598 λόγον

253 2622 574 2693 ἐρευνῶσιν,
604 2623 632 2675 ό
658 2623 863 2693 Κύριος
891 2623 991 2675 οὐκ
1014 2620 1292 2674 ἀναϐαίνει
1314 2620 1449 2691 πρὸς
1475 2620 1567 2672 τὸν
1587 2620 1826 2691 Πατέρα·

252 2715 367 2777 τοῖς
396 2712 453 2765 δὲ
485 2712 625 2765 κατά
657 2713 873 2784 πνεῦμα
922 2711 1011 2766 διὰ
1046 2710 1155 2766 τῶν
1194 2710 1414 2782 ὑψηλῶν
1459 2711 1830 2784 θεωρημάτων

253 2802 578 2873 ἐκζητοῦσιν
598 2804 782 2865 αὐτὸν,
818 2803 1097 2857 ἀναϐαίνει
1123 2802 1260 2874 πρὸς
1302 2800 1396 2857 τὸν
1449 2802 1690 2875 Πατέρα.
1735 2803 1829 2875 Μὴ

251 2895 434 2948 τοίνυν
463 2895 549 2949 διὰ
580 2894 782 2958 παντὸς
808 2896 1100 2966 κρατῶμεν
1129 2895 1299 2959 κάτω,
1340 2895 1430 2948 τὸν
1478 2892 1620 2965 ὑπὲρ
1671 2895 1829 2965 ήμῶν

253 2986 404 3041 κάτω
434 2985 522 3040 διὰ
550 2985 961 3058 φιλανθρωπίαν
988 2986 1277 3056 γενόμενον
1301 3001 1315 3017 ο
1365 2986 1480 3038 ἀλλ’
1529 2986 1641 3039 ἄνω
1691 2987 1829 3057 πρὸς

250 3079 344 3133 τὸν
376 3079 596 3150 Πατέρα
628 3080 725 3132 σὺν
753 3077 903 3148 αὐτῷ
942 3077 1251 3148 γενώμεθα,
1295 3078 1395 3149 τὴν
1441 3075 1547 3147 γῆν
1601 3076 1829 3146 ἀφέντες

248 3169 347 3223 καὶ
384 3168 455 3222 τὰ
498 3168 624 3239 περὶ
660 3169 759 3239 τὴν
800 3170 923 3240 γῆν,
961 3168 1048 3224 ἵνα
1086 3168 1160 3240 μὴ
1188 3169 1285 3222 καὶ
1315 3171 1446 3240 ἡμῖν
1479 3169 1609 3242 εῐπῃ
1634 3168 1695 3222 τὸ
1725 3171 1827 3240 ῥη-

255 3258 342 3314 θὲν
389 3261 503 3323 τοῖς
571 3259 846 3323 Ἰουδαίοις
894 3259 1240 3332 ἀδιορθὼτοις
1270 3261 1537 3330 μείνασιν,
1589 3259 1823 3331 Ὑπάγω
1851 3253 1895 3315 C

248 3349 402 3405 ὅπου
429 3349 598 3420 ὑμεῖς
627 3351 700 3405 οὐ
747 3349 1020 3405 δύνασθε
1077 3351 1293 3405 ἐλθεῖν.
1336 3352 1518 3422 Χωρ“ις
1570 3352 1679 3422 γὰρ
1727 3351 1821 3405 τοῦ

247 3444 446 3512 Λόγου,
480 3442 617 3514 πρὸς
640 3443 731 3497 τὸν
757 3443 977 3514 Πατέρα
1001 3441 1097 3495 τοῦ
1146 3443 1323 3512 Λόγου
1368 3442 1642 3512 γενέσθαι,
1680 3443 1823 3516 ἀμή-

245 3548 429 3606 χανον.

320 3633 434 3698 μην.
479 3624 547 3681 Ἦ
574 3627 649 3697 γῆ
680 3627 789 3681 τῶν
816 3625 1100 3682 Χαλδαίων
1124 3628 1290 3694 ἐστὶν,
1318 3630 1345 3682 ὁ
1374 3627 1629 3699 ἐμπαθὴς
1658 3626 1773 3698 βίος
1804 3642 1818 3659 ο

250 3719 305 3772 ἐν
338 3713 384 3788 ᾧ
422 3718 531 3772 τῶν
571 3720 982 3789 ἁμαρτημάτων
1014 3719 1422 3789 δημιουργεῖται
1453 3719 1550 3771 καὶ
1578 3734 1821 3786 προσκυ-

244 3812 417 3862 νεῖται
445 3810 514 3863 τά
536 3810 749 3862 εἴδωλα.
784 3810 849 3862 Ἠ
886 3810 943 3861 δὲ
990 3811 1145 3879 Μέση
1184 3810 1294 3862 τῶν
1342 3809 1601 3878 ποταμῶν
1650 3811 1818 3873 ἐστιν,

244 3899 273 3950 ὁ
299 3900 579 3968 ἐπαμφοτε
590 3896 751 3969 ρίζων
773 3902 888 3963 τοῖς
914 3898 1177 3962 ἐναντίοις
1199 3900 1415 3970 τρόπος.
1455 3899 1521 3952 Ἦ
1545 3899 1602 3952 δὲ
1626 3899 1697 3970 γῆ
1721 3898 1823 3967 τῆς

245 3988 579 4057 ἐπαγγελίας
632 3989 801 4054 ἐστὶν,
852 3992 886 4060 ή
943 3988 1139 4053 παντὸς
1172 3988 1379 4058 ἀγαθοῦ
1413 3989 1821 4061 πεπληρωμένη

244 4082 605 4143 κατάστασις.
640 4083 754 4144 Πᾶς
802 4079 896 4135 οὖν
949 4084 977 4136 ό
1021 4082 1223 4153 ταύτης
1270 4081 1410 4136 κατὰ
1462 4080 1554 4134 τὸν
1597 4081 1822 4136 παλαιὸν

257 4167 476 4243 Ἰσραὴλ
514 4171 729 4241 ἀμελῶν
772 4173 872 4243 τῆς
912 4172 1078 4237 ἕξεως
1137 4172 1269 4245 (10),
1297 4172 1431 4243 πρὸς
1453 4170 1696 4225 δουλείαν
1716 4172 1822 4226 πά-

242 4263 327 4319 λιν
370 4262 736 4331 κατασύρεται
792 4264 1001 4330 παθῶν,
1054 4264 1153 4335 τῆς
1206 4263 1453 4335 δοθείσης
1509 4263 1822 4336 ἐλευθερίας

244 4355 628 4428 στερούμενος.

316 4449 424 4521 μθ⁹.
459 4451 822 4521 Σημειωτέον,
851 4449 927 4516 ὡς
958 4450 1132 4514 οὐδεὶς
1166 4451 1276 4504 τῶν
1334 4450 1506 4520 ἁγίων
1556 4450 1820 4517 ἑκουσίως

1930 1992 2043 2047 illis
2110 1993 2469 2063 conspicuum
2517 1997 2866 2064 reddentem,
2915 1999 3180 2070 pacisque
3242 2001 3516 2057 acclama-

1929 2085 2083 2139 tione
2121 2086 2328 2140 sedatis
2350 2087 2640 2143 aﬂectibus
2666 2089 3238 2159 imperturbationem,
3300 2109 3517 2150 necnon

1930 2176 2321 2242 insutilatione,
2359 2177 2600 2257 Spiritus
2639 2182 2810 2237 sancti
2844 2183 3271 2240 distributiones
3298 2186 3514 2242 donan-

1930 2272 2080 2332 tem,
2142 2258 2519 2339 adversusque
2581 2270 2813 2339 spiritus
2881 2288 3117 2342 nequam
3178 2282 3513 2345 potestatem

1928 2358 2287 2427 praebentem,
2323 2375 2387 2415 ac
2420 2362 2810 2433 mysteriorum
2846 2378 3075 2419 suorum
3120 2366 3366 2437 symbola
3413 2380 3515 2421 ex-

1929 2450 2238 2506 bibentem.

1997 2542 2086 2596 47.
2127 2541 2233 2608 Qui
2269 2543 2482 2598 carnali
2519 2544 2757 2608 ratione.
2785 2563 2908 2616 quae
2931 2547 2998 2603 de
3027 2548 3141 2603 Deo
3169 2557 3276 2616 est,
3307 2550 3515 2608 doctri-

1927 2645 2056 2685 nam
2116 2640 2455 2699 scrutantur,
2512 2632 2600 2689 bis
2656 2635 2924 2691 Dominus
2987 2637 3055 2691 ad
3130 2639 3347 2694 Patrem
3398 2656 3511 2695 non

1927 2724 2207 2789 ascendit;
2242 2725 2311 2780 iis
2333 2740 2467 2781 vero
2494 2727 2588 2796 qui
2613 2727 2846 2798 spiritali
2878 2730 3092 2785 ratione
3123 2746 3224 2801 per
3251 2733 3512 2787 sublimia

1926 2828 2088 2870 sensa
2136 2814 2317 2886 ipsum
2368 2818 2687 2887 exquirunt,
2749 2821 2818 2875 ad
2858 2821 3077 2877 Patrem
3105 2824 3376 2878 ascendit.
3411 2823 3515 2880 Ca—

1926 2920 2152 2960 veamus
2210 2922 2340 2978 ergo
2391 2922 2463 2962 ne
2520 2924 2741 2980 semper
2784 2911 2842 2966 in
2898 2919 3043 2968 terra
3093 2913 3259 2984 inque
3309 2914 3513 2971 infimis

1926 3011 2053 3051 eum
2105 3004 2409 3063 teneamus,
2445 3000 2540 3069 qui
2583 3010 2815 3071 propter
2848 3018 2951 3058 nos
2975 3003 3235 3058 clementi
3264 3005 3512 3062 bonitate

1925 3086 1985 3141 in
2029 3095 2235 3143 terram
2266 3088 2593 3156 descendit;
2657 3092 2753 3147 sed
2804 3108 3023 3148 sursum
3058 3094 3125 3149 ad
3162 3095 3377 3152 Patrem
3431 3097 3513 3155 illi

1925 3188 2157 3235 comites
2188 3181 2377 3236 relicta
2418 3180 2586 3254 5.93
2616 3192 2766 3239 terra
2814 3200 2878 3240 ac
2908 3202 3030 3256 quae
3076 3195 3296 3242 terrena
3355 3199 3507 3256 sunt,

1924 3270 2307 3333 ascendamus,
2349 3288 2419 3327 ne
2462 3273 2624 3328 nobis
2674 3268 2925 3342 perinde
2971 3293 3034 3331 ac
3090 3278 3314 3346 Iudaeis,
3382 3296 3509 3337 cum

1922 3360 2064 3415 nihil
2108 3362 2387 3417 emendati
2426 3372 2634 3431 essent,
2679 3366 2868 3422 dicat:
2915 3367 3080 3435 Vada,
3121 3386 3224 3441 quo
3254 3387 3342 3425 vos
3404 3389 3510 3428 non

1923 3455 2140 3525 potestis
2202 3457 2380 3509 venire
2426 3456 2469 3510 ⁸.
2525 3458 2638 3513 Nisi
2689 3461 2837 3514 enim
2894 3462 3181 3519 Sermonis
3248 3481 3373 3536 cpe,
3441 3467 3510 3523 ad

1923 3543 2204 3600 Sermonis
2248 3546 2468 3602 Patrem
2516 3550 2705 3605 venire
2756 3552 2984 3608 minime
3041 3569 3366 3610 concessum
3401 3567 3506 3613 est.

1990 3636 2081 3692 48.
2120 3637 2508 3694 Chaldaeorum
2549 3649 2716 3706 terra,
2757 3642 2868 3697 vita
2904 3654 2989 3701 est
3034 3646 3186 3701 vitiis
3220 3647 3406 3703 dedita
3455 3657 3512 3704 et

1921 3730 2237 3797 libidinosa,
2283 3734 2339 3787 in
2388 3749 2498 3804 qua
2552 3736 2899 3792 fabricantur
2943 3749 2999 3795 et
3043 3741 3346 3797 adorantur
3381 3759 3512 3815 pec-

1922 3831 2171 3876 catorum
2216 3823 2383 3877 idola.
2435 3825 2831 3895 Mesopotamia
2886 3840 3094 3895 autem,
3152 3849 3336 3889 mores
3381 3844 3510 3891 sunt

1923 3914 2213 3968 contrariis
2241 3916 2547 3971 commistis
2572 3917 2862 3987 ancipites.
2902 3921 3076 3976 Terra
3102 3923 3346 3994 denique
3374 3942 3509 3996 pro-

1922 4006 2108 4072 missa,
2161 4014 2337 4064 status
2379 4009 2543 4066 bonis
2586 4013 2847 4069 omnibus
2898 4014 3199 4073 confertus.
3244 4020 3507 4092 Quisquis

1921 4112 2053 4168 ergo
2076 4113 2229 4183 more
2255 4102 2460 4157 veteris
2498 4103 2720 4160 lsraelis
2746 4106 2957 4162 huncce
2980 4108 3229 4166 habitum
3256 4114 3504 4186 negligit,

1922 4189 1977 4243 in
2011 4177 2272 4246 vitiorum
2313 4211 2509 4251 rursus
2551 4212 2616 4253 ac
2655 4198 3137 4269 perturbationum
3180 4206 3505 4261 servitutem

1924 4281 2181 4349 trahitur,
2223 4284 2446 4354 amissa,
2487 4305 2651 4359 quam
2703 4289 3017 4346 libertatem
3061 4293 3243 4351 fuerat
3307 4312 3504 4354 consc-

1920 4383 2104 4430 οιιιιιε.

1910 4502 1916 4508 -
1990 4467 2078 4521 «19.
2112 4467 2528 4526 Observandum
2556 4481 2659 4540 est,
2697 4490 2806 4555 non
2843 4475 3020 4533 videri
3052 4486 3371 4536 sanctorum
3401 4481 3502 4537 ali-

239 4541 487 4612 φαίνεται
512 4541 788 4596 κατελθὼν
808 4544 889 4607 είς
915 4544 1014 4615 τὴν
1037 4543 1400 4600 Βαϐυλωνίαν.
1421 4545 1496 4598 Οὐ
1516 4545 1623 4616 γὰρ
1640 4545 1814 4616 θέμις,

1926 4575 2085 4630 quem
2142 4561 2323 4631 ipsum
2369 4572 2565 4634 sponte
2620 4565 2676 4621 in
2735 4550 3069 4640 Babylonem
3126 4572 3500 4630 descendisse.

235 4630 362 4683 οὔτε
385 4630 651 4695 συνέσεώς
682 4633 797 4686 ἐστι
829 4633 1084 4706 λογικῆς,
1125 4635 1235 4689 τῶν
1272 4634 1491 4703 ἀγαθῶν
1540 4636 1815 4707 ἀνθαιρεῖ-

240 4722 365 4776 σθαι
396 4723 467 4777 τά
504 4724 743 4795 χείρονα,
779 4727 905 4792 τοὺς
941 4728 1031 4781 τὸν
1063 4728 1195 4782 Θεδν
1245 4728 1592 4797 ἀγαπῶντας.
1646 4730 1710 4783 El
1757 4730 1814 4784 δέ

234 4829 380 4879 τινες
405 4815 586 4869 αὐτῶν
612 4818 756 4872 κατά
784 4818 905 4888 βίαν
944 4821 1063 4874 ἐκεῖ
1104 4820 1181 4892 τῷ
1213 4820 1327 4893 λαῷ
1362 4822 1809 4894 συναπήχθησαν,

237 4904 463 4976 νοοῦμεν
514 4907 602 4962 διὰ
652 4909 855 4963 τούτων
909 4913 1035 4975 τοὺς
1088 4912 1162 4983 μὴ
1197 4914 1640 4983 προηγουμένως,
1673 4915 1811 4970 ἀλλά

236 4996 379 5051 κατά
405 5000 722 5072 περίστασιν
756 5000 849 5073 (ε),
888 5005 1163 5075 σωτηρίας
1204 5005 1390 5059 ἕνεκεν
1427 5007 1537 5060 τῶν
1579 5008 1810 5080 χρῃξόν·

320 5150 519 5209 ’Joan.
549 5170 641 5222 xx,
683 5156 771 5211 17.
847 5156 869 5189 ⁸
901 5157 1038 5213 ibid.
1069 5158 1157 5215 19.
1236 5159 1258 5190 ⁵
1279 5158 1440 5216 Joau.
1464 5176 1579 5227 vm,
1615 5159 1705 5217 2i.

308 5284 578 5368 (ἀλκατέ
601 5304 634 5341 τ
642 5286 718 5357 ἦν
745 5291 795 5342 Γ
796 5291 1103 5368 afﬂictior.
1125 5290 1290 5347 Gesta
1330 5292 1448 5347 haec
1495 5292 1811 5368 Hierosoly-

232 5356 371 5421 mis,
396 5357 513 5426 ipsa
539 5356 985 5433 ResurreetiOIIis
1010 5360 1219 5433 dictet
1247 5371 1370 5432 post
1397 5378 1520 5417 eam
1568 5356 1772 5421 octava'
1791 5406 1807 5433 ,

231 5442 339 5482 nec
353 5436 481 5500 ante
509 5429 741 5498 apostoli
762 5429 1022 5485 videntur
1045 5431 1102 5485 in
1123 5429 1398 5488 Galilaeam
1419 5436 1761 5492 concessisse
1790 5429 1805 5500 ζ

230 5496 379 5575 quod
403 5496 639 5575 _M_arcus,
665 5500 825 5575 cujus
855 5507 955 5575 _c_st
1007 5500 1155 5555 istud
1186 5509 1372 5575 caput,
1422 5503 1574 5558 illius
1608 5496 1803 5575 itan

230 5566 367 5631 κῶν,
397 5567 485 5633 17,
518 5585 629 5624 non
658 5566 792 5626 satis
815 5569 1038 5625 videtur
1069 5566 1409 5628 attend-isse:
1457 5575 1575 5630 sive
1622 5566 1802 5634 noluit

230 5634 502 5716 Maximus
517 5640 838 5716 emendare,
871 5640 988 5716 sive
1015 5642 1097 5696 illi
1125 5643 1318 5716 arrisit
1340 5643 1502 5699 Marci
1522 5646 1803 5716 allegoria,

230 5721 356 5777 quae
393 5715 577 5784 tamen
606 5710 934 5784 nitidebuit
960 5710 1079 5784 ipsa
1104 5712 1184 5784 rei
1222 5721 1389 5784 gesta:
1437 5710 1689 5784 veritate.
1739 5710 1804 5774 ut

229 5784 381 5854 esset
398 5779 660 5854 probata.
675 5780 748 5854 'l'_b
768 5784 826 5834 ἐν
856 5780 933 5854 τῷ
950 5779 1205 5854 ὑπερῴῳ,
1227 5779 1379 5853 quod
1404 5783 1587 5839 reddit
1615 5786 1816 5854 Picus”

227 5845 284 5901 in
304 5845 565 5917 tabulato,
591 5851 818 5908 minime
841 5845 1040 5923 placet.
1061 5845 1344 5911 Cinnaéuli
1368 5870 1492 5926 vox,
1513 5856 1628 5928 ipsa
1652 5845 1797 5929 apta;

1921 4650 2111 4721 Neque
2154 4653 2301 4708 enim
2341 4654 2425 4710 fas
2461 4664 2566 4722 est,
2626 4673 2726 4713 eve
2792 4660 3025 4717 rationis
3057 4664 3376 4733 prudentia,
3443 4679 3505 4722 ut

1920 4743 2016 4812 qui
2066 4745 2239 4800 Deum
2285 4746 2542 4819 diligunt,
2603 4750 2765 4806 bonis
2816 4754 3169 4823 posthabitis,
3214 4774 3328 4828 qua“
3376 4768 3503 4815 sunt

1917 4833 2195 4892 deteriora
2235 4837 2340 4908 ipsi
2383 4839 2645 4913 deligant.
2694 4843 2789 4899 Sin
2837 4855 3022 4902 autem
3071 4865 3265 4904 eorum
3308 4852 3498 4922 aliqui,

1916 4936 2025 4977 una
2056 4940 2181 4980 cum
2209 4929 2413 4998 populo
2441 4931 2495 4985 vi
2535 4932 2631 4987 illo
2672 4933 2854 4989 abacti
2893 4945 3023 4991 sunt
3058 4947 3222 5009 atque
3255 4941 3497 5006 abducti,

1915 5011 2114 5069 horum
2154 5015 2329 5089 ﬁgura
2358 5020 2483 5077 illos
2511 5022 2904 5096 intelligamus,
2935 5027 3030 5097 qui
3062 5044 3173 5084 non
3202 5029 3306 5101 ipsi
3333 5032 3501 5102 desti-

1911 5314 2191 5392 salcroque
2203 5311 2275 5392 et
2289 5303 2524 5392 profano
2546 5323 2650 5364 usu
2666 5320 2900 5392 recepta
2912 5330 2942 5392 ’ς’
2963 5314 3060 5369 sed
3085 5318 3233 5387 quod
3258 5333 3495 5392 sequen-

1908 5370 2062 5453 tibus
2094 5370 2319 5453 reddit}
2345 5372 2496 5439 Quod
2522 5395 2637 5453 per
2658 5370 3120 5453 tranquillitatem
3134 5370 3189 5442 iet
3206 5370 3488 5446 ”‹ῐεξῖτὲιῖἱὶο

1909 5443 2105 5526 tionem
2125 5440 2366 5526 Δδρίνὶιιιε
2405 5440 2579 5526 sancti
2599 5440 2891 5526 jusuﬂlims
2918 5457 3119 5526 confert
3148 5440 3495 5526 iniiinii}.

1902 5512 2222 5583 vacuitatem
2246 5528 2264 5566 :
2288 5515 2477 5569 nescio
2491 5518 2580 5571 cui
2599 5512 2766 5575 bilen'i
2785 5538 2896 5578 non
2920 5512 3155 5583 mereat.

1904 5589 1960 5665 et
1980 5582 2408 5665 insumationem
2443 5585 2648 5665 (dando
2669 5591 2884 5665 scilicet
2905 5609 3094 5664 pacem
3117 5582 3197 5654 et:
3209 5582 3493 5659 rising;

1904 5651 2005 5739 de),
2027 5653 2414 5739 haec‘rpominq
2452 5651 2740 5739 praestita;
2782 5651 2922 5718 data.
2964 5651 3489 5739 tranquillitas—seu

1905 5720 2524 5811 imperturbatiozda‘iae
2547 5720 2787 5811 Spiritus
2816 5720 3001 5794 sancti
3018 5720 3484 5811 asistﬁiiiiiénéi

1902 5807 2146 5862 nonper
2173 5794 2290 5849 haec
2320 5794 2537 5852 dicatur
2569 5794 2897 5860 iiisutilasse.

3254 5547 3282 5585 r
3304 5547 3492 5601 pacem

1978 5861 2061 5935 (ο)
2090 5863 2264 5919 Ἀλλὰ
2290 5866 2856 5946 κατὰβερίστασιν.
2882 5877 3073 5951 Mam,
3101 5897 3222 5955 cap.
3262 5880 3347 5938 19.
3375 5876 3486 5951 Ορο
