4122 6320
507 413 636 482 1147

1677 412 1737 471 S.
1771 407 2056 471 ΜΑΧΙΜΙ
2091 403 2593 467 CONFESSOBIS

3611 405 3742 466 1143

508 538 634 584 nata
697 528 1003 595 voluntate,
1063 527 1160 585 sed
1201 544 1329 585 casu
1361 529 1548 598 aliquo
1604 542 1669 582 ac
1724 524 2110 588 necessitate,.

2205 540 2288 575 των
2320 519 2705 591 χειραγωγίας,
2737 517 2972 585 ἀφέντας
3006 516 3097 570 τὸν
3127 513 3457 587 ὑψηλότερον
3484 517 3585 586 τῆς
3603 514 3749 584 γνώ-

510 635 701 675 eorum
723 620 914 676 salutis
939 635 1103 676 causa
1131 620 1225 691 qui
1249 621 1391 676 duce
1415 625 1612 690 egeant
1635 633 1700 673 ac
1722 622 2078 688 praeceptore,

512 712 822 768 sublimiori
860 712 1104 767 scientiae
1137 728 1387 768 sermone
1421 712 1689 781 tantisper
1713 709 1938 773 omisso,
1962 722 2084 777 quae

512 802 582 856 de
612 802 761 857 vitiis
786 809 870 857 est
905 813 964 858 et
998 802 1311 869 aﬂ‘ectibus,
1343 812 1720 873 exsequuntur
1755 801 2080 856 doctrinam.

513 891 762 962 Hincque
795 894 936 949 adeo
974 905 1060 950 est
1091 910 1191 951 cur
1214 902 1273 950 et
1308 909 1540 965 magnus
1567 893 1863 964 Apostolus
1894 891 2087 947 utilius

514 981 844 1052 iudicaverit
871 999 995 1040 esse
1029 985 1085 1040 in
1112 999 1276 1040 carne
1306 985 1609 1057 (immorari
1635 984 1846 1039 scilicet
1870 996 2088 1037 morum

515 1072 785 1128 doctrinae
820 1074 877 1129 in
906 1074 1302 1144 discipulorum
1328 1073 1586 1148 gratiam)
1619 1088 1743 1129 cum
1782 1080 1900 1128 toto
1938 1071 2088 1127 desi-

518 1164 678 1220 derio
728 1171 944 1234 optaret
979 1181 1046 1220 ea
1079 1166 1308 1232 exsolvi,
1353 1179 1418 1220 ac
1458 1181 1557 1235 per
1593 1162 2089 1234 supermundanam

518 1254 934 1325 simplicemque
958 1257 1160 1311 mentis
1194 1256 1734 1327 contemplationem,
1774 1270 1900 1309 cum
1927 1252 2091 1309 Chri-

520 1351 605 1397 sto
642 1345 851 1399 versari
888 1345 934 1399 ⁵.

591 1434 679 1490 50.
721 1435 1194 1502 Quemadmodum
1257 1426 1501 1503 Saulem,
1573 1447 1806 1508 augente
1857 1437 2095 1509 maligno

526 1527 746 1595 spiritu,
774 1528 972 1584 beatus
1009 1529 1181 1584 David
1214 1530 1440 1600 pulsans
1486 1529 1775 1594 citharam,
1824 1530 2095 1599 psallens-

526 1628 636 1682 que
700 1614 920 1671 levabat
959 1616 1014 1681 ⁶;
1064 1615 1144 1672 sic
1179 1624 1237 1672 et
1272 1616 1451 1672 omnis
1482 1617 1741 1686 spiritalis
1770 1632 1973 1681 sermo,
2012 1633 2098 1672 sa—

526 1702 811 1771 pientibus
857 1703 1143 1773 doctisque
1182 1703 1360 1759 sensis
1394 1719 1459 1759 ac
1506 1703 1864 1758 theorematis
1906 1703 2100 1759 condi—

2184 631 2320 676 σεως
2369 613 2545 680 λόγον,
2589 611 2683 663 καὶ
2713 609 2811 680 τὴν
2846 610 2972 679 περὶ
2994 606 3181 661 παθῶν
3216 607 3646 678 μετερχομένους
3668 606 3750 660 δι-

2181 703 2475 758 δασκαλίαν
2503 715 2519 731 ·
2572 700 2695 754 καθ’
2742 701 2809 771 ἣν
2863 701 2958 753 καὶ
3007 700 3035 751 6
3092 698 3263 768 μέγας
3318 697 3638 762 Ἀπόστολος
3689 700 3749 750 ὲν

2185 798 2348 866 σαρκὶ
2371 793 2804 864 λυσιτελέστερον
2856 790 3069 861 ἔκρινεν
3118 785 3256 841 εἶναι
3288 804 3302 819 ⁸
3365 790 3629 849 τουτέστι,
3678 788 3747 855 τῇ

2182 887 2345 957 ἠθικῇ
2375 882 2824 960 διδασκαλίῃ-διὰ
2864 881 2990 943 τοὺς
3022 878 3268 949 μαθητάς
3297 895 3311 910 ο
3343 877 3461 930 ὅλον
3495 876 3630 947 ἔχω’·
3657 875 3750 929 τὸν

2185 973 2349 1033 πόθον
2410 971 2673 1027 ἀναλῦσαι
2723 970 2823 1040 τῆς
2872 968 3071 1040 ἠθικῆς
3116 967 3480 1030 διδασκαλίας,
3530 967 3624 1020 καὶ
3654 966 3753 1018 σὺν

2185 1063 2406 1135 Χριστῷ
2433 1063 2707 1133 γενέσθαι,
2753 1060 2847 1116 διὰ
2886 1060 2988 1131 τῆς
3029 1057 3174 1113 κατὰ
3207 1057 3332 1113 νοῦν
3376 1056 3750 1128 ύπερκοσμίου

2188 1158 2284 1212 καλ⁵
2313 1156 2490 1227 ἁπλῆς
2522 1154 2772 1226 θεωρίας.

2260 1428 2324 1475 ν’.
2365 1420 2579 1488 Ὠσπερ
2627 1414 2950 1486 πνιγόμενον
2993 1411 3073 1481 τῷ
3117 1409 3338 1481 πονηρῷ
3366 1409 3636 1479 πνεύματι
3663 1405 3760 1463 τὸν

2191 1512 2379 1576 Σαοὺλ,
2406 1509 2622 1580 ψάλλων
2655 1507 2794 1580 μετὰ
2827 1506 2927 1576 τῆς
2974 1502 3234 1573 κιννύρας
3275 1501 3546 1554 ἀνέπαυεν
3583 1502 3612 1552 6
3654 1515 3761 1566 μα-

2193 1606 2384 1676 κάριος
2427 1601 2590 1657 Δαϐίδ
2622 1616 2637 1637 ·
2685 1599 2828 1655 οὓτω
2876 1596 2968 1652 καὶ
3020 1596 3130 1658 πᾶς
3172 1593 3328 1661 λόγος
3373 1591 3758 1661 πνευματικὸς,

2194 1698 2513 1764 γνωπικοίς
2556 1692 2881 1765 ἡδυνόμενος
2929 1688 3300 1759 θεωρήμασιν,
3351 1681 3618 1738 ἀναπαύει
3669 1680 3761 1733 τὸν

528 1797 639 1855 tus,
671 1792 828 1860 quasi
855 1792 1049 1847 morbo
1073 1791 1286 1847 sontico
1309 1791 1648 1846 laborantem
1675 1791 1819 1846 levat
1850 1791 2096 1846 animum

2205 1773 2862 1857 ὲπιληπτευόμενοννοῦν,
2909 1782 3007 1851 τῆς
3044 1776 3342 1847 πνιγούσης
3384 1773 3547 1830 αὐτὸν
3595 1788 3760 1842 πονη-

525 1886 690 1947 atque
743 1888 976 1947 recreat,
1014 1880 1085 1936 ab
1120 1889 1353 1952 augente
1385 1896 1514 1937 eum
1569 1881 1714 1937 mala
1761 1881 2099 1936 conscientia

2205 1879 2303 1949 ρᾶς
2336 1875 2634 1947 ἐλευθερῶν
2658 1873 3037 1942 συνειδήσεως.

528 1969 795 2026 liberans.

600 2063 689 2118 51.
726 2062 923 2119 Colore
958 2064 1116 2122 rufus
1134 2081 1259 2121 cum
1287 2064 1574 2121 oculorum
1610 2072 1917 2131 venustate,
1953 2063 2101 2119 haud

528 2168 690 2231 secus
720 2168 787 2209 ac
807 2170 1036 2225 magnus
1061 2156 1255 2222 David,
1285 2156 1565 2221 exsistit",
1597 2156 1693 2225 qui
1728 2171 1853 2210 cum
1882 2156 2009 2211 vitae
2034 2171 2104 2210 ex

530 2243 732 2300 divinis
760 2244 1073 2301 rationibus
1104 2246 1370 2302 institutae
1409 2245 1682 2311 claritate,
1715 2246 1960 2300 scientiae
1984 2260 2104 2300 ser-

532 2349 751 2388 monem
787 2350 896 2388 una
934 2336 1263 2390 allucentem
1307 2334 1585 2405 adiungit;
1637 2334 1838 2403 quibus
1874 2333 2106 2403 geminis

531 2425 677 2480 actio
734 2426 990 2482 consistit
1025 2435 1082 2481 et
1118 2425 1548 2494 contemplatio:
1590 2424 1683 2479 illa
1711 2424 1956 2495 quidem,
1996 2424 2109 2478 vir-

532 2524 715 2573 tntum
752 2519 1012 2587 praeclare
1062 2518 1243 2573 modis
1280 2518 1504 2584 nitens;
1532 2517 1650 2573 haec
1696 2531 1849 2581 vero,
1903 2516 2109 2572 divinis

532 2609 712 2664 scnsis
745 2623 810 2663 ac
843 2609 1204 2679 conceptibus
1236 2605 1644 2680 splendescens.

605 2702 696 2757 52.
727 2700 907 2756 Saulis
947 2717 1195 2772 regnum,
1241 2701 1542 2773 corporalis
1593 2700 1731 2772 legis
1762 2700 1944 2756 cultus
1967 2715 2110 2770 prte-

535 2789 643 2845 fcrt
682 2789 1004 2859 imaginem;
1039 2804 1201 2858 quem
1241 2789 1507 2845 Dominus
1545 2788 1844 2858 abrogavit,
1871 2802 1939 2843 eo
1963 2787 2112 2858 quod

537 2880 674 2933 nulli
726 2888 1017 2949 priestaret
1066 2878 1229 2950 497
1274 2880 1701 2935 absolutionem.
1745 2877 1891 2932 Nihil
1940 2877 2108 2943 enim,

536 2969 737 3041 inquit,
772 2972 843 3026 ad
869 2972 1155 3042 perfectum
1173 2972 1393 3027 adduxit
1417 2972 1502 3026 lea:
1516 2971 1560 3027 ⁸.
1591 2972 1768 3042 Magni
1796 2980 1978 3027 autem
2014 2972 2115 3027 Da-

540 3063 682 3118 vidis
720 3079 971 3135 regnum,
1011 3063 1183 3134 ﬁgura
1214 3072 1301 3119 est
1330 3064 1513 3120 cultus
1545 3062 1881 3133 evangelici;
1911 3062 2115 3133 quippe

2272 2059 2375 2109 να’.
2405 2050 2703 2123 Πυρράκης
2734 2047 2873 2118 μετὰ
2896 2044 3126 2109 κάλλους
3153 2040 3449 2111 ὀφθαλμῶν
3479 2039 3596 2092 ἐστι
3626 2036 3765 2091 κατὰ

2200 2148 2293 2202 τὸν
2328 2146 2498 2217 μέγαν
2526 2141 2691 2197 Δαϐὶδ
2716 2140 2849 2212 (ll),
2880 2140 2910 2193 6
2957 2137 3033 2208 τῷ
3077 2134 3288 2207 φαιδρῷ
3319 2131 3410 2187 τοῦ
3454 2131 3592 2184 κατὰ
3636 2129 3766 2183 Θεὸν

2208 2241 2346 2310 βίου,
2378 2238 2469 2290 τὸν
2500 2237 2602 2304 τῆς
2634 2232 2884 2302 γνώσεως
2912 2230 3067 2296 λόγον
3087 2228 3225 2297 ἔχων
3268 2224 3764 2291 συνεπιλάμποντα·

2206 2330 2327 2386 καθ’
2355 2328 2449 2392 οὓς
2475 2329 2508 2396 ἡ
2543 2325 2739 2397 πρᾶξίς
2767 2341 2826 2376 τε
2863 2322 2963 2374 κα¹ι⁷
3007 2321 3041 2390 ἡ
3093 2317 3294 2390 θεωρία
3337 2315 3765 2384 συνεστήκασινο

2207 2426 2240 2494 ἡ
2277 2423 2395 2493 μὲν,
2428 2418 2634 2490 ἀρετῶν
2658 2411 3085 2486 λαμπρυνομένη
3115 2411 3337 2482 τρόποις
3360 2425 3374 2439 ο
3407 2410 3441 2477 ἡ
3485 2406 3562 2469 δὲ,
3605 2404 3767 2468 θείοις

2209 2514 2549 2585 φωτιζομένη
2575 2509 2859 2580 νοήμασιν.

2279 2698 2379 2769 νβ’,
2423 2697 2491 2751 Ἠ
2527 2695 2625 2766 μὲν
2657 2691 2750 2749 τοῦ
2781 2691 2955 2747 Σαοὺλ
2986 2690 3252 2761 βασιλεία,
3303 2691 3401 2761 τῆς
3453 2685 3761 2756 σωματικῆς

2211 2790 2305 2845 τοῦ
2330 2790 2495 2859 νόμου
2524 2784 2774 2855 λατρείας
2818 2782 2964 2836 ἐστὶν
3003 2779 3165 2835 είκών
3197 2797 3211 2812 ’
3249 2780 3364 2851 ἣνό
3412 2779 3603 2849 Κύριος
3636 2793 3767 2831 κατ-

2213 2883 2477 2952 ήργησεν,
2529 2877 2603 2939 ὡς
2636 2874 2802 2946 μηδὲν
2839 2871 3225 2926 τελειώσασαν.
3258 2871 3448 2925 Οὐδὲν
3484 2869 3613 2942 γὰρ,
3663 2887 3770 2939 φη-

2214 2976 2319 3037 σὶν,
2355 2969 2702 3025 ἐτελείωσεν
2729 2967 2761 3018 ό
2782 2965 2984 3033 νόμος.
3024 2964 3090 3016 Ἣ
3112 2963 3167 3016 δὲ
3198 2962 3292 3017 τοῦ
3332 2961 3563 3032 μέγαλου
3616 2959 3776 3014 Δαϐὶδ

2219 3062 2480 3136 βασιλεία,
2506 3060 2605 3131 τῆς
2636 3056 2996 3127 εὐαγγελικῆς
3024 3057 3139 3109 ἐστι
3188 3054 3441 3125 λατρείας
3491 3052 3778 3124 προδιατύ·

539 3152 635 3222 qui
655 3168 848 3207 omnes
885 3152 942 3207 in
975 3154 1138 3208 corde
1162 3152 1259 3207 Dei
1288 3152 1618 3209 exsistentes
1643 3153 1957 3208 voluntates
1985 3168 2110 3222 per-

2215 3171 2388 3217 πωσις
2413 3168 2429 3184 °
2460 3150 2640 3205 πάντα
2665 3149 2774 3218 γὰρ
2793 3147 2861 3200 τὰ
2891 3149 2949 3200 ὲν
2977 3145 3172 3217 καρδίᾳ
3199 3144 3292 3199 τοῦ
3326 3144 3463 3199 Θεοῦ
3498 3144 3779 3215 θελήματα

542 3242 685 3297 tecte
717 3244 1114 3313 complectatur
1129 3245 1172 3297 °.

612 3334 701 3388 55.
740 3333 892 3400 Saul,
913 3343 1124 3389 natura:
1147 3334 1235 3389 lex
1267 3343 1369 3399 est,
1395 3336 1540 3390 cuia
1574 3334 1846 3405 principio
1904 3341 2117 3388 natura:

543 3422 836 3491 imperium
867 3437 898 3475 a
928 3420 1042 3477 Deo
1065 3421 1440 3476 concreditum
1469 3429 1575 3477 est.
1605 3422 1655 3476 ls
1692 3434 1859 3491 porro
1903 3437 2002 3491 per
2033 3421 2119 3475 in-

544 3513 915 3570 obedientiam
945 3512 1193 3567 divinum
1229 3517 1604 3583 transgressus
1627 3513 1968 3579 mandatum,
1994 3528 2119 3583 par-

544 3607 721 3663 cendo
745 3607 889 3676 Agag
918 3604 1029 3676 regi
1064 3604 1286 3660 Amalec
1314 3604 1443 3677 (hoc
1464 3612 1565 3669 est,
1597 3603 1866 3674 corporis)
1906 3605 2120 3674 lapsus-

547 3712 654 3767 que
683 3696 740 3751 in
762 3696 894 3751 vitia
929 3711 995 3751 ac
1027 3695 1311 3760 libidines,
1342 3710 1516 3766 regno
1544 3696 1755 3767 eiectus
1784 3702 1868 3750 est
1896 3697 1940 3727 ¹⁰
1965 3712 1979 3761 ;
2009 3710 2121 3765 quo

547 3791 761 3845 scilicet
829 3788 1003 3844 David
1064 3788 1322 3844 lsraelem
1386 3788 1686 3858 regendum
1760 3788 2116 3857 susciperet:

549 3896 747 3951 nempe
796 3880 885 3934 lex
960 3878 1211 3949 spiritus,
1264 3878 1381 3949 ipsa
1449 3878 1610 3933 Pacis
1659 3881 1679 3900 '
1737 3894 1937 3950 parens
2000 3892 2122 3947 qua:

549 3969 1028 4041 contemplationis
1050 3969 1313 4039 templum
1349 3968 1465 4024 Deo
1517 3967 1805 4040 magnifice
1854 3974 2118 4022 exstruat.

620 4136 711 4205 54.
731 4148 973 4216 Samuel,
1004 4148 1051 4204 si
1084 4163 1287 4203 nomen
1317 4144 1723 4216 interpreteris,
1749 4143 1845 4198 Dei
1880 4142 2125 4196 obedien-

2220 3244 2436 3306 τελείως
2465 3241 2730 3313 περιέχει.
3247 3260 3255 3268 -

2294 3331 2393 3401 νγ’.
2438 3332 2496 3385 '0
2528 3329 2717 3391 Σαοὺλ,
2746 3330 2774 3383 6
2804 3327 3030 3396 φυσικός
3058 3327 3172 3380 ἐστι
3206 3323 3367 3394 νόμος
3393 3339 3409 3353 ο
3454 3323 3483 3375 6
3519 3324 3638 3375 κατ’
3680 3323 3781 3392 ἀρ-

2222 3425 2323 3496 χὰς
2360 3421 2635 3494 κυριεύειν
2669 3420 2768 3490 τῆς
2799 3418 3015 3489 φύσεως
3042 3417 3193 3489 παρὰ
3222 3414 3314 3469 τοῦ
3349 3415 3555 3485 Κυρίου
3583 3415 3779 3484 λαχών.

2228 3516 2325 3579 Ὃς
2362 3512 2548 3583 ἐπειδὴ
2579 3511 2793 3583 παρέϐη
2827 3511 2925 3580 τὴν
2958 3509 3174 3579 ἐντολὴν
3211 3508 3296 3561 διὰ
3325 3506 3630 3578 παρακοῆς,
3668 3523 3784 3573 φει-

2226 3605 2457 3673 σάμενος
2502 3599 2596 3655 τοῦ
2651 3598 2821 3667 Ἀγὰγ
2878 3596 3169 3673 βασιλέως
3199 3593 3442 3665 Ἀμάληκ
3474 3609 3489 3623 ·
3544 3589 3784 3644 τουτέστι

2222 3694 2316 3748 τοῦ
2344 3692 2597 3763 σώματος
2627 3706 2641 3720 ·
2674 3692 2769 3745 καὶ
2795 3689 2932 3761 πρὸς
2962 3687 3033 3741 τὰ
3066 3686 3211 3757 πάθη
3246 3682 3576 3739 κατώλισθεν
3606 3698 3619 3711 ·
3654 3681 3785 3745 ἐξω·

2226 3785 2398 3839 θεῖται
2446 3784 2546 3853 τῆς
2595 3780 2890 3853 βασιλείας,
2942 3780 3030 3834 ἵνα
3063 3777 3351 3850 παραλάϐῃ
3390 3775 3480 3828 τὸν
3521 3772 3731 3843 Ἰσραὴλ
3758 3770 3787 3823 6

2226 3877 2391 3932 Δαϐίδ
2415 3892 2429 3906 ⁸
2462 3874 2739 3928 τουτέστιν
2776 3874 2804 3926 6
2834 3871 2996 3942 νόμος
3024 3869 3118 3923 τοῦ
3152 3867 3483 3938 πνεύματος,
3519 3864 3547 3916 ὁ
3587 3860 3787 3930 γεννῶν

2225 3969 2327 4038 τὴν
2355 3967 2581 4041 είρήνην
2620 3964 2717 4034 τὴν
2762 3960 3150 4034 οἰκοδομοῦσαν
3198 3955 3509 4029 περιφανῶς
3551 3953 3627 4023 τῷ
3673 3949 3788 4020 Θεῷ

2226 4059 2318 4114 τὸν
2338 4058 2435 4129 τῆς
2464 4055 2695 4127 θεωρίας
2712 4054 2859 4109 ναόν.

2305 4127 2401 4201 νδ¹έ
2431 4143 2685 4215 Σαμουὴλ
2706 4139 2948 4209 ὑπακοὴ
2990 4137 3138 4194 Θεοῦ
3170 4135 3553 4208 ἑρμηνεύεται.
3584 4127 3788 4182 Οὐκοῦν

554 4242 628 4296 tia
657 4225 1177 4306 dicitueruandiu
1225 4254 1357 4307 ergo
1378 4252 1475 4307 per
1523 4234 1895 4292 obedientiam
1936 4233 2110 4288 Sermc

2230 4240 2335 4302 ἕως
2378 4238 2444 4292 ἂν
2486 4236 2606 4290 καθ’
2630 4234 2874 4303 ὑπακοὴν
2902 4233 2931 4285 6
2955 4232 3109 4300 λόγος
3139 4232 3196 4284 ὲν
3226 4230 3357 4299 ἡμῖν
3386 4222 3657 4296 ίερατεύῃ,
3690 4220 3789 4274 κᾶν

554 4331 610 4386 in
629 4330 790 4386 nobis
842 4329 1150 4404 sacerdotio
1182 4327 1451 4398 fungitur,
1509 4326 1726 4381 tametsi
1775 4324 1904 4380 Saul
1945 4322 2110 4394 Agagt

2233 4332 2483 4401 φείσηται
2515 4328 2610 4381 τοῦ
2652 4326 2822 4394 Ἀγέιγ
2858 4328 2886 4379 6
2936 4322 3108 4378 Σαούλ
3138 4338 3153 4354 ο
3183 4320 3453 4381 τουτέστι,
3482 4316 3576 4370 τοῦ
3609 4308 3787 4384 χοϊκοῦ

554 4430 744 4493 parcat
775 4403 1019 4493 (terren'o
1049 4421 1261 4476 scilicet
1298 4419 1508 4490 sensui)
1558 4419 1676 4473 zelo
1718 4425 1900 4472 tamen
1935 4430 2110 4470 accen-

2234 4422 2579 4493 φρονήματος
2601 4434 2615 4448 ·
2651 4416 2764 4471 ἀλλ’
2798 4410 2890 4469 οῦν
2913 4414 3205 4468 ἀποκτενεῖ
3246 4409 3436 4464 τοῦτον
3484 4405 3727 4478 ζηλώσας
3762 4403 3792 4454 6

556 4530 652 4569 sus
702 4512 895 4569 Sermo
943 4513 1219 4577 sacerdos,
1276 4511 1430 4566 illum
1475 4508 1699 4580 perimit
1741 4509 1807 4572 “,
1856 4506 2110 4562 animum-

2232 4513 2405 4583 ἱερεὺς
2426 4511 2615 4578 Λόγος,
2637 4510 2731 4562 καὶ
2753 4507 2975 4578 πλήττει
3005 4502 3379 4573 καταισχύνων
3396 4501 3486 4552 τὸν
3516 4498 3790 4566 φιλαμαρ-

557 4621 666 4675 que
715 4604 925 4674 peccati
968 4603 1193 4658 libidine
1239 4603 1544 4673 impensum
1595 4598 1974 4663 confundens,
2027 4613 2110 4653 cet

2232 4607 2443 4676 τήμονα
2461 4603 2608 4667 νοῦν,
2639 4602 2715 4666 ὼς
2740 4599 3061 4672 παραϐάτην
3083 4596 3190 4650 τῶν
3210 4595 3367 4648 θείων
3389 4590 3789 4661 δικαιωμάτων.

558 4695 874 4751 divinorum
912 4703 1372 4766 transgressorem
1390 4694 1620 4766 jurium,
1664 4690 1918 4762 percellit
1941 4705 2007 4745 ac
2051 4688 2131 4743 fe-

560 4786 656 4840 rit.
1390 4832 1400 4845 ,
2902 4826 2908 4835 ν

550 4894 555 4902 ’
627 4876 716 4932 55.
733 4874 853 4932 Ubi
878 4874 1094 4931 animus
1114 4875 1372 4945 superbia
1398 4873 1596 4936 elatus,
1615 4870 1886 4927 doctrina:
1913 4884 2110 4925 sermo-

2303 4869 2395 4916 νε’.
2433 4860 2604 4913 Ἐπὰν
2634 4860 2662 4911 6
2691 4855 2813 4918 νοῦς
2846 4853 3314 4925 ὑψηλοφρονήσας,
3337 4851 3425 4904 τδν
3448 4847 3590 4902 κατᾶ
3612 4844 3796 4900 παθῶν

557 4980 708 5032 nem,
766 4976 930 5035 aquo
976 4964 1241 5019 adversus
1296 4962 1429 5017 vitia
1483 4961 1820 5030 aﬂ‘ectusque
1868 4958 2110 5012 inunctu:

2232 4953 2394 5008 αὐτὸν
2416 4951 2680 5024 χρίσαντα
2705 4951 2804 5020 τῆς
2829 4944 3173 5007 διδασκαλίας
3211 4943 3370 5011 λόγον
3413 4939 3550 5011 (ίὲ),
3590 4937 3678 4991 διὰ
3698 4937 3797 5003 τῆς

616 5090 893 5215 'l’hilipp.
966 5143 1117 5215 17,25.
1184 5141 1274 5215 fl
1320 5141 1452 5211 Reg.
1518 5155 1630 5215 xvr_,
1672 5137 1761 5193 25.
1836 5137 1856 5169 ⁷
1888 5135 2024 5191 ibid.
2084 5133 2171 5188 l2.
2239 5129 2450 5185 I“Hebr.
2511 5100 2605 5193 vn,
2645 5124 2731 5183 l9.
2805 5123 2869 5179 Ἰ
2903 5123 3039 5192 Reg.
3097 5120 3304 5187 xv1,l;
3360 5117 3482 5172 Act.
3536 5131 3651 5181 xm,
3709 5109 3790 5165 22.

563 5214 610 5247 “
634 5215 654 5270 l
682 5209 938 5285 Regi—xv,
969 5214 1023 5269 9.
1101 5212 1143 5245 “
1184 5211 1208 5267 Ι
1243 5212 1378 5281 Regi.
1409 5209 1521 5276 ‘xv,
1567 5209 1653 5263 l7.

638 5371 658 5393 ‘
691 5370 897 5439 Nempe
930 5366 1260 5432 Salomonis,
1295 5364 1442 5436 quod
1480 5363 1687 5419 dictum
1741 5376 1773 5416 a
1829 5372 1963 5430 pace
2017 5369 2245 5415 nomen.

568 5497 727 5598 ponit
755 5525 853 5598 τῷ,
885 5523 1327 5598 ιιιιροίιιγουμάξνιιξς⁹
1355 5520 1582 5598 _Cogente
1600 5519 1781 5598 aliqua
1806 5515 2132 5598 necessitate,
2240 5517 2470 5596 [actuum
2501 5502 3098 5598 disciplinamiprﬁtfr_i‘t‘a

572 5570 867 5651 ﬁéﬁ'hifrb
1602 5570 1780 5644 ἰόιέίιέ
1808 5570 2136 5655 περίστασιν
2240 5570 2528 5655 ipsumque
2550 5570 2839 5655 ejusquod
2865 5574 3079 5655 Marcus
3116 5570 3806 5655 Maximusq‘uegsmtuunt:

574 5638 866 5732 ἓξὲηὲἱέςῖ
883 5638 1281 5732 ἷιῖοἶιῖιῖἐὶἱῖιὶἷά
1295 5638 1603 5732 ὶιῐξᾶὶὶἦὲὶι
1612 5638 1969 5732 ἶριίἓὲξρτοξο
1989 5667 2110 5723 quoe

2242 5638 2612 5732 contrarium}
2651 5638 2893 5726 acvelut
2915 5644 3029 5697 haec
3066 5642 3191 5732 ipsa
3219 5641 3293 5693 sit
3326 5638 3662 5732 sublimioris
3691 5646 3808 5686 ser-

579 5672 866 5732 σωτηρίας,
883 5672 1278 5716 circumstantia
1298 5672 1529 5731 quadam
1543 5672 1756 5722 saluus,
1779 5672 1880 5778 ἐιτο
1902 5672 1969 5708 eo
1989 5672 2110 5723 quoe

579 5737 686 5803 est,
706 5731 996 5803 ,σωτηρίας
1042 5732 1269 5803 ἕνεκεν]
1294 5730 1702 5803 Αδαίιιιξεῇεαιιδα.
1814 5765 1829 5786 ,
1861 5723 1981 5803 ’τὴνΔ
2005 5740 2110 5803 περ

2242 5672 2612 5712 contrarium;
2651 5672 2715 5701 at;
2746 5672 2893 5698 velut
2916 5672 3029 5697 lliL’U
3067 5672 3179 5711 ινδιι
3220 5672 3293 5693 au.
3327 5672 3487 5691 auuu.

2243 5722 2423 5778 monis
2451 5719 2674 5776 dimissa
2695 5714 2943 5779 scientia,
2978 5727 3089 5767 non
3116 5709 3194 5764 illi
3218 5707 3487 5779 Opposita.

579 5800 766 5858 παθῶν
790 5793 1215 5873 μετερχομὲνους
1238 5799 1602 5865 διδασκαλίαν,
1630 5796 1776 5864 quod
1807 5793 2020 5858 reddit,
2052 5798 2145 5856 (ιι-
