4122 6320
357 404 492 472 1149

1159 404 1492 467 CAPITUM
1526 405 1798 468 THEOL.
1839 404 1936 466 ET
1972 406 2210 467 CECON.
2252 406 2642 468 CENTURIA
2680 404 2766 466 II.

3466 406 3605 468 1150

351 520 737 595 προσηκούσης
762 520 989 590 ἐρεύνης
1041 520 1333 591 ἐπερωτῶν
1354 522 1482 592 περὶ
1509 521 1617 574 τῶν
1657 521 1925 592 ποιητέων

2028 520 2228 582 fuerat.
2257 537 2363 591 qua
2387 536 2486 591 par
2507 529 2593 575 est
2613 517 2900 589 diligentia
2945 532 3009 573 ac
3063 516 3347 573 scrutandi
3405 516 3611 572 seduli-

351 613 450 666 καὶ
495 610 556 663 οὐ
609 607 879 678 ποιητέων
912 606 1203 675 παύσαιτο,
1244 612 1358 674 τοῖς
1382 611 1580 665 πάθεσι
1612 611 1829 674 πάντως
1870 611 1927 674 ἐξ

351 697 578 769 ἀγνοίας
629 698 911 753 ἁλίσκεται
940 713 957 730 ⁶
1015 698 1085 752 δι’
1141 693 1216 752 ὧν
1262 700 1406 755 κατὰ
1451 702 1618 772 μέρος
1652 702 1747 755 τοῦ
1792 701 1928 755 Θεοῦ

350 790 740 863 χωριζόμενος,
772 791 830 842 ἐν
858 791 978 853 ταῖς
995 790 1270 855 ἀκουσίοις
1293 793 1646 862 περιστάσεσι
1680 810 1930 864 προσχω-

353 882 441 953 ρεϊ
458 882 575 942 τοῖς
628 880 869 950 δαίμοσι,
909 881 1009 950 τὴν
1040 882 1247 935 κοιλίαν
1273 882 1532 936 θεοποιῶν
1558 899 1573 914 ⁸
1606 882 1815 937 ἐκεῖθεν
1841 884 1931 937 εὑ-

354 973 542 1045 ρέσθαι
568 971 741 1026 θέλων
775 971 883 1025 τῶν
908 972 1202 1036 πιεζόντων
1230 972 1591 1044 παράκλησιν.
1643 973 1752 1025 Καὶ
1804 990 1927 1026 πει-

353 1065 494 1118 θέτω
520 1082 580 1117 σε
613 1064 805 1129 Σαοὺλ,
835 1068 891 1118 ὲν
919 1067 1053 1119 πᾶσι
1080 1064 1379 1136 σύμϐουλον
1411 1066 1485 1136 μὴ
1521 1065 1808 1137 λαμϐάνων
1836 1068 1928 1120 τὸν

352 1155 628 1226 Σαμουὴλ,
659 1154 720 1220 ἐξ
749 1156 991 1225 ἀνάγκης
1015 1154 1151 1227 πρὸς
1180 1154 1595 1225 είδωλολατρῐαν
1627 1172 1924 1226 μεταστρε-

356 1246 609 1316 φόμενος,
641 1247 736 1299 καὶ
762 1247 861 1316 τὴν
904 1246 1376 1319 Ἑγγαστρίμυθον
1406 1248 1480 1311 ὡς
1522 1248 1585 1319 δή
1636 1265 1761 1302 τινα
1794 1249 1926 1302 Θεὸν

356 1338 453 1390 ὲπε
461 1339 638 1409 ρωτᾷν
667 1338 1012 1409 ἀνεχόμενος.

424 1516 532 1576 νς¹.
595 1511 654 1564 '0
682 1512 772 1565 τὸν
795 1512 960 1582 ἄρτον
981 1512 1274 1584 εὐχόμενος
1291 1512 1480 1566 λαϐεῖν
1507 1511 1600 1566 τὸν
1625 1511 1922 1577 ἐπιούσιον,

354 1602 416 1655 οὐ
450 1603 664 1667 πάντως
697 1603 816 1657 ὅλον
845 1604 1065 1675 δέχεται
1098 1604 1279 1668 καθὼς
1311 1605 1474 1668 αὐτὸς
1505 1607 1533 1658 ὁ
1561 1603 1725 1672 ἄρτος
1756 1603 1922 1656 ἐστίν·

355 1695 493 1751 ἀλλά
550 1696 733 1760 καθὼς
782 1698 944 1761 αὐτὸς
988 1699 1017 1751 ὁ
1057 1698 1344 1769 δεχόμενος
1370 1697 1616 1753 δύναται.
1661 1698 1802 1751 nam
1826 1695 1926 1765 μὲν

354 1790 462 1859 γὰρ
503 1788 694 1844 ἑαυτὸν
728 1790 911 1843 δίδωσι
947 1792 1056 1854 τοῖς
1095 1790 1304 1844 αίτοῦσι
1325 1791 1353 1842 ὁ
1378 1790 1477 1858 τῆς
1501 1791 1644 1860 ζωῆς
1666 1790 1824 1860 ἄρτος
1847 1788 1924 1851 ὡς

355 1880 750 1952 φιλάνθρωπος,
779 1882 842 1935 ού
870 1883 1012 1935 κατὰ
1044 1882 1106 1934 τὸ
1133 1882 1263 1935 αὐτὸ
1287 1881 1344 1936 δὲ
1383 1883 1547 1935 πᾶσιν
1574 1898 1591 1914 ο
1631 1880 1766 1933 ἀλλὰ
1811 1878 1923 1942 τοῖς

355 1970 456 2040 μὲν
488 1970 696 2041 μεγάλα
719 1972 1064 2042 δικαιοσύνης
1096 1972 1233 2043 ἔργα
1263 1973 1606 2042 πεποιηκόσι,
1637 1971 1912 2034 πλειόνως·

349 2062 464 2125 τοῖς
508 2061 566 2114 δὲ
592 2061 799 2116 τούτων
827 2064 1071 2134 ἥττοσιν,
1108 2064 1347 2130 ἡττόνως
1367 2078 1383 2094 ⁶
1413 2063 1629 2133 ἑκάστῳ
1669 2060 1851 2125 καθὼς
1884 2062 1918 2130 ἡ

350 2152 493 2206 κατά
513 2151 636 2207 νοῦν
674 2153 800 2220 ἀξία
833 2154 1088 2220 δέξασθαι
1113 2154 1354 2207 δύναται.

418 2420 518 2485 VC’.
565 2419 625 2473 Ὀ
663 2418 867 2490 Κύριος
901 2419 1033 2473 ποτε
1067 2418 1168 2488 μὲν
1197 2419 1487 2489 ἀποδημεῖ,
1518 2418 1649 2472 ποτὲ
1671 2419 1728 2472 δὲ
1759 2418 1916 2489 ἐνδη-

348 2514 462 2582 μεϊ.
507 2511 701 2580 Ἀποδη
712 2514 819 2580 μεῖ,
848 2510 990 2563 κατά
1019 2509 1117 2580 τὴν
1141 2509 1431 2581 πρόσωπον
1460 2510 1596 2578 πρὸς
1629 2508 1918 2580 πρόσωπον

345 2602 578 2672 θεωρίαν
605 2619 617 2631 ·
651 2602 892 2672 ὲνδημεῖ,
926 2600 1066 2655 κατά
1090 2602 1189 2671 τὴν
1241 2604 1298 2656 ὲν
1343 2602 1590 2674 ἐσόπτρῳ
1636 2602 1727 2655 καὶ
1775 2601 1917 2654 αἰνί-

344 2712 517 2766 γμασι
544 2696 798 2768 θεωρίαν.

358 2910 361 2911 ν
413 2875 514 2947 νη*⁹
551 2877 641 2948 Τῷ
669 2877 768 2949 μὲν
805 2878 1117 2950 πρακτικῷ,
1162 2881 1382 2950 ἐνδημεί
1427 2879 1515 2933 διὰ
1561 2877 1668 2931 τῶν
1704 2876 1914 2948 ἀρετῶν

342 2966 373 3019 ό
402 2964 606 3038 Κύριος
629 2985 645 3000 ·
676 2968 770 3022 τοῦ
799 2970 856 3023 δὲ
894 2973 1100 3040 μηδένα
1129 2972 1285 3039 λόγον
1312 2970 1634 3040 ποιουμένου
1659 2969 1757 3038 τῆς
1788 2968 1915 3038 ἀρε-

340 3057 463 3128 τῆς,
490 3060 780 3131 ἀποδημεῖ.
807 3062 916 3115 Καὶ
946 3063 1128 3128 πάλιν,
1180 3064 1257 3133 τῷ
1310 3064 1407 3133 μὲν
1438 3058 1777 3131 θεωρητικῷ,
1825 3060 1914 3114 διὰ

341 3153 595 3220 γνώσεως
618 3153 724 3206 τῶν
750 3154 918 3209 ὄντων
944 3155 1179 3225 ἀληθοῦς
1208 3155 1329 3225 ενδ-η
1341 3157 1430 3224 μεί
1453 3169 1469 3187 ο
1491 3150 1585 3206 τοῦ
1620 3149 1678 3202 δὲ
1713 3149 1914 3221 ταύτης
1941 3175 1981 3230 C

342 3244 484 3297 κατά
505 3261 557 3297 τι
575 3262 650 3297 πα
656 3246 1038 3315 ρασφαλέντος,
1060 3247 1091 3299 ἀ
1101 3246 1233 3316 ποδη
1242 3247 1350 3316 μεϊ.

2030 618 2162 674 tate,
2197 611 2265 665 de
2292 609 2521 681 agendis
2547 618 2734 663 etnon
2768 608 2995 678 agendis
3027 607 3337 677 percontari
3359 606 3605 671 desierit,

2029 700 2256 755 omnino
2278 716 2346 755 ex
2370 700 2676 771 ignorantia
2705 698 2900 753 iisdem
2925 698 3202 754 obnoxius
3261 697 3355 764 ﬁt;
3405 697 3610 767 quibus

2029 807 2060 847 a
2090 792 2199 845 Deo
2217 791 2482 861 paulatim
2519 791 2806 854 recedens,
2833 788 3085 845 adversis
3133 788 3355 844 casibus
3401 788 3607 857 quibus

2030 879 2238 935 invitus
2300 881 2668 942 examinatur,
2719 878 2785 933 ad
2853 878 3132 934 dmmones
3199 876 3444 944 accedit;
3510 877 3606 946 qui

2027 970 2199 1025 Deum
2250 979 2502 1026 ventrem
2535 971 2707 1025 faciat
2734 971 2799 1033 “,
2830 970 3069 1039 indeque
3123 985 3153 1023 a
3186 970 3365 1032 malis,
3402 969 3606 1037 quibus

2027 1061 2320 1131 premitur,
2342 1062 2592 1117 levamen
2627 1078 2691 1117 ac
2725 1061 2982 1118 solatium
3016 1068 3248 1130 quaerat.
3306 1059 3605 1129 Fidemque

2027 1151 2190 1206 faciat
2212 1152 2365 1217 Saul,
2403 1153 2612 1208 idcirco
2634 1153 2781 1222 quod
2808 1168 2920 1207 non
2955 1153 3012 1207 in
3039 1151 3298 1206 omnibus
3323 1151 3605 1205 consuluit

2027 1242 2357 1308 Samuelem,
2389 1244 2702 1298 necessario
2722 1243 2788 1297 ad
2816 1243 3089 1297 idolorum
3115 1240 3441 1296 servitutem
3470 1257 3606 1294 con-

2025 1348 2237 1397 versus,
2274 1349 2339 1388 ac
2369 1334 2463 1403 qui
2497 1334 2901 1403 ventriloquam
2927 1348 3029 1388 ceu
3066 1347 3273 1387 numen
3326 1331 3603 1401 quoddam

2024 1440 2090 1481 ac
2109 1425 2397 1481 oraculum
2436 1425 2727 1481 consulere
2763 1440 2874 1478 non
2901 1423 3158 1479 abnuerit
3179 1423 3243 1476 ¹³.

2094 1518 2182 1573 56.
2223 1516 2325 1584 Qui
2351 1533 2548 1587 panem
2579 1516 2964 1586 quotidianum
2999 1523 3156 1586 rogat
3185 1515 3456 1585 accipere,
3487 1531 3599 1570 non

2024 1606 2251 1661 omnino
2284 1614 2458 1660 totum
2485 1604 2706 1674 accipit,
2742 1610 2982 1673 quantus
3006 1602 3122 1671 ipse
3155 1601 3314 1670 panis
3346 1608 3449 1665 est,
3503 1601 3599 1655 sed

2024 1697 2203 1768 quoad
2247 1697 2538 1767 accipienti
2595 1712 2696 1766 per
2734 1695 3052 1751 facultatem
3098 1694 3248 1748 licet.
3290 1692 3427 1746 Nam
3482 1693 3599 1762 ipse

2025 1787 2244 1856 quidem
2268 1787 2427 1858 panis
2452 1788 2578 1842 vitae
2603 1786 2665 1850 η,
2692 1800 2964 1855 propensa
3012 1784 3261 1839 bonitate
3310 1799 3429 1846 sua,
3466 1799 3602 1837 cun-

2022 1877 2127 1933 etis
2183 1892 2244 1934 se
2300 1877 2639 1946 petentibus.
2672 1877 2775 1931 etsi
2819 1867 2930 1931 non
2982 1874 3176 1930 eadem
3228 1874 3484 1929 omnibus
3514 1890 3602 1929 ra-

2021 1968 2173 2023 tione
2204 1968 2435 2038 parique
2455 1968 2841 2023 distributione
2862 1967 3103 2037 prabet;
3139 1965 3259 2031 sed,
3316 1965 3426 2019 illis
3469 1965 3598 2034 qui-

2021 2058 2146 2114 dem
2196 2059 2449 2125 abunde,
2507 2058 2603 2129 qui
2659 2074 2855 2129 magna
2906 2056 3317 2128 designaverint
3366 2055 3598 2127 iustitia:

2019 2165 2218 2220 opera;
2268 2151 2356 2205 his
2409 2159 2592 2205 autem
2623 2150 2718 2219 qui
2756 2150 3001 2204 minores
3045 2149 3380 2209 exstiterint,
3432 2146 3596 2217 paulo

2016 2242 2259 2311 parcius,
2289 2243 2491 2312 cuique
2524 2243 2757 2306 scilicet,
2782 2250 3048 2311 quantum
3072 2256 3172 2311 pro
3199 2240 3368 2295 animi
3419 2238 3600 2310 digni-

2022 2341 2130 2390 tate
2158 2343 2325 2403 atque
2355 2334 2557 2389 merito
2590 2341 2769 2403 potest
2790 2348 3008 2402 capere.

2089 2426 2177 2480 57.
2204 2426 2488 2489 Dominus,
2514 2425 2711 2495 partim
2733 2424 2957 2494 quidem
2984 2423 3208 2488 absens,
3236 2422 3435 2490 partim
3458 2436 3598 2490 prze-

2018 2530 2144 2569 sens
2180 2525 2287 2569 est.
2349 2513 2563 2570 Absens
2582 2523 2689 2579 est,
2733 2513 2881 2583 quod
2912 2513 2981 2567 ad
3022 2527 3141 2567 eam
3175 2511 3440 2565 visionem
3471 2509 3598 2563 atti-

2015 2614 2131 2669 net,
2153 2621 2276 2675 quaa
2304 2614 2388 2660 est
2408 2605 2540 2660 facit
2561 2607 2629 2659 ad
2644 2604 2811 2675 598
2830 2604 3023 2659 faciem
3044 2620 3059 2668 ;
3081 2612 3165 2657 est
3188 2617 3319 2656 vero
3334 2616 3591 2671 praesens.

2016 2704 2281 2765 quantum
2306 2694 2372 2749 ad
2398 2710 2518 2748 eam
2543 2692 3057 2764 contemplationem
3073 2691 3263 2761 quaein
3284 2690 3508 2760 speculo
3531 2703 3595 2743 ac

2015 2786 2300 2855 aenigmate
2324 2793 2407 2840 est
2432 2786 2495 2840 ¹⁸.

2086 2878 2175 2933 58.
2214 2878 2299 2940 Ei,
2328 2877 2423 2945 qui
2483 2892 2542 2931 se
2579 2875 2782 2933 actioni
2831 2873 3124 2944 impendit,
3177 2872 3443 2926 Dominus
3495 2886 3594 2940 per

2014 2969 2249 3023 virtutes
2296 2970 2484 3034 adest;
2516 2968 2586 3022 ab
2621 2983 2688 3022 eo
2731 2975 2915 3021 autem
2958 2964 3053 3035 qui
3111 2964 3316 3018 nullam
3371 2963 3594 3017 virtutis

2014 3059 2289 3113 rationem
2347 3057 2531 3117 habet,
2589 3071 2818 3125 peregre
2859 3063 2963 3117 est,
3029 3055 3350 3121 Rursusque
3390 3051 3593 3104 colenti

2013 3146 2326 3208 scientiam,
2359 3160 2424 3199 ac
2450 3142 2901 3213 contemplationi
2940 3142 3127 3195 dedito
3149 3156 3247 3209 per
3273 3154 3455 3193 veram
3506 3154 3594 3191 re-

2015 3251 2135 3290 rum
2162 3234 2530 3304 cognitionem
2557 3248 2799 3303 prmsens
2818 3232 2881 3287 ﬁt
2904 3250 2918 3298 ;
2949 3233 3016 3286 ab
3065 3247 3132 3286 eo
3158 3240 3340 3286 autem
3396 3230 3596 3285 absens

1902 3344 1913 3365 '-
2014 3336 2119 3391 est,
2150 3326 2245 3396 qui
2274 3326 2386 3380 ulla
2412 3326 2625 3380 ratione
2654 3325 2722 3380 ab
2753 3340 2817 3379 ea
2841 3322 3204 3378 aberraverit.

413 3415 513 3472 νϐ’.
550 3417 848 3489 Ἀποδημεῖ
871 3419 1092 3490 σαρκὸς,
1124 3421 1152 3472 ό
1180 3419 1314 3491 πρὸς
1343 3420 1441 3492 τὴν
1471 3423 1775 3495 γνωστικὴν
1797 3424 1914 3489 ἕξιν

347 3508 585 3580 μεταϐὰς
644 3509 751 3563 ἀπὸ
800 3511 900 3573 τῆς
945 3511 1254 3581 πρακτικῆς
1284 3529 1298 3544 ·
1334 3514 1712 3585 ἁρπαζόμενος
1745 3516 1822 3581 ὡς
1855 3519 1913 3570 ὲν

341 3598 612 3667 νεφέλαις,
642 3602 756 3664 τοῖς
776 3600 1126 3671 ὑψηλοτέροις
1151 3604 1439 3673 νοήμασιν,
1465 3607 1541 3668 είς
1565 3606 1656 3658 τὸν
1678 3608 1911 3678 διαφανῆ

340 3690 441 3759 τῆς
476 3692 743 3760 μυστικῆς
779 3691 1013 3760 θεωρίας
1051 3693 1189 3763 ἀέρα
1222 3710 1236 3723 ’
1291 3693 1413 3747 καθ’
1462 3693 1522 3745 ὃν
1573 3695 1671 3748 σὺν
1723 3697 1913 3767 Κυρίῳ

340 3776 484 3835 εἶναι
539 3780 829 3851 δυνήσεται
875 3783 1125 3835 πάντοτε.
1167 3782 1428 3853 Ἐκδημεῖ
1456 3783 1514 3836 δὲ
1535 3784 1644 3836 ἀπὸ
1674 3782 1769 3837 τοῦ
1800 3787 1913 3838 Ku-

344 3860 484 3942 ρίόυ,
514 3872 544 3925 ὸ
577 3872 746 3942 μήπω
773 3871 898 3943 δίχα
924 3872 1034 3928 τῶν
1064 3873 1186 3927 κατ’
1210 3872 1466 3942 αἴσθησιν
1496 3874 1784 3943 ἐνεργειῶν
1808 3892 1911 3929 κα·-

343 3961 494 4032 θαρῷ
523 3961 605 4015 νοτ
636 3961 912 4033 θεωρῆσαι
943 3962 1086 4016 κατά
1114 3962 1174 4016 τδ
1200 3963 1419 4033 ἐφικτὸν
1447 3963 1516 4017 τὰ
1551 3964 1797 4034 νοήματα
1822 3964 1912 4019 δυ-

340 4052 595 4121 νάμενος,
627 4054 722 4106 καὶ
747 4054 839 4108 τὸν
863 4055 990 4125 περὶ
1018 4054 1112 4109 τοῦ
1142 4055 1348 4127 Κυρίου
1375 4054 1532 4125 λόγον
1561 4055 1769 4111 ἁπλοῦν
1804 4075 1914 4129 χω-

343 4138 430 4208 ρὶς
448 4140 784 4209 αἰνιγμάτων
815 4142 889 4213 μὴ
924 4142 1137 4214 χωρῶν.

410 4311 472 4377 ξ’.
517 4312 577 4367 ’0
601 4312 695 4367 τοῦ
723 4314 859 4369 Θεοῦ
880 4317 1051 4386 Λόγος
1090 4317 1174 4388 (Γ),
1196 4318 1270 4371 ού
1304 4318 1466 4388 μόνον
1494 4318 1687 4373 καθότι
1712 4320 1912 4390 σεο-ἀρ-

339 4420 510 4457 κωται
535 4404 750 4474 λέγεται
785 4407 920 4479 σάρξ
938 4423 956 4440 ο
991 4408 1129 4463 ἀλλὰ
1147 4409 1335 4463 καθότι
1362 4410 1491 4473 Θεὸς
1519 4410 1691 4484 Λόγος
1725 4410 1911 4475 ἁπλῶς

2083 3418 2172 3473 59.
2207 3417 2443 3486 Peregre
2458 3423 2595 3471 esta
2636 3430 2821 3479 carne,
2856 3414 2951 3482 qui
2986 3412 3055 3466 ab
3101 3411 3318 3466 actione
3362 3410 3595 3465 commi-

2012 3508 2189 3578 gravit
2212 3506 2279 3561 ad
2311 3505 2557 3560 scientiae
2590 3504 2880 3569 habitum;
2943 3502 3036 3573 qui
3071 3502 3221 3557 velut
3255 3500 3311 3554 in
3347 3499 3592 3554 nubibus

2012 3597 2262 3667 rapiatur
2318 3594 2672 3664 (sublimibus
2724 3594 2938 3651 scilicet
2983 3591 3182 3663 sensis)
3241 3592 3298 3645 in
3348 3592 3594 3661 mysticae

2012 3686 2493 3755 contemplationis
2538 3685 2875 3754 pellucidum
2924 3699 3128 3748 aerem,
3160 3683 3256 3737 ubi
3302 3699 3423 3737 esse
3466 3697 3593 3737 cum

2011 3777 2244 3833 Domino
2274 3791 2492 3846 semper
2515 3774 2722 3845 pot'crit
2752 3775 2817 3839 ¹⁶,
2844 3775 3078 3844 Peregre
3101 3790 3236 3829 vero
3278 3783 3363 3828 est
3406 3788 3436 3826 a
3486 3773 3594 3827 Do-

2011 3868 2181 3930 mino,
2215 3866 2311 3936 qui
2342 3866 2578 3921 necdum
2604 3865 2813 3920 otiante
2843 3880 3012 3919 sensu
3049 3864 3277 3933 ejusque
3333 3862 3592 3917 submota

2010 3957 2247 4020 actione,
2299 3970 2439 4024 pura
2498 3962 2703 4019 mente,
2756 3969 2916 4009 sensa
2963 3953 3103 4022 ipsa,
3151 3951 3331 4022 quoad
3380 3952 3591 4005 homini

2010 4057 2336 4098 concessum
2392 4050 2497 4107 est,
2556 4041 2921 4112 contemplari
2984 4040 3280 4110 potest;is
3322 4039 3585 4109 denique,

2009 4133 2107 4205 qui
2143 4133 2450 4203 simplicem
2484 4133 2552 4188 de
2580 4133 2691 4188 Deo
2717 4148 3028 4190 sermonem
3056 4142 3221 4202 atque
3259 4129 3588 4195 doctrinam,

2010 4225 2218 4294 absque
2256 4225 2607 4294 aenigmatum
2642 4222 2944 4277 involucris
2971 4237 3084 4276 non
3117 4221 3282 4291 capit.

2082 4317 2169 4373 60.
2205 4317 2303 4372 Dei
2331 4316 2596 4379 Verbum,
2631 4314 2833 4369 nedum
2859 4330 2967 4385 qua
3008 4314 3225 4369 ratione
3253 4329 3474 4369 carnem
3507 4329 3593 4370 as-

2014 4407 2270 4476 sumpsit,
2300 4421 2430 4461 caro
2457 4408 2794 4476 appellatur;
2825 4406 2918 4460 sed
2955 4421 3061 4476 qua
3093 4405 3260 4459 etiam
3281 4405 3427 4459 Deus
3456 4405 3593 4461 Ver-

342 4496 626 4567 νοούμενος
655 4499 713 4553 ὲν
735 4501 876 4571 ἀρχῇ
913 4500 1052 4572 πρὸς
1075 4502 1167 4555 τὸν
1195 4502 1327 4556 Θεὸν
1355 4503 1452 4557 καὶ
1509 4502 1751 4585 Πατέρα,
1819 4503 1913 4557 καὶ

2018 4498 2146 4575 bum
2169 4497 2495 4567 simpliciter
2516 4497 2573 4551 in
2602 4496 2875 4567 principio
2905 4496 3050 4567 apud
3081 4496 3252 4551 Deum
3286 4505 3340 4550 et
3373 4496 3590 4551 Patrem

341 4592 534 4656 σαφεῖς
566 4603 659 4644 και
687 4593 928 4662 γυμνοὺς
956 4595 1082 4657 τοὺς
1103 4595 1201 4664 τῆς
1230 4594 1487 4664 ἀληθείας
1507 4595 1758 4665 περὶτῶν
1778 4596 1916 4649 ὅλων

344 4678 485 4749 ἔχων
505 4681 732 4749 τύπους,
763 4685 825 4737 ού
850 4684 1097 4755 περιέχει
1130 4685 1444 4756 παραϐολὰς
1474 4686 1566 4739 καὶ
1597 4686 1912 4756 αἰνίγματα·

344 4771 465 4825 οὐδὲ
488 4773 730 4844 ἱστορίας
758 4775 1019 4845 δεομένας
1044 4776 1374 4847 ἀλληγορίας
1398 4790 1414 4806 ⁸
1448 4776 1588 4831 ἐπὰν
1619 4777 1674 4831 δὲ
1707 4778 1919 4848 ἀνθρώ-

340 4875 467 4924 ποις
517 4862 835 4936 ὲπιδημήσῃ
898 4863 972 4936 μὴ
1009 4864 1326 4934 δυναμένοις
1366 4864 1559 4937 γυμνῷ
1586 4864 1665 4936 τῷ
1707 4865 1787 4919 νοῒ
1816 4875 1926 4934 γυ-’

273 4950 289 4958 ”
345 4952 495 5022 μνοϊς
534 4952 893 5024 προσϐάλλειν
917 4957 1031 5019 τοῖς
1057 4956 1286 5024 νοητοῖςο
1312 4954 1420 5008 ἀπὸ
1453 4955 1558 5010 τῶν
1587 4956 1768 5021 αὐτοῖς
1795 4973 1916 5011 συν-

342 5039 490 5110 ήθων
522 5042 928 5114 διαλεγόμενος,
960 5046 1049 5100 διὰ
1074 5046 1173 5115 τῆς
1205 5045 1313 5099 τῶν
1345 5045 1597 5118 ίστοριιῖιν
1628 5047 1722 5101 καὶ
1771 5049 1914 5101 αίνι-

341 5132 569 5203 γμάτων
590 5135 685 5189 καὶ
710 5136 1033 5207 παραϐολῶν
1072 5137 1168 5192 καὶ
1206 5136 1497 5192 σκοτεινῶν
1527 5137 1701 5207 λόγων
1731 5155 1912 5194 ποικι-

414 5285 467 5361 ¹¹Α
482 5287 721 5361 Philipp.
786 5304 865 5358 ιιι,
916 5288 1001 5345 19.

1114 5291 1209 5346 ¹⁸Ι
1252 5290 1388 5363 Reg.
1429 5307 1615 5357 χχι-ιιι,
1663 5293 1695 5346 7
1737 5306 1883 5363 seqq.

340 5372 417 5425 tv,
448 5358 532 5413 l6.

414 5514 488 5592 (η
521 5516 588 5569 '0
616 5517 725 5571 τοῦ
761 5518 916 5592 9εοιῖ
950 5519 1160 5592 Λόγος.
1189 5520 1430 5576 Utuntur
1460 5519 1634 5576 Graeci
1669 5518 1905 5592 theologi

344 5584 583 5659 quadam
633 5587 997 5659 amplitudine
1024 5584 1128 5644 hac
1173 5606 1328 5654 voce,
1382 5606 1487 5644 nec
1535 5605 1674 5659 saepe
1721 5584 1909 5659 aptum

344 5654 573 5726 omnino
626 5654 906 5726 est—quod
954 5658 1193 5713 Verbum
1253 5659 1502 5713 redditur
1546 5676 1561 5713 :
1609 5654 1694 5713 uti
1744 5654 1908 5713 etiam

312 5740 471 5797 -cum
503 5724 595 5780 hic
632 5724 919 5797 Maximus,
972 5743 1073 5797 per
1102 5728 1315 5797 singula
1362 5728 1564 5797 scripta
1597 5729 1796 5791 verba,
1840 5728 1911 5782 δι’

346 5795 578 5852 ἑκάστου
598 5796 708 5851 τῶν
729 5795 1230 5872 ἀναγεγραμμένων
1262 5795 1540 5870 ῥημάτων,
1567 5798 1642 5853 ait
1667 5797 1914 5854 incarna-

2014 4589 2382 4652 intellectum,
2416 4589 2704 4657 clarasque
2734 4603 2798 4642 ac
2816 4586 2992 4641 nudas
3027 4586 3411 4641 universorum
3441 4586 3591 4641 veri-

2014 4680 2144 4734 tatis
2169 4679 2377 4734 formas
2406 4679 2637 4744 habens,
2669 4677 2852 4732 nullas
2883 4676 3175 4748 parabolas
3208 4693 3272 4732 ac
3301 4677 3592 4747 aenigmata

2013 4786 2139 4826 cum
2193 4770 2612 4839 complectatur,
2645 4783 2809 4826 easve
2844 4765 3106 4823 historias
3136 4783 3276 4836 quas
3323 4783 3424 4837 per
3453 4768 3591 4822 alle-

2013 4860 2221 4932 goriam
2264 4876 2543 4931 exponere
2585 4875 2813 4915 necesse
2843 4859 2946 4926 sit;
2976 4858 3073 4913 ubi
3106 4858 3175 4913 ad
3214 4857 3468 4912 homines
3490 4873 3590 4912 ve-

2018 4955 2123 5020 nit,
2148 4953 2244 5025 qui
2269 4952 2416 5009 nuda
2452 4962 2635 5008 mente
2660 4967 2748 5007 res
2772 4950 3072 5023 spiritales,
3115 4949 3268 5018 ipsas
3296 4950 3472 5002 nudas
3502 4947 3591 5001 in-

2020 5033 2265 5117 telligere
2294 5060 2407 5101 non
2456 5044 2703 5115 possint;
2754 5060 2823 5098 ex
2877 5042 2946 5096 iis
2997 5041 3278 5096 disserens
3327 5055 3449 5109 qua:
3480 5038 3591 5095 illis

2016 5145 2282 5195 consueta
2333 5152 2509 5206 exque
2545 5150 2650 5190 usu
2690 5140 2897 5198 essent,
2933 5130 3293 5186 historiarum
3324 5131 3589 5201 aenigma-

2592 5290 2689 5345 “I
2726 5289 2855 5345 Cor.
2906 5304 3023 5351 XIII,
3066 5288 3154 5343 12.

2011 5289 2053 5324 ¹⁸
2075 5290 2232 5347 Joan.
2272 5306 2346 5357 v1,
2394 5290 2484 5345 55.
2592 5290 2689 5345 ¹⁵Ι
2726 5289 2855 5345 Cor.
2906 5304 3023 5351 XIII,
3066 5288 3154 5343 12.
3260 5287 3355 5342 ³⁸1
3392 5286 3585 5343 Thess.

2016 5518 2061 5572 ri
2095 5517 2187 5570 τὸν
2215 5516 2406 5584 Λόγον·
2444 5515 2519 5570 ita
2550 5521 2607 5570 ut
2634 5513 2803 5584 verba
2824 5518 2891 5584 et
2907 5509 3210 5584 vocesgsint
3238 5507 3391 5562 velut
3416 5520 3587 5584 caro,

2016 5587 2167 5642 illius
2187 5575 2401 5641 eximia:
2428 5586 2619 5653 Λόγου,
2647 5583 2818 5653 Verbi,
2854 5579 3146 5653 Sermonis,
3177 5593 3339 5653 quem
3362 5586 3418 5633 et
3441 5575 3591 5653 Scri-

2017 5666 2194 5727 pturae
2230 5655 2355 5781 ἶὲῦν
2390 5646 2542 5723 dicit,
2567 5646 2623 5711 et
2652 5652 2891 5711 Verbum
2927 5651 2984 5706 in
3012 5646 3287 5722 principio
3312 5647 3456 5720 apud
3488 5646 3589 5701 Pa-

2021 5737 2178 5783 trem.
2204 5741 2234 5781 e
2297 5764 2312 5780 .

2163 5767 2178 5794 ,
2204 5741 2312 5781 etc.
