4122 6320
548 406 681 475 1151

1710 407 1772 469 S.
1812 400 2117 467 MAXIMI‘
2136 394 2650 471 CONFESSOBIS

3683 403 3816 471 1152

547 523 775 585 tumque
807 523 863 570 et
878 512 1263 584 parabolarum
1288 512 1789 583 obscuriorumque
1810 528 2123 568 sermonum

2231 512 2353 576 λίας
2378 514 2780 587 συντιθέμενος,
2800 515 3006 586 γίνεται
3037 516 3191 589 σάρξ.
3228 518 3387 572 Κατὰ
3408 516 3515 590 γὰρ
3538 515 3635 589 τὴν
3663 517 3804 589 πρώ-

546 609 813 663 varietate
865 605 1272 675 compositum,
1327 621 1458 661 caro
1512 605 1767 661 edicitur.
1817 606 1937 661 Non
1978 607 2130 662 enim

545 700 723 769 prima
761 698 948 752 statim
974 696 1452 762 consideratione,
1504 713 1664 754 mens
1700 707 1890 754 nostra
1916 697 2131 752 nudum

546 789 727 860 ipsum
763 790 1004 845 Verbum
1041 789 1267 862 attingit
1313 805 1381 845 ac
1440 789 1733 860 intelligit,
1767 789 1864 844 sed
1886 789 2133 844 Verbum

547 883 921 947 incarnatum,
947 882 1261 937 dictionum
1277 881 1773 937 scilicetvarietate
1794 880 2128 950 implexum:

545 974 728 1045 ipsum
774 975 999 1045 quidem
1041 982 1238 1030 natura
1270 974 1550 1040 Verbum;
1597 973 1695 1029 sed
1743 973 1893 1044 quod
1946 981 2132 1027 tamen

543 1082 674 1122 caro
704 1068 1096 1137 conspiciatur,
1154 1066 1236 1122 sic
1276 1066 1540 1120 nimirum
1581 1075 1645 1121 ut
1674 1066 1864 1135 plures
1908 1079 2131 1119 carnem

543 1176 656 1215 non
714 1161 957 1215 Verbum
1010 1160 1201 1215 videre
1245 1159 1353 1215 sibi
1398 1159 1730 1224 videantur;
1780 1158 1885 1213 etsi
1936 1172 2133 1213 revera

543 1251 784 1306 Verbum
824 1258 927 1306 est.
966 1251 1089 1306 Non
1129 1250 1276 1306 enim
1303 1250 1399 1320 qui
1434 1251 1601 1319 vulgo
1627 1249 1866 1310 videtur,
1904 1249 1950 1303 is
1980 1247 2134 1303 Seri-

542 1352 719 1413 ptum:
747 1359 943 1400 sensus
969 1352 1057 1400 est
1084 1359 1150 1399 ac
1180 1344 1519 1407 intellectus,
1550 1342 1646 1397 sed
1677 1342 1821 1396 alius
1846 1356 2010 1410 quam
2035 1338 2133 1409 qui

2225 622 2326 676 την
2374 607 2704 679 προσϐολὴν,
2743 609 2806 662 οὑ
2836 608 3028 683 γυμνῷ
3072 608 3407 681 προσϐάλλει
3433 608 3594 680 Λόγῳ
3623 611 3653 662 ό
3678 609 3815 680 ὴμέ-

2225 713 2384 770 τερος
2410 697 2534 762 νοῦς
2563 717 2577 730 ο
2625 699 2765 753 ἀλλὰ
2805 700 2967 771 Λόγῳ
3002 701 3414 773 σεσαρκωμένῳ
3442 715 3457 731 ⁶
3492 700 3694 773 δηλαδὴ
3746 704 3813 773 τῇ

2228 788 2474 860 ποικιλίᾳ
2500 789 2612 843 τῶν
2655 789 2856 856 λέξεων
2881 809 2896 823 ’
2946 792 3105 863 Λόγῳ
3155 792 3255 863 μὲν
3303 791 3440 858 ὄντι,
3480 794 3548 864 τῇ
3604 792 3767 862 φύσει
3793 811 3808 825 ο

2229 880 2397 951 σαρκὶ
2424 879 2481 932 δὲ
2510 883 2576 951 τῇ
2610 880 2730 951 ὄψει
2759 898 2774 912 ·
2804 881 2947 936 ὥστε
2973 883 3102 946 τοὺς
3134 881 3386 948 πολλοὺς,
3423 883 3600 954 σάρκα
3628 885 3724 937 καὶ
3751 884 3813 938 οὗ

2230 969 2401 1038 Λόγον
2424 970 2558 1041 όρᾷν
2579 971 2758 1026 δοκεῖν
2784 971 2889 1026 κᾶν
2921 972 2970 1025 εί
3000 970 3145 1027 κατὰ
3178 971 3439 1043 ἀλήθειάν
3470 973 3589 1026 ἐστι
3616 973 3800 1043 Λόγος-

2231 1064 2306 1118 υύ
2355 1063 2463 1137 γὰρ
2501 1066 2639 1137 ὅπερ
2680 1066 2828 1119 δοκεῖ
2858 1068 2973 1132 τοῖς
3020 1066 3260 1132 πολλοῖς,
3281 1066 3439 1120 τοῦτο
3460 1068 3559 1139 τῆς
3588 1069 3814 1138 Γραφῆς

2228 1155 2380 1208 ἐστιν
2409 1158 2437 1209 ὁ
2466 1155 2612 1221 νοῦς,
2642 1157 2760 1212 ἀλλ’
2796 1158 2985 1230 ἕτερον
3028 1160 3181 1232 παρὰ
3212 1160 3273 1214 τὸ
3316 1160 3531 1216 δοκοῦν.
3595 1162 3651 1216 '0
3703 1162 3812 1230 γάρ

2228 1247 2423 1314 Λόγος,
2466 1247 2533 1301 δι’
2569 1250 2802 1306 ἑκάστου
2846 1250 2956 1306 τῶν
2987 1252 3499 1325 ἀναγεγραμμένων
3548 1255 3813 1326 ῥημάτων

2230 1336 2444 1406 γίνεται
2485 1339 2643 1410 σάρξ.

544 1436 623 1491 ita
670 1437 914 1492 videtur.
949 1438 1086 1529 Nam
1134 1439 1378 1494 Verbum
1413 1437 1631 1509 (Λόγος,
1675 1452 1773 1492 seu
1815 1434 2031 1505 Sermo)
2070 1448 2123 1503 pi

2225 1432 2454 1504 singulas
2501 1451 2625 1505 qum.
2696 1436 2920 1508 scripta:
2952 1449 3084 1494 sunt
3129 1456 3295 1497 voces
3342 1440 3649 1513 (ῥημάτων)
3678 1457 3813 1498 caro

542 1526 802 1582 cilicilur.

613 1618 702 1672 61.
740 1617 926 1673 Prima
985 1633 1273 1673 nominum
1328 1618 1398 1673 ad
1454 1618 1717 1689 pietatem
1761 1617 2078 1674 rudimenta
2110 1653 2125 1679 ,

541 1710 699 1781 quasi
724 1710 791 1765 ad
828 1725 1054 1766 carnem
1083 1710 1203 1767 ﬁeri
1236 1720 1669 1766 consueverunt.
1705 1709 1915 1765 Littera
1953 1707 2125 1774 enim,

2306 1615 2407 1682 ξα’.
2470 1618 2534 1671 Ἦ
2582 1617 2810 1689 ἀπαρχὴ
2852 1619 2953 1690 τῆς
3005 1620 3146 1693 πρὸς
3183 1621 3478 1676 εὐσέϐειαν·
3509 1623 3813 1695 μαθητείας

2230 1703 2341 1758 τῶν
2393 1704 2718 1776 ἀνθρώπων,
2773 1705 2850 1771 ὡς
2897 1706 3036 1778 πρὸς
3091 1708 3273 1781 σάρκα
3302 1708 3548 1778 γίνεσθαι
3578 1711 3810 1778 πέφυκε.

542 1815 655 1855 non
687 1799 885 1870 Spiritu
933 1801 1386 1867 consuescimus;
1422 1815 1550 1855 cum
1584 1800 1825 1871 primum
1855 1799 1924 1854 ad
1951 1798 2123 1869 pieta-

2229 1794 2526 1866 Γράμματι
2559 1794 2690 1866 γὰρ,
2730 1795 2850 1850 ἀλλ’
2878 1796 2939 1849 οὐ
2974 1796 3249 1869 πνεύματι
3276 1800 3418 1853 κατὰ
3449 1800 3550 1871 τὴν
3588 1800 3811 1873 πρώτην

543 1900 653 1946 tem
681 1891 927 1946 animum
965 1891 1274 1961 adjicimus.
1305 1893 1575 1947 Paulatim
1607 1907 1741 1947 vero
1768 1890 1837 1946 ad
1868 1890 2127 1961 spiritum

542 1983 936 2053 provehentes,
976 1982 1472 2054 subtilioribusque
1513 1983 1682 2056 5.99
1712 1984 1890 2040 sensis
1932 1981 2130 2038 dictio-

543 2091 678 2131 num
714 2075 1024 2130 crassitiem
1058 2075 1390 2132 deradentes
1443 2092 1508 2131 ac
1540 2086 1853 2141 tenuantes,
1893 2076 1951 2131 in
1984 2089 2127 2146 puro

541 2183 679 2239 pure
707 2167 955 2236 Christo,
992 2168 1174 2238 quoad
1210 2184 1310 2239 per
1340 2168 1659 2224 facultatem
1708 2166 2029 2223 hominibus
2054 2166 2126 2221 li-

542 2268 651 2324 cet,
683 2260 1019 2326 invenimur;
1054 2259 1129 2314 ita
1176 2268 1239 2313 ut
1274 2260 1432 2331 juxta
1484 2275 1743 2330 magnum
1793 2258 2123 2329 Apostolum

542 2350 820 2418 possimus
849 2349 1039 2409 dicere
1070 2369 1083 2404 :
1115 2350 1234 2405 Etsi
1255 2353 1590 2422 cognovimus
1621 2349 1889 2407 Christum
1934 2366 2125 2404 secun-

538 2440 665 2495 dum
692 2457 907 2494 carnem
928 2481 942 2504 ,
981 2440 1073 2494 sed
1099 2457 1237 2494 nunc
1279 2456 1383 2494 non
1426 2442 1664 2495 novimus
1687 2440 1766 2506 ";
1810 2454 1880 2495 eo
1910 2438 2126 2494 scilicet

540 2532 686 2599 quod
743 2532 983 2603 simplici
1031 2531 1237 2587 mentis
1271 2531 1720 2587 consideratione
1754 2531 1996 2587 Verbum
2035 2530 2125 2585 in-

537 2618 870 2690 telligamus,
920 2620 1131 2690 absque
1164 2620 1274 2675 illis
1321 2620 1622 2675 involucris
1664 2619 1868 2690 quibus
1897 2619 2121 2690 tegitur;

537 2727 735 2782 nempe
767 2712 1121 2783 proﬁcientes
1151 2712 1221 2766 ab
1239 2726 1308 2766 eo
1332 2711 1481 2782 quod
1507 2719 1594 2767 est
1627 2712 1868 2766 Verbum
1894 2726 2123 2767 carnem

535 2819 890 2875 cognoscere,
922 2805 991 2860 ad
1034 2806 1156 2877 ejus
1183 2803 1416 2876 gloriam
1457 2802 1614 2874 quasi
1649 2802 1932 2875 Unigeniti
1959 2820 1989 2858 a
2015 2803 2123 2861 Pa-

537 2905 622 2952 tre
659 2898 726 2952 “'.

604 2990 696 3045 6‘2.
726 2988 831 3056 Qui
862 2988 1033 3044 vitam
1062 3005 1186 3060 quas
1241 2997 1329 3046 est
1378 2989 1435 3043 in
1476 2987 1706 3044 Christo
1764 2985 2041 3051 instituit,
2075 2986 2125 3041 is

535 3092 655 3139 tum
682 3081 898 3152 legalis,
930 3091 1048 3137 tum
1081 3081 1352 3137 naturalis
1379 3080 1606 3151 iustitia:
1639 3087 1815 3134 metas
1846 3077 2118 3144 excessit;

2230 1886 2312 1950 είς
2342 1886 2656 1941 θεοσέϐειαν
2688 1888 3000 1960 προσϐολὴν
3026 1889 3349 1962 ὁμιλοῦμεν.
3373 1892 3533 1948 Κατὰ
3564 1893 3730 1964 μέρος
3753 1893 3811 1949 δὲ

2229 1976 2653 2048 προσϐαίνοντες
2673 1977 2754 2049 τῷ
2777 1979 3073 2051 πνεύματι,
3113 1981 3206 2036 καὶ
3230 1982 3291 2036 τὸ
3321 1984 3468 2056 παχὺ
3502 1985 3616 2038 τῶν
3640 1985 3810 2056 ῥημά-

2225 2086 2335 2124 των
2372 2071 2487 2133 τοῖς
2538 2069 2891 2142 λεπτοτέροις
2939 2074 3295 2145 θεωρήμασιν
3342 2076 3692 2143 ἀποξέοντες,
3752 2079 3810 2132 ὲν

2227 2161 2455 2233 καθαρῷ
2485 2162 2744 2234 καθαρῶς
2769 2164 2849 2233 τῷ
2879 2164 3103 2236 Χριστῷ
3133 2167 3402 2238 γινόμεθα
3446 2169 3590 2223 κατά
3619 2169 3681 2223 τὸ
3718 2171 3811 2224 δυ-

2225 2253 2386 2307 νατὸν
2412 2252 2725 2324 ἀνθρώποις
2751 2269 2766 2282 ’
2794 2255 2874 2319 είς
2902 2255 2964 2308 τὸ
3006 2255 3268 2311 δύνασθαι
3305 2258 3487 2327 λέγειν
3532 2260 3675 2314 κατὰ
3717 2261 3809 2315 τὸν

2239 2344 2559 2399 ’Δπόστολον
2590 2362 2606 2377 ⁴
2637 2347 2708 2401 El
2755 2347 2854 2401 καί
2890 2347 3235 2418 ἐγνώκαμεν
3265 2351 3414 2404 κατὰ
3441 2350 3643 2420 σάρκα
3673 2353 3806 2422 Χρι-

2225 2434 2397 2499 στὸν,
2457 2435 2621 2492 ἀλλὰ
2676 2436 2795 2492 νῦν
2844 2437 3046 2494 οὐκέτι
3101 2439 3477 2509 γινώσκομεν
3499 2457 3513 2470 ο
3568 2442 3659 2495 διὰ
3708 2443 3807 2512 τὴν

2226 2527 2408 2598 ἁπλῆν
2433 2528 2677 2600 δηλονότι
2709 2528 2847 2600 πρὸς
2878 2529 2969 2585 τὸν
2990 2530 3164 2600 Λόγον
3199 2531 3374 2604 χωρὶς
3403 2530 3515 2587 τῶν
3546 2534 3631 2588 ἐπ’
3658 2534 3807 2605 αὐτῷ

2224 2622 2603 2693 καλυμμάτων
2634 2621 2887 2686 τοῦ·νοὸς
2944 2624 3251 2695 προσϐολήν
3287 2641 3302 2658 ο
3343 2624 3453 2678 ἀπὸ
3496 2625 3586 2678 τοῦ
3626 2626 3803 2694 σάρκα

2223 2713 2314 2767 τὸν
2344 2712 2516 2782 Λόγον
2537 2712 2852 2782 γινώσκειν,
2888 2715 2970 2775 είς
3004 2715 3122 2786 τὴν,
3154 2715 3233 2779 ὡς
3265 2716 3599 2788 Μονογενοῦς
3645 2717 3797 2787 παρὰ

2225 2804 2438 2874 Πατρὸς
2467 2805 2636 2859 αὑτοῦ
2670 2805 2830 2872 δόξαν
2853 2807 3248 2879 προκόψαντες.

2295 2976 2395 3050 ξβν.
2438 2979 2496 3035 '0
2523 2978 2624 3052 τὴν
2664 2980 2725 3035 ὲν
2778 2981 2998 3054 Χριστῷ
3046 2983 3219 3055 ζήσας
3267 2984 3434 3056 ζωὴν,
3462 2988 3563 3057 τήν
3603 3004 3663 3040 τε
3708 2986 3805 3042 τοῦ

2223 3069 2389 3139 νόμου
2416 3071 2513 3126 καὶ
2544 3071 2643 3143 τῆς
2674 3071 2892 3141 φύσεως
2924 3072 3172 3145 ὑπερέϐη
3201 3074 3554 3148 δικαιοσύνην
3580 3094 3594 3107 ·
3624 3079 3807 3149 ὅπερό

532 3175 680 3246 quod
714 3175 937 3231 divinus
987 3174 1281 3243 Apostolus
1316 3173 1471 3228 hisce
1518 3171 1708 3227 verbis
1752 3169 2118 3241 signiﬁcavit:

2229 3167 2373 3229 θεῖος
2418 3166 2851 3253 ἐνδεικνύμενος.
2873 3169 3195 3236 ’Δπόστολός
3251 3190 3417 3242 φησιν
3447 3188 3462 3202 ·
3532 3175 3634 3228 Ἐν
3698 3175 3807 3245 γὰρ

532 3264 597 3319 In
628 3264 836 3322 Christo
864 3264 989 3319 Jesu
1029 3281 1197 3335 neque
1229 3264 1558 3318 circumcisio
1584 3270 1682 3327 est,
1717 3278 1884 3332 neque
1912 3275 2124 3331 praepu-

533 3357 666 3410 tium
688 3357 760 3423 ";
812 3356 1262 3411 circumcisionis
1320 3355 1545 3426 quidem
1592 3354 1841 3417 nomine,
1889 3353 2121 3424 legalem

529 3448 804 3519 justitiam
848 3447 1168 3514 declarans;
1204 3447 1463 3518 praeputii
1494 3461 1648 3513 vero,
1688 3444 2123 3517 aequabilitatem

533 3550 749 3594 naturae
783 3539 1208 3594 convenientem
1240 3539 1624 3594 subindicans.

604 3631 691 3686 65.
722 3630 828 3685 Alii
870 3647 937 3687 ex
972 3646 1115 3701 aqua
1163 3638 1219 3687 et
1258 3631 1460 3702 spiritu
1508 3639 1901 3696 renascuntur;
1940 3629 2034 3685 alii
2064 3630 2123 3684 in

534 3718 749 3791 Spiritu
780 3733 972 3779 sancto
988 3730 1044 3777 et
1066 3722 1192 3794 igne
1225 3721 1501 3792 baptisma
1526 3720 1918 3792 suscipiunt".
1949 3721 2124 3776 Porro

531 3821 772 3884 quatuor
803 3814 941 3882 haec,
974 3830 1174 3887 aquam
1207 3814 1423 3871 scilicet
1450 3823 1508 3870 et
1550 3814 1807 3885 spiritum
1837 3823 1895 3870 et
1936 3814 2135 3886 ignem.

531 3913 588 3959 et
615 3902 884 3975 Spiritum
924 3914 1199 3972 sanctum,
1238 3921 1413 3961 unum
1444 3904 1814 3976 eumdemque
1848 3903 2116 3976 Spiritum

531 3993 629 4049 Dei
658 3993 929 4067 intelligo.
977 3995 1117 4052 Aliis
1164 4012 1405 4068 namque
1435 3994 1675 4069 Spiritus
1703 4003 1930 4052 sanctus
1973 4010 2115 4066 aqua

530 4096 635 4151 est,
667 4087 817 4143 velut
846 4087 939 4159 qui
989 4090 1238 4145 exterius
1287 4089 1481 4145 sordes
1526 4089 1783 4159 corporis
1833 4088 2121 4160 detergere

529 4176 766 4243 habeat;
804 4178 930 4234 aliis
964 4194 1098 4233 vero
1127 4179 1477 4234 solummodo
1509 4178 1762 4249 Spiritus,
1790 4184 1853 4231 ut
1886 4177 1981 4247 qui
2008 4177 2123 4232 vir-

531 4266 666 4322 tutis
705 4267 850 4323 bona
880 4269 934 4323 vi
969 4285 1067 4324 sua
1097 4269 1335 4339 emciat;
1365 4270 1491 4326 aliis
1526 4278 1710 4324 autem
1750 4269 1916 4342 ignis,
1943 4276 2007 4323 ut
2026 4268 2120 4339 qui

528 4359 681 4414 intus
710 4359 830 4430 ipso
863 4361 1035 4415 animi
1068 4361 1195 4417 sinu
1227 4362 1504 4418 haerentes
1545 4362 1742 4418 sordes
1777 4360 2121 4417 emundandi

527 4450 583 4505 vi
615 4452 822 4520 polleat
862 4471 873 4505 :
902 4453 971 4508 iis
1002 4453 1244 4526 denique
1272 4455 1368 4526 qui
1392 4470 1651 4527 magnum
1686 4455 1972 4510 Danielcm
1997 4469 2121 4509 mo-

529 4539 689 4595 ribus
733 4540 998 4609 referant,
1033 4543 1275 4614 Spiritus
1303 4552 1545 4610 sanctus,
1573 4553 1634 4599 ut
1665 4543 1762 4613 qui
1792 4542 2119 4614 sapientiam

530 4645 595 4686 ac
630 4632 919 4688 scientiam
950 4634 1354 4691 subministret.
1395 4637 1477 4691 Ex
1515 4636 1733 4692 diversa
1768 4636 1919 4691 enim
1974 4634 2119 4690 circa

530 4723 840 4795 subjectum
882 4727 1205 4797 operatione
1239 4768 1253 4793 ,
1312 4728 1450 4783 alias
1480 4728 1730 4800 aliasque
1761 4743 1906 4783 unus
1954 4736 2120 4798 atque

529 4816 680 4872 idem
714 4817 955 4888 Spiritus
976 4820 1208 4876 sortitur
1236 4820 1653 4892 appellatiOnes.

596 4912 686 4969 64.
722 4914 800 4969 Ea
830 4914 919 4970 lex
968 4915 1183 4970 ratione
1215 4913 1524 4969 Sabbatum
1565 4911 1862 4975 concessit,
1897 4909 1983 4973 Ut,
2028 4908 2117 4964 in-

526 5005 669 5079 quit,
696 5007 987 5078 requiescat
1025 4995 1334 5078 jumentum
1384 5017 1535 5061 tuum
1588 5014 1637 5059 et
1675 5019 1853 5059 servus
1898 5011 2018 5056 tuus
2043 5000 2111 5054 ¹¹.

527 5093 704 5151 Porro
727 5098 891 5155 ambo
918 5097 1038 5154 haec
1057 5098 1357 5154 verborum
1386 5096 1621 5168 quadam
1651 5094 1881 5166 ambage
1909 5095 2114 5150 obscu-

525 5185 689 5257 rique
741 5187 1016 5242 sermonis
1071 5186 1461 5259 perplexitate.
1520 5201 1723 5257 corpus
1778 5182 2114 5256 signiﬁcant.

464 5296 467 5297 '
527 5274 743 5347 Corpus
782 5277 932 5331 enim
971 5277 1283 5350 iumentum
1316 5287 1403 5334 est
1453 5277 1623 5332 animi
1664 5275 1903 5332 colentis
1938 5274 2116 5331 actio—

531 5383 679 5434 nem,
709 5369 857 5439 quod
883 5370 1147 5424 nimirum
1175 5379 1435 5439 tanquam
1458 5383 1623 5432 onus,
1640 5368 1912 5423 virtutum
1934 5364 2117 5420 modis

530 5474 629 5525 per
656 5460 955 5524 actionem,
982 5460 1037 5515 vi
1066 5468 1287 5532 portare
1319 5468 1569 5533 cogatur.
1595 5460 1729 5532 Ejus
1758 5474 1893 5513 vero
1920 5471 2116 5513 servus

533 5549 629 5618 qui
655 5550 842 5607 studet
893 5552 1390 5625 contemplationi,
1437 5551 1592 5607 velut
1619 5550 1733 5623 jam
1762 5547 2112 5621 spiritalibus

2222 3257 2456 3324 Χριστῷ
2492 3259 2710 3327 Ἰησοῦ,
2736 3261 2875 3316 οὔτε
2907 3264 3193 3333 περιτομή
3219 3264 3391 3320 ἐστιν
3412 3306 3426 3328 ,
3452 3267 3591 3321 οὔτε
3626 3268 3805 3337 είκρο⁸

2224 3350 2459 3405 ϐυστία.
2490 3351 2591 3405 Διὰ
2624 3352 2725 3423 μὲν
2745 3353 2846 3422 τῆς
2872 3358 3197 3427 περιτομῆς,
3215 3356 3314 3426 τὴν
3343 3358 3576 3430 νομικὴν
3596 3359 3806 3411 δικαιο-

2224 3441 2394 3514 σύνην
2428 3442 2677 3515 δηλώσας
2702 3462 2717 3476 ·
2759 3445 2850 3500 διὰ
2899 3445 2957 3499 δὲ
2999 3447 3099 3518 τῆς
3128 3448 3533 3518 ἀκροϐυστίας,
3562 3451 3662 3520 τὴν
3700 3470 3805 3522 φυο

2224 3535 2385 3604 σικὴν
2416 3536 2693 3604 ἰσονομίαν
2718 3537 3084 3606 αἰνιξάμενος.

2295 3622 2397 3694 ξγ¹.
2433 3626 2498 3680 Oi
2520 3626 2648 3711 μὲν,
2681 3628 2751 3681 δι’
2785 3626 2980 3692 ὓδατος
3006 3629 3410 3698 ἀναγεννῶνται
3434 3634 3530 3686 καὶ
3555 3632 3805 3704 πνεύμασ

2222 3731 2315 3775 τος
2338 3732 2353 3747 ·
2388 3717 2440 3769 οί
2467 3716 2548 3780 δὲ,
2588 3718 2646 3770 ὲν
2688 3717 2963 3789 πνεύματι
3008 3720 3154 3791 ἁγίῳ
3189 3722 3284 3775 καὶ
3337 3724 3472 3793 πυρὶ
3501 3724 3563 3777 τὸ
3609 3725 3803 3793 βάπτι-

2225 3824 2340 3875 σμα
2369 3808 2642 3879 δέχονται.
2683 3809 2765 3864 Τὰ
2810 3811 3055 3884 τέσσαρα
3103 3813 3164 3867 δὲ
3211 3812 3407 3878 ταῦτα,
3443 3815 3504 3870 τὸ
3554 3815 3698 3887 ὕδωρ
3741 3816 3805 3873 τι

2225 3918 2392 3972 φημι,
2417 3900 2515 3956 καὶ
2552 3902 2614 3955 τὸ
2657 3901 2895 3974 πνεῦμα,
2930 3906 3028 3958 καὶ
3075 3905 3137 3959 τὺ
3179 3905 3315 3977 πῦρ,
3356 3906 3451 3961 καὶ
3483 3907 3544 3962 τὸ
3588 3910 3807 3978 πνεῦμα

2224 3989 2400 4060 ἅγιον,
2430 3991 2494 4046 τὸ
2519 3991 2578 4045 ἓν
2601 3992 2695 4046 καὶ
2726 3992 2789 4046 τδ
2813 3993 2946 4047 αὐτὸ
2969 3994 3194 4065 Πνεῦμα
3232 3995 3340 4050 νοῶ
3366 3996 3462 4052 τοῦ
3485 3997 3644 4054 Θεοῦ.
3680 4003 3803 4068 Τοῖς

2226 4082 2326 4153 μὲν
2347 4082 2457 4154 γὰρ
2489 4082 2635 4153 ὕδωρ
2679 4083 2798 4137 ἐστὶ
2824 4084 2885 4137 τὸ
2922 4084 3150 4155 Πνεῦμα
3181 4085 3243 4140 τὸ
3291 4088 3467 4155 ἆγιον,
3502 4087 3578 4151 ὡς
3609 4090 3804 4160 ῥυπτι-

2224 4174 2320 4229 κὸν
2360 4174 2470 4228 τῶν
2521 4175 2678 4238 ἐκτὸς
2729 4175 2859 4246 περὶ
2901 4176 2963 4230 τὸ
3018 4176 3181 4247 σῶμα
3222 4178 3518 4249 μολυσμῶν
3548 4195 3564 4209 ·
3590 4182 3701 4244 τοῖς
3747 4180 3805 4233 δι

2226 4267 2442 4338 πνεῦμα
2464 4266 2646 4337 μόνον,
2684 4268 2761 4332 ὡς
2788 4269 3139 4340 ἐνεργητικὸν
3158 4270 3269 4324 τῶν
3297 4273 3419 4325 κατ’
3442 4272 3649 4343 ἀρετὴν
3674 4275 3802 4342 ἁγα-

2220 4356 2354 4411 θῶν·
2386 4360 2499 4422 τοῖς
2525 4358 2580 4411 δὲ
2612 4357 2745 4430 πῦρ,
2776 4359 2853 4423 ὡς
2886 4360 3222 4433 καθαρτικὸν
3247 4362 3357 4416 τῶν
3389 4363 3541 4424 ἐντὸς
3571 4363 3713 4418 κατὰ
3740 4364 3799 4417 τὸ

2226 4449 2389 4520 βάθος
2411 4450 2541 4522 περὶ
2568 4449 2749 4522 ψυχὴν
2780 4451 3015 4523 κηλίδων
3046 4468 3062 4486 ·
3090 4455 3203 4517 τοῖς
3226 4453 3297 4515 δὲ,
3319 4453 3461 4508 κατὰ
3496 4455 3588 4510 τὸν
3625 4456 3798 4525 μέγαν

2223 4541 2441 4615 Δανιὴλ,
2480 4542 2698 4615 πνεῦμα
2727 4545 2902 4613 ἅγιον,
2924 4544 3002 4609 ὡς
3038 4545 3232 4613 σοφίας
3268 4546 3364 4599 καὶ
3391 4545 3649 4615 γνώσεως
3671 4564 3796 4618 χορ-

2223 4632 2379 4703 ηγόν.
2428 4633 2525 4686 Ἕκ
2563 4632 2674 4704 γὰρ
2694 4628 2795 4704 τῆς
2824 4633 3081 4705 διαφόρου
3129 4634 3261 4705 περὶ
3307 4634 3370 4688 τὸ
3428 4636 3790 4707 ὑποκείμενον

2224 4722 2528 4794 ἐνεργείας,
2548 4722 2840 4793 διαφόρους
2869 4722 3140 4794 λαμϐάνει
3167 4722 3229 4776 τὸ
3252 4722 3310 4776 ἓν
3336 4723 3431 4777 καὶ¹
3464 4723 3600 4778 αὐτὸ
3629 4723 3799 4779 [1νεῦ-

2227 4833 2303 4888 μα
2335 4816 2432 4881 τὰς
2454 4816 2845 4887 προσηγορίας.

2296 4905 2389 4973 ξδ’.
2431 4906 2490 4960 '0
2516 4906 2680 4977 νόμος
2720 4906 2782 4959 τδ
2815 4905 3096 4961 Σάϐϐατον
3140 4906 3393 4970 δέδωκεν,
3421 4908 3577 4971 Ἵνα,
3613 4906 3799 4978 φησὶν,

2217 5000 2642 5068 ἁναπαύσηται
2670 4999 2736 5053 τὸ
2766 4997 3085 5069 ὐποζύγιόν
3130 5015 3249 5055 σου
3276 5000 3376 5055 καί
3416 5002 3449 5054 ὁ
3480 4998 3622 5066 παῖς
3657 5014 3795 5053 σου.

2230 5089 2540 5160 Ἀμφότερα
2563 5088 2621 5142 δὲ
2649 5087 2823 5142 ταῦτα
2845 5089 2915 5142 δι’
2946 5090 3290 5159 αἰνιγμάτων
3311 5091 3375 5144 τὸ
3407 5090 3568 5161 σῶμα
3610 5088 3793 5157 δηλοῦ-

2220 5197 2293 5235 σι.
2328 5179 2434 5233 Τοῦ
2453 5179 2562 5251 γὰρ
2587 5180 2893 5251 πρακτικοῦ
2912 5180 3032 5245 νοὸς
3062 5176 3359 5249 amcam
3384 5182 3497 5235 ἐστι
3522 5180 3588 5233 τὸ
3614 5179 3798 5249 σῶμα,

2220 5270 2543 5343 ἀχθοφορείν
2611 5269 2703 5341 βίᾳ
2771 5270 2882 5334 τοῖς
2943 5270 3168 5343 τρόποις
3208 5272 3317 5326 τῶν
3393 5269 3605 5342 ἀρετῶν
3658 5268 3801 5323 κατὰ

2221 5351 2322 5433 τὴν
2415 5360 2609 5432 πρᾶξιν
2650 5361 3140 5432 πάναγκαζόμενον.
3216 5361 3325 5416 Τοῦ
3390 5361 3466 5415 ’δὲ
3534 5360 3802 5430 θεωρητι-

2224 5453 2321 5508 κοῦ
2376 5456 2524 5518 παῖς,
2559 5452 2635 5517 ὡς
2700 5454 2800 5525 ήδη
2856 5452 3106 5522 λογισθὲν
3162 5453 3509 5526 θεωρήμασι,
3568 5450 3663 5503 καὶ
3710 5450 3804 5503 λο-

2222 5544 2395 5616 γικῶς
2421 5547 2542 5608 ταῖς
2572 5547 2903 5613 γνωπικαίς
2929 5546 3218 5615 ἐπιταγαῖς
3264 5545 3359 5600 τοῦ
3413 5543 3535 5608 νοὸς
3595 5544 3802 5613 ὑπηρε-

544 5745 655 5847 ηξτ
693 5745 739 5801 Il
768 5746 895 5804 Cor.
925 5767 977 5818 v,
1032 5751 1117 5806 l6.
1197 5751 1237 5785 ¹⁰
1264 5751 1421 5808 Joan.
1462 5768 1501 5818 ι,
1543 5751 1629 5806 li.
1709 5752 1751 5784 ¹⁹
1827 5749 2004 5805 Galat.
2046 5765 2117 5817 vr,

2225 5748 2259 5804 ἲ.
2356 5750 2401 5783 ³⁸
2436 5749 2628 5805 Matth.
2663 5764 2742 5816 ιιι,
2794 5751 2891 5818 ll;
2930 5749 3087 5807 Joan.
3124 5766 3204 5817 Ill,
3233 5750 3287 5807 5.
3364 5752 3405 5783 ²¹
3434 5749 3608 5806 Exod.
3642 5764 3797 5817 xm).
