4122 6320
496 334 691 422 ”ιι55

1727 355 1788 416 S.
1830 355 2117 416 ΜΑΧΙΜΙ
2153 355 2661 417 CONFESSORIS

3658 355 3798 425 1156

545 480 775 524 manans
798 466 1280 538 contemplationis
1320 467 1544 525 habitus
1568 476 1772 539 praesto
1799 476 1905 535 est,
1931 478 1993 523 ut
2021 469 2114 540 qui

2222 468 2319 540 θὴν
2337 470 2429 523 καὶ
2461 471 2729 540 σωτήριον
2759 468 3073 541 ποταμηδὸν
3119 468 3414 542 προχέουσι
3446 469 3802 527 διδασκαλίαν

545 560 829 628 sapientiae
854 558 1117 628 praebitor
1138 558 1228 614 sit.
1260 559 1376 614 Illis
1399 559 1639 629 denique
1666 558 1870 613 ﬂuvius
1892 565 1996 625 est,
2021 557 2118 628 qui

546 648 692 719 piam
717 658 773 703 et
806 654 1010 701 rectam
1052 664 1128 703 .ae
1172 651 1471 705 salutarem
1510 648 1826 705 doctrinam
1874 648 2120 703 ﬂuminis

545 739 717 795 instar
737 740 959 793 uberem
983 739 1347 808 profundunt,
1372 742 1521 796 velut
1549 742 1643 811 qui
1672 741 1927 796 homines
1952 748 2118 810 atque

539 829 786 901 iumenta
818 829 1133 899 bestiasque
1156 840 1213 887 et
1258 832 1486 887 arbores
1524 832 1840 902 stirpesque
1875 832 2117 886 ubertim

543 918 815 986 inebriet;
845 936 957 990 quo
987 922 1199 976 scilicet
1218 931 1333 975 tum
1362 922 1613 978 homines
1633 921 1837 976 deitate
1861 920 2119 976 imbuan-

537 1020 657 1087 vtur,
687 1025 880 1066 eorum
908 1026 1028 1080 qua:
1053 1011 1313 1066 dicuntur
1343 1011 1674 1066 sublimibus
1703 1010 1882 1065 sensis
1904 1009 2116 1073 evecti,

547 1110 664 1155 tum
692 1101 787 1170 qui
810 1101 1067 1155 vitiorum
1098 1102 1220 1157 labe
1239 1101 1634 1167 aclibidinum,
1658 1102 1715 1155 in
1742 1102 2119 1172 jumentorum

544 1194 747 1247 sortem
777 1192 1159 1259 desciverunt,
1214 1194 1435 1248 virtutis
1468 1192 1660 1260 modos
1712 1191 1961 1246 saniores
1991 1189 2126 1245 dili-

542 1291 734 1353 genter
760 1286 1069 1355 praestando
1090 1286 1344 1340 homines
1375 1285 1577 1349 effecti,
1603 1284 1870 1338 naturalis
1894 1282 2004 1336 vim
2025 1298 2115 1337 ra-

546 1373 713 1427 tionis
752 1375 1023 1445 recipiant
1052 1392 1065 1428 :
1101 1377 1250 1445 iique
1283 1376 1375 1445 qui
1426 1376 1610 1445 pravis
1642 1374 1928 1428 habilibus
1956 1372 2111 1442 50],

544 1467 813 1536 malisque
846 1469 1110 1538 operibus
1160 1468 1458 1523 bestiarum
1489 1466 1730 1520 indolem
1780 1464 2114 1528 hauserunt,

544 1555 658 1611 leni
690 1558 951 1628 mollique
989 1559 1364 1613 admonitione
1391 1557 1603 1611 deliniti
1647 1571 1711 1610 ac
1735 1554 1996 1618 cicurati,
2050 1553 2119 1608 ad

544 1648 785 1701 nativam
823 1650 1302 1703 mansuetudinem
1331 1646 1561 1702 redeant
1595 1664 1606 1699 :
1633 1662 1697 1700 ac
1730 1645 1991 1714 denique,
2024 1645 2119 1715 qui

2206 561 2297 637 κὼς
2324 560 2667 632 ἀνθρώπους,
2692 562 2788 615 καὶ
2806 563 2977 633 κτήνη
3011 562 3106 616 καὶ
3134 562 3304 633 θηρία
3334 563 3429 616 καὶ
3461 563 3606 632 φυτά
3642 563 3802 634 δαψι-

2224 650 2334 714 λῶς
2356 651 2591 717 ποτίζων
2623 667 2638 683 ·
2675 653 2762 707 ἵνα
2795 653 2890 707 καὶ
2932 653 3211 724 ἄνθρωποι
3251 652 3515 717 θεωθῶσι,
3542 656 3653 718 τοῖς
3687 655 3799 710 τῶν

2222 740 2531 813 λεγομένων
2556 743 2863 813 ὑψωθέντες
2892 744 3129 815 νοήμασι
3154 761 3169 775 ⁸
3206 747 3301 800 καὶ
3343 747 3394 799 οἰ
3429 746 3798 817 κτηνωθέντες

2220 836 2332 897 τοῖς
2352 834 2572 900 πάθεσι,
2588 835 2677 889 διὰ
2692 837 2790 906 τῆς
2811 836 2880 889 ἀκ
2888 836 3074 908 ριὸοῦς
3090 837 3200 892 τῶν
3217 838 3336 892 κατ’
3361 838 3561 909 ἀρετὴν
3576 839 3800 908 τρόπων

2222 922 2550 990 ἀποδείξεως
2580 924 3067 996 ἀνθρωπισθὼτες,
3099 928 3201 998 τὴν
3247 927 3484 1000 φυσικὴν
3524 929 3800 981 ἐπαναλά-

2223 1010 2360 1066 6ωσι
2388 1013 2674 1086 λογιότητα
2699 1031 2713 1046 '
2755 1017 2852 1070 καὶ
2879 1018 2927 1069 οἰ
2967 1017 3331 1089 θηριωθέντες
3358 1022 3481 1083 ταῖς
3530 1021 3798 1088 πονηραῖς

2221 1102 2367 1168 ἕξεσι
2396 1105 2492 1158 καὶ
2533 1108 2957 1175 κακοπραγίαις,
2985 1109 3073 1163 διὰ
3118 1110 3217 1180 τῆς
3258 1111 3562 1181 προσηνοῦς
3596 1127 3656 1163 τε
3696 1110 3796 1162 καὶ

2223 1194 2461 1264 εὐαφοῦς
2493 1199 2869 1269 παραινέσεως
2897 1198 3365 1265 τιθασσευθέντες,
3398 1202 3536 1271 πρὸς
3566 1200 3664 1271 τὴν
3692 1201 3795 1269 τῆς

2222 1286 2438 1355 φύσεως
2463 1288 2828 1363 ἐπανέλθωσιν
2861 1291 3172 1362 ἡμερότητα
3207 1308 3222 1322 '
3256 1294 3348 1345 καὶ
3394 1293 3445 1352 οἰ
3498 1291 3681 1361 φυτῶν
3712 1292 3793 1344 δί⁸

2219 1394 2324 1447 κην
2352 1378 2805 1449 ἀναισθητοῦντες
2829 1382 2939 1435 τῶν
2966 1383 3208 1452 ἀγαθῶν,
3244 1385 3332 1439 διὰ
3363 1384 3460 1453 τῆς
3503 1385 3584 1447 εἰς
3629 1384 3793 1453 βάθος

2218 1470 2313 1523 τοῦ
2329 1470 2490 1540 λόγου
2504 1472 2806 1537 διαὸἀσεως
2828 1475 3248 1541 ἁπαλυνθέντες,
3274 1478 3509 1531 λάϐωσιν
3538 1478 3792 1548 αἴσθησιν

2220 1561 2357 1631 πρὸς
2387 1562 2778 1633 καρπογονίαν,
2824 1566 2915 1619 καὶ
2937 1566 3167 1638 δύναμιν
3226 1567 3325 1639 τὴν
3357 1569 3552 1632 αὐτοὺς
3575 1568 3791 1638 διατρέ-
3878 1610 3889 1619 .

2224 1666 2450 1717 φουσαν,
2478 1650 2572 1703 τοῦ
2611 1652 2769 1721 λόγου
2800 1653 3083 1725 ποιότητα.

543 1736 695 1789 velut
742 1737 979 1805 stirpes,
1030 1736 1299 1790 bonorum
1365 1749 1587 1789 sensum
1649 1733 1971 1798 amiserunt,
2032 1732 2313 1791 Sermonis
2358 1739 2417 1792 in
2474 1740 2813 1809 profundum
2869 1744 3069 1813 illapsu
3132 1745 3386 1810 emolliti,
3440 1761 3661 1801 sensum
3717 1747 3788 1801 ad

542 1824 823 1879 fructuum
876 1825 1206 1895 frugumque
1265 1823 1666 1894 parturigines,
1722 1823 1944 1893 vimque
1996 1825 2334 1893 enutriendi,
2394 1829 2789 1901 pinguedinem
2840 1836 3117 1890 sermonis
3157 1836 3278 1906 (seu
3321 1835 3606 1907 doctrinm)
3645 1838 3789 1893 acci-

542 1919 721 1989 piant.

613 2014 699 2067 t’8.
735 2013 964 2067 Divinus
993 2011 1183 2066 Sermo
1212 2011 1302 2066 via
1333 2021 1419 2066 est
1463 2007 1509 2039 ”
1535 2011 1642 2075 his,
1683 2010 1780 2080 qui
1813 2020 1917 2066 rite
1947 2010 2114 2065 actio-

2292 2010 2391 2083 ξη’.
2433 2014 2582 2081 Ὀδός
2604 2019 2750 2073 ἐστιν
2771 2017 2800 2070 6
2831 2018 2923 2072 τοῦ
2948 2020 3081 2074 Θεοῦ
3101 2022 3293 2090 Λόγος,
3313 2025 3425 2085 τοῖς
3445 2022 3624 2087 καλῶς
3647 2027 3789 2080 κατα

543 2108 631 2161 nis
661 2106 814 2161 cultu
860 2115 1198 2174 strenueque
1231 2102 1458 2158 virtutis
1500 2102 1739 2157 stadium
1775 2102 2114 2169 decurrunt;

539 2180 750 2266 ac‘qui
791 2211 971 2265 neque
1021 2195 1089 2248 ad
1129 2194 1433 2258 dexteram,
1472 2193 1651 2247 inanis
1685 2193 1874 2264 gloriae
1906 2192 2114 2258 studio,

540 2302 718 2356 neque
748 2286 816 2340 ad
862 2286 1163 2347 sinistram,
1197 2283 1626 2353 proclivioribus
1660 2284 1717 2337 in
1741 2284 1875 2338 vitia
1902 2300 1964 2339 ac
1990 2284 2119 2340 libi-

539 2376 699 2431 dines
724 2377 926 2430 animis
950 2416 964 2440 ,
1011 2375 1327 2438 declinant;
1362 2382 1544 2428 rectos
1571 2374 1679 2428 illis
1708 2375 1963 2445 religiosa
1996 2375 2117 2445 pie-

542 2475 653 2522 tate
691 2482 911 2538 gressus
950 2474 1219 2536 praestans
1248 2480 1387 2535 quos
1431 2480 1556 2519 cum
1613 2466 1720 2519 Asa
1751 2481 1847 2519 rex
1878 2465 2019 2520 Juda
2042 2465 2114 2531 ",

540 2559 688 2613 haud
731 2558 974 2629 legitime
1012 2557 1067 2612 in
1102 2557 1262 2611 finem
1315 2570 1491 2624 usque
1532 2563 1833 2620 servasset,
1858 2562 2118 2625 vergente

541 2651 648 2721 iam
679 2657 839 2704 aetate
858 2647 1063 2702 dicitur
1085 2646 1327 2703 doluisse
1347 2643 1550 2714 pedes;
1583 2644 1738 2698 velut
1783 2643 1994 2698 scilicet
2021 2643 2120 2699 de-

541 2740 706 2793 bilior
740 2739 934 2804 factus,
964 2753 1127 2806 quam
1163 2753 1262 2806 pro
1286 2736 1639 2795 instituto.cx
1668 2735 1872 2790 divinis
1892 2734 2119 2791 rationi-

541 2829 647 2882 bus
676 2826 952 2899 (rcligiosa
984 2827 1196 2880 scilicet
1223 2821 1452 2893 pietate)
1476 2838 1666 2876 cursu.

609 2919 697 2974 69.
750 2920 845 2973 Dei
884 2916 1095 2973 Sermo
1149 2924 1352 2970 ostium
1397 2915 1710 2984 appellatur
1740 2914 1805 2979 ’⁷,
1844 2914 1997 2970 velut
2026 2914 2115 2981 iis,

540 3010 635 3079 qui
666 3024 885 3063 omnem
936 3007 1197 3077 praeclare
1242 3007 1511 3059 virtutum
1551 3005 1693 3058 viam
1724 3005 2116 3075 irreprchenso

541 3098 779 3153 actionis
832 3098 987 3151 cultu
1038 3105 1404 3165 peregerunt,
1465 3095 1678 3149 aditum
1746 3094 1998 3163 pandens
2047 3095 2116 3149 ad

541 3188 864 3253 scientiam;
894 3190 949 3241 et
980 3195 1039 3239 ut
1064 3187 1273 3249 lumen,
1317 3187 1478 3255 longe
1501 3185 1875 3240 lucidissimos
1899 3186 2117 3255 sapien-

542 3280 632 3333 tia:
657 3280 944 3333 thesauros
967 3278 1280 3330 ostendens.
1302 3277 1449 3330 Idem
1476 3278 1620 3330 enim
1650 3284 1706 3330 et
1726 3277 1812 3331 via
1833 3285 1883 3332 el
1913 3278 2114 3332 ostium

540 3380 597 3424 et
647 3369 815 3422 clavis
864 3376 919 3421 et
946 3382 1174 3436 regnum
1207 3374 1561 3435 nuncupatur
1593 3382 1605 3418 :
1640 3366 1727 3421 via
1771 3367 2015 3436 quidem,
2055 3378 2115 3422 ut

540 3461 770 3525 ductor;
811 3459 982 3514 clavis
1015 3466 1219 3523 autem,
1249 3466 1313 3511 ut
1359 3458 1453 3527 qui
1486 3459 1667 3528 dignis
1696 3458 1899 3528 quibus
1928 3459 2114 3513 divina

541 3550 891 3620 prmbeantur
919 3547 1131 3617 aperiat
1155 3554 1211 3601 et
1234 3547 1551 3616 aperiatur;
1580 3547 1782 3601 ostium
1801 3556 2007 3613 autem,
2055 3556 2115 3602 ut

541 3640 659 3708 ipsc
684 3639 973 3703 admissor;
1008 3652 1234 3707 regnum
1262 3636 1526 3705 denique,
1556 3647 1617 3690 ut
1643 3639 1738 3706 qui
1762 3637 2114 3707 possideatur

540 3739 600 3787 et
638 3732 694 3785 in
727 3729 985 3784 onmihus
1043 3728 1129 3783 sui
1181 3728 1603 3798 participatione
1654 3744 1718 3784 ac
1776 3730 2114 3785 commercio

540 3821 790 3877 exsistat.

613 3913 698 3965 70.
741 3909 1007 3963 Dominus
1035 3908 1130 3962 lux
1177 3906 1506 3977 appellatur,
1555 3913 1612 3959 et
1635 3905 1749 3960 vita
1774 3913 1831 3960 et
1861 3919 2113 3960 resurre-

540 4000 652 4056 ctio
679 4010 842 4069 atque
861 3999 1092 4054 veritas.
1119 3997 1163 4029 '°
1192 3997 1310 4051 Lux
1331 3996 1577 4066 quidem,
1611 4004 1667 4050 et
1701 4005 1761 4049 ut
1799 3996 2111 4049 animorum

542 4091 783 4155 claritas,
806 4097 864 4144 ct
887 4097 947 4143 ut
972 4089 1165 4159 fugans
1196 4088 1519 4158 ignorantiae
1542 4087 1818 4151 tenebras,
1850 4097 2015 4157 atque
2051 4098 2114 4143 ut

541 4182 609 4235 ad
647 4196 710 4235 ea
772 4196 894 4250 quae
939 4194 1136 4233 arcana
1182 4186 1344 4243 sunt,
1378 4177 1735 4247 intelligenda
1769 4177 2109 4244 illuminans,

542 4272 780 4341 solisque
801 4270 1007 4325 mundo
1040 4270 1205 4325 corde
1227 4268 1580 4339 aspectabilia
1613 4269 1873 4345 mysteria
1910 4284 2111 4339 propa-

542 4364 690 4430 lans;
726 4362 837 4417 vita
868 4370 1074 4425 autem,
1105 4367 1168 4416 ut
1192 4361 1287 4431 qui
1316 4359 1675 4430 diligentibus
1696 4359 2011 4423 Dominum,
2052 4358 2111 4413 in

543 4454 631 4509 his
652 4470 774 4524 quae
799 4453 983 4507 divina
1015 4460 1174 4518 sunt,
1210 4460 1419 4505 motum
1468 4450 1742 4519 prmbeat;
1778 4449 2111 4503 resurrectio

543 4561 696 4609 vero,
724 4546 903 4615 utqui
932 4561 964 4598 a
991 4552 1208 4598 mortua
1229 4551 1574 4597 terrenorum
1604 4540 1836 4595 libidine
1867 4547 2109 4594 mentem

2218 2099 2314 2172 τὴν
2344 2107 2675 2177 πρακτικὴν,
2701 2108 2792 2163 καὶ
2825 2109 3058 2173 εὐτόνως
3089 2110 3151 2163 τὸ
3174 2111 3272 2181 τῆς
3300 2112 3503 2182 ἀρετῆς
3530 2116 3783 2185 τρέχουσι

2221 2193 2430 2248 στάδιον
2461 2212 2476 2226 ·
2508 2199 2602 2251 καὶ
2644 2200 2781 2270 μήτε
2809 2200 2959 2271 δεξιά
2996 2200 3084 2255 διὰ
3134 2202 3459 2268 κενοδοξίας,
3494 2205 3629 2275 μήτε
3667 2207 3787 2278 ἀρι-

2219 2283 2387 2353 στερὰ
2416 2284 2504 2338 διὰ
2535 2288 2636 2357 τῆς
2670 2288 2806 2360 πρὸς
2828 2288 2897 2343 τὰ
2925 2290 3072 2362 πάθη
3103 2292 3275 2363 ῥοπῆς
3304 2293 3662 2360 ἐκκλίνουσιν,
3688 2297 3782 2351 εὐ-

2220 2372 2392 2429 θύνων
2422 2378 2565 2431 κατὰ
2585 2379 2716 2433 Θεὸν
2745 2380 2814 2434 τὰ
2844 2381 3155 2454 διαδήματα
3179 2401 3190 2415 ·
3222 2385 3359 2457 ὅπερ
3394 2387 3476 2449 εἰς
3522 2389 3674 2452 τέλος
3707 2387 3783 2462 μὴ

2218 2467 2462 2537 φυλάξας
2495 2471 2630 2526 ’Λσὰ
2672 2473 2701 2525 ὁ
2763 2472 3015 2542 βασιλεὺς
3075 2476 3266 2541 Ἰούδα,
3309 2477 3523 2547 λέγεται
3564 2481 3692 2551 περὶ
3721 2481 3782 2536 τὸ

2217 2556 2395 2630 γῆρας
2423 2559 2586 2613 αὑτοῦ
2617 2562 2991 2632 πεπονηκέναι
3021 2565 3146 2627 τοὺς
3182 2564 3349 2629 πόδας
3375 2582 3389 2596 ‘
3420 2567 3497 2631 ὡς
3528 2571 3649 2639 περὶ
3687 2571 3778 2625 τὸν

2216 2645 2415 2720 δρόμον
2443 2647 2537 2703 τοῦ
2568 2651 2711 2705 κατὰ
2739 2652 2871 2707 Θεὸν
2902 2652 3020 2723 βίου
3049 2655 3374 2729 ἀσθενήσας.

2288 2907 2386 2978 ξθ⁹.
2410 2910 2561 2981 Θύρα
2588 2911 2807 2982 λέγεται
2830 2914 2859 2967 ό
2883 2913 2976 2968 τοῦ
3011 2915 3145 2970 Θεοῦ
3171 2918 3363 2985 Λόγος,
3399 2919 3473 2983 ὡς
3503 2918 3626 2984 τοὺς
3677 2938 3781 2975 κα-

2217 3002 2323 3066 λῶς
2350 2999 2528 3056 πᾶσαν
2561 3004 2881 3074 διηνυκότας
2903 3005 3003 3077 τὴν
3024 3007 3147 3073 ὁδὸν,
3169 3008 3277 3062 τῶν
3302 3010 3513 3080 ἀρετῶν
3532 3015 3669 3065 κατὰ
3689 3012 3783 3066 τὸν

2216 3092 2505 3162 ἄμεμπτον
2540 3092 2737 3164 δρόμον
2792 3094 2890 3164 τῆς
2938 3096 3209 3164 πράξεως,
3257 3099 3392 3168 πρὸς
3440 3099 3639 3167 γνῶσιν
3673 3102 3789 3153 εἰσ-

2219 3182 2372 3252 άγων
2404 3198 2421 3215 ο
2458 3184 2553 3237 καὶ
2585 3184 2660 3248 ὡς
2689 3185 2823 3254 φῶς,
2850 3185 3064 3250 δεικνὺς
3090 3189 3215 3251 τοὺς
3257 3178 3549 3258 πολυφαεῖς
3567 3194 3667 3262 τῆς
3697 3209 3785 3246 σο⁹

2218 3276 2347 3344 φίας
2376 3276 2702 3347 θησαυρούς.
2740 3276 2800 3328 Ὀ
2829 3277 2989 3341 αὐτὸς
3012 3270 3120 3349 γὰρ
3159 3280 3251 3332 καὶ
3277 3279 3395 3343 ὁδός
3411 3282 3529 3334 ἐστι
3567 3283 3661 3335 καὶ
3686 3282 3783 3335 θύ-

2140 3346 2182 3404 C
2216 3385 2284 3437 ρα
2317 3366 2410 3419 xui.
2434 3346 2593 3431 κλεὶς
2645 3367 2739 3420 καὶ
2793 3367 3040 3439 βασιλεία
3067 3346 3099 3400 ’7
3123 3370 3238 3434 ὁδὸς
3266 3370 3386 3441 μὲν,
3424 3372 3500 3435 ὡς
3542 3373 3733 3444 όδηγός
3764 3387 3778 3403 ⁹

2214 3453 2363 3517 κλεὶς
2391 3453 2467 3519 δὲ,
2497 3454 2572 3518 ὡς
2599 3456 2828 3522 ἀνοίγων
2854 3459 2966 3520 τοῖς
2996 3457 3169 3523 ἀξίοις
3196 3459 3302 3511 τῶν
3333 3459 3491 3514 θείων
3510 3462 3603 3514 arati
3631 3463 3780 3515 ἀνοι-

2212 3543 2443 3614 γόμενος
2473 3558 2490 3575 ο
2557 3542 2695 3615 θύρα
2740 3544 2818 3608 δὲ,
2858 3544 2936 3607 ὡς
2976 3545 3310 3613 εἰσαγωγεύς
3335 3563 3350 3577 ο
3402 3547 3649 3617 βασιλεία
3698 3546 3778 3609 δὲ,

2214 3633 2289 3696 ὡς
2320 3650 2325 3653 ·
2351 3633 2878 3704 κληρονομούμενος,
2943 3634 3037 3687 καὶ
3097 3634 3239 3688 κατὰ
3293 3635 3511 3706 μέθεξιν
3543 3637 3600 3689 ἐν
3646 3637 3782 3689 πᾶσι

2212 3723 2514 3793 γινόμενος.
3493 3729 3509 3743 ⁹

2283 3901 2347 3958 o'.
2386 3903 2505 3967 Φῶς
2542 3905 2570 3957 6
2600 3902 2803 3973 Κύριος
2833 3904 3073 3973 λεγεται,
3103 3905 3199 3959 καὶ
3224 3905 3337 3978 ζωὴ
3363 3906 3459 3966 καὶ
3485 3904 3781 3971 ἀνάστασις

2212 3996 2309 4049 καὶ
2345 3994 2592 4066 ἀλήθεια.
2624 3993 2743 4059 Φῶς
2785 3997 2907 4065 μὲν,
2960 3996 3052 4048 καὶ
3088 3996 3165 4060 ὼς
3213 3997 3532 4069 λαμπρότης
3570 3996 3775 4067 ψυχῶν,

2214 4089 2305 4143 καὶ
2335 4087 2410 4152 ὡς
2454 4088 2674 4157 ἀγνοίας
2716 4089 2939 4153 σκότους
2983 4088 3246 4160 διώκτης·
3276 4090 3370 4143 καὶ
3411 4089 3487 4153 ὡς
3532 4090 3777 4160 φωτίζων

2212 4178 2302 4231 τὸν
2334 4178 2459 4231 νοῦν
2494 4178 2630 4249 πρὸς
2656 4179 2982 4251 κατανόησιν
3009 4179 3116 4233 τῶν
3151 4180 3476 4251 ἀπορρήτων
3497 4197 3510 4210 ·
3543 4182 3637 4233 καὶ
3665 4180 3775 4233 δει-

2214 4268 2363 4332 κνὺς,
2383 4267 2450 4320 τὰ
2477 4267 2660 4337 μόνοις
2693 4267 2861 4321 θεατὰ
2890 4270 3003 4332 τοῖς
3030 4267 3293 4337 καθαροῖς
3320 4272 3597 4341 μυστήρια
3617 4288 3632 4303 ο
3664 4270 3774 4340 ζωὴ

2210 4357 2288 4422 δὲ,
2325 4357 2401 4420 ὡς
2436 4360 2535 4428 τὴν
2573 4358 2889 4428 πρέπουσαν
2926 4358 3124 4430 ψυχαῖς
3153 4360 3478 4428 ἀγαπώσαις
3525 4360 3617 4414 τὸν
3662 4360 3775 4413 Κύ-

2214 4465 2328 4519 ριον
2355 4450 2414 4502 ἐν
2442 4451 2555 4512 τοίς
2585 4448 2749 4511 θείοις
2780 4451 3155 4521 παρεχόμενος
3186 4450 3402 4521 κίνησιν
3440 4467 3453 4480 ·
3482 4452 3774 4514 ἀνάστασις

2211 4538 2288 4603 δὲ,
2315 4538 2390 4604 ὡς
2420 4539 2518 4609 τῆς
2546 4540 2747 4611 νεκρᾶς
2778 4540 2886 4594 τῶν
2912 4539 3112 4594 ὑλικῶν
3141 4541 3515 4612 προσπαθείας
3548 4542 3774 4615 ἐγείρων

543 4638 877 4697 exsuscitet,
919 4636 1100 4689 omnis
1142 4635 1361 4704 generis
1405 4631 1781 4702 corruptionis
1807 4629 2108 4685 mortiﬁca-

2214 4630 2305 4683 τὸν
2329 4630 2475 4695 νοῦν,
2512 4630 2718 4701 φθορᾶς
2742 4630 3001 4695 παντοίας
3031 4630 3272 4702 καθαρὸν
3297 4632 3388 4686 καὶ
3417 4634 3737 4704 νεκρότητος
3758 4650 3771 4662 ·

544 4727 823 4797 tionisque
852 4727 974 4781 labe
995 4741 1221 4796 puram;
1247 4740 1312 4780 ac
1334 4725 1556 4779 demum
1588 4723 1809 4786 veritas,
1839 4724 1992 4777 velut
2009 4723 2112 4778 im-

2214 4720 2440 4793 ἀλήθεια
2458 4720 2532 4786 δὲ,
2551 4721 2626 4785 ὡς
2640 4720 2751 4787 ἕξιν
2765 4720 2873 4775 τῶν
2895 4720 3116 4790 ἀγαθῶν
3130 4724 3243 4785 τοῖς
3255 4722 3431 4790 ἀξίοις
3442 4722 3613 4793 δωροῦ
3621 4739 3776 4794 μενος

543 4819 863 4876 mutabilem
901 4820 1174 4875 bonorum
1215 4818 1461 4873 habitum
1484 4857 1500 4884 ,
1535 4816 1625 4871 his
1668 4816 1763 4887 qui
1797 4816 1946 4887 digni
1978 4817 2109 4883 sint,

542 4911 800 4967 muniﬁce
822 4898 1109 4981 praestans.

612 5003 700 5056 7L
732 5001 833 5056 Dei
876 5000 1101 5071 quidem
1148 5014 1212 5054 ac
1241 4995 1421 5053 Patris
1459 4996 1605 5051 Deus
1634 4995 1848 5060 Sermo,
1882 4993 2113 5050 cuilibet

547 5093 774 5166 mystice
804 5093 968 5156 inest,
1003 5106 1219 5154 eorum,
1248 5104 1370 5159 quae
1395 5094 1667 5158 praecepta
1705 5087 1774 5141 ab
1822 5100 1889 5141 eo
1921 5094 2053 5157 sunt
2093 5102 2106 5140 :

546 5185 799 5254 Deusque
841 5199 905 5239 ac
932 5185 1094 5239 Pater
1128 5188 1277 5236 totus
1315 5181 1373 5234 in
1415 5187 1529 5234 toto
1554 5178 1883 5233 naturaliter
1927 5177 2107 5241 inest,

543 5278 694 5333 nulla
739 5276 1024 5339 distantia,
1072 5273 1336 5329 Sermone
1380 5287 1481 5328 suo
1509 5279 1567 5327 et
1589 5271 1793 5328 Verbo.
1816 5268 1921 5334 Qui
1941 5268 2113 5339 igitur

480 5403 498 5423 .
544 5369 789 5424 divinum
823 5366 1140 5420 mandatum
1185 5364 1417 5434 suscipit
1466 5363 1727 5433 facitque,
1758 5362 2113 5417 exsistentem

546 5451 601 5505 in
632 5452 988 5506 illodivinnm
1031 5449 1350 5505 Sermonem
1394 5448 1648 5517 suscipit.
1671 5444 1774 5513 Qui
1804 5454 1985 5500 autem
2017 5459 2116 5514 per

544 5542 797 5595 mandata
848 5542 1006 5612 502
1061 5541 1381 5598 Sermonem
1427 5538 1752 5609 susceperit,
1796 5553 1896 5606 per
1934 5537 2113 5605 ipsum

542 5642 654 5684 una
675 5644 894 5698 quoque
935 5631 993 5684 in
1035 5646 1102 5686 eo
1135 5631 1464 5686 naturaliter
1507 5629 1867 5684 exsistentem
1894 5627 2113 5681 Patrem

2207 4812 2494 4883 ἄτρεπτον.

2278 4986 2379 5043 οα’.
2418 4989 2478 5042 '0
2528 4990 2628 5060 μὲν
2673 4988 2768 5043 τοῦ
2812 4989 2970 5058 Θεοῦ,
3015 4990 3106 5045 καὶ
3147 4991 3361 5063 Πατρὸς
3394 4992 3528 5056 Θεὸς
3584 4992 3774 5060 Λόγος.

2218 5079 2423 5152 ἑκάστῃ
2452 5081 2728 5151 μυστικῶς
2748 5083 3046 5154 ἐνυπάρχει
3074 5083 3183 5137 τῶν
3219 5084 3433 5140 οἰκείων
3459 5085 3687 5138 ἐντολῶν
3709 5102 3724 5115 ·
3749 5087 3777 5137 ὁ

2214 5170 2271 5224 δὲ
2294 5172 2427 5236 Θεὸς
2452 5172 2549 5226 καὶ
2582 5173 2773 5245 Πατὴρ
2793 5214 2808 5239 ,
2837 5174 2959 5238 ὅλος
2994 5176 3143 5230 ἐστὶν
3168 5175 3469 5247 ἁχὼριστος
3491 5179 3554 5231 ἐν
3571 5177 3676 5246 ὅλῳ
3702 5176 3777 5246 τῷ

2212 5265 2398 5335 οἰκείῳ
2414 5266 2573 5335 Λόγῳ
2596 5264 2861 5334 φυσικῶς.
2878 5266 2937 5319 Ὀ
2956 5266 3137 5320 τοίνυν
3157 5266 3445 5337 δεχόμενος
3469 5267 3617 5320 θείαν
3631 5267 3777 5319 ἐντο-

2211 5356 2312 5427 λὴν
2344 5357 2438 5410 καὶ
2466 5355 2636 5410 ποιῶν
2665 5357 2856 5428 αὐτὴν,
2887 5357 2977 5410 τὸν
3012 5359 3070 5410 ἐν
3111 5359 3248 5428 αὐτῇ
3278 5358 3375 5411 τοῦ
3401 5357 3535 5411 Θεοῦ
3566 5356 3777 5426 δέχεται

2211 5449 2406 5516 Λόγον.
2451 5449 2509 5501 'O
2540 5448 2595 5501 δὲ
2624 5447 2715 5501 τὸν
2745 5447 3027 5517 Λόγον-διὰ
3050 5448 3156 5501 τῶν
3190 5448 3420 5502 ἐντολῶν
3458 5448 3772 5519 δεξάμενος,

2210 5535 2278 5591 δι’
2308 5536 2474 5590 αὐτοῦ
2513 5537 2604 5590 τὸν
2633 5537 2695 5597 ἐν
2716 5536 2865 5603 αὐτῷ
2897 5536 3142 5605 φυσικῶς
3172 5537 3300 5590 ὄντα
3329 5536 3643 5602 συνεδέξατο
3671 5537 3776 5590 Πα-

2210 5626 2365 5697 τέρα,
2395 5626 2486 5680 καὶ
2527 5626 2668 5679 τὸέν
2701 5626 2850 5697 αὐτῷ
2878 5625 3128 5695 φυσικῶς
3165 5625 3225 5681 ὃν
3262 5624 3577 5694 συνεδέξατο
3606 5622 3776 5680 Πνεῦ-

622 5793 665 5823 ³⁸
691 5803 848 5861 Joan.
871 5820 978 5871 xiv,
1004 5805 1057 5861 6.
1134 5807 1180 5841 “
1214 5806 1284 5862 lli
1307 5807 1440 5875 Reg.
1468 5822 1556 5873 xv,
1579 5805 1668 5860 25.
1741 5805 1786 5838 ⁵⁷
1807 5805 2034 5873 Joan.x,
2068 5804 2114 5861 9.

2214 5802 2247 5836 ⁸⁸
2268 5804 2424 5863 Joan.
2456 5818 2571 5873 vui,
2601 5804 2698 5872 l2;
2724 5822 2796 5873 xi,
2827 5805 2930 5873 25;
2960 5822 3070 5871 im.
3105 5806 3157 5864 6.
