4060 6322
245 397 375 463 1157

1042 394 1377 454 CAPITUM
1414 391 1686 452 THEOL.
1726 390 1822 450 ET
1860 390 2095 451 (ECON.
2130 356 2521 453 lCENTURlA
2563 395 2644 455 II.

3359 402 3495 471 1158
3558 414 3565 424 “

243 529 344 582 μα.
362 508 549 577 Ἀμὴν
576 505 707 576 γὰρ.
743 520 898 575 φησι,
932 504 1090 574 λέγω
1127 505 1291 574 ὑμῖν,
1320 506 1354 557 ό
1377 502 1701 572 λαμϐάνων
1739 502 1813 554 ὄν
1840 546 1854 576 Α

1937 502 2188 571 ιιιςοορίι;
2213 511 2379 572 atque
2411 503 2466 557 in
2491 519 2559 558 eo
2580 502 2907 559 naturaliter
2931 505 3099 563 etiam
3131 508 3490 566 cxsistentcm

239 616 378 655 τινα
403 599 636 667 πέμψω,
658 596 764 665 ἐμὲ
790 595 1080 665 λαμϐάνει
1108 610 1122 625 ο
1158 597 1192 648 ὁ
1233 594 1302 647 δὲ
1333 594 1438 664 ἐμὲ
1467 592 1810 664 λαμϐάνων,

240 689 530 759 λαμϐάνει
585 686 695 741 τὸν
748 685 1071 755 πέμψαντά
1115 702 1212 755 με.
1247 683 1308 738 Ὀ
1336 683 1465 753 γοῦν
1488 684 1709 755 ἐντολὴν
1730 684 1816 737 δε-

243 779 475 850 ξάμενος
497 778 591 832 καὶ
628 778 863 847 ποιήσας
911 777 1102 848 αὐτὴν,
1131 775 1314 830 λαϐὼν
1366 774 1478 847 ἔχει
1541 774 1819 847 μυστικῶς

238 871 341 941 τὴν
364 868 529 937 ἁγίαν
559 867 783 937 Τριάδα.

315 1046 414 1119 οβ’.
442 1047 668 1113 Δοξάζει
711 1048 802 1101 τὸν
832 1047 968 1101 Θεὸν
992 1048 1049 1100 ὲν
1085 1046 1284 1119 ἑαυτῷ,
1320 1047 1418 1118 οὐχ
1447 1048 1476 1101 ὸ
1506 1046 1686 1116 λόγοις
1727 1047 1821 1116 μό-

242 1157 337 1194 νον
360 1141 638 1215 γεραίρων
674 1140 767 1193 τὺν
787 1140 939 1202 Θεὸν,
961 1140 1076 1193 ἀλλ’
1100 1142 1129 1194 ὁ
1150 1138 1239 1192 διὰ
1264 1138 1356 1192 τὸν
1380 1140 1513 1194 Θεὸν
1536 1141 1677 1210 ὑπὲρ
1700 1141 1822 1211 ἀρε-

240 1232 347 1301 τῆς
372 1232 440 1286 τὰ
466 1232 574 1284 τῶν
612 1232 790 1285 πόνων
820 1232 1109 1302 ὑπομένων
1159 1230 1461 1301 παθήματα
1493 1245 1506 1260 ·
1539 1231 1634 1283 καὶ
1678 1230 1823 1282 ἀντι-

243 1322 528 1390 δοξὼζεται
553 1322 705 1393 παρὰ
735 1321 907 1387 Θεοῦ,
938 1321 1037 1393 τὴν
1084 1324 1141 1374 ὲν
1188 1320 1267 1391 τῷ
1317 1320 1436 1391 Θεῷ
1486 1321 1661 1386 δόξαν,
1713 1315 1822 1373 οἷον

246 1413 454 1486 ἀρετῆς
483 1411 715 1468 ἔπαθλον
737 1413 877 1467 κατὰ
902 1412 1121 1483 μέθεξιν
1145 1411 1244 1483 τὴν
1268 1412 1367 1482 τῆς
1416 1398 1688 1474 ἀπαθείας
1733 1428 1824 1464 κου

251 1504 547 1576 μιξάμενος
578 1506 739 1576 χάριν
764 1506 861 1577 (Ιι).
895 1505 1008 1567 ua;
1038 1506 1147 1575 γὰρ
1166 1507 1195 1558 ὁ
1225 1504 1463 1570 δοξάζων
1491 1504 1582 1557 τὸν
1602 1505 1735 1558 Θεὸν
1766 1506 1827 1556 ὲν

249 1595 429 1666 ἑαυτῷ
452 1596 539 1650 διὰ
558 1596 667 1651 τῶν
690 1598 831 1651 κατὰ
859 1596 959 1667 τὴν
987 1598 1300 1668 πρακτικὴν
1322 1596 1462 1667 ὑπὲρ
1487 1597 1690 1668 ἀρετῆς
1723 1612 1826 1648 παι

249 1687 531 1758 ϐημάτων,
567 1687 660 1740 καὶ
695 1686 857 1751 αὐτὸς
906 1688 966 1740 ὲν
1002 1686 1082 1758 τῷ
1106 1686 1228 1759 Θεῷ
1258 1686 1575 1753 δοξάζεται,
1611 1689 1697 1741 διὰ
1726 1689 1825 1756 τῆς

248 1775 395 1829 κατὰ
419 1775 519 1848 τὴν
548 1774 781 1845 θεωρίαν
820 1774 1066 1840 ἀπαθοῦς
1111 1775 1219 1831 τῶν
1267 1775 1426 1830 θείων
1480 1775 1818 1846 ὲλλὰμψεως.

1916 591 2163 661 suscepit
2202 589 2467 660 Spiritum
2507 601 2781 647 sanetum.
2814 595 2907 648 Ait
2954 597 3146 653 enim:
3181 599 3352 655 Amen
3380 600 3496 656 dico

1916 680 2076 746 vobis,
2111 683 2201 753 qui
2230 683 2419 753 accipit
2452 684 2498 736 si
2523 700 2674 753 quem
2695 686 2903 750 misero,
2933 703 3014 740 me
3036 689 3260 759 accipit;
3286 691 3376 761 qui
3396 708 3498 746 au-

1918 779 2022 824 tem
2048 789 2127 825 me
2153 774 2361 843 accipit,
2397 776 2587 844 accipit
2611 790 2728 829 eum
2761 777 2850 847 qui
2882 794 2963 831 me
3000 779 3142 833 misit
3162 780 3228 835 ”.
3258 779 3364 847 Qui
3381 782 3491 853 igi-

1919 873 2011 917 tur
2061 863 2378 918 mandatum
2429 867 2642 936 accepit
2674 867 2920 937 illudque
2954 869 3122 936 fecit,
3168 879 3339 927 totam
3372 888 3491 945 my-

1918 954 2055 1009 stice
2072 965 2317 1010 sanctam
2351 955 2677 1011 Trinitatem
2710 960 2944 1030 accepit.

1988 1046 2077 1101 72.
2116 1046 2175 1101 ln
2213 1046 2397 1115 seipso
2425 1048 2597 1101 Deum
2627 1049 2916 1118 clariﬁcat,
2944 1067 3056 1106 non
3082 1052 3176 1123 qui
3195 1054 3382 1109 verbis
3403 1069 3497 1111 so-

1918 1137 2202 1191 lummodo
2246 1137 2418 1191 Deum
2459 1137 2730 1203 honorat,
2778 1142 2875 1195 sed
2902 1142 2994 1211 qui
3030 1153 3256 1214 propter
3288 1145 3496 1209 Deum,

1919 1219 2141 1285 Virtutis
2173 1242 2337 1281 causa
2358 1268 2371 1290 ,
2410 1226 2667 1281 laborum
2706 1231 2987 1286 molestias
3030 1242 3194 1302 atque
3224 1250 3501 1289 mrumnas

1919 1316 2194 1386 patienter
2239 1318 2463 1383 tolerat;
2508 1318 2863 1390 vicissimque
2906 1322 3245 1378 elarilicatur
3284 1340 3316 1378 a
3347 1325 3458 1379 Deo
3482 1364 3499 1388 ,

1920 1406 2015 1477 qui
2048 1407 2354 1462 claritatem
2391 1423 2513 1477 qua:
2554 1409 2608 1462 in
2639 1409 2751 1465 Deo
2782 1420 2887 1477 est,
2931 1413 3083 1466 velut
3111 1414 3332 1469 virtutis
3359 1431 3501 1484 prae-

1922 1499 2112 1564 mium,
2143 1500 2514 1569 ejusquodam
2534 1502 2891 1565 commercio,
2925 1502 3310 1572 imperturbati
3332 1506 3501 1560 animi

1921 1606 1985 1645 ac
2012 1591 2293 1661 tranquilli
2322 1607 2523 1645 munus
2559 1591 2783 1646 referat.
2817 1592 3078 1662 Quisquis
3103 1595 3250 1649 enim
3280 1597 3506 1652 virtutis

1922 1697 2086 1737 causa
2118 1698 2218 1751 pro
2255 1682 2419 1737 activi
2464 1698 2696 1737 munere
2729 1683 2947 1739 labores
2972 1684 3294 1740 desudaudo
3324 1687 3499 1742 Deum

1924 1772 2209 1837 clariﬁcat,
2235 1772 2350 1843 ipse
2396 1774 2559 1828 ctiam
2585 1790 2615 1828 a
2639 1775 2753 1829 Deo
2789 1774 3144 1841 clariﬁcatur,
3170 1791 3270 1845 per
3302 1776 3506 1849 imper-

248 1866 389 1937 Φησὶ
412 1866 575 1938 γὰρὸ
616 1866 820 1939 Κύριος
866 1866 959 1919 ὲπί
1009 1866 1071 1920 τὸ
1119 1867 1291 1930 πάθος
1338 1868 1669 1939 ἐρχόμενος*
1698 1868 1828 1921 Νῦν

1937 1866 2132 1919 turbati
2163 1864 2331 1919 animi
2367 1866 2807 1936 contemplandis
2827 1866 3031 1921 divinis
3056 1866 3501 1924 illustrationem.

248 1954 552 2025 ἐδοξάσθη
581 1960 614 2011 ό
652 1959 783 2025 Υἱὸς
814 1958 918 2014 τοῦ
941 1959 1276 2028 ἀνθρώπου,
1299 1958 1397 2012 καὶ
1440 1962 1474 2013 ό
1507 1960 1651 2023 Θεὸς
1696 1957 1825 2011 ἐδο-

251 2048 449 2116 ξάσθη
470 2050 538 2103 ἐν
565 2049 742 2115 αὐτῷ.
770 2053 841 2105 Εἰ
869 2054 902 2105 ὀ
930 2051 1070 2112 Θεὸς
1103 2048 1404 2117 ἐδοξάσθη
1424 2051 1494 2103 ἐν
1515 2048 1674 2115 αὐτῷ
1692 2089 1706 2111 ,
1724 2048 1823 2103 καί

251 2140 287 2191 ὁ
306 2138 455 2204 Θεὸς
481 2138 728 2205 δοξάσει
752 2143 941 2196 αὑτὸν
980 2143 1049 2195 ἐν
1072 2141 1264 2207 ἐαυτῷ
1292 2158 1308 2175 ο
1348 2143 1450 2197 καὶ
1497 2142 1679 2207 εὐθὺς
1721 2141 1820 2194 δο-

253 2229 428 2294 ξάσει
465 2233 672 2289 αὐτόν.
715 2233 804 2296 Ὠς
855 2232 1102 2286 ἐντεῦθεν
1155 2228 1294 2287 εῖναι
1339 2234 1528 2305 δῆλον,
1576 2235 1658 2287 ὅτι
1711 2233 1826 2295 τοῖς

255 2322 399 2393 ὑπὲρ
426 2322 627 2394 ἀρετῆς
654 2322 995 2396 παθήμασιν,
1025 2325 1451 2380 ἐπακολουθοῦσι
1481 2325 1550 2379 τὰ
1578 2324 1699 2379 θεῖα
1725 2341 1826 2395 χα-

258 2431 516 2485 ρεσματα.

329 2588 428 2657 ογ’.
462 2589 608 2653 Ἕως
637 2591 728 2644 τὸν
750 2591 810 2645 ἐν
852 2591 931 2664 τῷ
961 2592 1110 2665 ῥητῷ
1141 2592 1202 2664 (i)
1228 2592 1361 2663 τῆς⁹
1387 2592 1549 2662 ἁγίας
1606 2592 1830 2662 Γραφῆς

257 2679 521 2743 ποικίλως
571 2681 659 2734 διὰ
677 2680 788 2734 τῶν
825 2684 1164 2753 αἰνιγμάτων
1199 2681 1669 2753 σεσωματωμένον
1697 2681 1832 2754 ὀρῶ-

184 2812 197 2817 -
261 2790 362 2844 μεν
394 2773 485 2827 τὸν
529 2773 622 2826 τοῦ
653 2772 787 2827 Θεοῦ
835 2776 1030 2844 Λόγον,
1075 2774 1227 2829 οὔπω
1260 2775 1350 2829 τὸν
1394 2775 1685 2846 ἀσώματον
1736 2774 1833 2827 καὶ

260 2864 465 2919 ἁπλοῦν
498 2865 589 2918 καὶ
634 2865 831 2918 ἑνιαίον
863 2867 955 2919 καὶ
998 2866 1157 2936 μόνον
1176 2904 1192 2929 ,
1231 2866 1307 2930 ὡς
1339 2868 1397 2920 ὲν
1430 2866 1709 2937 ἀσωμάτῳ
1736 2866 1832 2918 καὶ

261 2955 421 3027 ἁπλῷ
448 2957 543 3009 καὶ
578 2956 766 3026 ἑνιαίῳ
793 2957 889 3010 καὶ
939 2958 1085 3028 μόνῳ
1120 2956 1234 3028 Υίῷ
1276 2959 1482 3028 νοητῶς
1525 2956 1835 3028 τεθεάμεθα

259 3047 503 3116 Πατέρα,
560 3047 704 3100 κατὰ
744 3046 806 3100 τὸ
836 3085 853 3111 ,
895 3046 959 3101 Ὀ
1009 3047 1279 3115 ἑωρακὼς
1318 3048 1423 3117 ἐμὲ
1472 3048 1695 3117 ἑώρακε
1728 3048 1836 3101 τὸν

1923 1958 2017 2013 Ait
2043 1959 2191 2013 enim
2212 1958 2476 2012 Dominus
2505 1958 2572 2012 ad
2598 1958 2907 2027 passionem
2931 1958 3137 2013 vadens
3170 1976 3183 2012 :
3215 1958 3368 2013 Nunc
3393 1958 3505 2014 cla-

1926 2051 2165 2118 ri/icatus
2197 2057 2272 2103 est
2317 2048 2482 2105 Filius
2538 2050 2783 2116 hominis,
2824 2058 2873 2103 et
2907 2049 3050 2104 Deus
3078 2049 3404 2119 clariﬁcatus
3430 2057 3506 2106 est

1925 2142 1980 2194 in
2009 2156 2089 2193 eo.
2136 2139 2193 2194 Si
2217 2139 2358 2193 Deus
2387 2127 2709 2208 clariﬁcatus
2744 2149 2821 2194 est
2847 2140 2900 2193 in
2934 2156 3014 2204 eo,
3045 2147 3093 2194 et
3136 2140 3274 2194 Deus
3308 2138 3510 2209 clariﬁ-

1927 2231 2064 2286 cabit
2112 2247 2230 2285 eum
2286 2231 2342 2284 in
2404 2232 2720 2302 senwtipso,
2769 2239 2818 2285 et
2874 2233 3121 2285 continuo
3186 2229 3508 2299 cluriﬁcabit

1928 2338 2048 2376 eum
2076 2321 2142 2375 ³ο.
2166 2321 2237 2376 Ut
2262 2320 2391 2376 inde
2410 2321 2589 2391 palam
2618 2327 2808 2390 queat,
2851 2320 3039 2377 divina
3065 2336 3298 2376 munera
3349 2320 3507 2375 labo-

1928 2429 2018 2469 res
2053 2412 2307 2467 comitari
2360 2427 2502 2481 quos
2556 2412 2783 2467 virtutis
2832 2426 2996 2467 causa
3050 2412 3411 2477 sustinemus,
3446 2426 3511 2467 ac

1928 2518 2223 2560 arumnas.

2002 2596 2089 2651 75.
2122 2594 2377 2662 Quandiu
2402 2594 2458 2650 in
2486 2609 2658 2649 sacrae
2693 2593 2996 2665 Scriptura:
3022 2595 3212 2651 littera
3244 2594 3395 2650 varie
3412 2609 3512 2663 per
3580 2585 3590 2594 ’

1930 2685 2220 2757 aenigmata
2270 2685 2369 2740 Dei
2406 2683 2731 2740 Sermonem
2781 2690 3137 2754 corporatura
3192 2683 3509 2747 cernimus,

1931 2777 2178 2832 nondum
2217 2776 2605 2846 incorporeum
2637 2774 3058 2845 simplicemque
3089 2773 3421 2845 singularem
3447 2788 3512 2828 ac

1932 2868 2181 2932 unicum,
2216 2868 2369 2922 velut
2405 2867 2462 2920 in
2497 2866 2827 2935 incorporeo
2853 2871 2910 2920 et
2941 2864 3181 2934 simplici
3207 2880 3272 2918 ac
3317 2863 3507 2935 singu-

1932 2959 2035 3014 lari
2056 2967 2220 3029 atque
2252 2957 2417 3013 unico
2450 2956 2610 3022 Filio,
2635 2956 2879 3011 vidimus
2905 2957 3151 3023 Patrem,
3185 2957 3340 3026 juxta
3360 2955 3509 3025 quod

1934 3052 2199 3122 scriptum
2223 3057 2308 3105 est
2334 3066 2346 3102 :
2375 3048 2476 3114 Qui
2515 3050 2643 3103 vidit
2677 3064 2787 3113 me,
2816 3048 2945 3102 vidit
2975 3058 3024 3101 et
3054 3047 3273 3102 Patrem
3310 3047 3378 3102 “.
3406 3046 3509 3101 Et:

261 3139 515 3207 Πατέρα.
557 3141 667 3195 Καί
695 3158 709 3174 ο
752 3142 993 3211 Ἐγὼὲν
1037 3140 1118 3207 τῷ
1168 3143 1384 3211 Πατρί,
1417 3142 1516 3197 καί
1567 3145 1601 3197 ὁ
1632 3141 1834 3211 Πατὴρ

1937 3143 2051 3213 Ego
2076 3143 2131 3195 in
2158 3141 2343 3204 Patre,
2380 3150 2428 3193 et
2446 3139 2609 3193 Pater
2636 3141 2691 3193 in
2721 3156 2804 3193 me
2825 3148 2900 3193 est
2919 3140 2984 3193 ".
3010 3139 3201 3210 Magna
3237 3153 3371 3209 ergo
3408 3153 3513 3192 no-

261 3231 332 3285 ἐν
358 3231 509 3301 ἐμοί.
541 3230 751 3301 Πολλῆς
772 3207 865 3285 οῦν
888 3230 1057 3302 χρεία
1072 3232 1171 3303 τῆς
1194 3207 1528 3302 ἐπιστήμης,
1554 3230 1695 3285 ὥστε
1721 3207 1832 3283 διᾶ-

1937 3207 2026 3288 Ιιίνε
2054 3249 2194 3302 opus
2219 3232 2443 3286 solertia
2471 3240 2577 3295 est,
2617 3239 2678 3285 ut
2702 3231 2986 3301 perruptis
3020 3207 3178 3301 prius
3213 3207 3513 3289 verborum

261 3317 457 3382 δόντας
483 3319 746 3391 πρότερον
782 3319 852 3373 τὰ
898 3319 1030 3390 περὶ
1056 3320 1147 3375 τὸν
1176 3320 1347 3390 Λόγον
1402 3320 1513 3374 τῶν
1574 3320 1836 3391 ῥημάτων

263 3410 619 3482 καλύμματα,
651 3410 794 3465 οὕτω
816 3446 819 3449 -
844 3412 1035 3483 γυμνῷ
1075 3411 1154 3481 τῷ
1182 3411 1263 3464 νοῒ
1293 3411 1529 3484 καθαρὸν
1548 3412 1711 3465 αὐτὸν
1751 3412 1836 3480 ἐφ’

265 3501 461 3555 ἑαυτὸν
495 3501 708 3555 ἑστῶτα
744 3502 1044 3555 θεάσασθαι
1073 3502 1232 3573 [unus
1255 3502 1383 3573 Reg.
1406 3500 1715 3574 τεθεᾶσθαι]
1745 3503 1838 3556 τὸν

265 3593 459 3661 Λόγον,
500 3593 591 3646 τὸν
612 3593 670 3645 ὲν
700 3592 879 3663 ἑαυτῷ
909 3594 1095 3662 σαφῶς
1123 3593 1199 3657 ὡς
1266 3594 1486 3663 ἐφικτὸν
1530 3593 1837 3665 ἀνθρώποις

264 3683 357 3738 τὸν
382 3683 600 3754 Πατέρα
632 3683 938 3737 δεικνύντα.
974 3684 1173 3752 Διόπερ
1203 3684 1417 3751 ἀνάγκη
1462 3684 1553 3738 τὸν
1597 3684 1838 3746 εὐσεϐῶς

267 3772 357 3827 τὸν
389 3772 521 3825 Θεὸν
557 3769 943 3839 ἐπιζητοῦντα,
972 3770 1163 3839 μηδεν).
1208 3770 1527 3837 κρατεῖσθαι
1554 3772 1726 3840 ῥητῷ,
1753 3771 1840 3824 ἵνα

272 3865 347 3934 μὴ
376 3863 496 3917 ἀντὶ
530 3861 687 3924 Θεοῦ,
714 3861 785 3915 τὰ
810 3861 936 3932 περὶ
959 3860 1094 3913 Θεὸν
1118 3860 1259 3932 λάθῃ
1281 3859 1459 3914 λαϐὼν
1490 3877 1504 3892 ο
1539 3862 1838 3923 τουτέστιν,

268 3954 389 4008 ἀντὶ
407 3951 499 4005 τοῦ
555 3951 859 4020 Λόγου,τὰ
902 3952 1041 4023 ῥητὰ
1082 3951 1325 4022 στέργων
1367 3950 1688 4021 ἐπισφαλῶς
1743 3950 1840 4018 τῆς

268 4044 508 4116 ΓΡαεΡῆςτ
529 4044 621 4098 τοῦ
653 4043 828 4110 Λόγου
848 4043 1200 4113 διαφυγόντος
1229 4041 1319 4095 τὸν
1346 4040 1470 4096 νοῦν
1518 4042 1583 4094 ἐκ
1611 4040 1721 4094 τῶν
1748 4058 1845 4094 πε-

274 4135 626 4211 ρισλημάτων
643 4136 866 4208 κρατεῖν
893 4135 1158 4190 δοκοῦντα
1182 4133 1273 4188 τὸν
1298 4131 1592 4201 ἀσώματον
1622 4132 1796 4200 Λόγον
1824 4150 1839 4165 ο

272 4230 411 4284 κατά
452 4244 516 4297 γε
557 4228 656 4300 τὴν
689 4226 1015 4295 Αἰγυπτίαν,
1045 4227 1145 4297 τὴν
1190 4224 1265 4296 μὴ
1303 4222 1399 4277 τοῦ
1438 4223 1661 4295 Ἰωσὴφ,
1707 4222 1845 4277 ἀλλὰ

270 4319 377 4374 τῶν
426 4316 592 4373 αὑτοῦ
645 4316 1048 4389 ὲπιλαόομένην
1115 4316 1348 4389 ἱματίων
1375 4331 1392 4349 ο
1421 4315 1531 4384 ,καὶ
1575 4314 1701 4378 τοὺς
1736 4330 1843 4367 πα·

271 4411 452 4476 λαιοὺς
481 4408 806 4481 ἀνθρώπους
827 4447 843 4474 ,
871 4411 919 4462 oi
950 4409 1088 4483 μόνῃ
1118 4411 1185 4480 τῇ
1226 4408 1532 4480 εὐπρεπείᾳ
1557 4407 1666 4475 τῶν
1707 4408 1843 4480 ὁρω-

1936 3324 2351 3393 integumentis,
2380 3324 2526 3377 circa
2562 3323 2886 3378 Sermonem
2914 3338 3013 3378 seu
3034 3322 3271 3378 Verbum
3298 3330 3513 3376 exstan-

1936 3416 2085 3471 tibus
2135 3416 2426 3486 ipsumque
2476 3413 2978 3479 convcstientibus,
3015 3413 3094 3470 sic
3140 3412 3287 3468 nuda
3330 3422 3515 3468 mente

1938 3508 2118 3578 ipsum
2154 3507 2210 3561 in
2237 3522 2298 3562 se
2323 3522 2525 3576 purum
2568 3522 2669 3577 per
2696 3522 2756 3561 se
2785 3507 3141 3562 exsistentem
3167 3506 3513 3568 Sermonem,

1940 3600 2120 3670 ipsum
2164 3599 2221 3653 in
2271 3614 2332 3652 se
2368 3599 2538 3663 clare,
2575 3597 2757 3667 quoad
2808 3598 3138 3653 mortalibus
3193 3612 3515 3651 concessum

1938 3698 2059 3753 est,
2107 3689 2325 3741 Patrem
2377 3687 2782 3752 ostendentem,
2812 3687 3117 3742 videamus.
3149 3687 3515 3754 Quamobrem

1939 3789 2164 3831 necesse
2190 3783 2294 3840 est,
2331 3784 2392 3828 ut
2421 3774 2514 3843 qui
2553 3774 2726 3827 Deum
2760 3774 2849 3843 pic
2877 3775 3106 3844 qurerit,
3140 3776 3277 3829 nulli
3312 3776 3519 3831 haereat

1938 3866 2141 3920 litterae
2173 3863 2391 3928 cortici,
2419 3879 2489 3918 ne
2524 3879 2625 3932 pro
2655 3864 2790 3927 Deo,
2823 3878 2945 3932 quae
2973 3870 3102 3918 sunt
3124 3863 3274 3918 circa
3302 3864 3473 3918 Deum
3500 3904 3514 3928 ,

1943 3953 2267 4024 imprudens
2316 3961 2530 4019 sumat;
2581 3968 2652 4007 ne
2702 3952 2916 4008 scilicet
2944 3951 3231 4007 Sermonis
3257 3953 3380 4008 loco
3416 3968 3517 4009 seu

1940 4043 2112 4102 Verbi
2139 4043 2252 4116 (τοῦ
2280 4043 2477 4114 Λόγου)
2508 4043 2808 4115 Scriptura:
2837 4053 3100 4099 contexta
3130 4044 3299 4099 verba
3326 4060 3519 4101 errore

1942 4135 2323 4205 amplectatur,
2357 4134 2622 4191 Sermone
2651 4136 2772 4206 ipso
2819 4149 2886 4190 ac
2935 4135 3118 4192 Verbo
3145 4143 3387 4191 mentem
3424 4134 3519 4192 fu-

1943 4225 2129 4298 giente
2159 4241 2173 4277 :
2202 4239 2324 4293 quae
2340 4223 2599 4279 videlicet
2630 4240 2698 4279 ex
2730 4224 3094 4288 indumentis,
3128 4224 3521 4295 incorporeum

1943 4330 2003 4370 se
2027 4313 2348 4369 Sermonem
2377 4321 2564 4370 tenere
2601 4314 2926 4381 arbitretur,
2948 4315 3093 4370 haud
3116 4329 3277 4371 secus
3308 4331 3372 4371 ac
3396 4330 3523 4369 mu-

1942 4404 2046 4459 lier
2075 4403 2169 4458 illa
2198 4402 2453 4476 Egyptia
2480 4419 2603 4474 quae
2633 4420 2745 4460 non
2780 4405 3105 4477 Joscpbum,
3154 4406 3250 4462 sed
3277 4408 3399 4478 ejus
3422 4423 3525 4478 ap-

277 4506 452 4576 μένων
487 4501 963 4572 ὲναπομείναντες,
987 4499 1179 4556 ἔλαθον
1203 4501 1268 4573 τῇ
1297 4499 1474 4555 κτίσει
1489 4496 1842 4572 λατρεύοντες

1944 4495 2246 4568 prehendit
2291 4497 2521 4553 lacinias
2567 4498 2806 4555 vestium
2831 4500 3002 4568 ”;ac
3051 4502 3197 4557 sicut
3228 4501 3519 4558 hominum

278 4595 425 4667 παρὰ
458 4593 551 4650 τὸν
573 4592 863 4648 κτίσαντα.

341 4859 435 4915 06'.
477 4859 538 4914 '0
560 4857 659 4929 τῆς
682 4856 845 4927 ἁγίας
873 4855 1097 4929 Γραφῆς
1126 4854 1307 4925 λόγος,
1340 4853 1485 4910 κατὰ
1525 4853 1694 4927 μέρος
1738 4857 1850 4920 τοῖς

1944 4585 2128 4655 prisca
2163 4594 2314 4651 aetas,
2345 4600 2468 4655 quae
2497 4585 2555 4640 in
2578 4587 2693 4641 sola
2723 4602 2910 4642 rerum
2941 4587 3119 4644 oculis
3144 4588 3523 4659 expositarum

1950 4673 2111 4749 503
2141 4675 2547 4747 magniﬁcentia
2584 4677 2895 4743 immorata,
2943 4694 3057 4733 non
3085 4679 3323 4736 advertit
3371 4695 3560 4737 orca--

1949 4776 2089 4821 tunc
2110 4782 2167 4822 se
2199 4769 2386 4838 potius
2412 4769 2642 4833 servire,
2671 4785 2836 4841 quam
2858 4770 3107 4827 Creatori
3132 4771 3198 4827 ⁸⁸.

2023 4857 2109 4914 74.
2145 4857 2329 4914 δουναι
2362 4858 2664 4930 Scriptura
2691 4875 2896 4929 sermo,
2928 4861 3351 4919 sublimioribus
3388 4877 3528 4934 pau-

349 5013 395 5046 ⁹⁹
418 5012 577 5070 Joan.
607 5029 724 5079 xm,
754 5012 846 5067 20.
925 5011 969 5043 '°
996 5009 1134 5066 ibid.
1172 5009 1261 5064 51.
1336 5009 1380 5042 ³¹
1415 5007 1571 5064 Joan.
1601 5025 1710 5076 xtv,
1739 5010 1793 5066 9.

1937 5009 2069 5068 ibid.
2103 5012 2188 5068 10.
2266 5012 2311 5046 ³³
2333 5014 2471 5071 Gen.
2503 5032 2684 5082 χχιιι,
2722 5017 2806 5071 l2.
2880 5017 2927 5049 ἰ
2958 5017 3115 5071 Rom.
3137 5018 3285 5084 1,25.

351 5156 436 5235 (lii
460 5155 579 5221 Τὴν
606 5152 725 5235 τῆς.
764 5154 1056 5235 ἀπαθείας
1080 5151 1477 5235 ,κομιζόμενρς
1498 5221 1510 5233 .
1519 5150 1716 5220 χάριν,
1746 5150 1863 5235 τὴν

283 5221 592 5289 ἀπάθειαν,
633 5223 1001 5279 universalius
1038 5223 1129 5277 hic
1163 5221 1332 5277 Sumit
1371 5221 1663 5286 Maximus,
1708 5229 1764 5276 et
1799 5230 1861 5276 ut

282 5298 447 5353 etiam
470 5293 876 5351 immunitatem
904 5294 1040 5347 dicit
1065 5307 1096 5346 a
1124 5292 1349 5347 virtutis
1381 5291 1671 5345 laboribus
1699 5291 1857 5346 vitat-

320 5384 387 5422 ne
414 5364 711 5430 aerumnis;
746 5372 803 5418 et
837 5379 949 5418 non
965 5364 1142 5418 solum
1168 5378 1199 5417 a
1224 5360 1709 5432 perturbationum
1732 5360 1857 5432 libi-

323 5429 1028 5504 iuumquemolestia;qua
1083 5429 1267 5487 tamen
1348 5431 1588 5501 raecipue
1637 5429 1856 5487 divino-

323 5523 402 5561 um
457 5502 939 5572 contemplationis
966 5502 1262 5557 illustratio
1295 5446 1454 5622 {ipsa
1504 5500 1705 5556 divina:
1745 5502 1856 5555 cla-

323 5576 463 5622 imis
487 5572 872 5622 narticinatum
903 5587 1103 5622 munus
1130 5570 1149 5622 l
1184 5573 1297 5622 ἀπα
1335 5570 1398 5622 i1:
1450 5570 1528 5622 illi
1594 5571 1801 5622 dicitur
1834 5588 1850 5622 :

288 5523 402 5561 rum
457 5500 1262 5572 contemplationisillustratio
1295 5500 1705 5572 (ipsaidivinm
1745 5502 1856 5555 cla-

291 5576 463 5631 ritatis
487 5570 872 5645 partici‘patum
903 5587 1103 5645 munus
1130 5570 1398 5645 ὶὰπᾳθὴς
1433 5570 1529 5645 illi
1594 5571 1801 5645 dicitur
1834 5588 1850 5636 ;

289 5660 444 5715 quam
479 5638 548 5697 ᾶιί
582 5638 1100 5715 ρασξὶοηεηιυίιάεηδ
1124 5638 1517 5715 Βοιη-ἰηιισηὲπὶ
1575 5638 1636 5693 τὸ
1683 5642 1852 5705 πάθος

289 5709 596 5791 ἔρχὸμεηρςζ
630 5713 1048 5791 sibi_nobisque
1084 5709 1485 5791 postulaverit:

357 5776 609 5859 ἶίῘἜώς
664 5782 771 5837 τοῦ
817 5784 886 5837 ἐν
941 5776 1021 5845 τῷ
1059 5776 1241 5849 ῥητῷ.
1318 5776 1414 5834 Est
1465 5777 1627 5836 Marci
1679 5780 1845 5851 capit.

1966 5153 2248 5225 νηπτικῶν
2276 5153 2453 5225 21,_in
2490 5160 2739 5225 quotum
2766 5160 2947 5225 textus
2983 5153 3113 5208 Pico
3153 5154 3385 5215 laborat.
3419 5165 3534 5213 tum

1966 5222 2084 5293 ipse
2100 5240 2129 5279 a
2152 5240 2210 5279 se
2228 5223 2425 5293 menda
2446 5222 2767 5293 cumulavit.
2796 5223 2912 5293 Nec
2944 5237 3170 5278 necesse
3193 5225 3403 5292 singula
3426 5228 3512 5283 dis
3528 5260 3541 5268 —

1965 5292 2176 5348 cutere.
2202 5361 2209 5363 ξ
2237 5292 2483 5363 Suiliciat
2522 5292 2671 5363 illius
2701 5292 2895 5363 mutila
2941 5299 2997 5346 et
3023 5303 3356 5363 prtepostera
3411 5313 3536 5351 cum

1961 5363 2170 5419 nostris
2200 5361 2433 5432 integris
2470 5361 2730 5432 sanisque
2762 5361 3054 5428 conferre;
3104 5361 3157 5417 in
3188 5365 3391 5432 quibus
3424 5367 3545 5421 elu-

1960 5440 2069 5506 cet,
2129 5441 2245 5487 tum
2307 5431 2633 5506 Ma_rei_alta
2685 5432 2981 5506 theologia,
3032 5441 3149 5487 tum
3198 5431 3417 5506 Maximi
3453 5438 3544 5506 ju-

1962 5502 2169 5577 dicium
2208 5511 2280 5577 et
2316 5501 2577 5577 solertia;
2647 5502 2742 5577 qui
2814 5501 3072 5577 tauquam
3128 5505 3360 5577 gemmis
3418 5501 3543 5577 pul-

1959 5572 2296 5647 cherrimis,
2362 5571 2475 5647 illis
2524 5570 2696 5625 Marci
2745 5571 3060 5647 capitibus,
3114 5570 3212 5647 s'ua
3250 5570 3543 5647 rhazc'pu-

1959 5642 2159 5722 taverit
2190 5641 2421 5724 ditanda
2448 5655 2580 5697 vere
2610 5642 2906 5712 γνωστικά,
2932 5656 2997 5698 ac
3025 5641 3543 5718 sapientiteplenis-

1954 5727 2101 5787 Stmq
2139 5724 2336 5784 capita.
