4122 6320
573 348 706 417 1159

1727 346 1788 406 S.
1838 344 2126 407 MAXIMI
2163 343 2668 407 CONFESSORIS

3671 346 3815 410 1160

570 462 724 517 latim
748 456 1072 514 notiombus
1103 453 1414 524 sensisque,
1455 468 1650 508 eorum
1683 468 1806 523 quae
1844 454 1901 506 in
1932 468 1999 508 eo
2022 467 2144 508 cor-

2247 454 2595 526 ὕψηλοτέροις
2629 457 2864 528 νοήμασι
2895 454 2994 527 τὴν
3025 455 3136 510 τῶν
3167 456 3256 510 ἐπ’
3277 455 3426 527 αὺτῷ
3485 458 3816 527 σωματικῶς

570 552 834 624 poraliter
890 549 1015 604 ﬁcta
1058 548 1342 612 dicuntur,
1394 545 1852 618 compositionem
1906 560 2138 611 exuens,

574 656 832 714 tanquam
873 643 928 696 in
954 657 1089 696 voce
1119 655 1266 694 aurae
1298 639 1481 695 tenuis
1508 640 1784 695 exsistens
1821 639 1887 704 ³⁵,
1928 639 2142 709 perspi-

571 733 776 789 caciori
814 731 983 787 menti
1025 731 1370 797 ostenditur;
1402 731 1453 784 ei
1487 731 1745 786 nimirum
1781 745 1903 800 quae
1927 745 2140 785 summe

569 840 687 879 eam
711 822 1092 878 deﬁcientibus
1112 822 1452 877 naturalibus
1467 821 1898 892 operationibus,
1918 835 2140 875 sensum

570 913 833 966 duntaxat
877 911 1158 980 percipere
1207 910 1402 978 potuit,
1450 910 1567 978 ejus
1609 908 1993 978 simplicitatis,
2033 923 2142 978 qua

572 1004 651 1057 illi
674 1003 867 1057 Sermo
903 1002 1020 1073 (seu
1058 1001 1319 1071 Verbum)
1362 1002 1626 1070 tantisper
1652 1001 1960 1066 indicatur;
1995 998 2142 1054 haud

572 1110 731 1151 secus
774 1110 837 1148 ac
881 1108 1109 1163 magnus
1152 1095 1318 1157 Elias,
1356 1094 1445 1147 cui
1505 1094 1560 1147 in
1611 1094 1776 1163 specu
1824 1092 2005 1146 lloreb
2051 1092 2142 1147 illa

572 1184 710 1238 visio
738 1181 951 1252 obtigit.
992 1181 1172 1235 Horcb
1201 1183 1370 1245 enim,
1416 1181 1461 1235 si
1498 1197 1697 1235 nomen
1741 1178 2139 1250 interpreteris,

577 1273 767 1329 navale
798 1281 902 1336 est,
933 1272 1080 1342 quod
1118 1273 1382 1327 virtutum
1417 1273 1658 1335 habitus,
1690 1273 1746 1326 in
1775 1287 1917 1326 novo
1958 1271 2143 1342 gratim

574 1365 773 1435 spiritu
813 1373 915 1418 est.
960 1364 1168 1433 Specus
1209 1374 1414 1427 autem,
1450 1365 1666 1418 occulta
1705 1364 1888 1418 animo
1929 1372 2016 1418 est
2053 1378 2142 1417 sa-

575 1453 794 1524 pientim
821 1452 1054 1514 latebra,
1084 1452 1345 1520 illiusque
1375 1454 1525 1506 velut
1560 1453 1821 1524 adytum;
1857 1467 2018 1522 quam
2049 1451 2143 1521 qui

575 1542 854 1613 ingressus
891 1541 1077 1605 fuerit,
1111 1541 1421 1606 scientiam,
1459 1558 1579 1611 quae
1608 1558 1824 1597 onmem
1850 1548 2145 1611 exsuperat

578 1647 799 1689 sensum
828 1632 892 1696 ³⁸,
927 1631 1150 1703 mystice
1183 1631 1515 1701 persentiet;
1554 1631 1609 1685 in
1636 1648 1740 1701 qua
1768 1632 1914 1685 Deus
1943 1630 2146 1684 dicitur

577 1727 863 1781 exsistere.
912 1723 1171 1794 Quisquis
1209 1739 1339 1793 ergo
1390 1723 1562 1778 instar
1593 1724 1772 1794 magni
1805 1724 1936 1777 Eliae
1974 1724 2144 1776 Deum

575 1832 703 1871 vere
726 1815 945 1884 quaerit,
972 1830 1082 1868 non
1107 1820 1317 1867 tantum
1346 1828 1404 1868 se
1429 1814 1485 1867 in
1516 1814 1695 1868 Iloreb
1724 1813 1970 1868 conferet
1998 1812 2142 1880 (tan-
2174 1801 2216 1855 Β

576 1921 737 1974 quam
763 1907 973 1961 scilicet
1001 1906 1095 1974 qui
1129 1906 1330 1960 actioni
1356 1904 1592 1970 studeat;
1623 1907 1889 1960 virtutum
1911 1904 2143 1973 arripiet

578 1997 872 2066 habitum),
904 2013 1096 2051 verum
1132 1997 1295 2051 etiam
1323 1997 1379 2050 in
1408 2012 1627 2066 specum
1656 1997 1712 2051 in
1754 1995 1936 2051 Horcb
1985 1996 2146 2051 sitam

576 2086 873 2156 pervadet;
905 2094 1160 2155 tanquam
1180 2086 1392 2140 scilicet
1423 2085 1876 2154 contemplationi
1904 2083 2143 2148 deditus,

579 2177 632 2230 in
661 2174 942 2246 sapientiae
982 2176 1249 2231 latebram
1301 2176 1592 2245 sinumque
1629 2174 1980 2245 penitiorem,
2025 2187 2147 2244 quas

579 2263 636 2317 in
665 2264 929 2317 virtutum
963 2261 1230 2317 duntaxat
1262 2262 1456 2316 habitu
1494 2260 1680 2315 sedem
1715 2260 1935 2315 habeat.

644 2356 732 2411 75.
757 2356 893 2409 Tum
918 2354 1100 2409 clarus
1129 2353 1377 2409 veritatis
1425 2367 1606 2408 sermo
1638 2352 1820 2407 animo
1844 2352 2145 2420 illucescet,

576 2462 723 2502 verae
759 2448 810 2501 ei
842 2447 1085 2501 scientiae
1112 2446 1442 2501 documenta
1474 2444 1748 2514 prwbens,
1776 2443 2011 2513 vitaeque
2051 2459 2145 2499 su-

577 2537 810 2608 perioris
838 2540 1238 2606 squaminarnm
1265 2550 1415 2589 more
1452 2533 1507 2589 in
1536 2550 1602 2588 eo
1627 2541 1985 2603 praesumptas
2023 2531 2147 2602 Opi-

576 2629 773 2683 niones
810 2627 909 2680 abs
948 2626 1288 2696 spiritalibus
1329 2624 1504 2679 oculis
1542 2623 1842 2693 depellens,
1870 2637 1995 2677 cum
2027 2622 2075 2677 is
2116 2637 2148 2677 a

578 2735 637 2774 se
671 2721 942 2774 haerentes
972 2719 1074 2772 sibi
1120 2718 1452 2787 multiplices
1485 2716 1792 2785 opiniones.
1838 2716 1922 2769 uti
1961 2730 2020 2770 se
2058 2730 2149 2770 res

579 2812 635 2866 in
663 2812 849 2866 divino
878 2826 1182 2881 magnoque
1216 2810 1462 2880 apostolo
1504 2809 1673 2863 Paulo
1710 2807 1921 2872 habuit,
1954 2822 2150 2862 excus-

581 2903 718 2958 serit
744 2903 815 2955 ⁸⁷.
847 2902 1011 2956 Plane
1038 2901 1184 2956 enim
1221 2915 1518 2969 squammte
1558 2906 1687 2953 sunt
1723 2898 1890 2952 animi
1928 2896 2151 2952 lumini-

580 2994 685 3048 bus
720 2994 1011 3059 hterentes,
1052 2994 1262 3063 nitique
1308 3008 1371 3048 ac
1409 3007 1721 3046 commeare
1759 2990 1827 3044 ad
1869 2990 2147 3044 sincerum

579 3082 833 3137 veritatis
882 3096 1190 3137 sermonem
1240 3081 1635 3151 prohibentes,
1693 3085 1805 3132 tum
1848 3078 1948 3133 soli
1984 3076 2147 3133 Scri-

580 3181 758 3244 ptura:
772 3172 972 3227 littera
985 3173 1213 3242 ejusque
1223 3172 1373 3225 velut
1387 3170 1577 3225 cortici
1594 3169 1822 3224 addictte
1837 3168 2146 3238 opiniones,

581 3270 699 3316 tum
732 3277 917 3316 rerum
945 3261 1361 3329 aspectabilium
1398 3275 1566 3314 sensu
1604 3267 1763 3312 tenus
1790 3271 1914 3311 cum
1944 3244 2148 3312 aﬂ'ectu

581 3365 647 3407 ac
672 3350 901 3404 libidine
923 3358 1197 3419 usurpatae
1221 3350 1480 3404 visiones.

652 3458 739 3513 76.
774 3456 1004 3511 Divinus
1034 3457 1256 3525 quidem
1295 3456 1574 3526 apostolus
1616 3457 1841 3523 Paulus,
1886 3473 1954 3512 ex
1994 3465 2150 3527 parte

581 3566 641 3606 se
666 3549 835 3606 Verbi
877 3550 1243 3620 cognitionem
1288 3557 1508 3603 nactum
1546 3564 1669 3603 esse
1699 3550 1777 3603 ait
1798 3548 1883 3614 ”;
1923 3565 2151 3620 magnus

581 3656 714 3695 vero
762 3641 1001 3696 Joannes
1039 3640 1392 3710 evangelista,
1432 3641 1550 3711 ejus
1584 3655 1642 3695 se
1680 3642 1906 3710 gloriam
1947 3641 2150 3697 vidisse

581 3729 735 3785 dicit.
778 3729 1009 3783 Vidimus
1041 3730 1209 3791 enim,
1258 3730 1453 3798 inquit,
1493 3730 1721 3801 gloriam
1759 3733 1893 3802 ejus,
1924 3733 2151 3802 gloriam

582 3823 737 3892 quasi
768 3821 1030 3891 Unigem'li
1051 3839 1079 3873 α
1096 3819 1278 3885 Patre,
1299 3820 1512 3891 plenum
1539 3822 1727 3892 gratia:
1756 3830 1804 3876 et
1826 3824 2064 3878 veritatis
2082 3825 2147 3881 ³³.

581 3910 724 3968 Num
786 3925 922 3965 vero
985 3918 1208 3965 sanctus
1259 3911 1479 3979 quidem
1547 3913 1796 3976 Paulus,
1865 3929 1932 3967 ex
1997 3924 2149 3983 parte

583 4011 805 4056 nactum
836 4016 892 4054 se
921 4000 1209 4054 scientiam
1229 3999 1386 4063 dixit,
1427 4008 1683 4069 tanquam
1712 4001 1808 4055 Dei
1838 4001 2042 4056 Verbi?
2075 4003 2151 4057 Ex

582 4092 997 4161 operationibus
1020 4092 1167 4146 enim
1199 4105 1421 4161 quoquo
1457 4092 1622 4145 modo
1650 4093 1828 4146 solum
1860 4093 2106 4148 noscitur
2133 4111 2146 4148 :

582 4175 786 4244 quippe
820 4189 944 4229 cum
968 4174 1110 4243 ejus,
1142 4174 1287 4242 quod
1325 4173 1395 4227 ad
1427 4174 1720 4229 essentiam
1756 4175 2149 4230 substantiam-

583 4281 691 4336 que
730 4273 958 4335 spectat,
997 4265 1213 4331 notitia,
1248 4265 1409 4335 504
1450 4266 1664 4321 cunctis
1704 4267 1937 4336 perinde
1988 4282 2151 4338 ange-

584 4357 759 4426 lisquc
799 4364 854 4410 et
901 4356 1221 4411 hominibus
1258 4356 1329 4411 sit
1373 4357 1671 4423 inaccessa,
1724 4359 1874 4413 nulla
1923 4374 2150 4429 prorsus

2239 545 2728 617 διαπεπλασμένων
2760 550 2937 620 ῥητῶν
2959 549 3325 617 ἐκδυσάμενος
3361 546 3632 612 σύνθεσιν,
3652 548 3728 612 ὡς
3752 551 3817 601 ἐν

2240 638 2393 707 φωνῇ
2423 635 2597 707 αὔρας
2629 638 2832 709 λεπτῆς
2856 639 3114 710 ὑπάρχων
3142 637 3420 692 δείκνυται
3451 637 3531 708 τῷ
3568 637 3817 708 διορατι-

2240 730 2466 800 κωτέρῳ
2494 730 2578 783 νοΐ
2602 745 2615 759 '
2646 729 2727 800 τῷ
2753 730 2841 784 διὰ
2872 730 2973 802 τὴν
3002 730 3180 800 ἄκραν
3202 730 3488 800 ἀπόλειψιν
3524 729 3634 783 τῶν
3667 733 3817 786 κατὰ

2241 818 2404 888 φύσιν
2437 820 2747 890 ἐνεργειῶν,
2780 820 3032 892 αἴσθησιν
3070 822 3231 891 μόνον
3270 821 3552 895 δυνηθέντι
3603 819 3816 883 λαὸεἷν,

2240 914 2340 983 τῆς
2390 894 2481 964 τδν
2527 913 2698 981 Λόγον
2739 912 2920 977 ποσῶς
2985 913 3299 984 μηνυούσης
3327 913 3648 983 ἀπλὸτητις,
3672 916 3818 965 κατὰ

2241 1005 2330 1057 τὸν
2359 1004 2531 1074 μέγαν
2576 1004 2759 1061 Ἠλίαν
2784 1005 2874 1059 τὸν
2896 1008 2952 1059 ὲν
2978 1005 3055 1076 τῷ
3077 1005 3326 1076 σπηλαίῳ
3355 1004 3557 1076 Χωρὴσ
3610 1004 3819 1072 ταύτης

2241 1092 2543 1156 ἀξιωθέντα
2603 1096 2702 1163 τῆς
2768 1094 2964 1162 ὅψεως.
3020 1093 3223 1167 Χωρήὸ
3279 1094 3388 1163 γὰρ
3449 1092 3818 1164 ἑρμηνεύεται

2242 1184 2618 1257 νέωμαλιιηιιε
2652 1185 2780 1255 Reg.
2805 1185 3027 1257 νόημαῙ,
3063 1186 3199 1255 ὅπερ
3221 1186 3368 1238 ἐστὶν
3402 1186 3435 1255 ἡ
3463 1186 3518 1237 ὲν
3536 1186 3613 1251 τῷ
3643 1183 3819 1254 καινῴ

2245 1272 2514 1344 πνεύματι
2538 1275 2639 1344 τῆς
2681 1275 2901 1342 χάριτος
2944 1274 3055 1340 ἕξις
3083 1274 3191 1326 τῶν
3220 1273 3452 1344 ἀρετῶν.
3478 1273 3549 1325 Τὸ
3581 1273 3636 1325 δὲ
3669 1273 3821 1340 σπή-

2243 1362 2416 1427 λαιον,
2444 1364 2478 1433 ἡ
2510 1365 2608 1435 τῆς
2631 1364 2822 1433 σοφίας
2844 1365 2960 1417 ἐστὶ
2987 1364 3131 1418 κατά
3154 1364 3276 1417 νοῦν
3298 1364 3614 1435 κρυφιότης·
3632 1372 3694 1422 ἐν
3789 1367 3822 1417 ὁ

2244 1454 2556 1525 γενόμενος,
2584 1456 2679 1525 τῆς
2712 1455 2855 1526 ὑπὲρ
2881 1457 3132 1526 αἴσθησιν
3178 1455 3456 1526 μυστικῶς
3494 1454 3820 1523 αίσθήσεται

2244 1543 2517 1612 γνώσεως,
2548 1546 2605 1597 ὲν
2726 1544 2942 1612 λέγεται
2978 1545 3265 1615 τυγχάνειν
3310 1545 3338 1596 6
3371 1544 3523 1608 Θεός.
3561 1546 3674 1607 Πᾶς
3722 1539 3819 1597 οὖν

2248 1638 2388 1689 κατὰ
2427 1635 2519 1689 τὸν
2563 1634 2957 1706 μέγανοἮλίαν
2991 1636 3171 1706 ζητῶν
3205 1635 3419 1705 ἀληθῶς
3447 1636 3537 1688 τὸν
3567 1637 3719 1698 Θεὸν,
3751 1636 3814 1688 οὐ

2253 1725 2412 1796 μόνον
2427 1728 2484 1779 ὲν
2513 1727 2714 1797 Χωρὴὸ
2742 1729 3033 1799 γενήσεται
3065 1744 3079 1758 ·
3116 1727 3393 1781 τουτέστιν
3414 1767 3430 1792 ,
3465 1727 3539 1790 ὡς
3581 1744 3818 1797 πρακτιο

2246 1818 2339 1880 κὸς
2366 1819 2424 1871 ἐν
2450 1820 2515 1889 τῇ
2541 1816 2651 1883 ἕξει
2672 1820 2780 1872 τῶν
2796 1818 3007 1890 ἀρετῶν
3031 1835 3044 1849 ⁸
3087 1819 3225 1873 ἀλλὰ
3252 1821 3346 1873 καὶ
3377 1822 3433 1872 ὲν
3453 1819 3531 1887 τῷ
3564 1819 3817 1890 σπηλαίῳ

2245 1909 2322 1980 τῷ
2350 1911 2406 1962 ἐν
2439 1910 2660 1981 Χωρήδ·
2693 1912 2991 1977 τουτέστιν,
3025 1912 3100 1975 ὡς
3128 1913 3461 1982 θεωρητικὸς
3488 1913 3546 1965 ἐν
3577 1913 3647 1984 τῇ
3680 1930 3816 1983 κρυ-

2190 2062 2195 2065 _
2246 1997 2459 2067 φιότητι
2481 1999 2581 2069 τῆς
2619 1999 2807 2070 σοφίας
2836 2003 2904 2072 τῇ
2933 2003 2991 2054 ὲν
3023 2001 3158 2072 μόνῃ
3210 1999 3552 2071 τυγχανούσῃ
3599 2004 3666 2073 τῇ
3702 2002 3813 2067 ἕξει

2244 2087 2352 2141 τῶν
2383 2086 2615 2154 ἀρετῶν.

2317 2334 2409 2392 σε’.
2447 2337 2615 2392 Ὅταν
2642 2340 2670 2392 ό
2703 2337 2823 2402 νοῦς
2873 2337 2972 2403 τὰς
3009 2338 3358 2409 ἐπικειμένας
3410 2339 3562 2412 αὐτῷ
3617 2339 3813 2402 πολλὰς

2248 2432 2376 2503 περὶ
2409 2429 2517 2484 τῶν
2543 2430 2714 2483 ὄντων
2737 2431 3080 2501 ὲκτινάξηται
3111 2431 3286 2498 δόξας,
3316 2431 3436 2484 τότε
3467 2432 3642 2503 σαφὴς
3669 2431 3815 2500 αὐτῷ

2246 2525 2345 2594 τῆς
2372 2523 2627 2593 ἀληθείας
2646 2522 2853 2611 ὁ,λόγος
2908 2523 3298 2593 ἀναφαίνεται,
3330 2523 3505 2587 διδοὺς
3541 2522 3685 2593 αὐτῷ
3712 2524 3813 2590 τῆς

2246 2613 2415 2675 ὄντως
2438 2608 2817 2681 γνὼσεωξτάς
2861 2611 3161 2683 ὑποθήκας,
3186 2613 3280 2664 καὶ
3332 2610 3430 2674 τὰς
3481 2608 3664 2681 πρώην
3718 2608 3811 2661 ἐπ’

2247 2701 2397 2773 αὐτῷ
2444 2701 2742 2773 προλήψεις
2787 2703 2920 2754 ὡσεὶ
2961 2701 3178 2764 λεπίδας
3225 2701 3334 2755 τῶν
3374 2701 3603 2754 ὀπτικῶν
3643 2700 3808 2753 δυνάσ-

2251 2811 2397 2866 μεων
2449 2793 2857 2862 ἀπωθούμενος,
2886 2792 3025 2846 κατά
3063 2792 3155 2845 τὸν
3185 2791 3470 2847 θεσπέσιον
3510 2791 3604 2845 καὶ
3637 2791 3812 2861 μέγαν

2259 2884 2580 2940 Ἀπόστολον
2619 2883 2854 2937 Παῦλον.
2880 2883 3111 2946 Λεπίδες
3144 2882 3253 2953 γάρ
3286 2886 3443 2945 εἰσιν,
3476 2882 3549 2947 ὡς
3576 2883 3813 2954 ἀληθῶς,

2249 2977 2594 3047 ἐπικείμεναι
2629 2975 2705 3046 τῷ
2737 2974 3031 3045 διορατικῷ
3057 2974 3156 3044 τῆς
3179 2973 3373 3045 ψυχῆς,
3402 2975 3499 3028 καὶ
3524 2975 3815 3046 ἀπείργοιμ

2252 3086 2341 3123 σαι
2366 3068 2463 3140 τὴν
2489 3067 2624 3137 πρὸς
2645 3068 2735 3122 τὸν
2759 3066 3033 3138 ἀκραιφνῆ
3062 3067 3163 3136 τῆς
3195 3066 3453 3137 ἀληθείας
3498 3067 3675 3137 λόγον,
3697 3067 3815 3122 διὰ-

2249 3163 2428 3229 6ασιν,
2456 3161 2516 3214 αῖ
2538 3177 2596 3213 τε
2626 3160 2760 3230 πρὸς
2785 3160 2844 3214 τὸ
2872 3159 3035 3230 ῥητὸν
3060 3158 3218 3231 μόνον
3245 3160 3342 3229 τῆς
3365 3159 3587 3230 Γραφῆς
3614 3161 3819 3232 ὑπολή-

2247 3255 2392 3323 ψεις,
2430 3252 2664 3306 καὶτῶν
2704 3252 2996 3323 ὁρωμένων
3030 3251 3087 3306 αἱ
3125 3252 3245 3304 κατ’
3276 3250 3524 3322 αἴσθησιν
3571 3268 3819 3324 προσπα.

2250 3346 2361 3410 θείς
2390 3346 2634 3417 θεωρίαι.

2323 3437 2431 3504 ος’.
2463 3442 2481 3459 ⁶
2518 3440 2577 3492 ὐ
2627 3437 2725 3509 μὲν
2763 3437 2906 3501 θεῖος
2947 3435 3267 3500 Ἀπόστολος
3312 3436 3544 3501 Παῦλος,
3568 3436 3665 3507 τὴν
3719 3435 3814 3490 τοῦ

2251 3530 2425 3599 Λόγου
2452 3529 2672 3596 γνῶσιν,
2701 3530 2765 3581 ὲκ
2804 3528 3001 3599 μέρους
3033 3527 3136 3598 ἔφη
3158 3526 3466 3595 γινώσκειν.
3510 3528 3568 3581 ’0
3612 3527 3666 3581 δὲ
3717 3526 3817 3596 μέν

2249 3636 2351 3690 γας
2375 3619 2764 3690 εὐαγγελιστὴς
2803 3620 3058 3690 Ἰωάννης
3097 3619 3384 3673 τεθεᾶσθαι
3423 3618 3569 3687 λέγει
3592 3619 3688 3691 τὴν
3718 3620 3818 3672 αῦ-

2248 3711 2342 3765 τοῦ
2364 3709 2535 3775 δόξαν.
2568 3710 2970 3779 Ἐθεασάμεθα
2995 3712 3123 3782 γὰρ,
3152 3712 3335 3781 φησὶν,
3363 3710 3477 3777 τὴν
3495 3709 3681 3774 δόξαν
3705 3711 3815 3763 ai:-

2248 3804 2378 3867 τοῦ,
2405 3802 2595 3867 δόξαν
2625 3803 2704 3869 ὡς
2724 3802 3104 3870 Μονογενοῦς
3133 3802 3293 3870 παρὰ
3308 3801 3553 3870 Πατρός,
3579 3799 3819 3869 πλήρης

2250 3894 2496 3964 χάριτος
2525 3894 2623 3947 καὶ
2669 3894 2978 3961 ἀληθείας.
3023 3893 3130 3947 Καὶ
3194 3895 3404 3963 μήποτε
3432 3894 3460 3946 6
3516 3892 3614 3962 μὲν
3663 3892 3817 3959 ἅγιος

2251 3988 2462 4049 Παῦλος
2514 3987 2612 4057 τὴν
2668 3986 2742 4050 ὡς
2781 3986 2915 4039 Θεοῦ
2947 3987 3121 4054 Λόγου
3154 3984 3355 4053 γνῶσιν
3386 3987 3449 4039 ὲκ
3482 3986 3681 4056 μέρους
3708 3985 3815 4055 ἔφη

2250 4079 2560 4149 γινώσκειν.
2592 4079 2688 4131 Ἐκ
2737 4077 2847 4149 γὰρ
2897 4077 3006 4131 τῶν
3053 4063 3375 4148 ἐνεργειῶν,
3430 4076 3611 4141 ποσῶς
3656 4077 3815 4148 μόνον

2250 4170 2599 4240 γινώσκεται.
2645 4171 2709 4224 Ἦ
2774 4170 2883 4243 γὰρ
2940 4171 3028 4223 ἐπ’
3059 4169 3221 4240 αὐτῶν
3257 4169 3376 4223 κατ’
3401 4170 3588 4223 οὐσίαν
3615 4187 3673 4223 τε
3721 4168 3816 4226 καὶ

2252 4262 2546 4317 ὑπόστασιν
2588 4261 2820 4332 γνῶσις,
2875 4264 3080 4333 ὁμοίως
3118 4265 3282 4316 πᾶσιν
3320 4262 3574 4331 ἀγγέλοις
3623 4279 3682 4315 τε
3721 4261 3816 4315 καὶ

2251 4351 2560 4423 ἀνθρώποις
2586 4391 2602 4415 ,
2650 4351 2989 4422 καθέστηκεν
3028 4352 3246 4414 ἄϐατος,
3288 4353 3406 4405 κατ’
3443 4351 3595 4405 οὐδὲν
3643 4351 3815 4405 οὐδενὶ

586 4448 798 4503 ratione
833 4447 930 4502 ulli
968 4449 1268 4518 explorata.
1302 4447 1535 4503 Sanctus
1570 4464 1702 4503 vero
1734 4449 1992 4514 Joannes,
2020 4467 2148 4520 per-

2253 4441 2632 4511 γινωσκομὲνη
2659 4458 2670 4470 ·
2700 4442 2728 4494 6
2770 4442 2827 4495 δὲ
2873 4442 3029 4510 ἆγιος
3062 4442 3333 4512 Ἰωάννης,
3373 4441 3577 4496 τέλειον
3626 4441 3702 4502 ὡς
3757 4443 3813 4495 ὲν

585 4535 749 4597 tecte,
795 4536 940 4604 quod
989 4550 1312 4591 concessum
1358 4537 1678 4593 hominibus
1722 4547 1826 4604 est,
1856 4538 2023 4593 Verbi
2063 4540 2151 4594 in-

586 4625 959 4681 carnationem
1002 4625 1251 4690 edoctus,
1302 4625 1531 4696 gloriam
1590 4642 1671 4693 se,
1723 4628 1878 4697 quasi
1930 4642 2152 4683 carnem

587 4716 852 4781 Verbum,
890 4717 967 4770 ait
1002 4716 1381 4785 conspexisse;
1416 4732 1631 4787 nempe,
1663 4717 1866 4772 vidisse
1895 4735 1954 4773 se
1981 4719 2154 4774 ratio-

587 4820 713 4865 nem
763 4814 818 4860 et
859 4805 1046 4871 linem,
1099 4807 1406 4861 secundum
1448 4823 1612 4876 quem
1656 4809 1803 4862 Deus
1850 4807 2028 4863 factus
2069 4819 2156 4865 est

587 4896 774 4963 homo,
805 4898 1026 4968 plenum
1069 4897 1256 4968 gratiae
1302 4904 1359 4952 et
1398 4898 1665 4951 veritatis.
1702 4897 1822 4952 Non
1859 4898 2007 4952 enim
2046 4914 2155 4968 qua

587 4989 800 5044 ratione
825 4990 1125 5044 secundum
1152 4989 1444 5044 essentiam
1466 4989 1631 5052 Deus,
1655 4988 2011 5060 ejusdemque
2028 5006 2154 5046 cum

588 5078 749 5137 Patre
788 5079 1042 5133 essentiae
1081 5088 1185 5142 est,
1226 5077 1556 5149 Unigenitus
1591 5079 1765 5148 gratia
1805 5089 2001 5136 auctus
2035 5090 2153 5149 est;

588 5167 685 5224 sed
722 5184 832 5240 qua
860 5169 1076 5223 ratione
1113 5167 1294 5222 altiori
1334 5168 1565 5225 consilio
1613 5184 1678 5224 ac
1719 5169 2152 5238 dispensatione,

591 5257 767 5315 factus
801 5268 886 5314 est
914 5259 1081 5312 homo
1122 5266 1319 5312 natura
1355 5258 1710 5328 ejusdemque
1748 5259 2032 5313 nobiscum
2066 5275 2156 5316 es-

590 5351 801 5417 sentiaa,
828 5365 913 5413 ea,
949 5357 1177 5419 propter
1213 5363 1337 5413 nos,
1369 5347 1462 5416 qui
1498 5349 1673 5419 gratia
1700 5364 1946 5420 egemus,
1976 5365 2153 5420 exque

584 5441 706 5510 ejus
746 5455 963 5510 semper
1005 5438 1346 5510 plenitudine
1390 5440 1446 5494 in
1493 5440 1642 5495 omni
1678 5440 1928 5510 profectu
1965 5450 2156 5497 nostro

2252 4532 2578 4604 ἀνθρώποις,
2606 4534 2695 4586 τὸν
2723 4533 2823 4604 τῆς
2849 4533 3316 4606 ἐνανθρωπήσεως
3347 4533 3438 4587 τοῦ
3471 4533 3646 4602 Λόγου
3681 4550 3815 4605 μυη-

2253 4623 2367 4686 θεὶς
2394 4624 2572 4692 λόγον,
2605 4625 2704 4694 τὴν
2736 4624 2813 4688 ὡς
2858 4625 3035 4697 σάρκα
3063 4627 3234 4694 Λόγον
3280 4626 3438 4691 δόξαν
3488 4625 3591 4696 ἔφη
3629 4625 3816 4678 τεθεᾶ·

2255 4715 2379 4770 σθαι
2403 4731 2417 4745 ο
2452 4715 2718 4782 τουτέστι,
2753 4716 2842 4769 τὸν
2865 4717 3046 4785 λόγον,
3085 4719 3254 4788 ἤγουν
3304 4718 3396 4771 τὸν
3444 4718 3665 4781 σκοπὸν,
3693 4717 3811 4771 καθ’

2252 4805 2312 4859 ὃν
2333 4807 2362 4859 6
2381 4805 2513 4869 θεὸς
2540 4807 2764 4874 γέγονεν
2786 4806 3093 4879 ἄνθρωπος,
3124 4808 3304 4882 πλήρη
3344 4810 3564 4880 χάριτος
3593 4789 3815 4863 ὲθιάσαο

2254 4913 2336 4958 το,
2378 4894 2474 4949 καὶ
2524 4895 2798 4965 ἀληθείας.
2830 4898 2906 4951 Οὐ
2952 4897 3062 4968 γὰρ
3090 4897 3211 4951 καθ’
3235 4898 3264 4950 ὃ
3291 4898 3409 4952 κατ’
3443 4899 3629 4952 οὐσίαν
3661 4898 3812 4962 Θεὸς,

2256 4989 2350 5044 καὶ
2375 4987 2453 5058 τῷ
2477 4987 2596 5058 Θεῷ
2616 4989 2789 5061 Πατρὶ
2819 4988 3098 5060 ὀμοούσιος
3128 4991 3157 5044 6
3172 4991 3482 5062 Μονογενὴς
3510 4990 3817 5062 κεχαριτω-

2254 5098 2368 5144 ται,
2393 5079 2529 5133 ἀλλά
2567 5079 2690 5133 καθ’
2714 5080 2743 5133 ὃ
2770 5078 2929 5149 φύσει
2955 5080 3073 5134 κατ’
3091 5082 3404 5152 οἰκονομίαν
3455 5082 3701 5152 γέγονεν,
3728 5081 3818 5135 ἆνε-

2257 5168 2474 5239 θρωπος
2525 5169 2619 5222 καὶ
2660 5170 2795 5239 ἡμῖν
2843 5169 3144 5240 όμοούσιος,
3179 5169 3245 5224 δι’
3283 5173 3433 5243 ἡμᾶς
3458 5173 3818 5245 κεχαρίτωται

2256 5258 2382 5322 τοὺς
2416 5258 2711 5331 χρῄζοντας
2754 5261 2973 5331 χάριτος
3004 5277 3020 5292 ο
3062 5263 3156 5317 καὶ
3182 5264 3248 5316 ὲκ
3302 5262 3397 5318 τοῦ
3456 5263 3819 5334 πληρώματος

2260 5349 2427 5405 αὐτοῦ
2456 5351 2747 5415 διαπαντὸς
2769 5352 2912 5405 κατά
2959 5355 3143 5408 πᾶσαν
3169 5357 3201 5424 ή
3212 5354 3328 5425 μῶν
3374 5354 3658 5427 προκοπὴν
3718 5355 3821 5425 τὴν

2259 5441 2629 5510 ἀναλογοῦσαν
2682 5443 3004 5515 δεχομένους·
3038 5445 3220 5518 χάριν.
3254 5447 3414 5501 Ὥστε
3455 5448 3484 5501 6
3528 5447 3623 5503 τὸν
3665 5446 3821 5517 λόγον

661 5595 707 5625 ³⁸
734 5594 801 5649 lll
823 5596 960 5667 Reg.
998 5611 1107 5663 xxx,
1136 5595 1224 5650 12.
1301 5594 1346 5626 ³⁸
1372 5593 1610 5665 Philipp.
1636 5610 1710 5664 Iv,
1741 5597 1794 5653 7.
1874 5596 1918 5629 ³⁷
1947 5595 2069 5652 Act.
2100 5612 2148 5652 ιχ

2247 5596 2290 5653 3.
2366 5598 2411 5632 ³⁸
2443 5599 2465 5657 l
2493 5599 2620 5657 Cor.
2652 5617 2766 5668 xm,
2796 5602 2850 5659 9.
2926 5604 2971 5679 f9
2996 5603 3151 5661 Joan.
3179 5621 3218 5670 ι,
3246 5604 3329 5663 14.

661 5711 683 5734 ‘
704 5709 787 5767 Cf.
811 5710 1012 5778 Quiest.
1036 5712 1069 5767 9
1096 5711 1164 5768 ad
1194 5710 1555 5769 Thalassium.
