4122 6320
351 322 484 391 lilii

1164 325 1499 390 CAPITUM
1532 324 1803 388 THEOL.
1844 323 1940 385 ET
1978 322 2214 385 (ECON.
2255 324 2646 389 CENTURIA
2682 328 2765 389 II.

3485 331 3618 398 1162

347 445 553 497 τέλειον
604 442 662 495 ἐν
716 440 899 513 έαυτῷ
951 439 1216 511 φυλάξας,
1240 443 1509 517 ἀϐέϐηλον
1556 444 1652 498 τοῦ
1689 442 1960 514 δι’ήμᾶς,

2045 444 2453 502 :onvenientem
2508 447 2743 519 gratiam
2796 446 3118 519 recipimus,
3159 449 3336 521 gratia
3381 452 3619 511 donatus

350 532 730 605 σαρκωθέντος
760 531 898 587 Θεοῦ
929 533 1105 602 Λόγου
1124 573 1142 601 ,
1171 534 1272 606 τὴν
1306 535 1492 607 πλήρη
1558 534 1781 605 χάριτος
1837 533 1932 586 καὶ

347 627 606 698 ἀληθείας
637 626 930 696 κομίσεται
959 626 1140 693 δόξαν,
1169 627 1265 682 τοῦ
1306 628 1376 682 δι’
1406 629 1555 700 ἡμᾶς
1586 628 1778 681 ἑαυτὸν
1808 622 1932 679 καθ’

349 721 498 791 ἡμᾶς
534 718 859 786 δοξάσαντός
886 736 947 774 τε
968 721 1064 774 καὶ
1082 719 1418 789 ἀγιάσαντος
1441 720 1580 773 κατά
1623 718 1723 790 τὴν
1766 716 1931 772 αὑτοῦ

350 809 676 881 παρουσίαν.
712 811 901 867 Ὅταν
932 812 1064 883 γὰρ,
1095 812 1281 883 φησὶν,
1312 810 1541 876 ἐκεῖνος
1589 805 1930 878 φανερωθῇ.

351 904 541 976 ὅμοιοι
580 905 742 972 αὐτῷ
761 905 1042 976 ἐσόμεθα.

422 1166 519 1231 oC'.
552 1167 698 1231 Ἕως
730 1168 764 1239 ἡ
789 1169 959 1240 ψυχὴ,
994 1171 1093 1242 τὴν
1124 1170 1233 1225 ἀπὸ
1256 1170 1542 1242 δυνάμεως
1567 1172 1649 1235 εἰς
1676 1170 1931 1241 δύναμιν,

350 1260 448 1315 καὶ
509 1260 608 1333 τὴν
657 1261 767 1316 ἀπὸ
812 1260 972 1332 δόξης
1000 1263 1080 1327 εἰς
1112 1262 1270 1329 δόξαν
1306 1264 1544 1317 ποιεῖται
1590 1262 1892 1333 μετάϐασιν
1916 1277 1931 1291 ⁸

351 1350 623 1417 τουτέστι,
676 1352 777 1423 τὴν
830 1353 943 1407 ἀπὸ
1006 1354 1211 1426 ἀρετῆς
1278 1356 1359 1419 εἰς
1421 1354 1625 1427 ἀρετὴν
1707 1353 1936 1425 μείζονα

351 1444 661 1513 προκοπὴν,
697 1443 794 1497 καὶ
838 1442 939 1516 τὴν
977 1443 1085 1500 ἀπὸ
1126 1445 1384 1513 γνώσεως
1421 1447 1502 1511 εἰς
1549 1445 1751 1514 γνῶσιν
1794 1444 1934 1515 ὑψη-

350 1530 574 1605 λοτέραν
602 1533 890 1601 ἀνάϐασιν,
927 1535 1030 1589 οὐκ
1060 1535 1342 1590 ἐπαύσατο
1374 1536 1720 1608 παροικοῦσα
1743 1573 1759 1599 ,
1790 1536 1937 1592 κατά

351 1625 412 1677 τὸ
452 1625 743 1697 εἰρημένον
769 1642 783 1657 ·
841 1629 1055 1682 Πολλὰ
1112 1628 1476 1698 παρώκησεν
1514 1630 1553 1698 ἡ
1594 1630 1765 1700 ψυχή
1791 1648 1931 1700 μου.

354 1715 496 1769 Πολὺ
527 1716 635 1787 γάρ
665 1717 783 1769 ἐστι
811 1715 873 1770 τὸ
905 1716 1199 1788 διάστημα,
1223 1718 1318 1771 καὶ
1346 1718 1409 1772 τὸ
1425 1719 1628 1791 πλῆθος
1656 1719 1766 1773 τῶν
1787 1720 1935 1789 ὀφει-

351 1807 559 1861 λουσῶν
599 1808 728 1880 παρ’
756 1809 927 1879 αὐτῆς
955 1809 1278 1881 διαϐαθῆναι
1323 1812 1606 1882 γνώσεων,
1636 1812 1830 1884 μέχρις
1871 1806 1933 1866 οῦ

352 1897 725 1954 διελεύσεται
753 1900 824 1954 ἐν
850 1902 1011 1968 τόπῳ
1045 1903 1283 1971 σκηνῆς
1305 1904 1677 1974 θαυμαστῆς,
1703 1905 1814 1972 ἕως
1830 1905 1937 1960 τοῦ

352 1990 525 2045 οἴκου
545 1991 651 2046 τοῦ
672 1993 840 2047 Θεοῦ”
872 1993 943 2047 ἐν
969 1992 1142 2064 φωνῇ
1173 1995 1589 2065 ἀγαλλιάσεως
1611 1995 1712 2051 καὶ
1731 1997 1939 2067 ἐξομο-

351 2086 684 2156 λογήσεως,
703 2087 859 2158 ἤχου
893 2087 1274 2157 ἐορτὰζοντος
1299 2106 1312 2135 τ
1340 2090 1430 2143 ἀεὶ
1474 2093 1700 2160 φωναῖς,
1731 2090 1935 2162 φωνὴν,

355 2184 594 2251 νοεραῖς,
635 2172 826 2251 νοεράν
866 2181 1226 2253 προστιθεῖσα
1252 2186 1319 2255 τῇ
1354 2187 1609 2257 προκοπῇ
1643 2184 1753 2238 τῶν
1776 2184 1939 2239 θείων

356 2273 749 2346 θεωρημάτων,
770 2274 910 2344 μετά
929 2275 1027 2345 τῆς
1046 2275 1189 2329 κατά
1210 2276 1333 2330 νοῦν
1350 2278 1443 2330 ἐπὶ
1458 2279 1570 2343 τοῖς
1586 2277 1940 2350 θεωρηθείσιν

355 2366 752 2435 ἀγαλλιάσεως,
788 2368 957 2438 ῆγουν
1007 2370 1217 2439 χαρᾶς,
1251 2372 1347 2425 καὶ
1403 2371 1503 2441 τῆς
1560 2370 1937 2444 ἀναλογούσης

356 2458 733 2529 εὐχαριστίας.
756 2458 1028 2525 Τοιαύτας
1062 2461 1173 2533 γὰρ
1202 2462 1521 2533 ἑορτάζουσι
1549 2462 1773 2528 πάντες,
1804 2465 1853 2518 οἱ
1879 2465 1940 2519 τὸ

356 2549 582 2619 Πνεῦμα
617 2552 716 2620 τῆς
739 2552 964 2621 χάριτος
988 2551 1292 2622 εἰληφότες,
1310 2554 1381 2608 ἐν
1406 2554 1535 2621 ταῖς
1551 2555 1821 2625 καρδίαις
1835 2558 1941 2612 αὐ-

355 2641 475 2696 τῶν
503 2641 751 2711 κράζων·
800 2643 997 2708 Ἀϐϐά,
1032 2648 1065 2699 ό
1086 2641 1313 2712 Πατήρ.

427 2823 530 2896 οη’.
575 2825 635 2879 '0
661 2824 761 2895 τῆς
794 2824 1115 2897 θαυμαστῆς
1148 2827 1354 2899 σκηνῆς
1387 2828 1573 2894 τόπος,
1598 2830 1695 2885 καὶ
1722 2831 1942 2903 ἀπαθής

361 2918 478 2972 ἔστι
527 2919 622 2972 καὶ
658 2920 902 2990 ἀπήμων
946 2918 1059 2985 ἕξις
1101 2918 1213 2976 τῶν
1265 2921 1479 2991 ἀρετῶν
1504 2938 1517 2952 ο
1545 2922 1668 2976 καθ’
1690 2922 1759 2994 ἢν
1791 2924 1821 2977 ό
1845 2922 1942 2978 τοῦ

359 3007 497 3061 Θεοῦ
522 3010 807 3079 γινόμενος
830 3010 1026 3079 Λόγος,
1043 3010 1323 3083 διαφόροις
1355 3011 1567 3084 ἀρετῶν
1597 3012 1820 3068 κάλλεσι
1844 3032 1944 3071 κα-

2033 542 2139 591 est.
2174 535 2386 593 Idcirco
2411 538 2509 609 qui
2545 538 2847 609 perfectam
2880 538 2938 595 in
2969 539 3156 611 seipso
3188 542 3458 599 rationem
3501 561 3622 601 ser-

2036 629 2279 695 vaverit,
2313 630 2806 687 incontaminatam
2853 648 3162 705 puramque
3197 635 3295 690 Dei
3318 637 3484 693 Verbi
3518 653 3622 710 pro

2035 717 2196 773 nobis
2230 718 2525 788 incarnati,
2563 721 2783 793 plenam
2809 723 3000 794 gratiae
3025 730 3082 778 et
3109 724 3365 781 veritatis
3387 727 3618 798 gloriam

2036 810 2376 880 reportabit;
2417 815 2541 885 ejus
2584 814 2853 870 nimirum
2893 816 2990 886 qui
3027 816 3225 875 nostri.
3249 832 3417 874 causa
3456 821 3622 877 nobis

2036 902 2236 958 similis
2281 904 2337 958 in
2378 920 2480 961 suo
2523 906 2764 963 adventu
2809 908 2928 978 ipse
2976 923 3037 964 se
3084 916 3142 964 et
3186 909 3518 967 clariﬁcavit
3564 923 3623 969 et

2037 993 2408 1062 sanctiﬁcavit
2439 996 2506 1050 ⁸ο.
2551 996 2683 1055 Cum
2714 1000 2863 1055 enim
2892 999 3005 1067 ille,
3043 1001 3248 1072 inquit,
3286 1007 3620 1074 apparuerit,

2037 1084 2238 1140 similes
2273 1087 2321 1141 ci
2355 1088 2552 1144 erimus
2580 1089 2645 1143 δ’.

2110 1175 2200 1230 77.
2225 1175 2480 1243 Quandiu
2498 1180 2715 1237 animus
2735 1181 2803 1239 de
2825 1184 3029 1239 virtute
3058 1184 3116 1238 in
3131 1184 3416 1252 virtutem,
3442 1187 3622 1259 deque

2037 1268 2285 1325 claritate
2310 1270 2367 1327 in
2395 1274 2704 1329 claritatem
2733 1276 2961 1343 transit,
2992 1277 3100 1333 hoc
3122 1288 3227 1344 est,
3259 1278 3327 1334 ad
3358 1281 3625 1350 majorem

2038 1360 2107 1417 de
2131 1362 2339 1419 virtute
2362 1365 2419 1419 in
2441 1365 2703 1421 virtutem
2732 1366 3063 1437 profectum,
3088 1368 3268 1440 deque
3298 1370 3529 1426 scientia
3555 1371 3625 1426 ad

2037 1453 2329 1510 scientiam
2353 1456 2604 1513 ascendit
2635 1458 2913 1525 altiorem,
2947 1459 3183 1515 necdum
3217 1460 3382 1515 tlnem
3419 1460 3626 1515 incola-

2039 1554 2131 1602 tus
2154 1546 2306 1612 fecit,
2338 1549 2495 1620 juxta
2528 1550 2675 1619 quod
2708 1551 2976 1620 scriptum
3018 1560 3104 1606 est
3134 1568 3146 1605 :
3183 1550 3414 1605 Multum
3447 1551 3625 1606 incola

2043 1637 2142 1708 fuit
2181 1641 2365 1694 anima
2404 1657 2521 1696 mea
2555 1641 2621 1694 δ’.
2665 1640 2852 1712 Longa
2896 1641 3045 1696 enim
3086 1641 3349 1696 distantia
3391 1650 3494 1708 est,
3542 1644 3627 1697 in-

2042 1744 2286 1801 gensque
2334 1731 2412 1785 illi
2448 1732 2763 1803 superanda
2794 1733 3118 1788 notitiarum
3163 1748 3228 1788 ac
3266 1733 3627 1789 scientiarum

2042 1824 2222 1892 copia,
2256 1823 2435 1878 donec
2463 1833 2702 1879 transeat
2732 1826 2789 1879 in
2824 1825 2995 1880 locum
3024 1825 3357 1880 tabernaculi
3391 1826 3630 1882 admira-

2038 1914 2179 1979 bilis,
2222 1933 2386 1987 usque
2423 1918 2494 1972 ad
2528 1919 2744 1978 domum
2778 1917 2904 1985 Dei;
2935 1920 2991 1973 in
3019 1935 3141 1973 voce
3179 1920 3548 1974 exsultationis
3578 1928 3629 1975 et

2039 2005 2405 2075 confessionis,
2441 2010 2647 2063 sonitus
2681 2008 2947 2080 epulanti:
2978 2009 3053 2075 ";
3086 2018 3148 2064 ut
3180 2025 3400 2080 semper
3432 2027 3624 2067 vocem

2041 2097 2305 2163 vocibus,
2364 2099 2729 2170 intelligentis
2787 2101 2957 2156 animi
3011 2116 3203 2157 vocem
3267 2102 3627 2174 intelligentia

2040 2188 2210 2245 animi
2228 2191 2463 2247 vocibus
2480 2191 2796 2248 divinorum
2820 2192 3071 2263 profectu
3097 2195 3627 2265 contemplationum

2040 2294 2443 2354 sejtsorumque
2484 2283 2671 2349 addat,
2702 2300 2829 2340 cum
2860 2285 3087 2351 mentis,
3120 2285 3177 2340 in
3209 2286 3279 2341 iis
3308 2302 3433 2357 quae
3460 2286 3628 2342 intel-

2040 2366 2182 2422 lecta
2216 2368 2426 2426 iuerint
2454 2380 2621 2442 atque
2646 2371 2895 2442 dispecta
2922 2374 3314 2440 exsultatione,
3351 2376 3470 2430 sive
3497 2391 3631 2446 gau-

2041 2457 2155 2525 dio,
2203 2460 2672 2531 convenientique
2728 2477 2832 2532 pro
2882 2464 3004 2533 ejus
3059 2464 3276 2519 ratione
3325 2465 3629 2536 gratiarum

2042 2552 2279 2608 actione.
2346 2552 2501 2608 Talia
2564 2553 2714 2609 enim
2786 2555 2950 2625 epula
3021 2557 3320 2626 epulantur
3378 2556 3630 2627 festaque

2043 2654 2234 2717 agunt,
2296 2646 2617 2718 quicunque
2681 2646 2953 2718 Spiritum
3015 2648 3209 2718 gratia:
3267 2656 3627 2718 acceperunt,

2043 2738 2366 2795 clamantem
2393 2740 2451 2793 in
2472 2756 2651 2795 eorum
2670 2739 2935 2794 cordibus:
2958 2738 3124 2803 Abba,
3154 2738 3319 2794 Pater
3343 2738 3409 2793 “.

2116 2829 2204 2884 78.
2238 2828 2420 2885 Locus
2458 2828 2801 2884 tabernaculi
2834 2827 3201 2893 admirabilis,
3245 2828 3632 2898 pacatissimus

2046 2926 2217 2977 estet
2246 2918 2509 2974 innoxius
2550 2917 2820 2972 virtutum
2858 2916 3119 2982 habitus;
3154 2930 3266 2986 quo
3306 2915 3405 2969 Dei
3436 2914 3631 2969 Sermo

2046 3011 2370 3076 adveniens,
2398 3009 2626 3066 diverso
2657 3009 2929 3065 virtutum
2963 3009 3140 3073 cultu,
3174 3008 3348 3063 instar
3377 3007 3636 3064 taberna.

357 3105 628 3173 τακοσμεῖ
678 3103 930 3175 καθάπερ
972 3104 1177 3175 σκηνὴν
1212 3104 1312 3177 τὴν
1341 3104 1542 3177 ψυχήν.
1586 3106 1645 3160 ’0
1696 3105 1756 3161 δὲ
1791 3103 1940 3171 οἶκος

2049 3105 2182 3172 culi,
2212 3105 2476 3177 praeclare
2527 3106 2776 3161 animum
2821 3114 2983 3161 ornat
3017 3114 3182 3174 atque
3229 3102 3476 3157 instruit.
3534 3100 3633 3156 Dei

358 3195 451 3250 τοῦ
481 3195 706 3267 Θεοῦ,ή
751 3197 815 3249 ὲκ
862 3196 1073 3250 πολλῶν
1125 3195 1221 3251 καὶ
1274 3196 1549 3269 διαφόρων
1602 3200 1941 3271 συγκειμένη

360 3288 735 3360 θεωρημάτων
761 3288 964 3359 γνῶσίς
999 3291 1113 3343 ἔστι
1147 3307 1162 3321 ⁶
1192 3291 1315 3345 καθ’
1342 3294 1409 3365 ἢν
1432 3291 1681 3363 ἐνδημῶν
1702 3296 1771 3365 τῇ
1793 3293 1940 3366 ψυχῇ

358 3382 392 3434 ό
414 3381 566 3447 Θεὸς,
598 3380 692 3433 τοῦ
718 3381 818 3452 τῆς
848 3382 1040 3451 σοφίας
1086 3382 1367 3453 κρατῆρος
1421 3384 1829 3455 ὲμπίμπλησιν.
1878 3387 1942 3439 'H

358 3475 414 3530 δὲ
442 3475 594 3548 φωνὴ
636 3477 735 3547 τῆς
775 3474 1153 3545 ἀγαλλιάσεως
1189 3478 1331 3542 ἐστι,
1371 3478 1434 3531 τὸ
1468 3478 1562 3531 ἐπὶ
1608 3478 1689 3548 τῷ
1720 3478 1941 3549 πλούτῳ

357 3569 468 3623 τῶν
502 3568 713 3640 ἀρετῶν
748 3569 845 3639 τῆς
868 3568 1048 3640 ψυχῆς
1078 3570 1379 3641 σκίρτημα.
1416 3572 1481 3625 Ἦ
1511 3571 1568 3625 δὲ
1606 3572 1703 3644 τῆς
1755 3572 1944 3643 ἐξομο-

358 3659 655 3733 λογησεως,
681 3663 715 3732 η
752 3661 848 3713 ἐπὶ
894 3662 961 3732 τῇ
995 3660 1122 3733 δόξῃ
1169 3662 1272 3733 τῆς
1303 3664 1444 3716 κατά
1488 3662 1587 3735 τὴν
1628 3666 1821 3733 σοφίαν
1851 3666 1943 3718 εὑ-

358 3753 530 3824 ωχίας
581 3752 731 3807 ἐστὶν
767 3753 1111 3826 εὐχαριστία.
1153 3754 1212 3807 '0
1250 3755 1308 3808 δὲ
1341 3751 1497 3825 ἦχος,
1528 3758 1562 3828 η
1608 3756 1669 3822 ὲξ
1712 3758 1941 3827 ἀμφοῖν,

359 3845 736 3917 ἀγαλλιάσεως
762 3864 905 3918 φημι
931 3846 1026 3901 καὶ
1044 3846 1512 3917 ὲξομολογήσεως,
1540 3848 1682 3901 κατά
1705 3849 1943 3920 σύγκρα-

363 3960 447 3997 σιν
477 3941 740 4013 γινομένη
756 3941 1016 4015 διηνεκὴς
1048 3940 1287 4012 μυστικὴ
1307 3940 1604 4011 δοξολογία.

340 4193 347 4209 1
432 4131 529 4186 οθ’.
573 4132 632 4185 Ὀ
675 4127 941 4199 γενναίως
976 4126 1396 4188 καταπαλαίσας
1431 4125 1499 4179 τὰ
1532 4124 1684 4198 πάθη
1712 4125 1807 4179 τοῦ
1839 4125 1945 4180 σώ-

341 4214 553 4297 ζματος,
583 4225 677 4279 καὶ
705 4225 819 4286 τοῖς
856 4222 1191 4293 ἀκαθάρτοις
1219 4219 1525 4290 πνεύμασιν
1561 4218 1761 4282 ἱκανῶς
1789 4219 1948 4274 πολε-

367 4316 568 4387 μήσας,
603 4312 698 4367 καὶ
725 4312 826 4383 τῆς
861 4309 1058 4365 ἑαυτοῦ
1103 4307 1246 4363 κατά
1268 4307 1447 4379 ψυχὴν
1471 4306 1657 4379 χώρας
1680 4307 1946 4374 ἐξελάσας

370 4406 543 4461 ιῠτῶν
573 4405 641 4459 τά
671 4406 943 4477 νοήματα·
976 4400 1204 4473 καρδίαν
1238 4399 1482 4471 εὐχέσθω
1525 4398 1773 4470 καθαρὰν
1796 4397 1946 4467 αὐτῷ

2045 3206 2231 3255 autem
2264 3197 2487 3265 domus,
2530 3197 2767 3254 scientia
2803 3206 2910 3264 est,
2944 3214 3012 3252 ex
3056 3197 3246 3252 multis
3285 3196 3635 3267 diversisque

2045 3292 2410 3350 theorematis
2462 3291 2755 3361 sensisque
2802 3289 3097 3361 exquisitis
3153 3289 3479 3354 constituta,
3526 3305 3634 3359 qua

2045 3387 2192 3443 Deus
2227 3386 2428 3441 animae
2463 3385 2755 3447 immeans.
2785 3383 3071 3454 sapientiae
3114 3397 3238 3437 eam
3282 3389 3498 3437 cratere
3535 3382 3635 3436 im-

2043 3479 2178 3548 plet.
2216 3478 2330 3535 Vox
2357 3492 2492 3534 vero
2508 3475 2920 3541 exsultationis,
2946 3476 3117 3530 animi
3136 3474 3455 3547 tripudium
3473 3474 3635 3545 505

2045 3582 2153 3636 est,
2190 3571 2262 3627 ob
2291 3571 2564 3626 virtutum
2596 3569 2801 3624 uberes
2836 3567 3082 3623 divitias.
3127 3567 3243 3622 Vox
3278 3574 3463 3621 autem
3499 3582 3636 3621 con-

2045 3663 2326 3728 fessionis,
2379 3661 2681 3733 gratiarum
2728 3660 2873 3715 actio
2914 3675 3017 3729 pro
3056 3675 3121 3714 ea
3160 3659 3434 3724 claritate,
3470 3674 3634 3729 quam

2046 3755 2335 3824 sapientiae
2400 3752 2716 3807 convivium
2771 3750 2988 3806 tribuit.
3052 3751 3340 3805 Postremo
3396 3752 3634 3817 sonitus,

2046 3860 2170 3916 qua:
2193 3859 2261 3899 ex
2291 3852 2527 3912 utraque
2558 3843 2699 3914 (tum
2722 3841 2936 3897 scilicet
2959 3840 3331 3895 exsultatione
3356 3848 3473 3894 tum
3504 3856 3637 3895 cono

2046 3933 2311 4004 fessione)
2345 3933 2581 4003 quadam
2625 3931 3030 4003 temperatione
3069 3930 3218 4002 jugis
3251 3930 3481 3998 mystica
3514 3930 3635 3984 lau-

2046 4026 2198 4082 datio
2222 4024 2472 4095 emergit.

2120 4120 2208 4175 79.
2234 4117 2338 4184 Qui
2359 4125 2585 4172 strenue
2606 4112 2846 4183 fortique
2871 4111 3073 4167 robore
3106 4110 3357 4181 corporis
3378 4110 3636 4166 libidines

2048 4219 2213 4281 atque
2239 4208 2374 4263 vitia
2404 4205 2728 4269 debellavit,
2758 4211 3123 4274 ac-quantum
3161 4201 3298 4257 satis
3337 4202 3410 4257 sit
3442 4201 3637 4257 adver-

2050 4319 2147 4360 sus
2194 4300 2511 4357 immundos
2553 4297 2787 4369 spiritus
2835 4294 3193 4366 depugnavit,
3238 4308 3416 4363 exque
3463 4293 3635 4348 animi

2053 4398 2142 4455 sui
2200 4395 2427 4467 regione
2482 4406 2681 4448 eorum
2733 4389 3009 4461 cogitatus
3063 4386 3276 4457 expulit
3317 4404 3330 4440 :
3376 4386 3639 4457 precibus

363 4480 605 4569 lcioOi’jvatt,
642 4495 741 4549 κα)⁸
776 4492 995 4563 πνεῦμα
1040 4491 1193 4554 esse;
1221 4492 1279 4543 ὲν
1309 4492 1423 4553 τοῖς
1460 4489 1716 4558 ὲγκάτοις
1758 4490 1949 4557 ὲγκαιυ

2055 4489 2303 4545 enitatur
2321 4502 2419 4542 cor
2446 4485 2552 4541 sibi
2580 4483 2849 4538 mundum
2872 4480 3013 4545 dari,
3040 4487 3096 4536 et
3128 4481 3387 4551 spiritum
3423 4492 3640 4535 rectum

363 4591 610 4662 νισθῆναι
633 4605 646 4620 ο
677 4588 947 4647 τουτέστι.
987 4584 1211 4647 τελείως
1234 4583 1342 4636 τῶν
1388 4583 1489 4653 μὲν
1523 4581 1743 4652 φαύλων
1778 4599 1947 4635 κενωο

365 4685 526 4755 θῆναι
551 4680 854 4753 λογισμῶν,
885 4679 995 4733 τῶν
1022 4679 1081 4733 δὲ
1128 4677 1290 4731 θείων
1336 4673 1559 4729 ἐννοιῶν
1590 4672 1948 4745 πληρωθῆναι

362 4776 450 4832 διά
480 4776 577 4845 τῆς
599 4774 858 4846 χάριτος
895 4771 983 4824 ἵνα
1033 4768 1261 4838 γένηται
1310 4766 1515 4835 κόσμος
1559 4764 1696 4818 Θεοῦ
1741 4763 1949 4836 νοητῶς

363 4867 615 4938 λαμπρός
669 4882 729 4917 τε
770 4863 864 4918 καὶ
914 4862 1111 4932 μέγας,
1140 4858 1198 4925 ἐξ
1218 4856 1425 4927 ἠθικῶν
1453 4855 1548 4909 καὶ
1581 4852 1831 4926 φυσικῶν
1854 4855 1951 4908 καὶ

366 4959 693 5031 θεολογικῶν
726 4954 999 5020 συνεστὼς
1030 4952 1427 5024 θεωρημάτων.

437 5149 512 5197 π’.
562 5141 620 5193 ὐ
642 5141 741 5210 τὴν
784 5135 1009 5208 καρδίαν
1054 5131 1301 5205 καθαράν
1331 5129 1728 5203 ἐργασάμενος,
1760 5127 1820 5180 οὐ
1852 5127 1950 5198 μό-

366 5252 456 5290 νον
478 5233 590 5289 τῶν
613 5229 1037 5301 ὑποϐεϐηκότων
1072 5227 1168 5281 καὶ⁵
1202 5223 1342 5295 μετά
1363 5221 1497 5276 Θεὸν
1522 5221 1791 5291 γνώσεται
1825 5219 1952 5283 τοὺς

364 5329 583 5399 λόγους,
615 5326 752 5381 ἀλλά
810 5326 906 5379 καὶ
939 5320 1087 5393 αὐτῷ
1130 5318 1314 5383 ποσῶς
1363 5315 1501 5389 μετά
1531 5314 1630 5385 τὴν
1674 5313 1785 5367 τῶν
1814 5312 1951 5365 ὅλων

366 5421 636 5486 διάϐασιν,
666 5419 828 5489 ένορᾷ
855 5433 870 5449 ο
919 5417 1058 5488 ὅπερ
1108 5414 1257 5467 ἐστὶν
1318 5410 1619 5482 ἀκρότατον
1653 5406 1808 5470 τέλος
1841 5405 1947 5458 τῶν

366 5512 590 5581 ἀγαθῶν
612 5528 625 5540 ·
651 5512 708 5563 ὲν
805 5508 1099 5579 γενόμενος
1126 5507 1155 5558 ὁ
1184 5504 1338 5567 Θεὸς,
1366 5503 1508 5569 ἀξιοῖ
1539 5501 1605 5556 τά
1633 5500 1740 5554 ἴδια
1761 5499 1945 5570 γράμ-

371 5621 517 5676 ματα
546 5602 635 5657 διὰ
658 5600 750 5655 τοῦ
782 5599 1090 5672 πνεύματος
1131 5595 1508 5667 ἐγχαράττειν,
1542 5590 1796 5663 καθάπερ
1838 5593 1950 5647 τισὶ

461 5719 507 5752 ⁸⁸
532 5717 691 5774 Joan.
719 5730 850 5783 xvn,
880 5713 968 5782 l0,
1003 5714 1093 5768 l9.
1196 5713 1241 5745 ⁸¹
1270 5713 1285 5766 l
1312 5710 1468 5767 Joan.
1495 5725 1571 5777 In,
1607 5708 1662 5765 2.

368 5810 399 5851 ι
448 5790 534 5846 η
636 5976 637 5979 η
694 5884 971 5945 Ριτιιοι..
1002 5882 1119 5943 Gn.
1156 5878 1287 5941 XC.

2056 4583 2114 4638 in
2153 4579 2464 4635 visceribus
2519 4577 2637 4633 suis
2686 4574 2941 4630 innovari
2981 4574 3061 4640 ⁴³;
3105 4584 3168 4629 ut
3209 4573 3421 4629 scilicet
3458 4573 3642 4643 pravis

2057 4672 2491 4745 cogitationibus
2524 4670 2686 4740 plene
2723 4667 3016 4731 abdicatis,
3063 4665 3269 4721 divinis
3302 4665 3490 4738 gratiae
3520 4681 3641 4720 mu-

2056 4783 2194 4824 nere
2234 4766 2549 4822 rationibus
2574 4764 2910 4834 impleatur;
2950 4777 3062 4833 quo
3096 4762 3361 4817 nimirum
3398 4760 3642 4831 splendi-

2057 4861 2165 4916 dus
2207 4872 2549 4930 magnusque
2584 4856 2681 4910 Dei
2723 4858 2987 4920 mundus,
3019 4868 3089 4909 ex
3114 4852 3439 4915 moralibus,
3473 4860 3638 4905 natu-

2057 4951 2270 5007 ralibus
2301 4959 2467 5019 atque
2497 4946 2704 5001 divinis
2729 4944 3090 5001 theorematis
3114 4942 3404 5011 sensisque
3438 4940 3640 4995 consti-

2058 5052 2233 5109 tutus,
2264 5040 2555 5099 efficiatur.

2127 5134 2213 5190 80.
2246 5134 2352 5202 Qui
2382 5148 2479 5189 cor
2507 5127 2776 5185 mundum
2805 5124 3066 5190 reddidit,
3101 5124 3307 5181 nedum
3338 5137 3529 5179 rerum
3554 5122 3641 5176 in-

2055 5227 2324 5283 feriorum
2367 5232 2424 5277 et
2483 5238 2605 5293 qua:
2652 5236 2679 5275 a
2727 5221 2841 5275 Deo
2891 5215 3149 5273 secundae
3206 5222 3355 5278 sunt,
3398 5213 3643 5266 rationes

2058 5318 2369 5390 intelliget,
2412 5326 2607 5370 verum
2649 5312 2900 5368 etiamin
2956 5309 3132 5379 ipsum
3176 5307 3352 5362 Deum
3385 5302 3644 5361 omnibus

2059 5410 2336 5482 superatis
2357 5421 2584 5479 quoquo
2623 5404 2789 5461 modo
2816 5402 2986 5458 animi
3022 5400 3243 5455 oculum
3288 5397 3518 5468 deliget;
3548 5396 3645 5467 qui

2058 5505 2335 5560 bonorum
2370 5513 2666 5571 supremus
2696 5496 2822 5551 linis
2849 5504 2935 5551 est
2975 5512 2989 5547 :
3036 5492 3127 5548 cui
3171 5505 3367 5561 nempe
3410 5488 3646 5544 illabens

2058 5596 2229 5661 Deus,
2256 5607 2388 5649 suas
2429 5591 2548 5662 ipse
2582 5589 2800 5643 litteras
2838 5586 2991 5641 velut
3016 5582 3284 5646 ,Mosaicis
3318 5581 3521 5636 tabulis
3549 5594 3646 5649 per

1773 5712 1817 5746 δ’
1845 5712 1989 5772 Psal.
2014 5730 2159 5783 cm,
2194 5711 2249 5768 6.
2326 5710 2373 5743 "
2404 5706 2548 5765 Psal.
2588 5721 2697 5773 xu,
2734 5704 2789 5759 5.
2867 5702 2912 5734 δ”
2948 5700 3128 5757 Galat.
3172 5713 3246 5759 tv.
3276 5697 3329 5753 6.
3404 5697 3451 5728 ⁸⁵
3500 5695 3646 5752 Psal.

3270 5860 3347 5920 37
