4060 6322
3434 346 3567 412 1168

298 458 505 530 γενεῶν
533 456 783 528 βούλεται
814 454 1011 528 δηλοῦν
1043 456 1071 512 ὁ
1104 457 1264 527 λόγος
1283 499 1296 519 .
1336 460 1621 528 λέγοντεςο
1650 458 1797 522 τινες
1827 461 1885 516 δὲ

1998 472 2092 514 nec
2122 473 2236 514 non
2262 468 2650 531 generationes
2684 457 2905 514 saeculis
2930 459 3276 531 conjunctas.
3317 459 3398 515 Ne
3435 474 3571 516 vero

295 550 463 607 πάλιν
486 548 679 611 ἁπλῶς
703 549 754 601 οἰ
797 548 1013 614 αἰῶνες,
1050 549 1145 604 καὶ
1179 550 1328 613 τινες
1376 549 1585 614 αἰῶνες
1609 549 1721 604 τῶν
1751 548 1884 604 αἰώ-

1998 549 2468 621 inpraesentiarum
2508 548 2873 622 exponendo,
2925 548 3058 619 quid
3106 565 3207 621 per
3246 550 3572 622 temporalia

294 658 422 702 νων,
450 641 536 704 τίς
564 656 625 692 τε
652 640 683 693 ό
717 639 907 705 ἁπλῶς
961 638 1118 704 αἰὼν,
1154 637 1247 692 καὶ
1286 639 1316 692 ὁ
1340 636 1481 693 αἰὼν
1529 637 1626 691 τοῦ
1657 636 1890 704 αἰῶνος,

1998 638 2206 709 uacula,
2247 641 2453 713 quidve
2495 658 2599 714 per
2628 642 2915 698 szecularia
2962 648 3213 712 tempora
3243 652 3300 699 et
3342 659 3574 715 genera-

294 732 462 786 πολὺν
492 732 646 803 παρὰ
679 732 781 804 τὴν
810 730 1074 786 ὑπόθεσιν
1105 729 1443 800 ὲκτείνωμεν
1469 728 1647 798 λόγον,
1667 728 1736 783 τὰ
1759 730 1890 802 περὶ

1998 734 2165 790 tiones
2201 734 2519 807 signiﬁcare
2549 735 2683 791 velit
2723 732 3044 806 Scriptura;
3081 749 3332 804 quaenam
3384 743 3571 791 autem

291 824 499 880 τούτων
532 828 650 891 τοῖς
692 823 1019 898 φιλομαθέσι
1046 824 1273 878 σκοπεῖν
1302 821 1586 886 ἐάσαντες,
1624 822 1763 894 πρὸς
1794 823 1888 877 τὸν

1998 842 2179 883 rursus
2200 827 2530 898 simpliciter
2567 826 2786 893 saecula,
2829 841 2894 882 ac
2936 841 3059 896 quae
3100 826 3301 882 saecula
3338 827 3573 883 saeculo-

294 919 496 973 σκοπὸν
535 919 606 974 δι’
633 919 696 972 ὃν
723 918 899 973 ταῦτα
929 914 1343 989 προηγάγομεν,
1377 912 1785 986 ἐπανέλθωμεν.

1998 934 2145 987 rum;
2181 921 2442 991 quodque
2478 921 2617 977 adeo
2664 919 2990 991 simpliciter
3034 919 3320 985 saeculum,
3369 928 3427 974 et
3470 936 3573 977 sa:-

290 1015 481 1071 eulum
505 1015 718 1079 szeculi,
750 1014 913 1084 longa
948 1026 979 1068 a
1042 1011 1333 1084 proposito
1394 1009 1740 1082 digressione
1798 1024 2111 1066 sermonem
2156 1014 2574 1084 protrahamus;
2611 1013 2701 1069 his
2751 1012 3132 1069 studiosorum
3171 1008 3474 1083 diligentiae
3510 1028 3575 1069 ac

268 318 434 415 ~1165
1112 347 1447 410 CAPITUM
1481 345 1753 409 THEOL.
1791 347 1888 408 ΕΤ
1926 345 2162 408 (ECON.
2203 324 2595 410 CENTURIA
2630 349 2712 408 II.

293 1106 669 1178 disquisitioni
695 1104 926 1170 relictis,
964 1102 1035 1158 ad
1062 1105 1411 1175 propositum
1443 1102 1632 1166 linem,
1670 1100 1883 1155 ratione
1921 1102 2082 1172 cujus
2105 1103 2223 1159 haec
2253 1104 2638 1175 produximus,
2678 1112 3046 1161 revertamur.

364 1204 488 1265 σις’.
517 1197 754 1268 Οἶδαμέν
786 1212 841 1249 τι
870 1193 1016 1251 κατὰ
1056 1195 1159 1267 τὴν
1213 1194 1440 1266 Γραςρὴν
1476 1189 1845 1263 ὑπεραιώνιον
1869 1207 1881 1220 ⁸

292 1295 432 1364 ὅπερ
461 1289 545 1344 ὅτι
580 1291 679 1361 μὲν
711 1288 883 1351 ἔστιν,
909 1287 1152 1357 ἑσήμανε
1177 1303 1197 1321 ο
1225 1285 1358 1340 τίδὲ
1386 1283 1548 1338 τοῦτό
1584 1283 1753 1343 ἐστιν,
1779 1282 1881 1335 οὐκ

293 1383 572 1453 ὠνόμασε,
600 1379 746 1435 κατὰ
775 1379 861 1445 τὸ,
902 1379 1121 1446 Κύριος
1145 1376 1501 1443 βασιλεύων
1530 1373 1641 1428 τὸν
1671 1370 1902 1435 αἰῶνα..

295 1481 394 1532 καὶ
422 1477 517 1530 ἐπ’
541 1472 729 1529 αἰῶνα
754 1472 856 1527 καὶ
880 1473 990 1528 ἔτι.
1016 1469 1227 1525 Οὐκοῦν
1253 1469 1369 1524 ἔστι
1396 1484 1449 1522 τι
1479 1466 1719 1541 πρᾶγμα
1741 1463 1884 1534 ὑπὲρ

298 1569 524 1632 αἰῶνας,
559 1569 593 1638 ή
640 1564 955 1638 ἀκραιφνὴς
1000 1562 1099 1618 τοῦ
1149 1559 1288 1616 Θεοῦ
1338 1558 1605 1629 βασιλεία.
1645 1555 1724 1611 Οὐ
1772 1554 1885 1627 γὰρ

2063 1193 2153 1250 86.
2195 1193 2417 1251 Scimus
2452 1195 2738 1266 Scriptura
2773 1204 2915 1251 teste
2949 1210 3072 1252 esse
3112 1190 3323 1269 aliquid
3358 1195 3575 1252 smeulis

1991 1284 2285 1356 superius;
2310 1284 2460 1355 quod
2494 1285 2588 1341 illa
2616 1284 2844 1356 quidem
2872 1300 2994 1341 esse
3031 1285 3400 1358 signiﬁcavit;
3440 1286 3575 1358 quid

1992 1380 2176 1431 tamen
2207 1385 2376 1442 esset,
2415 1375 2646 1432 minime
2690 1392 2759 1432 ex
2804 1377 3030 1433 nomine
3072 1378 3381 1449 expressit;
3419 1377 3577 1450 juxta

1990 1468 2139 1539 quod
2169 1469 2439 1541 scriptum
2470 1478 2556 1525 est
2588 1487 2601 1524 :
2642 1468 2902 1524 Dominus
2946 1486 3173 1542 regnans
3213 1468 3488 1536 arculum,
3527 1479 3577 1523 et

1988 1561 2045 1613 in
2093 1559 2346 1616 sarculum
2382 1570 2431 1615 et
2466 1560 2612 1616 ultra
2649 1560 2717 1614 ιη.
2754 1559 2854 1616 Est
2887 1561 3075 1632 itaque
3110 1560 3318 1631 aliquid
3361 1560 3579 1617 saeculis

295 1661 361 1732 δὴ
400 1659 561 1732 θέμις
588 1656 764 1712 εἰπεῖν
789 1651 1019 1728 ἧρχθαι,
1054 1654 1090 1727 ἢ
1138 1651 1442 1725 φθάνεσθαι
1472 1649 1578 1704 ὑπὸ
1607 1647 1820 1703 αἰώνων
1849 1646 1884 1717 ἢ

1998 1650 2271 1719 superius,
2301 1665 2495 1706 verum
2524 1650 2737 1707 scilicet
2763 1650 2863 1707 Dei
2888 1667 3141 1722 regnum.
3167 1652 3281 1707 Nec
3307 1652 3456 1708 enim
3498 1652 3582 1707 fas

300 1719 510 1826 χρόνων
532 1719 633 1822 τὴν
665 1751 760 1804 τοῦ
954 1719 1255 1819 βασιλεξαν.
1286 1743 1509 1814 Ταύτην
1535 1740 1593 1795 δὲ
1628 1738 1886 1793 πιστεύο-

1998 1751 2076 1795 est
2106 1749 2166 1796 ut
2214 1738 2351 1796 illud
2384 1740 2658 1812 incepisse
2692 1719 2977 1807 dicamus,
3004 1740 3092 1796 vel
3131 1757 3255 1798 esse
3282 1741 3578 1813 ejusmodi.

302 1865 403 1920 μεν
424 1844 564 1903 εἶναι
612 1846 723 1900 τῶν
760 1844 1088 1916 σωζομένων
1116 1839 1520 1915 κληρονομίαν,
1552 1836 1654 1892 καὶ
1694 1833 1884 1907 μονὴν,

300 1944 395 1997 καὶ
434 1941 600 1995 τόπον
622 1981 639 2005 ,
672 1939 853 2003 καθὼς
890 1939 919 1990 ὁ
956 1935 1163 2008 ἀληθὴς
1199 1932 1537 2006 παραδίδωσι
1582 1928 1772 1998 λόγος’
1812 1927 1888 1993 ὡς

298 2034 453 2099 τέλος
481 2033 593 2088 τῶν
620 2031 690 2087 δι’
725 2030 973 2102 ἐφέσεως
1000 2027 1138 2099 πρὸς
1179 2026 1243 2082 τὸ
1290 2024 1519 2097 ἔσχατον
1544 2021 1769 2094 ὀρεκτὸν
1802 2036 1889 2074 κε-

260 2129 265 2133 ’
299 2128 600 2199 νουμένων·
622 2130 683 2181 ὲν
697 2119 742 2196 ᾧ
758 2126 1055 2196 γινόμενοι,
1074 2123 1258 2195 πάσης
1277 2121 1376 2193 τῆς
1396 2115 1689 2173 ὁποιασοῦν
1706 2114 1891 2187 δέχον-

300 2236 392 2275 ται
453 2218 668 2273 παῦλαν
735 2219 1005 2288 κινήσεως
1047 2232 1062 2246 ·
1106 2216 1185 2278 ὡς
1237 2211 1438 2285 μηκέτι
1499 2209 1693 2281 χρόνου
1748 2206 1894 2269 τινὸς

299 2311 452 2376 ὄντος
477 2309 656 2365 αὐτῶν
693 2310 727 2381 ἢ
754 2309 949 2373 αἰῶνος
973 2306 1069 2362 τοῦ
1095 2302 1417 2377 classem;
1459 2298 1787 2372 ὀφείλοντος,
1804 2292 1893 2351 οἷα

305 2404 372 2475 δὴ
407 2404 547 2474 μετὰ
579 2402 760 2456 πάντα
802 2400 1211 2472 καταντήσασιν
1235 2400 1318 2463 εἰς
1343 2397 1436 2451 τὸν
1470 2395 1637 2449 Θεὸν
1666 2393 1761 2447 τὸν
1790 2390 1898 2461 πρὸ

303 2497 521 2552 πάντων
554 2498 686 2551 ὄντα
731 2496 840 2549 τῶν
879 2488 1093 2549 αἰώνων
1119 2534 1135 2561 ,
1160 2492 1258 2547 καὶ
1313 2490 1374 2545 ὃν
1410 2487 1641 2559 φθάνειν
1676 2481 1893 2537 αἰώνων

302 2589 467 2662 φύσις
516 2588 580 2643 οὗ
627 2587 895 2659 πέφυκεν.

1992 1844 2057 1888 ut
2105 1833 2221 1890 sive
2256 1834 2456 1890 saecula
2494 1833 2610 1890 sive
2652 1836 2904 1906 tempora
2958 1835 3142 1905 ipsum
3187 1841 3582 1904 assequantur,

1993 1924 2111 1982 Hoc
2139 1935 2325 1982 autem
2352 1936 2605 1998 regnum,
2633 1940 2829 1981 eorum
2864 1925 3267 1981 hzereditatem.
3308 1923 3581 1994 sedesque

1996 2040 2063 2080 ac
2092 2023 2277 2077 locum
2311 2032 2435 2075 esse
2458 2017 2760 2085 credimus,
2797 2019 2893 2089 qui
2924 2018 3085 2074 electi
3122 2018 3357 2073 salutem
3383 2031 3580 2073 conse-

1996 2117 2268 2184 quuntur,
2318 2107 2401 2162 uti
2455 2105 2622 2161 tradit
2670 2121 2842 2162 verus
2901 2121 3121 2174 sermo;
3168 2106 3316 2161 velut
3369 2105 3583 2162 scilicet

1993 2216 2190 2259 eorum
2222 2197 2549 2269 cupiditatis
2578 2195 2766 2265 ﬁnem,
2817 2196 2911 2268 qui
2945 2196 3014 2251 ad
3056 2211 3378 2267 supremum
3418 2210 3578 2267 appe-

1997 2294 2153 2350 tibile
2185 2289 2346 2362 507
2377 2297 2677 2345 moventur
2705 2308 2718 2344 :
2764 2290 2924 2360 cujus
2964 2288 3062 2345 ubi
3096 2287 3269 2344 semel
3300 2298 3585 2359 compotes

1995 2386 2179 2441 eﬁectl
2205 2383 2433 2449 fuerint,
2461 2378 2530 2437 ab
2555 2381 2705 2438 omni
2733 2379 2957 2451 penitus
2983 2388 3133 2436 motu
3167 2397 3231 2436 ac
3260 2380 3583 2436 incitatione

1995 2475 2297 2533 cessabunt
2333 2492 2347 2529 :
2380 2472 2530 2546 quod
2571 2473 2685 2545 jam
2730 2472 2945 2528 nullum
2987 2473 3069 2529 eis
3108 2482 3327 2543 tempus
3360 2482 3456 2528 aut
3483 2488 3584 2528 sae-

1997 2568 2185 2623 culum
2212 2563 2586 2636 superandum
2626 2574 2881 2633 superet;
2926 2578 3053 2618 cum
3091 2563 3369 2634 superatis
3399 2563 3584 2618 omni-

304 2644 411 2733 ὗσε
445 2644 523 2733 ⁷ἰιι
576 2644 753 2733 Deum
816 2672 1142 2739 inciderint,
1204 2667 1422 2727 cunctis
1479 2663 1700 2724 saeculis
1747 2659 2107 2725 anteriorem,
2150 2665 2208 2712 et
2247 2666 2415 2727 quem
2464 2644 2614 2710 nulla
2690 2654 3023 2710 saeculorum
3097 2664 3295 2710 natura
3362 2654 3584 2725 assequi

533 2862 650 2931 Ἐφ’
678 2862 803 2916 ὅσον
837 2861 1032 2932 χρόνον
1073 2858 1157 2922 τίς
1185 2858 1334 2910 ἐστιν
1372 2847 1514 2926 έντῇ
1546 2850 1661 2923 ζωῇ
1694 2847 1890 2920 ταύτῃ,

304 2956 410 3013 κᾶν
438 2954 645 3019 τέλειός
670 2956 788 3008 ἐστι
835 2950 984 3007 κατὰ
1013 2949 1113 3022 τὴν
1145 2947 1333 3004 ἐνθάδε
1384 2940 1726 3000 κατάστασιν
1748 2983 1763 3004 ,
1798 2940 1894 2994 καὶ

307 3049 507 3128 πράξει
544 3048 639 3103 καὶ
677 3045 906 3119 θεωρία,
933 3043 1033 3116 τὴν
1072 3046 1137 3097 ὲκ
1171 3041 1371 3114 μέρους
1407 3039 1521 3111 ἔχει
1558 3037 1653 3091 καὶ
1690 3034 1892 3104 γνῶσιν
1923 3056 1970 3123 c

306 3144 403 3200 καὶ
442 3140 783 3214 προφητείαν
830 3139 926 3194 καὶ
980 3135 1284 3212 ἀρραϐῶνα
1330 3132 1649 3205 Πνεύματος
1698 3128 1888 3198 ἁγίου·

308 3237 427 3294 ἀλλ’
457 3232 559 3292 οὐκ
585 3235 719 3291 αὐτὸ
747 3234 809 3289 τὸ
837 3234 1112 3305 πλήρωμα
1150 3248 1162 3261 ο
1190 3228 1543 3301 ὲλευσόμενὸς
1581 3242 1714 3278 ποτε
1757 3221 1895 3293 μετά

305 3334 405 3408 τὴν
431 3332 543 3387 τῶν
562 3328 777 3385 αἰώνων
802 3329 1104 3402 περαίωσιν
1126 3328 1205 3390 εἰς
1235 3326 1336 3396 τὴν
1363 3323 1576 3377 τελείαν
1603 3318 1778 3391 λῆξιν,
1796 3318 1895 3386 τὴν

306 3430 602 3502 πρόσωπον
630 3426 769 3500 πρὸς
804 3427 1098 3498 πρόσωπον
1126 3426 1240 3487 τοῖς
1268 3421 1441 3487 ἀξίοις
1471 3415 1764 3472 δεικνῦσαν
1792 3413 1892 3467 αὐ-

306 3520 409 3591 τὴν
437 3519 522 3589 ἐφ’
548 3519 751 3590 ἑαυτῆς
778 3517 1024 3570 ἑστῶσαν
1044 3513 1144 3587 τὴν
1165 3513 1423 3584 ἀλήθειαν
1454 3527 1469 3543 ο
1497 3509 1571 3572 ὡς
1613 3505 1811 3578 μηκέτι
1832 3505 1897 3558 ὲκ

307 3612 404 3668 τοῦ
430 3611 801 3683 πληρώματος
840 3609 1004 3681 μέρος
1033 3607 1200 3677 ἔχειν,
1234 3604 1348 3658 ἀλλ’
1374 3602 1508 3658 αὐτὸ
1538 3601 1601 3653 τὸ
1621 3599 1897 3670 πλήρωμα

309 3706 410 3776 τῆς
426 3705 651 3776 χάριτος
679 3702 822 3756 κατὰ
847 3699 1062 3770 μέθεξιν
1087 3698 1206 3751 ὅλον
1225 3693 1566 3767 κομίζεσθαι.
1593 3687 1897 3752 Καταντή-

311 3800 528 3853 σεσθιιι
557 3799 686 3866 γὰρ,
714 3792 880 3862 φησὶν
911 3790 939 3842 ὁ
972 3786 1296 3847 ’Δπόστολος
1316 3826 1331 3850 ,
1358 3784 1591 3847 πάντας
1634 3778 1897 3852 (δηλονότι

317 3890 445 3952 τοὺς
480 3883 843 3957 σωζομένους)
887 3885 975 3949 εἰς
1025 3878 1217 3948 ἄνδρα
1254 3875 1489 3930 τέλειον
1516 3874 1652 3948 κείς
1678 3870 1900 3957 μέτροις

314 3948 585 4049 ἡλικίας*
613 3948 721 4031 τοῦ
771 3948 1164 4044 πληρώματος
1215 3966 1322 4023 τοῦ
1380 3962 1642 4035 Χριστοῦ
1681 3980 1695 3994 ν
1729 3961 1800 4014 ἐν
1851 3948 1901 4026 ᾧ

314 4072 476 4125 εἰσιν
497 4071 551 4124 οἱ
579 4064 872 4136 θησαυροὶ
925 4062 1036 4132 τῆς
1068 4060 1289 4131 σοφίας
1315 4058 1415 4112 καί
1461 4052 1574 4124 τῆς
1621 4050 1901 4124 γνώσεως

314 4161 659 4230 ἀπόκρυφοι
682 4175 697 4190 ο
720 4153 791 4230 ἧς
830 4154 1191 4227 φαινομένης,
1233 4152 1295 4206 τὺ
1337 4152 1404 4205 ὲκ
1451 4146 1656 4218 μέρους
1689 4157 1899 4212 καταρ-

314 4252 642 4325 γηθήσεται.

2069 2839 2157 2894 87.
2187 2834 2445 2905 Quandiu
2475 2835 2602 2907 quis
2638 2834 2805 2890 vitam
2840 2841 3168 2905 praesentem
3193 2833 3326 2905 agit,
3346 2835 3450 2889 etsi
3481 2851 3586 2906 pro

1999 2932 2167 3003 hujus
2208 2936 2388 2985 status
2431 2929 2644 2984 ratione
2690 2927 2972 2998 perfectus
3014 2936 3119 2993 est,
3163 2934 3278 2981 tum
3319 2926 3585 2984 nimirum

1998 3022 2217 3078 actione
2271 3029 2385 3074 tum
2439 3012 2926 3088 contemplatione,
2979 3030 3047 3070 ex
3093 3026 3247 3086 parte
3304 3025 3486 3075 tamen
3529 3027 3589 3074 et

1999 3112 2287 3168 scientiam
2318 3119 2374 3169 et
2415 3109 2765 3182 prephetiam
2812 3118 2867 3165 et
2910 3101 3152 3181 Spiritus
3186 3109 3364 3164 sancti
3395 3110 3587 3165 arrha-

1996 3205 2222 3272 bonem,
2259 3218 2369 3259 non
2396 3214 2531 3258 vero
2569 3203 2742 3273 ipsam
2768 3201 3173 3272 plenitudinem
3201 3202 3407 3270 habet;
3450 3220 3590 3258 ven-

1998 3306 2156 3353 turus
2197 3296 2411 3353 scilicet
2445 3294 2744 3365 aliquando
2782 3303 2905 3365 post
2931 3295 3261 3350 saaculorum
3291 3294 3478 3363 ﬁnem,
3518 3296 3586 3351 ad

1996 3389 2300 3461 perfectam
2335 3389 2483 3443 illam
2530 3387 2781 3457 requiem
2821 3387 3151 3458 beatamque
3197 3397 3425 3454 sortem,
3450 3404 3589 3461 qua:

1997 3482 2182 3554 dignis
2216 3481 2523 3551 electisque
2560 3480 2737 3552 ipsam
2779 3479 2835 3535 in
2867 3496 2926 3536 se
2954 3478 3095 3536 facie
3122 3478 3193 3535 ad
3230 3479 3429 3536 faciem
3458 3485 3587 3537 v'erc

1997 3575 2353 3631 exsislentem
2396 3573 2691 3629 veritatem
2739 3571 2998 3628 ostendet
3038 3588 3055 3629 :
3104 3572 3181 3627 ita
3224 3571 3490 3627 nimirum
3528 3583 3588 3627 ut

1999 3683 2109 3721 non
2148 3665 2384 3736 amplius
2415 3681 2481 3719 ex
2523 3662 2867 3734 plenitudine
2896 3663 3054 3733 quasi
3104 3662 3421 3734 decerptam
3463 3680 3584 3735 par-

2001 3759 2109 3804 tem
2136 3751 2398 3814 habeant,
2434 3749 2528 3803 sed
2556 3749 2729 3819 ipsam
2764 3757 2932 3804 totam
2962 3752 3152 3822 gratiae
3182 3752 3588 3822 plenitudinem

2000 3843 2302 3898 secundum
2388 3842 2866 3912 participationem
2947 3844 3210 3900 referant.
3281 3847 3375 3902 Ait
3437 3848 3586 3902 enim

1999 3929 2298 4000 Apostolus
2336 3928 2478 3995 fore,
2532 3938 2587 3983 ut
2623 3946 2965 3984 occurramus
3005 3948 3184 3987 omnes
3216 3934 3333 4004 (qui
3376 3935 3589 3991 scilicet

2001 4022 2235 4076 salutem
2263 4019 2691 4094 consequemur)
2730 4020 2787 4075 in
2814 4023 2986 4077 virum
3014 4023 3330 4094 perfectum,
3351 4026 3407 4080 in
3437 4042 3585 4081 men-

2001 4130 2188 4167 suram
2232 4114 2406 4168 wtatis
2447 4106 3041 4189 plenitudinisﬂhristi
3081 4115 3128 4147 ⁸³
3164 4134 3178 4169 :
3218 4118 3274 4170 in
3316 4132 3421 4189 quo
3462 4128 3587 4172 sunt

2002 4223 2182 4261 omnes
2222 4207 2455 4261 thesauri
2493 4206 2770 4278 sapientiae
2818 4217 2868 4261 et
2913 4210 3148 4264 scientias
3178 4209 3467 4265 abscondili
3506 4213 3584 4278 ";

2003 4316 2111 4371 qua
2135 4298 2375 4372 prodita,
2402 4298 2763 4355 evacuabitur
2783 4300 2931 4371 quod
2962 4316 3030 4355 ex
3059 4310 3215 4372 parte
3241 4302 3479 4359 exsistit.

387 4429 501 4504 ιιι-η’.
531 4428 766 4503 Ζητοῦσι
819 4444 989 4492 τινες,
1035 4425 1155 4489 πῶς
1192 4423 1347 4477 ἔσται
1404 4417 1514 4473 τῶν
1558 4413 1897 4486 ἀξιουμένων

2072 4402 2161 4458 88.
2208 4401 2350 4459 Sunt
2373 4402 2469 4473 qui
2503 4413 2774 4473 quaerant.
2811 4403 3066 4474 quisnam
3100 4400 3324 4461 futurus
3360 4406 3433 4462 sit
3473 4416 3588 4463 sw-

315 4525 416 4598 τῆς
455 4527 515 4580 ὲν
550 4525 616 4596 τῇ
655 4519 906 4596 βασιλείᾳ
936 4517 1032 4572 τοῦ
1082 4515 1220 4571 Θεοῦ
1261 4512 1601 4581 τελειότητος
1643 4510 1678 4581 ἡ
1729 4506 1901 4562 κατά-

317 4631 508 4678 στασις
531 4630 546 4646 ·
589 4612 819 4684 πότερον
850 4611 995 4665 κατὰ
1046 4605 1330 4679 προκοπὴν
1375 4602 1471 4657 καὶ
1503 4599 1801 4672 μετάϐασιν
1821 4639 1835 4660 ,
1865 4598 1899 4667 ἢ

317 4704 457 4759 κατὰ
483 4702 582 4773 τὴν
626 4704 682 4755 ἐν
713 4701 899 4755 στάσει
930 4697 1237 4768 ταυτότητα
1258 4712 1273 4727 ·
1310 4695 1427 4758 πῶς
1462 4709 1524 4746 τε
1557 4691 1627 4745 τὰ
1670 4688 1902 4759 σώματα

316 4798 413 4852 καὶ
444 4797 543 4861 τὰς
582 4795 763 4867 ψυχὰς
802 4788 943 4846 εἶναι
973 4789 1151 4863 χρεὼν
1204 4785 1631 4859 ὑπολαμϐάνειν.
1661 4780 1808 4853 Πρὸς
1834 4779 1899 4852 δὴ

314 4890 474 4945 τοῦτο
533 4883 909 4959 στοχαστικῶς
952 4885 1072 4955 ἐρεῖ
1106 4896 1211 4946 τις,
1247 4881 1329 4935 ὅτι
1379 4876 1633 4946 καθάπερ
1679 4874 1774 4928 ἐπὶ
1806 4873 1905 4944 τῆς

321 4982 644 5053 σωματικῆς
674 4978 823 5049 ζωῆς
856 4976 1041 5039 διττός
1082 4976 1232 5029 ἐστιν
1264 4974 1293 5027 ὀ
1321 4971 1424 5042 τῆς
1460 4967 1672 5041 τροφῆς
1699 4964 1860 5034 λόγος
1885 4978 1899 4994 ⁸

318 5076 347 5129 ὀ
374 5074 475 5144 μὲν
505 5072 643 5144 πρὸς
678 5070 907 5141 αὔξησιν
928 5106 942 5133 ,
973 5069 1003 5122 ὁ
1028 5067 1085 5121 δὲ
1122 5065 1258 5139 πρὸς
1282 5063 1613 5134 συντήρησιν
1641 5056 1747 5112 τῶν
1781 5071 1906 5126 τρε-

321 5166 576 5238 φομένων
604 5186 614 5197 ·
663 5164 861 5235 μέχρις
904 5156 966 5217 οὗ
996 5158 1106 5233 γὰρ
1139 5159 1435 5230 φθάσωμεν
1466 5153 1529 5208 τὸ
1559 5151 1768 5206 τέλειον
1805 5147 1905 5220 τῆς

322 5258 643 5330 σωματικῆς
674 5255 913 5328 ἡλικίας,
942 5254 1260 5327 τρεφόμεθα
1297 5248 1435 5322 πρὸς
1473 5244 1703 5314 αΰξησιν
1722 5244 1904 5295 ’ἐπει-

320 5352 421 5407 δὰν
450 5351 507 5404 δὲ
548 5350 609 5404 τὸ
659 5349 821 5420 σῶμα
853 5351 953 5421 στῇ
1001 5346 1103 5418 τῆς
1158 5347 1242 5410 εἰς
1300 5340 1534 5417 μέγεοος
1584 5336 1902 5401 ἐπιδόσεως,

321 5445 505 5500 οὐκέτι
534 5443 798 5515 τρέφεται
831 5440 972 5512 πρὸς
1022 5440 1275 5512 αὔξησιν,
1297 5436 1435 5492 ἀλλὰ
1472 5432 1610 5505 πρὸς
1644 5430 1908 5499 συντήρη-

2004 4504 2094 4551 tus
2128 4510 2323 4551 eorum
2357 4496 2453 4566 qui
2482 4493 3048 4565 perfecv.ionem.quae
3071 4493 3131 4551 in
3157 4512 3331 4568 regno
3350 4498 3452 4554 Dei
3480 4508 3588 4566 est,

2001 4593 2450 4657 consequentur;
2513 4592 2702 4639 utrum
2769 4584 3079 4640 secundum
3147 4587 3460 4656 profectum
3525 4605 3589 4645 ac

2004 4673 2390 4739 mutationem,
2436 4690 2507 4729 an
2547 4674 2854 4731 secundum
2905 4676 3157 4731 eamdem
3216 4676 3335 4733 lixa:
3386 4680 3590 4748 quietis

2002 4767 2446 4838 possessionem;
2475 4780 2587 4837 quo
2620 4767 2755 4823 item
2774 4767 2942 4823 modo
2973 4783 3032 4824 se
3053 4779 3171 4823 tum
3194 4784 3449 4839 corpora,
3474 4781 3589 4827 tum

2003 4858 2220 4915 animas
2276 4872 2400 4915 esse
2463 4858 2788 4924 habituras,
2845 4860 2919 4915 sit
2975 4859 3428 4915 existimandum.
3486 4859 3584 4916 Cui

1999 4951 2292 5022 quaestioni
2336 4951 2412 5006 ita
2446 4951 2573 5021 quis
2620 4952 2768 5006 haud
2812 4952 2963 5006 inani
2997 4953 3322 5023 conjectura
3366 4967 3592 5025 respon-

2003 5043 2160 5109 deat;
2201 5040 2353 5112 quod
2397 5056 2616 5111 nempe,
2660 5042 2806 5096 sicut
2842 5041 2897 5094 in
2932 5040 3206 5111 corporali
3248 5041 3363 5095 vita
3391 5040 3592 5111 duplex

2002 5153 2090 5200 est
2126 5140 2375 5198 alimenti
2420 5141 2589 5206 ratio;
2625 5142 2800 5196 altera
2835 5140 3084 5209 quidem,
3131 5139 3199 5194 ad
3239 5147 3593 5212 augmentum

2006 5234 2352 5306 provehcns;
2384 5233 2559 5287 altera
2593 5247 2747 5298 vero,
2785 5231 2853 5286 ad
2901 5245 3095 5297 eorum
3131 5231 3227 5301 qui
3271 5220 3598 5288 nutriuntur

2002 5328 2298 5385 conferens
2335 5326 2842 5382 conservationem.
2879 5323 3137 5392 Quandiu
3178 5324 3327 5380 enim
3362 5325 3600 5381 necdum

2000 5421 2303 5493 perfectam
2328 5420 2585 5490 corporis
2620 5427 2892 5475 staturam
2935 5418 3249 5488 molemque
3292 5419 3600 5490 attigimus,

326 5555 433 5592 σιν.
467 5510 778 5599 καὶ
807 5510 901 5586 ἐπὶ
941 5533 1042 5604 τῆς
1079 5510 1258 5602 ψυχῆς
1304 5524 1481 5589 διττὸς
1510 5526 1540 5578 ὁ
1572 5521 1673 5593 τῆς
1699 5518 1898 5591 τροφῆς

2003 5512 2285 5568 nutrimur
2335 5520 2394 5564 ut
2436 5520 2790 5582 augeantur:
2844 5510 2942 5565 ubi
2990 5517 3177 5565 autem
3217 5524 3424 5581 corpus
3470 5523 3604 5580 aug-

324 5629 501 5702 λόγσς.
531 5626 803 5703 Τρέφεται
841 5624 945 5698 γὰρ
983 5601 1368 5697 ⁴έτροιξᾶπτουσα
1401 5613 1778 5703 ταῖςιὰρεταῖς
1810 5608 1898 5696 καί

2003 5605 2176 5663 menti
2207 5601 2372 5659 ﬁnem
2414 5602 2631 5671 fecerit,
2675 5618 2783 5659 non
2824 5601 3068 5674 amplius
3098 5603 3346 5660 nutritur
3388 5612 3451 5658 ut
3505 5615 3605 5657 au-

398 5783 653 5844 ”.Exod.
677 5798 767 5848 xv,
797 5778 881 5835 l8.
964 5779 1012 5813 ⁸³
1039 5776 1245 5852 Ephes.
1280 5791 1354 5843 tv,
1394 5770 1481 5829 l3.
1507 5808 1521 5813 οη
1558 5770 1604 5803 ⁸⁸
1639 5764 1816 5824 [Con
1856 5777 1971 5831 xw.
2003 5761 2089 5817 10.
