4122 6320
488 245 541 309 ΣΊ
557 245 653 311 167

1676 243 1740 306 S.
1782 244 2072 306 ΜΑΧΙΜΙ
2114 241 2628 304 CONFESSORIS

3638 240 3787 307 1168

516 371 733 436 geatur,
751 360 847 418 sed
879 369 1120 434 utquam
1153 360 1412 432 adeptum
1439 367 1525 415 est
1549 359 1752 415 molem
1776 368 2096 416 conservet:

2218 360 2316 422 rei;
2345 358 2688 432 θεωρήμασι,
2717 358 2912 432 μέχρις
2942 353 3007 413 οὑ
3041 357 3276 414 διαϐᾶσα
3318 357 3389 412 τὰ
3430 356 3564 413 δντα
3604 356 3793 412 πάντα

517 456 599 512 sic
623 463 682 510 et
705 456 761 510 in
790 454 970 510 anima
997 453 1200 525 duplex
1233 454 1480 509 alimenti
1510 453 1652 508 ratio
1680 454 1945 511 occurrit.
1984 455 2098 510 Nu-

520 546 687 603 tritur
709 545 857 603 enim
886 544 1224 616 proliciendo
1250 543 1554 600 virtutibus
1591 559 1656 600 ac
1683 546 2100 615 contemplatio-

519 639 709 706 nibus,
748 638 925 695 donec
982 637 1243 694 omnibus
1300 636 1596 708 superatis,
1654 636 1724 694 ad
1780 653 2099 695 mensuram

494 748 498 752 ·
521 729 799 801 pertingat
826 726 1003 784 aetatis
1014 726 1393 799 plenitudinis
1418 725 1625 783 Christi
1651 744 1664 781 :
1699 743 1862 797 quam
1880 726 2096 799 adepta,

522 820 591 876 ab
619 820 767 875 omni
792 820 905 893 jam
942 819 1196 890 profectu
1225 828 1425 886 cessat,
1466 834 1577 890 quo
1612 834 1710 889 per
1751 819 1932 876 media
1973 835 2101 890 pro-

469 940 490 987 ε
522 909 828 965 vehebatur
852 918 1022 981 atque
1044 908 1360 987 crescebat;
1387 924 1510 979 quae
1533 907 1794 964 videlicet
1820 908 1942 966 sine
1981 924 2100 964 me-

468 983 614 1084 ἓχόίο
645 1002 949 1067 nutriatur,
980 999 1310 1056 immortalis
1337 983 1489 1055 illius
1510 999 1839 1054 nutrimenti
1873 1015 2098 1069 genere,

470 1090 487 1169 ῖ
521 1094 688 1165 508
718 1093 883 1165 quod-
908 1092 1334 1164 intelligentiam
1378 1107 1596 1148 omnem
1639 1100 1884 1163 superat,
1925 1106 2101 1162 eaque

520 1187 756 1242 forsitan
798 1186 1015 1242 ratione
1041 1193 1339 1258 augmento
1375 1184 1632 1255 superius
1664 1193 1776 1251 est;
1819 1199 1928 1256 quo
1971 1199 2103 1240 con-

520 1293 731 1334 cessam
772 1276 1096 1334 deiformem
1136 1275 1534 1348 perfectionem
1568 1284 1881 1341 conservet,
1913 1275 2101 1330 inﬁni-

518 1378 719 1442 tasque
745 1372 866 1442 ejus
899 1367 1229 1425 nutrimenti
1252 1367 1481 1423 delicias
1509 1375 1727 1423 exscrat
1747 1374 1911 1438 atque
1925 1366 2100 1437 expli-

505 1471 608 1520 'cet
641 1482 653 1517 :
684 1478 796 1535 quo
830 1462 1095 1533 denique,
1121 1461 1319 1517 eodem
1357 1476 1418 1517 se
1450 1460 1614 1516 modo
1642 1475 1863 1531 semper
1896 1460 2105 1516 haben-

526 1565 636 1612 tem
699 1554 804 1624 ipsi
866 1553 1228 1625 coniunctam
1292 1557 1462 1621 atque
1532 1558 1862 1621 praesentem
1908 1559 2105 1606 .nacta

525 1644 868 1708 felicitatem,
893 1642 1093 1698 divinae
1116 1639 1303 1712 gratiae
1330 1640 1666 1696 commercio
1682 1642 1820 1696 deus
1845 1638 2101 1708 eﬂicitur,

2209 451 2391 523 φθάσῃ
2416 451 2479 504 τὸ
2515 451 2714 523 μέτρον
2738 452 2839 521 τῆς
2881 450 3100 522 ἡλικίας
3129 449 3225 505 τοῦ
3270 449 3639 523 πληρώματος
3683 445 3792 502 τοῦ

2204 540 2443 614 Χριστοῦ
2468 560 2482 574 ο
2521 543 2581 595 ὲν
2607 535 2653 611 ᾧ
2684 542 2968 614 γινομένη,
3004 542 3188 614 πάσης
3234 541 3334 613 τῆς
3375 541 3514 615 πρὸς
3543 538 3796 594 ἐπίδοσιν

2204 651 2265 689 τε
2294 633 2390 690 καὶ
2435 634 2666 706 αὔξησιν
2710 635 2800 691 διὰ
2852 635 2962 689 τῶν
2995 634 3178 706 μέσων
3209 634 3423 688 ἵσταται
3462 633 3793 704 προκοπῆςι

2205 727 2435 801 apium;
2467 728 2776 799 τρεφομένη
2810 728 2872 783 τὸ
2912 728 3056 799 ὑπὲρ
3090 726 3275 798 νόησιν
3302 743 3316 758 ⁸
3363 726 3459 781 καὶ
3501 725 3591 780 διὰ
3623 724 3795 779 τοῦτο

2205 820 2368 892 τυχὸν
2412 819 2554 892 ὑπὲρ
2593 820 2859 891 αὔξησιν·
2894 823 2996 892 τῆς
3046 820 3328 892 ἀφθάρτου
3365 818 3576 890 τροφῆς
3618 813 3793 881 εἶδος,

2209 913 2346 985 πρὸς
2382 914 2713 985 συντήρησιν
2758 914 2857 983 τῆς
2913 912 3164 983 δοθείσης
3220 911 3360 983 αὐτῇ
3399 908 3667 972 θεοειδοῦς
3697 924 3795 963 τε-

2208 1004 2517 1075 λειότητος,
2562 1006 2657 1059 καλ⁵
2708 1003 2970 1074 ἔκφανσιν
3017 1003 3127 1059 τῶν
3177 1004 3277 1075 τῆς
3318 1002 3530 1075 τροφῆς
3574 1000 3803 1070 ἐκείνης

2208 1097 2451 1167 ἀπείρων
2467 1095 2727 1165 ἀγλαῖῶν,
2747 1095 2870 1151 καθ’
2892 1095 2960 1166 ἣν
2975 1094 3038 1149 τὸ
3051 1096 3138 1151 ἀεὶ
3161 1091 3221 1149 εὖ
3246 1093 3510 1158 ὡσαύτως
3534 1088 3679 1147 εἶναι
3713 1094 3804 1146 ὲν-

2208 1186 2461 1258 δημῆσαν
2488 1188 2627 1259 αὐτῇ
2658 1187 2947 1259 δεχομένη,
2973 1187 3186 1257 γίνεται
3205 1187 3323 1252 θεὸς
3353 1189 3421 1259 τῇ
3448 1185 3669 1258 μεθέξει
3698 1184 3806 1254 τῆς

2168 1342 2179 1353 _
2211 1275 2400 1346 θεῖκῆς
2422 1277 2668 1355 χάριτος,
2696 1277 2889 1332 πασῶν
2916 1279 3026 1333 τῶν
3077 1278 3220 1333 κατὰ
3245 1278 3371 1332 νοῦν
3400 1279 3499 1331 καὶ¹
3534 1274 3817 1365 αἴσθησιν¹

2211 1368 2525 1439 ἐνεργειῶν,
2562 1352 2701 1440 αὑτή
2735 1386 2795 1424 τε
2842 1370 3196 1441 παυσαμένη,
3242 1372 3337 1424 καὶ
3369 1370 3535 1441 ἑαυτῇ
3560 1367 3661 1432 τὰς
3702 1364 3806 1421 τοῦ

2213 1460 2467 1531 σώματος
2502 1429 2963 1517 συναναπαύσασα
2981 1429 3216 1532 φυσικός
3236 1429 3537 1534 ἐνεργείας,
3559 1429 3818 1515 συνθεωέ

2212 1549 2400 1616 θέντος
2448 1552 2585 1623 αὐτῇ
2617 1552 2758 1607 κατὰ
2806 1553 2906 1631 τὴν
2963 1540 3331 1621 ἀναλογοῦσαν
3386 1550 3535 1621 αὐτῷ
3576 1547 3809 1620 μέθεξιν

2213 1642 2314 1713 τῆς
2345 1644 2613 1708 θεῶσεως.
2631 1645 2796 1698 Ὥστε
2831 1643 2992 1715 μόνον
3014 1644 3105 1698 τὸν
3134 1643 3267 1698 Θεὸν
3290 1644 3381 1699 διά
3413 1661 3473 1696 τε
3500 1643 3598 1712 τῆς
3619 1640 3810 1711 ψυχῆς

526 1746 642 1791 tum
666 1736 785 1807 ipsa
813 1735 883 1790 ab
915 1733 1178 1790 omnibus
1211 1730 1413 1788 mentis
1435 1747 1743 1804 sensusque
1768 1733 2108 1805 operationi-

2218 1733 2306 1787 καὶ
2341 1733 2434 1787 τοῦ
2484 1733 2737 1806 σώματος
2772 1733 3097 1803 φαίνεσθαι,
3128 1733 3460 1804 νικηθέντων
3503 1729 3693 1785 αὐτῶν
3737 1730 3807 1800 τῇ

524 1828 630 1884 bus
669 1843 913 1897 cessans,
966 1835 1082 1881 tum
1136 1839 1246 1880 una
1285 1841 1475 1881 secum
1529 1827 1811 1883 naturales
1860 1825 2113 1896 corporis

2218 1826 2493 1898 ὑπερϐολῇ
2524 1827 2624 1898 τῆς
2661 1825 2856 1899 δόξης,
2886 1826 2995 1881 τῶν
3021 1827 3266 1897 φυσικῶν
3305 1825 3735 1897 γνωρισμάτων.

524 1921 878 1994 operationes
903 1933 1124 1975 cessare
1166 1925 1457 1989 praestans,
1488 1918 1636 1988 quod
1667 1918 1849 1989 ipsum
1877 1933 1981 1990 pro
2010 1934 2109 1975 sua
2149 1919 2365 1976 ratione
2408 1920 2525 1993 pari
2569 1934 2696 1975 cum
2736 1921 2830 1976 illa
2864 1921 3199 1978 commercio
3265 1920 3472 1976 deitate
3536 1919 3808 1979 donatum

516 2014 641 2071 sit:
674 2012 749 2067 ita
775 2010 1039 2067 nimirum
1076 2017 1137 2065 ut
1174 2016 1231 2065 et
1258 2008 1445 2064 animo
1478 2018 1648 2080 atque
1685 2025 1942 2080 corpore,
1986 2010 2278 2067 amborum
2331 2012 2682 2068 naturalibus
2738 2014 3102 2083 qualitatibus
3156 2013 3424 2070 claritatis
3474 2010 3806 2067 excellentia

528 2106 693 2164 victis
719 2105 980 2176 velutque
1019 2101 1351 2172 suppressis,
1376 2117 1521 2157 unus
1556 2102 1706 2158 Deus
1732 2101 1967 2159 eluceat.

597 2196 709 2263 89._
735 2195 879 2252 Sunt
921 2194 1017 2264 qui
1069 2191 1393 2263 indagandae
1437 2191 1692 2248 veritatis
1731 2190 1918 2248 studio
1957 2207 2110 2262 quae-

526 2298 671 2353 rant,
687 2301 927 2359 quonam
944 2283 1110 2341 modo
1130 2284 1321 2340 futura
1341 2284 1414 2340 sit
1436 2283 1745 2340 caelestium
1763 2284 2113 2340 mansionum

528 2378 1074 2453 promissionumque
1105 2375 1415 2442 distinctio,
1442 2389 1577 2430 num
1611 2374 1774 2430 locali
1818 2375 1937 2446 ipsa
1981 2370 2116 2430 sub;

531 2469 755 2532 stantia.
784 2484 857 2523 an
891 2467 1163 2538 cujusque
1204 2466 1427 2537 propria
1458 2464 1786 2529 mansionis,
1816 2478 1917 2534 per
1940 2464 2083 2520 ratio

531 2576 680 2626 nem,
709 2557 947 2630 spiritali
974 2565 1090 2613 tum
1121 2555 1390 2628 qualitate
1420 2564 1538 2610 tum
1568 2553 1899 2626 quantitate.
1934 2552 2116 2625 Atque

531 2651 658 2707 aliis
698 2650 921 2721 quidem
967 2648 1239 2720 primum,
1274 2646 1400 2703 aliis
1441 2647 1676 2703 alterum
1709 2645 1910 2716 placet.
1942 2644 2116 2702 Crete-

531 2758 655 2797 rum
677 2744 772 2813 qui
811 2740 1030 2796 noverit
1058 2738 1192 2810 quid
1216 2737 1324 2794 sibi
1357 2737 1493 2793 velit
1521 2754 1533 2791 :
1567 2735 1807 2808 Regnum
1840 2735 1938 2790 Dei
1970 2736 2118 2790 intra

530 2816 620 2893 vos
648 2843 726 2888 est
754 2833 836 2900 ";
866 2831 1093 2903 quidve,
1139 2830 1442 2886 Mansiones
1481 2827 1664 2883 multa:
1692 2836 1816 2882 sunt
1845 2826 1988 2899 apud
2009 2826 2119 2883 Pa-

533 2937 670 2983 trem
704 2924 774 2994 ",
799 2923 1057 2981 secundae
1076 2923 1367 2979 sententia:
1404 2923 1590 2993 potius
1618 2919 1941 2976 adhaerebit.

601 3016 693 3073 90.
719 3015 863 3072 Sunt
886 3015 984 3087 qui
1006 3022 1277 3084 quaerant,
1313 3028 1423 3084 qua
1451 3011 1665 3068 ratione
1693 3026 1923 3083 regnum
1949 3009 2117 3067 etelo-

535 3124 682 3175 rum,
708 3117 766 3163 et
795 3121 1026 3181 regnum
1051 3104 1152 3161 Dei
1182 3104 1623 3177 distinguantur;
1655 3117 1789 3158 num
1809 3101 2118 3158 secundum

536 3196 902 3254 substantiam
933 3204 1099 3265 atque
1130 3195 1402 3267 subjecto,
1443 3208 1514 3247 an
1552 3192 1758 3248 mentis
1794 3191 2038 3264 cogitatu
2063 3200 2120 3248 et

536 3289 773 3346 ratione.
802 3286 1019 3356 Quibus
1045 3301 1109 3342 ca
1135 3284 1422 3356 responsio
1445 3293 1552 3351 est,
1587 3284 1852 3356 distingui
1878 3283 1973 3340 illa
1995 3282 2121 3356 qui-

536 3383 684 3447 dem,
740 3396 855 3437 non
899 3387 1083 3435 tamen
1133 3378 1442 3434 substantia
1494 3386 1662 3448 atque
1711 3377 1982 3449 subjecto,
2021 3376 2117 3434 sed

538 3471 729 3527 subtili
755 3470 997 3542 cogitatu
1032 3476 1090 3525 et
1125 3467 1363 3524 ratione.
1405 3467 1583 3523 Ambo
1608 3468 1757 3523 enim
1796 3484 1966 3524 unum
1997 3469 2123 3526 sub-

536 3554 738 3616 stantia
771 3574 835 3614 ac
864 3557 1113 3630 subjecto
1149 3563 1311 3624 sunt;
1343 3572 1535 3612 verum
1578 3555 1794 3612 ratione
1820 3556 2121 3627 subtilique

538 3653 805 3722 cogitatu,
834 3664 1064 3722 regnum
1098 3649 1388 3714 crelorum,
1419 3664 1567 3704 verae
1590 3656 1677 3704 est
1707 3663 1897 3704 rerum
1922 3663 2123 3704 secun-

538 3742 670 3799 dum
705 3740 961 3812 proprias
984 3740 1039 3796 in
1073 3741 1187 3796 Deo
1222 3739 1669 3811 pratexsistentes
1698 3739 1944 3795 rationes
1978 3754 2121 3810 pra:-

537 3846 765 3891 aeternae
811 3833 1145 3905 cognitionis
1184 3831 1608 3903 comprehensio
1638 3850 1650 3886 :
1686 3831 1784 3887 Dei
1817 3840 2003 3888 autem
2032 3847 2122 3888 re-

537 3940 732 3998 gnum,
780 3923 1056 3979 bonorum
1102 3937 1226 3994 qua:
1262 3922 1592 3977 naturaliter
1628 3921 1743 3976 Deo
1795 3921 1986 3976 insunt
2023 3935 2125 3991 per

538 4016 771 4088 gratiam
810 4013 1117 4086 impartitio
1162 4031 1175 4068 :
1214 4020 1380 4083 atque
1420 4013 1654 4067 alterum
1693 4011 1917 4082 quidem
1953 4026 2124 4082 penes

542 4125 732 4164 rerum
758 4110 924 4163 tinem
944 4148 959 4174 ,
991 4106 1231 4162 alterum
1254 4120 1410 4170 vero,
1444 4112 1713 4175 quantum
1750 4101 1942 4167 subtili
1972 4102 2122 4173 cogi-

540 4209 660 4256 tatu
697 4199 1077 4270 intelligimus,
1110 4205 1238 4269 post
1271 4212 1458 4253 rerum
1489 4195 1653 4252 tinem
1674 4203 1778 4252 est.

2291 2191 2400 2248 πθ’.
2439 2191 2671 2264 Ζητοῦσί
2713 2210 2858 2258 τινες
2908 2194 3018 2248 τῶν
3066 2192 3420 2266 φιλομαθῶν,
3462 2193 3608 2248 κατὰ
3651 2193 3805 2249 ποῖον

2218 2283 2372 2338 ἔσται
2422 2284 2690 2356 τρόπονή
2751 2285 2862 2340 τῶν
2918 2286 3154 2343 αἰωνίων
3207 2284 3384 2356 μονῶν
3427 2301 3489 2338 τε
3545 2287 3646 2339 καὶ
3704 2287 3803 2340 ἑπ-

2219 2374 2491 2444 αγγελιῶν
2527 2375 2797 2448 διαφοράο
2841 2376 3074 2448 πότερον
3123 2375 3248 2431 καθ’
3296 2377 3598 2433 ὑπόστασιν
3647 2393 3802 2432 τοπι-

2219 2467 2321 2538 κὴν
2349 2465 2436 2539 (l),
2467 2467 2500 2540 ἢ
2559 2470 2680 2523 κατ’
2723 2468 2966 2523 ἐπίνοιαν
3000 2469 3100 2540 τῆς
3145 2468 3457 2541 ίδιαζούσης
3505 2468 3635 2524 καθ’
3671 2468 3799 2523 ἑκά-

2218 2574 2353 2629 στην
2379 2559 2547 2632 μονὴν
2587 2561 2964 2637 πνευματικῆς
3007 2561 3291 2633 ποιότητός
3339 2578 3399 2615 τε
3429 2561 3522 2615 καὶ
3567 2561 3799 2631 ποσότη-

2217 2665 2327 2714 τος.
2353 2650 2464 2706 Καὶ
2494 2653 2605 2715 τοῖς
2649 2651 2748 2723 μὲν
2786 2651 2934 2707 δοκεῖ
2965 2653 3026 2707 τὸ
3052 2652 3267 2724 πρῶτον
3289 2671 3303 2685 ·
3337 2656 3455 2717 τοῖς
3480 2653 3562 2715 δὲ,
3590 2654 3654 2707 τὸ
3679 2651 3799 2721 δεύ-

2218 2759 2407 2814 τερονο
2440 2743 2469 2795 ό
2500 2742 2559 2797 δὲ
2591 2745 2777 2814 γνοὺς,
2819 2745 2874 2798 τί
2901 2744 2996 2809 τὸ.
3041 2745 3104 2803 Ἡ
3132 2746 3427 2812 ,ϐασιλεία
3484 2746 3592 2801 τοῦ
3650 2745 3798 2801 Θεοῦ

2213 2832 2389 2901 ἐντὸς
2419 2833 2587 2903 ὑμῶν
2623 2834 2777 2901 ἐστι,
2813 2834 2908 2890 καὶ
2943 2834 2997 2888 τί
3023 2834 3118 2900 τὸ,
3152 2835 3385 2892 ιιολλαί
3411 2835 3596 2906 μοναὶ
3637 2833 3796 2905 παρά

2219 2923 2301 2991 τῷ
2329 2926 2539 2995 Harp},
2562 2924 2657 2980 τοῦ
2691 2924 2953 2999 δευτέρου
2992 2927 3195 2998 μᾶλλον
3224 2928 3536 2999 γενήσεται.

2292 3022 2364 3085 ιβ.
2397 3017 2631 3089 Ζητοῦσί
2656 3036 2834 3084 τινες,
2872 3019 3032 3074 ποίαν
3065 3021 3332 3092 διαφορὰν
3370 3020 3482 3091 ἔχει
3524 3020 3661 3094 πρὸς
3694 3019 3794 3092 τὴν

2219 3107 2314 3163 τοῦ
2342 3108 2480 3164 Θεοῦ
2510 3108 2788 3182 βασιλείαν
2813 3113 2848 3183 ἡ
2878 3111 2987 3166 τῶν
3028 3111 3276 3184 οὐρανῶν
3308 3111 3548 3183 βασιλεία
3581 3128 3596 3143 ’
3633 3111 3793 3164 πότεο

2222 3218 2316 3273 ρον
2363 3201 2485 3257 καθ’
2547 3203 2844 3258 ὑπόστασιν
2891 3202 3242 3276 διαφέρουσιν
3285 3203 3562 3276 ἀλλήλων,
3589 3202 3626 3275 ἢ
3669 3202 3791 3257 κατ’

2220 3293 2481 3349 ἐπίνοιαν.
2513 3296 2658 3367 Πρὸς
2702 3294 2795 3359 οὒς
2826 3294 3042 3366 ῥητέον,
3071 3295 3155 3349 ὅτι
3209 3294 3525 3367 διαφέρουσι
3569 3294 3668 3365 μέν
3690 3308 3706 3323 ⁸
3731 3292 3790 3346 οὐ

2220 3384 2343 3439 καθ’
2366 3386 2664 3440 ὑπόστασιν
2690 3386 2768 3442 δέ.
2800 3386 2916 3442 Μία
2949 3386 3059 3458 γὰρ
3108 3387 3233 3442 καθ’
3269 3387 3571 3441 ὑπόστασιν
3592 3388 3755 3458 ἄμφω
3774 3403 3788 3417 ·

2220 3475 2356 3532 ἀλλὰ
2401 3477 2523 3532 κατ’
2551 3478 2798 3533 ἐπίνοιαν
2829 3496 2844 3512 ·
2872 3480 2906 3551 ἡ
2941 3479 3041 3551 μὲν
3071 3484 3180 3552 γὰρ
3213 3478 3462 3552 βασιλεία
3488 3480 3599 3534 τῶν
3637 3481 3794 3552 οὖρα-

2221 3567 2348 3636 νῶν,
2381 3572 2481 3642 τῆς
2516 3570 2627 3625 τῶν
2679 3570 2849 3626 ὄντων
2904 3553 3243 3643 ἆκραιφνοῦς
3267 3572 3412 3628 κατὰ
3432 3573 3559 3637 τοὺς
3590 3569 3792 3627 ἑαυτῶν

2220 3659 2416 3730 λόγους
2443 3663 2502 3716 ὲν
2532 3661 2610 3733 τῷ
2641 3660 2760 3735 Θεῷ
2800 3662 3128 3735 προαιωνίου
3174 3662 3429 3734 γνώσεώς
3468 3667 3588 3719 ἔστι
3634 3662 3794 3717 κατά-

2222 3749 2414 3822 ληψιςο
2446 3753 2479 3823 ἠ
2517 3752 2574 3806 δὲ
2601 3751 2694 3806 τοῦ
2726 3752 2862 3808 Θεοῦ
2912 3751 3181 3824 βασιλεία,
3211 3753 3319 3809 τῶν
3366 3754 3681 3826 προσόντων
3720 3752 3793 3823 τῷ

2223 3841 2345 3915 Θεῷ
2383 3845 2629 3914 φυσικῶς
2661 3845 2885 3915 ἀγαθῶν
2930 3845 3075 3901 κατὰ
3104 3846 3265 3919 χάριν
3313 3848 3432 3902 ἐστὶ
3472 3846 3789 3918 μετάδοσις·

2226 3940 2321 3992 κοιλ¹
2345 3938 2378 4009 ἡ
2412 3936 2513 4008 μὲν
2538 3936 2680 3992 κατὰ
2711 3938 2773 3991 τὸ
2794 3938 2947 4004 τέλος
2976 3941 3087 3993 τῶν
3114 3940 3283 3994 ὅντων
3311 3979 3326 4006 ,
3361 3941 3396 4013 ἠ
3423 3940 3480 3995 δὲ
3529 3940 3655 3996 κατ’
3675 3939 3793 3995 ἐπί-

2226 4046 2375 4084 νοιαν
2406 4029 2548 4101 μετὰ
2577 4030 2637 4083 τὸ
2664 4030 2817 4097 τέλος
2853 4031 2962 4085 τῶν
2985 4032 3156 4089 όντων
3185 4032 3320 4087 ἐστί.

610 4291 701 4347 91.
727 4290 886 4358 Quod
924 4291 998 4346 ita
1034 4288 1245 4344 dictum
1278 4297 1383 4354 est,
1412 4286 1869 4359 Appropinquavit
1906 4302 2115 4357 regnum

2298 4282 2406 4352 ια’.
2433 4283 2508 4339 Τὸ
2528 4324 2543 4350 ,
2579 4285 2861 4355 Ἤγγικεν
2904 4286 2942 4354 ἠ
2982 4288 3274 4352 ,ϐασιλεία
3328 4287 3446 4342 τῶν
3489 4288 3759 4359 οὐρανῶν
3778 4327 3793 4352 ,

542 4382 793 4437 caelorum
814 4382 885 4449 ",
913 4388 977 4436 ut
1000 4379 1225 4452 quidem
1259 4378 1538 4444 existimo,
1564 4393 1676 4433 non
1705 4392 1772 4433 eo
1796 4384 2028 4448 spectat,
2061 4383 2125 4432 ut

543 4474 888 4529 contractior
925 4473 1195 4544 temporis
1221 4487 1379 4528 mora
1413 4470 1795 4542 intelligatur:
1830 4470 1949 4526 Non
1975 4472 2122 4528 enim

544 4567 716 4621 veniet
740 4582 858 4620 eum
878 4565 1265 4633 observatione;
1288 4581 1453 4637 neque
1482 4565 1688 4618 dicent:
1717 4563 1849 4618 Ecce
1870 4564 1972 4629 hic,
2013 4577 2126 4616 ecce

616 4707 663 4739 ⁸⁵
693 4706 829 4762 Luc.
864 4720 994 4771 xvu,
1033 4705 1124 4760 21.
1199 4704 1246 4737 ³⁸
1267 4704 1426 4761 Joan.
1457 4721 1567 4769 xlv,
1587 4703 1643 4757 2.
1719 4703 1762 4734 ⁸⁷
1784 4700 1977 4756 Matth.
2002 4716 2081 4766 ιιι,
2112 4700 2165 4754 5.

494 4814 517 4861 \
615 4824 677 4895 ti)
751 4820 1010 4895 Πότερον
1057 4819 1187 4873 καθ’
1234 4818 1582 4895 ὑπόστασιν
1612 4814 1891 4895 reamur.
1918 4812 2127 4895 Crebra

547 4883 730 4951 Marco
758 4883 1054 4954 ὑπόστασις
1083 4905 1209 4949 vox.
1247 4897 1305 4943 et
1328 4887 1711 4944 ὑποστατικόν.
1737 4901 1839 4956 pro
1874 4899 1943 4956 eo
1977 4883 2126 4956 quod

538 4976 628 5020 est
650 4977 778 5018 vere
825 4968 1019 5017 natura
1061 4959 1351 5021 exsistens,
1382 4966 1439 5013 et
1475 4964 1639 5028 prout
1667 4953 2027 5028 distinguitur
2057 4953 2126 5007 ab

542 5050 631 5109 eo,
659 5032 813 5109 quod
868 5040 1051 5109 mente
1090 5025 1493 5109 consideratur,
1554 5025 1859 5109 subtilique
1887 5025 2126 5109 cogitatu

543 5095 925 5174 distinguitur.
963 5099 1518 5174 Sicque__mansi_ones
1550 5095 1903 5174 probabilius
1945 5095 2125 5174 docet,

544 5111 925 5174 distinguitur.
963 5111 1162 5170 Sicque
1202 5111 1903 5222 mansionzdpronanutus
1945 5111 2125 5174 uocet,

544 5190 656 5230 non
700 5188 829 5229 vera
875 5171 1123 5227 locorum
1162 5167 1442 5233 distantia,
1597 5181 1713 5237 Ipsa
1738 5166 1927 5237 gloriae
1948 5163 2127 5237 quali-

547 5254 656 5298 tate
678 5252 735 5298 el
768 5242 1095 5312 quantitate,
1144 5254 1249 5312 seu
1270 5235 1908 5312 perfectionedisécrnj.
1951 5235 2027 5312 _At
2059 5249 2126 5289 ne

544 5315 637 5369 hic
688 5302 917 5383 quidem,
961 5302 1147 5365 omisit
1193 5302 1355 5365 Piens
1394 5322 1524 5363 suos
1571 5302 2115 5383 s_pa_rgere_furfurcs,

545 5375 830 5437 laborante
872 5382 923 5435 ei
963 5390 1136 5443 textu,
1157 5394 1321 5450 quem
1360 5386 1542 5433 tamen
1575 5375 1733 5431 facile
1764 5375 1871 5450 fuit
1898 5389 2120 5450 sanare,

547 5452 766 5523 qualem
809 5467 879 5506 ex
923 5444 1684 5523 Maximo'repraesemamus,
1740 5449 1841 5523 τῇς
1896 5444 2127 5523 magari-

550 5514 650 5590 σης
687 5521 1057 5590 πνευματικῆς
1109 5514 1374 5590 ποιότῆτά
1404 5534 1464 5572 τε
1492 5519 1611 5590 Δκαὶ
1653 5514 1945 5590 ποσότητα.
1985 5514 2125 5590 Quis

548 5581 697 5645 enim
754 5581 865 5642 non
898 5581 1079 5643 videat
1104 5590 1211 5659 leg.
1252 5581 1631 5659 notétn16;__ts
1656 5587 1750 5659 καὶ
1779 5581 2077 5659 ποσότητος
2104 5581 2128 5659 ’ζ

2215 4376 2328 4440 Δοὑιιι
2357 4373 2524 4440 εστιν,
2554 4375 2628 4440 ἀς
2650 4373 2826 4445 οἶμαι,
2849 4377 3111 4448 χρονικῆς
3138 4377 3405 4446 συστολῆς
3421 4378 3517 4449 (m)
3538 4390 3553 4406 ⁸
3585 4380 3669 4431 Οὐ
3696 4374 3797 4446 γὰρ

2230 4465 2464 4535 ἔρχεται
2480 4467 2632 4534 μετὰ
2659 4466 3124 4537 παρατηρήσεως
3145 4486 3160 4500 ·
3190 4469 3329 4523 οὔτε
3350 4466 3625 4538 ἑροῢσινο
3651 4463 3797 4547 Ἰδοὺ

2230 4553 2369 4622 ὧδε,
2398 4558 2528 4613 ιδοὺ
2581 4558 2705 4614 ἐκεῖ
2728 4576 2742 4590 -
2780 4559 2917 4614 ἀλλὰ
2955 4561 3053 4631 τῆς
3086 4561 3222 4634 πρὸς
3265 4560 3437 4633 αὐτὴν
3488 4559 3602 4615 τῶν
3642 4558 3797 4624 ἀξίων

3826 4682 3839 4717 ι

2230 4812 2483 4884 spiritali,
2500 4820 2623 4884 etc.
2651 4812 2783 4884 Quae
2803 4811 2952 4884 enim
2991 4811 3105 4866 haec
3132 4809 3391 4884 spiritalis
3417 4808 3725 4884 hypostqsis,
3747 4816 3798 4863 et

2232 4880 2378 4938 unde
2419 4883 2630 4952 petita?
2651 4881 2865 4948 Quibus
2897 4882 3078 4952 Marco
3114 4880 3301 4937 verbis
3324 4880 3586 4952 expressa
3609 4880 3632 4934 ?

2305 4952 2400 5024 (ιη)
2419 4949 2540 5024 biga
2568 4949 3051 5024 ἐστινχρογιριῆς
3079 4949 3414 5024 σ-υστορἧζ
3454 4950 3658 5024 Eadem
3683 4964 3798 5004 sen-

2236 5020 2407 5077 tentia
2455 5021 2619 5076 Marci
2683 5021 2786 5076 sub
2825 5020 3043 5075 initium
3094 5020 3222 5076 libri
3268 5020 3347 5074 De
3381 5021 3559 5091 pcenit.
3593 5035 3660 5074 ex
3694 5032 3795 5088 quo

2232 5091 2416 5163 potuit
2452 5091 2719 5163 maximus
2751 5092 3014 5163 mutuari.
3035 5092 3109 5163 0t:
3130 5091 3346 5163 πάντως
3364 5092 3625 5163 χρονικὴν
3653 5092 3789 5158 εἰρη-

2235 5159 2349 5225 κὼς
2397 5162 2837 5233 ὲγγύτητιιῌτῆςΔ
2877 5159 3189 5233 βασιλείας-,ξ
3219 5159 3421 5233 inquit,
3475 5161 3553 5233 ᾡς
3582 5162 3792 5233 ἔναγχος

2235 5221 2599 5303 ὲπιὶιειρἐνην
2643 5230 2720 5303 τῷ
2750 5221 2969 5303 κόσμῳ
3005 5247 3018 5260 ·
3077 5230 3216 5303 ἀλλ’-
3253 5221 3417 5303 είδῲς
3463 5221 3552 5284 τὸν
3580 5221 3792 5303 ,ἑαυτοῦ

2227 5303 2404 5369 λόγον,
2425 5299 2529 5355 ’καὶ
2547 5299 2827 5369 βασιλείας
2853 5299 2949 5354 καϊ
2999 5300 3284 5371 μετανοίας
3313 5299 3757 5371 δύνιιιμινᾲέχοντα⁸
3776 5310 3788 5324 ·

2235 5317 2404 5369 λογον,
2439 5317 2529 5355 και
2551 5317 2827 5369 pas-usta;
2853 5317 2947 5354 και
2999 5318 3284 5370 μετανοιας
3313 5317 3543 5371 ουναμιν
3577 5317 3757 5420 εγοντα
3776 5317 3787 5324 -

2235 5392 2253 5424 ι
2302 5373 2643 5442 Μετανοεῖτε
2664 5410 2677 5430 ,
2734 5371 2930 5440 φησίνο
2971 5372 3169 5442 ήγγικε
3223 5370 3331 5441 γὰρ
3366 5371 3399 5441 η
3426 5369 3604 5440 βασιλε
3633 5386 3666 5422 α
3694 5366 3793 5419 τῶν

2230 5442 2481 5513 οὐρανῶν
2500 5459 2513 5473 ’
2538 5461 2557 5492 ι
2593 5440 2751 5495 Haud
2781 5440 3004 5513 prorsus
3019 5442 3141 5513 jam
3171 5440 3404 5513 tempore
3432 5442 3787 5513 propinquum.

2232 5459 2481 5566 ουρανων
2500 5459 2513 5473 ’
2538 5461 2557 5492 ι
2593 5459 2994 5564 nauali-orsus
3019 5459 3141 5511 1am
3171 5459 3404 5509 tempore
3432 5459 3787 5513 propinquum,

2232 5529 2292 5566 ve
2318 5520 2373 5565 ut
2396 5513 2577 5583 ipsum
2627 5528 2752 5565 mun
2791 5527 2821 5565 ο
2852 5513 3090 5583 proxime
3123 5511 3403 5568 imminens
3423 5554 3440 5578 ,
3487 5524 3699 5583 regnum

2234 5594 2390 5647 cens;
2418 5576 2508 5636 Sed
2540 5583 2647 5654 ,qui
2687 5576 2863 5654 sciret
2896 5597 3191 5654 sermonem
3219 5597 3377 5654 suam
3428 5576 3585 5654 atque
3610 5576 3786 5635 doctri-

552 5659 754 5717 lieddit
776 5669 981 5727 itaque,
1005 5659 1085 5713 An
1108 5652 1391 5713 secundum
1416 5652 1843 5723 intellectionem,
1867 5653 2134 5726 ἠθμοειαεὶ
2239 5667 2386 5719 nam,
2420 5653 2568 5724 regni
2597 5653 2702 5706 vim
2729 5652 2923 5707 habere
2939 5669 3001 5707 ac
3022 5652 3387 5724 ρωιιίιεηιὶω..
