4122 6320
419 465 559 535 1169

1259 461 1597 525 CAPITUM
1635 404 1892 522 ΓΙῖΕΟΙ..
1923 457 2019 519 ΕΤ
2058 453 2292 516 CECON.
2331 453 2718 515 CENTURIA
2747 455 2823 518 II.

3546 453 3682 520 1170

421 579 590 650 αὐτῆς
625 574 763 630 κατὰ
790 575 1030 629 διάθεσιν
1075 572 1310 646 σχέσεώς
1345 575 1524 628 ἐστιν·
1565 571 1628 628 Ἡ
1672 570 1779 643 γὰρ
1813 570 1990 636 ,ϐασι-
2025 603 2035 628 ι

2119 564 2206 620 llic
2239 565 2284 596 ⁸³
2301 582 2319 630 ;
2353 565 2450 620 sed
2479 573 2539 619 ut
2561 580 2774 630 eorum,
2802 563 2896 634 qui
2930 566 3025 619 illo
3045 564 3197 638 digni
3229 573 3380 633 sunt,
3399 567 3467 622 ad
3497 569 3678 638 ipsum

416 671 550 730 λεία
579 669 683 724 τοῦ
720 668 889 733 Θεοῦ,
926 667 1110 738 φησὶν,
1135 666 1310 734 ἐντὸς
1349 665 1516 736 ὑμῶν
1553 665 1744 719 ἐστιν.

491 849 599 918 ιβ’.
632 849 697 900 Ἢ
733 846 826 900 τοῦ
869 845 1004 900 Θεοῦ
1054 846 1148 900 καὶ
1196 844 1409 914 Πατρὸς
1449 841 1696 914 βασιλεία
1724 883 1740 910 ,
1770 841 1996 911 δυνάμει

422 940 520 1010 μὲν
545 940 603 992 tv
636 939 769 992 πᾶσί
806 940 952 992 ἐστιν
1002 939 1116 1001 τοῖς
1148 935 1495 1008 πιστεύουσιν
1525 952 1540 967 ο
1574 933 1826 1005 ἐνεργείᾳ
1855 932 1910 985 δὲ
1941 933 1998 986 tv

417 1035 531 1096 τοῖς
568 1030 929 1100 ἀποθεμένοις
964 1029 1139 1083 διόλου
1174 1027 1470 1091 διαθέσεως
1501 1027 1684 1080 πᾶσαν
1724 1023 1822 1096 τὴν
1857 1023 2000 1078 κατά

420 1124 583 1192 φύσιν
609 1123 790 1194 ψυχῆς
810 1139 868 1175 τε
894 1122 988 1174 καὶ
1017 1120 1269 1191 σώματος
1314 1118 1482 1189 ζωὴν,
1520 1117 1614 1171 καὶ
1657 1117 1827 1188 μόνην
1867 1132 1992 1184 κτη-

425 1215 682 1286 σαμένοις
731 1214 833 1285 τὴν
875 1213 971 1266 τοῦ
1019 1211 1373 1282 πνεύματος,
1422 1209 1516 1263 καὶ
1552 1207 1869 1279 δυναμένοις
1913 1206 2004 1258 λέ-

423 1325 582 1378 γειν·
631 1306 722 1361 Ζῶ
748 1305 855 1372 δὲ,
892 1303 1094 1362 οὐκέτι
1152 1302 1303 1374 ἐγὼ,
1335 1300 1402 1371 ζῇ
1461 1300 1530 1354 δὲ
1577 1301 1649 1355 ἐν
1691 1298 1819 1368 ἐμοὶ
1871 1300 2004 1366 Χρι-

422 1400 588 1465 στός.

496 1495 603 1561 ἥγ’.
641 1489 754 1561 Τὴν
792 1488 1074 1560 βασιλείαν
1117 1485 1226 1541 τῶν
1267 1483 1515 1557 οὐρανῶν
1547 1479 1686 1536 εἷναί
1735 1496 1880 1541 τινες
1912 1476 2004 1528 λέ-

423 1598 604 1650 γουσι,
642 1581 742 1652 τὴν
771 1581 830 1632 ὲν
863 1580 1111 1650 οὐρανοῖς
1136 1577 1246 1630 τῶν
1282 1575 1447 1642 ἀξίων
1493 1573 1792 1641 διαγωγήνο
1823 1568 2004 1639 ἕτεροι

423 1673 499 1738 δὲ,
535 1672 632 1744 τὴν
662 1672 855 1742 ὁμοίαν
895 1674 1008 1734 τοῖς
1048 1667 1304 1739 ἀγγέλοις
1334 1667 1442 1719 τῶν
1473 1664 1798 1735 σωζομένων
1838 1661 2006 1714 κατά-

428 1780 616 1817 στασιν
636 1777 651 1793 °
680 1762 827 1817 ἄλλοι
849 1762 928 1825 δὲ,
958 1761 1018 1815 τὸ
1049 1756 1186 1824 εἶδος
1223 1758 1353 1812 αὐτὸ
1391 1757 1488 1828 τῆς
1518 1755 1706 1824 θεῖκῆς
1738 1751 2006 1823 ὡραιότη-

425 1872 514 1918 τος
550 1855 660 1908 τῶν
711 1854 1060 1926 φορεσάντων
1107 1853 1207 1922 τὴν
1257 1849 1441 1903 εἰκόνα
1481 1846 1576 1902 τοῦ
1621 1842 2000 1914 Ἐπουρανίου.

426 1947 722 2019 Συνᾴδουσι
754 1947 812 2001 δὲ
840 1949 905 2017 τῇ
941 1944 1192 2016 ἀληθείᾳ,
1221 1942 1361 1997 κατὰ
1405 1942 1468 1994 τὸ
1505 1938 1629 2011 ἐμοὶ
1665 1934 1877 2001 δοκοῦν,
1909 1934 2006 1988 καὶ
2035 1926 2076 1982 Β

426 2041 483 2094 αἱ
507 2043 655 2112 τρεῖς
681 2040 810 2113 περὶ
842 2039 1033 2092 τούτου
1056 2037 1228 2103 δόξαι.
1266 2035 1409 2087 [lict
1435 2032 1545 2103 γάρ
1575 2029 1718 2085 κατά
1748 2029 1849 2101 τὴν
1871 2029 2005 2081 ἀνα-

423 2131 614 2200 λογίαν
653 2131 752 2201 τῆς
803 2131 860 2182 tv
898 2129 1083 2190 αὐτοῖς
1115 2125 1258 2180 κατά
1294 2122 1449 2176 ποιόν
1482 2139 1544 2174 τε
1587 2121 1684 2175 καὶ
1721 2119 1889 2173 ποσὸν
1925 2117 2008 2172 δι-

429 2223 741 2294 καιοσύνης,
775 2224 809 2294 ἡ
845 2221 1114 2292 μέλλουσα
1142 2217 1342 2272 δίδοται
1372 2215 1551 2286 χάρις.

500 2401 602 2468 ἥδ’.
642 2399 786 2462 Ἐως
835 2400 956 2452 ὅτου
1005 2396 1147 2450 κατά
1185 2395 1283 2465 τὴν
1327 2393 1638 2466 πρακτικὴν
1664 2391 2008 2461 φιλοσοφίαν,

429 2492 702 2564 ἀνδρικῶς
753 2491 880 2552 τούς
915 2491 1090 2552 θείους
1137 2485 1472 2557 διεξέρχεταί
1509 2502 1592 2547 τις
1621 2483 1838 2552 ἀγῶνας
1863 2498 1876 2512 ο
1919 2480 2012 2534 τὸν

427 2583 519 2637 διά
545 2583 655 2637 τῶν
684 2581 914 2636 ἐντολῶν
945 2579 1230 2646 ἐξελθόντα
1261 2576 1412 2646 παρὰ
1447 2573 1542 2628 τοῦ
1574 2573 1784 2643 [ἰατρὸς
1818 2574 1898 2635 είς
1921 2571 2012 2628 τὸν

429 2675 656 2746 κόσμον,
691 2675 823 2744 παρ’
855 2671 1031 2741 ἑαυτῷ
1058 2670 1279 2740 κατέχει
1311 2669 1505 2736 Λόγον.
1542 2665 1795 2719 Ἐπειδὰν
1816 2665 1875 2718 δὲ
1903 2663 2012 2717 τῶν

431 2768 573 2822 κατά
616 2767 717 2836 τὴν
762 2762 962 2834 πρᾶξιν
1001 2762 1138 2834 πρὸς
1180 2760 1251 2814 τά
1299 2757 1447 2829 πάθη
1481 2757 1877 2827 παλαισμάτων
1905 2755 2013 2824 ἀφ-

433 2859 646 2930 έμενος,
682 2857 757 2920 ὡς
777 2854 1002 2927 νικητὴς
1023 2852 1211 2906 παθῶν
1239 2852 1334 2904 καὶ
1363 2850 1633 2919 δαιμόνων
1656 2845 2010 2916 ἀποφανθεὶς,

433 2954 572 3025 πρὸς
610 2953 712 3024 τὴν
752 2950 841 3004 διὰ
896 2948 1128 3019 θεωρίας
1173 2943 1480 3014 γνωστικὴν
1529 2941 1766 3013 μετέλθῃ
1801 2941 2016 3012 φιλοσο-

433 3047 585 3116 φίαν,
632 3042 906 3112 συγχωρεῖ
937 3039 1032 3110 τῷ
1071 3039 1228 3108 Λόγῳ
1265 3034 1541 3105 μυστικῶς
1591 3034 1807 3103 ἀφεῖναι
1852 3032 2015 3088 πάλιν

433 3139 526 3192 τὸν
555 3136 784 3207 κόσμον,
827 3133 924 3187 καὶ
972 3129 1306 3202 πορευθῆναι
1345 3126 1481 3200 πρὸς
1507 3127 1599 3179 τὸν
1642 3124 1884 3196 Πατέρα.
1924 3125 2016 3178 Διό

436 3247 602 3300 φησιν
637 3229 666 3280 ό
694 3226 898 3294 Κύριος
925 3226 1036 3286 τοῖς
1069 3221 1458 3293 μαθηταῖς,ὃτι
1486 3217 1685 3288 Ὑμεῖς
1709 3217 1814 3287 ἐμὲ
1837 3234 2015 3286 πεφι-

435 3317 685 3385 λήκατε,
706 3315 803 3369 καὶ
833 3312 1275 3366 πεπιστεύκατε
1302 3310 1391 3362 ὅτι
1419 3305 1533 3377 ἐγὼ
1557 3306 1716 3376 παρὰ
1740 3305 1848 3360 τοῦ
1865 3305 2015 3360 Θεοῦ

436 3408 719 3480 ἐξῆλθον.
777 3404 1076 3473 Ἐξῆλθον
1120 3402 1280 3470 παρὰ
1312 3401 1419 3455 τοῦ
1462 3399 1713 3468 Πατρός,
1748 3397 1847 3453 καὶ
1873 3397 2018 3466 ἐλή-

437 3503 596 3555 λυθα
625 3501 712 3564 εἰς
741 3497 848 3552 τὸν
873 3497 1138 3564 ’κόσμον
1166 3491 1353 3546 πάλιν
1387 3491 1604 3562 ἀφίημι
1628 3489 1735 3543 τὸν
1760 3490 2014 3558 κόσμον,

438 3591 536 3645 καί
583 3590 904 3658 πορεύομαι
959 3584 1108 3655 πρὸς
1137 3584 1247 3637 τὸν
1291 3581 1523 3650 Πατέρα
1544 3597 1558 3614 ο
1605 3581 1808 3650 κόσμον
1848 3579 2017 3633 εἰπὼν

438 3683 620 3753 τυχὸν,
653 3680 752 3751 τὴν
791 3675 934 3732 κατά
982 3675 1081 3745 τὴν
1127 3675 1325 3745 πρᾶξιν
1365 3672 1472 3725 τῶν
1523 3671 1733 3740 ἀρετῶν
1763 3669 2018 3722 ἐπίπονον

440 3772 740 3846 ἐργασίαν·
786 3768 1006 3838 Πατέρα
1053 3766 1131 3830 δὲ,
1177 3766 1276 3836 τὴν
1310 3762 1451 3816 κατά
1485 3761 1610 3814 νοῦν
1648 3760 2018 3830 ὐπερκόσμιον

441 3862 534 3915 καὶ
572 3857 771 3921 παντὸς
808 3855 1098 3925 ἐλευθέραν
1133 3852 1317 3907 ὐλικοῦ
1354 3855 1702 3920 φρονήματος
1741 3849 2018 3902 κατάστα-

445 3967 548 4005 σιν⁹
584 3949 708 4002 καθ’
736 3951 802 4019 ἣν
829 3949 884 4002 tv
909 3949 1040 4018 ἡμῖν
1082 3945 1110 3998 ὁ
1145 3943 1237 3997 τοῦ
1277 3941 1414 3996 Θεοῦ
1448 3941 1660 4010 γίνεται
1699 3940 1890 4008 Λόγος,
1921 3941 2016 4011 τῆς

443 4043 581 4116 πρὸς
607 4042 676 4096 τά
700 4041 846 4110 πάθη
885 4039 980 4091 καὶ
1006 4037 1131 4100 τοὺς
1157 4035 1419 4104 δαίμονας
1463 4033 1643 4106 μάχης
1678 4032 2010 4103 παυόμενος.

515 4133 614 4202 με’.
656 4133 714 4186 '0
755 4129 1007 4200 δυνηθεὶς
1041 4125 1316 4197 νεκρῶσαι
1365 4124 1452 4178 διά
1494 4121 1748 4192 πράξεως
1785 4122 1853 4176 τά
1882 4123 2019 4194 μέλη

444 4227 513 4282 τά
543 4227 635 4280 ἐπὶ
674 4224 776 4293 τῆς
813 4223 933 4291 γῆς,
955 4221 1049 4274 καὶ
1082 4219 1306 4286 νικῆσαι
1335 4217 1423 4270 διὰ
1449 4214 1544 4270 τοῦ
1585 4216 1761 4284 Λόγου
1795 4217 1904 4268 τῶν
1938 4217 2023 4268 ἰν-

444 4318 612 4374 τολῶν
643 4315 734 4368 τὸν
761 4315 818 4366 ὲν
845 4311 995 4383 αὐτῷ
1024 4310 1132 4365 τῶν
1165 4309 1351 4363 παθῶν
1387 4309 1612 4378 κόσμον,
1634 4307 1888 4377 οὐδεμίαν
1911 4308 2022 4372 ἕξει

444 4409 630 4463 λοιπὸν
661 4405 871 4475 θλίψινο
902 4403 994 4456 τὸν
1031 4403 1237 4474 κόσμον
1279 4400 1446 4463 ἐάσας
1498 4399 1619 4470 ἤδη,
1652 4399 1744 4451 καὶ
1790 4399 1849 4452 tv
1888 4401 2025 4471 Χρι-

449 4500 561 4573 στῷ
588 4497 976 4568 γεγενημένος,
1006 4494 1082 4566 τῷ
1106 4494 1198 4549 τδν
1228 4494 1431 4565 κόσμον
1462 4491 1743 4560 νικήσαντι
1773 4489 1884 4544 τῶν
1919 4509 2024 4545 πα⁶

449 4591 578 4656 θῶν,
619 4590 714 4643 καὶ
742 4589 921 4655 πάσης
961 4585 1184 4657 εἰρήνης
1214 4579 1454 4654 χορηγῷ.
1489 4581 1550 4632 '0
1587 4578 1696 4650 γὰρ
1728 4578 1826 4650 τὴν
1855 4595 2024 4650 προσ-

450 4684 681 4738 πάθειαν
722 4681 831 4734 τῶν
875 4677 1078 4733 ὐλικῶν
1121 4677 1196 4749 μὴ
1239 4677 1420 4745 ἀφεὶς,
1460 4673 1550 4726 διὰ
1598 4671 1801 4736 παντὸς
1849 4670 2027 4742 θλίψιν

449 4775 582 4841 ἕξει·
630 4776 742 4836 τοῖς
805 4771 949 4826 κατὰ
1006 4769 1166 4838 φύσιν
1214 4767 1616 4837 ἀλλοιουμένοις
1661 4763 1760 4833 τὴν
1800 4763 2028 4835 γνώμην

455 4865 958 4937 συναλλοιούμενος.
1015 4863 1072 4914 ’0
1097 4862 1154 4914 δὲ
1185 4859 1478 4929 γενόμενος
1521 4861 1578 4911 tv
1629 4857 1873 4930 Χριστῷ,
1905 4856 2029 4909 κατ’

452 4962 641 5017 οὐδένα
689 4961 845 5029 λόγον
883 4956 1204 5027 αἰσθήσεται
1246 4953 1347 5022 τῆς
1387 4952 1606 5007 οἱασοῢν
1637 4953 1828 5021 ὐλικῆς
1866 4965 2030 5020 μετα-

451 5053 734 5112 πτώσεως.
777 5050 866 5100 Διό
907 5061 1076 5116 φησιν
1125 5045 1153 5096 ό
1207 5040 1433 5112 Κύριοςο
1486 5039 1675 5094 Ταῦτα
1716 5037 2031 5104 λελάληκα

452 5141 617 5212 ὑμῖν,
663 5141 766 5195 ἵνα
801 5140 873 5192 ἐν
897 5137 1027 5207 ἐμοὶ
1065 5133 1316 5202 εἰρήνην
1356 5130 1554 5200 ἔχητε.
1595 5131 1697 5184 Ἐν
1719 5129 1798 5195 τῷ
1828 5132 2033 5199 κόσμῳ

455 5232 666 5300 θλίψιν
702 5229 891 5295 ἕξετεο
922 5226 1084 5282 ἀλλὰ
1128 5223 1421 5292 θαρσεῖτε,
1462 5222 1579 5291 ἐγὼ
1609 5220 1898 5287 νενίκηκα
1927 5221 2035 5272 τὸν

455 5325 707 5392 κόσμον.
737 5323 1051 5384 Τουτέστιν,
1090 5318 1180 5372 Ἐν
1217 5315 1340 5387 ἐμοὶ
1377 5313 1456 5385 τῷ
1498 5314 1657 5384 Λόγῳ
1684 5313 1782 5383 τῆς
1809 5312 2034 5382 ἀρετῆς,

457 5417 677 5488 εἰρήνην
703 5414 875 5485 ἔχετεο
905 5410 1314 5482 ἀπηλλαγμένοι
1342 5409 1440 5478 τῆς
1484 5405 1594 5460 τῶν
1623 5403 1822 5458 ὑλικῶν
1848 5403 2035 5458 παθῶν

456 5523 517 5560 τε
553 5506 651 5559 καὶ
676 5504 1018 5574 πραγμάτων
1064 5495 1416 5571 στροϐώσεώς
1462 5513 1521 5549 τε
1559 5495 1654 5549 καὶ
1688 5494 1952 5565 ταραχῆς·
1975 5496 2034 5548 tv

460 5597 516 5648 δὲ
539 5595 618 5665 τῷ
643 5596 853 5665 κόσμῳ,
893 5593 1170 5647 τουτέστιν
1211 5593 1268 5644 tv
1300 5592 1364 5660 τῇ
1405 5587 1750 5659 προσπαθείᾳ
1779 5586 1888 5639 τῶν
1917 5586 2034 5639 ὐλι-

462 5689 614 5750 κῶν,
656 5686 856 5755 θλίψιν,
909 5685 999 5739 διά
1041 5686 1141 5755 τὴν
1174 5681 1354 5736 αὐτῶν
1407 5675 1808 5749 ἀλλεπάλληλον
1864 5679 2033 5749 μετά-

534 5801 581 5834 ⁸³
610 5801 746 5856 Luc.
774 5817 903 5865 xvu,
925 5800 1012 5854 29.
1091 5801 1134 5832 ⁵9
1169 5797 1304 5854 lbid.
1333 5798 1419 5852 21.
1498 5797 1540 5828 ⁶⁰
1565 5793 1738 5849 Calat.
1776 5794 1946 5858 11,20.

467 5873 512 5903 ’³
542 5873 695 5929 Joan.
725 5888 830 5934 xw,
865 5871 950 5925 55.

2097 658 2328 714 aﬂ‘ectus
2349 656 2702 713 necessitudo
2725 656 3089 728 signiﬁcetur.
3122 658 3362 730 Regnum
3383 660 3532 715 enim
3558 661 3677 726 Dei,

2099 749 2299 820 inquit,
2329 751 2472 804 intra
2494 765 2580 803 vos
2618 757 2695 801 est
2727 748 2793 801 ⁵ο.

2167 841 2256 896 92.
2289 841 2383 896 Dei
2409 857 2472 896 ac
2498 841 2676 895 Patris
2708 857 2959 912 regnum,
2994 841 3242 912 potentia
3269 838 3431 910 509
3457 841 3680 912 quidem

2104 933 2158 988 in
2210 932 2428 988 cunctis
2458 931 2718 988 ﬁdelibus
2746 940 2865 1000 est;
2890 941 3016 988 actu
3049 947 3204 997 vero,
3235 931 3291 986 in
3327 932 3438 986 illis
3465 933 3557 1002 qui
3589 949 3684 987 na-

2099 1026 2262 1080 turali
2313 1026 2463 1079 omni
2520 1025 2689 1080 animi
2742 1025 3100 1096 corporisque
3141 1025 3252 1078 vita
3286 1024 3484 1079 affectu
3533 1026 3683 1080 omni

2099 1117 2336 1188 abjecta,
2358 1117 2664 1186 spiritalem
2684 1117 2952 1173 duntaxat
2967 1117 3114 1173 nacti
3141 1126 3271 1172 sunt
3292 1135 3306 1184 ;
3342 1129 3684 1189 possuntque

2100 1210 2325 1265 dicere:
2370 1209 2491 1264 Vivo
2520 1225 2647 1279 ego;
2673 1211 2795 1280 jam
2835 1226 2937 1264 non
2971 1225 3104 1280 ego:
3144 1211 3268 1264 vivit
3301 1219 3479 1265 autem
3512 1213 3568 1265 in
3604 1228 3686 1265 me

2103 1296 2341 1353 Christus
2366 1297 2434 1350 ⁸ο.

2172 1495 2261 1552 95.
2292 1495 2538 1566 Regnum
2566 1496 2834 1552 caelorum
2861 1497 3085 1568 quidam
3117 1513 3239 1554 esse
3282 1497 3494 1564 dicunt,
3521 1513 3684 1568 quam

2105 1587 2160 1642 in
2190 1586 2346 1662 caelis
2389 1586 2541 1657 digni
2573 1595 2739 1657 atque
2781 1587 2946 1643 electi
3001 1588 3125 1643 vitae
3169 1589 3440 1644 rationem
3482 1600 3681 1661 agunt;

2103 1679 2217 1744 alii,
2249 1693 2445 1734 eorum
2471 1679 2566 1750 qui
2603 1680 2838 1735 salutem
2873 1688 3294 1751 consequuntur
3345 1684 3554 1754 angelis
3592 1700 3688 1754 pa-

2104 1785 2221 1840 rem
2255 1778 2492 1838 statum;
2526 1771 2619 1826 alii
2643 1771 2916 1842 denique,
2982 1773 3157 1842 ipsam
3202 1773 3438 1829 formam
3485 1774 3689 1830 divina:

2104 1862 2561 1931 pulchritudinis,
2587 1877 2806 1928 eorum,
2831 1862 2926 1931 qui
2955 1863 3212 1920 Caelestis
3236 1865 3528 1936 imaginem
3556 1883 3687 1937 por-

2108 1961 2228 2008 tant
2248 1953 2316 2008 σί.
2349 1953 2718 2009 Consentium
2737 1963 2944 2021 autem,
3007 1965 3066 2010 ut
3119 1956 3344 2026 quidem
3393 1959 3648 2013 existimo
3671 1996 3686 2023 ,

2108 2052 2524 2115 consonantque
2571 2045 2792 2100 veritati
2837 2054 2949 2101 tres
2979 2046 3086 2100 illa:
3115 2047 3427 2102 sententiae.
3459 2047 3690 2103 Cunctis

2108 2135 2279 2201 enim,
2305 2151 2406 2206 pro
2439 2144 2556 2192 rata
2587 2136 2837 2207 iustitiae,
2865 2154 2973 2208 qua
3003 2137 3242 2208 quisque
3278 2138 3546 2208 praeditus
3569 2147 3653 2195 est
3673 2182 3688 2205 ,

2109 2227 2374 2298 qualitate
2402 2243 2467 2284 ac
2506 2229 2838 2300 quantitate,
2867 2229 3069 2284 futurae
3101 2245 3302 2285 munus
3331 2231 3521 2301 gratiae
3555 2246 3689 2287 con-

2022 2358 2028 2366 .
2107 2317 2306 2374 fertur.

2178 2410 2268 2466 94.
2299 2409 2553 2477 Quandiu
2597 2410 2721 2481 quis
2745 2426 2845 2481 per
2867 2411 3272 2483 philosophiam
3321 2411 3525 2466 actioni
3556 2419 3689 2466 istu-

2111 2497 2356 2566 dentem,
2400 2498 2586 2554 divina
2628 2509 2855 2556 strenue
2885 2500 3187 2556 certamina
3226 2501 3388 2570 gerit,
3421 2516 3568 2565 eum,
3595 2501 3688 2570 qui

2110 2603 2143 2644 a
2175 2588 2336 2644 Patre
2351 2589 2523 2644 exivit
2545 2605 2643 2660 per
2676 2599 2973 2660 praecepta,
3003 2601 3059 2645 et
3090 2590 3244 2645 venit
3283 2590 3339 2644 in
3376 2589 3642 2644 mundum
3673 2629 3689 2652 ,

2112 2678 2254 2748 apud
2287 2679 2684 2736 seSermonem
2711 2682 2943 2738 detinet.
2980 2683 3084 2739 Ubi
3119 2691 3303 2738 autem
3339 2681 3576 2738 actionis
3598 2681 3695 2736 ad-

2112 2783 2306 2826 versus
2327 2769 2560 2827 aﬂ‘ectus
2598 2772 2843 2844 vitiaque
2869 2774 3016 2828 lucta
3045 2774 3283 2840 solutus,
3316 2774 3470 2829 velut
3497 2789 3698 2828 eorum

2113 2870 2279 2932 atque
2295 2863 2608 2919 dmmonum
2630 2865 2810 2922 victor
2836 2867 3210 2931 renuntiatus,
3236 2883 3335 2937 per
3357 2866 3696 2936 contempla—

2115 2954 2322 3010 tionem
2346 2955 2414 3010 ad
2445 2956 2662 3012 doctam
2706 2973 2770 3012 ac
2803 2959 3107 3028 sapientem
3139 2958 3546 3029 philosophiam
3573 2957 3695 3011 ani-

2115 3061 2266 3102 mum
2315 3048 2694 3113 transtulerit,
2732 3048 3007 3114 Sermoni,
3065 3059 3126 3104 ut
3187 3049 3390 3103 iterum
3429 3047 3695 3102 mundum

2118 3137 2416 3207 relinquat,
2462 3147 2518 3194 et
2554 3139 2718 3193 vadat
2759 3139 2827 3193 ad
2858 3140 3110 3206 Patrem,
3149 3140 3440 3210 permittit.
3480 3139 3697 3196 Idcirco

2115 3243 2356 3298 namque
2399 3229 2476 3284 ait
2517 3229 2785 3284 Dominus
2813 3230 3104 3301 discipulis
3141 3250 3153 3285 :
3195 3231 3290 3286 Vos
3335 3247 3417 3285 me
3453 3232 3696 3297 amastis,

2123 3325 2175 3372 et
2205 3319 2495 3373 credidistis
2522 3321 2646 3390 quia
2675 3337 2707 3373 a
2732 3319 2840 3374 Deo
2868 3321 3023 3375 exivi.
3059 3321 3214 3375 Exivi
3235 3339 3267 3374 a
3293 3321 3478 3386 Patre,
3507 3329 3560 3374 et
3582 3321 3702 3375 veni

2123 3411 2180 3465 in
2224 3411 2516 3466 mundum:
2552 3413 2747 3466 iterum
2791 3411 3032 3482 relinquo
3061 3413 3338 3479 mund-um,
3369 3421 3420 3467 et
3471 3413 3606 3467 vado
3630 3413 3701 3467 ad

2122 3500 2342 3557 Patrem
2373 3504 2418 3535 ⁸³
2464 3503 2780 3558 :mundum
2837 3504 2977 3558 forte
3033 3504 3356 3574 appellans,
3409 3516 3700 3572 operosam

2124 3592 2361 3648 actionis
2396 3591 2548 3647 cultu
2583 3593 2849 3648 virtutum
2879 3592 3255 3658 iunctionem;
3303 3591 3519 3646 Patrem
3546 3605 3698 3653 vero,

2125 3691 2329 3738 statum
2379 3683 2581 3737 mentis
2610 3684 2816 3737 mundo
2853 3685 3165 3748 celsiorem,
3199 3693 3256 3737 et
3301 3683 3370 3737 ab
3421 3683 3570 3737 omni
3596 3690 3704 3736 ter—

2126 3789 2262 3830 reno
2316 3789 2482 3828 sensu
2528 3773 2764 3828 liberum
2799 3772 3057 3842 :qualem
3085 3773 3142 3827 in
3180 3773 3343 3828 nobis
3373 3773 3469 3827 Dei
3504 3773 3704 3827 Sermo

2130 3865 2387 3930 sortitur,
2418 3881 2448 3919 a
2476 3881 2659 3935 pugna
2681 3865 2949 3919 adversus
2977 3863 3210 3921 aﬂ'ectus
3249 3863 3493 3932 vitiaque
3537 3872 3704 3934 atque

2126 3955 2403 4011 daemones
2436 3965 2630 4010 nactus
2661 3955 2927 4026 requiem.

2197 4134 2286 4190 95.
2321 4133 2424 4202 Qui
2455 4135 2698 4190 actionis
2725 4135 2900 4199 cultu,
2927 4133 3182 4195 membra
3233 4147 3355 4202 quae
3375 4140 3504 4187 sunt
3539 4147 3706 4201 super

2130 4235 2332 4281 terram
2371 4224 2706 4283 mortiﬁcare
2736 4225 3001 4290 valuit“,
3054 4223 3450 4294 Sermonisque
3484 4222 3710 4278 manda-

2131 4325 2314 4372 torum
2341 4332 2444 4388 ope
2479 4327 2643 4388 atque
2671 4317 2748 4382 vi,
2780 4314 3080 4372 aﬂ'ectuum
3105 4316 3476 4384 vitiorumque
3505 4315 3559 4368 in
3589 4314 3709 4385 ipso

2132 4407 2397 4463 mundum
2443 4408 2665 4463 vincere
2706 4407 2908 4478 potuit,
2939 4407 3148 4461 nullam
3185 4405 3449 4476 deinceps
3485 4419 3709 4475 pressu-

2132 4515 2249 4564 ram
2296 4498 2547 4564 habebit,
2592 4499 2709 4567 qui,
2746 4497 2944 4552 relicto
2982 4499 3096 4569 jam
3131 4495 3378 4563 mundo,
3431 4502 3486 4550 ut
3540 4496 3612 4550 sit
3652 4495 3708 4549 in

2059 4617 2101 4671 ι)
2129 4589 2352 4646 Christo
2375 4589 2566 4644 mundi
2592 4589 2889 4644 affectuum
2927 4589 3192 4644 vitiorum
3225 4588 3438 4644 victore
3473 4602 3537 4642 ac
3559 4586 3713 4657 pacis

2129 4680 2309 4734 omnis
2330 4687 2577 4745 auctore,
2612 4689 2806 4735 nactus
2828 4679 2917 4736 sit.
2942 4679 3048 4748 Qui
3066 4681 3214 4735 enim
3254 4688 3601 4736 terrenorum
3629 4675 3710 4730 af-

2127 4769 2334 4824 fectum
2366 4783 2431 4824 ac
2477 4768 2768 4823 libidinem
2803 4785 2914 4824 non
2958 4768 3202 4839 reliquit,
3241 4783 3462 4839 semper
3491 4781 3716 4837 pressu-

2129 4873 2246 4912 ram
2273 4858 2529 4924 habebit;
2571 4859 2666 4928 qui
2695 4874 3030 4928 nempe‘una
3061 4874 3186 4913 cum
3217 4857 3327 4912 illis
3368 4872 3490 4924 quae
3515 4866 3715 4909 natura

2131 4957 2436 5016 mutantur,
2476 4950 2593 5020 ipse
2633 4951 2864 5020 perinde
2897 4951 3048 5005 alius
3077 4966 3147 5004 ex-
3167 4949 3279 5003 alio
3303 4955 3567 5002 mutetur.
3603 4947 3671 5000 At
3697 4945 3745 5022 ,ξ

2132 5042 2228 5113 qui
2268 5051 2464 5098 nactus
2518 5051 2604 5097 est
2664 5049 2724 5097 ut
2775 5044 2848 5097 sit
2925 5043 2982 5096 in
3025 5042 3278 5104 Christo,
3331 5038 3542 5092 nullam
3602 5023 3751 5135 ulloi

2133 5133 2298 5188 modo
2341 5133 2614 5203 ejusmodi
2653 5131 3404 5204 casuummutationumque
3433 5128 3745 5203 vicissitu-{

2132 5223 2320 5278 dinem
2345 5222 2519 5294 510
2533 5223 2756 5279 sentiet.
2781 5222 2994 5277 idcirco
3015 5222 3094 5276 ait
3120 5220 3388 5275 Dominus
3424 5233 3438 5271 :
3473 5218 3599 5272 ch
3637 5216 3716 5270 lo-

2132 5325 2286 5369 cutus
2300 5331 2420 5370 sum
2441 5315 2603 5380 vobis,
2635 5316 2774 5369 utin
2805 5331 2887 5368 me
2910 5331 3092 5385 pacem
3131 5314 3388 5369 habeatis.
3421 5309 3484 5366 In
3523 5313 3718 5366 mundo

2135 5422 2444 5478 pressuram
2479 5405 2775 5471 habebitis;
2817 5406 2908 5460 sed
2961 5405 3239 5474 conﬁdite;
3277 5420 3369 5475 ego
3412 5403 3512 5458 vici
3562 5418 3720 5456 mun—

2110 5525 2112 5530 ι
2139 5497 2266 5550 dum
2281 5496 2346 5550 “.
2370 5497 2432 5551 in
2451 5512 2540 5552 me
2573 5497 2802 5562 scilicet,
2829 5498 2925 5567 qui
2950 5497 3170 5551 virtutis
3204 5496 3398 5551 Sermo
3430 5495 3531 5550 sim
3556 5503 3721 5562 atque

2141 5589 2304 5654 ratio,
2339 5604 2528 5658 pacem
2586 5589 2885 5654 habebitis,
2934 5589 3209 5644 liberalia
3240 5596 3591 5643 terrenarum
3642 5587 3720 5638 af-

2140 5679 2384 5734 fectuum
2437 5695 2734 5750 rerumque
2775 5697 2919 5736 cavea
2963 5680 3234 5750 vertigine
3267 5695 3331 5734 ac
3366 5678 3718 5740 turbatione;

2059 5796 2099 5828 ⁸³
2127 5796 2152 5850 l.
2173 5795 2299 5850 Cor.
2330 5797 2527 5863 “2,49.
2605 5794 2648 5826 ⁸³
2677 5795 2832 5852 Joan.
2887 5813 2996 5864 xw,
3024 5796 3114 5852 27.
3192 5795 3237 5827 θ’
3282 5791 3493 5849 Coloss.
3536 5806 3616 5855 tu,
3665 5787 3718 5842 5.
