  <div class='ocr_page' id='page_1' title='image "/cluster/home/n/w/nwhite01/storage/ocr_20150623/90/mdp.39015022223161/591.png"; bbox 0 0 4122 6320; ppageno 0'>
   <div class='ocr_carea' id='block_1_1' title="bbox 537 355 3803 438">
    <p class='ocr_par' dir='ltr' id='par_1_1' title="bbox 537 355 3803 438">
     <span class='ocr_line' id='line_1_1' title="bbox 537 355 3803 438; baseline 0.002 -11"><span class='ocrx_word' id='word_1_1' title='bbox 537 361 666 427; x_wconf 82' lang='lat' dir='ltr'><strong>tm</strong></span> <span class='ocrx_word' id='word_1_2' title='bbox 1679 372 1738 432; x_wconf 91' lang='lat' dir='ltr'><strong>s.</strong></span> <span class='ocrx_word' id='word_1_3' title='bbox 1777 371 2064 433; x_wconf 83' lang='lat' dir='ltr'><strong>MAXIMI</strong></span> <span class='ocrx_word' id='word_1_4' title='bbox 2103 371 2610 438; x_wconf 80' lang='lat' dir='ltr'><strong>CONFESSORIS</strong></span> <span class='ocrx_word' id='word_1_5' title='bbox 3671 355 3803 422; x_wconf 69' lang='lat'><strong>1172</strong></span> 
     </span>
    </p>
   </div>
   <div class='ocr_carea' id='block_1_2' title="bbox 535 479 2126 564">
    <p class='ocr_par' dir='ltr' id='par_1_2' title="bbox 535 479 2118 557">
     <span class='ocr_line' id='line_1_2' title="bbox 535 479 2118 557; baseline 0.005 -21"><span class='ocrx_word' id='word_1_6' title='bbox 535 482 591 536; x_wconf 89' lang='lat' dir='ltr'><strong>iu</strong></span> <span class='ocrx_word' id='word_1_7' title='bbox 639 479 848 536; x_wconf 83' lang='lat' dir='ltr'><strong>mundo</strong></span> <span class='ocrx_word' id='word_1_8' title='bbox 892 493 1074 536; x_wconf 91' lang='lat' dir='ltr'><strong>autem</strong></span> <span class='ocrx_word' id='word_1_9' title='bbox 1098 523 1113 548; x_wconf 92' lang='lat'><strong>,</strong></span> <span class='ocrx_word' id='word_1_10' title='bbox 1158 490 1508 540; x_wconf 90' lang='lat' dir='ltr'><strong>terrenorum</strong></span> <span class='ocrx_word' id='word_1_11' title='bbox 1541 485 1753 542; x_wconf 92' lang='lat' dir='ltr'><strong>scilicet</strong></span> <span class='ocrx_word' id='word_1_12' title='bbox 1785 488 2118 557; x_wconf 88' lang='lat' dir='ltr'><strong>procliviore</strong></span> 
     </span>
    </p>
   </div>
   <div class='ocr_carea' id='block_1_3' title="bbox 2230 479 3804 564">
    <p class='ocr_par' dir='ltr' id='par_1_3' title="bbox 2230 479 3804 564">
     <span class='ocr_line' id='line_1_3' title="bbox 2230 479 3804 564; baseline -0.007 -20"><span class='ocrx_word' id='word_1_13' title='bbox 2230 507 2448 546; x_wconf 83' lang='grc' dir='ltr'>πτωσιν.</span> <span class='ocrx_word' id='word_1_14' title='bbox 2478 491 2670 562; x_wconf 74' lang='grc' dir='ltr'>Θλίψιν</span> <span class='ocrx_word' id='word_1_15' title='bbox 2712 491 2820 562; x_wconf 75' lang='grc' dir='ltr'><strong>γὰρ</strong></span> <span class='ocrx_word' id='word_1_16' title='bbox 2855 489 3042 561; x_wconf 74' lang='grc' dir='ltr'>ἔχουσι</span> <span class='ocrx_word' id='word_1_17' title='bbox 3073 487 3396 564; x_wconf 78' lang='grc' dir='ltr'>ἀμφότεροι,</span> <span class='ocrx_word' id='word_1_18' title='bbox 3435 484 3532 539; x_wconf 71' lang='grc' dir='ltr'><strong>καὶ</strong></span> <span class='ocrx_word' id='word_1_19' title='bbox 3559 483 3588 538; x_wconf 99' lang='lat'><strong>6</strong></span> <span class='ocrx_word' id='word_1_20' title='bbox 3631 479 3804 555; x_wconf 74' lang='grc' dir='ltr'>πράτ-</span> 
     </span>
    </p>
   </div>
   <div class='ocr_carea' id='block_1_4' title="bbox 533 572 2126 655">
    <p class='ocr_par' dir='ltr' id='par_1_4' title="bbox 533 572 2117 646">
     <span class='ocr_line' id='line_1_4' title="bbox 533 572 2117 646; baseline 0.003 -18"><span class='ocrx_word' id='word_1_21' title='bbox 533 572 772 640; x_wconf 85' lang='lat' dir='ltr'><strong>at&#39;l‘ectu,</strong></span> <span class='ocrx_word' id='word_1_22' title='bbox 828 589 1181 644; x_wconf 89' lang='lat' dir='ltr'><strong>prcssuram;</strong></span> <span class='ocrx_word' id='word_1_23' title='bbox 1227 584 1456 646; x_wconf 78' lang='lat' dir='ltr'><strong>propter</strong></span> <span class='ocrx_word' id='word_1_24' title='bbox 1485 576 1751 632; x_wconf 84' lang='lat' dir='ltr'><strong>nimirum</strong></span> <span class='ocrx_word' id='word_1_25' title='bbox 1794 579 2117 634; x_wconf 90' lang='lat' dir='ltr'><strong>continuam</strong></span> 
     </span>
    </p>
   </div>
   <div class='ocr_carea' id='block_1_5' title="bbox 2230 572 3802 655">
    <p class='ocr_par' dir='ltr' id='par_1_5' title="bbox 2230 575 3802 655">
     <span class='ocr_line' id='line_1_5' title="bbox 2230 575 3802 655; baseline -0.006 -20"><span class='ocrx_word' id='word_1_26' title='bbox 2230 599 2325 635; x_wconf 72' lang='grc' dir='ltr'><strong>των</strong></span> <span class='ocrx_word' id='word_1_27' title='bbox 2353 582 2454 654; x_wconf 84' lang='grc' dir='ltr'><strong>τὴν</strong></span> <span class='ocrx_word' id='word_1_28' title='bbox 2486 583 2709 655; x_wconf 79' lang='grc' dir='ltr'>ἀρετὴν,</span> <span class='ocrx_word' id='word_1_29' title='bbox 2761 581 2850 639; x_wconf 64' lang='grc' dir='ltr'>διὰ</span> <span class='ocrx_word' id='word_1_30' title='bbox 2883 581 2975 635; x_wconf 69' lang='grc' dir='ltr'>τὸν</span> <span class='ocrx_word' id='word_1_31' title='bbox 3027 580 3166 651; x_wconf 82' lang='grc' dir='ltr'>αὐτῇ</span> <span class='ocrx_word' id='word_1_32' title='bbox 3228 575 3579 649; x_wconf 78' lang='grc' dir='ltr'><strong>συνημμένον</strong></span> <span class='ocrx_word' id='word_1_33' title='bbox 3624 576 3802 626; x_wconf 78' lang='grc' dir='ltr'>πόνον·</span> 
     </span>
    </p>
   </div>
   <div class='ocr_carea' id='block_1_6' title="bbox 536 662 2126 744">
    <p class='ocr_par' dir='ltr' id='par_1_6' title="bbox 536 666 2118 742">
     <span class='ocr_line' id='line_1_6' title="bbox 536 666 2118 742; baseline 0.004 -22"><span class='ocrx_word' id='word_1_34' title='bbox 536 666 759 722; x_wconf 89' lang='lat' dir='ltr'><strong>illorum</strong></span> <span class='ocrx_word' id='word_1_35' title='bbox 785 667 946 722; x_wconf 89' lang='lat' dir='ltr'><strong>aliam</strong></span> <span class='ocrx_word' id='word_1_36' title='bbox 967 667 1241 739; x_wconf 85' lang='lat' dir='ltr'><strong>aliamque</strong></span> <span class='ocrx_word' id='word_1_37' title='bbox 1276 669 1664 725; x_wconf 76' lang='lat' dir='ltr'><strong>mutationem.</strong></span> <span class='ocrx_word' id='word_1_38' title='bbox 1689 671 1934 742; x_wconf 86' lang='lat' dir='ltr'><strong>Uterque</strong></span> <span class='ocrx_word' id='word_1_39' title='bbox 1958 687 2118 727; x_wconf 90' lang='lat' dir='ltr'><strong>nam-</strong></span> 
     </span>
    </p>
   </div>
   <div class='ocr_carea' id='block_1_7' title="bbox 2230 662 3809 744">
    <p class='ocr_par' dir='ltr' id='par_1_7' title="bbox 2230 662 3809 744">
     <span class='ocr_line' id='line_1_7' title="bbox 2230 662 3809 744; baseline -0.008 -17"><span class='ocrx_word' id='word_1_40' title='bbox 2230 673 2314 726; x_wconf 72' lang='grc' dir='ltr'>ιιαὶ</span> <span class='ocrx_word' id='word_1_41' title='bbox 2342 675 2370 726; x_wconf 92' lang='lat'><strong>6</strong></span> <span class='ocrx_word' id='word_1_42' title='bbox 2411 672 2502 726; x_wconf 79' lang='grc' dir='ltr'>τὸν</span> <span class='ocrx_word' id='word_1_43' title='bbox 2530 672 2736 744; x_wconf 84' lang='grc' dir='ltr'>κόσμον</span> <span class='ocrx_word' id='word_1_44' title='bbox 2761 672 3016 740; x_wconf 85' lang='grc' dir='ltr'>ἀγαπῶν,</span> <span class='ocrx_word' id='word_1_45' title='bbox 3050 669 3139 724; x_wconf 76' lang='grc' dir='ltr'><strong>διὰ</strong></span> <span class='ocrx_word' id='word_1_46' title='bbox 3170 668 3270 737; x_wconf 81' lang='grc' dir='ltr'><strong>τὴν</strong></span> <span class='ocrx_word' id='word_1_47' title='bbox 3314 669 3420 721; x_wconf 81' lang='grc' dir='ltr'><strong>τῶν</strong></span> <span class='ocrx_word' id='word_1_48' title='bbox 3453 663 3656 719; x_wconf 79' lang='grc' dir='ltr'>ύλικῶν</span> <span class='ocrx_word' id='word_1_49' title='bbox 3676 662 3809 715; x_wconf 84' lang='grc' dir='ltr'>ἀπο-</span> 
     </span>
    </p>
   </div>
   <div class='ocr_carea' id='block_1_8' title="bbox 537 753 2126 834">
    <p class='ocr_par' dir='ltr' id='par_1_8' title="bbox 537 758 2120 830">
     <span class='ocr_line' id='line_1_8' title="bbox 537 758 2120 830; baseline 0.003 -21"><span class='ocrx_word' id='word_1_50' title='bbox 537 772 642 825; x_wconf 86' lang='lat' dir='ltr'><strong>qne</strong></span> <span class='ocrx_word' id='word_1_51' title='bbox 673 772 988 826; x_wconf 90' lang='lat' dir='ltr'><strong>pressuram</strong></span> <span class='ocrx_word' id='word_1_52' title='bbox 1020 758 1208 824; x_wconf 84' lang='lat' dir='ltr'><strong>habet,</strong></span> <span class='ocrx_word' id='word_1_53' title='bbox 1236 769 1349 813; x_wconf 90' lang='lat' dir='ltr'><strong>tum</strong></span> <span class='ocrx_word' id='word_1_54' title='bbox 1385 760 1594 814; x_wconf 88' lang='lat' dir='ltr'><strong>scilicet</strong></span> <span class='ocrx_word' id='word_1_55' title='bbox 1625 760 1719 830; x_wconf 90' lang='lat' dir='ltr'><strong>qui</strong></span> <span class='ocrx_word' id='word_1_56' title='bbox 1742 759 2006 815; x_wconf 84' lang='lat' dir='ltr'><strong>virtutem</strong></span> <span class='ocrx_word' id='word_1_57' title='bbox 2028 775 2120 814; x_wconf 85' lang='lat' dir='ltr'><strong>co-</strong></span> 
     </span>
    </p>
   </div>
   <div class='ocr_carea' id='block_1_9' title="bbox 2230 753 3809 834">
    <p class='ocr_par' dir='ltr' id='par_1_9' title="bbox 2230 753 3809 834">
     <span class='ocr_line' id='line_1_9' title="bbox 2230 753 3809 834; baseline -0.006 -19"><span class='ocrx_word' id='word_1_58' title='bbox 2230 761 2432 834; x_wconf 65' lang='grc' dir='ltr'><strong>τυχίαν⁸</strong></span> <span class='ocrx_word' id='word_1_59' title='bbox 2467 761 2584 816; x_wconf 76' lang='grc' dir='ltr'>ἀλλ’</span> <span class='ocrx_word' id='word_1_60' title='bbox 2610 764 2638 816; x_wconf 93' lang='lat'><strong>6</strong></span> <span class='ocrx_word' id='word_1_61' title='bbox 2670 761 2789 834; x_wconf 83' lang='grc' dir='ltr'>μὲν.</span> <span class='ocrx_word' id='word_1_62' title='bbox 2812 760 2993 831; x_wconf 73' lang='grc' dir='ltr'>θλίψιν</span> <span class='ocrx_word' id='word_1_63' title='bbox 3025 761 3308 829; x_wconf 76' lang='grc' dir='ltr'>σωτήριον·</span> <span class='ocrx_word' id='word_1_64' title='bbox 3345 759 3373 811; x_wconf 87' lang='grc' dir='ltr'>ὁ</span> <span class='ocrx_word' id='word_1_65' title='bbox 3401 756 3480 820; x_wconf 85' lang='grc' dir='ltr'><strong>δὲ,</strong></span> <span class='ocrx_word' id='word_1_66' title='bbox 3502 753 3809 824; x_wconf 83' lang='grc' dir='ltr'>φθαρτικὴν</span> 
     </span>
    </p>
   </div>
   <div class='ocr_carea' id='block_1_10' title="bbox 537 846 2126 926">
    <p class='ocr_par' dir='ltr' id='par_1_10' title="bbox 537 847 2118 920">
     <span class='ocr_line' id='line_1_10' title="bbox 537 847 2118 920; baseline 0.004 -20"><span class='ocrx_word' id='word_1_67' title='bbox 537 847 618 912; x_wconf 92' lang='lat' dir='ltr'><strong>Iit,</strong></span> <span class='ocrx_word' id='word_1_68' title='bbox 656 847 728 902; x_wconf 91' lang='lat' dir='ltr'><strong>ob</strong></span> <span class='ocrx_word' id='word_1_69' title='bbox 757 849 1115 918; x_wconf 73' lang='lat' dir='ltr'><strong>coniunctum</strong></span> <span class='ocrx_word' id='word_1_70' title='bbox 1162 848 1212 904; x_wconf 92' lang='lat' dir='ltr'><strong>ei</strong></span> <span class='ocrx_word' id='word_1_71' title='bbox 1253 849 1536 914; x_wconf 88' lang='lat' dir='ltr'><strong>laborem;</strong></span> <span class='ocrx_word' id='word_1_72' title='bbox 1570 859 1685 904; x_wconf 90' lang='lat' dir='ltr'><strong>tum</strong></span> <span class='ocrx_word' id='word_1_73' title='bbox 1731 850 1824 920; x_wconf 88' lang='lat' dir='ltr'><strong>qui</strong></span> <span class='ocrx_word' id='word_1_74' title='bbox 1853 850 2118 908; x_wconf 84' lang='lat' dir='ltr'><strong>mundum</strong></span> 
     </span>
    </p>
   </div>
   <div class='ocr_carea' id='block_1_11' title="bbox 2230 846 3811 926">
    <p class='ocr_par' dir='ltr' id='par_1_11' title="bbox 2230 846 3811 926">
     <span class='ocr_line' id='line_1_11' title="bbox 2230 846 3811 926; baseline -0.006 -19"><span class='ocrx_word' id='word_1_75' title='bbox 2230 855 2316 908; x_wconf 71' lang='grc' dir='ltr'><strong>καὶ</strong></span> <span class='ocrx_word' id='word_1_76' title='bbox 2358 855 2620 926; x_wconf 83' lang='grc' dir='ltr'>ὀλέθριον.</span> <span class='ocrx_word' id='word_1_77' title='bbox 2685 855 3042 926; x_wconf 77' lang='grc' dir='ltr'>Ἀμφοτέρων</span> <span class='ocrx_word' id='word_1_78' title='bbox 3088 854 3145 907; x_wconf 75' lang='grc' dir='ltr'><strong>δέ</strong></span> <span class='ocrx_word' id='word_1_79' title='bbox 3195 855 3342 906; x_wconf 84' lang='grc' dir='ltr'>ἐστιν</span> <span class='ocrx_word' id='word_1_80' title='bbox 3385 853 3414 904; x_wconf 91' lang='lat'><strong>6</strong></span> <span class='ocrx_word' id='word_1_81' title='bbox 3464 848 3670 920; x_wconf 81' lang='grc' dir='ltr'>Κύριος</span> <span class='ocrx_word' id='word_1_82' title='bbox 3718 846 3811 900; x_wconf 69' lang='grc' dir='ltr'>ἀνα</span> 
     </span>
    </p>
   </div>
   <div class='ocr_carea' id='block_1_12' title="bbox 536 938 2114 1013">
    <p class='ocr_par' dir='ltr' id='par_1_12' title="bbox 536 938 2114 1013">
     <span class='ocr_line' id='line_1_12' title="bbox 536 938 2114 1013; baseline 0.001 -20"><span class='ocrx_word' id='word_1_83' title='bbox 536 938 894 1010; x_wconf 84' lang='lat' dir='ltr'><strong>diligit,quod</strong></span> <span class='ocrx_word' id='word_1_84' title='bbox 917 942 1151 996; x_wconf 86' lang='lat' dir='ltr'><strong>terrenis</strong></span> <span class='ocrx_word' id='word_1_85' title='bbox 1178 942 1773 1012; x_wconf 82' lang='lat' dir='ltr'><strong>plcrumquefrustrari</strong></span> <span class='ocrx_word' id='word_1_86' title='bbox 1797 942 2114 1013; x_wconf 80' lang='lat' dir='ltr'><strong>contingat:</strong></span> 
     </span>
    </p>
   </div>
   <div class='ocr_carea' id='block_1_13' title="bbox 537 1031 2115 1104">
    <p class='ocr_par' dir='ltr' id='par_1_13' title="bbox 537 1031 2115 1104">
     <span class='ocr_line' id='line_1_13' title="bbox 537 1031 2115 1104; baseline 0.001 -20"><span class='ocrx_word' id='word_1_87' title='bbox 537 1041 698 1100; x_wconf 80' lang='lat' dir='ltr'><strong>atque</strong></span> <span class='ocrx_word' id='word_1_88' title='bbox 750 1031 899 1086; x_wconf 91' lang='lat' dir='ltr'><strong>illius</strong></span> <span class='ocrx_word' id='word_1_89' title='bbox 927 1031 1151 1101; x_wconf 88' lang='lat' dir='ltr'><strong>quidem</strong></span> <span class='ocrx_word' id='word_1_90' title='bbox 1198 1033 1434 1087; x_wconf 86' lang='lat' dir='ltr'><strong>salubris</strong></span> <span class='ocrx_word' id='word_1_91' title='bbox 1484 1048 1777 1103; x_wconf 89' lang='lat' dir='ltr'><strong>pressura;</strong></span> <span class='ocrx_word' id='word_1_92' title='bbox 1812 1033 1980 1104; x_wconf 83' lang='lat' dir='ltr'><strong>hujus</strong></span> <span class='ocrx_word' id='word_1_93' title='bbox 2015 1049 2115 1086; x_wconf 92' lang='lat' dir='ltr'><strong>au-</strong></span> 
     </span>
    </p>
   </div>
   <div class='ocr_carea' id='block_1_14' title="bbox 537 1122 2119 1192">
    <p class='ocr_par' dir='ltr' id='par_1_14' title="bbox 537 1122 2119 1192">
     <span class='ocr_line' id='line_1_14' title="bbox 537 1122 2119 1192; baseline 0.001 -18"><span class='ocrx_word' id='word_1_94' title='bbox 537 1129 668 1188; x_wconf 89' lang='lat' dir='ltr'><strong>tem,</strong></span> <span class='ocrx_word' id='word_1_95' title='bbox 725 1122 887 1192; x_wconf 88' lang='lat' dir='ltr'><strong>plane</strong></span> <span class='ocrx_word' id='word_1_96' title='bbox 932 1123 1096 1178; x_wconf 80' lang='lat' dir='ltr'><strong>noxia</strong></span> <span class='ocrx_word' id='word_1_97' title='bbox 1143 1131 1199 1177; x_wconf 90' lang='lat' dir='ltr'><strong>et</strong></span> <span class='ocrx_word' id='word_1_98' title='bbox 1247 1123 1502 1178; x_wconf 81' lang='lat' dir='ltr'><strong>exitiosa.</strong></span> <span class='ocrx_word' id='word_1_99' title='bbox 1558 1123 1634 1178; x_wconf 89' lang='lat' dir='ltr'><strong>Ac</strong></span> <span class='ocrx_word' id='word_1_100' title='bbox 1675 1137 1808 1178; x_wconf 89' lang='lat' dir='ltr'><strong>vero</strong></span> <span class='ocrx_word' id='word_1_101' title='bbox 1849 1122 2119 1176; x_wconf 88' lang='lat' dir='ltr'><strong>Dominus</strong></span> 
     </span>
    </p>
   </div>
   <div class='ocr_carea' id='block_1_15' title="bbox 537 1215 2116 1286">
    <p class='ocr_par' dir='ltr' id='par_1_15' title="bbox 537 1215 2116 1286">
     <span class='ocr_line' id='line_1_15' title="bbox 537 1215 2116 1286; baseline 0.001 -19"><span class='ocrx_word' id='word_1_102' title='bbox 537 1222 832 1284; x_wconf 90' lang='lat' dir='ltr'><strong>utrumque</strong></span> <span class='ocrx_word' id='word_1_103' title='bbox 853 1215 1041 1269; x_wconf 90' lang='lat' dir='ltr'><strong>labore</strong></span> <span class='ocrx_word' id='word_1_104' title='bbox 1073 1217 1220 1270; x_wconf 85' lang='lat' dir='ltr'><strong>levat</strong></span> <span class='ocrx_word' id='word_1_105' title='bbox 1249 1231 1311 1270; x_wconf 89' lang='lat' dir='ltr'><strong>ac</strong></span> <span class='ocrx_word' id='word_1_106' title='bbox 1338 1215 1548 1281; x_wconf 76' lang='lat' dir='ltr'><strong>reiicit;</strong></span> <span class='ocrx_word' id='word_1_107' title='bbox 1583 1215 1818 1271; x_wconf 85' lang='lat' dir='ltr'><strong>alterum</strong></span> <span class='ocrx_word' id='word_1_108' title='bbox 1853 1215 2076 1286; x_wconf 84' lang='lat' dir='ltr'><strong>quidem</strong></span> <span class='ocrx_word' id='word_1_109' title='bbox 2104 1256 2116 1278; x_wconf 92' lang='lat'><strong>,</strong></span> 
     </span>
    </p>
   </div>
   <div class='ocr_carea' id='block_1_16' title="bbox 2229 939 3809 1018">
    <p class='ocr_par' dir='ltr' id='par_1_16' title="bbox 2229 939 3809 1018">
     <span class='ocr_line' id='line_1_16' title="bbox 2229 939 3809 1018; baseline -0.012 -8"><span class='ocrx_word' id='word_1_110' title='bbox 2229 963 2347 1009; x_wconf 82' lang='grc' dir='ltr'>εσις</span> <span class='ocrx_word' id='word_1_111' title='bbox 2372 962 2384 974; x_wconf 84' lang='grc'><strong><em>⁸</em></strong></span> <span class='ocrx_word' id='word_1_112' title='bbox 2417 947 2513 1001; x_wconf 82' lang='grc' dir='ltr'>τοῦ</span> <span class='ocrx_word' id='word_1_113' title='bbox 2545 949 2664 1018; x_wconf 86' lang='grc' dir='ltr'>μὲν,</span> <span class='ocrx_word' id='word_1_114' title='bbox 2713 948 3049 1002; x_wconf 80' lang='grc' dir='ltr'>καταπαύων</span> <span class='ocrx_word' id='word_1_115' title='bbox 3079 949 3135 999; x_wconf 80' lang='grc' dir='ltr'>ὲν</span> <span class='ocrx_word' id='word_1_116' title='bbox 3165 943 3342 1016; x_wconf 80' lang='grc' dir='ltr'>ἐαυτῷ</span> <span class='ocrx_word' id='word_1_117' title='bbox 3373 941 3517 997; x_wconf 81' lang='grc' dir='ltr'><strong>κατά</strong></span> <span class='ocrx_word' id='word_1_118' title='bbox 3546 941 3646 1012; x_wconf 79' lang='grc' dir='ltr'>τὴν</span> <span class='ocrx_word' id='word_1_119' title='bbox 3673 939 3809 992; x_wconf 77' lang='grc' dir='ltr'>θεω·</span> 
     </span>
    </p>
   </div>
   <div class='ocr_carea' id='block_1_17' title="bbox 2227 1028 3809 1105">
    <p class='ocr_par' dir='ltr' id='par_1_17' title="bbox 2227 1028 3809 1105">
     <span class='ocr_line' id='line_1_17' title="bbox 2227 1028 3809 1105; baseline -0.006 -16"><span class='ocrx_word' id='word_1_120' title='bbox 2227 1037 2349 1105; x_wconf 85' lang='grc' dir='ltr'>ρίαν</span> <span class='ocrx_word' id='word_1_121' title='bbox 2387 1037 2454 1090; x_wconf 85' lang='grc' dir='ltr'>δι’</span> <span class='ocrx_word' id='word_1_122' title='bbox 2495 1039 2763 1104; x_wconf 73' lang='grc' dir='ltr'>ἀπαθείας</span> <span class='ocrx_word' id='word_1_123' title='bbox 2808 1040 2936 1102; x_wconf 71' lang='grc' dir='ltr'>τοὺς</span> <span class='ocrx_word' id='word_1_124' title='bbox 2981 1037 3175 1100; x_wconf 84' lang='grc' dir='ltr'>πόνους</span> <span class='ocrx_word' id='word_1_125' title='bbox 3200 1035 3310 1088; x_wconf 86' lang='grc' dir='ltr'><strong>τῶν</strong></span> <span class='ocrx_word' id='word_1_126' title='bbox 3341 1031 3574 1104; x_wconf 87' lang='grc' dir='ltr'>ἀρετῶν·</span> <span class='ocrx_word' id='word_1_127' title='bbox 3606 1028 3702 1082; x_wconf 80' lang='grc' dir='ltr'>τοῦ</span> <span class='ocrx_word' id='word_1_128' title='bbox 3731 1029 3809 1091; x_wconf 83' lang='grc' dir='ltr'><strong>δὲ,</strong></span> 
     </span>
    </p>
   </div>
   <div class='ocr_carea' id='block_1_18' title="bbox 2224 1118 3811 1201">
    <p class='ocr_par' dir='ltr' id='par_1_18' title="bbox 2224 1118 3811 1201">
     <span class='ocr_line' id='line_1_18' title="bbox 2224 1118 3811 1201; baseline -0.011 -12"><span class='ocrx_word' id='word_1_129' title='bbox 2224 1127 2323 1197; x_wconf 78' lang='grc' dir='ltr'><strong>τὴν</strong></span> <span class='ocrx_word' id='word_1_130' title='bbox 2358 1129 2494 1201; x_wconf 73' lang='grc' dir='ltr'>πρὸς</span> <span class='ocrx_word' id='word_1_131' title='bbox 2539 1133 2609 1184; x_wconf 76' lang='grc' dir='ltr'><strong>τὰ</strong></span> <span class='ocrx_word' id='word_1_132' title='bbox 2654 1129 2990 1200; x_wconf 72' lang='grc' dir='ltr'>φθειρόμενα</span> <span class='ocrx_word' id='word_1_133' title='bbox 3021 1125 3275 1200; x_wconf 67' lang='grc' dir='ltr'>σχετικὴν</span> <span class='ocrx_word' id='word_1_134' title='bbox 3313 1121 3691 1197; x_wconf 78' lang='grc' dir='ltr'>προσπάθειαν</span> <span class='ocrx_word' id='word_1_135' title='bbox 3727 1118 3811 1172; x_wconf 71' lang='grc' dir='ltr'><strong>διὰ</strong></span> 
     </span>
    </p>
   </div>
   <div class='ocr_carea' id='block_1_19' title="bbox 2225 1218 3100 1294">
    <p class='ocr_par' dir='ltr' id='par_1_19' title="bbox 2225 1218 3100 1294">
     <span class='ocr_line' id='line_1_19' title="bbox 2225 1218 3100 1294; baseline 0.007 -24"><span class='ocrx_word' id='word_1_136' title='bbox 2225 1218 2323 1287; x_wconf 78' lang='grc' dir='ltr'>τῆς</span> <span class='ocrx_word' id='word_1_137' title='bbox 2360 1221 2650 1290; x_wconf 86' lang='grc' dir='ltr'>μετανοίας</span> <span class='ocrx_word' id='word_1_138' title='bbox 2676 1223 3100 1294; x_wconf 81' lang='grc' dir='ltr'>ἀφαιρούμενος.</span> 
     </span>
    </p>
   </div>
   <div class='ocr_carea' id='block_1_20' title="bbox 538 1307 3808 1383">
    <p class='ocr_par' dir='ltr' id='par_1_20' title="bbox 538 1307 3808 1383">
     <span class='ocr_line' id='line_1_20' title="bbox 538 1307 3808 1383; baseline 0.001 -23"><span class='ocrx_word' id='word_1_139' title='bbox 538 1307 681 1377; x_wconf 91' lang='lat' dir='ltr'><strong>quod</strong></span> <span class='ocrx_word' id='word_1_140' title='bbox 708 1307 762 1360; x_wconf 90' lang='lat' dir='ltr'><strong>in</strong></span> <span class='ocrx_word' id='word_1_141' title='bbox 787 1321 844 1361; x_wconf 85' lang='lat' dir='ltr'><strong>se</strong></span> <span class='ocrx_word' id='word_1_142' title='bbox 871 1310 985 1378; x_wconf 89' lang='lat' dir='ltr'><strong>ipse</strong></span> <span class='ocrx_word' id='word_1_143' title='bbox 1006 1308 1462 1364; x_wconf 85' lang='lat' dir='ltr'><strong>virtutislabores</strong></span> <span class='ocrx_word' id='word_1_144' title='bbox 1492 1310 1978 1379; x_wconf 88' lang='lat' dir='ltr'><strong>contemplationis</strong></span> <span class='ocrx_word' id='word_1_145' title='bbox 1999 1309 2112 1363; x_wconf 91' lang='lat' dir='ltr'><strong>otio</strong></span> <span class='ocrx_word' id='word_1_146' title='bbox 2153 1324 2252 1377; x_wconf 89' lang='lat' dir='ltr'><strong>per</strong></span> <span class='ocrx_word' id='word_1_147' title='bbox 2279 1311 2836 1383; x_wconf 86' lang='lat' dir='ltr'><strong>imperturbationem</strong></span> <span class='ocrx_word' id='word_1_148' title='bbox 2858 1330 3076 1371; x_wconf 88' lang='lat' dir='ltr'><strong>cessare</strong></span> <span class='ocrx_word' id='word_1_149' title='bbox 3127 1313 3330 1377; x_wconf 83' lang='lat' dir='ltr'><strong>faciat;</strong></span> <span class='ocrx_word' id='word_1_150' title='bbox 3362 1309 3601 1365; x_wconf 86' lang='lat' dir='ltr'><strong>alterum</strong></span> <span class='ocrx_word' id='word_1_151' title='bbox 3655 1321 3808 1363; x_wconf 70' lang='lat' dir='ltr'><strong>vero.</strong></span> 
     </span>
    </p>
   </div>
   <div class='ocr_carea' id='block_1_21' title="bbox 537 1395 3064 1475">
    <p class='ocr_par' dir='ltr' id='par_1_21' title="bbox 537 1395 3064 1475">
     <span class='ocr_line' id='line_1_21' title="bbox 537 1395 3064 1475; baseline 0.004 -26"><span class='ocrx_word' id='word_1_152' title='bbox 537 1395 683 1468; x_wconf 90' lang='lat' dir='ltr'><strong>quod</strong></span> <span class='ocrx_word' id='word_1_153' title='bbox 716 1396 1158 1452; x_wconf 86' lang='lat' dir='ltr'><strong>libidinosiorem</strong></span> <span class='ocrx_word' id='word_1_154' title='bbox 1205 1399 1274 1452; x_wconf 93' lang='lat' dir='ltr'><strong>ad</strong></span> <span class='ocrx_word' id='word_1_155' title='bbox 1317 1414 1406 1453; x_wconf 89' lang='lat' dir='ltr'><strong>res</strong></span> <span class='ocrx_word' id='word_1_156' title='bbox 1452 1400 1797 1470; x_wconf 91' lang='lat' dir='ltr'><strong>corruptioni</strong></span> <span class='ocrx_word' id='word_1_157' title='bbox 1852 1401 2120 1455; x_wconf 78' lang='lat' dir='ltr'><strong>obnoxias</strong></span> <span class='ocrx_word' id='word_1_158' title='bbox 2157 1399 2440 1472; x_wconf 70' lang='lat' dir='ltr'><strong>affectum,</strong></span> <span class='ocrx_word' id='word_1_159' title='bbox 2477 1407 2805 1475; x_wconf 66' lang='lat' dir='ltr'><strong>paenitentia</strong></span> <span class='ocrx_word' id='word_1_160' title='bbox 2827 1405 3064 1461; x_wconf 78' lang='lat' dir='ltr'><strong>auferat.</strong></span> 
     </span>
    </p>
   </div>
   <div class='ocr_carea' id='block_1_22' title="bbox 601 1486 2125 1562">
    <p class='ocr_par' dir='ltr' id='par_1_22' title="bbox 601 1486 2125 1562">
     <span class='ocr_line' id='line_1_22' title="bbox 601 1486 2125 1562; baseline 0.002 -21"><span class='ocrx_word' id='word_1_161' title='bbox 601 1487 692 1544; x_wconf 84' lang='lat'><strong>96.</strong></span> <span class='ocrx_word' id='word_1_162' title='bbox 742 1486 874 1554; x_wconf 61' lang='lat' dir='ltr'><strong>Quae</strong></span> <span class='ocrx_word' id='word_1_163' title='bbox 920 1489 976 1542; x_wconf 89' lang='lat' dir='ltr'><strong>in</strong></span> <span class='ocrx_word' id='word_1_164' title='bbox 1041 1489 1206 1544; x_wconf 90' lang='lat' dir='ltr'><strong>titulo</strong></span> <span class='ocrx_word' id='word_1_165' title='bbox 1254 1492 1577 1562; x_wconf 72' lang='lat' dir='ltr'><strong>praescripta</strong></span> <span class='ocrx_word' id='word_1_166' title='bbox 1635 1500 1759 1547; x_wconf 89' lang='lat' dir='ltr'><strong>erat</strong></span> <span class='ocrx_word' id='word_1_167' title='bbox 1817 1492 2125 1547; x_wconf 88' lang='lat' dir='ltr'><strong>Salvatoris</strong></span> 
     </span>
    </p>
   </div>
   <div class='ocr_carea' id='block_1_23' title="bbox 537 1582 2122 1655">
    <p class='ocr_par' dir='ltr' id='par_1_23' title="bbox 537 1582 2122 1655">
     <span class='ocr_line' id='line_1_23' title="bbox 537 1582 2122 1655; baseline 0.002 -20"><span class='ocrx_word' id='word_1_168' title='bbox 537 1594 722 1645; x_wconf 88' lang='lat' dir='ltr'><strong>causa,</strong></span> <span class='ocrx_word' id='word_1_169' title='bbox 761 1595 889 1634; x_wconf 88' lang='lat' dir='ltr'><strong>eum</strong></span> <span class='ocrx_word' id='word_1_170' title='bbox 925 1582 1028 1655; x_wconf 86' lang='lat' dir='ltr'><strong>qui</strong></span> <span class='ocrx_word' id='word_1_171' title='bbox 1052 1583 1204 1636; x_wconf 92' lang='lat' dir='ltr'><strong>cruci</strong></span> <span class='ocrx_word' id='word_1_172' title='bbox 1263 1582 1454 1638; x_wconf 77' lang='lat' dir='ltr'><strong>afﬁxus</strong></span> <span class='ocrx_word' id='word_1_173' title='bbox 1513 1594 1630 1639; x_wconf 89' lang='lat' dir='ltr'><strong>erat</strong></span> <span class='ocrx_word' id='word_1_174' title='bbox 1659 1625 1672 1649; x_wconf 93' lang='lat'><strong>,</strong></span> <span class='ocrx_word' id='word_1_175' title='bbox 1726 1585 2004 1639; x_wconf 74' lang='lat' dir='ltr'><strong>studentis</strong></span> <span class='ocrx_word' id='word_1_176' title='bbox 2030 1601 2122 1638; x_wconf 91' lang='lat' dir='ltr'><strong>ac-</strong></span> 
     </span>
    </p>
   </div>
   <div class='ocr_carea' id='block_1_24' title="bbox 538 1671 2122 1747">
    <p class='ocr_par' dir='ltr' id='par_1_24' title="bbox 538 1671 2122 1747">
     <span class='ocr_line' id='line_1_24' title="bbox 538 1671 2122 1747; baseline 0.003 -21"><span class='ocrx_word' id='word_1_177' title='bbox 538 1671 695 1737; x_wconf 89' lang='lat' dir='ltr'><strong>tioni,</strong></span> <span class='ocrx_word' id='word_1_178' title='bbox 731 1673 999 1728; x_wconf 87' lang='lat' dir='ltr'><strong>naturalis</strong></span> <span class='ocrx_word' id='word_1_179' title='bbox 1054 1689 1119 1728; x_wconf 90' lang='lat' dir='ltr'><strong>ac</strong></span> <span class='ocrx_word' id='word_1_180' title='bbox 1154 1674 1355 1732; x_wconf 67' lang='lat' dir='ltr'><strong>divina:</strong></span> <span class='ocrx_word' id='word_1_181' title='bbox 1402 1676 1771 1747; x_wconf 66' lang='lat' dir='ltr'><strong>philosophiae</strong></span> <span class='ocrx_word' id='word_1_182' title='bbox 1823 1677 2027 1747; x_wconf 78' lang='lat' dir='ltr'><strong>Regem</strong></span> <span class='ocrx_word' id='word_1_183' title='bbox 2058 1693 2122 1731; x_wconf 90' lang='lat' dir='ltr'><strong>ac</strong></span> 
     </span>
    </p>
   </div>
   <div class='ocr_carea' id='block_1_25' title="bbox 2293 1489 3815 1568">
    <p class='ocr_par' dir='ltr' id='par_1_25' title="bbox 2293 1489 3815 1568">
     <span class='ocr_line' id='line_1_25' title="bbox 2293 1489 3815 1568; baseline 0.003 -20"><span class='ocrx_word' id='word_1_184' title='bbox 2293 1494 2408 1562; x_wconf 72' lang='grc' dir='ltr'><strong>ι-,ς’.</strong></span> <span class='ocrx_word' id='word_1_185' title='bbox 2465 1497 2530 1550; x_wconf 85' lang='grc' dir='ltr'><strong>Ἦ</strong></span> <span class='ocrx_word' id='word_1_186' title='bbox 2576 1500 2634 1550; x_wconf 82' lang='grc' dir='ltr'>ὲν</span> <span class='ocrx_word' id='word_1_187' title='bbox 2668 1497 2746 1568; x_wconf 83' lang='grc' dir='ltr'><strong>τῷ</strong></span> <span class='ocrx_word' id='word_1_188' title='bbox 2774 1498 2939 1568; x_wconf 82' lang='grc' dir='ltr'>τίτλῳ</span> <span class='ocrx_word' id='word_1_189' title='bbox 2977 1492 3272 1567; x_wconf 76' lang='grc' dir='ltr'>προγραφὴ</span> <span class='ocrx_word' id='word_1_190' title='bbox 3299 1493 3398 1563; x_wconf 79' lang='grc' dir='ltr'>τῆς</span> <span class='ocrx_word' id='word_1_191' title='bbox 3423 1491 3520 1545; x_wconf 78' lang='grc' dir='ltr'>τοῦ</span> <span class='ocrx_word' id='word_1_192' title='bbox 3559 1489 3815 1559; x_wconf 75' lang='grc' dir='ltr'>Σωτῆρος</span> 
     </span>
    </p>
   </div>
   <div class='ocr_carea' id='block_1_26' title="bbox 2220 1581 3813 1661">
    <p class='ocr_par' dir='ltr' id='par_1_26' title="bbox 2220 1581 3813 1661">
     <span class='ocr_line' id='line_1_26' title="bbox 2220 1581 3813 1661; baseline -0.006 -22"><span class='ocrx_word' id='word_1_193' title='bbox 2220 1587 2423 1652; x_wconf 79' lang='grc' dir='ltr'>αἰτίας,</span> <span class='ocrx_word' id='word_1_194' title='bbox 2451 1590 2762 1661; x_wconf 82' lang='grc' dir='ltr'>πρακτικῆς</span> <span class='ocrx_word' id='word_1_195' title='bbox 2791 1590 2885 1642; x_wconf 74' lang='grc' dir='ltr'><strong>καὶ</strong></span> <span class='ocrx_word' id='word_1_196' title='bbox 2915 1590 3154 1660; x_wconf 79' lang='grc' dir='ltr'><strong>φυσικῆς</strong></span> <span class='ocrx_word' id='word_1_197' title='bbox 3179 1588 3275 1640; x_wconf 77' lang='grc' dir='ltr'><strong>καὶ</strong></span> <span class='ocrx_word' id='word_1_198' title='bbox 3305 1582 3626 1653; x_wconf 78' lang='grc' dir='ltr'>θεολογικῆς</span> <span class='ocrx_word' id='word_1_199' title='bbox 3656 1581 3813 1651; x_wconf 70' lang='grc' dir='ltr'>φιλη-</span> 
     </span>
    </p>
   </div>
   <div class='ocr_carea' id='block_1_27' title="bbox 2226 1673 3814 1750">
    <p class='ocr_par' dir='ltr' id='par_1_27' title="bbox 2226 1673 3814 1750">
     <span class='ocr_line' id='line_1_27' title="bbox 2226 1673 3814 1750; baseline -0.004 -19"><span class='ocrx_word' id='word_1_200' title='bbox 2226 1681 2415 1749; x_wconf 73' lang='grc' dir='ltr'>σοφίας</span> <span class='ocrx_word' id='word_1_201' title='bbox 2463 1681 2594 1736; x_wconf 77' lang='grc' dir='ltr'>ὅντα</span> <span class='ocrx_word' id='word_1_202' title='bbox 2653 1682 2891 1736; x_wconf 80' lang='grc' dir='ltr'>Βασιλέα</span> <span class='ocrx_word' id='word_1_203' title='bbox 2937 1681 3029 1735; x_wconf 76' lang='grc' dir='ltr'><strong>τὸν</strong></span> <span class='ocrx_word' id='word_1_204' title='bbox 3074 1677 3462 1750; x_wconf 77' lang='grc' dir='ltr'>σταυρωθέντα</span> <span class='ocrx_word' id='word_1_205' title='bbox 3495 1673 3686 1744; x_wconf 69' lang='grc' dir='ltr'>σαφῶς</span> <span class='ocrx_word' id='word_1_206' title='bbox 3725 1673 3814 1725; x_wconf 73' lang='grc' dir='ltr'>καὶ</span> 
     </span>
    </p>
   </div>
   <div class='ocr_carea' id='block_1_28' title="bbox 539 1738 2126 1844">
    <p class='ocr_par' dir='ltr' id='par_1_28' title="bbox 539 1738 2116 1839">
     <span class='ocr_line' id='line_1_28' title="bbox 539 1738 2116 1839; baseline 0.003 -20"><span class='ocrx_word' id='word_1_207' title='bbox 539 1765 828 1820; x_wconf 89' lang='lat' dir='ltr'><strong>Dominum</strong></span> <span class='ocrx_word' id='word_1_208' title='bbox 856 1766 1070 1836; x_wconf 87' lang='lat' dir='ltr'><strong>liquido</strong></span> <span class='ocrx_word' id='word_1_209' title='bbox 1115 1738 1461 1824; x_wconf 70' lang='lat' dir='ltr'><strong>ostendebat.</strong></span> <span class='ocrx_word' id='word_1_210' title='bbox 1497 1770 1589 1823; x_wconf 83' lang='lat' dir='ltr'><strong>Ait</strong></span> <span class='ocrx_word' id='word_1_211' title='bbox 1614 1738 1764 1824; x_wconf 78' lang='lat' dir='ltr'><strong>enim</strong></span> <span class='ocrx_word' id='word_1_212' title='bbox 1801 1738 2116 1839; x_wconf 72' lang='lat' dir='ltr'><strong>Scriptura,</strong></span> 
     </span>
    </p>
   </div>
   <div class='ocr_carea' id='block_1_29' title="bbox 2230 1738 3813 1844">
    <p class='ocr_par' dir='ltr' id='par_1_29' title="bbox 2230 1738 3813 1844">
     <span class='ocr_line' id='line_1_29' title="bbox 2230 1738 3813 1844; baseline -0.003 -21"><span class='ocrx_word' id='word_1_213' title='bbox 2230 1738 2431 1844; x_wconf 72' lang='grc' dir='ltr'>Κύριον</span> <span class='ocrx_word' id='word_1_214' title='bbox 2468 1773 2658 1839; x_wconf 78' lang='grc' dir='ltr'>ἔδειξε,</span> <span class='ocrx_word' id='word_1_215' title='bbox 2719 1774 3022 1844; x_wconf 74' lang='grc' dir='ltr'>Ῥωμαϊστὶ</span> <span class='ocrx_word' id='word_1_216' title='bbox 3059 1773 3190 1844; x_wconf 75' lang='grc' dir='ltr'>γὰρ,</span> <span class='ocrx_word' id='word_1_217' title='bbox 3217 1738 3325 1825; x_wconf 49' lang='grc' dir='ltr'>’καὶ</span> <span class='ocrx_word' id='word_1_218' title='bbox 3365 1738 3694 1840; x_wconf 71' lang='grc' dir='ltr'>Ἑλληνιστὶ,</span> <span class='ocrx_word' id='word_1_219' title='bbox 3723 1768 3813 1820; x_wconf 78' lang='grc' dir='ltr'><strong>καὶ</strong></span> 
     </span>
    </p>
   </div>
   <div class='ocr_carea' id='block_1_30' title="bbox 539 1859 2125 1932">
    <p class='ocr_par' dir='ltr' id='par_1_30' title="bbox 539 1859 2125 1932">
     <span class='ocr_line' id='line_1_30' title="bbox 539 1859 2125 1932; baseline 0.002 -19"><span class='ocrx_word' id='word_1_220' title='bbox 539 1859 707 1914; x_wconf 79' lang='lat' dir='ltr'><strong>luisse</strong></span> <span class='ocrx_word' id='word_1_221' title='bbox 733 1859 950 1924; x_wconf 88' lang='lat' dir='ltr'><strong>Latine,</strong></span> <span class='ocrx_word' id='word_1_222' title='bbox 979 1859 1166 1919; x_wconf 67' lang='lat' dir='ltr'><strong>Graece</strong></span> <span class='ocrx_word' id='word_1_223' title='bbox 1218 1871 1274 1915; x_wconf 90' lang='lat' dir='ltr'><strong>et</strong></span> <span class='ocrx_word' id='word_1_224' title='bbox 1316 1860 1587 1916; x_wconf 81' lang='lat' dir='ltr'><strong>Hebraice</strong></span> <span class='ocrx_word' id='word_1_225' title='bbox 1645 1863 1912 1932; x_wconf 86' lang='lat' dir='ltr'><strong>scriptum</strong></span> <span class='ocrx_word' id='word_1_226' title='bbox 1942 1864 2006 1915; x_wconf 77' lang='lat'><strong>“.</strong></span> <span class='ocrx_word' id='word_1_227' title='bbox 2037 1863 2125 1916; x_wconf 88' lang='lat' dir='ltr'><strong>ln-</strong></span> 
     </span>
    </p>
   </div>
   <div class='ocr_carea' id='block_1_31' title="bbox 539 1947 2123 2023">
    <p class='ocr_par' dir='ltr' id='par_1_31' title="bbox 539 1947 2123 2023">
     <span class='ocr_line' id='line_1_31' title="bbox 539 1947 2123 2023; baseline 0.003 -20"><span class='ocrx_word' id='word_1_228' title='bbox 539 1950 724 2021; x_wconf 81' lang='lat' dir='ltr'><strong>telligo</strong></span> <span class='ocrx_word' id='word_1_229' title='bbox 751 1959 936 2005; x_wconf 85' lang='lat' dir='ltr'><strong>autem</strong></span> <span class='ocrx_word' id='word_1_230' title='bbox 965 1951 1112 2020; x_wconf 88' lang='lat' dir='ltr'><strong>quod</strong></span> <span class='ocrx_word' id='word_1_231' title='bbox 1140 1947 1336 2006; x_wconf 86' lang='lat' dir='ltr'><strong>Latine</strong></span> <span class='ocrx_word' id='word_1_232' title='bbox 1362 1953 1603 2023; x_wconf 91' lang='lat' dir='ltr'><strong>scriptus</strong></span> <span class='ocrx_word' id='word_1_233' title='bbox 1629 1954 1825 2009; x_wconf 86' lang='lat' dir='ltr'><strong>titulus</strong></span> <span class='ocrx_word' id='word_1_234' title='bbox 1853 1961 1994 2017; x_wconf 86' lang='lat' dir='ltr'><strong>erat,</strong></span> <span class='ocrx_word' id='word_1_235' title='bbox 2033 1970 2123 2008; x_wconf 88' lang='lat' dir='ltr'><strong>ac-</strong></span> 
     </span>
    </p>
   </div>
   <div class='ocr_carea' id='block_1_32' title="bbox 539 2041 2124 2114">
    <p class='ocr_par' dir='ltr' id='par_1_32' title="bbox 539 2041 2124 2114">
     <span class='ocr_line' id='line_1_32' title="bbox 539 2041 2124 2114; baseline 0.003 -20"><span class='ocrx_word' id='word_1_236' title='bbox 539 2041 676 2095; x_wconf 88' lang='lat' dir='ltr'><strong>tioni</strong></span> <span class='ocrx_word' id='word_1_237' title='bbox 713 2042 1028 2097; x_wconf 88' lang='lat' dir='ltr'><strong>studentem</strong></span> <span class='ocrx_word' id='word_1_238' title='bbox 1082 2043 1490 2113; x_wconf 87' lang='lat' dir='ltr'><strong>philosophiam</strong></span> <span class='ocrx_word' id='word_1_239' title='bbox 1523 2083 1536 2108; x_wconf 85' lang='lat'><strong>,</strong></span> <span class='ocrx_word' id='word_1_240' title='bbox 1569 2044 1719 2114; x_wconf 92' lang='lat' dir='ltr'><strong>quod</strong></span> <span class='ocrx_word' id='word_1_241' title='bbox 1767 2042 1980 2099; x_wconf 85' lang='lat' dir='ltr'><strong>scilicet</strong></span> <span class='ocrx_word' id='word_1_242' title='bbox 2035 2060 2124 2098; x_wconf 88' lang='lat' dir='ltr'><strong>re-</strong></span> 
     </span>
    </p>
   </div>
   <div class='ocr_carea' id='block_1_33' title="bbox 539 2133 2124 2202">
    <p class='ocr_par' dir='ltr' id='par_1_33' title="bbox 539 2133 2124 2202">
     <span class='ocr_line' id='line_1_33' title="bbox 539 2133 2124 2202; baseline 0.003 -17"><span class='ocrx_word' id='word_1_243' title='bbox 539 2147 707 2202; x_wconf 83' lang='lat' dir='ltr'><strong>gnum</strong></span> <span class='ocrx_word' id='word_1_244' title='bbox 734 2133 1109 2187; x_wconf 85' lang='lat' dir='ltr'><strong>Romanorum</strong></span> <span class='ocrx_word' id='word_1_245' title='bbox 1131 2149 1195 2188; x_wconf 86' lang='lat' dir='ltr'><strong>ex</strong></span> <span class='ocrx_word' id='word_1_246' title='bbox 1215 2134 1457 2188; x_wconf 88' lang='lat' dir='ltr'><strong>Danielis</strong></span> <span class='ocrx_word' id='word_1_247' title='bbox 1472 2135 1823 2199; x_wconf 83' lang='lat' dir='ltr'><strong>sententia&quot;,</strong></span> <span class='ocrx_word' id='word_1_248' title='bbox 1850 2135 2124 2189; x_wconf 83' lang='lat' dir='ltr'><strong>universis</strong></span> 
     </span>
    </p>
   </div>
   <div class='ocr_carea' id='block_1_34' title="bbox 540 2225 2124 2296">
    <p class='ocr_par' dir='ltr' id='par_1_34' title="bbox 540 2225 2124 2296">
     <span class='ocr_line' id='line_1_34' title="bbox 540 2225 2124 2296; baseline 0.002 -18"><span class='ocrx_word' id='word_1_249' title='bbox 540 2226 724 2296; x_wconf 82' lang='lat' dir='ltr'><strong>regnis</strong></span> <span class='ocrx_word' id='word_1_250' title='bbox 747 2234 913 2281; x_wconf 76' lang='lat' dir='ltr'><strong>terra:</strong></span> <span class='ocrx_word' id='word_1_251' title='bbox 929 2225 1128 2281; x_wconf 85' lang='lat' dir='ltr'><strong>fortius</strong></span> <span class='ocrx_word' id='word_1_252' title='bbox 1172 2242 1298 2282; x_wconf 86' lang='lat' dir='ltr'><strong>esse</strong></span> <span class='ocrx_word' id='word_1_253' title='bbox 1332 2235 1678 2296; x_wconf 90' lang='lat' dir='ltr'><strong>compertum</strong></span> <span class='ocrx_word' id='word_1_254' title='bbox 1703 2228 1776 2283; x_wconf 91' lang='lat' dir='ltr'><strong>sit</strong></span> <span class='ocrx_word' id='word_1_255' title='bbox 1809 2245 1823 2294; x_wconf 93' lang='lat'><strong>;</strong></span> <span class='ocrx_word' id='word_1_256' title='bbox 1853 2228 2124 2282; x_wconf 83' lang='lat' dir='ltr'><strong>fortitudo</strong></span> 
     </span>
    </p>
   </div>
   <div class='ocr_carea' id='block_1_35' title="bbox 539 2318 2124 2389">
    <p class='ocr_par' dir='ltr' id='par_1_35' title="bbox 539 2318 2124 2389">
     <span class='ocr_line' id='line_1_35' title="bbox 539 2318 2124 2389; baseline 0 -15"><span class='ocrx_word' id='word_1_257' title='bbox 539 2327 746 2383; x_wconf 87' lang='lat' dir='ltr'><strong>autem,</strong></span> <span class='ocrx_word' id='word_1_258' title='bbox 779 2319 823 2373; x_wconf 94' lang='lat' dir='ltr'><strong>si</strong></span> <span class='ocrx_word' id='word_1_259' title='bbox 846 2318 977 2389; x_wconf 91' lang='lat' dir='ltr'><strong>quid</strong></span> <span class='ocrx_word' id='word_1_260' title='bbox 1001 2319 1172 2383; x_wconf 90' lang='lat' dir='ltr'><strong>aliud,</strong></span> <span class='ocrx_word' id='word_1_261' title='bbox 1202 2319 1476 2374; x_wconf 90' lang='lat' dir='ltr'><strong>actionem</strong></span> <span class='ocrx_word' id='word_1_262' title='bbox 1518 2321 1722 2374; x_wconf 92' lang='lat' dir='ltr'><strong>colenti</strong></span> <span class='ocrx_word' id='word_1_263' title='bbox 1761 2319 2124 2389; x_wconf 83' lang='lat' dir='ltr'><strong>philosophiae</strong></span> 
     </span>
    </p>
   </div>
   <div class='ocr_carea' id='block_1_36' title="bbox 540 2407 2126 2477">
    <p class='ocr_par' dir='ltr' id='par_1_36' title="bbox 540 2407 2126 2477">
     <span class='ocr_line' id='line_1_36' title="bbox 540 2407 2126 2477; baseline 0 -16"><span class='ocrx_word' id='word_1_264' title='bbox 540 2407 761 2477; x_wconf 87' lang='lat' dir='ltr'><strong>propria</strong></span> <span class='ocrx_word' id='word_1_265' title='bbox 788 2408 1019 2464; x_wconf 83' lang='lat' dir='ltr'><strong>exsistit.</strong></span> <span class='ocrx_word' id='word_1_266' title='bbox 1040 2409 1195 2474; x_wconf 85' lang='lat' dir='ltr'><strong>Quod</strong></span> <span class='ocrx_word' id='word_1_267' title='bbox 1228 2419 1410 2463; x_wconf 88' lang='lat' dir='ltr'><strong>autem</strong></span> <span class='ocrx_word' id='word_1_268' title='bbox 1431 2408 1640 2472; x_wconf 64' lang='lat' dir='ltr'><strong>Gragce,</strong></span> <span class='ocrx_word' id='word_1_269' title='bbox 1670 2408 1979 2462; x_wconf 84' lang='lat' dir='ltr'><strong>naturalem</strong></span> <span class='ocrx_word' id='word_1_270' title='bbox 2002 2421 2126 2476; x_wconf 87' lang='lat' dir='ltr'><strong>spe-</strong></span> 
     </span>
    </p>
   </div>
   <div class='ocr_carea' id='block_1_37' title="bbox 539 2486 2124 2570">
    <p class='ocr_par' dir='ltr' id='par_1_37' title="bbox 539 2486 2124 2570">
     <span class='ocr_line' id='line_1_37' title="bbox 539 2486 2124 2570; baseline -0.001 -17"><span class='ocrx_word' id='word_1_271' title='bbox 539 2499 897 2564; x_wconf 87' lang='lat' dir='ltr'><strong>culationem,</strong></span> <span class='ocrx_word' id='word_1_272' title='bbox 931 2500 1079 2570; x_wconf 90' lang='lat' dir='ltr'><strong>quod</strong></span> <span class='ocrx_word' id='word_1_273' title='bbox 1124 2500 1388 2554; x_wconf 89' lang='lat' dir='ltr'><strong>nimirum</strong></span> <span class='ocrx_word' id='word_1_274' title='bbox 1436 2486 1751 2554; x_wconf 63' lang='lat' dir='ltr'><strong>Grmcorum</strong></span> <span class='ocrx_word' id='word_1_275' title='bbox 1796 2515 1930 2570; x_wconf 87' lang='lat' dir='ltr'><strong>gens</strong></span> <span class='ocrx_word' id='word_1_276' title='bbox 1959 2515 2124 2569; x_wconf 83' lang='lat' dir='ltr'><strong>supra</strong></span> 
     </span>
    </p>
   </div>
   <div class='ocr_carea' id='block_1_38' title="bbox 540 2591 2125 2663">
    <p class='ocr_par' dir='ltr' id='par_1_38' title="bbox 540 2591 2125 2663">
     <span class='ocr_line' id='line_1_38' title="bbox 540 2591 2125 2663; baseline -0.001 -18"><span class='ocrx_word' id='word_1_277' title='bbox 540 2591 784 2662; x_wconf 91' lang='lat' dir='ltr'><strong>reliquos</strong></span> <span class='ocrx_word' id='word_1_278' title='bbox 843 2592 1107 2648; x_wconf 82' lang='lat' dir='ltr'><strong>mortales</strong></span> <span class='ocrx_word' id='word_1_279' title='bbox 1162 2593 1400 2648; x_wconf 89' lang='lat' dir='ltr'><strong>naturali</strong></span> <span class='ocrx_word' id='word_1_280' title='bbox 1459 2593 1826 2663; x_wconf 71' lang='lat' dir='ltr'><strong>philosophia:</strong></span> <span class='ocrx_word' id='word_1_281' title='bbox 1886 2593 2125 2646; x_wconf 76' lang='lat' dir='ltr'><strong>maxime</strong></span> 
     </span>
    </p>
   </div>
   <div class='ocr_carea' id='block_1_39' title="bbox 539 2681 2125 2751">
    <p class='ocr_par' dir='ltr' id='par_1_39' title="bbox 539 2681 2125 2751">
     <span class='ocr_line' id='line_1_39' title="bbox 539 2681 2125 2751; baseline -0.002 -17"><span class='ocrx_word' id='word_1_282' title='bbox 539 2697 762 2751; x_wconf 89' lang='lat' dir='ltr'><strong>operam</strong></span> <span class='ocrx_word' id='word_1_283' title='bbox 816 2684 1121 2737; x_wconf 89' lang='lat' dir='ltr'><strong>navaverit.</strong></span> <span class='ocrx_word' id='word_1_284' title='bbox 1153 2682 1310 2749; x_wconf 84' lang='lat' dir='ltr'><strong>Quod</strong></span> <span class='ocrx_word' id='word_1_285' title='bbox 1363 2697 1494 2737; x_wconf 90' lang='lat' dir='ltr'><strong>vero</strong></span> <span class='ocrx_word' id='word_1_286' title='bbox 1539 2681 1832 2746; x_wconf 84' lang='lat' dir='ltr'><strong>chraice,</strong></span> <span class='ocrx_word' id='word_1_287' title='bbox 1881 2681 2125 2735; x_wconf 83' lang='lat' dir='ltr'><strong>divinam</strong></span> 
     </span>
    </p>
   </div>
   <div class='ocr_carea' id='block_1_40' title="bbox 541 2771 2128 2844">
    <p class='ocr_par' dir='ltr' id='par_1_40' title="bbox 541 2771 2128 2844">
     <span class='ocr_line' id='line_1_40' title="bbox 541 2771 2128 2844; baseline 0.001 -20"><span class='ocrx_word' id='word_1_288' title='bbox 541 2771 690 2828; x_wconf 87' lang='lat' dir='ltr'><strong>illam</strong></span> <span class='ocrx_word' id='word_1_289' title='bbox 711 2773 1109 2829; x_wconf 88' lang='lat' dir='ltr'><strong>abstrusiorem</strong></span> <span class='ocrx_word' id='word_1_290' title='bbox 1133 2775 1464 2841; x_wconf 89' lang='lat' dir='ltr'><strong>doctrinam,</strong></span> <span class='ocrx_word' id='word_1_291' title='bbox 1489 2773 1638 2844; x_wconf 89' lang='lat' dir='ltr'><strong>quod</strong></span> <span class='ocrx_word' id='word_1_292' title='bbox 1661 2773 1791 2827; x_wconf 90' lang='lat' dir='ltr'><strong>olim</strong></span> <span class='ocrx_word' id='word_1_293' title='bbox 1823 2774 2000 2842; x_wconf 88' lang='lat' dir='ltr'><strong>palam</strong></span> <span class='ocrx_word' id='word_1_294' title='bbox 2024 2771 2128 2826; x_wconf 85' lang='lat' dir='ltr'><strong>lle-</strong></span> 
     </span>
    </p>
   </div>
   <div class='ocr_carea' id='block_1_41' title="bbox 541 2860 2126 2936">
    <p class='ocr_par' dir='ltr' id='par_1_41' title="bbox 541 2860 2126 2936">
     <span class='ocr_line' id='line_1_41' title="bbox 541 2860 2126 2936; baseline 0 -22"><span class='ocrx_word' id='word_1_295' title='bbox 541 2860 816 2918; x_wconf 72' lang='lat' dir='ltr'><strong>bmorum</strong></span> <span class='ocrx_word' id='word_1_296' title='bbox 878 2864 1119 2933; x_wconf 89' lang='lat' dir='ltr'><strong>populus</strong></span> <span class='ocrx_word' id='word_1_297' title='bbox 1172 2865 1318 2919; x_wconf 86' lang='lat' dir='ltr'><strong>avita</strong></span> <span class='ocrx_word' id='word_1_298' title='bbox 1361 2864 1567 2936; x_wconf 90' lang='lat' dir='ltr'><strong>pietate</strong></span> <span class='ocrx_word' id='word_1_299' title='bbox 1603 2864 1697 2918; x_wconf 89' lang='lat' dir='ltr'><strong>Dei</strong></span> <span class='ocrx_word' id='word_1_300' title='bbox 1749 2863 1931 2917; x_wconf 84' lang='lat' dir='ltr'><strong>cultor</strong></span> <span class='ocrx_word' id='word_1_301' title='bbox 1959 2863 2126 2917; x_wconf 77' lang='lat' dir='ltr'><strong>exsti-</strong></span> 
     </span>
    </p>
   </div>
   <div class='ocr_carea' id='block_1_42' title="bbox 541 2951 690 3007">
    <p class='ocr_par' dir='ltr' id='par_1_42' title="bbox 541 2951 690 3007">
     <span class='ocr_line' id='line_1_42' title="bbox 541 2951 690 3007; baseline 0 0"><span class='ocrx_word' id='word_1_302' title='bbox 541 2951 690 3007; x_wconf 72' lang='lat' dir='ltr'><strong>terit.</strong></span> 
     </span>
    </p>
   </div>
   <div class='ocr_carea' id='block_1_43' title="bbox 2236 1857 3808 1937">
    <p class='ocr_par' dir='ltr' id='par_1_43' title="bbox 2236 1857 3808 1937">
     <span class='ocr_line' id='line_1_43' title="bbox 2236 1857 3808 1937; baseline -0.004 -20"><span class='ocrx_word' id='word_1_303' title='bbox 2236 1865 2513 1937; x_wconf 82' lang='grc' dir='ltr'>Ἐϐραϊστί</span> <span class='ocrx_word' id='word_1_304' title='bbox 2546 1883 2709 1935; x_wconf 80' lang='grc' dir='ltr'>φησιν</span> <span class='ocrx_word' id='word_1_305' title='bbox 2752 1863 3169 1935; x_wconf 72' lang='grc' dir='ltr'>ἀναγεγράφθαι</span> <span class='ocrx_word' id='word_1_306' title='bbox 3222 1863 3283 1915; x_wconf 79' lang='grc' dir='ltr'>τὸ</span> <span class='ocrx_word' id='word_1_307' title='bbox 3321 1861 3522 1930; x_wconf 87' lang='grc' dir='ltr'>λόγιον.</span> <span class='ocrx_word' id='word_1_308' title='bbox 3573 1858 3705 1912; x_wconf 83' lang='grc' dir='ltr'>Νοῶ</span> <span class='ocrx_word' id='word_1_309' title='bbox 3735 1857 3808 1921; x_wconf 78' lang='grc' dir='ltr'><strong>δὲ,</strong></span> 
     </span>
    </p>
   </div>
   <div class='ocr_carea' id='block_1_44' title="bbox 2223 1949 3811 2028">
    <p class='ocr_par' dir='ltr' id='par_1_44' title="bbox 2223 1949 3811 2028">
     <span class='ocr_line' id='line_1_44' title="bbox 2223 1949 3811 2028; baseline -0.006 -17"><span class='ocrx_word' id='word_1_310' title='bbox 2223 1957 2312 2010; x_wconf 72' lang='grc' dir='ltr'>διὰ</span> <span class='ocrx_word' id='word_1_311' title='bbox 2373 1959 2472 2028; x_wconf 78' lang='grc' dir='ltr'><strong>μὲν</strong></span> <span class='ocrx_word' id='word_1_312' title='bbox 2525 1959 2620 2011; x_wconf 77' lang='grc' dir='ltr'>τοῦ</span> <span class='ocrx_word' id='word_1_313' title='bbox 2669 1958 3000 2028; x_wconf 77' lang='grc' dir='ltr'>Ῥωμαϊστὶ,</span> <span class='ocrx_word' id='word_1_314' title='bbox 3056 1957 3157 2026; x_wconf 81' lang='grc' dir='ltr'>τὴν</span> <span class='ocrx_word' id='word_1_315' title='bbox 3203 1955 3538 2027; x_wconf 75' lang='grc' dir='ltr'>πρακτικήνο</span> <span class='ocrx_word' id='word_1_316' title='bbox 3591 1950 3671 2016; x_wconf 85' lang='grc' dir='ltr'>ὡς</span> <span class='ocrx_word' id='word_1_317' title='bbox 3715 1949 3811 2020; x_wconf 76' lang='grc' dir='ltr'>τῆς</span> 
     </span>
    </p>
   </div>
   <div class='ocr_carea' id='block_1_45' title="bbox 2235 2041 3810 2122">
    <p class='ocr_par' dir='ltr' id='par_1_45' title="bbox 2235 2041 3810 2122">
     <span class='ocr_line' id='line_1_45' title="bbox 2235 2041 3810 2122; baseline -0.004 -19"><span class='ocrx_word' id='word_1_318' title='bbox 2235 2050 2524 2122; x_wconf 86' lang='grc' dir='ltr'>Ῥωμαίων</span> <span class='ocrx_word' id='word_1_319' title='bbox 2573 2052 2853 2122; x_wconf 78' lang='grc' dir='ltr'>βασιλείας</span> <span class='ocrx_word' id='word_1_320' title='bbox 2905 2050 3047 2106; x_wconf 69' lang='grc' dir='ltr'>κατὰ</span> <span class='ocrx_word' id='word_1_321' title='bbox 3095 2049 3188 2103; x_wconf 78' lang='grc' dir='ltr'><strong>τὸν</strong></span> <span class='ocrx_word' id='word_1_322' title='bbox 3253 2047 3452 2118; x_wconf 78' lang='grc' dir='ltr'>Δανιὴλ</span> <span class='ocrx_word' id='word_1_323' title='bbox 3499 2041 3810 2116; x_wconf 73' lang='grc' dir='ltr'>ὁρισθείσης</span> 
     </span>
    </p>
   </div>
   <div class='ocr_carea' id='block_1_46' title="bbox 2224 2134 3804 2213">
    <p class='ocr_par' dir='ltr' id='par_1_46' title="bbox 2224 2134 3804 2213">
     <span class='ocr_line' id='line_1_46' title="bbox 2224 2134 3804 2213; baseline -0.006 -18"><span class='ocrx_word' id='word_1_324' title='bbox 2224 2135 2363 2196; x_wconf 83' lang='grc' dir='ltr'>εἶναι</span> <span class='ocrx_word' id='word_1_325' title='bbox 2397 2142 2584 2197; x_wconf 84' lang='grc' dir='ltr'>πασῶν</span> <span class='ocrx_word' id='word_1_326' title='bbox 2618 2143 3024 2213; x_wconf 78' lang='grc' dir='ltr'>ἅνδρικωτέρας</span> <span class='ocrx_word' id='word_1_327' title='bbox 3070 2141 3177 2194; x_wconf 84' lang='grc' dir='ltr'><strong>τῶν</strong></span> <span class='ocrx_word' id='word_1_328' title='bbox 3218 2141 3312 2193; x_wconf 75' lang='grc' dir='ltr'>ἐπὶ</span> <span class='ocrx_word' id='word_1_329' title='bbox 3352 2138 3458 2209; x_wconf 82' lang='grc' dir='ltr'>γῆς</span> <span class='ocrx_word' id='word_1_330' title='bbox 3493 2134 3804 2208; x_wconf 70' lang='grc' dir='ltr'>βασιλειῶνο</span> 
     </span>
    </p>
   </div>
   <div class='ocr_carea' id='block_1_47' title="bbox 2225 2219 3807 2301">
    <p class='ocr_par' dir='ltr' id='par_1_47' title="bbox 2225 2219 3807 2301">
     <span class='ocr_line' id='line_1_47' title="bbox 2225 2219 3807 2301; baseline -0.006 -19"><span class='ocrx_word' id='word_1_331' title='bbox 2225 2231 2536 2301; x_wconf 78' lang='grc' dir='ltr'>πρακτικῆς</span> <span class='ocrx_word' id='word_1_332' title='bbox 2583 2230 2640 2283; x_wconf 83' lang='grc' dir='ltr'><strong>δὲ</strong></span> <span class='ocrx_word' id='word_1_333' title='bbox 2685 2231 2838 2291; x_wconf 82' lang='grc' dir='ltr'>ἴδιον,</span> <span class='ocrx_word' id='word_1_334' title='bbox 2889 2229 3046 2298; x_wconf 78' lang='grc' dir='ltr'>εἴπερ</span> <span class='ocrx_word' id='word_1_335' title='bbox 3082 2245 3134 2281; x_wconf 89' lang='grc' dir='ltr'><strong>τι</strong></span> <span class='ocrx_word' id='word_1_336' title='bbox 3166 2226 3316 2292; x_wconf 72' lang='grc' dir='ltr'>ἄλλο,</span> <span class='ocrx_word' id='word_1_337' title='bbox 3343 2228 3378 2296; x_wconf 81' lang='grc' dir='ltr'>ὴ</span> <span class='ocrx_word' id='word_1_338' title='bbox 3423 2223 3677 2294; x_wconf 81' lang='grc' dir='ltr'>ἀνδρεία.</span> <span class='ocrx_word' id='word_1_339' title='bbox 3712 2219 3807 2274; x_wconf 83' lang='grc' dir='ltr'>Διά</span> 
     </span>
    </p>
   </div>
   <div class='ocr_carea' id='block_1_48' title="bbox 2223 2311 3806 2392">
    <p class='ocr_par' dir='ltr' id='par_1_48' title="bbox 2223 2311 3806 2392">
     <span class='ocr_line' id='line_1_48' title="bbox 2223 2311 3806 2392; baseline -0.008 -18"><span class='ocrx_word' id='word_1_340' title='bbox 2223 2321 2282 2374; x_wconf 81' lang='grc' dir='ltr'><strong>δὲ</strong></span> <span class='ocrx_word' id='word_1_341' title='bbox 2309 2322 2403 2374; x_wconf 84' lang='grc' dir='ltr'>τοῦ</span> <span class='ocrx_word' id='word_1_342' title='bbox 2443 2322 2770 2392; x_wconf 75' lang='grc' dir='ltr'>Ἑλληνιστὶ,</span> <span class='ocrx_word' id='word_1_343' title='bbox 2799 2321 2895 2392; x_wconf 76' lang='grc' dir='ltr'>τὴν</span> <span class='ocrx_word' id='word_1_344' title='bbox 2921 2315 3170 2390; x_wconf 71' lang='grc' dir='ltr'>φυσικὴν</span> <span class='ocrx_word' id='word_1_345' title='bbox 3205 2317 3460 2388; x_wconf 77' lang='grc' dir='ltr'>θεωρίανο</span> <span class='ocrx_word' id='word_1_346' title='bbox 3503 2315 3580 2378; x_wconf 83' lang='grc' dir='ltr'>ὡς</span> <span class='ocrx_word' id='word_1_347' title='bbox 3615 2311 3806 2384; x_wconf 84' lang='grc' dir='ltr'>μᾶλλον</span> 
     </span>
    </p>
   </div>
   <div class='ocr_carea' id='block_1_49' title="bbox 2226 2404 3805 2483">
    <p class='ocr_par' dir='ltr' id='par_1_49' title="bbox 2226 2404 3805 2483">
     <span class='ocr_line' id='line_1_49' title="bbox 2226 2404 3805 2483; baseline -0.007 -18"><span class='ocrx_word' id='word_1_348' title='bbox 2226 2413 2318 2466; x_wconf 83' lang='grc' dir='ltr'>τοῦ</span> <span class='ocrx_word' id='word_1_349' title='bbox 2367 2413 2639 2482; x_wconf 82' lang='grc' dir='ltr'>Ἑλλήνων</span> <span class='ocrx_word' id='word_1_350' title='bbox 2666 2413 2853 2477; x_wconf 75' lang='grc' dir='ltr'>ἔθνους</span> <span class='ocrx_word' id='word_1_351' title='bbox 2879 2413 3030 2483; x_wconf 79' lang='grc' dir='ltr'><strong>παρὰ</strong></span> <span class='ocrx_word' id='word_1_352' title='bbox 3054 2413 3180 2474; x_wconf 78' lang='grc' dir='ltr'>τοὺς</span> <span class='ocrx_word' id='word_1_353' title='bbox 3208 2409 3431 2472; x_wconf 75' lang='grc' dir='ltr'>λοιποὺς</span> <span class='ocrx_word' id='word_1_354' title='bbox 3463 2404 3805 2477; x_wconf 81' lang='grc' dir='ltr'>ἀνθρώπους,</span> 
     </span>
    </p>
   </div>
   <div class='ocr_carea' id='block_1_50' title="bbox 2225 2495 3805 2578">
    <p class='ocr_par' dir='ltr' id='par_1_50' title="bbox 2225 2495 3805 2578">
     <span class='ocr_line' id='line_1_50' title="bbox 2225 2495 3805 2578; baseline -0.006 -20"><span class='ocrx_word' id='word_1_355' title='bbox 2225 2509 2293 2577; x_wconf 83' lang='grc' dir='ltr'>τῇ</span> <span class='ocrx_word' id='word_1_356' title='bbox 2368 2509 2572 2578; x_wconf 80' lang='grc' dir='ltr'>φυσικῇ</span> <span class='ocrx_word' id='word_1_357' title='bbox 2643 2507 3009 2577; x_wconf 85' lang='grc' dir='ltr'>σχολάσαντος</span> <span class='ocrx_word' id='word_1_358' title='bbox 3070 2501 3381 2574; x_wconf 75' lang='grc' dir='ltr'>φιλοσοφίᾳ.</span> <span class='ocrx_word' id='word_1_359' title='bbox 3450 2498 3550 2553; x_wconf 76' lang='grc' dir='ltr'>Διά</span> <span class='ocrx_word' id='word_1_360' title='bbox 3607 2498 3668 2551; x_wconf 81' lang='grc' dir='ltr'><strong>δὲ</strong></span> <span class='ocrx_word' id='word_1_361' title='bbox 3717 2495 3805 2550; x_wconf 82' lang='grc' dir='ltr'>τοῦ</span> 
     </span>
    </p>
   </div>
   <div class='ocr_carea' id='block_1_51' title="bbox 2239 2583 3805 2664">
    <p class='ocr_par' dir='ltr' id='par_1_51' title="bbox 2239 2583 3805 2664">
     <span class='ocr_line' id='line_1_51' title="bbox 2239 2583 3805 2664; baseline -0.008 -17"><span class='ocrx_word' id='word_1_362' title='bbox 2239 2594 2541 2663; x_wconf 74' lang='grc' dir='ltr'>Ἐϐραϊστὶ,</span> <span class='ocrx_word' id='word_1_363' title='bbox 2581 2595 2681 2664; x_wconf 84' lang='grc' dir='ltr'>τὴν</span> <span class='ocrx_word' id='word_1_364' title='bbox 2738 2593 3059 2662; x_wconf 76' lang='grc' dir='ltr'>θεολογικὴν</span> <span class='ocrx_word' id='word_1_365' title='bbox 3116 2587 3542 2661; x_wconf 73' lang='grc' dir='ltr'>μυσταγωγίανο</span> <span class='ocrx_word' id='word_1_366' title='bbox 3593 2585 3673 2648; x_wconf 84' lang='grc' dir='ltr'>ὡς</span> <span class='ocrx_word' id='word_1_367' title='bbox 3717 2583 3805 2636; x_wconf 79' lang='grc' dir='ltr'>τοῦ</span> 
     </span>
    </p>
   </div>
   <div class='ocr_carea' id='block_1_52' title="bbox 2227 2675 3806 2755">
    <p class='ocr_par' dir='ltr' id='par_1_52' title="bbox 2227 2675 3806 2755">
     <span class='ocr_line' id='line_1_52' title="bbox 2227 2675 3806 2755; baseline -0.006 -18"><span class='ocrx_word' id='word_1_368' title='bbox 2227 2683 2416 2750; x_wconf 79' lang='grc' dir='ltr'>ἔθνους</span> <span class='ocrx_word' id='word_1_369' title='bbox 2462 2683 2654 2737; x_wconf 85' lang='grc' dir='ltr'>τούτου</span> <span class='ocrx_word' id='word_1_370' title='bbox 2723 2683 3010 2755; x_wconf 78' lang='grc' dir='ltr'>προδήλως</span> <span class='ocrx_word' id='word_1_371' title='bbox 3063 2678 3326 2733; x_wconf 81' lang='grc' dir='ltr'>ἀνέκαθεν</span> <span class='ocrx_word' id='word_1_372' title='bbox 3386 2677 3465 2751; x_wconf 80' lang='grc' dir='ltr'>τῷ</span> <span class='ocrx_word' id='word_1_373' title='bbox 3511 2675 3633 2747; x_wconf 80' lang='grc' dir='ltr'><strong>Θεῷ</strong></span> <span class='ocrx_word' id='word_1_374' title='bbox 3687 2675 3806 2737; x_wconf 82' lang='grc' dir='ltr'>τοὺς</span> 
     </span>
    </p>
   </div>
   <div class='ocr_carea' id='block_1_53' title="bbox 2229 2777 2870 2849">
    <p class='ocr_par' dir='ltr' id='par_1_53' title="bbox 2229 2777 2870 2849">
     <span class='ocr_line' id='line_1_53' title="bbox 2229 2777 2870 2849; baseline -0.002 -17"><span class='ocrx_word' id='word_1_375' title='bbox 2229 2777 2471 2849; x_wconf 82' lang='grc' dir='ltr'>πατέρας</span> <span class='ocrx_word' id='word_1_376' title='bbox 2497 2778 2870 2841; x_wconf 79' lang='grc' dir='ltr'>ἀνατεθέντος.</span> 
     </span>
    </p>
   </div>
   <div class='ocr_carea' id='block_1_54' title="bbox 614 3035 2126 3131">
    <p class='ocr_par' dir='ltr' id='par_1_54' title="bbox 614 3045 2125 3116">
     <span class='ocr_line' id='line_1_54' title="bbox 614 3045 2125 3116; baseline -0.001 -17"><span class='ocrx_word' id='word_1_377' title='bbox 614 3045 702 3099; x_wconf 86' lang='grc'><strong>97.</strong></span> <span class='ocrx_word' id='word_1_378' title='bbox 726 3048 920 3114; x_wconf 76' lang='lat' dir='ltr'><strong>Opera:</strong></span> <span class='ocrx_word' id='word_1_379' title='bbox 947 3047 1187 3116; x_wconf 90' lang='lat' dir='ltr'><strong>pretium</strong></span> <span class='ocrx_word' id='word_1_380' title='bbox 1210 3057 1317 3111; x_wconf 91' lang='lat' dir='ltr'><strong>est,</strong></span> <span class='ocrx_word' id='word_1_381' title='bbox 1351 3056 1411 3101; x_wconf 93' lang='lat' dir='ltr'><strong>ut</strong></span> <span class='ocrx_word' id='word_1_382' title='bbox 1441 3047 1645 3101; x_wconf 88' lang='lat' dir='ltr'><strong>nedum</strong></span> <span class='ocrx_word' id='word_1_383' title='bbox 1669 3047 1975 3116; x_wconf 88' lang='lat' dir='ltr'><strong>corporalia</strong></span> <span class='ocrx_word' id='word_1_384' title='bbox 1994 3046 2125 3099; x_wconf 89' lang='lat' dir='ltr'><strong>vitia</strong></span> 
     </span>
    </p>
   </div>
   <div class='ocr_carea' id='block_1_55' title="bbox 2230 3035 3804 3131">
    <p class='ocr_par' dir='ltr' id='par_1_55' title="bbox 2300 3035 3804 3114">
     <span class='ocr_line' id='line_1_55' title="bbox 2300 3035 3804 3114; baseline -0.005 -18"><span class='ocrx_word' id='word_1_385' title='bbox 2300 3045 2406 3109; x_wconf 51' lang='grc' dir='ltr'>ις’.</span> <span class='ocrx_word' id='word_1_386' title='bbox 2461 3044 2554 3095; x_wconf 83' lang='grc' dir='ltr'>Δεῖ</span> <span class='ocrx_word' id='word_1_387' title='bbox 2594 3044 2668 3113; x_wconf 81' lang='grc' dir='ltr'>μὴ</span> <span class='ocrx_word' id='word_1_388' title='bbox 2705 3041 2864 3112; x_wconf 86' lang='grc' dir='ltr'>μόνον</span> <span class='ocrx_word' id='word_1_389' title='bbox 2893 3042 3042 3114; x_wconf 75' lang='grc' dir='ltr'>ἡμᾶς</span> <span class='ocrx_word' id='word_1_390' title='bbox 3083 3036 3222 3096; x_wconf 74' lang='grc' dir='ltr'>εἶναι</span> <span class='ocrx_word' id='word_1_391' title='bbox 3259 3037 3448 3094; x_wconf 87' lang='grc' dir='ltr'>παθῶν</span> <span class='ocrx_word' id='word_1_392' title='bbox 3482 3035 3804 3108; x_wconf 85' lang='grc' dir='ltr'>σωματικῶν</span> 
     </span>
    </p>
   </div>
   <div class='ocr_carea' id='block_1_56' title="bbox 542 3135 2126 3206">
    <p class='ocr_par' dir='ltr' id='par_1_56' title="bbox 542 3135 2126 3206">
     <span class='ocr_line' id='line_1_56' title="bbox 542 3135 2126 3206; baseline -0.001 -15"><span class='ocrx_word' id='word_1_393' title='bbox 542 3135 882 3206; x_wconf 83' lang='lat' dir='ltr'><strong>alIectusque</strong></span> <span class='ocrx_word' id='word_1_394' title='bbox 907 3153 1190 3206; x_wconf 89' lang='lat' dir='ltr'><strong>necemus,</strong></span> <span class='ocrx_word' id='word_1_395' title='bbox 1211 3154 1403 3194; x_wconf 89' lang='lat' dir='ltr'><strong>verum</strong></span> <span class='ocrx_word' id='word_1_396' title='bbox 1426 3139 1592 3194; x_wconf 89' lang='lat' dir='ltr'><strong>etiam</strong></span> <span class='ocrx_word' id='word_1_397' title='bbox 1612 3137 1937 3192; x_wconf 86' lang='lat' dir='ltr'><strong>libidinosas</strong></span> <span class='ocrx_word' id='word_1_398' title='bbox 1957 3137 2126 3191; x_wconf 90' lang='lat' dir='ltr'><strong>animi</strong></span> 
     </span>
    </p>
   </div>
   <div class='ocr_carea' id='block_1_57' title="bbox 543 3229 2127 3302">
    <p class='ocr_par' dir='ltr' id='par_1_57' title="bbox 543 3229 2127 3302">
     <span class='ocr_line' id='line_1_57' title="bbox 543 3229 2127 3302; baseline -0.001 -17"><span class='ocrx_word' id='word_1_399' title='bbox 543 3229 906 3300; x_wconf 81' lang='lat' dir='ltr'><strong>cogitationes</strong></span> <span class='ocrx_word' id='word_1_400' title='bbox 941 3231 1260 3300; x_wconf 88' lang='lat' dir='ltr'><strong>perdamus,</strong></span> <span class='ocrx_word' id='word_1_401' title='bbox 1297 3247 1398 3301; x_wconf 90' lang='lat' dir='ltr'><strong>pro</strong></span> <span class='ocrx_word' id='word_1_402' title='bbox 1436 3233 1583 3287; x_wconf 92' lang='lat' dir='ltr'><strong>illius</strong></span> <span class='ocrx_word' id='word_1_403' title='bbox 1617 3231 1791 3286; x_wconf 89' lang='lat' dir='ltr'><strong>sancti</strong></span> <span class='ocrx_word' id='word_1_404' title='bbox 1824 3245 2000 3294; x_wconf 90' lang='lat' dir='ltr'><strong>more,</strong></span> <span class='ocrx_word' id='word_1_405' title='bbox 2034 3229 2127 3302; x_wconf 91' lang='lat' dir='ltr'><strong>qui</strong></span> 
     </span>
    </p>
   </div>
   <div class='ocr_carea' id='block_1_58' title="bbox 544 3321 2130 3393">
    <p class='ocr_par' dir='ltr' id='par_1_58' title="bbox 544 3321 2130 3393">
     <span class='ocr_line' id='line_1_58' title="bbox 544 3321 2130 3393; baseline -0.001 -17"><span class='ocrx_word' id='word_1_406' title='bbox 544 3321 669 3376; x_wconf 86' lang='lat' dir='ltr'><strong>ait:</strong></span> <span class='ocrx_word' id='word_1_407' title='bbox 709 3323 776 3375; x_wconf 86' lang='lat' dir='ltr'><strong>In</strong></span> <span class='ocrx_word' id='word_1_408' title='bbox 841 3324 1103 3376; x_wconf 83' lang='lat' dir='ltr'><strong>matutino</strong></span> <span class='ocrx_word' id='word_1_409' title='bbox 1169 3323 1556 3392; x_wconf 81' lang='lat' dir='ltr'><strong>iuterﬁciebam</strong></span> <span class='ocrx_word' id='word_1_410' title='bbox 1620 3339 1799 3377; x_wconf 85' lang='lat' dir='ltr'><strong>omnes</strong></span> <span class='ocrx_word' id='word_1_411' title='bbox 1832 3332 2130 3393; x_wconf 74' lang='lat' dir='ltr'><strong>peccatores</strong></span> 
     </span>
    </p>
   </div>
   <div class='ocr_carea' id='block_1_59' title="bbox 546 3415 2133 3485">
    <p class='ocr_par' dir='ltr' id='par_1_59' title="bbox 546 3415 2133 3485">
     <span class='ocr_line' id='line_1_59' title="bbox 546 3415 2133 3485; baseline 0.001 -19"><span class='ocrx_word' id='word_1_412' title='bbox 546 3421 721 3479; x_wconf 73' lang='lat' dir='ltr'><strong>terrm,</strong></span> <span class='ocrx_word' id='word_1_413' title='bbox 758 3423 816 3467; x_wconf 83' lang='lat' dir='ltr'><strong>ut</strong></span> <span class='ocrx_word' id='word_1_414' title='bbox 838 3416 1194 3485; x_wconf 75' lang='lat' dir='ltr'><strong>disperderem</strong></span> <span class='ocrx_word' id='word_1_415' title='bbox 1217 3416 1282 3469; x_wconf 87' lang='lat' dir='ltr'><strong>de</strong></span> <span class='ocrx_word' id='word_1_416' title='bbox 1315 3417 1527 3469; x_wconf 81' lang='lat' dir='ltr'><strong>civitate</strong></span> <span class='ocrx_word' id='word_1_417' title='bbox 1561 3415 1771 3470; x_wconf 77' lang='lat' dir='ltr'><strong>Domini</strong></span> <span class='ocrx_word' id='word_1_418' title='bbox 1801 3431 1980 3469; x_wconf 78' lang='lat' dir='ltr'><strong>omnes</strong></span> <span class='ocrx_word' id='word_1_419' title='bbox 2011 3431 2133 3484; x_wconf 82' lang='lat' dir='ltr'><strong>ape-</strong></span> 
     </span>
    </p>
   </div>
   <div class='ocr_carea' id='block_1_60' title="bbox 546 3507 2127 3579">
    <p class='ocr_par' dir='ltr' id='par_1_60' title="bbox 546 3507 2127 3579">
     <span class='ocr_line' id='line_1_60' title="bbox 546 3507 2127 3579; baseline 0.002 -19"><span class='ocrx_word' id='word_1_420' title='bbox 546 3517 727 3562; x_wconf 79' lang='lat' dir='ltr'><strong>rantes</strong></span> <span class='ocrx_word' id='word_1_421' title='bbox 778 3508 1111 3579; x_wconf 79' lang='lat' dir='ltr'><strong>iniquitatem</strong></span> <span class='ocrx_word' id='word_1_422' title='bbox 1130 3511 1212 3576; x_wconf 71' lang='lat'><strong>&#39;7;</strong></span> <span class='ocrx_word' id='word_1_423' title='bbox 1267 3517 1381 3563; x_wconf 90' lang='lat' dir='ltr'><strong>tum</strong></span> <span class='ocrx_word' id='word_1_424' title='bbox 1444 3509 1657 3564; x_wconf 89' lang='lat' dir='ltr'><strong>scilicet</strong></span> <span class='ocrx_word' id='word_1_425' title='bbox 1688 3507 1942 3579; x_wconf 89' lang='lat' dir='ltr'><strong>corporis</strong></span> <span class='ocrx_word' id='word_1_426' title='bbox 1973 3509 2127 3572; x_wconf 79' lang='lat' dir='ltr'><strong>vitia,</strong></span> 
     </span>
    </p>
   </div>
   <div class='ocr_carea' id='block_1_61' title="bbox 547 3585 1769 3671">
    <p class='ocr_par' dir='ltr' id='par_1_61' title="bbox 547 3585 1769 3671">
     <span class='ocr_line' id='line_1_61' title="bbox 547 3585 1769 3671; baseline 0.002 -18"><span class='ocrx_word' id='word_1_427' title='bbox 547 3585 662 3653; x_wconf 78' lang='lat' dir='ltr'><strong>tum</strong></span> <span class='ocrx_word' id='word_1_428' title='bbox 694 3598 884 3668; x_wconf 87' lang='lat' dir='ltr'><strong>inique</strong></span> <span class='ocrx_word' id='word_1_429' title='bbox 917 3608 1144 3670; x_wconf 84' lang='lat' dir='ltr'><strong>agentes</strong></span> <span class='ocrx_word' id='word_1_430' title='bbox 1179 3600 1350 3656; x_wconf 89' lang='lat' dir='ltr'><strong>animi</strong></span> <span class='ocrx_word' id='word_1_431' title='bbox 1380 3601 1769 3671; x_wconf 80' lang='lat' dir='ltr'><strong>cogitationes.</strong></span> 
     </span>
    </p>
   </div>
   <div class='ocr_carea' id='block_1_62' title="bbox 616 3778 2128 3853">
    <p class='ocr_par' dir='ltr' id='par_1_62' title="bbox 616 3778 2128 3853">
     <span class='ocr_line' id='line_1_62' title="bbox 616 3778 2128 3853; baseline 0.003 -21"><span class='ocrx_word' id='word_1_432' title='bbox 616 3779 705 3833; x_wconf 89' lang='lat'><strong>98.</strong></span> <span class='ocrx_word' id='word_1_433' title='bbox 741 3778 845 3846; x_wconf 88' lang='lat' dir='ltr'><strong>Qui</strong></span> <span class='ocrx_word' id='word_1_434' title='bbox 877 3781 1022 3836; x_wconf 89' lang='lat' dir='ltr'><strong>viam</strong></span> <span class='ocrx_word' id='word_1_435' title='bbox 1053 3783 1346 3848; x_wconf 90' lang='lat' dir='ltr'><strong>virtutum,</strong></span> <span class='ocrx_word' id='word_1_436' title='bbox 1385 3784 1523 3838; x_wconf 92' lang='lat' dir='ltr'><strong>nihil</strong></span> <span class='ocrx_word' id='word_1_437' title='bbox 1558 3785 1612 3838; x_wconf 89' lang='lat' dir='ltr'><strong>in</strong></span> <span class='ocrx_word' id='word_1_438' title='bbox 1654 3785 1976 3840; x_wconf 87' lang='lat' dir='ltr'><strong>alterutram</strong></span> <span class='ocrx_word' id='word_1_439' title='bbox 2002 3799 2128 3853; x_wconf 88' lang='lat' dir='ltr'><strong>par-</strong></span> 
     </span>
    </p>
   </div>
   <div class='ocr_carea' id='block_1_63' title="bbox 547 3873 2130 3949">
    <p class='ocr_par' dir='ltr' id='par_1_63' title="bbox 547 3873 2130 3949">
     <span class='ocr_line' id='line_1_63' title="bbox 547 3873 2130 3949; baseline 0.004 -24"><span class='ocrx_word' id='word_1_440' title='bbox 547 3881 654 3926; x_wconf 86' lang='lat' dir='ltr'><strong>tem</strong></span> <span class='ocrx_word' id='word_1_441' title='bbox 706 3873 1074 3938; x_wconf 88' lang='lat' dir='ltr'><strong>declinando,</strong></span> <span class='ocrx_word' id='word_1_442' title='bbox 1125 3877 1216 3947; x_wconf 89' lang='lat' dir='ltr'><strong>pia</strong></span> <span class='ocrx_word' id='word_1_443' title='bbox 1256 3887 1517 3949; x_wconf 84' lang='lat' dir='ltr'><strong>rectaque</strong></span> <span class='ocrx_word' id='word_1_444' title='bbox 1553 3877 1709 3947; x_wconf 73' lang='lat'><strong>51],</strong></span> <span class='ocrx_word' id='word_1_445' title='bbox 1764 3878 1998 3932; x_wconf 89' lang='lat' dir='ltr'><strong>scientia</strong></span> <span class='ocrx_word' id='word_1_446' title='bbox 2038 3893 2130 3932; x_wconf 91' lang='lat' dir='ltr'><strong>co-</strong></span> 
     </span>
    </p>
   </div>
   <div class='ocr_carea' id='block_1_64' title="bbox 545 3965 2130 4039">
    <p class='ocr_par' dir='ltr' id='par_1_64' title="bbox 545 3965 2130 4039">
     <span class='ocr_line' id='line_1_64' title="bbox 545 3965 2130 4039; baseline 0.004 -22"><span class='ocrx_word' id='word_1_447' title='bbox 545 3965 700 4028; x_wconf 87' lang='lat' dir='ltr'><strong>mite,</strong></span> <span class='ocrx_word' id='word_1_448' title='bbox 748 3966 968 4022; x_wconf 70' lang='lat' dir='ltr'><strong>illzesam</strong></span> <span class='ocrx_word' id='word_1_449' title='bbox 1011 3967 1391 4039; x_wconf 80' lang='lat' dir='ltr'><strong>integramque</strong></span> <span class='ocrx_word' id='word_1_450' title='bbox 1432 3969 1774 4032; x_wconf 82' lang='lat' dir='ltr'><strong>servaverit,</strong></span> <span class='ocrx_word' id='word_1_451' title='bbox 1805 3969 1902 4023; x_wconf 92' lang='lat' dir='ltr'><strong>Dei</strong></span> <span class='ocrx_word' id='word_1_452' title='bbox 1955 3969 2022 4023; x_wconf 90' lang='lat' dir='ltr'><strong>ad</strong></span> <span class='ocrx_word' id='word_1_453' title='bbox 2071 3985 2130 4024; x_wconf 91' lang='lat' dir='ltr'><strong>se</strong></span> 
     </span>
    </p>
   </div>
   <div class='ocr_carea' id='block_1_65' title="bbox 544 4055 2132 4132">
    <p class='ocr_par' dir='ltr' id='par_1_65' title="bbox 544 4055 2132 4132">
     <span class='ocr_line' id='line_1_65' title="bbox 544 4055 2132 4132; baseline 0.004 -22"><span class='ocrx_word' id='word_1_454' title='bbox 544 4055 840 4111; x_wconf 84' lang='lat' dir='ltr'><strong>adventum</strong></span> <span class='ocrx_word' id='word_1_455' title='bbox 867 4059 1382 4128; x_wconf 84' lang='lat' dir='ltr'><strong>imperturbationis</strong></span> <span class='ocrx_word' id='word_1_456' title='bbox 1405 4062 1686 4132; x_wconf 89' lang='lat' dir='ltr'><strong>animique</strong></span> <span class='ocrx_word' id='word_1_457' title='bbox 1715 4060 2132 4132; x_wconf 66' lang='lat' dir='ltr'><strong>tranquillitatis</strong></span> 
     </span>
    </p>
   </div>
   <div class='ocr_carea' id='block_1_66' title="bbox 544 4150 2130 4224">
    <p class='ocr_par' dir='ltr' id='par_1_66' title="bbox 544 4150 2130 4224">
     <span class='ocr_line' id='line_1_66' title="bbox 544 4150 2130 4224; baseline 0.004 -24"><span class='ocrx_word' id='word_1_458' title='bbox 544 4164 776 4204; x_wconf 89' lang='lat' dir='ltr'><strong>munere</strong></span> <span class='ocrx_word' id='word_1_459' title='bbox 805 4150 1090 4223; x_wconf 87' lang='lat' dir='ltr'><strong>intelliget.</strong></span> <span class='ocrx_word' id='word_1_460' title='bbox 1129 4152 1221 4208; x_wconf 85' lang='lat' dir='ltr'><strong>Ait</strong></span> <span class='ocrx_word' id='word_1_461' title='bbox 1257 4153 1406 4207; x_wconf 89' lang='lat' dir='ltr'><strong>enim</strong></span> <span class='ocrx_word' id='word_1_462' title='bbox 1433 4171 1444 4207; x_wconf 92' lang='lat'><strong>:</strong></span> <span class='ocrx_word' id='word_1_463' title='bbox 1475 4153 1717 4207; x_wconf 76' lang='lat' dir='ltr'><strong>Psallam</strong></span> <span class='ocrx_word' id='word_1_464' title='bbox 1752 4162 1798 4206; x_wconf 79' lang='lat' dir='ltr'><strong>cl</strong></span> <span class='ocrx_word' id='word_1_465' title='bbox 1827 4153 2130 4224; x_wconf 78' lang='lat' dir='ltr'><strong>intelligant</strong></span> 
     </span>
    </p>
   </div>
   <div class='ocr_carea' id='block_1_67' title="bbox 545 4241 2129 4317">
    <p class='ocr_par' dir='ltr' id='par_1_67' title="bbox 545 4241 2129 4317">
     <span class='ocr_line' id='line_1_67' title="bbox 545 4241 2129 4317; baseline 0.003 -23"><span class='ocrx_word' id='word_1_466' title='bbox 545 4241 598 4294; x_wconf 80' lang='lat' dir='ltr'><strong>in</strong></span> <span class='ocrx_word' id='word_1_467' title='bbox 631 4243 714 4295; x_wconf 85' lang='lat' dir='ltr'><strong>via</strong></span> <span class='ocrx_word' id='word_1_468' title='bbox 738 4243 1116 4310; x_wconf 84' lang='lat' dir='ltr'><strong>immaculata,</strong></span> <span class='ocrx_word' id='word_1_469' title='bbox 1149 4245 1562 4317; x_wconf 70' lang='lat' dir='ltr'><strong>quandovenies</strong></span> <span class='ocrx_word' id='word_1_470' title='bbox 1588 4245 1656 4300; x_wconf 86' lang='lat' dir='ltr'><strong>ad</strong></span> <span class='ocrx_word' id='word_1_471' title='bbox 1679 4261 1757 4298; x_wconf 91' lang='lat' dir='ltr'><strong>me</strong></span> <span class='ocrx_word' id='word_1_472' title='bbox 1787 4244 1852 4298; x_wconf 76' lang='grc'><strong>⁸⁸.</strong></span> <span class='ocrx_word' id='word_1_473' title='bbox 1877 4244 2129 4299; x_wconf 88' lang='lat' dir='ltr'><strong>Psalmus</strong></span> 
     </span>
    </p>
   </div>
   <div class='ocr_carea' id='block_1_68' title="bbox 543 4332 2126 4406">
    <p class='ocr_par' dir='ltr' id='par_1_68' title="bbox 543 4332 2126 4406">
     <span class='ocr_line' id='line_1_68' title="bbox 543 4332 2126 4406; baseline 0.003 -21"><span class='ocrx_word' id='word_1_474' title='bbox 543 4332 690 4386; x_wconf 90' lang='lat' dir='ltr'><strong>enim</strong></span> <span class='ocrx_word' id='word_1_475' title='bbox 741 4334 1043 4390; x_wconf 88' lang='lat' dir='ltr'><strong>studiosam</strong></span> <span class='ocrx_word' id='word_1_476' title='bbox 1080 4352 1257 4406; x_wconf 76' lang='lat' dir='ltr'><strong>exque</strong></span> <span class='ocrx_word' id='word_1_477' title='bbox 1308 4336 1531 4392; x_wconf 89' lang='lat' dir='ltr'><strong>virtutis</strong></span> <span class='ocrx_word' id='word_1_478' title='bbox 1583 4335 1796 4392; x_wconf 86' lang='lat' dir='ltr'><strong>ratione</strong></span> <span class='ocrx_word' id='word_1_479' title='bbox 1849 4337 2126 4390; x_wconf 89' lang='lat' dir='ltr'><strong>actionem</strong></span> 
     </span>
    </p>
   </div>
   <div class='ocr_carea' id='block_1_69' title="bbox 2233 3127 3806 3202">
    <p class='ocr_par' dir='ltr' id='par_1_69' title="bbox 2233 3127 3806 3202">
     <span class='ocr_line' id='line_1_69' title="bbox 2233 3127 3806 3202; baseline -0.003 -18"><span class='ocrx_word' id='word_1_480' title='bbox 2233 3132 2520 3200; x_wconf 83' lang='grc' dir='ltr'>φονευτάς,</span> <span class='ocrx_word' id='word_1_481' title='bbox 2559 3132 2695 3191; x_wconf 78' lang='grc' dir='ltr'>ἀλλὰ</span> <span class='ocrx_word' id='word_1_482' title='bbox 2729 3131 2824 3186; x_wconf 74' lang='grc' dir='ltr'>καὶ</span> <span class='ocrx_word' id='word_1_483' title='bbox 2861 3133 2968 3186; x_wconf 87' lang='grc' dir='ltr'><strong>τῶν</strong></span> <span class='ocrx_word' id='word_1_484' title='bbox 2994 3133 3138 3186; x_wconf 87' lang='grc' dir='ltr'><strong>κατά</strong></span> <span class='ocrx_word' id='word_1_485' title='bbox 3160 3131 3338 3202; x_wconf 79' lang='grc' dir='ltr'>ψυχὴν</span> <span class='ocrx_word' id='word_1_486' title='bbox 3360 3127 3622 3200; x_wconf 78' lang='grc' dir='ltr'>ἐμπαθῶν</span> <span class='ocrx_word' id='word_1_487' title='bbox 3657 3127 3806 3194; x_wconf 80' lang='grc' dir='ltr'>λογι-</span> 
     </span>
    </p>
   </div>
   <div class='ocr_carea' id='block_1_70' title="bbox 2235 3217 3805 3297">
    <p class='ocr_par' dir='ltr' id='par_1_70' title="bbox 2235 3217 3805 3297">
     <span class='ocr_line' id='line_1_70' title="bbox 2235 3217 3805 3297; baseline -0.002 -20"><span class='ocrx_word' id='word_1_488' title='bbox 2235 3225 2388 3294; x_wconf 87' lang='grc' dir='ltr'>σμῶν</span> <span class='ocrx_word' id='word_1_489' title='bbox 2418 3223 2706 3297; x_wconf 80' lang='grc' dir='ltr'>ὀλετῆρας,</span> <span class='ocrx_word' id='word_1_490' title='bbox 2737 3225 2880 3280; x_wconf 83' lang='grc' dir='ltr'><strong>κατά</strong></span> <span class='ocrx_word' id='word_1_491' title='bbox 2917 3225 3010 3279; x_wconf 69' lang='grc' dir='ltr'>τὸν</span> <span class='ocrx_word' id='word_1_492' title='bbox 3055 3225 3281 3294; x_wconf 80' lang='grc' dir='ltr'>λέγοντα</span> <span class='ocrx_word' id='word_1_493' title='bbox 3320 3224 3490 3292; x_wconf 74' lang='grc' dir='ltr'>ἅγιον·</span> <span class='ocrx_word' id='word_1_494' title='bbox 3543 3221 3645 3286; x_wconf 74' lang='grc' dir='ltr'><strong>Εἰς</strong></span> <span class='ocrx_word' id='word_1_495' title='bbox 3698 3217 3805 3284; x_wconf 84' lang='grc' dir='ltr'>τὰς</span> 
     </span>
    </p>
   </div>
   <div class='ocr_carea' id='block_1_71' title="bbox 2233 3307 3805 3389">
    <p class='ocr_par' dir='ltr' id='par_1_71' title="bbox 2233 3307 3805 3389">
     <span class='ocr_line' id='line_1_71' title="bbox 2233 3307 3805 3389; baseline 0.006 -22"><span class='ocrx_word' id='word_1_496' title='bbox 2233 3317 2457 3384; x_wconf 82' lang='grc' dir='ltr'>πρωΐας</span> <span class='ocrx_word' id='word_1_497' title='bbox 2493 3318 2828 3372; x_wconf 81' lang='grc' dir='ltr'>ἀπέκτενον</span> <span class='ocrx_word' id='word_1_498' title='bbox 2858 3318 3090 3389; x_wconf 82' lang='grc' dir='ltr'>πάντας</span> <span class='ocrx_word' id='word_1_499' title='bbox 3112 3316 3254 3383; x_wconf 84' lang='grc' dir='ltr'>τοὺς</span> <span class='ocrx_word' id='word_1_500' title='bbox 3284 3311 3673 3385; x_wconf 74' lang='grc' dir='ltr'>ἁμαρτωλοὺς</span> <span class='ocrx_word' id='word_1_501' title='bbox 3699 3307 3805 3378; x_wconf 73' lang='grc' dir='ltr'><strong>τῆς</strong></span> 
     </span>
    </p>
   </div>
   <div class='ocr_carea' id='block_1_72' title="bbox 2232 3401 3804 3478">
    <p class='ocr_par' dir='ltr' id='par_1_72' title="bbox 2232 3401 3804 3478">
     <span class='ocr_line' id='line_1_72' title="bbox 2232 3401 3804 3478; baseline -0.008 -13"><span class='ocrx_word' id='word_1_502' title='bbox 2232 3407 2365 3476; x_wconf 72' lang='grc' dir='ltr'>γῆς’</span> <span class='ocrx_word' id='word_1_503' title='bbox 2397 3408 2503 3463; x_wconf 84' lang='grc' dir='ltr'>τοῦ</span> <span class='ocrx_word' id='word_1_504' title='bbox 2529 3409 2955 3478; x_wconf 73' lang='grc' dir='ltr'>ἐξολοθρεῦσαι</span> <span class='ocrx_word' id='word_1_505' title='bbox 2981 3409 3048 3464; x_wconf 82' lang='grc' dir='ltr'>ἐκ</span> <span class='ocrx_word' id='word_1_506' title='bbox 3074 3410 3299 3474; x_wconf 77' lang='grc' dir='ltr'>πόλεως</span> <span class='ocrx_word' id='word_1_507' title='bbox 3332 3407 3555 3475; x_wconf 81' lang='grc' dir='ltr'>Κυρίου</span> <span class='ocrx_word' id='word_1_508' title='bbox 3583 3401 3804 3467; x_wconf 79' lang='grc' dir='ltr'>πάντας</span> 
     </span>
    </p>
   </div>
   <div class='ocr_carea' id='block_1_73' title="bbox 2231 3491 3801 3572">
    <p class='ocr_par' dir='ltr' id='par_1_73' title="bbox 2231 3491 3801 3572">
     <span class='ocr_line' id='line_1_73' title="bbox 2231 3491 3801 3572; baseline -0.005 -19"><span class='ocrx_word' id='word_1_509' title='bbox 2231 3503 2375 3566; x_wconf 85' lang='grc' dir='ltr'>τοὺς</span> <span class='ocrx_word' id='word_1_510' title='bbox 2403 3499 2830 3572; x_wconf 69' lang='grc' dir='ltr'>ἑργαζὶιμένους</span> <span class='ocrx_word' id='word_1_511' title='bbox 2863 3501 2976 3569; x_wconf 81' lang='grc' dir='ltr'><strong>τὴν</strong></span> <span class='ocrx_word' id='word_1_512' title='bbox 3012 3500 3288 3570; x_wconf 73' lang='grc' dir='ltr'>ἀνομίαν·</span> <span class='ocrx_word' id='word_1_513' title='bbox 3315 3495 3588 3558; x_wconf 82' lang='grc' dir='ltr'>τουτέστι,</span> <span class='ocrx_word' id='word_1_514' title='bbox 3625 3493 3691 3548; x_wconf 83' lang='grc' dir='ltr'>τὰ</span> <span class='ocrx_word' id='word_1_515' title='bbox 3712 3491 3801 3546; x_wconf 79' lang='grc' dir='ltr'>τοῦ</span> 
     </span>
    </p>
   </div>
   <div class='ocr_carea' id='block_1_74' title="bbox 2235 3585 3803 3664">
    <p class='ocr_par' dir='ltr' id='par_1_74' title="bbox 2235 3585 3803 3664">
     <span class='ocr_line' id='line_1_74' title="bbox 2235 3585 3803 3664; baseline -0.006 -19"><span class='ocrx_word' id='word_1_516' title='bbox 2235 3593 2487 3664; x_wconf 84' lang='grc' dir='ltr'>σώματος</span> <span class='ocrx_word' id='word_1_517' title='bbox 2519 3593 2690 3664; x_wconf 79' lang='grc' dir='ltr'>πάθη,</span> <span class='ocrx_word' id='word_1_518' title='bbox 2735 3592 2828 3646; x_wconf 72' lang='grc' dir='ltr'>καὶ</span> <span class='ocrx_word' id='word_1_519' title='bbox 2861 3593 2960 3662; x_wconf 78' lang='grc' dir='ltr'>τῆς</span> <span class='ocrx_word' id='word_1_520' title='bbox 2997 3592 3172 3663; x_wconf 73' lang='grc' dir='ltr'>ψυχῆς</span> <span class='ocrx_word' id='word_1_521' title='bbox 3202 3593 3328 3654; x_wconf 71' lang='grc' dir='ltr'>τοὺς</span> <span class='ocrx_word' id='word_1_522' title='bbox 3357 3586 3690 3658; x_wconf 81' lang='grc' dir='ltr'>ἁνομοῦντας</span> <span class='ocrx_word' id='word_1_523' title='bbox 3724 3585 3803 3637; x_wconf 82' lang='grc' dir='ltr'>λο-</span> 
     </span>
    </p>
   </div>
   <div class='ocr_carea' id='block_1_75' title="bbox 2233 3685 2488 3756">
    <p class='ocr_par' dir='ltr' id='par_1_75' title="bbox 2233 3685 2488 3756">
     <span class='ocr_line' id='line_1_75' title="bbox 2233 3685 2488 3756; baseline 0.016 -19"><span class='ocrx_word' id='word_1_524' title='bbox 2233 3685 2488 3756; x_wconf 87' lang='grc' dir='ltr'>γισμούς.</span> 
     </span>
    </p>
   </div>
   <div class='ocr_carea' id='block_1_76' title="bbox 2303 3770 3804 3851">
    <p class='ocr_par' dir='ltr' id='par_1_76' title="bbox 2303 3770 3804 3851">
     <span class='ocr_line' id='line_1_76' title="bbox 2303 3770 3804 3851; baseline -0.005 -19"><span class='ocrx_word' id='word_1_525' title='bbox 2303 3776 2412 3850; x_wconf 55' lang='lat' dir='ltr'><strong>qu&#39;.</strong></span> <span class='ocrx_word' id='word_1_526' title='bbox 2456 3780 2514 3832; x_wconf 82' lang='grc' dir='ltr'><strong>Ὀ</strong></span> <span class='ocrx_word' id='word_1_527' title='bbox 2538 3778 2635 3851; x_wconf 78' lang='grc' dir='ltr'><strong>τὴν</strong></span> <span class='ocrx_word' id='word_1_528' title='bbox 2671 3778 2788 3850; x_wconf 73' lang='lat' dir='ltr'><em>660v</em></span> <span class='ocrx_word' id='word_1_529' title='bbox 2816 3777 2924 3832; x_wconf 84' lang='grc' dir='ltr'><strong>τῶν</strong></span> <span class='ocrx_word' id='word_1_530' title='bbox 2963 3776 3175 3847; x_wconf 84' lang='grc' dir='ltr'>ἀρετῶν</span> <span class='ocrx_word' id='word_1_531' title='bbox 3229 3776 3398 3846; x_wconf 71' lang='grc' dir='ltr'>χωρὶς</span> <span class='ocrx_word' id='word_1_532' title='bbox 3428 3774 3527 3845; x_wconf 77' lang='grc' dir='ltr'>τῆς</span> <span class='ocrx_word' id='word_1_533' title='bbox 3559 3773 3644 3842; x_wconf 81' lang='grc' dir='ltr'><strong>ἐφ’</strong></span> <span class='ocrx_word' id='word_1_534' title='bbox 3681 3770 3804 3825; x_wconf 74' lang='grc' dir='ltr'><strong>ἑκά-</strong></span> 
     </span>
    </p>
   </div>
   <div class='ocr_carea' id='block_1_77' title="bbox 2231 3865 3802 3944">
    <p class='ocr_par' dir='ltr' id='par_1_77' title="bbox 2231 3865 3802 3944">
     <span class='ocr_line' id='line_1_77' title="bbox 2231 3865 3802 3944; baseline -0.008 -17"><span class='ocrx_word' id='word_1_535' title='bbox 2231 3889 2366 3944; x_wconf 87' lang='grc' dir='ltr'>τερα</span> <span class='ocrx_word' id='word_1_536' title='bbox 2402 3873 2578 3944; x_wconf 78' lang='grc' dir='ltr'>ῥοπῆς</span> <span class='ocrx_word' id='word_1_537' title='bbox 2619 3874 2740 3943; x_wconf 84' lang='grc' dir='ltr'>μετ’</span> <span class='ocrx_word' id='word_1_538' title='bbox 2771 3870 3030 3935; x_wconf 84' lang='grc' dir='ltr'>εὐσεϐοῦς</span> <span class='ocrx_word' id='word_1_539' title='bbox 3079 3871 3172 3924; x_wconf 82' lang='grc' dir='ltr'><strong>καὶ</strong></span> <span class='ocrx_word' id='word_1_540' title='bbox 3199 3869 3368 3940; x_wconf 80' lang='grc' dir='ltr'>ὀρθῆς</span> <span class='ocrx_word' id='word_1_541' title='bbox 3396 3865 3651 3935; x_wconf 84' lang='grc' dir='ltr'>γνώσεως</span> <span class='ocrx_word' id='word_1_542' title='bbox 3686 3881 3802 3916; x_wconf 82' lang='grc' dir='ltr'>συν-</span> 
     </span>
    </p>
   </div>
   <div class='ocr_carea' id='block_1_78' title="bbox 2231 3955 3804 4036">
    <p class='ocr_par' dir='ltr' id='par_1_78' title="bbox 2231 3955 3804 4036">
     <span class='ocr_line' id='line_1_78' title="bbox 2231 3955 3804 4036; baseline -0.006 -18"><span class='ocrx_word' id='word_1_543' title='bbox 2231 3965 2478 4036; x_wconf 78' lang='grc' dir='ltr'>τηρήσας</span> <span class='ocrx_word' id='word_1_544' title='bbox 2514 3965 2816 4036; x_wconf 84' lang='grc' dir='ltr'>ἀλώϐητον,</span> <span class='ocrx_word' id='word_1_545' title='bbox 2864 3962 3069 4018; x_wconf 79' lang='grc' dir='ltr'>εἴσεται</span> <span class='ocrx_word' id='word_1_546' title='bbox 3100 3963 3200 4035; x_wconf 78' lang='grc' dir='ltr'>τὴν</span> <span class='ocrx_word' id='word_1_547' title='bbox 3237 3961 3530 4031; x_wconf 82' lang='grc' dir='ltr'>γινομένην</span> <span class='ocrx_word' id='word_1_548' title='bbox 3560 3958 3694 4030; x_wconf 69' lang='grc' dir='ltr'>προς</span> <span class='ocrx_word' id='word_1_549' title='bbox 3717 3955 3804 4009; x_wconf 84' lang='grc' dir='ltr'><strong>αὑ-</strong></span> 
     </span>
    </p>
   </div>
   <div class='ocr_carea' id='block_1_79' title="bbox 2230 4049 3805 4131">
    <p class='ocr_par' dir='ltr' id='par_1_79' title="bbox 2230 4049 3805 4131">
     <span class='ocr_line' id='line_1_79' title="bbox 2230 4049 3805 4131; baseline -0.006 -17"><span class='ocrx_word' id='word_1_550' title='bbox 2230 4063 2325 4116; x_wconf 81' lang='grc' dir='ltr'><strong>τὸν</strong></span> <span class='ocrx_word' id='word_1_551' title='bbox 2356 4062 2450 4116; x_wconf 80' lang='grc' dir='ltr'>τοῦ</span> <span class='ocrx_word' id='word_1_552' title='bbox 2493 4061 2628 4115; x_wconf 81' lang='grc' dir='ltr'>Θεοῦ</span> <span class='ocrx_word' id='word_1_553' title='bbox 2673 4061 2764 4116; x_wconf 85' lang='grc' dir='ltr'><strong>διὰ</strong></span> <span class='ocrx_word' id='word_1_554' title='bbox 2792 4061 2892 4131; x_wconf 78' lang='grc' dir='ltr'><strong>τῆς</strong></span> <span class='ocrx_word' id='word_1_555' title='bbox 2941 4059 3212 4120; x_wconf 83' lang='grc' dir='ltr'>ἀπαθείας</span> <span class='ocrx_word' id='word_1_556' title='bbox 3263 4056 3590 4127; x_wconf 84' lang='grc' dir='ltr'>παρουσίαν.</span> <span class='ocrx_word' id='word_1_557' title='bbox 3639 4049 3805 4107; x_wconf 73' lang='grc' dir='ltr'>Ψαλῶ</span> 
     </span>
    </p>
   </div>
   <div class='ocr_carea' id='block_1_80' title="bbox 2232 4142 3806 4224">
    <p class='ocr_par' dir='ltr' id='par_1_80' title="bbox 2232 4142 3806 4224">
     <span class='ocr_line' id='line_1_80' title="bbox 2232 4142 3806 4224; baseline 0 -18"><span class='ocrx_word' id='word_1_558' title='bbox 2232 4154 2361 4224; x_wconf 75' lang='grc' dir='ltr'>γὰρ,</span> <span class='ocrx_word' id='word_1_559' title='bbox 2407 4153 2505 4207; x_wconf 77' lang='grc' dir='ltr'>καὶ</span> <span class='ocrx_word' id='word_1_560' title='bbox 2565 4151 2820 4222; x_wconf 84' lang='grc' dir='ltr'>συνήσω</span> <span class='ocrx_word' id='word_1_561' title='bbox 2866 4151 2938 4204; x_wconf 78' lang='grc' dir='ltr'><strong>ἐν</strong></span> <span class='ocrx_word' id='word_1_562' title='bbox 2978 4149 3096 4216; x_wconf 81' lang='grc' dir='ltr'><strong>ὀδῷ</strong></span> <span class='ocrx_word' id='word_1_563' title='bbox 3145 4146 3361 4218; x_wconf 80' lang='grc' dir='ltr'>ἀμώμῳ</span> <span class='ocrx_word' id='word_1_564' title='bbox 3387 4184 3401 4209; x_wconf 94' lang='grc'><strong>,</strong></span> <span class='ocrx_word' id='word_1_565' title='bbox 3452 4144 3601 4198; x_wconf 81' lang='grc' dir='ltr'>πότε</span> <span class='ocrx_word' id='word_1_566' title='bbox 3655 4142 3806 4210; x_wconf 78' lang='grc' dir='ltr'>ἣξεις</span> 
     </span>
    </p>
   </div>
   <div class='ocr_carea' id='block_1_81' title="bbox 2231 4233 3806 4315">
    <p class='ocr_par' dir='ltr' id='par_1_81' title="bbox 2231 4233 3806 4315">
     <span class='ocr_line' id='line_1_81' title="bbox 2231 4233 3806 4315; baseline -0.008 -17"><span class='ocrx_word' id='word_1_567' title='bbox 2231 4247 2382 4313; x_wconf 82' lang='grc' dir='ltr'>πρός</span> <span class='ocrx_word' id='word_1_568' title='bbox 2419 4261 2516 4315; x_wconf 80' lang='grc' dir='ltr'>με.</span> <span class='ocrx_word' id='word_1_569' title='bbox 2563 4245 2623 4297; x_wconf 84' lang='grc' dir='ltr'><strong>Ὀ</strong></span> <span class='ocrx_word' id='word_1_570' title='bbox 2653 4244 2766 4315; x_wconf 80' lang='grc' dir='ltr'>γὰρ</span> <span class='ocrx_word' id='word_1_571' title='bbox 2807 4242 3018 4314; x_wconf 76' lang='grc' dir='ltr'>ψαλμὸς</span> <span class='ocrx_word' id='word_1_572' title='bbox 3061 4242 3160 4311; x_wconf 85' lang='grc' dir='ltr'><strong>τὴν</strong></span> <span class='ocrx_word' id='word_1_573' title='bbox 3207 4240 3464 4310; x_wconf 79' lang='grc' dir='ltr'>ἐνάρετον</span> <span class='ocrx_word' id='word_1_574' title='bbox 3498 4236 3697 4308; x_wconf 78' lang='grc' dir='ltr'>πρᾶξιν</span> <span class='ocrx_word' id='word_1_575' title='bbox 3721 4233 3806 4305; x_wconf 81' lang='grc' dir='ltr'><strong>δη-</strong></span> 
     </span>
    </p>
   </div>
   <div class='ocr_carea' id='block_1_82' title="bbox 2233 4325 3807 4406">
    <p class='ocr_par' dir='ltr' id='par_1_82' title="bbox 2233 4325 3807 4406">
     <span class='ocr_line' id='line_1_82' title="bbox 2233 4325 3807 4406; baseline -0.008 -17"><span class='ocrx_word' id='word_1_576' title='bbox 2233 4336 2334 4389; x_wconf 77' lang='grc' dir='ltr'><strong>λοῑ⁸</strong></span> <span class='ocrx_word' id='word_1_577' title='bbox 2371 4338 2405 4406; x_wconf 84' lang='grc' dir='ltr'><strong>ή</strong></span> <span class='ocrx_word' id='word_1_578' title='bbox 2443 4335 2500 4389; x_wconf 84' lang='grc' dir='ltr'><strong>δὲ</strong></span> <span class='ocrx_word' id='word_1_579' title='bbox 2539 4335 2772 4399; x_wconf 76' lang='grc' dir='ltr'>σύνεσις,</span> <span class='ocrx_word' id='word_1_580' title='bbox 2803 4334 2902 4405; x_wconf 84' lang='grc' dir='ltr'><strong>τὴν</strong></span> <span class='ocrx_word' id='word_1_581' title='bbox 2936 4335 3021 4388; x_wconf 76' lang='grc' dir='ltr'><strong>ἐπ’</strong></span> <span class='ocrx_word' id='word_1_582' title='bbox 3046 4334 3216 4403; x_wconf 85' lang='grc' dir='ltr'>ἀρετῇ</span> <span class='ocrx_word' id='word_1_583' title='bbox 3249 4328 3560 4398; x_wconf 76' lang='grc' dir='ltr'>γνωστικὴν</span> <span class='ocrx_word' id='word_1_584' title='bbox 3598 4325 3807 4394; x_wconf 78' lang='grc' dir='ltr'>ἐπιστή-</span> 
     </span>
    </p>
   </div>
   <div class='ocr_carea' id='block_1_83' title="bbox 544 4415 2126 4502">
    <p class='ocr_par' dir='ltr' id='par_1_83' title="bbox 544 4426 2125 4502">
     <span class='ocr_line' id='line_1_83' title="bbox 544 4426 2125 4502; baseline 0.003 -22"><span class='ocrx_word' id='word_1_585' title='bbox 544 4426 845 4498; x_wconf 78' lang='lat' dir='ltr'><strong>signilicat;</strong></span> <span class='ocrx_word' id='word_1_586' title='bbox 879 4429 1242 4502; x_wconf 83' lang='lat' dir='ltr'><strong>intelligentia</strong></span> <span class='ocrx_word' id='word_1_587' title='bbox 1271 4447 1425 4498; x_wconf 89' lang='lat' dir='ltr'><strong>vero,</strong></span> <span class='ocrx_word' id='word_1_588' title='bbox 1459 4447 1580 4502; x_wconf 85' lang='lat' dir='ltr'><strong>quae</strong></span> <span class='ocrx_word' id='word_1_589' title='bbox 1610 4446 1640 4486; x_wconf 89' lang='lat' dir='ltr'><strong>a</strong></span> <span class='ocrx_word' id='word_1_590' title='bbox 1670 4430 1878 4486; x_wconf 89' lang='lat' dir='ltr'><strong>virtute</strong></span> <span class='ocrx_word' id='word_1_591' title='bbox 1907 4428 2125 4484; x_wconf 89' lang='lat' dir='ltr'><strong>accedit</strong></span> 
     </span>
    </p>
   </div>
   <div class='ocr_carea' id='block_1_84' title="bbox 2230 4415 3806 4502">
    <p class='ocr_par' dir='ltr' id='par_1_84' title="bbox 2234 4415 3806 4499">
     <span class='ocr_line' id='line_1_84' title="bbox 2234 4415 3806 4499; baseline -0.008 -18"><span class='ocrx_word' id='word_1_592' title='bbox 2234 4445 2364 4499; x_wconf 84' lang='grc' dir='ltr'>μην·</span> <span class='ocrx_word' id='word_1_593' title='bbox 2401 4426 2524 4482; x_wconf 83' lang='grc' dir='ltr'>καθ’</span> <span class='ocrx_word' id='word_1_594' title='bbox 2549 4429 2618 4499; x_wconf 81' lang='grc' dir='ltr'>ἣν</span> <span class='ocrx_word' id='word_1_595' title='bbox 2651 4428 2751 4498; x_wconf 85' lang='grc' dir='ltr'><strong>τῆς</strong></span> <span class='ocrx_word' id='word_1_596' title='bbox 2783 4425 2934 4489; x_wconf 89' lang='grc' dir='ltr'>θείας</span> <span class='ocrx_word' id='word_1_597' title='bbox 2968 4425 3285 4480; x_wconf 85' lang='grc' dir='ltr'>αἰσθάνεται</span> <span class='ocrx_word' id='word_1_598' title='bbox 3316 4420 3644 4492; x_wconf 80' lang='grc' dir='ltr'>παρουσίας,</span> <span class='ocrx_word' id='word_1_599' title='bbox 3683 4421 3710 4471; x_wconf 91' lang='lat'><strong>6</strong></span> <span class='ocrx_word' id='word_1_600' title='bbox 3745 4415 3806 4470; x_wconf 80' lang='grc' dir='ltr'><strong>δι’</strong></span> 
     </span>
    </p>
   </div>
   <div class='ocr_carea' id='block_1_85' title="bbox 545 4517 2124 4591">
    <p class='ocr_par' dir='ltr' id='par_1_85' title="bbox 545 4517 2124 4591">
     <span class='ocr_line' id='line_1_85' title="bbox 545 4517 2124 4591; baseline 0.001 -18"><span class='ocrx_word' id='word_1_601' title='bbox 545 4517 828 4587; x_wconf 74' lang='lat' dir='ltr'><strong>sapientia:</strong></span> <span class='ocrx_word' id='word_1_602' title='bbox 856 4519 1027 4575; x_wconf 89' lang='lat' dir='ltr'><strong>radiis</strong></span> <span class='ocrx_word' id='word_1_603' title='bbox 1053 4522 1320 4576; x_wconf 90' lang='lat' dir='ltr'><strong>nitentem</strong></span> <span class='ocrx_word' id='word_1_604' title='bbox 1359 4521 1682 4577; x_wconf 87' lang='lat' dir='ltr'><strong>scientiam:</strong></span> <span class='ocrx_word' id='word_1_605' title='bbox 1716 4537 1824 4591; x_wconf 89' lang='lat' dir='ltr'><strong>qua</strong></span> <span class='ocrx_word' id='word_1_606' title='bbox 1874 4519 2124 4575; x_wconf 79' lang='lat' dir='ltr'><strong>divinum</strong></span> 
     </span>
    </p>
   </div>
   <div class='ocr_carea' id='block_1_86' title="bbox 547 4611 2128 4684">
    <p class='ocr_par' dir='ltr' id='par_1_86' title="bbox 547 4611 2128 4684">
     <span class='ocr_line' id='line_1_86' title="bbox 547 4611 2128 4684; baseline 0.001 -20"><span class='ocrx_word' id='word_1_607' title='bbox 547 4611 897 4680; x_wconf 82' lang='lat' dir='ltr'><strong>persentiscit</strong></span> <span class='ocrx_word' id='word_1_608' title='bbox 924 4613 1253 4680; x_wconf 75' lang='lat' dir='ltr'><strong>adventura,</strong></span> <span class='ocrx_word' id='word_1_609' title='bbox 1289 4615 1382 4684; x_wconf 90' lang='lat' dir='ltr'><strong>qui</strong></span> <span class='ocrx_word' id='word_1_610' title='bbox 1413 4615 1681 4669; x_wconf 87' lang='lat' dir='ltr'><strong>virtutum</strong></span> <span class='ocrx_word' id='word_1_611' title='bbox 1709 4614 1861 4670; x_wconf 91' lang='lat' dir='ltr'><strong>cultu</strong></span> <span class='ocrx_word' id='word_1_612' title='bbox 1892 4612 2128 4684; x_wconf 84' lang='lat' dir='ltr'><strong>pervigil</strong></span> 
     </span>
    </p>
   </div>
   <div class='ocr_carea' id='block_1_87' title="bbox 548 4704 1742 4776">
    <p class='ocr_par' dir='ltr' id='par_1_87' title="bbox 548 4704 1742 4776">
     <span class='ocr_line' id='line_1_87' title="bbox 548 4704 1742 4776; baseline 0.002 -18"><span class='ocrx_word' id='word_1_613' title='bbox 548 4717 613 4758; x_wconf 84' lang='lat' dir='ltr'><strong>ac</strong></span> <span class='ocrx_word' id='word_1_614' title='bbox 648 4711 906 4757; x_wconf 86' lang='lat' dir='ltr'><strong>strenuus</strong></span> <span class='ocrx_word' id='word_1_615' title='bbox 932 4704 1222 4760; x_wconf 89' lang='lat' dir='ltr'><strong>Dominum</strong></span> <span class='ocrx_word' id='word_1_616' title='bbox 1257 4721 1419 4760; x_wconf 90' lang='lat' dir='ltr'><strong>suum</strong></span> <span class='ocrx_word' id='word_1_617' title='bbox 1441 4714 1742 4776; x_wconf 77' lang='lat' dir='ltr'><strong>exspectat.</strong></span> 
     </span>
    </p>
   </div>
   <div class='ocr_carea' id='block_1_88' title="bbox 618 4815 2131 4891">
    <p class='ocr_par' dir='ltr' id='par_1_88' title="bbox 618 4815 2131 4891">
     <span class='ocr_line' id='line_1_88' title="bbox 618 4815 2131 4891; baseline 0.005 -21"><span class='ocrx_word' id='word_1_618' title='bbox 618 4815 708 4870; x_wconf 80' lang='lat'><strong>99.</strong></span> <span class='ocrx_word' id='word_1_619' title='bbox 743 4816 896 4870; x_wconf 68' lang='lat' dir='ltr'><strong>llausl</strong></span> <span class='ocrx_word' id='word_1_620' title='bbox 928 4833 1024 4887; x_wconf 86' lang='lat' dir='ltr'><strong>par</strong></span> <span class='ocrx_word' id='word_1_621' title='bbox 1051 4828 1172 4884; x_wconf 80' lang='lat' dir='ltr'><strong>est,</strong></span> <span class='ocrx_word' id='word_1_622' title='bbox 1201 4828 1262 4874; x_wconf 91' lang='lat' dir='ltr'><strong>ut</strong></span> <span class='ocrx_word' id='word_1_623' title='bbox 1289 4820 1380 4888; x_wconf 85' lang='lat' dir='ltr'><strong>qui</strong></span> <span class='ocrx_word' id='word_1_624' title='bbox 1413 4820 1656 4875; x_wconf 67' lang='lat' dir='ltr'><strong>nox-ilius</strong></span> <span class='ocrx_word' id='word_1_625' title='bbox 1696 4837 1761 4877; x_wconf 86' lang='lat' dir='ltr'><strong>ac</strong></span> <span class='ocrx_word' id='word_1_626' title='bbox 1794 4821 1898 4875; x_wconf 89' lang='lat' dir='ltr'><strong>tiro</strong></span> <span class='ocrx_word' id='word_1_627' title='bbox 1922 4821 1990 4876; x_wconf 89' lang='lat' dir='ltr'><strong>ad</strong></span> <span class='ocrx_word' id='word_1_628' title='bbox 2014 4823 2131 4891; x_wconf 87' lang='lat' dir='ltr'><strong>pie-</strong></span> 
     </span>
    </p>
   </div>
   <div class='ocr_carea' id='block_1_89' title="bbox 551 4909 2136 4976">
    <p class='ocr_par' dir='ltr' id='par_1_89' title="bbox 551 4909 2136 4976">
     <span class='ocr_line' id='line_1_89' title="bbox 551 4909 2136 4976; baseline 0.003 -10"><span class='ocrx_word' id='word_1_629' title='bbox 551 4918 718 4966; x_wconf 87' lang='lat' dir='ltr'><strong>tatem</strong></span> <span class='ocrx_word' id='word_1_630' title='bbox 751 4909 1057 4976; x_wconf 89' lang='lat' dir='ltr'><strong>inducitur,</strong></span> <span class='ocrx_word' id='word_1_631' title='bbox 1086 4912 1203 4968; x_wconf 85' lang='lat' dir='ltr'><strong>sola</strong></span> <span class='ocrx_word' id='word_1_632' title='bbox 1229 4912 1474 4968; x_wconf 83' lang='lat' dir='ltr'><strong>bonitate</strong></span> <span class='ocrx_word' id='word_1_633' title='bbox 1499 4914 1566 4968; x_wconf 87' lang='lat' dir='ltr'><strong>ad</strong></span> <span class='ocrx_word' id='word_1_634' title='bbox 1597 4914 1857 4968; x_wconf 89' lang='lat' dir='ltr'><strong>mandata</strong></span> <span class='ocrx_word' id='word_1_635' title='bbox 1888 4924 2012 4969; x_wconf 89' lang='lat' dir='ltr'><strong>actu</strong></span> <span class='ocrx_word' id='word_1_636' title='bbox 2037 4930 2136 4970; x_wconf 70' lang='lat' dir='ltr'><strong>ex—</strong></span> 
     </span>
    </p>
   </div>
   <div class='ocr_carea' id='block_1_90' title="bbox 549 5002 2134 5077">
    <p class='ocr_par' dir='ltr' id='par_1_90' title="bbox 549 5002 2134 5077">
     <span class='ocr_line' id='line_1_90' title="bbox 549 5002 2134 5077; baseline 0.003 -20"><span class='ocrx_word' id='word_1_637' title='bbox 549 5002 831 5072; x_wconf 83' lang='lat' dir='ltr'><strong>sequenda</strong></span> <span class='ocrx_word' id='word_1_638' title='bbox 849 5003 1112 5071; x_wconf 88' lang='lat' dir='ltr'><strong>ducatur;</strong></span> <span class='ocrx_word' id='word_1_639' title='bbox 1147 5004 1244 5060; x_wconf 87' lang='lat' dir='ltr'><strong>sed</strong></span> <span class='ocrx_word' id='word_1_640' title='bbox 1279 5014 1339 5059; x_wconf 93' lang='lat' dir='ltr'><strong>ut</strong></span> <span class='ocrx_word' id='word_1_641' title='bbox 1367 5005 1534 5059; x_wconf 85' lang='lat' dir='ltr'><strong>etiam</strong></span> <span class='ocrx_word' id='word_1_642' title='bbox 1561 5005 1876 5061; x_wconf 88' lang='lat' dir='ltr'><strong>divinorum</strong></span> <span class='ocrx_word' id='word_1_643' title='bbox 1894 5005 2134 5077; x_wconf 79' lang='lat' dir='ltr'><strong>judicio-</strong></span> 
     </span>
    </p>
   </div>
   <div class='ocr_carea' id='block_1_91' title="bbox 553 5097 2134 5168">
    <p class='ocr_par' dir='ltr' id='par_1_91' title="bbox 553 5097 2134 5168">
     <span class='ocr_line' id='line_1_91' title="bbox 553 5097 2134 5168; baseline 0.004 -20"><span class='ocrx_word' id='word_1_644' title='bbox 553 5112 674 5151; x_wconf 82' lang='lat' dir='ltr'><strong>rum</strong></span> <span class='ocrx_word' id='word_1_645' title='bbox 700 5113 934 5161; x_wconf 90' lang='lat' dir='ltr'><strong>memor,</strong></span> <span class='ocrx_word' id='word_1_646' title='bbox 991 5099 1274 5153; x_wconf 81' lang='lat' dir='ltr'><strong>severiore</strong></span> <span class='ocrx_word' id='word_1_647' title='bbox 1317 5098 1469 5154; x_wconf 93' lang='lat' dir='ltr'><strong>cultu</strong></span> <span class='ocrx_word' id='word_1_648' title='bbox 1499 5114 1563 5153; x_wconf 88' lang='lat' dir='ltr'><strong>ac</strong></span> <span class='ocrx_word' id='word_1_649' title='bbox 1597 5097 1917 5168; x_wconf 86' lang='lat' dir='ltr'><strong>disciplina,</strong></span> <span class='ocrx_word' id='word_1_650' title='bbox 1947 5107 2134 5154; x_wconf 81' lang='lat' dir='ltr'><strong>certa-</strong></span> 
     </span>
    </p>
   </div>
   <div class='ocr_carea' id='block_1_92' title="bbox 552 5180 2134 5260">
    <p class='ocr_par' dir='ltr' id='par_1_92' title="bbox 552 5180 2134 5260">
     <span class='ocr_line' id='line_1_92' title="bbox 552 5180 2134 5260; baseline 0.003 -21"><span class='ocrx_word' id='word_1_651' title='bbox 552 5187 699 5242; x_wconf 86' lang='lat' dir='ltr'><strong>mine</strong></span> <span class='ocrx_word' id='word_1_652' title='bbox 730 5187 984 5244; x_wconf 85' lang='lat' dir='ltr'><strong>crebrius</strong></span> <span class='ocrx_word' id='word_1_653' title='bbox 1011 5180 1345 5260; x_wconf 82' lang='lat' dir='ltr'><strong>defungatur</strong></span> <span class='ocrx_word' id='word_1_654' title='bbox 1382 5205 1398 5255; x_wconf 93' lang='lat'><strong>;</strong></span> <span class='ocrx_word' id='word_1_655' title='bbox 1456 5197 1516 5244; x_wconf 93' lang='lat' dir='ltr'><strong>ut</strong></span> <span class='ocrx_word' id='word_1_656' title='bbox 1543 5188 1748 5244; x_wconf 90' lang='lat' dir='ltr'><strong>nedum</strong></span> <span class='ocrx_word' id='word_1_657' title='bbox 1778 5189 1963 5246; x_wconf 82' lang='lat' dir='ltr'><strong>divina</strong></span> <span class='ocrx_word' id='word_1_658' title='bbox 1989 5190 2134 5245; x_wconf 88' lang='lat' dir='ltr'><strong>desi-</strong></span> 
     </span>
    </p>
   </div>
   <div class='ocr_carea' id='block_1_93' title="bbox 551 5279 2135 5352">
    <p class='ocr_par' dir='ltr' id='par_1_93' title="bbox 551 5279 2135 5352">
     <span class='ocr_line' id='line_1_93' title="bbox 551 5279 2135 5352; baseline 0.004 -20"><span class='ocrx_word' id='word_1_659' title='bbox 551 5279 707 5333; x_wconf 87' lang='lat' dir='ltr'><strong>derio</strong></span> <span class='ocrx_word' id='word_1_660' title='bbox 737 5289 905 5348; x_wconf 89' lang='lat' dir='ltr'><strong>amet,</strong></span> <span class='ocrx_word' id='word_1_661' title='bbox 937 5279 1032 5335; x_wconf 85' lang='lat' dir='ltr'><strong>sed</strong></span> <span class='ocrx_word' id='word_1_662' title='bbox 1062 5289 1120 5334; x_wconf 92' lang='lat' dir='ltr'><strong>et</strong></span> <span class='ocrx_word' id='word_1_663' title='bbox 1162 5290 1312 5336; x_wconf 90' lang='lat' dir='ltr'><strong>metu</strong></span> <span class='ocrx_word' id='word_1_664' title='bbox 1343 5297 1373 5336; x_wconf 91' lang='lat' dir='ltr'><strong>a</strong></span> <span class='ocrx_word' id='word_1_665' title='bbox 1404 5281 1557 5336; x_wconf 86' lang='lat' dir='ltr'><strong>vitiis</strong></span> <span class='ocrx_word' id='word_1_666' title='bbox 1592 5290 1895 5352; x_wconf 86' lang='lat' dir='ltr'><strong>temperet:</strong></span> <span class='ocrx_word' id='word_1_667' title='bbox 1920 5281 2135 5338; x_wconf 80' lang='lat' dir='ltr'><strong>Miseri-</strong></span> 
     </span>
    </p>
   </div>
   <div class='ocr_carea' id='block_1_94' title="bbox 551 5372 2136 5444">
    <p class='ocr_par' dir='ltr' id='par_1_94' title="bbox 551 5372 2136 5444">
     <span class='ocr_line' id='line_1_94' title="bbox 551 5372 2136 5444; baseline 0.004 -21"><span class='ocrx_word' id='word_1_668' title='bbox 551 5372 785 5425; x_wconf 69' lang='lat' dir='ltr'><strong>cortliam</strong></span> <span class='ocrx_word' id='word_1_669' title='bbox 804 5375 942 5426; x_wconf 84' lang='lat' dir='ltr'><strong>enim</strong></span> <span class='ocrx_word' id='word_1_670' title='bbox 966 5383 1016 5428; x_wconf 86' lang='lat' dir='ltr'><strong>et</strong></span> <span class='ocrx_word' id='word_1_671' title='bbox 1040 5374 1306 5444; x_wconf 82' lang='lat' dir='ltr'><strong>judicium</strong></span> <span class='ocrx_word' id='word_1_672' title='bbox 1334 5375 1560 5429; x_wconf 81' lang='lat' dir='ltr'><strong>cantabo</strong></span> <span class='ocrx_word' id='word_1_673' title='bbox 1599 5374 1711 5439; x_wconf 82' lang='lat' dir='ltr'><strong>tibi,</strong></span> <span class='ocrx_word' id='word_1_674' title='bbox 1738 5373 2005 5428; x_wconf 71' lang='lat' dir='ltr'><strong>Domine”</strong></span> <span class='ocrx_word' id='word_1_675' title='bbox 2028 5392 2042 5441; x_wconf 94' lang='lat'><strong>;</strong></span> <span class='ocrx_word' id='word_1_676' title='bbox 2073 5384 2136 5429; x_wconf 91' lang='lat' dir='ltr'><strong>ut</strong></span> 
     </span>
    </p>
   </div>
   <div class='ocr_carea' id='block_1_95' title="bbox 551 5463 2133 5534">
    <p class='ocr_par' dir='ltr' id='par_1_95' title="bbox 551 5463 2133 5534">
     <span class='ocr_line' id='line_1_95' title="bbox 551 5463 2133 5534; baseline 0.001 -17"><span class='ocrx_word' id='word_1_677' title='bbox 551 5473 738 5517; x_wconf 79' lang='lat' dir='ltr'><strong>amore</strong></span> <span class='ocrx_word' id='word_1_678' title='bbox 766 5463 1010 5530; x_wconf 85' lang='lat' dir='ltr'><strong>gaudens</strong></span> <span class='ocrx_word' id='word_1_679' title='bbox 1041 5464 1218 5518; x_wconf 88' lang='lat' dir='ltr'><strong>Deum</strong></span> <span class='ocrx_word' id='word_1_680' title='bbox 1249 5464 1582 5534; x_wconf 88' lang='lat' dir='ltr'><strong>alloquatur,</strong></span> <span class='ocrx_word' id='word_1_681' title='bbox 1603 5471 1660 5519; x_wconf 91' lang='lat' dir='ltr'><strong>et</strong></span> <span class='ocrx_word' id='word_1_682' title='bbox 1705 5463 1773 5518; x_wconf 88' lang='lat' dir='ltr'><strong>ad</strong></span> <span class='ocrx_word' id='word_1_683' title='bbox 1803 5464 1983 5521; x_wconf 86' lang='lat' dir='ltr'><strong>laudis</strong></span> <span class='ocrx_word' id='word_1_684' title='bbox 2000 5480 2133 5520; x_wconf 80' lang='lat' dir='ltr'><strong>can-</strong></span> 
     </span>
    </p>
   </div>
   <div class='ocr_carea' id='block_1_96' title="bbox 557 5549 1562 5612">
    <p class='ocr_par' dir='ltr' id='par_1_96' title="bbox 557 5549 1562 5612">
     <span class='ocr_line' id='line_1_96' title="bbox 557 5549 1562 5612; baseline 0.002 -5"><span class='ocrx_word' id='word_1_685' title='bbox 557 5549 726 5607; x_wconf 74' lang='lat' dir='ltr'><strong>ticum</strong></span> <span class='ocrx_word' id='word_1_686' title='bbox 759 5553 957 5608; x_wconf 90' lang='lat' dir='ltr'><strong>timore</strong></span> <span class='ocrx_word' id='word_1_687' title='bbox 980 5554 1214 5610; x_wconf 91' lang='lat' dir='ltr'><strong>duratus</strong></span> <span class='ocrx_word' id='word_1_688' title='bbox 1243 5556 1562 5612; x_wconf 90' lang='lat' dir='ltr'><strong>contendat.</strong></span> 
     </span>
    </p>
   </div>
   <div class='ocr_carea' id='block_1_97' title="bbox 629 5639 2133 5718">
    <p class='ocr_par' dir='ltr' id='par_1_97' title="bbox 629 5639 2133 5718">
     <span class='ocr_line' id='line_1_97' title="bbox 629 5639 2133 5718; baseline 0.004 -24"><span class='ocrx_word' id='word_1_689' title='bbox 629 5639 750 5695; x_wconf 82' lang='grc' dir='ltr'>ίθθ.</span> <span class='ocrx_word' id='word_1_690' title='bbox 781 5641 886 5709; x_wconf 88' lang='lat' dir='ltr'><strong>Qui</strong></span> <span class='ocrx_word' id='word_1_691' title='bbox 915 5643 1139 5702; x_wconf 91' lang='lat' dir='ltr'><strong>virtutis</strong></span> <span class='ocrx_word' id='word_1_692' title='bbox 1177 5662 1241 5701; x_wconf 90' lang='lat' dir='ltr'><strong>ac</strong></span> <span class='ocrx_word' id='word_1_693' title='bbox 1270 5646 1516 5702; x_wconf 63' lang='lat' dir='ltr'><strong>scientia:</strong></span> <span class='ocrx_word' id='word_1_694' title='bbox 1546 5649 1695 5704; x_wconf 88' lang='lat' dir='ltr'><strong>cultu</strong></span> <span class='ocrx_word' id='word_1_695' title='bbox 1726 5663 1927 5718; x_wconf 88' lang='lat' dir='ltr'><strong>corpus</strong></span> <span class='ocrx_word' id='word_1_696' title='bbox 1948 5646 2133 5702; x_wconf 90' lang='lat' dir='ltr'><strong>animo</strong></span> 
     </span>
    </p>
   </div>
   <div class='ocr_carea' id='block_1_98' title="bbox 632 5797 1663 5870">
    <p class='ocr_par' dir='ltr' id='par_1_98' title="bbox 632 5797 1663 5870">
     <span class='ocr_line' id='line_1_98' title="bbox 632 5797 1663 5870; baseline 0.003 -15"><span class='ocrx_word' id='word_1_697' title='bbox 632 5799 675 5837; x_wconf 64' lang='grc'><strong>⁸³</strong></span> <span class='ocrx_word' id='word_1_698' title='bbox 701 5797 858 5862; x_wconf 77' lang='lat' dir='ltr'><strong>Ioan.</strong></span> <span class='ocrx_word' id='word_1_699' title='bbox 902 5817 1012 5870; x_wconf 78' lang='lat' dir='ltr'><strong>xu,</strong></span> <span class='ocrx_word' id='word_1_700' title='bbox 1049 5802 1139 5856; x_wconf 66' lang='lat'><strong>20.</strong></span> <span class='ocrx_word' id='word_1_701' title='bbox 1217 5803 1260 5836; x_wconf 85' lang='lat'><strong>“</strong></span> <span class='ocrx_word' id='word_1_702' title='bbox 1292 5805 1423 5858; x_wconf 89' lang='lat' dir='ltr'><strong>Dan.</strong></span> <span class='ocrx_word' id='word_1_703' title='bbox 1463 5819 1576 5869; x_wconf 74' lang='lat' dir='ltr'><strong>vm,</strong></span> <span class='ocrx_word' id='word_1_704' title='bbox 1615 5804 1663 5858; x_wconf 76' lang='grc'><strong>5.</strong></span> 
     </span>
    </p>
   </div>
   <div class='ocr_carea' id='block_1_99' title="bbox 2229 4511 3806 4590">
    <p class='ocr_par' dir='ltr' id='par_1_99' title="bbox 2229 4511 3806 4590">
     <span class='ocr_line' id='line_1_99' title="bbox 2229 4511 3806 4590; baseline -0.008 -15"><span class='ocrx_word' id='word_1_705' title='bbox 2229 4520 2537 4590; x_wconf 83' lang='grc' dir='ltr'>ἀγρυπνίας</span> <span class='ocrx_word' id='word_1_706' title='bbox 2572 4519 2682 4573; x_wconf 89' lang='grc' dir='ltr'><strong>τῶν</strong></span> <span class='ocrx_word' id='word_1_707' title='bbox 2733 4518 2941 4590; x_wconf 85' lang='grc' dir='ltr'>ἀρετῶν</span> <span class='ocrx_word' id='word_1_708' title='bbox 2990 4515 3425 4587; x_wconf 73' lang='grc' dir='ltr'>προσδεχόμενος</span> <span class='ocrx_word' id='word_1_709' title='bbox 3472 4513 3566 4566; x_wconf 73' lang='grc' dir='ltr'>τὸν</span> <span class='ocrx_word' id='word_1_710' title='bbox 3618 4511 3806 4582; x_wconf 82' lang='grc' dir='ltr'>Κύριον</span> 
     </span>
    </p>
   </div>
   <div class='ocr_carea' id='block_1_100' title="bbox 2227 4613 2415 4667">
    <p class='ocr_par' dir='ltr' id='par_1_100' title="bbox 2227 4613 2415 4667">
     <span class='ocr_line' id='line_1_100' title="bbox 2227 4613 2415 4667; baseline 0.005 -1"><span class='ocrx_word' id='word_1_711' title='bbox 2227 4613 2415 4667; x_wconf 78' lang='grc' dir='ltr'>αὐτοῦ.</span> 
     </span>
    </p>
   </div>
   <div class='ocr_carea' id='block_1_101' title="bbox 2303 4803 3800 4884">
    <p class='ocr_par' dir='ltr' id='par_1_101' title="bbox 2303 4803 3800 4884">
     <span class='ocr_line' id='line_1_101' title="bbox 2303 4803 3800 4884; baseline -0.008 -13"><span class='ocrx_word' id='word_1_712' title='bbox 2303 4814 2407 4884; x_wconf 49' lang='grc' dir='ltr'><strong>ἥθ’.</strong></span> <span class='ocrx_word' id='word_1_713' title='bbox 2442 4815 2516 4869; x_wconf 74' lang='grc' dir='ltr'><strong>Οὐ</strong></span> <span class='ocrx_word' id='word_1_714' title='bbox 2543 4815 2625 4868; x_wconf 84' lang='grc' dir='ltr'><strong>δεῖ</strong></span> <span class='ocrx_word' id='word_1_715' title='bbox 2657 4814 2749 4865; x_wconf 80' lang='grc' dir='ltr'>τὸν</span> <span class='ocrx_word' id='word_1_716' title='bbox 2776 4808 3134 4881; x_wconf 68' lang='grc' dir='ltr'>εἰσαγόμενον</span> <span class='ocrx_word' id='word_1_717' title='bbox 3160 4811 3240 4872; x_wconf 75' lang='grc' dir='ltr'><strong>εἰς</strong></span> <span class='ocrx_word' id='word_1_718' title='bbox 3269 4809 3573 4869; x_wconf 76' lang='grc' dir='ltr'>εὐσέϐειαν,</span> <span class='ocrx_word' id='word_1_719' title='bbox 3608 4806 3694 4861; x_wconf 81' lang='grc' dir='ltr'>διὰ</span> <span class='ocrx_word' id='word_1_720' title='bbox 3721 4803 3800 4876; x_wconf 81' lang='grc' dir='ltr'>μό-</span> 
     </span>
    </p>
   </div>
   <div class='ocr_carea' id='block_1_102' title="bbox 2232 4898 3808 4980">
    <p class='ocr_par' dir='ltr' id='par_1_102' title="bbox 2232 4898 3808 4980">
     <span class='ocr_line' id='line_1_102' title="bbox 2232 4898 3808 4980; baseline -0.01 -18"><span class='ocrx_word' id='word_1_721' title='bbox 2232 4927 2330 4980; x_wconf 86' lang='grc' dir='ltr'>νης</span> <span class='ocrx_word' id='word_1_722' title='bbox 2359 4906 2594 4977; x_wconf 82' lang='grc' dir='ltr'>ἄγεσθαι</span> <span class='ocrx_word' id='word_1_723' title='bbox 2631 4904 2998 4977; x_wconf 74' lang='grc' dir='ltr'>χρηστότητος</span> <span class='ocrx_word' id='word_1_724' title='bbox 3048 4901 3182 4975; x_wconf 76' lang='grc' dir='ltr'>πρὸς</span> <span class='ocrx_word' id='word_1_725' title='bbox 3210 4901 3311 4970; x_wconf 78' lang='grc' dir='ltr'>τὴν</span> <span class='ocrx_word' id='word_1_726' title='bbox 3361 4900 3562 4970; x_wconf 80' lang='grc' dir='ltr'>πρᾶξιν</span> <span class='ocrx_word' id='word_1_727' title='bbox 3591 4899 3698 4954; x_wconf 83' lang='grc' dir='ltr'><strong>τῶν</strong></span> <span class='ocrx_word' id='word_1_728' title='bbox 3729 4898 3808 4948; x_wconf 84' lang='grc' dir='ltr'>ἐν-</span> 
     </span>
    </p>
   </div>
   <div class='ocr_carea' id='block_1_103' title="bbox 2231 4991 3808 5068">
    <p class='ocr_par' dir='ltr' id='par_1_103' title="bbox 2231 4991 3808 5068">
     <span class='ocr_line' id='line_1_103' title="bbox 2231 4991 3808 5068; baseline -0.01 -12"><span class='ocrx_word' id='word_1_729' title='bbox 2231 4999 2424 5065; x_wconf 85' lang='grc' dir='ltr'>τολῶν,</span> <span class='ocrx_word' id='word_1_730' title='bbox 2450 4997 2588 5054; x_wconf 85' lang='grc' dir='ltr'><strong>ἀλλά</strong></span> <span class='ocrx_word' id='word_1_731' title='bbox 2623 4997 2732 5068; x_wconf 85' lang='grc' dir='ltr'>μὴν</span> <span class='ocrx_word' id='word_1_732' title='bbox 2767 4995 2866 5050; x_wconf 78' lang='grc' dir='ltr'>καὶ</span> <span class='ocrx_word' id='word_1_733' title='bbox 2913 4997 2979 5066; x_wconf 74' lang='grc' dir='ltr'>τῇ</span> <span class='ocrx_word' id='word_1_734' title='bbox 3031 4997 3222 5067; x_wconf 77' lang='grc' dir='ltr'>μνήμῃ</span> <span class='ocrx_word' id='word_1_735' title='bbox 3257 4992 3366 5046; x_wconf 86' lang='grc' dir='ltr'><strong>τῶν</strong></span> <span class='ocrx_word' id='word_1_736' title='bbox 3406 4991 3572 5046; x_wconf 84' lang='grc' dir='ltr'>θείων</span> <span class='ocrx_word' id='word_1_737' title='bbox 3601 4991 3808 5044; x_wconf 83' lang='grc' dir='ltr'>δικαιω-</span> 
     </span>
    </p>
   </div>
   <div class='ocr_carea' id='block_1_104' title="bbox 2235 5080 3805 5165">
    <p class='ocr_par' dir='ltr' id='par_1_104' title="bbox 2235 5080 3805 5165">
     <span class='ocr_line' id='line_1_104' title="bbox 2235 5080 3805 5165; baseline -0.011 -16"><span class='ocrx_word' id='word_1_738' title='bbox 2235 5094 2446 5165; x_wconf 80' lang='grc' dir='ltr'>μάτων,</span> <span class='ocrx_word' id='word_1_739' title='bbox 2489 5090 2558 5146; x_wconf 76' lang='grc' dir='ltr'><strong>δι’</strong></span> <span class='ocrx_word' id='word_1_740' title='bbox 2594 5087 2901 5161; x_wconf 85' lang='grc' dir='ltr'>ἀποτομίας</span> <span class='ocrx_word' id='word_1_741' title='bbox 2951 5085 3280 5156; x_wconf 82' lang='grc' dir='ltr'>συχνότερον</span> <span class='ocrx_word' id='word_1_742' title='bbox 3331 5081 3494 5137; x_wconf 74' lang='grc' dir='ltr'>αὑτὸν</span> <span class='ocrx_word' id='word_1_743' title='bbox 3539 5080 3805 5150; x_wconf 72' lang='grc' dir='ltr'>ἀγωνίσα-</span> 
     </span>
    </p>
   </div>
   <div class='ocr_carea' id='block_1_105' title="bbox 2233 5166 3807 5253">
    <p class='ocr_par' dir='ltr' id='par_1_105' title="bbox 2233 5166 3807 5253">
     <span class='ocr_line' id='line_1_105' title="bbox 2233 5166 3807 5253; baseline -0.014 -15"><span class='ocrx_word' id='word_1_744' title='bbox 2233 5185 2377 5238; x_wconf 84' lang='grc' dir='ltr'>σθαι·</span> <span class='ocrx_word' id='word_1_745' title='bbox 2407 5183 2493 5252; x_wconf 78' lang='grc' dir='ltr'><strong>ἐφ’</strong></span> <span class='ocrx_word' id='word_1_746' title='bbox 2512 5175 2574 5250; x_wconf 69' lang='grc' dir='ltr'><strong>ᾧι</strong></span> <span class='ocrx_word' id='word_1_747' title='bbox 2585 5181 2659 5253; x_wconf 85' lang='grc' dir='ltr'>μὴ</span> <span class='ocrx_word' id='word_1_748' title='bbox 2690 5179 2850 5250; x_wconf 82' lang='grc' dir='ltr'>μόνον</span> <span class='ocrx_word' id='word_1_749' title='bbox 2872 5177 3022 5246; x_wconf 86' lang='grc' dir='ltr'>πόθῳ</span> <span class='ocrx_word' id='word_1_750' title='bbox 3046 5175 3156 5229; x_wconf 86' lang='grc' dir='ltr'><strong>τῶν</strong></span> <span class='ocrx_word' id='word_1_751' title='bbox 3183 5174 3345 5228; x_wconf 74' lang='grc' dir='ltr'>θείων</span> <span class='ocrx_word' id='word_1_752' title='bbox 3377 5173 3530 5243; x_wconf 78' lang='grc' dir='ltr'>ὲρᾷν,</span> <span class='ocrx_word' id='word_1_753' title='bbox 3564 5169 3698 5224; x_wconf 69' lang='grc' dir='ltr'>ἀλλὰ</span> <span class='ocrx_word' id='word_1_754' title='bbox 3721 5166 3807 5218; x_wconf 86' lang='grc' dir='ltr'>καὶ</span> 
     </span>
    </p>
   </div>
   <div class='ocr_carea' id='block_1_106' title="bbox 2239 5260 3803 5346">
    <p class='ocr_par' dir='ltr' id='par_1_106' title="bbox 2239 5260 3803 5346">
     <span class='ocr_line' id='line_1_106' title="bbox 2239 5260 3803 5346; baseline -0.013 -15"><span class='ocrx_word' id='word_1_755' title='bbox 2239 5277 2396 5346; x_wconf 72' lang='grc' dir='ltr'>φόϐῳ</span> <span class='ocrx_word' id='word_1_756' title='bbox 2445 5273 2546 5344; x_wconf 77' lang='grc' dir='ltr'>τῆς</span> <span class='ocrx_word' id='word_1_757' title='bbox 2591 5272 2791 5334; x_wconf 80' lang='grc' dir='ltr'>κακίας</span> <span class='ocrx_word' id='word_1_758' title='bbox 2823 5268 3145 5341; x_wconf 81' lang='grc' dir='ltr'>ἀπέχεσθαι·</span> <span class='ocrx_word' id='word_1_759' title='bbox 3182 5269 3394 5322; x_wconf 67' lang='grc' dir='ltr'>Ἔλεον</span> <span class='ocrx_word' id='word_1_760' title='bbox 3422 5266 3534 5334; x_wconf 75' lang='grc' dir='ltr'>γὰρ</span> <span class='ocrx_word' id='word_1_761' title='bbox 3573 5263 3667 5318; x_wconf 73' lang='grc' dir='ltr'>καὶ</span> <span class='ocrx_word' id='word_1_762' title='bbox 3691 5260 3803 5330; x_wconf 77' lang='grc' dir='ltr'>κρί-</span> 
     </span>
    </p>
   </div>
   <div class='ocr_carea' id='block_1_107' title="bbox 2241 5350 3807 5438">
    <p class='ocr_par' dir='ltr' id='par_1_107' title="bbox 2241 5350 3807 5438">
     <span class='ocr_line' id='line_1_107' title="bbox 2241 5350 3807 5438; baseline -0.011 -15"><span class='ocrx_word' id='word_1_763' title='bbox 2241 5386 2346 5422; x_wconf 77' lang='grc' dir='ltr'>σιν</span> <span class='ocrx_word' id='word_1_764' title='bbox 2381 5367 2606 5438; x_wconf 67' lang='grc' dir='ltr'>ᾄσομαι</span> <span class='ocrx_word' id='word_1_765' title='bbox 2633 5383 2752 5426; x_wconf 84' lang='grc' dir='ltr'>σοι.</span> <span class='ocrx_word' id='word_1_766' title='bbox 2786 5365 2981 5432; x_wconf 79' lang='grc' dir='ltr'>Κύριε’</span> <span class='ocrx_word' id='word_1_767' title='bbox 3014 5361 3104 5416; x_wconf 83' lang='grc' dir='ltr'><strong>ἵνα</strong></span> <span class='ocrx_word' id='word_1_768' title='bbox 3143 5361 3239 5414; x_wconf 78' lang='grc' dir='ltr'><strong>καὶ</strong></span> <span class='ocrx_word' id='word_1_769' title='bbox 3270 5359 3406 5429; x_wconf 79' lang='grc' dir='ltr'><strong>αὐδῇ</strong></span> <span class='ocrx_word' id='word_1_770' title='bbox 3435 5357 3511 5428; x_wconf 86' lang='grc' dir='ltr'>τῷ</span> <span class='ocrx_word' id='word_1_771' title='bbox 3531 5354 3651 5426; x_wconf 79' lang='grc' dir='ltr'>Θεῷ</span> <span class='ocrx_word' id='word_1_772' title='bbox 3677 5350 3807 5408; x_wconf 83' lang='grc' dir='ltr'><strong>κατά</strong></span> 
     </span>
    </p>
   </div>
   <div class='ocr_carea' id='block_1_108' title="bbox 2241 5443 3805 5532">
    <p class='ocr_par' dir='ltr' id='par_1_108' title="bbox 2241 5443 3805 5532">
     <span class='ocr_line' id='line_1_108' title="bbox 2241 5443 3805 5532; baseline -0.012 -16"><span class='ocrx_word' id='word_1_773' title='bbox 2241 5462 2407 5516; x_wconf 80' lang='grc' dir='ltr'>πόθον</span> <span class='ocrx_word' id='word_1_774' title='bbox 2459 5459 2815 5532; x_wconf 72' lang='grc' dir='ltr'>τερπόμενος,</span> <span class='ocrx_word' id='word_1_775' title='bbox 2875 5457 2970 5511; x_wconf 74' lang='grc' dir='ltr'><strong>καὶ</strong></span> <span class='ocrx_word' id='word_1_776' title='bbox 3009 5455 3204 5525; x_wconf 74' lang='grc' dir='ltr'>εὐτονῇ</span> <span class='ocrx_word' id='word_1_777' title='bbox 3246 5452 3384 5522; x_wconf 73' lang='grc' dir='ltr'>πρὸς</span> <span class='ocrx_word' id='word_1_778' title='bbox 3433 5451 3495 5504; x_wconf 84' lang='grc' dir='ltr'><strong>τὸ</strong></span> <span class='ocrx_word' id='word_1_779' title='bbox 3533 5447 3704 5522; x_wconf 78' lang='grc' dir='ltr'>ᾆσμα,</span> <span class='ocrx_word' id='word_1_780' title='bbox 3737 5443 3805 5514; x_wconf 79' lang='grc' dir='ltr'>τῷ</span> 
     </span>
    </p>
   </div>
   <div class='ocr_carea' id='block_1_109' title="bbox 2241 5550 2822 5623">
    <p class='ocr_par' dir='ltr' id='par_1_109' title="bbox 2241 5550 2822 5623">
     <span class='ocr_line' id='line_1_109' title="bbox 2241 5550 2822 5623; baseline -0.003 -17"><span class='ocrx_word' id='word_1_781' title='bbox 2241 5553 2392 5623; x_wconf 82' lang='grc' dir='ltr'><strong>φόϐῳ</strong></span> <span class='ocrx_word' id='word_1_782' title='bbox 2435 5550 2635 5623; x_wconf 86' lang='grc' dir='ltr'>στομού</span> <span class='ocrx_word' id='word_1_783' title='bbox 2644 5567 2822 5622; x_wconf 88' lang='grc' dir='ltr'>μενος.</span> 
     </span>
    </p>
   </div>
   <div class='ocr_carea' id='block_1_110' title="bbox 2315 5623 3804 5718">
    <p class='ocr_par' dir='ltr' id='par_1_110' title="bbox 2315 5623 3804 5718">
     <span class='ocr_line' id='line_1_110' title="bbox 2315 5623 3804 5718; baseline -0.016 -18"><span class='ocrx_word' id='word_1_784' title='bbox 2315 5643 2382 5718; x_wconf 85' lang='grc' dir='ltr'>ρ’.</span> <span class='ocrx_word' id='word_1_785' title='bbox 2427 5645 2485 5697; x_wconf 87' lang='lat' dir='ltr'><strong>&#39;(l</strong></span> <span class='ocrx_word' id='word_1_786' title='bbox 2533 5643 2601 5697; x_wconf 86' lang='grc' dir='ltr'><strong>δι’</strong></span> <span class='ocrx_word' id='word_1_787' title='bbox 2649 5643 2850 5714; x_wconf 85' lang='grc' dir='ltr'>ἀρετῆς</span> <span class='ocrx_word' id='word_1_788' title='bbox 2897 5641 2990 5696; x_wconf 76' lang='grc' dir='ltr'>καὶ</span> <span class='ocrx_word' id='word_1_789' title='bbox 3024 5639 3280 5710; x_wconf 78' lang='grc' dir='ltr'>γνώσεως</span> <span class='ocrx_word' id='word_1_790' title='bbox 3326 5633 3706 5709; x_wconf 72' lang='grc' dir='ltr'>ἁρμοσάμενος</span> <span class='ocrx_word' id='word_1_791' title='bbox 3754 5623 3804 5676; x_wconf 81' lang='grc' dir='ltr'>τὺ</span> 
     </span>
    </p>
   </div>
   <div class='ocr_carea' id='block_1_111' title="bbox 1743 5799 2868 5866">
    <p class='ocr_par' dir='ltr' id='par_1_111' title="bbox 1743 5799 2868 5866">
     <span class='ocr_line' id='line_1_111' title="bbox 1743 5799 2868 5866; baseline -0.005 -9"><span class='ocrx_word' id='word_1_792' title='bbox 1743 5806 1784 5835; x_wconf 70' lang='grc' dir='ltr'><strong>ετ</strong></span> <span class='ocrx_word' id='word_1_793' title='bbox 1817 5804 1957 5859; x_wconf 74' lang='lat' dir='ltr'><strong>Psal.</strong></span> <span class='ocrx_word' id='word_1_794' title='bbox 1995 5821 2045 5866; x_wconf 71' lang='grc' dir='ltr'><strong>ς.</strong></span> <span class='ocrx_word' id='word_1_795' title='bbox 2082 5805 2131 5859; x_wconf 89' lang='grc'>8.</span> <span class='ocrx_word' id='word_1_796' title='bbox 2211 5801 2419 5860; x_wconf 79' lang='lat' dir='ltr'><strong>&quot;ibid.</strong></span> <span class='ocrx_word' id='word_1_797' title='bbox 2452 5801 2504 5854; x_wconf 69' lang='grc' dir='ltr'><strong>ε.</strong></span> <span class='ocrx_word' id='word_1_798' title='bbox 2584 5801 2626 5832; x_wconf 67' lang='grc' dir='ltr'><strong>θ’</strong></span> <span class='ocrx_word' id='word_1_799' title='bbox 2658 5799 2789 5854; x_wconf 86' lang='lat' dir='ltr'><strong>ibid.</strong></span> <span class='ocrx_word' id='word_1_800' title='bbox 2824 5801 2868 5854; x_wconf 89' lang='lat' dir='ltr'><strong>l.</strong></span> 
     </span>
    </p>
   </div>
  </div>
