4060 6322
339 391 477 463 1173
1175 393 1511 458 CAPITUM
1546 388 1818 457 THEOL.
1857 391 1954 453 ET
1992 387 2229 451 (ECON.
2266 352 2653 452 CENTURIA
2704 389 2785 452 11.
3461 368 3602 457 1m

333 505 493 578 σῶμα
516 502 650 575 πρὸς
679 502 781 576 τὴν
806 492 1008 576 ψυχὴν,
1037 504 1230 575 γέγονε
1259 505 1462 577 κιθάρα
1494 502 1632 559 Θεοῦ
1672 499 1769 557 xei.
1805 501 1906 556 αὑ-

2006 500 2278 556 concinne
2301 500 2534 570 aptavit,
2562 499 2658 554 Dei
2699 499 2915 555 cithara
2938 498 3185 571 tibiaque
3214 516 3280 557 ac
3330 502 3595 573 templum

329 599 422 664 λὺς
464 599 558 653 καὶ
581 597 725 662 ναός,
768 598 986 672 Κιθόιρα
1032 598 1152 668 μὲν,
1183 598 1258 663 ὡς
1302 598 1485 662 καλῶς
1534 595 1780 668 φυλάξας
1808 593 1906 663 τὴν

2009 590 2204 647 evasit.
2235 590 2462 647 Cithara
2487 591 2735 662 quidem,
2772 599 2835 646 ut
2869 591 2965 662 qui
2997 592 3223 648 virtutis
3261 602 3592 649 concentum

329 692 439 744 τῶν
463 687 675 761 ἀρετῶν
716 689 1004 762 ἁρμονίανο
1035 687 1199 754 αὐλὸς
1239 689 1318 753 δὲ,
1363 689 1440 751 ὡς
1477 687 1566 742 διὰ
1603 685 1713 740 τῶν
1745 682 1906 738 θείων

2009 682 2274 753 praeclare
2315 684 2553 739 servarit
2588 700 2602 738 :
2640 684 2774 740 tibia
2804 692 3013 751 autem,
3048 693 3110 740 ut
3140 687 3235 757 qui
3274 702 3373 757 per
3407 687 3594 743 divina

329 782 702 853 θεωρημάτων
751 782 1129 853 εἰσδεχόμενος
1175 780 1275 852 τὴν
1323 779 1418 834 τοῦ
1458 779 1776 849 Πνεύματος
1804 774 1906 846 ἔμ-

2010 785 2195 839 sensa,
2247 772 2491 844 Spiritus
2533 774 2590 829 in
2616 791 2677 831 se
2728 763 2983 830 amatum.
3012 776 3279 847 recipiat;
3330 778 3596 849 templum

328 889 574 926 πνευσινο
597 874 724 937 ναὸς
752 873 829 940 δὲ,
849 872 926 937 ὡς
963 873 1050 927 διά
1077 874 1177 945 τὴν
1206 872 1350 926 κατὰ
1377 870 1502 925 νοῦν
1537 869 1905 940 καθαρότητα,

2009 878 2161 930 vero,
2197 873 2258 919 ut
2286 867 2381 937 qui
2417 867 2491 923 ob
2531 868 2734 924 mentis
2772 869 3069 943 puritatem
3100 869 3269 925 Verbi
3314 869 3599 929 habitacu—

326 960 420 1016 τοῦ
460 964 635 1034 Λόγου
660 963 900 1034 γεγονὼς
925 965 1366 1035 κατοικητήριον.

2008 955 2124 1011 lum
2146 956 2325 1015 factus
2353 961 2442 1016 sit.
2834 972 2841 977 ‘

692 1185 1185 1240 ΑΝΕΠῘΓΡΔΦΟΥ
1229 1184 1484 1239 ΣΧΟΛῘΔ
1498 1186 1539 1238 ⁸.

393 1273 464 1329 α’.
503 1274 615 1347 Οὐχ
641 1274 717 1339 ὡς
756 1276 1234 1347 ἐπιτυγχανόντων
1265 1273 1428 1329 τινῶν
1473 1272 1582 1326 τῶν
1621 1269 1757 1343 πρὸς
1792 1264 1909 1321 ἐπί-

2298 1144 2580 1235 mcunrl
2609 1178 2957 1236 AUCTORIS
2999 1177 3310 1237 SCHOLIA.

2087 1269 2137 1323 1.
2178 1269 2300 1324 Non
2348 1269 2505 1340 quasi
2549 1270 2744 1341 aliqui,
2800 1287 3020 1335 eorum,
3055 1271 3152 1340 qui
3202 1270 3597 1329 ostentationis

323 1363 489 1431 δειξιν
539 1365 868 1436 ἐφιεμένων,
899 1367 927 1421 ό
968 1365 1149 1434 λόγος,
1175 1365 1291 1419 ἀλλ’
1313 1365 1390 1428 ὼς
1417 1362 1635 1425 πάντως
1664 1360 1906 1426 ἀποτυγ-

2016 1375 2182 1417 causa
2209 1369 2494 1433 expetunt,
2546 1370 2829 1433 compotes
2882 1361 3038 1429 ﬁant,
3068 1362 3143 1417 ita
3192 1362 3461 1432 loquitur,
3496 1361 3594 1427 sed

325 1458 614 1529 χανόντων.
643 1458 742 1511 Διά
773 1458 829 1511 δὲ
848 1457 966 1522 τοῦ,
987 1459 1101 1512 Ἕν
1120 1475 1236 1511 τινι
1255 1456 1376 1511 τῶν
1395 1457 1628 1525 ὁμόρων
1651 1450 1909 1525 ποιείτω,

325 1549 416 1602 καὶ
442 1550 511 1603 τὰ
539 1548 689 1621 ἑξῆς,
721 1548 1003 1620 σημαίνει,
1036 1548 1098 1602 τὸ
1135 1548 1212 1619 μὴ
1241 1545 1592 1615 ἐπιγίνεσθαί
1637 1561 1744 1597 τινι
1773 1540 1908 1610 γνῶ·

324 1657 410 1694 σιν
440 1639 536 1712 τὴν
574 1641 770 1713 ἀληθῆ,
803 1644 853 1695 εί
881 1642 958 1715 μὴ
994 1642 1082 1695 διὰ
1113 1641 1293 1696 πόνων
1324 1637 1680 1711 σωματικῶν.
1712 1636 1905 1708 ήγουν,

2015 1455 2170 1510 velut
2188 1455 2327 1511 nulli
2351 1471 2583 1526 prorsus
2613 1455 2767 1511 ﬁant.
2791 1455 3037 1511 Dicendo
3071 1462 3277 1521 autem,
3318 1455 3385 1511 In
3403 1454 3595 1513 vicinia

2012 1546 2251 1616 quadam
2283 1564 2373 1601 seu
2403 1546 2650 1616 conﬁnio,
2699 1554 2831 1611 etc.,
2879 1545 3173 1616 signiﬁcat,
3212 1546 3421 1601 nemini
3461 1559 3596 1600 con-

2013 1637 2224 1717 tingere
2262 1647 2324 1693 ut
2368 1654 2559 1694 veram
2606 1637 2861 1708 acquirat
2889 1636 3204 1702 scientiam,
3240 1635 3376 1707 quin
3398 1651 3598 1707 corpo-
3630 1619 3639 1631 ’

321 1732 393 1786 δι’
423 1733 756 1805 ἐγκρατείας
801 1736 899 1788 καὶ
951 1734 1196 1805 ἀγάπης,
1250 1733 1319 1787 δι’
1349 1728 1425 1787 ὧν
1467 1734 1501 1803 ἡ
1538 1729 1810 1800 κάθαρσις
1836 1728 1905 1798 τῇ

2009 1729 2218 1785 ralibus
2254 1730 2536 1786 laboribus
2579 1729 2956 1801 ('continentia
2986 1728 3279 1783 scilicetet
3301 1727 3591 1793 charitate,

320 1800 502 1897 ψυχῇ)
533 1800 826 1894 Μακάριοι
856 1800 1197 1897 γὰρξφησὶν
1216 1866 1231 1892 ,
1257 1829 1309 1880 ot
1337 1800 1583 1894 καθαροὶ
1617 1819 1734 1890 τὴν
1761 1835 1904 1888 καρ-

2008 1822 2211 1893 quibus
2240 1800 2595 1878 emundatur
2618 1819 2858 1892 animus)
2903 1820 3181 1892 fungatur.
3215 1819 3370 1874 Beati
3403 1820 3550 1874 enim
3575 1861 3589 1885 ,

320 1917 480 1984 δίαν,
517 1917 607 1973 ὅτι
637 1919 809 1974 αὐτοὶ
846 1918 954 1972 τὸν
984 1918 1135 1973 Θεὸν
1163 1918 1436 1988 ὄψονται.

397 2092 464 2165 β’.
492 2095 712 2163 Τούτοις
744 2097 980 2169 μάλιστα
1012 2084 1367 2170 ἐλεγχόμεθα,
1402 2096 1505 2170 τὴν
1534 2097 1905 2169 φιλαργυρίαν

325 2187 629 2255 νοσοῦντες,
658 2190 753 2243 καὶ
781 2189 860 2260 τῷ
894 2191 1133 2262 μαμωνᾷ
1158 2188 1547 2253 καταθύοντες.

394 2284 464 2348 γ’.
499 2280 611 2334 Καὶ
647 2279 822 2334 ταῦτα
864 2281 1006 2336 κατὰ
1053 2280 1163 2335 τῶν
1203 2281 1590 2352 Εἱκονομάχων
1618 2280 1901 2352 ἄντικρυς.

308 2362 469 2442 Ὅρα
495 2371 554 2425 δὲ
584 2372 664 2425 ὅτι
696 2372 898 2440 γνῶσις
924 2373 958 2445 ἡ
1003 2372 1240 2426 ἐνταῦθα
1270 2373 1489 2443 λέγεται
1526 2374 1748 2446 μερική·
1783 2373 1818 2445 ἡ
1847 2373 1903 2425 δὲ

323 2462 419 2515 τοῦ
444 2461 580 2515 Θεοῦ
613 2464 794 2533 σοφία,
835 2464 933 2535 ὅλη
971 2465 1030 2520 ἐν
1062 2463 1141 2535 τῷ
1170 2465 1360 2536 κόσμῳ
1391 2464 1531 2533 ἐστὶ,
1554 2465 1678 2519 καθ’
1711 2463 1741 2516 ὅ
1768 2464 1903 2519 Θεο-

325 2553 480 2622 λόγος
524 2553 723 2622 φησίν·
771 2555 874 2610 Ἐν
911 2554 993 2622 τῷ
1027 2556 1233 2627 κόσμῳ
1269 2556 1377 2628 γὰρ
1413 2551 1514 2627 ἦν,
1545 2557 1643 2611 καὶ
1673 2556 1905 2627 κόσμος

323 2641 400 2696 δι’
431 2643 620 2698 αὑτοῦ
658 2642 916 2713 ἐγένετο.
1388 2687 1396 2703 .

394 2731 458 2789 δ’.
491 2735 613 2788 Ἔτι
641 2737 738 2791 καὶ
781 2735 939 2807 ἡμῶν
971 2736 1203 2802 ἕκαστος
1241 2739 1357 2802 τοῖς
1398 2737 1680 2809 αἰσθητοῖς
1733 2755 1905 2810 προσ-ν

323 2826 581 2897 κείμενος
667 2826 728 2892 ἐξ
819 2828 1043 2897 ἀγνοίας
1080 2867 1097 2894 ,
1178 2830 1272 2884 τὸν
1347 2830 1604 2901 Καίσαρα
1680 2830 1904 2901 βασιλέα

322 2916 726 2990 ἐπιγράφεται*
775 2919 869 2972 καὶ
923 2918 1001 2991 τῷ
1050 2920 1295 2993 Πιλάτῳ,
1344 2924 1411 2995 τῇ
1464 2921 1734 2994 αἰσθήσει,
1768 2938 1903 2993 προ-

322 3008 506 3063 δίδωσι
535 3010 626 3063 τὸν
659 3010 833 3079 Λόγον
865 3014 944 3075 είς
977 3011 1228 3067 θάνατον.
1259 3014 1485 3078 Πάντως
1510 3016 1568 3070 δὲ
1600 3015 1738 3086 μετὰ
1766 3018 1904 3071 Καί-

323 3115 488 3194 σαρος
533 3101 637 3194 ,καὶ
673 3100 752 3171 τῷ
782 3101 1003 3194 Ἡρώδῃ
1069 3103 1375 3171 ὑπόκειται,
1408 3108 1438 3160 ό
1471 3107 1587 3159 κατ’
1620 3105 1901 3179 ἐνέργειαν
1925 3135 1970 3194 c

323 3192 680 3263 ἁμαρτάνων,
708 3193 803 3248 καὶ
829 3195 889 3247 ἐν
917 3192 1029 3260 ’ἐξει
1068 3197 1360 3266 γενόμενος
1395 3196 1491 3252 τοῦ
1535 3198 1726 3254 κακοῦ.
1764 3199 1900 3257 ’ἰου-

321 3283 467 3347 δαῖός
504 3284 623 3343 ἐστι
660 3283 761 3354 τὴν
793 3284 996 3356 ἀρετὴν
1037 3287 1323 3357 προδιδοὺς
1349 3291 1415 3359 τῇ
1441 3289 1553 3353 Eat
1578 3288 1680 3359 τῆς
1701 3290 1902 3354 κακίας

323 3373 654 3446 ὑποχείριον*
686 3375 784 3429 καὶ
817 3376 920 3448 τὴν
956 3379 1058 3447 μὲν
1095 3379 1193 3433 τοῦ
1229 3379 1364 3433 θεοῦ
1394 3380 1674 3451 βασιλείαν
1701 3383 1900 3455 ἀρνού-

326 3480 510 3535 μενος,
547 3466 644 3521 τοῦ
680 3467 929 3546 διαϐόλου
962 3469 1019 3523 δὲ
1066 3472 1133 3541 τῇ
1163 3472 1442 3545 τυραννίδι
1474 3473 1896 3546 προσκείμενος.

390 3559 455 3609 ε’.
493 3554 617 3611 Ὅτι
654 3557 721 3611 ἐκ
745 3545 859 3629 ’τῆς
882 3559 977 3613 τοῦ
1008 3559 1145 3613 Θεοῦ
1167 3561 1415 3630 ἀγνοίας,
1445 3565 1478 3634 ἡ
1515 3545 1775 3632 φιλαυτία
1804 3563 1902 3618 καὶ

321 3642 384 3697 τδ
411 3646 861 3717 γαστρίμαργονο
905 3649 972 3702 δι’
1000 3647 1037 3701 ἃ
1080 3647 1180 3720 τὴν
1215 3651 1394 3720 σάρκα
1443 3652 1537 3703 καὶ
1574 3653 1666 3704 τὸν
1696 3652 1901 3722 κόσμον

320 3734 484 3799 εὐθὺς
509 3737 898 3807 ἠγαπήσαμεν·
931 3740 1024 3791 καὶ
1055 3739 1105 3790 εί
1145 3739 1221 3811 μὴ
1242 3741 1449 3794 τούτων
1481 3741 1587 3807 ἔξω
1615 3742 1903 3812 γενώμεθα

322 3825 413 3878 διὰ
437 3827 536 3896 τῆς
576 3827 715 3896 πρὸς
743 3826 878 3880 Θεὸν
919 3828 1162 3898 ἀγάπης,
1193 3829 1292 3898 τῆς
1324 3830 1405 3892 είς
1444 3830 1536 3883 τὸν
1563 3831 1792 3900 πλησίον
1813 3832 1903 3884 διὰ

321 3914 421 3985 τῆς
442 3916 687 3987 φυλακῆς
709 3915 819 3970 τῶν
840 3917 1070 3971 ἐντολῶν
1090 3919 1513 3992 ἐνεργουμένης,
1540 3920 1717 3983 ἄλλως
1744 3920 1902 3991 ἄτρε·

323 4025 447 4062 πτοι
474 4009 655 4079 μένειν
695 4010 754 4063 ἐν
791 4010 870 4080 τῷ
903 4009 1053 4080 καλῷ
1076 4010 1137 4064 οὐ
1175 4010 1470 4081 δυνάμεθα.

394 4107 469 4166 ς’.
505 4102 767 4174 Πάροικοι
805 4103 1012 4168 πάντες
1060 4104 1110 4157 oi
1158 4102 1328 4173 ἅγιοι,
1388 4103 1467 4168 ὡς
1517 4104 1577 4158 ἐν
1613 4104 1903 4176 ἐσόπτροις

321 4192 418 4245 καὶ
450 4193 739 4263 αἰνίγμασι
783 4193 1076 4265 βλέποντες
1115 4194 1215 4267 τὴν
1246 4194 1526 4266 ἀλήθειαν.
1559 4196 1621 4251 Ol
1645 4195 1703 4249 δὲ
1743 4198 1902 4252 Εἰκο-

322 4284 552 4355 νομάχοι
599 4287 673 4356 μὴ
703 4287 1138 4359 παραδεχόμενοι
1196 4287 1430 4342 κατιδεῖν
1485 4289 1545 4342 ἐν
1588 4290 1897 4359 ἐσόπτροις,

321 4375 637 4429 παντάπασι
668 4375 769 4447 τῆς
793 4377 1051 4449 ἀληθείας
1077 4375 1531 4433 ἀποπεπτὼκασι.

296 4620 307 4639 1
392 4552 460 4621 ζ’.
504 4556 566 4609 '0
598 4555 744 4621 Θεὸς
792 4557 943 4624 ἔστη
972 4556 1044 4611 ἐν
1071 4552 1396 4625 συναγωγῇ
1421 4553 1591 4609 θεῶν.
1632 4553 1744 4608 Καὶ
1790 4554 1894 4622 ὅρα

301 4644 420 4725 ,τὴν
451 4644 683 4715 δύναμιν
725 4644 835 4700 τῶν
877 4646 1145 4714 ἀγγέλωψ
1198 4646 1293 4699 καὶ
1336 4647 1419 4700 ὅτι
1460 4649 1489 4701 ό
1521 4646 1596 4718 μὴ
1626 4646 1897 4701 πιστεύων

296 4737 519 4809 ’χρῆναι
558 4739 696 4811 πρὸς
738 4738 839 4805 τὴν
880 4736 1123 4809 κεφαλὴν
1167 4738 1437 4809 συνῆφθαι
1481 4738 1552 4794 τὰ
1586 4740 1745 4810 μέλη,
1772 4740 1899 4795 am-

323 4830 448 4893 στός
484 4831 621 4890 ἐστι.
658 4830 756 4885 καὶ
779 4829 1032 4884 ἐντεῦθεν
1063 4830 1163 4902 ήδη
1204 4829 1479 4902 κέκριται.

391 4925 461 4988 η’.
496 4920 591 4983 Τίς
615 4922 757 4975 οἰκεῖ
779 4919 889 4974 τῶν
915 4921 1196 4975 Χαλδαίων
1224 4921 1322 4991 τὴν
1352 4921 1476 4992 γῆν·
1507 4922 1590 4985 τίς
1613 4922 1711 4993 τὴν
1742 4923 1894 4994 Χαῤ⁸

323 5010 425 5080 ράν
456 5011 559 5081 τῆς
600 5013 1061 5082 Μεσοποταμίας;
1094 5014 1189 5076 Τίς
1218 5014 1355 5085 πρὸς
1393 5014 1492 5084 τὴν
1525 5014 1630 5083 γῆν
1660 5015 1894 5084 μετάγε-

320 5117 412 5153 ται
439 5101 538 5171 τὴν
565 5103 795 5174 ἀγαθὴν,
829 5104 897 5174 ἢν
944 5103 1339 5172 ἐπαγγέλλεται
1365 5103 1558 5158 δώσειν
1596 5106 1711 5167 τοῖς
1751 5105 1893 5174 ἀγα-

321 5190 499 5244 πῶσιν
516 5190 679 5245 αὑτὸν
703 5193 732 5245 ό
755 5190 924 5260 Θεός;

393 5281 460 5339 θ’.
497 5282 588 5338 Fr.
617 5284 742 5338 Ὀτι
787 5285 883 5339 καὶ
933 5287 1101 5340 πάλαι
1151 5286 1255 5357 πρὸ
1295 5286 1396 5355 τῆς
1444 5285 1756 5357 ἐπιδημίας,
1800 5287 1896 5340 καὶ

321 5374 418 5429 νῦν
452 5375 591 5447 μετὰ
630 5374 732 5447 τὴν
769 5377 1089 5449 ἐπιδημίαν,
1135 5376 1342 5447 νοητῶς
1376 5379 1434 5429 ἐν
1466 5379 1600 5449 ἡμῖν
1627 5378 1895 5448 ἐνδημεῖό

317 5467 413 5521 τοῦ
443 5468 579 5523 Θεοῦ
608 5469 815 5539 Λόγος,
859 5469 1105 5541 κρυφίως
1156 5469 1443 5540 ἀναφέρων
1488 5469 1622 5534 πρὸς
1651 5470 1718 5524 τὰ
1751 5470 1893 5526 θειό-

316 5575 471 5632 τερα.

392 5712 437 5747 ⁷⁸
462 5713 653 5770 Matth.
685 5730 737 5779 v,
772 5715 824 5769 8.
900 5716 942 5749 ⁷¹
974 5713 1129 5769 Joan.
1163 5730 1199 5779 ι,
1231 5712 1313 5767 10.
1390 5714 1436 5748 τ’
1463 5713 1607 5769 Psal.
1641 5730 1818 5781 Lxm,
1854 5715 1904 5771 1.

2007 1912 2222 1986 inquit,
2265 1915 2463 1970 mundo
2531 1913 2724 1978 corde,
2774 1913 3031 1984 quoniam
3080 1912 3183 1983 ipsi
3237 1910 3406 1964 Deum
3445 1910 3592 1964 vide-

2006 2007 2136 2062 bunt
2161 2008 2226 2061 ⁷ο,

2070 2099 2125 2153 2.
2155 2096 2250 2155 His
2304 2099 2539 2154 maxime
2578 2094 2984 2162 convincimur,
3023 2094 3283 2150 laborare
3318 2108 3423 2147 nos
3463 2106 3584 2146 ava-

2003 2190 2144 2246 ritia:
2178 2191 2390 2257 morbo,
2418 2206 2482 2245 ac
2503 2205 2827 2245 mammona
2850 2186 3182 2243 sacriﬁcare.

2071 2280 2125 2333 3.
2155 2279 2282 2335 Haec
2306 2295 2528 2351 quoque
2556 2280 2737 2351 palam
2783 2288 2979 2334 contra
3026 2276 3446 2332 lconomachos.
3477 2273 3587 2330 Ob-

2004 2384 2162 2425 serva
2195 2377 2400 2425 autem.
2426 2385 2549 2440 qua:
2571 2369 2736 2441 hujus
2754 2368 2856 2423 aevi
2883 2375 2989 2433 est,
3019 2366 3328 2432 scientiam,
3360 2381 3424 2421 ea:
3438 2373 3589 2436 parte

2004 2461 2148 2517 dici:
2176 2461 2272 2516 Dei
2302 2471 2486 2516 autem
2511 2459 2805 2530 sapientia,
2829 2466 2942 2513 tota
2966 2459 3022 2513 in
3041 2457 3247 2513 mundo
3264 2465 3369 2522 est,
3398 2471 3589 2527 quem-

2003 2552 2300 2609 admodum
2331 2552 2469 2607 dicit
2496 2551 2809 2623 Theologus
2834 2568 2848 2604 :
2872 2550 2941 2605 In
2966 2548 3162 2605 mundo
3192 2547 3341 2605 enim
3378 2555 3515 2612 erat,
3538 2555 3588 2602 et

2004 2643 2230 2698 mundus
2253 2659 2347 2715 per
2367 2642 2541 2713 ipsum
2571 2624 2744 2712 factus
2776 2648 2854 2694 est
2875 2641 2944 2694 ⁷³.

2072 2736 2129 2790 4.
2165 2734 2364 2791 Adhuc
2407 2733 2576 2789 etiam
2616 2732 2852 2803 quisque
2886 2734 3147 2789 nostrum
3176 2746 3246 2788 ex
3273 2730 3587 2802 ignorantia

2003 2825 2237 2882 terrenis
2269 2824 2571 2891 addicitur,
2604 2823 2876 2880 Caesarem
2909 2824 3017 2879 sibi
3044 2839 3231 2895 regem
3252 2823 3498 2888 asciscit,
3520 2838 3588 2878 ac

2002 2918 2180 2975 Pilato
2208 2917 2417 2988 (idest,
2463 2916 2673 2987 sensui)
2723 2915 3047 2972 Sermonem
3093 2916 3215 2972 neci
3254 2915 3586 2971 tradendum

2002 3009 2208 3081 prodit.
2239 3008 2476 3064 Prorsus
2519 3023 2675 3072 vero,
2723 3021 2849 3061 cum
2895 3007 3120 3063 Caesare
3161 3008 3331 3062 etiam
3374 3005 3582 3061 Herodi

2003 3103 2284 3176 subjectus
2319 3111 2425 3168 est,
2456 3103 2552 3173 qui
2600 3116 2768 3173 opere
2814 3111 3009 3171 peccat
3049 3112 3107 3156 et
3136 3102 3191 3156 in
3219 3098 3348 3155 mali
3391 3098 3585 3154 habitu

2002 3206 2278 3255 versatur.
2322 3196 2547 3252 Judaaus
2595 3204 2704 3260 est,
2753 3196 2850 3264 qui
2892 3196 3156 3251 virtutem
3210 3191 3426 3247 habitui
3465 3190 3586 3247 vitii

1999 3287 2365 3357 mancipatam
2396 3286 2617 3356 prodit;
2649 3286 2748 3341 Dei
2773 3286 2997 3356 quidem
3025 3285 3306 3356 abnegans
3331 3299 3584 3357 regnum,

2000 3379 2207 3435 diaboli
2237 3394 2372 3434 vero
2404 3377 2718 3450 tyrannidis
2738 3378 2977 3434 devotus
3009 3378 3211 3454 cultor.
3245 3452 3249 3461 .

2058 3558 2123 3613 '5.
2159 3557 2240 3613 Ex
2285 3556 2385 3612 Dei
2434 3556 2746 3627 ignorantia
2794 3557 3056 3627 provenit
3099 3569 3278 3611 caecus
3333 3550 3589 3627 corporis

2001 3665 2156 3703 amor
2181 3657 2239 3703 et
2271 3648 2432 3718 gula;
2463 3663 2702 3718 quorum
2734 3649 2911 3718 gratia
2947 3647 3137 3703 statim
3164 3663 3388 3704 carnem
3421 3663 3585 3705 mun-

1973 3740 2245 3810 dumque
2282 3740 2595 3794 dileximus.
2650 3740 2731 3794 Ac
2774 3741 2878 3794 nisi
2904 3741 3001 3796 Dei
3048 3741 3321 3798 charitate
3347 3741 3458 3797 illis
3493 3757 3589 3798 cx-

2002 3830 2361 3893 cesserimus,
2389 3844 2514 3898 quae
2537 3828 2799 3884 videlicet
2819 3829 2939 3898 ipsa
2966 3830 3358 3909 mandatorum
3387 3830 3584 3886 obser-

2001 3920 2225 3975 vatione
2250 3934 2380 3989 erga
2419 3920 2730 3986 proximum
2763 3918 2954 3974 eilieax
2985 3920 3079 3984 sit,
3112 3927 3173 3974 ut
3217 3919 3272 3974 in
3299 3920 3446 3975 bono
3484 3921 3586 3976 im-

2002 4011 2234 4065 mobiles
2259 4010 2646 4080 persistamus,
2681 4009 3107 4080 haudquaquam
3140 4010 3257 4066 ﬁeri
3282 4012 3477 4082 possit.
3517 4036 3526 4045 ·

2072 4103 2233 4174 512
2251 4103 2304 4159 6.
2328 4102 2719 4159 Sanctiomnes
2739 4102 2933 4158 incolm
2957 4111 3157 4158 suntet
3174 4104 3477 4175 peregrini,
3525 4112 3580 4161 ut

2000 4194 2096 4264 qui
2123 4194 2411 4249 veritatem
2430 4193 2488 4248 in
2517 4194 2759 4265 speculis
2793 4194 3091 4250 videantet
3117 4194 3427 4267 :euigmatis
3459 4194 3577 4266 (ob.

2000 4286 2179 4341 scuris
2198 4285 2409 4340 scilicet
2429 4285 3048 4357 repraesentationibus).
3065 4288 3581 4355 lconomacbivero,

2000 4374 2095 4444 qui
2144 4390 2256 4430 non
2287 4375 2600 4432 sustineant
2633 4376 2690 4432 in
2743 4377 2984 4447 speculis
3022 4377 3235 4445 videre,
3269 4394 3301 4433 a
3346 4378 3582 4438 veritate

1933 4465 1978 4521 D
2005 4484 2233 4538 prorsus
2251 4467 2596 4524 exciderunt.

2075 4562 2127 4614 7.
2152 4560 2292 4615 Deus
2329 4563 2473 4615 stetit
2515 4562 2572 4615 in
2597 4561 3181 4633 synagoga’deorum".
3211 4564 3289 4618 Ac
3320 4563 3445 4619 vide
3471 4579 3576 4619 an-

2002 4650 2251 4722 gelorum
2293 4651 2630 4721 potentiam;
2663 4651 2943 4725 itemque.
2982 4653 3078 4723 qui
3106 4670 3217 4709 non
3263 4654 3443 4710 credit
3479 4669 3578 4711 ne-

2001 4757 2156 4798 cesse
2192 4757 2314 4798 esse
2365 4750 2427 4797 ut
2473 4743 2722 4798 membra
2752 4745 3161 4816 coniungantur
3208 4760 3335 4800 cum
3373 4745 3575 4816 capite,

2002 4831 2302 4899 inﬁdelem,
2339 4848 2517 4903 eoque
2552 4827 2778 4889 nomine
2803 4835 2915 4907 jam
2935 4836 3264 4907 iudicatum,
3292 4852 3434 4893 esse.

2071 4921 2124 4976 8.
2158 4921 2422 4989 Quisnam
2456 4923 2674 4980 habitet
2696 4924 2909 4980 terram
2953 4925 3371 4993 Chaldzeorum;
3418 4927 3575 4998 quis-

1995 5029 2122 5069 nam
2148 5029 2281 5069 vero
2309 5013 2597 5069 Charrhan
2630 5015 3074 5085 Mesopotamiae?
3108 5016 3245 5084 Quis
3274 5018 3575 5074 transferao

1997 5115 2087 5161 tur
2108 5106 2163 5161 in
2195 5115 2396 5160 terram
2422 5106 2645 5171 bonam,
2678 5123 2844 5176 quam
2886 5109 3031 5163 Deus
3060 5123 3119 5164 se
3151 5108 3410 5163 daturum
3444 5108 3569 5180 pol-

1997 5194 2181 5252 licitus
2209 5205 2315 5258 est.
2346 5196 2435 5251 his
2455 5196 2550 5267 qui
2572 5196 2849 5267 diligunt?

2067 5286 2121 5341 9.
2150 5287 2289 5341 Olim
2326 5302 2548 5357 quoque
2596 5295 2725 5342 ante
2765 5286 3085 5354 adventum,
3134 5304 3391 5359 nuncque
3431 5289 3573 5346 adeo

2002 5385 2128 5450 post
2174 5379 2376 5448 ipsum,
2421 5379 2681 5436 advenire
2712 5381 2781 5435 ad
2812 5396 2914 5435 nos
2945 5380 3270 5451 spiritaliter
3304 5381 3400 5436 Dei
3430 5381 3570 5438 Ver-

2000 5470 2155 5538 bum,
2176 5469 2412 5528 occultis
2425 5471 2738 5545 augmentis
2762 5472 3074 5544 provehens
3092 5472 3161 5530 ad
3183 5488 3246 5530 ea
3280 5488 3403 5547 quae
3434 5473 3570 5533 divi-

1999 5563 2151 5620 niora
2179 5568 2328 5619 sunt.

393 5829 408 5845 '
438 5827 521 5882 Ex
560 5827 617 5881 V.
683 5826 760 5883 Cl.
830 5826 1112 5898 Raplmclis
1153 5825 1396 5896 Dufrcnii
1462 5826 1599 5893 (σόη
1643 5843 1782 5882 nunc
1816 5826 2003 5898 Regio.
