4122 6320
358 346 494 414 117⁸7
1016 355 1347 417 CAPITUM
1384 356 1569 428 QUIN
1575 359 1802 429 QUIES
1840 364 1983 426 CEN

1958 365 2356 426 iTEN’ORUM
2391 367 2776 432 CENTURIA
2809 376 2849 433 L
3455 372 3472 434 1
3493 371 3586 438 178

364 564 1742 597 ....____.___._____________

1210 754 1439 840 ΤΟΥ
1501 756 1845 842 ΑΓΙΟΥ
1902 758 2337 844 ΠΑΤΡΟΣ
2378 761 2702 847 ΗΜΩΝ

1686 952 1807 1006 ΚΑΙ
1838 955 2269 1009 ΔΙΔΑΣΚΑΛΟΥ

730 1132 1530 1275 ΜΑΞΙΜΟΥ
1605 1143 1953 1277 ΤΟΥ
2026 1146 3234 1290 ΟΜΟΛΟΓΗΤΟΥ

1029 1390 1378 1445 ΚΕΦΛΛΔΙΔ
1415 1393 1706 1447 ΔΙΑΦΟΡΛ
1740 1396 2129 1453 ΘΕΟΛΟΓΙΚΑ
2160 1400 2245 1453 ΤΕ
2274 1400 2393 1453 ΚΑΙ
2417 1401 2859 1455 ΟΙΚΟΝΟΜῙΚΑ

1523 1557 1635 1613 Kal
1663 1557 1794 1628 περὶ
1824 1557 2048 1627 ἀρετῆς
2076 1558 2174 1613 καὶ
2202 1560 2436 1626 κακίας.

589 1884 1001 1977 SANCTI
1112 1886 1533 1977 PATRIS
1634 1887 2071 1982 NOSTRI
2206 1891 2601 1992 ATQUE
2706 1893 3323 1997 MAGISTRI.

1212 2121 1738 2237 MAXlMl
1826 2124 2783 2241 CONFESSORIS

712 2342 1041 2407 DIVERSA
1070 2346 1337 2407 CAPITA
1367 2346 1467 2407 AD
1521 2347 2023 2408 THEOLOGIAM
2054 2348 2151 2408 ET
2207 2350 2673 2412 (ECONOMIAM
2729 2351 3191 2415 SPECTANTIA

1492 2510 1723 2581 DEQUE
1752 2514 2061 2573 VIRTUTE
2101 2515 2188 2572 AC
2228 2514 2433 2573 VlTlO.

759 2821 1175 2878 ΕΚΛΤΟΝΤΑΣ
1205 2826 1458 2881 ΠΡΩΤΗ.
1928 2838 1976 2895 Α
2353 2828 2387 2887 C

1928 2838 1976 2895 Α
2353 2828 2678 2887 CENTENA
2711 2831 2924 2888 PRIMA
2957 2831 3224 2887 CAPlTA.

395 2935 468 2992 α’.
496 2937 595 2992 ’Ἑν
624 2938 741 2991 ἐστι
768 2938 832 2991 τὸ
862 2938 1240 3009 ὐπεράναρχον
1272 2941 1365 2992 καὶ
1400 2940 1727 3011 ὑπερούσιον
1765 2943 1901 3011 ἀγα-

2073 2942 2124 2995 1.
2145 2941 2323 2997 Unum
2337 2950 2420 2995 est
2442 2941 2644 2996 bonum
2666 2950 3042 3010 prazmternum
3078 2938 3135 2999 et
3160 2944 3580 3015 supersubstan-

324 3030 436 3093 θδν,
471 3032 506 3100 ἡ
549 3029 679 3097 ἁγία
716 3030 1146 3100 τριςυπόστατος
1176 3031 1360 3094 Μονὰς
1380 3073 1395 3096 ,
1427 3033 1619 3103 Πατὴρ
1650 3035 1743 3086 καὶ
1769 3034 1899 3098 Υἱὸς

2003 3030 2155 3094 tiale,
2214 3038 2402 3085 sancta
2429 3030 2571 3084 trine
2603 3030 2912 3086 subsistens
2949 3032 3161 3098 Unitas,
3198 3034 3379 3099 Pater,
3407 3035 3580 3091 Filius

322 3122 418 3175 καὶ
464 3121 618 3188 ἅγιον
680 3118 905 3189 Πνεῦμα
937 3137 951 3151 ι
1004 3120 1171 3190 τριῶν
1223 3119 1465 3191 ἀπείρων
1502 3122 1727 3194 ἄπειρος
1764 3140 1900 3194 συμ-

2001 3126 2059 3170 ει
2098 3116 2341 3185 Spiritus
2371 3128 2628 3184 sanctus;
2658 3119 2828 3173 trium
2858 3120 3198 3176 inﬁnitorum
3240 3122 3454 3178 inﬁnita
3479 3140 3578 3195 pa-

323 3212 475 3281 φυῖα·
510 3211 601 3263 τόν
626 3226 686 3261 τε
724 3208 818 3262 τοῦ
860 3206 1021 3277 εἶναι,
1077 3212 1169 3265 καὶ
1216 3211 1352 3276 πῶς,
1384 3213 1477 3267 καὶ
1509 3213 1583 3276 τί,
1622 3214 1715 3265 καὶ
1742 3217 1897 3267 ποῖον

1999 3206 2077 3261 ris
2138 3215 2351 3261 natura:
2388 3210 2709 3279 conjunctio
2749 3227 2762 3263 :
2806 3210 2965 3280 cujus
3020 3212 3181 3277 ratio,
3223 3228 3332 3282 qua
3356 3223 3474 3281 est,
3520 3223 3579 3271 et

322 3301 486 3367 εἶναι,
516 3305 674 3372 λόγον
708 3306 940 3377 πάμπαν
967 3309 1076 3368 τοῖς
1109 3302 1259 3360 οὖσιν
1294 3308 1495 3361 ἄϐατον
1526 3304 1744 3377 ἔχουσα.
1782 3309 1896 3360 Πᾶ-

1997 3298 2300 3367 quomodo,
2342 3300 2546 3369 quidve
2579 3317 2644 3356 ac
2668 3302 2848 3371 qualis
2895 3313 3000 3369 est,
3029 3305 3308 3360 inaccessa
3352 3322 3578 3377 prorsus

323 3414 423 3450 σαν
455 3398 565 3467 γὰρ
597 3398 881 3466 διαφεύγει
927 3398 1109 3468 νόησιν
1146 3397 1255 3451 τῶν
1286 3399 1569 3465 νοούντων,
1611 3400 1712 3469 τῆς
1754 3402 1896 3454 κατὰ

1998 3390 2166 3444 rebus
2191 3400 2297 3445 est.
2318 3391 2549 3446 Omnem
2562 3393 2710 3447 enim
2736 3396 3003 3450 mentium
3035 3395 3457 3469 intelligentiam
3486 3398 3576 3452 fu-

320 3490 482 3557 φὺσιν
503 3491 751 3560 οὐδαμῶς
783 3492 1013 3563 κρυφίας
1035 3491 1315 3563 ὲνδότητος
1336 3492 1574 3559 ἐξιοῦσα,
1602 3494 1696 3546 καὶ
1716 3494 1894 3564 πάσης

1996 3481 2093 3566 git,
2120 3498 2244 3537 cum
2270 3485 2505 3539 naturali
2534 3501 2635 3541 suo
2657 3502 2878 3554 arcano,
2916 3496 2973 3544 et
3007 3490 3089 3559 (ut
3111 3490 3191 3545 sic
3214 3490 3415 3561 dicam)
3442 3491 3577 3545 inti-

320 3582 509 3635 πασῶν
532 3582 784 3651 γνὼσεων
810 3584 1050 3653 ἀπείρως
1081 3583 1521 3653 ὑπερεκτείνεται
1552 3582 1823 3653 γνώσεως.

1996 3574 2186 3629 mitatc
2208 3591 2317 3629 non
2343 3584 2521 3642 exeat,
2563 3592 2893 3650 omnemque
2929 3582 3177 3636 omnium
3214 3581 3572 3638 scientiarum

1995 3667 2284 3720 scientiam
2312 3667 2526 3723 inﬁnite
2558 3671 2975 3738 superexeedat.

393 3758 456 3831 β’.
507 3760 582 3813 Τὸ
619 3759 740 3813 κατ’
794 3760 983 3814 οὐσίαν
1026 3762 1231 3829 κυρίως
1283 3758 1344 3811 ὃν
1392 3759 1629 3827 ἀγαθὸν,
1680 3760 1799 3813 ἐστὶ
1835 3760 1896 3814 τὸ

2062 3755 2117 3809 2.
2149 3754 2304 3820 Quod
2345 3772 2475 3811 vere
2514 3760 2820 3833 secundum
2870 3762 3171 3815 essentiam
3217 3763 3424 3818 bonum
3464 3775 3572 3831 est,

320 3854 457 3924 μήτε
484 3853 678 3923 ἀρχὴν,
713 3852 851 3923 μήτε
878 3852 1050 3913 τέλος,
1094 3852 1230 3921 μήτε
1267 3849 1442 3904 αἰτίαν
1468 3848 1563 3902 τοῦ
1596 3844 1754 3914 εἶναι,
1792 3852 1896 3922 μή·

1994 3846 2103 3901 hoc
2126 3857 2229 3912 est,
2266 3848 2414 3916 quod
2447 3865 2628 3919 neque
2652 3851 2987 3921 principium
3030 3869 3211 3924 neque
3248 3856 3435 3921 linem,
3469 3874 3569 3914 ne-

316 3962 377 3998 τε
406 3946 505 4015 τὴν
551 3943 765 3998 οἱανοῦν
805 3942 948 3996 κατὰ
992 3942 1052 3996 τὸ
1082 3936 1386 4010 εἶναιπρὸς
1429 3941 1609 3994 αἰτίαν
1656 3941 1778 3995 τινὰ
1804 3943 1894 3994 κί-

1994 3956 2102 4012 que
2136 3956 2358 3996 causam
2393 3950 2454 3995 ut
2487 3942 2581 4009 sit,
2631 3958 2735 3998 nec
2775 3960 2907 3999 vero
2957 3945 3165 4012 ullum,
3216 3948 3435 4007 essendi
3481 3965 3570 4004 ra-

314 4056 471 4110 νησιν
499 4038 621 4108 ἕχον
645 4036 743 4107 (a).
770 4037 844 4089 Τὸ
870 4036 926 4089 δὲ
959 4034 1033 4105 μὴ
1059 4033 1234 4096 οὕτως
1267 4033 1410 4102 ἕχον,
1442 4033 1563 4086 οὐδὲ
1585 4033 1790 4103 κυρίως
1809 4034 1891 4098 ὃν,

1996 4034 2167 4099 tione,
2222 4034 2291 4089 ad
2346 4049 2564 4089 causam
2609 4034 2768 4106 513
2830 4036 3067 4107 aliquam
3119 4047 3330 4094 motum
3378 4040 3566 4096 habet.

312 4130 390 4193 ὡς
419 4129 595 4200 ἀρχὴν
644 4128 738 4181 καὶ
794 4127 946 4190 τέλος
984 4127 1078 4179 καὶ
1133 4124 1315 4178 αἰτίαν
1342 4122 1436 4176 τοῦ
1482 4117 1645 4189 εἶναι,
1670 4123 1765 4177 καὶ
1791 4123 1890 4195 τὴν
1921 4173 1940 4228 Ι

1944 4174 1963 4228 Ξ
1994 4126 2150 4194 Quod
2185 4135 2367 4181 autem
2397 4141 2509 4181 non
2556 4126 2631 4183 ita
2660 4143 2719 4183 se
2742 4128 2927 4193 habet,
2954 4142 3135 4198 neque
3176 4145 3307 4184 vere
3348 4146 3411 4186 ac
3439 4146 3572 4201 pro-

312 4219 455 4274 κατὰ
483 4218 544 4273 τὸ
584 4214 725 4271 εἶναι
776 4217 913 4288 πρὸς
945 4216 1123 4269 αἰτίαν
1149 4215 1273 4268 τινὰ
1308 4213 1522 4283 κίνησιν
1546 4212 1687 4283 ἕχον.
1729 4213 1802 4267 Τὸ
1830 4213 1890 4267 δὲ
1921 4212 1940 4228 ⁵

1944 4212 1963 4228 ’
1990 4217 2111 4286 prie
2150 4224 2272 4283 est;
2324 4216 2531 4287 quippe
2567 4217 2714 4288 quod
2746 4218 3080 4289 principium
3106 4228 3165 4274 et
3189 4219 3376 4288 ﬁnem,
3420 4222 3572 4293 ejus-

312 4314 519 4390 κυρίως
556 4313 659 4366 οὐκ
702 4311 782 4375 ὃν,
834 4309 938 4363 κᾶν
973 4305 1115 4363 εἶναι
1163 4307 1424 4377 λέγηται,
1483 4307 1628 4360 κατὰ
1671 4305 1891 4377 μέθεξιν

1988 4323 2098 4378 que
2127 4307 2273 4378 quod
2300 4316 2386 4365 εει
2413 4323 2558 4375 εεεε,
2584 4323 2829 4376 causam,
2857 4318 2916 4365 et
2939 4310 3009 4365 ad
3030 4325 3283 4377 causam,
3325 4327 3394 4368 eo
3422 4312 3568 4383 quod

306 4407 566 4478 βουλήσει
592 4404 687 4460 τοῦ
721 4404 928 4475 κυρίως
957 4402 1130 4467 ὄντος,
1170 4400 1266 4455 καὶ
1296 4400 1413 4453 ἐστι
1447 4399 1543 4454 καὶ
1574 4399 1816 4467 λέγεται.

1988 4408 2093 4465 εει,
2126 4409 2335 4455 motum
2354 4401 2648 4472 quemdam
2671 4402 2857 4457 habet.
2893 4402 3051 4469 Quod
3085 4413 3269 4460 autem
3304 4420 3416 4461 non
3442 4420 3571 4461 vere

307 4516 373 4556 ac
408 4498 633 4570 proprie
677 4506 782 4563 est,
822 4511 1137 4567 quanquam
1170 4509 1291 4551 esse
1315 4493 1552 4549 dicatur.
1617 4508 1718 4563 per
1779 4492 2289 4565 participationem,
2344 4505 2402 4551 et
2466 4503 2553 4552 est
2589 4504 2648 4551 et
2665 4495 2872 4552 dicitur
2910 4512 3066 4564 esse,
3126 4499 3250 4569 ejus
3287 4499 3571 4555 voluntate

307 4592 457 4664 quod
484 4605 616 4646 vere
650 4604 713 4644 ac
741 4587 963 4659 proprie
986 4596 1094 4643 est.

377 4692 446 4755 γ’.
487 4686 546 4738 Εἰ
576 4684 746 4752 Λόγος
782 4681 1215 4755 προκαθηγεῖται
1251 4679 1360 4751 τῆς
1387 4679 1495 4733 τῶν
1526 4678 1698 4732 ὄντων
1720 4677 1881 4747 γενέ-

2066 4679 2119 4733 5.
2150 4678 2288 4734 Cum
2308 4678 2548 4735 Verbum
2594 4696 2779 4736 rerum
2822 4681 3091 4738 ereationi
3114 4689 3320 4753 praeeat
3341 4723 3356 4749 ,
3389 4698 3569 4754 neque

307 4796 466 4844 σεως,
510 4775 633 4831 οὗτε
677 4771 766 4847 ἦν,
815 4772 940 4829 οὔτε
989 4772 1159 4838 ἔστιν,
1194 4770 1318 4826 οὔτε
1372 4769 1527 4824 ἔσται
1573 4770 1670 4824 τοῦ
1703 4770 1881 4840 Λόγου

1980 4777 2122 4834 erat,
2144 4784 2328 4839 neque
2352 4778 2458 4836 est,
2483 4778 2649 4826 autve
2677 4771 2787 4826 erit
2815 4772 3048 4828 verbum
3078 4772 3261 4828 Verbo
3301 4774 3567 4828 anterius.

306 4868 463 4937 λόγος
492 4866 787 4938 ἁνώτερος.
827 4866 999 4932 Λόγος
1030 4864 1107 4929 δὲ,
1131 4864 1233 4917 οὐκ
1261 4863 1421 4927 ἄνους
1454 4863 1487 4934 ἢ
1537 4862 1683 4935 ζωῆς
1720 4863 1879 4933 ἀμοιο

1981 4860 2224 4917 Verbum
2246 4871 2430 4917 autem
2455 4870 2562 4927 est,
2609 4877 2724 4917 non
2772 4865 2999 4929 mentis,
3040 4873 3137 4919 aut
3168 4865 3294 4919 vita:
3334 4879 3564 4934 expers,

310 4976 435 5031 ρος’
468 4959 584 5013 ἀλλ’
615 4958 797 5022 ἔννους
833 4958 929 5010 καὶ
963 4954 1094 5022 ζῶν,
1124 4954 1199 5018 ὡς
1248 4953 1526 5024 γεννῶντα
1560 4953 1707 5008 Νοῦν
1737 4953 1878 5026 ἔχων

1976 4953 2076 5010 sed
2110 4953 2259 5024 quod
2297 4964 2482 5011 mente
2507 4955 2710 5026 polleat
2738 4970 2803 5012 ac
2822 4956 3003 5024 vivat;
3047 4958 3255 5029 quippe
3296 4973 3422 5012 cum
3468 4957 3567 5027 gi-

373 5116 449 5189 (a)
478 5119 634 5187 Πρὸς
657 5117 853 5170 αἰτίαν
876 5114 1007 5169 τινὰ
1056 5115 1302 5189 κίρνησιν
1321 5116 1487 5189 ἔχοις.
1518 5114 1741 5182 Spectat
1767 5115 1875 5171 hoc
1972 5134 2001 5172 a

1972 5133 2037 5172 ac
2054 5116 2335 5189 _Catholici
2373 5116 2593 5189 dicant;
2653 5115 2801 5189 quod
2842 5131 2962 5189 Anon
3015 5115 3087 5173 sit
3119 5125 3346 5187 propter
3371 5116 3557 5189 ﬁnem,

299 5184 584 5268 praecipue
607 5189 676 5243 ad
714 5203 933 5268 causam
958 5202 1077 5268 qua;
1112 5184 1234 5240 ﬁnis
1265 5184 1367 5268 est,
1398 5184 1467 5268 ad
1493 5201 1658 5268 quam
1684 5202 1875 5268 αλονε·
1972 5187 2069 5268 sed
2097 5188 2214 5268 ipse
2245 5202 2382 5267 _cum
2414 5185 2595 5268 Pa‘tre,
2624 5184 2921 5268 et‘Spir‘itu
2950 5184 3313 5268 sanctounus
3343 5187 3415 5241 sit
3443 5202 3565 5268 om-

302 5253 411 5324 iur,
441 5253 587 5329 q'uod
616 5274 685 5313 ex
712 5257 905 5329 illaut
934 5253 1225 5318 eﬂiciente,
1251 5261 1356 5309 est.
1396 5253 1678 5329 Nec'bene
1711 5256 1877 5312 Picus
1973 5253 2134 5329 nium
2165 5255 2310 5329 linis,
2347 5253 2496 5329 quod
2545 5270 2651 5329 u_na
2690 5253 2945 5329 bonitas,
2992 5257 3157 5329 utiuet
3183 5265 3388 5329 natura
3424 5272 3436 5308 :
3476 5255 3563 5310 id-

299 5324 592 5406 expre'ssit,
640 5327 721 5383 Ad
753 5326 945 5406 uuam.
972 5341 1185 5406 prorsa:
1208 5341 1427 5406 causam
1452 5327 1720 5406 refertur;
1752 5342 1876 5406 cum
1976 5328 2130 5406 circo
2158 5327 2341 5406 dictus
2364 5324 2528 5406 Greg.
2554 5324 2834 5394 Theologo
2861 5332 3025 5406 atque
3038 5326 3311 5406 “Maximo,
3339 5333 3566 5406 promer

301 5394 494 5453 referri
517 5394 587 5454 ad
615 5412 835 5452 causam
874 5394 1039 5451 etiam
1088 5394 1325 5464 dicatur,
1362 5394 1519 5464 quod
1542 5395 1610 5448 ad
1654 5410 1773 5450 eam
1818 5404 1881 5451 ut
1979 5413 2061 5461 se,
2107 5396 2377 5460 ἀναίτιοςο
2411 5394 2618 5450 nullam
2657 5411 2873 5447 causam
2904 5405 2995 5449 aut
3024 5395 3187 5464 ﬁnem
3214 5394 3428 5459 habens,
3467 5394 3560 5464 qui

296 5477 577 5523 auctorem
597 5466 793 5536 quovis
811 5466 973 5521 modo
991 5481 1147 5521 suam
1166 5463 1332 5518 refert
1354 5463 1641 5536 originem,
1660 5466 1875 5521 etiamsi
1904 5510 1947 5568 ϐ
2020 5476 2211 5536 ropter
2243 5482 2363 5529 nos,
2393 5467 2459 5519 δι’
2484 5464 2664 5537 αἰτίαν
2684 5480 2696 5493 ο
2728 5472 2941 5545 praptef
2961 5463 3303 5548 causantest,
3330 5481 3435 5536 qua
3462 5463 3565 5545 sei-

296 5538 367 5591 ad
400 5553 521 5591 eam
550 5553 659 5591 non
682 5545 1006 5591 moveatur:
1043 5543 1104 5591 ut
1136 5535 1189 5587 in
1215 5533 1439 5591 divinis.
1472 5535 1641 5589 Filius
1671 5535 1739 5590 ad
1770 5537 1874 5590 Pa-
1979 5483 2113 5591 ricet
2137 5537 2300 5590 homo
2322 5536 2501 5590 factus
2526 5542 2633 5588 est.
2663 5531 2992 5591 Castigatrus
3017 5551 3148 5591 eruo
3175 5552 3229 5590 in
3285 5534 3559 5591 theoloma

296 5510 971 5592 3523153.?
1215 5510 1641 5599 divinisfFilius,
1671 5535 1739 5590 ad
1770 5537 1874 5590 Pa-
1904 5510 1947 5568 θ
1980 5510 2116 5591 Ῐίεεῗ
2137 5537 2300 5590 homo
2322 5510 2633 5604 factus'est.
2663 5510 2992 5604 Ca'stigratius
3017 5551 3148 5604 ergo
3175 5537 3229 5590 in
3285 5510 3559 5604 tlibologia

299 5618 440 5662 trem
472 5616 535 5661 ut
563 5604 1008 5687 uitiatarefertur
1036 5604 1135 5675 (uti
1150 5603 1362 5685 .Grtecis
1382 5604 1535 5687 loqui
1556 5605 1725 5687 moris
1743 5604 1871 5687 est),
1980 5603 2612 5687 loquendum,_ne_quid
2660 5602 2787 5656 inde
2820 5602 3021 5687 nedum
3053 5602 3432 5687 obscuritatis,
3464 5602 3561 5685 sed

296 5694 408 5732 non
440 5686 623 5733 tamen
644 5675 724 5746 ad
750 5675 927 5743 ipsum
960 5673 1166 5746 moveri
1196 5673 1536 5746 seu‘motum
1563 5674 1789 5746 habere,
1814 5673 1876 5729 ut
1980 5673 2286 5732 ct'erroris
2334 5674 2713 5746 theologorum
2746 5673 3164 5746 castigatissimo
3208 5676 3469 5743 Maximo,
3502 5674 3562 5730 in

298 5748 435 5823 πρὸς
480 5748 660 5803 αἰτίαν
708 5742 986 5817 (tanquam
1013 5744 1209 5799 scilicet
1249 5743 1318 5797 ad
1343 5742 1527 5815 ﬁnem)
1556 5743 1652 5800 ulli
1680 5759 1873 5800 eorum
1982 5747 2096 5803 suis
2132 5746 2198 5803 de
2225 5744 2497 5817 theologia
2526 5742 2769 5798 accedat.
