4122 6320
332 303 465 372 11δί

1028 305 1365 369 CAPITUM
1401 303 1826 379 QUINQUIES
1860 303 2379 369 CENTENORUM
2414 308 2803 376 CENTURIA
2841 315 2892 378 Ι.

3446 313 3581 383 1182

322 416 547 487 τδςοῐδε
579 420 809 493 τρόπον·
853 419 997 475 οὕτω
1028 422 1125 477 καὶ
1162 420 1335 476 θέλων
1366 423 1643 493 ὑπέστησε
1685 421 1755 474 τά
1782 437 1914 491 μετ-

2022 430 2234 477 maneat
2255 423 2680 496 inexplicabilis.
2716 427 3195 496 Quemadmodum
3221 427 3396 502 igitur
3412 429 3586 499 Deus,

325 517 542 587 ἔχοντα,
580 512 700 567 καθ’
726 512 785 566 ὃν
812 512 978 577 αὐτὸς
1008 513 1298 567 ἐπίσταται
1337 513 1516 582 λόγον,
1542 512 1611 567 δι’
1633 512 1907 584 ὑπερϐάλ-

323 608 526 662 λουσαν
564 594 900 675 άγαθότητος
939 606 1189 676 δύναμιν.
1222 605 1433 659 Οὐκοῦν
1476 604 1540 659 τὸ
1569 604 1787 675 θελήσει
1812 603 1907 658 τοῦ

327 697 695 766 πεποιηκότος
739 697 1055 768 γενόμενον,
1103 697 1203 750 οὐκ
1237 697 1304 751 ἂν
1334 697 1423 768 εἴη
1447 696 1579 751 ποτὲ
1621 695 1910 767 θελήσαντι

326 788 459 842 αὐτὸ
491 787 767 857 γενέσθαι,
803 788 1094 843 ωναῖδιον.

398 972 473 1037 η’.
525 967 586 1019 '0
623 963 714 1018 τοῦ
749 961 886 1018 Θεοῦ
929 963 1103 1031 Λόγος
1136 960 1356 1033 ἐφάπαξ
1406 961 1551 1016 κατὰ
1580 962 1759 1034 σάρκα
1782 977 1911 1030 γεν-

269 1091 287 1104 ο
327 1058 537 1127 νηθεὶς,
567 1057 655 1110 ἀεὶ
683 1056 940 1125 γεννᾶται
971 1053 1142 1108 θέλων
1168 1053 1314 1108 κατὰ
1347 1055 1566 1125 πνεῦμα
1598 1053 1688 1108 διὰ
1722 1052 1914 1122 φιλαν-

329 1147 581 1221 θρωπίαν
623 1149 739 1210 τοῖς
790 1147 1039 1200 θέλουσι⁸
1077 1146 1174 1199 καὶ
1217 1145 1428 1214 γίνεται
1462 1143 1683 1215 βρέφος,
1717 1140 1913 1196 ἑαυτὸν

329 1241 388 1294 ιν
420 1236 653 1299 ἐκείνοις
702 1235 1050 1309 διαπλάττων
1089 1237 1210 1298 ταῖς
1240 1235 1493 1305 ἀρεταῖςο
1525 1236 1622 1288 καὶ
1655 1230 1913 1287 τοσοῦτον

331 1328 680 1397 φαινόμενος,
723 1325 848 1379 ὅσον
881 1326 1080 1395 χωρεῖν
1126 1323 1416 1377 ἐπίσταται
1457 1323 1550 1375 τὸν
1588 1322 1908 1393 δεχόμενον·

329 1419 392 1472 οὐ
420 1417 612 1488 φθόνῳ·
642 1398 960 1487 σμικρύνων
993 1412 1090 1468 τοῦ
1136 1412 1341 1468 οἰκείου
1394 1413 1659 1484 μεγέθους
1694 1413 1793 1486 τὴν
1818 1412 1913 1467 ἐκ·

332 1498 558 1579 φανσινξί
583 1507 721 1563 ἀλλὰ
758 1508 944 1579 μέτρῳ
972 1507 1104 1561 σταθ
1114 1507 1287 1579 μίζων
1315 1506 1424 1560 τῶν
1448 1508 1580 1579 όρᾷν
1605 1505 1917 1560 ποθούντων

332 1598 432 1673 τὴν
465 1598 717 1669 δύναμιν.
761 1597 950 1662 Οὕτως
994 1598 1084 1651 ἀεὶ
1132 1600 1226 1653 καὶ
1258 1598 1627 1670 φαινόμενοςό
1652 1596 1747 1651 τοῦ
1776 1595 1912 1651 Θεοῦ

333 1693 507 1761 Λόγος
529 1693 642 1755 τοῖς
672 1691 900 1761 τρόποις
929 1689 1036 1743 τῶν
1072 1690 1335 1760 μετόχων,
1366 1690 1453 1743 ἀεὶ
1482 1689 1728 1759 διαμένει
1770 1687 1914 1742 κατὰ

332 1788 434 1856 τὴν
468 1778 776 1856 ὑπερϐολὴν
805 1783 900 1838 τοῦ
940 1783 1265 1853 μυστηρίου,
1297 1784 1412 1846 τοῖς
1456 1782 1625 1835 πᾶσιν
1660 1779 1913 1843 ἀθέατος.

336 1877 502 1933 Ὅθεν
530 1876 709 1945 σοφῶς
741 1876 838 1930 τοῦ
873 1875 1181 1947 μυστηρίου
1215 1873 1315 1946 τὴν
1353 1873 1583 1944 δύναμιν
1610 1871 1916 1938 διασκοπή-

338 1988 437 2034 σας
466 1972 494 2022 ό
527 1969 671 2032 θεῖος
714 1966 1059 2032 Ἀπόστολος,
1114 1966 1316 2036 φησιν’
1361 1964 1598 2033 Ἰησοῦς
1637 1962 1912 2032 Χριστὸς,

335 2062 480 2130 χθὲς
510 2062 605 2114 ναὶ
635 2061 922 2131 σήμερον,
952 2064 985 2114 ό
1024 2059 1208 2125 αὐτὸς
1239 2058 1337 2113 καὶ
1370 2060 1456 2124 εἷς
1483 2055 1624 2123 τοὺς
1658 2055 1912 2121 αἰῶνας⁴

335 2152 493 2215 εἰδὼς
517 2153 605 2206 ἀεὶ
628 2153 812 2204 καινὸν
839 2151 898 2205 τὸ
926 2152 1249 2222 μυστήριον,
1277 2149 1370 2203 καὶ
1394 2147 1664 2221 μηδέποτε
1691 2146 1917 2218 περιλή-

335 2245 430 2313 ψει
458 2245 577 2306 νοὸς
598 2243 831 2297 παλαιοῦ
841 2258 1022 2311 μενον.

410 2338 477 2392 θ’.
525 2337 792 2389 Γεννᾶται
839 2334 1078 2407 Χριστος
1123 2336 1151 2387 ὀ
1186 2333 1341 2396 Θεὸς,
1374 2332 1680 2405 προσλήψει
1715 2329 1917 2401 σαρκὸς

336 2428 515 2499 ψυχὴν
547 2426 776 2498 ἑκούσης
816 2425 1006 2495 νοερὰν
1037 2421 1326 2493 γενόμενος
1343 2422 1628 2491 ἄνθρωπος
1645 2437 1658 2450 ·
1682 2421 1711 2473 ὁ
1737 2435 1917 2490 παρα·

341 2519 605 2591 σχόμενος
651 2521 766 2581 τοῖς
806 2512 960 2570 οὖσιν
1007 2517 1074 2569 ἐκ
1131 2513 1208 2585 μὴ
1241 2513 1411 2566 ὅντων
1443 2511 1823 2584 τὴνγένεσινο
1857 2509 1918 2563 όν

339 2610 616 2681 Παρθένος
647 2606 943 2680 ὑπερφυῶς
984 2605 1241 2668 τεκοῦσα,
1276 2604 1584 2675 παρέλυσεν
1617 2603 1772 2657 οὐδὲν
1818 2604 1918 2674 τῆς

340 2701 636 2773 παρθενίας
664 2702 990 2773 τεκμήριον.
1030 2699 1119 2764 Ὠς
1140 2699 1249 2770 γὰρ
1272 2699 1432 2761 αὐτὸς
1461 2695 1747 2767 ἄνθρωπος
1766 2695 1918 2764 γέγο-

339 2811 451 2859 νεν,
488 2795 589 2847 οὐκ
637 2792 941 2854 ἀλλοιώσας
987 2790 1088 2862 τὴν
1132 2789 1317 2860 φύσιν,
1375 2789 1485 2843 οὐδ’
1525 2788 1769 2859 ἀμείψας
1817 2785 1918 2859 τὴν

340 2886 570 2956 δύναμιν
590 2902 604 2915 ·
629 2883 774 2938 οὕτω
813 2885 915 2954 τὴν
957 2882 1222 2936 τεκοῦσαν
1249 2881 1345 2935 καὶ
1370 2882 1585 2953 μητέρα
1623 2882 1791 2945 ποιεῖ,
1822 2877 1919 2933 καὶ

343 2977 613 3051 παρθένον
643 2976 911 3047 διατηρεῖ,
948 2974 1187 3045 θαύματι
1210 2972 1397 3046 θαῦμα
1422 2974 1563 3028 κατά
1585 2973 1747 3026 ταυτὸ
1775 2972 1920 3044 διερ-

347 3066 598 3139 μηνεύων
622 3064 760 3137 ἅμα,
788 3067 881 3120 καὶ⁸
907 3064 1119 3136 θατέρῳ
1143 3063 1405 3136 κρύπτων
1433 3065 1494 3118 τὸ
1515 3065 1717 3136 ἕτερον.
1736 3064 1918 3117 Ἐπειο
1947 3105 1990 3164 c

342 3159 411 3231 δὴ
448 3159 515 3212 δι’
554 3159 746 3212 ἑαυτὸν
784 3159 812 3210 ό
843 3155 977 3219 Θεὸς
1027 3158 1115 3210 ἀεὶ
1161 3156 1283 3210 κατ’
1329 3155 1518 3210 οὐσίαν
1548 3156 1785 3228 ὑπάρχει
1817 3172 1922 3225 μυ-

346 3251 588 3323 στήριον,
621 3249 875 3305 τοσοῦτον
904 3248 1098 3302 ἑαυτὸν
1130 3248 1345 3317 ἐξάγων
1383 3249 1483 3319 τῆς
1518 3249 1753 3319 φυσικῆς
1786 3265 1922 3318 κρυ-

345 3341 624 3413 φιότητος,
677 3342 804 3395 ὅσον
845 3341 1051 3411 ταύτην
1109 3339 1273 3395 πλέον
1318 3339 1407 3394 διὰ
1459 3340 1559 3411 τῆς
1605 3340 1923 3409 ὲκφάνσεως

347 3434 736 3506 κρυφιωτέραν
785 3431 1124 3505 ἐργάζεσθαι
1144 3448 1158 3462 ·
1190 3431 1287 3485 καὶ
1320 3429 1574 3485 τοσοῦτον
1624 3430 1787 3485 πάλιν
1817 3446 1923 3501 μη..

346 3527 482 3599 τέρα
529 3527 628 3596 τὴν
666 3524 931 3579 τεκοῦσαν
970 3525 1236 3596 παρθένον
1272 3522 1617 3593 ποιούμενος,
1648 3523 1774 3576 ὅσον
1823 3522 1925 3593 τὴν

347 3618 545 3691 κύησιν
578 3616 773 3673 ἄλυτον
805 3619 903 3687 τῆς
944 3616 1240 3687 παρθενίας
1269 3614 1468 3685 δεσμὸν
1510 3611 1925 3686 ἀπεργάζεσθαι

351 3707 510 3782 [unus
538 3707 665 3780 Reg.
692 3704 1139 3778 ἀπεργάσασθαι]

424 3891 477 3940 ι’.
517 3884 587 3958 (e)
622 3881 1091 3954 Καινοτομοῦνται
1122 3879 1333 3952 φύσεις,
1366 3878 1611 3943 καιΘεδς
1641 3877 1926 3950 ἄνθρωπος

350 3979 596 4048 γίνεται·
625 3979 687 4032 οὐ
723 3977 883 4049 μόνον
915 3977 949 4048 ἡ
978 3974 1100 4028 θεία
1122 3974 1218 4028 καὶ
1251 3972 1489 4044 σταθερά
1519 3970 1615 4025 καὶ
1643 3968 1925 4040 ἀκίνητος,

352 4069 649 4143 κινουμένη
698 4067 834 4139 πρὸς
881 4067 981 4136 τὴν
1027 4064 1353 4135 κινουμένην
1409 4061 1501 4116 καὶ
1547 4060 1802 4125 ἄστατον,
1839 4059 1929 4115 ἵνα

354 4163 529 4233 στήσῃ
558 4160 653 4214 τοῦ
685 4156 950 4231 φέρεσθαι
975 4172 988 4185 °
1016 4155 1138 4209 οὐδὲ
1173 4155 1334 4234 μόνον
1366 4154 1401 4225 ἡ
1441 4151 1757 4226 ἀνθρωπίνη
1805 4151 1929 4230 δίχα

354 4254 564 4326 σπορᾶς
599 4252 739 4322 ὑπὲρ
779 4249 941 4320 φύσιν
980 4245 1303 4319 γεωργοῦσα
1344 4245 1526 4319 σάρκα
1558 4243 1636 4315 τῷ
1658 4246 1816 4314 Λόγῳ
1841 4261 1930 4297 τε-

350 4343 813 4416 λεσφορουμένην,
864 4341 951 4394 ἴνα
992 4341 1089 4411 στῇ
1139 4337 1234 4391 τοῦ
1290 4336 1586 4410 φέρεσθαι·
1636 4335 1772 4390 ἀλλὰ
1833 4335 1929 4390 καὶ

2009 510 2155 581 quod
2177 513 2329 581 velit,
2353 516 2737 587 participatur,
2762 535 2871 590 qua
2894 520 3013 591 ipse
3043 520 3256 576 ratione
3282 520 3437 574 novit
3470 539 3483 574 :
3505 519 3590 580 sic
3615 521 3620 527 ’

2009 611 2065 658 et
2085 618 2149 659 ea
2169 620 2292 677 quae
2314 607 2666 679 participant,
2699 612 2990 667 excellenti
3027 612 3292 668 bonitatis
3317 613 3588 682 potentia,

2008 709 2118 765 qua
2154 697 2309 752 novit
2354 699 2585 767 ratione,
2613 702 2895 760 voluntate
2938 704 3206 760 condidit.
3241 704 3412 776 Igitur
3442 703 3589 778 quod

2010 784 2249 840 creantis
2273 787 2553 844 voluntate
2594 789 2798 850 factum
2833 801 2939 859 est,
2971 809 3254 864 nunquam
3303 792 3378 861 ei,
3406 794 3500 865 qui
3527 801 3591 849 ut

2011 873 2169 932 ﬁeret
2196 878 2390 945 voluit,
2414 890 2746 937 coaeternum
2768 884 3064 939 exstiterit.
3442 905 3450 911 ·

2083 964 2136 1024 8.
2184 972 2282 1027 Dei
2330 973 2592 1041 Verbum,
2637 993 2804 1032 carne
2845 978 3015 1032 semel
3072 987 3260 1032 natum
3295 976 3440 1049 (quae
3469 977 3595 1049 ejus

2010 1075 2282 1132 propensa
2329 1063 2640 1135 benignitas
2668 1083 2734 1123 ac
2767 1068 3082 1124 humanitas
3107 1068 3212 1139 est)
3242 1068 3329 1123 his
3371 1069 3465 1139 qui
3500 1084 3598 1121 ve-

2010 1151 2135 1220 lint,
2164 1167 2385 1224 semper
2405 1155 2600 1211 volens
2632 1157 2831 1227 spiritu
2863 1159 3148 1225 nascitur;
3178 1152 3346 1228 ﬁtqu‘e
3390 1158 3592 1223 infans,

2012 1256 2071 1299 se
2098 1241 2153 1297 in
2181 1241 2291 1299 illis
2319 1244 2619 1300 virtutibus
2646 1244 2986 1312 iuformans;
3017 1261 3083 1300 ac
3115 1260 3226 1316 quo
3252 1245 3475 1300 modulo
3500 1260 3598 1300 ca-

2012 1348 2142 1403 pere
2171 1334 2326 1388 novit
2357 1334 2775 1405 suscipientem,
2806 1337 3047 1407 seipsum
3074 1337 3412 1402 manifestat,
3443 1337 3594 1391 nulla

2012 1424 2204 1480 livoris
2232 1425 2356 1482 labe
2390 1442 2457 1481 ac
2502 1428 2731 1492 invidia,
2764 1443 2879 1484 sua:
2914 1430 3311 1500 magnitudinis
3339 1430 3599 1501 amplitu-

2014 1514 2201 1572 dinem
2231 1517 2506 1584 minuens,
2546 1519 2642 1575 sed
2676 1520 2834 1591 quasi
2863 1536 3119 1575 mensura
3171 1536 3236 1575 ac
3288 1522 3453 1575 modo
3502 1536 3601 1575 cu-

2013 1609 2287 1679 pientium
2322 1610 2871 1669 videre-facultatem
2905 1613 3223 1683 explorans,
3268 1614 3600 1683 semperque

2016 1714 2129 1769 prae
2156 1702 2401 1771 mystcrii
2419 1701 2764 1769 excellentia,
2797 1703 3013 1759 cunctis
3035 1703 3446 1774 inaspectabilis
3474 1719 3601 1773 per-

2022 1792 2150 1848 inde
2207 1808 2592 1864 perseverans.
2622 1792 2990 1861 Quamobrem
3037 1795 3259 1849 divinus
3299 1795 3599 1865 Apostolus
3634 1802 3637 1805 '

2020 1886 2267 1958 mysterii
2292 1885 2403 1941 vim
2424 1886 2701 1958 sapienter
2727 1886 3089 1942 considerans
3115 1905 3128 1940 :
3153 1887 3306 1941 Iesus
3337 1885 3597 1951 Christus,

2022 1977 2221 2047 inquit,
2256 1978 2368 2032 heri
2388 1986 2437 2030 et
2465 1977 2651 2043 hodie;
2677 1979 2789 2049 ipse
2824 1987 2874 2031 et
2904 1980 2959 2032 in
2984 1978 3183 2032 sarcula
3211 1982 3222 2010 ¹
3261 1996 3275 2043 ;
3311 1978 3386 2032 ita
3434 1977 3602 2031 nimi-

2022 2082 2167 2132 rum,
2196 2068 2516 2139 mysterium
2568 2081 2789 2137 semper
2839 2084 3043 2123 novum
3100 2069 3438 2139 intelligens,
3468 2066 3598 2121 nul-

2019 2158 2182 2229 laque
2247 2174 2489 2230 unquam
2547 2159 2751 2215 mentis
2789 2160 3283 2230 comprehensione
3332 2174 3602 2215 consene-

2022 2262 2202 2305 scens.

2091 2338 2145 2395 9.
2184 2339 2440 2395 Nascitur
2488 2339 2743 2396 Christus
2782 2340 2949 2405 Deus,
2994 2341 3372 2411 assumptione
3417 2341 3602 2395 carnis

2022 2431 2203 2487 anima
2229 2431 2570 2502 intelligente
2605 2432 2876 2501 praeditas,
2931 2431 3112 2486 factus
3136 2432 3335 2495 homo;
3362 2431 3457 2501 qui
3484 2432 3601 2500 ipse

2025 2520 2193 2579 rebus
2245 2530 2636 2584 concesserat,
2695 2528 2758 2576 ut
2798 2536 2866 2576 ex
2925 2521 3103 2577 nihilo
3177 2520 3596 2591 procederent:

2022 2626 2185 2682 quem
2231 2611 2397 2682 Virgo
2452 2611 2638 2668 altiori
2686 2627 2852 2682 supra
2894 2619 3147 2667 naturam
3196 2611 3361 2666 modo
3397 2612 3598 2675 enixa,

2022 2703 2235 2758 nullum
2266 2702 2604 2774 virginitatis
2640 2703 2808 2759 solvit
2837 2702 3201 2774 signaculum.
3229 2702 3599 2769 Quemadmo-

2023 2789 2155 2846 dum
2174 2791 2323 2847 enim
2352 2790 2528 2847 lactus
2564 2800 2649 2848 est
2683 2792 2870 2856 homo,
2897 2792 3036 2847 nihil
3070 2793 3128 2847 in
3172 2793 3455 2848 diversum
3499 2792 3602 2847 im-

2023 2888 2229 2943 mutata
2287 2888 2502 2948 natura,
2528 2882 2615 2937 vel
2661 2890 2996 2937 commutata
3033 2884 3312 2952 potentia;
3339 2885 3420 2939 sic
3458 2899 3602 2954 quo-

2024 2988 2132 3043 que
2176 2988 2528 3043 puerperam,
2553 2982 2611 3029 et
2653 2982 2888 3028 matrem
2938 2973 3088 3039 facit,
3120 2982 3179 3030 et
3219 2985 3403 3031 servat
3431 2976 3604 3046 virgi-

2024 3079 2175 3128 nem,
2219 3064 2275 3119 in
2316 3064 2511 3121 eodem
2530 3064 2828 3135 simulque,
2855 3065 3184 3122 miraculum
3211 3066 3479 3122 miraculo
3507 3081 3604 3121 ex.

2025 3170 2268 3227 ponens,
2319 3155 2667 3225 alterumque
2712 3155 2889 3212 altero
2922 3156 3228 3212 occultans.
3270 3157 3419 3212 Deus
3449 3157 3600 3212 enim

2026 3247 2112 3304 sui
2142 3247 2259 3318 ipse
2295 3246 2508 3302 ratione
2553 3247 2962 3314 cssentialiter,
3015 3263 3234 3318 semper
3277 3249 3604 3321 mysterium

2027 3348 2142 3405 est;
2176 3346 2390 3395 tantum
2438 3337 2706 3394 naturalis
2747 3338 2922 3395 abditi
2951 3339 3041 3396 sui
3076 3339 3305 3395 latebris
3353 3340 3602 3410 seipsum

2026 3429 2429 3501 exproduccns,
2456 3436 2724 3499 quantum
2758 3429 2991 3487 sullieiat
3017 3439 3079 3487 ut
3117 3432 3252 3487 illud
3286 3431 3465 3503 ipsum
3492 3447 3604 3503 qua

2028 3523 2372 3592 explanatur,
2415 3521 2590 3593 magis
2617 3521 2864 3576 abditum
2889 3537 2956 3579 ac
2999 3523 3281 3580 occultum
3315 3522 3446 3591 ﬁat;
3485 3532 3607 3580 tan-

2030 3622 2257 3683 tumque
2284 3627 2482 3668 rursus
2530 3627 2861 3683 puerperam
2889 3622 3121 3668 matrem
3148 3614 3422 3686 virginem
3470 3631 3606 3686 pras-

2029 3715 2202 3769 stans,
2243 3712 2510 3772 quantum
2556 3717 2783 3759 necesse
2814 3703 2914 3769 sit,
2950 3714 3012 3761 ut
3059 3715 3270 3776 partus,
3304 3700 3606 3765 insolubile

2031 3792 2365 3864 virginitatis
2380 3792 2665 3849 vinculum
2694 3792 2942 3848 exsistat.

2103 3883 2194 3939 10.
2232 3883 2571 3938 lnnovantur
2596 3890 2848 3950 naturae;
2892 3884 3151 3954 Deosque
3174 3884 3342 3942 homo
3370 3885 3454 3941 lit.
3480 3887 3605 3942 Non

2032 3975 2210 4031 solum
2227 3973 2411 4029 divina
2434 3972 2760 4045 stabilisque
2794 3988 2861 4028 ac
2881 3974 3205 4041 immobilis,
3237 3975 3305 4032 ad
3331 3992 3452 4032 eam
3482 3992 3606 4033 mo-

2031 4075 2211 4133 vetur,
2246 4081 2369 4136 quae
2395 4063 2632 4120 obnoxia
2655 4064 2828 4120 motui
2858 4081 2922 4120 ac
2960 4064 3235 4122 instabilis
3262 4075 3366 4134 est,
3401 4077 3464 4124 ut
3481 4084 3603 4125 eam

2032 4174 2064 4213 a
2088 4166 2240 4212 metu
2267 4156 2459 4224 sistat;
2495 4171 2597 4211 nec
2620 4155 2799 4212 solum
2832 4156 3074 4212 humana
3102 4158 3240 4215 citra
3272 4174 3493 4215 omnem
3520 4177 3607 4215 se-

2034 4257 2274 4304 mentem
2304 4262 2471 4318 supra
2500 4255 2773 4312 naturam,
2793 4261 3014 4301 carnem
3054 4247 3244 4320 515‘
3276 4250 3453 4306 Verbo
3484 4266 3608 4320 per-

2034 4341 2232 4398 rectam
2269 4338 2596 4410 exproducit
2619 4379 2633 4403 ,
2676 4350 2738 4393 ut
2784 4336 2901 4408 ipsa
2943 4347 3100 4394 motu
3128 4338 3261 4394 ferri
3292 4354 3375 4401 ac
3410 4340 3607 4411 jactari

352 4436 526 4508 ἀστὴρ
556 4436 616 4502 ἐξ
636 4432 922 4488 ἀνατολῶν
952 4433 1012 4485 ὲν
1049 4430 1236 4502 ἡμέρᾳ
1273 4429 1617 4500 φαινόμενος,
1670 4428 1764 4482 καὶ
1803 4425 1925 4491 τοὺς

2036 4432 2252 4491 désinat
2279 4450 2293 4486 :
2325 4430 2421 4487 sed
2443 4440 2499 4486 et
2523 4431 2679 4486 stella
2702 4431 2771 4486 ab
2794 4428 3019 4486 Oriente
3047 4430 3288 4486 interdiu
3309 4432 3608 4503 conspicua

357 4529 565 4600 μάγους
600 4524 811 4597 ὁδηγῶν
859 4526 943 4586 είς
986 4522 1078 4575 τὸν
1127 4522 1294 4575 τόπον
1329 4521 1428 4593 τῆς
1458 4518 1551 4574 τοῦ
1587 4519 1761 4589 Λόγου
1797 4535 1925 4590 σαρ-

2031 4525 2232 4589 micat,
2285 4522 2575 4593 Magosque
2607 4520 2761 4577 ducit
2785 4536 2893 4590 quo
2918 4523 3041 4576 loco
3068 4522 3337 4588 Verbum,
3390 4539 3608 4579 assum-

354 4622 601 4688 κὼσεως,
635 4620 722 4675 ἴνα
765 4618 916 4690 δείξῃ
947 4613 1227 4689 μυστικῶς
1258 4612 1496 4667 νικῶντα
1527 4610 1624 4684 τὴν
1654 4611 1925 4681 αἴσθησιν,

2031 4625 2124 4689 pta
2149 4629 2314 4671 carne
2329 4614 2541 4686 jacet‘;
2576 4627 2686 4684 quo
2711 4612 2941 4684 mystice
2965 4628 3131 4671 sensu
3173 4615 3520 4685 superiorem
3551 4617 3615 4685 in

353 4714 447 4769 τὸν
469 4716 527 4770 ἐν
554 4714 703 4784 νόμῳ
734 4712 828 4766 καὶ
863 4713 1171 4783 προφήταις
1195 4707 1374 4775 λόγον,
1406 4704 1501 4759 καὶ
1542 4701 1843 4775 ὀδηγοῦντα
1867 4701 1925 4756 τὰ

2031 4707 2154 4780 lege
2200 4721 2265 4761 ac
2308 4703 2594 4775 prophetis
2621 4713 2932 4761 exstantem
2974 4704 3232 4760 ostendat
3262 4721 3619 4775 sermonem“

355 4804 485 4874 ἔθνη
518 4804 655 4876 πρὸς
698 4802 759 4856 τὸ
797 4801 1055 4874 μέγιστον
1091 4797 1206 4866 φῶς
1249 4797 1351 4865 τῆς
1382 4794 1761 4863 ἐπιγνώσεως.
1794 4791 1925 4863 Πρὸς

2033 4806 2335 4871 gentesque
2365 4794 2434 4851 ad
2478 4795 2778 4850 maximum
2812 4796 3109 4867 agnitionis
3149 4796 3335 4867 lumen
3368 4796 3627 4866 dirigens.

354 4895 466 4967 γάρ
500 4895 810 4962 ’ἐπίγνωσιν
859 4892 955 4947 τοῦ
1009 4889 1391 4961 σαρκωθέντος
1442 4886 1619 4955 Λόγου
1682 4883 1925 4952 σαφῶςέ

2037 4899 2170 4944 tem.
2197 4889 2364 4943 Plane
2396 4886 2542 4941 enim
2569 4886 2705 4956 legis
2733 4902 2918 4943 sermo
2948 4902 3012 4943 ac
3043 4888 3421 4956 propheticus,
3440 4887 3626 4944 stellae.

355 4988 578 5058 νομικός
613 5003 675 5039 τε
713 4985 810 5038 καὶ
858 4981 1198 5055 προφητικδς
1251 4978 1432 5048 λόγος,
1469 4975 1717 5046 καθάπερ
1759 4973 1925 5046 ἀστὴρ

2041 4982 2235 5046 instar,
2266 4980 2355 5051 pie
2400 4978 2737 5042 intellectus,
2769 4993 2866 5033 eos
2892 4977 2986 5048 qui
3015 4977 3206 5046 gratia:
3231 4977 3283 5032 vi
3306 4977 3620 5033 secundum

358 5078 600 5142 εὐσεϐῶς
633 5075 1089 5147 κατανοοῦμενος,
1122 5073 1310 5144 ὁδηγεί
1344 5072 1471 5134 τοὺς
1517 5068 1658 5123 κατὰ
1681 5065 1925 5138 πρόθεσιι

2041 5070 2385 5143 pr0positum
2427 5066 2607 5121 vocati
2657 5076 2819 5133 sunt,
2860 5065 2930 5141 ad
2975 5065 3217 5121 Verbum
3263 5065 3625 5135 incarnatum,

359 5172 426 5242 τῇ
456 5170 681 5241 δυνάμει
717 5167 1093 5239 κεκλημένους
1122 5168 1218 5238 τῆς
1253 5163 1498 5236 χάριτος.

2041 5158 2450 5232 agnoscendum
2478 5154 2769 5211 adducit'.

2117 5249 2205 5303 ll.
2235 5245 2393 5315 Quod
2422 5261 2524 5318 ego
2554 5245 2721 5301 homo
2767 5243 3021 5300 divinum
3064 5242 3384 5301 mandatum
3416 5256 3629 5317 sponte.

2043 5349 2419 5412 transgressus
2447 5352 2620 5403 eram,
2655 5351 2900 5408 meaeque
2922 5344 3137 5393 naturze
3180 5336 3517 5394 soliditatem
3556 5344 3624 5401 cl.

2044 5433 2219 5489 robur
2260 5446 2356 5488 seu
2416 5429 2806 5491 constantiam.
2848 5428 3104 5486 diabolus
3161 5427 3475 5496 divinitatis
3515 5441 3627 5502 sm

436 5269 525 5316 ια’.
579 5261 799 5334 Ἐπειδὴ
833 5260 1002 5315 θέλων
1051 5256 1184 5325 ἐγὼ,
1228 5256 1327 5327 τὴν
1365 5254 1516 5308 θείαν
1551 5252 1769 5323 ἐντολὴν
1794 5267 1943 5322 παρ-

363 5354 496 5426 έόην
529 5357 557 5409 ὸ
579 5356 886 5427 ἄνθρωπος,
932 5352 1028 5406 καὶ
1063 5349 1126 5404 τδ
1166 5348 1394 5420 στερρόν
1434 5363 1534 5417 μου
1567 5344 1666 5415 τῆς
1699 5342 1935 5414 φύσεως,

364 5447 618 5520 θεότητος
660 5446 837 5501 ἐλπίδι
876 5444 1136 5507 δελεάσας
1167 5441 1302 5514 πρὸς
1336 5437 1533 5511 ἡδονὴν
1579 5436 1880 5506 κατέσυρεν
1909 5435 1939 5489 ὁ

440 5580 460 5614 ⁸
505 5579 672 5635 llebr.
711 5594 822 5645 xm,
857 5579 910 5635 8.
985 5579 1009 5612 ί
1042 5574 1233 5631 Matth.
1260 5590 1319 5639 ιι,
1350 5575 1376 5628 1
1405 5587 1558 5643 seqq.
1633 5570 1657 5604 ⁸
1688 5569 1845 5624 Rom.
1874 5582 1990 5635 vni,
2019 5566 2110 5626 28.

443 5692 514 5765 (ε)
539 5694 623 5749 Cl'.
648 5692 815 5764 Creg.
842 5692 970 5749 Nat.
1006 5694 1059 5747 iu
1088 5694 1226 5748 diem
1256 5688 1447 5746 Christi
1480 5686 1737 5747 natalem.
