  <div class='ocr_page' id='page_1' title='image "/cluster/home/n/w/nwhite01/storage/ocr_20150623/90/mdp.39015022223161/598.png"; bbox 0 0 4060 6322; ppageno 0'>
   <div class='ocr_carea' id='block_1_1' title="bbox 165 310 300 381">
    <p class='ocr_par' dir='ltr' id='par_1_1' title="bbox 165 310 300 381">
     <span class='ocr_line' id='line_1_1' title="bbox 165 310 300 381; baseline 0.015 -2"><span class='ocrx_word' id='word_1_1' title='bbox 165 310 300 381; x_wconf 80' lang='grc'><strong>1185</strong></span> 
     </span>
    </p>
   </div>
   <div class='ocr_carea' id='block_1_2' title="bbox 862 318 2713 392">
    <p class='ocr_par' dir='ltr' id='par_1_2' title="bbox 862 318 2713 392">
     <span class='ocr_line' id='line_1_2' title="bbox 862 318 2713 392; baseline 0.002 -12"><span class='ocrx_word' id='word_1_2' title='bbox 862 320 1197 382; x_wconf 83' lang='lat' dir='ltr'><strong>CAPITUM</strong></span> <span class='ocrx_word' id='word_1_3' title='bbox 1231 318 1653 392; x_wconf 86' lang='lat' dir='ltr'><strong>QUINQUIES</strong></span> <span class='ocrx_word' id='word_1_4' title='bbox 1684 318 2203 381; x_wconf 82' lang='lat' dir='ltr'><strong>CENTENORUM</strong></span> <span class='ocrx_word' id='word_1_5' title='bbox 2236 319 2623 384; x_wconf 81' lang='lat' dir='ltr'><strong>CENTURIA</strong></span> <span class='ocrx_word' id='word_1_6' title='bbox 2661 322 2713 384; x_wconf 91' lang='grc' dir='ltr'><strong>Ι.</strong></span> 
     </span>
    </p>
   </div>
   <div class='ocr_carea' id='block_1_3' title="bbox 3285 327 3420 404">
    <p class='ocr_par' dir='ltr' id='par_1_3' title="bbox 3285 327 3420 404">
     <span class='ocr_line' id='line_1_3' title="bbox 3285 327 3420 404; baseline 0.015 -12"><span class='ocrx_word' id='word_1_7' title='bbox 3285 327 3420 404; x_wconf 82' lang='grc'><strong>1186</strong></span> 
     </span>
    </p>
   </div>
   <div class='ocr_carea' id='block_1_4' title="bbox 160 428 3420 510">
    <p class='ocr_par' dir='ltr' id='par_1_4' title="bbox 160 428 3420 510">
     <span class='ocr_line' id='line_1_4' title="bbox 160 428 3420 510; baseline 0.004 -26"><span class='ocrx_word' id='word_1_8' title='bbox 160 429 366 486; x_wconf 78' lang='lat' dir='ltr'><strong>factum</strong></span> <span class='ocrx_word' id='word_1_9' title='bbox 389 437 475 486; x_wconf 88' lang='lat' dir='ltr'><strong>est</strong></span> <span class='ocrx_word' id='word_1_10' title='bbox 500 429 523 484; x_wconf 68' lang='grc' dir='ltr'><strong>ί</strong></span> <span class='ocrx_word' id='word_1_11' title='bbox 547 428 671 484; x_wconf 64' lang='lat' dir='ltr'><strong>limo</strong></span> <span class='ocrx_word' id='word_1_12' title='bbox 705 429 820 486; x_wconf 88' lang='lat' dir='ltr'><strong>sola</strong></span> <span class='ocrx_word' id='word_1_13' title='bbox 856 430 993 487; x_wconf 79' lang='lat' dir='ltr'><strong>ﬁdes</strong></span> <span class='ocrx_word' id='word_1_14' title='bbox 1033 432 1179 501; x_wconf 86' lang='lat' dir='ltr'><strong>capit</strong></span> <span class='ocrx_word' id='word_1_15' title='bbox 1211 432 1621 504; x_wconf 57' lang='lat' dir='ltr'><strong>mystertaﬁpsa</strong></span> <span class='ocrx_word' id='word_1_16' title='bbox 1645 431 1906 486; x_wconf 85' lang='lat' dir='ltr'><strong>nimirum</strong></span> <span class='ocrx_word' id='word_1_17' title='bbox 1941 431 2246 490; x_wconf 80' lang='lat' dir='ltr'><strong>snbstnatia</strong></span> <span class='ocrx_word' id='word_1_18' title='bbox 2260 439 2318 488; x_wconf 82' lang='lat' dir='ltr'><strong>et</strong></span> <span class='ocrx_word' id='word_1_19' title='bbox 2351 431 2504 489; x_wconf 83' lang='lat' dir='ltr'><strong>basis</strong></span> <span class='ocrx_word' id='word_1_20' title='bbox 2547 449 2742 489; x_wconf 87' lang='lat' dir='ltr'><strong>earum</strong></span> <span class='ocrx_word' id='word_1_21' title='bbox 2793 450 3003 504; x_wconf 89' lang='lat' dir='ltr'><strong>rerum,</strong></span> <span class='ocrx_word' id='word_1_22' title='bbox 3037 454 3160 510; x_wconf 68' lang='lat' dir='ltr'><strong>quae</strong></span> <span class='ocrx_word' id='word_1_23' title='bbox 3196 443 3420 498; x_wconf 70' lang='lat' dir='ltr'><strong>amnem</strong></span> 
     </span>
    </p>
   </div>
   <div class='ocr_carea' id='block_1_5' title="bbox 163 521 1346 578">
    <p class='ocr_par' dir='ltr' id='par_1_5' title="bbox 163 521 1346 578">
     <span class='ocr_line' id='line_1_5' title="bbox 163 521 1346 578; baseline 0.002 -4"><span class='ocrx_word' id='word_1_24' title='bbox 163 521 362 576; x_wconf 89' lang='lat' dir='ltr'><strong>mentis</strong></span> <span class='ocrx_word' id='word_1_25' title='bbox 386 536 607 576; x_wconf 82' lang='lat' dir='ltr'><strong>sensum</strong></span> <span class='ocrx_word' id='word_1_26' title='bbox 632 528 690 575; x_wconf 90' lang='lat' dir='ltr'><strong>et</strong></span> <span class='ocrx_word' id='word_1_27' title='bbox 714 523 980 577; x_wconf 87' lang='lat' dir='ltr'><strong>rationem</strong></span> <span class='ocrx_word' id='word_1_28' title='bbox 1005 523 1278 578; x_wconf 81' lang='lat' dir='ltr'><strong>excedunt</strong></span> <span class='ocrx_word' id='word_1_29' title='bbox 1302 525 1346 576; x_wconf 83' lang='grc'><strong>⁵.</strong></span> 
     </span>
    </p>
   </div>
   <div class='ocr_carea' id='block_1_6' title="bbox 236 613 1747 687">
    <p class='ocr_par' dir='ltr' id='par_1_6' title="bbox 236 613 1736 686">
     <span class='ocr_line' id='line_1_6' title="bbox 236 613 1736 686; baseline 0.001 -19"><span class='ocrx_word' id='word_1_30' title='bbox 236 613 318 668; x_wconf 81' lang='grc' dir='ltr'>ιδ’.</span> <span class='ocrx_word' id='word_1_31' title='bbox 370 613 428 666; x_wconf 83' lang='lat'><strong>&#39;0</strong></span> <span class='ocrx_word' id='word_1_32' title='bbox 470 613 640 682; x_wconf 73' lang='grc' dir='ltr'>Ἀδάμ</span> <span class='ocrx_word' id='word_1_33' title='bbox 679 613 1062 683; x_wconf 84' lang='grc' dir='ltr'>παρακούσας,</span> <span class='ocrx_word' id='word_1_34' title='bbox 1111 615 1172 680; x_wconf 74' lang='grc' dir='ltr'><strong>ἐξ</strong></span> <span class='ocrx_word' id='word_1_35' title='bbox 1223 615 1417 685; x_wconf 76' lang='grc' dir='ltr'>ἡδονῆς</span> <span class='ocrx_word' id='word_1_36' title='bbox 1468 613 1736 686; x_wconf 75' lang='grc' dir='ltr'>ἄρχεσθαι</span> 
     </span>
    </p>
   </div>
   <div class='ocr_carea' id='block_1_7' title="bbox 1850 613 3421 687">
    <p class='ocr_par' dir='ltr' id='par_1_7' title="bbox 1911 613 3421 687">
     <span class='ocr_line' id='line_1_7' title="bbox 1911 613 3421 687; baseline 0.009 -18"><span class='ocrx_word' id='word_1_37' title='bbox 1911 613 1999 670; x_wconf 67' lang='lat' dir='ltr'><strong>ll.</strong></span> <span class='ocrx_word' id='word_1_38' title='bbox 2034 613 2277 671; x_wconf 75' lang='lat' dir='ltr'><strong>Adamus</strong></span> <span class='ocrx_word' id='word_1_39' title='bbox 2296 617 2556 687; x_wconf 66' lang='lat' dir='ltr'><strong>praecepti</strong></span> <span class='ocrx_word' id='word_1_40' title='bbox 2590 617 2778 673; x_wconf 89' lang='lat' dir='ltr'><strong>violati</strong></span> <span class='ocrx_word' id='word_1_41' title='bbox 2812 634 2959 685; x_wconf 87' lang='lat' dir='ltr'><strong>reus,</strong></span> <span class='ocrx_word' id='word_1_42' title='bbox 2997 629 3211 678; x_wconf 72' lang='lat' dir='ltr'><strong>naturae</strong></span> <span class='ocrx_word' id='word_1_43' title='bbox 3235 633 3421 683; x_wconf 84' lang='lat' dir='ltr'><strong>ortum</strong></span> 
     </span>
    </p>
   </div>
   <div class='ocr_carea' id='block_1_8' title="bbox 163 703 1738 776">
    <p class='ocr_par' dir='ltr' id='par_1_8' title="bbox 163 703 1738 776">
     <span class='ocr_line' id='line_1_8' title="bbox 163 703 1738 776; baseline 0.002 -19"><span class='ocrx_word' id='word_1_44' title='bbox 163 703 262 775; x_wconf 83' lang='grc' dir='ltr'><strong>τὴν</strong></span> <span class='ocrx_word' id='word_1_45' title='bbox 299 703 399 771; x_wconf 83' lang='grc' dir='ltr'>τῆς</span> <span class='ocrx_word' id='word_1_46' title='bbox 437 703 652 774; x_wconf 84' lang='grc' dir='ltr'>φύσεως</span> <span class='ocrx_word' id='word_1_47' title='bbox 687 703 891 770; x_wconf 78' lang='grc' dir='ltr'><strong>ἐδίδαξε</strong></span> <span class='ocrx_word' id='word_1_48' title='bbox 927 705 1140 773; x_wconf 83' lang='grc' dir='ltr'>γένεσιν</span> <span class='ocrx_word' id='word_1_49' title='bbox 1162 723 1175 736; x_wconf 86' lang='grc'><strong>·</strong></span> <span class='ocrx_word' id='word_1_50' title='bbox 1220 707 1249 758; x_wconf 99' lang='lat'><strong>6</strong></span> <span class='ocrx_word' id='word_1_51' title='bbox 1297 706 1502 776; x_wconf 81' lang='grc' dir='ltr'>Κύριος</span> <span class='ocrx_word' id='word_1_52' title='bbox 1535 706 1738 776; x_wconf 87' lang='grc' dir='ltr'>ταύτην</span> 
     </span>
    </p>
   </div>
   <div class='ocr_carea' id='block_1_9' title="bbox 165 792 1738 868">
    <p class='ocr_par' dir='ltr' id='par_1_9' title="bbox 165 792 1738 868">
     <span class='ocr_line' id='line_1_9' title="bbox 165 792 1738 868; baseline 0.001 -20"><span class='ocrx_word' id='word_1_53' title='bbox 165 792 442 860; x_wconf 73' lang='grc' dir='ltr'>ὲξοικίζων</span> <span class='ocrx_word' id='word_1_54' title='bbox 473 794 573 864; x_wconf 79' lang='grc' dir='ltr'>τῆς</span> <span class='ocrx_word' id='word_1_55' title='bbox 603 796 842 863; x_wconf 86' lang='grc' dir='ltr'>φύσεως,</span> <span class='ocrx_word' id='word_1_56' title='bbox 873 795 971 866; x_wconf 80' lang='grc' dir='ltr'>τὴν</span> <span class='ocrx_word' id='word_1_57' title='bbox 992 798 1058 850; x_wconf 84' lang='grc' dir='ltr'>ὲκ</span> <span class='ocrx_word' id='word_1_58' title='bbox 1093 799 1299 868; x_wconf 78' lang='grc' dir='ltr'>σπορᾶς</span> <span class='ocrx_word' id='word_1_59' title='bbox 1323 799 1384 850; x_wconf 85' lang='grc' dir='ltr'><strong>ού</strong></span> <span class='ocrx_word' id='word_1_60' title='bbox 1419 797 1738 868; x_wconf 82' lang='grc' dir='ltr'><strong>προσήκατο</strong></span> 
     </span>
    </p>
   </div>
   <div class='ocr_carea' id='block_1_10' title="bbox 167 885 1737 960">
    <p class='ocr_par' dir='ltr' id='par_1_10' title="bbox 167 885 1737 960">
     <span class='ocr_line' id='line_1_10' title="bbox 167 885 1737 960; baseline 0.001 -22"><span class='ocrx_word' id='word_1_61' title='bbox 167 885 444 955; x_wconf 79' lang='grc' dir='ltr'>σύλληψιν.</span> <span class='ocrx_word' id='word_1_62' title='bbox 480 887 546 939; x_wconf 86' lang='grc' dir='ltr'><strong>Ἦ</strong></span> <span class='ocrx_word' id='word_1_63' title='bbox 575 885 714 958; x_wconf 82' lang='grc' dir='ltr'><strong>γυνὴ</strong></span> <span class='ocrx_word' id='word_1_64' title='bbox 736 888 1035 957; x_wconf 78' lang='grc' dir='ltr'>παρασᾶσα</span> <span class='ocrx_word' id='word_1_65' title='bbox 1058 889 1158 960; x_wconf 78' lang='grc' dir='ltr'><strong>τὴν</strong></span> <span class='ocrx_word' id='word_1_66' title='bbox 1177 890 1418 959; x_wconf 75' lang='grc' dir='ltr'>ἐντολὴν,</span> <span class='ocrx_word' id='word_1_67' title='bbox 1453 889 1510 953; x_wconf 77' lang='grc' dir='ltr'>ἐξ</span> <span class='ocrx_word' id='word_1_68' title='bbox 1544 889 1737 959; x_wconf 81' lang='grc' dir='ltr'><strong>ὀδύνης</strong></span> 
     </span>
    </p>
   </div>
   <div class='ocr_carea' id='block_1_11' title="bbox 163 977 1739 1050">
    <p class='ocr_par' dir='ltr' id='par_1_11' title="bbox 163 977 1739 1050">
     <span class='ocr_line' id='line_1_11' title="bbox 163 977 1739 1050; baseline 0.001 -20"><span class='ocrx_word' id='word_1_69' title='bbox 163 977 426 1046; x_wconf 82' lang='grc' dir='ltr'>ἄρχεσθαι</span> <span class='ocrx_word' id='word_1_70' title='bbox 455 977 555 1048; x_wconf 82' lang='grc' dir='ltr'><strong>τὴν</strong></span> <span class='ocrx_word' id='word_1_71' title='bbox 584 979 683 1048; x_wconf 82' lang='grc' dir='ltr'>τῆς</span> <span class='ocrx_word' id='word_1_72' title='bbox 710 979 926 1046; x_wconf 86' lang='grc' dir='ltr'>φύσεως</span> <span class='ocrx_word' id='word_1_73' title='bbox 961 977 1236 1044; x_wconf 76' lang='grc' dir='ltr'><strong>κατέδειξε</strong></span> <span class='ocrx_word' id='word_1_74' title='bbox 1263 977 1540 1050; x_wconf 80' lang='grc' dir='ltr'>γέννησιν’</span> <span class='ocrx_word' id='word_1_75' title='bbox 1567 979 1596 1030; x_wconf 89' lang='lat'><strong>6</strong></span> <span class='ocrx_word' id='word_1_76' title='bbox 1627 977 1739 1031; x_wconf 77' lang='grc' dir='ltr'><strong>Κύο</strong></span> 
     </span>
    </p>
   </div>
   <div class='ocr_carea' id='block_1_12' title="bbox 164 1067 1736 1141">
    <p class='ocr_par' dir='ltr' id='par_1_12' title="bbox 164 1067 1736 1141">
     <span class='ocr_line' id='line_1_12' title="bbox 164 1067 1736 1141; baseline 0.003 -22"><span class='ocrx_word' id='word_1_77' title='bbox 164 1086 279 1138; x_wconf 88' lang='grc' dir='ltr'>ριος</span> <span class='ocrx_word' id='word_1_78' title='bbox 316 1067 520 1140; x_wconf 84' lang='grc' dir='ltr'>ταύτην</span> <span class='ocrx_word' id='word_1_79' title='bbox 569 1070 953 1122; x_wconf 87' lang='grc' dir='ltr'>άποτινάσσων</span> <span class='ocrx_word' id='word_1_80' title='bbox 994 1071 1096 1141; x_wconf 84' lang='grc' dir='ltr'>τῆς</span> <span class='ocrx_word' id='word_1_81' title='bbox 1143 1070 1380 1138; x_wconf 85' lang='grc' dir='ltr'>φύσεως,</span> <span class='ocrx_word' id='word_1_82' title='bbox 1428 1069 1736 1140; x_wconf 79' lang='grc' dir='ltr'>γεννηθεὶς,</span> 
     </span>
    </p>
   </div>
   <div class='ocr_carea' id='block_1_13' title="bbox 164 1159 1738 1234">
    <p class='ocr_par' dir='ltr' id='par_1_13' title="bbox 164 1159 1738 1234">
     <span class='ocr_line' id='line_1_13' title="bbox 164 1159 1738 1234; baseline 0.003 -23"><span class='ocrx_word' id='word_1_83' title='bbox 164 1159 370 1230; x_wconf 77' lang='grc' dir='ltr'>φθορὰν</span> <span class='ocrx_word' id='word_1_84' title='bbox 406 1160 697 1230; x_wconf 80' lang='grc' dir='ltr'>ὑπομεῖναι</span> <span class='ocrx_word' id='word_1_85' title='bbox 721 1161 819 1233; x_wconf 78' lang='grc' dir='ltr'>τὴν</span> <span class='ocrx_word' id='word_1_86' title='bbox 837 1160 1102 1216; x_wconf 79' lang='grc' dir='ltr'><strong>τεκοῦσαν</strong></span> <span class='ocrx_word' id='word_1_87' title='bbox 1124 1164 1182 1215; x_wconf 88' lang='grc' dir='ltr'>οὺ</span> <span class='ocrx_word' id='word_1_88' title='bbox 1226 1162 1607 1234; x_wconf 82' lang='grc' dir='ltr'><strong>συνεχώρησεν</strong></span> <span class='ocrx_word' id='word_1_89' title='bbox 1632 1180 1645 1194; x_wconf 73' lang='grc' dir='ltr'><strong><em>ο</em></strong></span> <span class='ocrx_word' id='word_1_90' title='bbox 1671 1163 1738 1215; x_wconf 77' lang='grc' dir='ltr'><strong>ἵν’</strong></span> 
     </span>
    </p>
   </div>
   <div class='ocr_carea' id='block_1_14' title="bbox 163 1251 1740 1324">
    <p class='ocr_par' dir='ltr' id='par_1_14' title="bbox 163 1251 1740 1324">
     <span class='ocr_line' id='line_1_14' title="bbox 163 1251 1740 1324; baseline 0.003 -20"><span class='ocrx_word' id='word_1_91' title='bbox 163 1251 295 1321; x_wconf 82' lang='grc' dir='ltr'>ὁμοῦ</span> <span class='ocrx_word' id='word_1_92' title='bbox 340 1253 440 1322; x_wconf 85' lang='grc' dir='ltr'>τήν</span> <span class='ocrx_word' id='word_1_93' title='bbox 473 1269 533 1305; x_wconf 87' lang='grc' dir='ltr'><strong>τε</strong></span> <span class='ocrx_word' id='word_1_94' title='bbox 587 1252 834 1306; x_wconf 82' lang='grc' dir='ltr'>ἑκούσιον</span> <span class='ocrx_word' id='word_1_95' title='bbox 883 1252 1094 1324; x_wconf 76' lang='grc' dir='ltr'>ἡδονὴν,</span> <span class='ocrx_word' id='word_1_96' title='bbox 1145 1254 1240 1307; x_wconf 80' lang='grc' dir='ltr'><strong>καὶ</strong></span> <span class='ocrx_word' id='word_1_97' title='bbox 1301 1256 1402 1324; x_wconf 82' lang='grc' dir='ltr'><strong>τὴν</strong></span> <span class='ocrx_word' id='word_1_98' title='bbox 1445 1255 1514 1308; x_wconf 86' lang='grc' dir='ltr'><strong>δι’</strong></span> <span class='ocrx_word' id='word_1_99' title='bbox 1566 1255 1740 1324; x_wconf 80' lang='grc' dir='ltr'>αὐτὴν</span> 
     </span>
    </p>
   </div>
   <div class='ocr_carea' id='block_1_15' title="bbox 162 1339 1741 1417">
    <p class='ocr_par' dir='ltr' id='par_1_15' title="bbox 162 1339 1741 1417">
     <span class='ocr_line' id='line_1_15' title="bbox 162 1339 1741 1417; baseline 0.003 -21"><span class='ocrx_word' id='word_1_100' title='bbox 162 1341 420 1396; x_wconf 81' lang='grc' dir='ltr'>ἀκούσιον</span> <span class='ocrx_word' id='word_1_101' title='bbox 452 1341 667 1413; x_wconf 83' lang='grc' dir='ltr'><strong>ὀδύνην,</strong></span> <span class='ocrx_word' id='word_1_102' title='bbox 710 1343 867 1414; x_wconf 77' lang='grc' dir='ltr'>ἐξέλῃ</span> <span class='ocrx_word' id='word_1_103' title='bbox 911 1344 1009 1413; x_wconf 85' lang='grc' dir='ltr'><strong>τῆς</strong></span> <span class='ocrx_word' id='word_1_104' title='bbox 1053 1344 1288 1413; x_wconf 83' lang='grc' dir='ltr'>φύσεως,</span> <span class='ocrx_word' id='word_1_105' title='bbox 1316 1339 1390 1397; x_wconf 78' lang='grc' dir='ltr'><strong>ὧν</strong></span> <span class='ocrx_word' id='word_1_106' title='bbox 1418 1345 1518 1398; x_wconf 80' lang='grc' dir='ltr'><strong>οὐκ</strong></span> <span class='ocrx_word' id='word_1_107' title='bbox 1548 1339 1618 1417; x_wconf 78' lang='grc' dir='ltr'><strong>ἦν</strong></span> <span class='ocrx_word' id='word_1_108' title='bbox 1646 1345 1741 1415; x_wconf 83' lang='grc' dir='ltr'><strong>δη-</strong></span> 
     </span>
    </p>
   </div>
   <div class='ocr_carea' id='block_1_16' title="bbox 165 1433 1743 1506">
    <p class='ocr_par' dir='ltr' id='par_1_16' title="bbox 165 1433 1743 1506">
     <span class='ocr_line' id='line_1_16' title="bbox 165 1433 1743 1506; baseline 0.001 -20"><span class='ocrx_word' id='word_1_109' title='bbox 165 1433 449 1505; x_wconf 76' lang='grc' dir='ltr'>μιουργὸς,</span> <span class='ocrx_word' id='word_1_110' title='bbox 493 1434 787 1506; x_wconf 80' lang='grc' dir='ltr'>ἀναιρὲτης</span> <span class='ocrx_word' id='word_1_111' title='bbox 829 1435 1154 1504; x_wconf 79' lang='grc' dir='ltr'>γενόμενος’</span> <span class='ocrx_word' id='word_1_112' title='bbox 1204 1436 1298 1490; x_wconf 83' lang='grc' dir='ltr'>καὶ</span> <span class='ocrx_word' id='word_1_113' title='bbox 1327 1436 1512 1506; x_wconf 78' lang='grc' dir='ltr'><strong>διδάξῃ</strong></span> <span class='ocrx_word' id='word_1_114' title='bbox 1551 1453 1743 1505; x_wconf 87' lang='grc' dir='ltr'>μυστι-</span> 
     </span>
    </p>
   </div>
   <div class='ocr_carea' id='block_1_17' title="bbox 163 1522 1741 1596">
    <p class='ocr_par' dir='ltr' id='par_1_17' title="bbox 163 1522 1741 1596">
     <span class='ocr_line' id='line_1_17' title="bbox 163 1522 1741 1596; baseline -0.001 -19"><span class='ocrx_word' id='word_1_115' title='bbox 163 1525 276 1588; x_wconf 87' lang='grc' dir='ltr'><strong>κῶς</strong></span> <span class='ocrx_word' id='word_1_116' title='bbox 313 1524 454 1577; x_wconf 79' lang='grc' dir='ltr'>κατὰ</span> <span class='ocrx_word' id='word_1_117' title='bbox 480 1522 730 1594; x_wconf 82' lang='grc' dir='ltr'><strong>γνώμην,</strong></span> <span class='ocrx_word' id='word_1_118' title='bbox 758 1524 922 1590; x_wconf 78' lang='grc' dir='ltr'>ἄλλης</span> <span class='ocrx_word' id='word_1_119' title='bbox 955 1526 1303 1596; x_wconf 79' lang='grc' dir='ltr'>ἀπάρχεσθαι</span> <span class='ocrx_word' id='word_1_120' title='bbox 1327 1524 1496 1594; x_wconf 71' lang='grc' dir='ltr'>ζωῆς,</span> <span class='ocrx_word' id='word_1_121' title='bbox 1532 1524 1593 1589; x_wconf 76' lang='grc' dir='ltr'>ἐξ</span> <span class='ocrx_word' id='word_1_122' title='bbox 1620 1524 1741 1578; x_wconf 86' lang='grc' dir='ltr'>ὀδύ-</span> 
     </span>
    </p>
   </div>
   <div class='ocr_carea' id='block_1_18' title="bbox 163 1615 1742 1688">
    <p class='ocr_par' dir='ltr' id='par_1_18' title="bbox 163 1615 1742 1688">
     <span class='ocr_line' id='line_1_18' title="bbox 163 1615 1742 1688; baseline 0.001 -19"><span class='ocrx_word' id='word_1_123' title='bbox 163 1635 260 1686; x_wconf 88' lang='grc' dir='ltr'><strong>νης</strong></span> <span class='ocrx_word' id='word_1_124' title='bbox 304 1618 404 1687; x_wconf 85' lang='grc' dir='ltr'><strong>μὲν</strong></span> <span class='ocrx_word' id='word_1_125' title='bbox 447 1615 607 1685; x_wconf 80' lang='grc' dir='ltr'>τυχὸν</span> <span class='ocrx_word' id='word_1_126' title='bbox 649 1617 960 1688; x_wconf 80' lang='grc' dir='ltr'><strong>ἀρχομένης</strong></span> <span class='ocrx_word' id='word_1_127' title='bbox 996 1619 1090 1671; x_wconf 72' lang='grc' dir='ltr'><strong>καὶ</strong></span> <span class='ocrx_word' id='word_1_128' title='bbox 1138 1619 1337 1681; x_wconf 82' lang='grc' dir='ltr'>πόνων,</span> <span class='ocrx_word' id='word_1_129' title='bbox 1369 1617 1646 1688; x_wconf 81' lang='grc' dir='ltr'><strong>ληγούσης</strong></span> <span class='ocrx_word' id='word_1_130' title='bbox 1685 1617 1742 1670; x_wconf 87' lang='grc' dir='ltr'>δὲ</span> 
     </span>
    </p>
   </div>
   <div class='ocr_carea' id='block_1_19' title="bbox 166 1704 1739 1777">
    <p class='ocr_par' dir='ltr' id='par_1_19' title="bbox 166 1704 1739 1777">
     <span class='ocr_line' id='line_1_19' title="bbox 166 1704 1739 1777; baseline 0.001 -20"><span class='ocrx_word' id='word_1_131' title='bbox 166 1706 383 1768; x_wconf 89' lang='grc' dir='ltr'>πάντως</span> <span class='ocrx_word' id='word_1_132' title='bbox 415 1706 494 1767; x_wconf 75' lang='grc' dir='ltr'><strong>εἰς</strong></span> <span class='ocrx_word' id='word_1_133' title='bbox 524 1704 714 1775; x_wconf 77' lang='grc' dir='ltr'>ἡδονὴν</span> <span class='ocrx_word' id='word_1_134' title='bbox 739 1704 890 1758; x_wconf 90' lang='grc' dir='ltr'>θείαν</span> <span class='ocrx_word' id='word_1_135' title='bbox 917 1705 1011 1759; x_wconf 79' lang='grc' dir='ltr'><strong>καὶ</strong></span> <span class='ocrx_word' id='word_1_136' title='bbox 1038 1707 1378 1777; x_wconf 82' lang='grc' dir='ltr'>εὐφροσύνην</span> <span class='ocrx_word' id='word_1_137' title='bbox 1412 1707 1739 1776; x_wconf 82' lang='grc' dir='ltr'>ἀπέραντον.</span> 
     </span>
    </p>
   </div>
   <div class='ocr_carea' id='block_1_20' title="bbox 165 1795 1743 1868">
    <p class='ocr_par' dir='ltr' id='par_1_20' title="bbox 165 1795 1743 1868">
     <span class='ocr_line' id='line_1_20' title="bbox 165 1795 1743 1868; baseline 0.001 -20"><span class='ocrx_word' id='word_1_138' title='bbox 165 1797 265 1850; x_wconf 83' lang='grc' dir='ltr'><strong>Διὰ</strong></span> <span class='ocrx_word' id='word_1_139' title='bbox 336 1795 494 1849; x_wconf 89' lang='grc' dir='ltr'>τοῦτο</span> <span class='ocrx_word' id='word_1_140' title='bbox 552 1797 760 1863; x_wconf 86' lang='grc' dir='ltr'>γίνεται</span> <span class='ocrx_word' id='word_1_141' title='bbox 828 1797 1138 1868; x_wconf 80' lang='grc' dir='ltr'>ἄνθρωπος,</span> <span class='ocrx_word' id='word_1_142' title='bbox 1189 1799 1280 1851; x_wconf 80' lang='grc' dir='ltr'><strong>καὶ</strong></span> <span class='ocrx_word' id='word_1_143' title='bbox 1351 1800 1608 1866; x_wconf 83' lang='grc' dir='ltr'>γεννᾶται</span> <span class='ocrx_word' id='word_1_144' title='bbox 1670 1797 1743 1861; x_wconf 86' lang='grc' dir='ltr'>ὡς</span> 
     </span>
    </p>
   </div>
   <div class='ocr_carea' id='block_1_21' title="bbox 166 1888 1743 1962">
    <p class='ocr_par' dir='ltr' id='par_1_21' title="bbox 166 1888 1743 1962">
     <span class='ocr_line' id='line_1_21' title="bbox 166 1888 1743 1962; baseline 0.001 -20"><span class='ocrx_word' id='word_1_145' title='bbox 166 1888 468 1960; x_wconf 72' lang='grc' dir='ltr'>ἄνθρωπος,</span> <span class='ocrx_word' id='word_1_146' title='bbox 509 1889 538 1942; x_wconf 91' lang='lat'><strong>6</strong></span> <span class='ocrx_word' id='word_1_147' title='bbox 581 1890 812 1959; x_wconf 82' lang='grc' dir='ltr'>ποιήσας</span> <span class='ocrx_word' id='word_1_148' title='bbox 846 1889 936 1942; x_wconf 82' lang='grc' dir='ltr'>τὸν</span> <span class='ocrx_word' id='word_1_149' title='bbox 993 1889 1300 1961; x_wconf 80' lang='grc' dir='ltr'>ἄνθρωπον,</span> <span class='ocrx_word' id='word_1_150' title='bbox 1351 1891 1438 1943; x_wconf 74' lang='grc' dir='ltr'>ἵνα</span> <span class='ocrx_word' id='word_1_151' title='bbox 1473 1889 1623 1962; x_wconf 78' lang='grc' dir='ltr'>σώσῃ</span> <span class='ocrx_word' id='word_1_152' title='bbox 1653 1890 1743 1944; x_wconf 75' lang='grc' dir='ltr'><strong>τὸν</strong></span> 
     </span>
    </p>
   </div>
   <div class='ocr_carea' id='block_1_22' title="bbox 166 1981 1748 2053">
    <p class='ocr_par' dir='ltr' id='par_1_22' title="bbox 166 1981 1748 2053">
     <span class='ocr_line' id='line_1_22' title="bbox 166 1981 1748 2053; baseline 0 -19"><span class='ocrx_word' id='word_1_153' title='bbox 166 1982 473 2052; x_wconf 83' lang='grc' dir='ltr'>ἄνθρωπον,</span> <span class='ocrx_word' id='word_1_154' title='bbox 507 1981 599 2034; x_wconf 80' lang='grc' dir='ltr'><strong>καὶ</strong></span> <span class='ocrx_word' id='word_1_155' title='bbox 636 1982 780 2052; x_wconf 86' lang='grc' dir='ltr'>πάθη</span> <span class='ocrx_word' id='word_1_156' title='bbox 811 1982 1042 2034; x_wconf 79' lang='grc' dir='ltr'>πάθεσιν</span> <span class='ocrx_word' id='word_1_157' title='bbox 1091 1983 1405 2053; x_wconf 74' lang='grc' dir='ltr'>ἰασάμενος,</span> <span class='ocrx_word' id='word_1_158' title='bbox 1443 1982 1614 2046; x_wconf 86' lang='grc' dir='ltr'>πάθος</span> <span class='ocrx_word' id='word_1_159' title='bbox 1649 1983 1748 2034; x_wconf 83' lang='grc' dir='ltr'>αὐ-</span> 
     </span>
    </p>
   </div>
   <div class='ocr_carea' id='block_1_23' title="bbox 1827 706 3422 780">
    <p class='ocr_par' dir='ltr' id='par_1_23' title="bbox 1827 706 3422 780">
     <span class='ocr_line' id='line_1_23' title="bbox 1827 706 3422 780; baseline 0.008 -20"><span class='ocrx_word' id='word_1_160' title='bbox 1827 720 1910 760; x_wconf 83' lang='lat' dir='ltr'><strong>.ex</strong></span> <span class='ocrx_word' id='word_1_161' title='bbox 1938 706 2217 776; x_wconf 70' lang='lat' dir='ltr'><strong>voluptate</strong></span> <span class='ocrx_word' id='word_1_162' title='bbox 2245 722 2310 762; x_wconf 91' lang='lat' dir='ltr'><strong>ac</strong></span> <span class='ocrx_word' id='word_1_163' title='bbox 2349 708 2583 764; x_wconf 90' lang='lat' dir='ltr'><strong>libidine</strong></span> <span class='ocrx_word' id='word_1_164' title='bbox 2615 710 3012 780; x_wconf 86' lang='lat' dir='ltr'><strong>auspicandum</strong></span> <span class='ocrx_word' id='word_1_165' title='bbox 3035 712 3242 768; x_wconf 90' lang='lat' dir='ltr'><strong>docuit.</strong></span> <span class='ocrx_word' id='word_1_166' title='bbox 3269 714 3422 773; x_wconf 82' lang='lat' dir='ltr'><strong>lianc</strong></span> 
     </span>
    </p>
   </div>
   <div class='ocr_carea' id='block_1_24' title="bbox 1843 797 3422 875">
    <p class='ocr_par' dir='ltr' id='par_1_24' title="bbox 1843 797 3422 875">
     <span class='ocr_line' id='line_1_24' title="bbox 1843 797 3422 875; baseline 0.008 -25"><span class='ocrx_word' id='word_1_167' title='bbox 1843 797 2110 853; x_wconf 88' lang='lat' dir='ltr'><strong>Dominus</strong></span> <span class='ocrx_word' id='word_1_168' title='bbox 2144 816 2174 854; x_wconf 91' lang='lat' dir='ltr'><strong>a</strong></span> <span class='ocrx_word' id='word_1_169' title='bbox 2210 808 2409 856; x_wconf 89' lang='lat' dir='ltr'><strong>natura</strong></span> <span class='ocrx_word' id='word_1_170' title='bbox 2453 802 2746 857; x_wconf 89' lang='lat' dir='ltr'><strong>eliminans</strong></span> <span class='ocrx_word' id='word_1_171' title='bbox 2771 843 2786 868; x_wconf 95' lang='lat'><strong>,</strong></span> <span class='ocrx_word' id='word_1_172' title='bbox 2837 813 3166 874; x_wconf 91' lang='lat' dir='ltr'><strong>conceptum</strong></span> <span class='ocrx_word' id='word_1_173' title='bbox 3209 807 3302 875; x_wconf 87' lang='lat' dir='ltr'><strong>qui</strong></span> <span class='ocrx_word' id='word_1_174' title='bbox 3353 822 3422 863; x_wconf 82' lang='lat' dir='ltr'><strong>ex</strong></span> 
     </span>
    </p>
   </div>
   <div class='ocr_carea' id='block_1_25' title="bbox 1845 893 3420 968">
    <p class='ocr_par' dir='ltr' id='par_1_25' title="bbox 1845 893 3420 968">
     <span class='ocr_line' id='line_1_25' title="bbox 1845 893 3420 968; baseline 0.006 -22"><span class='ocrx_word' id='word_1_175' title='bbox 1845 893 2055 946; x_wconf 88' lang='lat' dir='ltr'><strong>semine</strong></span> <span class='ocrx_word' id='word_1_176' title='bbox 2084 903 2169 948; x_wconf 88' lang='lat' dir='ltr'><strong>est</strong></span> <span class='ocrx_word' id='word_1_177' title='bbox 2199 909 2308 946; x_wconf 90' lang='lat' dir='ltr'><strong>non</strong></span> <span class='ocrx_word' id='word_1_178' title='bbox 2345 895 2590 950; x_wconf 81' lang='lat' dir='ltr'><strong>admisit.</strong></span> <span class='ocrx_word' id='word_1_179' title='bbox 2622 896 2820 951; x_wconf 83' lang='lat' dir='ltr'><strong>Mulier</strong></span> <span class='ocrx_word' id='word_1_180' title='bbox 2845 904 2900 952; x_wconf 88' lang='lat' dir='ltr'><strong>et</strong></span> <span class='ocrx_word' id='word_1_181' title='bbox 2942 895 3060 966; x_wconf 90' lang='lat' dir='ltr'><strong>ipsa</strong></span> <span class='ocrx_word' id='word_1_182' title='bbox 3099 901 3420 968; x_wconf 77' lang='lat' dir='ltr'><strong>praevarica-</strong></span> 
     </span>
    </p>
   </div>
   <div class='ocr_carea' id='block_1_26' title="bbox 1847 984 3422 1047">
    <p class='ocr_par' dir='ltr' id='par_1_26' title="bbox 1847 984 3422 1047">
     <span class='ocr_line' id='line_1_26' title="bbox 1847 984 3422 1047; baseline 0.006 -9"><span class='ocrx_word' id='word_1_183' title='bbox 1847 984 2013 1038; x_wconf 91' lang='lat' dir='ltr'><strong>tionis</strong></span> <span class='ocrx_word' id='word_1_184' title='bbox 2040 1000 2155 1047; x_wconf 87' lang='lat' dir='ltr'><strong>rea,</strong></span> <span class='ocrx_word' id='word_1_185' title='bbox 2187 1001 2216 1038; x_wconf 91' lang='lat' dir='ltr'><strong>a</strong></span> <span class='ocrx_word' id='word_1_186' title='bbox 2245 985 2434 1041; x_wconf 91' lang='lat' dir='ltr'><strong>dolore</strong></span> <span class='ocrx_word' id='word_1_187' title='bbox 2469 986 2794 1041; x_wconf 88' lang='lat' dir='ltr'><strong>initiandam</strong></span> <span class='ocrx_word' id='word_1_188' title='bbox 2819 1000 3031 1044; x_wconf 66' lang='lat' dir='ltr'><strong>naturae</strong></span> <span class='ocrx_word' id='word_1_189' title='bbox 3078 992 3422 1047; x_wconf 89' lang='lat' dir='ltr'><strong>nativitatem</strong></span> 
     </span>
    </p>
   </div>
   <div class='ocr_carea' id='block_1_27' title="bbox 1845 1075 3424 1150">
    <p class='ocr_par' dir='ltr' id='par_1_27' title="bbox 1845 1075 3424 1150">
     <span class='ocr_line' id='line_1_27' title="bbox 1845 1075 3424 1150; baseline 0.006 -20"><span class='ocrx_word' id='word_1_190' title='bbox 1845 1075 2106 1130; x_wconf 88' lang='lat' dir='ltr'><strong>ostendit.</strong></span> <span class='ocrx_word' id='word_1_191' title='bbox 2139 1076 2294 1132; x_wconf 85' lang='lat' dir='ltr'><strong>Hunc</strong></span> <span class='ocrx_word' id='word_1_192' title='bbox 2341 1078 2607 1133; x_wconf 87' lang='lat' dir='ltr'><strong>Dominus</strong></span> <span class='ocrx_word' id='word_1_193' title='bbox 2642 1095 2672 1133; x_wconf 92' lang='lat' dir='ltr'><strong>a</strong></span> <span class='ocrx_word' id='word_1_194' title='bbox 2705 1088 2924 1143; x_wconf 89' lang='lat' dir='ltr'><strong>natura,</strong></span> <span class='ocrx_word' id='word_1_195' title='bbox 2973 1081 3092 1150; x_wconf 89' lang='lat' dir='ltr'><strong>ipse</strong></span> <span class='ocrx_word' id='word_1_196' title='bbox 3147 1083 3424 1138; x_wconf 87' lang='lat' dir='ltr'><strong>nascendo</strong></span> 
     </span>
    </p>
   </div>
   <div class='ocr_carea' id='block_1_28' title="bbox 1845 1167 3422 1241">
    <p class='ocr_par' dir='ltr' id='par_1_28' title="bbox 1845 1167 3422 1241">
     <span class='ocr_line' id='line_1_28' title="bbox 1845 1167 3422 1241; baseline 0.006 -22"><span class='ocrx_word' id='word_1_197' title='bbox 1845 1167 2153 1230; x_wconf 80' lang='lat' dir='ltr'><strong>excutiens,</strong></span> <span class='ocrx_word' id='word_1_198' title='bbox 2170 1182 2504 1237; x_wconf 90' lang='lat' dir='ltr'><strong>puerperam</strong></span> <span class='ocrx_word' id='word_1_199' title='bbox 2523 1177 2752 1223; x_wconf 81' lang='lat' dir='ltr'><strong>matrem</strong></span> <span class='ocrx_word' id='word_1_200' title='bbox 2771 1172 3114 1241; x_wconf 89' lang='lat' dir='ltr'><strong>corruptioni</strong></span> <span class='ocrx_word' id='word_1_201' title='bbox 3127 1172 3422 1233; x_wconf 82' lang='lat' dir='ltr'><strong>obnoxiam</strong></span> 
     </span>
    </p>
   </div>
   <div class='ocr_carea' id='block_1_29' title="bbox 1846 1253 3424 1330">
    <p class='ocr_par' dir='ltr' id='par_1_29' title="bbox 1846 1253 3424 1330">
     <span class='ocr_line' id='line_1_29' title="bbox 1846 1253 3424 1330; baseline 0.005 -21"><span class='ocrx_word' id='word_1_202' title='bbox 1846 1253 1963 1310; x_wconf 90' lang='lat' dir='ltr'><strong>fore</strong></span> <span class='ocrx_word' id='word_1_203' title='bbox 1994 1271 2103 1310; x_wconf 91' lang='lat' dir='ltr'><strong>non</strong></span> <span class='ocrx_word' id='word_1_204' title='bbox 2139 1257 2392 1325; x_wconf 86' lang='lat' dir='ltr'><strong>permisit</strong></span> <span class='ocrx_word' id='word_1_205' title='bbox 2419 1275 2434 1324; x_wconf 89' lang='lat'><strong>;</strong></span> <span class='ocrx_word' id='word_1_206' title='bbox 2495 1267 2556 1311; x_wconf 91' lang='lat' dir='ltr'><strong>ut</strong></span> <span class='ocrx_word' id='word_1_207' title='bbox 2599 1258 2762 1313; x_wconf 89' lang='lat' dir='ltr'><strong>simul</strong></span> <span class='ocrx_word' id='word_1_208' title='bbox 2787 1267 2903 1312; x_wconf 91' lang='lat' dir='ltr'><strong>tum</strong></span> <span class='ocrx_word' id='word_1_209' title='bbox 2935 1269 3292 1330; x_wconf 88' lang='lat' dir='ltr'><strong>spontaneam</strong></span> <span class='ocrx_word' id='word_1_210' title='bbox 3321 1278 3424 1317; x_wconf 62' lang='lat' dir='ltr'><strong>vo-</strong></span> 
     </span>
    </p>
   </div>
   <div class='ocr_carea' id='block_1_30' title="bbox 1845 1349 3424 1423">
    <p class='ocr_par' dir='ltr' id='par_1_30' title="bbox 1845 1349 3424 1423">
     <span class='ocr_line' id='line_1_30' title="bbox 1845 1349 3424 1423; baseline 0.005 -21"><span class='ocrx_word' id='word_1_211' title='bbox 1845 1349 2114 1418; x_wconf 90' lang='lat' dir='ltr'><strong>luptatem</strong></span> <span class='ocrx_word' id='word_1_212' title='bbox 2142 1365 2206 1404; x_wconf 91' lang='lat' dir='ltr'><strong>ac</strong></span> <span class='ocrx_word' id='word_1_213' title='bbox 2235 1349 2550 1415; x_wconf 73' lang='lat' dir='ltr'><strong>libidinem,</strong></span> <span class='ocrx_word' id='word_1_214' title='bbox 2598 1360 2714 1406; x_wconf 90' lang='lat' dir='ltr'><strong>tum</strong></span> <span class='ocrx_word' id='word_1_215' title='bbox 2741 1353 2862 1423; x_wconf 86' lang='lat' dir='ltr'><strong>ejus</strong></span> <span class='ocrx_word' id='word_1_216' title='bbox 2897 1369 3063 1409; x_wconf 90' lang='lat' dir='ltr'><strong>causa</strong></span> <span class='ocrx_word' id='word_1_217' title='bbox 3110 1355 3424 1410; x_wconf 89' lang='lat' dir='ltr'><strong>involunta-</strong></span> 
     </span>
    </p>
   </div>
   <div class='ocr_carea' id='block_1_31' title="bbox 1848 1439 3426 1516">
    <p class='ocr_par' dir='ltr' id='par_1_31' title="bbox 1848 1439 3426 1516">
     <span class='ocr_line' id='line_1_31' title="bbox 1848 1439 3426 1516; baseline 0.006 -23"><span class='ocrx_word' id='word_1_218' title='bbox 1848 1439 1992 1494; x_wconf 86' lang='lat' dir='ltr'><strong>rium</strong></span> <span class='ocrx_word' id='word_1_219' title='bbox 2018 1440 2293 1495; x_wconf 88' lang='lat' dir='ltr'><strong>invectum</strong></span> <span class='ocrx_word' id='word_1_220' title='bbox 2321 1441 2566 1496; x_wconf 86' lang='lat' dir='ltr'><strong>dolorem</strong></span> <span class='ocrx_word' id='word_1_221' title='bbox 2614 1458 2645 1497; x_wconf 92' lang='lat' dir='ltr'><strong>e</strong></span> <span class='ocrx_word' id='word_1_222' title='bbox 2672 1451 2871 1498; x_wconf 91' lang='lat' dir='ltr'><strong>natura</strong></span> <span class='ocrx_word' id='word_1_223' title='bbox 2925 1444 3172 1501; x_wconf 80' lang='lat' dir='ltr'><strong>auferret</strong></span> <span class='ocrx_word' id='word_1_224' title='bbox 3206 1445 3426 1516; x_wconf 88' lang='lat' dir='ltr'><strong>(nempe</strong></span> 
     </span>
    </p>
   </div>
   <div class='ocr_carea' id='block_1_32' title="bbox 1846 1529 3424 1605">
    <p class='ocr_par' dir='ltr' id='par_1_32' title="bbox 1846 1529 3424 1605">
     <span class='ocr_line' id='line_1_32' title="bbox 1846 1529 3424 1605; baseline 0.004 -21"><span class='ocrx_word' id='word_1_225' title='bbox 1846 1545 2085 1599; x_wconf 90' lang='lat' dir='ltr'><strong>quorum</strong></span> <span class='ocrx_word' id='word_1_226' title='bbox 2120 1547 2231 1584; x_wconf 92' lang='lat' dir='ltr'><strong>non</strong></span> <span class='ocrx_word' id='word_1_227' title='bbox 2260 1529 2442 1586; x_wconf 88' lang='lat' dir='ltr'><strong>fuerat</strong></span> <span class='ocrx_word' id='word_1_228' title='bbox 2462 1532 2736 1596; x_wconf 91' lang='lat' dir='ltr'><strong>conditor,</strong></span> <span class='ocrx_word' id='word_1_229' title='bbox 2773 1533 2890 1588; x_wconf 85' lang='lat' dir='ltr'><strong>haec</strong></span> <span class='ocrx_word' id='word_1_230' title='bbox 2921 1534 3164 1602; x_wconf 87' lang='lat' dir='ltr'><strong>proclive</strong></span> <span class='ocrx_word' id='word_1_231' title='bbox 3213 1535 3424 1605; x_wconf 86' lang='lat' dir='ltr'><strong>delens)</strong></span> 
     </span>
    </p>
   </div>
   <div class='ocr_carea' id='block_1_33' title="bbox 1850 1623 3426 1694">
    <p class='ocr_par' dir='ltr' id='par_1_33' title="bbox 1850 1623 3426 1694">
     <span class='ocr_line' id='line_1_33' title="bbox 1850 1623 3426 1694; baseline 0.003 -19"><span class='ocrx_word' id='word_1_232' title='bbox 1850 1624 2193 1692; x_wconf 87' lang='lat' dir='ltr'><strong>mysticeque</strong></span> <span class='ocrx_word' id='word_1_233' title='bbox 2239 1623 2442 1677; x_wconf 82' lang='lat' dir='ltr'><strong>mentis</strong></span> <span class='ocrx_word' id='word_1_234' title='bbox 2488 1624 2774 1694; x_wconf 86' lang='lat' dir='ltr'><strong>proposito</strong></span> <span class='ocrx_word' id='word_1_235' title='bbox 2821 1639 2886 1679; x_wconf 90' lang='lat' dir='ltr'><strong>ac</strong></span> <span class='ocrx_word' id='word_1_236' title='bbox 2938 1625 3220 1694; x_wconf 82' lang='lat' dir='ltr'><strong>voluptate</strong></span> <span class='ocrx_word' id='word_1_237' title='bbox 3264 1626 3426 1680; x_wconf 89' lang='lat' dir='ltr'><strong>aliam</strong></span> 
     </span>
    </p>
   </div>
   <div class='ocr_carea' id='block_1_34' title="bbox 1850 1712 3429 1787">
    <p class='ocr_par' dir='ltr' id='par_1_34' title="bbox 1850 1712 3429 1787">
     <span class='ocr_line' id='line_1_34' title="bbox 1850 1712 3429 1787; baseline 0.004 -21"><span class='ocrx_word' id='word_1_238' title='bbox 1850 1712 2083 1768; x_wconf 85' lang='lat' dir='ltr'><strong>doceret</strong></span> <span class='ocrx_word' id='word_1_239' title='bbox 2138 1713 2533 1782; x_wconf 80' lang='lat' dir='ltr'><strong>auspicandam</strong></span> <span class='ocrx_word' id='word_1_240' title='bbox 2581 1715 2772 1779; x_wconf 90' lang='lat' dir='ltr'><strong>vitam,</strong></span> <span class='ocrx_word' id='word_1_241' title='bbox 2817 1717 2975 1787; x_wconf 84' lang='lat' dir='ltr'><strong>cujus</strong></span> <span class='ocrx_word' id='word_1_242' title='bbox 3017 1718 3242 1786; x_wconf 86' lang='lat' dir='ltr'><strong>quidem</strong></span> <span class='ocrx_word' id='word_1_243' title='bbox 3283 1716 3429 1772; x_wconf 78' lang='lat' dir='ltr'><strong>forte</strong></span> 
     </span>
    </p>
   </div>
   <div class='ocr_carea' id='block_1_35' title="bbox 1850 1802 3427 1876">
    <p class='ocr_par' dir='ltr' id='par_1_35' title="bbox 1850 1802 3427 1876">
     <span class='ocr_line' id='line_1_35' title="bbox 1850 1802 3427 1876; baseline 0.003 -20"><span class='ocrx_word' id='word_1_244' title='bbox 1850 1818 1880 1856; x_wconf 90' lang='lat' dir='ltr'><strong>a</strong></span> <span class='ocrx_word' id='word_1_245' title='bbox 1916 1802 2111 1857; x_wconf 90' lang='lat' dir='ltr'><strong>dolore</strong></span> <span class='ocrx_word' id='word_1_246' title='bbox 2145 1803 2505 1858; x_wconf 88' lang='lat' dir='ltr'><strong>etlaboribus</strong></span> <span class='ocrx_word' id='word_1_247' title='bbox 2531 1803 2784 1859; x_wconf 88' lang='lat' dir='ltr'><strong>ducenda</strong></span> <span class='ocrx_word' id='word_1_248' title='bbox 2816 1805 3060 1871; x_wconf 82' lang='lat' dir='ltr'><strong>exordia,</strong></span> <span class='ocrx_word' id='word_1_249' title='bbox 3090 1823 3211 1876; x_wconf 76' lang='lat' dir='ltr'><strong>qua:</strong></span> <span class='ocrx_word' id='word_1_250' title='bbox 3243 1816 3427 1862; x_wconf 87' lang='lat' dir='ltr'><strong>tamen</strong></span> 
     </span>
    </p>
   </div>
   <div class='ocr_carea' id='block_1_36' title="bbox 1852 1893 3429 1969">
    <p class='ocr_par' dir='ltr' id='par_1_36' title="bbox 1852 1893 3429 1969">
     <span class='ocr_line' id='line_1_36' title="bbox 1852 1893 3429 1969; baseline 0.004 -23"><span class='ocrx_word' id='word_1_251' title='bbox 1852 1894 2078 1947; x_wconf 88' lang='lat' dir='ltr'><strong>omnino</strong></span> <span class='ocrx_word' id='word_1_252' title='bbox 2108 1893 2165 1946; x_wconf 89' lang='lat' dir='ltr'><strong>in</strong></span> <span class='ocrx_word' id='word_1_253' title='bbox 2192 1893 2437 1948; x_wconf 88' lang='lat' dir='ltr'><strong>divinam</strong></span> <span class='ocrx_word' id='word_1_254' title='bbox 2480 1896 2819 1964; x_wconf 88' lang='lat' dir='ltr'><strong>voluptatem</strong></span> <span class='ocrx_word' id='word_1_255' title='bbox 2851 1897 3429 1969; x_wconf 87' lang='lat' dir='ltr'><strong>interminabilemque</strong></span> 
     </span>
    </p>
   </div>
   <div class='ocr_carea' id='block_1_37' title="bbox 1849 1981 3431 2058">
    <p class='ocr_par' dir='ltr' id='par_1_37' title="bbox 1849 1981 3431 2058">
     <span class='ocr_line' id='line_1_37' title="bbox 1849 1981 3431 2058; baseline 0.004 -23"><span class='ocrx_word' id='word_1_256' title='bbox 1849 1981 2094 2036; x_wconf 54' lang='lat' dir='ltr'><strong>laetitiam</strong></span> <span class='ocrx_word' id='word_1_257' title='bbox 2117 1981 2417 2037; x_wconf 87' lang='lat' dir='ltr'><strong>desineret.</strong></span> <span class='ocrx_word' id='word_1_258' title='bbox 2441 1982 2600 2054; x_wconf 82' lang='lat'><strong>515</strong></span> <span class='ocrx_word' id='word_1_259' title='bbox 2617 1988 2630 2004; x_wconf 84' lang='lat'>&#39;</span> <span class='ocrx_word' id='word_1_260' title='bbox 2652 1985 2864 2040; x_wconf 92' lang='lat' dir='ltr'><strong>ldcirco</strong></span> <span class='ocrx_word' id='word_1_261' title='bbox 2893 1985 2953 2040; x_wconf 86' lang='lat' dir='ltr'><strong>fit</strong></span> <span class='ocrx_word' id='word_1_262' title='bbox 2973 1986 3158 2050; x_wconf 89' lang='lat' dir='ltr'><strong>homo,</strong></span> <span class='ocrx_word' id='word_1_263' title='bbox 3191 1996 3355 2058; x_wconf 83' lang='lat' dir='ltr'><strong>atque</strong></span> <span class='ocrx_word' id='word_1_264' title='bbox 3370 1997 3431 2042; x_wconf 92' lang='lat' dir='ltr'><strong>ut</strong></span> 
     </span>
    </p>
   </div>
   <div class='ocr_carea' id='block_1_38' title="bbox 165 2044 1747 2145">
    <p class='ocr_par' dir='ltr' id='par_1_38' title="bbox 165 2044 1747 2145">
     <span class='ocr_line' id='line_1_38' title="bbox 165 2044 1747 2145; baseline 0.001 -20"><span class='ocrx_word' id='word_1_265' title='bbox 165 2044 551 2144; x_wconf 42' lang='lat' dir='ltr'><strong>tog-Ondpiwv</strong></span> <span class='ocrx_word' id='word_1_266' title='bbox 579 2044 871 2144; x_wconf 49' lang='grc' dir='ltr'>ἀποδειξίθῇ</span> <span class='ocrx_word' id='word_1_267' title='bbox 899 2073 1009 2127; x_wconf 88' lang='grc' dir='ltr'><strong>τῶν</strong></span> <span class='ocrx_word' id='word_1_268' title='bbox 1026 2044 1314 2145; x_wconf 76' lang='grc' dir='ltr'>ἡμετέρων</span> <span class='ocrx_word' id='word_1_269' title='bbox 1341 2044 1548 2137; x_wconf 86' lang='grc' dir='ltr'>παθῶν,</span> <span class='ocrx_word' id='word_1_270' title='bbox 1577 2044 1747 2144; x_wconf 79' lang='grc' dir='ltr'>ῦπερ-</span> 
     </span>
    </p>
   </div>
   <div class='ocr_carea' id='block_1_39' title="bbox 1850 2044 3431 2145">
    <p class='ocr_par' dir='ltr' id='par_1_39' title="bbox 1855 2044 3431 2144">
     <span class='ocr_line' id='line_1_39' title="bbox 1855 2044 3431 2144; baseline 0.004 -18"><span class='ocrx_word' id='word_1_271' title='bbox 1855 2073 2024 2128; x_wconf 88' lang='lat' dir='ltr'><strong>homo</strong></span> <span class='ocrx_word' id='word_1_272' title='bbox 2045 2074 2330 2137; x_wconf 88' lang='lat' dir='ltr'><strong>nascitur,</strong></span> <span class='ocrx_word' id='word_1_273' title='bbox 2367 2075 2462 2143; x_wconf 88' lang='lat' dir='ltr'><strong>qui</strong></span> <span class='ocrx_word' id='word_1_274' title='bbox 2501 2044 2828 2130; x_wconf 51' lang='lat' dir='ltr'><strong>co&#39;ndiderat</strong></span> <span class='ocrx_word' id='word_1_275' title='bbox 2879 2077 3183 2144; x_wconf 86' lang='lat' dir='ltr'><strong>hominem,</strong></span> <span class='ocrx_word' id='word_1_276' title='bbox 3244 2044 3431 2134; x_wconf 64' lang='lat' dir='ltr'><strong>titho-</strong></span> 
     </span>
    </p>
   </div>
   <div class='ocr_carea' id='block_1_40' title="bbox 167 2163 1748 2236">
    <p class='ocr_par' dir='ltr' id='par_1_40' title="bbox 167 2163 1748 2236">
     <span class='ocr_line' id='line_1_40' title="bbox 167 2163 1748 2236; baseline 0.001 -19"><span class='ocrx_word' id='word_1_277' title='bbox 167 2163 318 2232; x_wconf 82' lang='grc' dir='ltr'>φυῶς</span> <span class='ocrx_word' id='word_1_278' title='bbox 354 2167 472 2227; x_wconf 83' lang='grc' dir='ltr'>ταῖς</span> <span class='ocrx_word' id='word_1_279' title='bbox 503 2165 696 2220; x_wconf 76' lang='grc' dir='ltr'>ἑαυτοῦ</span> <span class='ocrx_word' id='word_1_280' title='bbox 733 2166 874 2219; x_wconf 83' lang='grc' dir='ltr'>κατὰ</span> <span class='ocrx_word' id='word_1_281' title='bbox 907 2166 1088 2235; x_wconf 85' lang='grc' dir='ltr'>σάρκα</span> <span class='ocrx_word' id='word_1_282' title='bbox 1125 2166 1437 2236; x_wconf 83' lang='grc' dir='ltr'>στερήσεσι,</span> <span class='ocrx_word' id='word_1_283' title='bbox 1462 2165 1562 2228; x_wconf 81' lang='grc' dir='ltr'>τὰς</span> <span class='ocrx_word' id='word_1_284' title='bbox 1590 2165 1748 2236; x_wconf 83' lang='grc' dir='ltr'>ἡμῶν</span> 
     </span>
    </p>
   </div>
   <div class='ocr_carea' id='block_1_41' title="bbox 169 2253 1592 2327">
    <p class='ocr_par' dir='ltr' id='par_1_41' title="bbox 169 2253 1592 2327">
     <span class='ocr_line' id='line_1_41' title="bbox 169 2253 1592 2327; baseline 0.004 -23"><span class='ocrx_word' id='word_1_285' title='bbox 169 2253 568 2325; x_wconf 77' lang='grc' dir='ltr'>φιλανθρώπως</span> <span class='ocrx_word' id='word_1_286' title='bbox 594 2255 736 2308; x_wconf 86' lang='grc' dir='ltr'>κατὰ</span> <span class='ocrx_word' id='word_1_287' title='bbox 764 2255 980 2326; x_wconf 88' lang='grc' dir='ltr'>πνεῦμα</span> <span class='ocrx_word' id='word_1_288' title='bbox 1009 2255 1148 2322; x_wconf 76' lang='grc' dir='ltr'>ἕξεις</span> <span class='ocrx_word' id='word_1_289' title='bbox 1175 2257 1592 2327; x_wconf 82' lang='grc' dir='ltr'>ἀνανεούμενος.</span> 
     </span>
    </p>
   </div>
   <div class='ocr_carea' id='block_1_42' title="bbox 1854 2164 3430 2242">
    <p class='ocr_par' dir='ltr' id='par_1_42' title="bbox 1854 2164 3430 2242">
     <span class='ocr_line' id='line_1_42' title="bbox 1854 2164 3430 2242; baseline 0.006 -23"><span class='ocrx_word' id='word_1_290' title='bbox 1854 2164 1990 2219; x_wconf 89' lang='lat' dir='ltr'><strong>mini</strong></span> <span class='ocrx_word' id='word_1_291' title='bbox 2038 2165 2270 2218; x_wconf 85' lang='lat' dir='ltr'><strong>salutem</strong></span> <span class='ocrx_word' id='word_1_292' title='bbox 2315 2165 2633 2231; x_wconf 83' lang='lat' dir='ltr'><strong>conferret;</strong></span> <span class='ocrx_word' id='word_1_293' title='bbox 2699 2167 3165 2239; x_wconf 72' lang='lat' dir='ltr'><strong>aegritudinesque</strong></span> <span class='ocrx_word' id='word_1_294' title='bbox 3205 2172 3430 2242; x_wconf 74' lang='lat' dir='ltr'><strong>aegritu—</strong></span> 
     </span>
    </p>
   </div>
   <div class='ocr_carea' id='block_1_43' title="bbox 1854 2255 3430 2334">
    <p class='ocr_par' dir='ltr' id='par_1_43' title="bbox 1854 2255 3430 2334">
     <span class='ocr_line' id='line_1_43' title="bbox 1854 2255 3430 2334; baseline 0.006 -25"><span class='ocrx_word' id='word_1_295' title='bbox 1854 2255 2078 2310; x_wconf 89' lang='lat' dir='ltr'><strong>dinibus</strong></span> <span class='ocrx_word' id='word_1_296' title='bbox 2107 2271 2340 2322; x_wconf 86' lang='lat' dir='ltr'><strong>sanans;</strong></span> <span class='ocrx_word' id='word_1_297' title='bbox 2389 2257 2661 2328; x_wconf 61' lang='lat' dir='ltr'><strong>aegritudo</strong></span> <span class='ocrx_word' id='word_1_298' title='bbox 2694 2259 2810 2328; x_wconf 92' lang='lat' dir='ltr'><strong>ipse</strong></span> <span class='ocrx_word' id='word_1_299' title='bbox 2843 2275 2907 2315; x_wconf 90' lang='lat' dir='ltr'><strong>ac</strong></span> <span class='ocrx_word' id='word_1_300' title='bbox 2964 2260 3226 2317; x_wconf 85' lang='lat' dir='ltr'><strong>interitus</strong></span> <span class='ocrx_word' id='word_1_301' title='bbox 3267 2264 3430 2334; x_wconf 81' lang='lat' dir='ltr'><strong>aegri-</strong></span> 
     </span>
    </p>
   </div>
   <div class='ocr_carea' id='block_1_44' title="bbox 168 2345 3430 2429">
    <p class='ocr_par' dir='ltr' id='par_1_44' title="bbox 168 2345 3430 2429">
     <span class='ocr_line' id='line_1_44' title="bbox 168 2345 3430 2429; baseline 0.003 -29"><span class='ocrx_word' id='word_1_302' title='bbox 168 2345 422 2400; x_wconf 91' lang='lat' dir='ltr'><strong>tudinum</strong></span> <span class='ocrx_word' id='word_1_303' title='bbox 462 2355 778 2400; x_wconf 89' lang='lat' dir='ltr'><strong>nostrarum</strong></span> <span class='ocrx_word' id='word_1_304' title='bbox 803 2348 1066 2413; x_wconf 87' lang='lat' dir='ltr'><strong>eniteret;</strong></span> <span class='ocrx_word' id='word_1_305' title='bbox 1096 2347 1298 2402; x_wconf 75' lang='lat' dir='ltr'><strong>eximia</strong></span> <span class='ocrx_word' id='word_1_306' title='bbox 1320 2348 1559 2418; x_wconf 86' lang='lat' dir='ltr'><strong>quadam</strong></span> <span class='ocrx_word' id='word_1_307' title='bbox 1598 2345 1813 2402; x_wconf 87' lang='lat' dir='ltr'><strong>ratione</strong></span> <span class='ocrx_word' id='word_1_308' title='bbox 1853 2349 1969 2403; x_wconf 83' lang='lat' dir='ltr'><strong>suis</strong></span> <span class='ocrx_word' id='word_1_309' title='bbox 2008 2347 2316 2403; x_wconf 91' lang='lat' dir='ltr'><strong>secundum</strong></span> <span class='ocrx_word' id='word_1_310' title='bbox 2351 2363 2571 2403; x_wconf 91' lang='lat' dir='ltr'><strong>carnem</strong></span> <span class='ocrx_word' id='word_1_311' title='bbox 2607 2349 3034 2419; x_wconf 88' lang='lat' dir='ltr'><strong>privationibns,</strong></span> <span class='ocrx_word' id='word_1_312' title='bbox 3072 2361 3294 2409; x_wconf 86' lang='lat' dir='ltr'><strong>nostros</strong></span> <span class='ocrx_word' id='word_1_313' title='bbox 3330 2355 3430 2429; x_wconf 41' lang='lat' dir='ltr'><strong>be:</strong></span> 
     </span>
    </p>
   </div>
   <div class='ocr_carea' id='block_1_45' title="bbox 167 2439 1572 2516">
    <p class='ocr_par' dir='ltr' id='par_1_45' title="bbox 167 2439 1572 2516">
     <span class='ocr_line' id='line_1_45' title="bbox 167 2439 1572 2516; baseline 0.003 -22"><span class='ocrx_word' id='word_1_314' title='bbox 167 2440 332 2510; x_wconf 83' lang='lat' dir='ltr'><strong>nigne</strong></span> <span class='ocrx_word' id='word_1_315' title='bbox 362 2439 665 2494; x_wconf 88' lang='lat' dir='ltr'><strong>secundum</strong></span> <span class='ocrx_word' id='word_1_316' title='bbox 697 2441 953 2510; x_wconf 88' lang='lat' dir='ltr'><strong>spiritum</strong></span> <span class='ocrx_word' id='word_1_317' title='bbox 980 2441 1205 2497; x_wconf 89' lang='lat' dir='ltr'><strong>habitus</strong></span> <span class='ocrx_word' id='word_1_318' title='bbox 1237 2442 1572 2516; x_wconf 77' lang='lat' dir='ltr'><strong>instaurans.</strong></span> 
     </span>
    </p>
   </div>
   <div class='ocr_carea' id='block_1_46' title="bbox 242 2531 1747 2607">
    <p class='ocr_par' dir='ltr' id='par_1_46' title="bbox 242 2531 1747 2607">
     <span class='ocr_line' id='line_1_46' title="bbox 242 2531 1747 2607; baseline 0.005 -24"><span class='ocrx_word' id='word_1_319' title='bbox 242 2537 324 2585; x_wconf 84' lang='grc' dir='ltr'>ιε’.</span> <span class='ocrx_word' id='word_1_320' title='bbox 376 2531 433 2584; x_wconf 83' lang='grc'><strong>’0</strong></span> <span class='ocrx_word' id='word_1_321' title='bbox 469 2531 549 2600; x_wconf 86' lang='grc' dir='ltr'>τῷ</span> <span class='ocrx_word' id='word_1_322' title='bbox 595 2531 724 2602; x_wconf 87' lang='grc' dir='ltr'>θείῳ</span> <span class='ocrx_word' id='word_1_323' title='bbox 770 2532 920 2586; x_wconf 86' lang='grc' dir='ltr'>πόθω</span> <span class='ocrx_word' id='word_1_324' title='bbox 955 2534 1186 2604; x_wconf 81' lang='grc' dir='ltr'>νικήσας</span> <span class='ocrx_word' id='word_1_325' title='bbox 1209 2535 1307 2605; x_wconf 83' lang='grc' dir='ltr'>τὴν</span> <span class='ocrx_word' id='word_1_326' title='bbox 1339 2535 1476 2606; x_wconf 78' lang='grc' dir='ltr'>πρὸς</span> <span class='ocrx_word' id='word_1_327' title='bbox 1505 2536 1566 2590; x_wconf 82' lang='grc' dir='ltr'><strong>τὸ</strong></span> <span class='ocrx_word' id='word_1_328' title='bbox 1587 2535 1747 2607; x_wconf 87' lang='grc' dir='ltr'>σῶμα</span> 
     </span>
    </p>
   </div>
   <div class='ocr_carea' id='block_1_47' title="bbox 169 2619 1747 2693">
    <p class='ocr_par' dir='ltr' id='par_1_47' title="bbox 169 2619 1747 2693">
     <span class='ocr_line' id='line_1_47' title="bbox 169 2619 1747 2693; baseline 0.003 -21"><span class='ocrx_word' id='word_1_329' title='bbox 169 2619 268 2690; x_wconf 84' lang='grc' dir='ltr'>τῆς</span> <span class='ocrx_word' id='word_1_330' title='bbox 295 2620 475 2690; x_wconf 80' lang='grc' dir='ltr'>ψυχῆς</span> <span class='ocrx_word' id='word_1_331' title='bbox 501 2619 769 2686; x_wconf 86' lang='grc' dir='ltr'>διάθεσιν,</span> <span class='ocrx_word' id='word_1_332' title='bbox 795 2621 1173 2693; x_wconf 84' lang='grc' dir='ltr'>ἀπερίγραφος</span> <span class='ocrx_word' id='word_1_333' title='bbox 1211 2624 1422 2690; x_wconf 78' lang='grc' dir='ltr'>γέγονε,</span> <span class='ocrx_word' id='word_1_334' title='bbox 1463 2626 1565 2678; x_wconf 83' lang='grc' dir='ltr'><strong>κᾶν</strong></span> <span class='ocrx_word' id='word_1_335' title='bbox 1597 2625 1747 2677; x_wconf 77' lang='grc' dir='ltr'>ἐστιν</span> 
     </span>
    </p>
   </div>
   <div class='ocr_carea' id='block_1_48' title="bbox 170 2710 1748 2784">
    <p class='ocr_par' dir='ltr' id='par_1_48' title="bbox 170 2710 1748 2784">
     <span class='ocr_line' id='line_1_48' title="bbox 170 2710 1748 2784; baseline 0.002 -19"><span class='ocrx_word' id='word_1_336' title='bbox 170 2713 229 2765; x_wconf 81' lang='grc' dir='ltr'><strong>ὲν</strong></span> <span class='ocrx_word' id='word_1_337' title='bbox 265 2711 497 2782; x_wconf 88' lang='grc' dir='ltr'>σώματι.</span> <span class='ocrx_word' id='word_1_338' title='bbox 535 2710 593 2764; x_wconf 87' lang='lat'><strong>&#39;0</strong></span> <span class='ocrx_word' id='word_1_339' title='bbox 629 2712 740 2781; x_wconf 82' lang='grc' dir='ltr'>γὰρ</span> <span class='ocrx_word' id='word_1_340' title='bbox 778 2713 952 2764; x_wconf 72' lang='grc' dir='ltr'>ἕλκων</span> <span class='ocrx_word' id='word_1_341' title='bbox 993 2713 1090 2784; x_wconf 78' lang='grc' dir='ltr'><strong>τὴν</strong></span> <span class='ocrx_word' id='word_1_342' title='bbox 1112 2713 1206 2766; x_wconf 90' lang='grc' dir='ltr'><strong>τοῦ</strong></span> <span class='ocrx_word' id='word_1_343' title='bbox 1237 2714 1528 2777; x_wconf 79' lang='grc' dir='ltr'>ποθοῦντος</span> <span class='ocrx_word' id='word_1_344' title='bbox 1561 2713 1748 2784; x_wconf 74' lang='grc' dir='ltr'>ἔφεσιν</span> 
     </span>
    </p>
   </div>
   <div class='ocr_carea' id='block_1_49' title="bbox 170 2801 1747 2877">
    <p class='ocr_par' dir='ltr' id='par_1_49' title="bbox 170 2801 1747 2877">
     <span class='ocr_line' id='line_1_49' title="bbox 170 2801 1747 2877; baseline 0.003 -21"><span class='ocrx_word' id='word_1_345' title='bbox 170 2801 324 2866; x_wconf 86' lang='grc' dir='ltr'>Θεδς,</span> <span class='ocrx_word' id='word_1_346' title='bbox 377 2804 593 2857; x_wconf 86' lang='grc' dir='ltr'>πάντων</span> <span class='ocrx_word' id='word_1_347' title='bbox 649 2803 996 2875; x_wconf 82' lang='grc' dir='ltr'>ἀσυγκρίτως</span> <span class='ocrx_word' id='word_1_348' title='bbox 1047 2805 1196 2858; x_wconf 73' lang='grc' dir='ltr'>ἐστὶν</span> <span class='ocrx_word' id='word_1_349' title='bbox 1243 2805 1596 2877; x_wconf 81' lang='grc' dir='ltr'>ὑψηλότερος,</span> <span class='ocrx_word' id='word_1_350' title='bbox 1646 2807 1747 2862; x_wconf 81' lang='grc' dir='ltr'><strong>οὐκ</strong></span> 
     </span>
    </p>
   </div>
   <div class='ocr_carea' id='block_1_50' title="bbox 171 2894 1746 2970">
    <p class='ocr_par' dir='ltr' id='par_1_50' title="bbox 171 2894 1746 2970">
     <span class='ocr_line' id='line_1_50' title="bbox 171 2894 1746 2970; baseline 0.003 -22"><span class='ocrx_word' id='word_1_351' title='bbox 171 2894 276 2948; x_wconf 73' lang='grc' dir='ltr'><strong>ἑῶν</strong></span> <span class='ocrx_word' id='word_1_352' title='bbox 311 2895 403 2948; x_wconf 82' lang='grc' dir='ltr'>τὸν</span> <span class='ocrx_word' id='word_1_353' title='bbox 447 2894 718 2948; x_wconf 88' lang='grc' dir='ltr'>ποθοῦντα</span> <span class='ocrx_word' id='word_1_354' title='bbox 759 2896 866 2949; x_wconf 80' lang='grc' dir='ltr'>τινὶ</span> <span class='ocrx_word' id='word_1_355' title='bbox 907 2895 1016 2948; x_wconf 88' lang='grc' dir='ltr'><strong>τῶν</strong></span> <span class='ocrx_word' id='word_1_356' title='bbox 1045 2899 1183 2966; x_wconf 86' lang='grc' dir='ltr'><strong>μετά</strong></span> <span class='ocrx_word' id='word_1_357' title='bbox 1221 2898 1353 2950; x_wconf 85' lang='grc' dir='ltr'>Θεὸν</span> <span class='ocrx_word' id='word_1_358' title='bbox 1392 2898 1746 2970; x_wconf 82' lang='grc' dir='ltr'>προσηλῶσαι</span> 
     </span>
    </p>
   </div>
   <div class='ocr_carea' id='block_1_51' title="bbox 169 2981 1746 3060">
    <p class='ocr_par' dir='ltr' id='par_1_51' title="bbox 169 2981 1746 3060">
     <span class='ocr_line' id='line_1_51' title="bbox 169 2981 1746 3060; baseline 0.003 -22"><span class='ocrx_word' id='word_1_359' title='bbox 169 2983 271 3058; x_wconf 79' lang='grc' dir='ltr'><strong>τὴν</strong></span> <span class='ocrx_word' id='word_1_360' title='bbox 299 2985 506 3053; x_wconf 75' lang='grc' dir='ltr'>ἔφεσιν.</span> <span class='ocrx_word' id='word_1_361' title='bbox 534 2986 869 3055; x_wconf 81' lang='grc' dir='ltr'>Ποοήσωμεν</span> <span class='ocrx_word' id='word_1_362' title='bbox 892 2981 1090 3040; x_wconf 81' lang='grc' dir='ltr'>οὖντὸν</span> <span class='ocrx_word' id='word_1_363' title='bbox 1118 2987 1250 3041; x_wconf 76' lang='grc' dir='ltr'>Θεὸν</span> <span class='ocrx_word' id='word_1_364' title='bbox 1279 2987 1403 3041; x_wconf 77' lang='grc' dir='ltr'>καθ’</span> <span class='ocrx_word' id='word_1_365' title='bbox 1431 2989 1559 3059; x_wconf 80' lang='grc' dir='ltr'>ὃλην</span> <span class='ocrx_word' id='word_1_366' title='bbox 1588 2988 1746 3060; x_wconf 78' lang='grc' dir='ltr'>ἡμῶν</span> 
     </span>
    </p>
   </div>
   <div class='ocr_carea' id='block_1_52' title="bbox 170 3076 1748 3149">
    <p class='ocr_par' dir='ltr' id='par_1_52' title="bbox 170 3076 1748 3149">
     <span class='ocr_line' id='line_1_52' title="bbox 170 3076 1748 3149; baseline 0.002 -20"><span class='ocrx_word' id='word_1_367' title='bbox 170 3076 271 3147; x_wconf 78' lang='grc' dir='ltr'>τὴν</span> <span class='ocrx_word' id='word_1_368' title='bbox 305 3079 404 3146; x_wconf 77' lang='grc' dir='ltr'>τῆς</span> <span class='ocrx_word' id='word_1_369' title='bbox 447 3077 661 3144; x_wconf 86' lang='grc' dir='ltr'>φύσεως</span> <span class='ocrx_word' id='word_1_370' title='bbox 692 3077 945 3146; x_wconf 87' lang='grc' dir='ltr'>δύναμιν,</span> <span class='ocrx_word' id='word_1_371' title='bbox 979 3077 1076 3130; x_wconf 74' lang='grc' dir='ltr'><strong>καὶ</strong></span> <span class='ocrx_word' id='word_1_372' title='bbox 1103 3079 1236 3132; x_wconf 75' lang='grc' dir='ltr'>πᾶσι</span> <span class='ocrx_word' id='word_1_373' title='bbox 1273 3081 1386 3142; x_wconf 83' lang='grc' dir='ltr'>τοῖς</span> <span class='ocrx_word' id='word_1_374' title='bbox 1415 3081 1748 3149; x_wconf 80' lang='grc' dir='ltr'>σωματικοῖς</span> 
     </span>
    </p>
   </div>
   <div class='ocr_carea' id='block_1_53' title="bbox 171 3168 1747 3240">
    <p class='ocr_par' dir='ltr' id='par_1_53' title="bbox 171 3168 1747 3240">
     <span class='ocr_line' id='line_1_53' title="bbox 171 3168 1747 3240; baseline 0 -18"><span class='ocrx_word' id='word_1_375' title='bbox 171 3168 271 3240; x_wconf 81' lang='grc' dir='ltr'>τὴν</span> <span class='ocrx_word' id='word_1_376' title='bbox 294 3170 613 3240; x_wconf 83' lang='grc' dir='ltr'>προαίρεσιν</span> <span class='ocrx_word' id='word_1_377' title='bbox 646 3169 955 3240; x_wconf 78' lang='grc' dir='ltr'>ἀκράτητον</span> <span class='ocrx_word' id='word_1_378' title='bbox 985 3169 1364 3240; x_wconf 84' lang='grc' dir='ltr'>ποιησώμεθα,</span> <span class='ocrx_word' id='word_1_379' title='bbox 1402 3171 1495 3223; x_wconf 77' lang='grc' dir='ltr'><strong>καὶ</strong></span> <span class='ocrx_word' id='word_1_380' title='bbox 1528 3169 1747 3224; x_wconf 84' lang='grc' dir='ltr'>πάντων</span> 
     </span>
    </p>
   </div>
   <div class='ocr_carea' id='block_1_54' title="bbox 1927 2531 3430 2606">
    <p class='ocr_par' dir='ltr' id='par_1_54' title="bbox 1927 2531 3430 2606">
     <span class='ocr_line' id='line_1_54' title="bbox 1927 2531 3430 2606; baseline 0.003 -19"><span class='ocrx_word' id='word_1_381' title='bbox 1927 2532 2153 2599; x_wconf 48' lang='lat' dir='ltr'><strong>15.,Qui</strong></span> <span class='ocrx_word' id='word_1_382' title='bbox 2182 2533 2372 2587; x_wconf 90' lang='lat' dir='ltr'><strong>divino</strong></span> <span class='ocrx_word' id='word_1_383' title='bbox 2396 2547 2584 2587; x_wconf 90' lang='lat' dir='ltr'><strong>amore</strong></span> <span class='ocrx_word' id='word_1_384' title='bbox 2621 2547 2684 2586; x_wconf 91' lang='lat' dir='ltr'><strong>ac</strong></span> <span class='ocrx_word' id='word_1_385' title='bbox 2714 2531 3027 2598; x_wconf 91' lang='lat' dir='ltr'><strong>desiderio,</strong></span> <span class='ocrx_word' id='word_1_386' title='bbox 3080 2534 3250 2589; x_wconf 89' lang='lat' dir='ltr'><strong>animi</strong></span> <span class='ocrx_word' id='word_1_387' title='bbox 3301 2551 3430 2606; x_wconf 90' lang='lat' dir='ltr'><strong>erga</strong></span> 
     </span>
    </p>
   </div>
   <div class='ocr_carea' id='block_1_55' title="bbox 1855 2622 3428 2695">
    <p class='ocr_par' dir='ltr' id='par_1_55' title="bbox 1855 2622 3428 2695">
     <span class='ocr_line' id='line_1_55' title="bbox 1855 2622 3428 2695; baseline -0.001 -16"><span class='ocrx_word' id='word_1_388' title='bbox 1855 2640 2058 2693; x_wconf 88' lang='lat' dir='ltr'><strong>corpus</strong></span> <span class='ocrx_word' id='word_1_389' title='bbox 2081 2625 2232 2695; x_wconf 82' lang='lat' dir='ltr'><strong>justo</strong></span> <span class='ocrx_word' id='word_1_390' title='bbox 2255 2622 2606 2693; x_wconf 88' lang='lat' dir='ltr'><strong>proclivioris</strong></span> <span class='ocrx_word' id='word_1_391' title='bbox 2639 2622 2868 2677; x_wconf 78' lang='lat' dir='ltr'><strong>affectus</strong></span> <span class='ocrx_word' id='word_1_392' title='bbox 2921 2638 3147 2693; x_wconf 90' lang='lat' dir='ltr'><strong>compos</strong></span> <span class='ocrx_word' id='word_1_393' title='bbox 3194 2625 3428 2690; x_wconf 79' lang='lat' dir='ltr'><strong>exstitit,</strong></span> 
     </span>
    </p>
   </div>
   <div class='ocr_carea' id='block_1_56' title="bbox 1852 2714 3428 2786">
    <p class='ocr_par' dir='ltr' id='par_1_56' title="bbox 1852 2714 3428 2786">
     <span class='ocr_line' id='line_1_56' title="bbox 1852 2714 3428 2786; baseline 0.001 -14"><span class='ocrx_word' id='word_1_394' title='bbox 1852 2717 1956 2772; x_wconf 87' lang='lat' dir='ltr'><strong>etsi</strong></span> <span class='ocrx_word' id='word_1_395' title='bbox 1991 2716 2046 2770; x_wconf 90' lang='lat' dir='ltr'><strong>in</strong></span> <span class='ocrx_word' id='word_1_396' title='bbox 2079 2731 2310 2785; x_wconf 87' lang='lat' dir='ltr'><strong>corpore</strong></span> <span class='ocrx_word' id='word_1_397' title='bbox 2345 2724 2613 2776; x_wconf 86' lang='lat' dir='ltr'><strong>versatur,</strong></span> <span class='ocrx_word' id='word_1_398' title='bbox 2650 2714 3205 2786; x_wconf 85' lang='lat' dir='ltr'><strong>incircumpscriptus</strong></span> <span class='ocrx_word' id='word_1_399' title='bbox 3231 2717 3428 2774; x_wconf 85' lang='lat' dir='ltr'><strong>evasit.</strong></span> 
     </span>
    </p>
   </div>
   <div class='ocr_carea' id='block_1_57' title="bbox 1851 2804 3430 2877">
    <p class='ocr_par' dir='ltr' id='par_1_57' title="bbox 1851 2804 3430 2877">
     <span class='ocr_line' id='line_1_57' title="bbox 1851 2804 3430 2877; baseline -0.001 -15"><span class='ocrx_word' id='word_1_400' title='bbox 1851 2807 1999 2862; x_wconf 89' lang='lat' dir='ltr'><strong>Deus</strong></span> <span class='ocrx_word' id='word_1_401' title='bbox 2019 2806 2169 2861; x_wconf 91' lang='lat' dir='ltr'><strong>enim</strong></span> <span class='ocrx_word' id='word_1_402' title='bbox 2199 2806 2292 2877; x_wconf 91' lang='lat' dir='ltr'><strong>qui</strong></span> <span class='ocrx_word' id='word_1_403' title='bbox 2317 2806 2552 2861; x_wconf 89' lang='lat' dir='ltr'><strong>amantis</strong></span> <span class='ocrx_word' id='word_1_404' title='bbox 2584 2820 2648 2860; x_wconf 88' lang='lat' dir='ltr'><strong>ac</strong></span> <span class='ocrx_word' id='word_1_405' title='bbox 2673 2804 3038 2860; x_wconf 89' lang='lat' dir='ltr'><strong>desiderantis</strong></span> <span class='ocrx_word' id='word_1_406' title='bbox 3070 2807 3430 2875; x_wconf 87' lang='lat' dir='ltr'><strong>cupiditatem</strong></span> 
     </span>
    </p>
   </div>
   <div class='ocr_carea' id='block_1_58' title="bbox 1853 2895 3432 2968">
    <p class='ocr_par' dir='ltr' id='par_1_58' title="bbox 1853 2895 3432 2968">
     <span class='ocr_line' id='line_1_58' title="bbox 1853 2895 3432 2968; baseline 0.001 -16"><span class='ocrx_word' id='word_1_407' title='bbox 1853 2898 2044 2960; x_wconf 89' lang='lat' dir='ltr'><strong>trahit,</strong></span> <span class='ocrx_word' id='word_1_408' title='bbox 2085 2897 2224 2952; x_wconf 90' lang='lat' dir='ltr'><strong>citra</strong></span> <span class='ocrx_word' id='word_1_409' title='bbox 2255 2912 2475 2951; x_wconf 89' lang='lat' dir='ltr'><strong>omnem</strong></span> <span class='ocrx_word' id='word_1_410' title='bbox 2499 2895 2968 2966; x_wconf 89' lang='lat' dir='ltr'><strong>comparationem</strong></span> <span class='ocrx_word' id='word_1_411' title='bbox 2998 2897 3217 2951; x_wconf 91' lang='lat' dir='ltr'><strong>cunctis</strong></span> <span class='ocrx_word' id='word_1_412' title='bbox 3269 2913 3432 2968; x_wconf 83' lang='lat' dir='ltr'><strong>supe-</strong></span> 
     </span>
    </p>
   </div>
   <div class='ocr_carea' id='block_1_59' title="bbox 1855 2985 3429 3052">
    <p class='ocr_par' dir='ltr' id='par_1_59' title="bbox 1855 2985 3429 3052">
     <span class='ocr_line' id='line_1_59' title="bbox 1855 2985 3429 3052; baseline -0.001 -8"><span class='ocrx_word' id='word_1_413' title='bbox 1855 2988 1969 3044; x_wconf 91' lang='lat' dir='ltr'><strong>rior</strong></span> <span class='ocrx_word' id='word_1_414' title='bbox 1993 2997 2100 3052; x_wconf 91' lang='lat' dir='ltr'><strong>est,</strong></span> <span class='ocrx_word' id='word_1_415' title='bbox 2127 3002 2231 3041; x_wconf 90' lang='lat' dir='ltr'><strong>nec</strong></span> <span class='ocrx_word' id='word_1_416' title='bbox 2260 2995 2535 3041; x_wconf 91' lang='lat' dir='ltr'><strong>amantem</strong></span> <span class='ocrx_word' id='word_1_417' title='bbox 2565 3001 2630 3040; x_wconf 89' lang='lat' dir='ltr'><strong>ac</strong></span> <span class='ocrx_word' id='word_1_418' title='bbox 2660 2985 3092 3050; x_wconf 79' lang='lat' dir='ltr'><strong>desiderantem,</strong></span> <span class='ocrx_word' id='word_1_419' title='bbox 3115 2987 3211 3040; x_wconf 88' lang='lat' dir='ltr'><strong>ulli</strong></span> <span class='ocrx_word' id='word_1_420' title='bbox 3236 3002 3429 3042; x_wconf 91' lang='lat' dir='ltr'><strong>eorum</strong></span> 
     </span>
    </p>
   </div>
   <div class='ocr_carea' id='block_1_60' title="bbox 1855 3075 3428 3148">
    <p class='ocr_par' dir='ltr' id='par_1_60' title="bbox 1855 3075 3428 3148">
     <span class='ocr_line' id='line_1_60' title="bbox 1855 3075 3428 3148; baseline -0.001 -15"><span class='ocrx_word' id='word_1_421' title='bbox 1855 3094 1977 3148; x_wconf 74' lang='lat' dir='ltr'><strong>qua:</strong></span> <span class='ocrx_word' id='word_1_422' title='bbox 2005 3094 2037 3133; x_wconf 89' lang='lat' dir='ltr'><strong>a</strong></span> <span class='ocrx_word' id='word_1_423' title='bbox 2069 3078 2182 3131; x_wconf 90' lang='lat' dir='ltr'><strong>Deo</strong></span> <span class='ocrx_word' id='word_1_424' title='bbox 2214 3076 2458 3130; x_wconf 88' lang='lat' dir='ltr'><strong>secunda</strong></span> <span class='ocrx_word' id='word_1_425' title='bbox 2485 3083 2632 3140; x_wconf 88' lang='lat' dir='ltr'><strong>sunt,</strong></span> <span class='ocrx_word' id='word_1_426' title='bbox 2653 3075 2852 3130; x_wconf 85' lang='lat' dir='ltr'><strong>affectu</strong></span> <span class='ocrx_word' id='word_1_427' title='bbox 2883 3076 3244 3132; x_wconf 68' lang='lat' dir='ltr'><strong>inhaarescere</strong></span> <span class='ocrx_word' id='word_1_428' title='bbox 3275 3077 3428 3132; x_wconf 87' lang='lat' dir='ltr'><strong>sinit.</strong></span> 
     </span>
    </p>
   </div>
   <div class='ocr_carea' id='block_1_61' title="bbox 1855 3166 3432 3238">
    <p class='ocr_par' dir='ltr' id='par_1_61' title="bbox 1855 3166 3432 3238">
     <span class='ocr_line' id='line_1_61' title="bbox 1855 3166 3432 3238; baseline -0.001 -14"><span class='ocrx_word' id='word_1_429' title='bbox 1855 3170 2029 3224; x_wconf 89' lang='lat' dir='ltr'><strong>Deum</strong></span> <span class='ocrx_word' id='word_1_430' title='bbox 2063 3169 2232 3238; x_wconf 82' lang='lat' dir='ltr'><strong>igitur</strong></span> <span class='ocrx_word' id='word_1_431' title='bbox 2257 3182 2506 3222; x_wconf 86' lang='lat' dir='ltr'><strong>amemus</strong></span> <span class='ocrx_word' id='word_1_432' title='bbox 2545 3182 2609 3221; x_wconf 89' lang='lat' dir='ltr'><strong>ac</strong></span> <span class='ocrx_word' id='word_1_433' title='bbox 2641 3166 3022 3223; x_wconf 86' lang='lat' dir='ltr'><strong>desideremus</strong></span> <span class='ocrx_word' id='word_1_434' title='bbox 3053 3168 3186 3223; x_wconf 89' lang='lat' dir='ltr'><strong>totis</strong></span> <span class='ocrx_word' id='word_1_435' title='bbox 3220 3177 3432 3224; x_wconf 66' lang='lat' dir='ltr'><strong>natura:</strong></span> 
     </span>
    </p>
   </div>
   <div class='ocr_carea' id='block_1_62' title="bbox 172 3257 1747 3333">
    <p class='ocr_par' dir='ltr' id='par_1_62' title="bbox 172 3259 1747 3333">
     <span class='ocr_line' id='line_1_62' title="bbox 172 3259 1747 3333; baseline 0.001 -21"><span class='ocrx_word' id='word_1_436' title='bbox 172 3259 283 3313; x_wconf 81' lang='grc' dir='ltr'><strong>τῶν</strong></span> <span class='ocrx_word' id='word_1_437' title='bbox 320 3259 490 3312; x_wconf 76' lang='grc' dir='ltr'>ὅντων</span> <span class='ocrx_word' id='word_1_438' title='bbox 529 3259 802 3329; x_wconf 72' lang='grc' dir='ltr'>αἰσθητῶν</span> <span class='ocrx_word' id='word_1_439' title='bbox 852 3277 914 3312; x_wconf 88' lang='grc' dir='ltr'><strong>τε</strong></span> <span class='ocrx_word' id='word_1_440' title='bbox 960 3261 1055 3313; x_wconf 76' lang='grc' dir='ltr'><strong>καὶ</strong></span> <span class='ocrx_word' id='word_1_441' title='bbox 1108 3259 1314 3331; x_wconf 84' lang='grc' dir='ltr'>νοητῶν</span> <span class='ocrx_word' id='word_1_442' title='bbox 1377 3261 1634 3332; x_wconf 81' lang='grc' dir='ltr'>ὑπεράνω</span> <span class='ocrx_word' id='word_1_443' title='bbox 1684 3263 1747 3333; x_wconf 79' lang='grc' dir='ltr'>τῇ</span> 
     </span>
    </p>
   </div>
   <div class='ocr_carea' id='block_1_63' title="bbox 1850 3257 3429 3333">
    <p class='ocr_par' dir='ltr' id='par_1_63' title="bbox 1857 3257 3429 3328">
     <span class='ocr_line' id='line_1_63' title="bbox 1857 3257 3429 3328; baseline 0.001 -17"><span class='ocrx_word' id='word_1_444' title='bbox 1857 3259 2105 3323; x_wconf 86' lang='lat' dir='ltr'><strong>viribus,</strong></span> <span class='ocrx_word' id='word_1_445' title='bbox 2157 3257 2437 3327; x_wconf 87' lang='lat' dir='ltr'><strong>nullisque</strong></span> <span class='ocrx_word' id='word_1_446' title='bbox 2483 3258 2728 3312; x_wconf 90' lang='lat' dir='ltr'><strong>animum</strong></span> <span class='ocrx_word' id='word_1_447' title='bbox 2777 3258 3065 3328; x_wconf 84' lang='lat' dir='ltr'><strong>corporeis</strong></span> <span class='ocrx_word' id='word_1_448' title='bbox 3114 3257 3429 3313; x_wconf 85' lang='lat' dir='ltr'><strong>devinctum</strong></span> 
     </span>
    </p>
   </div>
   <div class='ocr_carea' id='block_1_64' title="bbox 172 3350 1751 3423">
    <p class='ocr_par' dir='ltr' id='par_1_64' title="bbox 172 3350 1751 3423">
     <span class='ocr_line' id='line_1_64' title="bbox 172 3350 1751 3423; baseline 0 -18"><span class='ocrx_word' id='word_1_449' title='bbox 172 3350 415 3405; x_wconf 79' lang='grc' dir='ltr'>διαθέσει</span> <span class='ocrx_word' id='word_1_450' title='bbox 463 3351 777 3421; x_wconf 89' lang='grc' dir='ltr'>γενώμεθα,</span> <span class='ocrx_word' id='word_1_451' title='bbox 837 3350 931 3405; x_wconf 76' lang='grc' dir='ltr'><strong>καὶ</strong></span> <span class='ocrx_word' id='word_1_452' title='bbox 977 3351 1130 3404; x_wconf 84' lang='grc' dir='ltr'>οὐδὲν</span> <span class='ocrx_word' id='word_1_453' title='bbox 1186 3351 1328 3404; x_wconf 82' lang='grc' dir='ltr'>κατὰ</span> <span class='ocrx_word' id='word_1_454' title='bbox 1379 3351 1478 3423; x_wconf 80' lang='grc' dir='ltr'>τὴν</span> <span class='ocrx_word' id='word_1_455' title='bbox 1523 3351 1751 3422; x_wconf 76' lang='grc' dir='ltr'>γνώμην</span> 
     </span>
    </p>
   </div>
   <div class='ocr_carea' id='block_1_65' title="bbox 176 3439 1750 3517">
    <p class='ocr_par' dir='ltr' id='par_1_65' title="bbox 176 3439 1750 3517">
     <span class='ocr_line' id='line_1_65' title="bbox 176 3439 1750 3517; baseline 0 -21"><span class='ocrx_word' id='word_1_456' title='bbox 176 3446 313 3517; x_wconf 70' lang='grc' dir='ltr'>πρὸς</span> <span class='ocrx_word' id='word_1_457' title='bbox 351 3445 414 3498; x_wconf 81' lang='grc' dir='ltr'>τὸ</span> <span class='ocrx_word' id='word_1_458' title='bbox 461 3447 696 3499; x_wconf 85' lang='grc' dir='ltr'>συνεῖναι</span> <span class='ocrx_word' id='word_1_459' title='bbox 728 3442 846 3514; x_wconf 84' lang='grc' dir='ltr'><strong>Θεῷ</strong></span> <span class='ocrx_word' id='word_1_460' title='bbox 874 3441 952 3514; x_wconf 81' lang='grc' dir='ltr'>τῷ</span> <span class='ocrx_word' id='word_1_461' title='bbox 999 3442 1142 3496; x_wconf 77' lang='grc' dir='ltr'>κατὰ</span> <span class='ocrx_word' id='word_1_462' title='bbox 1173 3439 1335 3512; x_wconf 77' lang='grc' dir='ltr'>φύσιν</span> <span class='ocrx_word' id='word_1_463' title='bbox 1360 3443 1750 3514; x_wconf 84' lang='grc' dir='ltr'>άπεριγράφῳ,</span> 
     </span>
    </p>
   </div>
   <div class='ocr_carea' id='block_1_66' title="bbox 175 3532 1752 3605">
    <p class='ocr_par' dir='ltr' id='par_1_66' title="bbox 175 3532 1752 3605">
     <span class='ocr_line' id='line_1_66' title="bbox 175 3532 1752 3605; baseline -0.003 -16"><span class='ocrx_word' id='word_1_464' title='bbox 175 3536 453 3600; x_wconf 86' lang='grc' dir='ltr'>παντελῶς</span> <span class='ocrx_word' id='word_1_465' title='bbox 489 3535 593 3590; x_wconf 85' lang='grc' dir='ltr'>ὑπὸ</span> <span class='ocrx_word' id='word_1_466' title='bbox 639 3536 739 3605; x_wconf 84' lang='grc' dir='ltr'><strong>τῆς</strong></span> <span class='ocrx_word' id='word_1_467' title='bbox 778 3534 1012 3605; x_wconf 82' lang='grc' dir='ltr'>φυσικῆς</span> <span class='ocrx_word' id='word_1_468' title='bbox 1070 3534 1418 3605; x_wconf 80' lang='grc' dir='ltr'>περιγραφῆς</span> <span class='ocrx_word' id='word_1_469' title='bbox 1473 3532 1752 3605; x_wconf 78' lang='grc' dir='ltr'><strong>ζημιωθη-</strong></span> 
     </span>
    </p>
   </div>
   <div class='ocr_carea' id='block_1_67' title="bbox 177 3627 422 3697">
    <p class='ocr_par' dir='ltr' id='par_1_67' title="bbox 177 3627 422 3697">
     <span class='ocr_line' id='line_1_67' title="bbox 177 3627 422 3697; baseline 0.008 -17"><span class='ocrx_word' id='word_1_470' title='bbox 177 3627 422 3697; x_wconf 85' lang='grc' dir='ltr'>σώμεθα.</span> 
     </span>
    </p>
   </div>
   <div class='ocr_carea' id='block_1_68' title="bbox 249 3799 1754 3879">
    <p class='ocr_par' dir='ltr' id='par_1_68' title="bbox 249 3799 1754 3879">
     <span class='ocr_line' id='line_1_68' title="bbox 249 3799 1754 3879; baseline -0.002 -25"><span class='ocrx_word' id='word_1_471' title='bbox 249 3809 347 3867; x_wconf 81' lang='grc' dir='ltr'>ις’.</span> <span class='ocrx_word' id='word_1_472' title='bbox 404 3800 578 3870; x_wconf 76' lang='grc' dir='ltr'>Ἀγών</span> <span class='ocrx_word' id='word_1_473' title='bbox 610 3802 726 3854; x_wconf 78' lang='grc' dir='ltr'>ἐστι</span> <span class='ocrx_word' id='word_1_474' title='bbox 770 3801 967 3869; x_wconf 80' lang='grc' dir='ltr'>φθόνου</span> <span class='ocrx_word' id='word_1_475' title='bbox 1004 3801 1098 3854; x_wconf 76' lang='grc' dir='ltr'>καὶ</span> <span class='ocrx_word' id='word_1_476' title='bbox 1126 3799 1351 3879; x_wconf 75' lang='grc' dir='ltr'>ἀρετῆς.</span> <span class='ocrx_word' id='word_1_477' title='bbox 1376 3801 1410 3868; x_wconf 80' lang='grc' dir='ltr'><strong>ἡ</strong></span> <span class='ocrx_word' id='word_1_478' title='bbox 1442 3799 1552 3852; x_wconf 87' lang='grc' dir='ltr'><strong>τῶν</strong></span> <span class='ocrx_word' id='word_1_479' title='bbox 1581 3799 1754 3866; x_wconf 80' lang='grc' dir='ltr'>ἁγίων</span> 
     </span>
    </p>
   </div>
   <div class='ocr_carea' id='block_1_69' title="bbox 175 3890 1754 3964">
    <p class='ocr_par' dir='ltr' id='par_1_69' title="bbox 175 3890 1754 3964">
     <span class='ocr_line' id='line_1_69' title="bbox 175 3890 1754 3964; baseline -0.004 -16"><span class='ocrx_word' id='word_1_480' title='bbox 175 3893 480 3948; x_wconf 75' lang='grc' dir='ltr'>δυσπάθεια</span> <span class='ocrx_word' id='word_1_481' title='bbox 531 3895 606 3964; x_wconf 83' lang='lat' dir='ltr'><strong>(g)</strong></span> <span class='ocrx_word' id='word_1_482' title='bbox 632 3910 645 3922; x_wconf 83' lang='lat'>&#39;</span> <span class='ocrx_word' id='word_1_483' title='bbox 700 3892 794 3946; x_wconf 90' lang='grc' dir='ltr'><strong>τοῦ</strong></span> <span class='ocrx_word' id='word_1_484' title='bbox 852 3893 974 3960; x_wconf 85' lang='grc' dir='ltr'>μὲν,</span> <span class='ocrx_word' id='word_1_485' title='bbox 1029 3893 1179 3954; x_wconf 83' lang='grc' dir='ltr'>ὅπως</span> <span class='ocrx_word' id='word_1_486' title='bbox 1216 3892 1468 3962; x_wconf 82' lang='grc' dir='ltr'>κρατήσῃ</span> <span class='ocrx_word' id='word_1_487' title='bbox 1517 3890 1754 3959; x_wconf 78' lang='grc' dir='ltr'>φιλονει-</span> 
     </span>
    </p>
   </div>
   <div class='ocr_carea' id='block_1_70' title="bbox 178 3979 1754 4054">
    <p class='ocr_par' dir='ltr' id='par_1_70' title="bbox 178 3979 1754 4054">
     <span class='ocr_line' id='line_1_70' title="bbox 178 3979 1754 4054; baseline -0.003 -16"><span class='ocrx_word' id='word_1_488' title='bbox 178 3984 402 4047; x_wconf 86' lang='grc' dir='ltr'>κοῦντος</span> <span class='ocrx_word' id='word_1_489' title='bbox 426 4002 440 4015; x_wconf 89' lang='grc'><strong>·</strong></span> <span class='ocrx_word' id='word_1_490' title='bbox 477 3985 577 4054; x_wconf 84' lang='grc' dir='ltr'>τῆς</span> <span class='ocrx_word' id='word_1_491' title='bbox 626 3983 706 4048; x_wconf 81' lang='grc' dir='ltr'>δὲ,</span> <span class='ocrx_word' id='word_1_492' title='bbox 756 3984 904 4046; x_wconf 84' lang='grc' dir='ltr'>ὅπως</span> <span class='ocrx_word' id='word_1_493' title='bbox 954 3983 1223 4054; x_wconf 82' lang='grc' dir='ltr'>ἀήττητος</span> <span class='ocrx_word' id='word_1_494' title='bbox 1259 3980 1532 4054; x_wconf 80' lang='grc' dir='ltr'>διαμείνῃ,</span> <span class='ocrx_word' id='word_1_495' title='bbox 1575 3979 1754 4034; x_wconf 87' lang='grc' dir='ltr'>πάντα</span> 
     </span>
    </p>
   </div>
   <div class='ocr_carea' id='block_1_71' title="bbox 178 4071 1754 4146">
    <p class='ocr_par' dir='ltr' id='par_1_71' title="bbox 178 4071 1754 4146">
     <span class='ocr_line' id='line_1_71' title="bbox 178 4071 1754 4146; baseline -0.004 -17"><span class='ocrx_word' id='word_1_496' title='bbox 178 4075 480 4146; x_wconf 80' lang='grc' dir='ltr'>φερούσης·</span> <span class='ocrx_word' id='word_1_497' title='bbox 519 4073 726 4128; x_wconf 72' lang='grc' dir='ltr'>καὶτοῦ</span> <span class='ocrx_word' id='word_1_498' title='bbox 758 4074 878 4144; x_wconf 81' lang='grc' dir='ltr'>μὲν,</span> <span class='ocrx_word' id='word_1_499' title='bbox 906 4073 1054 4134; x_wconf 85' lang='grc' dir='ltr'>ὅπως</span> <span class='ocrx_word' id='word_1_500' title='bbox 1080 4071 1320 4146; x_wconf 80' lang='grc' dir='ltr'>εὐοδώσῃ</span> <span class='ocrx_word' id='word_1_501' title='bbox 1355 4072 1523 4125; x_wconf 83' lang='grc' dir='ltr'>κακία</span> <span class='ocrx_word' id='word_1_502' title='bbox 1555 4073 1754 4140; x_wconf 85' lang='grc' dir='ltr'>ἀγωνι-</span> 
     </span>
    </p>
   </div>
   <div class='ocr_carea' id='block_1_72' title="bbox 179 4160 1755 4238">
    <p class='ocr_par' dir='ltr' id='par_1_72' title="bbox 179 4160 1755 4238">
     <span class='ocr_line' id='line_1_72' title="bbox 179 4160 1755 4238; baseline -0.005 -17"><span class='ocrx_word' id='word_1_503' title='bbox 179 4167 431 4238; x_wconf 82' lang='grc' dir='ltr'>ζομένου,</span> <span class='ocrx_word' id='word_1_504' title='bbox 477 4166 568 4220; x_wconf 77' lang='grc' dir='ltr'><strong>διὰ</strong></span> <span class='ocrx_word' id='word_1_505' title='bbox 606 4167 703 4236; x_wconf 79' lang='grc' dir='ltr'><strong>τῆς</strong></span> <span class='ocrx_word' id='word_1_506' title='bbox 730 4165 840 4219; x_wconf 91' lang='grc' dir='ltr'><strong>τῶν</strong></span> <span class='ocrx_word' id='word_1_507' title='bbox 870 4163 1283 4236; x_wconf 88' lang='grc' dir='ltr'>κατορθούντων</span> <span class='ocrx_word' id='word_1_508' title='bbox 1315 4161 1622 4225; x_wconf 82' lang='grc' dir='ltr'>κολάσεως’</span> <span class='ocrx_word' id='word_1_509' title='bbox 1652 4160 1755 4231; x_wconf 84' lang='grc' dir='ltr'><strong>τῆς</strong></span> 
     </span>
    </p>
   </div>
   <div class='ocr_carea' id='block_1_73' title="bbox 177 4256 1756 4331">
    <p class='ocr_par' dir='ltr' id='par_1_73' title="bbox 177 4256 1756 4331">
     <span class='ocr_line' id='line_1_73' title="bbox 177 4256 1756 4331; baseline -0.004 -17"><span class='ocrx_word' id='word_1_510' title='bbox 177 4261 254 4324; x_wconf 84' lang='grc' dir='ltr'><strong>δὲ,</strong></span> <span class='ocrx_word' id='word_1_511' title='bbox 298 4262 448 4322; x_wconf 85' lang='grc' dir='ltr'>ὅπως</span> <span class='ocrx_word' id='word_1_512' title='bbox 495 4261 744 4331; x_wconf 83' lang='grc' dir='ltr'>κατάσχῃ</span> <span class='ocrx_word' id='word_1_513' title='bbox 775 4259 905 4322; x_wconf 83' lang='grc' dir='ltr'>τοὺς</span> <span class='ocrx_word' id='word_1_514' title='bbox 951 4256 1194 4326; x_wconf 81' lang='grc' dir='ltr'>ἀγαθοὺς</span> <span class='ocrx_word' id='word_1_515' title='bbox 1245 4256 1346 4309; x_wconf 84' lang='grc' dir='ltr'>κάν</span> <span class='ocrx_word' id='word_1_516' title='bbox 1390 4257 1511 4318; x_wconf 84' lang='grc' dir='ltr'>ταῖς</span> <span class='ocrx_word' id='word_1_517' title='bbox 1545 4270 1756 4324; x_wconf 82' lang='grc' dir='ltr'>συμφο-</span> 
     </span>
    </p>
   </div>
   <div class='ocr_carea' id='block_1_74' title="bbox 180 4351 852 4421">
    <p class='ocr_par' dir='ltr' id='par_1_74' title="bbox 180 4351 852 4421">
     <span class='ocr_line' id='line_1_74' title="bbox 180 4351 852 4421; baseline -0.001 -16"><span class='ocrx_word' id='word_1_518' title='bbox 180 4355 302 4421; x_wconf 81' lang='grc' dir='ltr'>ραῖς</span> <span class='ocrx_word' id='word_1_519' title='bbox 320 4351 382 4405; x_wconf 79' lang='grc' dir='ltr'>τὸ</span> <span class='ocrx_word' id='word_1_520' title='bbox 415 4351 576 4405; x_wconf 80' lang='grc' dir='ltr'>πλέον</span> <span class='ocrx_word' id='word_1_521' title='bbox 613 4351 852 4421; x_wconf 74' lang='grc' dir='ltr'>ἔχοντας.</span> 
     </span>
    </p>
   </div>
   <div class='ocr_carea' id='block_1_75' title="bbox 1850 3347 3432 3420">
    <p class='ocr_par' dir='ltr' id='par_1_75' title="bbox 1850 3347 3432 3420">
     <span class='ocr_line' id='line_1_75' title="bbox 1850 3347 3432 3420; baseline 0.001 -16"><span class='ocrx_word' id='word_1_522' title='bbox 1850 3358 2195 3419; x_wconf 53' lang='lat' dir='ltr'><strong>praestemus,</strong></span> <span class='ocrx_word' id='word_1_523' title='bbox 2228 3357 2393 3419; x_wconf 89' lang='lat' dir='ltr'><strong>atque</strong></span> <span class='ocrx_word' id='word_1_524' title='bbox 2418 3347 2622 3403; x_wconf 79' lang='lat' dir='ltr'><strong>affectu</strong></span> <span class='ocrx_word' id='word_1_525' title='bbox 2645 3363 2710 3403; x_wconf 87' lang='lat' dir='ltr'><strong>ac</strong></span> <span class='ocrx_word' id='word_1_526' title='bbox 2731 3349 3035 3413; x_wconf 88' lang='lat' dir='ltr'><strong>voluntate,</strong></span> <span class='ocrx_word' id='word_1_527' title='bbox 3063 3349 3279 3404; x_wconf 88' lang='lat' dir='ltr'><strong>cunctis</strong></span> <span class='ocrx_word' id='word_1_528' title='bbox 3308 3366 3432 3420; x_wconf 67' lang='lat' dir='ltr'><strong>quae</strong></span> 
     </span>
    </p>
   </div>
   <div class='ocr_carea' id='block_1_76' title="bbox 1849 3437 3433 3510">
    <p class='ocr_par' dir='ltr' id='par_1_76' title="bbox 1849 3437 3433 3510">
     <span class='ocr_line' id='line_1_76' title="bbox 1849 3437 3433 3510; baseline 0.001 -19"><span class='ocrx_word' id='word_1_529' title='bbox 1849 3437 1905 3492; x_wconf 90' lang='lat' dir='ltr'><strong>in</strong></span> <span class='ocrx_word' id='word_1_530' title='bbox 1935 3453 2158 3493; x_wconf 89' lang='lat' dir='ltr'><strong>sensum</strong></span> <span class='ocrx_word' id='word_1_531' title='bbox 2198 3437 2405 3492; x_wconf 89' lang='lat' dir='ltr'><strong>cadunt</strong></span> <span class='ocrx_word' id='word_1_532' title='bbox 2451 3445 2546 3491; x_wconf 92' lang='lat' dir='ltr'><strong>aut</strong></span> <span class='ocrx_word' id='word_1_533' title='bbox 2583 3447 2766 3493; x_wconf 91' lang='lat' dir='ltr'><strong>mente</strong></span> <span class='ocrx_word' id='word_1_534' title='bbox 2800 3438 3184 3510; x_wconf 80' lang='lat' dir='ltr'><strong>intelliguntur</strong></span> <span class='ocrx_word' id='word_1_535' title='bbox 3209 3480 3222 3502; x_wconf 95' lang='lat'><strong>,</strong></span> <span class='ocrx_word' id='word_1_536' title='bbox 3269 3455 3433 3508; x_wconf 81' lang='lat' dir='ltr'><strong>supe-</strong></span> 
     </span>
    </p>
   </div>
   <div class='ocr_carea' id='block_1_77' title="bbox 1851 3529 3428 3601">
    <p class='ocr_par' dir='ltr' id='par_1_77' title="bbox 1851 3529 3428 3601">
     <span class='ocr_line' id='line_1_77' title="bbox 1851 3529 3428 3601; baseline 0.001 -18"><span class='ocrx_word' id='word_1_537' title='bbox 1851 3529 2029 3586; x_wconf 92' lang='lat' dir='ltr'><strong>riores</strong></span> <span class='ocrx_word' id='word_1_538' title='bbox 2065 3530 2396 3595; x_wconf 84' lang='lat' dir='ltr'><strong>eﬂiciamur,</strong></span> <span class='ocrx_word' id='word_1_539' title='bbox 2434 3529 2679 3600; x_wconf 89' lang='lat' dir='ltr'><strong>nihilque</strong></span> <span class='ocrx_word' id='word_1_540' title='bbox 2723 3546 2954 3601; x_wconf 89' lang='lat' dir='ltr'><strong>prorsus</strong></span> <span class='ocrx_word' id='word_1_541' title='bbox 2995 3532 3262 3586; x_wconf 89' lang='lat' dir='ltr'><strong>naturalis</strong></span> <span class='ocrx_word' id='word_1_542' title='bbox 3316 3531 3428 3586; x_wconf 89' lang='lat' dir='ltr'><strong>cir-</strong></span> 
     </span>
    </p>
   </div>
   <div class='ocr_carea' id='block_1_78' title="bbox 1849 3621 3430 3691">
    <p class='ocr_par' dir='ltr' id='par_1_78' title="bbox 1849 3621 3430 3691">
     <span class='ocr_line' id='line_1_78' title="bbox 1849 3621 3430 3691; baseline 0 -15"><span class='ocrx_word' id='word_1_543' title='bbox 1849 3623 2207 3691; x_wconf 86' lang='lat' dir='ltr'><strong>cumscriptio</strong></span> <span class='ocrx_word' id='word_1_544' title='bbox 2232 3621 2436 3685; x_wconf 90' lang='lat' dir='ltr'><strong>oberit,</strong></span> <span class='ocrx_word' id='word_1_545' title='bbox 2463 3622 2598 3690; x_wconf 91' lang='lat' dir='ltr'><strong>quin</strong></span> <span class='ocrx_word' id='word_1_546' title='bbox 2631 3628 2816 3675; x_wconf 86' lang='lat' dir='ltr'><strong>mente</strong></span> <span class='ocrx_word' id='word_1_547' title='bbox 2849 3629 2906 3676; x_wconf 90' lang='lat' dir='ltr'><strong>et</strong></span> <span class='ocrx_word' id='word_1_548' title='bbox 2926 3621 3134 3685; x_wconf 87' lang='lat' dir='ltr'><strong>animo,</strong></span> <span class='ocrx_word' id='word_1_549' title='bbox 3161 3637 3288 3676; x_wconf 91' lang='lat' dir='ltr'><strong>cum</strong></span> <span class='ocrx_word' id='word_1_550' title='bbox 3313 3621 3430 3676; x_wconf 91' lang='lat' dir='ltr'><strong>Deo</strong></span> 
     </span>
    </p>
   </div>
   <div class='ocr_carea' id='block_1_79' title="bbox 1850 3710 2898 3778">
    <p class='ocr_par' dir='ltr' id='par_1_79' title="bbox 1850 3710 2898 3778">
     <span class='ocr_line' id='line_1_79' title="bbox 1850 3710 2898 3778; baseline -0.002 -15"><span class='ocrx_word' id='word_1_551' title='bbox 1850 3719 2047 3763; x_wconf 89' lang='lat' dir='ltr'><strong>natura</strong></span> <span class='ocrx_word' id='word_1_552' title='bbox 2075 3710 2559 3778; x_wconf 90' lang='lat' dir='ltr'><strong>incircumscripto</strong></span> <span class='ocrx_word' id='word_1_553' title='bbox 2589 3723 2898 3762; x_wconf 90' lang='lat' dir='ltr'><strong>versemur.</strong></span> 
     </span>
    </p>
   </div>
   <div class='ocr_carea' id='block_1_80' title="bbox 1924 3799 3428 3871">
    <p class='ocr_par' dir='ltr' id='par_1_80' title="bbox 1924 3799 3428 3871">
     <span class='ocr_line' id='line_1_80' title="bbox 1924 3799 3428 3871; baseline 0.003 -18"><span class='ocrx_word' id='word_1_554' title='bbox 1924 3800 2013 3854; x_wconf 77' lang='grc'><strong>16.</strong></span> <span class='ocrx_word' id='word_1_555' title='bbox 2048 3799 2276 3855; x_wconf 69' lang='lat' dir='ltr'><strong>Invidiae</strong></span> <span class='ocrx_word' id='word_1_556' title='bbox 2304 3801 2637 3868; x_wconf 89' lang='lat' dir='ltr'><strong>virtutisque</strong></span> <span class='ocrx_word' id='word_1_557' title='bbox 2694 3809 2978 3854; x_wconf 90' lang='lat' dir='ltr'><strong>certamen</strong></span> <span class='ocrx_word' id='word_1_558' title='bbox 3015 3807 3102 3855; x_wconf 91' lang='lat' dir='ltr'><strong>est</strong></span> <span class='ocrx_word' id='word_1_559' title='bbox 3146 3815 3210 3855; x_wconf 93' lang='lat' dir='ltr'><strong>ae</strong></span> <span class='ocrx_word' id='word_1_560' title='bbox 3245 3816 3428 3871; x_wconf 82' lang='lat' dir='ltr'><strong>pugna</strong></span> 
     </span>
    </p>
   </div>
   <div class='ocr_carea' id='block_1_81' title="bbox 1852 3890 3425 3946">
    <p class='ocr_par' dir='ltr' id='par_1_81' title="bbox 1852 3890 3425 3946">
     <span class='ocr_line' id='line_1_81' title="bbox 1852 3890 3425 3946; baseline 0 0"><span class='ocrx_word' id='word_1_561' title='bbox 1852 3898 2171 3946; x_wconf 86' lang='lat' dir='ltr'><strong>sanctorum</strong></span> <span class='ocrx_word' id='word_1_562' title='bbox 2206 3891 2368 3945; x_wconf 88' lang='lat' dir='ltr'><strong>malis</strong></span> <span class='ocrx_word' id='word_1_563' title='bbox 2389 3891 2712 3946; x_wconf 88' lang='lat' dir='ltr'><strong>obsistendo</strong></span> <span class='ocrx_word' id='word_1_564' title='bbox 2737 3890 2968 3945; x_wconf 86' lang='lat' dir='ltr'><strong>firmitas</strong></span> <span class='ocrx_word' id='word_1_565' title='bbox 2993 3906 3058 3945; x_wconf 94' lang='lat' dir='ltr'><strong>ac</strong></span> <span class='ocrx_word' id='word_1_566' title='bbox 3077 3893 3385 3946; x_wconf 83' lang='lat' dir='ltr'><strong>constantia</strong></span> <span class='ocrx_word' id='word_1_567' title='bbox 3409 3909 3425 3946; x_wconf 84' lang='lat'><strong>:</strong></span> 
     </span>
    </p>
   </div>
   <div class='ocr_carea' id='block_1_82' title="bbox 1857 3981 3427 4052">
    <p class='ocr_par' dir='ltr' id='par_1_82' title="bbox 1857 3981 3427 4052">
     <span class='ocr_line' id='line_1_82' title="bbox 1857 3981 3427 4052; baseline 0.001 -16"><span class='ocrx_word' id='word_1_568' title='bbox 1857 3981 2030 4036; x_wconf 89' lang='lat' dir='ltr'><strong>altera</strong></span> <span class='ocrx_word' id='word_1_569' title='bbox 2060 3981 2283 4050; x_wconf 89' lang='lat' dir='ltr'><strong>quidem</strong></span> <span class='ocrx_word' id='word_1_570' title='bbox 2309 3982 2554 4037; x_wconf 89' lang='lat' dir='ltr'><strong>enitente</strong></span> <span class='ocrx_word' id='word_1_571' title='bbox 2585 3994 2647 4037; x_wconf 90' lang='lat' dir='ltr'><strong>ut</strong></span> <span class='ocrx_word' id='word_1_572' title='bbox 2677 3983 2906 4037; x_wconf 88' lang='lat' dir='ltr'><strong>victoria</strong></span> <span class='ocrx_word' id='word_1_573' title='bbox 2935 3981 3218 4052; x_wconf 87' lang='lat' dir='ltr'><strong>potiatur;</strong></span> <span class='ocrx_word' id='word_1_574' title='bbox 3254 3982 3427 4038; x_wconf 86' lang='lat' dir='ltr'><strong>altera</strong></span> 
     </span>
    </p>
   </div>
   <div class='ocr_carea' id='block_1_83' title="bbox 1855 4073 3426 4146">
    <p class='ocr_par' dir='ltr' id='par_1_83' title="bbox 1855 4073 3426 4146">
     <span class='ocr_line' id='line_1_83' title="bbox 1855 4073 3426 4146; baseline 0.003 -20"><span class='ocrx_word' id='word_1_575' title='bbox 1855 4087 1990 4127; x_wconf 87' lang='lat' dir='ltr'><strong>vero</strong></span> <span class='ocrx_word' id='word_1_576' title='bbox 2020 4082 2219 4128; x_wconf 90' lang='lat' dir='ltr'><strong>cuncta</strong></span> <span class='ocrx_word' id='word_1_577' title='bbox 2246 4073 2458 4128; x_wconf 81' lang='lat' dir='ltr'><strong>ferente</strong></span> <span class='ocrx_word' id='word_1_578' title='bbox 2491 4082 2550 4128; x_wconf 93' lang='lat' dir='ltr'><strong>ut</strong></span> <span class='ocrx_word' id='word_1_579' title='bbox 2577 4076 2784 4129; x_wconf 86' lang='lat' dir='ltr'><strong>invicta</strong></span> <span class='ocrx_word' id='word_1_580' title='bbox 2803 4076 3184 4130; x_wconf 88' lang='lat' dir='ltr'><strong>consistat:ac</strong></span> <span class='ocrx_word' id='word_1_581' title='bbox 3197 4077 3426 4146; x_wconf 89' lang='lat' dir='ltr'><strong>quidem</strong></span> 
     </span>
    </p>
   </div>
   <div class='ocr_carea' id='block_1_84' title="bbox 1853 4162 3427 4237">
    <p class='ocr_par' dir='ltr' id='par_1_84' title="bbox 1853 4162 3427 4237">
     <span class='ocr_line' id='line_1_84' title="bbox 1853 4162 3427 4237; baseline 0.003 -19"><span class='ocrx_word' id='word_1_582' title='bbox 1853 4162 2062 4218; x_wconf 81' lang='lat' dir='ltr'><strong>invidia</strong></span> <span class='ocrx_word' id='word_1_583' title='bbox 2091 4163 2147 4218; x_wconf 91' lang='lat' dir='ltr'><strong>in</strong></span> <span class='ocrx_word' id='word_1_584' title='bbox 2180 4164 2287 4220; x_wconf 88' lang='lat' dir='ltr'><strong>hoc</strong></span> <span class='ocrx_word' id='word_1_585' title='bbox 2313 4172 2560 4221; x_wconf 87' lang='lat' dir='ltr'><strong>certante</strong></span> <span class='ocrx_word' id='word_1_586' title='bbox 2593 4176 2653 4221; x_wconf 88' lang='lat' dir='ltr'><strong>ut</strong></span> <span class='ocrx_word' id='word_1_587' title='bbox 2691 4166 2886 4222; x_wconf 88' lang='lat' dir='ltr'><strong>vitium</strong></span> <span class='ocrx_word' id='word_1_588' title='bbox 2936 4182 3001 4223; x_wconf 89' lang='lat' dir='ltr'><strong>ac</strong></span> <span class='ocrx_word' id='word_1_589' title='bbox 3051 4167 3261 4221; x_wconf 91' lang='lat' dir='ltr'><strong>malitia</strong></span> <span class='ocrx_word' id='word_1_590' title='bbox 3294 4182 3427 4237; x_wconf 87' lang='lat' dir='ltr'><strong>pro-</strong></span> 
     </span>
    </p>
   </div>
   <div class='ocr_carea' id='block_1_85' title="bbox 1857 4256 3429 4328">
    <p class='ocr_par' dir='ltr' id='par_1_85' title="bbox 1857 4256 3429 4328">
     <span class='ocr_line' id='line_1_85' title="bbox 1857 4256 3429 4328; baseline 0.002 -18"><span class='ocrx_word' id='word_1_591' title='bbox 1857 4270 2051 4325; x_wconf 89' lang='lat' dir='ltr'><strong>speros</strong></span> <span class='ocrx_word' id='word_1_592' title='bbox 2082 4270 2375 4312; x_wconf 89' lang='lat' dir='ltr'><strong>successus</strong></span> <span class='ocrx_word' id='word_1_593' title='bbox 2403 4256 2622 4322; x_wconf 87' lang='lat' dir='ltr'><strong>habeat,</strong></span> <span class='ocrx_word' id='word_1_594' title='bbox 2656 4273 2848 4313; x_wconf 88' lang='lat' dir='ltr'><strong>eorum</strong></span> <span class='ocrx_word' id='word_1_595' title='bbox 2881 4273 3061 4328; x_wconf 86' lang='lat' dir='ltr'><strong>poena.</strong></span> <span class='ocrx_word' id='word_1_596' title='bbox 3085 4259 3178 4328; x_wconf 92' lang='lat' dir='ltr'><strong>qui</strong></span> <span class='ocrx_word' id='word_1_597' title='bbox 3215 4274 3278 4313; x_wconf 87' lang='lat' dir='ltr'><strong>ea</strong></span> <span class='ocrx_word' id='word_1_598' title='bbox 3304 4274 3429 4328; x_wconf 67' lang='lat' dir='ltr'><strong>quae</strong></span> 
     </span>
    </p>
   </div>
   <div class='ocr_carea' id='block_1_86' title="bbox 1857 4347 3430 4422">
    <p class='ocr_par' dir='ltr' id='par_1_86' title="bbox 1857 4347 3430 4422">
     <span class='ocr_line' id='line_1_86' title="bbox 1857 4347 3430 4422; baseline 0.002 -19"><span class='ocrx_word' id='word_1_599' title='bbox 1857 4347 2022 4404; x_wconf 78' lang='lat' dir='ltr'><strong>cilicii</strong></span> <span class='ocrx_word' id='word_1_600' title='bbox 2046 4356 2175 4403; x_wconf 85' lang='lat' dir='ltr'><strong>sunt</strong></span> <span class='ocrx_word' id='word_1_601' title='bbox 2200 4359 2466 4418; x_wconf 77' lang='lat' dir='ltr'><strong>peragant</strong></span> <span class='ocrx_word' id='word_1_602' title='bbox 2491 4365 2556 4406; x_wconf 88' lang='lat' dir='ltr'><strong>ac</strong></span> <span class='ocrx_word' id='word_1_603' title='bbox 2585 4349 2845 4404; x_wconf 87' lang='lat' dir='ltr'><strong>virtutem</strong></span> <span class='ocrx_word' id='word_1_604' title='bbox 2880 4358 3141 4420; x_wconf 62' lang='lat' dir='ltr'><strong>praestent</strong></span> <span class='ocrx_word' id='word_1_605' title='bbox 3162 4367 3177 4417; x_wconf 90' lang='lat'><strong>;</strong></span> <span class='ocrx_word' id='word_1_606' title='bbox 3201 4350 3430 4422; x_wconf 83' lang='lat' dir='ltr'><strong>ipsaque</strong></span> 
     </span>
    </p>
   </div>
   <div class='ocr_carea' id='block_1_87' title="bbox 177 4438 2497 4513">
    <p class='ocr_par' dir='ltr' id='par_1_87' title="bbox 177 4438 2497 4513">
     <span class='ocr_line' id='line_1_87' title="bbox 177 4438 2497 4513; baseline -0.001 -14"><span class='ocrx_word' id='word_1_607' title='bbox 177 4445 408 4507; x_wconf 86' lang='lat' dir='ltr'><strong>virtute,</strong></span> <span class='ocrx_word' id='word_1_608' title='bbox 441 4451 502 4498; x_wconf 91' lang='lat' dir='ltr'><strong>ut</strong></span> <span class='ocrx_word' id='word_1_609' title='bbox 536 4443 762 4513; x_wconf 89' lang='lat' dir='ltr'><strong>probos,</strong></span> <span class='ocrx_word' id='word_1_610' title='bbox 791 4441 876 4497; x_wconf 91' lang='lat' dir='ltr'><strong>vel</strong></span> <span class='ocrx_word' id='word_1_611' title='bbox 913 4441 966 4496; x_wconf 92' lang='lat' dir='ltr'><strong>in</strong></span> <span class='ocrx_word' id='word_1_612' title='bbox 995 4441 1260 4496; x_wconf 71' lang='lat' dir='ltr'><strong>azrumnis</strong></span> <span class='ocrx_word' id='word_1_613' title='bbox 1297 4454 1362 4495; x_wconf 89' lang='lat' dir='ltr'><strong>ac</strong></span> <span class='ocrx_word' id='word_1_614' title='bbox 1388 4438 1514 4494; x_wconf 83' lang='lat' dir='ltr'><strong>vitae</strong></span> <span class='ocrx_word' id='word_1_615' title='bbox 1557 4439 1738 4506; x_wconf 89' lang='lat' dir='ltr'><strong>malis,</strong></span> <span class='ocrx_word' id='word_1_616' title='bbox 1781 4441 1999 4511; x_wconf 90' lang='lat' dir='ltr'><strong>potiore</strong></span> <span class='ocrx_word' id='word_1_617' title='bbox 2025 4450 2174 4497; x_wconf 86' lang='lat' dir='ltr'><strong>sorte</strong></span> <span class='ocrx_word' id='word_1_618' title='bbox 2198 4441 2497 4497; x_wconf 85' lang='lat' dir='ltr'><strong>contineat.</strong></span> 
     </span>
    </p>
   </div>
   <div class='ocr_carea' id='block_1_88' title="bbox 250 4561 664 4624">
    <p class='ocr_par' dir='ltr' id='par_1_88' title="bbox 250 4561 664 4624">
     <span class='ocr_line' id='line_1_88' title="bbox 250 4561 664 4624; baseline -0.014 -6"><span class='ocrx_word' id='word_1_619' title='bbox 250 4563 272 4595; x_wconf 84' lang='grc'><strong><em>⁵</em></strong></span> <span class='ocrx_word' id='word_1_620' title='bbox 301 4562 466 4618; x_wconf 80' lang='lat' dir='ltr'><strong>Hebr.</strong></span> <span class='ocrx_word' id='word_1_621' title='bbox 509 4578 579 4624; x_wconf 70' lang='grc' dir='ltr'>ιιι,</span> <span class='ocrx_word' id='word_1_622' title='bbox 613 4561 664 4614; x_wconf 80' lang='grc'><strong>1.</strong></span> 
     </span>
    </p>
   </div>
   <div class='ocr_carea' id='block_1_89' title="bbox 253 4661 1747 4748">
    <p class='ocr_par' dir='ltr' id='par_1_89' title="bbox 253 4661 1747 4748">
     <span class='ocr_line' id='line_1_89' title="bbox 253 4661 1747 4748; baseline -0.01 -17"><span class='ocrx_word' id='word_1_623' title='bbox 253 4674 328 4748; x_wconf 82' lang='lat' dir='ltr'><strong>(g)</strong></span> <span class='ocrx_word' id='word_1_624' title='bbox 381 4675 442 4730; x_wconf 89' lang='grc' dir='ltr'><em>Ἠ</em></span> <span class='ocrx_word' id='word_1_625' title='bbox 491 4671 609 4726; x_wconf 77' lang='grc' dir='ltr'>τῶν</span> <span class='ocrx_word' id='word_1_626' title='bbox 652 4671 852 4748; x_wconf 53' lang='lat' dir='ltr'><strong>firm?</strong></span> <span class='ocrx_word' id='word_1_627' title='bbox 901 4663 1506 4748; x_wconf 31' lang='lat' dir='ltr'><strong>61‘,vaatd08ta..sensus</strong></span> <span class='ocrx_word' id='word_1_628' title='bbox 1537 4661 1747 4744; x_wconf 71' lang='lat' dir='ltr'><strong>Maximi</strong></span> 
     </span>
    </p>
   </div>
   <div class='ocr_carea' id='block_1_90' title="bbox 1850 4661 3428 4748">
    <p class='ocr_par' dir='ltr' id='par_1_90' title="bbox 1860 4661 3428 4748">
     <span class='ocr_line' id='line_1_90' title="bbox 1860 4661 3428 4748; baseline 0 -30"><span class='ocrx_word' id='word_1_629' title='bbox 1860 4664 2106 4748; x_wconf 63' lang='lat' dir='ltr'><strong>potiores</strong></span> <span class='ocrx_word' id='word_1_630' title='bbox 2129 4670 2259 4717; x_wconf 91' lang='lat' dir='ltr'><strong>sunt</strong></span> <span class='ocrx_word' id='word_1_631' title='bbox 2297 4680 2310 4716; x_wconf 92' lang='lat'><strong>:</strong></span> <span class='ocrx_word' id='word_1_632' title='bbox 2354 4663 2546 4748; x_wconf 57' lang='lat' dir='ltr'><strong>Melior</strong></span> <span class='ocrx_word' id='word_1_633' title='bbox 2577 4663 2745 4745; x_wconf 76' lang='lat' dir='ltr'><strong>longe</strong></span> <span class='ocrx_word' id='word_1_634' title='bbox 2763 4661 3024 4748; x_wconf 53' lang='lat' dir='ltr'><strong>.conditio</strong></span> <span class='ocrx_word' id='word_1_635' title='bbox 3047 4676 3210 4747; x_wconf 45' lang='lat' dir='ltr'><strong>qua‘m</strong></span> <span class='ocrx_word' id='word_1_636' title='bbox 3253 4663 3428 4748; x_wconf 75' lang='lat' dir='ltr'><strong>malo-</strong></span> 
     </span>
    </p>
   </div>
   <div class='ocr_carea' id='block_1_91' title="bbox 176 4733 1756 4815">
    <p class='ocr_par' dir='ltr' id='par_1_91' title="bbox 176 4733 1756 4815">
     <span class='ocr_line' id='line_1_91' title="bbox 176 4733 1756 4815; baseline -0.008 -18"><span class='ocrx_word' id='word_1_637' title='bbox 176 4733 376 4812; x_wconf 51' lang='lat' dir='ltr'><strong>est‘,wea</strong></span> <span class='ocrx_word' id='word_1_638' title='bbox 403 4759 583 4815; x_wconf 86' lang='lat' dir='ltr'><strong>pugna</strong></span> <span class='ocrx_word' id='word_1_639' title='bbox 614 4733 734 4794; x_wconf 83' lang='lat' dir='ltr'><strong>vitii</strong></span> <span class='ocrx_word' id='word_1_640' title='bbox 775 4737 1104 4815; x_wconf 83' lang='lat' dir='ltr'><strong>ac_virtntis,</strong></span> <span class='ocrx_word' id='word_1_641' title='bbox 1135 4734 1293 4815; x_wconf 74' lang='lat' dir='ltr'><strong>quasi</strong></span> <span class='ocrx_word' id='word_1_642' title='bbox 1313 4733 1632 4815; x_wconf 69' lang='lat' dir='ltr'><strong>durari__qui</strong></span> <span class='ocrx_word' id='word_1_643' title='bbox 1655 4748 1756 4815; x_wconf 69' lang='lat' dir='ltr'><strong>se-</strong></span> 
     </span>
    </p>
   </div>
   <div class='ocr_carea' id='block_1_92' title="bbox 179 4802 1753 4873">
    <p class='ocr_par' dir='ltr' id='par_1_92' title="bbox 179 4802 1753 4873">
     <span class='ocr_line' id='line_1_92' title="bbox 179 4802 1753 4873; baseline 0.002 -8"><span class='ocrx_word' id='word_1_644' title='bbox 179 4802 521 4873; x_wconf 56' lang='lat' dir='ltr'><strong>rio&#39;virtntﬁ‘.</strong></span> <span class='ocrx_word' id='word_1_645' title='bbox 550 4814 792 4868; x_wconf 84' lang='lat' dir='ltr'><strong>cultores</strong></span> <span class='ocrx_word' id='word_1_646' title='bbox 821 4809 952 4870; x_wconf 90' lang='lat' dir='ltr'><strong>sint,</strong></span> <span class='ocrx_word' id='word_1_647' title='bbox 995 4815 1057 4859; x_wconf 90' lang='lat' dir='ltr'><strong>ut</strong></span> <span class='ocrx_word' id='word_1_648' title='bbox 1086 4802 1196 4858; x_wconf 81' lang='lat' dir='ltr'><strong>non</strong></span> <span class='ocrx_word' id='word_1_649' title='bbox 1223 4804 1383 4858; x_wconf 82' lang='lat' dir='ltr'><strong>facile</strong></span> <span class='ocrx_word' id='word_1_650' title='bbox 1418 4802 1540 4858; x_wconf 70' lang='lat' dir='ltr'><strong>laedi</strong></span> <span class='ocrx_word' id='word_1_651' title='bbox 1561 4819 1589 4858; x_wconf 80' lang='lat' dir='ltr'><strong>a</strong></span> <span class='ocrx_word' id='word_1_652' title='bbox 1615 4803 1753 4858; x_wconf 77' lang='grc' dir='ltr'>νίιίο</span> 
     </span>
    </p>
   </div>
   <div class='ocr_carea' id='block_1_93' title="bbox 177 4873 1751 4957">
    <p class='ocr_par' dir='ltr' id='par_1_93' title="bbox 177 4873 1751 4957">
     <span class='ocr_line' id='line_1_93' title="bbox 177 4873 1751 4957; baseline -0.01 -14"><span class='ocrx_word' id='word_1_653' title='bbox 177 4887 410 4957; x_wconf 88' lang='lat' dir='ltr'><strong>possint.</strong></span> <span class='ocrx_word' id='word_1_654' title='bbox 454 4885 579 4938; x_wconf 65' lang='lat' dir='ltr'><strong>Haec</strong></span> <span class='ocrx_word' id='word_1_655' title='bbox 610 4882 758 4957; x_wconf 81' lang='lat' dir='ltr'><strong>enim</strong></span> <span class='ocrx_word' id='word_1_656' title='bbox 789 4879 1045 4957; x_wconf 56' lang='lat' dir='ltr'><strong>vismejus</strong></span> <span class='ocrx_word' id='word_1_657' title='bbox 1080 4875 1262 4957; x_wconf 77' lang='lat' dir='ltr'><strong>vocis,</strong></span> <span class='ocrx_word' id='word_1_658' title='bbox 1297 4882 1358 4957; x_wconf 77' lang='lat' dir='ltr'><strong>ut</strong></span> <span class='ocrx_word' id='word_1_659' title='bbox 1400 4873 1488 4957; x_wconf 76' lang='lat' dir='ltr'><strong>hic</strong></span> <span class='ocrx_word' id='word_1_660' title='bbox 1518 4873 1751 4957; x_wconf 74' lang='lat' dir='ltr'><strong>Maximo</strong></span> 
     </span>
    </p>
   </div>
   <div class='ocr_carea' id='block_1_94' title="bbox 179 4944 1751 5025">
    <p class='ocr_par' dir='ltr' id='par_1_94' title="bbox 179 4944 1751 5025">
     <span class='ocr_line' id='line_1_94' title="bbox 179 4944 1751 5025; baseline -0.01 -13"><span class='ocrx_word' id='word_1_661' title='bbox 179 4944 497 5025; x_wconf 69' lang='lat' dir='ltr'><strong>usurpatur,</strong></span> <span class='ocrx_word' id='word_1_662' title='bbox 560 4955 718 5025; x_wconf 61' lang='lat' dir='ltr'><strong>cujus</strong></span> <span class='ocrx_word' id='word_1_663' title='bbox 760 4944 1444 5025; x_wconf 44' lang='lat' dir='ltr'><strong>significationisnexstant</strong></span> <span class='ocrx_word' id='word_1_664' title='bbox 1501 4944 1751 5025; x_wconf 75' lang='lat' dir='ltr'><strong>exempla</strong></span> 
     </span>
    </p>
   </div>
   <div class='ocr_carea' id='block_1_95' title="bbox 177 5013 1748 5096">
    <p class='ocr_par' dir='ltr' id='par_1_95' title="bbox 177 5013 1748 5096">
     <span class='ocr_line' id='line_1_95' title="bbox 177 5013 1748 5096; baseline -0.009 -15"><span class='ocrx_word' id='word_1_665' title='bbox 177 5013 333 5096; x_wconf 48' lang='lat' dir='ltr'><strong>apud.</strong></span> <span class='ocrx_word' id='word_1_666' title='bbox 373 5013 512 5096; x_wconf 84' lang='lat' dir='ltr'><strong>Bud.</strong></span> <span class='ocrx_word' id='word_1_667' title='bbox 549 5013 834 5096; x_wconf 50' lang='lat' dir='ltr'><strong>et_’llenr.&#39;</strong></span> <span class='ocrx_word' id='word_1_668' title='bbox 863 5017 1139 5096; x_wconf 57' lang='lat' dir='ltr'><strong>Stephan.</strong></span> <span class='ocrx_word' id='word_1_669' title='bbox 1176 5014 1326 5068; x_wconf 77' lang='lat' dir='ltr'><strong>Nihil</strong></span> <span class='ocrx_word' id='word_1_670' title='bbox 1353 5013 1420 5066; x_wconf 87' lang='lat' dir='ltr'><strong>ad</strong></span> <span class='ocrx_word' id='word_1_671' title='bbox 1449 5028 1564 5096; x_wconf 73' lang='lat' dir='ltr'><strong>rem</strong></span> <span class='ocrx_word' id='word_1_672' title='bbox 1600 5013 1748 5084; x_wconf 85' lang='lat' dir='ltr'><strong>quod</strong></span> 
     </span>
    </p>
   </div>
   <div class='ocr_carea' id='block_1_96' title="bbox 179 5085 1749 5161">
    <p class='ocr_par' dir='ltr' id='par_1_96' title="bbox 179 5085 1749 5161">
     <span class='ocr_line' id='line_1_96' title="bbox 179 5085 1749 5161; baseline -0.01 -10"><span class='ocrx_word' id='word_1_673' title='bbox 179 5085 365 5150; x_wconf 75' lang='lat' dir='ltr'><strong>reddit</strong></span> <span class='ocrx_word' id='word_1_674' title='bbox 388 5095 572 5157; x_wconf 87' lang='lat' dir='ltr'><strong>Picus,</strong></span> <span class='ocrx_word' id='word_1_675' title='bbox 598 5085 975 5161; x_wconf 72' lang='lat' dir='ltr'><strong>Repugnantia</strong></span> <span class='ocrx_word' id='word_1_676' title='bbox 983 5087 1272 5161; x_wconf 68' lang='lat' dir='ltr'><strong>affectuum</strong></span> <span class='ocrx_word' id='word_1_677' title='bbox 1294 5099 1412 5161; x_wconf 57' lang='lat' dir='ltr'><strong>quis</strong></span> <span class='ocrx_word' id='word_1_678' title='bbox 1438 5092 1516 5136; x_wconf 79' lang='lat' dir='ltr'><strong>est</strong></span> <span class='ocrx_word' id='word_1_679' title='bbox 1539 5085 1594 5161; x_wconf 69' lang='lat' dir='ltr'><strong>i_n_</strong></span> <span class='ocrx_word' id='word_1_680' title='bbox 1620 5099 1749 5161; x_wconf 36' lang='lat' dir='ltr'><strong>sane</strong></span> 
     </span>
    </p>
   </div>
   <div class='ocr_carea' id='block_1_97' title="bbox 177 5153 1749 5235">
    <p class='ocr_par' dir='ltr' id='par_1_97' title="bbox 177 5153 1749 5235">
     <span class='ocr_line' id='line_1_97' title="bbox 177 5153 1749 5235; baseline -0.008 -15"><span class='ocrx_word' id='word_1_681' title='bbox 177 5167 273 5221; x_wconf 76' lang='lat' dir='ltr'><strong>etis</strong></span> <span class='ocrx_word' id='word_1_682' title='bbox 309 5182 327 5220; x_wconf 93' lang='lat'><strong><em>:</em></strong></span> <span class='ocrx_word' id='word_1_683' title='bbox 363 5153 782 5235; x_wconf 62' lang='lat' dir='ltr'><strong>quemsens&#39;uu&#39;)</strong></span> <span class='ocrx_word' id='word_1_684' title='bbox 810 5173 914 5235; x_wconf 79' lang='lat' dir='ltr'><strong>vox</strong></span> <span class='ocrx_word' id='word_1_685' title='bbox 961 5153 1055 5235; x_wconf 68' lang='lat' dir='ltr'><strong>illa</strong></span> <span class='ocrx_word' id='word_1_686' title='bbox 1095 5171 1219 5235; x_wconf 77' lang='lat' dir='ltr'><strong>non</strong></span> <span class='ocrx_word' id='word_1_687' title='bbox 1249 5153 1509 5235; x_wconf 85' lang='lat' dir='ltr'><strong>partitur.</strong></span> <span class='ocrx_word' id='word_1_688' title='bbox 1556 5153 1749 5235; x_wconf 58' lang='lat' dir='ltr'><strong>Posset</strong></span> 
     </span>
    </p>
   </div>
   <div class='ocr_carea' id='block_1_98' title="bbox 177 5223 1749 5306">
    <p class='ocr_par' dir='ltr' id='par_1_98' title="bbox 177 5223 1749 5306">
     <span class='ocr_line' id='line_1_98' title="bbox 177 5223 1749 5306; baseline -0.01 -14"><span class='ocrx_word' id='word_1_689' title='bbox 177 5223 405 5306; x_wconf 79' lang='lat' dir='ltr'><strong>quidem</strong></span> <span class='ocrx_word' id='word_1_690' title='bbox 451 5233 629 5306; x_wconf 82' lang='lat' dir='ltr'><strong>reddi,</strong></span> <span class='ocrx_word' id='word_1_691' title='bbox 661 5229 922 5306; x_wconf 64' lang='lat' dir='ltr'><strong>Molestia,</strong></span> <span class='ocrx_word' id='word_1_692' title='bbox 962 5225 1150 5306; x_wconf 34' lang='lat' dir='ltr'><strong>labors.</strong></span> <span class='ocrx_word' id='word_1_693' title='bbox 1170 5223 1314 5306; x_wconf 50' lang='lat' dir='ltr'><strong>etc},</strong></span> <span class='ocrx_word' id='word_1_694' title='bbox 1342 5233 1403 5306; x_wconf 75' lang='lat' dir='ltr'><strong>ut</strong></span> <span class='ocrx_word' id='word_1_695' title='bbox 1434 5223 1749 5306; x_wconf 36' lang='lat' dir='ltr'><strong>cap.”l9_et</strong></span> 
     </span>
    </p>
   </div>
   <div class='ocr_carea' id='block_1_99' title="bbox 177 5294 1748 5376">
    <p class='ocr_par' dir='ltr' id='par_1_99' title="bbox 177 5294 1748 5376">
     <span class='ocr_line' id='line_1_99' title="bbox 177 5294 1748 5376; baseline -0.011 -13"><span class='ocrx_word' id='word_1_696' title='bbox 177 5294 245 5376; x_wconf 57' lang='grc' dir='ltr'>ἐι</span> <span class='ocrx_word' id='word_1_697' title='bbox 273 5324 289 5373; x_wconf 87' lang='lat'><strong>;</strong></span> <span class='ocrx_word' id='word_1_698' title='bbox 319 5306 416 5362; x_wconf 85' lang='lat' dir='ltr'><strong>sed</strong></span> <span class='ocrx_word' id='word_1_699' title='bbox 468 5303 652 5376; x_wconf 81' lang='lat' dir='ltr'><strong>minus</strong></span> <span class='ocrx_word' id='word_1_700' title='bbox 685 5294 1316 5376; x_wconf 46' lang='lat' dir='ltr'><strong>quadrat__promMa_ximi</strong></span> <span class='ocrx_word' id='word_1_701' title='bbox 1348 5294 1440 5347; x_wconf 91' lang='lat' dir='ltr'><strong>hic</strong></span> <span class='ocrx_word' id='word_1_702' title='bbox 1463 5294 1748 5376; x_wconf 74' lang='lat' dir='ltr'><strong>institutp.</strong></span> 
     </span>
    </p>
   </div>
   <div class='ocr_carea' id='block_1_100' title="bbox 179 5363 1749 5445">
    <p class='ocr_par' dir='ltr' id='par_1_100' title="bbox 179 5363 1749 5445">
     <span class='ocr_line' id='line_1_100' title="bbox 179 5363 1749 5445; baseline -0.004 -14"><span class='ocrx_word' id='word_1_703' title='bbox 179 5363 335 5444; x_wconf 78' lang='lat' dir='ltr'><strong>Quod</strong></span> <span class='ocrx_word' id='word_1_704' title='bbox 361 5376 418 5430; x_wconf 86' lang='lat' dir='ltr'><strong>in</strong></span> <span class='ocrx_word' id='word_1_705' title='bbox 461 5373 567 5429; x_wconf 85' lang='lat' dir='ltr'><strong>fine</strong></span> <span class='ocrx_word' id='word_1_706' title='bbox 596 5363 720 5441; x_wconf 70' lang='lat' dir='ltr'><strong>cap.’</strong></span> <span class='ocrx_word' id='word_1_707' title='bbox 765 5378 872 5435; x_wconf 85' lang='lat' dir='ltr'><strong>est,</strong></span> <span class='ocrx_word' id='word_1_708' title='bbox 910 5363 1026 5445; x_wconf 64' lang='grc' dir='ltr'>Τῆς</span> <span class='ocrx_word' id='word_1_709' title='bbox 1067 5365 1142 5445; x_wconf 57' lang='grc' dir='ltr'><strong>δε,</strong></span> <span class='ocrx_word' id='word_1_710' title='bbox 1165 5365 1313 5445; x_wconf 67' lang='grc' dir='ltr'><strong>ὅτῖῳς</strong></span> <span class='ocrx_word' id='word_1_711' title='bbox 1343 5363 1589 5445; x_wconf 54' lang='grc' dir='ltr'>κατάσχῃ</span> <span class='ocrx_word' id='word_1_712' title='bbox 1623 5363 1749 5445; x_wconf 56' lang='grc' dir='ltr'>τοῑές</span> 
     </span>
    </p>
   </div>
   <div class='ocr_carea' id='block_1_101' title="bbox 178 5433 1753 5517">
    <p class='ocr_par' dir='ltr' id='par_1_101' title="bbox 178 5433 1753 5517">
     <span class='ocr_line' id='line_1_101' title="bbox 178 5433 1753 5517; baseline 0 -2"><span class='ocrx_word' id='word_1_713' title='bbox 178 5433 442 5515; x_wconf 67' lang='grc' dir='ltr'>ἔγαθοὺςς</span> <span class='ocrx_word' id='word_1_714' title='bbox 463 5446 565 5498; x_wconf 77' lang='grc' dir='ltr'><strong>κάν</strong></span> <span class='ocrx_word' id='word_1_715' title='bbox 593 5433 714 5517; x_wconf 69' lang='grc' dir='ltr'>τριὲς</span> <span class='ocrx_word' id='word_1_716' title='bbox 749 5433 1054 5517; x_wconf 53' lang='grc' dir='ltr'><strong>σὶμφοράἒς</strong></span> <span class='ocrx_word' id='word_1_717' title='bbox 1077 5436 1138 5488; x_wconf 79' lang='grc' dir='ltr'><strong>τδ</strong></span> <span class='ocrx_word' id='word_1_718' title='bbox 1162 5434 1347 5517; x_wconf 53' lang='grc' dir='ltr'>,τελέοι</span> <span class='ocrx_word' id='word_1_719' title='bbox 1370 5433 1616 5517; x_wconf 64' lang='grc' dir='ltr'><strong>ἔχονῖειςν</strong></span> <span class='ocrx_word' id='word_1_720' title='bbox 1649 5433 1753 5487; x_wconf 65' lang='grc' dir='ltr'><strong>ηπί-</strong></span> 
     </span>
    </p>
   </div>
   <div class='ocr_carea' id='block_1_102' title="bbox 179 5503 1754 5586">
    <p class='ocr_par' dir='ltr' id='par_1_102' title="bbox 179 5503 1754 5586">
     <span class='ocr_line' id='line_1_102' title="bbox 179 5503 1754 5586; baseline -0.01 -14"><span class='ocrx_word' id='word_1_721' title='bbox 179 5503 303 5572; x_wconf 75' lang='lat' dir='ltr'><strong>sere</strong></span> <span class='ocrx_word' id='word_1_722' title='bbox 329 5503 592 5586; x_wconf 76' lang='lat' dir='ltr'><strong>depravat</strong></span> <span class='ocrx_word' id='word_1_723' title='bbox 626 5503 770 5586; x_wconf 77' lang='lat' dir='ltr'><strong>idem</strong></span> <span class='ocrx_word' id='word_1_724' title='bbox 790 5503 974 5586; x_wconf 69' lang='lat' dir='ltr'><strong>Picus,</strong></span> <span class='ocrx_word' id='word_1_725' title='bbox 999 5506 1131 5586; x_wconf 82' lang='lat' dir='ltr'><strong>dum</strong></span> <span class='ocrx_word' id='word_1_726' title='bbox 1162 5505 1239 5586; x_wconf 73' lang='lat' dir='ltr'><strong>ita</strong></span> <span class='ocrx_word' id='word_1_727' title='bbox 1253 5503 1476 5586; x_wconf 47' lang='lat' dir='ltr'><strong>reddit}-</strong></span> <span class='ocrx_word' id='word_1_728' title='bbox 1503 5503 1626 5558; x_wconf 76' lang='lat' dir='ltr'><strong>ch</strong></span> <span class='ocrx_word' id='word_1_729' title='bbox 1653 5519 1754 5586; x_wconf 63' lang='lat' dir='ltr'><strong>att-</strong></span> 
     </span>
    </p>
   </div>
   <div class='ocr_carea' id='block_1_103' title="bbox 181 5574 1751 5655">
    <p class='ocr_par' dir='ltr' id='par_1_103' title="bbox 181 5574 1751 5655">
     <span class='ocr_line' id='line_1_103' title="bbox 181 5574 1751 5655; baseline -0.01 -13"><span class='ocrx_word' id='word_1_730' title='bbox 181 5595 306 5650; x_wconf 81' lang='lat' dir='ltr'><strong>tem,</strong></span> <span class='ocrx_word' id='word_1_731' title='bbox 332 5574 585 5640; x_wconf 52' lang='lat' dir='ltr'><strong>att-bonos</strong></span> <span class='ocrx_word' id='word_1_732' title='bbox 611 5593 658 5637; x_wconf 88' lang='lat' dir='ltr'><strong>et</strong></span> <span class='ocrx_word' id='word_1_733' title='bbox 685 5580 1050 5655; x_wconf 62' lang='lat' dir='ltr'><strong>locupletiores</strong></span> <span class='ocrx_word' id='word_1_734' title='bbox 1078 5577 1133 5630; x_wconf 84' lang='lat' dir='ltr'><strong>in</strong></span> <span class='ocrx_word' id='word_1_735' title='bbox 1154 5574 1551 5655; x_wconf 62' lang='lat' dir='ltr'><strong>calamitatibus</strong></span> <span class='ocrx_word' id='word_1_736' title='bbox 1581 5575 1751 5655; x_wconf 69' lang='lat' dir='ltr'><strong>conti-</strong></span> 
     </span>
    </p>
   </div>
   <div class='ocr_carea' id='block_1_104' title="bbox 180 5645 1748 5713">
    <p class='ocr_par' dir='ltr' id='par_1_104' title="bbox 180 5645 1748 5713">
     <span class='ocr_line' id='line_1_104' title="bbox 180 5645 1748 5713; baseline -0.01 -1"><span class='ocrx_word' id='word_1_737' title='bbox 180 5645 326 5712; x_wconf 81' lang='lat' dir='ltr'><strong>neat.</strong></span> <span class='ocrx_word' id='word_1_738' title='bbox 358 5657 527 5713; x_wconf 89' lang='lat' dir='ltr'><strong>Plene</strong></span> <span class='ocrx_word' id='word_1_739' title='bbox 571 5656 690 5709; x_wconf 85' lang='lat' dir='ltr'><strong>vult</strong></span> <span class='ocrx_word' id='word_1_740' title='bbox 725 5645 1011 5713; x_wconf 62' lang='lat' dir='ltr'><strong>Ma&#39;ximus,</strong></span> <span class='ocrx_word' id='word_1_741' title='bbox 1051 5645 1335 5702; x_wconf 88' lang='lat' dir='ltr'><strong>continere</strong></span> <span class='ocrx_word' id='word_1_742' title='bbox 1387 5645 1648 5698; x_wconf 87' lang='lat' dir='ltr'><strong>virtutem</strong></span> <span class='ocrx_word' id='word_1_743' title='bbox 1692 5645 1748 5698; x_wconf 93' lang='lat' dir='ltr'><strong>in</strong></span> 
     </span>
    </p>
   </div>
   <div class='ocr_carea' id='block_1_105' title="bbox 181 5716 1753 5800">
    <p class='ocr_par' dir='ltr' id='par_1_105' title="bbox 181 5716 1753 5800">
     <span class='ocr_line' id='line_1_105' title="bbox 181 5716 1753 5800; baseline -0.008 -17"><span class='ocrx_word' id='word_1_744' title='bbox 181 5727 361 5785; x_wconf 73' lang='lat' dir='ltr'><strong>ofﬁcio</strong></span> <span class='ocrx_word' id='word_1_745' title='bbox 419 5725 642 5800; x_wconf 87' lang='lat' dir='ltr'><strong>probos,</strong></span> <span class='ocrx_word' id='word_1_746' title='bbox 697 5735 935 5795; x_wconf 87' lang='lat' dir='ltr'><strong>quorum</strong></span> <span class='ocrx_word' id='word_1_747' title='bbox 967 5718 1134 5776; x_wconf 89' lang='lat' dir='ltr'><strong>etiam</strong></span> <span class='ocrx_word' id='word_1_748' title='bbox 1169 5716 1223 5771; x_wconf 90' lang='lat' dir='ltr'><strong>in</strong></span> <span class='ocrx_word' id='word_1_749' title='bbox 1261 5716 1523 5772; x_wconf 65' lang='lat' dir='ltr'><strong>aerumnis</strong></span> <span class='ocrx_word' id='word_1_750' title='bbox 1567 5723 1753 5786; x_wconf 87' lang='lat' dir='ltr'><strong>partes</strong></span> 
     </span>
    </p>
   </div>
   <div class='ocr_carea' id='block_1_106' title="bbox 1859 4731 3427 4802">
    <p class='ocr_par' dir='ltr' id='par_1_106' title="bbox 1859 4731 3427 4802">
     <span class='ocr_line' id='line_1_106' title="bbox 1859 4731 3427 4802; baseline 0 -14"><span class='ocrx_word' id='word_1_751' title='bbox 1859 4731 2003 4802; x_wconf 71' lang='lat' dir='ltr'><strong>rum.</strong></span> <span class='ocrx_word' id='word_1_752' title='bbox 2043 4734 2301 4787; x_wconf 91' lang='lat' dir='ltr'><strong>Dicamus</strong></span> <span class='ocrx_word' id='word_1_753' title='bbox 2328 4749 2450 4795; x_wconf 88' lang='lat' dir='ltr'><strong>nos,</strong></span> <span class='ocrx_word' id='word_1_754' title='bbox 2487 4732 2588 4797; x_wconf 82' lang='lat' dir='ltr'><strong>Qui</strong></span> <span class='ocrx_word' id='word_1_755' title='bbox 2632 4742 2722 4785; x_wconf 85' lang='lat' dir='ltr'><strong>ant</strong></span> <span class='ocrx_word' id='word_1_756' title='bbox 2757 4731 3054 4802; x_wconf 78' lang='lat' dir='ltr'><strong>l’avantage</strong></span> <span class='ocrx_word' id='word_1_757' title='bbox 3087 4734 3251 4784; x_wconf 86' lang='lat' dir='ltr'><strong>méme</strong></span> <span class='ocrx_word' id='word_1_758' title='bbox 3293 4734 3427 4788; x_wconf 81' lang='lat' dir='ltr'><strong>dans</strong></span> 
     </span>
    </p>
   </div>
   <div class='ocr_carea' id='block_1_107' title="bbox 1858 4801 3429 4873">
    <p class='ocr_par' dir='ltr' id='par_1_107' title="bbox 1858 4801 3429 4873">
     <span class='ocr_line' id='line_1_107' title="bbox 1858 4801 3429 4873; baseline 0.002 -18"><span class='ocrx_word' id='word_1_759' title='bbox 1858 4801 1934 4858; x_wconf 82' lang='lat' dir='ltr'><strong>les</strong></span> <span class='ocrx_word' id='word_1_760' title='bbox 1983 4805 2277 4873; x_wconf 75' lang='lat' dir='ltr'><strong>amictious,</strong></span> <span class='ocrx_word' id='word_1_761' title='bbox 2355 4813 2462 4857; x_wconf 87' lang='lat' dir='ltr'><strong>etc.</strong></span> <span class='ocrx_word' id='word_1_762' title='bbox 2503 4803 2627 4858; x_wconf 69' lang='lat' dir='ltr'><strong>Haec</strong></span> <span class='ocrx_word' id='word_1_763' title='bbox 2647 4802 2909 4873; x_wconf 83' lang='lat' dir='ltr'><strong>nimirum</strong></span> <span class='ocrx_word' id='word_1_764' title='bbox 2951 4801 3265 4871; x_wconf 77' lang='lat' dir='ltr'><strong>evangelica</strong></span> <span class='ocrx_word' id='word_1_765' title='bbox 3301 4819 3429 4872; x_wconf 87' lang='lat' dir='ltr'><strong>pro-</strong></span> 
     </span>
    </p>
   </div>
   <div class='ocr_carea' id='block_1_108' title="bbox 1855 4871 3425 4942">
    <p class='ocr_par' dir='ltr' id='par_1_108' title="bbox 1855 4871 3425 4942">
     <span class='ocr_line' id='line_1_108' title="bbox 1855 4871 3425 4942; baseline -0.001 -14"><span class='ocrx_word' id='word_1_766' title='bbox 1855 4871 2048 4928; x_wconf 80' lang='lat' dir='ltr'><strong>missio</strong></span> <span class='ocrx_word' id='word_1_767' title='bbox 2079 4877 2129 4926; x_wconf 87' lang='lat'><strong>:&quot;</strong></span> <span class='ocrx_word' id='word_1_768' title='bbox 2153 4872 2357 4927; x_wconf 80' lang='lat' dir='ltr'><strong>Centies</strong></span> <span class='ocrx_word' id='word_1_769' title='bbox 2407 4881 2613 4927; x_wconf 83' lang='lat' dir='ltr'><strong>tantum</strong></span> <span class='ocrx_word' id='word_1_770' title='bbox 2643 4889 2780 4926; x_wconf 84' lang='lat' dir='ltr'><strong>nunc</strong></span> <span class='ocrx_word' id='word_1_771' title='bbox 2819 4871 2874 4924; x_wconf 80' lang='lat' dir='ltr'><strong>in</strong></span> <span class='ocrx_word' id='word_1_772' title='bbox 2913 4882 3145 4942; x_wconf 87' lang='lat' dir='ltr'><strong>tempore</strong></span> <span class='ocrx_word' id='word_1_773' title='bbox 3164 4874 3281 4942; x_wconf 83' lang='lat' dir='ltr'><strong>hoc,</strong></span> <span class='ocrx_word' id='word_1_774' title='bbox 3307 4889 3425 4926; x_wconf 83' lang='lat' dir='ltr'><strong>eum</strong></span> 
     </span>
    </p>
   </div>
   <div class='ocr_carea' id='block_1_109' title="bbox 1853 4941 3428 5014">
    <p class='ocr_par' dir='ltr' id='par_1_109' title="bbox 1853 4941 3428 5014">
     <span class='ocr_line' id='line_1_109' title="bbox 1853 4941 3428 5014; baseline 0.001 -18"><span class='ocrx_word' id='word_1_775' title='bbox 1853 4943 2314 5014; x_wconf 75' lang='lat' dir='ltr'><strong>persecutionibas,</strong></span> <span class='ocrx_word' id='word_1_776' title='bbox 2341 4943 2508 4998; x_wconf 87' lang='lat' dir='ltr'><strong>Marc.</strong></span> <span class='ocrx_word' id='word_1_777' title='bbox 2535 4942 2677 5014; x_wconf 50' lang='lat'><strong>3,50</strong></span> <span class='ocrx_word' id='word_1_778' title='bbox 2696 4942 2889 5014; x_wconf 27' lang='lat' dir='ltr'><strong>{quod</strong></span> <span class='ocrx_word' id='word_1_779' title='bbox 2907 4941 3138 5014; x_wconf 77' lang='lat' dir='ltr'><strong>egregie</strong></span> <span class='ocrx_word' id='word_1_780' title='bbox 3161 4941 3428 5014; x_wconf 51' lang='lat' dir='ltr'><strong>Maximus</strong></span> 
     </span>
    </p>
   </div>
   <div class='ocr_carea' id='block_1_110' title="bbox 1851 5011 3425 5082">
    <p class='ocr_par' dir='ltr' id='par_1_110' title="bbox 1851 5011 3425 5082">
     <span class='ocr_line' id='line_1_110' title="bbox 1851 5011 3425 5082; baseline -0.001 -16"><span class='ocrx_word' id='word_1_781' title='bbox 1851 5011 2010 5079; x_wconf 82' lang='lat' dir='ltr'><strong>dicit,</strong></span> <span class='ocrx_word' id='word_1_782' title='bbox 2062 5013 2458 5082; x_wconf 79' lang='grc' dir='ltr'>κατορθοῦντας</span> <span class='ocrx_word' id='word_1_783' title='bbox 2486 5011 2828 5082; x_wconf 76' lang='grc' dir='ltr'>κολάξεσθαι,</span> <span class='ocrx_word' id='word_1_784' title='bbox 2861 5011 3072 5065; x_wconf 66' lang='lat' dir='ltr'><strong>idcirco</strong></span> <span class='ocrx_word' id='word_1_785' title='bbox 3095 5011 3273 5082; x_wconf 73' lang='lat' dir='ltr'><strong>puniri</strong></span> <span class='ocrx_word' id='word_1_786' title='bbox 3308 5029 3425 5065; x_wconf 86' lang='lat' dir='ltr'><strong>ma-</strong></span> 
     </span>
    </p>
   </div>
   <div class='ocr_carea' id='block_1_111' title="bbox 1850 5081 3427 5154">
    <p class='ocr_par' dir='ltr' id='par_1_111' title="bbox 1850 5081 3427 5154">
     <span class='ocr_line' id='line_1_111' title="bbox 1850 5081 3427 5154; baseline -0.001 -16"><span class='ocrx_word' id='word_1_787' title='bbox 1850 5083 2016 5154; x_wconf 76' lang='lat' dir='ltr'><strong>lisque</strong></span> <span class='ocrx_word' id='word_1_788' title='bbox 2036 5081 2209 5154; x_wconf 67' lang='lat' dir='ltr'><strong>afﬁci,</strong></span> <span class='ocrx_word' id='word_1_789' title='bbox 2232 5083 2372 5152; x_wconf 81' lang='lat' dir='ltr'><strong>quod</strong></span> <span class='ocrx_word' id='word_1_790' title='bbox 2397 5084 2644 5154; x_wconf 74' lang='lat' dir='ltr'><strong>uirtutem</strong></span> <span class='ocrx_word' id='word_1_791' title='bbox 2671 5081 2906 5154; x_wconf 74' lang='lat' dir='ltr'><strong>colamus</strong></span> <span class='ocrx_word' id='word_1_792' title='bbox 2926 5121 2940 5145; x_wconf 91' lang='lat'><strong>,</strong></span> <span class='ocrx_word' id='word_1_793' title='bbox 2965 5081 3427 5154; x_wconf 73' lang='lat' dir='ltr'><strong>et_oﬁicii_tenqces</strong></span> 
     </span>
    </p>
   </div>
   <div class='ocr_carea' id='block_1_112' title="bbox 1844 5149 3424 5221">
    <p class='ocr_par' dir='ltr' id='par_1_112' title="bbox 1844 5149 3424 5221">
     <span class='ocr_line' id='line_1_112' title="bbox 1844 5149 3424 5221; baseline -0.003 -13"><span class='ocrx_word' id='word_1_794' title='bbox 1844 5149 2029 5211; x_wconf 68' lang='lat' dir='ltr'><strong>cintus.</strong></span> <span class='ocrx_word' id='word_1_795' title='bbox 2063 5149 2124 5207; x_wconf 82' lang='lat' dir='ltr'><strong>Id</strong></span> <span class='ocrx_word' id='word_1_796' title='bbox 2153 5149 2304 5208; x_wconf 83' lang='lat' dir='ltr'><strong>certe</strong></span> <span class='ocrx_word' id='word_1_797' title='bbox 2336 5153 2432 5221; x_wconf 91' lang='lat' dir='ltr'><strong>qui</strong></span> <span class='ocrx_word' id='word_1_798' title='bbox 2462 5159 2742 5221; x_wconf 79' lang='lat' dir='ltr'><strong>praestent,</strong></span> <span class='ocrx_word' id='word_1_799' title='bbox 2774 5149 2941 5220; x_wconf 91' lang='lat' dir='ltr'><strong>inque</strong></span> <span class='ocrx_word' id='word_1_800' title='bbox 2965 5149 3424 5221; x_wconf 82' lang='lat' dir='ltr'><strong>illispatientiam</strong></span> 
     </span>
    </p>
   </div>
   <div class='ocr_carea' id='block_1_113' title="bbox 1850 5219 3425 5291">
    <p class='ocr_par' dir='ltr' id='par_1_113' title="bbox 1850 5219 3425 5291">
     <span class='ocr_line' id='line_1_113' title="bbox 1850 5219 3425 5291; baseline -0.001 -13"><span class='ocrx_word' id='word_1_801' title='bbox 1850 5231 2094 5289; x_wconf 87' lang='lat' dir='ltr'><strong>teneant,</strong></span> <span class='ocrx_word' id='word_1_802' title='bbox 2132 5238 2228 5279; x_wconf 88' lang='lat' dir='ltr'><strong>seu</strong></span> <span class='ocrx_word' id='word_1_803' title='bbox 2275 5219 2480 5276; x_wconf 39' lang='lat' dir='ltr'><strong>etiam’</strong></span> <span class='ocrx_word' id='word_1_804' title='bbox 2505 5219 2799 5291; x_wconf 81' lang='lat' dir='ltr'><strong>gaudeant,</strong></span> <span class='ocrx_word' id='word_1_805' title='bbox 2852 5219 3068 5274; x_wconf 35' lang='lat' dir='ltr'><strong>’virtute</strong></span> <span class='ocrx_word' id='word_1_806' title='bbox 3098 5288 3111 5291; x_wconf 89' lang='lat'>_</span> <span class='ocrx_word' id='word_1_807' title='bbox 3137 5219 3312 5291; x_wconf 81' lang='lat' dir='ltr'><strong>adulti</strong></span> <span class='ocrx_word' id='word_1_808' title='bbox 3361 5236 3425 5276; x_wconf 93' lang='lat' dir='ltr'><strong>ac</strong></span> 
     </span>
    </p>
   </div>
   <div class='ocr_carea' id='block_1_114' title="bbox 1847 5288 3424 5357">
    <p class='ocr_par' dir='ltr' id='par_1_114' title="bbox 1847 5288 3424 5357">
     <span class='ocr_line' id='line_1_114' title="bbox 1847 5288 3424 5357; baseline -0.004 -7"><span class='ocrx_word' id='word_1_809' title='bbox 1847 5293 2162 5350; x_wconf 86' lang='lat' dir='ltr'><strong>Christiana</strong></span> <span class='ocrx_word' id='word_1_810' title='bbox 2209 5288 2558 5351; x_wconf 78' lang='lat' dir='ltr'><strong>fortitudine,</strong></span> <span class='ocrx_word' id='word_1_811' title='bbox 2607 5289 2854 5344; x_wconf 90' lang='lat' dir='ltr'><strong>omnium</strong></span> <span class='ocrx_word' id='word_1_812' title='bbox 2923 5305 3053 5345; x_wconf 90' lang='lat' dir='ltr'><strong>vere</strong></span> <span class='ocrx_word' id='word_1_813' title='bbox 3097 5288 3424 5357; x_wconf 83' lang='lat' dir='ltr'><strong>beatissimi,</strong></span> 
     </span>
    </p>
   </div>
   <div class='ocr_carea' id='block_1_115' title="bbox 1852 5359 3427 5433">
    <p class='ocr_par' dir='ltr' id='par_1_115' title="bbox 1852 5359 3427 5433">
     <span class='ocr_line' id='line_1_115' title="bbox 1852 5359 3427 5433; baseline -0.008 -15"><span class='ocrx_word' id='word_1_814' title='bbox 1852 5365 2255 5433; x_wconf 88' lang='lat' dir='ltr'><strong>adversumqne</strong></span> <span class='ocrx_word' id='word_1_815' title='bbox 2299 5376 2492 5433; x_wconf 90' lang='lat' dir='ltr'><strong>omnes</strong></span> <span class='ocrx_word' id='word_1_816' title='bbox 2521 5361 2582 5413; x_wconf 84' lang='grc' dir='ltr'>τὸ</span> <span class='ocrx_word' id='word_1_817' title='bbox 2611 5360 2770 5433; x_wconf 82' lang='grc' dir='ltr'>πλέον</span> <span class='ocrx_word' id='word_1_818' title='bbox 2810 5359 3041 5433; x_wconf 74' lang='grc' dir='ltr'>ἔχοντες.</span> <span class='ocrx_word' id='word_1_819' title='bbox 3089 5359 3223 5433; x_wconf 63' lang='grc' dir='ltr'><strong>[ἰδίῃ</strong></span> <span class='ocrx_word' id='word_1_820' title='bbox 3253 5360 3427 5415; x_wconf 72' lang='lat' dir='ltr'><strong>Maxi.</strong></span> 
     </span>
    </p>
   </div>
   <div class='ocr_carea' id='block_1_116' title="bbox 1854 5429 3424 5504">
    <p class='ocr_par' dir='ltr' id='par_1_116' title="bbox 1854 5429 3424 5504">
     <span class='ocr_line' id='line_1_116' title="bbox 1854 5429 3424 5504; baseline -0.002 -16"><span class='ocrx_word' id='word_1_821' title='bbox 1854 5450 1978 5490; x_wconf 86' lang='lat' dir='ltr'><strong>mus</strong></span> <span class='ocrx_word' id='word_1_822' title='bbox 2008 5429 2183 5504; x_wconf 73' lang='lat' dir='ltr'><strong>magis</strong></span> <span class='ocrx_word' id='word_1_823' title='bbox 2219 5429 2734 5504; x_wconf 17' lang='lat' dir='ltr'><strong>explicatisequenti</strong></span> <span class='ocrx_word' id='word_1_824' title='bbox 2762 5429 2880 5504; x_wconf 72' lang='lat' dir='ltr'><strong>cap.</strong></span> <span class='ocrx_word' id='word_1_825' title='bbox 2910 5431 3067 5504; x_wconf 80' lang='lat' dir='ltr'><strong>cujus</strong></span> <span class='ocrx_word' id='word_1_826' title='bbox 3098 5429 3154 5483; x_wconf 91' lang='lat' dir='ltr'><strong>in</strong></span> <span class='ocrx_word' id='word_1_827' title='bbox 3183 5431 3289 5504; x_wconf 76' lang='lat' dir='ltr'><strong>fine</strong></span> <span class='ocrx_word' id='word_1_828' title='bbox 3324 5447 3424 5486; x_wconf 90' lang='lat' dir='ltr'><strong>au-</strong></span> 
     </span>
    </p>
   </div>
   <div class='ocr_carea' id='block_1_117' title="bbox 1854 5500 3424 5570">
    <p class='ocr_par' dir='ltr' id='par_1_117' title="bbox 1854 5500 3424 5570">
     <span class='ocr_line' id='line_1_117' title="bbox 1854 5500 3424 5570; baseline -0.004 -12"><span class='ocrx_word' id='word_1_829' title='bbox 1854 5521 1948 5560; x_wconf 88' lang='lat' dir='ltr'><strong>rea</strong></span> <span class='ocrx_word' id='word_1_830' title='bbox 1999 5500 2271 5559; x_wconf 74' lang='lat' dir='ltr'><strong>sententia</strong></span> <span class='ocrx_word' id='word_1_831' title='bbox 2303 5511 2409 5566; x_wconf 88' lang='lat' dir='ltr'><strong>est,</strong></span> <span class='ocrx_word' id='word_1_832' title='bbox 2433 5500 2628 5564; x_wconf 86' lang='grc' dir='ltr'>⁹Ρῶσις</span> <span class='ocrx_word' id='word_1_833' title='bbox 2661 5500 2838 5570; x_wconf 64' lang='grc' dir='ltr'>ψυχῆς</span> <span class='ocrx_word' id='word_1_834' title='bbox 2872 5500 2990 5565; x_wconf 75' lang='grc' dir='ltr'>τοῖς</span> <span class='ocrx_word' id='word_1_835' title='bbox 3039 5500 3424 5570; x_wconf 81' lang='grc' dir='ltr'>ὑπομένουσιν,</span> 
     </span>
    </p>
   </div>
   <div class='ocr_carea' id='block_1_118' title="bbox 1850 5572 3424 5644">
    <p class='ocr_par' dir='ltr' id='par_1_118' title="bbox 1850 5572 3424 5644">
     <span class='ocr_line' id='line_1_118' title="bbox 1850 5572 3424 5644; baseline -0.003 -16"><span class='ocrx_word' id='word_1_836' title='bbox 1850 5576 1878 5628; x_wconf 93' lang='lat'><strong>6</strong></span> <span class='ocrx_word' id='word_1_837' title='bbox 1910 5572 2003 5629; x_wconf 92' lang='grc' dir='ltr'><strong>τοῦ</strong></span> <span class='ocrx_word' id='word_1_838' title='bbox 2052 5572 2305 5642; x_wconf 85' lang='grc' dir='ltr'>σώματος</span> <span class='ocrx_word' id='word_1_839' title='bbox 2337 5572 2592 5644; x_wconf 71' lang='grc' dir='ltr'>αἰκισμός</span> <span class='ocrx_word' id='word_1_840' title='bbox 2613 5586 2626 5598; x_wconf 91' lang='grc'><strong>·</strong></span> <span class='ocrx_word' id='word_1_841' title='bbox 2670 5572 2866 5644; x_wconf 61' lang='lat' dir='ltr'><strong>Robur</strong></span> <span class='ocrx_word' id='word_1_842' title='bbox 2897 5572 3062 5626; x_wconf 87' lang='lat' dir='ltr'><strong>animi</strong></span> <span class='ocrx_word' id='word_1_843' title='bbox 3089 5587 3182 5644; x_wconf 80' lang='lat' dir='ltr'><strong>per</strong></span> <span class='ocrx_word' id='word_1_844' title='bbox 3215 5574 3424 5642; x_wconf 74' lang='lat' dir='ltr'><strong>patien-</strong></span> 
     </span>
    </p>
   </div>
   <div class='ocr_carea' id='block_1_119' title="bbox 1851 5641 2915 5717">
    <p class='ocr_par' dir='ltr' id='par_1_119' title="bbox 1851 5641 2915 5717">
     <span class='ocr_line' id='line_1_119' title="bbox 1851 5641 2915 5717; baseline -0.003 -17"><span class='ocrx_word' id='word_1_845' title='bbox 1851 5647 2001 5712; x_wconf 83' lang='lat' dir='ltr'><strong>tiam,</strong></span> <span class='ocrx_word' id='word_1_846' title='bbox 2033 5641 2236 5717; x_wconf 76' lang='lat' dir='ltr'><strong>injttria</strong></span> <span class='ocrx_word' id='word_1_847' title='bbox 2263 5658 2327 5698; x_wconf 89' lang='lat' dir='ltr'><strong>ac</strong></span> <span class='ocrx_word' id='word_1_848' title='bbox 2353 5641 2626 5715; x_wconf 74' lang='lat' dir='ltr'><strong>sugillatio</strong></span> <span class='ocrx_word' id='word_1_849' title='bbox 2658 5641 2915 5713; x_wconf 72' lang='lat' dir='ltr'><strong>corporis.</strong></span> 
     </span>
    </p>
   </div>
  </div>
