4122 6320
615 328 755 403 1187

1755 341 1815 403 S.
1856 333 2144 400 MAXIMI
2185 328 2695 392 CONFESSORIS

3716 321 3874 396 1188‘

671 446 762 503 l7.
800 447 1031 504 Virtutis
1063 447 1279 503 lucrum
1309 461 1375 502 ac
1426 454 1691 517 quaestus,
1737 446 2023 501 laboribus
2050 458 2169 499 cer~

2349 437 2437 502 ιζ’.
2488 436 2719 505 Ἀρετῆς
2753 431 2919 489 ἆθλόν
2944 434 3087 499 ἔστι,
3119 433 3181 488 τὸ
3211 437 3326 499 τοῖς
3376 434 3561 499 πόνοις
3597 437 3851 504 ἐναγωνι.

601 547 765 606 tare;
826 554 949 609 qua:
1002 538 1265 593 nimirum
1315 537 1566 593 victoria:
1631 538 1881 608 praemio,
1940 537 2046 599 his,
2085 536 2180 606 qui

601 629 924 699 patientiam
951 634 1196 693 teneant,
1236 628 1407 683 animi
1437 628 1997 700 imperturbationem
2014 628 2181 684 ferat:

601 734 710 789 qua
744 719 837 773 ille
866 734 965 788 per
996 720 1324 775 charitatem
1365 721 1479 776 Deo
1507 722 1722 787 nnitus,
1772 719 1972 776 all'ectn
2022 734 2183 774 men-

604 809 785 878 tisque
809 810 1122 880 proposito,
1151 825 1182 865 a
1209 826 1443 882 corpore
1500 812 1821 882 mundoque
1869 822 2180 882 separatur.

602 899 784 954 Animi
809 902 959 957 enim
976 884 1148 957 robur
1176 912 1341 973 atque
1364 902 1593 958 firmitas
1623 904 1946 961 tenentibus
1973 903 2185 974 patien-

603 991 734 1046 tiam
759 991 875 1061 ipsa
904 994 1155 1063 corporis
1180 995 1398 1049 vexatio
1429 1002 1514 1049 est
1533 1010 1598 1049 ac
1630 995 1850 1066 injuria.

668 1080 759 1133 18.
813 1080 1123 1150 Voluptatis
1191 1083 1669 1140 circumventione
1724 1085 1795 1139 ab
1864 1083 2027 1139 initio
2086 1083 2186 1139 de-

603 1171 771 1240 cepti,
829 1172 976 1237 vitae,
1026 1189 1149 1243 quae
1198 1188 1329 1230 vere
1378 1184 1483 1241 est,
1535 1186 1772 1232 mortem
1815 1178 2195 1251 praetulimus.

602 1259 770 1317 Grato
793 1264 960 1334 igitur
984 1265 1190 1332 animo,
1224 1282 1334 1336 quo
1372 1268 1464 1322 illa
1498 1278 1755 1338 necatur,
1824 1268 2073 1339 corporis
2104 1268 2184 1322 la-

604 1350 795 1406 borem
823 1368 1235 1425 mrumnamqne
1266 1356 1549 1424 feramus;
1597 1349 1709 1428 quo
1739 1358 2003 1412 nimirum
2035 1356 2183 1412 illius

603 1450 801 1507 morte,
827 1459 950 1513 quas
973 1461 1159 1500 secum
1178 1447 1294 1517 ipsa
1317 1447 1536 1515 aboleat
1560 1448 1709 1503 illius
1730 1464 1893 1504 causa
1910 1451 2182 1503 invectam

604 1543 861 1599 mortem,
897 1536 1178 1607 voluptate
1218 1555 1283 1594 ac
1324 1538 1556 1595 libidine
1583 1541 1884 1606 venditam,
1934 1540 2180 1610 exiguis-

605 1639 715 1694 que
746 1627 929 1681 carnis
958 1629 1242 1686 laboribus
1272 1631 1634 1702 redemptam,
1667 1632 1737 1688 ad
1765 1646 1868 1689 nos
1892 1639 2181 1688 reverten-

608 1719 720 1769 tbm
741 1714 906 1768 vitam
943 1717 1295 1787 recipiamus.

681 1806 768 1861 19.
798 1806 934 1863 Cum
960 1809 1035 1864 ita
1061 1809 1175 1866 fere
1197 1819 1571 1883 comparatum
1602 1813 1693 1879 sit,
1726 1821 1789 1867 ut
1830 1811 1993 1885 516
2042 1811 2189 1869 bona

607 1900 792 1954 carnis
815 1900 1163 1969 habitudine,
1201 1905 1412 1974 peccati
1439 1907 1595 1977 vigor
1625 1914 1978 1972 concrescat;
2013 1905 2189 1976 liquet

607 1992 770 2064 plane
824 1994 945 2065 ejus
995 2002 1241 2052 aerumna
1292 1998 1547 2069 malaque
1598 1998 1925 2053 habitudine
1966 1998 2190 2055 virtutis

607 2085 812 2141 merito
844 2096 1090 2143 tenorem
1118 2091 1445 2160 pubescere.
1480 2090 1628 2146 Forti
1652 2091 1820 2162 igitur
1849 2092 2034 2147 animo
2065 2107 2188 2147 car-

609 2177 697 2232 nis
723 2178 944 2236 labores
975 2196 1038 2237 ac
1093 2183 1378 2239 molestias
1432 2184 1715 2252 feramus,
1763 2183 1965 2255 quibus
2020 2180 2188 2239 animi

611 2269 804 2325 sordes
829 2273 1239 2344 abstergantnr,
1293 2290 1358 2331 ac
1387 2276 1716 2331 concilietur
1754 2276 1940 2331 futura
1967 2276 2139 2349 gloria
2170 2292 2185 2330 :

609 2359 729 2416 Non
753 2362 900 2417 enim
931 2371 1053 2417 sunt
1082 2365 1357 2436 condignae
1394 2367 1665 2436 passiones
1706 2367 1864 2438 Imjus
1890 2366 2188 2438 temporis,

612 2452 684 2506 ad
718 2453 958 2522 futuram
991 2455 1243 2526 gloriam,
1276 2473 1395 2527 qua
1426 2460 1572 2512 nobis
1605 2458 1752 2513 debet
1782 2456 2008 2513 revelari
2039 2459 2083 2512 ⁸.

679 2544 769 2600 20.
802 2545 872 2601 Ut
903 2561 1084 2617 neque
1114 2546 1315 2602 medici
1344 2548 1604 2604 curandis
1631 2549 1979 2619 corporibus,
2019 2562 2191 2602 unum

612 2632 869 2706 idemque
917 2639 1133 2695 cunctis
1186 2640 1456 2695 adhibent
1502 2638 1847 2707 remedium;
1891 2638 1973 2694 sic
2013 2654 2192 2709 neque

612 2727 925 2783 animorum
950 2731 1219 2798 medicus,
1245 2730 1415 2798 Deus,
1453 2748 1624 2787 unum
1647 2732 1910 2786 duntaxat
1935 2731 2193 2786 omnibus

613 2830 1009 2891 congruentem
1042 2823 1197 2877 novit
1223 2823 1533 2878 curationis
1574 2822 1955 2890 modum;sed
1992 2823 2193 2892 cuique

612 2908 885 2977 tribuens,
904 2915 1051 2982 quod
1076 2929 1172 2984 pro
1189 2914 1337 2970 illius
1354 2914 1568 2970 ratione
1583 2914 1931 2970 commodum
1944 2914 2191 2981 exsistat,

611 3002 879 3061 sanitates
906 3013 1189 3073 operatur.
1223 3005 1443 3062 Gratias
1476 3020 1609 3077 ergo
1631 3019 1855 3077 agamus
1877 3004 2008 3060 dum
2032 3020 2195 3060 cura-

612 3091 1019 3160 tioadhibetur,
1049 3096 1269 3152 tametsi
1292 3113 1381 3152 res
1399 3097 1599 3153 habeat
1617 3097 1921 3153 cruciatum
1944 3114 1960 3164 ;
1987 3096 2190 3168 quippe
2216 3120 2260 3180 ο

612 3193 780 3248 quem
814 3181 1010 3236 beatus
1033 3183 1355 3254 faustusque
1389 3183 1516 3239 linis
1550 3193 1943 3253 consequatur.

680 3269 774 3324 21.
828 3271 976 3325 Nihil
1012 3272 1093 3327 sic
1136 3274 1305 3327 animi
1348 3273 1605 3328 aﬂ'ectnm
1651 3273 1857 3346 prodit,
1906 3290 1971 3329 ac
2009 3273 2193 3329 carnis

612 3357 920 3415 laborantis
964 3363 1236 3432 malisque
1287 3365 1545 3434 appetita:
1586 3366 1931 3436 insurgentes
1967 3364 2191 3419 motnsi

612 3451 819 3522 quibus
846 3452 1122 3524 siquidem
1160 3454 1253 3510 ille
1285 3457 1542 3521 cesserit,
1580 3472 1805 3511 carnem
1832 3456 2005 3527 magis
2027 3472 2190 3527 quam

613 3543 788 3599 Deum
821 3543 1003 3601 colere
1035 3562 1101 3602 ac
1127 3561 1313 3602 amare
1342 3547 1577 3618 liquebit
1613 3569 1627 3602 :
1663 3549 1747 3603 sin
1771 3550 2192 3603 antemillorum

615 3637 922 3693 insnltihns
952 3638 1320 3695 inconcussus
1367 3641 1754 3710 permanserit,
1805 3639 1981 3710 pluris
2020 3639 2197 3695 virtu-

615 3735 728 3781 tem
764 3727 968 3791 facere,
1007 3744 1171 3799 quam
1201 3744 1421 3784 carnem
1449 3731 1781 3785 monstrabit
1814 3747 1829 3784 :
1863 3732 2021 3802 cujus
2040 3728 2191 3785 cultu

615 3816 788 3872 Deum
820 3819 1274 3875 contubernalem
1306 3821 1612 3890 suscipiet,
1646 3821 1792 3876 illius
1836 3835 1998 3876 causa
2028 3820 2192 3876 simili

613 3909 775 3964 nobis
805 3913 1020 3966 ratione
1051 3911 1336 3982 dignatum
1366 3912 1474 3982 pati
1506 3928 1571 3967 ac
1609 3911 1895 3968 laboribus
1933 3911 2189 3983 defungi,

607 3999 709 4070 qui
738 4008 796 4055 et
829 4002 1049 4068 clamet,
1075 4001 1226 4059 velut
1257 4002 1390 4057 olim
1433 4002 1757 4074 discipulis:
1785 4001 2065 4071 Conﬁdite,
2099 4017 2193 4073 ego

609 4090 713 4142 eici
750 4090 1004 4144 mundum
1031 4089 1071 4145 ".

682 4181 774 4235 22.
819 4180 958 4238 Cum
1008 4198 1201 4239 omnes
1245 4182 1421 4240 sancti
1474 4184 1848 4256 castigationis
1901 4183 2195 4254 participes

610 4272 842 4339 fuerint,
875 4289 978 4330 nos
1006 4290 1229 4345 quoque
1262 4276 1357 4346 qui
1385 4277 1503 4347 pari
1534 4276 1644 4331 illis
1661 4283 1809 4332 sorte
1839 4278 2190 4348 castigemur,

603 4364 817 4434 gratias
842 4380 1087 4436 agamus,
1126 4374 1185 4421 ut
1228 4366 1451 4422 illorum
1497 4368 1686 4440 glorias
1716 4367 1852 4425 socii
1882 4366 2027 4423 efﬁci
2072 4382 2191 4423 me-

2286 529 2503 594 ζεσθαι·
2537 529 2695 598 νίκης
2750 526 2985 581 ἔπαθλον
3032 526 3309 600 φερούσης
3338 531 3453 594 τοῖς
3501 530 3849 602 ὑπομένουσι,

2284 620 2383 689 τῆς
2424 619 2607 689 ψυχῆς
2637 618 2753 689 τὴν.
2781 618 3071 685 ἀπάθειαν,
3103 619 3228 674 καθ’
3254 621 3325 690 ἢν
3352 618 3423 675 δι’
3449 621 3673 695 ἀγάπης
3712 626 3853 680 ὲνου.

2287 709 2425 779 μένη
2455 708 2595 778 Θεῷ,
2622 708 2871 778 σώματος
2910 709 3006 762 καὶ
3032 709 3239 780 κόσμου
3273 712 3341 782 τῇ
3367 710 3606 766 διαθέσει
3634 716 3856 786 χωρίζεο

2280 817 2392 855 ται.
2424 800 2616 871 Ψυχῆς
2644 802 2753 871 γὰρ
2782 801 2948 871 ρῶσίς
2980 802 3098 855 ἐστι
3136 804 3250 867 τοῖς
3294 803 3679 874 ὑπομένουσιν,
3708 808 3738 861 ό
3763 808 3854 862 τοῦ

2285 891 2536 962 σώματος
2558 893 2834 961 αἰκισμός.

2355 1084 2446 1148 ιη’.
2499 1076 2725 1147 Ἡδονῆς
2771 1080 2957 1152 ἀπάτῃ
3005 1078 3305 1146 κλαπέντες
3346 1082 3407 1136 τὸ
3456 1082 3737 1154 άπαρχῆς,
3770 1085 3857 1141 τὸν

2284 1168 2515 1223 θάνατον
2544 1169 2644 1241 τῆς
2675 1170 2849 1233 ὅντως
2884 1171 3031 1241 ζωῆς
3063 1174 3493 1245 προεκρίναμεν.
3525 1176 3745 1249 Ταύτης
3769 1176 3858 1235 οὖν

2281 1262 2375 1313 τὸν
2404 1262 2669 1333 φονευτὴν
2711 1262 3054 1333 εὐχαρίστως
3095 1265 3407 1335 ἑνέγκωμεν
3451 1265 3613 1321 πόνον
3641 1269 3736 1323 τοῦ

2287 1322 2476 1423 ματος,
2507 1322 2656 1416 ὅπως
2699 1322 2811 1407 τού.
2829 1322 3049 1423 ταύτης-
3089 1322 3323 1410 θανάτού
3353 1356 3534 1429 ἑαυτῷ
3568 1322 3879 1429 συναφανίλ

2285 1460 2477 1508 σαντος
2508 1445 2603 1499 τὸν
2633 1445 2703 1499 δι’
2730 1445 2900 1516 αὐτὴν
2937 1446 3230 1518 γενόμενον
3276 1446 3533 1516 θάνατον,
3572 1438 3877 1506 ἀπολάϐω-³

2285 1551 2388 1606 μεν
2441 1537 2575 1605 ἡμῖν
2625 1534 3105 1607 ὲπανατρὲχουσαν
3173 1538 3276 1608 τὴν
3332 1538 3498 1611 ἡδονῇ
3554 1539 3858 1613 πραθεῖσαν

2281 1626 2449 1697 ζωὴν,
2476 1628 2692 1696 μικροῖς
2727 1626 2909 1690 πόνοις
2938 1626 3138 1699 σαρκὸς
3156 1627 3578 1699 ἁγορασθείσαν.

2359 1804 2448 1861 ιϐ’.
2487 1806 2551 1860 Εἰ
2584 1805 2784 1877 σαρκὸς
2812 1804 3181 1875 εύπαθούσης,
3210 1806 3240 1859 ὁ
3260 1808 3363 1876 τῆς
3393 1807 3674 1879 ἁμαρτίας
3705 1807 3857 1861 εῖωθε

2290 1899 2599 1953 πιαίνεσθαι
2627 1896 2800 1962 τόνος,
2842 1899 3001 1969 δῆλον
3034 1898 3115 1952 ὅτι
3162 1899 3369 1970 ταύτης
3395 1899 3801 1972 δυσπαθούσης,
3832 1901 3860 1953 ό

2287 1997 2387 2064 τῆς
2431 1994 2635 2065 ἀρετῆς
2677 1993 2887 2065 ἀνηόᾷν
2920 1991 3145 2057 εἰκότως
3188 1994 3419 2062 πέφυκε.
3459 1993 3731 2058 Γενναίως
3773 1989 3858 2047 οὖν

2288 2087 2602 2157 ὲνὲγκωμεν
2637 2086 2740 2157 τῆς
2785 2085 2991 2156 σαρκὸς
3038 2086 3137 2155 τὴν
3177 2085 3528 2152 δυσπάθειαν,
3562 2085 3674 2138 τῶν
3723 2076 3858 2140 κατὰ

2286 2177 2465 2249 ψυχὴν
2499 2173 2667 2232 οὖσαν
2708 2177 2979 2248 ρυπτικὴν
3015 2176 3329 2246 μολυσμῶν,
3366 2176 3463 2228 καὶ
3506 2175 3607 2244 τῆς
3638 2175 3856 2246 μελλού.

2290 2287 2390 2341 σης
2426 2269 2587 2340 δόξης
2631 2269 2929 2339 πρόξενον
2967 2270 3090 2323 Οὐκ
3132 2268 3273 2332 ἀξια
3298 2266 3407 2339 γὰρ
3440 2267 3514 2321 τὰ
3547 2266 3859 2336 παθήματα

2286 2363 2397 2441 τοῦ
2424 2364 2543 2418 νῦν
2558 2362 2786 2432 καιροῦ,
2809 2360 2957 2432 πρὸς
2983 2361 3102 2432 τὴν
3118 2362 3479 2433 μέλλουσαν
3511 2360 3702 2426 δόξαν
3725 2361 3859 2431 ἡμῖν

2287 2446 2828 2510 ἀποκαλύπτεσθαι
2841 2492 2858 2509 .

2357 2551 2430 2600 κ’.
2472 2544 2610 2598 Οὔτε
2645 2544 2807 2613 σῶμα
2850 2544 3247 2615 θεραπεύοντες
3312 2546 3511 2615 ἰατροὶ,
3555 2545 3613 2599 ἓν
3655 2545 3754 2600 καὶ
3802 2545 3857 2597 τὸ

2291 2638 2425 2693 αὐτὸ
2459 2640 2595 2693 πᾶσι
2617 2636 2995 2710 προσφέρουσι
3029 2639 3343 2710 φάρμακον,
3375 2638 3497 2692 οὔτε
3518 2638 3650 2702 Θεὸς
3675 2636 3859 2709 ψυχῶν

2294 2728 2562 2802 ἰατρεύων
2588 2731 2893 2800 νοσήματα,
2923 2730 3022 2785 ἕνα
3066 2731 3227 2800 μόνον
3279 2731 3579 2802 θεραπείας
3600 2724 3707 2783 οἶδε
3745 2729 3857 2800 τρό-

2292 2836 2395 2873 πον
2432 2823 2640 2885 πάσαις
2681 2816 2980 2893 άρμόδιὸν·
3011 2820 3129 2876 ἀλλ’
3163 2823 3374 2897 ἑκάστῃ
3413 2822 3508 2877 τὸν
3556 2820 3855 2893 πρόσφορον

2292 2912 2623 2984 ἀπονείμας,
2661 2913 2762 2977 τὰς
2805 2915 2980 2977 ἰάσεις
3022 2913 3340 2985 ἐργάζεται.
3367 2913 3857 2985 Εὐχαριστήσωμεν

2291 3000 2386 3059 οὖν
2420 3004 2870 3075 θεραπευόμενοι,
2897 3005 3003 3059 κᾶν
3035 3006 3132 3078 ἔχη
3172 3006 3405 3078 βάσανον
3440 3004 3500 3059 τὸ
3536 3005 3852 3075 γινόμενον

2291 3095 2353 3149 τὸ
2368 3096 2476 3168 γὰρ
2492 3095 2667 3160 τέλος,
2700 3095 2991 3166 μακάριον.

2365 3275 2473 3325 καθ.
2513 3269 2679 3323 οὐδὲν
2709 3266 2853 3322 οὕτω
2880 3267 3060 3338 ψυχῆς
3086 3267 3301 3337 ἐλέγχει
3334 3263 3588 3326 διάθεσιν,
3624 3263 3705 3327 ῶς
3729 3279 3860 3334 σαρ-

2292 3362 2385 3426 κὸς
2408 3359 2791 3430 δυσπαθούσης
2825 3360 3286 3429 ὲπαναστήματα·
3310 3353 3411 3421 οἷς,
3442 3357 3535 3410 ἐὰν
3568 3355 3670 3425 μὲν
3697 3356 3858 3408 ὑπεν-

2291 3452 2387 3524 δῷ,
2424 3450 2562 3505 Θεοῦ
2606 3449 2768 3504 πλέον
2814 3448 3120 3520 στέργουσα
3165 3448 3266 3518 τὴν
3302 3449 3483 3519 σάρκα
3524 3444 3856 3515 φανήσεται·

2292 3544 2388 3598 ἐὰν
2423 3542 2483 3596 δὲ
2524 3545 2633 3606 τοῖς
2672 3540 2880 3597 τούτων
2913 3541 3171 3614 διαμείνῃ
3219 3540 3548 3610 τινάγμασιν
3592 3537 3854 3598 ἄπιστος,

2296 3634 2501 3706 σαρκὸς
2534 3633 2696 3687 πλέον
2714 3633 2916 3705 ἀρετὴν
2938 3632 3157 3704 τιμῶσα
3177 3631 3553 3703 δειχθήσεται·
3581 3627 3649 3683 δι’
3682 3623 3754 3701 ἦς
3773 3625 3859 3679 τὸν

2292 3726 2426 3781 Θεὸν
2459 3726 2669 3779 ἔνοικον
2712 3724 3061 3791 ὑποδέξεται,
3089 3724 3181 3776 τὸν
3209 3722 3278 3775 δι’
3306 3722 3479 3793 αὐτὴν
3517 3719 3713 3774 παθεῖν
3743 3717 3857 3772 καθ’

2293 3819 2442 3890 ἠμᾶς
2464 3818 2860 3889 ἀνασχόμενον,
2884 3815 3112 3887 βοῶντα,
3136 3813 3389 3888 καθάπερ
3421 3813 3589 3867 πάλαι
3612 3814 3730 3875 τοῖς
3760 3827 3858 3882 μα-

2293 3910 2521 3984 θηταῖς·
2554 3910 2863 3980 Θαρσεῖτε,
2888 3910 3005 3980 ὲγὼ
3041 3909 3333 3977 νενίκηκα
3369 3907 3478 3961 τὸν
3498 3907 3753 3976 κόσμον.

2362 4178 2470 4253 κβ.
2509 4181 2574 4234 Εἰ
2617 4179 2824 4244 πάντες
2857 4179 3107 4243 παιδείας
3144 4180 3194 4233 οἰ
3241 4177 3392 4247 ἅγιοι
3432 4171 3698 4246 γεγόνασι
3735 4169 3855 4242 μέτ-

2292 4286 2430 4345 οχοι,
2459 4273 2552 4327 καὶ
2574 4273 2744 4343 ἡμεῖς
2764 4271 3255 4342 εὐχαριστήσωμεν
3283 4269 3383 4322 σὺν
3400 4266 3587 4328 αὐτοῖς
3615 4259 3859 4318 παιδευό-

2296 4382 2471 4436 μενοι,
2502 4365 2590 4418 ἵνα
2615 4367 2716 4436 τῆς
2748 4363 2928 4418 αὐτῶν
2965 4363 3183 4434 μέτοχοι
3215 4359 3472 4430 γενέσθαι
3512 4355 3677 4428 δόξης
3703 4353 3860 4421 ἀξιω-

614 4469 850 4510 reamnr.
888 4454 1057 4521 Quem
1085 4459 1222 4512 enim
1257 4457 1511 4513 Dominus
1540 4458 1735 4531 diligit,
1771 4461 2033 4531 castigat;
2087 4462 2190 4533 ﬂa-

2293 4456 2502 4530 θῶμεν.
2524 4459 2628 4512 'Or
2642 4456 2753 4528 γὰρ
2779 4452 2981 4527 ἀταπᾶ
3002 4454 3236 4524 Κύριος,
3263 4450 3529 4508 παιδεύει
3548 4464 3564 4484 ο
3583 4445 3862 4521 μαστιτοῧ

609 4544 778 4617 gellat
810 4555 988 4600 autem
1017 4564 1223 4603 omnem
1254 4547 1453 4618 ﬁlium,
1484 4566 1637 4621 quem
1667 4553 1882 4623 suscipit
1911 4552 1953 4605 ⁸.

683 4637 776 4692 25.
816 4637 1057 4694 Adamus
1075 4640 1321 4709 quidem,
1344 4652 1555 4698 costam
1575 4643 1915 4713 voluptatem
1953 4652 2183 4714 proten-

613 4722 835 4779 dentem
865 4740 930 4780 ac
966 4725 1252 4783 libidinem
1294 4730 1538 4799 proclive
1575 4732 1841 4801 probans,
1885 4732 2047 4803 eique
2091 4748 2187 4789 ae-

611 4810 921 4882 quicscens,
939 4812 1240 4874 humanum
1259 4829 1434 4886 genus
1454 4817 1714 4885 paradiso
1745 4818 1924 4888 ejccit,
1949 4820 1970 4850 ⁸
1996 4821 2184 4877 Demi-

609 4919 720 4963 ttus
745 4920 877 4960 tero
902 4919 1026 4959 cum
1060 4905 1247 4960 labore
1279 4906 1381 4960 hac
1410 4914 1567 4976 parte
1606 4906 1796 4963 lancea
1822 4907 2089 4966 discissus
2117 4912 2183 4978 ",

606 4994 1015 5066 .inparadisnm
1060 4995 1331 5051 latronem
1368 4997 1589 5052 induxit
1640 4999 1706 5053 “.
1764 4998 1961 5057 Carnis
1996 5002 2187 5073 itaque

602 5087 856 5145 .laborem
882 5086 1197 5158 diligamus,
1225 5087 1473 5159 ejusdem
1514 5089 1856 5161 vol0ptatem
1904 5106 1970 5147 ac
1998 5093 2190 5149 libidi-

605 5195 740 5237 nem
778 5179 908 5235 odio
935 5180 1239 5235 habeamus
1269 5197 1284 5234 :
1316 5180 1410 5235 ille
1443 5196 1683 5252 namque
1730 5180 1923 5252 pandit
1953 5184 2188 5250 aditum,

605 5271 884 5344 bonisque
914 5272 1189 5340 restituit;
1214 5273 1332 5329 ham
1356 5272 1527 5345 ejicit,
1576 5282 1743 5346 atque
1776 5291 1807 5333 a
1838 5275 2001 5333 bonis
2031 5277 2194 5350 longe

603 5361 846 5420 dirimit.
2008 5404 2015 5409 υ

683 5453 776 5509 24.
809 5453 949 5510 Cum
982 5454 1130 5511 Deus
1156 5455 1333 5511 factus
1354 5455 1520 5511 homo
1557 5471 1723 5513 carne
1758 5457 2022 5528 patiatur,
2066 5457 2194 5529 quis

608 5559 730 5602 non
759 5547 875 5616 pati
925 5548 1142 5618 gestiat,
1174 5547 1263 5602 cui
1304 5547 1452 5603 Deus
1487 5548 1761 5618 passionis
1791 5562 1957 5620 atque
1987 5550 2198 5607 laboris

691 5660 900 5732 fRom.
942 5679 1055 5727 vm,
1100 5663 1186 5719 l8.
1261 5665 1281 5695 '
1311 5665 1469 5720 Joan.
1524 5683 1631 5732 1m,
1659 5666 1747 5721 33.

610 5729 662 5765 ‘“
686 5729 827 5786 an.
863 5746 1011 5798 nul,
1057 5734 1146 5800 ια,
1178 5734 1266 5788 45.

2292 4549 2362 4605 δὲ
2385 4548 2581 4604 πάντα
2609 4547 2764 4613 υἱὸν,
2791 4546 2865 4601 ὃν
2891 4544 3303 4615 παραδέχεται.

2363 4638 2472 4711 κγ’.
2525 4640 2584 4694 '0
2615 4638 2716 4709 μὲν
2761 4637 2935 4709 Ἀδάμ
2991 4636 3091 4705 τὴν
3125 4633 3368 4706 πλευρὰν
3409 4632 3606 4703 ἡδονὴν
3652 4628 3861 4702 προτεί-

2294 4750 2494 4788 νουσαν
2520 4731 2992 4804 παραδεξάμενος,
3026 4729 3132 4795 ἔξω
3158 4726 3252 4782 τοῦ
3279 4726 3613 4798 παραδείσου
3642 4726 3788 4778 ποιεῖ
3812 4721 3864 4774 τὸ

2293 4826 2664 4899 ἀνθρώπινον⁸
2690 4826 2718 4879 ό
2755 4823 2814 4878 δὲ
2846 4823 3051 4895 Κύριος
3084 4821 3230 4892 πόνῳ
3270 4818 3476 4890 ταύτην
3507 4817 3598 4871 διὰ
3623 4817 3729 4887 τῆς
3747 4816 3864 4882 λόγ-

2292 4910 2396 4994 χης
2455 4915 2824 4989 ἀνασχισοεὶς.
2876 4914 2968 4969 τὸν
3015 4912 3219 4987 λῃστὴν
3273 4911 3382 4965 ἔσω
3411 4909 3507 4964 τοῦ
3539 4908 3866 4982 παραδείσου

2295 5013 2574 5084 ἐποίησεν.
2616 5009 3020 5080 Ἀγαπήσωμεν
3056 5005 3237 5060 τοίνυν
3271 5004 3362 5058 τὸν
3400 5003 3563 5057 πόνον
3593 5004 3699 5073 τῆς
3740 5015 3862 5069 σαρ·

2296 5104 2425 5167 κύςο
2460 5102 2787 5174 μισήσωμεν
2816 5099 2874 5153 δὲ
2908 5097 3113 5169 ταύτης
3141 5095 3243 5167 τὴν
3280 5094 3512 5168 ἡδονήνο
3554 5095 3585 5149 ὁ
3630 5095 3735 5166 μὲν
3768 5091 3868 5158 γὰρ

2294 5192 2507 5264 εἰσάγει
2550 5192 2647 5247 καὶ
2684 5193 2799 5255 τοῖς
2837 5190 3067 5259 ἀγαθοῖς
3115 5186 3584 5257 ἀποκαθίστησιν·
3627 5186 3663 5257 ἡ
3700 5183 3760 5239 δὲ
3792 5181 3876 5246 EE-

2296 5285 2422 5353 άγει
2444 5282 2670 5338 καὶτῶν
2701 5280 2923 5351 ἀγαθῶν
2950 5278 3326 5348 άποδιίστησιν
3343 5320 3360 5334 .

2368 5460 2468 5517 κδ’.
2512 5461 2575 5515 Εἰ
2612 5460 2750 5525 Θεὸς
2776 5459 2978 5530 πάσχει
3025 5459 3214 5531 σαρκὶ,
3244 5458 3538 5529 γενόμενος
3563 5455 3865 5526 ἅνθρωπος.

2295 5551 2377 5615 τίς
2408 5551 2635 5621 πάσχων
2667 5549 2728 5604 οὐ
2750 5548 2952 5621 γέγηθε
2976 5548 3109 5604 Θεὸν
3129 5549 3269 5622 ἔχων
3296 5549 3393 5604 τοῦ
3421 5548 3630 5611 πάθους
3660 5543 3864 5616 συμμέ-

1824 5667 1846 5699 ⁸
1880 5666 2046 5722 Prov.
2096 5684 2173 5734 ιιι,

2313 5684 2326 5698 ⁸
2389 5665 2559 5723 Hebr.
2598 5683 2692 5736 xu,
2721 5666 2772 5724 6.
2850 5665 3033 5723 ’Gen.
3086 5681 3163 5734 ιιι,
3191 5664 3281 5721 23.
3324 5678 3327 5685 ’
3360 5666 3404 5697 ¹⁶
3430 5662 3588 5719 Joan.
3640 5674 3754 5726 nx,
3785 5655 3855 5714 15
