4122 6320
305 283 330 347 1
343 279 442 348 189

992 285 1330 346 CAPITUM
1368 285 1794 358 QUINQUIES
1831 285 2354 348 CENTENORUM
2393 227 2783 346 CEL‘iTURIA
2817 284 2870 345 Ι.

3448 278 3585 347 1190

296 411 492 466 τοχονς
623 396 686 448 τὸ
733 396 1102 468 συμπάσχειν,
1137 396 1422 468 βασιλείας
1452 387 1714 468 πρόξενον
1743 398 1879 467 γίνε-

1997 399 2183 460 socius
2206 398 2324 452 sit?
2373 398 2533 467 cujus
2563 397 2713 451 socia
2739 393 2947 466 passio,
2978 408 3209 465 regnum
3234 407 3497 465 procurat
3521 411 3587 450 ac

298 503 414 541 ται.
472 488 704 557 ’Δληθὴς
746 489 855 560 γάρ
885 492 911 542 ὁ
948 491 1150 544 εἰπών·
1199 491 1382 559 Εἴπερ
1421 489 1888 560 συμπάσχομεν,

299 577 399 630 ἵνα
428 577 523 629 καί
553 577 1088 648 συνδοξασθῶμεν.

370 666 469 722 κε’.
511 669 572 721 Et
605 670 824 747 πάντως
856 672 1088 741 πονῆσαι
1115 673 1214 735 δεῖ,
1271 673 1358 726 διὰ
1412 672 1512 743 τὴν
1547 672 1890 744 ἐμφυρεῖσαν

299 761 364 830 τῇ
394 755 556 826 φύσει
594 758 684 810 διὰ
715 759 808 812 τοῦ
840 762 1189 832 προπάτορος
1221 763 1437 832 ἡδονὴν,
1465 763 1728 830 γενναίως
1765 764 1890 826 τοὺς

302 853 672 924 προσκαίρους
727 856 1158 924 καρτερήσωμεν
1209 857 1422 920 πόνους,
1450 857 1549 925 τῆς
1598 873 1655 908 τε
1691 855 1890 925 ἡδονῆς

299 944 360 996 τὸ
411 943 639 1015 κέντρον
680 948 812 1015 ἡμῖν
861 947 1262 1015 ἀμϐλύνοντας,
1303 948 1398 1001 καὶ
1433 947 1542 1000 τῶν
1594 948 1660 1000 δι’
1688 946 1889 1017 αὐτῆς

301 1036 447 1106 ἡμᾶς
474 1038 708 1089 αἰωνίων
747 1038 1169 1108 ἐλευθεροῦντας
1199 1039 1494 1092 κολάσεων.

368 1213 482 1277 κς’.
522 1213 746 1266 Πάντων
776 1212 886 1264 τῶν
935 1213 1158 1279 ἀγαθῶν
1191 1213 1345 1272 τέλος
1379 1215 1532 1266 ἐστὶν
1578 1213 1611 1282 ἡ
1669 1213 1885 1282 ἀγάπη,

299 1307 374 1370 ὡς
411 1307 543 1376 πρὸς
569 1306 701 1358 Θεὸν
725 1305 785 1358 τὸ
807 1304 916 1357 τῶν
947 1303 1171 1372 ἀγαθῶν
1201 1304 1530 1375 ἀκρότατον,
1559 1305 1652 1358 καὶ
1681 1305 1888 1370 παντὸς

300 1399 472 1450 αἴτιον
503 1396 734 1465 ἀγαθοῦ.
771 1397 900 1459 τοὺς
931 1398 991 1449 ὲν
1029 1398 1166 1468 αὐτῇ
1208 1396 1649 1467 περιπατοῦντας
1677 1396 1889 1464 ἄγουσα

302 1489 392 1541 καὶ
424 1491 776 1559 προσάγουσα
809 1491 903 1542 καὶ
935 1490 1268 1558 συνάγουσα,
1299 1488 1376 1551 ὡς
1410 1488 1576 1559 πιστὴ
1614 1488 1707 1541 καλ¹
1731 1490 1885 1542 ἀδιά-

300 1602 514 1647 πτωτος
545 1585 620 1650 (h)
655 1585 752 1638 καὶ
784 1585 1044 1654 μένουσα.
1084 1586 1148 1638 Ἠ
1182 1585 1362 1648 πίστις
1394 1583 1523 1654 γὰρ,
1557 1585 1719 1654 βάσις
1769 1586 1886 1637 ἐστὶ

297 1674 406 1729 τῶν
436 1675 552 1745 μετ’
579 1677 766 1745 αὐτὴν,
799 1675 1015 1739 ἐλπίδος
1044 1675 1188 1743 λέγω
1237 1675 1335 1728 καὶ
1371 1675 1616 1745 ἀγάπης,
1653 1674 1886 1744 βεϐαίως

1995 488 2274 543 conciliat.
2308 488 2490 542 Verax
2519 488 2668 542 enim
2698 495 2806 550 est,
2832 485 2924 555 qui
2958 485 3039 541 ait
3065 490 3085 538 :‘
3119 483 3178 540 Si
3203 487 3583 556 compatimur,

1993 586 2052 630 ut
2081 587 2131 631 et
2157 577 2617 648 congloriﬁcemur
2649 579 2713 632 ³³.
3027 623 3029 626 ι

1997 727 2002 731 ,
2063 668 2154 723 25.
2195 668 2334 724 Cum
2406 669 2635 722 omnino
2688 668 2910 722 labores
2952 668 3260 724 desudandi
3307 669 3418 722 sint
3446 711 3460 733 ,
3511 670 3584 724 ob

1995 761 2350 816 commistam
2386 770 2599 815 natura:
2632 760 2822 829 proavi
2884 761 3086 831 injuria
3135 762 3476 831 voluptatem
3519 778 3584 816 ac

1992 847 2306 916 libidinem,
2337 863 2724 922 temporaneos
2755 852 2913 922 517
2940 856 3164 908 strenue
3205 854 3426 908 labores
3460 870 3586 924 pcr-

1993 943 2258 1008 feramus,
2293 945 2387 1012 qui
2439 954 2497 998 et
2534 944 2836 1012 voluptatis
2891 960 2954 998 ac
3002 944 3256 1000 libidinis
3295 945 3582 1000 stimulum

1991 1037 2155 1091 nobis
2187 1036 2506 1103 retundant,
2534 1038 2868 1106 aeternisque
2902 1037 3188 1106 suppliciis
3220 1053 3460 1107 quorum
3492 1039 3582 1093 illa

1992 1135 2187 1182 auctor
2213 1135 2318 1189 est,
2358 1127 2622 1180 eximant.

2060 1220 2150 1274 26.
2183 1218 2440 1274 Onmium
2471 1219 2745 1273 bonorum
2792 1220 2917 1274 ﬁnis
2950 1230 3033 1273 est
3078 1219 3340 1285 charitas,
3371 1228 3432 1274 ut
3459 1237 3584 1290 quae

1993 1308 2050 1361 in
2080 1308 2200 1377 ipsa
2227 1309 2574 1362 ambulantes
2598 1309 2664 1362 ad
2693 1309 2861 1362 Deum
2892 1324 3208 1378 supremum
3234 1309 3440 1364 bonum
3467 1328 3555 1368 om

1988 1400 2184 1468 nisque
2229 1399 2361 1453 boni
2397 1409 2700 1463 auctorem,
2755 1411 3012 1469 tanquam
3052 1401 3178 1467 ﬁda,
3223 1411 3279 1456 et
3312 1419 3433 1472 quae
3470 1418 3580 1457 non

1988 1490 2205 1544 excidat
2267 1500 2630 1560 maneatque,
2701 1491 2901 1556 ducat,
2957 1493 3279 1559 admoveat,
3337 1483 3596 1564 colligat,

1990 1575 2157 1633 Fides
2182 1580 2351 1642 enim,
2382 1581 2730 1649 sequentium
2760 1580 3177 1636 fundamentum
3205 1593 3290 1638 est
3317 1585 3454 1654 (spei
3479 1586 3584 1638 sci-

1989 1671 2119 1725 licet
2148 1680 2203 1725 et
2234 1671 2542 1741 charitatis)
2571 1688 2692 1743 qum
2735 1674 3023 1728 veritatem
3075 1674 3310 1730 ﬁrmiter
3353 1684 3577 1731 statuat.

299 1769 360 1820 τὸ
391 1769 595 1838 ἀληθὲς
635 1768 949 1836 ὑφεστῶσα.
984 1769 1044 1820 Ἦ
1079 1768 1135 1821 δὲ
1169 1766 1348 1830 ἐλπὶς,
1373 1769 1484 1820 τῶν
1515 1767 1703 1838 ἄκρων
1729 1758 1879 1820 ἐστὶν

1989 1763 2146 1832 Spes,
2183 1775 2555 1819 extremorum
2610 1767 2916 1837 (charitatis
2965 1782 3028 1821 ac
3081 1767 3230 1838 ﬁdei)
3269 1769 3446 1824 robur
3493 1779 3580 1826 est

304 1861 477 1930 ἰσχὺς,
528 1860 748 1929 ἀγάπης
787 1860 929 1928 λέγω
974 1861 1068 1913 καὶ
1103 1859 1363 1921 πίστεως,
1391 1859 1454 1911 τὸ
1494 1859 1686 1912 πιστόν
1725 1876 1785 1911 τε
1813 1858 1879 1911 δι’

301 1952 505 2020 ἑαυτῆς
536 1955 630 2005 καὶ
678 1953 738 2003 τὸ
795 1951 1024 2022 ὲραστὸν
1082 1953 1288 2022 ἀμφοῖν
1347 1951 1744 2019 ὑποφαίνουσα,
1785 1950 1881 2002 καὶ

300 2046 436 2115 πρὸς
457 2046 590 2097 αὐτὸ
625 2045 714 2096 τὸν
739 2044 942 2114 δρόμον
973 2044 1038 2096 δι’
1070 2045 1270 2115 ἑαυτῆς
1294 2045 1570 2098 ποιεῖσθαι
1595 2045 1880 2098 διδάσκου-

301 2153 390 2189 κα.
433 2135 494 2186 Ἡ
552 2135 609 2187 δὲ
674 2136 884 2204 ἀγάπη,
934 2135 1142 2188 τούτων
1195 2138 1313 2188 ἐστὶ
1368 2136 1784 2208 συμπλήρωσις,
1819 2137 1882 2190 τὸ

299 2225 528 2293 ἔσχατον
563 2225 783 2293 ὀρεκτὸν
807 2225 930 2277 ὅλον
958 2225 1050 2294 ὅλη
1083 2228 1595 2298 περιπτυσσομένη,
1626 2231 1720 2282 καὶ
1752 2231 1882 2282 ταὺ-

297 2331 420 2378 ταις
442 2316 540 2384 τῆς
566 2317 655 2369 ἐπ’
678 2317 811 2370 αὐτὸ
855 2319 1123 2386 κινήσεως
1157 2321 1348 2371 στάσιν
1377 2322 1750 2391 παρεχομένη,
1783 2321 1878 2374 τοῦ

302 2405 580 2458 πιστεύειν
628 2402 816 2468 εἶναι,
846 2407 942 2459 καὶ
971 2407 1217 2470 ἐλπίζειν
1265 2409 1626 2477 παρέσεσθαι,
1657 2413 1718 2464 τὸ
1745 2416 1882 2466 ἁπο-

299 2497 486 2551 λαὺειν
516 2499 781 2568 παρόντος
811 2499 876 2552 δι’
904 2500 1104 2569 ἑαυτῆς
1137 2501 1559 2568 ἀντεισάγουσα.

371 2588 474 2654 κζ’.
511 2591 710 2660 Ἔργον
741 2591 838 2660 τῆς
864 2591 1086 2660 ἀγάπης
1108 2592 1468 2657 τελειότατον,
1503 2593 1598 2646 καὶ
1632 2593 1731 2661 τῆς
1758 2593 1879 2646 κατ’

300 2683 472 2752 αὐτὴν
512 2682 793 2751 ἐνεργείας
823 2682 1018 2752 πέρας,
1043 2684 1108 2736 δι’
1132 2686 1453 2748 ἀντιδέσεως
1484 2687 1744 2756 σχετικῆς
1772 2685 1879 2739 τῶν

301 2776 422 2826 κατ’
448 2773 617 2842 αὐτὴν
641 2773 1024 2842 συνημμένων,
1051 2775 1303 2844 ἀλλήλοις
1330 2777 1639 2847 ὲμπρὲπειν
1652 2777 1719 2830 τά
1743 2777 1880 2829 ἰδιώ-

305 2866 597 2934 ματα,καὶ
654 2864 753 2926 τὰς
787 2865 1012 2935 κλήσεις
1069 2867 1546 2936 παρασκευάζειν
1609 2869 1702 2922 καὶ
1757 2868 1880 2921 θεὸν

303 2956 402 3027 μὲν
424 2956 514 3008 τὸν
535 2955 820 3026 ἄνθρωπον
841 2959 1038 3018 ποιεῖν,
1066 2957 1353 3030 ἄνθρωπον
1377 2959 1434 3012 δὲ
1467 2960 1560 3012 τὸν
1590 2960 1722 3014 Θεὸν
1747 2978 1880 3035 χρη-

305 3047 556 3116 ματίζειν
593 3046 687 3098 καὶ
717 3044 1025 3112 φαίνεσθαι.
1051 3044 1139 3098 διὰ
1167 3047 1266 3115 τὴν
1313 3047 1443 3116 μίαν
1489 3048 1584 3100 καὶ
1627 3049 1877 3118 ἀπαράλ-

1989 1866 2153 1924 atque
2203 1856 2466 1920 ﬁrmitas;
2502 1873 2623 1927 qua:
2665 1858 2783 1928 ipsa
2834 1859 3055 1928 utrique
3102 1859 3183 1914 rei
3227 1859 3390 1916 ﬁdem
3421 1877 3578 1916 arno-

1990 1962 2217 2016 remque
2265 1949 2546 2012 ostendat,
2594 1965 2928 2019 cursumque
2984 1949 3038 2004 in
3092 1965 3212 2005 eam
3264 1967 3366 2008 sua
3411 1969 3578 2023 opera

1988 2039 2436 2096 contendendum
2483 2040 2696 2096 doceat.
2749 2040 3002 2097 Charitas
3047 2059 3199 2109 vero,
3248 2045 3444 2099 barum
3493 2055 3579 2100 est

1988 2132 2451 2200 complementum
2476 2172 2492 2197 ,
2546 2141 2720 2188 totum
2757 2141 2868 2187 tota
2920 2149 3241 2204 supremum
3279 2135 3579 2206 appetibile

1988 2225 2379 2308 complectens,
2417 2225 2659 2295 ipsisque
2691 2242 2720 2279 a
2757 2235 2907 2281 motu
2959 2227 3015 2281 in
3060 2227 3194 2282 illud
3239 2229 3480 2298 quietem
3514 2244 3582 2285 ac

1988 2311 2348 2370 cessationem
2386 2318 2667 2387 pmhens;
2709 2319 2830 2388 ejus
2873 2318 2997 2374 loco
3031 2335 3096 2374 ac
3136 2321 3427 2376 credamus
3455 2337 3579 2378 esse

1987 2407 2346 2478 futurumque
2393 2427 2700 2479 speremus,
2733 2419 2792 2464 ut
2833 2427 2930 2480 per
2957 2427 3078 2466 eam
3123 2423 3395 2483 prmscnte
3425 2413 3578 2469 frua-

1988 2515 2114 2554 mur
2147 2515 2212 2555 ae
2240 2502 2644 2570 possideamus,
2683 2502 2966 2558 inducens.

2056 2593 2144 2645 Ἦ.
2177 2591 2478 2646 Charilatis
2527 2592 2988 2662 perfectissimum
3031 2608 3171 2662 opus
3201 2601 3303 2656 est,
3348 2595 3578 2664 ejusque

1987 2683 2324 2752 operationis
2353 2683 2496 2746 ﬁnis,
2524 2694 2585 2738 ut
2610 2701 2708 2754 per
2733 2701 2874 2748 eam,
2905 2685 3185 2755 reciproca
3217 2687 3451 2755 quadam
3481 2687 3579 2740 ba-

1988 2776 2258 2830 bitudinis
2313 2776 2710 2840 attributione,
2761 2792 2953 2832 eorum
3007 2777 3102 2846 qui
3153 2776 3244 2830 illa
3295 2777 3577 2847 coniuncti

1987 2878 2134 2930 sunt,
2160 2869 2279 2922 alia:
2306 2868 2429 2922 aliis
2453 2869 2824 2938 proprietates
2843 2869 3175 2938 nominaque
3197 2869 3532 2923 conveniant
3557 2886 3570 2922 :

1988 2970 2048 3014 ut
2099 2969 2155 3014 et
2197 2961 2476 3014 hominem
2505 2961 2690 3024 deum,
2721 2961 3006 3030 Deumque
3055 2959 3334 3028 hominem
3381 2960 3578 3014 audire

1986 3067 2050 3106 ac
2080 3052 2254 3105 videri
2308 3052 2491 3114 faciat,
2539 3052 2609 3105 ob
2655 3051 2902 3106 eamdem
2953 3052 3204 3124 nihilque
3251 3051 3574 3106 dissimilem

298 3138 494 3190 λακτον
523 3135 853 3206 ἀμφοτέρων
895 3136 1038 3190 κατά
1069 3137 1130 3190 τὸ
1164 3137 1378 3210 θέλημα
1421 3139 1675 3210 βούλησίν
1714 3138 1773 3210 (ἱ)
1823 3157 1879 3192 τε

1985 3143 2270 3198 amborum
2301 3142 2644 3196 voluntatem
2673 3157 2737 3196 ac
2769 3140 3186 3211 appetitionem.

300 3227 394 3280 καὶ
431 3227 662 3295 κίνησιν.

371 3324 477 3386 κη’.
510 3318 570 3369 Εἰ
600 3318 718 3369 κατ’
750 3319 933 3370 εἰκόνα
960 3317 1097 3371 Θεοῦ
1124 3319 1340 3380 πάντως
1365 3320 1547 3390 ἡμεῖς,
1585 3320 1878 3390 γενώμεθα

301 3409 509 3464 ἑαυτῶν
548 3413 639 3462 καὶ
672 3410 764 3463 τοῦ
813 3410 948 3464 Θεοῦ
971 3427 984 3439 ⁸
1049 3411 1252 3480 μᾶλλον
1301 3412 1380 3478 δὲ,
1416 3414 1578 3482 μόνου
1631 3416 1724 3466 καὶ
1752 3415 1876 3467 ὅλου

298 3502 458 3562 Θεοῦ,
491 3503 582 3554 καὶ
631 3503 764 3566 ὅλοι,
803 3502 971 3572 μηδέν
1004 3503 1250 3572 ἐπίγειον
1301 3505 1357 3556 ὲν
1387 3505 1520 3574 ἡμῖν
1549 3506 1733 3568 αὐτοῖς
1778 3506 1874 3572 φέ-

303 3609 508 3662 ροντες,
543 3592 630 3646 ἵνα
666 3592 786 3663 Θεῷ
838 3593 1254 3664 πλησιάσωμεν.
1292 3596 1387 3646 καὶ
1421 3594 1532 3646 θεοὶ
1567 3595 1876 3664 γενώμεθα,

300 3685 365 3735 ὲκ
393 3684 530 3737 Θεοῦ
564 3685 626 3738 τὺ
655 3685 768 3738 Οεοὶ
820 3681 959 3741 εἶναι
1005 3687 1283 3748 λαϐόντες.
1325 3685 1484 3739 Οὕτω
1513 3685 1622 3756 γὰρ
1650 3688 1879 3756 τιμᾶται

299 3773 368 3828 τὰ
398 3775 514 3826 θεῖα
539 3775 859 3846 δωρήματα,
884 3778 981 3831 καὶ
1013 3779 1047 3848 ἡ
1071 3779 1169 3848 τῆς
1199 3776 1350 3841 Θείας
1371 3778 1594 3849 είρήνης
1617 3778 1874 3847 φιλοφροο

299 3867 470 3918 νεῖται
503 3867 794 3938 παρουσία.

373 4049 478 4102 κδ’.
504 4051 664 4118 Μέγα
695 4049 902 4119 ἀγαθὸν
955 4051 988 4121 ἡ
1024 4051 1234 4120 ἀγάπη,
1289 4048 1384 4103 καὶ
1413 4048 1522 4102 τῶν
1556 4047 1779 4116 ἀγαθῶν
1813 4050 1874 4103 τὸ

298 4139 518 4209 πρῶτον
545 4140 638 4192 καὶ
670 4139 948 4212 ἐξαίρετον
977 4141 1203 4210 ἀγαθὸν,
1243 4141 1317 4204 ὡς
1346 4140 1478 4193 Θεὸν
1510 4139 1604 4193 καὶ
1660 4138 1871 4210 ἀνθρώ-

371 4294 416 4325 ¹¹
447 4293 606 4347 Rom.
638 4311 752 4359 \‘lll,
793 4296 879 4348 l7.

2051 3321 2139 3375 28.
2177 3319 2457 3390 Siquidem
2504 3319 2728 3373 omnino
2759 3317 2826 3372 ad
2873 3317 2969 3373 Dei
3020 3332 3210 3373 sumus
3253 3316 3570 3388 imaginem,

1981 3415 2158 3468 nostri
2209 3413 2451 3481 ipsorqu
2489 3411 2697 3479 Deique
2743 3409 3076 3474 eﬁiciamur;
3123 3409 3233 3463 imo
3262 3409 3445 3478 potius
3472 3409 3572 3464 toti

1973 3504 2042 3557 ad
2072 3519 2241 3558 unum
2276 3512 2559 3572 totumque
2591 3504 2787 3566 Deum,
2819 3502 2954 3556 nihil
2989 3503 3088 3571 ipsi
3124 3503 3178 3556 in
3208 3503 3369 3558 nobis
3394 3513 3568 3558 terre-

1974 3609 2106 3648 num
2158 3594 2429 3659 ferentes,
2483 3603 2824 3662 spectemus,
2871 3603 2932 3647 ut
2975 3595 3088 3647 Deo
3135 3594 3572 3664 propinquemus

1976 3684 2163 3754 diique
2210 3683 2438 3748 ﬁamus;
2493 3683 2589 3736 Dei
2640 3683 2746 3735 hoc
2789 3696 3018 3737 munere
3049 3684 3361 3746 consecuti,
3397 3693 3458 3739 ut
3493 3683 3570 3738 dii

1981 3774 2327 3830 exsistamus.
2366 3772 2457 3826 Sic
2480 3772 2625 3827 enim
2656 3770 2858 3826 divinis
2889 3770 3050 3824 donis
3095 3771 3328 3825 habetur
3368 3773 3566 3838 honor,

1984 3866 2294 3935 divinaeque
2340 3867 2491 3935 pacis
2535 3863 2826 3935 prmscntia
2877 3871 3157 3933 gratanter
3181 3864 3455 3933 excipitur
3483 3873 3568 3918 at-

1978 3974 2084 4028 que
2115 3957 2402 4028 probatur.

2045 4049 2134 4103 29.
2169 4048 2365 4118 Ingens
2398 4047 2642 4103 charitas
2689 4047 2926 4114 bonum,
2957 4048 3208 4118 interque
3257 4047 3401 4102 bona
3449 4046 3566 4116 pri—

1976 4155 2124 4194 mum
2154 4155 2218 4194 ac
2253 4139 2549 4206 eximium;
2582 4154 2703 4211 qua:
2737 4139 2853 4210 ipsa
2891 4139 3064 4195 Deum
3091 4147 3149 4194 et
3183 4138 3437 4194 homines
3469 4152 3568 4212 per

368 4427 444 4500 (ξι)
484 4429 587 4482 Καὶ
623 4427 1012 4500 ἀδιάπτωτος.
1044 4428 1210 4500 Quasi
1241 4428 1382 4500 Aipsa
1417 4429 1472 4483 in
1518 4443 1578 4500 se
1609 4415 1868 4483 constans

1985 4429 2397 4500 λπαραλλάκτῳ,
2449 4429 2639 4500 ὁμοίῳ,
2681 4429 2832 4500 ποιρά
2876 4429 3039 4499 μηδὲν
3103 4426 3560 4500 παραλλάσσοντι.

296 4497 554 4569 etiirma.
584 4507 639 4552 et
661 4498 808 4568 quod
838 4498 914 4552 ait
954 4501 1143 4568 Apost.
1164 4498 1204 4552 Ι.
1227 4497 1353 4553 Gor.
1384 4515 1498 4564 xui,
1527 4498 1558 4550 8
1581 4501 1648 4568 εὴ
1681 4500 1867 4569 ἀγάπη

296 4566 550 4620 οὐδέποτε
572 4566 845 4623 ἐκπίπτει.
866 4566 1113 4622 Charitas
1138 4585 1410 4638 nunquam
1435 4566 1672 4622 excidit:
1697 4585 1758 4622 ea
1793 4566 1876 4622 ni;

297 4638 498 4690 mirum
529 4638 762 4701 ratione,
796 4655 902 4707 qua
925 4639 1264 4708 reliquarum
1295 4639 1561 4692 virtutum
1609 4638 1880 4708 theologi-

295 4722 503 4778 carnmr
540 4709 1002 4778 complementum
1057 4715 1176 4768 est;
1253 4708 1314 4760 τὸ
1377 4708 1601 4778 ἔσχατον
1652 4710 1878 4776 ὀρεκτὸν

296 4777 417 4830 ὅλον
466 4777 562 4846 ὅλη
612 4777 1115 4848 περιπτυσσομὲνη,
1168 4784 1336 4832 totum
1385 4777 1496 4833 tota
1531 4778 1878 4848 complectens

297 4862 604 4918 supremum
649 4849 964 4918 appetibile,
997 4850 1224 4918 ejusque
1261 4848 1550 4917 praesentis
1594 4849 1875 4914 fruitione,

300 4915 428 4970 ﬁdei
479 4933 542 4971 ac
571 4915 694 4987 spei
722 4915 784 4972 in
829 4917 1005 4987 ipsum
1029 4915 1232 4971 'motus
1264 4915 1449 4986 quiete
1491 4917 1712 4971 sistens.
1744 4917 1876 4983 Quae

297 4987 379 5040 sic
420 4987 566 5041 clara
599 5003 662 5058 ac
697 4988 1024 5058 theologica,
1080 4988 1206 5056 quis
1246 4987 1386 5042 ferat
1437 4988 1510 5041 ita
1555 4988 1682 5041 Pico
1718 4989 1872 5041 nullo

297 5071 459 5112 sensu
482 5057 716 5124 reddita,
735 5057 866 5124 Quae
896 5057 1009 5128 post
1032 5058 1211 5111 omnia
1243 5071 1460 5128 prorsus
1487 5059 1778 5128 expetenda
1803 5067 1878 5112 est

297 5137 345 5180 et
368 5137 479 5180 tota
504 5128 773 5182 induenda
795 5129 822 5181 7

371 5197 430 5265 (ἱ)
467 5198 568 5250 Διὰ
589 5197 706 5264 τὴν
715 5199 864 5266 μίαν
888 5197 986 5253 καὶ
1000 5196 1875 5266 ἀπαράλλακτον..,βούλησιικ

296 5265 461 5338 Picus
478 5267 625 5336 quod
651 5265 770 5324 eam
792 5283 982 5323 vocem
1001 5265 1436 5338 ἀπαράλλακτον,
1457 5265 1876 5333 immutabilem,

298 5334 514 5410 reddit}
543 5338 840 5410 statimque
867 5345 994 5410 post
1015 5353 1065 5393 c.
1087 5334 1388 5410 29,_inillis
1414 5338 1620 5410 verbis,
1640 5339 1756 5410 τὴν
1784 5340 1878 5410 τοῦ

299 5403 431 5478 03.03
430 5405 591 5478 μένου
604 5407 738 5478 πρὸς
750 5403 842 5478 τὸν
856 5403 987 5461 Θεὸν
1007 5409 1144 5462 κατά
1156 5408 1215 5459 τὸ
1233 5408 1433 5475 ἀγαθὸν
1449 5403 1877 5478 ἀπαραλλαξίαν,

299 5473 542 5542 Deiﬁrati
581 5493 614 5529 a
650 5473 759 5530 Deo
796 5476 1165 5548 impossibilem
1205 5473 1625 5602 seﬁarationem;
1656 5473 1816 5551 longe
1847 5473 1879 5535 τι

300 5558 453 5602 vero.
488 5552 596 5602 est.
652 5561 892 5602 sanaane
925 5547 1194 5601 doctrina.
1305 5548 1563 5602 trobiauc
1611 5549 1760 5602 enim
1818 5550 1877 5602 τὸ

300 5552 596 5617 γετοηοβῑ,
652 5561 892 5616 sanaque
925 5547 1218 5617 doctrina,
1254 5547 1563 5617 Utrobiquc
1611 5547 1775 5603 enim'
1818 5550 1877 5604 τὸ

299 5613 718 5686 ἀπαράλλακτον
747 5613 820 5686 εἰ
863 5616 1257 5686 ,ἀπαραλλαξία
1284 5654 1300 5679 ,
1349 5613 1538 5672 exacta
1573 5617 1874 5673 similitudo

282 5683 579 5773 ⁸ιὶοειξιιιιηιι
599 5685 756 5756 quasi
789 5683 1098 5742 diﬁ'erentia
1121 5695 1180 5742 et
1219 5687 1559 5743 evariatione
1593 5705 1605 5740 :
1636 5687 1870 5761 llesych.

1979 4498 2135 4567 Quod
2204 4498 2437 4556 reddere
2486 4498 2731 4553 voluerit
2796 4498 3010 4554 Phile.
3080 4509 3136 4555 ct
3180 4509 3339 4554 vetus
3383 4498 3562 4554 Gloss.

1983 4570 2174 4640 Steph.
2222 4588 2346 4625 cum
2380 4571 2722 4641 indiscretum
2748 4580 3044 4641 exponunt
3115 4570 3276 4641 Greg.
3314 4569 3368 4623 in
3418 4569 3562 4624 diem

1979 4639 2186 4695 Christi
2227 4641 2404 4695 Nalal.
2453 4643 2485 4709 η
2524 4639 2942 4709 ἀπαράλλακτος
2977 4641 3143 4694 εἰκών
3180 4659 3191 4670 ’
3233 4639 3437 4710 ήΙηιίιςιο
3473 4657 3565 4705 per

1979 4713 2157 4782 onmia
2186 4711 2394 4782 similis.
2429 4711 2686 4782 Nihilque
2722 4711 2987 4782 theologis
3017 4711 3287 4773 crebrius,
3322 4725 3385 4782 ea
3415 4711 3564 4782 vatis

1982 4781 2127 4851 illius
2152 4781 2488 4850 acceptione,
2509 4783 2592 4835 vel
2624 4780 2678 4834 in
2713 4780 2929 4836 divinis—
2950 4783 3221 4851 personis,
3259 4781 3416 4851 vel_in
3444 4781 3564 4851 qni:-

1981 4849 2084 4904 bus
2114 4849 2352 4920 perfecta
2385 4851 2686 4905 secundum
2726 4849 3047 4915 bonitatem,
3098 4859 3300 4919 quanta
3348 4849 3558 4920 homini

1984 4918 2263 4985 concessa,
2315 4936 2439 4974 cum
2473 4921 2584 4974 Deo
2634 4923 2938 4976 similitudo
2976 4930 3060 4976 est
3094 4918 3190 4989 per
3237 4918 3560 4989 charitatem

1983 5006 2106 5060 qua:
2131 4999 2310 5045 tamen
2352 5006 2454 5046 nec
2497 4999 2699 5044 statum
2725 4988 3143 5049 immutabilem.
3179 5006 3281 5044 nec
3315 4988 3569 5056 impossi-.

1982 5061 2148 5115 bilem
2184 5077 2214 5115 a
2238 5061 2350 5117 Deo
2395 5060 2796 5130 scparationem
2827 5062 2977 5123 facit,
3021 5070 3193 5130 extra,
3216 5061 3389 5130 ipsam
3427 5075 3565 5130 con-

1981 5131 2402 5185 summationem
2432 5129 2488 5184 et
2517 5130 2612 5185 Dei
2633 5131 2924 5194 visionem,
2955 5131 3022 5183 de
3047 5145 3151 5198 qua
3182 5129 3446 5183 Maximus
3472 5129 3566 5186 hic

1980 5216 2091 5272 non
2122 5203 2271 5272 agit,
2302 5200 2574 5272 Fraudem
2598 5199 2791 5256 fecerit
2816 5201 2971 5272 Pico
3003 5200 3193 5269 Steph.
3221 5200 3273 5252 in
3307 5198 3568 5272 Thesauri

1981 5269 2184 5335 indice,
2223 5271 2315 5326 ubi
2340 5272 2515 5342 nullo,
2545 5281 2773 5326 auctore
2806 5269 3012 5342 (nescio
3037 5286 3104 5324 an
3136 5286 3215 5342 ex_
3235 5269 3408 5342 veteri
3451 5269 3566 5342 ali-

1984 5356 2092 5412 quo
2122 5341 2408 5412 glossario,
2437 5341 2526 5396 vel
2554 5356 2622 5395 ex
2651 5356 2752 5412 suo
2791 5337 2990 5411 capite)
3015 5339 3416 5412 ἀπαραλλαξίαο
3443 5337 3564 5395 Νοη

1981 5411 2199 5475 mutari,
2241 5428 2332 5465 seu
2382 5411 2811 5476 immutabilitas,
2843 5411 3173 5473 constantia;
3228 5417 3564 5466 cumtamen

1982 5481 2149 5546 idem,
2178 5490 2218 5552 ε.
2251 5481 2293 5547 I,
2330 5481 2471 5537 bene
2492 5490 2760 5552 exponat;
2785 5491 3085 5552 arguatque
3106 5480 3333 5552 iBilibal.
3365 5479 3563 5536 inlorn

1979 5552 2145 5634 allato
2159 5549 2324 5634 _Gre_g.
2348 5551 2503 5675 quasi
2531 5549 2821 5624 perperam
2844 5549 3170 5618 reddiderit,
3199 5551 3558 5606 incommuta-

1979 5621 2097 5676 bilis
2124 5621 2346 5676 simimu
2386 5639 2437 5676 0.

2013 5623 2097 5678 ilia
2124 5623 2437 5678 similitudo.
