4122 6320
563 319 697 388 1191
1756 311 1822 370 S.
1865 310 2154 373 ΜΛΧΙΜι

2280 308 2709 372 lNFESSORlS
3698 305 3843 372 1192

561 447 622 490 se
646 431 889 504 copulet,
923 428 1070 486 circa
1096 439 1247 490 eum,
1280 420 1376 494 qui
1411 421 1504 476 illa
1531 417 1798 490 praeditus
1819 428 1938 485 est;
1965 418 2156 473 faciat-

2280 434 2399 481 τους
2433 418 2501 471 δι’
2533 418 2733 489 ἑαυτῆς
2776 418 2905 490 περὶ
2931 417 3021 471 τὸν
3051 417 3220 489 αὑτὴν
3243 416 3436 488 ἔχοντα
3469 416 3844 474 συνάπτουσα.

563 540 692 595 que,
725 532 785 578 ut
813 522 908 593 qui
951 518 1238 574 hominum
1273 531 1447 587 genus
1478 512 1745 574 condidit,
1782 523 1843 567 ut
1871 512 2036 566 homo
2064 525 2159 580 ap-

2280 511 2360 566 ιαὶ
2383 509 2459 574 ὼς
2496 509 2785 578 ἄνθρωπον
2812 511 2907 563 τὸν
2933 509 3167 580 ποιητὴν
3195 509 3305 564 τῶν
3337 507 3642 580 ἀνθρώπων
3672 513 3843 585 φανῆ.

564 625 774 688 pareat,
823 615 895 670 ob
922 627 1194 669 summam
1229 612 1352 682 ejus
1384 610 1478 680 qui
1512 609 1716 664 deitate
1763 607 2001 662 donatur
2033 620 2160 661 cum

2280 617 2353 653 lat
2382 599 2906 670 παρασκευάζουσα,
2959 598 3049 652 διὰ
3091 600 3190 670 τὴν
3226 599 3323 653 τοῦ
3375 597 3668 670 θεουμένου
3706 603 3848 674 πρὸς

564 708 698 770 Deo,
739 704 954 759 ratione
993 700 1146 767 boni,
1187 700 1369 772 quoad
1419 699 1632 753 homini
1675 711 2000 752 concessum
2039 703 2159 760 est,

2280 691 2356 745 τὸν
2388 690 2524 744 Θεὸν
2582 691 2726 747 κατὰ
2778 691 2840 744 τὸ
2888 690 3091 759 ἀγαθὸν
3140 691 3216 754 ὡς
3266 691 3490 760 ἐφικτὸν
3550 692 3846 766 ἀνθρώπῳ,

565 796 1022 861 similitudinem;
1072 809 1238 864 quam
1281 801 1545 864 praestare
1575 791 1853 852 existimo,
1885 789 1990 844 hoc
2014 787 2162 858 quod

2280 783 2686 856 ὶπαραλλαξίαν
2710 800 2724 814 °
2757 784 2826 856 ἢν
2856 785 3106 854 ἐνεργεῖν
3152 783 3524 855 ὑπολαμϐάνω
3561 787 3644 850 τὸ,
3680 788 3852 857 ’Δγαει

563 901 667 957 est,
692 893 930 962 Diligere
957 891 1253 945 Dominum
1279 889 1450 944 Deum
1475 905 1542 944 ex
1575 896 1690 942 toto
1715 886 1882 942 corde
1903 896 1960 941 et
1980 884 2163 938 anima

2280 879 2439 947 πῆσαι
2469 877 2676 948 Κύριον
2703 876 2794 930 τὸν
2827 876 2962 931 Θεὸν
2994 877 3055 944 ἐξ
3099 875 3227 946 ὅλης
3256 876 3510 949 καρδίας.
3537 876 3632 932 καὶ
3663 878 3849 951 ψυχῆς

564 993 622 1042 et
647 985 891 1049 virtute;
923 990 980 1038 et
1009 982 1320 1052 proximum
1358 981 1502 1035 sicut
1535 979 1777 1049 seipsum
1813 978 1876 1031 “.

639 1074 730 1129 '50.
789 1073 1207 1130 Observandum
1252 1073 1556 1134 diabolum,
1585 1072 1714 1126 dolo
1739 1079 1918 1125 astute
1942 1085 2168 1140 compo-

569 1167 700 1230 sito,
739 1181 838 1236 per
869 1166 1156 1234 φιλαυτίαν
1193 1165 1420 1235 (caecum
1449 1164 1663 1219 scilicet
1683 1178 1749 1217 ac
1773 1162 2047 1217 carnalem
2078 1161 2166 1215 sui

569 1258 840 1328 amorem)
887 1257 1189 1328 voluptatis
1221 1256 1444 1328 objectu
1498 1254 1818 1311 seducendo
1850 1253 2163 1319 hominem,

571 1351 752 1422 ipsum
788 1350 952 1420 518
985 1365 1015 1403 a
1045 1350 1180 1412 Deo,
1213 1349 1460 1417 aliosque
1489 1346 1558 1400 ab
1601 1345 1747 1409 aliis,
1794 1345 2168 1416 pugnantibus

572 1442 770 1498 animis
793 1457 858 1497 ac
887 1440 1181 1496 sententiis
1212 1439 1582 1510 disj-unxisse;
1612 1452 1872 1507 perversa
1902 1435 2166 1490 nimirum

572 1533 932 1597 rectitudine,
978 1532 1145 1601 inque
1195 1531 1344 1584 hunc
1382 1530 1605 1584 modum
1634 1529 1811 1582 divisa
1853 1536 2072 1591 natura,
2102 1541 2169 1582 ac

576 1623 632 1676 in
664 1624 863 1677 multas
889 1622 1179 1691 opiniones
1205 1620 1526 1690 judiciaque
1550 1617 1740 1673 scissa.

646 1713 734 1767 5|.
770 1712 900 1765 Tria
933 1719 1063 1765 sunt
1111 1710 1349 1763 maxima
1390 1717 1446 1762 et
1483 1705 1813 1777 primigenia
1843 1704 2016 1771 vitia;
2045 1719 2168 1759 om-

2265 969 2360 1022 καὶ
2384 968 2667 1039 δυνάμεως
2692 984 2706 998 ⁸
2737 969 2948 1023 καὶτὸν
2983 968 3212 1038 πλησίον
3246 968 3321 1030 ὡς
3351 968 3564 1024 έαυτόν.

2335 1059 2401 1114 λ’.
2447 1060 2666 1123 Ἰστέον,
2703 1061 2778 1125 ὼς
2829 1061 2966 1132 δόλῳ
3022 1060 3354 1133 κακούργως
3403 1061 3856 1135 μεμηχανημένῳ

2265 1150 2355 1204 διὰ
2400 1152 2709 1222 φιλαυτίας,
2763 1152 2886 1206 καθ’
2941 1153 3139 1224 ἡδονῆς
3197 1153 3510 1225 προσϐολὴν
3556 1155 3854 1226 ἀπατήσας

2266 1246 2417 1316 ἡμᾶς
2454 1247 2482 1299 ὁ
2537 1244 2806 1310 διάϐολος,
2838 1243 2976 1298 Θεοῦ
3019 1246 3118 1298 καὶ
3143 1243 3395 1314 ἀλλήλων
3448 1243 3593 1298 κατά
3623 1244 3856 1316 γνώμην

2266 1337 2540 1408 διέστησε,
2577 1337 2639 1391 τὸ
2669 1336 2826 1401 εὑθὲς
2854 1335 3208 1408 διαστρέψας,
3239 1335 3336 1390 καὶ
3379 1334 3478 1404 τὴν
3507 1333 3669 1404 φύσιν
3709 1337 3857 1390 κατά

2267 1431 2360 1485 τὸν
2390 1431 2596 1503 τρόπον
2633 1430 2824 1485 τοῦτον
2857 1430 3109 1500 μερίσας,
3146 1429 3241 1484 καὶ
3267 1426 3596 1498 κατατεμὼν
3619 1431 3699 1493 είς
3732 1430 3857 1484 πολ-

2269 1523 2369 1586 λὰς
2398 1523 2557 1589 δόξας
2591 1523 2688 1578 καὶ
2716 1523 3036 1594 φαντασίας.

2342 1710 2445 1764 λα’.
2478 1711 2622 1782 Τρία
2658 1711 2778 1766 ἐστὶ
2806 1711 2876 1765 τὰ
2903 1711 3137 1784 μέγιστα
3166 1713 3262 1766 καὶ
3287 1713 3594 1785 ἀρχέκακα.
3632 1671 3726 1767 καὶ
3757 1712 3860 1764 πά-

575 1804 791 1873 nisque,
824 1812 884 1856 ut
915 1802 1084 1857 semel
1112 1802 1312 1865 dicam,
1336 1799 1460 1854 vitii
1488 1799 1646 1870 origo
1667 1809 1723 1854 et
1745 1813 1944 1864 causa;
1970 1811 2171 1867 nempe

2280 1802 2606 1873 σης,ἀπλῶς
2637 1805 2835 1868 εἰπεῖν,
2862 1803 3064 1868 κακίας
3095 1805 3426 1874 γεννητικὰ·
3457 1807 3671 1874 ἄγνοια,
3691 1805 3856 1873 φημὶ,

577 1895 910 1968 ignorantia,
930 1894 1189 1963 φιλαυτία
1210 1892 1521 1965 (improbus
1544 1892 1630 1947 sui
1652 1907 1717 1946 ac
1738 1890 1975 1946 carnalis
1996 1887 2171 1958 amor)

575 1998 634 2043 et
667 1987 951 2060 tyrannis;
981 2003 1011 2041 a
1042 2001 1099 2040 se
1145 1987 1411 2040 nimirum
1460 1994 1654 2041 mutuo
1681 1983 2004 2055 pendentia,
2034 1981 2173 2036 alia-

576 2095 684 2150 que
716 2080 839 2134 aliis
871 2079 981 2133 vim
1032 2093 1098 2132 ac
1141 2078 1578 2132 stabilimentum
1611 2077 1933 2148 praebentia.
1966 2076 2048 2132 Ex
2074 2075 2174 2131 Dei

577 2173 723 2227 enim
754 2171 1086 2242 ignorantia,
1111 2179 1198 2226 est
1220 2170 1478 2239 φιλαυτία
1505 2171 1704 2242 (aecus
1725 2170 1818 2225 ille
1847 2169 2048 2241 amor),
2076 2185 2177 2224 ex-

579 2282 688 2336 que
709 2265 826 2329 illa,
863 2264 1115 2335 tyrannis
1143 2263 1247 2334 (vis
1277 2263 1492 2318 scilicet
1527 2261 1738 2333 iniqua)
1765 2277 1892 2334 erga
1917 2277 2015 2316 eos
2037 2277 2176 2331 quos

579 2356 870 2428 conjungit
908 2355 1128 2426 generis
1155 2355 1404 2426 ejusdem
1451 2354 1825 2418 necessitudo.
1871 2353 1988 2409 Nec
2019 2353 2175 2422 quis-

578 2463 745 2519 quam
783 2455 874 2502 eat
909 2446 1144 2510 inﬁcias,
1189 2445 1326 2516 quin
1368 2446 1748 2516 nequissimus
1792 2460 1892 2516 per
1939 2445 2176 2512 abusum

580 2541 927 2612 propriarum
966 2539 1168 2593 virium
1213 2538 1471 2610 (rationis
1509 2538 1747 2604 scilicet,
1783 2537 2099 2608 cupiditatis
2119 2545 2178 2594 et

582 2634 698 2703 ira!)
733 2635 850 2688 inec
887 2632 943 2686 in
977 2631 1136 2686 nobis
1170 2631 1404 2686 suscitet
1435 2645 1501 2685 ac
1525 2628 1747 2685 cﬁiciat.

651 2728 741 2782 52.
787 2726 1027 2796 Equum
1059 2742 1194 2781 sane
1235 2740 1300 2780 ac
1329 2740 1427 2796 par
1456 2733 1560 2788 est,
1607 2732 1670 2777 ut
1713 2739 1814 2794 pro
1844 2722 2174 2794 ignorantia,

580 2834 682 2891 per
705 2818 994 2874 scientiam
1027 2818 1094 2872 ad
1124 2818 1296 2872 Deum
1337 2815 1772 2886 singularissime
1807 2830 1999 2880 unum,
2031 2831 2180 2884 qua:-

583 2910 757 2966 rendo
792 2925 1145 2976 moveamur;
1191 2908 1494 2979 cupiditate
1531 2922 1685 2972 vero,
1719 2907 2008 2976 φιλαυτίας
2048 2923 2178 2976 pra-

582 3002 749 3074 vique
779 3002 985 3057 amoris
1012 3001 1136 3056 labe
1167 3016 1330 3071 pura,
1362 3000 1417 3054 in
1444 2999 1618 3055 Deum
1655 2998 1836 3054 solum
1872 3014 2059 3054 amore
2083 2999 2180 3054 de-

2275 1895 2372 1950 xa‘t
2419 1895 2681 1964 φιλαυτία
2724 1898 2816 1950 καὶ
2871 1897 3154 1968 τυραννίς·
3216 1898 3460 1968 ἀλλήλων
3510 1898 3863 1968 ἐξηρτημένα

2275 1987 2374 2042 καὶ
2426 1989 2495 2042 δι’
2547 1988 2794 2060 ἀλλήλων
2847 1991 3237 2061 συνιστάμενα.
3280 1993 3374 2045 Ἐκ
3429 1991 3537 2062 γὰρ
3589 1991 3688 2062 τῆς
3727 1991 3862 2061 περὶ

2275 2077 2412 2132 Θεοῦ
2438 2079 2685 2147 ἀγνοίας,
2713 2082 2747 2150 ή
2773 2079 3034 2149 φιλαυτία
3054 2097 3068 2111 ο
3111 2083 3178 2134 ὲκ
3205 2081 3264 2134 δὲ
3297 2081 3524 2152 ταύτης,
3553 2083 3585 2152 ή
3621 2081 3760 2152 πρὸς
3803 2081 3862 2134 τὸ

2278 2170 2541 2240 συγγενὲς
2561 2173 2823 2243 τυραννίς
2859 2176 2997 2227 ἐστι.
3054 2173 3164 2227 Καὶ
3197 2173 3373 2237 οὐδεὶς
3405 2176 3626 2245 ἀντερεῖ
3677 2174 3859 2242 λόγος,

2279 2264 2354 2335 μὴ
2388 2264 2509 2334 οὐχὶ
2557 2262 2637 2334 τῷ
2668 2264 2811 2318 κατά
2866 2267 3218 2335 παράχρησιν
3248 2266 3435 2336 τρόπῳ
3482 2266 3592 2319 τῶν
3641 2266 3862 2319 οἰκείων

2275 2353 2581 2425 δυνάμεων,
2605 2353 2766 2422 λόγου
2792 2373 2850 2408 τε
2879 2357 2975 2409 καὶ
3001 2355 3296 2426 ἐπιθυμίας
3321 2357 3416 2410 καὶ
3440 2356 3637 2428 θυμοῦ,
3657 2357 3862 2421 ταύτας

2277 2448 2338 2503 ἐν
2376 2447 2512 2518 ἡμῖν
2549 2445 2642 2502 τὸν
2667 2447 2907 2520 πονηρὸν
2935 2448 3367 2520 ὑποστήσασθαι.

2350 2721 2417 2792 λρ
2437 2759 2454 2776 .
2486 2723 2636 2786 Δέον,
2665 2720 2812 2791 λόγῳ
2863 2719 2985 2792 μὲν,
3031 2720 3155 2775 ἀντὶ
3192 2719 3294 2790 τῆς
3333 2719 3580 2788 ἀγνοίας,
3611 2718 3749 2793 πρὸς
3772 2719 3864 2772 τδν

2279 2813 2415 2868 Θεὸν
2445 2812 2536 2867 διά
2582 2811 2839 2881 γνώσεως
2894 2813 3038 2865 κατά
3076 2810 3306 2883 ζήτησιν
3345 2811 3659 2882 μονώτατον
3697 2814 3864 2864 κινεῖ-

2281 2905 2409 2960 σθαι
2433 2920 2450 2938 ·
2481 2905 2550 2959 δι’
2581 2905 2883 2976 ἐπιθυμίας
2928 2905 3009 2968 δὲ,
3041 2903 3135 2958 τοῦ
3174 2903 3275 2973 τῆς
3321 2903 3611 2973 φιλαυτίας
3660 2903 3864 2968 πάθους

2280 2998 2552 3070 καθαρᾶς,
2577 2996 2721 3050 κατά
2768 2996 2937 3050 πόθον
2970 2997 3110 3068 πρὸς
3151 2997 3243 3049 τὸν
3290 2996 3426 3050 Θεὸν
3457 2998 3617 3066 μόνον
3647 2995 3866 3050 ἐλαύνε-

585 3097 901 3166 siderioque
928 3109 1186 3165 agamur;
1220 3093 1306 3146 ira‘
1338 3091 1601 3161 denique,
1646 3089 1736 3145 cui
1782 3090 1933 3144 nulla
1967 3090 2050 3145 vis
2074 3089 2175 3144 ini-

2283 3089 2409 3145 σθαι
2428 3106 2443 3122 ⁶
2479 3090 2575 3144 καὶ
2599 3089 2680 3160 τῷ
2706 3089 2866 3162 θυμῷ
2892 3089 3209 3161 τυραννίδος
3256 3091 3673 3162 κεχωρισμένῳ,
3728 3091 3865 3161 πρὸς

585 3203 695 3258 qua
727 3201 934 3248 comes,
960 3185 1134 3239 Deum
1161 3181 1508 3237 solummodo
1541 3180 1761 3251 assequi
1793 3181 2172 3247 eonnitamur;

587 3289 754 3350 atque
788 3277 949 3332 nobis
981 3277 1182 3330 horum
1228 3275 1463 3343 prolem,
1508 3289 1572 3328 ac
1619 3273 1675 3327 in
1708 3274 1868 3345 cujus
1909 3272 2025 3327 haec
2057 3287 2179 3342 gra-

588 3370 721 3424 tiam
754 3366 1018 3437 (divinam
1051 3364 1264 3419 scilicet
1305 3377 1370 3416 ac
1412 3363 1630 3418 beatam
1677 3363 2021 3427 charitatem,
2054 3377 2178 3432 quae

587 3467 646 3515 et
689 3460 804 3514 Deo
839 3458 1088 3528 copulet,
1123 3455 1400 3525 deumque
1429 3455 1610 3509 virum
1646 3453 1962 3526 religiosum
1991 3469 2054 3509 ac
2079 3454 2176 3510 Dei

589 3551 859 3606 cultorem
885 3547 1104 3618 elliciat)
1131 3547 1452 3602 conﬁemus.

659 3645 749 3700 55.
773 3642 1053 3706 Φιλαυτία,
1081 3640 1161 3695 uti
1203 3640 1410 3695 dictum
1445 3647 1550 3704 est,
1576 3639 1728 3695 velut
1746 3639 2006 3694 vitiorum
2027 3639 2178 3710 prin-

591 3733 716 3804 cipe
759 3741 926 3804 atque
969 3739 1198 3804 parente
1233 3731 1443 3794 evulsa,
1485 3730 1604 3802 ejus
1632 3731 1904 3786 universae
1935 3731 2173 3799 soboles,

589 3840 766 3894 eaque
813 3824 1066 3894 sequiora
1116 3821 1365 3894 germina
1410 3821 1573 3875 simul
1621 3821 1783 3876 evelli
1833 3823 2032 3877 solent.
2081 3821 2178 3877 Illa

589 3932 828 3989 namque
870 3917 1108 3980 sublata,
1139 3915 1353 3969 nullum
1385 3929 1614 3984 prorsus
1643 3914 1864 3970 malitia:
1889 3929 2061 3986 genus
2082 3923 2178 3970 aut

591 4007 882 4076 vestigium
909 4014 1089 4076 potest
1111 4004 1432 4060 consistere.

661 4097 750 4152 54.
789 4096 1028 4150 Tantum
1061 4095 1464 4165 nosmetipsos,
1505 4095 1709 4166 aliique
1757 4097 1896 4152 alios
1940 4097 2180 4168 comple-

591 4196 808 4245 ctamur
827 4203 892 4243 ac
908 4189 1153 4243 colamus
1175 4199 1358 4256 operae
1375 4187 1616 4257 pretium
1640 4198 1747 4254 est,
1765 4200 2033 4258 quantum
2061 4191 2178 4260 ipse

593 4296 693 4351 per
721 4279 962 4351 seipsum
992 4277 1249 4334 Christus
1286 4278 1442 4349 prior
1463 4279 1725 4346 ostendit,
1760 4281 1853 4351 qui
1893 4290 1994 4352 pro
2020 4281 2179 4338 nobis

592 4371 734 4443 parti
769 4387 834 4426 ac
864 4371 1003 4425 mori
1032 4385 1304 4440 propense
1338 4369 1594 4440 dignatus
1619 4379 1724 4425 est.

2287 3181 2350 3234 τδ
2387 3179 2528 3234 Θεοῦ
2558 3181 2722 3239 μόνου
2751 3183 2936 3251 τυχεῖν
2973 3180 3360 3249 ἀγωνίζεσθαι,
3390 3183 3480 3236 καὶ
3512 3182 3614 3252 τὴν
3645 3183 3712 3235 ὲκ
3745 3183 3862 3235 τού-

2283 3293 2394 3329 των
2452 3276 2549 3328 καὶ
2593 3275 2660 3328 δι’
2697 3276 2764 3347 ἣν
2813 3275 2985 3328 ταῦτα
3029 3274 3182 3328 θείαν
3212 3277 3306 3329 καὶ
3337 3276 3610 3346 μακαρίαν
3642 3275 3866 3345 ἀγάπην

2283 3367 2712 3443 δημιουργῆσαι,
2771 3367 2850 3437 τῷ
2899 3367 3019 3438 Θεῷ
3067 3369 3447 3424 συνάπτουσαν
3486 3385 3546 3422 τε
3594 3367 3693 3421 καὶ
3745 3367 3867 3422 θεὸν

2284 3461 2695 3532 ἀποφαίνουσαν
2719 3461 2809 3515 τὸν
2835 3461 3082 3531 φιλόθεον
3098 3496 3117 3514 .

2357 3635 2486 3704 λγ³..ν
2506 3636 2620 3707 Τῆς
2663 3634 2952 3706 φιλαυτίας
2998 3634 3074 3697 ὡς
3119 3633 3318 3705 ἀρχῆς,
3346 3631 3530 3696 καθὼς
3563 3631 3737 3700 εἷπον,
3771 3639 3865 3689 καὶ

2287 3729 2498 3802 μητρὸς
2519 3729 2628 3783 τῶν
2657 3727 2844 3782 κακῶν
2881 3727 3254 3798 ἀποτιλείσης,
3286 3726 3468 3780 πάντα
3495 3727 3564 3780 τὰ
3609 3727 3666 3794 ἐξ
3696 3728 3866 3798 αὑτῆς

2283 3837 2345 3876 τε
2375 3821 2469 3875 καὶ
2504 3821 2624 3891 μετ’
2668 3821 2861 3891 αὐτὴν,
2911 3818 3399 3873 συναποτίλλεσθαι
3430 3818 3622 3873 εἴωθεν
3671 3821 3860 3890 ἐπειδὴ

2284 3913 2492 3984 ταύτης
2524 3913 2598 3985 μὴ
2623 3911 2814 3983 οὑσης,
2851 3912 2971 3966 οὑδὲ
3001 3910 3256 3981 οὑδαμῶς
3280 3909 3342 3963 τδ
3373 3910 3636 3980 παράπαν
3671 3911 3864 3974 κακίας

2286 4003 2426 4072 εἶδος
2455 4007 2489 4079 ἢ
2523 4007 2668 4078 ἴχνος
2694 4004 3022 4074 ὑφίστασθαι
3052 4005 3298 4059 δύναται.

2357 4098 2452 4154 λδ’.
2485 4100 2613 4152 Δέον
2636 4098 2802 4160 ἐστὶν,
2833 4096 3040 4151 ἑαυτῶν
3074 4098 3167 4152 καί⁸
3190 4095 3438 4168 ἀλλήλων
3469 4093 3714 4149 τοσοῦτον
3743 4097 3864 4150 ἀντ-

2286 4193 2528 4264 έχεσθαι,
2581 4193 2705 4245 ὅσον
2730 4191 2894 4253 αὑτὸς
2921 4189 2985 4244 δι’
3017 4188 3183 4244 αὑτοῦ
3231 4189 3260 4241 ὁ
3292 4190 3530 4262 Χριστὸς
3573 4187 3862 4259 προλαϐὼν

2287 4285 2633 4350 ἀπεδείξατο,
2664 4284 2806 4356 ὑπὲρ
2833 4287 2864 4354 ἡ
2875 4282 2991 4355 μῶν
3019 4283 3215 4337 παθεῖν
3247 4282 3638 4355 ἀνασχόμενος.

661 4461 752 4515 55.
811 4459 999 4516 Sancti
1049 4475 1244 4516 omnes
1289 4468 1518 4531 propter
1573 4462 1897 4540 charitatem
1952 4465 2175 4535 ejusque

2360 4467 2456 4522 λε’.
2502 4465 2603 4519 Διά
2642 4465 2742 4535 τὴν
2769 4462 2994 4535 ἀγάπην
3034 4464 3083 4517 oi
3137 4463 3285 4532 ἀγιοι
3339 4463 3539 4526 πάντες
3587 4463 3725 4532 πρὸς
3775 4464 3869 4530 τὴν

591 4559 730 4606 nutu
756 4559 982 4620 peccato
1005 4551 1350 4616 restiterunt,
1384 4553 1590 4608 nullam
1625 4555 1913 4624 praesentis
1939 4556 2063 4612 vitae
2091 4572 2182 4613 ra-

597 4641 804 4698 tionem
848 4642 1149 4710 habentes;
1183 4644 1509 4715 diversaque
1544 4647 1737 4703 mortis
1771 4665 1972 4718 genera
2013 4650 2153 4707 susti

594 4742 860 4799 nuerunt,
885 4743 945 4789 ut
975 4735 1079 4804 ipSi
1106 4736 1161 4789 in
1183 4751 1242 4791 se
1270 4753 1334 4791 ac
1361 4737 1532 4791 Deum
1565 4754 1595 4792 a
1622 4740 1828 4794 mundo
1852 4742 2179 4814 colligeren-

595 4837 705 4890 tur,
735 4826 1068 4896 unirentque
1112 4827 1166 4880 in
1211 4843 1270 4882 se
1314 4827 1446 4898 ipsis
1490 4838 1701 4885 naturae
1745 4835 2009 4904 segmina.
2053 4835 2181 4894 Haec

591 4918 742 4974 enim
774 4933 904 4972 vera
950 4933 1014 4972 ac
1056 4917 1334 4987 inculpata
1387 4917 1631 4972 ﬁdelium
1682 4919 1866 4976 divina
1914 4923 2182 4994 sapientia

594 5013 775 5084 (cujus
816 5009 943 5064 ﬁnis
989 5010 1194 5065 bonum
1240 5018 1326 5065 est
1371 5018 1536 5081 atque
1581 5012 1789 5068 veritas
1843 5034 1856 5069 :
1905 5016 2182 5090 siquidem

594 5101 824 5167 bonum,
856 5116 1133 5172 propensa
1177 5100 1488 5173 benignitas
1511 5111 1596 5158 est
1626 5112 1682 5158 et
1713 5104 2054 5174 humanitas;
2079 5124 2178 5164 ve-

592 5207 862 5262 rumque,
910 5208 979 5248 ex
1024 5191 1153 5247 ﬁdei
1198 5193 1506 5248 rationibus
1555 5197 1856 5266 composita
1898 5197 2074 5268 pietas
2113 5215 2177 5254 ac

593 5287 819 5357 religio;
864 5301 995 5342 vera
1040 5284 1254 5340 scilicet
1314 5286 1602 5342 charitatis
1647 5287 1906 5359 insignia)
1950 5300 2012 5345 ut
2055 5307 2177 5362 qua:

593 5379 726 5441 Deo,
761 5378 1011 5448 aliosque
1041 5375 1167 5430 aliis
1201 5375 1454 5431 homines
1494 5379 1811 5449 conjungat,
1844 5394 2075 5450 eamque
2105 5381 2178 5436 ob

594 5481 708 5520 rem
742 5466 897 5522 ﬁrma
928 5482 992 5522 ac
1035 5464 1311 5521 constanti
1354 5465 1626 5522 bonorum
1659 5471 2000 5539 percnnitate
2042 5487 2175 5545 gau-

591 5556 736 5613 deat.

667 5732 713 5767 ⁸³
743 5732 900 5788 Deut.
940 5750 1010 5798 τι,
1042 5735 1105 5800 5;
1139 5735 1329 5790 Matth.
1354 5751 1485 5804 xm,
1517 5736 1605 5790 57.

2291 4557 2572 4630 ἁμαρτίαν
2613 4555 3107 4626 ἀντικατέστησαν,
3136 4555 3238 4624 τῆς
3271 4555 3560 4626 παρούσης
3591 4553 3740 4622 ζωῆς
3778 4555 3868 4606 οὑ-

2285 4651 2414 4706 δένα
2444 4649 2602 4718 λόγον
2631 4647 3030 4719 ποιησάμενοι·
3099 4646 3194 4700 καὶ
3248 4647 3376 4709 τοὺς
3431 4646 3728 4707 πολυειδεῖς
3777 4644 3865 4698 τοῦ

2288 4743 2525 4799 θανάτου
2556 4743 2794 4814 τρόπους
2823 4741 3161 4810 ὑπέστησαν,
3205 4739 3292 4794 ἵνα
3328 4740 3463 4812 πρὸς
3507 4739 3734 4803 ἑαυτοὺς
3764 4738 3869 4794 ἀπὸ

2285 4836 2382 4891 τοῦ
2421 4837 2629 4908 κόσμου
2657 4836 2750 4889 καὶ
2782 4835 2873 4889 τὸν
2905 4834 3039 4888 Θεὸν
3073 4832 3401 4904 συναχθῶσι,
3431 4831 3526 4885 καὶ
3552 4833 3620 4884 τὰ
3647 4831 3744 4900 τῆς
3779 4831 3870 4900 φύε

2289 4944 2428 4990 σεως
2452 4927 2538 4995 ἐφ’
2566 4925 2775 4979 ἑαυτῶν
2801 4921 3044 4977 ἐνώσωσι
3078 4924 3359 4995 ῥήγματα.
3390 4919 3539 4992 Δῦτη
3565 4922 3673 4992 γάρ
3716 4921 3868 4974 ἐστιν

2286 5021 2319 5090 ἡ
2353 5019 2560 5090 ἀληθὴς
2604 5018 2702 5073 καὶ
2741 5015 3046 5088 ἀμώμητος
3079 5016 3188 5070 τῶν
3237 5014 3444 5070 πιστῶν
3477 5014 3736 5081 θεοσοφία
3761 5029 3774 5040 ·
3803 5008 3866 5081 ἦς

2286 5109 2476 5174 τέλος,
2512 5109 2574 5162 τὸ
2616 5109 2822 5177 ἀγαθόν
2859 5109 2977 5162 ἐστι
3011 5108 3106 5163 καὶ
3142 5108 3176 5178 ἡ
3216 5107 3448 5178 ἀλήθεια
3470 5121 3484 5135 °
3526 5107 3686 5175 εἴπερ
3723 5106 3864 5174 ἀγα-

2289 5199 2380 5254 θδν
2420 5200 2479 5254 τὸ
2524 5199 2930 5271 φιλάνθρωπον,
2984 5200 3079 5254 καὶ
3136 5198 3340 5270 ἀληθὲς
3377 5197 3440 5250 τὸ
3491 5196 3632 5251 κατά
3682 5198 3868 5250 πίστιν

2287 5295 2556 5366 φιλόθεον,
2591 5295 2662 5349 τὰ
2690 5295 2789 5364 τῆς
2823 5294 3044 5364 ἀγάπης
3075 5293 3436 5363 γνωρίσματα
3460 5307 3471 5319 ·
3520 5290 3595 5354 ὡς
3622 5289 3741 5360 Θεῷ
3774 5289 3866 5342 καὶ

2285 5389 2541 5461 ἀλλήλοις
2563 5389 2688 5452 τοὺς
2721 5387 3044 5459 ἀνθρώπους
3077 5386 3447 5448 συνάπτουσα,
3481 5383 3574 5436 καὶ
3597 5382 3684 5436 διὰ
3707 5381 3866 5436 τοῦτο

2285 5479 2396 5533 τῶν
2437 5479 2658 5550 ἀγαθῶν
2690 5479 2789 5550 τὴν
2828 5478 3088 5551 διαμονὴν
3116 5477 3455 5532 ἀδιάπτωτον
3486 5476 3706 5553 ἔχουσα.
