4122 6320
380 230 514 300 1193

1074 232 1409 297 CAPITUM
1443 233 1866 326 QUINQUIES
1903 231 2424 299 CENTENORUM
2460 212 2849 294 CENTURfA
2886 232 2936 293 Ι.

3495 227 3629 293 1192

442 351 548 412 λς’.
591 345 873 420 Ἐνέργεια
925 345 1021 399 καὶ
1067 347 1340 412 ἀπόδειξις
1385 350 1482 418 τῆς
1513 347 1648 418 πρὸς
1679 348 1810 402 Θεὸν
1851 365 1940 401 τε·

2119 346 2283 420 519
2309 347 2396 403 36.
2423 346 2682 402 Perfecta:
2706 345 2760 400 in
2787 347 2960 401 Deum
2996 343 3282 401 eharitatis
3308 342 3390 399 v'is
3414 358 3476 400 ac
3506 363 3631 415 pro-

371 436 522 502 λείας
551 438 772 510 ἀγάπης
803 439 970 502 ἐστὶν,
999 440 1034 508 ή
1062 439 1264 510 γνησία
1315 439 1384 492 δι’
1431 439 1646 503 εὐνοίας
1693 439 1942 493 ἑκουσίου

370 528 510 600 πρὸς
537 529 630 584 τὸν
658 527 886 600 πλησίον
911 529 1178 593 διάθεσις.
1209 530 1273 584 '0
1303 530 1412 602 γὰρ
1435 530 1523 601 μὴ
1550 531 1800 602 ἀγαπῶν
1837 533 1946 587 τὸν

369 617 879 687 ἀδελφὸν-ἀὺτοῦ,
918 619 991 672 ὃν
1025 617 1268 687 ἑώρακε,
1308 623 1477 692 φησὶν
1509 622 1538 673 6
1577 621 1719 684 θεῖος
1760 621 1942 676 Ἰωάν-

369 727 492 780 νης,
521 710 630 764 τὸν
659 711 807 765 Θεὸν
834 710 906 765 ὃν
929 713 1043 781 οὐχ
1093 705 1372 780 ἑώρακεν,
1414 713 1486 767 οὐ
1525 713 1776 767 δύναται
1802 713 1946 781 ἀγα-

370 819 514 871 παν.

439 894 540 960 λζ’.
575 895 641 948 Ἦ
695 895 798 965 τῆς
855 894 1113 966 ἀληθείας
1158 895 1296 960 ὁδὸς,
1348 899 1382 966 ή
1434 895 1624 967 ἀγάπη
1655 898 1822 961 ἐστὶν,
1879 897 1948 967 ἦν

373 988 566 1040 ἑαυτὸν
595 988 869 1059 ὀνομάσας
903 989 931 1041 6
975 987 1070 1041 τοῦ
1119 987 1253 1040 Θεοῦ
1301 987 1497 1056 Λόγος,
1530 989 1658 1052 τοὺς
1709 990 1768 1043 ὲν
1805 989 1944 1060 αὐτῇ

290 1094 292 1096 ⁷
371 1079 676 1143 ὁδεύοντας,
722 1079 802 1150 τῷ
848 1077 969 1149 Θεῷ
1019 1079 1113 1133 καὶ
1146 1079 1324 1150 Πατρὶ
1375 1079 1649 1152 καθαροὺς
1680 1081 1947 1134 παντοίων

372 1171 702 1242 γενομένους
729 1170 1087 1242 παρίστησιν.

441 1261 546 1334 λη’.
572 1262 721 1333 Αὕτη
757 1263 904 1315 ἐστὶν
933 1264 966 1333 ἡ
994 1263 1153 1334 θύρα,
1183 1262 1252 1317 δι’
1280 1258 1349 1336 ἦς
1377 1265 1404 1317 6
1434 1265 1834 1335 εἰσερχόμενος,
1867 1265 1948 1327 είς

371 1353 440 1406 τὰ
467 1355 636 1422 ’Ἅγια
667 1354 877 1422 γίνεται
900 1355 1010 1407 τῶν
1043 1354 1234 1421 ἁγίων,
1268 1355 1358 1408 καὶ
1387 1354 1480 1407 τοῦ
1508 1355 1804 1426 ἀπροσίτου
1821 1356 1950 1409 κάλ-

370 1441 500 1510 λους
553 1447 651 1515 τῆς
691 1446 854 1514 ἁγίας
883 1445 979 1499 καὶ
1035 1445 1322 1517 βασιλικῆς
1353 1445 1583 1519 Τριάδος
1627 1446 1948 1500 καθίσταται

371 1538 522 1604 ἀξιος
561 1537 758 1609 θεατὴς
792 1537 1069 1606 γενέσθαι.
1166 1553 1173 1559 ·

431 1619 539 1682 λθ’.
573 1628 808 1700 Φοϐερδν
839 1628 1010 1692 ὄντως
1034 1629 1130 1681 καὶ
1162 1628 1344 1699 πάσης
1370 1629 1747 1701 κατακρίσεως
1781 1631 1950 1700 ὑπερ·

2047 442 2220 507 batio,
2248 457 2380 496 vera
2405 448 2489 495 est
2515 455 2645 510 erga
2674 439 2986 510 proximum
3010 439 3262 493 ultronea
3292 438 3628 496 benevolen-

2049 535 2123 590 tia
2162 535 2441 604 animique
2473 533 2712 588 affectio.
2749 531 2852 597 Qui
2879 531 3048 596 enim,
3072 530 3251 600 inquit
3277 529 3435 587 divus
3461 529 3630 585 Joan-

2047 639 2167 689 nes,
2219 640 2324 678 non
2355 622 2528 692 diligit
2561 621 2783 691 fratrem
2813 635 2988 684 suum,
3019 635 3172 689 quem
3220 618 3390 684 videt,
3439 617 3630 684 Deum,

2047 731 2200 787 quem
2228 730 2333 768 non
2361 714 2518 779 videt,
2548 711 2768 783 diligere
2802 727 2906 765 non
2937 718 3103 781 potest
3139 709 3202 763 “.

2119 895 2208 948 57.
2244 895 2344 950 Via
2370 894 2637 958 veritatis,
2665 893 2909 948 cbaritas
2931 900 3035 956 est,
3064 907 3225 961 quam
3259 891 3498 960 scipsum
3539 905 3635 941 vo-

2048 1004 2179 1044 cans
2209 988 2306 1042 Dei
2331 986 2572 1042 Verbum
2619 987 2682 1052 ‘5,
2724 985 3070 1039 ambulantes
3114 983 3168 1036 in
3210 998 3294 1044 ea,
3337 981 3486 1036 omni
3513 981 3632 1037 labe

2048 1093 2240 1148 puros,
2272 1078 2384 1133 Deo
2412 1093 2477 1133 ac
2511 1077 2656 1132 Patri
2689 1083 3067 1146 repraesentat.

2120 1266 2209 1320 58.
2241 1265 2368 1320 Ηῖεο
2397 1274 2482 1320 est
2508 1273 2686 1334 porta,
2732 1279 2831 1334 per
2869 1279 3033 1335 quam
3076 1264 3171 1334 qui
3214 1265 3544 1335 ingreditur,
3576 1265 3630 1317 in

2050 1355 2250 1412 Sancta
2275 1364 2590 1411 sanctorum
2623 1362 2896 1426 penetrat,
2922 1357 3228 1426 dignusque
3254 1356 3506 1420 eﬂicitur,
3537 1357 3630 1426 qui

2049 1457 2251 1505 sancta
2278 1465 2342 1505 ac
2371 1449 2568 1519 regalis
2588 1449 2874 1504 Trinitatis
2895 1449 3162 1505 inaccessi
3187 1448 3403 1505 decoris
3423 1457 3635 1518 specta-

2054 1549 2136 1594 tor
2180 1540 2426 1594 exsistat.

2119 1627 2208 1682 59.
2239 1627 2608 1682 Tremendum
2648 1643 2779 1682 sane
2813 1629 3072 1698 omnique
3101 1629 3276 1699 majus
3303 1628 3633 1683 condemns-

372 1725 649 1784 επέκεινα,
673 1699 735 1773 τδ
754 1721 853 1792 τὴν
878 1720 1127 1774 δοθεῖσαν
1158 1722 1289 1791 ἡμῖν
1317 1722 1469 1792 παρὰ
1495 1699 1631 1774 Θεοῦ
1669 1722 1809 1774 κατὰ
1841 1699 1945 1774 δω-

2053 1719 2223 1783 tione,
2252 1718 2398 1787 quod
2424 1734 2742 1776 concessam
2768 1720 2930 1774 nobis
2951 1719 3221 1776 divinitus
3243 1719 3482 1790 Spiritus
3511 1734 3635 1774 san-

373 1813 504 1886 ρεάν
529 1813 622 1866 τοῦ
652 1812 812 1879 ἁγίου
843 1811 1162 1882 Πνεύματος
1189 1812 1452 1876 ἑκουσίως
1477 1813 1750 1882 νεκρῶσαι
1779 1813 1946 1884 ζωὴν,

371 1905 461 1958 διὰ
485 1904 584 1974 τῆς
615 1902 750 1973 πρὸς
773 1903 843 1956 τὰ
873 1902 1207 1974 φθειρόμενα
1237 1903 1456 1973 ἀγάπης
1477 1919 1490 1933 ο
1523 1903 1616 1955 καὶ
1641 1902 1788 1956 ίσασι
1815 1901 1949 1955 πάν⁶

371 2012 479 2058 τως
504 1995 692 2048 τοῦτον
715 1996 808 2048 τὸν
839 1994 1026 2066 φόϐον,
1058 1997 1108 2048 oi
1130 1994 1232 2064 τὴν
1255 1993 1512 2063 ἀλήθειαν
1537 1994 1635 2063 τῆς
1665 1994 1948 2063 φιλαυτίας

373 2088 652 2158 προτιμᾷν
683 2087 1108 2157 μελετήσαντες.

448 2185 520 2248 μ’.
550 2176 897 2250 Χρησώμεθα
934 2181 1011 2243 είς
1038 2178 1156 2232 δέον
1181 2181 1246 2249 τῇ
1279 2179 1493 2250 εἰρήνῃ,
1551 2178 1644 2232 καὶ
1681 2177 1778 2248 τὴν
1811 2179 1946 2249 πρὸς

371 2269 465 2322 τὸν
498 2269 722 2338 κόσμον,
764 2269 858 2322 καὶ
885 2270 976 2322 τὸν
1021 2269 1442 2340 κοσμοκράτορα
1477 2269 1662 2333 κακῶς
1693 2271 1826 2339 ἡμῖν
1859 2270 1946 2322 ὲν-

377 2361 705 2425 υπάρξασαν
733 2361 1105 2432 ἀθετήσαντες
1127 2361 1332 2430 φιλίαν,
1357 2363 1450 2414 τὸν
1489 2361 1577 2414 διὰ
1608 2361 1718 2413 τῶν
1754 2361 1947 2415 παθῶν

373 2453 511 2523 πρὸς
543 2452 633 2504 τὸν
663 2452 795 2505 Θεὸν
825 2453 1238 2522 συνιστάμενον,
1273 2452 1379 2505 κᾶν
1403 2452 1500 2518 όψέ
1533 2469 1665 2506 ποτε
1713 2452 1948 2506 καταλύι

377 2560 559 2614 σωμεν
597 2543 834 2614 πόλεμον
855 2559 868 2572 ⁸
905 2545 1001 2597 καὶ
1031 2543 1261 2607 σπονδὰς
1294 2543 1524 2608 ἀλύτους
1559 2545 1661 2615 τῆς
1691 2544 1825 2614 πρὸς
1852 2544 1948 2596 αύ-

373 2635 467 2688 τδν
498 2634 724 2707 εἰρήνης
772 2637 1118 2706 ποιήσαντες,
1147 2636 1205 2688 ὲν
1235 2637 1302 2706 τῇ
1331 2636 1674 2708 καταργήσει
1710 2635 1804 2690 τοῦ
1841 2634 1947 2688 σώ-

379 2742 548 2796 ματος
578 2726 678 2796 τῆς
733 2726 1027 2798 ἁμαρτίας,
1057 2728 1160 2798 τῆς
1206 2729 1345 2800 πρὸς
1375 2729 1539 2783 αὑτὸν
1569 2729 1770 2800 ἔχθρας
1801 2743 1945 2780 παυ-

376 2818 621 2890 σὼμεθα.

449 2908 559 2980 μα’.
603 2909 892 2964 ’Λδύνατόν
928 2911 1077 2965 ἐστιν
1121 2912 1268 2983 ἡμᾶς
1300 2912 1625 2985 φιλιωθῆναι
1673 2913 1814 2985 Θεῷ,
1857 2914 1949 2970 διὰ

372 3001 486 3055 τῶν
515 3001 703 3056 παθῶν
743 3001 880 3073 πρὸς
913 3003 1076 3056 αὐτὸν
1103 3002 1518 3068 στασιάζοντας,
1548 3004 1642 3058 καὶ
1663 3005 1743 3075 τῷ
1775 3023 1947 3075 πονηοο

379 3092 460 3164 ρῷ
507 3093 755 3165 τυράννῳ
805 3095 900 3148 καὶ
933 3097 1165 3166 φονευτῇ
1209 3095 1320 3149 τῶν
1364 3095 1554 3167 ψυχῶν
1587 3096 1821 3169 διαϐόλῳ
1857 3097 1950 3151 διά

374 3184 573 3248 κακίας
607 3184 971 3256 δασμοφορεῖν
1017 3186 1400 3257 ἀνεχομένους,
1443 3186 1519 3258 μὴ
1553 3187 1819 3259 πρότερον
1865 3188 1950 3242 δι-

373 3274 496 3329 όλου
527 3274 940 3346 πολεμωθέντας
979 3276 1054 3346 τῷ
1091 3277 1335 3348 πονηρῷ.
1364 3278 1544 3350 Μέχρι
1575 3280 1680 3347 γὰρ
1705 3279 1824 3332 τότε
1853 3278 1947 3332 τοῦ

374 3365 512 3419 Θεοῦ
550 3365 970 3438 καθεστήκαμεν
1003 3366 1192 3438 ἐχθροὶ
1240 3369 1333 3421 καὶ
1391 3367 1666 3437 πολέμιοι,
1711 3367 1816 3423 κᾶν
1859 3387 1949 3421 πι-

379 3457 522 3510 στῶν
561 3459 936 3530 προσηγορίαν
961 3461 1094 3528 ἡμῖν
1129 3460 1312 3524 αὐτοῖς
1341 3461 1820 3531 περιπλάττωμεν,
1853 3461 1951 3530 μέ·

376 3565 500 3618 χρις
529 3540 590 3600 οὗ
615 3549 845 3603 πάθεσιν
879 3549 1107 3620 ἀτιμίας
1159 3549 1437 3603 δουλεύειν
1469 3549 1806 3620 βουλόμεθα·
1857 3549 1951 3602 καὶ

378 3639 532 3692 οὐδὲν
557 3639 748 3708 ὄφελος
777 3642 907 3711 ἡμῖν
951 3641 1016 3693 ὲκ
1044 3641 1142 3711 τῆς
1173 3641 1314 3695 κατὰ
1342 3642 1434 3694 τὸν
1481 3641 1686 3711 κόσμον
1729 3641 1950 3712 εἰρήνης

377 3727 564 3780 λοιπὸν
609 3731 1028 3799 περιγενήσεται
1056 3768 1070 3792 ,
1108 3730 1206 3800 τῆς
1237 3729 1417 3800 ψυχῆς
1459 3729 1645 3792 κακῶς
1676 3729 1952 3802 διακειμέ-

377 3836 496 3888 νης,
530 3819 624 3872 καὶ
658 3819 795 3890 πρὸς
827 3819 917 3873 τὸν
949 3819 1080 3873 ι’διον
1117 3821 1348 3890 ποιητὴν
1399 3821 1822 3892 στασιαζούσης,
1854 3822 1949 3876 καὶ

378 3908 482 3962 ὑπὸ
509 3910 606 3980 τὴν
652 3909 816 3964 αὑτοῦ
855 3909 1132 3980 βασιλείαν
1164 3911 1416 3980 γενέσθαι
1445 3914 1546 3966 οὐκ
1577 3913 1910 3984 ἀνεχομένης
1931 3929 1946 3944 ·

377 4001 458 4054 ἔτι
491 4002 706 4072 μυρίοις
745 4001 1103 4074 πεπραμένης
1135 4002 1305 4074 ὠμοῖς
1332 4003 1618 4067 δεσπόταις
1643 4004 1723 4067 εἰς
1752 4003 1950 4057 κακίαν

378 4092 548 4162 αὐτὴν
574 4094 981 4163 κατεπείγουσι,
1009 4096 1104 4148 καὶ
1130 4095 1230 4166 τὴν
1265 4097 1345 4158 είς
1370 4095 1648 4150 ἀπώλειαν
1678 4095 1950 4168 φέρουσαν

375 4183 516 4246 ὁδὸν,
565 4185 665 4254 τῆς
732 4184 1012 4257 σωζούσης
1065 4186 1269 4257 μᾶλλον
1321 4187 1614 4260 ἁπατηλῶς
1676 4190 1948 4262 αἱρεῖσθαι

379 4274 909 4350 παρασκευάζουσιν.

2053 1810 2128 1864 cti
2161 1825 2386 1864 munere
2418 1807 2607 1874 vitam,
2643 1810 2911 1864 ﬂurarum
2957 1827 3144 1866 rerum
3186 1826 3251 1865 ac
3280 1812 3633 1881 pereuntium

2054 1915 2263 1966 amore,
2297 1912 2491 1972 sponte
2518 1903 2870 1973 perimamus.
2901 1903 3152 1974 Eumque
3177 1905 3337 1973 plane
3360 1912 3636 1958 noverunt

2054 2002 2283 2058 metum,
2315 1993 2410 2062 qui
2439 1993 2728 2048 veritatem
2754 1994 3012 2065 φιλαυτία
3046 1993 3212 2066 (caeco
3245 1995 3324 2050 illi
3367 1996 3538 2050 amori
3569 2011 3634 2051 ac

2054 2083 2282 2154 carnali)
2314 2085 2589 2141 anteferre
2620 2077 2971 2141 studuerunt.

2122 2173 2211 2229 40.
2240 2176 2347 2230 Pro
2371 2191 2439 2230 eo
2472 2191 2536 2230 ac
2573 2176 2734 2232 decet
2766 2192 2900 2246 pace
2926 2185 3168 2242 utamur,
3197 2177 3446 2248 maleque
3473 2177 3634 2234 nobis

2053 2277 2179 2318 cum
2217 2265 2443 2331 mundo,
2495 2267 2798 2337 mundique
2843 2275 3055 2322 rectore
3096 2277 3405 2322 consertam
3447 2268 3634 2324 amici-

2055 2352 2186 2406 tiam
2218 2353 2430 2408 irritam
2455 2370 2775 2425 cassamque
2801 2357 3117 2423 reddentes,
3146 2359 3364 2414 tandem
3387 2359 3636 2430 aliquan-

2053 2445 2124 2499 do
2156 2447 2452 2501 conllatum
2483 2449 2644 2502 nobis
2665 2448 2929 2502 vitiorum
2960 2449 3083 2504 labe
3107 2464 3173 2504 ac
3198 2449 3495 2504 affectuum
3520 2451 3635 2508 bel-

2053 2537 2166 2591 lum
2195 2537 2458 2594 adversus
2487 2539 2659 2594 Deum
2697 2539 3082 2604 dissolvamns,
3115 2541 3372 2610 pacisque
3405 2556 3530 2596 cum
3566 2557 3634 2598 eo

2055 2627 2368 2683 insolubilia
2409 2631 2703 2702 jungentes
2753 2631 2981 2695 foedera,
3023 2633 3078 2685 in
3112 2632 3484 2688 destructione
3513 2649 3636 2690 eor-

2053 2717 2203 2786 porls
2232 2718 2442 2788 peccati
2477 2720 2542 2785 ¹⁶,
2574 2719 2986 2775 inimicitiarum
3017 2733 3142 2774 cum
3186 2721 3306 2790 ipso
3362 2719 3526 2777 ﬁnem
3555 2723 3634 2778 fa-

2052 2808 2281 2865 ciamus.

2124 2903 2213 2957 41.
2249 2901 2543 2972 Nunquam
2573 2902 2664 2959 ﬁat
2693 2913 2753 2958 ut
2779 2904 2894 2960 Deo
2922 2905 3167 2960 amicitia
3199 2906 3510 2977 iungamur,
3537 2907 3634 2976 qui

2053 3014 2154 3069 per
2185 2999 2318 3054 vitia
2348 3007 2511 3070 atque
2539 2999 2771 3055 all‘ectus
2816 3000 2895 3055 illi
2947 2999 3182 3054 rebelles
3209 3000 3415 3065 simus,
3463 3001 3635 3070 pessi—

2053 3105 2250 3160 moquc
2297 3092 2603 3146 animorum
2651 3100 2885 3162 tyranno
2933 3107 2998 3147 ac
3043 3091 3336 3148 homicidae
3383 3092 3632 3155 diabolo,

2054 3181 2236 3250 pravis
2290 3181 2486 3236 studiis
2535 3182 2826 3253 vestigales
2875 3198 2997 3238 esse
3045 3183 3448 3247 sustineamus,
3499 3183 3636 3251 quin

2053 3271 2204 3340 prius
2234 3271 2575 3341 nequissimo
2610 3272 2818 3327 inimici
2867 3287 3098 3342 prorsus
3143 3271 3464 3327 eﬁiciamur.
3492 3271 3636 3326 Tan-

2051 3362 2147 3416 diu
2175 3362 2323 3418 enim
2353 3363 2448 3418 Dei
2479 3364 2664 3420 hostes
2689 3379 2880 3420 sumus
2908 3380 2972 3419 ac
3003 3364 3234 3431 inimici,
3262 3364 3476 3420 tametsi
3505 3364 3636 3420 lide-

2055 3454 2186 3508 lium
2232 3453 2392 3509 nobis
2430 3470 2632 3510 nomen
2676 3455 3011 3527 allingimus,
3063 3456 3308 3526 quandiu
3351 3457 3636 3526 probrosis

2051 3543 2340 3600 all‘ectibus
2368 3547 2575 3601 servire
2621 3547 2677 3600 in
2721 3547 2964 3601 animum
2995 3546 3352 3603 inducimus:
3381 3562 3483 3601 nec
3522 3548 3633 3618 jam

2052 3637 2211 3691 nobis
2242 3651 2310 3691 ex
2339 3637 2527 3691 mundi
2556 3653 2689 3707 pace
2723 3639 2947 3692 accedet
2975 3639 3182 3707 aliquid
3219 3639 3510 3706 commodi,
3538 3638 3634 3708 qui

2053 3729 2194 3782 male
2224 3729 2408 3784 animo
2439 3729 2620 3783 aﬂ‘eeti
2667 3729 2860 3793 simus,
2894 3729 3297 3800 adversumque
3345 3733 3632 3801 proprium

2051 3827 2331 3874 auctorem
2383 3819 2744 3881 rebellemus,
2797 3833 2898 3874 nec
2947 3821 3068 3891 ejus
3111 3820 3354 3875 feramus
3403 3821 3634 3890 imperio

2052 3911 2248 3983 subjici
2289 3927 2303 3965 :
2348 3911 2653 3967 innumeris
2691 3911 2902 3967 scilicet
2931 3912 3231 3966 venundati
3265 3913 3422 3968 saevis
3452 3912 3632 3967 domi-

2052 4004 2159 4069 nis,
2212 4004 2268 4058 in
2316 4003 2511 4058 vitium
2561 4019 2625 4058 ac
2666 4003 2926 4057 malitiam
2967 3991 3434 4073 propellentibus,
3467 4013 3523 4058 et
3563 4004 3633 4058 ad

2051 4096 2196 4150 viam
2221 4111 2342 4166 quae
2387 4095 2539 4150 ducit
2571 4095 2637 4150 ad
2677 4094 3062 4165 perditionem,
3092 4109 3204 4165 prae
3233 4110 3298 4148 ea
3338 4110 3447 4164 qua
3487 4094 3635 4151 salus

2051 4196 2294 4256 paratur,
2319 4203 2507 4242 errore
2532 4185 2860 4258 eligendam,
2889 4185 3049 4240 nobis
3077 4185 3412 4240 auctoribus.

451 4361 560 4434 μϐ’.
593 4365 688 4428 Εἰς
716 4365 874 4419 τοῦτο
911 4369 1058 4438 ἡμᾶς
1100 4371 1401 4440 πεποίηκεν
1429 4368 1457 4421 6
1481 4369 1630 4438 Θεὸς,
1668 4373 1754 4427 ἵνα
1779 4377 1947 4443 γενώ-

2122 4365 2209 4420 42.
2261 4364 2321 4418 In
2372 4364 2477 4418 hoc
2521 4378 2624 4418 nos
2662 4363 2806 4416 Deus
2837 4361 3103 4425 condidit,
3137 4369 3196 4416 ut
3223 4360 3524 4415 efficiamur
3552 4361 3634 4414 di-

382 4453 525 4524 μεθα
557 4456 708 4520 θείας
746 4457 994 4511 κοινωνοὶ
1025 4458 1262 4527 φύσεως,
1295 4461 1390 4512 καὶ¹
1438 4463 1535 4532 τῆς
1586 4463 1753 4518 αὐτοῦ
1784 4468 1949 4522 ἀΐδιό-

376 4545 540 4614 τητος
580 4545 820 4616 μέτοχοι,
866 4547 961 4600 καὶ
992 4549 1250 4618 φανῶμεν
1283 4550 1432 4621 αὐτῷ
1469 4553 1645 4623 ὅμοιοι
1675 4557 1816 4610 κατά
1849 4559 1948 4627 τὴν

379 4635 445 4687 ὲκ
474 4635 697 4707 χάριτος
727 4636 946 4702 θέωσιν,
980 4639 1047 4692 δι’
1073 4642 1141 4712 ἣν
1172 4641 1326 4696 πᾶσά
1356 4659 1417 4694 τε
1445 4642 1554 4696 τῶν
1589 4644 1758 4699 ὄντων
1791 4649 1823 4718 ἡ
1852 4649 1947 4701 σύ-

380 4727 570 4792 στασίς
598 4729 715 4781 ἐστι
748 4729 844 4783 καὶ
868 4731 1120 4802 διαμονή,
1167 4732 1262 4786 καὶ
1288 4734 1322 4803 ή
1362 4733 1470 4787 τῶν
1498 4735 1572 4805 μὴ
1598 4735 1767 4792 ὄντων
1805 4756 1948 4815 παρ-

381 4817 576 4888 αγωγὴ
615 4819 708 4873 καὶ
745 4820 974 4890 γένεσις.

450 5001 525 5054 μγ
548 5027 562 5040 .
593 4985 656 5038 Et
706 4985 800 5039 τοῦ
846 4987 982 5040 Θεοῦ
1009 4986 1369 5058 ὀνομάζεσθαί
1397 5005 1456 5041 τε
1487 4988 1581 5042 καὶ
1625 4983 1765 5043 εἶναι
1800 4990 1942 5062 ἐφιέ-

379 5073 542 5145 μεθα,
577 5077 976 5148 ἀγωνισώμεθα
1035 5079 1111 5150 μὴ
1158 5080 1445 5151 προδοῦναι
1473 5083 1585 5144 τοῖς
1627 5081 1826 5136 πάθεσι
1856 5085 1947 5138 τὸν

376 5165 572 5233 Λόγον,
627 5167 770 5221 κατὰ
802 5167 893 5222 τὸν
922 5167 1158 5224 Ἰούδανο
1194 5169 1226 5242 ἢ
1267 5171 1343 5242 μὴ
1400 5170 1762 5242 ἀρνήσασθαι,
1807 5178 1948 5231 κατά

377 5257 468 5311 τὸν
497 5259 721 5331 Πέτρον.
758 5262 1022 5332 ’Λρνησις
1054 5262 1163 5332 γάρ
1211 5264 1328 5318 ἐστι
1379 5264 1473 5318 τοῦ
1521 5265 1718 5336 Λόγου,
1765 5270 1800 5341 ή
1851 5271 1946 5326 τοῦ

377 5349 643 5420 πράττειν
686 5353 749 5405 τὸ
787 5352 990 5422 ἀγαθὸν
1027 5354 1114 5407 διὰ
1149 5355 1314 5424 φόϐον
1349 5358 1710 5430 παραίτησις·
1753 5364 1948 5433 προδο⁴

379 5439 470 5492 σία
519 5440 599 5507 δὲ,
635 5445 668 5514 ή
703 5445 828 5495 κατ’
873 5445 1154 5515 ἐνέργειαν
1184 5447 1522 5518 ὲμπρόθετος
1555 5451 1819 5524 ἁμαρτία,
1852 5457 1947 5512 καὶ

377 5533 413 5600 ὴ
441 5531 576 5602 πρὸς
604 5533 702 5604 τὴν
725 5536 1003 5606 ἁμαρτίαν
1031 5539 1198 5608 ὁρμή.

2052 4458 2193 4511 viuac
2223 4462 2506 4512 consortes
2549 4461 2758 4507 naturae
2788 4452 2851 4516 ⁸⁷,
2887 4443 3115 4521 ejusque
3148 4451 3472 4505 aeternitatis
3514 4465 3635 4518 par-

2056 4550 2269 4620 ticipes,
2321 4554 2486 4616 atque
2527 4546 2603 4600 illi
2647 4544 2855 4599 similes
2891 4542 2934 4574 ιδ
2968 4558 3325 4613 appareamus
3360 4558 3457 4612 per
3481 4541 3635 4595 deiti-

2055 4641 2350 4705 cationem,
2382 4655 2504 4710 quae
2543 4655 2610 4692 ex
2652 4639 2824 4709 gratia
2853 4645 2938 4692 est
2970 4655 2982 4690 :
3013 4637 3083 4690 ob
3111 4651 3274 4707 quam
3304 4651 3487 4690 rerum
3516 4649 3634 4689 om-

2057 4732 2206 4788 nium
2240 4731 2404 4801 520
2447 4730 2768 4785 constitutio
2815 4738 2872 4784 ct
2916 4725 3264 4800 perennitas,
3297 4744 3629 4797 eorumque,

2056 4841 2177 4895 quze
2215 4825 2449 4878 necdum
2491 4823 2547 4877 in
2592 4838 2776 4878 rerum
2806 4837 2976 4877 censu
3020 4822 3312 4886 exsistunt,
3344 4821 3631 4890 productio

2051 4924 2104 4970 et
2129 4924 2301 4970 ortus.

2131 5008 2212 5062 45.
2250 5007 2306 5063 Si
2352 5008 2447 5062 Dei
2493 5021 2553 5061 re
2595 5015 2759 5075 atque
2804 5005 3026 5059 nomine
3069 5020 3188 5059 esse
3230 5001 3626 5064 desideraturus,

2053 5098 2157 5152 hoc
2179 5100 2476 5164 enitamur,
2515 5113 2619 5153 nec
2650 5098 2703 5150 in
2734 5095 2888 5152 Judaa
2915 5111 3123 5151 morem
3149 5095 3389 5150 Verbum
3420 5109 3513 5147 seu
3543 5109 3628 5146 ra-

2053 5191 2256 5246 tionem
2292 5191 2582 5246 affectibus
2620 5190 2949 5260 prodamus;
2981 5202 3118 5242 neve
3149 5186 3319 5240 instar
3343 5184 3492 5240 Petri
3531 5183 3627 5238 ab-
3723 5224 3730 5225 γ

2052 5299 2335 5351 negemus.
2363 5283 2530 5338 Verbi
2553 5283 2698 5337 enim
2735 5281 3072 5350 rationisque
3104 5279 3320 5349 negatio
3344 5286 3448 5342 est,
3479 5280 3626 5348 quod

2051 5375 2178 5445 quis
2204 5383 2385 5429 metus
2401 5389 2564 5428 causa
2596 5381 2816 5429 recuset
2837 5382 3097 5443 praestare
3119 5372 3324 5427 bonum
3347 5389 3362 5438 ;
3385 5371 3628 5443 proditio

2049 5478 2204 5530 vero,
2237 5478 2360 5519 cum
2387 5479 2453 5518 ex
2486 5463 2770 5533 proposito
2797 5471 3081 5532 peccatum
3109 5463 3164 5517 in
3192 5470 3316 5517 actu
3352 5471 3632 5531 perpetra-

2053 5569 2194 5622 mus,
2228 5555 2392 5624 inque
2422 5555 2557 5610 illud
2588 5558 2772 5612 animo
2799 5558 3114 5618 incitamur.

453 5641 498 5674 “
525 5643 549 5700 l
575 5644 732 5701 Joan.
765 5663 835 5712 IV,
861 5647 950 5703 το.
1030 5651 1073 5682 ’⁸
1104 5650 1262 5706 Joan.
1294 5669 1399 5720 xrv,
1430 5656 1481 5710 6.
1560 5658 1604 5691 ¹⁶
1631 5659 1788 5717 Rom.
1835 5681 1907 5731 vr,
1938 5671 1947 5717 1

2068 5670 2109 5702 ³⁷
2137 5669 2182 5723 Il
2213 5671 2357 5726 Petr.
2391 5691 2425 5739 ι,
2455 5676 2506 5728 ll.
2587 5673 2628 5707 ¹³
2656 5674 2677 5728 1
2710 5673 2863 5730 Joan.
2897 5693 2971 5743 ιιι,
3001 5679 3055 5733 2.

695 5745 961 5806 ΡΑτιιοι.
1009 5747 1126 5808 Gn.
1186 5749 1313 5810 XC.

3175 5775 3254 5836 38
