4060 6322
182 369 341 435 1197

910 371 1244 435 CAPITUM
1283 368 1704 443 QUINQUIES
1744 365 2258 428 CENTENORUM
2299 365 2685 426 CENTURIA
2726 366 2773 424 Ι.

3319 359 3453 425 1198

182 482 455 552 ναμένης
489 479 806 552 ταύτότητα.
838 483 947 536 Καὶ
986 484 1097 554 γὰρ
1124 483 1254 536 ἴδιον
1282 486 1378 553 τῆς
1403 483 1643 553 ἀγάπης,
1668 479 1776 534 τῶν

1905 487 2125 532 ιαεειιτιη]
2156 476 2321 531 animi
2367 477 2640 532 sententia
2684 473 3024 530 identitatcm
3068 480 3328 544 praestare
3357 490 3447 527 va-

185 571 279 626 τὰ
308 573 434 626 κατ’
461 571 628 642 αὐτὴν
656 569 984 643 ζητούντων,
1019 575 1150 645 μίαν
1188 573 1466 639 ἀποδεῖξαι
1500 572 1598 642 τὴν
1635 569 1776 640 γνώ-

189 681 344 735 μηνο

283 839 399 911 μθ⁸.
458 840 523 894 Ei
565 839 726 909 φύσει
765 839 826 892 τὺ
874 839 1038 892 καλόν
1087 841 1234 893 ἐστιν
1270 839 1641 910 ὲνοποιητικὺν
1673 837 1779 890 τῶν

184 929 560 1002 διῃρημένων
589 927 686 980 καὶ
719 927 1057 991 συνεκτικὸν,
1097 929 1159 980 τὸ
1200 927 1368 980 κακὸν
1394 927 1635 998 δηλονότι
1671 926 1780 980 τῶν

189 1019 508 1091 ἡνωμένων
557 1020 675 1071 ἐστὶ
712 1017 1038 1088 διαιρετικόν
1071 1035 1130 1071 τε
1185 1020 1278 1071 καὶ
1320 1010 1638 1089 φθαρτικόν.
1671 1018 1782 1071 Καὶ

188 1111 318 1181 γὰρ
348 1109 506 1178 φύσει
539 1107 600 1161 τὸ
625 1109 794 1162 κακὸν
826 1107 1114 1162 σκεδαστὸν
1145 1109 1401 1181 ὑπάρχει,
1427 1111 1524 1164 καὶ
1551 1109 1781 1164 ἄστατον

193 1201 306 1254 καὶ
347 1199 697 1270 πολύμορφον
725 1199 822 1254 καὶ
849 1199 1193 1272 διαιρετικόν.

278 1381 347 1428 ν’.
380 1374 604 1429 Πάντων
659 1373 770 1426 τῶν
805 1373 992 1428 κακῶν
1041 1373 1330 1446 ἀπαλλαγὴ
1379 1375 1473 1428 καὶ
1520 1375 1784 1442 σύντομος

202 1467 356 1535 πρὸς
380 1464 658 1536 σωτηρίαν
683 1465 821 1531 ὁδὸς,
855 1467 888 1535 ἠ
925 1465 1133 1536 ἀληθὴς
1173 1467 1267 1521 τοῦ
1322 1466 1457 1520 Θεοῦ
1495 1469 1622 1521 κατ’
1667 1467 1788 1520 επί-

203 1570 420 1622 γνωσιν
448 1555 635 1626 ἀγάπη
667 1555 806 1620 ἐστὶ,
851 1555 946 1609 καὶ
971 1557 1004 1626 ἡ
1047 1555 1279 1610 καθόλου
1310 1559 1410 1626 τῆς
1439 1555 1581 1610 κατά
1608 1555 1786 1626 ψυχὴν

206 1644 358 1715 πρός
389 1659 448 1697 τε
494 1643 555 1697 τὸ
617 1645 775 1715 σῶμα
819 1645 916 1698 καὶ
964 1645 1054 1699 τὸν
1087 1646 1293 1716 κόσμον
1323 1635 1510 1700 τοῦτον
1552 1647 1787 1718 στοργῆς

209 1731 530 1802 ὲξάρνησις,
565 1731 688 1786 καθ’
720 1733 806 1804 ἢν,
838 1733 940 1803 τῆς
987 1734 1085 1804 μὲν
1109 1735 1301 1807 ἡδονῆς
1334 1735 1651 1805 ἐπιθυμίαν,
1690 1735 1787 1806 τῆς

207 1821 413 1892 ὀδύνης
457 1821 516 1875 δὲ
566 1822 658 1876 τὸν
716 1823 879 1892 φόϐον
936 1824 1382 1896 ἀποϐαλλόμενοι,
1455 1828 1556 1898 τῆς
1611 1827 1788 1898 κακῆς
1820 1817 1862 1874 Β

211 1913 657 1986 ἐλευθερούμεθα
694 1915 1000 1984 φιλαυτίας,
1057 1918 1194 1988 πρὸς
1226 1919 1325 1988 τὴν
1366 1919 1567 1986 γνῶσιν
1599 1917 1791 1972 ἀναϐι-

213 2003 516 2068 ϐασθέντες
547 2005 641 2058 τοῦ
669 2005 963 2070 Κτίσαντος
984 2023 998 2038 ⁶
1041 2009 1132 2060 καὶ
1165 2010 1407 2080 πονηρᾶς
1446 2008 1657 2080 ἀγαθὴν
1693 2010 1790 2064 ἀν-

215 2094 536 2158 τιλαϐόντες
563 2093 754 2167 νοεράν
784 2096 1070 2165 φιλαυτίαν
1105 2101 1425 2168 σωματικῆς
1454 2098 1794 2169 κεχωρισμέ-

216 2203 321 2257 νην
359 2187 614 2258 στοργῆς,
643 2189 703 2240 οὐ
742 2187 1030 2259 παυόμεθα
1061 2189 1417 2260 λατρεύοντες
1448 2190 1527 2260 τῷ
1557 2190 1675 2260 Θεῷ
1705 2189 1795 2242 διὰ

220 2277 430 2346 ταύτης
468 2279 566 2348 τῆς
599 2278 773 2349 καλῆς
812 2279 1120 2348 φιλαυτίας,
1154 2283 1218 2334 ὲκ
1279 2281 1415 2334 Θεοῦ
1470 2281 1572 2352 τῆς
1616 2281 1796 2351 ψυχῆς

220 2369 316 2422 ἀεὶ
342 2368 631 2438 ζητοῦντες
668 2370 767 2440 τὴν
803 2369 1080 2424 σύστασιν.
1137 2373 1285 2442 Αὕτη
1334 2374 1442 2445 γάρ
1489 2375 1633 2426 ἐστιν
1662 2374 1796 2444 άλη-

221 2459 328 2532 οὴς
353 2461 598 2530 λατρεία,
628 2461 723 2514 καὶ
751 2461 922 2524 ί5ντως
953 2461 1272 2532 θεάρεστος,
1302 2465 1336 2534 η
1367 2465 1462 2534 τῆς
1493 2463 1673 2535 ψυχῆς
1710 2464 1798 2518 διὰ

223 2550 338 2604 τῶν
365 2553 577 2621 ἀρετῶν
605 2550 840 2621 ἀκριϐὴς
871 2552 1180 2621 ἐπιμέλεια.
1397 2561 1400 2563 “

298 2648 402 2695 ναν.
443 2643 502 2696 '0
535 2643 855 2712 σωματικῆς
879 2641 1074 2712 ἡδονῆς
1104 2641 1178 2714 μὴ
1208 2643 1514 2714 ἐφιέμενος,
1547 2643 1643 2697 καὶ
1679 2643 1798 2696 ὀδύ-

227 2747 330 2802 νην
355 2731 640 2795 παντελῶς
671 2731 744 2802 μὴ
772 2731 1125 2802 φοϐούμενος,
1155 2733 1379 2801 γέγονεν
1402 2733 1642 2803 ἀπαθής.
1668 2731 1804 2786 Ταύ-

225 2837 353 2884 ταις
381 2821 487 2892 γὰρ
513 2822 650 2891 μετά
677 2824 774 2892 τῆς
797 2823 1060 2892 τεκούσης
1090 2823 1259 2887 αὐτὰς
1285 2824 1589 2892 φιλαυτίας,
1627 2824 1803 2877 πάντα

228 2911 303 2965 τὰ
338 2912 404 2964 δι’
438 2911 608 2975 αὐτάς
644 2929 706 2965 τε
734 2913 830 2965 καὶ
879 2912 939 2976 ἐξ
989 2914 1169 2966 αὐτῶν
1201 2915 1337 2984 μετά
1365 2915 1465 2984 τῆς
1493 2916 1804 2986 ἀρχηγικω-

227 3004 402 3074 τάτης
423 3003 530 3056 τῶν
560 3003 748 3056 κακῶν
779 3003 1022 3071 ἀγνοίας,
1045 3003 1388 3074 ὁμοθυμαδὸν
1421 3007 1804 3058 συναπέκτεινε

1879 566 2007 620 lcat.
2035 565 2092 620 Id
2120 565 2266 620 enim
2295 565 2583 620 ebaritatis
2610 563 2911 635 proprium,
2939 571 2998 616 ut
3022 578 3233 628 eorum,
3265 563 3360 633 qui
3391 582 3455 618 ea

1880 672 2002 725 qua:
2034 659 2153 727 ejus
2182 664 2309 711 sunt
2340 666 2611 728 quzerunt,
2641 671 2810 709 unum
2841 655 3085 709 animum
3118 669 3181 708 ac
3206 655 3474 709 volunta-'

1885 758 1992 802 tem
2025 745 2240 801 cmciat.
2807 818 2810 820 γ

1951 839 2039 893 49.
2070 837 2352 908 Siquidem
2383 854 2446 894 ea
2472 836 2600 892 boni
2627 845 2823 890 natura
2849 845 2931 891 cst
2955 843 3118 904 atque
3143 835 3373 899 indoles,
3399 847 3460 891 ut

1883 945 2005 999 qua:
2033 928 2207 983 divisa
2240 936 2369 983 sunt
2402 929 2557 984 uniat
2589 935 2647 981 et
2675 927 2953 982 contineat
2983 943 2996 978 :
3027 925 3152 978 mali
3185 925 3341 994 plane
3370 940 3462 995 ge-

1884 1018 2010 1072 nius
2041 1017 2168 1082 erit,
2207 1026 2268 1071 ut
2299 1031 2420 1087 quae
2455 1023 2583 1070 sunt
2621 1014 2772 1068 unita
2815 1011 3025 1067 dividat
3055 1026 3119 1065 ac
3163 1010 3457 1064 interimat.

1884 1107 2085 1161 Malum
2115 1108 2262 1161 enim
2292 1115 2487 1160 natura
2520 1105 2844 1173 dissipatum
2868 1109 2952 1156 est
2980 1109 3035 1154 et
3067 1099 3348 1160 mutabile,
3382 1097 3464 1150 in-

1886 1201 2193 1270 stabileque
2228 1209 2286 1256 et
2330 1197 2699 1262 multiforme,
2732 1211 2796 1251 ac
2837 1194 2982 1267 quod
3014 1193 3339 1249 divisionem
3376 1191 3460 1246 in-

1889 1290 2071 1346 ducat.

1962 1383 2049 1439 50.
2090 1378 2368 1436 Liberatio
2402 1393 2432 1432 a
2466 1377 2624 1431 malis
2654 1373 2929 1434 omnibus.
2956 1371 3248 1441 brevisque
3281 1369 3346 1424 ad
3377 1385 3465 1423 sa-

1889 1479 2060 1533 lutem
2087 1475 2194 1538 via,
2227 1488 2356 1526 vera
2382 1478 2465 1524 est
2493 1483 2617 1524 cum
2648 1468 2926 1539 agnitione
2954 1465 3047 1519 Dei
3077 1463 3321 1527 dilectio,
3347 1479 3467 1516 om-

1891 1567 2085 1635 nisque
2145 1578 2272 1633 erga
2325 1576 2525 1630 corpus
2584 1557 2996 1625 mundumque,
3050 1552 3471 1623 indulgeutioris

1892 1655 2063 1710 animi
2096 1651 2406 1715 abdicatio;
2452 1665 2580 1718 qua,
2629 1645 2927 1716 voluptatis
2971 1643 3269 1714 cupiditate
3311 1641 3470 1695 dolo.

1893 1748 2080 1816 risque
2123 1752 2272 1798 metu
2305 1741 2571 1805 excussis,
2603 1754 2634 1793 a
2667 1754 2834 1808 pravo
2869 1737 2962 1790 illo
2986 1750 3240 1804 caecoque
3269 1746 3468 1802 corpo-

1891 1839 1968 1892 ris
1993 1850 2180 1891 amorc
2211 1834 2529 1895 liberamur,
2567 1830 2634 1884 ad
2659 1829 2916 1884 Auctoris
2935 1827 3313 1898 cognitionem
3336 1824 3468 1880 sub-

1891 1929 2072 1993 vecti;
2109 1928 2336 1998 ejusque
2387 1924 2508 1978 loco
2553 1923 2761 1978 bonum
2797 1922 2950 1975 illum
2980 1931 3143 1988 atque
3177 1920 3468 1972 honestum

1893 2017 2248 2089 intelligentis
2279 2016 2444 2070 animi
2481 2028 2745 2078 amorem,
2768 2011 3072 2082 corporalis
3100 2009 3328 2065 aﬂ’ectus
3347 2008 3470 2063 labe

1893 2124 2092 2181 purum
2129 2107 2336 2177 adepti,
2381 2121 2447 2160 eo
2491 2104 2720 2173 obsequi
2753 2103 2865 2157 Deo
2895 2117 3005 2156 non
3032 2115 3330 2163 cessamus,
3377 2097 3470 2168 qui

1893 2201 2064 2257 animi
2109 2207 2325 2270 semper
2373 2195 2810 2252 incolumitatem
2860 2205 2927 2247 ex
2977 2192 3090 2246 Deo
3142 2203 3470 2261 quaeramus.

1895 2294 1997 2349 Hic
2038 2291 2186 2348 enim
2217 2303 2384 2346 verus
2416 2289 2618 2352 cultus,
2653 2300 2894 2356 vereque
2934 2284 3048 2340 Deo
3080 2290 3337 2351 acceptus
3368 2289 3472 2347 est,

1898 2393 1958 2437 ut
1991 2396 2189 2450 nempe
2228 2379 2548 2450 diligentem
2594 2377 2778 2447 animo
2806 2375 3074 2430 virtutum
3121 2371 3342 2429 solliciti
3375 2387 3472 2426 cu-

1901 2489 2016 2529 ram
2051 2470 2429 2526 adhibeamus.

1974 2651 2061 2704 Sl.
2089 2646 2195 2714 Qui
2220 2645 2558 2715 corporalem
2588 2644 2924 2712 voluptatem
2953 2655 3016 2695 ae
3052 2639 3336 2694 libidinem
3366 2653 3478 2694 non

1902 2735 2271 2806 concupiscit,
2313 2750 2416 2789 nec
2455 2733 2705 2789 dolorem
2747 2730 2973 2787 omnino
3010 2729 3238 2807 metuit,
3277 2729 3480 2800 imper.

1904 2828 2109 2884 turbati
2159 2827 2436 2897 solutique
2481 2825 2632 2880 vitiis
2682 2824 2849 2879 animi
2910 2822 3138 2878 exstitit.
3196 2821 3333 2876 Cum
3397 2821 3486 2875 bis

1904 2921 2074 2984 enim,
2102 2933 2403 2988 eorumque
2428 2925 2675 2986 parente,
2707 2929 2878 2986 pravo
2906 2914 2999 2968 illo
3024 2929 3088 2968 ac
3118 2928 3262 2967 caeco
3287 2926 3484 2981 corpo-

1907 3012 1983 3065 ris
2016 3024 2223 3072 amore,
2256 3016 2484 3063 cunctos
2530 3006 2727 3060 horum
2775 3018 2962 3070 causa,
2995 3017 3169 3072 exque
3216 3000 3325 3055 illis
3357 3016 3487 3054 suc-

230 3095 407 3165 πάθη,
454 3094 548 3147 καὶ
577 3095 697 3158 ὅλος
734 3096 925 3163 γέγονε
971 3093 1070 3147 τοῦ
1120 3095 1356 3159 ἑστῶτος
1407 3097 1503 3149 καὶ
1553 3097 1805 3166 μένοντος

1908 3109 2218 3157 crescentes
2248 3099 2497 3165 affectus,
2530 3113 2653 3152 cum
2689 3096 2950 3151 vitiorum
2989 3110 3202 3150 summe
3238 3091 3486 3163 principe

230 3187 328 3239 καὶ
360 3185 446 3240 ἀεὶ
480 3185 742 3248 ὡσαύτως
771 3186 983 3256 ἔχοντος
1036 3186 1194 3255 φύσει
1229 3186 1416 3253 καλοῦ,
1455 3188 1803 3242 παντάπασιν

233 3275 384 3346 αὐτῷ
412 3277 780 3345 συνδιαμένων
811 3277 1087 3348 ἀκίνητος,
1139 3279 1235 3332 καὶ
1285 3279 1798 3350 ἀνακεκαλυμμένῳ

235 3366 514 3439 προσώπῳ
541 3368 640 3438 τὴν
667 3368 822 3433 δόξαν
851 3366 945 3421 τοῦ
995 3369 1132 3422 Θεοῦ
1165 3368 1665 3440 κατοπτριζόμενος
1687 3386 1700 3400 ·
1738 3371 1804 3423 ἐκ

237 3459 338 3529 τῆς
381 3461 437 3511 ιν
483 3459 632 3529 αὐτῷ
680 3460 1002 3529 φωτοειδοῦς
1045 3461 1450 3534 λαμπρότητος,
1505 3463 1604 3533 τὴν
1653 3461 1806 3517 Θείαν

238 3552 332 3605 καὶ
363 3553 654 3620 ἀπρόσιτον
693 3552 852 3616 δόξαν
882 3551 1174 3622 θεώμενος.

1912 3191 2194 3262 primaque
2227 3189 2461 3258 origine,
2489 3185 2820 3257 ignorantia,
2847 3197 2958 3239 uno
2981 3183 3134 3239 velut
3171 3182 3281 3236 ictu
3313 3181 3484 3234 inter-

1909 3283 2080 3345 emit,
2128 3289 2386 3348 totusque
2421 3278 2604 3332 stabili
2656 3275 2734 3330 illi
2781 3284 2838 3331 et
2883 3275 3147 3338 manenti,
3184 3273 3490 3342 eodemque

1911 3390 1969 3430 se
1999 3373 2163 3428 modo
2193 3387 2411 3442 semper
2438 3369 2686 3433 habenti,
2717 3383 2782 3424 ac
2813 3377 3011 3423 natura
3053 3366 3201 3421 bono
3227 3366 3490 3420 honesto-

1912 3482 2019 3538 que
2051 3465 2298 3528 adhresit,
2333 3479 2456 3518 cum
2507 3463 2600 3516 illo
2630 3460 2926 3516 immobilis
2969 3473 3195 3531 prorsus
3239 3471 3495 3527 persevc-

1914 3571 2078 3620 rans,
2122 3570 2184 3610 ac
2215 3554 2454 3608 revelata
2500 3551 2636 3606 faeie
2683 3551 2838 3620 quasi
2887 3551 2944 3604 in
2994 3549 3218 3620 speculo
3252 3547 3493 3602 divinam

238 3643 465 3715 gloriam
507 3646 887 3715 contemplans
917 3647 994 3715 ’°;
1029 3663 1096 3702 ex
1127 3648 1314 3706 lucido
1353 3664 1525 3720 penes
1571 3650 1812 3722 seipsum
1849 3641 2162 3724 splendore,
2187 3647 2427 3703 divinam
2459 3661 2524 3701 ac
2552 3646 2888 3700 inaccessam
2941 3644 3248 3700 claritatem
3310 3640 3494 3696 animo

236 3738 613 3794 considerans.

311 3826 412 3878 νϐ’.
444 3825 558 3894 Τὴν
591 3824 784 3895 ἡδονὴν
811 3823 910 3892 τῆς
945 3825 1226 3893 παρούσης
1266 3826 1411 3896 ζωῆς
1441 3828 1536 3880 καὶ
1566 3828 1662 3898 τὴν
1690 3827 1808 3880 ὀδύ-

244 3931 360 3986 νην,
389 3917 491 3984 ὄση
521 3915 770 3983 δύναμις,
825 3913 1212 3984 ἀρνησὼμεθα,
1265 3917 1360 3969 καὶ⁸
1413 3918 1592 3988 πάσης
1622 3917 1810 3970 παθῶν

252 4003 492 4067 ἐπινοίας
523 4004 587 4074 (Ι)
619 4004 718 4056 καὶ
739 4003 1128 4072 δαιμονιώδους
1170 4007 1509 4077 κακουργίας
1534 4007 1810 4071 παντελῶς

249 4095 761 4167 ἀπαλλαγησόμεθα.
818 4094 916 4148 Διά
963 4095 1071 4166 γὰρ
1119 4097 1218 4167 τὴν
1259 4097 1453 4168 ἡδονὴν
1508 4099 1811 4170 ἀγαπῶμεν

249 4187 315 4242 τά
343 4185 513 4258 πάθη,
546 4187 641 4240 καὶ
668 4185 756 4240 διὰ
794 4186 893 4260 τὴν
933 4186 1128 4258 ὀδύνην
1158 4189 1432 4258 φεύγομεν
1461 4190 1559 4259 τὴν
1589 4191 1810 4262 ἀρετήν.

326 4365 414 4434 ιγ’.
465 4364 683 4437 Ἐπειδὴ
721 4367 870 4420 πᾶσα
899 4364 1068 4420 κακία
1107 4365 1321 4435 πέφυκε
1353 4366 1465 4428 τοῖς
1495 4361 1816 4418 συνιστῶσιν

1989 3827 2148 3896 522
2175 3825 2264 3879 52.
2292 3825 2425 3878 Vitae
2455 3823 2620 3892 hujus
2651 3822 2984 3891 voluptatem
3025 3831 3189 3891 atque
3223 3823 3491 3890 dolorem,

1917 3927 2121 3986 quanta
2170 3915 2398 3968 facultas
2442 3921 2547 3977 est,
2578 3913 2914 3975 abdiccmus,
2949 3899 3207 3982 omnique
3233 3914 3491 3968 vitiorum

1916 4005 2101 4060 animo
2131 4005 2276 4070 labe,
2313 4005 2731 4074 daemonumque
2779 4005 3116 4075 malignitate
3159 4006 3382 4075 penitus
3424 4009 3492 4062 li-

1917 4094 2256 4149 berabimur.
2288 4093 2596 4162 Voluptatis
2631 4094 2775 4148 enim
2809 4093 3165 4163 libidinisque
3212 4096 3490 4163 illecebra,

1919 4185 2049 4239 vitia
2074 4185 2412 4253 affectusque
2437 4182 2747 4252 diligimus;
2776 4191 3034 4254 metuque
3058 4183 3283 4251 doloris,
3316 4187 3495 4240 virtu-

1922 4285 2029 4330 tem
2057 4275 2294 4344 fugimus
2316 4289 2378 4328 ac
2398 4287 2735 4328 aversantur.

1994 4367 2080 4422 55.
2115 4365 2250 4421 Cum
2297 4381 2464 4420 omne
2514 4364 2709 4420 vitium
2760 4381 2867 4420 una
2916 4380 3042 4421 eum
3097 4367 3277 4422 modis
3316 4369 3494 4437 ipsum

257 4457 424 4528 αὐτὴν
459 4456 891 4528 συμφθείρεσθαι
945 4457 1187 4530 τρόποις,
1237 4457 1507 4530 εὑρίσκων
1548 4457 1615 4510 δι’
1645 4456 1805 4526 αὐτῆς

1921 4457 2377 4528 promoventibus
2415 4473 2511 4511 seu
2555 4455 2922 4512 conflantibus
2953 4457 3198 4528 proclive
3229 4458 3494 4524 intereat;

255 4547 352 4615 τῆς
377 4546 573 4614 πείρας
605 4545 633 4600 6
671 4547 980 4618 ἄνθρωπος,
1017 4548 1197 4620 πάσης
1219 4547 1414 4619 ἡδονῆς
1443 4543 1581 4601 εἶναι
1603 4545 1818 4610 πάντως

257 4639 356 4709 τὴν
381 4637 574 4710 όδύνην
609 4639 873 4709 διάδοχον,
900 4639 1040 4711 πρὸς
1076 4639 1174 4710 μὲν
1196 4639 1296 4709 τὴν
1327 4637 1541 4710 ἡδονὴν,
1573 4638 1672 4709 τὴν
1693 4636 1820 4708 ὅλην

263 4732 415 4801 ἔσχεν
450 4731 630 4800 ὁρμήν
651 4745 666 4760 °
706 4731 841 4802 πρὸς
871 4731 928 4784 δὲ
958 4729 1054 4801 τὴν
1078 4729 1292 4802 ὀδύνην,
1319 4729 1420 4801 τῆν
1450 4729 1579 4800 ὃλην
1605 4731 1821 4798 ἀποφυ-

262 4822 361 4892 γήν
378 4837 393 4852 ο
423 4824 521 4894 τῆς
553 4822 674 4892 μὲν,
717 4822 855 4876 κατά
882 4823 1064 4876 πᾶσαν
1092 4821 1634 4894 ὑπεραγωνιζόμενος
1661 4819 1820 4874 δύνα-

267 4934 355 4987 μιν
375 4933 390 4947 ·
420 4917 520 4987 τῆς
549 4917 627 4981 δὲ,
655 4918 796 4971 κατᾶ
825 4919 1009 4971 πᾶσαν
1033 4916 1268 4987 σπουδὴν
1293 4915 1820 4984 καταγωνιζόμενος,

262 5009 522 5079 οἰόμενος,
555 5009 692 5081 ὅπερ
716 5011 997 5081 ἀμήχανον
1025 5005 1118 5080 ἦν,
1153 5008 1239 5062 διὰ
1265 5009 1362 5078 τῆς
1392 5007 1646 5074 τοιαύτης
1695 5006 1823 5076 μεθ-

260 5099 449 5168 οδείας,
469 5101 713 5171 ἀλλήλων
731 5103 934 5166 ταύτας
953 5101 1260 5171 διαστῆσαι,
1287 5101 1381 5152 καὶ
1403 5098 1540 5170 μόνῃ
1567 5099 1633 5168 τῇ
1661 5097 1819 5168 ἡδονῇ

327 5257 372 5289 ’⁸
400 5257 448 5312 ll
467 5255 596 5312 Cor.
623 5273 700 5322 ut,
734 5258 819 5312 η.

351 5405 398 5468 ιγ
416 5401 626 5464 Πάσης
653 5393 858 5468 παρῶκ
874 5392 1165 5468 ρπινρίας.
1198 5391 1304 5468 Pro
1322 5387 1584 5468 λογισμοῦ
1610 5388 1830 5468 Σίἀοωι·

266 5459 553 5538 usurpasse
573 5459 694 5533 ξύι
721 5463 990 5538 signiﬁcet
1024 5459 1447 5538 ipsu_mﬂvitium_
1477 5467 1533 5538 et
1569 5459 1826 5538 affectum

265 5528 440 5595 animo
492 5528 799 5591 haerentem
829 5535 981 5601 juxta
1016 5528 1162 5601 quod
1190 5529 1378 5601 Varia.
1431 5528 1661 5601 ἐπίνοια,
1688 5529 1829 5601 ,ὅταν

265 5627 342 5672 τις
395 5608 456 5660 τὰ
499 5607 626 5658 ὄντα
654 5609 710 5658 ὲν
733 5607 800 5674 τῇ
830 5598 1050 5672 διανοίᾳῖ
1081 5601 1282 5674 θεωρῇ.
1322 5598 1442 5674 Νριὶ
1489 5598 1626 5674 satis
1687 5599 1827 5674 bene

270 5667 419 5734 Picus
446 5694 459 5729 :
484 5677 557 5731 Ab
579 5678 723 5730 omni
750 5667 1323 5744 difectuuniupinione.
1361 5667 1619 5744 Possit_et
1653 5669 1830 5744 subti-_-

269 5751 366 5805 lem
385 5749 684 5818 cogitatum
705 5755 756 5801 ct
785 5737 1223 5818 adiuventionem
1242 5752 1456 5802 sonare,
1481 5737 1558 5791 uti
1578 5738 1828 5808 sequenti

1924 4557 2207 4619 comperto
2235 4547 2421 4612 homo,
2467 4545 2547 4602 rei
2597 4539 2716 4617 ipso
2742 4547 3009 4618 periculo,
3051 4547 3202 4602 omni
3229 4548 3494 4618 voluptati

1924 4639 2149 4694 omnino
2175 4638 2418 4694 dolorem
2449 4638 2704 4694 comitem
2729 4654 2852 4695 esse
2879 4655 2893 4693 :
2926 4639 2984 4694 in
3007 4640 3341 4709 voluptatem
3377 4638 3500 4709 qui-

1927 4731 2089 4797 dem,
2127 4731 2235 4784 vim
2271 4745 2489 4784 omnem
2541 4731 2850 4800 appetentis
2899 4732 3102 4795 animi,
3152 4733 3206 4787 in
3255 4733 3498 4788 dolorem

1925 4838 2081 4887 vero,
2105 4823 2282 4893 fugam
2310 4837 2527 4878 omnem
2565 4823 2870 4878 convertit:
2897 4823 3046 4880 illius
3064 4825 3283 4894 quidem
3309 4839 3498 4886 causa,

1927 4916 2059 4972 totis
2083 4915 2296 4972 viribus
2327 4916 2644 4982 decertans;
2676 4917 2823 4971 hunc
2853 4932 3008 4984 vero,
3037 4916 3187 4972 oumi
3221 4917 3499 4986 diligentia

1929 5025 2285 5079 oppugnatis;
2322 5025 2518 5078 nempe
2565 5015 2716 5062 ratus
2763 5009 2879 5063 fore
2931 5009 3095 5080 (quod
3145 5009 3370 5063 omnino
3401 5009 3502 5063 im-

1893 5101 2196 5169 possibile
2231 5101 2370 5169 erat)
2412 5109 2470 5153 ut
2511 5116 2572 5154 ea
2615 5101 2836 5154 solertia
2877 5111 3122 5171 arteque,
3155 5102 3384 5156 alterum
3430 5103 3500 5156 ab

1928 5391 2265 5461 statim_cap.
2297 5389 2407 5452 Τὰς
2445 5388 2761 5461 ἀμυθῇτους
2796 5389 2902 5445 τῶν
2931 5390 3267 5461 φθοροποιῶν
3311 5393 3502 5449 παθῶν

1926 5459 2248 5528 ἐπινοοῦμεν
2277 5462 2542 5527 γενέσεις.
2582 5459 2652 5516 Ut
2686 5461 2819 5515 velit
2844 5459 2960 5516 fore
2995 5459 3200 5518 liberos
3241 5463 3387 5520 omni
3422 5466 3504 5519 vi-

1929 5530 2004 5583 tio
2030 5529 2341 5601 ac‘all'ectu,
2377 5536 2490 5601 tum
2523 5529 2681 5600 cujus
2707 5531 2868 5587 nobis
2898 5531 3004 5601 ipsi
3033 5541 3288 5589 auctores
3328 5535 3503 5590 simus

1927 5598 2166 5680 propria.
2205 5598 2624 5666 adinventione,
2688 5609 2801 5656 tum
2864 5598 3022 5675 cujus
3073 5602 3350 5662 daemones
3403 5618 3500 5660 sua

1926 5676 2299 5740 suggestione.
