4122 6320
581 312 716 378 1199

1741 307 1800 368 S.
1842 301 2129 368 MAXIMI
2168 299 2676 364 CONFESSORIS

3698 304 3831 374 19.30

575 425 754 480 altero
799 421 1165 494 dispesccret;
1219 419 1431 490 solique
1480 415 1748 488 voluptati
1807 418 2162 488 conjunctum

2268 417 2622 487 συνημμένην
2677 415 2774 488 τὴν
2823 414 3110 486 φιλαυτίαν
3160 414 3304 486 ἔχειν
3333 416 3614 482 παντελῶς
3649 419 3864 493 ὀδύνης,

579 528 811 583 pravum
849 513 1004 566 illum
1043 522 1359 579 caecumque
1404 507 1654 578 corporis
1699 521 1966 572 amorem,
2011 506 2164 560 nullo

578 620 807 676 prorsus
852 602 1061 661 doloris
1109 601 1378 672 periculo,
1429 600 1689 666 haberet;
1726 599 1983 670 ignorans
2015 597 2165 653 scili-

576 708 668 754 cet
717 697 939 770 (aﬂ‘ectu
1004 704 1140 766 puto
1201 710 1425 750 sensum
1483 691 1782 763 adimente)
1829 692 2163 762 voluptatem

580 792 752 860 ipsam
789 804 888 858 per
933 802 993 843 se
1021 800 1271 842 seorsum
1306 802 1338 841 a
1388 785 1580 841 dolore
1609 799 1890 854 nunquam
1939 781 2165 836 omnino

577 893 739 948 posse
785 876 1073 931 exsistere.
1108 875 1207 929 Est
1240 874 1387 928 enim
1418 873 1744 929 commistus
1771 871 2039 942 voluptati
2069 870 2167 926 do-

576 970 711 1024 loris
755 969 932 1031 labor,
968 966 1188 1022 tametsi
1229 966 1401 1021 latere
1440 980 1538 1020 eos
1578 964 1852 1029 videatur,
1901 963 1996 1033 qui
2045 961 2166 1033 ejus

578 1067 860 1130 compotes
894 1066 1044 1123 sunt,
1072 1057 1144 1112 ob
1191 1065 1620 1126 exsuperantem
1667 1056 1880 1111 scilicet
1916 1054 2168 1124 volupta-

579 1152 651 1206 tis
678 1151 957 1206 aﬂ‘ectum.
1002 1149 1233 1219 Semper
1281 1148 1431 1203 enim
1475 1146 1622 1218 quod
1666 1145 1943 1216 praecipue
1991 1144 2168 1200 domi-

578 1253 743 1299 natur
777 1259 841 1298 ac
877 1243 1044 1314 viget,
1077 1250 1267 1296 natum
1301 1248 1387 1295 est
1428 1240 1669 1304 elucere,
1699 1239 1818 1309 ejus
1857 1235 2167 1307 obtegendo

576 1349 800 1390 sensum
835 1333 982 1404 quod
1012 1332 1091 1387 illi
1125 1333 1483 1404 conjunctum
1514 1336 1620 1385 est.
1655 1328 1816 1384 Pravi
1858 1327 2024 1398 igitur
2059 1341 2166 1381 caa-

576 1427 739 1496 ciQue
771 1426 919 1480 illius
955 1425 1163 1480 amoris
1191 1423 1376 1479 studio
1403 1421 1737 1491 voluptatem
1772 1416 2164 1496 consectando,

577 1495 900 1568 innumeros
929 1512 1192 1568 exitiosos
1220 1510 1452 1566 affectus
1475 1509 1719 1578 vitiaque
1759 1495 2166 1560 adinvenimu‘s.

646 1605 735 1660 ει.
771 1604 960 1660 Nescit
992 1603 1111 1674 ipso
1143 1604 1222 1658 rei
1258 1601 1508 1674 periculo
1538 1598 1836 1670 voluptatis
1864 1613 1929 1652 ac
1959 1595 2168 1652 doloris

577 1712 823 1763 sensum,
858 1697 953 1767 qui
1005 1696 1118 1752 Deo
1163 1710 1294 1750 vere
1342 1693 1688 1759 charissimo,
1723 1689 2056 1758 amabilique
2104 1702 2168 1740 ac

2265 509 2582 578 ἀπείρατον,
2637 508 2914 580 ἀγνοήσας
2953 508 3058 561 ὑπὸ
3100 508 3198 562 τοῦ
3249 508 3475 573 πάθους,
3520 509 3598 574 ὡς
3640 512 3836 580 ἔοικεν,

2264 597 2339 661 ὡς
2368 597 2471 651 οὐκ
2509 596 2785 668 ἐνδέχεταί
2813 613 2946 650 ποτε
2979 597 3147 668 χωρὶς
3178 596 3371 668 ὀδύνης
3402 591 3544 653 εἶναι
3577 599 3673 672 τὴν
3718 603 3840 672 ἡδο-

2265 690 2386 760 νήν.
2425 689 2792 760 Ἐγκέκραται
2831 689 2940 761 γάρ
2993 693 3060 761 τῇ
3102 690 3264 762 ἡδονῇ
3299 690 3401 760 τῆς
3446 691 3642 764 ὀδύνης
3671 695 3700 746 ό
3742 696 3841 747 πό-

2265 798 2376 848 νος,
2403 781 2510 835 κάν
2542 780 2828 836 λανθάνειν
2858 781 2991 854 δοκῇ
3022 784 3148 846 τοὺς
3172 783 3417 852 ἔχοντας,
3453 784 3545 837 διὰ
3577 784 3676 857 τὴν
3698 788 3844 840 κατά

2264 872 2325 925 τὸ
2375 872 2548 937 πάθος
2585 873 2687 943 τῆς
2729 873 2929 944 ἡδονῆς
2967 873 3332 946 ἐπικράτειαν
3357 890 3371 902 '
3415 875 3606 946 ἐπειδὴ
3633 875 3692 928 τὺ
3720 879 3843 929 ἐπι-

2266 965 2527 1038 κρατοῦν,
2583 966 2674 1021 ἀεὶ
2713 965 3092 1035 διαφαίνεσθαι
3151 967 3386 1035 πέφυκε,
3424 966 3704 1021 καλύπτον
3749 968 3842 1022 τοῦ

2267 1058 2680 1128 παρακειμένου
2741 1057 2840 1128 τὴν
2891 1058 3166 1130 αἴσθησιν.
3213 1059 3439 1130 Ἡδονῆς
3492 1055 3586 1114 οὖν
3615 1060 3705 1114 διὰ
3748 1061 3844 1132 τὴν

2269 1149 2560 1217 φιλαυτίαν
2589 1150 3052 1222 ἀντιποιούμενοι,
3084 1152 3178 1206 καὶ
3212 1152 3407 1223 ὀδύνην
3427 1153 3514 1206 διά
3546 1153 3644 1224 τὴν
3678 1154 3845 1223 αὐτὴν
3874 1181 3880 1184 ~

2269 1239 2453 1293 αἰτίαν
2481 1241 2644 1294 πάλιν
2679 1241 2901 1311 φεύγειν
2941 1243 3356 1308 σπουδάζοντες,
3390 1245 3489 1306 τὰς
3529 1243 3844 1314 ἀμυθήτους

2268 1330 2381 1386 τῶν
2413 1331 2757 1402 φθοροποιῶν
2791 1321 2982 1388 παθῶν
3008 1333 3334 1407 ἐπινοοῦμεν
3362 1336 3628 1404 γενέσεις.

2339 1588 2433 1642 νδν.
2471 1589 2685 1658 Ἀγνοεῖ
2734 1608 2820 1656 τις
2869 1591 2970 1664 τὴν
3009 1595 3132 1649 καθ’
3165 1596 3360 1668 ἡδονὴν
3399 1599 3492 1651 καὶ
3526 1599 3723 1672 ὀδύνην
3753 1603 3846 1673 τῆς

2271 1679 2581 1749 αἰσθήσεως
2610 1684 2828 1754 πεῖραν,
2869 1685 3000 1739 ὅταν
3027 1685 3107 1758 τῷ
3133 1687 3254 1759 Θεῷ
3277 1688 3356 1759 τῷ
3381 1689 3550 1754 ὅντως
3578 1691 3847 1764 ἀγαπητῷ

578 1789 912 1853 desiderato,
940 1787 1216 1858 corporali
1247 1786 1396 1841 omni
1430 1784 1632 1840 aﬂ‘ectu
1671 1798 1737 1838 ac
1765 1780 1999 1836 libidine
2032 1778 2163 1832 libe-

2269 1773 2365 1826 καὶ
2394 1773 2610 1846 ἐραστῷ
2637 1777 2730 1830 καὶ
2755 1777 2933 1849 ἐφετῷ
2961 1780 3263 1854 προσδὴσῃ.
3297 1783 3498 1852 μᾶλλον
3523 1783 3580 1837 δὲ
3610 1785 3846 1856 κολλὴσῃ

581 1897 725 1948 rum,
762 1879 1096 1952 dejunxerit.
1143 1892 1246 1933 seu
1287 1877 1462 1948 magis
1511 1872 1994 1946 conglutinaverit,
2043 1870 2164 1926 ani-

581 1989 756 2029 mum.

651 2063 740 2117 55.
761 2058 1233 2128 Quemadmodum
1265 2057 1382 2113 ﬁeri
1411 2073 1519 2112 non
1549 2065 1748 2128 potest,
1776 2065 1838 2111 ut
1861 2055 1987 2126 quis
2007 2053 2168 2109 aliter

582 2168 779 2225 purum
810 2153 921 2207 Deo
947 2152 1159 2207 cultum
1188 2150 1474 2214 adhibeat,
1503 2149 1636 2218 quin
1675 2147 1896 2218 penitus
1920 2144 2164 2200 animum

579 2244 844 2301 emundet
873 2262 885 2298 :
913 2245 993 2299 sic
1024 2258 1126 2298 nec
1153 2250 1421 2298 creaturas
1457 2240 1666 2296 servire
1697 2246 1897 2311 potest,
1939 2238 2072 2308 quin
2105 2253 2165 2294 se

581 2337 798 2408 corpori
854 2335 1191 2407 diligentiori
1235 2351 1370 2390 cura
1414 2332 1698 2404 impendat
1744 2349 1757 2386 :
1809 2346 1920 2402 quo
1969 2345 2166 2400 nempe

581 2428 768 2492 homo,
802 2427 1095 2482 exitiosum
1119 2439 1350 2495 corpore
1378 2408 1586 2479 cultum
1621 2437 1911 2492 peragens,
1935 2421 2165 2492 ejusque

583 2519 793 2573 ratione
833 2518 919 2572 sui
957 2517 1072 2587 ipse
1106 2530 1171 2570 ac
1214 2513 1514 2569 carnaliter
1553 2526 1781 2575 amans,
1828 2509 2164 2580 voluptatem

575 2612 778 2683 jugiter
830 2611 1104 2681 vigentem
1154 2615 1320 2678 atque
1354 2605 1604 2661 dolorem
1654 2602 1928 2669 habebat,
1971 2601 2166 2657 inobe-

580 2701 804 2756 dientize
849 2714 1065 2770 semper
1096 2698 1246 2770 ligno
1288 2710 1545 2761 vescens;
1587 2694 1734 2764 quod
1775 2693 1988 2748 scilicet
2034 2691 2166 2747 boni

579 2807 644 2847 ac
695 2793 825 2848 mali
881 2790 1224 2848 commistam
1278 2804 1495 2859 semper
1543 2802 1742 2843 sensus
1787 2785 2167 2856 experimento

580 2884 867 2939 scientiam
910 2883 1162 2938 haberet.
1214 2881 1328 2937 Nec
1375 2879 1516 2935 forte
1547 2894 1578 2933 a
1621 2892 1754 2932 vero
1787 2875 2164 2942 aberraverit,

478 2996 479 2999 η
579 2975 676 3045 qui
705 2975 874 3038 dicat,
906 2974 1114 3044 lignum
1156 2971 1404 3028 scientias
1439 2969 1572 3024 boni
1601 2975 1658 3022 et
1683 2967 1813 3022 mali
1855 2975 2168 3022 creaturam

579 3080 702 3120 esse
739 3065 917 3120 oculis
946 3064 1250 3134 subjectam
1273 3079 1288 3130 ;
1315 3061 1465 3133 quod
1489 3073 1689 3130 nempe
1715 3059 1807 3113 illa
1835 3055 1888 3111 vi
1913 3058 2168 3126 volupta-

581 3157 654 3212 tis
681 3163 847 3225 atque
883 3155 1090 3210 doloris
1123 3152 1426 3219 eﬂ‘ectrice,
1457 3151 1618 3222 523
1647 3165 1716 3205 eo
1743 3148 1892 3220 quod
1927 3148 2166 3220 percipi-

583 3257 704 3313 tur,
735 3258 930 3302 natura
962 3246 1188 3316 praedita
1222 3245 1314 3299 sit.

652 3339 740 3394 56.
776 3337 879 3394 Ubi
928 3353 1038 3391 non
1085 3337 1300 3392 obtinet
1332 3351 1397 3390 ac
1417 3334 1739 3390 dominatur
1769 3333 1933 3398 ratio,
1969 3345 2166 3387 sensus

581 3431 737 3501 vigor
785 3441 841 3485 et
891 3429 1186 3500 imperium
1241 3428 1332 3482 cui
1380 3425 1669 3482 commista
1711 3435 1876 3494 atque
1911 3431 2165 3478 conserta

581 3521 792 3593 peccali
825 3521 930 3586 vis,
962 3528 1164 3591 praesto
1190 3534 1312 3574 esse
1343 3519 1516 3584 solet;
1549 3516 1847 3587 voluptatis
1882 3513 2162 3579 illecebra,

580 3616 650 3670 ad
680 3614 861 3669 carnis
893 3629 1001 3668 una
1030 3612 1383 3668 subsistentis
1408 3625 1584 3681 eoque
1613 3607 1820 3672 aliinis,
1855 3607 2167 3662 miseratio—

582 3721 706 3760 nem
737 3705 981 3776 proclive
1008 3704 1251 3758 animum
1292 3704 1516 3758 trahens
1553 3721 1566 3756 :
1599 3716 1704 3772 pro
1737 3701 1896 3771 cujus
1927 3699 2162 3765 ratione,

584 3803 842 3864 tanquam
876 3809 1017 3864 opus
1039 3793 1090 3848 ei
1118 3793 1388 3858 naturale,
1416 3792 1672 3847 vitiosam
1705 3805 1771 3845 ac
1794 3789 2162 3859 voluptariam

581 3902 679 3942 seu
710 3884 1066 3940 libidinosam
1093 3884 1277 3938 carnis
1304 3899 1494 3939 curam
1523 3897 1829 3948 assumens,
1862 3898 1894 3935 a
1917 3880 2028 3935 vita
2061 3894 2162 3933 na-

582 3977 740 4032 turali
793 3977 1066 4041 abducit,
1115 3983 1418 4045 auctorque
1463 3974 1543 4028 illi
1598 3981 1717 4038 est,
1775 3981 1838 4027 ut
1885 3972 1990 4027 sibi
2046 3972 2164 4042 ipse

581 4069 866 4140 pravitatis
899 4082 964 4122 ac
990 4067 1236 4135 malitiae,
1262 4082 1386 4138 quae
1413 4082 1519 4123 nec
1568 4081 1698 4122 vere
1726 4073 1832 4130 est,
1861 4063 2164 4119 fabricator

579 4161 828 4216 exsistat.

651 4253 740 4308 57.
771 4253 953 4308 Animi
982 4251 1340 4324 intclligentis
1361 4249 1556 4305 vitium
1583 4265 1646 4305 ac
1665 4247 1908 4320 pravitas
1929 4256 2034 4314 est,
2060 4263 2161 4302 na-

581 4345 840 4400 turalium
870 4344 1146 4399 bonorum
1176 4342 1402 4409 oblivio,
1429 4357 1497 4396 ex
1525 4340 1822 4396 libidinosa
1853 4339 1908 4393 in
1937 4353 2160 4393 carnem

581 4436 960 4505 mundumque
986 4433 1277 4489 affectione
1310 4431 1674 4503 proveniens;
1700 4445 1864 4501 quam
1881 4429 2028 4484 delet
2053 4428 2163 4496 spi-

582 4529 730 4583 ritali
767 4527 1001 4584 scientia
1021 4526 1298 4596 imperans
1332 4523 1625 4594 proxducis
1651 4535 1877 4575 munere
1910 4518 2073 4582 ratio,
2096 4533 2160 4572 ac

581 4619 774 4675 mundi
810 4617 1106 4687 carnisque
1144 4626 1328 4671 ortum
1364 4623 1727 4683 naturamque
1765 4620 2040 4677 scrutaris,
2074 4620 2158 4666 at-

583 4730 691 4784 que
735 4711 803 4766 ad
831 4711 1068 4779 aﬂinem,
1109 4726 1300 4766 earum
1324 4725 1509 4764 rerum
1535 4724 1656 4778 quin
1684 4706 1802 4762 sola
1823 4713 2006 4760 mente
2037 4718 2163 4774 per-

582 4805 886 4875 cipiuntur,
948 4805 1229 4875 regionem
1282 4801 1594 4872 provehens
1631 4815 1696 4854 ac
1750 4799 2009 4860 minans,
2064 4796 2159 4850 ubi

582 4899 734 4954 nulla
765 4898 1012 4953 excurrit
1051 4905 1148 4952 aut
1193 4895 1391 4950 transit
1432 4892 1643 4963 peccati
1692 4893 1808 4958 lex;
1853 4905 2019 4960 quam
2045 4891 2159 4961 jam

583 5008 778 5048 sensus
807 4991 1050 5055 deﬁciat,
1078 4987 1263 5059 pontis
1293 4987 1468 5041 instar
1493 4984 1562 5040 ad
1590 4992 1829 5040 mentem
1854 4998 1976 5039 eam
2004 4981 2160 5052 traji-

582 5087 762 5154 ciens;
794 5087 915 5157 ejus
943 5084 1154 5140 scilicet
1178 5097 1305 5166 cum
1331 5081 1516 5136 animo
1544 5081 1659 5152 jam
1681 5079 1948 5136 dissoluta
1971 5093 2162 5135 neces-

582 5178 824 5234 situdine
847 5218 861 5242 ,
901 5177 1131 5247 ipsoque
1169 5175 1468 5230 sensilibus
1499 5173 1826 5245 spectaculis
1863 5173 2112 5244 projecto
2142 5187 2156 5226 :

584 5285 819 5340 quorum
862 5285 1018 5324 mens
1059 5266 1379 5322 habitudine
1409 5274 1574 5335 atque
1616 5273 1812 5320 natura
1860 5264 2157 5335 superatis,

585 5376 654 5417 ne
683 5377 912 5432 prorsus
931 5359 1153 5432 quidem
1192 5357 1384 5414 sentit.

654 5539 749 5611 (m)
787 5541 881 5608 Μὴ
910 5539 1172 5611 τὸίσῶμα
1204 5538 1716 5611 περιποιούμενος.
1743 5536 1956 5606 Ubique
1981 5537 2036 5591 in
2073 5537 2156 5590 ni-

581 5607 755 5666 mium
783 5607 1026 5678 corporis
1059 5607 1322 5669 amorem,
1346 5607 1603 5678 illiusque
1628 5621 1815 5678 curam
1849 5622 1959 5678 non
1980 5623 2047 5678 ex
2071 5622 2158 5660 ra-

584 5683 736 5737 tione
767 5676 910 5748 (ιιυὼ
937 5679 1026 5732 illa
1052 5679 1244 5732 vitiosa
1270 5677 1539 5748 φιλαυτία
1561 5676 1665 5744 est)
1693 5676 1860 5730 refert
1892 5676 2158 5748 Maximus

590 5751 718 5807 vitia
756 5746 997 5815 reliqua;
1028 5759 1083 5804 ct
1113 5749 1223 5812 hic,
1266 5747 1411 5816 quod
1449 5746 1576 5818 quis
1608 5753 1874 5802 creaturae
1924 5746 2147 5801 serviat.

2193 3106 2240 3168 (ι

2267 1862 2362 1917 τὸν
2389 1863 2536 1929 νοῦν,
2568 1864 2669 1936 τῆς
2717 1869 3040 1940 σωματικῆς
3069 1872 3364 1942 γενόμενον
3397 1873 3690 1947 ἐλεύθερον
3729 1879 3846 1947 σχέὲ

2270 1968 2433 2017 σεως.

2341 2052 2433 2102 νε’.
2462 2048 2672 2120 Ὥσπερ
2721 2050 2780 2103 οὒ
2816 2047 3039 2107 δύναταί
3093 2070 3176 2118 τις
3208 2055 3383 2120 ἄλλως
3433 2056 3722 2129 λατρεύειν
3772 2062 3846 2131 τῷ

2269 2136 2390 2208 Θεῷ
2425 2139 2705 2210 καθαρῶς,
2741 2143 2815 2213 μὴ
2841 2142 2939 2214 τὴν
2966 2143 3144 2216 ψυχὴν
3172 2147 3342 2217 ἄρδην
3364 2147 3738 2220 ἐκκαθαίρων·
3760 2152 3846 2204 οὔ-

2269 2245 2379 2292 τως
2417 2228 2542 2282 οὔτε
2572 2233 2637 2302 τῇ
2667 2233 2842 2286 κτίσει
2871 2234 3179 2307 λατρεύειν,
3219 2238 3293 2309 μὴ
3325 2239 3386 2291 τὸ
3410 2240 3570 2310 σῶμα
3600 2259 3846 2314 περιποι-

2268 2322 2498 2392 ούμενος
2528 2323 2646 2396 (ηι)·
2687 2325 2810 2380 καθ’
2840 2327 2871 2381 δ
2907 2328 3069 2398 σῶμα
3095 2331 3194 2402 τὴν
3226 2331 3548 2402 φθοροποιὸν
3583 2337 3843 2390 ἐπιτελῶν

2269 2413 2525 2485 λατρείαν
2552 2420 2581 2471 ὁ
2609 2418 2917 2490 ἄνθρωπος,
2952 2422 3046 2476 καὶ
3076 2426 3199 2476 κατ’
3226 2425 3358 2478 αὐτὸ
3392 2427 3692 2497 γενόμενος
3731 2430 3843 2498 φῦ.-

2269 2523 2454 2575 αυτος,
2486 2509 2682 2580 ἡδονὴν
2712 2509 2858 2582 εἶχεν
2885 2514 3179 2580 ἀπαύστως
3226 2518 3319 2570 καὶ
3362 2519 3558 2590 ὀδύνην
3594 2523 3842 2594 ὲνεργοι·

2273 2601 2466 2689 μένην,
2496 2603 2692 2659 ἐσθίων
2725 2607 2815 2659 ἀεὶ
2842 2608 2907 2660 τὸ
2937 2607 3094 2675 ξύλον
3120 2612 3221 2680 τῆς
3251 2615 3562 2685 παρακοῆς,
3593 2615 3653 2668 τὸ
3687 2616 3842 2670 καλοῦ

2270 2710 2330 2746 τε
2365 2695 2460 2748 καὶ
2491 2696 2685 2760 κακοῦ,
2715 2699 2858 2752 κατά
2913 2702 3108 2756 ταύτὸν
3159 2705 3510 2776 μεμιγμένην
3561 2707 3706 2761 κατά
3749 2709 3840 2778 τὴν

2271 2785 2528 2857 αίσθησιν
2557 2787 2646 2844 διά
2678 2791 2777 2860 τῆς
2807 2793 3003 2863 πείρας
3028 2795 3151 2864 ἔχον
3182 2796 3279 2866 τὴν
3307 2797 3530 2864 γνῶσιν.
3566 2800 3678 2853 Καὶ
3705 2800 3838 2869 τάχα

2272 2879 2429 2946 ξύλον
2459 2877 2602 2936 εἶναι
2633 2885 2877 2952 γνωστὸν
2904 2885 3074 2940 καλοῦ
3110 2889 3205 2940 καὶ
3229 2885 3496 2960 πονηροῦ,
3535 2891 3636 2962 τὴν
3667 2908 3840 2960 φαινοο

2276 2973 2445 3046 μένην
2495 2976 2675 3028 κτίσιν
2729 2976 2898 3030 εἰπών
2949 2995 3057 3042 τις,
3115 2981 3215 3050 οὐχ
3252 2980 3572 3052 ἁμαρτήσει
3595 2983 3695 3054 τῆς
3718 2984 3840 3054 ἀλη-

2273 3065 2424 3130 θείας
2451 3083 2466 3097 ·
2499 3067 2696 3138 ἡδονῆς
2719 3069 2828 3142 γὰρ
2863 3069 2958 3125 καὶ
2987 3070 3182 3142 ὀδύνης
3211 3073 3501 3145 ποιητικὴν
3541 3075 3660 3145 εχει
3692 3093 3840 3145 φυσι-

2271 3157 2383 3224 κῶς
2406 3159 2506 3230 τὴν
2538 3161 2859 3233 μετάληψιν.

2338 3349 2444 3406 νς’.
2486 3342 2654 3397 Ἔνθα
2685 3343 2841 3413 λόγος
2867 3346 2928 3400 οὐ
2955 3349 3180 3418 κρατεῖ,
3242 3348 3302 3401 τὸ
3329 3349 3449 3401 κατ’
3467 3348 3723 3419 αἴσθησιν
3749 3349 3838 3402 πέ-

2268 3448 2439 3501 φυκεν
2481 3435 2822 3503 ἐπιγίνεσθαι
2867 3437 3070 3506 κράτος
3095 3479 3110 3500 ,
3170 3438 3228 3491 ἐν
3256 3432 3302 3506 ᾧ
3325 3441 3426 3510 τῆς
3448 3439 3719 3510 ἁμαρτίας
3747 3440 3838 3491 πέ-

2268 3524 2472 3594 φυρταί
2526 3543 2643 3588 πως
2675 3527 2707 3597 ἡ
2740 3525 2991 3597 δύναμις,
3057 3528 3194 3598 πρὸς
3219 3524 3399 3583 οἶκτον
3429 3529 3525 3599 τῆς
3553 3528 3837 3597 συγγενοῦς

2269 3615 2475 3687 σαρκὸς
2507 3616 2630 3670 καθ’
2653 3618 2950 3671 ὑπόστασιν
2971 3661 2985 3684 ,
3016 3619 3117 3691 τὴν
3139 3620 3318 3692 ψυχὴν
3343 3621 3408 3673 δι’
3430 3620 3623 3691 ἡδονῆς
3652 3604 3838 3672 ὑποσύ-

2267 3722 2438 3778 ρουσα
2458 3722 2473 3738 ·
2531 3709 2652 3762 καθ’
2677 3709 2742 3779 ἡν
2771 3708 2844 3772 ὡς
2873 3709 3036 3777 ἔργον
3063 3712 3202 3782 αὐτῇ
3237 3711 3464 3780 φυσικὸν
3491 3712 3836 3783 ἐγχειρίσασα

2265 3795 2367 3866 τὴν
2414 3797 2639 3868 ἐμπαθῆ
2685 3799 2780 3852 καὶ
2821 3799 3116 3870 καθὴδονον
3147 3804 3243 3872 τῆς
3279 3803 3481 3875 σαρκὸς
3507 3803 3832 3872 ἐπιμέλειαν,

2235 3945 2241 3950 ,
2267 3889 2470 3958 ἀπάγει
2499 3889 2600 3961 τῆς
2625 3892 2766 3944 κατὰ
2795 3892 2958 3962 φύσιν
2987 3891 3154 3966 ζωῆς,
3187 3895 3282 3948 καὶ
3310 3895 3619 3966 πείθειτῆς
3645 3897 3834 3950 ἀνυπο-

2267 3981 2463 4036 στάτου
2498 3982 2698 4046 κακίας
2728 3983 2985 4051 γενέσθαι
3013 3985 3220 4057 ταύτην
3245 3985 3601 4058 δημιουργὸν.

2335 4244 2432 4310 νζν.
2489 4245 2674 4298 Κακία
2702 4245 2818 4299 ἐστὶ
2859 4245 3038 4316 ψυχῆς
3064 4245 3258 4317 νοερᾶς
3281 4286 3295 4310 ,
3348 4246 3381 4316 ἡ
3408 4243 3545 4316 λήθη
3575 4244 3686 4297 τῶν
3712 4243 3837 4297 κατὰ

2265 4335 2428 4406 φύσιν
2460 4337 2665 4403 καλῶν,
2701 4337 2823 4408 ἥτις
2858 4338 2922 4390 ἐκ
2949 4337 3050 4408 τῆς
3083 4337 3211 4408 περὶ
3234 4336 3332 4407 τὴν
3361 4338 3540 4406 σάρκα
3562 4353 3622 4388 τε
3654 4337 3745 4390 καὶ
3764 4334 3839 4386 κό-

2268 4444 2402 4499 σμον
2433 4469 2448 4493 ,
2504 4427 2788 4499 ἐμπαθοῦς
2824 4429 3130 4496 ἐπιγίνεται
3165 4427 3404 4498 σχέσεως
3434 4466 3449 4492 ,
3504 4427 3572 4498 ἡν
3599 4425 3838 4496 ἀφανίζει

2269 4520 2590 4590 στρατηγῶν
2640 4520 2669 4572 ὁ
2720 4519 2879 4587 λόγος
2931 4519 3048 4574 κατ’
3087 4519 3400 4590 ἐπιστήμην
3450 4515 3835 4588 πνευματικὴν.

2267 4613 2366 4682 τήν
2386 4629 2446 4666 τε
2461 4611 2556 4665 τοῦ
2581 4612 2786 4682 κόσμου
2805 4613 2898 4666 καὶ
2919 4613 3018 4682 τῆς
3035 4612 3237 4684 σαρκὸς
3252 4612 3683 4683 διερευνώμενος
3703 4613 3839 4678 γένε-

2269 4707 2353 4759 σίν
2384 4722 2443 4757 τε
2478 4706 2573 4758 καὶ
2605 4704 2786 4773 φύσιν,
2823 4705 2917 4757 καὶ
2947 4703 3086 4774 πρὸς
3114 4703 3212 4775 τὴν
3240 4705 3476 4774 συγγενῆ
3510 4704 3620 4756 τῶν
3647 4701 3838 4773 νοητῶν

2268 4797 2452 4866 χώραν
2481 4795 2580 4867 τὴν
2604 4795 2784 4864 ψυχὴν
2809 4793 3068 4847 ἐλαύνωνο
3104 4793 3242 4865 πρὸς
3269 4794 3337 4865 ἢν
3363 4793 3620 4863 οὐδεμίαν
3643 4792 3840 4859 ὁηνόμος

2267 4887 2364 4956 τῆς
2393 4886 2668 4958 ἁμαρτίας
2697 4887 2936 4940 ποιεῖται
2961 4884 3211 4939 διάϐασιν
3231 4924 3246 4948 ,
3299 4885 3402 4936 ούκ
3432 4883 3570 4954 ἔχων
3599 4882 3839 4947 καθάπερ

2269 4983 2516 5053 γέφυραν
2550 4982 2688 5052 πρὸς
2710 4981 2800 5034 τὸν
2828 4981 2953 5035 νοῦν
2983 4981 3407 5046 διαϐιϐάζουσαν
3433 4981 3596 5035 αὐτὸν
3634 4980 3712 5034 ἔτι
3751 4978 3840 5046 τὴν

2267 5075 2542 5147 αῐσθησιν,
2590 5074 2930 5129 διαλυθεῖσαν
2957 5074 3060 5146 ἤδη
3089 5074 3225 5146 πρὸς
3257 5074 3354 5146 τὴν
3375 5072 3552 5144 ψυχὴν
3582 5073 3724 5128 κατὰ
3750 5069 3839 5139 τὴν

2269 5170 2475 5242 σχέσιν,
2509 5169 2602 5223 καὶ
2629 5170 2740 5232 τοῖς
2767 5168 3046 5239 αἰσθητοῖς
3073 5168 3535 5238 ἐναπορῤιφεῖσαν
3559 5164 3837 5231 θεάμασιν,

2266 5256 2342 5316 ῶν
2368 5260 2561 5324 διαδάς
2584 5260 2684 5330 τὴν
2712 5260 2899 5330 σχέσιν
2928 5259 3024 5312 καὶ
3048 5259 3150 5330 τὴν
3171 5257 3333 5328 φύσιν
3358 5258 3387 5310 ὁ
3405 5256 3549 5321 νοῦς,
3574 5253 3841 5314 παντελῶς

2257 5356 2366 5409 ὀὐκ
2396 5354 2730 5409 αἰσθάνεται.

2261 5535 2396 5590 Male
2420 5548 2538 5588 rem
2578 5531 2741 5587 Picus
2767 5528 3047 5599 exprimit,
3074 5528 3350 5584 Creaturw
3366 5526 3618 5599 inservire
3645 5524 3834 5599 nequit,

2262 5606 2364 5659 nisi
2397 5610 2699 5672 praeparato
2720 5594 2868 5672 prius
2895 5616 3130 5672 corpore.
3151 5600 3210 5672 in
3243 5599 3472 5667 reliquis
3501 5597 3667 5672 etiam
3702 5594 3842 5672 labo-

2262 5683 2348 5729 rat
2397 5662 2580 5735 Picus,
2631 5662 2734 5727 nec
2778 5671 2921 5726 altos
2961 5662 3178 5725 Maximi
3212 5662 3410 5724 sensus
3451 5666 3669 5736 assequi
3712 5662 3830 5718 satis

2262 5751 2465 5815 potest,
2495 5751 2590 5798 aut
2624 5741 2877 5796 reddere.
