4060 6322
209 424 364 492 1201

939 421 1275 483 CAPITUM
1310 423 1732 496 QUINQUIES
1763 419 2284 484 CENTENORUM
2323 417 2712 480 CENTURIA
2747 415 2800 475 Ι.

3339 404 3478 476 1202

305 543 405 607 νη⁹.
444 533 708 604 Καθάπερ
735 533 763 585 ό
786 531 943 600 λόγος
971 531 1190 604 κρατῶν
1215 531 1324 585 τῶν
1351 531 1540 587 παθῶν
1557 571 1572 596 ,
1609 531 1822 602 ἀρετῆς,

1979 530 2068 585 58.
2124 526 2595 596 Quemadmodum
2648 525 2791 578 ratio
2831 520 3118 578 affectibus
3161 521 3474 589 dominans,

215 627 460 697 ὖργανον
503 628 738 678 ποιεῖται
778 623 878 687 τὰς
906 624 1188 694 αἰσθήσεις
1211 640 1226 655 ο
1262 622 1404 677 οὕτω
1434 623 1529 676 καὶ
1556 623 1627 677 τά
1658 623 1805 694 πάθη

220 717 540 789 κρατοῦντα
569 716 663 770 τοῦ
695 716 885 784 λόγου,
945 713 1211 786 μορφοῦσι
1238 713 1336 779 τὰς
1361 715 1638 786 αἰσθήσεις
1671 713 1808 784 πρὸς

220 807 526 877 ἁμαρτίαν.
587 806 694 859 Καὶ
739 806 844 876 χρὴ
894 805 1172 874 νηφόντως
1221 807 1443 859 σκοπεῖν
1477 821 1535 857 τε
1580 805 1674 857 καὶ
1712 821 1806 874 με·

221 897 391 968 λετᾷν
417 937 432 963 ,
488 896 607 960 πῶς
652 899 684 966 ἡ
731 895 876 966 ψυχὴ
923 895 1021 966 τὴν
1055 896 1226 966 καλὴν
1266 896 1553 966 ποιήσεται
1581 895 1809 959 δεόντως

218 989 614 1058 ἀντιστροφὴν,
645 991 760 1048 τοῖς
781 987 846 1040 δι’
865 980 938 1040 ὧν
961 987 1021 1039 τὸ
1043 988 1170 1058 πρὶν
1193 987 1526 1058 ὲπλημμέλει
1550 988 1806 1060 χρωμένη

224 1079 376 1150 ’πρὸς
401 1070 634 1147 γένεσιν
651 1078 861 1149 ἀρετῶν
895 1079 988 1132 καὶ
1016 1079 1329 1133 ὑπόστασιν.

306 1253 404 1306 νθν.
438 1252 512 1306 Τὸ
539 1254 694 1320 ἀγιον
719 1252 1072 1322 Εὐαγγέλιον,
1101 1254 1369 1324 σαρκικῆς
1391 1255 1488 1324 μὲν
1509 1255 1809 1325 εἰσηγεῖται

228 1344 382 1414 ζωῆς
411 1345 658 1414 ἄρνησιν,
696 1345 1075 1414 πνευματικῆς
1097 1344 1153 1397 δὲ
1181 1344 1490 1414 ὁμολογίαν.
1527 1346 1661 1417 Περὶ
1687 1345 1811 1398 τού-

228 1452 345 1488 των
372 1434 429 1487 δὲ
453 1435 598 1501 λέγω
618 1473 634 1500 ,
694 1434 803 1487 τῶν
833 1433 920 1486 ἀεὶ
951 1435 1051 1502 μὲν
1075 1436 1226 1488 ’κατὰ
1255 1435 1346 1488 τὸν
1370 1435 1685 1506 ἄνθρωπον.
1718 1437 1811 1490 λέ-

232 1543 322 1594 γω
351 1525 407 1576 δὲ
438 1527 538 1595 τὴν
565 1525 913 1595 ἀνθρωπίνην
943 1526 1000 1578 ὲν
1027 1530 1193 1597 σαρκὶ
1224 1526 1367 1580 κατά
1390 1527 1480 1579 τὸν
1503 1527 1674 1581 αἰῶνα
1694 1527 1816 1580 τοῦ⁶

232 1633 332 1668 τον
381 1616 553 1684 ζωὴν,
591 1616 1078 1686 ἀποθνησκόντων,
1133 1617 1349 1681 ζώντων
1390 1618 1446 1670 δὲ
1494 1618 1639 1672 κατὰ
1684 1618 1814 1673 Θεὸν

239 1707 392 1776 μόνῳ
438 1705 508 1776 τῷ
551 1706 828 1774 Ιινεύματι
850 1749 865 1772 ,
921 1707 1063 1761 κατὰ
1087 1707 1178 1761 τὸν
1203 1708 1344 1761 θεῖον
1375 1709 1693 1763 Ἀπόστολον
1723 1709 1818 1763 καὶ

1907 619 2130 676 virtutis
2153 633 2418 690 organum
2434 631 2657 673 sensum
2681 613 2881 671 efficit:
2902 613 2982 668 sic
2998 627 3218 682 quoque
3246 611 3477 667 affecth

1909 711 2108 766 rationi
2139 711 2486 766 dominantes
2513 721 2709 762 sensus
2747 703 2816 759 ad
2841 710 3126 774 peccatum
3157 701 3476 757 informant.

1908 804 2087 874 Atque
2121 803 2258 858 adeo
2285 801 2470 858 sobria
2495 809 2679 856 mente
2704 795 3099 854 attendendum
3125 808 3189 848 ac
3221 793 3480 848 conside-

1909 895 2165 959 randum,
2198 907 2437 963 quonam
2464 891 2629 946 modo
2653 890 2872 944 animus
2911 885 3308 941 convenienter
3349 900 3481 938 eon-

1909 985 2219 1040 versionem
2250 982 2496 1038 facturus
2514 980 2618 1046 sit;
2649 979 2852 1050 quibus
2873 977 3084 1048 pridem
3101 974 3452 1043 delinquebat
3472 1003 3488 1026 ο

1910 1073 2026 1129 haec
2049 1074 2116 1128 ad
2145 1071 2416 1142 parandas
2439 1070 2675 1126 virtutes
2693 1081 2895 1138 easque
2920 1061 3306 1120 sustentandas
3326 1059 3481 1114 adbi-

1908 1165 2066 1221 hens.

1981 1260 2069 1313 50.
2104 1256 2366 1312 Sanctum
2412 1250 2794 1323 Evangelium,
2819 1247 2945 1302 vitai
2986 1243 3222 1300 carnalis
3259 1239 3482 1295 abdica-

1911 1348 2142 1411 tionem,
2190 1360 2254 1399 ac
2281 1342 2545 1414 spiritalis
2572 1339 2972 1411 professionem
3011 1334 3196 1389 docet.
3228 1329 3386 1397 Quod
3414 1329 3484 1385 ad

1913 1439 2057 1502 illos,
2085 1439 2329 1506 inquam,
2361 1433 2579 1498 attinet,
2611 1431 2706 1502 qui
2729 1427 3031 1490 secundum
3056 1425 3338 1479 hominem
3361 1422 3488 1494 (hu-

1914 1543 2130 1585 manam
2170 1525 2380 1582 scilicet
2418 1525 2473 1578 in
2511 1537 2677 1578 carne
2706 1535 2806 1591 pro
2836 1519 3002 1589 hujus
3029 1514 3215 1571 saeculi
3251 1528 3375 1577 usu,
3399 1510 3483 1564 vi-

1916 1619 2048 1690 tam)
2087 1633 2304 1687 semper
2350 1613 2663 1669 moriuntur
2683 1613 2752 1676 ",
2783 1609 3010 1678 soloque
3047 1604 3247 1676 spiritu
3291 1617 3489 1657 secun-

1917 1713 2048 1767 dum
2071 1711 2242 1764 Deum
2271 1707 2486 1770 vivunt,
2520 1702 2667 1759 haud
2685 1716 2847 1758 secus
2873 1714 2938 1755 ac
2956 1697 3176 1777 divinus
3195 1693 3490 1764 Apostolus

234 1797 370 1860 τοὺς
402 1797 537 1868 ἀμφ’
558 1797 719 1851 αὐτὸν
742 1796 846 1869 (n),
899 1800 1027 1862 τοὺς
1051 1797 1259 1862 ζῶντας
1285 1800 1384 1870 μὲν
1406 1799 1656 1870 οὐδαμῶς
1680 1800 1817 1856 ἰδίαν

1931 1816 1986 1856 ac
2018 1800 2113 1870 qui
2143 1796 2332 1852 afﬁnes
2357 1796 2506 1863 illius
2533 1800 2691 1859 sunt;
2717 1791 2810 1862 qui
2841 1788 3048 1851 vivant,
3075 1801 3186 1841 non
3205 1786 3316 1856 jam
3354 1800 3488 1854 pro-

234 1895 390 1965 ζωὴν
413 1936 428 1960 ,
485 1894 664 1959 ζῶντα
687 1894 744 1948 δὲ
775 1895 866 1948 τὸν
891 1895 1124 1964 Χριστὸν
1155 1897 1212 1948 ὲν
1239 1896 1449 1959 ἑαυτοῖς
1476 1896 1617 1950 κατά
1649 1896 1818 1968 μόνην

1931 1892 2092 1962 ρι’ἰοηι
2126 1889 2329 1952 vitam,
2374 1885 2470 1941 sed
2523 1883 2806 1938 viventem
2847 1880 2904 1934 in
2954 1894 3011 1932 se
3040 1876 3319 1933 Christum
3373 1873 3491 1928 solo

232 1985 468 2054 ἔχοντας
518 1987 616 2055 τὴν
656 1983 854 2056 ψυχήν.
917 1985 1103 2050 Οὕτως
1145 1987 1195 2040 οἰ
1237 1986 1325 2040 διὰ
1364 1987 1454 2040 τὸν
1484 1987 1619 2040 Θεὸν
1651 1989 1710 2041 ὲν
1740 1987 1818 2057 τῷ

233 2076 400 2128 αἰῶνι
433 2075 606 2145 τούτῳ
644 2077 829 2146 νεκροὶ
861 2079 1024 2147 σαρκὶ
1049 2117 1062 2139 .
1120 2078 1398 2148 κρίνονται
1425 2117 1439 2141 ,
1491 2077 1698 2148 θλίψεις
1728 2077 1819 2134 καὶ

240 2165 516 2235 βασάνους
560 2167 760 2230 πολλὰς
799 2169 894 2222 καὶ
925 2169 1284 2239 στενοχωρίας
1325 2169 1559 2239 ἔχοντες,
1602 2171 1696 2224 καὶ
1738 2171 1819 2223 δι-

239 2259 489 2338 ωγμοὺς,
516 2259 608 2312 καὶ
628 2259 798 2329 μυρία
830 2261 1154 2331 πειρασμῶν
1179 2261 1294 2330 εἴδη
1327 2261 1464 2332 μετά
1484 2261 1660 2332 χαρᾶς
1687 2262 1820 2315 ὑπο-

248 2338 524 2416 μένοντες.

320 2442 382 2506 ξ’.
435 2445 551 2496 Πᾶν
585 2444 755 2508 πάθος
795 2443 934 2497 κατά
972 2444 1289 2515 συμπλοκὴν
1321 2443 1535 2507 πάντως
1564 2445 1820 2515 αἰσθητοῦ

245 2548 392 2595 τινος
424 2533 518 2585 καὶ
545 2535 847 2604 αἰσθήσεως
868 2577 883 2598 ,
933 2535 1027 2588 καὶ
1062 2535 1295 2603 φυσικῆς
1322 2536 1620 2605 δυνάμεως,
1650 2535 1823 2606 θυμοῦ

247 2621 392 2689 λέγω
419 2624 581 2692 τυχὸν
605 2663 619 2686 ,
673 2624 706 2694 ἢ
733 2624 1027 2694 ἐπιθυμίας
1121 2623 1154 2694 ἢ
1194 2623 1351 2691 λόγου
1377 2612 1825 2694 παρατραπὲντος

248 2711 345 2764 τοῦ
388 2715 530 2767 κατὰ
576 2714 757 2783 φύσιν,
817 2715 1151 2768 συνίσταται.
1199 2713 1325 2766 Ἐὰν
1352 2710 1445 2767 οὖν
1474 2715 1536 2766 τὸ
1564 2714 1700 2784 πρὸς
1728 2714 1826 2768 ἄλ-

250 2801 389 2870 ληλα
417 2803 558 2857 κατά
590 2804 839 2858 σύνθεσιν
861 2804 1013 2868 τέλος
1036 2842 1050 2866 ,
1098 2803 1194 2857 τοῦ
1226 2820 1284 2856 τε
1325 2802 1582 2874 αἰσθητοῦ
1609 2803 1702 2857 καὶ
1728 2805 1827 2876 τῆς

253 2891 582 2962 αἰσθήσεως,
613 2893 707 2946 καὶ
736 2895 835 2964 τῆς
863 2895 952 2946 ἐπ’
972 2895 1110 2964 αὐτῇ
1140 2893 1375 2963 φυσικῆς
1398 2893 1679 2964 δυνάμεως
1704 2892 1830 2946 θεω-

255 2980 431 3050 ρήσας
459 2984 486 3034 ό
515 2982 637 3045 νοῦς
656 3023 670 3046 ,
727 2983 928 3054 δυνηθῇ
963 2983 1098 3054 πρὸς
1127 2983 1218 3035 τὸν
1240 2984 1438 3035 οἰκεῖον
1462 2981 1622 3051 φύσει
1647 2982 1827 3049 λόγον,

255 3069 463 3124 τούτων
517 3073 751 3126 ἕκαστον
795 3074 1081 3144 διακρίνας
1123 3074 1509 3142 ἐπαναγαγεῖν,
1566 3075 1662 3128 καὶ
1691 3072 1828 3126 θεω-

1917 1983 2101 2038 animo
2126 1979 2438 2035 habeant".
2456 1976 2516 2030 In
2531 1989 2658 2029 eum
2682 1972 2906 2027 modum
2921 1969 3240 2042 iudicantur
3252 1958 3488 2031 carne",

1918 2071 2013 2142 qui
2058 2077 2286 2140 propter
2336 2067 2510 2120 Deum
2567 2063 2624 2117 in
2670 2061 2776 2116 hoc
2820 2058 3021 2114 saeculo
3080 2054 3286 2111 mortui
3339 2062 3488 2119 sunt,

1917 2175 2194 2218 aerumnas
2215 2158 2415 2212 multas
2439 2165 2497 2211 et
2525 2153 2802 2210 cruciatus
2838 2165 2902 2204 ac
2945 2146 3362 2218 persecutiones
3392 2143 3492 2196 ha-

1920 2255 2155 2318 bentes,
2212 2251 2616 2316 innumeraque
2674 2241 3038 2300 tentationum
3098 2252 3297 2309 genera
3365 2247 3500 2290 cum

1918 2345 2119 2419 gaudio
2145 2343 2502 2398 sustinentes.

1994 2437 2084 2492 60.
2136 2434 2382 2489 Affectus
2426 2429 2646 2492 omnis,
2682 2441 2778 2482 seu
2831 2422 3013 2494 passio
3059 2428 3224 2489 atque
3276 2417 3493 2481 vitium,

1923 2527 2148 2584 omnino
2175 2541 2242 2580 ex
2274 2521 2558 2590 complexu
2593 2517 2669 2571 rei
2707 2515 2939 2584 alicujus
2959 2512 3016 2566 in
3039 2524 3262 2565 sensum
3293 2507 3496 2563 caden-

1926 2621 2018 2685 tis,
2066 2627 2396 2685 scnsusque,
2431 2625 2515 2666 ac.
2548 2605 2710 2678 52h
2747 2602 3014 2659 naturalis
3043 2599 3320 2655 facultatis
3365 2597 3500 2668 (ira:

1926 2721 2058 2784 puta
2101 2716 2194 2762 aut
2233 2700 2570 2774 cupiditatis,
2601 2706 2696 2753 aut
2730 2693 2961 2750 rationis
3006 2692 3076 2747 ab
3116 2705 3183 2746 eo
3228 2702 3501 2762 perversa:

1928 2779 2074 2872 quod
2101 2806 2270 2854 estex
2296 2790 2510 2864 natura)
2543 2787 2847 2857 consurgit.
2879 2784 3032 2839 Mens
3065 2782 3269 2853 igitur,
3301 2779 3500 2834 horum

1933 2893 2079 2947 inter
2128 2904 2187 2944 se
2240 2884 2542 2941 secundum
2597 2876 3048 2950 compositionem
3089 2873 3335 2941 dispecto
3396 2867 3503 2922 fine

1932 2983 2072 3056 (tum
2115 2977 2327 3033 scilicet
2374 2973 2454 3028 rei
2483 2985 2606 3042 quae
2643 2981 2863 3024 sensum
2900 2969 3118 3026 movet,
3173 2968 3288 3014 tum
3332 2959 3505 3028 ipsius

1931 3049 2146 3134 sensus,
2169 3077 2281 3122 tum
2296 3065 2534 3133 denique
2563 3059 2827 3116 naturalis
2850 3057 2905 3111 in
2929 3071 2996 3109 eo
3027 3049 3348 3120 facultatis),
3373 3049 3504 3101 dum

261 3161 426 3230 ρῆσαι
460 3161 582 3214 καθ’
609 3164 769 3216 ἑαυτὸ
802 3164 862 3217 τὸ
890 3140 1144 3234 αίσθητὺν
1166 3205 1182 3229 ,
1237 3163 1368 3217 ἀνευ
1388 3140 1500 3234 *τῆς
1533 3165 1668 3236 πρὸς
1698 3163 1828 3218 αὐτὸ

1935 3163 2146 3234 singula
2166 3158 2445 3214 subtiliter
2474 3155 2816 3215 discernens,
2845 3149 2902 3203 in
2939 3145 3214 3218 propriam
3249 3140 3506 3212 quodque

258 3251 360 3321 τῆς
407 3252 708 3322 αἰσθήσεως
752 3255 1020 3326 σχέσεως,
1068 3256 1163 3308 καὶ¹
1191 3257 1291 3326 τὴν
1313 3256 1564 3327 αἴσθησιν
1587 3256 1710 3326 δίχα
1735 3257 1834 3324 τῆς

259 3342 355 3395 τοῦ
385 3342 642 3413 αἰσθητοῦ
677 3346 814 3416 πρὸς
844 3346 1009 3416 αὐτὴν
1039 3349 1370 3418 οἰκειότητος
1395 3363 1408 3376 ’
1467 3347 1562 3402 καὶ
1590 3346 1688 3418 τὴν
1718 3347 1836 3399 ἑπι-

261 3434 464 3504 θυμίαν
511 3437 642 3508 φέρε
689 3440 863 3490 εἰπεῖν
883 3477 898 3503 ,
959 3439 993 3508 ἢ
1031 3438 1196 3510 ἄλλην
1227 3440 1350 3494 τινὰ
1377 3438 1484 3492 τῶν
1512 3438 1654 3492 κατά
1675 3437 1836 3506 φύσιν

259 3526 543 3596 δυνάμεων
593 3529 760 3598 χωρὶς
812 3530 911 3600 τῆς
955 3530 1232 3600 ὲμπαθοῦς
1268 3529 1619 3600 ὲπάίσθήσει
1647 3545 1706 3582 τε
1743 3529 1838 3583 καὶ

262 3615 506 3684 αἰσθητῷ
550 3616 839 3680 διαθέσεως
864 3634 878 3649 ⁸
940 3617 1016 3680 ὡς
1063 3621 1097 3688 ἡ
1143 3619 1236 3672 τοῦ
1268 3619 1472 3681 πάθους
1499 3618 1630 3670 ποιά
1659 3634 1838 3688 παρα-

266 3708 518 3770 σκευάζει
550 3707 648 3776 τὴν
677 3707 913 3778 θεωρίαν
949 3708 1194 3776 γίνεσθαι
1223 3709 1433 3777 κίνησις
1457 3749 1472 3774 ,
1527 3708 1838 3760 διεσκέδασε

265 3797 360 3849 καὶ
409 3796 702 3862 ὲλέπτυνε,
728 3839 731 3844 .
759 3798 900 3875 κα-τά
937 3797 1029 3850 τὸν
1055 3795 1221 3850 πάλαι
1250 3797 1344 3849 τοῦ
1374 3797 1589 3868 Ἰσραὴλ
1616 3795 1835 3864 μόσχον,

264 3885 358 3938 τοῦ
401 3886 711 3956 οίουδήποτε
758 3887 1142 3957 συμϐαίνοντος
1196 3887 1401 3947 πάθους
1433 3885 1532 3955 τὴν
1557 3884 1835 3950 σύστασιν,

269 3977 364 4029 καὶ
414 3977 518 4028 ὑπὸ
561 3976 622 4030 τδ
669 3975 814 4045 ὕδωρ
843 3977 945 4045 τῆς
973 3976 1222 4045 γνώσεως
1251 3976 1521 4046 ἔσπειρεν,
1575 3974 1841 4043 ἀφανίσας

269 4065 546 4130 παντελῶς
576 4065 668 4118 καὶ
685 4066 851 4137 αὐτὴν
874 4067 982 4119 τῶν
1006 4065 1190 4119 παθῶν
1210 4067 1309 4135 τὴν
1329 4065 1488 4137 ψιλὴν
1513 4063 1839 4133 φαντασίαν,

271 4159 360 4214 διὰ
387 4163 483 4232 τῆς
501 4160 635 4232 πρὶς
664 4161 831 4214 ἑαυτά
857 4160 966 4214 τῶν
991 4157 1395 4214 ἀποτελούντων
1423 4158 1554 4214 αὐτὸ
1578 4156 1719 4211 κατὰ
1743 4155 1843 4226 φύ-

276 4264 358 4303 σιν
389 4249 724 4320 πραγμάτων
750 4247 1264 4316 ἀποκαταστάσεως.

1935 3231 2129 3309 natura
2187 3250 2455 3305 rationem
2504 3245 2771 3300 reducere
2817 3238 3100 3310 potuerit:
3134 3249 3249 3289 rem
3298 3231 3510 3287 scilicet

1935 3359 2056 3414 qua:
2080 3353 2304 3398 sensum
2342 3342 2549 3399 movet,
2578 3332 2750 3403 ipsam
2782 3344 2881 3399 per
2908 3343 2966 3382 se
2995 3325 3202 3394 absque
3229 3334 3424 3376 sensus
3452 3318 3508 3371 in

1935 3409 2544 3492 eam'necessitudine;
2601 3438 2665 3478 ac
2697 3418 3081 3491 cupiditatem,
3108 3413 3262 3469 verbi
3299 3409 3470 3482 gratia
3491 3447 3508 3472 ,

1936 3537 2032 3577 seu
2061 3520 2222 3574 aliam
2244 3514 2536 3587 quamdam
2573 3505 2910 3564 naturalium
2942 3502 3261 3558 facultatum
3302 3497 3511 3566 absque

1935 3609 2232 3668 libidinosa
2287 3605 2345 3659 in
2390 3617 2610 3658 sensum
2662 3610 2887 3664 remque
2936 3605 3160 3648 sensum
3201 3595 3512 3643 moventem

1938 3700 2105 3755 animi
2131 3695 2423 3752 affectione
2467 3690 2704 3762 (qualem
2742 3686 2868 3741 talis
2905 3683 3153 3753 quaedam
3196 3679 3426 3735 affectus
3449 3693 3515 3732 ac

1937 3787 2185 3844 libidinis
2237 3784 2408 3838 motio
2478 3780 2618 3835 solet
2665 3783 2926 3846 prmstare
2979 3769 3512 3834 considerationem)

1939 3880 2032 3934 hic
2061 3874 2347 3944 dissipavit
2383 3886 2446 3925 ac
2470 3865 2817 3927 comminuit,
2844 3863 2998 3917 velut
3032 3859 3269 3914 senioris
3297 3857 3517 3911 lsraelis

1939 3969 2174 4025 vitulum
2191 3966 2259 4028 “,
2291 3962 2524 4017 affectus
2563 3956 2866 4027 eujuslibet
2894 3969 2990 4008 seu
3015 3950 3134 4005 vitii
3159 3964 3222 4004 ac
3244 3945 3516 4018 passionis

1940 4062 2119 4117 labem
2152 4064 2317 4126 atque
2352 4068 2491 4117 rem,
2533 4049 2746 4117 subque
2776 4045 3018 4101 scientiae
3041 4057 3179 4112 aqua
3203 4039 3513 4100 seminavit;

1941 4154 2057 4225 ipsa
2085 4163 2305 4222 quoque
2339 4144 2486 4200 nuda
2519 4155 2746 4213 prorsus
2773 4137 3067 4193 affectuum
3115 4131 3516 4199 libidinumque

1941 4223 2273 4316 cogitatione
2293 4235 2515 4302 abolita,
2541 4248 2605 4308 ea
2630 4230 2863 4292 ratione,
2881 4225 3028 4298 quod
3055 4223 3267 4294 singula
3285 4233 3515 4291 quaeque
3551 4245 3554 4248 ~

1943 4339 2061 4392 htec
2086 4330 2396 4394 efficientia,
2428 4323 2731 4384 secundum
2753 4328 3006 4376 naturam
3027 4316 3095 4372 ad
3113 4315 3290 4384 seipsa
3310 4309 3518 4366 fuerint

1945 4432 2201 4484 revocata
2226 4421 2444 4490 sibique
2474 4413 2709 4473 reddita.

341 4517 444 4584 52'.
490 4516 549 4570 '0
576 4515 791 4580 πολλοῖς
820 4515 1255 4588 πλημμελήμασι
1287 4514 1396 4567 τῶν
1425 4514 1489 4567 ὲκ
1513 4513 1612 4584 τῆς
1642 4512 1828 4585 σαρκὸς

2015 4518 2105 4575 οι.
2139 4515 2264 4570 Vita
2297 4489 2486 4566 multis
2535 4504 2754 4562 delictis
2796 4518 2865 4558 ex
2917 4498 3100 4556 carnis
3131 4489 3519 4552 affectionibus

275 4612 614 4682 παθημάτων
644 4610 1074 4683 κεκηλιδωμένος
1103 4610 1217 4681 βίος
1240 4649 1256 4675 ,
1319 4608 1484 4681 χιτών
1511 4609 1662 4661 ἐστιν
1686 4610 1842 4661 ἐσπι-

274 4704 532 4774 λωμένος.
576 4704 664 4768 Ὠς
717 4703 782 4758 ἐκ
810 4721 954 4768 τινος
989 4703 1098 4773 γὰρ
1138 4701 1433 4772 ἐνδύματος
1458 4701 1558 4770 τῆς
1587 4699 1726 4754 κατά
1751 4698 1844 4752 τὸν

278 4796 391 4866 βίον
437 4797 784 4867 ἀναστροφῆς
809 4835 824 4859 ,
882 4797 1112 4858 ἕκαστος
1155 4793 1263 4848 τῶν
1297 4791 1600 4862 ἀνθρώπων
1628 4790 1843 4860 διαφαί-

276 4888 461 4942 νεσοαι
511 4889 774 4958 πέφυκεν,
825 4889 934 4943 εἶτε
983 4889 1208 4952 δίκαιος,
1245 4888 1354 4940 εἴτε
1384 4887 1602 4949 ἄδικος·
1666 4887 1696 4939 ὁ
1723 4885 1841 4956 μὲν,

277 4978 480 5047 χιτῶνα
535 4979 773 5050 καθαρὸν
828 4980 986 5050 ἔχων,
1046 4978 1138 5033 τὸν
1181 4978 1434 5048 ἐνάρετον
1479 4975 1632 5047 βίον·
1690 4974 1720 5028 ό
1762 4975 1842 5041 δὲ,

278 5071 535 5141 πονηροῖς
562 5071 941 5142 ὲσπιλωμένην
965 5070 1145 5141 ἔργοις
1171 5070 1270 5140 τὴν
1310 5067 1456 5138 ζωὴν
1486 5065 1840 5137 κεκτημένος.

280 5160 352 5213 Ἦ
383 5159 604 5230 μᾶλλον,
640 5162 1012 5233 ὲσπιλωμένος
1037 5160 1144 5216 ἀπὸ
1168 5162 1267 5231 τῆς
1291 5158 1488 5230 σαρκός
1512 5158 1630 5210 ἐστι
1652 5155 1842 5227 χιτὼν,

277 5249 311 5320 ἡ
346 5247 489 5302 κατά
537 5251 840 5315 συνείδησιν
886 5250 1169 5322 μορφοῦσα
1225 5247 1314 5302 διὰ
1348 5246 1451 5316 τῆς
1482 5245 1703 5317 μνήμης
1738 5245 1845 5298 τῶν

1949 4626 2048 4668 seu
2075 4603 2425 4679 passionibus
2447 4595 2863 4658 commaculata,
2885 4590 3072 4646 tunica
3087 4595 3172 4642 est
3193 4585 3418 4642 sordida
3456 4598 3519 4636 ac

1948 4677 2234 4770 inqu—inata
2255 4696 2322 4750 ’⁸.
2363 4691 2530 4749 Velut
2550 4687 2699 4745 enim
2723 4700 2790 4740 ex
2819 4681 3056 4753 quodam
3083 4677 3428 4738 indumento,
3453 4688 3520 4726 ex

1949 4793 2076 4848 vita:
2125 4785 2550 4845 conversatione
2603 4779 2841 4850 quisque
2882 4773 3166 4829 hominum
3203 4779 3265 4824 ut
3305 4766 3522 4821 eluceat

1949 4885 2302 4950 comparatus
2330 4882 2436 4937 est,
2465 4870 2580 4926 sive
2605 4868 2810 4939 justus,
2839 4862 2954 4918 sive
2980 4859 3201 4927 iniquus
3228 4861 3314 4909 est
3342 4870 3356 4906 :
3382 4851 3520 4905 alter

1949 4939 2195 5043 quidem,
2226 4963 2487 5020 mundam
2517 4957 2758 5014 tunicam
2783 4952 3014 5016 habens,
3036 4947 3203 5000 vitam
3223 4939 3524 4996 virtutibus

1948 5034 2229 5123 ornatam;
2264 5056 2403 5110 alter
2439 5065 2604 5112 vero,
2638 5046 2808 5102 vitam
2855 5040 3040 5114 pravis
3085 5034 3346 5106 operibus
3391 5044 3524 5084 con-

1949 5119 2279 5222 spurcatam.
2309 5142 2406 5199 Vel
2428 5139 2634 5212 potius,
2663 5134 2848 5190 tunica
2867 5129 3050 5187 carnis
3071 5119 3526 5188 sordibusinqui—

1949 5210 2099 5306 n-ata,
2125 5238 2352 5294 habitus
2379 5210 2747 5300 est_certaqne
2771 5221 3083 5293 dispositio,
3120 5233 3186 5273 ex
3215 5210 3522 5284 carnalium

351 5403 397 5436 “
425 5404 448 5459 ι
474 5402 604 5461 Cor.
638 5419 728 5469 xv,
755 5402 844 5460 5i.
919 5403 964 5434 ²²
991 5400 1165 5457 Galat.
1195 5417 1254 5467 ιι,
1278 5399 1369 5454 20.
1444 5401 1491 5434 ’³
1523 5399 1544 5454 ι
1578 5397 1724 5453 Petr.
1749 5411 1823 5461 ιγ,

1981 5391 2026 5423 ³⁸
2053 5387 2227 5446 Exod.
2252 5402 2419 5450 χχιιι,
2446 5382 2538 5440 20.
2612 5381 2660 5412 ’³
2687 5375 2842 5436 Iudae
2863 5373 2953 5428 2'5.

354 5541 434 5614 (η)
476 5542 646 5614 κατὰ
672 5538 778 5614 τὸν
824 5539 1390 5614 θεῖον-Ἀπόστοειοη
1417 5535 1519 5614 καὶ
1551 5533 1859 5614 τοῷςνιίμνςρν

1955 5529 2120 5584 etiam
2145 5527 2212 5581 de
2238 5526 2358 5595 ipso
2387 5532 2442 5579 et
2469 5523 2525 5596 iu
2556 5534 2653 5596 sua
2689 5527 2921 5596 persona
2958 5503 3122 5596 dlicta)
3149 5505 3372 5596 virique
3402 5517 3526 5596 eum

379 5576 409 5596 η
476 5576 635 5595 ..μευ
675 5576 764 5595 ιν,
824 5576 971 5595 νων,
1013 5576 1355 5594 ηαυυυιυην,
1421 5576 1515 5589 η.-.
1553 5576 1650 5588 ,νυ
1714 5576 1752 5588 .,
1958 5576 2120 5584 ---_---
2150 5576 2210 5581 η
2238 5576 2252 5579 -
2392 5576 2437 5579 __
2471 5576 2476 5577 ,

285 5576 492 5666 ab‘tcir.
531 5612 598 5666 Et
635 5612 724 5665 hic
753 5612 912 5680 longe
955 5610 1204 5672 aberrat,
1237 5577 1390 5662 dum,
1415 5607 1488 5661 ita
1537 5576 1860 5680 redditflfx
1957 5599 2051 5653 illo
2077 5576 2360 5668 apostolici
2385 5611 2449 5650 ac
2472 5591 2584 5647 divi
2622 5576 2823 5680 quibus
2874 5582 2954 5636 sic
2980 5576 3388 5680 Christusvita
3427 5576 3521 5680 sit.

1960 5671 2016 5680 -.ι
2096 5677 2105 5680 -
2174 5669 2187 5680 ο
2339 5673 2350 5680 .
2391 5665 2402 5678 σ
2448 5665 2487 5680 0,
2560 5677 2572 5680 -
2599 5678 2607 5680 _
2640 5674 2684 5680 Α.
2713 5663 2928 5680 ..-ιΙηκΛι
2963 5667 3034 5680 una
3085 5663 3138 5680 In
3167 5663 3217 5680 In
3251 5663 3357 5680 Illnl
3397 5660 3444 5680 υΙ
3478 5658 3521 5680 Ill

286 5683 546 5735 sententia
591 5682 755 5736 divini
785 5671 1022 5748 Apvostoli
1069 5690 1116 5732 et
1162 5671 1224 5732 ea:
1262 5680 1374 5748 ejus
1407 5685 1693 5748 praecepto.
1725 5672 1860 5748 Cum
1960 5671 2000 5725 Ρ

2006 5643 2931 5738 ἷξέὶνέίἷῖἶίτῖνὶοἶεείξιιιιιοιειτᾳ
2963 5648 3057 5707 sed
3085 5647 3140 5701 in
3167 5645 3357 5702 vitium
3397 5643 3535 5697 vitio

290 5752 381 5810 sit,
409 5751 585 5805 Divini
621 5737 857 5822 Apostofi
892 5749 1238 5822 etisimil’ium
1274 5737 1436 5809 more,
1471 5737 1619 5822 velut
1644 5744 1865 5800 divinus
1963 5737 2127 5810 cogor
2157 5737 2356 5793 alieno.

297 5824 591 5892 Apostolus
649 5817 828 5895 (cujus
868 5821 1068 5877 nedum
1118 5821 1230 5874 haec
1282 5828 1407 5874 sunt
1457 5817 1646 5884 verba,
1672 5828 1865 5869 verum
