  <div class='ocr_page' id='page_1' title='image "/cluster/home/n/w/nwhite01/storage/ocr_20150623/90/mdp.39015022223161/607.png"; bbox 0 0 4122 6320; ppageno 0'>
   <div class='ocr_carea' id='block_1_1' title="bbox 547 308 685 377">
    <p class='ocr_par' dir='ltr' id='par_1_1' title="bbox 547 308 685 377">
     <span class='ocr_line' id='line_1_1' title="bbox 547 308 685 377; baseline 0.007 -3"><span class='ocrx_word' id='word_1_1' title='bbox 547 308 685 377; x_wconf 72' lang='lat'><strong>120.3</strong></span> 
     </span>
    </p>
   </div>
   <div class='ocr_carea' id='block_1_2' title="bbox 1711 304 2650 381">
    <p class='ocr_par' dir='ltr' id='par_1_2' title="bbox 1711 304 2650 381">
     <span class='ocr_line' id='line_1_2' title="bbox 1711 304 2650 381; baseline 0.002 -15"><span class='ocrx_word' id='word_1_2' title='bbox 1711 304 1772 366; x_wconf 91' lang='lat' dir='ltr'><strong>s.</strong></span> <span class='ocrx_word' id='word_1_3' title='bbox 1812 305 2650 381; x_wconf 15' lang='lat' dir='ltr'><strong>MAXIMIICONFESSORIS</strong></span> 
     </span>
    </p>
   </div>
   <div class='ocr_carea' id='block_1_3' title="bbox 3651 301 3800 369">
    <p class='ocr_par' dir='ltr' id='par_1_3' title="bbox 3651 301 3800 369">
     <span class='ocr_line' id='line_1_3' title="bbox 3651 301 3800 369; baseline 0 0"><span class='ocrx_word' id='word_1_4' title='bbox 3651 301 3800 369; x_wconf 66' lang='lat'><strong>1304</strong></span> 
     </span>
    </p>
   </div>
   <div class='ocr_carea' id='block_1_4' title="bbox 545 412 2120 499">
    <p class='ocr_par' dir='ltr' id='par_1_4' title="bbox 545 414 2115 499">
     <span class='ocr_line' id='line_1_4' title="bbox 545 414 2115 499; baseline -0.006 -22"><span class='ocrx_word' id='word_1_5' title='bbox 545 434 836 499; x_wconf 57' lang='lat' dir='ltr'><strong>pravorum</strong></span> <span class='ocrx_word' id='word_1_6' title='bbox 871 427 1118 473; x_wconf 89' lang='lat' dir='ltr'><strong>motuum</strong></span> <span class='ocrx_word' id='word_1_7' title='bbox 1165 423 1328 485; x_wconf 90' lang='lat' dir='ltr'><strong>atque</strong></span> <span class='ocrx_word' id='word_1_8' title='bbox 1381 429 1607 485; x_wconf 85' lang='lat' dir='ltr'><strong>operum</strong></span> <span class='ocrx_word' id='word_1_9' title='bbox 1659 415 1945 480; x_wconf 87' lang='lat' dir='ltr'><strong>memoria,</strong></span> <span class='ocrx_word' id='word_1_10' title='bbox 1993 414 2115 469; x_wconf 89' lang='lat' dir='ltr'><strong>ani-</strong></span> 
     </span>
    </p>
   </div>
   <div class='ocr_carea' id='block_1_5' title="bbox 2223 412 3803 499">
    <p class='ocr_par' dir='ltr' id='par_1_5' title="bbox 2223 412 3803 499">
     <span class='ocr_line' id='line_1_5' title="bbox 2223 412 3803 499; baseline -0.001 -30"><span class='ocrx_word' id='word_1_11' title='bbox 2223 417 2283 470; x_wconf 79' lang='grc' dir='ltr'>ἐκ</span> <span class='ocrx_word' id='word_1_12' title='bbox 2329 417 2429 488; x_wconf 82' lang='grc' dir='ltr'><strong>τῆς</strong></span> <span class='ocrx_word' id='word_1_13' title='bbox 2467 415 2667 499; x_wconf 80' lang='grc' dir='ltr'>σαρκὸς</span> <span class='ocrx_word' id='word_1_14' title='bbox 2714 413 2964 485; x_wconf 80' lang='grc' dir='ltr'><strong>πονηρῶν</strong></span> <span class='ocrx_word' id='word_1_15' title='bbox 2993 414 3312 485; x_wconf 76' lang='grc' dir='ltr'><strong>κινημάτων</strong></span> <span class='ocrx_word' id='word_1_16' title='bbox 3340 430 3401 467; x_wconf 87' lang='grc' dir='ltr'><strong>τε</strong></span> <span class='ocrx_word' id='word_1_17' title='bbox 3450 412 3546 468; x_wconf 74' lang='grc' dir='ltr'>καὶ</span> <span class='ocrx_word' id='word_1_18' title='bbox 3569 414 3803 486; x_wconf 62' lang='grc' dir='ltr'>ἐνεργη-</span> 
     </span>
    </p>
   </div>
   <div class='ocr_carea' id='block_1_6' title="bbox 545 504 2111 576">
    <p class='ocr_par' dir='ltr' id='par_1_6' title="bbox 545 504 2111 576">
     <span class='ocr_line' id='line_1_6' title="bbox 545 504 2111 576; baseline -0.004 -9"><span class='ocrx_word' id='word_1_19' title='bbox 545 528 696 567; x_wconf 87' lang='lat' dir='ltr'><strong>mum</strong></span> <span class='ocrx_word' id='word_1_20' title='bbox 741 506 1045 566; x_wconf 88' lang='lat' dir='ltr'><strong>secundum</strong></span> <span class='ocrx_word' id='word_1_21' title='bbox 1073 505 1468 561; x_wconf 77' lang='lat' dir='ltr'><strong>conscientiam</strong></span> <span class='ocrx_word' id='word_1_22' title='bbox 1516 504 1792 573; x_wconf 80' lang='lat' dir='ltr'><strong>formans;</strong></span> <span class='ocrx_word' id='word_1_23' title='bbox 1842 520 2007 576; x_wconf 86' lang='lat' dir='ltr'><strong>quam</strong></span> <span class='ocrx_word' id='word_1_24' title='bbox 2062 505 2111 560; x_wconf 88' lang='lat' dir='ltr'><strong>is</strong></span> 
     </span>
    </p>
   </div>
   <div class='ocr_carea' id='block_1_7' title="bbox 545 596 2107 670">
    <p class='ocr_par' dir='ltr' id='par_1_7' title="bbox 545 596 2107 670">
     <span class='ocr_line' id='line_1_7' title="bbox 545 596 2107 670; baseline -0.007 -10"><span class='ocrx_word' id='word_1_25' title='bbox 545 604 696 660; x_wconf 86' lang='lat' dir='ltr'><strong>velut</strong></span> <span class='ocrx_word' id='word_1_26' title='bbox 740 600 980 656; x_wconf 91' lang='lat' dir='ltr'><strong>tunicam</strong></span> <span class='ocrx_word' id='word_1_27' title='bbox 1026 598 1133 653; x_wconf 83' lang='lat' dir='ltr'><strong>sibi</strong></span> <span class='ocrx_word' id='word_1_28' title='bbox 1181 598 1521 670; x_wconf 89' lang='lat' dir='ltr'><strong>adjacentem</strong></span> <span class='ocrx_word' id='word_1_29' title='bbox 1572 596 1831 652; x_wconf 78' lang='lat' dir='ltr'><strong>continue</strong></span> <span class='ocrx_word' id='word_1_30' title='bbox 1893 596 2107 665; x_wconf 88' lang='lat' dir='ltr'><strong>videns,</strong></span> 
     </span>
    </p>
   </div>
   <div class='ocr_carea' id='block_1_8' title="bbox 542 687 2112 761">
    <p class='ocr_par' dir='ltr' id='par_1_8' title="bbox 542 687 2112 761">
     <span class='ocr_line' id='line_1_8' title="bbox 542 687 2112 761; baseline -0.004 -10"><span class='ocrx_word' id='word_1_31' title='bbox 542 695 798 751; x_wconf 81' lang='lat' dir='ltr'><strong>vitiorum</strong></span> <span class='ocrx_word' id='word_1_32' title='bbox 825 692 998 747; x_wconf 90' lang='lat' dir='ltr'><strong>fetore</strong></span> <span class='ocrx_word' id='word_1_33' title='bbox 1032 690 1297 761; x_wconf 75' lang='lat' dir='ltr'><strong>repletur.</strong></span> <span class='ocrx_word' id='word_1_34' title='bbox 1332 687 1803 755; x_wconf 83' lang='lat' dir='ltr'><strong>Quemadmodum</strong></span> <span class='ocrx_word' id='word_1_35' title='bbox 1837 687 1986 744; x_wconf 89' lang='lat' dir='ltr'><strong>enim</strong></span> <span class='ocrx_word' id='word_1_36' title='bbox 2012 688 2112 744; x_wconf 88' lang='lat' dir='ltr'><strong>abs</strong></span> 
     </span>
    </p>
   </div>
   <div class='ocr_carea' id='block_1_9' title="bbox 542 780 2108 856">
    <p class='ocr_par' dir='ltr' id='par_1_9' title="bbox 542 780 2108 856">
     <span class='ocr_line' id='line_1_9' title="bbox 542 780 2108 856; baseline -0.004 -15"><span class='ocrx_word' id='word_1_37' title='bbox 542 785 761 856; x_wconf 78' lang='lat' dir='ltr'><strong>spiritu,</strong></span> <span class='ocrx_word' id='word_1_38' title='bbox 786 782 1087 838; x_wconf 80' lang='lat' dir='ltr'><strong>virtutibus</strong></span> <span class='ocrx_word' id='word_1_39' title='bbox 1136 780 1258 835; x_wconf 92' lang='lat' dir='ltr'><strong>aliis</strong></span> <span class='ocrx_word' id='word_1_40' title='bbox 1299 780 1421 835; x_wconf 92' lang='lat' dir='ltr'><strong>aliis</strong></span> <span class='ocrx_word' id='word_1_41' title='bbox 1461 796 1530 835; x_wconf 80' lang='lat' dir='ltr'><strong>ex</strong></span> <span class='ocrx_word' id='word_1_42' title='bbox 1573 780 1786 835; x_wconf 81' lang='lat' dir='ltr'><strong>ratione</strong></span> <span class='ocrx_word' id='word_1_43' title='bbox 1816 780 2108 847; x_wconf 81' lang='lat' dir='ltr'><strong>contextis,</strong></span> 
     </span>
    </p>
   </div>
   <div class='ocr_carea' id='block_1_10' title="bbox 541 868 2110 942">
    <p class='ocr_par' dir='ltr' id='par_1_10' title="bbox 541 868 2110 942">
     <span class='ocr_line' id='line_1_10' title="bbox 541 868 2110 942; baseline -0.004 -13"><span class='ocrx_word' id='word_1_44' title='bbox 541 870 969 942; x_wconf 84' lang='lat' dir='ltr'><strong>incorruptionis</strong></span> <span class='ocrx_word' id='word_1_45' title='bbox 985 869 1180 925; x_wconf 73' lang='lat' dir='ltr'><strong>anima:</strong></span> <span class='ocrx_word' id='word_1_46' title='bbox 1205 868 1438 924; x_wconf 87' lang='lat' dir='ltr'><strong>amictus</strong></span> <span class='ocrx_word' id='word_1_47' title='bbox 1456 868 1745 937; x_wconf 84' lang='lat' dir='ltr'><strong>conﬂatur,</strong></span> <span class='ocrx_word' id='word_1_48' title='bbox 1766 884 1876 939; x_wconf 88' lang='lat' dir='ltr'><strong>quo</strong></span> <span class='ocrx_word' id='word_1_49' title='bbox 1899 868 2110 939; x_wconf 88' lang='lat' dir='ltr'><strong>induta,</strong></span> 
     </span>
    </p>
   </div>
   <div class='ocr_carea' id='block_1_11' title="bbox 541 960 2112 1036">
    <p class='ocr_par' dir='ltr' id='par_1_11' title="bbox 541 960 2112 1036">
     <span class='ocr_line' id='line_1_11' title="bbox 541 960 2112 1036; baseline 0 -17"><span class='ocrx_word' id='word_1_50' title='bbox 541 964 772 1036; x_wconf 86' lang='lat' dir='ltr'><strong>pulchra</strong></span> <span class='ocrx_word' id='word_1_51' title='bbox 820 963 996 1017; x_wconf 89' lang='lat' dir='ltr'><strong>enitet</strong></span> <span class='ocrx_word' id='word_1_52' title='bbox 1024 976 1087 1017; x_wconf 91' lang='lat' dir='ltr'><strong>ac</strong></span> <span class='ocrx_word' id='word_1_53' title='bbox 1118 960 1354 1031; x_wconf 88' lang='lat' dir='ltr'><strong>gloriosa</strong></span> <span class='ocrx_word' id='word_1_54' title='bbox 1386 977 1399 1013; x_wconf 91' lang='lat'><strong>:</strong></span> <span class='ocrx_word' id='word_1_55' title='bbox 1437 960 1518 1016; x_wconf 92' lang='lat' dir='ltr'><strong>sic</strong></span> <span class='ocrx_word' id='word_1_56' title='bbox 1558 970 1614 1016; x_wconf 91' lang='lat' dir='ltr'><strong>et</strong></span> <span class='ocrx_word' id='word_1_57' title='bbox 1650 976 1682 1017; x_wconf 91' lang='lat' dir='ltr'><strong>a</strong></span> <span class='ocrx_word' id='word_1_58' title='bbox 1730 975 1918 1030; x_wconf 79' lang='lat' dir='ltr'><strong>carne,</strong></span> <span class='ocrx_word' id='word_1_59' title='bbox 1957 961 2112 1019; x_wconf 82' lang='lat' dir='ltr'><strong>vitiis</strong></span> 
     </span>
    </p>
   </div>
   <div class='ocr_carea' id='block_1_12' title="bbox 540 1048 2113 1125">
    <p class='ocr_par' dir='ltr' id='par_1_12' title="bbox 540 1048 2113 1125">
     <span class='ocr_line' id='line_1_12' title="bbox 540 1048 2113 1125; baseline -0.006 -16"><span class='ocrx_word' id='word_1_60' title='bbox 540 1052 999 1125; x_wconf 88' lang='lat' dir='ltr'><strong>passionibusque</strong></span> <span class='ocrx_word' id='word_1_61' title='bbox 1027 1050 1148 1106; x_wconf 89' lang='lat' dir='ltr'><strong>aliis</strong></span> <span class='ocrx_word' id='word_1_62' title='bbox 1178 1048 1410 1119; x_wconf 86' lang='lat' dir='ltr'><strong>aliisque</strong></span> <span class='ocrx_word' id='word_1_63' title='bbox 1440 1057 1590 1105; x_wconf 87' lang='lat' dir='ltr'><strong>certa</strong></span> <span class='ocrx_word' id='word_1_64' title='bbox 1630 1050 1988 1120; x_wconf 89' lang='lat' dir='ltr'><strong>pr0portione</strong></span> <span class='ocrx_word' id='word_1_65' title='bbox 2024 1050 2113 1106; x_wconf 83' lang='lat' dir='ltr'><strong>in.</strong></span> 
     </span>
    </p>
   </div>
   <div class='ocr_carea' id='block_1_13' title="bbox 543 1141 2112 1213">
    <p class='ocr_par' dir='ltr' id='par_1_13' title="bbox 543 1141 2112 1213">
     <span class='ocr_line' id='line_1_13' title="bbox 543 1141 2112 1213; baseline -0.001 -13"><span class='ocrx_word' id='word_1_66' title='bbox 543 1145 707 1200; x_wconf 79' lang='lat' dir='ltr'><strong>textis</strong></span> <span class='ocrx_word' id='word_1_67' title='bbox 729 1184 745 1210; x_wconf 93' lang='lat'><strong>,</strong></span> <span class='ocrx_word' id='word_1_68' title='bbox 786 1141 1069 1198; x_wconf 89' lang='lat' dir='ltr'><strong>immunda</strong></span> <span class='ocrx_word' id='word_1_69' title='bbox 1098 1141 1347 1213; x_wconf 55' lang='lat' dir='ltr'><strong>quaedam</strong></span> <span class='ocrx_word' id='word_1_70' title='bbox 1374 1156 1438 1197; x_wconf 89' lang='lat' dir='ltr'><strong>ac</strong></span> <span class='ocrx_word' id='word_1_71' title='bbox 1462 1141 1731 1197; x_wconf 88' lang='lat' dir='ltr'><strong>maculata</strong></span> <span class='ocrx_word' id='word_1_72' title='bbox 1760 1142 1945 1197; x_wconf 88' lang='lat' dir='ltr'><strong>tunica</strong></span> <span class='ocrx_word' id='word_1_73' title='bbox 1977 1157 2112 1198; x_wconf 91' lang='lat' dir='ltr'><strong>con-</strong></span> 
     </span>
    </p>
   </div>
   <div class='ocr_carea' id='block_1_14' title="bbox 541 1230 2113 1305">
    <p class='ocr_par' dir='ltr' id='par_1_14' title="bbox 541 1230 2113 1305">
     <span class='ocr_line' id='line_1_14' title="bbox 541 1230 2113 1305; baseline -0.001 -14"><span class='ocrx_word' id='word_1_74' title='bbox 541 1234 736 1305; x_wconf 78' lang='lat' dir='ltr'><strong>surgit,</strong></span> <span class='ocrx_word' id='word_1_75' title='bbox 793 1248 863 1289; x_wconf 80' lang='lat' dir='ltr'><strong>ex</strong></span> <span class='ocrx_word' id='word_1_76' title='bbox 909 1247 967 1287; x_wconf 89' lang='lat' dir='ltr'><strong>se</strong></span> <span class='ocrx_word' id='word_1_77' title='bbox 1017 1233 1260 1286; x_wconf 90' lang='lat' dir='ltr'><strong>animum</strong></span> <span class='ocrx_word' id='word_1_78' title='bbox 1310 1230 1699 1298; x_wconf 81' lang='lat' dir='ltr'><strong>manifestans,</strong></span> <span class='ocrx_word' id='word_1_79' title='bbox 1751 1231 2027 1303; x_wconf 85' lang='lat' dir='ltr'><strong>aliamque</strong></span> <span class='ocrx_word' id='word_1_80' title='bbox 2060 1233 2113 1289; x_wconf 90' lang='lat' dir='ltr'><strong>ei</strong></span> 
     </span>
    </p>
   </div>
   <div class='ocr_carea' id='block_1_15' title="bbox 543 1322 1985 1394">
    <p class='ocr_par' dir='ltr' id='par_1_15' title="bbox 543 1322 1985 1394">
     <span class='ocr_line' id='line_1_15' title="bbox 543 1322 1985 1394; baseline -0.003 -13"><span class='ocrx_word' id='word_1_81' title='bbox 543 1324 773 1383; x_wconf 86' lang='lat' dir='ltr'><strong>formam</strong></span> <span class='ocrx_word' id='word_1_82' title='bbox 814 1339 879 1379; x_wconf 91' lang='lat' dir='ltr'><strong>ac</strong></span> <span class='ocrx_word' id='word_1_83' title='bbox 908 1323 1198 1394; x_wconf 79' lang='lat' dir='ltr'><strong>imaginem</strong></span> <span class='ocrx_word' id='word_1_84' title='bbox 1226 1332 1424 1394; x_wconf 63' lang='lat' dir='ltr'><strong>praeter</strong></span> <span class='ocrx_word' id='word_1_85' title='bbox 1445 1322 1688 1378; x_wconf 84' lang='lat' dir='ltr'><strong>divinam</strong></span> <span class='ocrx_word' id='word_1_86' title='bbox 1719 1323 1985 1379; x_wconf 89' lang='lat' dir='ltr'><strong>tribuens.</strong></span> 
     </span>
    </p>
   </div>
   <div class='ocr_carea' id='block_1_16' title="bbox 612 1411 2114 1482">
    <p class='ocr_par' dir='ltr' id='par_1_16' title="bbox 612 1411 2114 1482">
     <span class='ocr_line' id='line_1_16' title="bbox 612 1411 2114 1482; baseline -0.001 -12"><span class='ocrx_word' id='word_1_87' title='bbox 612 1414 701 1470; x_wconf 73' lang='lat'><strong>62.</strong></span> <span class='ocrx_word' id='word_1_88' title='bbox 743 1413 981 1469; x_wconf 83' lang='lat' dir='ltr'><strong>Firmam</strong></span> <span class='ocrx_word' id='word_1_89' title='bbox 1011 1411 1412 1482; x_wconf 70' lang='lat' dir='ltr'><strong>consequendae</strong></span> <span class='ocrx_word' id='word_1_90' title='bbox 1448 1412 1811 1469; x_wconf 85' lang='lat' dir='ltr'><strong>deificationis</strong></span> <span class='ocrx_word' id='word_1_91' title='bbox 1857 1412 2114 1469; x_wconf 82' lang='lat' dir='ltr'><strong>ﬁduciam</strong></span> 
     </span>
    </p>
   </div>
   <div class='ocr_carea' id='block_1_17' title="bbox 542 1503 2116 1575">
    <p class='ocr_par' dir='ltr' id='par_1_17' title="bbox 542 1503 2116 1575">
     <span class='ocr_line' id='line_1_17' title="bbox 542 1503 2116 1575; baseline 0.001 -16"><span class='ocrx_word' id='word_1_92' title='bbox 542 1503 753 1575; x_wconf 63' lang='lat' dir='ltr'><strong>prabet</strong></span> <span class='ocrx_word' id='word_1_93' title='bbox 786 1504 1041 1558; x_wconf 75' lang='lat' dir='ltr'><strong>humana:</strong></span> <span class='ocrx_word' id='word_1_94' title='bbox 1068 1510 1299 1569; x_wconf 70' lang='lat' dir='ltr'><strong>naturae,</strong></span> <span class='ocrx_word' id='word_1_95' title='bbox 1349 1503 1497 1575; x_wconf 91' lang='lat' dir='ltr'><strong>quod</strong></span> <span class='ocrx_word' id='word_1_96' title='bbox 1537 1504 1685 1559; x_wconf 89' lang='lat' dir='ltr'><strong>Deus</strong></span> <span class='ocrx_word' id='word_1_97' title='bbox 1726 1504 1893 1558; x_wconf 89' lang='lat' dir='ltr'><strong>homo</strong></span> <span class='ocrx_word' id='word_1_98' title='bbox 1938 1504 2116 1560; x_wconf 90' lang='lat' dir='ltr'><strong>factus</strong></span> 
     </span>
    </p>
   </div>
   <div class='ocr_carea' id='block_1_18' title="bbox 543 1580 2118 1665">
    <p class='ocr_par' dir='ltr' id='par_1_18' title="bbox 543 1580 2118 1665">
     <span class='ocr_line' id='line_1_18' title="bbox 543 1580 2118 1665; baseline 0.002 -14"><span class='ocrx_word' id='word_1_99' title='bbox 543 1580 660 1662; x_wconf 79' lang='lat' dir='ltr'><strong>est;</strong></span> <span class='ocrx_word' id='word_1_100' title='bbox 705 1602 913 1650; x_wconf 91' lang='lat' dir='ltr'><strong>tantum</strong></span> <span class='ocrx_word' id='word_1_101' title='bbox 954 1595 1075 1665; x_wconf 90' lang='lat' dir='ltr'><strong>ejus</strong></span> <span class='ocrx_word' id='word_1_102' title='bbox 1117 1594 1473 1651; x_wconf 87' lang='lat' dir='ltr'><strong>humanitatis</strong></span> <span class='ocrx_word' id='word_1_103' title='bbox 1505 1611 1668 1650; x_wconf 91' lang='lat' dir='ltr'><strong>causa</strong></span> <span class='ocrx_word' id='word_1_104' title='bbox 1702 1596 1866 1651; x_wconf 90' lang='lat' dir='ltr'><strong>deum</strong></span> <span class='ocrx_word' id='word_1_105' title='bbox 1909 1595 2118 1654; x_wconf 84' lang='lat' dir='ltr'><strong>faciens</strong></span> 
     </span>
    </p>
   </div>
   <div class='ocr_carea' id='block_1_19' title="bbox 546 1685 2116 1760">
    <p class='ocr_par' dir='ltr' id='par_1_19' title="bbox 546 1685 2116 1760">
     <span class='ocr_line' id='line_1_19' title="bbox 546 1685 2116 1760; baseline 0.003 -21"><span class='ocrx_word' id='word_1_106' title='bbox 546 1685 845 1747; x_wconf 86' lang='lat' dir='ltr'><strong>hominem,</strong></span> <span class='ocrx_word' id='word_1_107' title='bbox 886 1694 1153 1756; x_wconf 90' lang='lat' dir='ltr'><strong>quantum</strong></span> <span class='ocrx_word' id='word_1_108' title='bbox 1182 1685 1297 1755; x_wconf 88' lang='lat' dir='ltr'><strong>ipse</strong></span> <span class='ocrx_word' id='word_1_109' title='bbox 1331 1685 1498 1741; x_wconf 89' lang='lat' dir='ltr'><strong>homo</strong></span> <span class='ocrx_word' id='word_1_110' title='bbox 1524 1686 1701 1741; x_wconf 89' lang='lat' dir='ltr'><strong>factus</strong></span> <span class='ocrx_word' id='word_1_111' title='bbox 1730 1696 1835 1742; x_wconf 90' lang='lat' dir='ltr'><strong>est.</strong></span> <span class='ocrx_word' id='word_1_112' title='bbox 1863 1687 1997 1742; x_wconf 87' lang='lat' dir='ltr'><strong>Nam</strong></span> <span class='ocrx_word' id='word_1_113' title='bbox 2023 1689 2116 1760; x_wconf 89' lang='lat' dir='ltr'><strong>qui</strong></span> 
     </span>
    </p>
   </div>
   <div class='ocr_carea' id='block_1_20' title="bbox 546 1775 2117 1847">
    <p class='ocr_par' dir='ltr' id='par_1_20' title="bbox 546 1775 2117 1847">
     <span class='ocr_line' id='line_1_20' title="bbox 546 1775 2117 1847; baseline 0.002 -16"><span class='ocrx_word' id='word_1_114' title='bbox 546 1775 666 1831; x_wconf 89' lang='lat' dir='ltr'><strong>sine</strong></span> <span class='ocrx_word' id='word_1_115' title='bbox 707 1785 933 1846; x_wconf 89' lang='lat' dir='ltr'><strong>peccato</strong></span> <span class='ocrx_word' id='word_1_116' title='bbox 973 1775 1151 1831; x_wconf 89' lang='lat' dir='ltr'><strong>factus</strong></span> <span class='ocrx_word' id='word_1_117' title='bbox 1180 1784 1263 1830; x_wconf 91' lang='lat' dir='ltr'><strong>est</strong></span> <span class='ocrx_word' id='word_1_118' title='bbox 1288 1776 1476 1841; x_wconf 91' lang='lat' dir='ltr'><strong>homo,</strong></span> <span class='ocrx_word' id='word_1_119' title='bbox 1518 1775 1677 1847; x_wconf 78' lang='lat'><strong>525</strong></span> <span class='ocrx_word' id='word_1_120' title='bbox 1716 1778 1855 1833; x_wconf 88' lang='lat' dir='ltr'><strong>citra</strong></span> <span class='ocrx_word' id='word_1_121' title='bbox 1898 1795 2117 1834; x_wconf 90' lang='lat' dir='ltr'><strong>omnem</strong></span> 
     </span>
    </p>
   </div>
   <div class='ocr_carea' id='block_1_21' title="bbox 547 1867 2118 1935">
    <p class='ocr_par' dir='ltr' id='par_1_21' title="bbox 547 1867 2118 1935">
     <span class='ocr_line' id='line_1_21' title="bbox 547 1867 2118 1935; baseline 0.002 -12"><span class='ocrx_word' id='word_1_122' title='bbox 547 1868 905 1924; x_wconf 88' lang='lat' dir='ltr'><strong>mutationem</strong></span> <span class='ocrx_word' id='word_1_123' title='bbox 934 1867 991 1923; x_wconf 92' lang='lat' dir='ltr'><strong>in</strong></span> <span class='ocrx_word' id='word_1_124' title='bbox 1018 1868 1302 1935; x_wconf 89' lang='lat' dir='ltr'><strong>deitatem,</strong></span> <span class='ocrx_word' id='word_1_125' title='bbox 1346 1876 1598 1924; x_wconf 88' lang='lat' dir='ltr'><strong>naturam</strong></span> <span class='ocrx_word' id='word_1_126' title='bbox 1635 1869 1912 1927; x_wconf 81' lang='lat' dir='ltr'><strong>deiﬁcabit</strong></span> <span class='ocrx_word' id='word_1_127' title='bbox 1950 1889 1962 1926; x_wconf 91' lang='lat'>:</span> <span class='ocrx_word' id='word_1_128' title='bbox 1997 1880 2118 1927; x_wconf 87' lang='lat' dir='ltr'><strong>tan-</strong></span> 
     </span>
    </p>
   </div>
   <div class='ocr_carea' id='block_1_22' title="bbox 548 1960 2122 2032">
    <p class='ocr_par' dir='ltr' id='par_1_22' title="bbox 548 1960 2122 2032">
     <span class='ocr_line' id='line_1_22' title="bbox 548 1960 2122 2032; baseline 0.002 -18"><span class='ocrx_word' id='word_1_129' title='bbox 548 1969 773 2030; x_wconf 90' lang='lat' dir='ltr'><strong>tumque</strong></span> <span class='ocrx_word' id='word_1_130' title='bbox 808 1969 1032 2032; x_wconf 86' lang='lat' dir='ltr'><strong>propter</strong></span> <span class='ocrx_word' id='word_1_131' title='bbox 1059 1976 1118 2016; x_wconf 90' lang='lat' dir='ltr'><strong>se</strong></span> <span class='ocrx_word' id='word_1_132' title='bbox 1142 1960 1427 2031; x_wconf 85' lang='lat' dir='ltr'><strong>provehet,</strong></span> <span class='ocrx_word' id='word_1_133' title='bbox 1458 1968 1724 2030; x_wconf 91' lang='lat' dir='ltr'><strong>quantum</strong></span> <span class='ocrx_word' id='word_1_134' title='bbox 1775 1978 1833 2017; x_wconf 87' lang='lat' dir='ltr'><strong>se</strong></span> <span class='ocrx_word' id='word_1_135' title='bbox 1876 1963 1993 2032; x_wconf 85' lang='lat' dir='ltr'><strong>ipse</strong></span> <span class='ocrx_word' id='word_1_136' title='bbox 2023 1962 2122 2017; x_wconf 91' lang='lat' dir='ltr'><strong>ho-</strong></span> 
     </span>
    </p>
   </div>
   <div class='ocr_carea' id='block_1_23' title="bbox 546 2050 2119 2122">
    <p class='ocr_par' dir='ltr' id='par_1_23' title="bbox 546 2050 2119 2122">
     <span class='ocr_line' id='line_1_23' title="bbox 546 2050 2119 2122; baseline 0.001 -17"><span class='ocrx_word' id='word_1_137' title='bbox 546 2050 711 2106; x_wconf 85' lang='lat' dir='ltr'><strong>minis</strong></span> <span class='ocrx_word' id='word_1_138' title='bbox 747 2050 920 2122; x_wconf 84' lang='lat' dir='ltr'><strong>gratia</strong></span> <span class='ocrx_word' id='word_1_139' title='bbox 971 2051 1211 2106; x_wconf 84' lang='lat' dir='ltr'><strong>demisit.</strong></span> <span class='ocrx_word' id='word_1_140' title='bbox 1264 2050 1432 2121; x_wconf 89' lang='lat' dir='ltr'><strong>ldque</strong></span> <span class='ocrx_word' id='word_1_141' title='bbox 1478 2051 1706 2121; x_wconf 83' lang='lat' dir='ltr'><strong>mystice</strong></span> <span class='ocrx_word' id='word_1_142' title='bbox 1736 2052 1941 2107; x_wconf 86' lang='lat' dir='ltr'><strong>docens</strong></span> <span class='ocrx_word' id='word_1_143' title='bbox 2000 2068 2119 2107; x_wconf 90' lang='lat' dir='ltr'><strong>ma-</strong></span> 
     </span>
    </p>
   </div>
   <div class='ocr_carea' id='block_1_24' title="bbox 547 2139 2117 2212">
    <p class='ocr_par' dir='ltr' id='par_1_24' title="bbox 547 2139 2117 2212">
     <span class='ocr_line' id='line_1_24' title="bbox 547 2139 2117 2212; baseline 0.001 -17"><span class='ocrx_word' id='word_1_144' title='bbox 547 2156 688 2211; x_wconf 80' lang='lat' dir='ltr'><strong>gnus</strong></span> <span class='ocrx_word' id='word_1_145' title='bbox 718 2141 1033 2211; x_wconf 81' lang='lat' dir='ltr'><strong>Apostolus,</strong></span> <span class='ocrx_word' id='word_1_146' title='bbox 1071 2140 1146 2194; x_wconf 90' lang='lat' dir='ltr'><strong>ait</strong></span> <span class='ocrx_word' id='word_1_147' title='bbox 1162 2140 1227 2205; x_wconf 79' lang='lat'><strong>&quot;,</strong></span> <span class='ocrx_word' id='word_1_148' title='bbox 1262 2139 1315 2193; x_wconf 92' lang='lat' dir='ltr'><strong>in</strong></span> <span class='ocrx_word' id='word_1_149' title='bbox 1348 2141 1562 2196; x_wconf 71' lang='lat' dir='ltr'><strong>saeculis</strong></span> <span class='ocrx_word' id='word_1_150' title='bbox 1582 2140 2117 2212; x_wconf 89' lang='lat' dir='ltr'><strong>supervenientibus,</strong></span> 
     </span>
    </p>
   </div>
   <div class='ocr_carea' id='block_1_25' title="bbox 547 2231 2114 2302">
    <p class='ocr_par' dir='ltr' id='par_1_25' title="bbox 547 2231 2114 2302">
     <span class='ocr_line' id='line_1_25' title="bbox 547 2231 2114 2302; baseline 0.001 -16"><span class='ocrx_word' id='word_1_151' title='bbox 547 2231 979 2287; x_wconf 88' lang='lat' dir='ltr'><strong>manifestandas</strong></span> <span class='ocrx_word' id='word_1_152' title='bbox 1026 2231 1082 2286; x_wconf 89' lang='lat' dir='ltr'><strong>in</strong></span> <span class='ocrx_word' id='word_1_153' title='bbox 1123 2231 1286 2286; x_wconf 89' lang='lat' dir='ltr'><strong>nobis</strong></span> <span class='ocrx_word' id='word_1_154' title='bbox 1313 2232 1793 2302; x_wconf 87' lang='lat' dir='ltr'><strong>supereminentcs</strong></span> <span class='ocrx_word' id='word_1_155' title='bbox 1820 2232 1917 2287; x_wconf 86' lang='lat' dir='ltr'><strong>Dei</strong></span> <span class='ocrx_word' id='word_1_156' title='bbox 1954 2233 2114 2288; x_wconf 83' lang='lat' dir='ltr'><strong>honi—</strong></span> 
     </span>
    </p>
   </div>
   <div class='ocr_carea' id='block_1_26' title="bbox 549 2314 2015 2391">
    <p class='ocr_par' dir='ltr' id='par_1_26' title="bbox 549 2314 2015 2391">
     <span class='ocr_line' id='line_1_26' title="bbox 549 2314 2015 2391; baseline 0.001 -10"><span class='ocrx_word' id='word_1_157' title='bbox 549 2326 678 2391; x_wconf 84' lang='lat' dir='ltr'><strong>tatis</strong></span> <span class='ocrx_word' id='word_1_158' title='bbox 705 2326 944 2383; x_wconf 86' lang='lat' dir='ltr'><strong>divitias.</strong></span> <span class='ocrx_word' id='word_1_159' title='bbox 1534 2314 1547 2328; x_wconf 84' lang='lat'><strong><em>°</em></strong></span> <span class='ocrx_word' id='word_1_160' title='bbox 2010 2340 2015 2343; x_wconf 83' lang='grc'><strong>-</strong></span> 
     </span>
    </p>
   </div>
   <div class='ocr_carea' id='block_1_27' title="bbox 617 2417 2119 2489">
    <p class='ocr_par' dir='ltr' id='par_1_27' title="bbox 617 2417 2119 2489">
     <span class='ocr_line' id='line_1_27' title="bbox 617 2417 2119 2489; baseline 0.001 -16"><span class='ocrx_word' id='word_1_161' title='bbox 617 2417 706 2474; x_wconf 78' lang='lat'><strong>65.</strong></span> <span class='ocrx_word' id='word_1_162' title='bbox 744 2418 903 2472; x_wconf 83' lang='lat' dir='ltr'><strong>Ratio</strong></span> <span class='ocrx_word' id='word_1_163' title='bbox 934 2433 1034 2488; x_wconf 92' lang='lat' dir='ltr'><strong>pro</strong></span> <span class='ocrx_word' id='word_1_164' title='bbox 1080 2417 1308 2487; x_wconf 92' lang='lat' dir='ltr'><strong>imperio</strong></span> <span class='ocrx_word' id='word_1_165' title='bbox 1336 2418 1473 2472; x_wconf 91' lang='lat' dir='ltr'><strong>iram</strong></span> <span class='ocrx_word' id='word_1_166' title='bbox 1521 2432 1718 2488; x_wconf 83' lang='lat' dir='ltr'><strong>regens</strong></span> <span class='ocrx_word' id='word_1_167' title='bbox 1748 2433 1812 2473; x_wconf 90' lang='lat' dir='ltr'><strong>ac</strong></span> <span class='ocrx_word' id='word_1_168' title='bbox 1845 2419 2119 2489; x_wconf 85' lang='lat' dir='ltr'><strong>cupidita-</strong></span> 
     </span>
    </p>
   </div>
   <div class='ocr_carea' id='block_1_28' title="bbox 547 2509 2117 2580">
    <p class='ocr_par' dir='ltr' id='par_1_28' title="bbox 547 2509 2117 2580">
     <span class='ocr_line' id='line_1_28' title="bbox 547 2509 2117 2580; baseline 0.001 -15"><span class='ocrx_word' id='word_1_169' title='bbox 547 2518 680 2577; x_wconf 89' lang='lat' dir='ltr'><strong>tem,</strong></span> <span class='ocrx_word' id='word_1_170' title='bbox 702 2510 936 2565; x_wconf 80' lang='lat' dir='ltr'><strong>virtutes</strong></span> <span class='ocrx_word' id='word_1_171' title='bbox 979 2509 1121 2579; x_wconf 87' lang='lat' dir='ltr'><strong>parit</strong></span> <span class='ocrx_word' id='word_1_172' title='bbox 1152 2526 1165 2562; x_wconf 95' lang='lat'><strong>:</strong></span> <span class='ocrx_word' id='word_1_173' title='bbox 1197 2525 1461 2580; x_wconf 88' lang='lat' dir='ltr'><strong>mensque</strong></span> <span class='ocrx_word' id='word_1_174' title='bbox 1506 2509 1749 2564; x_wconf 87' lang='lat' dir='ltr'><strong>rationes</strong></span> <span class='ocrx_word' id='word_1_175' title='bbox 1782 2509 2117 2580; x_wconf 82' lang='lat' dir='ltr'><strong>intelligens,</strong></span> 
     </span>
    </p>
   </div>
   <div class='ocr_carea' id='block_1_29' title="bbox 552 2599 2121 2671">
    <p class='ocr_par' dir='ltr' id='par_1_29' title="bbox 552 2599 2121 2671">
     <span class='ocr_line' id='line_1_29' title="bbox 552 2599 2121 2671; baseline -0.001 -13"><span class='ocrx_word' id='word_1_176' title='bbox 552 2617 733 2658; x_wconf 88' lang='lat' dir='ltr'><strong>rerum</strong></span> <span class='ocrx_word' id='word_1_177' title='bbox 768 2600 1113 2655; x_wconf 88' lang='lat' dir='ltr'><strong>conditarum</strong></span> <span class='ocrx_word' id='word_1_178' title='bbox 1156 2609 1357 2656; x_wconf 85' lang='lat' dir='ltr'><strong>certam</strong></span> <span class='ocrx_word' id='word_1_179' title='bbox 1395 2599 1760 2671; x_wconf 83' lang='lat' dir='ltr'><strong>cognitionem</strong></span> <span class='ocrx_word' id='word_1_180' title='bbox 1793 2602 1990 2671; x_wconf 87' lang='lat' dir='ltr'><strong>carpit.</strong></span> <span class='ocrx_word' id='word_1_181' title='bbox 2016 2601 2121 2658; x_wconf 89' lang='lat' dir='ltr'><strong>Ubi</strong></span> 
     </span>
    </p>
   </div>
   <div class='ocr_carea' id='block_1_30' title="bbox 547 2684 2122 2771">
    <p class='ocr_par' dir='ltr' id='par_1_30' title="bbox 547 2684 2122 2771">
     <span class='ocr_line' id='line_1_30' title="bbox 547 2684 2122 2771; baseline 0.001 -26"><span class='ocrx_word' id='word_1_182' title='bbox 547 2688 713 2762; x_wconf 80' lang='lat' dir='ltr'><strong>igitur</strong></span> <span class='ocrx_word' id='word_1_183' title='bbox 737 2690 900 2757; x_wconf 89' lang='lat' dir='ltr'><strong>ratio,</strong></span> <span class='ocrx_word' id='word_1_184' title='bbox 934 2691 1166 2762; x_wconf 89' lang='lat' dir='ltr'><strong>abjcctis</strong></span> <span class='ocrx_word' id='word_1_185' title='bbox 1206 2689 1520 2771; x_wconf 83' lang='lat' dir='ltr'><strong>contrariis,</strong></span> <span class='ocrx_word' id='word_1_186' title='bbox 1550 2689 1699 2760; x_wconf 86' lang='lat' dir='ltr'><strong>quod</strong></span> <span class='ocrx_word' id='word_1_187' title='bbox 1745 2700 1939 2746; x_wconf 87' lang='lat' dir='ltr'><strong>natura</strong></span> <span class='ocrx_word' id='word_1_188' title='bbox 1969 2684 2122 2746; x_wconf 50' lang='lat' dir='ltr'><strong>ama;</strong></span> 
     </span>
    </p>
   </div>
   <div class='ocr_carea' id='block_1_31' title="bbox 546 2780 2124 2854">
    <p class='ocr_par' dir='ltr' id='par_1_31' title="bbox 546 2780 2124 2854">
     <span class='ocr_line' id='line_1_31' title="bbox 546 2780 2124 2854; baseline 0 -17"><span class='ocrx_word' id='word_1_189' title='bbox 546 2782 658 2838; x_wconf 89' lang='lat' dir='ltr'><strong>bile</strong></span> <span class='ocrx_word' id='word_1_190' title='bbox 713 2791 829 2848; x_wconf 85' lang='lat' dir='ltr'><strong>est,</strong></span> <span class='ocrx_word' id='word_1_191' title='bbox 887 2780 1193 2847; x_wconf 82' lang='lat' dir='ltr'><strong>invenerit;</strong></span> <span class='ocrx_word' id='word_1_192' title='bbox 1232 2796 1496 2854; x_wconf 90' lang='lat' dir='ltr'><strong>mensque</strong></span> <span class='ocrx_word' id='word_1_193' title='bbox 1550 2780 1635 2835; x_wconf 91' lang='lat' dir='ltr'><strong>his</strong></span> <span class='ocrx_word' id='word_1_194' title='bbox 1690 2784 1963 2851; x_wconf 87' lang='lat' dir='ltr'><strong>superatis</strong></span> <span class='ocrx_word' id='word_1_195' title='bbox 2002 2799 2124 2852; x_wconf 75' lang='lat' dir='ltr'><strong>qua:</strong></span> 
     </span>
    </p>
   </div>
   <div class='ocr_carea' id='block_1_32' title="bbox 2215 502 3804 579">
    <p class='ocr_par' dir='ltr' id='par_1_32' title="bbox 2215 502 3804 579">
     <span class='ocr_line' id='line_1_32' title="bbox 2215 502 3804 579; baseline 0 -19"><span class='ocrx_word' id='word_1_196' title='bbox 2215 508 2401 579; x_wconf 80' lang='grc' dir='ltr'><strong>μάτων</strong></span> <span class='ocrx_word' id='word_1_197' title='bbox 2458 508 2558 579; x_wconf 85' lang='grc' dir='ltr'>τὴν</span> <span class='ocrx_word' id='word_1_198' title='bbox 2596 505 2773 576; x_wconf 76' lang='grc' dir='ltr'>ψυχὴν</span> <span class='ocrx_word' id='word_1_199' title='bbox 2794 544 2812 572; x_wconf 83' lang='grc'><strong><em>,</em></strong></span> <span class='ocrx_word' id='word_1_200' title='bbox 2863 504 2978 569; x_wconf 76' lang='grc' dir='ltr'>έξις</span> <span class='ocrx_word' id='word_1_201' title='bbox 3007 523 3066 561; x_wconf 82' lang='grc' dir='ltr'><strong>τε</strong></span> <span class='ocrx_word' id='word_1_202' title='bbox 3097 505 3192 558; x_wconf 72' lang='grc' dir='ltr'>καὶ</span> <span class='ocrx_word' id='word_1_203' title='bbox 3219 502 3482 570; x_wconf 82' lang='grc' dir='ltr'>διάθεσις,</span> <span class='ocrx_word' id='word_1_204' title='bbox 3517 504 3584 576; x_wconf 69' lang='grc' dir='ltr'>ἢν</span> <span class='ocrx_word' id='word_1_205' title='bbox 3607 504 3804 576; x_wconf 73' lang='grc' dir='ltr'><strong>ὁρῶσιι⁵</strong></span> 
     </span>
    </p>
   </div>
   <div class='ocr_carea' id='block_1_33' title="bbox 2210 596 3802 669">
    <p class='ocr_par' dir='ltr' id='par_1_33' title="bbox 2210 596 3802 669">
     <span class='ocr_line' id='line_1_33' title="bbox 2210 596 3802 669; baseline -0.001 -16"><span class='ocrx_word' id='word_1_206' title='bbox 2210 599 2500 664; x_wconf 81' lang='grc' dir='ltr'>διαπαντὸς</span> <span class='ocrx_word' id='word_1_207' title='bbox 2549 598 2800 669; x_wconf 83' lang='grc' dir='ltr'>καθάπερ</span> <span class='ocrx_word' id='word_1_208' title='bbox 2829 596 3034 668; x_wconf 82' lang='grc' dir='ltr'>χιτῶνά</span> <span class='ocrx_word' id='word_1_209' title='bbox 3061 614 3190 660; x_wconf 46' lang='grc' dir='ltr'>τινα,</span> <span class='ocrx_word' id='word_1_210' title='bbox 3229 596 3359 666; x_wconf 64' lang='lat' dir='ltr'><strong>napi.</strong></span> <span class='ocrx_word' id='word_1_211' title='bbox 3403 596 3623 668; x_wconf 77' lang='grc' dir='ltr'>ἑαυτὴν,</span> <span class='ocrx_word' id='word_1_212' title='bbox 3664 596 3802 652; x_wconf 81' lang='grc' dir='ltr'>δυσ-</span> 
     </span>
    </p>
   </div>
   <div class='ocr_carea' id='block_1_34' title="bbox 2210 685 3799 763">
    <p class='ocr_par' dir='ltr' id='par_1_34' title="bbox 2210 685 3799 763">
     <span class='ocr_line' id='line_1_34' title="bbox 2210 685 3799 763; baseline -0.003 -19"><span class='ocrx_word' id='word_1_213' title='bbox 2210 690 2376 755; x_wconf 83' lang='grc' dir='ltr'>ωδίας</span> <span class='ocrx_word' id='word_1_214' title='bbox 2401 688 2702 763; x_wconf 75' lang='grc' dir='ltr'><strong>πληροῦται</strong></span> <span class='ocrx_word' id='word_1_215' title='bbox 2727 689 2931 745; x_wconf 82' lang='grc' dir='ltr'>παθῶν.</span> <span class='ocrx_word' id='word_1_216' title='bbox 2962 688 3051 753; x_wconf 87' lang='grc' dir='ltr'>Ὠς</span> <span class='ocrx_word' id='word_1_217' title='bbox 3066 685 3175 758; x_wconf 83' lang='grc' dir='ltr'><strong>γάρ</strong></span> <span class='ocrx_word' id='word_1_218' title='bbox 3202 686 3310 741; x_wconf 84' lang='grc' dir='ltr'>ἀπὸ</span> <span class='ocrx_word' id='word_1_219' title='bbox 3336 686 3431 741; x_wconf 81' lang='grc' dir='ltr'>τοῦ</span> <span class='ocrx_word' id='word_1_220' title='bbox 3459 686 3799 758; x_wconf 85' lang='grc' dir='ltr'>πνεύματος,</span> 
     </span>
    </p>
   </div>
   <div class='ocr_carea' id='block_1_35' title="bbox 2210 775 3793 851">
    <p class='ocr_par' dir='ltr' id='par_1_35' title="bbox 2210 775 3793 851">
     <span class='ocr_line' id='line_1_35' title="bbox 2210 775 3793 851; baseline -0.002 -18"><span class='ocrx_word' id='word_1_221' title='bbox 2210 778 2299 833; x_wconf 74' lang='grc' dir='ltr'><strong>διὰ</strong></span> <span class='ocrx_word' id='word_1_222' title='bbox 2316 778 2425 837; x_wconf 84' lang='grc' dir='ltr'><strong>τῶν</strong></span> <span class='ocrx_word' id='word_1_223' title='bbox 2440 779 2648 851; x_wconf 78' lang='grc' dir='ltr'>ἀρετῶν</span> <span class='ocrx_word' id='word_1_224' title='bbox 2662 779 2920 849; x_wconf 77' lang='grc' dir='ltr'><strong>ἀλλήλαις</strong></span> <span class='ocrx_word' id='word_1_225' title='bbox 2935 776 3075 833; x_wconf 85' lang='grc' dir='ltr'><strong>κατά</strong></span> <span class='ocrx_word' id='word_1_226' title='bbox 3100 777 3258 846; x_wconf 87' lang='grc' dir='ltr'>λόγον</span> <span class='ocrx_word' id='word_1_227' title='bbox 3287 775 3793 846; x_wconf 79' lang='grc' dir='ltr'>συνυφαινομένων,</span> 
     </span>
    </p>
   </div>
   <div class='ocr_carea' id='block_1_36' title="bbox 2212 867 3802 943">
    <p class='ocr_par' dir='ltr' id='par_1_36' title="bbox 2212 867 3802 943">
     <span class='ocr_line' id='line_1_36' title="bbox 2212 867 3802 943; baseline -0.003 -18"><span class='ocrx_word' id='word_1_228' title='bbox 2212 871 2519 943; x_wconf 81' lang='grc' dir='ltr'><strong>ἀφθαρσίας</strong></span> <span class='ocrx_word' id='word_1_229' title='bbox 2564 871 2773 941; x_wconf 87' lang='grc' dir='ltr'>γίνεται</span> <span class='ocrx_word' id='word_1_230' title='bbox 2816 873 2886 941; x_wconf 79' lang='grc' dir='ltr'><strong>τῇ</strong></span> <span class='ocrx_word' id='word_1_231' title='bbox 2911 869 3056 941; x_wconf 73' lang='grc' dir='ltr'>ψυχῇ</span> <span class='ocrx_word' id='word_1_232' title='bbox 3106 867 3273 939; x_wconf 79' lang='grc' dir='ltr'>χιτὼν</span> <span class='ocrx_word' id='word_1_233' title='bbox 3296 907 3314 934; x_wconf 85' lang='lat'><strong>,</strong></span> <span class='ocrx_word' id='word_1_234' title='bbox 3363 867 3423 921; x_wconf 83' lang='lat' dir='ltr'><strong><em>6v</em></strong></span> <span class='ocrx_word' id='word_1_235' title='bbox 3456 868 3802 939; x_wconf 71' lang='grc' dir='ltr'>ἑνδυσειμένη</span> 
     </span>
    </p>
   </div>
   <div class='ocr_carea' id='block_1_37' title="bbox 2210 957 3804 1033">
    <p class='ocr_par' dir='ltr' id='par_1_37' title="bbox 2210 957 3804 1033">
     <span class='ocr_line' id='line_1_37' title="bbox 2210 957 3804 1033; baseline 0 -20"><span class='ocrx_word' id='word_1_236' title='bbox 2210 960 2419 1032; x_wconf 85' lang='grc' dir='ltr'>γίνεται</span> <span class='ocrx_word' id='word_1_237' title='bbox 2440 961 2580 1033; x_wconf 79' lang='grc' dir='ltr'>καλὴ</span> <span class='ocrx_word' id='word_1_238' title='bbox 2616 961 2709 1015; x_wconf 70' lang='grc' dir='ltr'>καὶ</span> <span class='ocrx_word' id='word_1_239' title='bbox 2731 959 2994 1027; x_wconf 71' lang='grc' dir='ltr'>ἐπίδοξος·</span> <span class='ocrx_word' id='word_1_240' title='bbox 3023 957 3164 1013; x_wconf 74' lang='grc' dir='ltr'>οὕτω</span> <span class='ocrx_word' id='word_1_241' title='bbox 3188 958 3284 1013; x_wconf 77' lang='grc' dir='ltr'>καὶ</span> <span class='ocrx_word' id='word_1_242' title='bbox 3304 957 3413 1012; x_wconf 84' lang='grc' dir='ltr'>ἀπὸ</span> <span class='ocrx_word' id='word_1_243' title='bbox 3439 958 3539 1028; x_wconf 82' lang='grc' dir='ltr'>τῆς</span> <span class='ocrx_word' id='word_1_244' title='bbox 3569 957 3804 1031; x_wconf 74' lang='grc' dir='ltr'>σαρκὸς,</span> 
     </span>
    </p>
   </div>
   <div class='ocr_carea' id='block_1_38' title="bbox 2210 1053 3803 1128">
    <p class='ocr_par' dir='ltr' id='par_1_38' title="bbox 2210 1053 3803 1128">
     <span class='ocr_line' id='line_1_38' title="bbox 2210 1053 3803 1128; baseline -0.003 -16"><span class='ocrx_word' id='word_1_245' title='bbox 2210 1056 2318 1112; x_wconf 87' lang='grc' dir='ltr'><strong>τῶν</strong></span> <span class='ocrx_word' id='word_1_246' title='bbox 2342 1057 2532 1113; x_wconf 84' lang='grc' dir='ltr'>παθῶν</span> <span class='ocrx_word' id='word_1_247' title='bbox 2552 1056 2803 1128; x_wconf 82' lang='grc' dir='ltr'>ἀλλήλοις</span> <span class='ocrx_word' id='word_1_248' title='bbox 2829 1055 2969 1109; x_wconf 84' lang='grc' dir='ltr'>κατά</span> <span class='ocrx_word' id='word_1_249' title='bbox 2984 1054 3274 1123; x_wconf 73' lang='grc' dir='ltr'>ἀναλογίαν</span> <span class='ocrx_word' id='word_1_250' title='bbox 3294 1053 3803 1124; x_wconf 80' lang='grc' dir='ltr'>συνυφαινομένων,</span> 
     </span>
    </p>
   </div>
   <div class='ocr_carea' id='block_1_39' title="bbox 2211 1146 3805 1220">
    <p class='ocr_par' dir='ltr' id='par_1_39' title="bbox 2211 1146 3805 1220">
     <span class='ocr_line' id='line_1_39' title="bbox 2211 1146 3805 1220; baseline 0 -18"><span class='ocrx_word' id='word_1_251' title='bbox 2211 1150 2417 1219; x_wconf 82' lang='grc' dir='ltr'>γίνεται</span> <span class='ocrx_word' id='word_1_252' title='bbox 2472 1166 2558 1216; x_wconf 83' lang='grc' dir='ltr'><strong>τις</strong></span> <span class='ocrx_word' id='word_1_253' title='bbox 2602 1147 2765 1220; x_wconf 84' lang='grc' dir='ltr'>χιτὼν</span> <span class='ocrx_word' id='word_1_254' title='bbox 2822 1146 3130 1219; x_wconf 77' lang='grc' dir='ltr'><strong>ἀκάθαρτος</strong></span> <span class='ocrx_word' id='word_1_255' title='bbox 3157 1148 3250 1201; x_wconf 74' lang='grc' dir='ltr'>καὶ</span> <span class='ocrx_word' id='word_1_256' title='bbox 3288 1146 3681 1217; x_wconf 69' lang='grc' dir='ltr'>ισπιλωμινος.</span> <span class='ocrx_word' id='word_1_257' title='bbox 3741 1146 3805 1214; x_wconf 74' lang='grc' dir='ltr'><strong>ἐξ</strong></span> 
     </span>
    </p>
   </div>
   <div class='ocr_carea' id='block_1_40' title="bbox 2214 1236 3808 1310">
    <p class='ocr_par' dir='ltr' id='par_1_40' title="bbox 2214 1236 3808 1310">
     <span class='ocr_line' id='line_1_40' title="bbox 2214 1236 3808 1310; baseline 0.001 -16"><span class='ocrx_word' id='word_1_258' title='bbox 2214 1240 2405 1297; x_wconf 78' lang='grc' dir='ltr'>ἑαυτοῦ</span> <span class='ocrx_word' id='word_1_259' title='bbox 2427 1240 2638 1303; x_wconf 82' lang='grc' dir='ltr'>δεικνὺς</span> <span class='ocrx_word' id='word_1_260' title='bbox 2664 1238 2938 1310; x_wconf 80' lang='grc' dir='ltr'>γνώριμον</span> <span class='ocrx_word' id='word_1_261' title='bbox 2956 1239 3057 1309; x_wconf 82' lang='grc' dir='ltr'>τὴν</span> <span class='ocrx_word' id='word_1_262' title='bbox 3074 1238 3251 1309; x_wconf 79' lang='grc' dir='ltr'>ψυχὴν</span> <span class='ocrx_word' id='word_1_263' title='bbox 3278 1237 3372 1307; x_wconf 87' lang='grc' dir='ltr'>(ο),</span> <span class='ocrx_word' id='word_1_264' title='bbox 3396 1236 3612 1310; x_wconf 80' lang='grc' dir='ltr'>μορφὴν</span> <span class='ocrx_word' id='word_1_265' title='bbox 3629 1238 3808 1309; x_wconf 74' lang='grc' dir='ltr'>ἀλλην</span> 
     </span>
    </p>
   </div>
   <div class='ocr_carea' id='block_1_41' title="bbox 2124 1329 3500 1405">
    <p class='ocr_par' dir='ltr' id='par_1_41' title="bbox 2124 1329 3500 1405">
     <span class='ocr_line' id='line_1_41' title="bbox 2124 1329 3500 1405; baseline -0.005 -17"><span class='ocrx_word' id='word_1_266' title='bbox 2124 1347 2129 1352; x_wconf 84' lang='lat'><em>‘</em></span> <span class='ocrx_word' id='word_1_267' title='bbox 2213 1334 2351 1405; x_wconf 74' lang='grc' dir='ltr'>αὐτῇ</span> <span class='ocrx_word' id='word_1_268' title='bbox 2381 1333 2474 1387; x_wconf 76' lang='grc' dir='ltr'>καὶ</span> <span class='ocrx_word' id='word_1_269' title='bbox 2501 1332 2686 1387; x_wconf 75' lang='grc' dir='ltr'>εἰκόνα</span> <span class='ocrx_word' id='word_1_270' title='bbox 2715 1331 2866 1402; x_wconf 87' lang='grc' dir='ltr'><strong>παρά</strong></span> <span class='ocrx_word' id='word_1_271' title='bbox 2892 1329 2990 1401; x_wconf 82' lang='grc' dir='ltr'>τὴν</span> <span class='ocrx_word' id='word_1_272' title='bbox 3015 1329 3165 1383; x_wconf 89' lang='grc' dir='ltr'>θείαν</span> <span class='ocrx_word' id='word_1_273' title='bbox 3192 1329 3500 1399; x_wconf 74' lang='grc' dir='ltr'>ἐνθέμενος.</span> 
     </span>
    </p>
   </div>
   <div class='ocr_carea' id='block_1_42' title="bbox 2284 1419 3802 1497">
    <p class='ocr_par' dir='ltr' id='par_1_42' title="bbox 2284 1419 3802 1497">
     <span class='ocr_line' id='line_1_42' title="bbox 2284 1419 3802 1497; baseline -0.005 -18"><span class='ocrx_word' id='word_1_274' title='bbox 2284 1424 2385 1497; x_wconf 69' lang='grc' dir='ltr'><strong>εβν.</strong></span> <span class='ocrx_word' id='word_1_275' title='bbox 2421 1423 2625 1478; x_wconf 81' lang='grc' dir='ltr'>Βεϐαία</span> <span class='ocrx_word' id='word_1_276' title='bbox 2654 1422 2837 1489; x_wconf 82' lang='grc' dir='ltr'>πίστις</span> <span class='ocrx_word' id='word_1_277' title='bbox 2863 1421 2981 1476; x_wconf 75' lang='grc' dir='ltr'>εστὶ</span> <span class='ocrx_word' id='word_1_278' title='bbox 3004 1420 3104 1490; x_wconf 78' lang='grc' dir='ltr'>τῆς</span> <span class='ocrx_word' id='word_1_279' title='bbox 3130 1419 3267 1491; x_wconf 80' lang='grc' dir='ltr'>πρὸς</span> <span class='ocrx_word' id='word_1_280' title='bbox 3288 1419 3551 1474; x_wconf 75' lang='grc' dir='ltr'>ἑκθέωσιν</span> <span class='ocrx_word' id='word_1_281' title='bbox 3575 1420 3802 1487; x_wconf 74' lang='grc' dir='ltr'>ἐλπίδος</span> 
     </span>
    </p>
   </div>
   <div class='ocr_carea' id='block_1_43' title="bbox 2214 1506 3807 1586">
    <p class='ocr_par' dir='ltr' id='par_1_43' title="bbox 2214 1506 3807 1586">
     <span class='ocr_line' id='line_1_43' title="bbox 2214 1506 3807 1586; baseline -0.004 -19"><span class='ocrx_word' id='word_1_282' title='bbox 2214 1516 2282 1586; x_wconf 70' lang='grc' dir='ltr'>τῇ</span> <span class='ocrx_word' id='word_1_283' title='bbox 2309 1512 2470 1583; x_wconf 87' lang='grc' dir='ltr'>φύσει</span> <span class='ocrx_word' id='word_1_284' title='bbox 2497 1511 2605 1565; x_wconf 86' lang='grc' dir='ltr'><strong>τῶν</strong></span> <span class='ocrx_word' id='word_1_285' title='bbox 2631 1507 2934 1582; x_wconf 85' lang='grc' dir='ltr'>ἀνθρώπων</span> <span class='ocrx_word' id='word_1_286' title='bbox 2950 1549 2964 1572; x_wconf 86' lang='grc'><em>,</em></span> <span class='ocrx_word' id='word_1_287' title='bbox 3018 1509 3054 1578; x_wconf 77' lang='grc' dir='ltr'><strong>ἡ</strong></span> <span class='ocrx_word' id='word_1_288' title='bbox 3081 1507 3177 1561; x_wconf 82' lang='grc' dir='ltr'>τοῦ</span> <span class='ocrx_word' id='word_1_289' title='bbox 3198 1506 3332 1562; x_wconf 82' lang='grc' dir='ltr'>Θεοῦ</span> <span class='ocrx_word' id='word_1_290' title='bbox 3361 1506 3807 1579; x_wconf 69' lang='grc' dir='ltr'>ὲνανθρὼπησις,</span> 
     </span>
    </p>
   </div>
   <div class='ocr_carea' id='block_1_44' title="bbox 2215 1599 3809 1672">
    <p class='ocr_par' dir='ltr' id='par_1_44' title="bbox 2215 1599 3809 1672">
     <span class='ocr_line' id='line_1_44' title="bbox 2215 1599 3809 1672; baseline -0.005 -13"><span class='ocrx_word' id='word_1_291' title='bbox 2215 1602 2468 1659; x_wconf 81' lang='grc' dir='ltr'>τοσοῦτον</span> <span class='ocrx_word' id='word_1_292' title='bbox 2491 1602 2613 1656; x_wconf 81' lang='grc' dir='ltr'>θεὸν</span> <span class='ocrx_word' id='word_1_293' title='bbox 2639 1602 2870 1657; x_wconf 79' lang='grc' dir='ltr'>ποιοῦσα</span> <span class='ocrx_word' id='word_1_294' title='bbox 2892 1600 2986 1655; x_wconf 80' lang='grc' dir='ltr'>τὸν</span> <span class='ocrx_word' id='word_1_295' title='bbox 3009 1599 3318 1672; x_wconf 72' lang='grc' dir='ltr'>ἄνθρωπον,</span> <span class='ocrx_word' id='word_1_296' title='bbox 3370 1600 3497 1654; x_wconf 82' lang='grc' dir='ltr'>ὅσον</span> <span class='ocrx_word' id='word_1_297' title='bbox 3516 1599 3684 1663; x_wconf 79' lang='grc' dir='ltr'>αὐτὸς</span> <span class='ocrx_word' id='word_1_298' title='bbox 3704 1599 3809 1668; x_wconf 86' lang='grc' dir='ltr'>γέ-</span> 
     </span>
    </p>
   </div>
   <div class='ocr_carea' id='block_1_45' title="bbox 2216 1690 3806 1766">
    <p class='ocr_par' dir='ltr' id='par_1_45' title="bbox 2216 1690 3806 1766">
     <span class='ocr_line' id='line_1_45' title="bbox 2216 1690 3806 1766; baseline -0.005 -15"><span class='ocrx_word' id='word_1_299' title='bbox 2216 1713 2371 1766; x_wconf 84' lang='grc' dir='ltr'>γονεν</span> <span class='ocrx_word' id='word_1_300' title='bbox 2398 1693 2700 1766; x_wconf 75' lang='grc' dir='ltr'>ἄνθρωπος.</span> <span class='ocrx_word' id='word_1_301' title='bbox 2760 1692 2819 1745; x_wconf 87' lang='lat'><strong>&#39;0</strong></span> <span class='ocrx_word' id='word_1_302' title='bbox 2852 1692 2961 1764; x_wconf 83' lang='grc' dir='ltr'><strong>γάρ</strong></span> <span class='ocrx_word' id='word_1_303' title='bbox 2990 1691 3159 1763; x_wconf 78' lang='grc' dir='ltr'>χωρὶς</span> <span class='ocrx_word' id='word_1_304' title='bbox 3197 1690 3473 1761; x_wconf 83' lang='grc' dir='ltr'>ἁμαρτίας</span> <span class='ocrx_word' id='word_1_305' title='bbox 3507 1691 3806 1761; x_wconf 85' lang='grc' dir='ltr'>γενόμενος</span> 
     </span>
    </p>
   </div>
   <div class='ocr_carea' id='block_1_46' title="bbox 2219 1781 3803 1857">
    <p class='ocr_par' dir='ltr' id='par_1_46' title="bbox 2219 1781 3803 1857">
     <span class='ocr_line' id='line_1_46' title="bbox 2219 1781 3803 1857; baseline -0.003 -15"><span class='ocrx_word' id='word_1_306' title='bbox 2219 1788 2502 1857; x_wconf 84' lang='grc' dir='ltr'>ἄνθρωπος</span> <span class='ocrx_word' id='word_1_307' title='bbox 2526 1827 2540 1849; x_wconf 85' lang='grc'><strong><em>,</em></strong></span> <span class='ocrx_word' id='word_1_308' title='bbox 2582 1785 2740 1855; x_wconf 79' lang='grc' dir='ltr'>δῆλον</span> <span class='ocrx_word' id='word_1_309' title='bbox 2779 1786 2861 1839; x_wconf 82' lang='grc' dir='ltr'>ὅτι</span> <span class='ocrx_word' id='word_1_310' title='bbox 2891 1784 3059 1856; x_wconf 78' lang='grc' dir='ltr'>χωρὶς</span> <span class='ocrx_word' id='word_1_311' title='bbox 3100 1783 3202 1853; x_wconf 82' lang='grc' dir='ltr'>τῆς</span> <span class='ocrx_word' id='word_1_312' title='bbox 3254 1785 3336 1847; x_wconf 83' lang='grc' dir='ltr'>εἰς</span> <span class='ocrx_word' id='word_1_313' title='bbox 3366 1781 3597 1854; x_wconf 82' lang='grc' dir='ltr'>θεότητα</span> <span class='ocrx_word' id='word_1_314' title='bbox 3624 1798 3803 1853; x_wconf 78' lang='grc' dir='ltr'>μετα·</span> 
     </span>
    </p>
   </div>
   <div class='ocr_carea' id='block_1_47' title="bbox 2222 1874 3805 1949">
    <p class='ocr_par' dir='ltr' id='par_1_47' title="bbox 2222 1874 3805 1949">
     <span class='ocr_line' id='line_1_47' title="bbox 2222 1874 3805 1949; baseline -0.003 -18"><span class='ocrx_word' id='word_1_315' title='bbox 2222 1878 2383 1945; x_wconf 83' lang='grc' dir='ltr'>ϐολῆς</span> <span class='ocrx_word' id='word_1_316' title='bbox 2412 1919 2427 1944; x_wconf 86' lang='grc'><em>,</em></span> <span class='ocrx_word' id='word_1_317' title='bbox 2482 1877 2579 1949; x_wconf 74' lang='grc' dir='ltr'>τὴν</span> <span class='ocrx_word' id='word_1_318' title='bbox 2608 1875 2769 1946; x_wconf 85' lang='grc' dir='ltr'>φύσιν</span> <span class='ocrx_word' id='word_1_319' title='bbox 2799 1875 3109 1946; x_wconf 85' lang='grc' dir='ltr'>θεοποιήσει</span> <span class='ocrx_word' id='word_1_320' title='bbox 3130 1892 3145 1905; x_wconf 87' lang='grc'><strong>·</strong></span> <span class='ocrx_word' id='word_1_321' title='bbox 3200 1876 3296 1930; x_wconf 76' lang='grc' dir='ltr'>καὶ</span> <span class='ocrx_word' id='word_1_322' title='bbox 3324 1874 3578 1929; x_wconf 80' lang='grc' dir='ltr'>τοσοῦτον</span> <span class='ocrx_word' id='word_1_323' title='bbox 3602 1875 3805 1930; x_wconf 77' lang='grc' dir='ltr'>ἀναϐιο</span> 
     </span>
    </p>
   </div>
   <div class='ocr_carea' id='block_1_48' title="bbox 2219 1964 3804 2036">
    <p class='ocr_par' dir='ltr' id='par_1_48' title="bbox 2219 1964 3804 2036">
     <span class='ocr_line' id='line_1_48' title="bbox 2219 1964 3804 2036; baseline -0.003 -12"><span class='ocrx_word' id='word_1_324' title='bbox 2219 1970 2376 2025; x_wconf 83' lang='grc' dir='ltr'>ϐάσει</span> <span class='ocrx_word' id='word_1_325' title='bbox 2397 1968 2463 2023; x_wconf 83' lang='grc' dir='ltr'>δι’</span> <span class='ocrx_word' id='word_1_326' title='bbox 2485 1967 2696 2030; x_wconf 80' lang='grc' dir='ltr'>ἑαυτὸν,</span> <span class='ocrx_word' id='word_1_327' title='bbox 2727 1967 2852 2020; x_wconf 85' lang='grc' dir='ltr'>ὅσον</span> <span class='ocrx_word' id='word_1_328' title='bbox 2877 1966 3040 2030; x_wconf 77' lang='grc' dir='ltr'>αὐτὸς</span> <span class='ocrx_word' id='word_1_329' title='bbox 3067 1964 3156 2019; x_wconf 87' lang='grc' dir='ltr'><strong>διά</strong></span> <span class='ocrx_word' id='word_1_330' title='bbox 3179 1966 3269 2018; x_wconf 76' lang='grc' dir='ltr'>τὸν</span> <span class='ocrx_word' id='word_1_331' title='bbox 3291 1966 3578 2036; x_wconf 77' lang='grc' dir='ltr'>ἄνθρωπον</span> <span class='ocrx_word' id='word_1_332' title='bbox 3601 1967 3804 2023; x_wconf 76' lang='grc' dir='ltr'>ἑαυτὸν</span> 
     </span>
    </p>
   </div>
   <div class='ocr_carea' id='block_1_49' title="bbox 2229 2057 3801 2130">
    <p class='ocr_par' dir='ltr' id='par_1_49' title="bbox 2229 2057 3801 2130">
     <span class='ocr_line' id='line_1_49' title="bbox 2229 2057 3801 2130; baseline -0.003 -14"><span class='ocrx_word' id='word_1_333' title='bbox 2229 2061 2610 2116; x_wconf 84' lang='grc' dir='ltr'>κατεϐίϐασεν.</span> <span class='ocrx_word' id='word_1_334' title='bbox 2665 2059 2844 2130; x_wconf 86' lang='grc' dir='ltr'><strong>Ὅπερ</strong></span> <span class='ocrx_word' id='word_1_335' title='bbox 2913 2057 3188 2128; x_wconf 82' lang='grc' dir='ltr'><strong>μυστικῶς</strong></span> <span class='ocrx_word' id='word_1_336' title='bbox 3238 2057 3501 2112; x_wconf 74' lang='grc' dir='ltr'><strong>διδάσκων</strong></span> <span class='ocrx_word' id='word_1_337' title='bbox 3551 2059 3580 2112; x_wconf 99' lang='lat'><strong>6</strong></span> <span class='ocrx_word' id='word_1_338' title='bbox 3622 2058 3801 2128; x_wconf 69' lang='grc' dir='ltr'>μέγας</span> 
     </span>
    </p>
   </div>
   <div class='ocr_carea' id='block_1_50' title="bbox 2231 2154 3801 2226">
    <p class='ocr_par' dir='ltr' id='par_1_50' title="bbox 2231 2154 3801 2226">
     <span class='ocr_line' id='line_1_50' title="bbox 2231 2154 3801 2226; baseline -0.001 -17"><span class='ocrx_word' id='word_1_339' title='bbox 2231 2154 2570 2219; x_wconf 79' lang='grc' dir='ltr'>Ἀπόστολος,</span> <span class='ocrx_word' id='word_1_340' title='bbox 2603 2154 2769 2226; x_wconf 74' lang='grc' dir='ltr'>φησὶν</span> <span class='ocrx_word' id='word_1_341' title='bbox 2785 2195 2799 2221; x_wconf 87' lang='grc'><em>,</em></span> <span class='ocrx_word' id='word_1_342' title='bbox 2832 2156 2891 2209; x_wconf 81' lang='grc' dir='ltr'>ὲν</span> <span class='ocrx_word' id='word_1_343' title='bbox 2919 2157 3030 2220; x_wconf 86' lang='grc' dir='ltr'>τοῖς</span> <span class='ocrx_word' id='word_1_344' title='bbox 3054 2156 3215 2210; x_wconf 80' lang='grc' dir='ltr'>αίῶσι</span> <span class='ocrx_word' id='word_1_345' title='bbox 3242 2158 3355 2219; x_wconf 85' lang='grc' dir='ltr'>τοῖς</span> <span class='ocrx_word' id='word_1_346' title='bbox 3379 2155 3801 2226; x_wconf 73' lang='grc' dir='ltr'>ἐπερχομένοις.</span> 
     </span>
    </p>
   </div>
   <div class='ocr_carea' id='block_1_51' title="bbox 2217 2242 3802 2317">
    <p class='ocr_par' dir='ltr' id='par_1_51' title="bbox 2217 2242 3802 2317">
     <span class='ocr_line' id='line_1_51' title="bbox 2217 2242 3802 2317; baseline 0.003 -20"><span class='ocrx_word' id='word_1_347' title='bbox 2217 2246 2308 2299; x_wconf 73' lang='grc' dir='ltr'>τὶν</span> <span class='ocrx_word' id='word_1_348' title='bbox 2353 2248 2433 2309; x_wconf 89' lang='grc' dir='ltr'><strong>εἰς</strong></span> <span class='ocrx_word' id='word_1_349' title='bbox 2476 2247 2625 2316; x_wconf 81' lang='grc' dir='ltr'>ἡμᾶς</span> <span class='ocrx_word' id='word_1_350' title='bbox 2668 2246 3078 2317; x_wconf 80' lang='grc' dir='ltr'>ὑπερϐάλλοντα</span> <span class='ocrx_word' id='word_1_351' title='bbox 3124 2246 3352 2301; x_wconf 84' lang='grc' dir='ltr'>πλοῦτον</span> <span class='ocrx_word' id='word_1_352' title='bbox 3392 2247 3492 2317; x_wconf 82' lang='grc' dir='ltr'>τῆς</span> <span class='ocrx_word' id='word_1_353' title='bbox 3533 2245 3629 2300; x_wconf 77' lang='grc' dir='ltr'>τοῦ</span> <span class='ocrx_word' id='word_1_354' title='bbox 3658 2242 3802 2301; x_wconf 74' lang='grc' dir='ltr'><strong>Θεοῦ</strong></span> 
     </span>
    </p>
   </div>
   <div class='ocr_carea' id='block_1_52' title="bbox 2219 2334 3014 2408">
    <p class='ocr_par' dir='ltr' id='par_1_52' title="bbox 2219 2334 3014 2408">
     <span class='ocr_line' id='line_1_52' title="bbox 2219 2334 3014 2408; baseline 0.003 -19"><span class='ocrx_word' id='word_1_355' title='bbox 2219 2335 2586 2408; x_wconf 82' lang='grc' dir='ltr'><strong>χρηστότητος</strong></span> <span class='ocrx_word' id='word_1_356' title='bbox 2613 2334 3014 2406; x_wconf 82' lang='grc' dir='ltr'>δειχθήσεσθαι.</span> 
     </span>
    </p>
   </div>
   <div class='ocr_carea' id='block_1_53' title="bbox 2288 2424 3800 2498">
    <p class='ocr_par' dir='ltr' id='par_1_53' title="bbox 2288 2424 3800 2498">
     <span class='ocr_line' id='line_1_53' title="bbox 2288 2424 3800 2498; baseline 0 -17"><span class='ocrx_word' id='word_1_357' title='bbox 2288 2426 2390 2495; x_wconf 62' lang='grc' dir='ltr'>ξγθ.</span> <span class='ocrx_word' id='word_1_358' title='bbox 2437 2424 2543 2479; x_wconf 78' lang='grc' dir='ltr'>Τοῦ</span> <span class='ocrx_word' id='word_1_359' title='bbox 2578 2425 2680 2495; x_wconf 81' lang='grc' dir='ltr'>μὲν</span> <span class='ocrx_word' id='word_1_360' title='bbox 2709 2426 2881 2496; x_wconf 79' lang='grc' dir='ltr'>θυμοῦ</span> <span class='ocrx_word' id='word_1_361' title='bbox 2915 2427 3009 2481; x_wconf 74' lang='grc' dir='ltr'>καὶ</span> <span class='ocrx_word' id='word_1_362' title='bbox 3035 2429 3136 2498; x_wconf 68' lang='grc' dir='ltr'>τῆς</span> <span class='ocrx_word' id='word_1_363' title='bbox 3163 2426 3459 2497; x_wconf 75' lang='grc' dir='ltr'>ἐπιθυμίας</span> <span class='ocrx_word' id='word_1_364' title='bbox 3489 2426 3800 2481; x_wconf 70' lang='grc' dir='ltr'>ἐπιστατῶν</span> 
     </span>
    </p>
   </div>
   <div class='ocr_carea' id='block_1_54' title="bbox 2220 2516 3801 2586">
    <p class='ocr_par' dir='ltr' id='par_1_54' title="bbox 2220 2516 3801 2586">
     <span class='ocr_line' id='line_1_54' title="bbox 2220 2516 3801 2586; baseline -0.001 -14"><span class='ocrx_word' id='word_1_365' title='bbox 2220 2520 2247 2572; x_wconf 88' lang='grc' dir='ltr'><strong>ό</strong></span> <span class='ocrx_word' id='word_1_366' title='bbox 2274 2517 2453 2586; x_wconf 86' lang='grc' dir='ltr'>λόγος,</span> <span class='ocrx_word' id='word_1_367' title='bbox 2486 2520 2632 2570; x_wconf 80' lang='grc' dir='ltr'>ποιεί</span> <span class='ocrx_word' id='word_1_368' title='bbox 2662 2516 2762 2581; x_wconf 76' lang='grc' dir='ltr'>τὰς</span> <span class='ocrx_word' id='word_1_369' title='bbox 2790 2516 3013 2585; x_wconf 84' lang='grc' dir='ltr'>ἀρετάς·</span> <span class='ocrx_word' id='word_1_370' title='bbox 3049 2518 3077 2570; x_wconf 93' lang='lat'><strong>6</strong></span> <span class='ocrx_word' id='word_1_371' title='bbox 3100 2517 3158 2571; x_wconf 83' lang='grc' dir='ltr'>δὲ</span> <span class='ocrx_word' id='word_1_372' title='bbox 3184 2517 3309 2582; x_wconf 81' lang='grc' dir='ltr'>νοῦς</span> <span class='ocrx_word' id='word_1_373' title='bbox 3338 2521 3447 2583; x_wconf 81' lang='grc' dir='ltr'>τοῖς</span> <span class='ocrx_word' id='word_1_374' title='bbox 3469 2518 3647 2586; x_wconf 79' lang='grc' dir='ltr'>λόγοις</span> <span class='ocrx_word' id='word_1_375' title='bbox 3671 2519 3801 2571; x_wconf 75' lang='grc' dir='ltr'>ἔπι-</span> 
     </span>
    </p>
   </div>
   <div class='ocr_carea' id='block_1_55' title="bbox 2221 2608 3797 2680">
    <p class='ocr_par' dir='ltr' id='par_1_55' title="bbox 2221 2608 3797 2680">
     <span class='ocr_line' id='line_1_55' title="bbox 2221 2608 3797 2680; baseline -0.003 -16"><span class='ocrx_word' id='word_1_376' title='bbox 2221 2611 2432 2666; x_wconf 85' lang='grc' dir='ltr'>ϐάλλων</span> <span class='ocrx_word' id='word_1_377' title='bbox 2455 2649 2471 2674; x_wconf 88' lang='grc'><em>,</em></span> <span class='ocrx_word' id='word_1_378' title='bbox 2524 2608 2633 2661; x_wconf 78' lang='grc' dir='ltr'><strong>τῶν</strong></span> <span class='ocrx_word' id='word_1_379' title='bbox 2678 2608 2980 2678; x_wconf 87' lang='grc' dir='ltr'>γεγονότων</span> <span class='ocrx_word' id='word_1_380' title='bbox 3019 2608 3120 2680; x_wconf 80' lang='grc' dir='ltr'>τὴν</span> <span class='ocrx_word' id='word_1_381' title='bbox 3149 2608 3450 2664; x_wconf 75' lang='grc' dir='ltr'>ἄπταιστον</span> <span class='ocrx_word' id='word_1_382' title='bbox 3478 2608 3797 2677; x_wconf 86' lang='grc' dir='ltr'>συλλέγεται</span> 
     </span>
    </p>
   </div>
   <div class='ocr_carea' id='block_1_56' title="bbox 2219 2695 3797 2772">
    <p class='ocr_par' dir='ltr' id='par_1_56' title="bbox 2219 2695 3797 2772">
     <span class='ocr_line' id='line_1_56' title="bbox 2219 2695 3797 2772; baseline -0.002 -17"><span class='ocrx_word' id='word_1_383' title='bbox 2219 2703 2420 2772; x_wconf 84' lang='grc' dir='ltr'>γνῶσιν</span> <span class='ocrx_word' id='word_1_384' title='bbox 2443 2702 2538 2771; x_wconf 80' lang='grc' dir='ltr'>(ρ).</span> <span class='ocrx_word' id='word_1_385' title='bbox 2576 2701 2746 2754; x_wconf 86' lang='grc' dir='ltr'>Ὅταν</span> <span class='ocrx_word' id='word_1_386' title='bbox 2784 2695 2878 2754; x_wconf 74' lang='grc' dir='ltr'>οὖν</span> <span class='ocrx_word' id='word_1_387' title='bbox 2933 2701 2962 2754; x_wconf 90' lang='lat'><strong>6</strong></span> <span class='ocrx_word' id='word_1_388' title='bbox 3001 2700 3159 2770; x_wconf 88' lang='grc' dir='ltr'>λόγος</span> <span class='ocrx_word' id='word_1_389' title='bbox 3206 2700 3343 2769; x_wconf 87' lang='grc' dir='ltr'><strong>μετά</strong></span> <span class='ocrx_word' id='word_1_390' title='bbox 3373 2699 3471 2770; x_wconf 78' lang='grc' dir='ltr'>τὴν</span> <span class='ocrx_word' id='word_1_391' title='bbox 3514 2699 3624 2755; x_wconf 84' lang='grc' dir='ltr'><strong>τῶν</strong></span> <span class='ocrx_word' id='word_1_392' title='bbox 3651 2701 3797 2756; x_wconf 86' lang='grc' dir='ltr'>ἀντι-</span> 
     </span>
    </p>
   </div>
   <div class='ocr_carea' id='block_1_57' title="bbox 2221 2791 3796 2866">
    <p class='ocr_par' dir='ltr' id='par_1_57' title="bbox 2221 2791 3796 2866">
     <span class='ocr_line' id='line_1_57' title="bbox 2221 2791 3796 2866; baseline -0.004 -15"><span class='ocrx_word' id='word_1_393' title='bbox 2221 2794 2492 2866; x_wconf 85' lang='grc' dir='ltr'>κειμένων</span> <span class='ocrx_word' id='word_1_394' title='bbox 2537 2791 2808 2862; x_wconf 79' lang='grc' dir='ltr'>ἀποϐολὴν</span> <span class='ocrx_word' id='word_1_395' title='bbox 2829 2831 2846 2856; x_wconf 87' lang='grc'><em>,</em></span> <span class='ocrx_word' id='word_1_396' title='bbox 2899 2791 3037 2863; x_wconf 78' lang='grc' dir='ltr'>εὕρῃ</span> <span class='ocrx_word' id='word_1_397' title='bbox 3077 2792 3141 2846; x_wconf 75' lang='grc' dir='ltr'>τὸ</span> <span class='ocrx_word' id='word_1_398' title='bbox 3172 2791 3315 2846; x_wconf 84' lang='grc' dir='ltr'><strong>κατά</strong></span> <span class='ocrx_word' id='word_1_399' title='bbox 3349 2792 3512 2862; x_wconf 79' lang='grc' dir='ltr'>φύσιν</span> <span class='ocrx_word' id='word_1_400' title='bbox 3544 2791 3796 2863; x_wconf 71' lang='grc' dir='ltr'>ὲραστδν,</span> 
     </span>
    </p>
   </div>
   <div class='ocr_carea' id='block_1_58' title="bbox 544 2872 2120 2954">
    <p class='ocr_par' dir='ltr' id='par_1_58' title="bbox 544 2872 2120 2943">
     <span class='ocr_line' id='line_1_58' title="bbox 544 2872 2120 2943; baseline -0.001 -12"><span class='ocrx_word' id='word_1_401' title='bbox 544 2874 778 2931; x_wconf 82' lang='lat' dir='ltr'><strong>scientia</strong></span> <span class='ocrx_word' id='word_1_402' title='bbox 827 2881 1172 2939; x_wconf 89' lang='lat' dir='ltr'><strong>noscuntur,</strong></span> <span class='ocrx_word' id='word_1_403' title='bbox 1221 2874 1398 2943; x_wconf 91' lang='lat' dir='ltr'><strong>ipsum</strong></span> <span class='ocrx_word' id='word_1_404' title='bbox 1440 2888 1623 2928; x_wconf 88' lang='lat' dir='ltr'><strong>rerum</strong></span> <span class='ocrx_word' id='word_1_405' title='bbox 1676 2872 2009 2938; x_wconf 86' lang='lat' dir='ltr'><strong>Auctorem,</strong></span> <span class='ocrx_word' id='word_1_406' title='bbox 2039 2888 2120 2930; x_wconf 75' lang='lat' dir='ltr'><strong>es—</strong></span> 
     </span>
    </p>
   </div>
   <div class='ocr_carea' id='block_1_59' title="bbox 2223 2872 3797 2954">
    <p class='ocr_par' dir='ltr' id='par_1_59' title="bbox 2225 2882 3797 2954">
     <span class='ocr_line' id='line_1_59' title="bbox 2225 2882 3797 2954; baseline -0.002 -13"><span class='ocrx_word' id='word_1_407' title='bbox 2225 2887 2317 2941; x_wconf 76' lang='grc' dir='ltr'>καὶ</span> <span class='ocrx_word' id='word_1_408' title='bbox 2343 2888 2372 2939; x_wconf 91' lang='lat'><strong>6</strong></span> <span class='ocrx_word' id='word_1_409' title='bbox 2397 2883 2526 2946; x_wconf 82' lang='grc' dir='ltr'>νοῦς</span> <span class='ocrx_word' id='word_1_410' title='bbox 2557 2882 2696 2954; x_wconf 84' lang='grc' dir='ltr'><strong>μετά</strong></span> <span class='ocrx_word' id='word_1_411' title='bbox 2719 2882 2818 2954; x_wconf 81' lang='grc' dir='ltr'>τὴν</span> <span class='ocrx_word' id='word_1_412' title='bbox 2846 2883 2955 2936; x_wconf 81' lang='grc' dir='ltr'><strong>τῶν</strong></span> <span class='ocrx_word' id='word_1_413' title='bbox 2982 2883 3401 2953; x_wconf 80' lang='grc' dir='ltr'>γινωσκομένων</span> <span class='ocrx_word' id='word_1_414' title='bbox 3427 2883 3682 2939; x_wconf 84' lang='grc' dir='ltr'>διάϐασιν</span> <span class='ocrx_word' id='word_1_415' title='bbox 3706 2884 3797 2938; x_wconf 86' lang='grc' dir='ltr'>λά-</span> 
     </span>
    </p>
   </div>
   <div class='ocr_carea' id='block_1_60' title="bbox 544 2964 2120 3047">
    <p class='ocr_par' dir='ltr' id='par_1_60' title="bbox 544 2964 2120 3034">
     <span class='ocr_line' id='line_1_60' title="bbox 544 2964 2120 3034; baseline -0.001 -13"><span class='ocrx_word' id='word_1_416' title='bbox 544 2965 780 3021; x_wconf 88' lang='lat' dir='ltr'><strong>sentiam</strong></span> <span class='ocrx_word' id='word_1_417' title='bbox 820 2980 1038 3021; x_wconf 84' lang='lat' dir='ltr'><strong>omnem</strong></span> <span class='ocrx_word' id='word_1_418' title='bbox 1072 2980 1137 3020; x_wconf 88' lang='lat' dir='ltr'><strong>ac</strong></span> <span class='ocrx_word' id='word_1_419' title='bbox 1188 2965 1476 3021; x_wconf 87' lang='lat' dir='ltr'><strong>scientiam</strong></span> <span class='ocrx_word' id='word_1_420' title='bbox 1520 2964 1898 3028; x_wconf 81' lang='lat' dir='ltr'><strong>excedentem,</strong></span> <span class='ocrx_word' id='word_1_421' title='bbox 1929 2981 2120 3034; x_wconf 89' lang='lat' dir='ltr'><strong>apprc-</strong></span> 
     </span>
    </p>
   </div>
   <div class='ocr_carea' id='block_1_61' title="bbox 2223 2964 3793 3047">
    <p class='ocr_par' dir='ltr' id='par_1_61' title="bbox 2225 2974 3793 3047">
     <span class='ocr_line' id='line_1_61' title="bbox 2225 2974 3793 3047; baseline -0.001 -17"><span class='ocrx_word' id='word_1_422' title='bbox 2225 2978 2385 3047; x_wconf 85' lang='grc' dir='ltr'>ϐηται</span> <span class='ocrx_word' id='word_1_423' title='bbox 2412 2978 2512 3046; x_wconf 77' lang='grc' dir='ltr'>τῆς</span> <span class='ocrx_word' id='word_1_424' title='bbox 2534 2975 2672 3045; x_wconf 70' lang='grc' dir='ltr'>ὑπὲρ</span> <span class='ocrx_word' id='word_1_425' title='bbox 2692 2974 2889 3031; x_wconf 76' lang='grc' dir='ltr'>οὐσίαν,</span> <span class='ocrx_word' id='word_1_426' title='bbox 2916 2975 3011 3028; x_wconf 74' lang='grc' dir='ltr'>καὶ</span> <span class='ocrx_word' id='word_1_427' title='bbox 3032 2974 3231 3044; x_wconf 81' lang='grc' dir='ltr'>γνῶσιν</span> <span class='ocrx_word' id='word_1_428' title='bbox 3260 2976 3370 3028; x_wconf 82' lang='grc' dir='ltr'><strong>τῶν</strong></span> <span class='ocrx_word' id='word_1_429' title='bbox 3393 2976 3562 3031; x_wconf 74' lang='grc' dir='ltr'>ὄντων</span> <span class='ocrx_word' id='word_1_430' title='bbox 3585 2974 3793 3041; x_wconf 76' lang='grc' dir='ltr'>Δίτίας,</span> 
     </span>
    </p>
   </div>
   <div class='ocr_carea' id='block_1_62' title="bbox 544 3054 2120 3139">
    <p class='ocr_par' dir='ltr' id='par_1_62' title="bbox 544 3054 2115 3126">
     <span class='ocr_line' id='line_1_62' title="bbox 544 3054 2115 3126; baseline 0 -17"><span class='ocrx_word' id='word_1_431' title='bbox 544 3055 831 3121; x_wconf 86' lang='lat' dir='ltr'><strong>henderit;</strong></span> <span class='ocrx_word' id='word_1_432' title='bbox 880 3064 1012 3111; x_wconf 89' lang='lat' dir='ltr'><strong>tunc</strong></span> <span class='ocrx_word' id='word_1_433' title='bbox 1064 3072 1164 3126; x_wconf 89' lang='lat' dir='ltr'><strong>per</strong></span> <span class='ocrx_word' id='word_1_434' title='bbox 1195 3055 1467 3126; x_wconf 79' lang='lat' dir='ltr'><strong>gratiam,</strong></span> <span class='ocrx_word' id='word_1_435' title='bbox 1523 3056 1696 3111; x_wconf 74' lang='lat' dir='ltr'><strong>beata:</strong></span> <span class='ocrx_word' id='word_1_436' title='bbox 1751 3054 2115 3110; x_wconf 83' lang='lat' dir='ltr'><strong>deiﬁcationis</strong></span> 
     </span>
    </p>
   </div>
   <div class='ocr_carea' id='block_1_63' title="bbox 2223 3054 3794 3139">
    <p class='ocr_par' dir='ltr' id='par_1_63' title="bbox 2223 3063 3794 3139">
     <span class='ocr_line' id='line_1_63' title="bbox 2223 3063 3794 3139; baseline 0.001 -18"><span class='ocrx_word' id='word_1_437' title='bbox 2223 3066 2516 3139; x_wconf 78' lang='grc' dir='ltr'>τηνικαῦτα</span> <span class='ocrx_word' id='word_1_438' title='bbox 2533 3066 2594 3119; x_wconf 84' lang='grc' dir='ltr'>τὸ</span> <span class='ocrx_word' id='word_1_439' title='bbox 2612 3066 2711 3135; x_wconf 79' lang='grc' dir='ltr'><strong>τῆς</strong></span> <span class='ocrx_word' id='word_1_440' title='bbox 2738 3063 2987 3130; x_wconf 81' lang='grc' dir='ltr'>θεώσεως</span> <span class='ocrx_word' id='word_1_441' title='bbox 3016 3066 3157 3120; x_wconf 80' lang='grc' dir='ltr'>κατὰ</span> <span class='ocrx_word' id='word_1_442' title='bbox 3184 3067 3343 3138; x_wconf 80' lang='grc' dir='ltr'>χάριν</span> <span class='ocrx_word' id='word_1_443' title='bbox 3370 3066 3671 3135; x_wconf 81' lang='grc' dir='ltr'>ἐπιγίνεται</span> <span class='ocrx_word' id='word_1_444' title='bbox 3694 3068 3794 3123; x_wconf 78' lang='grc' dir='ltr'>πά·</span> 
     </span>
    </p>
   </div>
   <div class='ocr_carea' id='block_1_64' title="bbox 545 3146 2120 3231">
    <p class='ocr_par' dir='ltr' id='par_1_64' title="bbox 545 3146 2119 3217">
     <span class='ocr_line' id='line_1_64' title="bbox 545 3146 2119 3217; baseline 0 -15"><span class='ocrx_word' id='word_1_445' title='bbox 545 3146 748 3217; x_wconf 86' lang='lat' dir='ltr'><strong>passio,</strong></span> <span class='ocrx_word' id='word_1_446' title='bbox 780 3161 812 3200; x_wconf 92' lang='lat' dir='ltr'><strong>a</strong></span> <span class='ocrx_word' id='word_1_447' title='bbox 859 3147 1096 3202; x_wconf 87' lang='lat' dir='ltr'><strong>naturali</strong></span> <span class='ocrx_word' id='word_1_448' title='bbox 1146 3146 1416 3202; x_wconf 90' lang='lat' dir='ltr'><strong>rationem</strong></span> <span class='ocrx_word' id='word_1_449' title='bbox 1465 3146 1797 3202; x_wconf 90' lang='lat' dir='ltr'><strong>discretione</strong></span> <span class='ocrx_word' id='word_1_450' title='bbox 1838 3146 2119 3202; x_wconf 88' lang='lat' dir='ltr'><strong>abducens</strong></span> 
     </span>
    </p>
   </div>
   <div class='ocr_carea' id='block_1_65' title="bbox 2223 3146 3789 3231">
    <p class='ocr_par' dir='ltr' id='par_1_65' title="bbox 2223 3157 3789 3231">
     <span class='ocr_line' id='line_1_65' title="bbox 2223 3157 3789 3231; baseline -0.001 -17"><span class='ocrx_word' id='word_1_451' title='bbox 2223 3160 2331 3225; x_wconf 88' lang='grc' dir='ltr'>θος,</span> <span class='ocrx_word' id='word_1_452' title='bbox 2365 3159 2460 3213; x_wconf 84' lang='grc' dir='ltr'>τὸν</span> <span class='ocrx_word' id='word_1_453' title='bbox 2487 3158 2586 3229; x_wconf 83' lang='grc' dir='ltr'>μὲν</span> <span class='ocrx_word' id='word_1_454' title='bbox 2620 3157 2777 3226; x_wconf 89' lang='grc' dir='ltr'>λόγον</span> <span class='ocrx_word' id='word_1_455' title='bbox 2807 3157 3023 3225; x_wconf 85' lang='grc' dir='ltr'>ἀπάγον</span> <span class='ocrx_word' id='word_1_456' title='bbox 3053 3158 3153 3228; x_wconf 79' lang='grc' dir='ltr'><strong>τῆς</strong></span> <span class='ocrx_word' id='word_1_457' title='bbox 3181 3159 3420 3227; x_wconf 83' lang='grc' dir='ltr'>φυσικῆς</span> <span class='ocrx_word' id='word_1_458' title='bbox 3447 3159 3789 3231; x_wconf 82' lang='grc' dir='ltr'>διακρίσεως,</span> 
     </span>
    </p>
   </div>
   <div class='ocr_carea' id='block_1_66' title="bbox 547 3235 2120 3318">
    <p class='ocr_par' dir='ltr' id='par_1_66' title="bbox 547 3235 2120 3308">
     <span class='ocr_line' id='line_1_66' title="bbox 547 3235 2120 3308; baseline 0.002 -16"><span class='ocrx_word' id='word_1_459' title='bbox 547 3236 666 3308; x_wconf 91' lang='lat' dir='ltr'><strong>(ubi</strong></span> <span class='ocrx_word' id='word_1_460' title='bbox 714 3251 823 3292; x_wconf 93' lang='lat' dir='ltr'><strong>non</strong></span> <span class='ocrx_word' id='word_1_461' title='bbox 849 3244 933 3293; x_wconf 91' lang='lat' dir='ltr'><strong>est</strong></span> <span class='ocrx_word' id='word_1_462' title='bbox 954 3236 1103 3308; x_wconf 72' lang='lat' dir='ltr'><strong>quod</strong></span> <span class='ocrx_word' id='word_1_463' title='bbox 1136 3235 1505 3308; x_wconf 89' lang='lat' dir='ltr'><strong>discernatur)</strong></span> <span class='ocrx_word' id='word_1_464' title='bbox 1536 3236 1784 3304; x_wconf 88' lang='lat' dir='ltr'><strong>accedit;</strong></span> <span class='ocrx_word' id='word_1_465' title='bbox 1835 3237 2120 3308; x_wconf 85' lang='lat' dir='ltr'><strong>mentique</strong></span> 
     </span>
    </p>
   </div>
   <div class='ocr_carea' id='block_1_67' title="bbox 2223 3235 3794 3318">
    <p class='ocr_par' dir='ltr' id='par_1_67' title="bbox 2223 3248 3794 3318">
     <span class='ocr_line' id='line_1_67' title="bbox 2223 3248 3794 3318; baseline -0.001 -13"><span class='ocrx_word' id='word_1_466' title='bbox 2223 3249 2348 3305; x_wconf 66' lang='grc' dir='ltr'>ἔνθα</span> <span class='ocrx_word' id='word_1_467' title='bbox 2380 3250 2442 3304; x_wconf 80' lang='grc' dir='ltr'><strong>τὸ</strong></span> <span class='ocrx_word' id='word_1_468' title='bbox 2482 3250 2894 3318; x_wconf 83' lang='grc' dir='ltr'>διακρινόμενον</span> <span class='ocrx_word' id='word_1_469' title='bbox 2922 3250 3023 3304; x_wconf 81' lang='grc' dir='ltr'>οὐκ</span> <span class='ocrx_word' id='word_1_470' title='bbox 3048 3248 3164 3304; x_wconf 69' lang='grc' dir='ltr'>ἔστι</span> <span class='ocrx_word' id='word_1_471' title='bbox 3184 3266 3198 3280; x_wconf 81' lang='grc'><strong>’</strong></span> <span class='ocrx_word' id='word_1_472' title='bbox 3262 3250 3354 3304; x_wconf 76' lang='grc' dir='ltr'>τὸν</span> <span class='ocrx_word' id='word_1_473' title='bbox 3382 3250 3440 3305; x_wconf 69' lang='grc' dir='ltr'>δὲ</span> <span class='ocrx_word' id='word_1_474' title='bbox 3472 3250 3598 3305; x_wconf 77' lang='grc' dir='ltr'>νοῦν</span> <span class='ocrx_word' id='word_1_475' title='bbox 3627 3269 3794 3307; x_wconf 84' lang='grc' dir='ltr'>κατα-</span> 
     </span>
    </p>
   </div>
   <div class='ocr_carea' id='block_1_68' title="bbox 545 3324 2120 3414">
    <p class='ocr_par' dir='ltr' id='par_1_68' title="bbox 545 3324 2120 3399">
     <span class='ocr_line' id='line_1_68' title="bbox 545 3324 2120 3399; baseline 0.003 -18"><span class='ocrx_word' id='word_1_476' title='bbox 545 3324 910 3382; x_wconf 86' lang='lat' dir='ltr'><strong>cessationem</strong></span> <span class='ocrx_word' id='word_1_477' title='bbox 937 3341 968 3380; x_wconf 91' lang='lat' dir='ltr'><strong>a</strong></span> <span class='ocrx_word' id='word_1_478' title='bbox 994 3325 1233 3381; x_wconf 86' lang='lat' dir='ltr'><strong>naturali</strong></span> <span class='ocrx_word' id='word_1_479' title='bbox 1278 3326 1653 3382; x_wconf 91' lang='lat' dir='ltr'><strong>intellectione</strong></span> <span class='ocrx_word' id='word_1_480' title='bbox 1693 3342 1758 3383; x_wconf 87' lang='lat' dir='ltr'><strong>ac</strong></span> <span class='ocrx_word' id='word_1_481' title='bbox 1792 3328 2120 3399; x_wconf 77' lang='lat' dir='ltr'><strong>cogitatione</strong></span> 
     </span>
    </p>
   </div>
   <div class='ocr_carea' id='block_1_69' title="bbox 2223 3324 3795 3414">
    <p class='ocr_par' dir='ltr' id='par_1_69' title="bbox 2224 3339 3795 3414">
     <span class='ocr_line' id='line_1_69' title="bbox 2224 3339 3795 3414; baseline 0.001 -17"><span class='ocrx_word' id='word_1_482' title='bbox 2224 3342 2397 3397; x_wconf 76' lang='grc' dir='ltr'>παῦον</span> <span class='ocrx_word' id='word_1_483' title='bbox 2421 3343 2522 3414; x_wconf 78' lang='grc' dir='ltr'>τῆς</span> <span class='ocrx_word' id='word_1_484' title='bbox 2554 3342 2697 3396; x_wconf 88' lang='grc' dir='ltr'><strong>κατά</strong></span> <span class='ocrx_word' id='word_1_485' title='bbox 2728 3339 2887 3410; x_wconf 89' lang='grc' dir='ltr'>φύσιν</span> <span class='ocrx_word' id='word_1_486' title='bbox 2919 3341 3177 3410; x_wconf 80' lang='grc' dir='ltr'>νοήσεως,</span> <span class='ocrx_word' id='word_1_487' title='bbox 3210 3340 3339 3397; x_wconf 75' lang='grc' dir='ltr'>ἔνθα</span> <span class='ocrx_word' id='word_1_488' title='bbox 3372 3342 3588 3414; x_wconf 58' lang='grc' dir='ltr'>μὴέστι</span> <span class='ocrx_word' id='word_1_489' title='bbox 3627 3343 3693 3398; x_wconf 76' lang='grc' dir='ltr'>τὸ</span> <span class='ocrx_word' id='word_1_490' title='bbox 3714 3359 3795 3412; x_wconf 70' lang='grc' dir='ltr'>για</span> 
     </span>
    </p>
   </div>
   <div class='ocr_carea' id='block_1_70' title="bbox 549 3416 2120 3507">
    <p class='ocr_par' dir='ltr' id='par_1_70' title="bbox 549 3416 2120 3489">
     <span class='ocr_line' id='line_1_70' title="bbox 549 3416 2120 3489; baseline 0.001 -16"><span class='ocrx_word' id='word_1_491' title='bbox 549 3416 667 3489; x_wconf 86' lang='lat' dir='ltr'><strong>(ubi</strong></span> <span class='ocrx_word' id='word_1_492' title='bbox 720 3432 831 3473; x_wconf 91' lang='lat' dir='ltr'><strong>non</strong></span> <span class='ocrx_word' id='word_1_493' title='bbox 878 3425 964 3474; x_wconf 91' lang='lat' dir='ltr'><strong>est</strong></span> <span class='ocrx_word' id='word_1_494' title='bbox 1007 3416 1153 3487; x_wconf 92' lang='lat' dir='ltr'><strong>quod</strong></span> <span class='ocrx_word' id='word_1_495' title='bbox 1212 3417 1613 3489; x_wconf 76' lang='lat' dir='ltr'><strong>Cognoscatur)</strong></span> <span class='ocrx_word' id='word_1_496' title='bbox 1674 3417 1921 3484; x_wconf 89' lang='lat' dir='ltr'><strong>inducit;</strong></span> <span class='ocrx_word' id='word_1_497' title='bbox 1956 3427 2120 3489; x_wconf 91' lang='lat' dir='ltr'><strong>atque</strong></span> 
     </span>
    </p>
   </div>
   <div class='ocr_carea' id='block_1_71' title="bbox 2223 3416 3794 3507">
    <p class='ocr_par' dir='ltr' id='par_1_71' title="bbox 2223 3431 3794 3507">
     <span class='ocr_line' id='line_1_71' title="bbox 2223 3431 3794 3507; baseline -0.001 -17"><span class='ocrx_word' id='word_1_498' title='bbox 2223 3434 2582 3504; x_wconf 83' lang='grc' dir='ltr'>νωσκόμενον,</span> <span class='ocrx_word' id='word_1_499' title='bbox 2615 3432 2709 3487; x_wconf 70' lang='grc' dir='ltr'><strong>καὶ</strong></span> <span class='ocrx_word' id='word_1_500' title='bbox 2735 3431 2923 3485; x_wconf 82' lang='grc' dir='ltr'>ποιοῦν</span> <span class='ocrx_word' id='word_1_501' title='bbox 2938 3435 3004 3501; x_wconf 77' lang='grc' dir='ltr'><strong>τῇ</strong></span> <span class='ocrx_word' id='word_1_502' title='bbox 3021 3432 3160 3485; x_wconf 87' lang='grc' dir='ltr'><strong>κατά</strong></span> <span class='ocrx_word' id='word_1_503' title='bbox 3182 3431 3280 3503; x_wconf 78' lang='grc' dir='ltr'>τὴν</span> <span class='ocrx_word' id='word_1_504' title='bbox 3305 3433 3490 3488; x_wconf 81' lang='grc' dir='ltr'>στάσιν</span> <span class='ocrx_word' id='word_1_505' title='bbox 3514 3434 3794 3507; x_wconf 72' lang='grc' dir='ltr'>ταύτότητι</span> 
     </span>
    </p>
   </div>
   <div class='ocr_carea' id='block_1_72' title="bbox 547 3508 2120 3593">
    <p class='ocr_par' dir='ltr' id='par_1_72' title="bbox 547 3508 2120 3581">
     <span class='ocr_line' id='line_1_72' title="bbox 547 3508 2120 3581; baseline 0.001 -17"><span class='ocrx_word' id='word_1_506' title='bbox 547 3508 792 3579; x_wconf 81' lang='lat' dir='ltr'><strong>ejusdem</strong></span> <span class='ocrx_word' id='word_1_507' title='bbox 819 3509 1025 3581; x_wconf 87' lang='lat' dir='ltr'><strong>quietis</strong></span> <span class='ocrx_word' id='word_1_508' title='bbox 1044 3524 1107 3565; x_wconf 85' lang='lat' dir='ltr'><strong>ae</strong></span> <span class='ocrx_word' id='word_1_509' title='bbox 1132 3519 1304 3566; x_wconf 90' lang='lat' dir='ltr'><strong>status</strong></span> <span class='ocrx_word' id='word_1_510' title='bbox 1335 3508 1614 3573; x_wconf 82' lang='lat' dir='ltr'><strong>ﬁrmitate.</strong></span> <span class='ocrx_word' id='word_1_511' title='bbox 1644 3525 1793 3576; x_wconf 90' lang='lat' dir='ltr'><strong>eum,</strong></span> <span class='ocrx_word' id='word_1_512' title='bbox 1821 3510 1916 3581; x_wconf 90' lang='lat' dir='ltr'><strong>qui</strong></span> <span class='ocrx_word' id='word_1_513' title='bbox 1935 3509 2120 3566; x_wconf 88' lang='lat' dir='ltr'><strong>divino</strong></span> 
     </span>
    </p>
   </div>
   <div class='ocr_carea' id='block_1_73' title="bbox 2223 3508 3480 3593">
    <p class='ocr_par' dir='ltr' id='par_1_73' title="bbox 2229 3520 3480 3593">
     <span class='ocr_line' id='line_1_73' title="bbox 2229 3520 3480 3593; baseline 0 -16"><span class='ocrx_word' id='word_1_514' title='bbox 2229 3523 2373 3588; x_wconf 81' lang='grc' dir='ltr'>θεὸν,</span> <span class='ocrx_word' id='word_1_515' title='bbox 2406 3522 2498 3577; x_wconf 80' lang='grc' dir='ltr'>τὸν</span> <span class='ocrx_word' id='word_1_516' title='bbox 2530 3522 2855 3593; x_wconf 81' lang='grc' dir='ltr'>ἀξιούμενον</span> <span class='ocrx_word' id='word_1_517' title='bbox 2883 3520 2986 3591; x_wconf 82' lang='grc' dir='ltr'>τῆς</span> <span class='ocrx_word' id='word_1_518' title='bbox 3011 3520 3160 3583; x_wconf 84' lang='grc' dir='ltr'>θείας</span> <span class='ocrx_word' id='word_1_519' title='bbox 3186 3522 3480 3593; x_wconf 77' lang='grc' dir='ltr'>μεθέξεως.</span> 
     </span>
    </p>
   </div>
   <div class='ocr_carea' id='block_1_74' title="bbox 547 3600 1750 3672">
    <p class='ocr_par' dir='ltr' id='par_1_74' title="bbox 547 3600 1750 3672">
     <span class='ocr_line' id='line_1_74' title="bbox 547 3600 1750 3672; baseline -0.001 -15"><span class='ocrx_word' id='word_1_520' title='bbox 547 3600 748 3672; x_wconf 80' lang='lat' dir='ltr'><strong>dignus</strong></span> <span class='ocrx_word' id='word_1_521' title='bbox 768 3601 1048 3658; x_wconf 88' lang='lat' dir='ltr'><strong>consortio</strong></span> <span class='ocrx_word' id='word_1_522' title='bbox 1074 3600 1362 3667; x_wconf 88' lang='lat' dir='ltr'><strong>habeatur,</strong></span> <span class='ocrx_word' id='word_1_523' title='bbox 1397 3602 1561 3658; x_wconf 90' lang='lat' dir='ltr'><strong>deum</strong></span> <span class='ocrx_word' id='word_1_524' title='bbox 1597 3601 1750 3658; x_wconf 86' lang='lat' dir='ltr'><strong>facit.</strong></span> 
     </span>
    </p>
   </div>
   <div class='ocr_carea' id='block_1_75' title="bbox 620 3693 2120 3773">
    <p class='ocr_par' dir='ltr' id='par_1_75' title="bbox 620 3693 2120 3765">
     <span class='ocr_line' id='line_1_75' title="bbox 620 3693 2120 3765; baseline -0.001 -15"><span class='ocrx_word' id='word_1_525' title='bbox 620 3693 708 3750; x_wconf 66' lang='grc'>64.</span> <span class='ocrx_word' id='word_1_526' title='bbox 753 3693 1012 3749; x_wconf 76' lang='lat' dir='ltr'><strong>Animum</strong></span> <span class='ocrx_word' id='word_1_527' title='bbox 1058 3693 1403 3764; x_wconf 86' lang='lat' dir='ltr'><strong>voluptatum</strong></span> <span class='ocrx_word' id='word_1_528' title='bbox 1437 3694 1695 3750; x_wconf 90' lang='lat' dir='ltr'><strong>sordibus</strong></span> <span class='ocrx_word' id='word_1_529' title='bbox 1736 3703 1995 3765; x_wconf 84' lang='lat' dir='ltr'><strong>tanquam</strong></span> <span class='ocrx_word' id='word_1_530' title='bbox 2030 3711 2120 3749; x_wconf 90' lang='lat' dir='ltr'><strong>ru-</strong></span> 
     </span>
    </p>
   </div>
   <div class='ocr_carea' id='block_1_76' title="bbox 2223 3693 3792 3773">
    <p class='ocr_par' dir='ltr' id='par_1_76' title="bbox 2296 3698 3792 3773">
     <span class='ocr_line' id='line_1_76' title="bbox 2296 3698 3792 3773; baseline 0 -19"><span class='ocrx_word' id='word_1_531' title='bbox 2296 3699 2389 3765; x_wconf 80' lang='grc' dir='ltr'>ξδ’.</span> <span class='ocrx_word' id='word_1_532' title='bbox 2425 3699 2802 3754; x_wconf 80' lang='grc' dir='ltr'>Κατιωθεῖσαν</span> <span class='ocrx_word' id='word_1_533' title='bbox 2833 3698 2932 3770; x_wconf 72' lang='grc' dir='ltr'>τὴν</span> <span class='ocrx_word' id='word_1_534' title='bbox 2957 3698 3134 3770; x_wconf 67' lang='grc' dir='ltr'>ψυχὴν</span> <span class='ocrx_word' id='word_1_535' title='bbox 3164 3699 3241 3771; x_wconf 82' lang='grc' dir='ltr'>τῷ</span> <span class='ocrx_word' id='word_1_536' title='bbox 3272 3700 3429 3772; x_wconf 81' lang='grc' dir='ltr'>ῥύπῳ</span> <span class='ocrx_word' id='word_1_537' title='bbox 3460 3703 3557 3769; x_wconf 82' lang='grc' dir='ltr'>τῆς</span> <span class='ocrx_word' id='word_1_538' title='bbox 3582 3702 3792 3773; x_wconf 78' lang='grc' dir='ltr'>ἡδονῆς,</span> 
     </span>
    </p>
   </div>
   <div class='ocr_carea' id='block_1_77' title="bbox 551 3783 2120 3862">
    <p class='ocr_par' dir='ltr' id='par_1_77' title="bbox 551 3783 2120 3857">
     <span class='ocr_line' id='line_1_77' title="bbox 551 3783 2120 3857; baseline 0.001 -17"><span class='ocrx_word' id='word_1_539' title='bbox 551 3783 731 3856; x_wconf 82' lang='lat' dir='ltr'><strong>higine</strong></span> <span class='ocrx_word' id='word_1_540' title='bbox 768 3785 1063 3850; x_wconf 84' lang='lat' dir='ltr'><strong>infectum,</strong></span> <span class='ocrx_word' id='word_1_541' title='bbox 1117 3785 1380 3842; x_wconf 90' lang='lat' dir='ltr'><strong>emundat</strong></span> <span class='ocrx_word' id='word_1_542' title='bbox 1411 3786 1566 3842; x_wconf 90' lang='lat' dir='ltr'><strong>labor</strong></span> <span class='ocrx_word' id='word_1_543' title='bbox 1588 3826 1603 3852; x_wconf 94' lang='lat'><strong>,</strong></span> <span class='ocrx_word' id='word_1_544' title='bbox 1664 3793 2120 3857; x_wconf 84' lang='lat' dir='ltr'><strong>terrenorumque</strong></span> 
     </span>
    </p>
   </div>
   <div class='ocr_carea' id='block_1_78' title="bbox 2223 3783 3794 3862">
    <p class='ocr_par' dir='ltr' id='par_1_78' title="bbox 2224 3789 3794 3862">
     <span class='ocr_line' id='line_1_78' title="bbox 2224 3789 3794 3862; baseline -0.001 -16"><span class='ocrx_word' id='word_1_545' title='bbox 2224 3789 2595 3861; x_wconf 86' lang='grc' dir='ltr'>ἀποκαθαίρει</span> <span class='ocrx_word' id='word_1_546' title='bbox 2620 3790 2780 3854; x_wconf 90' lang='grc' dir='ltr'>πόνος</span> <span class='ocrx_word' id='word_1_547' title='bbox 2795 3829 2810 3856; x_wconf 86' lang='grc'><strong>,</strong></span> <span class='ocrx_word' id='word_1_548' title='bbox 2866 3791 2963 3844; x_wconf 77' lang='grc' dir='ltr'>καὶ</span> <span class='ocrx_word' id='word_1_549' title='bbox 2990 3790 3189 3861; x_wconf 80' lang='grc' dir='ltr'>ἀφηλοῐ</span> <span class='ocrx_word' id='word_1_550' title='bbox 3212 3791 3490 3854; x_wconf 82' lang='grc' dir='ltr'>παντελῶς</span> <span class='ocrx_word' id='word_1_551' title='bbox 3510 3792 3682 3862; x_wconf 81' lang='grc' dir='ltr'>αὐτῆς</span> <span class='ocrx_word' id='word_1_552' title='bbox 3704 3792 3794 3862; x_wconf 83' lang='grc' dir='ltr'>τὴν</span> 
     </span>
    </p>
   </div>
   <div class='ocr_carea' id='block_1_79' title="bbox 552 3875 2120 3954">
    <p class='ocr_par' dir='ltr' id='par_1_79' title="bbox 552 3875 2120 3953">
     <span class='ocr_line' id='line_1_79' title="bbox 552 3875 2120 3953; baseline 0.002 -22"><span class='ocrx_word' id='word_1_553' title='bbox 552 3891 778 3948; x_wconf 88' lang='lat' dir='ltr'><strong>prorsus</strong></span> <span class='ocrx_word' id='word_1_554' title='bbox 799 3875 869 3932; x_wconf 91' lang='lat' dir='ltr'><strong>ab</strong></span> <span class='ocrx_word' id='word_1_555' title='bbox 893 3891 959 3931; x_wconf 90' lang='lat' dir='ltr'><strong>eo</strong></span> <span class='ocrx_word' id='word_1_556' title='bbox 990 3876 1277 3953; x_wconf 80' lang='lat' dir='ltr'><strong>libidinem</strong></span> <span class='ocrx_word' id='word_1_557' title='bbox 1304 3877 1539 3942; x_wconf 78' lang='lat' dir='ltr'><strong>revellit,</strong></span> <span class='ocrx_word' id='word_1_558' title='bbox 1564 3876 1661 3932; x_wconf 84' lang='lat' dir='ltr'><strong>ubi</strong></span> <span class='ocrx_word' id='word_1_559' title='bbox 1697 3879 1764 3943; x_wconf 88' lang='lat' dir='ltr'><strong>is,</strong></span> <span class='ocrx_word' id='word_1_560' title='bbox 1789 3893 1900 3948; x_wconf 87' lang='lat' dir='ltr'><strong>quo</strong></span> <span class='ocrx_word' id='word_1_561' title='bbox 1926 3878 2120 3934; x_wconf 87' lang='lat' dir='ltr'><strong>damno</strong></span> 
     </span>
    </p>
   </div>
   <div class='ocr_carea' id='block_1_80' title="bbox 2223 3875 3794 3954">
    <p class='ocr_par' dir='ltr' id='par_1_80' title="bbox 2228 3880 3794 3954">
     <span class='ocr_line' id='line_1_80' title="bbox 2228 3880 3794 3954; baseline 0.001 -20"><span class='ocrx_word' id='word_1_562' title='bbox 2228 3882 2409 3953; x_wconf 85' lang='grc' dir='ltr'>σχέσιν</span> <span class='ocrx_word' id='word_1_563' title='bbox 2434 3881 2542 3934; x_wconf 79' lang='grc' dir='ltr'><strong>τῶν</strong></span> <span class='ocrx_word' id='word_1_564' title='bbox 2566 3880 2786 3948; x_wconf 84' lang='grc' dir='ltr'>ὑλικῶν,</span> <span class='ocrx_word' id='word_1_565' title='bbox 2813 3881 2915 3951; x_wconf 87' lang='grc' dir='ltr'>τῆς</span> <span class='ocrx_word' id='word_1_566' title='bbox 2941 3881 3080 3951; x_wconf 76' lang='grc' dir='ltr'>πρὸς</span> <span class='ocrx_word' id='word_1_567' title='bbox 3102 3883 3241 3936; x_wconf 82' lang='grc' dir='ltr'>αὐτὰ</span> <span class='ocrx_word' id='word_1_568' title='bbox 3264 3882 3447 3952; x_wconf 82' lang='grc' dir='ltr'>φιλίας</span> <span class='ocrx_word' id='word_1_569' title='bbox 3472 3883 3573 3952; x_wconf 79' lang='grc' dir='ltr'><strong>τὴν</strong></span> <span class='ocrx_word' id='word_1_570' title='bbox 3596 3881 3794 3954; x_wconf 74' lang='grc' dir='ltr'>ζημίαν</span> 
     </span>
    </p>
   </div>
   <div class='ocr_carea' id='block_1_81' title="bbox 550 3965 2120 4049">
    <p class='ocr_par' dir='ltr' id='par_1_81' title="bbox 550 3965 2120 4038">
     <span class='ocr_line' id='line_1_81' title="bbox 550 3965 2120 4038; baseline 0.001 -16"><span class='ocrx_word' id='word_1_571' title='bbox 550 3965 745 4023; x_wconf 81' lang='lat' dir='ltr'><strong>alliciat</strong></span> <span class='ocrx_word' id='word_1_572' title='bbox 764 3982 954 4025; x_wconf 85' lang='lat' dir='ltr'><strong>eorum</strong></span> <span class='ocrx_word' id='word_1_573' title='bbox 979 3983 1153 4033; x_wconf 85' lang='lat' dir='ltr'><strong>amor,</strong></span> <span class='ocrx_word' id='word_1_574' title='bbox 1178 3968 1385 4023; x_wconf 87' lang='lat' dir='ltr'><strong>saniori</strong></span> <span class='ocrx_word' id='word_1_575' title='bbox 1407 3968 1639 4024; x_wconf 91' lang='lat' dir='ltr'><strong>consilio</strong></span> <span class='ocrx_word' id='word_1_576' title='bbox 1657 3968 1934 4024; x_wconf 90' lang='lat' dir='ltr'><strong>didicerit.</strong></span> <span class='ocrx_word' id='word_1_577' title='bbox 1956 3968 2120 4038; x_wconf 83' lang='lat' dir='ltr'><strong>quue</strong></span> 
     </span>
    </p>
   </div>
   <div class='ocr_carea' id='block_1_82' title="bbox 2223 3965 3794 4049">
    <p class='ocr_par' dir='ltr' id='par_1_82' title="bbox 2231 3970 3794 4049">
     <span class='ocr_line' id='line_1_82' title="bbox 2231 3970 3794 4049; baseline -0.001 -22"><span class='ocrx_word' id='word_1_578' title='bbox 2231 3970 2652 4049; x_wconf 85' lang='grc' dir='ltr'>μεταμαθοῢσαν</span> <span class='ocrx_word' id='word_1_579' title='bbox 2699 3970 2808 4043; x_wconf 79' lang='grc' dir='ltr'>[ιιι.</span> <span class='ocrx_word' id='word_1_580' title='bbox 2846 3971 3348 4045; x_wconf 79' lang='grc' dir='ltr'>μεταμαθούσης]’</span> <span class='ocrx_word' id='word_1_581' title='bbox 3402 3973 3471 4028; x_wconf 83' lang='grc' dir='ltr'><strong>δι’</strong></span> <span class='ocrx_word' id='word_1_582' title='bbox 3512 3975 3580 4046; x_wconf 71' lang='grc' dir='ltr'>ἢν</span> <span class='ocrx_word' id='word_1_583' title='bbox 3623 3973 3794 4029; x_wconf 77' lang='grc' dir='ltr'>αἰτίαν</span> 
     </span>
    </p>
   </div>
   <div class='ocr_carea' id='block_1_83' title="bbox 551 4059 2120 4136">
    <p class='ocr_par' dir='ltr' id='par_1_83' title="bbox 551 4059 2120 4134">
     <span class='ocr_line' id='line_1_83' title="bbox 551 4059 2120 4134; baseline 0.002 -20"><span class='ocrx_word' id='word_1_584' title='bbox 551 4059 608 4114; x_wconf 89' lang='lat' dir='ltr'><strong>in</strong></span> <span class='ocrx_word' id='word_1_585' title='bbox 642 4073 807 4115; x_wconf 87' lang='lat' dir='ltr'><strong>causa</strong></span> <span class='ocrx_word' id='word_1_586' title='bbox 836 4068 943 4125; x_wconf 89' lang='lat' dir='ltr'><strong>est,</strong></span> <span class='ocrx_word' id='word_1_587' title='bbox 972 4075 1075 4115; x_wconf 90' lang='lat' dir='ltr'><strong>cur</strong></span> <span class='ocrx_word' id='word_1_588' title='bbox 1100 4061 1247 4117; x_wconf 89' lang='lat' dir='ltr'><strong>Deus</strong></span> <span class='ocrx_word' id='word_1_589' title='bbox 1270 4060 1421 4133; x_wconf 82' lang='lat' dir='ltr'><strong>justo</strong></span> <span class='ocrx_word' id='word_1_590' title='bbox 1464 4060 1675 4134; x_wconf 87' lang='lat' dir='ltr'><strong>judicio</strong></span> <span class='ocrx_word' id='word_1_591' title='bbox 1705 4060 1961 4117; x_wconf 85' lang='lat' dir='ltr'><strong>homines</strong></span> <span class='ocrx_word' id='word_1_592' title='bbox 1983 4060 2120 4117; x_wconf 88' lang='lat' dir='ltr'><strong>sinat</strong></span> 
     </span>
    </p>
   </div>
   <div class='ocr_carea' id='block_1_84' title="bbox 2223 4059 3793 4136">
    <p class='ocr_par' dir='ltr' id='par_1_84' title="bbox 2226 4060 3793 4136">
     <span class='ocr_line' id='line_1_84' title="bbox 2226 4060 3793 4136; baseline -0.001 -18"><span class='ocrx_word' id='word_1_593' title='bbox 2226 4065 2255 4119; x_wconf 93' lang='lat'><strong>6</strong></span> <span class='ocrx_word' id='word_1_594' title='bbox 2294 4063 2426 4126; x_wconf 80' lang='grc' dir='ltr'>Θεὸς</span> <span class='ocrx_word' id='word_1_595' title='bbox 2470 4064 2747 4134; x_wconf 83' lang='grc' dir='ltr'>συγχωρεῖ</span> <span class='ocrx_word' id='word_1_596' title='bbox 2787 4060 2867 4131; x_wconf 84' lang='grc' dir='ltr'><strong>τῷ</strong></span> <span class='ocrx_word' id='word_1_597' title='bbox 2893 4061 3124 4131; x_wconf 83' lang='grc' dir='ltr'>διαϐόλῳ</span> <span class='ocrx_word' id='word_1_598' title='bbox 3149 4102 3164 4128; x_wconf 87' lang='grc'><em>,</em></span> <span class='ocrx_word' id='word_1_599' title='bbox 3216 4061 3359 4116; x_wconf 88' lang='grc' dir='ltr'><strong>κατά</strong></span> <span class='ocrx_word' id='word_1_600' title='bbox 3390 4062 3571 4136; x_wconf 82' lang='grc' dir='ltr'>κρίσιν</span> <span class='ocrx_word' id='word_1_601' title='bbox 3589 4061 3793 4119; x_wconf 85' lang='grc' dir='ltr'>δικαίαν</span> 
     </span>
    </p>
   </div>
   <div class='ocr_carea' id='block_1_85' title="bbox 550 4149 1118 4222">
    <p class='ocr_par' dir='ltr' id='par_1_85' title="bbox 550 4149 1118 4222">
     <span class='ocr_line' id='line_1_85' title="bbox 550 4149 1118 4222; baseline -0.005 -14"><span class='ocrx_word' id='word_1_602' title='bbox 550 4168 580 4208; x_wconf 87' lang='lat' dir='ltr'><strong>a</strong></span> <span class='ocrx_word' id='word_1_603' title='bbox 611 4149 829 4208; x_wconf 88' lang='lat' dir='ltr'><strong>diabolo</strong></span> <span class='ocrx_word' id='word_1_604' title='bbox 850 4151 1118 4222; x_wconf 86' lang='lat' dir='ltr'><strong>torqueri.</strong></span> 
     </span>
    </p>
   </div>
   <div class='ocr_carea' id='block_1_86' title="bbox 622 4242 2133 4314">
    <p class='ocr_par' dir='ltr' id='par_1_86' title="bbox 622 4242 2133 4314">
     <span class='ocr_line' id='line_1_86' title="bbox 622 4242 2133 4314; baseline -0.001 -17"><span class='ocrx_word' id='word_1_605' title='bbox 622 4242 712 4298; x_wconf 88' lang='lat'><strong>65.</strong></span> <span class='ocrx_word' id='word_1_606' title='bbox 737 4242 1000 4314; x_wconf 85' lang='lat' dir='ltr'><strong>Voluptas</strong></span> <span class='ocrx_word' id='word_1_607' title='bbox 1023 4250 1078 4298; x_wconf 90' lang='lat' dir='ltr'><strong>et</strong></span> <span class='ocrx_word' id='word_1_608' title='bbox 1099 4242 1274 4308; x_wconf 89' lang='lat' dir='ltr'><strong>dolor,</strong></span> <span class='ocrx_word' id='word_1_609' title='bbox 1307 4242 1580 4314; x_wconf 88' lang='lat' dir='ltr'><strong>cupiditas</strong></span> <span class='ocrx_word' id='word_1_610' title='bbox 1611 4249 1667 4298; x_wconf 86' lang='lat' dir='ltr'><strong>ct</strong></span> <span class='ocrx_word' id='word_1_611' title='bbox 1690 4249 1887 4307; x_wconf 78' lang='lat' dir='ltr'><strong>metus,</strong></span> <span class='ocrx_word' id='word_1_612' title='bbox 1914 4256 1978 4297; x_wconf 82' lang='lat' dir='ltr'><strong>ac</strong></span> <span class='ocrx_word' id='word_1_613' title='bbox 2009 4256 2133 4311; x_wconf 64' lang='lat' dir='ltr'><strong>quae</strong></span> 
     </span>
    </p>
   </div>
   <div class='ocr_carea' id='block_1_87' title="bbox 556 4333 2130 4405">
    <p class='ocr_par' dir='ltr' id='par_1_87' title="bbox 556 4333 2130 4405">
     <span class='ocr_line' id='line_1_87' title="bbox 556 4333 2130 4405; baseline -0.001 -17"><span class='ocrx_word' id='word_1_614' title='bbox 556 4335 671 4390; x_wconf 65' lang='lat' dir='ltr'><strong>haec</strong></span> <span class='ocrx_word' id='word_1_615' title='bbox 693 4333 1046 4401; x_wconf 89' lang='lat' dir='ltr'><strong>comitantur,</strong></span> <span class='ocrx_word' id='word_1_616' title='bbox 1090 4350 1200 4389; x_wconf 90' lang='lat' dir='ltr'><strong>non</strong></span> <span class='ocrx_word' id='word_1_617' title='bbox 1229 4335 1407 4405; x_wconf 88' lang='lat' dir='ltr'><strong>primo</strong></span> <span class='ocrx_word' id='word_1_618' title='bbox 1429 4351 1538 4390; x_wconf 88' lang='lat' dir='ltr'><strong>una</strong></span> <span class='ocrx_word' id='word_1_619' title='bbox 1564 4350 1689 4390; x_wconf 92' lang='lat' dir='ltr'><strong>cum</strong></span> <span class='ocrx_word' id='word_1_620' title='bbox 1718 4334 2003 4389; x_wconf 90' lang='lat' dir='ltr'><strong>hominum</strong></span> <span class='ocrx_word' id='word_1_621' title='bbox 2030 4349 2130 4388; x_wconf 90' lang='lat' dir='ltr'><strong>na-</strong></span> 
     </span>
    </p>
   </div>
   <div class='ocr_carea' id='block_1_88' title="bbox 2228 4152 3388 4226">
    <p class='ocr_par' dir='ltr' id='par_1_88' title="bbox 2228 4152 3388 4226">
     <span class='ocr_line' id='line_1_88' title="bbox 2228 4152 3388 4226; baseline 0 -16"><span class='ocrx_word' id='word_1_622' title='bbox 2228 4156 2355 4220; x_wconf 81' lang='grc' dir='ltr'>τοὺς</span> <span class='ocrx_word' id='word_1_623' title='bbox 2380 4153 2704 4226; x_wconf 83' lang='grc' dir='ltr'>ἀνθρώπους</span> <span class='ocrx_word' id='word_1_624' title='bbox 2734 4152 2987 4223; x_wconf 81' lang='grc' dir='ltr'>βασάνοις</span> <span class='ocrx_word' id='word_1_625' title='bbox 3016 4154 3388 4219; x_wconf 78' lang='grc' dir='ltr'>καταπιέζειν.</span> 
     </span>
    </p>
   </div>
   <div class='ocr_carea' id='block_1_89' title="bbox 2300 4243 3794 4315">
    <p class='ocr_par' dir='ltr' id='par_1_89' title="bbox 2300 4243 3794 4315">
     <span class='ocr_line' id='line_1_89' title="bbox 2300 4243 3794 4315; baseline -0.002 -17"><span class='ocrx_word' id='word_1_626' title='bbox 2300 4245 2394 4313; x_wconf 67' lang='lat' dir='ltr'><strong>Es’.</strong></span> <span class='ocrx_word' id='word_1_627' title='bbox 2413 4272 2421 4281; x_wconf 69' lang='grc' dir='ltr'><strong><em>ο</em></strong></span> <span class='ocrx_word' id='word_1_628' title='bbox 2439 4244 2630 4315; x_wconf 82' lang='grc' dir='ltr'>Ἦδονὴ</span> <span class='ocrx_word' id='word_1_629' title='bbox 2683 4244 2777 4299; x_wconf 74' lang='grc' dir='ltr'>καὶ</span> <span class='ocrx_word' id='word_1_630' title='bbox 2805 4243 2951 4313; x_wconf 86' lang='grc' dir='ltr'>λύπη</span> <span class='ocrx_word' id='word_1_631' title='bbox 2976 4284 2992 4309; x_wconf 83' lang='grc'><em>,</em></span> <span class='ocrx_word' id='word_1_632' title='bbox 3046 4244 3312 4314; x_wconf 74' lang='grc' dir='ltr'>ἐπιθυμία</span> <span class='ocrx_word' id='word_1_633' title='bbox 3340 4243 3433 4298; x_wconf 74' lang='grc' dir='ltr'>καὶ</span> <span class='ocrx_word' id='word_1_634' title='bbox 3461 4244 3624 4313; x_wconf 91' lang='grc' dir='ltr'>φόϐος</span> <span class='ocrx_word' id='word_1_635' title='bbox 3646 4285 3662 4309; x_wconf 88' lang='grc'><em>,</em></span> <span class='ocrx_word' id='word_1_636' title='bbox 3708 4260 3794 4296; x_wconf 85' lang='grc' dir='ltr'>κα.</span> 
     </span>
    </p>
   </div>
   <div class='ocr_carea' id='block_1_90' title="bbox 2230 4334 3789 4406">
    <p class='ocr_par' dir='ltr' id='par_1_90' title="bbox 2230 4334 3789 4406">
     <span class='ocr_line' id='line_1_90' title="bbox 2230 4334 3789 4406; baseline -0.001 -16"><span class='ocrx_word' id='word_1_637' title='bbox 2230 4336 2301 4390; x_wconf 72' lang='grc' dir='ltr'>τὰ</span> <span class='ocrx_word' id='word_1_638' title='bbox 2341 4335 2553 4398; x_wconf 86' lang='grc' dir='ltr'>τούτοις</span> <span class='ocrx_word' id='word_1_639' title='bbox 2594 4335 2836 4406; x_wconf 75' lang='grc' dir='ltr'>ἑπόμενα</span> <span class='ocrx_word' id='word_1_640' title='bbox 2857 4374 2873 4399; x_wconf 83' lang='grc'><em>,</em></span> <span class='ocrx_word' id='word_1_641' title='bbox 2928 4337 2993 4405; x_wconf 86' lang='grc' dir='ltr'><strong>τῇ</strong></span> <span class='ocrx_word' id='word_1_642' title='bbox 3024 4334 3184 4403; x_wconf 86' lang='grc' dir='ltr'>φύσει</span> <span class='ocrx_word' id='word_1_643' title='bbox 3208 4334 3319 4388; x_wconf 84' lang='grc' dir='ltr'><strong>τῶν</strong></span> <span class='ocrx_word' id='word_1_644' title='bbox 3339 4334 3642 4406; x_wconf 85' lang='grc' dir='ltr'>ἀνθρώπων</span> <span class='ocrx_word' id='word_1_645' title='bbox 3668 4351 3789 4406; x_wconf 82' lang='grc' dir='ltr'>προ·</span> 
     </span>
    </p>
   </div>
   <div class='ocr_carea' id='block_1_91' title="bbox 558 4400 2120 4499">
    <p class='ocr_par' dir='ltr' id='par_1_91' title="bbox 558 4400 2120 4499">
     <span class='ocr_line' id='line_1_91' title="bbox 558 4400 2120 4499; baseline 0.001 -20"><span class='ocrx_word' id='word_1_646' title='bbox 558 4432 676 4481; x_wconf 89' lang='lat' dir='ltr'><strong>tura</strong></span> <span class='ocrx_word' id='word_1_647' title='bbox 702 4425 923 4481; x_wconf 86' lang='lat' dir='ltr'><strong>condita</strong></span> <span class='ocrx_word' id='word_1_648' title='bbox 946 4400 1110 4492; x_wconf 88' lang='lat' dir='ltr'><strong>sunt;</strong></span> <span class='ocrx_word' id='word_1_649' title='bbox 1138 4400 1264 4482; x_wconf 81' lang='lat' dir='ltr'><strong>nam</strong></span> <span class='ocrx_word' id='word_1_650' title='bbox 1292 4426 1495 4499; x_wconf 91' lang='lat' dir='ltr'><strong>alioqui</strong></span> <span class='ocrx_word' id='word_1_651' title='bbox 1515 4427 1583 4481; x_wconf 91' lang='lat' dir='ltr'><strong>ad</strong></span> <span class='ocrx_word' id='word_1_652' title='bbox 1613 4434 1821 4481; x_wconf 81' lang='lat' dir='ltr'><strong>naturae</strong></span> <span class='ocrx_word' id='word_1_653' title='bbox 1849 4425 2120 4480; x_wconf 84' lang='lat' dir='ltr'><strong>deﬁnitio-</strong></span> 
     </span>
    </p>
   </div>
   <div class='ocr_carea' id='block_1_92' title="bbox 2223 4400 3794 4499">
    <p class='ocr_par' dir='ltr' id='par_1_92' title="bbox 2233 4400 3794 4498">
     <span class='ocr_line' id='line_1_92' title="bbox 2233 4400 3794 4498; baseline 0 -18"><span class='ocrx_word' id='word_1_654' title='bbox 2233 4425 2552 4498; x_wconf 82' lang='grc' dir='ltr'>ηγουμένως</span> <span class='ocrx_word' id='word_1_655' title='bbox 2602 4426 2662 4479; x_wconf 83' lang='grc' dir='ltr'>οὐ</span> <span class='ocrx_word' id='word_1_656' title='bbox 2699 4400 3079 4496; x_wconf 40' lang='grc' dir='ltr'>συνεκτίσθηλ</span> <span class='ocrx_word' id='word_1_657' title='bbox 3136 4424 3260 4481; x_wconf 65' lang='grc' dir='ltr'>ἐπεὶ</span> <span class='ocrx_word' id='word_1_658' title='bbox 3312 4426 3407 4480; x_wconf 74' lang='grc' dir='ltr'>καὶ</span> <span class='ocrx_word' id='word_1_659' title='bbox 3443 4400 3532 4491; x_wconf 44' lang='grc' dir='ltr'><strong>ἐἰς</strong></span> <span class='ocrx_word' id='word_1_660' title='bbox 3557 4426 3655 4480; x_wconf 77' lang='grc' dir='ltr'>τὸν</span> <span class='ocrx_word' id='word_1_661' title='bbox 3679 4400 3794 4497; x_wconf 78' lang='grc' dir='ltr'>ὅρον</span> 
     </span>
    </p>
   </div>
   <div class='ocr_carea' id='block_1_93' title="bbox 556 4517 2133 4586">
    <p class='ocr_par' dir='ltr' id='par_1_93' title="bbox 556 4517 2133 4586">
     <span class='ocr_line' id='line_1_93' title="bbox 556 4517 2133 4586; baseline 0.003 -16"><span class='ocrx_word' id='word_1_662' title='bbox 556 4531 682 4571; x_wconf 87' lang='lat' dir='ltr'><strong>nem</strong></span> <span class='ocrx_word' id='word_1_663' title='bbox 716 4525 1050 4586; x_wconf 89' lang='lat' dir='ltr'><strong>spectarent.</strong></span> <span class='ocrx_word' id='word_1_664' title='bbox 1083 4517 1354 4586; x_wconf 85' lang='lat' dir='ltr'><strong>Quocirca</strong></span> <span class='ocrx_word' id='word_1_665' title='bbox 1382 4518 1530 4586; x_wconf 89' lang='lat' dir='ltr'><strong>dico,</strong></span> <span class='ocrx_word' id='word_1_666' title='bbox 1574 4525 1858 4573; x_wconf 87' lang='lat' dir='ltr'><strong>auctorem</strong></span> <span class='ocrx_word' id='word_1_667' title='bbox 1906 4524 2133 4574; x_wconf 88' lang='lat' dir='ltr'><strong>secutus</strong></span> 
     </span>
    </p>
   </div>
   <div class='ocr_carea' id='block_1_94' title="bbox 627 4668 1079 4741">
    <p class='ocr_par' dir='ltr' id='par_1_94' title="bbox 627 4668 1079 4741">
     <span class='ocr_line' id='line_1_94' title="bbox 627 4668 1079 4741; baseline 0 -16"><span class='ocrx_word' id='word_1_668' title='bbox 627 4669 674 4703; x_wconf 81' lang='grc'><strong><em>⁸⁸</em></strong></span> <span class='ocrx_word' id='word_1_669' title='bbox 698 4668 899 4741; x_wconf 87' lang='lat' dir='ltr'><strong>Ephcs.</strong></span> <span class='ocrx_word' id='word_1_670' title='bbox 930 4688 988 4736; x_wconf 82' lang='grc' dir='ltr'>ιι,</span> <span class='ocrx_word' id='word_1_671' title='bbox 1024 4671 1079 4725; x_wconf 83' lang='lat'><strong>7.</strong></span> 
     </span>
    </p>
   </div>
   <div class='ocr_carea' id='block_1_95' title="bbox 630 4801 2125 4877">
    <p class='ocr_par' dir='ltr' id='par_1_95' title="bbox 630 4801 2125 4877">
     <span class='ocr_line' id='line_1_95' title="bbox 630 4801 2125 4877; baseline 0.004 -21"><span class='ocrx_word' id='word_1_672' title='bbox 630 4801 702 4877; x_wconf 78' lang='grc' dir='ltr'>(ο)</span> <span class='ocrx_word' id='word_1_673' title='bbox 749 4803 845 4868; x_wconf 75' lang='grc' dir='ltr'><strong>Ἐξ</strong></span> <span class='ocrx_word' id='word_1_674' title='bbox 868 4804 1085 4877; x_wconf 68' lang='grc' dir='ltr'>ἑαυτοῦ</span> <span class='ocrx_word' id='word_1_675' title='bbox 1113 4802 1689 4877; x_wconf 56' lang='grc' dir='ltr'>δεικνὺςησνάιριέιον</span> <span class='ocrx_word' id='word_1_676' title='bbox 1735 4804 1850 4877; x_wconf 68' lang='grc' dir='ltr'><strong>τὴν</strong></span> <span class='ocrx_word' id='word_1_677' title='bbox 1897 4806 2125 4877; x_wconf 59' lang='grc' dir='ltr'><strong>ψυχήν.</strong></span> 
     </span>
    </p>
   </div>
   <div class='ocr_carea' id='block_1_96' title="bbox 557 4873 2131 4946">
    <p class='ocr_par' dir='ltr' id='par_1_96' title="bbox 557 4873 2131 4946">
     <span class='ocr_line' id='line_1_96' title="bbox 557 4873 2131 4946; baseline -0.001 -14"><span class='ocrx_word' id='word_1_678' title='bbox 557 4873 763 4946; x_wconf 68' lang='grc' dir='ltr'>ΕιἸιοο</span> <span class='ocrx_word' id='word_1_679' title='bbox 799 4882 908 4929; x_wconf 87' lang='lat' dir='ltr'><strong>tam</strong></span> <span class='ocrx_word' id='word_1_680' title='bbox 945 4874 1178 4946; x_wconf 82' lang='lat' dir='ltr'><strong>clarum,</strong></span> <span class='ocrx_word' id='word_1_681' title='bbox 1219 4875 1295 4931; x_wconf 87' lang='lat' dir='ltr'><strong>ita</strong></span> <span class='ocrx_word' id='word_1_682' title='bbox 1323 4873 1487 4946; x_wconf 76' lang='lat' dir='ltr'><strong>Picus</strong></span> <span class='ocrx_word' id='word_1_683' title='bbox 1518 4873 1856 4946; x_wconf 77' lang='lat' dir='ltr'><strong>:Ea:__seipso</strong></span> <span class='ocrx_word' id='word_1_684' title='bbox 1892 4875 2131 4946; x_wconf 74' lang='lat' dir='ltr'><strong>declarat</strong></span> 
     </span>
    </p>
   </div>
   <div class='ocr_carea' id='block_1_97' title="bbox 557 4942 2126 5017">
    <p class='ocr_par' dir='ltr' id='par_1_97' title="bbox 557 4942 2126 5017">
     <span class='ocr_line' id='line_1_97' title="bbox 557 4942 2126 5017; baseline 0 -18"><span class='ocrx_word' id='word_1_685' title='bbox 557 4943 874 5017; x_wconf 54' lang='lat' dir='ltr'><strong>privatorum</strong></span> <span class='ocrx_word' id='word_1_686' title='bbox 905 4943 1145 5017; x_wconf 54' lang='lat' dir='ltr'><strong>quidem</strong></span> <span class='ocrx_word' id='word_1_687' title='bbox 1173 4960 1285 5017; x_wconf 68' lang='lat' dir='ltr'><strong>esse</strong></span> <span class='ocrx_word' id='word_1_688' title='bbox 1317 4944 1577 5017; x_wconf 60' lang='lat' dir='ltr'><strong>animant.</strong></span> <span class='ocrx_word' id='word_1_689' title='bbox 1633 4942 1832 5017; x_wconf 59' lang='lat' dir='ltr'><strong>Hancne</strong></span> <span class='ocrx_word' id='word_1_690' title='bbox 1884 4945 1988 5017; x_wconf 86' lang='lat' dir='ltr'><strong>vis,</strong></span> <span class='ocrx_word' id='word_1_691' title='bbox 2015 4943 2126 5017; x_wconf 53' lang='grc' dir='ltr'><strong>τοῦ</strong></span> 
     </span>
    </p>
   </div>
   <div class='ocr_carea' id='block_1_98' title="bbox 555 5013 2131 5085">
    <p class='ocr_par' dir='ltr' id='par_1_98' title="bbox 555 5013 2131 5085">
     <span class='ocr_line' id='line_1_98' title="bbox 555 5013 2131 5085; baseline 0.001 -16"><span class='ocrx_word' id='word_1_692' title='bbox 555 5013 863 5085; x_wconf 74' lang='grc' dir='ltr'>ἀκαθάρτου</span> <span class='ocrx_word' id='word_1_693' title='bbox 891 5015 984 5085; x_wconf 62' lang='grc' dir='ltr'><strong>καὶ</strong></span> <span class='ocrx_word' id='word_1_694' title='bbox 1004 5013 1376 5085; x_wconf 74' lang='grc' dir='ltr'>ἐσπιλωμένον</span> <span class='ocrx_word' id='word_1_695' title='bbox 1408 5013 1635 5085; x_wconf 75' lang='grc' dir='ltr'>χιτῶνος</span> <span class='ocrx_word' id='word_1_696' title='bbox 1656 5028 1671 5045; x_wconf 78' lang='grc'><strong><em>⁸</em></strong></span> <span class='ocrx_word' id='word_1_697' title='bbox 1690 5014 1958 5085; x_wconf 64' lang='lat' dir='ltr'><strong>immundi</strong></span> <span class='ocrx_word' id='word_1_698' title='bbox 1981 5015 2131 5071; x_wconf 74' lang='lat' dir='ltr'><strong>illius</strong></span> 
     </span>
    </p>
   </div>
   <div class='ocr_carea' id='block_1_99' title="bbox 558 5083 2130 5156">
    <p class='ocr_par' dir='ltr' id='par_1_99' title="bbox 558 5083 2130 5156">
     <span class='ocr_line' id='line_1_99' title="bbox 558 5083 2130 5156; baseline 0.003 -18"><span class='ocrx_word' id='word_1_699' title='bbox 558 5092 607 5138; x_wconf 76' lang='lat' dir='ltr'><strong>et</strong></span> <span class='ocrx_word' id='word_1_700' title='bbox 641 5083 977 5156; x_wconf 65' lang='lat' dir='ltr'><strong>conspurcati</strong></span> <span class='ocrx_word' id='word_1_701' title='bbox 999 5084 1283 5156; x_wconf 53' lang='lat' dir='ltr'><strong>involucra:</strong></span> <span class='ocrx_word' id='word_1_702' title='bbox 1332 5101 1396 5139; x_wconf 76' lang='lat' dir='ltr'><strong>ac</strong></span> <span class='ocrx_word' id='word_1_703' title='bbox 1433 5083 1600 5156; x_wconf 62' lang='lat' dir='ltr'><strong>pallii</strong></span> <span class='ocrx_word' id='word_1_704' title='bbox 1618 5126 1656 5156; x_wconf 20' lang='grc' dir='ltr'><strong>,Α</strong></span> <span class='ocrx_word' id='word_1_705' title='bbox 1673 5083 1956 5141; x_wconf 88' lang='lat' dir='ltr'><strong>declarare</strong></span> <span class='ocrx_word' id='word_1_706' title='bbox 2005 5101 2130 5142; x_wconf 84' lang='lat' dir='ltr'><strong>esse</strong></span> 
     </span>
    </p>
   </div>
   <div class='ocr_carea' id='block_1_100' title="bbox 558 5152 2129 5225">
    <p class='ocr_par' dir='ltr' id='par_1_100' title="bbox 558 5152 2129 5225">
     <span class='ocr_line' id='line_1_100' title="bbox 558 5152 2129 5225; baseline 0.002 -16"><span class='ocrx_word' id='word_1_707' title='bbox 558 5152 876 5225; x_wconf 65' lang='lat' dir='ltr'><strong>praeclaram</strong></span> <span class='ocrx_word' id='word_1_708' title='bbox 919 5154 1211 5211; x_wconf 84' lang='lat' dir='ltr'><strong>animam?</strong></span> <span class='ocrx_word' id='word_1_709' title='bbox 1237 5152 1456 5225; x_wconf 50' lang='grc' dir='ltr'>Νυετιεᾙ</span> <span class='ocrx_word' id='word_1_710' title='bbox 1487 5152 1798 5225; x_wconf 80' lang='lat' dir='ltr'><strong>Manifestat</strong></span> <span class='ocrx_word' id='word_1_711' title='bbox 1835 5172 1955 5213; x_wconf 86' lang='lat' dir='ltr'><strong>eam</strong></span> <span class='ocrx_word' id='word_1_712' title='bbox 1979 5197 1993 5220; x_wconf 89' lang='lat'><strong>,</strong></span> <span class='ocrx_word' id='word_1_713' title='bbox 2031 5173 2129 5212; x_wconf 90' lang='lat' dir='ltr'><strong>seu</strong></span> 
     </span>
    </p>
   </div>
   <div class='ocr_carea' id='block_1_101' title="bbox 559 5222 2127 5295">
    <p class='ocr_par' dir='ltr' id='par_1_101' title="bbox 559 5222 2127 5295">
     <span class='ocr_line' id='line_1_101' title="bbox 559 5222 2127 5295; baseline 0.002 -18"><span class='ocrx_word' id='word_1_714' title='bbox 559 5222 741 5280; x_wconf 89' lang='lat' dir='ltr'><strong>reddit</strong></span> <span class='ocrx_word' id='word_1_715' title='bbox 787 5224 1135 5282; x_wconf 81' lang='lat' dir='ltr'><strong>manifestam</strong></span> <span class='ocrx_word' id='word_1_716' title='bbox 1167 5241 1235 5279; x_wconf 73' lang='lat' dir='ltr'><strong>ex</strong></span> <span class='ocrx_word' id='word_1_717' title='bbox 1291 5222 1511 5295; x_wconf 78' lang='lat' dir='ltr'><strong>séipso;</strong></span> <span class='ocrx_word' id='word_1_718' title='bbox 1542 5224 1624 5279; x_wconf 92' lang='lat' dir='ltr'><strong>sic</strong></span> <span class='ocrx_word' id='word_1_719' title='bbox 1674 5240 1873 5295; x_wconf 83' lang='lat' dir='ltr'><strong>nempe</strong></span> <span class='ocrx_word' id='word_1_720' title='bbox 1928 5226 2127 5280; x_wconf 83' lang='lat' dir='ltr'><strong>factam</strong></span> 
     </span>
    </p>
   </div>
   <div class='ocr_carea' id='block_1_102' title="bbox 560 5294 2128 5367">
    <p class='ocr_par' dir='ltr' id='par_1_102' title="bbox 560 5294 2128 5367">
     <span class='ocr_line' id='line_1_102' title="bbox 560 5294 2128 5367; baseline 0.001 -19"><span class='ocrx_word' id='word_1_721' title='bbox 560 5294 897 5367; x_wconf 82' lang='lat' dir='ltr'><strong>immundam</strong></span> <span class='ocrx_word' id='word_1_722' title='bbox 929 5311 995 5350; x_wconf 90' lang='lat' dir='ltr'><strong>ac</strong></span> <span class='ocrx_word' id='word_1_723' title='bbox 1059 5294 1437 5367; x_wconf 75' lang='lat' dir='ltr'><strong>inquinatam;</strong></span> <span class='ocrx_word' id='word_1_724' title='bbox 1484 5309 1606 5364; x_wconf 71' lang='lat' dir='ltr'><strong>qum</strong></span> <span class='ocrx_word' id='word_1_725' title='bbox 1656 5294 2128 5367; x_wconf 18' lang='lat' dir='ltr'><strong>sibipro‘divina</strong></span> 
     </span>
    </p>
   </div>
   <div class='ocr_carea' id='block_1_103' title="bbox 558 5364 2128 5435">
    <p class='ocr_par' dir='ltr' id='par_1_103' title="bbox 558 5364 2128 5435">
     <span class='ocr_line' id='line_1_103' title="bbox 558 5364 2128 5435; baseline 0.001 -17"><span class='ocrx_word' id='word_1_726' title='bbox 558 5374 774 5435; x_wconf 84' lang='lat' dir='ltr'><strong>turpem</strong></span> <span class='ocrx_word' id='word_1_727' title='bbox 810 5366 958 5420; x_wconf 80' lang='lat' dir='ltr'><strong>illaut</strong></span> <span class='ocrx_word' id='word_1_728' title='bbox 984 5364 1216 5427; x_wconf 79' lang='lat' dir='ltr'><strong>formam</strong></span> <span class='ocrx_word' id='word_1_729' title='bbox 1246 5365 1648 5435; x_wconf 85' lang='lat' dir='ltr'><strong>imagiucmque</strong></span> <span class='ocrx_word' id='word_1_730' title='bbox 1671 5364 1974 5435; x_wconf 22' lang='lat' dir='ltr'><strong>Aindidcrit.</strong></span> <span class='ocrx_word' id='word_1_731' title='bbox 2015 5364 2128 5421; x_wconf 80' lang='lat' dir='ltr'><strong>Ma-</strong></span> 
     </span>
    </p>
   </div>
   <div class='ocr_carea' id='block_1_104' title="bbox 560 5433 1908 5516">
    <p class='ocr_par' dir='ltr' id='par_1_104' title="bbox 560 5433 1908 5516">
     <span class='ocr_line' id='line_1_104' title="bbox 560 5433 1908 5516; baseline 0 -26"><span class='ocrx_word' id='word_1_732' title='bbox 560 5433 668 5516; x_wconf 74' lang='lat' dir='ltr'><strong>gni</strong></span> <span class='ocrx_word' id='word_1_733' title='bbox 688 5434 893 5516; x_wconf 64' lang='lat' dir='ltr'><strong>ubique</strong></span> <span class='ocrx_word' id='word_1_734' title='bbox 912 5450 1037 5491; x_wconf 92' lang='lat' dir='ltr'><strong>cum</strong></span> <span class='ocrx_word' id='word_1_735' title='bbox 1076 5435 1196 5516; x_wconf 80' lang='lat' dir='ltr'><strong>pari</strong></span> <span class='ocrx_word' id='word_1_736' title='bbox 1226 5433 1429 5516; x_wconf 63' lang='lat' dir='ltr'><strong>pietate</strong></span> <span class='ocrx_word' id='word_1_737' title='bbox 1452 5449 1646 5516; x_wconf 74' lang='lat' dir='ltr'><strong>sensus</strong></span> <span class='ocrx_word' id='word_1_738' title='bbox 1669 5433 1908 5490; x_wconf 77' lang='lat' dir='ltr'><strong>Maximi.</strong></span> 
     </span>
    </p>
   </div>
   <div class='ocr_carea' id='block_1_105' title="bbox 634 5501 2124 5574">
    <p class='ocr_par' dir='ltr' id='par_1_105' title="bbox 634 5501 2124 5574">
     <span class='ocr_line' id='line_1_105' title="bbox 634 5501 2124 5574; baseline 0.001 -19"><span class='ocrx_word' id='word_1_739' title='bbox 634 5501 725 5574; x_wconf 56' lang='grc' dir='ltr'><strong>(ρ)Δ</strong></span> <span class='ocrx_word' id='word_1_740' title='bbox 751 5501 874 5574; x_wconf 79' lang='grc' dir='ltr'><strong>Τῷν</strong></span> <span class='ocrx_word' id='word_1_741' title='bbox 919 5501 1248 5574; x_wconf 74' lang='grc' dir='ltr'>τεγοῦότωῦ</span> <span class='ocrx_word' id='word_1_742' title='bbox 1318 5504 1432 5572; x_wconf 73' lang='grc' dir='ltr'><strong>τὴν</strong></span> <span class='ocrx_word' id='word_1_743' title='bbox 1487 5504 1821 5557; x_wconf 77' lang='grc' dir='ltr'>ἄπταιστον</span> <span class='ocrx_word' id='word_1_744' title='bbox 1880 5503 2124 5573; x_wconf 72' lang='grc' dir='ltr'>γνῶσιν.</span> 
     </span>
    </p>
   </div>
   <div class='ocr_carea' id='block_1_106' title="bbox 567 5570 2129 5645">
    <p class='ocr_par' dir='ltr' id='par_1_106' title="bbox 567 5570 2129 5645">
     <span class='ocr_line' id='line_1_106' title="bbox 567 5570 2129 5645; baseline 0.001 -18"><span class='ocrx_word' id='word_1_745' title='bbox 567 5570 729 5645; x_wconf 72' lang='lat' dir='ltr'><strong>Quasi</strong></span> <span class='ocrx_word' id='word_1_746' title='bbox 749 5570 969 5645; x_wconf 65' lang='lat' dir='ltr'><strong>absque</strong></span> <span class='ocrx_word' id='word_1_747' title='bbox 994 5570 1111 5629; x_wconf 80' lang='lat' dir='ltr'><strong>ullo</strong></span> <span class='ocrx_word' id='word_1_748' title='bbox 1137 5590 1348 5645; x_wconf 77' lang='lat' dir='ltr'><strong>errore,</strong></span> <span class='ocrx_word' id='word_1_749' title='bbox 1376 5570 1429 5626; x_wconf 90' lang='lat' dir='ltr'><strong>in</strong></span> <span class='ocrx_word' id='word_1_750' title='bbox 1463 5588 1569 5644; x_wconf 86' lang='lat' dir='ltr'><strong>qua</strong></span> <span class='ocrx_word' id='word_1_751' title='bbox 1594 5586 1703 5628; x_wconf 90' lang='lat' dir='ltr'><strong>non</strong></span> <span class='ocrx_word' id='word_1_752' title='bbox 1731 5575 1804 5630; x_wconf 89' lang='lat' dir='ltr'><strong>sit</strong></span> <span class='ocrx_word' id='word_1_753' title='bbox 1825 5570 2129 5645; x_wconf 83' lang='lat' dir='ltr'><strong>impingere</strong></span> 
     </span>
    </p>
   </div>
   <div class='ocr_carea' id='block_1_107' title="bbox 565 5640 2131 5716">
    <p class='ocr_par' dir='ltr' id='par_1_107' title="bbox 565 5640 2131 5716">
     <span class='ocr_line' id='line_1_107' title="bbox 565 5640 2131 5716; baseline 0 -20"><span class='ocrx_word' id='word_1_754' title='bbox 565 5650 624 5696; x_wconf 89' lang='lat' dir='ltr'><strong>et</strong></span> <span class='ocrx_word' id='word_1_755' title='bbox 650 5640 785 5695; x_wconf 85' lang='lat' dir='ltr'><strong>labi.</strong></span> <span class='ocrx_word' id='word_1_756' title='bbox 817 5640 1003 5716; x_wconf 68' lang='lat' dir='ltr'><strong>Utitur</strong></span> <span class='ocrx_word' id='word_1_757' title='bbox 1030 5658 1173 5712; x_wconf 62' lang='lat' dir='ltr'><strong>saepe</strong></span> <span class='ocrx_word' id='word_1_758' title='bbox 1203 5640 1608 5716; x_wconf 44' lang='lat' dir='ltr'><strong>Maximus—pro</strong></span> <span class='ocrx_word' id='word_1_759' title='bbox 1626 5652 1775 5697; x_wconf 76' lang='lat' dir='ltr'><strong>certa</strong></span> <span class='ocrx_word' id='word_1_760' title='bbox 1810 5640 1922 5716; x_wconf 70' lang='lat' dir='ltr'><strong>jani</strong></span> <span class='ocrx_word' id='word_1_761' title='bbox 1952 5640 2131 5716; x_wconf 64' lang='lat' dir='ltr'><strong>perfe-</strong></span> 
     </span>
    </p>
   </div>
   <div class='ocr_carea' id='block_1_108' title="bbox 569 5710 2127 5783">
    <p class='ocr_par' dir='ltr' id='par_1_108' title="bbox 569 5710 2127 5783">
     <span class='ocr_line' id='line_1_108' title="bbox 569 5710 2127 5783; baseline -0.001 -15"><span class='ocrx_word' id='word_1_762' title='bbox 569 5720 763 5781; x_wconf 84' lang='lat' dir='ltr'><strong>ctaque</strong></span> <span class='ocrx_word' id='word_1_763' title='bbox 798 5710 1049 5778; x_wconf 88' lang='lat' dir='ltr'><strong>scientia,</strong></span> <span class='ocrx_word' id='word_1_764' title='bbox 1091 5710 1202 5766; x_wconf 81' lang='lat' dir='ltr'><strong>non</strong></span> <span class='ocrx_word' id='word_1_765' title='bbox 1241 5710 1610 5778; x_wconf 63' lang='lat' dir='ltr'><strong>inorum,&#39;sed</strong></span> <span class='ocrx_word' id='word_1_766' title='bbox 1670 5710 2127 5783; x_wconf 78' lang='lat' dir='ltr'><strong>speculabilium;</strong></span> 
     </span>
    </p>
   </div>
   <div class='ocr_carea' id='block_1_109' title="bbox 2236 4512 3859 4605">
    <p class='ocr_par' dir='ltr' id='par_1_109' title="bbox 2236 4512 3859 4605">
     <span class='ocr_line' id='line_1_109' title="bbox 2236 4512 3859 4605; baseline -0.002 -33"><span class='ocrx_word' id='word_1_767' title='bbox 2236 4516 2303 4572; x_wconf 84' lang='grc' dir='ltr'>ἂν</span> <span class='ocrx_word' id='word_1_768' title='bbox 2354 4516 2668 4572; x_wconf 79' lang='grc' dir='ltr'>συνετέλουν</span> <span class='ocrx_word' id='word_1_769' title='bbox 2714 4516 2813 4588; x_wconf 81' lang='grc' dir='ltr'>τῆς</span> <span class='ocrx_word' id='word_1_770' title='bbox 2854 4514 3068 4587; x_wconf 83' lang='grc' dir='ltr'>φύσεως</span> <span class='ocrx_word' id='word_1_771' title='bbox 3089 4515 3186 4588; x_wconf 80' lang='lat' dir='ltr'><strong>(q).</strong></span> <span class='ocrx_word' id='word_1_772' title='bbox 3240 4516 3398 4585; x_wconf 75' lang='grc' dir='ltr'>Λέγω</span> <span class='ocrx_word' id='word_1_773' title='bbox 3422 4514 3487 4587; x_wconf 80' lang='grc' dir='ltr'>δὴ</span> <span class='ocrx_word' id='word_1_774' title='bbox 3531 4516 3685 4587; x_wconf 80' lang='grc' dir='ltr'><strong>παρά</strong></span> <span class='ocrx_word' id='word_1_775' title='bbox 3708 4512 3792 4569; x_wconf 74' lang='grc' dir='ltr'>τοῦ</span> <span class='ocrx_word' id='word_1_776' title='bbox 3856 4604 3859 4605; x_wconf 11' lang='grc' dir='ltr'><em>ν</em></span> 
     </span>
    </p>
   </div>
   <div class='ocr_carea' id='block_1_110' title="bbox 2234 4805 3794 4876">
    <p class='ocr_par' dir='ltr' id='par_1_110' title="bbox 2234 4805 3794 4876">
     <span class='ocr_line' id='line_1_110' title="bbox 2234 4805 3794 4876; baseline -0.003 -13"><span class='ocrx_word' id='word_1_777' title='bbox 2234 4807 2314 4863; x_wconf 88' lang='lat' dir='ltr'><strong>uti</strong></span> <span class='ocrx_word' id='word_1_778' title='bbox 2338 4807 2429 4862; x_wconf 91' lang='lat' dir='ltr'><strong>hic</strong></span> <span class='ocrx_word' id='word_1_779' title='bbox 2449 4806 2639 4863; x_wconf 75' lang='lat' dir='ltr'><strong>etiam.</strong></span> <span class='ocrx_word' id='word_1_780' title='bbox 2668 4805 2727 4861; x_wconf 92' lang='lat' dir='ltr'><strong>ld</strong></span> <span class='ocrx_word' id='word_1_781' title='bbox 2745 4805 2897 4861; x_wconf 83' lang='lat' dir='ltr'><strong>enim</strong></span> <span class='ocrx_word' id='word_1_782' title='bbox 2913 4805 3024 4860; x_wconf 82' lang='grc' dir='ltr'><strong>τῶν</strong></span> <span class='ocrx_word' id='word_1_783' title='bbox 3043 4806 3342 4876; x_wconf 89' lang='grc' dir='ltr'>γεγονότων</span> <span class='ocrx_word' id='word_1_784' title='bbox 3360 4806 3560 4875; x_wconf 85' lang='grc' dir='ltr'>γνῶσις</span> <span class='ocrx_word' id='word_1_785' title='bbox 3583 4825 3597 4839; x_wconf 76' lang='grc' dir='ltr'><strong>ο</strong></span> <span class='ocrx_word' id='word_1_786' title='bbox 3622 4806 3794 4862; x_wconf 73' lang='lat' dir='ltr'><strong>Sden-</strong></span> 
     </span>
    </p>
   </div>
   <div class='ocr_carea' id='block_1_111' title="bbox 2234 4876 3792 4947">
    <p class='ocr_par' dir='ltr' id='par_1_111' title="bbox 2234 4876 3792 4947">
     <span class='ocr_line' id='line_1_111' title="bbox 2234 4876 3792 4947; baseline -0.003 -15"><span class='ocrx_word' id='word_1_787' title='bbox 2234 4878 2311 4933; x_wconf 89' lang='lat' dir='ltr'><strong>tia</strong></span> <span class='ocrx_word' id='word_1_788' title='bbox 2355 4893 2541 4933; x_wconf 88' lang='lat' dir='ltr'><strong>rerum</strong></span> <span class='ocrx_word' id='word_1_789' title='bbox 2575 4892 2604 4931; x_wconf 86' lang='lat' dir='ltr'><strong>a</strong></span> <span class='ocrx_word' id='word_1_790' title='bbox 2638 4876 2750 4947; x_wconf 90' lang='lat' dir='ltr'><strong>Deo</strong></span> <span class='ocrx_word' id='word_1_791' title='bbox 2774 4876 3159 4947; x_wconf 81' lang='lat' dir='ltr'><strong>conditarum;</strong></span> <span class='ocrx_word' id='word_1_792' title='bbox 3206 4879 3365 4947; x_wconf 86' lang='lat' dir='ltr'><strong>cujus</strong></span> <span class='ocrx_word' id='word_1_793' title='bbox 3389 4876 3655 4947; x_wconf 86' lang='lat' dir='ltr'><strong>perfectio</strong></span> <span class='ocrx_word' id='word_1_794' title='bbox 3686 4878 3792 4945; x_wconf 88' lang='lat' dir='ltr'><strong>ipsa</strong></span> 
     </span>
    </p>
   </div>
   <div class='ocr_carea' id='block_1_112' title="bbox 2232 4946 3796 5016">
    <p class='ocr_par' dir='ltr' id='par_1_112' title="bbox 2232 4946 3796 5016">
     <span class='ocr_line' id='line_1_112' title="bbox 2232 4946 3796 5016; baseline 0 -17"><span class='ocrx_word' id='word_1_795' title='bbox 2232 4948 2440 5001; x_wconf 86' lang='lat' dir='ltr'><strong>veritas</strong></span> <span class='ocrx_word' id='word_1_796' title='bbox 2464 4954 2521 5001; x_wconf 89' lang='lat' dir='ltr'><strong>et</strong></span> <span class='ocrx_word' id='word_1_797' title='bbox 2549 4946 2849 5001; x_wconf 89' lang='lat' dir='ltr'><strong>certitudo.</strong></span> <span class='ocrx_word' id='word_1_798' title='bbox 2877 4946 2997 5016; x_wconf 75' lang='lat' dir='ltr'><strong>Non</strong></span> <span class='ocrx_word' id='word_1_799' title='bbox 3020 4946 3162 5001; x_wconf 85' lang='lat' dir='ltr'><strong>bene</strong></span> <span class='ocrx_word' id='word_1_800' title='bbox 3181 4946 3369 5016; x_wconf 85' lang='lat' dir='ltr'><strong>itaque</strong></span> <span class='ocrx_word' id='word_1_801' title='bbox 3400 4946 3582 5016; x_wconf 82' lang='lat' dir='ltr'><strong>Picus,</strong></span> <span class='ocrx_word' id='word_1_802' title='bbox 3616 4947 3796 5016; x_wconf 72' lang='lat' dir='ltr'><strong>immu-</strong></span> 
     </span>
    </p>
   </div>
   <div class='ocr_carea' id='block_1_113' title="bbox 2233 5013 3793 5086">
    <p class='ocr_par' dir='ltr' id='par_1_113' title="bbox 2233 5013 3793 5086">
     <span class='ocr_line' id='line_1_113' title="bbox 2233 5013 3793 5086; baseline -0.003 -16"><span class='ocrx_word' id='word_1_803' title='bbox 2233 5016 2469 5071; x_wconf 74' lang='lat' dir='ltr'><strong>eulatam</strong></span> <span class='ocrx_word' id='word_1_804' title='bbox 2502 5015 2682 5071; x_wconf 88' lang='lat' dir='ltr'><strong>reddit</strong></span> <span class='ocrx_word' id='word_1_805' title='bbox 2715 5032 2732 5069; x_wconf 90' lang='lat'><strong><em>:</em></strong></span> <span class='ocrx_word' id='word_1_806' title='bbox 2774 5017 2915 5071; x_wconf 89' lang='lat' dir='ltr'><strong>forte</strong></span> <span class='ocrx_word' id='word_1_807' title='bbox 2954 5013 3187 5086; x_wconf 82' lang='lat' dir='ltr'><strong>Hesych.</strong></span> <span class='ocrx_word' id='word_1_808' title='bbox 3229 5013 3446 5086; x_wconf 67' lang='lat' dir='ltr'><strong>fretus,</strong></span> <span class='ocrx_word' id='word_1_809' title='bbox 3491 5015 3582 5071; x_wconf 87' lang='lat' dir='ltr'><strong>cui</strong></span> <span class='ocrx_word' id='word_1_810' title='bbox 3612 5014 3793 5069; x_wconf 82' lang='grc' dir='ltr'>ἀπταί-</span> 
     </span>
    </p>
   </div>
   <div class='ocr_carea' id='block_1_114' title="bbox 2236 5085 3789 5156">
    <p class='ocr_par' dir='ltr' id='par_1_114' title="bbox 2236 5085 3789 5156">
     <span class='ocr_line' id='line_1_114' title="bbox 2236 5085 3789 5156; baseline -0.001 -16"><span class='ocrx_word' id='word_1_811' title='bbox 2236 5103 2397 5149; x_wconf 80' lang='grc' dir='ltr'>στως.</span> <span class='ocrx_word' id='word_1_812' title='bbox 2441 5086 3022 5156; x_wconf 72' lang='grc' dir='ltr'>ἀκαταγνώστωςοει.</span> <span class='ocrx_word' id='word_1_813' title='bbox 3069 5085 3355 5156; x_wconf 81' lang='lat' dir='ltr'><strong>refertque</strong></span> <span class='ocrx_word' id='word_1_814' title='bbox 3387 5085 3577 5156; x_wconf 76' lang='lat' dir='ltr'><strong>Varia.</strong></span> <span class='ocrx_word' id='word_1_815' title='bbox 3611 5096 3789 5156; x_wconf 79' lang='lat' dir='ltr'><strong>verum</strong></span> 
     </span>
    </p>
   </div>
   <div class='ocr_carea' id='block_1_115' title="bbox 2234 5153 3790 5211">
    <p class='ocr_par' dir='ltr' id='par_1_115' title="bbox 2234 5153 3790 5211">
     <span class='ocr_line' id='line_1_115' title="bbox 2234 5153 3790 5211; baseline -0.004 -1"><span class='ocrx_word' id='word_1_816' title='bbox 2234 5156 2289 5210; x_wconf 90' lang='lat' dir='ltr'><strong>id</strong></span> <span class='ocrx_word' id='word_1_817' title='bbox 2327 5170 2451 5210; x_wconf 90' lang='lat' dir='ltr'><strong>cum</strong></span> <span class='ocrx_word' id='word_1_818' title='bbox 2484 5156 2553 5211; x_wconf 91' lang='lat' dir='ltr'><strong>de</strong></span> <span class='ocrx_word' id='word_1_819' title='bbox 2588 5172 2807 5210; x_wconf 89' lang='lat' dir='ltr'><strong>morum</strong></span> <span class='ocrx_word' id='word_1_820' title='bbox 2840 5155 3051 5211; x_wconf 68' lang='lat' dir='ltr'><strong>offensa</strong></span> <span class='ocrx_word' id='word_1_821' title='bbox 3081 5153 3281 5211; x_wconf 40' lang='lat' dir='ltr'><strong>sermo—</strong></span> <span class='ocrx_word' id='word_1_822' title='bbox 3309 5156 3401 5211; x_wconf 90' lang='lat' dir='ltr'><strong>sit.</strong></span> <span class='ocrx_word' id='word_1_823' title='bbox 3447 5154 3604 5210; x_wconf 88' lang='lat' dir='ltr'><strong>Suid.</strong></span> <span class='ocrx_word' id='word_1_824' title='bbox 3630 5153 3790 5210; x_wconf 75' lang='lat' dir='ltr'><strong>addu-</strong></span> 
     </span>
    </p>
   </div>
   <div class='ocr_carea' id='block_1_116' title="bbox 2234 5224 3789 5294">
    <p class='ocr_par' dir='ltr' id='par_1_116' title="bbox 2234 5224 3789 5294">
     <span class='ocr_line' id='line_1_116' title="bbox 2234 5224 3789 5294; baseline -0.004 -14"><span class='ocrx_word' id='word_1_825' title='bbox 2234 5234 2379 5280; x_wconf 89' lang='lat' dir='ltr'><strong>ctam</strong></span> <span class='ocrx_word' id='word_1_826' title='bbox 2424 5240 2618 5280; x_wconf 87' lang='lat' dir='ltr'><strong>vocem</strong></span> <span class='ocrx_word' id='word_1_827' title='bbox 2659 5241 2769 5278; x_wconf 88' lang='lat' dir='ltr'><strong>non</strong></span> <span class='ocrx_word' id='word_1_828' title='bbox 2798 5226 3071 5294; x_wconf 83' lang='lat' dir='ltr'><strong>exposuit,</strong></span> <span class='ocrx_word' id='word_1_829' title='bbox 3111 5225 3259 5293; x_wconf 90' lang='lat' dir='ltr'><strong>quod</strong></span> <span class='ocrx_word' id='word_1_830' title='bbox 3290 5240 3354 5279; x_wconf 81' lang='lat' dir='ltr'><strong>ex</strong></span> <span class='ocrx_word' id='word_1_831' title='bbox 3387 5225 3654 5294; x_wconf 85' lang='lat' dir='ltr'><strong>simplicis</strong></span> <span class='ocrx_word' id='word_1_832' title='bbox 3687 5224 3789 5291; x_wconf 79' lang='lat' dir='ltr'><strong>ipsa</strong></span> 
     </span>
    </p>
   </div>
   <div class='ocr_carea' id='block_1_117' title="bbox 2236 5295 3618 5366">
    <p class='ocr_par' dir='ltr' id='par_1_117' title="bbox 2236 5295 3618 5366">
     <span class='ocr_line' id='line_1_117' title="bbox 2236 5295 3618 5366; baseline 0.001 -17"><span class='ocrx_word' id='word_1_833' title='bbox 2236 5295 2473 5366; x_wconf 89' lang='lat' dir='ltr'><strong>ratione.</strong></span> <span class='ocrx_word' id='word_1_834' title='bbox 2512 5310 2610 5366; x_wconf 89' lang='lat' dir='ltr'><strong>pro</strong></span> <span class='ocrx_word' id='word_1_835' title='bbox 2636 5295 2885 5366; x_wconf 85' lang='lat' dir='ltr'><strong>subjecta</strong></span> <span class='ocrx_word' id='word_1_836' title='bbox 2917 5295 3150 5366; x_wconf 80' lang='lat' dir='ltr'><strong>materia</strong></span> <span class='ocrx_word' id='word_1_837' title='bbox 3172 5295 3496 5366; x_wconf 68' lang='lat' dir='ltr'><strong>exponenda</strong></span> <span class='ocrx_word' id='word_1_838' title='bbox 3524 5296 3618 5351; x_wconf 84' lang='lat' dir='ltr'><strong>sit.</strong></span> 
     </span>
    </p>
   </div>
   <div class='ocr_carea' id='block_1_118' title="bbox 2308 5360 3788 5435">
    <p class='ocr_par' dir='ltr' id='par_1_118' title="bbox 2308 5360 3788 5435">
     <span class='ocr_line' id='line_1_118' title="bbox 2308 5360 3788 5435; baseline -0.011 -2"><span class='ocrx_word' id='word_1_839' title='bbox 2308 5364 2382 5435; x_wconf 75' lang='grc'><strong>((1)</strong></span> <span class='ocrx_word' id='word_1_840' title='bbox 2422 5368 2469 5419; x_wconf 83' lang='grc' dir='ltr'><strong><em>Ε</em></strong></span> <span class='ocrx_word' id='word_1_841' title='bbox 2474 5360 2526 5430; x_wconf 57' lang='lat' dir='ltr'><strong>lg:</strong></span> <span class='ocrx_word' id='word_1_842' title='bbox 2545 5365 2652 5417; x_wconf 77' lang='grc' dir='ltr'><strong>τὸν</strong></span> <span class='ocrx_word' id='word_1_843' title='bbox 2675 5360 2816 5432; x_wconf 69' lang='grc' dir='ltr'>ὅρον</span> <span class='ocrx_word' id='word_1_844' title='bbox 2845 5362 3218 5435; x_wconf 59' lang='grc' dir='ltr'>συνετέλουν</span> <span class='ocrx_word' id='word_1_845' title='bbox 3234 5360 3308 5432; x_wconf 74' lang='grc' dir='ltr'><strong><em>ἱνῆ</em></strong></span> <span class='ocrx_word' id='word_1_846' title='bbox 3315 5386 3345 5430; x_wconf 90' lang='grc' dir='ltr'><strong>ς</strong></span> <span class='ocrx_word' id='word_1_847' title='bbox 3366 5365 3623 5432; x_wconf 68' lang='grc' dir='ltr'>φύσεως.</span> <span class='ocrx_word' id='word_1_848' title='bbox 3641 5360 3788 5435; x_wconf 67' lang='grc' dir='ltr'>Ουεξὶ</span> 
     </span>
    </p>
   </div>
   <div class='ocr_carea' id='block_1_119' title="bbox 2234 5428 3789 5504">
    <p class='ocr_par' dir='ltr' id='par_1_119' title="bbox 2234 5428 3789 5504">
     <span class='ocr_line' id='line_1_119' title="bbox 2234 5428 3789 5504; baseline -0.002 -17"><span class='ocrx_word' id='word_1_849' title='bbox 2234 5428 2717 5504; x_wconf 23' lang='lat' dir='ltr'><strong>contribue‘rentur,</strong></span> <span class='ocrx_word' id='word_1_850' title='bbox 2745 5442 2803 5489; x_wconf 91' lang='lat' dir='ltr'><strong>et</strong></span> <span class='ocrx_word' id='word_1_851' title='bbox 2823 5433 2973 5502; x_wconf 90' lang='lat' dir='ltr'><strong>quod</strong></span> <span class='ocrx_word' id='word_1_852' title='bbox 2997 5428 3303 5504; x_wconf 76' lang='lat' dir='ltr'><strong>vulgatius</strong></span> <span class='ocrx_word' id='word_1_853' title='bbox 3324 5428 3637 5504; x_wconf 79' lang='lat' dir='ltr'><strong>clariusque</strong></span> <span class='ocrx_word' id='word_1_854' title='bbox 3677 5428 3789 5486; x_wconf 82' lang='lat' dir='ltr'><strong>red-</strong></span> 
     </span>
    </p>
   </div>
   <div class='ocr_carea' id='block_1_120' title="bbox 2236 5502 3786 5575">
    <p class='ocr_par' dir='ltr' id='par_1_120' title="bbox 2236 5502 3786 5575">
     <span class='ocr_line' id='line_1_120' title="bbox 2236 5502 3786 5575; baseline -0.003 -20"><span class='ocrx_word' id='word_1_855' title='bbox 2236 5502 2379 5575; x_wconf 67' lang='lat' dir='ltr'><strong>didi,</strong></span> <span class='ocrx_word' id='word_1_856' title='bbox 2406 5513 2727 5575; x_wconf 74' lang='lat' dir='ltr'><strong>spectarent,</strong></span> <span class='ocrx_word' id='word_1_857' title='bbox 2763 5504 3086 5575; x_wconf 47' lang='lat' dir='ltr'><strong>pertinerent</strong></span> <span class='ocrx_word' id='word_1_858' title='bbox 3105 5502 3177 5575; x_wconf 66' lang='lat' dir='ltr'><strong>uti</strong></span> <span class='ocrx_word' id='word_1_859' title='bbox 3201 5513 3404 5575; x_wconf 67' lang='lat' dir='ltr'><strong>natura:</strong></span> <span class='ocrx_word' id='word_1_860' title='bbox 3433 5503 3786 5572; x_wconf 78' lang='lat' dir='ltr'><strong>deﬁnitionem.</strong></span> 
     </span>
    </p>
   </div>
   <div class='ocr_carea' id='block_1_121' title="bbox 2235 5521 3790 5644">
    <p class='ocr_par' dir='ltr' id='par_1_121' title="bbox 2235 5521 3790 5644">
     <span class='ocr_line' id='line_1_121' title="bbox 2236 5521 3786 5575; baseline -0.005 -17"><span class='ocrx_word' id='word_1_861' title='bbox 2236 5521 2376 5563; x_wconf 83' lang='lat' dir='ltr'><strong>(Jltll.</strong></span> <span class='ocrx_word' id='word_1_862' title='bbox 2406 5521 2430 5558; x_wconf 78' lang='grc' dir='ltr'><strong>δ</strong></span> <span class='ocrx_word' id='word_1_863' title='bbox 2473 5521 2727 5567; x_wconf 75' lang='grc' dir='ltr'>εειανεηι,</span> <span class='ocrx_word' id='word_1_864' title='bbox 2763 5521 3086 5575; x_wconf 69' lang='lat' dir='ltr'><strong>pertinerent</strong></span> <span class='ocrx_word' id='word_1_865' title='bbox 3108 5521 3174 5559; x_wconf 89' lang='lat' dir='ltr'><strong>aa</strong></span> <span class='ocrx_word' id='word_1_866' title='bbox 3201 5521 3404 5558; x_wconf 77' lang='lat' dir='ltr'><strong>natura:</strong></span> <span class='ocrx_word' id='word_1_867' title='bbox 3433 5521 3786 5572; x_wconf 77' lang='lat' dir='ltr'><strong>aepmuoneru.</strong></span> 
     </span>
     <span class='ocr_line' id='line_1_122' title="bbox 2235 5521 3790 5644; baseline -0.001 -19"><span class='ocrx_word' id='word_1_868' title='bbox 2235 5573 2386 5644; x_wconf 66' lang='lat' dir='ltr'><strong>Nihil</strong></span> <span class='ocrx_word' id='word_1_869' title='bbox 2427 5521 2567 5629; x_wconf 49' lang='grc' dir='ltr'>ἕρπε</span> <span class='ocrx_word' id='word_1_870' title='bbox 2602 5574 2763 5644; x_wconf 71' lang='lat' dir='ltr'><strong>Picus</strong></span> <span class='ocrx_word' id='word_1_871' title='bbox 2795 5591 2808 5626; x_wconf 93' lang='lat'>:</span> <span class='ocrx_word' id='word_1_872' title='bbox 2851 5573 3162 5644; x_wconf 72' lang='lat' dir='ltr'><strong>Etenim_ad</strong></span> <span class='ocrx_word' id='word_1_873' title='bbox 3190 5573 3370 5644; x_wconf 7' lang='lat' dir='ltr'><strong>ﬁnem,</strong></span> <span class='ocrx_word' id='word_1_874' title='bbox 3396 5589 3598 5644; x_wconf 78' lang='lat' dir='ltr'><strong>quoque</strong></span> <span class='ocrx_word' id='word_1_875' title='bbox 3629 5578 3790 5626; x_wconf 62' lang='lat' dir='ltr'><strong>contr</strong></span> 
     </span>
    </p>
   </div>
   <div class='ocr_carea' id='block_1_122' title="bbox 2239 5641 3787 5723">
    <p class='ocr_par' dir='ltr' id='par_1_122' title="bbox 2239 5641 3787 5723">
     <span class='ocr_line' id='line_1_123' title="bbox 2239 5641 3787 5723; baseline -0.001 -28"><span class='ocrx_word' id='word_1_876' title='bbox 2239 5641 2438 5723; x_wconf 64' lang='lat' dir='ltr'><strong>(issent.</strong></span> <span class='ocrx_word' id='word_1_877' title='bbox 2478 5643 2644 5723; x_wconf 76' lang='lat' dir='ltr'><strong>Aliud</strong></span> <span class='ocrx_word' id='word_1_878' title='bbox 2673 5644 2818 5712; x_wconf 80' lang='grc' dir='ltr'>ὅρος,</span> <span class='ocrx_word' id='word_1_879' title='bbox 2863 5644 3006 5723; x_wconf 71' lang='lat' dir='ltr'><strong>alius</strong></span> <span class='ocrx_word' id='word_1_880' title='bbox 3054 5641 3228 5723; x_wconf 37' lang='lat' dir='ltr'><strong>ﬁnis}</strong></span> <span class='ocrx_word' id='word_1_881' title='bbox 3254 5643 3377 5723; x_wconf 29' lang='lat' dir='ltr'><strong>“etsi</strong></span> <span class='ocrx_word' id='word_1_882' title='bbox 3407 5641 3787 5723; x_wconf 46' lang='lat' dir='ltr'><strong>&#39;6pognquoquf</strong></span> 
     </span>
    </p>
   </div>
   <div class='ocr_carea' id='block_1_123' title="bbox 2239 5701 3786 5791">
    <p class='ocr_par' dir='ltr' id='par_1_123' title="bbox 2239 5701 3786 5791">
     <span class='ocr_line' id='line_1_124' title="bbox 2239 5701 3786 5791; baseline -0.001 -25"><span class='ocrx_word' id='word_1_883' title='bbox 2239 5713 2490 5791; x_wconf 62' lang='lat' dir='ltr'><strong>(erutum;</strong></span> <span class='ocrx_word' id='word_1_884' title='bbox 2538 5701 2919 5782; x_wconf 49' lang='lat' dir='ltr'><strong>dicitu&#39;r,&quot;qui</strong></span> <span class='ocrx_word' id='word_1_885' title='bbox 2959 5714 3075 5785; x_wconf 84' lang='lat' dir='ltr'><strong>ipsa</strong></span> <span class='ocrx_word' id='word_1_886' title='bbox 3101 5712 3351 5769; x_wconf 76' lang='lat' dir='ltr'><strong>definitio</strong></span> <span class='ocrx_word' id='word_1_887' title='bbox 3386 5701 3491 5770; x_wconf 79' lang='lat' dir='ltr'><strong>est.</strong></span> <span class='ocrx_word' id='word_1_888' title='bbox 3524 5701 3786 5768; x_wconf 65' lang='grc' dir='ltr'>Ἐιίιιιιίτδ</span> 
     </span>
    </p>
   </div>
  </div>
