4122 6320
368 409 507 477 ῘΞθῧ

1075 404 1411 469 CAPITUM
1447 403 1872 478 QUINOUIES
1904 402 2429 466 CENTENORUM
2466 401 2854 464 CENTURIA
2891 399 2934 460 Ι.

3482 389 3617 455 1206
3637 373 3644 388 ’

362 519 624 581 Νυσαέως
674 517 912 590 μεγάλου
960 515 1267 588 Γρηγορίου
1320 514 1509 586 μαθὼν
1535 555 1548 580 ,
1607 517 1690 569 ὅτι
1725 513 1814 568 διὰ
1843 513 1940 584 τὴν

2068 532 2304 589 nagnum
2334 514 2663 586 Gregorium
2692 512 3001 582 Nyssenum
3033 505 3152 580 (lib.
3180 505 3255 560 De
3288 502 3498 574 opiﬁcio
3531 506 3627 560 lio-

358 612 462 682 τῆς
521 611 855 682 τελειότητος
902 609 1214 675 ἔκπτωσιν,
1275 607 1576 678 ἐπεισήχθη
1619 606 1815 666 ταῦτα,
1863 604 1941 675 τῷ

362 703 670 773 ἁλογοτέρῳ
720 701 878 774 μέρει
921 699 1270 773 προσφυέντα
1312 700 1412 768 τῆς
1447 699 1698 768 φύσεως’
1755 698 1820 751 δι’
1842 689 1936 763 ὧν,

361 795 484 849 ἀντὶ
531 796 632 865 τῆς
681 792 956 866 μακαρίας
1009 793 1103 845 καὶ
1145 791 1295 854 θείας
1332 790 1579 856 εἰκόνος,
1637 789 1798 854 εὐθὺς
1825 790 1942 861 ἅμα

362 888 430 958 τῇ
458 885 791 955 παραῦάσει,
812 885 1076 955 διαφανὴς
1099 884 1192 936 καὶ
1219 883 1470 953 ἐπίδηλος
1493 884 1550 937 ἐν
1572 882 1650 953 τῷ
1671 881 1945 953 ἀνθρώπῳ

368 975 591 1046 γέγονεν
641 977 674 1047 ἡ
721 975 829 1028 τῶν
876 975 1087 1043 ἀλόγων
1128 972 1285 1040 ζώων
1332 974 1613 1044 όμοίωςιις.
1654 975 1801 1029 Ἔδει
1839 974 1947 1046 γὰρ

369 1069 468 1140 τῆς
504 1067 666 1133 ἀξίας
707 1068 799 1122 τοῦ
830 1067 988 1134 λόγου
1016 1066 1387 1138 καλυφθείσης
1412 1105 1426 1133 ,
1485 1068 1577 1137 ὑφ’
1599 1063 1673 1122 ὧν
1702 1068 1948 1123 ἐπεσπά-

373 1176 506 1213 σατο
537 1162 640 1228 τῆς
672 1159 898 1227 ἀλογίας
925 1159 1322 1229 γνωρισμάτων
1344 1200 1360 1224 ,
1415 1157 1638 1222 ἐνδίκως
1665 1157 1763 1228 τὴν
1787 1157 1949 1226 φύσιν

370 1251 480 1304 τῶν
536 1249 838 1321 ἀνθρώπων
883 1249 1240 1314 κολάξεσθαισ
1279 1249 1459 1318 σοφῶς
1487 1250 1568 1312 εἰς
1596 1248 1951 1320 συναίσθησιν

372 1339 476 1410 τῆς
525 1341 752 1410 λογικῆς
802 1341 1157 1411 μεγαλονοίας
1198 1341 1373 1395 ἐλθεῖν
1413 1340 1825 1412 οἰκονομοῦντος
1857 1338 1950 1394 τοῦ

373 1431 522 1486 Θεοῦ·
539 1433 631 1486 τὸν
655 1432 966 1504 ἄνθρωπον.

447 1609 556 1676 ξςδ.
590 1609 747 1663 Καλὰ
770 1609 981 1678 γίνεται
1010 1609 1104 1664 καὶ
1127 1609 1196 1664 τὰ
1220 1609 1366 1681 πάθη
1398 1611 1456 1664 ἒν
1479 1611 1592 1674 τοῖς
1623 1609 1953 1677 σπουδαίοις,

376 1700 614 1770 ὁπηνίκα
647 1700 824 1770 σοφῶς
853 1702 992 1756 αύτά
1017 1700 1126 1755 τῶν
1159 1701 1488 1772 σωματικῶν
1519 1702 1954 1772 ἀποστήσαντες,

379 1791 518 1864 πρὸς
558 1792 668 1867 τὴν
717 1792 828 1846 τῶν
879 1793 1146 1865 οὐρανίων
1193 1792 1702 1865 μεταχειριζώμεθα
1740 1794 1953 1863 κτῆσιν’

379 1881 510 1950 οἷον,
571 1885 658 1937 ὅτε
691 1884 791 1956 τὴν
820 1885 917 1955 μὲν
948 1884 1264 1955 ἐπιθυμίαν,
1313 1885 1411 1954 τῆς
1437 1886 1628 1956 νοερᾶς
1651 1884 1760 1938 τῶν
1788 1885 1950 1939 θείων
1984 1871 2026 1926 Β

381 1973 620 2044 ἐφέσεως
645 1975 933 2046 ὀρεκτικὴν
958 1975 1309 2046 ἐργασόμεθα
1337 1975 1583 2045 κίνησινο
1635 1975 1734 2044 τὴν
1761 1975 1956 2046 ἡδονὴν

379 2065 438 2118 δὲ
464 2108 478 2128 ,
511 2068 610 2137 τῆς
639 2066 731 2120 ἐπὶ
759 2069 874 2129 τοῖς
903 2067 1068 2130 θείοις
1096 2066 1398 2138 χαρίσμασι
1431 2065 1522 2118 τοῦ
1548 2065 1638 2119 νοῦ
1669 2065 1960 2135 θελκτικῆς

380 2157 658 2227 ἐνεργείας
691 2158 1030 2230 εὐφροσύνην
1061 2160 1174 2228 ἀπή
1187 2175 1320 2228 μονα
1345 2173 1360 2188 °
1415 2159 1507 2211 τὸν
1539 2158 1594 2212 δὲ
1640 2158 1960 2226 φόϐον.-τῆς

384 2246 684 2318 μελλούσης
736 2249 828 2301 ἐπὶ
882 2248 1318 2318 πλημμελήμασι
1363 2249 1634 2319 τιμωρίας
1677 2247 1959 2318 προφυλα-

381 2338 576 2408 κτικὴν
607 2339 922 2408 ἐπιμέλειαν
943 2356 956 2371 ·
1011 2342 1111 2411 τὴν
1137 2341 1193 2394 δὲ
1220 2340 1400 2411 λύπην
1419 2379 1433 2404 ,
1481 2339 1836 2410 διορθωτικὴν
1867 2338 1960 2391 ἐπὶ

382 2429 616 2502 παρόντι
657 2429 812 2500 κακῷ
852 2431 1237 2501 μεταμέλειαν.
1290 2431 1399 2484 Καὶ
1441 2431 1720 2501 συντόμως
1762 2432 1959 2496 εἰπεῖν,

383 2521 525 2573 κατὰ
575 2522 702 2584 τοὺς
745 2523 942 2589 σοφοὺς
984 2523 1094 2574 τῶν
1141 2522 1364 2594 ἰατρῶν,
1415 2521 1627 2591 σώματι
1656 2519 1959 2592 φθαρτικοῦ

383 2609 550 2680 θηρὸς
601 2611 700 2680 τῆς
741 2610 975 2681 ἐχίδνης,
1003 2610 1100 2681 τὴν
1129 2608 1292 2664 οὖσαν
1319 2611 1350 2681 ἢ
1385 2609 1768 2681 μελετωμένην
1797 2610 1963 2679 ἀφαι-

388 2700 683 2770 ρουμένους
726 2700 987 2772 λώὸησιν,
1037 2704 1150 2765 τοῖς
1182 2701 1380 2758 πάθεσι
1411 2699 1620 2763 τούτοις
1646 2701 1782 2771 πρὸς
1809 2699 1962 2754 ἀναί-

389 2807 536 2861 ρεσιν
575 2789 847 2863 χρώμενοι
891 2792 1174 2863 παρούσης
1199 2793 1400 2854 κακίας
1429 2791 1461 2863 ἢ
1489 2791 1961 2863 προσδοκωμένης,

385 2881 482 2934 καὶ
515 2882 710 2952 κτῆσιν
747 2884 841 2936 καὶ
870 2881 1114 2953 φυλακὴν
1141 2881 1344 2951 ἀρετῆς
1370 2899 1432 2934 τε
1465 2882 1560 2936 καὶ
1582 2880 1856 2953 γνώσεως.

2049 611 2251 679 minis),
2286 624 2354 665 eo
2383 607 2532 678 quod
2563 605 2761 660 amissa
2801 599 3066 672 perfectio
3099 605 3238 662 erat,
3261 595 3626 666 subintrodu-

2051 713 2140 762 eta
2174 704 2309 766 haec,
2344 701 2396 756 ei
2419 698 2588 755 animi
2625 697 2766 766 parti
2792 693 3148 757 cohaerentia,
3183 706 3305 761 quae
3341 705 3371 744 a
3413 690 3627 744 ratione

2051 795 2320 852 remotior
2353 799 2438 848 est
2471 790 2733 860 :quibus,
2765 789 2886 844 loco
2938 787 3111 841 beata:
3137 784 3450 852 divinaeque
3493 781 3657 835 ima--

2053 888 2219 959 ginis,
2271 885 2521 942 statima
2571 880 3042 952 transgressione,
3079 875 3322 932 dilucida
3371 889 3438 930 ac
3479 875 3629 928 clara

2054 981 2348 1037 brutarum
2379 974 2742 1031 animantium
2773 969 3078 1035 similitudo
3103 969 3159 1023 in
3195 966 3419 1022 homine
3453 963 3629 1025 exsti—

2054 1073 2141 1128 tit.
2169 1070 2410 1126 Decebat
2438 1065 2587 1123 enim
2620 1064 2852 1122 rationis
2893 1059 3210 1134 praestantia
3244 1059 3301 1120 in
3327 1057 3630 1120 obscurum

2055 1167 2265 1223 coacta,
2318 1158 2516 1212 merito
2562 1155 2749 1227 puniri
2805 1155 3109 1209 humanum
3153 1165 3345 1221 genus,
3379 1147 3446 1202 iis
3494 1160 3631 1216 quas

2057 1249 2345 1312 asciverat,
2394 1253 2607 1301 naturae
2642 1243 2886 1299 carentis
2923 1241 3135 1296 ratione
3161 1237 3341 1303 notis;
3377 1238 3490 1292 Deo
3535 1250 3626 1289 sa-

2057 1339 2403 1411 pientissime
2456 1335 2807 1404 disponente,
2863 1339 2926 1386 ut
2957 1346 3058 1401 per
3097 1329 3247 1383 hunc
3289 1326 3538 1390 modum,
3572 1325 3630 1380 in

2059 1429 2348 1486 rationalis
2375 1425 2708 1499 praestantia:
2731 1422 2902 1479 animi
2931 1435 3155 1478 sensum
3195 1419 3364 1474 homo
3387 1417 3633 1472 adduce-

2061 1530 2239 1578 retur.

2131 1614 2221 1670 66.
2257 1613 2396 1682 Ipsa:
2444 1623 2667 1681 quoque
2702 1606 3025 1679 passiones,
3080 1602 3422 1670 affectusque
3466 1598 3523 1654 in
3565 1599 3634 1654 iis

2060 1704 2158 1774 qui
2190 1701 2444 1766 studiosi,
2483 1698 2814 1768 honestique
2835 1697 3077 1751 cultores
3104 1700 3253 1758 sunt,
3276 1691 3408 1746 boni
3430 1705 3495 1745 ac
3517 1689 3638 1758 lau-

2063 1796 2276 1853 dabiles
2305 1794 2652 1858 redduntur;
2683 1804 2809 1846 cum
2839 1788 3120 1859 sapienter
3150 1802 3181 1840 a
3208 1782 3491 1854 corporeis
3511 1795 3639 1836 avo.

2055 1897 2246 1944 cantes
2272 1885 2340 1940 ad
2363 1881 2733 1954 comparanda
2751 1896 2875 1950 quae
2907 1877 3152 1934 coelestia
3177 1884 3326 1938 sunt.
3358 1890 3454 1928 eos
3477 1889 3640 1928 usur-

2057 1993 2285 2052 pamus;
2322 1984 2384 2031 ut
2435 1989 2586 2039 cum,
2629 1972 2782 2029 verbi
2819 1970 3016 2041 gratia,
3051 1969 3211 2039 526
3254 1965 3636 2036 cupiditatem,

2058 2070 2262 2125 mentis
2291 2075 2500 2123 motum
2518 2065 2830 2136 appetentis
2853 2062 3037 2118 divina
3064 2061 3328 2115 faciemus
3351 2075 3366 2121 ;
3386 2057 3641 2124 volupta-

2059 2169 2194 2226 tem,
2243 2159 2526 2214 innoxiam
2577 2157 2819 2211 animum
2856 2153 3152 2208 mulcentis
3205 2166 3269 2206 ac
3319 2147 3628 2212 illicientis,

2061 2251 2382 2308 divinorum
2409 2249 2679 2304 donorum
2702 2246 2978 2317 largitate,
3003 2242 3342 2316 operationis
3365 2240 3637 2305 laetitiam,

2064 2353 2296 2406 metum,
2319 2341 2492 2396 futuri
2522 2340 2853 2394 delictorum
2878 2352 3044 2402 causa
3069 2335 3345 2406 supplicii,
3370 2333 3443 2388 ob
3466 2327 3641 2400 eaque

2066 2432 2462 2503 impendentis,
2485 2439 2705 2485 cautam
2733 2428 3114 2498 diligentiam;
3139 2425 3416 2488 tristitiam
3441 2421 3642 2480 animi-

2065 2541 2174 2596 que
2205 2524 2474 2588 dolorem,
2511 2538 2619 2591 qua
2643 2536 2888 2591 praesens
2915 2520 3118 2574 malum
3144 2518 3500 2582 emendemus
3525 2529 3644 2585 pte-

2060 2614 2376 2671 nitentiam.
2413 2615 2615 2683 Atque,
2650 2621 2709 2667 ut
2737 2613 2904 2668 semel
2931 2612 3131 2676 dicam,
3172 2609 3645 2678 cumsapientum

2062 2706 2404 2762 medicorum
2439 2720 2614 2769 more,
2651 2704 2809 2774 cujus
2836 2703 2892 2765 in
2921 2702 3055 2756 foris
3076 2716 3320 2776 praesens
3358 2711 3638 2754 venenum

2061 2806 2166 2856 est.
2195 2796 2400 2867 viperae
2452 2810 2709 2864 corpore,
2749 2802 3076 2865 praesentem
3121 2807 3218 2855 seu
3263 2790 3644 2850 imminentem

2063 2884 2349 2962 gibbercm
2389 2882 2820 2953 depellentium,
2867 2882 2956 2944 his
2989 2881 3064 2936 ita
3091 2881 3384 2944 affectibus,
3436 2879 3648 2936 utimur

388 2981 451 3028 ut
471 2974 581 3030 illis
603 2984 936 3045 praesentem
965 2975 1233 3029 malitiam
1273 2982 1370 3030 aut
1397 2975 1777 3030 imminentem
1818 2974 2156 3044 perimamus
2214 2993 2280 3032 ac
2325 2985 2440 3032 tum
2474 2976 2736 3038 virtutem
2793 2985 2906 3030 tum
2950 2973 3235 3038 scientiam
3296 2972 3650 3043 acquiramus

386 3079 453 3119 ac
476 3064 876 3119 custodiamus.

461 3155 557 3221 ξζῖ
606 3155 664 3207 Ὁ
705 3155 804 3223 μὲν
849 3154 950 3224 τῆς
978 3152 1200 3225 πρώτης
1231 3153 1506 3225 Διαθήκης
1535 3154 1716 3224 νόμος,
1747 3152 1838 3206 διὰ
1861 3153 1962 3224 τῆς

2137 3155 2227 3210 67.
2250 3153 2459 3210 Prioris
2481 3153 2822 3227 Testamenti
2849 3153 2957 3216 lex,
2974 3169 3074 3223 per
3097 3167 3218 3206 eam
3241 3151 3653 3222 phiIOSOphiam

391 3245 700 3318 πρακτικῆς
729 3244 1044 3314 φιλοσοφίας
1066 3285 1082 3310 ,
1137 3246 1337 3308 παντὸς
1371 3245 1648 3316 μολυσμοῦ
1680 3245 1777 3316 τὴν
1804 3245 1966 3314 φύσιν

389 3335 776 3407 ἀποκαθαίρει,
818 3335 876 3388 '0
905 3336 960 3388 δὲ
989 3335 1090 3406 τῆς
1117 3336 1341 3406 Καινῆς,
1389 3336 1476 3389 διὰ
1500 3337 1601 3406 τῆς
1631 3337 1970 3408 θεωρητικῆς

401 3427 787 3497 μυσταγωγίας
804 3467 818 3491 ,
855 3426 961 3480 ἀπὸ
985 3427 1094 3479 τῶν
1122 3427 1451 3495 σωματικῶν
1479 3427 1615 3497 πρὸς
1639 3429 1707 3482 τὰ
1733 3428 1967 3498 συγγενῆ

394 3520 503 3574 τῶν
549 3520 757 3591 νοητῶν
801 3518 1051 3590 θεάματα
1076 3558 1092 3584 ,
1154 3517 1246 3571 τὸν
1285 3518 1410 3572 νοῦν
1447 3519 1760 3587 γνωστικῶς
1784 3519 1971 3572 (ειναϐι⁴

399 3609 575 3674 ϐάζει.

437 3685 448 3695 ’
471 3703 574 3774 ξη’.
622 3701 687 3754 Ἦ
721 3701 840 3754 θεία
873 3700 1095 3772 Γραφὴ,
1147 3700 1276 3762 τοὺς
1305 3700 1403 3769 μὲν
1432 3700 1838 3770 εἰσαγομένους,
1877 3701 1972 3754 καὶ

397 3794 493 3850 ἐπὶ
534 3793 604 3847 τὰ
642 3793 954 3864 προπύλαιά
987 3809 1089 3845 που
1117 3792 1485 3861 τυγχάνοντας
1512 3792 1612 3861 τῆς
1633 3791 1781 3853 θείας
1802 3792 1971 3860 αὐλῆς

399 3884 505 3938 τῶν
527 3884 756 3960 ἀρετῶν,
791 3882 1202 3952 φοϐουμένους
1231 3880 1416 3938 καλεῖ⁹
1453 3881 1580 3944 τοὺς
1606 3880 1662 3933 δὲ
1693 3881 1973 3950 κτησαμέ-

400 3995 524 4043 νους
570 3979 880 4049 σύμμετρον
922 3977 1034 4042 ἕξιν
1075 3976 1183 4031 τῶν
1224 3978 1345 4030 κατ’
1368 3977 1566 4049 ἀρετὴν
1593 3976 1764 4046 λόγων
1789 3995 1849 4030 τε
1879 3979 1973 4031 καλ⁵

401 4071 659 4142 τρόπων,
709 4066 848 4124 οἶδεν
899 4069 1184 4138 ὀνομάζειν
1231 4071 1715 4140 προκόπτονταςο
1773 4070 1898 4134 τοὺς
1918 4070 1975 4123 δὲ

403 4162 522 4218 κατ’
549 4162 716 4232 αὐτὴν
768 4162 1082 4234 γνωστικῶς
1133 4161 1232 4232 ήδη
1282 4163 1679 4232 γεγενημένους
1725 4162 1822 4232 τῆς
1866 4161 1974 4216 τῶν

403 4252 612 4322 ἀρετῶν
645 4253 977 4320 ὲκφαντικῆς
1003 4251 1258 4322 ἀληθείας
1289 4251 1384 4321 τὴν
1414 4251 1677 4323 κορυφὴν,
1713 4269 1977 4324 προσαγο-

408 4335 552 4407 ρεύει
581 4338 864 4404 τελείους.
885 4338 942 4390 Ὁ
963 4339 1138 4390 τοίνυν
1152 4339 1250 4408 τὴν
1282 4340 1338 4391 ὲν
1361 4341 1473 4401 τοῖς
1490 4339 1719 4394 πάθεσιν
1743 4339 1974 4411 ἀρχαίαν

405 4420 748 4499 ἀναστροφὴν
799 4430 1190 4501 ἀποστραφεὶς,
1242 4431 1334 4483 καὶ
1388 4431 1569 4484 πᾶσαν
1621 4430 1812 4484 ἑαυτοῦ
1877 4429 1974 4502 τὴν

407 4519 646 4574 διάθεσιν
668 4520 756 4574 διὰ
785 4521 874 4574 τὸν
899 4521 1060 4590 φόϐον
1106 4520 1418 4586 ἐκδεδωκὼς
1455 4524 1564 4585 τοῖς
1604 4521 1768 4586 θείοις
1807 4539 1973 4594 προσ-

407 4610 702 4680 τάγμασιν.
734 4611 942 4675 οὐδενὸς
964 4612 1128 4666 καλοῦ
1143 4613 1250 4665 τῶν
1277 4613 1646 4680 εἰσαγομένοις
1666 4614 1982 4684 πρεπόντων

409 4700 752 4771 καθυστερεῖ·
787 4701 888 4754 κᾶν
916 4702 1069 4756 οὔπω
1100 4702 1196 4766 τὴν
1227 4703 1287 4756 ὲν
1307 4703 1530 4773 ἀρεταῖς
1557 4696 1978 4772 ἓξινὶκτήσατο,

413 4790 506 4843 καὶ
550 4791 648 4862 τῆς
700 4792 759 4844 ὲν
799 4793 913 4854 τοῖς
949 4791 1173 4855 τελείοις
1201 4791 1536 4863 λαλουμένης
1574 4793 1765 4862 σοφίας
1793 4792 1984 4860 γέγονε

414 4881 662 4952 μέτοχος.
709 4882 852 4936 Ἀλλ’
883 4883 1004 4938 οὐδὲ
1052 4884 1081 4936 ό
1123 4883 1446 4953 προκόπτων
1472 4923 1487 4950 ,
1544 4883 1651 4938 τῶν
1700 4883 1987 4955 tuream.

482 4994 527 5026 ⁸⁷
561 4993 583 5048 ι
613 4993 741 5050 Cor.
776 5011 836 5060 ιι,
868 4994 918 5057 6.

415 5106 842 5178 προηγουμένως
875 5123 888 5159 :
919 5121 1030 5160 non
1048 5106 1201 5178 bene
1223 5106 1286 5178 ab
1311 5108 1463 5178 initio
1494 5124 1513 5178 ;
1548 5115 1652 5171 est,
1686 5109 1854 5178 primo
1884 5123 1983 5164 seu

414 5177 705 5240 primario;
747 5175 923 5246 prima
983 5176 1197 5230 scilicet
1245 5176 1615 5232 destinatione
1643 5217 1658 5239 ,
1687 5175 1758 5231 ac
1824 5179 1983 5246 quasi

414 5245 559 5299 Deus
589 5245 824 5299 creando
852 5246 1155 5310 hominem,
1188 5245 1276 5300 his
1300 5246 1456 5300 illum
1491 5247 1699 5314 stipare
1731 5245 1985 5302 intende-

414 5316 510 5386 rit.
548 5314 1018 5386 NegatUMaximus
1043 5331 1166 5370 cum
1217 5317 1596 5386 Nysseno;rac
1627 5332 1818 5370 verum
1866 5332 1988 5372 om—

412 5384 549 5454 nino
577 5383 649 5438 de
679 5383 968 5454 aﬂ‘ectibus
1005 5392 1065 5439 ιιι
1102 5395 1231 5439 sunt
1254 5383 1385 5441 vere
1451 5385 1596 5454 πάθη
1634 5402 1730 5440 seu
1763 5395 1984 5454 pertur-

415 5453 688 5526 bationes,
723 5453 1029 5526 vitiumque
1061 5456 1230 5517 olent,
1269 5471 1371 5526 nec
1404 5453 1646 5526 perfecte
1669 5453 1984 5526 subjiciun-

419 5532 519 5594 tur:
544 5522 764 5594 rationi.
801 5522 1020 5592 Alioqui
1067 5533 1215 5579 certe
1258 5522 1424 5580 etiam
1459 5525 1562 5594 ipsi
1592 5525 1684 5594 ad
1738 5522 1980 5581 hominis

415 5588 792 5664 deﬁnitionem
815 5588 1082 5664 spectant,
1125 5610 1235 5648 non
1265 5588 1620 5664 quideni‘sub
1643 5594 1860 5650 formati
1890 5611 1980 5650 ra-

416 5662 567 5716 tione
619 5661 877 5726 hominis,
903 5661 999 5716 sed
1034 5671 1092 5716 ut
1129 5661 1298 5717 etiam
1341 5665 1543 5718 animal
1583 5664 1834 5726 exsistit;
1877 5680 1982 5720 nec

413 5731 565 5804 enim
600 5730 768 5804 homo
814 5747 987 5804 purus
1020 5735 1236 5804 animus
1264 5749 1332 5804 ac
1369 5749 1531 5804 mens
1565 5740 1682 5804 est,
1717 5734 1772 5787 ni
1803 5733 1995 5804 Orige-

415 5801 578 5857 niane
601 5802 810 5858 sentire
845 5801 1097 5859 velimus.
1126 5803 1444 5872 Passimquc
1485 5802 1749 5858 Maximus
1775 5801 1978 5872 aliique

2069 3261 2192 3317 quae
2218 3244 2423 3300 actioni
2463 3245 2671 3308 studet,
2708 3245 2777 3298 ab
2809 3243 2958 3299 omni
2987 3242 3149 3298 sorde
3171 3252 3422 3297 naturam
3451 3256 3650 3295 cmun-

2068 3339 2180 3393 dat.
2233 3335 2374 3391 Novi
2427 3352 2560 3391 vero
2594 3335 2933 3391 Testamenti
2982 3335 3110 3399 lex,
3169 3333 3656 3403 contemplationis

2070 3429 2380 3484 initiatione
2412 3427 2868 3497 abstrusioreque
2903 3425 3179 3490 doctrina,
3205 3441 3233 3480 a
3265 3425 3549 3496 corporeis
3581 3426 3650 3480 ad

2069 3519 2251 3574 aliinia
2282 3517 2718 3589 intelligibilium
2760 3515 3100 3586 spectacula,
3138 3523 3378 3570 mentem
3423 3514 3652 3584 mystice

2069 3619 2381 3681 promovet.

2145 3704 2234 3757 68.
2271 3703 2470 3758 Divina
2500 3701 2806 3770 Scriptura,
2828 3715 2924 3755 eos
2948 3701 3041 3770 qui
3065 3700 3424 3764 inducuntur,
3447 3699 3655 3771 quique

2072 3795 2128 3848 in
2154 3793 2445 3848 vestibulis
2471 3791 2674 3846 divinas
2707 3790 2974 3845 virtutum
3019 3791 3158 3846 aulre
3205 3791 3356 3846 velut
3399 3807 3647 3846 commo-

2073 3893 2285 3949 rantur,
2315 3884 2555 3937 timentes
2587 3889 2774 3946 vocat;
2798 3881 2891 3950 qui
2914 3896 3047 3935 vero
3067 3889 3428 3949 temperatum
3455 3881 3652 3936 saltem

2076 3974 2296 4029 virtutis
2325 3973 2600 4028 rationum
2625 3972 3025 4040 modorumque
3055 3971 3304 4026 habitum
3330 3972 3475 4025 nacti
3494 3980 3646 4036 sunt,

2075 4067 2403 4136 proﬁcientes
2448 4066 2589 4121 solet
2617 4065 2900 4135 appellare
2929 4081 2943 4118 :
2981 4064 3075 4133 qui
3103 4063 3341 4132 denique
3371 4063 3437 4118 ad
3470 4063 3650 4132 ipsum

2073 4159 2180 4230 iam
2217 4157 2466 4212 veritatis
2493 4156 2730 4214 virtutes
2760 4156 3108 4225 explanantis
3141 4155 3407 4210 verticem
3428 4196 3441 4219 ,
3468 4155 3650 4210 scien-

2077 4247 2167 4300 tia:
2186 4245 2339 4300 cultu
2376 4260 2442 4300 ac
2474 4244 2961 4315 contemplationis
2988 4252 3376 4314 provexerunt,
3401 4243 3652 4315 perfectos

2075 4345 2380 4407 nuncupat.
2429 4337 2533 4404 Qui
2562 4337 2730 4408 igitur
2766 4345 3034 4403 veterem,
3071 4353 3178 4406 qua
3215 4337 3369 4392 vitiis
3411 4336 3655 4398 haerebat

2079 4445 2144 4484 ac
2171 4428 2460 4484 affectibus
2483 4429 2814 4500 jactabatur,
2847 4429 3318 4483 conversationem
3347 4437 3651 4491 aversatus,

2081 4535 2304 4576 omnem
2326 4520 2497 4575 animi
2522 4519 2806 4585 allectum,
2839 4535 2951 4589 quo
2988 4520 3183 4574 timore
3217 4521 3420 4592 agitur,
3453 4519 3656 4576 divinis

2076 4612 2366 4681 praeceptis
2395 4611 2639 4677 addixit;
2678 4611 2745 4677 is,
2782 4612 2939 4666 nullo
2969 4611 3099 4666 boni
3133 4628 3358 4684 genere,
3386 4613 3534 4682 quod
3561 4627 3658 4667 eos

2080 4703 2275 4758 deceat
2295 4704 2391 4773 qui
2414 4703 2814 4769 instituuntur,
2851 4703 3135 4770 deficitur;
3166 4705 3380 4764 tametsi
3419 4702 3656 4758 necdum

2083 4793 2302 4850 ﬁrmum
2331 4794 2386 4850 in
2410 4795 2716 4860 virtutibus
2743 4795 2995 4850 habitum
3041 4803 3237 4852 nactus
3269 4775 3372 4860 est:
3396 4810 3499 4850 nec
3536 4794 3658 4864 ejus

2083 4884 2367 4956 Sapientiae
2394 4901 2560 4955 quam
2585 4887 2890 4958 loquuntur
2913 4887 3060 4942 inter
3083 4887 3358 4956 perfectos
3376 4885 3443 4949 ³⁷,
3476 4883 3656 4938 factus

2083 5108 2273 5164 Patres
2326 5109 2523 5164 borum
2576 5110 2862 5178 ἐνέργειαν
2914 5110 2970 5164 ἱιι
3010 5110 3232 5164 Christo
3287 5109 3655 5169 necessariam

2083 5179 2444 5239 contendunt,
2489 5187 2550 5233 ιιι
2571 5181 2776 5234 veritas
2802 5181 2858 5233 in
2883 5195 2950 5234 eo
2974 5188 3180 5234 naturae
3207 5179 3458 5233 humanae
3496 5194 3657 5233 mon-

2085 5255 2378 5318 straretur,
2419 5248 2572 5303 Sicut
2601 5265 2733 5318 ergo
2756 5258 2915 5306 erant
2955 5249 3010 5302 in
3040 5250 3250 5305 Adamo
3277 5261 3334 5303 et
3367 5249 3499 5312 Eva,
3529 5249 3655 5318 qui-

2083 5316 2188 5389 bus
2214 5334 2316 5389 nos
2337 5319 2512 5389 nudis;
2533 5316 2933 5380 erubescimus,
2959 5319 3074 5388 ipsa
3105 5319 3273 5379 nuda,
3305 5327 3360 5372 et
3388 5333 3496 5372 non
3530 5316 3655 5373 eru-

2083 5387 2406 5452 bescebant,
2435 5387 2562 5457 quia
2594 5389 2650 5444 in
2686 5389 2767 5444 eis
2793 5387 3004 5444 nullum
3056 5389 3411 5444 rebellantem
3445 5397 3656 5443 motum

2083 5457 2421 5524 sentiebant;
2441 5458 2607 5527 inque
2641 5474 2764 5512 cum
2779 5459 2999 5512 modum
3015 5473 3207 5512 eorum
3229 5473 3456 5524 corpora
3474 5458 3655 5527 getiam

2087 5526 2754 5608 «ponyoupévaig’condita
2774 5528 2992 5608 fuerant
3015 5545 3029 5581 :
3060 5529 3140 5582 sic
3161 5536 3219 5583 et
3239 5527 3406 5594 πάθη,
3427 5526 3656 5583 allectus

2086 5597 2286 5650 virium
2308 5597 2663 5652 sentientium
2689 5607 2746 5668 et
2771 5598 3062 5668 ἐνέργειαι,
3095 5608 3258 5666 prout
3283 5613 3513 5668 quasque
3533 5611 3660 5667 pro-

2085 5680 2256 5734 pensa
2311 5675 2429 5721 erat
2485 5683 2645 5738 suum
2700 5667 2873 5722 linem
2896 5676 2968 5738 et
3016 5668 3325 5738 objectum;
3380 5667 3475 5722 sed
3529 5681 3655 5721 cum

2085 5749 2302 5858 ἓηῖιηρ
2335 5737 2726 5808 tranquillitate
2751 5776 2765 5804 ,
2817 5737 3525 5808 uullaque’perturiiatione
3564 5743 3661 5790 aut

2147 5821 2175 5858 Ο
2202 5821 2260 5858 CS
2290 5822 2360 5858 la.

2147 5821 2360 5860 onesua.
