4122 6320
588 389 722 455 1207

1760 397 1820 454 S.
1865 393 2150 454 MAXIM]
2189 392 2697 456 CONFESSORIS

3696 400 3834 463 1308

585 515 672 560 est
722 504 1013 574 particeps.
1063 501 1130 556 At
1173 517 1352 572 neque
1383 503 1477 573 qui
1528 504 1773 573 proficit,
1816 506 1924 560 ulla
1963 521 2150 560 corum

2265 507 2440 578 μένων
2479 506 2645 560 αὑτοῦ
2674 505 2750 576 τῷ
2789 510 2807 528 '
2836 505 3028 577 βαθμῷ
3057 506 3236 561 καλῶν
3262 524 3408 572 τινος
3438 507 3681 580 ὑστερεῖο
3730 513 3833 565 κᾶν

586 595 859 651 bonorum
907 602 1060 664 parte
1095 592 1440 658 destituitur,
1475 611 1598 665 qua:
1643 596 1709 650 ad
1759 597 1878 666 ejus
1925 596 2154 668 gradum

585 687 843 747 attinent,
877 699 1190 754 quanquam
1233 686 1472 740 necdum
1499 687 1748 741 eamdem
1783 698 1948 758 atque
1973 689 2156 758 perfe-

583 777 659 831 cti
691 775 1051 830 excellentem
1092 775 1408 830 divinorum
1451 778 1736 834 scientiam
1769 781 2000 849 adeptus
2049 789 2154 836 est.

582 863 818 920 Perfecti
861 864 1034 928 enim,
1073 866 1582 934 contemplatricem
1608 868 1720 937 jam
1759 868 1985 939 mystice
2021 868 2156 922 ade-

581 955 662 1025 pti
697 955 1048 1025 theologiam,
1086 956 1382 1026 animoque
1415 973 1446 1011 a
1476 964 1698 1012 terreno
1721 959 1872 1012 omni
1911 961 2155 1030 cogitatu

579 1062 860 1117 sensuque
897 1054 1152 1118 purgato,
1184 1062 1306 1117 qua;
1345 1048 1519 1103 divini
1557 1049 1777 1105 decoris
1800 1059 1971 1106 totam
2002 1052 2156 1106 nullo

580 1136 896 1193 desiderato
958 1153 1276 1208 expressam
1343 1139 1634 1210 imaginem
1692 1156 1756 1198 ac
1801 1141 2153 1196 simulacrum

581 1228 762 1292 ferat,
815 1227 1060 1282 divinam
1114 1226 1440 1285 charitatem
1479 1230 1606 1284 sinu
1643 1245 1745 1284 suo
1795 1231 2153 1302 intimiusque

579 1321 853 1391 complexi
886 1319 1169 1377 videntur.

649 1429 738 1484 69.
769 1429 979 1499 Duplex
1026 1437 1112 1484 est
1146 1429 1346 1495 timor;
1396 1429 1538 1484 alius
1571 1436 1788 1494 castus,
1842 1429 1983 1484 alius
2042 1445 2152 1485 non

579 1531 786 1577 castus.
819 1521 922 1588 Qui
958 1522 1107 1576 enim
1138 1521 1470 1577 delictorum
1501 1538 1685 1589 causa,
1713 1524 1995 1592 suspensis
2026 1540 2156 1594 sup-

580 1615 733 1686 plicii
764 1625 912 1670 metu
949 1615 1149 1670 animis
1189 1613 1350 1684 527
1391 1615 1555 1669 timor
1585 1613 1884 1678 conﬂatur,
1927 1631 2052 1669 cum
2086 1632 2155 1669 ex

581 1714 809 1776 peccato
851 1707 1016 1762 ducat
1045 1707 1335 1775 originem,
1382 1722 1446 1762 ac
1473 1707 1618 1776 quod
1667 1708 1864 1772 oritur,
1919 1707 1974 1760 in
2018 1706 2151 1761 illud

580 1812 802 1852 causam
846 1797 1070 1862 referat,
1103 1805 1288 1852 castus
1329 1813 1438 1850 non
1469 1805 1586 1863 est;
1630 1813 1734 1851 nec
1759 1797 1867 1851 erit
1911 1812 2147 1866 semper,

2258 601 2357 669 τὴν
2388 599 2556 670 αὐτὴν
2587 599 2740 652 οὔπω
2762 601 2876 663 τοῖς
2896 598 3120 662 τελείοις
3142 597 3516 670 ὑπερέχουσαν
3539 600 3653 656 τῶν
3673 598 3834 656 θείων

2258 691 2527 762 ἐκτήσατο
2569 689 2790 759 γνῶσιν.
2854 692 2916 742 Ol
2956 688 3064 759 γὰρ
3102 688 3320 749 τέλειοι,
3365 690 3466 758 τῆς
3494 688 3834 764 θεωρητικῆς

2259 783 2358 853 ἤδη
2394 783 2676 852 μυστικῶς
2704 781 3023 846 ἀξιωθέντες
3051 779 3344 848 θεολογίας,
3380 783 3477 835 καὶ
3507 783 3687 853 πάσης
3708 803 3834 852 φαν-

2255 873 2452 936 τασίας
2485 873 2674 943 ὑλικῆς
2701 873 2793 926 τὸν
2821 871 2946 926 νοῦν
2975 872 3212 941 καθαρὸν
3243 874 3708 943 καταστήσαντες,
3741 877 3834 930 καὶ

2257 964 2462 1028 είκόνος
2511 966 2610 1035 τῆς
2651 963 2802 1026 θείας
2847 963 3180 1033 ὡραιότητος
3223 963 3353 1034 ὃλην
3392 964 3695 1029 ἀνελλιπῶς
3735 968 3832 1037 φέ-

2258 1075 2464 1128 ρουσαν,
2486 1057 2584 1127 τὴν
2609 1056 2939 1126 ἑκμίμησιν,
2974 1055 3074 1125 τὴν
3103 1053 3254 1108 θείαν
3281 1055 3503 1126 ἀγάπην
3535 1057 3593 1108 ἑν
3617 1058 3831 1122 ἑαυτοῖς

2256 1147 2730 1219 ἑνστερνισάμενοι
2759 1145 3056 1214 φαίνονται.

2327 1429 2423 1498 ξθ’.
2479 1429 2664 1491 Διττός
2693 1427 2842 1480 ἑστιν
2869 1428 2897 1480 ὁ
2923 1425 3105 1494 φόϐος
3141 1428 3169 1479 ό
3199 1427 3297 1490 μὲν
3340 1427 3525 1494 ἀγνόςο
3559 1429 3586 1482 ό
3629 1426 3687 1480 δὲ
3739 1429 3833 1500 οὑχ

2256 1526 2439 1591 ἁγνός,
2487 1523 2544 1576 ’0
2579 1521 2676 1592 μὲν
2709 1520 2816 1591 γὰρ
2862 1519 2953 1572 ἐπὶ
2985 1518 3421 1589 πλημμελήμασι
3455 1521 3577 1572 κατ’
3609 1521 3833 1591 ἐκδοχὴν

2255 1611 2531 1671 κολάσεως
2563 1609 2952 1678 συνιστάμενος
2997 1607 3180 1675 φόϐος,
3216 1608 3396 1662 αἰτίαν
3445 1608 3583 1678 ἔχων
3610 1611 3710 1678 τῆς
3760 1612 3830 1664 oi-

2255 1703 2410 1764 κείας
2433 1700 2701 1769 γενέσεως
2733 1700 2830 1769 τὴν
2859 1700 3153 1771 ἁμαρτίαν,
3187 1699 3284 1769 οὑχ
3315 1700 3497 1768 ἁγνὸς,
3534 1700 3655 1753 οὐδὲ
3684 1701 3831 1755 ἔσται

2253 1794 2566 1860 διαπαντὸς,
2601 1796 2667 1864 τῇ
2699 1793 2945 1863 ἁμαρτίᾳ.
2976 1793 3061 1846 διὰ
3092 1793 3190 1859 τῆς
3223 1792 3513 1862 μετανοίας
3539 1810 3832 1860 συναφανι-

578 1889 674 1958 qui
703 1903 810 1943 una
855 1904 980 1943 eum
1023 1897 1248 1958 peccato
1297 1903 1395 1958 per
1433 1886 1810 1957 paenitentiam
1846 1864 2148 1941 abolcatur.

2253 1887 2478 1958 ξόμενος
2504 1887 2596 1957 (ι’).
2633 1888 2691 1939 '0
2721 1885 2776 1939 δὲ
2805 1886 2929 1955 δίχα
2953 1885 3052 1952 τῆς
3079 1885 3170 1936 ἑπὶ
3198 1885 3630 1954 πλημμελήμασι
3656 1885 3832 1956 λύπης

578 1978 683 2045 Qui
715 1987 900 2034 autem
930 1979 1140 2048 absque
1171 1979 1382 2043 dolore,
1433 1979 1528 2048 qui
1568 1995 1632 2033 ex
1662 1979 1880 2032 delictis
1906 1979 2151 2048 concipi-

579 2079 692 2137 tur,
719 2071 838 2140 ipse
864 2085 1085 2140 semper
1124 2070 1316 2125 ﬁrmus
1347 2078 1588 2140 perstat,
1633 2069 1724 2124 hic
1767 2070 1931 2123 timor
1968 2079 2152 2124 castus

576 2167 683 2224 est,
709 2175 811 2214 nec
842 2175 1081 2228 unquam
1109 2159 1324 2214 desinet
1359 2177 1372 2212 ι
1398 2159 1544 2229 quod
1563 2175 1758 2228 nempe
1784 2159 1935 2213 velut
1967 2174 2154 2214 essen-

580 2252 788 2306 tialiter
823 2253 938 2307 Deo
968 2267 1092 2322 erga
1129 2260 1438 2306 creaturam
1476 2251 1674 2306 insitus
1697 2261 1801 2314 est,
1837 2251 1955 2320 ejus
1987 2266 2152 2321 supra

576 2358 741 2398 omne
765 2358 992 2413 regnum
1021 2358 1086 2398 ac
1115 2351 1461 2412 potestatem,
1500 2343 1808 2397 naturalem
1840 2343 2153 2398 eminentia:

576 2434 918 2504 majestatem
946 2437 1165 2488 cunctis
1189 2434 1534 2490 manifestam
1579 2434 1838 2490 reddens.

650 2547 737 2601 70.
764 2545 867 2618 Qui
900 2547 1074 2602 Deum
1104 2563 1216 2602 non
1245 2557 1306 2610 ut
1326 2547 1567 2619 iudicem
1594 2549 1772 2613 timet,
1796 2549 1892 2604 sed
1926 2557 2153 2620 propter

576 2638 834 2696 eximiam
863 2637 1093 2698 inﬁnitae
1121 2639 1344 2701 virtutis
1367 2639 1744 2697 excellentiam
1775 2657 1901 2696 eum
1937 2654 2155 2700 revere-

577 2738 688 2796 tur,
707 2729 801 2785 hic
829 2729 1027 2793 merito
1050 2731 1199 2786 nulla
1229 2731 1441 2788 laborat
1467 2731 1651 2808 inopia
1667 2733 1734 2799 ’⁸,
1758 2733 1852 2803 qui
1877 2731 2154 2804 perfectus

577 2823 652 2880 sit
681 2823 738 2878 in
785 2823 1084 2890 charltate;
1121 2823 1292 2882 Deum
1336 2823 1548 2880 scilicet
1576 2839 1700 2879 cum
1738 2825 2049 2880 reverentia
2089 2840 2154 2887 ac

576 2914 796 2971 decenti
819 2915 1024 2992 pietate
1041 2915 1296 2986 diligens.
1323 2914 1532 2986 Hicque
1553 2916 1692 2972 adeo
1710 2924 1814 2980 est,
1834 2915 1926 2988 qui
1956 2917 2152 2972 timore

575 3004 672 3064 illo
691 3006 956 3077 praeditus
975 3014 1080 3070 est.
1100 3006 1193 3077 qui
1211 3015 1493 3077 permanet
1524 3008 1579 3062 in
1605 3007 1862 3062 saeculum
1897 3008 2150 3072 saculi”,

574 3105 633 3152 et
665 3097 754 3154 cui
788 3097 940 3155 nulla
968 3111 1198 3168 prorsus
1229 3097 1413 3170 inopia
1439 3109 1546 3154 est.

2253 1981 2343 2034 ἀεὶ
2375 1979 2662 2042 συνεστὼς,
2713 1973 2867 2040 οὗτος
2897 1977 3058 2046 φόϐος
3083 1977 3264 2044 ἁγνὸς,
3311 1978 3406 2029 καὶ
3435 1977 3532 2029 οὑκ
3557 1979 3828 2046 ἀπογενή-

2254 2071 2408 2122 σεταί
2452 2088 2582 2123 ποτε
2608 2086 2622 2100 ·
2687 2069 2928 2138 διότιπερ
2973 2067 3246 2129 οὑσιωδῶς
3287 2067 3572 2138 ἐμπέφυκέ
3607 2087 3727 2131 πως
3757 2068 3829 2138 τῷ

2251 2163 2369 2234 Θεῷ
2423 2163 2560 2230 πρὸς
2606 2163 2706 2232 τὴν
2752 2162 2928 2214 κτίσιν
2955 2201 2968 2221 .
3033 2159 3355 2229 ποιούμενος
3401 2159 3624 2230 ἔκδηλον
3665 2161 3828 2214 αὑτοῦ

2254 2253 2388 2306 πᾶσι
2442 2253 2539 2321 τὴν
2585 2251 2818 2320 φυσικὴν
2864 2250 3284 2318 αἰδεσιμότητ-α,
3350 2249 3447 2320 τῆς
3481 2249 3618 2319 ὑπὲρ
3650 2252 3828 2304 πᾶσαν

2254 2343 2531 2416 βασιλείαν
2559 2343 2651 2396 καὶ
2681 2342 2908 2411 δύναμιν
2940 2343 3235 2414 ὑπεροχῆς.

2323 2535 2381 2592 ο’.
2431 2537 2490 2590 Ὁ
2527 2538 2601 2609 μὴ
2654 2536 2986 2606 φοϐούμενος
3029 2535 3118 2589 τὸν
3170 2536 3301 2590 Θεὸν
3343 2537 3420 2599 ὡς
3465 2535 3680 2606 κριτὴν,
3718 2531 3825 2585 ἀλλ’

2252 2631 2570 2701 αἰδούμενος
2605 2629 2767 2682 αὑτὸν
2800 2628 2885 2682 διὰ
2918 2629 3012 2695 τὴν
3053 2628 3497 2700 ὑπερϐάλλουσαν
3536 2627 3636 2695 τῆς
3676 2625 3826 2679 ἀπεί-

2255 2742 2350 2797 ρου
2373 2723 2654 2792 δυνάμεως
2681 2720 2976 2793 ὑπεροχὴν,
2994 2721 3094 2775 οὑκ
3115 2721 3229 2791 ἔχει
3266 2721 3490 2785 δικαίως
3518 2717 3821 2788 ὑστέρημα,

2251 2815 2455 2878 τέλειος
2517 2811 2777 2886 ὑπάρχων
2822 2814 2880 2866 ἑν
2913 2816 2977 2885 τῇ
3005 2813 3212 2886 ἀγάπῃ.
3242 2815 3359 2882 μετ’
3389 2810 3570 2874 αἰδοῦς
3602 2809 3702 2863 καὶ
3733 2807 3824 2877 τῆς

2253 2906 2572 2978 πρεπούσης
2639 2905 3068 2975 σεϐασμιότητος
3123 2902 3356 2972 ἀγαπῶν
3394 2901 3487 2955 τὸν
3529 2898 3660 2954 Θεόν
3692 2917 3706 2931 ο
3739 2897 3822 2953 καὶ

2251 2990 2405 3059 οὗτός
2434 2999 2629 3051 ἑστινό
2664 2995 3005 3067 κτησάμενος
3045 2995 3134 3050 τὸν
3179 2994 3501 3065 διαμένοντα
3533 2991 3699 3060 φάδον
3749 2991 3820 3056 εἷς

2196 3134 2198 3136 τ
2253 3091 2422 3145 αἰῶνα
2450 3089 2662 3155 αἰῶνος,
2693 3087 2786 3142 καὶ
2801 3088 2904 3146 οὑκ
2930 3080 3080 3144 ἑστιν
3108 3085 3254 3156 αὑτῷ
3276 3085 3558 3157 ὑστέρημα
3587 3081 3817 3154 τοπαρά-

2180 3195 2222 3254 c
2259 3200 2366 3245 παν
2390 3181 2566 3238 οὐδέν.

647 3297 734 3352 7|.
763 3296 843 3355 Ex
889 3298 1080 3358 rebus.
1145 3314 1332 3354 rerum
1383 3299 1680 3354 Auctorem
1737 3300 2147 3371 cognoscimus;

574 3402 752 3458 exque
799 3404 984 3445 rerum
1033 3389 1328 3455 varietate,
1359 3391 1480 3460 ejus
1505 3390 1600 3459 qui
1637 3399 1722 3445 est
1760 3391 2149 3448 subsistentem

575 3476 841 3537 docemur
895 3477 1221 3548 sapientiam
1258 3494 1399 3535 :nec
1430 3495 1539 3533 non
1581 3495 1644 3534 ex
1691 3497 1875 3535 rerum
1912 3484 2149 3538 naturali

577 3573 765 3632 motu,
807 3567 925 3636 ejus
968 3567 1060 3637 qui
1109 3575 1194 3621 cst
1237 3569 1630 3624 subsistentem
1671 3573 1836 3626 vitam
1879 3574 2152 3629 condisci-

576 3671 736 3722 mus;
778 3657 888 3718 vim
922 3658 1133 3713 scilicet
1169 3673 1232 3712 ac
1266 3660 1564 3728 potentiam
1603 3675 1791 3722 rerum
1828 3662 2148 3724 viviﬁcatri-

573 3763 718 3814 cem,
757 3747 1019 3819 Spiritum
1056 3760 1331 3809 sanctum,

645 3886 731 3939 72.
767 3885 1004 3954 Spiritus
1034 3894 1257 3939 sanctus
1279 3899 1306 3938 a
1327 3883 1477 3938 nulla
1515 3875 1974 3953 creatura'abest,
2006 3903 2146 3958 prae-

575 3970 765 4026 sertim
797 3971 841 4026 si
875 3971 1190 4041 aliquali:cr
1219 3972 1447 4026 rationis
1471 3971 1542 4026 sit
1568 3973 1864 4044 particeps.
1889 3976 2149 4032 Continet

571 4060 722 4116 enim
743 4077 806 4116 ac
820 4070 1110 4116 conservat
1129 4062 1560 4132 uniuscujusque
1577 4063 1886 4140 scientiam,
1905 4081 1972 4120 eo
2001 4068 2147 4135 quod

572 4151 720 4206 Deus
751 4167 814 4206 ac
871 4151 968 4206 Dei
1027 4151 1287 4221 Spiritus,
1327 4167 1433 4222 qua
1487 4153 1695 4208 virtute
1744 4155 2010 4223 praeditus
2039 4168 2146 4221 est,

573 4242 944 4298 Providentiae
989 4242 1300 4298 rationibus
1346 4242 1530 4298 omnia
1567 4259 1879 4314 permeans,
1929 4261 1995 4300 ac
2027 4263 2148 4316 qua:

573 4331 877 4401 unicuique
933 4340 1128 4386 natura
1187 4332 1352 4397 inest,
1402 4349 1630 4388 movens
1686 4335 1994 4400 rationem;
2048 4351 2148 4405 per

573 4438 758 4492 quam,
803 4439 928 4478 eum
963 4424 1056 4493 qui
1089 4439 1252 4480 sensu
1281 4425 1392 4480 ullo
1426 4425 1689 4495 praeditus
1731 4427 1822 4492 sit,
1848 4427 1914 4481 ad
1949 4443 2144 4482 eorum

2323 3295 2424 3352 oa'.
2456 3297 2553 3352 Ἐκ
2579 3295 2688 3348 τῶν
2710 3295 2899 3358 ὄντων,
2931 3293 3021 3347 τὸν
3051 3293 3158 3346 τῶν
3192 3293 3358 3346 ὄντων
3381 3293 3723 3362 γινώσκομεν
3745 3290 3818 3344 αἶς»

2253 3406 2367 3444 τιον
2390 3406 2403 3420 ·
2435 3391 2526 3443 καὶ
2548 3390 2612 3442 ὲκ
2640 3388 2740 3456 τῆς
2761 3386 3022 3456 διαφορᾶς
3051 3385 3158 3438 τῶν
3187 3386 3375 3448 ὄντων,
3406 3385 3505 3454 τὴν
3527 3385 3816 3438 ἐνυπόστα-

2251 3499 2342 3534 τον
2366 3481 2459 3534 τοῦ
2483 3480 2632 3541 ὄντος
2653 3477 3013 3549 διδασκόμεθα
3028 3477 3242 3545 σοφίανο
3267 3479 3359 3529 καὶ
3381 3479 3445 3530 ἑκ
3475 3476 3572 3544 τῆς
3601 3477 3710 3530 τῶν
3736 3476 3818 3529 6v-

2252 3592 2360 3627 των
2390 3573 2625 3643 φυσικῆς
2645 3573 2944 3642 -κινήσεως,
2978 3569 3078 3640 τὴν
3115 3568 3478 3622 ἑνυτοόστατον
3525 3567 3622 3621 τοῦ
3677 3568 3818 3627 ὅντος

2262 3665 2608 3735 μανθάνομεν
2641 3663 2806 3734 ζωὴν,
2838 3662 2938 3732 τὴν
2971 3662 3078 3715 τῶν
3101 3661 3270 3715 ὅντων
3296 3658 3557 3724 (monova
3575 3648 3814 3730 δύναμιν,

2254 3759 2311 3811 τὸ
2344 3757 2567 3826 Πνεῦμα
2591 3755 2650 3809 τὸ
2682 3756 2854 3824 ἅγιον.

2321 3886 2418 3957 οβ’.
2460 3887 2532 3940 Τὸ
2561 3886 2783 3958 Πνεῦμα
2813 3887 2874 3940 τὸ
2913 3887 3067 3956 ἅγιον
3120 3887 3328 3948 οὐδενὸς
3371 3887 3568 3941 ἄπεστι
3602 3886 3711 3940 τῶν
3741 3885 3817 3937 όν-

2249 3994 2378 4040 των,
2410 3979 2504 4030 καὶ
2559 3977 2793 4046 μάλιστα
2845 3977 2952 4030 τῶν
2999 3977 3158 4046 λόγου
3207 3976 3328 4030 καθ’
3359 3962 3535 4030 ὁτιοῦν
3586 3975 3816 4046 μετειληο

2251 4071 2448 4137 φότων.
2482 4069 2807 4122 Συνεκτικὺν
2840 4069 2948 4140 γὰρ
2995 4071 3228 4140 ὑπάρχει
3270 4071 3372 4138 τῆς
3411 4069 3643 4123 ἑκάστου
3691 4066 3817 4136 γνὼ-

2252 4179 2409 4227 σεως,
2437 4162 2516 4214 ὅτι
2561 4161 2693 4224 Θεὸς
2739 4162 2831 4214 καὶ
2853 4161 2990 4214 Θεοῦ
3017 4159 3260 4231 Πνεῦμα,
3282 4161 3426 4214 κατὰ
3445 4159 3675 4229 δύναμιν
3691 4174 3815 4226 προ-

2251 4253 2515 4324 νοητικῶς
2563 4253 2649 4306 διὰ
2701 4254 2918 4307 πάντων
2957 4251 3202 4325 χωροῦν,
3232 4251 3453 4305 καὶτὸν
3500 4252 3560 4304 ἑν
3609 4251 3816 4319 ἑκάστῳ

2249 4347 2405 4415 λόγον
2451 4347 2594 4400 κατὰ
2642 4346 2803 4414 φύσιν
2853 4345 3162 4412 ἀνακινοῦν,
3203 4345 3297 4399 καὶ
3352 4344 3419 4397 δι’
3464 4341 3629 4396 αὑτοῦ
3686 4341 3814 4411 πρὸς

2252 4439 2602 4509 συναίσθησιν
2639 4439 2744 4492 τῶν
2783 4436 3119 4509 πλημμελῶς
3157 4436 3305 4507 παρὰ
3358 4435 3450 4488 τὸν
3494 4433 3694 4504 θεσμὸν
3721 4433 3813 4499 τῆς

572 4528 695 4581 qua?
727 4511 928 4603 demto
952 4512 1226 4567 εοηπηίδίῑ
1277 4523 1468 4568 οοηῐηι
1505 4515 1680 4584 Ιθεθηι
1727 4525 1938 4570 “Nune
1963 4557 1976 4581 ι
2017 4530 2146 4570 sen‘
2183 4536 2224 4590 D
2255 4531 2469 4601 φύσεως
2500 4532 2924 4603 πεπραγμένων,
2954 4530 3083 4598 ἆγον
3135 4529 3228 4581 τὸν
3267 4526 3657 4596 αἰσθανόμενον
3681 4540 3695 4555 ο
3727 4520 3812 4575 καὶ

573 4617 696 4656 sum
734 4602 1046 4666 adducens;
1075 4619 1142 4657 ac
1169 4605 1327 4674 cujus
1354 4605 1519 4675 paulo
1556 4604 1773 4659 facilior
1804 4605 2060 4660 voluntas
2089 4617 2149 4662 ut

573 4707 786 4749 morem
812 4700 985 4763 gerat,
1015 4693 1082 4748 ad
1119 4704 1297 4750 rectas
1327 4710 1395 4749 ex
1417 4703 1610 4748 natura
1636 4696 1997 4766 cogitationes
2023 4711 2150 4766 pro-

571 4784 714 4840 clive
763 4785 1144 4856 suscipiendas
1205 4785 1512 4856 impellens.
1565 4785 1932 4850 Quamobrem
1977 4788 2146 4842 etiam

571 4878 776 4934 multos
801 4878 1132 4943 invenimus,
1171 4892 1364 4932 eorum
1407 4877 1572 4931 etiam
1602 4877 1696 4946 qui
1719 4877 1877 4932 valde
1928 4878 2148 4934 barbari

571 4979 702 5026 sunt
741 4986 806 5026 ac
835 4971 1130 5026 nomadum
1161 4970 1331 5024 vitam
1351 4975 1539 5039 agunt,
1569 4968 1901 5038 probitatem
1933 4985 2146 5026 morum

571 5074 938 5135 consectatos,
967 5062 1242 5120 belluinas
1272 5059 1557 5116 abdicasse
1585 5061 1755 5132 leges,
1789 5077 1926 5132 quas
1964 5079 1992 5124 a
2028 5079 2146 5120 ma..-

570 5156 789 5227 ioribus
815 5159 949 5213 olim
979 5163 1296 5215 tenuerant,

649 5300 693 5332 "
717 5299 860 5356 Psal.
894 5312 1080 5364 χχχιιι,
1110 5293 1196 5352 l0.
1272 5295 1319 5327 ²⁹
1352 5294 1495 5349 Psal.
1523 5310 1676 5359 xvut,
1708 5294 1795 5350 l0.

644 5419 663 5438 '
691 5416 826 5477 Male
849 5415 1016 5481 edita,
1046 5411 1184 5468 εἶναι
1209 5412 1309 5492 τῷ,
1341 5411 1487 5482 quod
1511 5412 1763 5483 sequitur
1784 5411 1966 5469 Picus.

649 5533 721 5604 (r)
751 5533 904 5604 om
929 5535 1102 5588 ἔσται
1132 5533 1478 5604 δια-παντὸς,
1504 5529 1590 5604 τῇ
1618 5531 1872 5604 ἁμαρτίᾳ
1909 5529 2008 5604 διᾲ
2034 5529 2145 5604 τῆς

574 5599 892 5674 μετανοίας
909 5602 1475 5674 σιξνᾳξραλνιζόμενος.
1498 5601 1628 5674 llaec
1661 5609 1768 5654 tam
1790 5600 1958 5662 clara,
1978 5600 2045 5653 de
2078 5599 2144 5652 tio

579 5670 733 5727 inore
759 5670 854 5723 illo
881 5670 1284 5740 iucipienlium,
1312 5673 1405 5740 qui
1431 5671 1700 5739 originem
1732 5679 1887 5724 actus
1915 5685 1980 5723 ex
2012 5683 2144 5738 pec-

582 5749 706 5796 cato
731 5779 747 5805 ,
787 5748 969 5794 castus
1005 5755 1117 5794 non
1155 5741 1248 5803 sit,
1277 5751 1333 5794 et
1378 5741 1471 5808 qui
1507 5755 1616 5792 non
1648 5754 1866 5808 semper
1901 5747 2138 5802 maneat,

582 5811 679 5877 sed
727 5824 836 5870 una
870 5823 994 5866 cum
1038 5819 1262 5886 peccato
1292 5809 1577 5864 abolentur
1609 5823 1706 5876 per
1759 5809 2139 5880 paenitentiam

2252 4623 2353 4691 τὴν
2413 4622 2736 4693 προαίρεσιν
2788 4621 3031 4674 εῦεικτον
3088 4619 3296 4691 ἔχοντα,
3361 4617 3496 4687 πρὸς
3550 4612 3814 4682 ὑποδοχὴν

2253 4714 2363 4768 τῶν
2418 4715 2482 4768 ἑκ
2529 4713 2744 4783 φύσεως
2788 4711 2965 4784 ὀρθῶν
2987 4711 3284 4780 λογισμῶν.
3329 4709 3419 4762 Διὸ
3455 4708 3548 4762 καὶ
3597 4705 3814 4764 πολλοὺς

2257 4805 2587 4876 εὑρίσκομεν
2617 4804 2712 4858 καὶ
2737 4803 2848 4856 τῶν
2876 4803 3012 4872 ἄγαν
3036 4801 3327 4872 βαρϐάρων
3350 4799 3442 4852 καὶ
3465 4797 3710 4868 νομάδων
3729 4796 3814 4849 ἀν·

2256 4893 2515 4965 θρώπων,
2551 4890 2958 4960 καλοκαγαθίας
2998 4889 3490 4960 μεταποιουμένους
3511 4926 3526 4947 ,
3558 4885 3652 4938 καὶ
3697 4881 3817 4941 τοὺς

2256 4984 2524 5038 ἀνέκαθεν
2553 4983 2933 5055 κρατήσαντας
2958 4983 3016 5037 ἑν
3041 4981 3223 5046 αὐτοῖς
3274 4978 3556 5050 θηριιὶιδεις
3577 4971 3817 5033 ἀθετοῦνη

2253 5095 2350 5140 τας
2386 5077 2602 5148 νόμους,

2251 5528 2543 5594 (cbaritate
2567 5528 2783 5583 scilicet
2813 5525 3055 5596 perfecta
3079 5540 3202 5580 eum
3226 5523 3374 5596 foras
3387 5523 3683 5596 mittente),
3705 5527 3810 5596 non

2248 5599 2480 5653 ferendo
2519 5614 2710 5654 errore
2741 5593 2903 5652 Picus
2925 5637 2938 5661 ,
2971 5595 3295 5650 adversante
3323 5593 3608 5662 Scriptura
3638 5593 3807 5644 omnis

2246 5685 2355 5738 que
2393 5669 2690 5739 theologia,
2721 5667 2827 5722 Nec
2875 5683 3114 5738 unquam
3164 5663 3422 5719 delebitur
3449 5679 3566 5717 cum
3608 5672 3807 5733 perraro

2245 5755 2338 5810 per
2355 5740 2742 5811 paenitentiam.
