4060 6322
239 421 376 510 1209

238 642 412 712 ἅγιον,
435 646 572 698 καθὸ
606 649 824 704 πάντων
848 652 967 705 ἐστὶ
1006 657 1322 710 συνεκτικὸν
1374 659 1468 711 καὶ
1513 676 1804 730 προνοητι-

239 735 372 801 κὸν,
434 736 529 790 καὶ
598 739 708 792 τῶν
781 743 1026 810 φυσικῶν
1096 737 1424 817 σπερμάτων
1494 750 1807 821 ἀνακινητι-

240 824 355 882 κάν.
407 827 934 903 Προσδιωρισμένως
958 835 1036 898 δὲ,
1082 839 1175 891 καὶ
1200 841 1258 891 ἐν
1297 841 1433 894 πᾶσι
1467 844 1579 904 τοῖς
1619 845 1676 894 ὲν
1718 842 1806 895 νό-

242 933 348 984 μῳ,
379 919 568 974 καθότι
589 922 688 994 τῆς
717 925 826 978 τῶν
855 925 1083 982 ἐντολῶν
1111 929 1260 984 ἐστιν
1291 933 1668 988 ὑποδεικτικδν
1690 953 1798 989 πα-

241 1008 544 1078 ραδάσεως,
586 1014 680 1068 καὶ
731 1017 832 1088 τῆς
861 1019 1005 1072 κατὰ
1042 1021 1277 1092 Χριστὸν
1307 1025 1808 1096 προαγορευθείσης

238 1097 610 1167 δπαγγελιας,
663 1108 991 1172 φωτιστικόν
1017 1123 1033 1138 ’
1084 1110 1145 1164 ἐν
1189 1111 1246 1165 δὲ
1298 1113 1430 1166 πᾶσι
1492 1117 1606 1179 τοῖς
1662 1116 1806 1168 κατὰ

240 1183 478 1252 Χριστὸν
522 1187 662 1258 πρὸς
707 1194 820 1257 τοῖς
859 1197 1194 1268 εἰρημένοις,
1226 1201 1320 1253 καὶ
1370 1202 1448 1265 ὡς
1485 1204 1804 1261 υίοθετικόν.

253 1272 342 1366 Ὦς
368 1275 426 1330 δὲ
455 1279 650 1349 σοφίας
701 1289 1000 1356 ποιητικὸν,
1025 1291 1083 1343 ὲν
1128 1291 1302 1344 οὐδενὶ
1340 1294 1449 1347 τῶν
1503 1296 1809 1366 εΞρημένων

243 1365 392 1420 ἐστὶν
442 1370 646 1435 ἁπλῶς,
692 1374 830 1446 πλὴν
877 1378 987 1430 τῶν
1026 1382 1333 1447 συνιέντων,
1364 1385 1458 1438 καὶ
1478 1365 1703 1449 ἑαυτοὺς
1723 1387 1810 1440 διὰ

239 1457 340 1527 τῆς
365 1460 552 1515 ἐνθέου
581 1464 857 1531 πολιτείας
885 1469 1069 1534 ἀξίους
1101 1476 1487 1544 ποιησαμένων
1518 1477 1619 1546 τῆς
1642 1478 1806 1531 αὑτοῦ

245 1547 514 1622 θεωτικῆς
563 1556 909 1628 ἐνοικήσεως.
955 1563 1072 1626 Πᾶς
1100 1564 1217 1634 ’γάρ
1261 1564 1336 1636 μὴ
1391 1568 1558 1620 ποιῶν
1597 1568 1664 1620 τὰ
1693 1568 1812 1622 θεῖα

243 1643 545 1714 θελήματα,
571 1649 676 1703 κᾶν
708 1653 899 1717 πιστὸς
932 1650 990 1728 ᾖ,
1015 1656 1273 1710 ἀσύνετον
1303 1659 1412 1729 ἔχει
1439 1661 1538 1731 τὴν
1561 1661 1807 1732 καρδίαν,

239 1734 319 1799 ὡς
351 1739 604 1808 πονηρῶν
637 1741 915 1813 λογισμῶν
982 1747 1368 1818 ἐργαστήριον,
1403 1753 1495 1804 καὶ
1541 1751 1603 1805 τὸ
1654 1752 1812 1821 σῶμα

243 1831 563 1902 κατάχρεων
592 1834 908 1905 ἁμαρτίαις,
946 1837 1022 1903 ὡς
1048 1841 1340 1906 διαπαντὸς
1364 1843 1661 1915 μολυσμοῖς
1709 1862 1814 1897 πα-

244 1919 351 1976 θῶν
387 1921 723 1996 ἐνεχόμενον.

312 2197 409 2258 οδ’.
454 2200 516 2257 Ὀ
539 2203 643 2275 τῆς
668 2207 942 2278 σωτηρίας
978 2209 1305 2283 ὀρεγόμενος
1349 2215 1568 2268 πάντων
1602 2214 1813 2287 ἀνθρὼ-

244 2307 364 2347 πων
382 2291 533 2362 Θεὸς,
569 2297 664 2350 καὶ
693 2300 895 2352 πεινῶν
926 2301 1105 2356 αὐτῶν
1130 2304 1227 2374 τὴν
1258 2304 1542 2371 ἐκθέωσιν,
1571 2306 1670 2376 τὴν
1690 2307 1813 2360 τού-

243 2403 354 2442 των
378 2387 556 2459 οῐησιν
579 2390 654 2454 ὡς
681 2391 780 2462 τὴν
808 2392 1058 2465 ἄκαρπον
1090 2396 1476 2466 καταρώμενος
1511 2399 1813 2470 ἀποξηραί-

243 2494 326 2532 νει
379 2480 570 2552 συκῆν,
606 2482 755 2546 ὅπως
805 2483 900 2537 τοῦ
934 2485 1110 2539 δοκεῖν
1143 2483 1282 2540 εἶναι
1314 2487 1534 2555 δίκαιοι,
1569 2490 1630 2542 τὸ
1672 2483 1811 2544 εἶναι

249 2571 450 2644 μᾶλλον
479 2575 894 2656 προκρίναντες,
942 2577 1032 2633 τὸν
1078 2580 1175 2650 μὲν
1228 2578 1352 2633 καθ’
1384 2579 1674 2649 ὑπόκρισιν
1713 2584 1816 2652 τῆς

247 2662 448 2734 ἠθικῆς
474 2665 790 2729 ἐπιδείξεως
818 2667 1176 2738 ἐκδυσάμενοι
1226 2668 1459 2740 χιτῶνα,
1490 2671 1582 2724 τὸν
1629 2671 1816 2742 ἐνάρε-

243 2770 334 2808 τον
361 2755 449 2820 δὲ,
484 2756 667 2833 καθὼς
711 2759 740 2811 ό
792 2758 934 2824 θεῖος
987 2759 1235 2830 βούλεται
1287 2761 1466 2830 λόγος,
1515 2761 1815 2826 άνοθεύτως

251 2847 604 2917 μετελθόντες
647 2849 786 2920 βίον,
821 2851 1062 2915 εὐσεϐῶς
1104 2852 1205 2922 τὴν
1255 2851 1400 2923 ζωὴν
1461 2853 1813 2922 διενέγκωσι,

245 2934 367 3006 Θεῷ
421 2937 623 3008 μᾶλλον
675 2940 775 3010 τῆς
820 2939 998 3012 ψυχῆς
1040 2941 1139 3012 τὴν
1189 2941 1508 3014 διάθεσιν,ἣ
1558 2946 1670 3007 τοῖς
1721 2945 1817 2997 ἀν-

248 3025 490 3097 θρώποις
547 3029 638 3082 τὸν
708 3031 867 3096 ἐκτὸς
915 3033 1352 3105 ἐπιδεικνύμενοι
1397 3035 1636 3105 περὶτὰ
1707 3034 1813 3108 ἢθη

247 3118 649 3190 σχηματισμόν.

936 455 1267 516 CAPITUM
1305 457 1726 530 QUINQUIES
1759 462 2278 522 CENTENORUM
2317 462 2705 523 CENTURIA
2747 462 2795 521 Ι.

305 551 406 621 ογ’.
439 553 592 608 Ἐστι
656 557 756 627 μὲν
800 558 860 613 ὲν
915 561 1082 615 πᾶσιν
1126 563 1312 630 ἁπλῶς
1365 566 1428 618 τὸ
1477 567 1702 638 Πνεῦμα
1743 568 1804 621 τὸ
1835 576 1876 631 Α

3343 459 3480 525 1210

1978 571 2065 623 73.
2109 570 2346 639 Spiritus
2386 577 2609 625 sanctus
2639 569 2695 623 in
2729 567 2985 623 omnibus
3011 568 3336 639 simpliciter
3371 579 3478 635 est,

1905 678 1969 717 ca
2016 662 2226 717 ratione
2257 678 2363 732 qua
2395 662 2576 716 omnia
2619 660 2864 716 continet
2891 669 2946 713 et
2984 665 3297 727 conservat,
3348 677 3480 731 pro-

1904 752 2167 822 videtque
2228 739 2548 816 universis,
2603 758 2658 806 et
2700 748 2973 804 naturalia
3022 749 3228 803 semina
3274 758 3480 805 movet.

1904 845 2068 901 Certa
2100 853 2282 900 autem
2311 845 2525 899 ratione
2549 844 2714 899 etiam
2754 843 2809 896 in
2849 841 3108 896 omnibus
3138 842 3233 911 qui
3277 842 3332 896 in
3361 843 3484 912 lege

1908 946 2056 1002 sunt,
2100 945 2372 1005 quatenus
2421 935 2803 990 mandatorum
2831 932 3322 1003 transgressionem
3352 932 3484 985 sub-

1910 1036 2214 1092 monstrat,
2252 1035 2308 1082 et
2337 1026 2404 1082 ad
2451 1027 2658 1082 Christi
2695 1025 3014 1097 praedictam
3056 1024 3481 1094 promissionem

1909 1121 2343 1191 cognoscendam
2370 1161 2384 1184 ,
2431 1120 2612 1174 lucem
2663 1119 2889 1189 praebet.
2923 1117 3128 1172 Przetcr
3161 1115 3262 1170 hos
3301 1122 3482 1168 autem

1908 1212 2102 1266 modos
2132 1252 2147 1277 ,
2207 1211 2264 1265 in
2315 1212 2575 1266 omnibus
2623 1220 2708 1266 est
2752 1211 2846 1280 qui
2907 1208 3223 1264 Christiano
3259 1207 3485 1261 nomine

1909 1311 2226 1368 censentur,
2255 1304 2423 1358 etiam
2478 1313 2540 1357 ut
2586 1302 2898 1372 adoptionis
2947 1309 3156 1355 auctor.
3209 1299 3372 1369 528
3414 1297 3484 1353 Ut

1910 1405 2092 1450 autem
2125 1403 2316 1452 auctor
2350 1393 2652 1464 sapicntim,
2681 1393 2736 1446 in
2767 1393 2916 1446 nullo
2944 1407 3156 1454 eorum,
3188 1406 3326 1459 quos
3347 1387 3486 1441 dixi-

1911 1504 2054 1553 mus,
2091 1487 2418 1557 simpliciter
2450 1495 2555 1550 est,
2593 1493 2958 1554 praeterquam
3007 1484 3061 1536 in
3093 1482 3200 1535 illis
3229 1480 3322 1550 qui
3353 1495 3485 1549 pru-

1911 1577 2094 1631 dentia
2123 1591 2187 1630 ac
2212 1573 2573 1645 intelligentia
2613 1571 2828 1643 prtediti
2866 1580 3014 1635 sunt,
3047 1571 3251 1638 quique
3279 1584 3379 1637 per
3407 1567 3489 1620 vi«

1911 1677 2023 1723 tam
2077 1667 2281 1722 divinis
2311 1665 2559 1720 moribus
2609 1665 2937 1726 institutam,
2993 1663 3113 1731 ejus
3180 1657 3488 1715 deificantis

1913 1758 2331 1814 inhabitationis
2359 1773 2417 1812 se
2444 1757 2637 1827 dignos
2659 1757 3029 1825 prarbuerunt.
3058 1752 3318 1822 Quisquis
3338 1751 3484 1805 enim

1915 1851 2128 1906 divinas
2151 1851 2460 1904 voluntates
2489 1865 2600 1903 non
2630 1848 2779 1909 facit,
2808 1846 2909 1901 etsi
2936 1845 3111 1900 fidelis
3144 1852 3246 1908 est,
3282 1858 3376 1897 cor
3398 1841 3484 1896 in-

1912 1943 2118 2013 sipiens
2143 1941 2330 2006 habet,
2363 1952 2619 2010 tanquam
2655 1938 2922 1993 malorum
2949 1936 3341 2006 cogitationum
3373 1930 3491 1988 olli.

1913 2036 2115 2100 cinam,
2147 2049 2210 2089 ac
2237 2049 2440 2104 corpus
2471 2032 2770 2087 obnoxium
2800 2028 3060 2100 peccatis,
3089 2035 3150 2080 ut
3183 2024 3332 2095 quod
3351 2039 3488 2078 scm-

1913 2143 2013 2198 per
2041 2125 2302 2180 vitiorum
2331 2140 2395 2178 ac
2439 2123 2732 2178 libidinum
2770 2117 3202 2190 inquinamentis
3245 2115 3486 2170 sordeat.

1984 2220 2073 2274 74.
2098 2220 2204 2286 Qui
2232 2219 2478 2273 omnium
2509 2219 2740 2272 salutem
2768 2215 2974 2284 expetit
2995 2214 3163 2276 Deus,
3184 2224 3490 2278 eorumque

1913 2311 2089 2366 esurit
2105 2309 2528 2372 deificationem,
2547 2307 2769 2361 illorum
2788 2304 2957 2358 animi
2978 2303 3177 2357 fastum
3201 2315 3263 2354 ac
3280 2300 3487 2370 jactan-

1915 2401 2070 2464 tiam,
2118 2401 2268 2454 velut
2307 2397 2703 2454 infructuosam
2747 2394 2908 2448 ficum
2939 2389 3255 2446 maledictio
3307 2387 3489 2442 arefa-

1916 2489 1991 2544 eit
2014 2489 2092 2554 ³⁰;
2120 2496 2198 2552 ut,
2228 2502 2339 2558 pra:
2373 2501 2440 2541 eo
2464 2484 2611 2554 quod
2640 2493 2726 2537 est
2754 2483 2932 2552 justos
2957 2479 3163 2542 videri,
3196 2477 3368 2546 pluris
3407 2476 3488 2530 fa-

1916 2579 2128 2635 cientes
2156 2585 2217 2632 ut
2241 2577 2372 2648 justi
2398 2575 2578 2644 reipsa
2605 2573 2737 2636 sint,
2773 2569 3121 2625 simulatione
3147 2574 3490 2620 constantem

1915 2685 2130 2725 morum
2167 2665 2551 2723 ostentationis
2591 2663 2830 2718 tunicam
2863 2666 3150 2720 ementes,
3199 2656 3495 2709 virtutum-

1915 2777 2024 2832 que
2054 2761 2178 2816 luee
2210 2759 2480 2814 nitentem
2511 2771 2577 2810 ac
2613 2753 2934 2815 studiosam,
2966 2758 3025 2804 ut
3049 2748 3235 2803 divina
3279 2746 3366 2800 lex
3405 2746 3494 2814 ju-

1915 2851 2030 2916 bet,
2058 2851 2272 2905 sincere
2299 2847 2468 2900 vitam
2494 2849 2896 2904 consectantes,
2920 2839 3007 2909 pie
3036 2835 3181 2907 quod
3208 2843 3292 2889 est
3326 2833 3494 2904 hujus

1917 2942 2181 3012 temporis
2205 2938 2545 3009 transigant;
2570 2935 2645 2989 ita
2671 2933 2935 2987 nimirum
2959 2937 3021 2984 ut
3045 2930 3156 2983 Deo
3181 2925 3366 2998 potius
3379 2923 3493 2979 ani-

1916 3049 2067 3088 mum
2093 3031 2408 3093 exhibeant,
2454 3042 2620 3098 quam
2649 3024 2894 3081 exterius
2933 3021 3244 3078 simulatam
3277 3033 3512 3073 morum.

1918 3128 2156 3200 speciem
2178 3123 2500 3180 hominibus
2520 3127 2819 3176 ostentent.

315 3208 407 3265 οε’.
437 3211 662 3281 Ἐτερός
701 3213 848 3266 ἐστιν
879 3215 906 3267 ὁ
937 3212 1031 3268 τοῦ
1063 3216 1256 3279 ποιεῖν,
1287 3215 1380 3270 καὶ
1432 3215 1618 3287 ἔτερος
1652 3217 1680 3269 ό
1718 3217 1812 3270 τοῦ

1989 3220 2076 3274 75.
2109 3217 2228 3272 Alia
2249 3225 2334 3271 est
2365 3214 2562 3285 agendi
2582 3212 2743 3276 ratio,
2767 3210 2874 3265 alia
2903 3206 3168 3279 patiendi.
3203 3206 3280 3260 Ac
3300 3205 3496 3275 agendi

244 3304 476 3393 πάσχειν
498 3304 655 3374 λόγος
683 3321 696 3335 ·
735 3307 830 3360 καὶ⁵
874 3309 902 3360 ό
942 3309 1041 3378 μὲν
1080 3309 1173 3362 τοῦ
1216 3313 1390 3363 ποιεῖν
1443 3310 1603 3379 λόγος
1643 3311 1811 3374 ἐστὶν,

244 3398 280 3471 ἡ
306 3399 508 3468 φυσικὴ
555 3399 692 3470 πρὸς
730 3399 941 3471 ἀρετῶν
979 3401 1259 3474 ἐνέργειαν
1291 3403 1521 3474 δύναμις
1554 3404 1621 3473 (s)
1651 3419 1667 3434 °
1703 3405 1730 3457 ὁ
1761 3403 1817 3457 δὲ

245 3487 336 3543 τοῦ
366 3491 594 3561 πάσχειν
619 3532 633 3558 ,
668 3491 700 3562 ἢ
749 3493 908 3564 χάρις
930 3492 1038 3547 τῶν
1085 3495 1224 3565 ὑπὲρ
1274 3495 1513 3567 φύσιν,ἣ
1547 3495 1818 3566 σύμϐασις

246 3583 353 3638 τῶν
403 3582 556 3654 παρὰ
608 3583 788 3652 φύσιν.
828 3586 918 3649 Ὠς
957 3587 1066 3657 γὰρ
1113 3587 1210 3640 τοῦ
1244 3587 1538 3659 ὑπερόντος
1579 3589 1817 3659 φυσικὴν

245 3671 346 3725 οὐκ
383 3671 579 3742 ἔχομεν
598 3672 848 3742 δύναμιν,
883 3675 1055 3738 οὕτως
1081 3675 1205 3728 οὔτε
1246 3675 1338 3728 τοῦ
1385 3676 1459 3746 μὴ
1497 3675 1648 3739 όντος
1693 3677 1815 3746 ἕχο-

249 3779 350 3832 μεν
387 3763 544 3830 φύσει
573 3763 673 3832 τὴν
698 3763 944 3834 δύναμιν.
970 3765 1254 3835 Πάσχομεν
1293 3761 1386 3818 οὖν
1434 3765 1509 3828 ὠς
1542 3767 1682 3835 ὑπὲρ
1713 3767 1816 3834 φύ-

249 3869 333 3906 σιν
361 3848 525 3905 οὖσαν
548 3851 690 3905 κατὰ
719 3853 899 3923 χάριν,
929 3853 1042 3906 ἀλλ’
1064 3853 1124 3906 οὐ
1157 3853 1417 3922 ποιοῦμεν
1454 3854 1555 3924 τὴν
1584 3854 1812 3908 θέωσιν·

246 3943 307 4000 οὐ
339 3942 447 4012 γὰρ
480 3940 675 4013 ἔχομεν
702 3943 859 4013 φύσει
881 3943 1136 4012 δεκτικὴν
1165 3943 1263 4014 τῆς
1298 3943 1544 4006 θεώσεως
1567 3944 1815 4013 δύναμιν.

247 4031 359 4085 Καὶ
406 4034 687 4103 πάσχομεν
738 4031 901 4085 πάλιν
947 4033 1022 4097 ὡς
1065 4033 1216 4103 παρὰ
1242 4032 1403 4102 φύσιν
1428 4073 1442 4098 ,
1465 4032 1658 4106 γνώμῃ
1679 4034 1818 4087 κατὰ

248 4122 522 4194 σύμϐασιν
549 4125 646 4196 τὴν
674 4125 873 4179 κακίαν
897 4141 912 4157 ·
948 4125 1008 4178 οὑ
1045 4125 1154 4194 γάρ
1181 4124 1375 4195 ἔχομεν
1422 4123 1558 4196 πρδς
1605 4125 1820 4193 γένεσιν

248 4214 448 4280 κακίας
485 4216 718 4286 φυσικὴν
745 4215 985 4287 δύναμιν.
1025 4213 1293 4286 Ποιοῦμεν
1317 4210 1410 4268 οὖν
1455 4215 1686 4270 ἐνταῦθα
1718 4217 1819 4285 φύ-

251 4323 335 4361 σει
361 4306 513 4372 ὄντες
545 4307 644 4371 τὰς
665 4307 887 4376 ἀρετὰς,
922 4306 1057 4377 πρὸς
1093 4306 1153 4359 τὸ
1175 4305 1376 4370 ταύτας
1407 4309 1581 4360 ποιεῖν
1605 4307 1819 4378 ἔχοντες

249 4398 484 4468 φυσικὴν
515 4396 614 4468 τὴν
644 4374 874 4467 δύναμιν
901 4413 914 4428 ο
953 4374 1234 4467 πάσχομεν
1265 4396 1323 4449 δὲ
1361 4398 1501 4451 κατὰ
1530 4398 1589 4450 τὸ
1625 4374 1817 4469 μέλλον

248 4489 348 4562 τὴν
382 4489 576 4543 θέωσιν
603 4529 617 4554 ,
652 4489 751 4560 τὴν
782 4489 919 4560 πρὸς
952 4489 1013 4542 τὸ
1050 4487 1244 4542 παθεῖν
1290 4487 1494 4560 ταύτην
1536 4491 1677 4545 κατὰ
1715 4491 1815 4544 δω-

254 4583 381 4651 ρεᾶς
413 4583 572 4652 χάριν
600 4581 898 4655 δεχόμενοι.

1917 3311 2140 3383 quidem
2165 3310 2328 3374 ratio,
2357 3305 2626 3361 naturalis
2654 3302 2885 3359 facultas
2915 3307 3001 3354 est
3023 3297 3361 3368 operationis
3379 3295 3497 3349 vir-

1915 3411 2130 3465 tutum;
2167 3396 2412 3470 patiendi
2461 3410 2595 3450 vero
2628 3393 2802 3458 ratio,
2849 3391 2936 3446 vel
2967 3405 3158 3445 eorum
3200 3387 3374 3458 gratia
3409 3393 3495 3440 est

1914 3507 2035 3563 quae
2059 3499 2312 3545 naturam
2343 3493 2628 3557 superant,
2645 3483 2730 3539 vel
2757 3497 2947 3538 eorum
2980 3496 3141 3535 casus
3160 3495 3223 3534 ac
3241 3485 3493 3541 eventus,

1915 3598 2038 3653 qua:
2075 3588 2208 3636 sunt
2253 3586 2453 3649 praeter
2507 3587 2783 3631 naturam.
2816 3570 3290 3640 Quemadmodum
3344 3567 3494 3621 enim

1915 3672 2036 3741 ejus
2060 3667 2208 3738 quod
2240 3666 2407 3720 rebus
2439 3663 2695 3732 superius
2729 3672 2834 3725 est,
2861 3658 3285 3728 haudquaquam
3329 3662 3495 3710 natu-

1917 3764 2086 3817 ralem
2130 3760 2444 3815 facultatem
2481 3756 2771 3818 habemus,
2817 3753 2892 3805 ita
2928 3767 3031 3805 uec
3055 3752 3173 3819 ejus
3219 3749 3362 3818 quod
3393 3763 3496 3802 nec

1916 3853 2083 3908 estin
2125 3851 2313 3914 rebus,
2341 3846 2589 3902 seunihil
2617 3853 2724 3911 est,
2761 3843 3022 3897 facultate
3047 3848 3244 3894 natura
3277 3839 3493 3907 praediti

1918 3958 2127 3999 sumus.
2171 3941 2419 3996 Patimur
2449 3951 2601 4008 ergo,
2656 3945 2718 3990 ut
2749 3931 2893 4004 quod
2929 3939 3180 3984 naturam
3231 3935 3495 3996 superet,

1918 4050 2029 4089 non
2065 4047 2197 4086 vero
2237 4029 2488 4092 facimus,
2529 4027 2688 4097 cujus
2729 4023 2894 4078 nobis
2937 4027 3130 4075 auctor
3161 4019 3358 4088 gratia,
3389 4017 3496 4071 hoc

1918 4123 2067 4195 quod
2096 4121 2452 4184 deificamur;
2489 4118 2692 4188 quippe
2736 4115 2831 4185 qui
2871 4114 2990 4184 ejus
3013 4125 3266 4180 capacem
3297 4121 3495 4162 natura

1917 4216 2234 4274 facultatem
2288 4211 2492 4266 nullam
2529 4209 2849 4264 habeamus.
2899 4204 3113 4259 Rursus
3153 4215 3285 4255 vero
3344 4199 3499 4254 mali-

1919 4306 2052 4361 tiam
2077 4315 2243 4374 atque
2273 4303 2492 4366 vitium,
2513 4298 2660 4370 quod
2690 4306 2883 4354 contra
2910 4303 3184 4358 naturam,
3215 4291 3498 4345 voluntate

1919 4398 2200 4468 animique
2231 4396 2518 4454 sententia
2545 4392 2780 4456 accidat,
2805 4389 3074 4461 patimur;
3111 4385 3314 4455 quippe
3341 4382 3501 4452 cujus

1919 4491 2150 4563 originis
2192 4489 2345 4544 nulla
2396 4487 2454 4542 in
2484 4485 2645 4541 nobis
2687 4481 2955 4538 naturalis
2983 4477 3214 4532 facultas
3250 4474 3497 4529 exsistat.

1852 4579 1897 4633 D
1923 4583 2289 4654 Quamobrem
2321 4581 2452 4639 dum
2490 4576 2746 4650 praesenti
2766 4590 2882 4630 aevo
2908 4572 3140 4642 agimus.
3171 4575 3369 4623 natura
3389 4565 3501 4617 vir-

200 4667 208 4674 ’
248 4683 396 4732 tutes
425 4693 736 4748 operamur,
765 4678 832 4733 ad
863 4663 999 4748 quas
1026 4677 1320 4753 praestandi
1346 4678 1581 4734 naturali
1614 4677 1872 4735 instructi
1931 4680 2190 4739 facultate
2215 4692 2445 4733 sumus:
2481 4675 2538 4730 in
2603 4673 2793 4728 futuro
2848 4676 3032 4724 autem
3095 4660 3499 4718 deiﬁcationem

246 4767 508 4840 patimur,
537 4769 696 4840 cujus
721 4768 993 4838 patienda:
1017 4767 1249 4839 gratiam
1279 4783 1342 4824 ac
1374 4783 1574 4823 munus
1609 4782 1639 4822 a
1675 4767 1785 4823 Deo
1826 4783 2254 4838 consequamur.
2735 4755 2748 4765 ’

317 4865 423 4925 ος¹.
449 4859 715 4929 Ποιοῦμεν
744 4861 924 4930 ἡμεῖς,
959 4859 1045 4930 ἐφ’
1073 4859 1197 4913 ὅσον
1233 4861 1334 4930 τήν
1364 4877 1422 4913 τε
1468 4859 1578 4913 τῶν
1607 4859 1818 4930 ἀρετῶν

247 4951 536 5024 ποιητικὴν
561 4951 720 5021 φύσει
749 4951 972 5022 λογικὴν
995 4949 1193 5023 ἔχομεν
1229 4951 1454 5021 δύναμιν
1489 4949 1818 5020 ἐνεργουμέ-

247 5056 348 5112 νην
380 5057 395 5071 ·
426 5045 521 5097 καὶ
544 5044 643 5117 τὴν
673 5043 853 5115 πάσης
880 5043 1134 5112 γνώσεως
1167 5043 1421 5117 δεκτικὴν
1447 5042 1640 5113 νοερὰν
1664 5041 1825 5116 ἀσχέ-

325 5205 372 5239 ⁸⁶
403 5202 592 5260 Matth.
629 5221 738 5270 XXI,
778 5202 866 5260 l9-

319 5335 391 5410 (ε)
414 5409 419 5410 ί
445 5338 508 5410 Ἠ
543 5339 774 5410 φυσικὴ
800 5337 1523 5410 πρὸςᾼάρετᾶηοένέρτειαν
1545 5338 1819 5410 durante.

250 5407 342 5469 Sic
372 5409 658 5472 Maximus,
686 5409 792 5463 hoc
822 5407 970 5478 quod
1001 5417 1088 5463 est
1114 5422 1277 5478 agere
1303 5407 1824 5474 definitLNaturalis

250 5479 478 5549 facultas
506 5479 780 5549 operandi,
811 5493 903 5549 seu
925 5479 1212 5546 praestandi
1243 5478 1475 5549 virtutes.
1512 5479 1590 5534 Ac
1620 5479 1825 5549 urbique

248 5547 310 5619 τὸ
340 5549 502 5618 φύσει
529 5547 778 5619 ξορροηίι
801 5547 898 5619 τῷ,
935 5549 1088 5619 παρᾲ
1120 5549 1300 5619 φύσιν.
1342 5548 1433 5605 Sic
1459 5549 1609 5619 loqui
1637 5548 1827 5603 docuit

251 5617 476 5683 Paulus,
513 5617 672 5672 Rom.
722 5635 778 5672 ιι.
812 5618 980 5671 Ὅταν
1024 5617 1153 5688 ἔθνη
1190 5617 1348 5684 φύσει
1389 5619 1462 5673 τὰ
1502 5617 1596 5673 τοῦ
1651 5619 1820 5688 νόμου

253 5691 382 5759 ποιῇ
421 5706 435 5721 ο
477 5689 632 5757 quasi
655 5705 716 5742 ex
733 5689 893 5742 ductu
909 5697 1066 5759 atque
1093 5689 1341 5742 instinctu
1373 5697 1601 5754 naturae,
1632 5689 1823 5758 illique

251 5758 654 5840 con’seutance5
712 5767 842 5814 tunc
900 5758 1065 5813 etiam
1098 5773 1223 5813 cum
1285 5761 1455 5840 gratia
1493 5761 1819 5824 excitamur,

255 5838 410 5896 extra
430 5844 592 5903 quam
627 5829 681 5883 in
723 5839 918 5885 natura
951 5838 1229 5900 corrupta,
1250 5829 1359 5884 non
1386 5829 1546 5901 φύσει
1583 5831 1819 5901 agimus,

1993 4860 2081 4914 76.
2109 4858 2335 4930 Agimus
2365 4872 2488 4920 nos,
2520 4865 2795 4927 quatenus
2823 4850 3076 4907 rationali
3096 4848 3355 4904 facultate
3380 4843 3498 4900 vir-

1929 4959 2110 5008 tutum
2136 4951 2415 5007 eﬂ'ectrice
2442 4958 2638 5006 natura
2658 4945 2874 5019 praediti
2907 4959 3117 5008 sumus,
3148 4941 3502 5009 scientiaeque

1929 5041 2110 5098 omnis
2141 5056 2340 5111 capace
2388 5040 2637 5095 absolute
2668 5037 2870 5093 mentis
2905 5035 3194 5099 facultate,
3246 5045 3500 5088 omnem-

1930 5337 2026 5394 sed
2055 5336 2206 5407 παρὰ
2236 5335 2398 5407 φύσιν
2419 5351 2435 5368 ο
2461 5336 2563 5392 etsi
2589 5335 2855 5391 Maximus
2882 5335 3022 5391 nihil
3045 5334 3136 5391 hic
3163 5335 3503 5406 peculiarius

1931 5408 2000 5463 de
2025 5406 2198 5489 gratia
2229 5406 2489 5489 explicat,
2516 5408 2634 5489 sine
2655 5422 2761 5476 qua
2793 5414 3014 5487 certum
3041 5416 3126 5461 est
3154 5421 3258 5461 nos
3271 5422 3391 5489 non
3414 5408 3502 5462 di-

1931 5476 2068 5548 gno's
2111 5476 2250 5531 efﬁci
2309 5476 2485 5548 beata?
2523 5477 2616 5531 illa
2658 5477 2949 5548 passione,
2984 5491 3106 5546 qua:
3137 5484 3224 5530 est
3269 5477 3500 5548 θέωσις,

1934 5547 2284 5618 perfectaque
2309 5562 2436 5618 cum
2463 5547 2575 5601 Deo
2624 5547 2931 5618 similitudo
2982 5548 3215 5618 ejdsque
3257 5547 3500 5618 adeptio,

1933 5615 2159 5672 omnino
2187 5615 2462 5672 excedens
2485 5618 2595 5672 vim
2631 5626 2689 5671 et
2724 5615 3040 5673 facultatem
3076 5615 3286 5672 naturae
3311 5615 3500 5687 (etiam

1930 5687 2110 5758 quoad
2145 5686 2390 5756 modum)
2415 5688 2567 5742 omni
2610 5688 2836 5758 prOprio
2871 5697 2993 5743 actu
3029 5688 3084 5741 in
3120 5702 3184 5741 ea
3225 5686 3500 5758 cesSantc.

1927 5755 2040 5815 Deo
2079 5758 2182 5814 sibi
2229 5758 2448 5829 penitus
2475 5755 2729 5813 animum
2745 5758 3072 5829 subjiciente
3102 5758 3264 5814 beato
3293 5757 3386 5812 illo
3420 5755 3499 5813 si-

1927 5831 2119 5896 lentio,
2165 5829 2394 5901 ejusque
2419 5828 2638 5887 fruendi
2664 5829 2812 5889 felici
2842 5828 3193 5887 necessitate.
