4122 6320
326 416 473 485 1213

1028 416 1362 478 CAPITUM
1399 414 1821 489 QUINQUIES
1857 406 2381 479 CENTENORU‘M
2408 414 2799 480 CENTURIA
2831 416 2884 476 Ι.

3438 409 3577 477 1211i

394 537 475 590 π’.
540 531 600 589 ’0
636 528 883 594 διάϐολος
942 528 1038 584 καὶ
1068 530 1269 603 ἐχθρός
1302 530 1435 583 ἐστι
1485 528 1581 583 τοῦ
1611 527 1772 595 Θεοῦ,
1807 527 1902 581 καὶ

2074 527 2239 598 53o
2280 526 2367 585 α).
2408 528 2693 594 Diabolus,
2726 527 2824 587 Dei
2862 536 2920 584 et
2965 518 3145 582 hostis
3185 534 3243 581 et
3285 525 3435 580 ultor
3476 535 3582 583 est.

324 623 645 695 ἔκδικητήςο
687 620 880 692 ἐχθρὸς
908 618 1028 693 μὲν,
1063 621 1196 676 ὅταν
1239 619 1317 684 ὡς
1369 619 1546 693 μισῶν
1581 620 1743 674 αὑτὸν
1765 658 1782 685 ,
1814 618 1905 672 δο-

326 716 413 773 κεῖ
438 731 559 779 πως
581 712 681 784 τὴν
712 711 955 784 ὀλέθριον
982 711 1287 785 κεκτῆσθαι
1315 710 1452 783 πρὸς
1480 712 1629 783 ἡμᾶς
1656 711 1784 774 τοὺς
1811 712 1906 766 άν-

328 804 580 877 θρώπους
603 803 845 873 ἀγάπην,
866 789 982 866 τοῖς
1008 802 1120 858 τῶν
1152 802 1414 858 ἑκουσίων
1441 801 1634 856 παθῶν
1661 801 1905 872 τρόποις,

327 896 415 950 διὰ
448 895 551 965 τῆς
605 894 798 965 ἡδονῆς
831 892 1033 949 πείθων
1077 892 1236 965 ήμῶν
1280 893 1381 965 τὴν
1431 891 1752 965 προαίρεσιν
1797 890 1910 944 τῶν

330 986 568 1044 αἰωνίων
619 984 862 1055 ἀγαθῶν,
892 982 1206 1056 προκρίνειν
1243 982 1316 1037 τὰ
1351 982 1700 1054 πρόσκαιρα·
1731 983 1799 1036 δι’
1829 974 1908 1036 ὧν

330 1079 580 1137 κλέπτων
611 1078 740 1149 ὅλην
767 1077 868 1153 τῆς
888 1076 1069 1149 ψυχῆς
1097 1076 1196 1148 τὴν
1228 1073 1436 1147 ἔφεσιν,
1455 1077 1556 1146 τῆς
1589 1073 1740 1139 θείας
1769 1089 1909 1128 παν-

330 1167 503 1237 τελῶς
543 1165 765 1236 ἀγάπης
815 1166 963 1239 ἡμᾶς
996 1165 1318 1235 ἀφίστησιν,
1352 1163 1636 1229 ἑκουσίους
1678 1165 1935 1237 ἐχθροὺς-

334 1259 505 1313 ποιῶν
531 1255 626 1310 τοῦ
666 1257 990 1327 ποιήσαντος
1013 1273 1027 1287 ·
1068 1254 1357 1328 ὲκδικητὴς
1378 1256 1436 1310 δὲ
1461 1296 1476 1321 ,
1510 1256 1639 1310 ὅταν
1687 1254 1909 1327 γυμνώ-

336 1366 435 1410 σας
459 1348 523 1402 τὸ
566 1346 702 1419 πρὸς
748 1348 899 1418 ήμᾶς
929 1349 1121 1418 μῖσος,
1153 1345 1229 1410 ῶς
1257 1346 1358 1417 ήδη
1390 1346 1716 1417 γενομένους
1760 1347 1912 1416 αὐτῷ

333 1435 423 1491 διὰ
479 1434 579 1507 τὴν
622 1434 900 1505 ἁμαρτίαν
945 1433 1291 1505 ὑποχειρίους
1312 1472 1331 1500 ,
1355 1434 1634 1506 ἑξαιτῆται
1661 1437 1761 1507 τὴν
1788 1435 1913 1493 καθ’

335 1522 494 1603 ήμῶν
513 1523 805 1595 τιμωρίαν.
832 1524 1002 1579 Οὐδὲν
1029 1524 1139 1595 γὰρ
1187 1524 1331 1579 οὕτω
1378 1526 1531 1595 φίλον
1564 1526 1642 1597 τῷ
1678 1525 1915 1598 διαϐόλῳ

337 1613 710 1686 καθέστηκεν,
743 1615 819 1680 ὡς
859 1614 1145 1686 ἄνθρωπος
1186 1615 1613 1686 τιμωρούμενος.
1641 1615 1811 1675 Τοῦτο
1856 1616 1915 1673 δὲ

339 1707 739 1780 συηωρηθείς,
771 1706 873 1773 τὰς
899 1706 1234 1779 ἐπαλλήλως
1260 1708 1492 1767 ἐπινοῶν
1514 1709 1623 1766 τῶν
1646 1708 1916 1764 ἀκουσίων

338 1797 528 1855 παθῶν
553 1797 870 1867 ἐπαγωγὰς,
909 1797 1175 1862 λαίλαπος
1203 1797 1361 1870 δίκην
1389 1798 1613 1870 ἀπηνῶς
1650 1799 1910 1871 ἐπιφέρει-

338 1905 434 1944 ται
464 1889 578 1953 τοίς
623 1887 745 1943 καθ’
768 1881 844 1945 ὧν
877 1888 1174 1959 ἐκομίσατο
1223 1891 1569 1961 συγχωρήσει
1625 1889 1763 1945 Θεοῦ
1812 1891 1913 1963 τὴν
1945 1873 1987 1926 Β

341 1982 590 2051 ἐξουσίαν
615 1998 632 2014 ο
676 1983 738 2037 οὐ
792 1982 855 2037 τὸ
904 1982 1233 2054 πρόσταγμα
1268 1982 1329 2037 τὸ
1362 1984 1506 2039 θεῖον
1558 1984 1914 2055 ἔκπληρῶσαι

343 2074 700 2146 βουλόμενος,
730 2073 866 2129 ἀλλὰ
904 2073 966 2131 τὸ
1004 2074 1203 2131 οἰκεῖον
1228 2074 1325 2129 τοῦ
1358 2075 1481 2129 καθ’
1512 2075 1671 2145 ἡμῶν
1720 2077 1915 2147 μίσους

338 2164 627 2236 διαθρέψαι
666 2164 838 2229 πάθος
857 2164 1140 2237 ἐπιθυμῶν
1161 2182 1176 2198 ’
1209 2165 1298 2221 ἵνα
1323 2166 1401 2236 τῷ
1424 2166 1605 2237 πολλῷ
1630 2166 1787 2238 βάρει
1807 2167 1917 2220 τῶν

338 2256 612 2327 ὀδυνηρῶν
647 2256 965 2328 συμφορῶν,
997 2258 1031 2327 ἠ
1062 2256 1209 2329 ψυχὴ
1234 2257 1303 2312 δι’
1336 2257 1556 2312 ἀτονίαν
1596 2258 1912 2321 ὀκλάσασα,

337 2350 438 2421 τῆς
470 2349 621 2414 θείας
648 2349 860 2411 ἐλπίδος
884 2350 1084 2419 ἑαυτῆς
1118 2350 1388 2422 περικόψῃ
1419 2350 1516 2421 τὴν
1543 2350 1788 2419 δύναμιν,
1820 2351 1915 2402 ἀν-

338 2442 394 2495 τὶ
417 2440 722 2503 νουθεσίας,
752 2441 942 2504 άθεῖας
965 2441 1148 2495 αἰτίαν
1188 2441 1485 2511 ποιουμένη
1521 2441 1622 2510 τὴν
1650 2440 1758 2495 τῶν
1804 2442 1917 2492 άλ-

341 2532 540 2600 γεινῶς
568 2550 632 2588 συ
640 2532 974 2603 μ6αινόντων
1000 2535 1318 2605 ἐπαγωγὴν.

418 2713 531 2770 πα’.
565 2715 734 2770 Ὅταν
760 2714 809 2767 οἰ
838 2713 937 2784 τὴν
971 2712 1284 2786 πρακτικὴν
1313 2711 1450 2777 ἕξιν,
1473 2711 1565 2765 καὶ
1593 2710 1692 2784 τὴν
1716 2710 1918 2783 θεωρη-

342 2805 502 2878 τικὴν
535 2805 846 2877 ἐπιστήμην
876 2805 1265 2875 ἀπειληφότες,
1293 2803 1429 2873 πρὸς
1458 2801 1557 2874 τὴν
1578 2801 1686 2855 τῶν
1704 2801 1917 2873 ἀνθρώ-

343 2915 464 2953 πων
521 2897 726 2961 ταύτας
776 2896 1149 2971 μετόρχωνται
1190 2895 1349 2960 δόξαν
1368 2935 1383 2958 ,
1409 2895 1513 2966 ἤθη
1559 2894 1659 2962 μὲν
1708 2894 1921 2966 ἀρετῶν

341 2989 425 3061 τῷ
456 2988 769 3060 φαινομένῳ
813 2988 998 3059 τρόπῳ
1062 2985 1528 3056 σκιαγραφοῦντες
1557 3001 1573 3017 ο
1615 2984 1808 3055 λόγους
1863 2985 1922 3039 δὲ

347 3082 543 3151 σοφίας
571 3080 667 3136 καὶ
705 3077 961 3148 γνώσεως
987 3078 1149 3148 μόνον
1172 3077 1481 3139 λαλοῦντες,
1504 3076 1627 3146 δίχα
1645 3075 1754 3129 τῶν
1780 3075 1923 3130 κατὰ

343 3172 691 3243 δικαιοσύνην
722 3170 920 3242 ἔργων’
951 3170 1046 3225 καί
1073 3170 1164 3223 τὸν
1189 3168 1265 3233 ὡς
1306 3169 1393 3221 ἐπ’
1414 3168 1583 3239 ἀρετῇ
1607 3168 1701 3221 καὶ
1723 3165 1922 3235 γνώσει

343 3265 460 3325 τοίς
483 3261 666 3323 ἄλλοις
721 3260 1128 3314 ἐπιδείκνυνται
1163 3261 1351 3328 τῦφον,
1383 3260 1609 3322 εἰκότως
1649 3260 1922 3330 πρέπουσι

348 3352 731 3424 παραδίδονται
756 3351 961 3416 πόνοις,
994 3352 1084 3405 διὰ
1144 3350 1239 3404 τοῦ
1295 3351 1528 3420 πάσχειν
1581 3351 1680 3420 τὴν
1721 3351 1924 3419 ἀγνοη-

350 3435 537 3499 θείσαν
566 3441 752 3505 αὐτοῖς
782 3443 846 3496 ὲκ
871 3442 972 3511 τῆς
1008 3439 1245 3511 ματαίας
1292 3441 1524 3511 οἰήσεως
1568 3456 1925 3511 ταπεινοφρο-

349 3534 520 3607 σύνην
558 3533 1083 3606 μεταμανθάνοντες.

423 3717 536 3789 πβ’.
576 3718 849 3781 Ἕκαστος
879 3716 987 3771 τῶν
1015 3715 1284 3786 δαιμόνων
1318 3712 1461 3768 κατὰ
1485 3712 1585 3782 τὴν
1605 3708 1928 3772 ἐνδιαθέτως

351 3809 725 3881 ὑποκειμένην
746 3809 1185 3879 ἐπιτηδειότητα,
1226 3806 1364 3878 πρὸς
1387 3805 1549 3875 τήνδε
1577 3803 1610 3874 ἢ
1633 3801 1789 3879 τήνδε
1819 3801 1930 3855 τῶν

353 3896 675 3971 πειρασμῶν
708 3898 805 3970 τὴν
828 3897 1123 3968 ἐπαγωγὴν
1155 3894 1414 3965 τυγχάνει
1461 3892 1811 3965 λειτουργῶν·
1836 3892 1932 3946 ἄλ-

351 3991 444 4056 λος
467 3990 574 4063 γὰρ
606 3989 772 4060 ἄλλης
803 3990 916 4042 ἐστὶ
936 3988 1218 4060 ποιητικδς
1235 3987 1453 4051 κακίας,
1471 3987 1567 4040 καὶ
1583 3985 1740 4050 ἄλλος
1768 3984 1930 4039 ἄλλου

357 4082 544 4150 σαφῶς
577 4082 695 4135 ἐστι
723 4080 1093 4153 μιαρώτερος,
1120 4078 1221 4133 καί
1256 4078 1394 4150 πρὸς
1431 4077 1549 4131 τόδε
1584 4076 1784 4148 μᾶλλον
1829 4075 1931 4146 τῆς
1969 4129 1974 4133 .

356 4173 556 4237 κακίας
573 4173 636 4228 τὸ
663 4170 803 4237 εἶδος
831 4171 1282 4243 ἐπιτηδειότερος.

426 4262 540 4335 πγ’.
573 4265 736 4318 Ἀνευ
768 4265 867 4335 τῆς
898 4264 1048 4328 θείας
1094 4263 1517 4334 συγχωρήσεως,
1541 4261 1661 4315 οὐδὲ
1686 4260 1840 4316 αὐτοὶ⁵
1883 4262 1933 4315 οἰ

352 4354 611 4426 δαίμονες
641 4353 761 4408 κατ’
786 4353 938 4407 οὐδὲν
957 4353 1253 4424 ὑπουργεῖν
1276 4350 1534 4405 δύνανται
1556 4350 1637 4420 τῷ
1669 4349 1929 4421 διαϐόλῳ.

359 4441 484 4501 Uide
513 4445 623 4517 γὰρ
650 4444 811 4508 αὐτὸς
839 4445 867 4497 ό
890 4443 1027 4509 Θεὸς
1056 4444 1208 4507 ὅπως
1244 4442 1384 4514 μετὰ
1431 4442 1531 4512 τῆς
1571 4440 1797 4513 δεούσης
1841 4459 1932 4511 φι-

2010 617 2197 673 Hostis
2232 618 2483 689 quidem,
2521 618 2655 675 dum
2691 626 2951 688 tanquam
2991 617 3120 672 odio
3151 618 3207 672 in
3232 632 3360 672 eum
3392 617 3585 672 incita-

2007 717 2119 775 tus,
2161 709 2451 767 exitiosam
2495 725 2625 782 erga
2670 726 2775 767 nos
2817 712 3069 766 homines
3109 710 3315 766 habere
3364 711 3590 765 videtur

2007 800 2383 870 dilectionem,
2414 817 2606 858 eorum
2638 804 2938 863 ati'ectuum
2970 803 3151 858 modis
3174 802 3271 872 qui
3297 817 3364 856 ex
3392 802 3593 856 volun-

2008 900 2120 949 tate
2145 902 2296 959 sunt,
2327 894 2669 964 voluptatum
2721 894 2980 949 illecebra
3011 901 3207 949 auctor
3249 893 3458 948 scilicet
3492 909 3593 948 no-

2010 988 2142 1039 strae
2177 984 2447 1039 voluntati
2473 985 2765 1050 exsistens,
2806 992 2869 1038 ut
2899 983 3119 1038 :eternis
3164 983 3341 1038 bonis‘
3365 992 3594 1054 antepo-

2010 1080 2106 1131 nat
2142 1081 2535 1144 temporanea:
2576 1076 2778 1146 quibus
2816 1083 2987 1131 totam
3016 1076 3189 1129 animi
3229 1075 3590 1147 cupiditatem

2011 1173 2134 1223 astu
2160 1167 2404 1237 rapiens,
2433 1182 2466 1222 a
2502 1168 2687 1225 divina
2711 1183 2815 1222 nos
2845 1182 3072 1238 prorsus
3109 1168 3397 1234 cbaritatc,
3431 1166 3595 1224 Crea-

2011 1257 2148 1313 toris
2169 1265 2365 1328 sponte
2397 1258 2587 1313 hostes
2612 1259 2977 1325 constitucns,
3014 1259 3283 1330 abjungit.
3313 1259 3469 1315 Ultor
3496 1276 3597 1315 au-

2014 1358 2148 1415 tem,
2173 1363 2300 1405 cum
2329 1348 2558 1414 nudato,
2583 1362 2698 1419 quo
2733 1365 2836 1405 nos
2860 1351 3238 1420 prosequitur,
3271 1350 3419 1415 odio,
3444 1352 3596 1408 velut

2008 1441 2122 1512 iam
2159 1440 2213 1496 ei
2257 1455 2358 1512 per
2401 1449 2691 1511 peccatum
2732 1441 2910 1496 factos
2955 1441 3246 1508 obnoxios,
3279 1440 3353 1498 ad
3377 1458 3596 1513 pinnam

2015 1531 2285 1602 deposcit.
2314 1533 2474 1593 Nulla
2501 1533 2648 1589 enim
2688 1548 2747 1589 re
2770 1522 2941 1603 'acque
2970 1531 3274 1588 delectatur
3318 1534 3593 1599 diabolus,

2015 1636 2081 1677 ac
2116 1623 2358 1681 hominis
2389 1625 2682 1695 supplicio.
2709 1625 2813 1682 Ubi
2849 1634 3033 1681 autem
3063 1625 3118 1681 id
3155 1625 3232 1681 illi
3272 1640 3598 1705 concessum

2017 1711 2206 1782 fuerit,
2238 1716 2346 1771 alia
2385 1716 2508 1772 aliis
2539 1715 2899 1772 succedentia
2934 1716 3100 1782 mala,
3131 1731 3253 1786 qua:
3281 1716 3471 1771 invitis
3500 1716 3602 1770 du-

2019 1822 2116 1865 rus
2139 1815 2361 1864 exactor
2400 1806 2630 1878 inﬂigat,
2659 1806 2997 1878 cxcogitans,
3028 1807 3264 1862 turbinis
3299 1807 3353 1862 in
3390 1823 3597 1863 morem

2017 1901 2128 1956 illis
2171 1899 2490 1955 immaniter
2535 1899 2765 1970 ingruit,
2807 1898 2864 1952 in
2912 1913 3051 1968 quos
3095 1899 3192 1953 Dei
3239 1899 3600 1968 permistione

2019 1992 2233 2063 accepit
2266 1998 2593 2062 potestatem
2627 2009 2640 2044 ι
2684 2007 2795 2046 non
2833 1990 2981 2062 quod
3016 1991 3111 2045 Dei
3143 1992 3463 2047 mandatum
3496 1993 3602 2047 im-

2018 2085 2171 2160 plere
2198 2083 2352 2147 velit,
2395 2082 2491 2138 sed
2534 2082 2641 2138 hoc
2683 2084 2847 2138 etiam
2899 2091 3064 2152 atque
3112 2082 3277 2136 etiam
3326 2091 3598 2155 satagens,

2021 2183 2085 2229 ut
2132 2175 2216 2229 sui
2270 2174 2326 2228 in
2367 2188 2470 2229 nos
2509 2173 2621 2228 odii
2651 2174 2763 2229 alat
2793 2174 2981 2247 virus;
3016 2189 3125 2245 quo
3161 2190 3360 2245 nempe
3395 2174 3601 2247 ingenti

2021 2280 2395 2321 aerumnarum
2442 2266 2809 2337 dolorumque
2861 2267 3103 2337 pondere
3152 2283 3264 2337 pra:
3320 2267 3605 2324 debilitate

2023 2359 2288 2414 fatiscens
2327 2359 2545 2414 animus
2577 2359 2777 2415 divinae
2820 2359 2917 2414 abs
2954 2374 3013 2414 se
3061 2358 3182 2429 spei
3218 2358 3480 2417 virtutem
3511 2360 3610 2414 ab.

2023 2449 2270 2515 scindat;
2317 2450 2414 2520 qui
2441 2450 2702 2506 videlicet
2744 2451 3120 2519 corruptionis
3164 2450 3289 2504 loco
3332 2467 3398 2506 ac
3437 2450 3605 2506 disci—

2023 2538 2209 2607 plinaa,
2246 2555 2369 2609 qua:
2402 2540 2631 2595 molesta
2660 2539 2927 2595 eveniunt
2951 2556 3017 2596 ac
3046 2540 3381 2610 inferuntur,
3415 2541 3470 2594 in
3506 2541 3610 2594 im-

2023 2628 2246 2698 pietatis
2279 2638 2663 2699 argumentum
2696 2640 2894 2686 vertat.

2095 2717 2185 2774 8l.
2231 2716 2369 2772 Cum
2408 2717 2476 2782 ii,
2522 2718 2620 2788 qui
2660 2719 2893 2774 actionis
2930 2718 3223 2794 habitum,
3256 2735 3321 2775 ac
3364 2727 3612 2775 contem-

2025 2808 2214 2878 plandi
2242 2808 2530 2864 scientiam
2569 2809 2717 2864 nacti
2748 2822 2897 2876 sunt,
2940 2811 3010 2866 ad
3049 2812 3372 2882 captandam
3409 2827 3475 2866 ex
3511 2811 3613 2865 ho-

2027 2897 2275 2953 minibus
2331 2897 2565 2969 gloriam
2625 2897 2743 2954 haec
2792 2899 3011 2967 colunt;
3074 2915 3273 2971 nempe
3339 2901 3611 2955 virtutum

2025 2989 2224 3044 modos
2253 2988 2557 3059 conspicuo
2581 2999 2738 3060 gestu
2778 2998 2943 3063 atque
2967 2991 3159 3046 habitu
3196 2991 3612 3061 adumbrantes,

2027 3079 2419 3152 sapientiaeque
2442 3095 2506 3135 ac
2531 3081 2776 3138 scientiae
2794 3083 3063 3139 duntaxat
3095 3097 3379 3138 sermones
3403 3082 3612 3154 absque

2027 3185 2258 3241 operum
2306 3171 2520 3241 justitia
2566 3173 2888 3242 loquentes;
2943 3173 3204 3244 velutque
3256 3173 3483 3229 virtutis
3548 3186 3614 3227 ac

2024 3260 2271 3316 scientia:
2306 3263 2551 3325 nomine,
2579 3278 2691 3332 quo
2715 3271 2931 3318 tument
2965 3263 3132 3328 fastu,
3178 3263 3301 3318 aliis
3329 3270 3615 3319 osxentan-

2026 3359 2141 3419 tes;
2197 3352 2652 3409 convenientibus
2694 3355 2894 3411 merito
2932 3355 3221 3411 laboribus
3274 3356 3612 3413 traduntur:

2026 3448 2090 3495 ut
2126 3455 2229 3509 per
2260 3448 2535 3496 tormenta
2573 3456 2638 3496 ac
2666 3442 2830 3507 mala,
2869 3458 3032 3513 quam
3060 3459 3127 3498 ex
3167 3442 3317 3498 inani
3347 3441 3615 3514 jactantia

2026 3530 2303 3600 stultaque
2333 3532 2420 3586 sui
2458 3531 2720 3600 opinione
2762 3533 3131 3597 nesciverant,
3180 3548 3379 3589 sensus
3422 3531 3615 3587 [ηοάοο

2028 3620 2190 3675 etiam
2216 3620 2294 3693 (id
2317 3629 2424 3688 est,
2454 3622 2846 3691 humilitatem)
2882 3624 2966 3677 vel
2990 3638 3116 3679 sero
3154 3623 3462 3679 addiscant.

2100 3712 2189 3765 82.
2228 3710 2478 3781 Quisque
2518 3713 2828 3767 daemonum
2867 3729 2966 3783 pro
3009 3715 3260 3784 subjecta
3302 3714 3409 3769 sibi
3450 3720 3616 3783 atque

2030 3801 2204 3856 indita
2232 3802 2553 3868 idoneitate,
2582 3804 2647 3859 ad
2678 3804 2820 3858 hanc
2854 3804 3072 3859 illamve
3112 3805 3454 3860 inferendam
3496 3813 3616 3859 ten-

2032 3893 2301 3949 tationem
2338 3895 2638 3949 ministrat.
2676 3895 2833 3950 Alius
2872 3897 3019 3950 enim
3064 3896 3215 3950 aliud
3255 3895 3499 3951 incendit
3531 3897 3614 3949 vi—

2034 3981 2194 4049 tium,
2230 3983 2482 4053 aliusque
2516 3985 2626 4038 alio
2656 3984 2835 4054 palam
2858 3985 3180 4040 sceleratior
3211 3995 3316 4051 est,
3356 3993 3521 4056 atque
3544 3984 3613 4040 ad

2034 4074 2140 4135 hoc
2162 4075 2369 4131 illudve
2392 4075 2515 4130 vitii
2548 4092 2722 4147 genus
2758 4076 3218 4148 magis‘idoneus.

2104 4260 2194 4315 85.
2234 4260 2314 4316 Ne
2357 4259 2461 4331 ipsi
2499 4261 2724 4331 quidem
2769 4260 3067 4326 daemones,
3107 4259 3269 4315 aliter
3305 4274 3469 4329 quam
3513 4256 3613 4315 Dei

2035 4352 2421 4425 permissione,
2444 4353 2559 4408 ullo
2584 4352 2748 4408 modo
2765 4352 2987 4407 diabolo
3017 4352 3329 4406 ministrare
3357 4358 3613 4420 possunt.

2034 4443 2202 4498 Novit
2231 4444 2381 4498 enim
2412 4444 2556 4498 Deus
2582 4458 2689 4513 qua
2722 4442 2957 4508 ratione,
2993 4457 3100 4512 qua
3127 4458 3224 4512 par
3252 4451 3337 4497 est
3374 4443 3616 4497 clemen-

356 4535 680 4610 λανθρώπου
710 4536 804 4590 καὶ
832 4535 1046 4606 ἀγαθῆς
1080 4534 1338 4606 προνοίας
1378 4536 1653 4605 συγχωρεί
1692 4531 1768 4603 τῷ
1818 4533 1924 4585 δια-

2039 4534 2113 4588 tia
2145 4533 2649 4605 benignissimaque
2678 4534 3030 4604 providentia
3062 4533 3283 4587 diabolo
3311 4533 3615 4603 permittat,

359 4628 504 4700 σόλῳ
534 4627 622 4683 διὰ
645 4628 755 4682 τῶν
778 4627 942 4681 αὐτοῦ
966 4626 1291 4698 ὑπουργῶν,
1327 4625 1426 4690 τὰς
1458 4625 1543 4695 ἐφ’
1571 4620 1656 4687 οἷς
1692 4622 1936 4696 ἡμάρτο-

364 4736 485 4792 μεν,
513 4717 802 4789 διαφόρους
835 4716 1108 4771 ποιεῖσθαι
1135 4716 1407 4788 τιμωρίας
1436 4732 1449 4747 ο
1486 4715 1581 4769 καὶ
1599 4714 1752 4785 δηλοῖ
1774 4714 1935 4768 τοῦτο

366 4812 577 4882 σαφῶς,
608 4813 643 4883 ἡ
674 4811 802 4884 περί
825 4809 921 4864 τοῦ
950 4808 1071 4863 Ἰὼσ
1119 4807 1410 4879 συγγραφὴ
1440 4808 1514 4877 μὴ
1540 4806 1836 4877 δυνάμενον
1856 4805 1937 4877 τῷ

374 4901 495 4957 ἰὼδ
523 4901 807 4964 παντελῶς
837 4897 1211 4971 προσπελάσαι
1236 4897 1327 4950 τὸν
1351 4897 1596 4952 διάϐολον
1621 4899 1938 4968 ἀναγραφο-

365 4995 528 5067 iam.
556 4994 683 5066 δίχα
700 4992 796 5047 τοῦ
819 4990 965 5047 θείου
999 4990 1162 5062 βουλή
1172 5005 1365 5062 ματος.

435 5165 541 5222 πᾶ.
583 5167 980 5232 Ἐνυπόστατος
1036 5166 1223 5231 πίστις
1278 5165 1451 5232 ἐστὶν,
1477 5164 1512 5236 ή
1566 5164 1797 5236 ἐνεργὴς
1848 5163 1945 5219 καὶ

366 5258 706 5332 ιμπρακτος,
730 5260 854 5316 καθ’
893 5263 960 5334 ἣν
988 5263 1016 5315 ό
1042 5260 1140 5315 τοῦ
1170 5259 1307 5313 Θεοῦ
1329 5257 1484 5329 λόγος
1532 5259 1592 5312 ὲν
1633 5260 1750 5321 τοῖς
1805 5274 1947 5328 πρα-

366 5353 575 5416 κτικοῐς
609 5353 688 5423 (ui
727 5352 1023 5415 δείκνυται,
1050 5353 1173 5416 ταῖς
1204 5350 1448 5433 ἐντολαῖς
1496 5349 1752 5421 σωματού
1761 5365 1941 5420 μενος,

440 5492 485 5525 ⁸¹
508 5493 611 5549 Job
639 5510 678 5559 ι,
707 5494 790 5549 12.

441 5604 462 5625 '
487 5603 573 5660 Cf.
607 5620 700 5675 qu.
731 5606 821 5660 26.
860 5605 929 5659 ad
955 5603 1201 5661 Thalass.

444 5720 522 5792 (τι)
564 5720 662 5773 Ἐν
685 5722 809 5792 τοῖς
820 5722 1180 5792 πρακτικοῖς.
1200 5720 1455 5792 Distincti
1472 5719 1676 5792 ubique
1702 5732 1935 5792 πρακτις-

371 5784 461 5846 κοΐ
484 5784 678 5847 contra
701 5784 1085 5864 θεωρητικοὺς,
1107 5784 1203 5862 qui
1233 5791 1445 5847 scilicet
1469 5784 1692 5846 stud—ent
1720 5784 1945 5852 actioni,

2036 4632 2098 4678 ut
2152 4637 2252 4692 per
2299 4638 2430 4678 suos
2490 4622 2794 4689 ministros;
2857 4639 3050 4679 eorum
3105 4639 3226 4692 qua:
3268 4623 3623 4693 peccavimus

2035 4703 2217 4787 exigat
2258 4730 2468 4785 poenas.
2509 4716 2587 4771 Ac
2636 4715 2927 4786 perspicue
2980 4714 3136 4785 531
3180 4713 3444 4778 declarat,
3496 4727 3621 4784 quae

2039 4809 2358 4879 conscripta
2412 4817 2591 4864 exstat
2657 4808 2782 4864 Jobi
2852 4806 3114 4873 historia;
3171 4822 3279 4876 qua
3340 4805 3619 4861 memoria:

2038 4897 2325 4968 proditum
2383 4904 2491 4962 est,
2549 4913 2660 4951 non
2725 4897 2970 4966 potuisse
3020 4896 3301 4952 diabolum
3367 4894 3615 4958 omnino,

2041 4996 2404 5057 praeterquam
2466 4986 2562 5040 Dei
2621 4993 2783 5048 nutu,
2830 4984 3029 5040 Jobum
3085 4981 3325 5053 aggredi,
3385 4988 3482 5033 aut
3536 4978 3615 5034 illi

2036 5079 2411 5149 propinquare
2446 5076 2517 5130 “.

2108 5171 2199 5225 84.
2246 5170 2411 5225 Fides
2450 5170 2566 5239 ipsa
2604 5182 2735 5222 vere
2773 5165 3066 5231 exsistens,
3100 5162 3295 5219 efﬁcax
3328 5168 3492 5217 estet
3523 5175 3617 5215 ac-

2039 5267 2227 5326 tuosa;
2256 5274 2364 5329 qua
2395 5258 2493 5313 Dei
2518 5270 2719 5320 sermo,
2753 5255 2811 5309 in
2846 5253 2934 5308 his
2962 5252 3057 5322 qui
3100 5251 3372 5306 actionem
3406 5246 3613 5309 colunt,

2039 5351 2312 5406 mandatis
2343 5355 2673 5418 eorporatus
2706 5343 2941 5416 patescit
2973 5359 2986 5396 :
3030 5357 3131 5412 per
3176 5354 3298 5421 qua:
3335 5346 3398 5392 ut
3434 5347 3619 5391 sermo

2041 5724 2099 5770 et
2119 5714 2216 5786 qui
2245 5708 2720 5786 contemplationi.
2769 5706 2920 5786 lflibjl
2954 5704 3320 5786 beneficus;
3366 5701 3502 5786 Dant
3535 5713 3623 5756 res

2053 5772 2332 5856 geruntur,
2366 5772 2572 5856 pateﬁt.
2600 5778 2739 5848 imo,
2768 5777 2836 5841 In
2867 5776 2993 5850 ipsis
3019 5777 3113 5848 qui
3138 5772 3317 5836 colunt
3340 5773 3621 5838 actionem,
