4122 6320
597 419 738 484 1’215

1755 423 1815 483 S.
1856 421 2143 484 MAXIMI
2183 421 2689 490 CONFESSORIS

3713 437 3846 500 1216

595 538 659 578 ac
689 527 955 595 Verbum,
987 527 1210 586 eosdem
1241 531 1476 587 actionis
1530 533 1771 590 cultores
1821 537 1888 592 ad
1939 539 2178 603 Patrem,

2286 542 2350 596 δι’
2389 537 2464 596 ὧν
2491 544 2566 609 ὡς
2600 545 2770 613 Λόγος
2799 544 2935 615 πρὸς
2979 544 3071 598 τὸν
3110 545 3168 598 ἐν
3209 538 3254 614 ᾧ
3311 544 3455 599 κατά
3484 545 3644 617 φύσιν
3676 550 3842 618 ἐστὶν,

595 621 652 675 in
681 633 793 688 quo
826 635 924 690 per
956 628 1208 675 naturam
1227 629 1332 686 est,
1362 637 1581 678 sursum
1611 626 1854 682 adducit.

667 709 756 764 85.
793 708 930 763 Vitae
957 712 1376 768 conversionem
1412 715 1732 786 cultumque
1756 719 2085 789 angelicum,
2112 736 2177 777 ac

598 808 964 870 spontaneum
1014 803 1186 856 animi
1229 819 1355 858 cum
1388 821 1618 876 corpore
1658 808 1983 872 divortium.
2029 813 2175 866 divi-

602 904 790 958 naeque
828 889 884 944 in
943 891 1139 960 spiritu
1189 892 1602 950 instaurationis
1653 905 1858 961 ortum,
1897 899 2036 953 Novi
2075 901 2179 954 Te—

598 981 859 1036 stamenti
916 983 1208 1051 proﬁtetur
1265 987 1604 1057 mysterium.
1648 987 1956 1057 Spiritalem
2011 1007 2178 1061 porro

602 1066 1081 1123 circumcisionem
1109 1086 1308 1125 vocare
1335 1073 1506 1127 moris
1529 1085 1616 1129 est
1629 1075 1830 1131 divinae
1856 1075 2174 1147 Scriptura,

602 1158 748 1225 quod
799 1157 1094 1216 libidinosa
1143 1162 1311 1217 animi
1359 1164 1428 1218 ad
1479 1180 1681 1236 corpus
1731 1166 1948 1222 affectio
1985 1184 2179 1239 ampu-

603 1256 771 1304 tatur.

674 1341 761 1395 86.
793 1342 943 1396 Deus
975 1356 1100 1398 cum
1142 1345 1321 1402 bonus
1358 1363 1423 1402 ac
1457 1349 1729 1419 benignus
1753 1349 1844 1415 sit,
1876 1352 2116 1421 malique
2147 1369 2178 1408 a

602 1430 767 1484 nobis
823 1441 990 1502 atque
1034 1434 1155 1488 vitii
1200 1451 1388 1490 semen
1431 1453 1659 1506 prorsus
1704 1441 2009 1510 exstirpare
2046 1442 2180 1496 velit

608 1522 964 1591 (voluptatem
1014 1526 1224 1580 scilicet
1271 1543 1335 1581 ac
1381 1528 1689 1595 libidinem,
1741 1546 1862 1601 quae
1914 1549 1944 1586 a
1995 1533 2179 1590 divina

606 1612 874 1666 cliaritate
912 1614 1156 1668 animum
1209 1619 1513 1686 subduxit),
1560 1621 1802 1686 diabolo,
1858 1631 1919 1676 ut
1961 1623 2180 1679 labores

607 1701 771 1756 nobis
795 1712 852 1758 et
884 1706 1149 1774 supplicia
1187 1708 1406 1773 inferat,
1431 1713 1733 1779 permittit;
1775 1729 1884 1783 quo
1915 1715 2180 1770 nimirum

607 1795 770 1848 simul
797 1812 861 1850 ac
890 1799 1078 1862 semel,
1119 1808 1234 1853 tum
1277 1802 1395 1871 ejus
1427 1819 1549 1871 qua:
1579 1806 1890 1871 antecessit,
1927 1808 2178 1878 volupta-

609 1883 680 1937 tis
719 1885 870 1940 virus
913 1902 1012 1955 per
1069 1889 1287 1944 labores
1333 1891 1518 1946 animo
1552 1893 1850 1964 abstergat,
1891 1905 2005 1950 tum
2050 1912 2181 1952 vero

609 1973 900 2030 adversum
931 1977 1096 2047 hujus
1121 1978 1221 2033 aevi
1261 1995 1369 2045 res,
1403 1997 1468 2036 ac
1509 1998 1632 2051 quae
1667 1984 1771 2038 soli
1806 1987 1996 2040 sensui
2028 1986 2183 2041 blan-

608 2067 854 2132 diantur,
908 2069 1096 2123 odium
1153 2070 1316 2126 nobis
1370 2073 1780 2144 perfectamque
1836 2076 2183 2131 abhorrentis

609 2155 782 2209 animi
833 2155 1259 2226 displicentiam,
1321 2159 1563 2230 ingerat;
1617 2171 1678 2216 ut
1732 2178 1965 2232 quarum
2027 2180 2180 2226 usus.

610 2255 807 2317 praeter
850 2263 1088 2317 poenam,
1138 2250 1361 2321 majoris
1402 2251 1540 2306 nihil
1588 2254 1861 2309 commodi
1918 2254 2118 2313 habeat
2167 2274 2180 2309 :

612 2335 778 2405 idque
824 2335 1044 2390 demum
1080 2353 1270 2408 agens,
1302 2351 1360 2393 ut
1390 2340 1539 2394 illius
1570 2341 1759 2407 ultrix,
1792 2343 2184 2414 hominumque

611 2424 939 2493 propensior
987 2425 1113 2481 odio
1172 2429 1437 2497 potentia,
1489 2429 1627 2500 ipsa,
1679 2432 1820 2486 mala
1866 2433 2182 2504 intligendo,

609 2515 678 2568 ad
712 2517 991 2581 virtutem,
1029 2533 1124 2572 eos
1161 2519 1253 2588 qui
1296 2531 1492 2590 sponte
1541 2521 1610 2577 ab
1655 2538 1720 2578 ea
1763 2525 2006 2595 prolapsi
2052 2527 2180 2592 sint,

611 2615 769 2675 cogat
795 2616 852 2661 et
890 2607 1134 2662 reducat.

683 2697 771 2754 87.
808 2699 1018 2755 Decens
1057 2701 1216 2770 plane
1247 2717 1577 2775 equumque
1621 2714 1726 2771 est,
1767 2716 1829 2761 ut
1864 2708 1956 2777 qui
1992 2724 2186 2778 pravas

613 2787 817 2842 diaboli
846 2791 1245 2860 suggestiones,
1286 2803 1348 2848 ut
1378 2806 1575 2865 sponte
1612 2807 1923 2866 peccarent,
1953 2799 2186 2855 libentes

611 2879 797 2932 animo
827 2893 1214 2951 susceperunt,
1257 2884 1325 2938 ab
1355 2901 1423 2941 eo
1462 2888 1782 2956 puniantur.
1825 2890 2042 2944 Etenim
2073 2891 2188 2946 dia-

613 2969 775 3025 bolus
815 2980 930 3025 tum
977 2989 1078 3043 per
1123 2976 1470 3033 voluntarios
1522 2979 1752 3036 affectus
1792 2997 1858 3036 ac
1904 2984 2188 3051 passiones

611 3063 912 3132 voluptatis
940 3072 1088 3119 sator
1132 3077 1237 3132 est,
1277 3076 1392 3124 tum
1421 3064 1643 3126 "doloris
1671 3087 1738 3126 ac
1783 3073 2061 3128 cruciatus
2086 3091 2187 3145 per

614 3153 1018 3213 involuntarios
1050 3158 1294 3214 inflictor
1326 3172 1382 3215 et
1407 3173 1581 3230 actor.

687 3247 775 3302 88.
815 3249 967 3306 Mens
1003 3254 1456 3323 contemplationi
1497 3255 1681 3310 dedita
1733 3266 1899 3327 atque
1945 3261 2188 3330 sapiens,

615 3339 824 3396 idcirco
867 3342 1010 3396 haud
1055 3359 1182 3398 raro
1217 3346 1509 3414 plectenda
1549 3347 1770 3403 diabolo
1808 3351 2062 3417 traditur,
2095 3355 2191 3423 qui

609 3427 758 3497 juste
806 3428 858 3483 ei
904 3429 1125 3484 labores
1157 3446 1542 3502 aerumnasque
1587 3451 1685 3489 seu
1722 3437 1905 3494 clades
1943 3439 2189 3506 inducat,

617 3525 679 3569 ut
709 3517 884 3572 discat
918 3521 1091 3590 magis
1124 3537 1222 3590 per
1260 3522 1423 3587 mala,
1469 3540 1590 3593 quae
1633 3527 1862 3595 patitur,
1912 3530 2191 3599 patienter

615 3607 844 3663 ferendo
886 3625 951 3664 ae
997 3611 1323 3666 sustinendo
1365 3614 1763 3686 philosophari,
1799 3636 1964 3689 quam
2010 3630 2072 3676 ut
2102 3639 2195 3677 su-

617 3698 851 3766 perﬂue,
909 3701 1002 3768 iis,
1049 3718 1171 3773 qua:
1206 3719 1317 3759 non
1358 3715 1508 3772 sunt,
1549 3711 1940 3779 superbiendo,
1989 3731 2191 3770 evane-

615 3798 752 3842 seat.

685 3879 774 3934 89.
828 3879 931 3947 Qui
985 3884 1056 3938 ob
1108 3884 1290 3940 laesam
1339 3886 1438 3942 Dei
1483 3890 1714 3959 gratiam
1777 3893 2007 3962 patitur,
2060 3895 2191 3952 dum

615 3971 860 4026 sonantis
886 3987 1015 4026 eum
1045 3974 1246 4031 divinae
1268 3979 1633 4046 providentiae
1658 3983 1931 4038 rationem
1955 3991 2184 4055 agnove~

616 4060 710 4125 rit,
738 4070 852 4116 tum
884 4064 1030 4144 illata
1059 4066 1200 4120 mala
1233 4068 1437 4137 gratias
1466 4071 1677 4140 agendo
1704 4074 1904 4143 gaudio
1937 4077 2188 4145 suscipit,

618 4161 733 4206 tum
761 4155 921 4226 cujus
947 4141 1106 4226 532
1142 4159 1316 4228 gratia
1346 4161 1598 4229 punitur,
1633 4141 1898 4219 delictum
1939 4141 2187 4237 corrigit.

616 4240 720 4305 Qui
750 4257 884 4297 vero
914 4244 1034 4314 ejus
1067 4245 1355 4301 medicinae
1386 4263 1609 4304 sensum
1644 4267 1754 4306 non
1787 4253 2038 4322 percipit,
2073 4263 2190 4310 tum

616 4347 648 4386 a
681 4347 942 4390 concessa
970 4338 1147 4406 gratia
1173 4339 1322 4409 juste
1351 4350 1691 4409 removetur,
1733 4351 1852 4397 tum
1890 4345 2190 4403 libidinum

615 4429 682 4478 ac
717 4424 982 4481 vitiorum
1027 4427 1342 4484 confusioni
1381 4432 1641 4500 traditur,
1690 4433 1747 4488 in
1791 4435 1897 4491 hoc
1938 4437 2192 4492 desertus

2274 633 2465 702 ἀνάγει
2493 636 2713 706 Πατέρα
2737 637 2864 700 τοὺς
2893 636 3250 706 πράττοντας.

2347 731 2452 778 πεθ.
2479 727 2634 797 Ζωῆς
2660 727 2950 798 μετάθεσιν
2983 729 3079 782 καὶ
3113 728 3370 800 λατρείαν
3399 729 3717 800 ἀγγελικὴν,
3751 731 3845 785 καὶ

2280 817 2418 886 πρὸς
2445 817 2604 887 σῶμα
2628 819 2804 890 ψυχῆς
2835 819 3080 873 ἐκούσιον
3111 820 3487 892 ἀλλοτρίωσιν,
3521 821 3615 874 καὶ
3657 822 3759 892 τῆς
3789 824 3844 875 ἐν

2277 907 2545 978 πνεύματι
2574 909 2725 974 Θείας
2755 912 3168 983 μεταποιήσεως
3212 913 3446 980 γένεσιν,
3475 914 3536 967 τὸ
3577 914 3676 982 τῆς
3701 913 3844 980 Νέας

2284 999 2563 1072 Διαθήκης
2601 1004 2957 1072 καταγγέλλει
3010 1005 3328 1075 μυστήριον.
3375 1007 3760 1076 Πνευματικὴν
3792 1007 3846 1060 δὲ

2278 1092 2580 1162 περιτομὴν
2634 1094 2662 1147 ό
2710 1094 2870 1164 λόγος
2916 1091 3024 1148 οἶδε
3081 1095 3285 1162 καλεῖν,
3351 1093 3448 1167 τὴν
3508 1098 3606 1167 τῆς
3671 1101 3844 1167 ἐμπα-

2278 1179 2405 1245 θοῦς
2433 1183 2670 1252 σχέσεως
2709 1185 2848 1256 πρὸς
2884 1185 3046 1254 σῶμα
3081 1187 3180 1257 τῆς
3212 1185 3387 1256 ψυχῆς
3411 1188 3671 1258 ἐκτομήν.

2349 1350 2464 1416 πς’.
2513 1351 2741 1419 Ἀγαθδς
2776 1352 3036 1423 ὑπάρχων
3063 1353 3091 1404 ό
3129 1351 3295 1415 Θεὸς,
3331 1353 3428 1404 καὶ
3469 1351 3638 1404 θέλων
3697 1351 3846 1422 ἡμῶν

2281 1441 2488 1494 ἐκτῖλαι
2518 1442 2801 1505 παντελῶς
2833 1442 2896 1496 τὸ
2934 1446 3034 1512 τῆς
3079 1443 3279 1507 κακίας
3316 1444 3538 1514 σπέρμα
3599 1445 3702 1515 τὴν
3733 1444 3847 1514 ἡδο-

2281 1533 2396 1602 νὴν,
2434 1532 2531 1603 τὴν
2561 1533 2652 1586 τὸν
2675 1533 2798 1587 νοῦν
2825 1534 2926 1604 τῆς
2957 1534 3106 1599 Θείας
3139 1535 3558 1605 ἀποσυλήσασαν
3589 1536 3846 1606 ἀγάπης,

2281 1625 2555 1694 συγχωρεῖ
2578 1623 2656 1693 τῷ
2686 1623 2916 1694 διαϐόλῳ
2942 1625 3136 1688 πόνους
3169 1629 3300 1697 ἡμῖν
3328 1627 3422 1680 καὶ
3455 1627 3727 1697 τιμωρίας
3766 1629 3850 1680 ἐπ-

2281 1714 2527 1780 αγαγεῖν·
2575 1712 2716 1766 κατά
2751 1713 2943 1766 ταύτὸν
2984 1715 3207 1784 καὶτῆς
3248 1714 3625 1786 προλαδούτης
3664 1717 3849 1787 ἡδονῆς

2280 1801 2370 1855 τὸν
2430 1801 2526 1865 ίδν,
2566 1801 2655 1855 διὰ
2699 1801 2810 1856 τῶν
2873 1803 3049 1856 πόνων
3099 1803 3198 1873 τῆς
3229 1803 3408 1874 ψυχῆς
3449 1804 3736 1870 ἀποξέων,
3761 1805 3848 1858 καὶ

2215 1872 2253 1926 Β
2283 1893 2417 1964 πρὸς
2446 1893 2516 1946 τὰ
2543 1894 2786 1962 παρόντα
2815 1893 2907 1946 καὶ
2941 1894 3108 1964 μόνην
3288 1872 3537 1966 αίσθησιν
3580 1896 3846 1958 σαίνοντα,

2286 1987 2440 2055 μῖσος
2463 1987 2594 2056 ἡμῖν
2617 1986 2712 2039 καὶ
2741 1984 2952 2039 τελείαν
2977 1986 3347 2048 ἀποδιάθεσιν,
3381 1987 3454 2050 ὡς
3488 1987 3657 2058 μηδὲν
3688 2006 3847 2057 τιμωο

2287 2074 2407 2146 ρίας
2435 2075 2596 2128 πλέον
2617 2075 2697 2138 είς
2729 2075 2919 2147 κέρδος
2957 2076 3270 2147 κεκτημένα
3316 2077 3458 2130 κατά
3495 2078 3594 2148 τὴν
3633 2081 3844 2150 χρῆσιν,

2282 2168 2578 2238 ἐμποιῆσαι
2604 2166 2946 2238 βουλόμενος,
2972 2168 3067 2222 καὶ
3107 2167 3203 2238 τὴν
3237 2169 3444 2222 ἐκείνου
3485 2171 3732 2241 τιμωρὸν
3762 2170 3846 2223 δύ-

2283 2276 2448 2329 ναμιν
2479 2259 2574 2312 καὶ
2611 2259 3016 2330 μισάνθρωπον,
3041 2260 3139 2330 τῆς
3171 2260 3307 2329 πρὸς
3339 2259 3536 2331 ἀρετὴν
3563 2263 3847 2327 ἐπαναγωσ

2282 2349 2387 2418 γῆς
2457 2348 2845 2419 περιστατικὴν
2905 2351 3085 2403 αἰτίαν
3149 2349 3480 2421 ποιήσασθαι
3527 2349 3638 2404 τῶν
3690 2352 3847 2422 αὐτῆς

2285 2440 2546 2504 ἑκουσίως
2580 2439 3078 2510 ἀπολισθησάντων.

2355 2718 2462 2783 πζ’.
2494 2719 2710 2790 Πρέπον
2734 2719 2852 2774 ἐστὶ
2877 2721 2971 2774 καὶ
3005 2719 3210 2774 δίκαιον
3235 2720 3341 2774 ὑπὸ
3361 2719 3457 2774 τοῦ
3487 2720 3736 2775 διαϐόλου
3765 2739 3848 2774 κο-

2284 2809 2559 2875 λάζεσθαι,
2590 2811 2714 2874 τοὺς
2777 2810 2874 2874 τὰς
2921 2810 3086 2865 αὑτοῦ
3135 2811 3378 2881 πονηρὰς
3427 2810 3715 2881 ὑποθήκας
3748 2811 3846 2865 τῶν

2287 2901 2548 2954 ἑκουσίων
2586 2901 3002 2974 ἁμαρτημάτων
3028 2902 3198 2973 ἡδέως
3225 2901 3569 2973 δεξαμένους.
3603 2903 3717 2956 Καὶ
3749 2904 3846 2971 γὰρ

2287 2992 2380 3044 καὶ
2411 2992 2600 3062 ἡδονῆς
2633 2994 2748 3044 ἐστι
2773 2992 2862 3045 διὰ
2903 2991 3012 3046 τῶν
3042 2993 3306 3047 ἑκουσίων
3335 2993 3525 3049 παθῶν
3558 2994 3788 3065 σπορεὺς
3818 2993 3845 3044 ό

2287 3078 2528 3141 διάϐολος
2555 3119 2569 3144 ,
2620 3078 2714 3132 καὶ
2771 3079 2963 3150 ὀδύνης
3027 3079 3117 3134 διὰ
3167 3081 3275 3136 τῶν
3321 3083 3589 3137 ἀκουσίων
3635 3086 3843 3152 ἐπαγω-

2215 3200 2256 3257 C
2289 3168 2439 3238 γεύς.

2363 3262 2476 3325 πη¹.
2517 3256 2574 3309 '0
2608 3255 2939 3327 θεωρητικὸς
2977 3257 3101 3321 νοῦς
3137 3259 3230 3312 καὶ
3261 3259 3582 3326 γνωστικδς,
3613 3259 3745 3329 πρὸς
3770 3276 3846 3312 τι·

2296 3344 2508 3414 μωρίαν
2560 3345 2823 3398 ἐκδίδοται
2861 3345 2951 3398 διὰ
2995 3347 3152 3400 τοῦτο
3188 3347 3448 3410 πολλάκις
3488 3347 3569 3416 τῷ
3594 3347 3842 3417 διαϐόλῳ,

2294 3437 2492 3499 πόνους
2535 3435 2683 3504 αὐτῷ
2738 3436 2962 3499 δικαίως
2994 3438 3251 3504 ἐπάγοντι
3293 3439 3386 3490 καὶ
3439 3439 3742 3508 συμφορὰς.
3767 3438 3843 3491 ῐνα

2297 3527 2441 3596 μάθῃ
2494 3526 2718 3597 πάσχων
2773 3527 2902 3597 περὶ
2955 3527 3248 3598 καρτερίας
3299 3528 3498 3598 μᾶλλον
3540 3529 3638 3583 καὶ
3684 3530 3844 3582 πόνων

2294 3617 2571 3686 ὑπομονῆς
2631 3617 3022 3688 φιλοσοφεῖν,ῆ
3077 3619 3330 3689 διακενῆς
3389 3620 3500 3682 τοῖς
3562 3619 3668 3673 οὐκ
3709 3615 3845 3673 οὖσιν

2294 3709 2658 3779 ὑπερηφάνως
2685 3710 3102 3780 ἐμματαιάζειν.

2363 3875 2472 3930 πθ’.
2519 3875 2580 3929 Ὀ
2623 3876 2849 3946 πάσχων
2894 3877 3035 3947 ὑπὲρ
3086 3876 3306 3948 χάριτος
3337 3875 3484 3948 [fort
3519 3876 3664 3948 ὑπὲρ
3710 3875 3843 3935 θείας

2293 3967 2530 4040 ἐντολῆς]
2559 3968 2694 4021 Θεοῦ
2724 3967 3153 4040 παραϐαθείσης,
3187 3967 3282 4021 ἐὰν
3327 3966 3534 4038 ἐπιγνῷ
3560 3969 3660 4038 τῆς
3694 3967 3841 4036 ἰωμέ-

2291 4078 2390 4130 νης
2417 4059 2578 4114 αὑτὸν
2601 4058 2748 4122 θείας
2773 4057 3028 4130 προνοίας
3055 4057 3144 4111 τὸν
3173 4056 3328 4126 λόγον
3355 4058 3455 4128 τήν
3481 4075 3539 4110 τε
3574 4055 3844 4128 συμφορὰν

2293 4151 2630 4223 εὐχαρίστως
2689 4149 2902 4221 δέχεται
2954 4149 3180 4220 χαίρων,
3218 4149 3316 4202 καὶ
3341 4148 3440 4220 τὴν
3468 4149 3609 4220 ὑπὲρ
3635 4145 3701 4222 ἧς
3732 4165 3844 4201 παι-

2291 4244 2502 4298 δεύεται
2543 4241 2850 4313 διορθοῦται
2886 4241 3260 4312 πλημμέλειαν
3285 4256 3300 4271 ο
3344 4241 3372 4292 ό
3397 4240 3454 4294 δέ
3483 4239 3688 4310 ταύτης
3712 4239 3844 4292 ἀναι-

2293 4337 2503 4405 σθητῶν
2534 4335 2632 4404 τῆς
2664 4332 2927 4404 ἰατρείας,
2956 4333 3054 4403 τῆς
3088 4350 3149 4387 τε
3192 4332 3438 4400 δοθείσης
3482 4331 3707 4395 ἐνδίκως
3748 4331 3845 4383 ἀπ-

2293 4426 2482 4493 άγεται
2497 4424 2718 4494 χάριτος
2744 4425 2836 4476 καὶ
2857 4424 2924 4493 τῇ
2952 4421 3216 4492 συγχύσει
3241 4423 3350 4476 τῶν
3369 4421 3556 4477 παθῶν
3578 4418 3848 4491 παραδίδο-

617 4523 680 4568 ιιι
725 4517 846 4585 ipso
895 4527 1076 4588 patret
1113 4535 1304 4592 opere,
1346 4538 1580 4594 quorum
1625 4526 1810 4582 animo
1855 4528 2185 4584 desiderium

2293 4535 2404 4583 ται,
2439 4516 2576 4588 πρὸς
2623 4517 2723 4588 τὴν
2763 4514 2962 4586 πρᾶξιν
2985 4515 3160 4569 ἐλθεῖν
3184 4514 3750 4586 καταλιμπανόμενος,
3779 4503 3844 4567 ὧν

617 4603 876 4662 habebat.

688 4697 774 4752 90.
810 4698 1092 4771 Quisquis,
1141 4718 1334 4760 eorum
1375 4721 1498 4776 quae
1539 4707 1618 4761 illi
1657 4707 1858 4764 delicta
1904 4713 2194 4768 commissa

616 4794 766 4854 sunt,
799 4804 965 4846 sensu
1003 4792 1296 4862 adductus,
1328 4805 1544 4864 Sponte,
1571 4812 1679 4866 qua
1707 4797 1867 4863 decet
1891 4801 2194 4870 gratiarum

615 4880 854 4949 actione,
894 4885 1156 4939 aerumnis
1209 4901 1403 4955 graves
1454 4888 1788 4944 tentationes
1834 4906 1955 4960 qua:
1992 4892 2196 4950 invitos

615 4972 921 5042 excipiunt,
954 4984 1015 5029 ut
1040 4976 1325 5046 suscipiat,
1360 4977 1415 5032 in
1453 4978 1698 5035 animum
1735 4981 1966 5048 inducit,
2017 4983 2192 5039 virtu-

615 5062 688 5118 tis
715 5064 909 5120 habitu
943 5074 1111 5138 atque
1144 5069 1319 5140 gratia
1345 5085 1455 5125 non
1491 5071 1743 5142 ejicitur;
1773 5075 1958 5144 utqui
1995 5085 2190 5144 sponte

613 5155 760 5226 regis
806 5157 1098 5230 Babylonis
1121 5161 1312 5233 jugum
1357 5163 1616 5229 subierit,
1678 5180 1743 5220 ac
1785 5166 1940 5222 velut
1985 5167 2190 5224 delicto

616 5247 866 5306 facturus
906 5252 1041 5308 satis
1087 5269 1416 5326 poenamque
1451 5256 1631 5320 luens,
1667 5273 1776 5312 non
1813 5258 2040 5326 abnuat,
2067 5276 2192 5330 qua:

615 5337 698 5393 illi
741 5355 918 5410 paena:
957 5341 1273 5399 inferuntur
1315 5361 1332 5398 :
1375 5345 1473 5401 sed
1529 5345 1583 5399 in
1625 5346 1733 5401 illis
1779 5363 2027 5413 manens,
2074 5349 2189 5420 regi

613 5431 839 5500 quidem
885 5433 1179 5506 Babylonis
1235 5435 1444 5491 tributo
1486 5437 1650 5492 solvit
1696 5438 1762 5505 ",
1810 5438 2080 5494 violentos
2121 5457 2190 5496 ex

686 5541 734 5573 “
759 5543 962 5600 Jerem.
993 5560 1159 5611 xxvii,
1197 5545 1229 5601 6
1256 5561 1410 5617 seqq.

617 5672 760 5744 quos
777 5663 981 5744 statim.
1004 5666 1132 5744 τοὺς
1166 5664 1504 5744 πράττοντας
1532 5671 1711 5719 vocat.
1751 5663 1905 5744 Aolibi
1917 5661 2181 5743 pluribus

615 5729 855 5800 explicat
882 5732 1165 5797 Maximus,
1201 5729 1321 5789 esse
1343 5735 1634 5796 actionem,
1659 5749 1724 5788 ac
1741 5729 1962 5788 virtutis
1989 5746 2178 5800 opera,

619 5799 772 5855 velut
792 5815 992 5872 corpus
1035 5803 1275 5859 hominis
1298 5803 1588 5874 spiritalis;
1631 5802 1808 5874 ipsum
1838 5799 2180 5859 intellectum

2290 4610 2614 4674 ἐνδιαθέτως
2649 4605 2762 4680 εἶχε
2786 4607 2884 4679 τὴν
2915 4607 3120 4678 ἔφεσιν.

2361 4701 2432 4770 ιζ.
2467 4704 2582 4765 Πᾶς
2635 4700 2964 4771 ἀνεχόμενος
3030 4699 3293 4762 ἐκουσίως
3336 4699 3401 4753 ἐκ
3449 4699 3546 4768 τῆς
3573 4698 3682 4754 τῶν
3710 4693 3846 4765 αύτῷ

2289 4794 2696 4868 πεπραγμένων
2721 4791 3145 4860 συναισθήσεως,
3169 4789 3424 4855 δέξασθαι
3443 4790 3541 4853 τὰς
3567 4789 3846 4850 ἐπιπόνους

2288 4887 2396 4942 τῶν
2428 4886 2698 4941 ἀκουσίων
2734 4881 3000 4953 ἐπιφορὰς
3048 4879 3392 4951 πειρασμῶν,
3421 4881 3560 4950 μετὰ
3581 4881 3680 4950 τῆς
3706 4877 3846 4933 δεού-

2296 4997 2395 5050 σης
2435 4975 2806 5047 εὐχαριστίας,
2835 4974 2936 5028 οὐκ
2983 4972 3306 5037 ἐξοικίζεται
3362 4974 3461 5042 τῆς
3505 4974 3627 5024 κατ’
3662 4968 3847 5041 ἀρετὴν

2295 5071 2460 5140 ἐξεώς
2483 5088 2542 5125 τε
2575 5070 2668 5124 καὶ
2694 5069 2935 5140 χάριτος,
2963 5068 3039 5130 ὼς
3065 5066 3313 5120 ὑπελθὼν
3341 5067 3603 5129 ἐκουσίως
3648 5067 3736 5120 τὸν
3760 5065 3846 5130 ζυ-

2294 5161 2389 5230 γδν
2412 5159 2673 5230 βασιλέως
2713 5157 3058 5221 Βαϐυλῶνος,
3089 5157 3185 5210 καὶ
3208 5157 3284 5220 ὡς
3322 5158 3484 5228 χρέος
3547 5155 3841 5216 ἀποτιννὺς,

2293 5253 2393 5315 τὰς
2429 5250 2538 5303 τῶν
2573 5249 2819 5320 βασάνων
2843 5247 3115 5318 ἐπιφορὰς
3146 5247 3576 5318 καταδεχόμενος
3607 5265 3623 5279 ο
3652 5245 3764 5300 ἀλλ’
3793 5245 3846 5296 ἐν

2295 5344 2484 5405 αὑταῖς
2509 5341 2707 5412 μένων,
2733 5339 2877 5393 τελεῖ
2904 5338 2980 5409 τῷ
3004 5337 3103 5408 μὲν
3130 5337 3341 5407 βασιλεῖ
3366 5337 3700 5400 Βαϐυλῶνος,
3730 5334 3845 5395 τοὺς

2295 5442 2360 5493 ἐκ
2380 5438 2475 5492 τοῦ
2498 5434 2741 5504 παθητοῦ
2763 5435 2862 5505 τῆς
2895 5434 3112 5504 φύσεως
3144 5433 3352 5504 βιαίους
3386 5433 3579 5498 πόνους
3595 5473 3610 5498 ,
3639 5433 3732 5486 καὶ
3753 5424 3844 5496 τὴν

2286 5674 2342 5718 et
2363 5660 2900 5730 contemplationem,
2926 5659 3080 5714 velut
3107 5660 3348 5714 animam
3369 5699 3384 5726 ,
3420 5674 3542 5730 qua:
3567 5675 3623 5715 se
3663 5665 3837 5712 mutuo

2287 5733 2356 5789 ad
2383 5734 2504 5804 ejus
2535 5731 2927 5803 perfectionem
2954 5731 3257 5803 indigeant.
