4122 6320
597 322 736 392 1219

1789 330 1846 390 S.
1885 328 2168 390 MAXIM!
2210 279 2714 398 CONFESSOilIS

3718 357 3858 426 1220

593 442 884 497 veritatem
942 441 1180 508 invenit;
1234 457 1344 512 qua
1398 444 1669 500 naturalis
1725 447 2028 516 speculatio
2075 462 2153 502 seu

2278 447 2450 504 ὅντων
2485 447 2642 523 εὗρεν
2663 455 2941 527 ἀλήθειαν,
2968 459 3091 514 καθ’
3123 463 3189 533 ῆν
3218 462 3250 534 ή
3280 465 3484 538 φυσικὴ
3508 466 3708 538 θεωρία
3734 489 3856 526 συν-

593 533 988 602 contemplatio
1033 535 1289 588 consistit
1331 549 1345 587 :
1396 550 1581 589 rerum
1633 537 1874 606 denique
1919 546 2175 607 superata

594 621 927 686 substantia,
955 620 1156 675 divinae
1197 634 1260 677 ac
1285 624 1673 693 insuperabilis
1699 625 1930 680 unitatis
1964 626 2175 683 lumine

593 713 970 775 collustrantur,
1028 712 1083 765 in
1144 727 1254 782 quo
1311 728 1454 768 vera:
1509 715 1796 786 theologia:
1851 717 2175 787 mysterium

590 804 955 857 constitutum
987 813 1094 858 est.

661 893 750 946 95.
783 894 1089 963 Unicuique
1113 896 1279 960 Deus,
1311 913 1414 966 pro
1442 899 1691 969 subjecta
1716 900 1793 953 illi
1816 857 1886 954 de
1916 901 2030 955 Deo
2057 901 2176 970 opis

591 983 757 1037 nionc
790 985 1195 1040 manifestatur.
1220 988 1291 1042 lis
1322 989 1544 1057 quidem
1569 990 1662 1059 qui
1687 990 1966 1045 desiderio
1998 1001 2172 1046 terre-

592 1092 718 1129 nam
748 1089 1152 1146 superaverunt
1198 1081 1679 1150 compositionem,
1711 1084 1966 1153 viresque
2001 1083 2172 1140 animi

592 1169 709 1236 pari
745 1169 892 1224 inter
925 1185 982 1225 se
1009 1171 1237 1236 virtute,
1274 1174 1578 1228 secundum
1610 1191 1774 1229 unam
1809 1176 2172 1246 eamdemque

585 1259 732 1328 jugis
769 1269 950 1316 motus
1001 1262 1148 1317 circa
1194 1265 1367 1316 Deum
1416 1267 1770 1334 agitationem
1817 1267 1966 1322 nacti
2018 1275 2169 1332 sunt,

591 1356 850 1420 tanquam
905 1353 1090 1407 unitas
1141 1363 1307 1424 atque
1353 1355 1599 1410 Trinitas
1655 1366 1902 1426 apparet,
1955 1372 2066 1426 quo
2113 1367 2171 1412 et

589 1442 872 1509 prepriam
911 1443 1289 1499 exsistentiam
1332 1448 1610 1510 ostendat,
1650 1456 1708 1501 et
1755 1447 1902 1502 illius
1947 1449 2167 1504 modum

591 1533 820 1601 mystice
849 1533 1062 1588 doceat.
1100 1534 1313 1600 Quibus
1347 1547 1530 1591 autem
1563 1538 1859 1607 appetendi
1905 1539 1988 1594 vis
2019 1539 2167 1596 circa

591 1629 870 1677 terrenam
913 1625 1256 1680 solummodo
1289 1627 1746 1697 compositionem
1779 1635 2052 1694 versatur,
2080 1630 2166 1684 vi-

592 1728 789 1782 resque
823 1715 991 1768 animi
1016 1731 1128 1769 non
1149 1716 1283 1772 alias
1312 1717 1437 1772 aliis
1470 1716 1756 1773 devinctas
1779 1718 2014 1784 habent;
2053 1735 2153 1774 non

2269 1746 2370 1814 τῆς
2423 1715 2603 1814 illuxit;
2657 1715 2917 1818 δυνάμεις
2964 1715 3343 1817 κεκτημένοις,

2285 539 2483 614 ἕστηκε
2508 560 2520 572 ·
2555 548 2649 601 καὶ
2679 547 2779 618 τῆς
2805 551 2990 614 οὐσίας
3015 552 3123 606 τῶν
3177 554 3349 609 ὄντων
3399 558 3654 631 ὑπεράνω
3701 566 3854 632 γενόο

2286 651 2469 705 μενος,
2500 637 2592 690 τὸν
2629 639 2727 708 τῆς
2759 639 2908 705 θείας
2955 643 3049 698 καὶ
3105 644 3316 716 ἀμάχου
3372 649 3598 719 μονάδος
3641 652 3852 724 δέχεται

2283 728 2582 797 φωτισμὸν,
2625 730 2749 783 καθ’
2784 731 2842 784 ὃν
2874 733 2974 804 τῆς
2993 735 3226 807 ἀληθοῦς
3255 737 3532 808 θεολογίας
3559 744 3856 815 συνέστηκε

2279 820 2339 871 τὸ
2365 822 2681 891 μυστήριον.

2352 916 2453 978 ια,ε¹.
2495 913 2745 986 Ἐκάστῳ
2773 918 2915 972 κατά
2962 917 3060 990 τὴν
3105 920 3470 992 ὑποκειμένην
3523 925 3672 994 αὐτῷ
3723 930 3853 1001 περὶ

2279 1003 2415 1058 Θεοῦ
2444 1006 2623 1072 δόξαν,
2655 1010 2683 1060 ό
2723 1008 2854 1072 Θεὸς
2881 1010 3242 1080 ἐμφανίζεται
3268 1032 3281 1045 ·
3313 1017 3425 1077 τοῖς
3450 1017 3549 1085 μὲν
3583 1023 3703 1071 κατ’
3727 1020 3853 1089 ἔφε-

2281 1115 2370 1150 σιν
2396 1098 2496 1168 τὴν
2519 1099 2710 1170 ὕλικὴν
2738 1103 3012 1172 περάσασι
3039 1102 3305 1171 σύνθεσιν,
3339 1107 3432 1160 καὶ
3462 1107 3563 1171 τὶς
3592 1109 3854 1180 δυνάμεις

2276 1190 2377 1258 τῆς
2397 1189 2576 1261 ψυχῆς
2602 1192 3029 1264 ίσοδυναμούσας
3050 1195 3308 1266 ἀλλήλαις
3329 1200 3689 1268 κεκτημένοις
3711 1205 3851 1258 κατὰ

2280 1282 2408 1351 μίαν
2443 1283 2536 1335 καὶ
2563 1283 2662 1355 τὴν
2681 1284 2850 1356 αὐτὴν
2871 1285 3212 1357 ἀεικινησίαν
3231 1289 3359 1358 περὶ
3391 1288 3544 1352 Θεὸν,
3572 1290 3648 1355 ὡς
3681 1293 3850 1362 μονάς

2277 1375 2710 1443 ἐκφαίνεταικαὶ
2729 1374 2918 1446 Τριὰς,
2955 1376 3043 1429 ἵνα
3077 1378 3172 1431 καὶ
3222 1378 3323 1450 τὴν
3371 1379 3577 1434 οἰκείαν
3608 1382 3850 1454 ὓπαρξιν

2275 1465 2642 1536 παραδείξειε,
2675 1467 2768 1521 καὶ
2791 1467 3081 1538 τὴναὺτῆς
3102 1469 3303 1539 τρόπον
3327 1471 3605 1540 μυστικῶς
3630 1473 3849 1526 ἐκδιδά-

2275 1557 2405 1622 ξειε.
2445 1558 2569 1621 Τοῖς
2593 1558 2650 1610 δὲ
2683 1557 2812 1629 περὶ
2835 1560 3004 1629 μόνην
3030 1561 3130 1632 τὴν
3160 1559 3351 1632 ὑλικὴν
3380 1561 3630 1616 σύνθεσιν
3664 1562 3847 1635 ἔχουσι

2273 1651 2602 1723 κινουμένην
2623 1652 2725 1720 τὴν
2755 1650 2962 1720 ἔφεσιν,
2993 1652 3090 1705 καὶ
3116 1652 3374 1724 ἀλλήλαις
3400 1654 3730 1718 ἀσυνδέτους
3754 1656 3848 1718 τάς

3392 1745 3496 1816 οὐχ
3537 1746 3611 1810 ὡς
3656 1745 3843 1810 ἐστιν,

591 1804 701 1857 illis
721 1815 946 1873 apparet
982 1816 1040 1860 ut
1080 1806 1195 1875 ipse
1224 1816 1327 1873 est,
1359 1809 1456 1864 sed
1491 1819 1551 1863 ut
1594 1809 1674 1863 illi
1701 1825 1762 1864 se
1796 1810 2040 1876 habent;
2072 1827 2153 1866 os-

2268 1795 2385 1891 ἀλλ’
2415 1795 3066 1908 ωςέίσὶννέμφῦανίξεται,
3123 1795 3343 1902 δεικνὺς
3381 1795 3610 1908 ὅτιθκτῆςν
3643 1795 3845 1907 ὑλικῆς

591 1895 824 1956 tendens
853 1896 1124 1951 ambabus
1155 1899 1412 1953 manibus
1442 1902 2046 1971 terrenumamplexos
2079 1901 2166 1956 bi-

587 1986 839 2053 narium;
873 2003 982 2057 quo
1011 1989 1252 2045 mundus
1285 2005 1611 2059 corporeus,
1639 1993 1795 2048 velut
1823 2007 1894 2048 ex
1933 1993 2168 2048 materia

588 2082 644 2127 et
668 2074 846 2130 forma
876 2086 1194 2144 concretus,
1220 2080 1498 2134 consistit.

662 2167 749 2223 96.
788 2169 1017 2225 Divinus
1046 2170 1362 2239 Apostolus,
1391 2172 1526 2227 alias
1567 2173 1811 2242 aliasque
1842 2173 2008 2229 unius
2038 2173 2168 2243 Spi-

552 2261 731 2317 .ritus
781 2261 954 2322 sancti
1004 2262 1355 2330 operationes
1400 2278 1498 2318 seu
1546 2262 1780 2329 alllatus,
1839 2264 1946 2318 alia
1999 2275 2167 2334 atque

585 2352 692 2406 alia
728 2361 887 2406 vocat
931 2353 1094 2416 dona,
1150 2369 1273 2422 quae
1321 2370 1466 2409 unus
1507 2364 1672 2425 atque
1717 2355 1863 2410 idem
1905 2363 2167 2425 operetur

586 2443 828 2514 Spiritus
873 2445 940 2496 ³⁷.
979 2443 1259 2512 Siquidem
1295 2445 1463 2514 igitur
1493 2447 1651 2516 juxta
1673 2460 1992 2501 mensuram
2035 2445 2164 2501 ﬁdei

589 2536 645 2588 in
689 2551 1023 2605 unoquoque
1071 2536 1237 2591 datur
1271 2536 1641 2592 manifestatio
1670 2537 1932 2607 Spiritus,
1976 2553 2042 2593 ea
2077 2553 2165 2592 ra-

586 2625 733 2680 tione
767 2641 876 2695 qua
907 2625 1037 2680 doni
1066 2627 1215 2680 illius
1255 2627 1608 2696 participatio
1635 2636 1961 2697 prasstatur:
1995 2627 2162 2682 nimio

585 2733 708 2771 rum
760 2709 962 2788 singuli
993 2717 1186 2772 ﬁdeles
1224 2734 1325 2788 pro
1358 2717 1484 2773 ﬁdei
1521 2719 1768 2784 modulo,
1803 2719 2162 2790 subiectaque

585 2807 696 2862 illis
715 2808 882 2861 animi
903 2807 1286 2877 dispositione,
1307 2807 1470 2878 ὅθι
1486 2823 1856 2862 commensam
1888 2807 2163 2877 recipiunt

583 2897 825 2968 Spiritus
859 2898 1242 2968 operationem
1287 2898 1664 2968 aiilatumque,
1709 2899 2048 2953 tribuentem
2077 2898 2160 2954 eis

581 2991 1005 3046 convenientem
1051 2989 1321 3056 habitum,
1357 2991 1425 3045 ad
1459 2991 1626 3063 hujus
1663 2990 1880 3046 illiusve
1911 2989 2158 3046 mandati

581 3083 1016 3136 exsecutionem.
1113 3121 1115 3124 ι

652 3177 741 3254 97.
783 3175 1259 3241 Quemadmodum
1302 3174 1442 3231 alius
1479 3176 1684 3244 accipit
1722 3189 2034 3230 sermonem
2068 3189 2154 3230 sa-

581 3265 824 3336 pientim,
853 3263 994 3320 alius
1015 3281 1152 3320 vero
1175 3279 1487 3320 sermonem
1519 3264 1782 3326 scientiae,
1807 3265 1948 3318 alius
1971 3274 2154 3320 autem

583 3356 711 3410 ﬁdei
743 3373 754 3409 :
790 3356 1040 3424 aliusque
1067 3356 1217 3410 aliud
1262 3356 1395 3424 quid
1441 3370 1636 3409 corum
1677 3355 1950 3409 donorum
1979 3355 2153 3424 Spiri-

582 3459 695 3515 tus,
729 3463 852 3519 quae
899 3460 1094 3516 magno
1133 3447 1398 3516 Apostolo
1435 3446 1713 3501 [recensita
1771 3455 1900 3502 sunt
1926 3447 2024 3503 ’δι
2073 3449 2154 3505 sic

580 3541 723 3595 alius
755 3539 976 3609 quidem
1001 3551 1100 3609 per
1126 3538 1414 3608 Spiritum,
1441 3537 1646 3593 donum
1673 3539 1873 3610 accipit
1895 3540 2152 3609 perfectae

581 3647 646 3686 ac
691 3631 1021 3685 immediatre
1065 3629 1121 3684 in
1167 3631 1340 3684 Deum
1377 3630 1666 3684 cbaritatis
1698 3630 1946 3701 nihilque
1979 3639 2152 3686 terre-

581 3739 713 3779 num
752 3722 1028 3784 habentis,
1074 3722 1376 3778 secundum
1420 3729 1624 3776 certam
1667 3721 1794 3776 ﬁdei
1844 3723 2146 3788 rationem;

581 3816 722 3871 alius
749 3823 879 3869 vero
905 3825 1006 3883 per
1035 3812 1294 3868 eumdem
1321 3812 1611 3883 Spiritu-In,
1643 3812 1850 3867 donum
1891 3813 2149 3882 perfecta:

579 3923 708 3979 erga
759 3908 1068 3977 proximum
1110 3905 1460 3972 dilectionis,
1513 3905 1766 3974 aliusque
1810 3904 1962 3960 aliud
2009 3904 2148 3974 quid

574 3996 879 4054 secundum
915 3996 1171 4052 eumdem
1200 3995 1488 4066 Spiritum,
1527 3996 1606 4049 uti
1638 3995 1924 4060 dicebam;
1945 3995 2026 4049 sic
2055 3993 2146 4048 ni-

575 4090 778 4144 mirum
825 4096 896 4143 ut'
931 4087 1131 4159 singuli
1170 4086 1454 4157 proprium
1484 4087 1543 4140 in
1579 4097 1706 4141 actu
1736 4102 1799 4142 ac
1840 4088 2146 4143 exercitum

576 4179 817 4236 habeant
842 4179 1070 4234 donum.
1111 4177 1341 4234 Omnem
1378 4177 1526 4231 enim
1559 4178 1805 4232 mandati
1847 4177 1904 4232 in
1933 4187 2058 4234 actu
2082 4194 2147 4234 ac

573 4272 878 4326 exercitum
911 4268 1184 4332 habitum,
1221 4267 1464 4338 Spiritus
1481 4267 1622 4322 dicit
1652 4284 1773 4324 esse
1808 4268 2036 4324 donum.

641 4363 730 4418 98.
762 4361 981 4416 Domini
1008 4360 1282 4429 baptisma
1311 4366 1415 4425 est,
1443 4359 1750 4415 voluntatis
1782 4369 1986 4416 nostrae
2014 4375 2143 4431 erga

2266 1927 2458 1992 δυάδος
2487 1929 2690 1998 ἀμφοῖν
2719 1929 3044 1984 ἐπελάϐοντο
3092 1930 3213 1983 ταῖν
3263 1932 3443 2000 χεροῖν
3468 1946 3483 1961 ο
3531 1929 3654 1985 καθ’
3713 1933 3782 2002 ἦν
3817 1931 3846 1984 ό

2269 2019 2601 2087 σωματικὸς,
2633 2018 2710 2082 ὼς
2736 2019 2795 2084 ἐξ
2820 2017 2952 2090 ὕλης
2969 2017 3062 2072 καὶ
3083 2018 3277 2083 εῖδους,
3303 2019 3598 2090 συνέστηκε
3615 2019 3842 2089 κόσμος.

2334 2194 2453 2256 ιιςθ.
2488 2193 2506 2210 "
2546 2189 2604 2243 '0
2665 2189 2806 2253 θεῖος
2865 2189 3206 2254 Ἀπόστολος,
3238 2187 3338 2251 τὰς
3382 2187 3673 2257 διαφόρους
3691 2189 3841 2257 ἐνερ-

2264 2283 2420 2352 γείας
2447 2283 2542 2336 τοῦ
2582 2283 2698 2345 ένδς
2734 2283 2892 2350 ἀγίου
2940 2281 3275 2353 Πνεύματος,
3319 2282 3638 2353 χαρίσματα
3695 2281 3840 2350 λέγει

2263 2373 2518 2443 διάφορα,
2553 2373 2642 2441 ὑφ’
2669 2373 2784 2436 ἑνὸς
2805 2372 3046 2443 δηλονότι
3083 2373 3176 2425 καὶ
3219 2369 3312 2425 τοῦ
3361 2373 3529 2426 αὐτοῦ
3577 2371 3840 2443 ἐνεργού-

2266 2480 2406 2533 μενα
2434 2463 2770 2532 Πνεῦματος.
2801 2464 2864 2515 Ei.
2889 2463 3068 2516 τοίνυν
3095 2462 3236 2514 κατά
3264 2461 3326 2514 τὸ
3383 2461 3578 2530 μέτρον
3629 2461 3734 2530 τῆς
3783 2463 3836 2514 έν

2262 2551 2477 2620 ἑκάστῳ
2509 2549 2741 2612 πίστεως
2773 2547 2972 2602 δίδοται
2995 2551 3029 2619 ἡ
3062 2548 3366 2619 φανέρωσις
3394 2548 3488 2600 τοῦ
3519 2547 3836 2617 Πνεύματος

2262 2644 2321 2696 ὲν
2342 2644 2408 2712 τῇ
2463 2645 2663 2713 μετοχῇ
2704 2640 2800 2695 τοῦ
2842 2641 3048 2694 τοιοῦδε
3075 2640 3433 2712 χαρίσματος,
3470 2639 3705 2703 ἕκαστος
3730 2638 3833 2691 τῶν

2261 2731 2470 2785 πιστῶν
2502 2733 2744 2803 δηλονότι
2775 2731 2918 2786 κατά
2945 2733 3043 2802 τὴν
3087 2730 3375 2800 ἀναλογίαν
3423 2733 3525 2801 τῆς
3572 2730 3828 2794 πίστεως,

2259 2820 2480 2890 καὶτῆς
2505 2819 2878 2891 ὑποκειμένης
2917 2817 3066 2889 αὐτῷ
3103 2818 3246 2873 κατά
3290 2817 3465 2888 ψυχὴν
3518 2817 3827 2881 διαθέσεως,

2260 2927 2625 2984 συμμεμετρη
2636 2913 2801 2983 μένην
2836 2910 3051 2982 δέχεται
3079 2909 3174 2964 τοῦ
3202 2908 3516 2979 Πνεύματος
3541 2909 3644 2982 τὴν
3681 2910 3829 2976 ἐνέρο

2257 3019 2433 3074 γειαν,
2492 3002 2859 3075 χαριζομένην
2903 3002 3052 3073 αὐτῷ
3087 3002 3250 3072 τῆσδε
3309 3001 3342 3073 ἢ
3398 3002 3560 3072 τῆσδε
3587 3003 3697 3073 τῆς
3743 3005 3826 3056 ὲν-

2260 3096 2424 3166 τολῆς
2450 3097 2549 3167 τὴν
2574 3095 2920 3166 ἁρμόζουσαν
2943 3095 3084 3167 πρὸς
3103 3095 3386 3167 ἀνέργειαν
3410 3096 3544 3161 ἕξιν.

2327 3188 2431 3256 ιιζ¹ο
2469 3188 2682 3262 Ὠσπερ
2717 3188 2882 3261 ὁμὲν
2922 3189 3188 3260 λαμϐάνει
3234 3189 3392 3256 λόγον
3442 3188 3660 3258 σοφίας,
3705 3188 3732 3240 ὁ
3765 3186 3821 3238 δὲ

2255 3282 2412 3353 λόγον
2437 3281 2709 3352 γνώσεως,
2753 3283 2938 3353 ἔτερος
2965 3283 3043 3345 δὲ,
3076 3282 3330 3344 πίστεως,
3378 3281 3473 3333 καὶ
3506 3279 3668 3342 ἄλλος
3699 3279 3818 3332 ἀλλο

2254 3393 2306 3429 τι
2333 3375 2441 3429 τῶν
2475 3375 2949 3447 ἀπηριθμημένων
2976 3374 3053 3444 τῷ
3105 3373 3329 3444 μεγάλῳ
3378 3372 3688 3442 Ἀποστόλῳ
3727 3389 3818 3442 χα·
3913 3422 3916 3425 .

2255 3466 2536 3537 ρισμάτων
2579 3466 2676 3518 τοῦ
2719 3462 3034 3534 Πνεύματος
3059 3480 3080 3496 ο
3115 3462 3288 3524 οὕτως
3313 3465 3341 3515 ό
3365 3461 3464 3532 μὲν
3493 3461 3711 3531 δέχεται
3735 3459 3816 3512 διὰ

2250 3555 2348 3609 τοῦ
2404 3555 2722 3626 Πνεύματος
2770 3555 3017 3626 χάρισμα
3059 3554 3161 3623 τῆς
3215 3552 3430 3616 τελείας
3474 3553 3567 3604 καὶ
3608 3552 3814 3621 ἀμέσου

2250 3648 2388 3719 πρὸς
2422 3645 2557 3701 Θεὸν
2600 3647 2690 3700 καὶ
2723 3647 2887 3719 μηδὲν
2915 3645 3144 3716 ἐχούσης
3171 3644 3352 3698 ὑλικὸν
3387 3644 3628 3712 ἀγάπης,
3683 3641 3817 3696 κατὰ

2247 3737 2349 3806 τὴν
2370 3737 2661 3804 ἀναλογίαν
2690 3737 2787 3806 τῆς
2820 3736 3056 3798 πίστεως
3084 3751 3097 3764 ·
3127 3734 3315 3804 ἕτερος
3343 3732 3399 3785 δὲ
3427 3732 3514 3785 διὰ
3534 3732 3629 3786 τοῦ
3652 3731 3814 3786 αὐτοῦ

2250 3828 2590 3898 Πνεύματος,
2621 3827 2723 3897 τῆς
2746 3827 2958 3889 τελείας
2995 3825 3214 3896 ἀγάπης
3261 3824 3399 3894 πρὸς
3449 3823 3543 3876 τὸν
3593 3823 3812 3894 πλησίον

2250 3920 2494 3990 χάρισμα
2521 3935 2536 3950 ο
2573 3918 2730 3981 ἄλλος
2770 3918 2827 3970 δὲ
2853 3917 2984 3974 ἄλλο
3019 3935 3096 3981 τι,
3129 3915 3272 3970 κατά
3311 3916 3373 3970 τὸ
3405 3915 3538 3970 αὐτὸ
3571 3917 3810 3986 Πνεῦμα,

2246 4010 2321 4075 ὼς
2342 4010 2498 4081 ἔφην,
2547 4007 2763 4079 ἔχοντος
2811 4009 3041 4061 ἑκάστου
3083 4005 3473 4076 ἐνεργούμενον
3523 4005 3584 4058 τὸ
3619 4007 3812 4058 οἰκεῖον

2245 4101 2516 4173 χάρισμα.
2563 4102 2752 4154 Πᾶσαν
2799 4099 2908 4170 γὰρ
2953 4098 3173 4169 ἐντολῆς
3227 4099 3341 4165 ἕξιν
3392 4097 3809 4169 ἐνεργουμένην,

2246 4189 2560 4261 Πνεῦματος
2584 4183 2726 4244 εἶναι
2751 4189 2994 4259 χάρισμα
3026 4187 3192 4256 λέγει.

2318 4374 2428 4438 [ιη’.
2457 4369 2530 4421 Τὸ
2554 4367 2650 4421 τοῦ
2679 4365 2885 4438 Κυρίου
2914 4365 3198 4436 βάπτισμά
3243 4367 3414 4434 ἐστιν»
3467 4370 3500 4439 ἡ
3543 4369 3808 4438 παντελὴς

573 4451 841 4506 mundum
881 4450 1030 4504 hunc
1069 4449 1324 4504 sensibus
1365 4449 1644 4521 obiectum
1671 4464 1738 4503 ex
1773 4458 1886 4504 toto
1926 4451 2139 4506 exstin-

2256 4463 2391 4534 πρὸς
2417 4461 2508 4514 τὸν
2541 4458 2794 4530 αἰσθητὸν
2824 4457 3028 4526 κόσμον
3077 4457 3176 4526 τῆς
3229 4457 3605 4528 προαιρέσεως
3658 4463 3805 4530 ἡμῶν

569 4543 683 4599 ctio
715 4561 727 4596 :
759 4543 901 4597 calix
921 4556 1080 4606 vero,
1115 4542 1292 4612 ipsius
1309 4557 1530 4612 quoque
1555 4543 1844 4614 praesentis
1873 4543 1999 4599 vita:
2043 4560 2142 4600 no.

569 4641 696 4689 stne
721 4631 974 4688 veritatis
1001 4641 1167 4686 causa
1185 4632 1480 4688 abdicatio.

528 4744 529 4747 η
642 4724 732 4780 99.
785 4723 1004 4778 Domini
1050 4723 1340 4792 baptisma,
1395 4723 1656 4778 laborum
1703 4724 1924 4780 virtutis
1971 4740 2136 4782 causa

565 4828 762 4891 sponte
805 4816 975 4871 animi
1021 4815 1307 4886 proposito
1359 4823 1764 4884 susceptorum,
1807 4814 1978 4886 ﬁgura
2019 4826 2131 4884 est;

562 4925 800 4982 quorum
827 4924 931 4979 ope
960 4906 1152 4963 dilatis
1180 4903 1534 4960 conscientiae
1572 4904 1850 4971 sordibus,
1901 4915 2128 4976 sponta-

559 5021 719 5061 neam
745 5019 876 5074 erga
902 5016 992 5055 res
1015 4998 1190 5054 oculis
1214 4997 1486 5068 subjectas
1517 5006 1746 5052 mortem
1763 4998 2124 5069 suscipimus:

558 5100 702 5154 calix
727 5113 880 5162 vero,
907 5112 1095 5153 earum
1138 5108 1260 5161 quae
1299 5091 1533 5147 adverso
1568 5092 1750 5160 aliquo
1790 5107 1919 5149 casu
1957 5094 2126 5151 invita

556 5191 858 5252 voluntate,
916 5186 1166 5244 veritatis
1219 5198 1388 5239 causa
1445 5183 1778 5240 tentationes
1836 5196 2122 5257 appetunt,

552 5295 746 5352 typum
786 5280 1041 5350 praefert;
1083 5295 1182 5348 per
1207 5293 1365 5348 quas,
1399 5276 1503 5346 ipsi
1551 5292 1773 5348 quoque
1816 5280 1942 5335 vitae
1976 5281 2120 5336 divi-

625 5395 667 5425 ³⁷
693 5395 714 5446 ι
739 5394 866 5449 Cor.
895 5410 988 5460 nt,
1015 5394 1070 5448 4.
1147 5391 1206 5426 ³³
1227 5390 1361 5447 ibid.
1396 5385 1545 5446 8-12.

619 5510 642 5533 θ
668 5510 749 5564 Ad
776 5507 929 5566 Thai.
959 5526 1013 5581 q.
1048 5509 1135 5566 29.

621 5629 698 5701 (π)
747 5625 867 5678 NW
893 5626 960 5678 ἐκ
986 5625 1384 5701 εξεριοξζςίᾳεως
1410 5627 1900 5701 ἑπαῃσταμένων
1927 5628 2106 5682 ἄκουέ

546 5693 698 5754 σίων·
742 5695 1101 5760 πειρασμῶν.
1149 5693 1295 5748 Nihil
1347 5696 1487 5750 bene
1522 5693 1717 5761 Picus,
1751 5698 1956 5752 ratione
1990 5701 2106 5751 cir-

2244 4554 2505 4624 νέκρωσις
2529 4567 2543 4580 ο
2593 4549 2655 4603 τὸ
2705 4547 2763 4601 δὲ
2811 4548 3091 4617 ποτήριον,
3147 4546 3244 4600 καὶ
3290 4547 3462 4618 αὐτῆς
3504 4549 3664 4619 ἡμῶν
3711 4552 3805 4615 τῆς

2240 4644 2520 4715 παρούσης
2551 4641 2697 4711 ζωῆς
2726 4639 2866 4709 ὑπὲρ
2898 4637 3157 4709 ἀληθείας
3188 4638 3529 4710 καθέστηκεν
3557 4640 3799 4712 ἄρνησις.

2305 4735 2410 4802 ιιθι.
2443 4732 2516 4786 Τὸ
2549 4731 2642 4786 τοῦ
2669 4731 2875 4796 Κυρίου
2909 4728 3210 4799 βάπτισμα,
3253 4727 3364 4784 τῶν
3413 4730 3552 4801 ὑπὲρ
3603 4732 3800 4802 ἀρετῆς

2233 4825 2376 4879 κατά
2403 4823 2658 4894 πρόθεσιν
2683 4822 2946 4876 ἑκουσίων
2978 4819 3073 4874 καὶ
3101 4819 3386 4891 ἡμετέρων
3411 4821 3611 4888 πόνων,
3638 4820 3801 4884 τύπος

2235 4915 2470 4985 ὑπάρχει
2501 4927 2515 4944 δ
2543 4911 2612 4965 δι’
2641 4904 2716 4964 ὧν
2737 4911 2832 4974 τὰς
2866 4909 3008 4965 κατὰ
3033 4909 3339 4978 συνείδησιν
3357 4909 3798 4980 ἀπορῤύπτοντες

2234 5009 2476 5078 κηλῖδας,
2528 5006 2619 5059 τὸν
2667 5004 2897 5075 πρὸςςά
2931 5005 3229 5073 φαινόμενα
3272 5003 3372 5073 τῆς
3426 5004 3796 5075 προαιρέσεως

2232 5101 2478 5154 ἑκούσιον
2525 5097 2931 5168 καταδεχόμεθα
2975 5095 3205 5150 θάνατον
3238 5113 3252 5126 ο
3298 5096 3362 5149 τὸ
3409 5095 3466 5150 δὲ
3521 5097 3796 5167 ποτήριον,

2229 5195 2337 5248 τῶν
2382 5195 2447 5246 ἐκ
2481 5192 2854 5261 περιστάσεως
2883 5190 3033 5261 παρὰ
3073 5189 3392 5262 προαίρεσιν
3431 5187 3792 5258 ἐπανισταμέ-

2229 5302 2335 5339 νων
2370 5285 2502 5353 ἡμῖν
2525 5283 2664 5350 ὑπὲρ
2687 5281 2785 5350 τῆς
2809 5280 3065 5351 ἀληθείας
3086 5278 3357 5334 ἀκουσίων
3379 5276 3698 5349 πειρασμῶν
3713 5274 3789 5348 (τ)

2214 5628 2597 5700 περιστατικὸν
2619 5627 2716 5700 τῇς
2741 5626 2952 5700 φύσεως
2971 5626 3219 5700 θάνατον,
3245 5628 3666 5700 circumstante":
3691 5641 3785 5678 na-

2214 5696 2349 5753 tura?
2379 5709 2617 5752 mortem.
2655 5697 2749 5751 Est
2797 5696 2943 5750 enim
2993 5698 3308 5765 περίστασις
3351 5698 3456 5751 hoc
3489 5698 3625 5757 loco,
3673 5709 3780 5765 non

546 5765 1020 5828 cumstanliarum;
1055 5771 1115 5815 ut
1164 5773 1219 5816 et
1250 5765 1397 5831 quod
1477 5762 1658 5818 statim
1709 5770 1980 5837 sequitur,
2014 5769 2104 5821 τὸν
2215 5767 2744 5831 circumstantia,sed
2771 5766 2914 5835 quod
2949 5762 3388 5836 ilesj'ch’arin.
3415 5777 3467 5822 et
3496 5768 3586 5819 aiii
3607 5764 3776 5828 expli-
