4060 6322
171 325 333 395 129.1
899 330 1231 391 CAPITUM
1268 314 1692 402 QUINQUIE‘S
1727 327 2248 399 CENTENORUM
2283 330 2670 392 summm
2709 332 2794 396 II.
3317 327 3457 400 ms

164 445 366 510 τύπος
417 443 580 498 ἔστί*
631 442 700 496 δι’
753 431 830 494 ῶν
869 444 965 496 καὶ
1021 442 1194 512 αὐτῆς
1244 442 1630 513 προκρίνοντες
1684 444 1772 498 τὸν

1878 458 2012 497 num
2055 457 2300 497 amorem
2362 446 2745 513 pmicrentes,
2799 451 2995 514 sponte
3043 437 3098 498 in
3146 445 3275 501 vita:
3321 447 3452 500 mali

169 540 341 593 θεῖον
390 536 554 591 πόθον
597 536 698 606 τῆς
735 529 970 606 φύσεως,
1013 533 1230 598 ἑκόντες
1267 535 1358 588 τὸν
1390 535 1772 605 περιστατικδν

1879 537 2235 606 adversisque
2267 537 2502 608 positam
2531 531 2742 592 natura:
2764 544 2996 592 mortem
3024 538 3378 594 sustinemus.

169 624 548 698 ὑπερχόμεθα
584 625 681 695 τῆς
713 622 928 693 φύσεως
957 621 1205 678 θάνατον.

262 722 338 788 ρ’.
377 715 595 786 Ταύτην
618 714 732 784 ἔχει
757 713 856 784 τὴν
879 713 1141 784 διαφορὰν
1188 713 1250 766 τὸ
1305 712 1588 782 βάπτισμα
1636 713 1770 785 πρὸς

170 808 248 862 τὸ
305 807 610 876 ποτήριον·
651 807 732 858 ὅτι
782 805 844 858 τὸ
896 803 994 876 μὲν
1031 803 1334 874 βάπτισμα,
1378 805 1520 874 ὑπὲρ
1566 805 1770 876 ἀρετῆς

169 899 332 972 πρὸς
363 900 432 952 τὰ
463 899 597 970 ἡδέα
625 897 722 951 τοῦ
755 897 871 967 βίου
899 896 1101 966 νεκρὰν
1131 894 1426 967 ἐργάζεται
1456 896 1555 966 τὴν
1579 896 1772 967 προαί-

175 1009 350 1061 ρεσιν
381 1006 397 1020 ·
436 993 497 1044 τὸ
557 991 617 1044 δὲ
674 990 962 1068 ποτήριον,
1010 989 1109 1059 τὴν
1155 989 1411 1059 ἀλήθειαν
1454 989 1551 1043 καὶ
1601 989 1772 1059 αὐτῆς

177 1082 511 1154 προκρίνειν
540 1082 716 1135 stertat
745 1081 845 1151 τῆς
871 1080 1086 1151 φύσεως
1110 1080 1232 1144 τοὺς
1261 1080 1527 1144 εὐσεϐεῖς.

1951 710 2073 770 100.
2103 715 2381 785 Baptisma
2411 715 2557 771 inter
2594 722 2651 771 et
2691 716 2916 771 calicem
2950 716 3056 770 hoc
3085 717 3272 782 refert,
3303 720 3451 788 quod

1878 806 2170 876 baptisma,
2203 806 2426 860 virtutis
2445 822 2634 873 causa,
2670 806 2737 860 ad
2771 806 3122 861 delectabilia
3161 805 3288 860 vita:
3303 808 3454 876 quod

1877 899 2103 963 attinet;
2132 897 2474 953 voluntatem
2515 909 2825 953 emortuam
2870 898 3091 952 reddit:
3128 899 3272 953 calix
3302 913 3452 963 vero,

1881 998 1940 1043 ut
1962 989 2060 1043 Dei
2091 989 2335 1044 cultores
2364 989 2467 1060 ipsi
2495 1006 2717 1060 quoque
2748 999 2962 1045 natura:
2992 990 3285 1044 veritatem
3314 1005 3455 1060 pnn-

1878 1081 2078 1150 l‘erant,
2119 1089 2313 1137 auctor
2338 1083 2573 1138 exsistit.

566 1307 712 1360 EKA
725 1306 1002 1360 ΤΟΝΤΑΣ
1029 1305 1384 1362 ΔΕΥΤΕΡΑ.

262 1419 338 1476 α’.
377 1418 649 1489 Πρότερον
684 1417 775 1470 τοῦ
810 1418 1184 1490 βαπτίσματος
1211 1421 1365 1474 ἔθετο
1392 1421 1453 1474 τὸ
1494 1423 1771 1493 ποτήριον,

2271 1313 2770 1369 CENTENARIUS
2817 1313 3064 1368 ALTER.

1949 1429 2001 1482 l.
2033 1427 2280 1482 Priorem
2322 1426 2654 1496 baptismate
2701 1426 2931 1480 calicem
2981 1426 3166 1495 posuit
3211 1425 3277 1491 ³⁸,
3309 1426 3457 1495 quod

171 1516 271 1569 δτι
308 1505 406 1566 διᾶ
431 1510 528 1580 τὴν
554 1510 813 1580 ἀλήθειάν
852 1513 1000 1565 ἐστιν
1029 1514 1063 1581 ή
1099 1512 1292 1584 ἀρετὴ,
1331 1513 1443 1566 ἀλλ’
1467 1514 1529 1566 οὐ
1559 1513 1644 1567 διὰ
1676 1513 1772 1582 τὴν

1878 1519 2144 1574 nimirum
2175 1519 2355 1573 virtus
2385 1528 2608 1588 propter
2640 1518 2954 1580 veritatem,
2989 1527 3046 1572 at
3080 1534 3189 1572 non
3235 1529 3459 1588 propter

174 1603 396 1677 ἀρετὴν
433 1604 467 1673 ἡ
492 1601 739 1672 ἀλήθεια.
777 1601 942 1654 Ὅθεν
992 1603 1020 1656 δ
1059 1603 1146 1657 διὰ
1183 1605 1281 1676 τὴν
1314 1603 1571 1674 ἀλήθειαν
1601 1603 1772 1675 πράτ-

1877 1611 2142 1666 virtutem
2194 1611 2400 1665 veritas
2460 1610 2552 1665 sit.
2609 1609 2712 1676 Qui
2769 1610 2936 1680 igitur
2987 1609 3238 1664 veritatis
3289 1625 3459 1666 causa

175 1714 300 1752 των
327 1697 427 1766 τὴν
449 1695 673 1767 ἀρετὴν,
700 1693 1007 1758 κενοδοξίας
1033 1695 1093 1747 οὐ
1119 1695 1485 1766 τιτρώσκεται
1517 1696 1727 1766 βέλεσιν
1753 1712 1767 1726 ·

1877 1704 2081 1759 virtute
2110 1702 2384 1774 fungitur,
2419 1701 2604 1755 inanis
2639 1700 2826 1770 gloriae
2864 1701 3066 1770 jaculis
3111 1716 3222 1754 non
3257 1702 3459 1756 vulne-

176 1791 210 1842 ὁ
233 1789 296 1842 δὲ
318 1787 420 1859 τὴν
444 1783 700 1856 ἀλήθειαν
722 1784 927 1855 ἀρετῆς
956 1783 1142 1838 ἕνεκεν
1176 1785 1533 1857 ἐπιτηδεύων,
1589 1785 1768 1840 σύνοι-

179 1898 286 1936 κον
321 1879 435 1950 ἔχει
454 1878 552 1948 τῆς
575 1875 881 1942 κενοδοξίας
902 1878 1002 1948 τὴν
1029 1877 1227 1948 οῖησιν.

263 2077 333 2148 β’.
391 2075 678 2146 Ἀλήθειαν
714 2071 815 2140 μὲν
856 2068 993 2128 εῖναι
1022 2073 1192 2141 λέγει,
1223 2072 1302 2146 (g)
1329 2072 1428 2144 τὴν
1452 2071 1603 2127 θείαν
1631 2070 1775 2140 γνῶ-

185 2185 280 2222 σιν
311 2183 326 2197 ο
365 2167 570 2240 ἀρετὴν
598 2166 676 2233 δὲ,
717 2166 842 2230 τοὺς
877 2165 1020 2235 ὑπὲρ
1044 2163 1300 2234 ἀληθείας
1330 2165 1439 2218 τῶν
1470 2162 1772 2232 ἐφιεμένων

185 2262 365 2332 αὐτῆς
418 2260 655 2328 ἀγῶνας.
703 2258 762 2314 '0
803 2258 982 2312 τοίνυν
1021 2257 1276 2326 γνώσεως
1314 2258 1523 2320 ἕνεκεν,
1567 2256 1772 2328 ἀρετῆς

186 2351 486 2420 ὑπομένων
523 2350 738 2416 πόνους,
771 2351 834 2403 οὐ
869 2349 1154 2414 κενοδοξεϊ,
1182 2348 1468 2418 γινώσκων
1498 2349 1772 2420 ἀπερίλη-

193 2459 327 2496 πτον
374 2437 515 2494 εἶναι
567 2441 726 2510 φύσει
761 2443 879 2501 τοῖς
937 2440 1121 2502 πόνοις
1160 2439 1260 2508 τὴν
1316 2438 1613 2510 ἀλήθειαν·
1659 2441 1772 2501 τοῖς

185 2532 471 2605 δευτέροις
519 2533 626 2602 γὰρ
681 2533 742 2585 οὐ
779 2531 1184 2602 περιγράφεται
1218 2528 1380 2598 φύσει
1422 2529 1482 2582 τὸ
1531 2528 1768 2598 πρῶτον.

199 2624 266 2679 ὐ
293 2625 352 2678 δὲ
387 2625 487 2695 τὴν
514 2624 716 2688 γνῶσιν
748 2623 836 2677 διὰ
863 2624 990 2685 τοὺς
1020 2622 1159 2692 ὑπὲρ
1191 2621 1361 2690 αὐτῆς
1396 2620 1615 2688 ἀγῶνας
1650 2621 1770 2672 ἐπι-

183 2715 457 2790 οι-ηδεύων,
493 2716 712 2779 πάντως
740 2714 1014 2780 κενόδοξος
1038 2714 1113 2777 rb;
1137 2713 1417 2784 εἰληφέναι
1441 2711 1614 2766 δοκῶν
1647 2711 1773 2774 τοὺς

185 2805 497 2874 στεφάνους
530 2805 638 2876 πρὸ
679 2805 788 2859 τῶν
837 2803 1094 2876 ἱδρώτων·
1123 2804 1224 2857 οὐκ
1246 2803 1400 2867 εἰδὼς
1424 2804 1506 2857 ὅτι
1534 2803 1620 2857 διὰ
1647 2803 1773 2865 τοὺς

186 2895 496 2964 στεφάνους
525 2896 574 2948 οἱ
613 2897 786 2962 πόνοι,
817 2895 931 2948 ἀλλ’
960 2895 1021 2948 οὐ
1061 2893 1150 2947 διὰ
1177 2896 1307 2957 τοὺς
1343 2895 1538 2957 πόνους
1563 2894 1611 2946 οί
1649 2894 1771 2946 στέ-

188 3002 360 3055 φανοι
382 3002 397 3018 ο
432 2985 592 3054 φύσει
611 2986 719 3057 γὰρ
753 2985 1088 3056 ἀμελέτητος
1127 2987 1276 3042 πᾶσα
1311 2984 1615 3054 καθέστηκε
1645 2983 1775 3054 μέο-

1881 1802 2036 1847 ratur
2071 1809 2084 1846 :
2123 1793 2216 1861 qui
2258 1800 2443 1846 autem
2483 1790 2711 1844 virtutis
2754 1805 2922 1844 causa
2965 1790 3253 1846 veritatem
3303 1791 3457 1854 colit,

1879 1883 2063 1939 inanis
2095 1882 2281 1954 gloria:
2316 1881 2773 1936 contubernalem
2817 1879 2988 1934 animi
3017 1880 3314 1936 elationem
3357 1882 3460 1937 ha-

1877 1977 1971 2032 bet
2001 1977 2196 2046 suique
2218 1991 2412 2030 vanam
2439 1974 2928 2029 existimationem.

1946 2067 2001 2121 2.
2037 2067 2341 2122 Veritatem
2388 2065 2632 2134 quidem,
2683 2065 2926 2119 divinam
2965 2064 3252 2119 scientiam
3297 2063 3460 2136 535

1878 2175 1999 2216 esse
2047 2159 2182 2214 dicit
2233 2175 2247 2212 :
2301 2158 2566 2212 virtutem
2611 2172 2775 2220 vero,
2829 2171 3020 2211 eorum
3075 2171 3176 2225 pro
3226 2156 3461 2211 veritate
3516 2185 3524 2194 ι

1877 2249 2202 2311 certamina,
2233 2248 2329 2318 qui
2371 2249 2497 2316 ejus
2524 2245 2806 2300 desiderio
2834 2255 3115 2300 tenentur.
3147 2245 3252 2312 Qui
3293 2246 3462 2316 igitur
3519 2265 3533 2276 -

1876 2341 2126 2398 scientia:
2156 2355 2323 2394 causa
2363 2339 2584 2392 virtutis
2623 2337 2848 2392 labores
2877 2337 3136 2401 sustinet,
3170 2352 3282 2391 non
3309 2337 3462 2392 labo-

1878 2441 1962 2487 rat
1993 2432 2141 2486 inani
2165 2429 2363 2501 gloria,
2391 2427 2488 2498 qui
2519 2438 2720 2486 natura
2742 2426 3138 2496 comprehendi
3166 2441 3277 2480 non
3299 2442 3461 2496 posse

1876 2524 2168 2579 veritatem
2212 2521 2497 2576 laboribus
2545 2519 2703 2574 sciat.
2735 2517 2897 2584 Quod
2927 2517 3077 2572 enim
3121 2527 3319 2572 natura
3347 2517 3465 2586 pri-

1879 2630 2028 2670 mum
2061 2623 2168 2677 est,
2201 2613 2290 2667 his
2333 2626 2456 2682 qua:
2490 2609 2733 2666 secunda
2780 2618 2931 2673 sunt,
2962 2623 3073 2663 non
3105 2606 3461 2662 circumscri-

1878 2706 2050 2762 bitur.
2079 2703 2181 2771 Qui
2214 2719 2345 2758 vero
2377 2702 2667 2758 scientiam
2707 2701 2778 2755 ob
2809 2699 3030 2755 labores
3051 2713 3152 2768 pro
3179 2713 3244 2752 ea
3271 2707 3464 2778 exant-

1877 2799 2072 2853 landos
2104 2805 2370 2862 sectatur,
2413 2794 2640 2849 omnino
2665 2793 2844 2848 inanis
2872 2790 3059 2864 gloriae
3084 2789 3279 2845 morbo
3308 2797 3459 2844 tene-

1881 2901 1990 2956 tur,
2020 2889 2115 2960 qui
2145 2897 2273 2944 ante
2315 2887 2572 2953 sudores,
2607 2894 2830 2940 nactum
2862 2900 2920 2940 se
2948 2899 3183 2940 coronas
3219 2881 3465 2936 arbitre-

1881 2993 1970 3039 tur
2005 3001 2018 3036 :
2063 2997 2262 3051 nempe
2307 2981 2571 3051 ignorans
2607 2993 2730 3034 esse
2778 2977 3020 3042 labores,
3049 2983 3110 3030 ut
3147 2970 3464 3043 assequaris

183 3076 336 3140 οδος.
378 3075 470 3132 τοῦ
508 3075 575 3130 δι’
638 3076 667 3129 ὃ
694 3077 936 3146 πέφυκεν
964 3076 1370 3142 ἐξανυσθέντος,
1471 3074 1769 3146 ἀνυσθῆναι

1877 3090 2138 3140 coronas;
2167 3084 2223 3128 at
2250 3088 2360 3126 non
2386 3071 2459 3148 ita
2489 3086 2722 3126 coronas
2743 3077 2972 3142 propter
2995 3069 3238 3122 labores.
3269 3065 3463 3129 Cessat

181 3169 462 3234 δόξαντος.

1873 3167 2023 3221 enim
2065 3171 2258 3232 suopte
2285 3161 2447 3232 genio
2474 3160 2657 3216 omnis
2686 3159 2981 3216 methodus
3017 3159 3261 3228 artisque
3295 3157 3460 3224 ratio,

181 3277 268 3320 eo
315 3270 543 3332 peracto
578 3262 738 3332 cujus
779 3260 952 3331 gratia
988 3269 1131 3326 erat,
1175 3269 1271 3316 aut
1309 3260 1458 3329 quod
1493 3269 1778 3329 peractum
1805 3272 1928 3312 esse
1957 3255 2326 3311 existimetur.

267 3361 336 3422 γ’.
381 3354 438 3407 '0
481 3353 650 3424 μόνην
707 3352 808 3422 τῆς
858 3350 1111 3422 γνώσεως
1179 3352 1279 3421 τὴν
1329 3352 1563 3420 μορφὴν,
1630 3350 1770 3420 ὅπερ

188 3442 346 3500 ἐστὶν
387 3443 416 3494 ὁ
461 3441 615 3512 ψιλὸς
657 3441 811 3511 λόγος
843 3458 859 3473 ⁹
891 3442 985 3496 καὶ
1010 3443 1038 3494 ὁ
1081 3441 1180 3512 τὴν
1204 3440 1392 3495 εἰκόνα
1413 3440 1514 3510 τῆς
1545 3440 1784 3516 apati-1‘"

1934 3349 1989 3402 5.
2029 3337 2134 3411 Qui
2181 3345 2354 3400 solam
2413 3342 2664 3400 scientiae
2702 3341 2940 3398 formam
2981 3349 3251 3404 sectatur,
3308 3338 3458 3409 quod

1864 3447 1951 3496 est
2002 3438 2189 3493 nudus
2245 3452 2466 3512 sermo;
2522 3450 2587 3490 ac
2645 3434 2903 3490 veritatis
2958 3433 3273 3503 imaginem,
3332 3447 3456 3500 qua:

190 3536 333 3604 ὅπερ
367 3533 483 3586 ἐστὶ
507 3533 568 3586 τὸ
600 3533 752 3601 ψιλὸν
776 3529 928 3604 ἦθος,
959 3532 1313 3601 ἐπιτηδεύων,
1358 3531 1609 3607 Ἰουδαῖός
1655 3532 1772 3584 ἐστι

1877 3539 1953 3586 est
2002 3530 2234 3599 simplex
2275 3543 2494 3582 morum
2539 3527 2815 3592 honestas,
2884 3529 3005 3594 ipse
3043 3536 3265 3592 quoque
3312 3521 3460 3574 veri-

193 3627 297 3680 καὶ
317 3623 498 3688 αὐτὸς,
529 3623 787 3692 ἀληθείας
811 3622 1003 3686 τύποις
1032 3622 1410 3692 φυσιούμενος.

272 3795 334 3849 δ’.
386 3796 443 3848 '0
470 3793 650 3846 πᾶσαν
674 3793 771 3863 τὴν
822 3792 1152 3862 φαινομένην
1175 3779 1269 3844 τού
1323 3791 1488 3860 νόμου
1515 3789 1774 3861 λατρείαν

209 3886 284 3958 μὴ
340 3885 459 3937 κατ’
491 3883 740 3951 αἴσθησιν
771 3881 932 3952 ὁρῶν,
967 3880 1102 3934 ἀλλὰ
1152 3883 1271 3960 ταῖς
1329 3880 1472 3934 κατὰ
1517 3879 1643 3933 νοῦν
1676 3881 1774 3946 ἐφ-

205 3977 341 4038 όδοις
359 3974 586 4028 ἕκαστον
612 3974 718 4027 τῶν
735 3972 1028 4044 ὁρωμένων
1055 3971 1337 4041 συμϐόλων
1367 3971 1766 4039 διασκοπήσας,

206 4068 298 4122 τὸν
335 4067 391 4120 ὲν
437 4067 650 4137 ἑκάστῳ
690 4064 1072 4135 κεκρυμμένον
1127 4062 1348 4132 θεοτελῆ
1405 4055 1576 4130 Λόγον
1624 4059 1772 4112 ἐκδιο

209 4159 554 4228 δασκόμενος,
601 4158 660 4209 ὲν
689 4155 768 4226 τῷ
794 4155 945 4226 νόμῳ
972 4154 1060 4207 τὸν
1091 4152 1224 4206 Θεὸν
1278 4151 1550 4222 εὑρίσκει,
1591 4147 1774 4211 καλῶς

207 4249 464 4322 ψηλαφῶν
485 4249 571 4302 διὰ
592 4248 692 4318 τῆς
721 4249 915 4318 νοερᾶς
941 4246 1241 4317 δυνάμεως,
1298 4243 1374 4307 ὡς
1428 4243 1486 4296 ἐν
1530 4240 1770 4312 φορυτῷ,

209 4343 275 4413 τῇ
304 4339 401 4412 ὕλῃ
433 4339 542 4393 τῶν
564 4339 804 4410 νομικῶν
841 4337 1156 4401 διατάξεων,
1185 4335 1362 4388 εἵπου
1388 4333 1772 4405 κεκρυμμένον

1868 3623 2000 3678 tatis
2048 3620 2239 3690 ﬁguris
2285 3619 2471 3674 animo
2518 3627 2761 3681 tumens,
2816 3615 3033 3684 sibique
3086 3613 3330 3683 placens,
3357 3610 3456 3666 Ju-

1875 3713 2028 3768 daaus
2065 3710 2304 3764 exsistit.

1943 3801 1998 3855 4.
2037 3799 2142 3866 Qui
2173 3797 2531 3866 conspicuum
2561 3809 2778 3850 omnem
2808 3793 3038 3864 legalem
3079 3793 3308 3857 cultum,
3346 3809 3456 3849 non

1872 3907 1941 3947 ex
1975 3907 2172 3946 sensus
2199 3889 2414 3943 ratione
2442 3887 2636 3954 videt;
2673 3887 2770 3945 sed
2813 3886 3018 3940 mentis
3046 3883 3458 3941 intentionibus

1870 3982 2111 4038 visibilia
2162 3995 2395 4050 quaeque
2458 3979 2704 4050 symbola
2755 3977 3090 4042 considerat,
3135 3977 3230 4047 qui
3282 3977 3339 4032 in
3373 3979 3456 4033 eis

1873 4069 2108 4141 singulis
2159 4071 2439 4124 occultum
2479 4069 2591 4123 Deo
2632 4068 2938 4139 perfectum
2974 4067 3213 4122 Verbum
3252 4068 3454 4124 docea-

1875 4171 1986 4224 tur,
2022 4161 2192 4232 Deum
2217 4161 2274 4214 in
2296 4160 2416 4231 lege
2439 4160 2682 4227 invenit;
2709 4159 2939 4232 pulchre
2963 4158 3165 4214 mentis
3201 4158 3456 4214 facultate

1873 4253 2120 4323 palpans.
2170 4267 2302 4307 num
2338 4267 2590 4322 usquam,
2642 4268 2744 4308 ceu
2776 4251 2833 4305 in
2885 4251 3142 4321 congerie
3176 4250 3454 4321 (legalium

1872 4342 2086 4397 scilicet
2158 4342 2621 4402 eonstitutionum
2689 4340 2942 4409 materia)
2985 4341 3042 4394 in
3100 4341 3238 4411 legis
3286 4355 3456 4395 carne

207 4431 351 4506 εὖροι
372 4435 438 4502 τῇ
466 4433 630 4502 σαρκὶ
656 4431 751 4484 τοῦ
787 4430 973 4500 νόμου.
1013 4429 1105 4483 τὸν
1143 4427 1242 4499 τὴν
1270 4427 1519 4498 αῖσθησιν
1550 4423 1771 4495 διαφεύ-

1877 4431 2123 4486 abditum
2170 4433 2416 4488 nancisci
2463 4443 2648 4504 queat,
2687 4435 2782 4504 qui
2835 4448 3033 4488 sensus
3079 4432 3191 4486 vim
3232 4433 3458 4502 penitus

207 4538 366 4593 γοντα
394 4519 668 4584 παντελῶς
691 4520 1035 4592 μαργαρίτην
1064 4517 1253 4588 Λόγον.

275 4620 332 4669 ε’.
358 4612 469 4668 Καὶ
495 4615 524 4667 ὁ
545 4612 643 4685 τὴν
672 4612 833 4683 φύσιν
860 4612 916 4666 δὲ
940 4612 1049 4665 τῶν
1069 4612 1364 4684 ὁρωμένων
1395 4610 1474 4684 μὴ
1487 4613 1553 4684 τῇ
1580 4611 1770 4682 αισθήο

210 4720 289 4760 σει
339 4705 474 4778 μόνη
509 4705 892 4778 περιγράφων,
931 4695 1068 4759 sua
1119 4705 1258 4758 κατὰ
1285 4702 1412 4759 νοῦν
1459 4703 1641 4774 σοφῶς
1675 4703 1768 4758 τὸν

276 4859 314 4894 ³³
345 4862 510 4921 Marc.
544 4879 598 4930 x,
629 4863 716 4920 58.

213 5004 350 5063 cant,
390 4996 589 5066 θλῖψις,
645 4994 1221 5066 ἀνάγκηημέρεμνα·
1273 4991 1419 5066 quod
1468 4999 1526 5046 et
1572 4989 1773 5060 saepius

215 5069 450 5120 redditur
493 5064 598 5121 illa
638 5064 777 5130 vox,
837 5064 1089 5130 Aﬁlictio.
1154 5064 1454 5125 necessitas,
1508 5076 1771 5130 mrumtta,

213 5138 415 5206 afﬂictus
441 5154 616 5190 rerum
640 5153 812 5188 casus.
847 5129 972 5188 [liec
997 5135 1144 5187 enim
1172 5142 1321 5206 sunt,
1340 5147 1461 5201 quae
1482 5129 1775 5206 illumeﬂi—

214 5201 356 5260 ciunt
379 5208 629 5268 calicem,
651 5207 746 5274 qui
777 5221 884 5258 non
908 5213 1097 5259 nostra
1131 5204 1416 5256 voluntate
1449 5201 1771 5274 assumitur,

214 5276 302 5331 sed
320 5277 559 5330 exterius
582 5270 692 5329 Deo
714 5284 957 5338 auctore,
976 5275 1061 5329 vel
1085 5274 1299 5335 saltem,
1315 5287 1382 5326 eo
1397 5270 1772 5341 permittente,

217 5347 534 5400 adhibetur:
572 5347 931 5416 qucmipsum
967 5353 1146 5398 tamen
1169 5344 1414 5416 oblatum
1451 5349 1644 5410 Sponte
1680 5355 1774 5393 ac-

218 5427 420 5486 ceptare
440 5412 725 5479 deheinus,
745 5412 912 5486 inque
945 5431 1071 5471 eum
1090 5413 1334 5486 modum,
1357 5412 1448 5464 τὸν
1465 5427 1530 5462 πε
1537 5427 1776 5486 pLg—.121-

219 5480 304 5539 κδῖι
334 5485 544 5556 φύσεως
595 5480 1187 5556 Θάνατονὺπέρχεσθαι
1222 5501 1234 5537 :
1269 5491 1502 5556 mortem
1535 5480 1771 5556 Scilicet,

220 5570 320 5624 qua
344 5551 424 5611 sic
465 5557 625 5611 malis
661 5565 823 5625 atque
869 5551 1133 5611 arumnis
1167 5561 1378 5608 natura:
1411 5551 1525 5606 vita
1557 5551 1772 5606 exstin-

220 5635 418 5696 guatur,
460 5627 553 5680 Dei
581 5626 853 5681 desiderio
879 5627 1053 5696 obire.

287 5695 352 5768 (y)
392 5698 707 5764 Ἀλήθειαν
765 5697 919 5752 εἶναι
962 5695 1145 5764 λέγει.
1200 5694 1321 5750 Non
1369 5707 1478 5748 uno
1518 5691 1644 5748 loco
1690 5690 1770 5745 sic

1876 4523 2036 4595 fugit,
2086 4524 2384 4591 unionem;
2431 4525 2538 4579 hoc
2579 4533 2684 4590 est,
2739 4521 3007 4582 Verbum.

1946 4614 1998 4668 5.
2042 4614 2184 4680 Quin
2235 4615 2284 4670 is
2322 4630 2545 4687 quoque
2602 4617 2698 4687 qui
2748 4624 3004 4671 naturam
3041 4630 3228 4671 rerum
3279 4614 3459 4670 oculis

1874 4705 2253 4778 subjectarum
2315 4721 2430 4762 non
2481 4707 2601 4763 solo
2660 4705 2856 4762 definit
2930 4721 3131 4773 sensu;
3183 4704 3281 4760 sed
3333 4719 3458 4775 qua:

1875 4985 2425 5065 loquitur‘Maximus,
2448 5003 2512 5050 ac
2533 4993 2703 5050 sinon
2725 4993 2844 5065 ejus
2867 4991 3071 5057 essent,
3090 5005 3212 5062 qum
3228 4991 3456 5048 adhibet

1877 5063 2298 5134 quasisrcholia,
2341 5066 2436 5118 ubi
2480 5065 2614 5134 quid
2657 5063 2949 5120 obscurius
2987 5065 3206 5134 locutus
3230 5071 3338 5128 est,
3391 5073 3455 5117 ut

1877 5133 2025 5212 quod
2051 5133 2142 5188 hic
2171 5134 2396 5212 exponit
2428 5133 2746 5212 praecedens
2785 5143 2968 5212 caput.
3003 5133 3082 5212 Eo
3118 5134 3454 5212 autern-col-

1876 5201 2084 5272 lineare
2127 5201 2372 5266 videtur,
2417 5201 2480 5257 ut
2511 5203 2696 5258 divina
2746 5201 3008 5269 scientia,
3061 5203 3176 5272 ipsa
3211 5202 3397 5272 potius
3421 5219 3454 5258 α

1875 5270 1988 5325 Deo
2013 5272 2282 5342 speranda
2315 5273 2385 5327 sit
2422 5287 2489 5328 ac
2532 5273 2860 5344 expetenda,
2891 5273 2958 5327 ad
2973 5270 3146 5344 quam
3172 5270 3282 5326 non
3306 5271 3455 5327 suﬂi-

1876 5355 2004 5394 cere
2037 5341 2257 5397 nostros
2294 5359 2358 5397 ac
2385 5341 2618 5398 virtutis
2640 5341 2861 5399 labores
2898 5341 3318 5407 existimemus;
3358 5351 3456 5397 aut

1884 5426 2133 5484 unquam
2163 5427 2264 5466 nos
2289 5413 2813 5482 comprehendiSse;
2843 5413 2990 5484 quod
3026 5414 3254 5484 sentire,
3281 5409 3457 5482 qua’n-

1881 5479 2058 5554 diu‘in
2085 5481 2173 5535 via
2197 5493 2390 5537 Sumus
2414 5479 2435 5547 ξ
2461 5485 2689 5554 οἰήσεως
2714 5479 2833 5550 est,
2860 5479 3038 5539 ‘toties
3081 5479 3317 5554 Maximo
3361 5497 3456 5536 ex-

1881 5552 2128 5626 agitatae;
2159 5555 2241 5606 sui
2277 5552 2542 5626 apim'qnis
2576 5553 2970 5626 acjactantt’ae;
3003 5552 3174 5610 animi
3194 5552 3305 5611 sibi
3329 5554 3457 5625 pla-

1879 5623 2055 5678 centis
2085 5634 2249 5694 atque
2273 5624 2518 5696 superbi.

2803 5797 2824 5824 Ι
