4122 6320
619 297 759 364 1.9.23

1809 290 1873 350 S.
1912 287 2200 350 MAXIMI
2221 287 2749 352 .CONFESSOBIS

3743 283 3850 354 περι

619 395 860 485 singulis
881 408 1085 466 creatis
1110 405 1274 472 Inest,
1301 404 1573 462 rationem
1599 409 1879 474 sapienter
1904 411 2204 468 scrutatur,
2236 441 2247 468 Α

2236 412 2284 468 Α
2313 404 2370 456 ὲν
2412 403 2629 475 ἑκάστῳ
2658 398 2918 474 κτίτματι
2963 400 3121 470 λόγον
3182 399 3570 471 ἐρευνώμενος,
3638 397 3851 470 εὑρίσκει

619 506 797 562 Deum
847 501 1076 567 invenit,
1116 499 1214 570 qui
1266 514 1336 554 ex
1391 498 1676 569 proposita
1729 511 1917 551 rerum
1953 492 2208 566 magnifi-

620 597 824 661 centia,
873 609 1062 650 earum
1121 601 1404 646 auctorem
1446 591 1619 645 Deum
1671 589 1936 644 doceatur
1965 588 2030 642 ⁵⁸.

691 689 746 743 6.
786 686 926 753 Quia
950 683 1117 754 igitur
1148 683 1501 737 attrectantis
1529 680 1755 751 prapria
1797 677 2062 734 discretio
2086 684 2207 743 est;

619 781 716 851 qui
762 777 957 848 legalis
1001 775 1252 846 symhola
1305 774 1587 844 sapienter
1649 773 1858 842 legens,
1913 782 2212 839 rerumque

619 871 978 941 conspicuam
1009 875 1260 924 naturam
1285 868 1521 922 solerter
1545 874 1838 929 contuens,
1868 863 2212 933 Scripturam

621 973 678 1018 et
731 970 1044 1018 creaturam
1099 976 1166 1014 ac
1213 958 1461 1028 scipsum
1511 958 1783 1014 discernit
1826 972 1926 1012 seu
1961 954 2210 1020 dirimit;

623 1052 967 1122 Scripturam
1001 1049 1250 1119 quidem,
1279 1047 1335 1101 in
1363 1048 1604 1102 litteram
1630 1055 1687 1102 et
1711 1046 1970 1117 spiritum
2001 1047 2014 1111 ;
2052 1061 2212 1100 crea-

623 1155 801 1197 turam
849 1156 1002 1206 vero,
1037 1139 1102 1194 in
1149 1139 1421 1194 rationem
1460 1147 1516 1192 et
1549 1137 1940 1208 superﬁciem;
1968 1137 2229 1206 seipsum

623 1243 834 1296 autem,
879 1232 935 1285 in
985 1239 1227 1285 mentem
1280 1236 1338 1285 et
1399 1243 1625 1284 sensum
1663 1247 1675 1282 :
1714 1243 1780 1283 ac
1821 1244 1888 1282 ex
1927 1227 2214 1296 Scriptura

623 1325 872 1395 quidem,
927 1323 1218 1391 spiritum;
1270 1337 1338 1376 ex
1401 1329 1657 1375 creatura
1709 1335 1861 1385 vero,
1922 1321 2212 1383 rationem,

621 1428 691 1467 ex
735 1427 795 1466 se
846 1412 966 1482 ipso
1004 1420 1187 1466 autem
1248 1420 1490 1465 mentem
1552 1409 1932 1480 assumpserit,
1987 1409 2215 1478 haecque

627 1504 732 1558 alia
764 1503 888 1558 aliis
929 1503 1212 1557 insolubili
1240 1519 1386 1557 nexu
1411 1500 1740 1566 devinxerit,
1765 1501 1936 1556 Deum
1973 1499 2212 1565 invenit;

625 1593 832 1664 quippe
877 1593 972 1663 qui
1023 1595 1197 1648 Deum
1227 1593 1282 1648 in
1314 1594 1493 1649 Mente
1526 1602 1582 1648 et
1612 1593 1840 1647 Ratione
1867 1592 1986 1664 (seu
2011 1587 2213 1661 Verbo)

625 1693 682 1738 et
732 1684 942 1753 Spiritu
981 1683 1364 1748 exsistentem,
1422 1683 1502 1737 uti
1542 1682 1702 1736 decet
1758 1697 1823 1736 ac
1850 1697 1950 1750 per
1982 1680 2216 1736 faculta-

626 1784 736 1830 tem
787 1776 937 1840 licet,
999 1775 1305 1846 agnoverit,
1360 1775 1577 1830 cunctis
1615 1775 1884 1829 liberatus
1930 1789 2052 1844 quae
2085 1785 2216 1829 sunt

625 1868 966 1932 seducendo,
1001 1868 1169 1938 inque
1208 1869 1528 1924 innumeras
1561 1884 1754 1924 errore
1783 1867 2076 1937 opiniones
2107 1877 2217 1922 tra-

626 1963 788 2027 hunt,
846 1960 1108 2016 nimirum
1150 1977 1179 2015 a
1220 1961 1430 2025 littera,
1484 1958 1778 2030 superﬁcie
1824 1969 1881 2014 et
1915 1975 2102 2023 sensu,
2160 1962 2216 2013 in

626 2053 832 2124 quibus
863 2053 1082 2108 diversa
1110 2052 1391 2121 quantitas
1427 2052 1593 2122 536
1621 2059 1707 2106 est
1740 2066 1804 2106 ac
1838 2052 2035 2106 unitati
2083 2068 2216 2106 con-

583 2164 592 2173 ·
629 2146 817 2200 traria.
862 2144 958 2199 Sin
1004 2152 1188 2199 autem
1251 2144 1378 2213 quis
1445 2143 1581 2214 legis
1624 2142 1887 2208 litteram,
1922 2159 2218 2213 rerumque

581 2237 808 2290 ‘oculis
869 2235 1243 2310 subiectarum
1303 2234 1656 2304 superﬁciem
1701 2244 1866 2303 atque
1934 2234 2218 2303 proprium

630 2341 856 2381 sensum
901 2326 1006 2380 alia
1064 2325 1190 2379 aliis
1239 2323 1515 2378 nectendo
1565 2323 1872 2388 miscuerit,
1910 2337 2088 2378 caecus
2136 2332 2224 2377 est

630 2433 797 2472 manu
835 2417 979 2472 viam
1029 2424 1281 2482 tentans;
1318 2429 1507 2470 rerum
1540 2414 1755 2471 scilicet
1781 2412 2040 2469 Auctoris
2068 2413 2223 2484 igno-

631 2510 812 2563 rantia
857 2509 1136 2564 laborans.

702 2624 755 2676 7.
819 2623 1050 2678 Divinus
1121 2637 1463 2694 magnusque
1537 2620 1836 2691 Apostolus
1903 2619 2218 2676 deﬁniendo

631 2710 895 2780 quidnam
951 2711 1025 2765 sit
1074 2710 1231 2776 iides,
1265 2712 1344 2765 ait
1391 2728 1403 2764 :
1439 2710 1592 2764 Fides
1621 2718 1697 2764 est
1733 2727 1916 2764 eorum
1953 2725 2070 2774 qua:
2097 2727 2218 2780 spe-

633 2808 828 2854 rantur
886 2800 1222 2864 substantia,
1279 2815 1563 2870 rerumque
1612 2814 1750 2870 quw‘
1787 2817 1892 2854 non
1939 2801 2218 2866 videntur,

632 2891 819 2946 evictio
853 2891 918 2945 δ’.
959 2890 1057 2946 Sin
1087 2899 1273 2945 autem
1307 2891 1434 2960 quis
1465 2891 1631 2945 etiam
1665 2890 1912 2956 deﬁniat,
1963 2907 2085 2947 esse
2117 2892 2227 2947 bo-‘

637 2999 769 3038 nmn
820 2983 1104 3039 internum
1158 2984 1454 3053 animoque
1515 2984 1844 3054 repositum,
1881 2992 1978 3039 aut
2030 2999 2219 3040 veram

639 3181 671 3220 a
718 3182 854 3221 vero
895 3167 1259 3222 aberraverit.

709 3259 762 3314 8.
805 3258 969 3313 Fides
1005 3259 1088 3313 vis
1134 3267 1241 3323 est,
1288 3267 1350 3312 ut
1399 3258 1481 3313 sic
1531 3259 1746 3330 loquar,
1784 3259 2074 3324 aﬁ'ectiva,
2125 3275 2222 3316 seu

636 3349 859 3404 aD‘cctio
906 3365 971 3404 ac
1019 3349 1311 3414 habitudo,
1359 3366 1466 3421 qua
1520 3351 1838 3406 immediata
1867 3366 2035 3422 supra
2066 3361 2227 3408 natu-

639 3456 754 3494 ram
800 3440 1079 3495 credentis
1123 3455 1248 3495 cum
1297 3442 1430 3508 Deo,
1481 3441 1848 3498 cui'creditur
1876 3459 1942 3500 ac
1973 3443 2069 3514 qui
2103 3457 2225 3499 ere”-

639 3531 825 3594 datur,
885 3529 1124 3598 perfecta
1173 3530 1306 3585 unio
1350 3539 1664 3602 prastetur.

708 3620 764 3675 9.
805 3620 945 3686 Quia
975 3621 1144 3692 igitur
1179 3622 1347 3678 homo
1391 3639 1461 3680 ex
1498 3623 1678 3678 anima
1706 3624 1979 3682 exsistens
2019 3639 2076 3685 et
2100 3645 2226 3685 cor-

642 3726 800 3780 pore,
842 3711 1058 3768 duabus
1097 3714 1344 3783 jactatur
1397 3715 1614 3784 legibus
1653 3713 1860 3785 (carnis
1910 3720 2124 3776 scilicet
2173 3733 2229 3776 et

643 3804 891 3876 spiritus)
936 3820 1002 3860 ac
1041 3805 1267 3875 quidem
1313 3806 1497 3861 carnis
1551 3807 1662 3873 lex,
1723 3808 1782 3863 in
1830 3823 1994 3866 sensu
2042 3813 2226 3883 viget;

639 3898 728 3951 lex
760 3905 944 3951 autem
994 3897 1245 3966 spiritus,
1297 3896 1354 3951 in
1385 3907 1570 3954 mente
1601 3918 1616 3953 :
1655 3899 1853 3969 lexque
1880 3893 2017 3957 adeo
2047 3905 2228 3959 carnis

641 3989 699 4042 in
734 4003 898 4042 sensu
928 3988 1138 4058 vigens,
1179 3989 1418 4043 terrenis
1463 3989 1724 4045 addicere
1751 3991 1950 4060 habet;
1987 3995 2074 4048 lex
2099 4011 2229 4051 vero

641 4077 890 4147 spiritus,
936 4077 1052 4146 ipsa
1082 4077 1136 4131 in
1169 4085 1352 4132 mente
1381 4078 1592 4149 vigens,
1622 4079 1939 4135 immediate
1967 4098 2092 4136 cum
2115 4084 2228 4138 Deo

641 4167 895 4236 copulat;
945 4167 1186 4222 merito:
1218 4166 1320 4232 Qui
1356 4184 1461 4220 non
1500 4169 1755 4223 discretus
1793 4170 1954 4240 fuerit
1989 4171 2045 4224 in
2076 4173 2230 4226 corde

641 4272 737 4308 suo
762 4257 844 4322 “;
879 4257 985 4311 hoc
1015 4265 1121 4322 est,
1151 4272 1262 4310 non
1307 4257 1634 4313 discreverit
1668 4259 1724 4312 in
1756 4269 1940 4316 mente
1967 4276 2100 4327 sua;
2132 4279 2228 4318 seu

643 4347 1013 4402 itnmediatam
1039 4363 1164 4402 cum
1195 4348 1308 4402 Deo
1337 4349 1616 4413 unionem,
1645 4365 1768 4419 quae
1799 4359 1884 4404 est
1919 4367 2018 4421 per
2043 4351 2228 4418 iidem,

2313 495 2470 563 Θεὸν,
2509 497 2618 551 ἀπὸ
2647 496 2749 566 τῆς
2772 493 3224 567 προϐεϐλημένης
3258 491 3366 544 τῶν
3395 491 3562 544 ὄντων
3594 491 3853 562 μεγαλουρ-

2312 587 2459 656 γίας,
2479 587 2578 660 τὴν
2601 587 2782 642 αὐτῶν
2801 585 2910 640 τῶν
2940 585 3110 640 ὄντων
3133 584 3521 656 διδασκόμενος
3550 584 3738 639 αἰτίαν.

2388 689 2462 748 ς’.
2501 682 2722 755 Ἐπειδὴ
2771 680 2952 734 τοίνυν
2995 678 3129 732 ἴδιον
3173 679 3268 732 τοῦ
3314 677 3671 748 ψηλαφῶντος
3703 680 3732 748 ἡ
3761 678 3852 731 διά·

2313 776 2496 849 κρισίς
2529 776 2707 828 ἐστιν’
2741 775 2770 828 6
2795 773 2863 827 τὰ
2888 772 3091 844 νομικὰ
3114 770 3363 842 σύμϐολα
3391 769 3699 839 γνωστικῶς
3723 772 3856 841 ἔπερ·

2313 867 2568 939 χόμενος,
2595 866 2694 920 καὶ
2725 865 2824 936 τὴν
2857 864 3194 934 φαινομένην
3222 862 3332 916 τῶν
3355 862 3526 917 ὄντων
3565 862 3718 930 φύσιν
3757 863 3855 916 ἑπι-

2316 977 2415 1030 στη
2425 957 2660 1030 μονικῶς
2680 956 2974 1027 Θεὼμενος,
3002 955 3298 1025 διακρίνων
3315 955 3415 1025 τὴν
3441 953 3661 1024 Γραφὴν
3676 955 3758 1008 καὶ
3781 955 3856 1024 τὴν

2315 1050 2492 1103 κτίσιν
2520 1047 2615 1103 καὶ
2644 1047 2856 1112 ἑαυτὸν,
2876 1046 2977 1118 τὴν
3009 1046 3108 1118 μὲν
3141 1045 3382 1117 Γραφὴν,
3433 1046 3515 1109 είς
3545 1047 3764 1117 γράμμα
3783 1046 3857 1098 καὶ

2315 1139 2536 1210 πνεῦμα
2568 1157 2582 1170 ο
2614 1139 2713 1210 τὴν
2774 1138 2831 1192 δὲ
2881 1138 3079 1201 κτίσιν,
3121 1140 3198 1200 είς
3222 1137 3380 1206 λόγον
3413 1139 3509 1190 καὶ
3539 1138 3853 1206 ἐπιφάνειαν·

2317 1233 2509 1286 ἑαυτὸν
2541 1231 2619 1295 δὲ,
2651 1234 2732 1294 είς
2769 1230 2894 1284 νοῦν
2921 1231 3016 1284 καὶ
3039 1229 3292 1301 αἴσθησιν
3320 1245 3334 1261 ·
3366 1230 3458 1283 καὶ
3485 1230 3585 1300 τῆς
3625 1229 3716 1300 μὲν
3741 1229 3854 1299 Γρα-

2317 1325 2446 1394 φῆς,
2480 1323 2541 1377 τὸ
2567 1323 2784 1394 πνεῦμα
2809 1339 2824 1353 '
2851 1323 2951 1392 τῆς
2994 1321 3050 1374 δὲ
3079 1323 3329 1388 κτίσεως,
3361 1321 3452 1374 τὸν
3481 1321 3664 1390 λόγον·
3699 1321 3855 1375 ἑαυτοῦ

2315 1415 2393 1477 δὲ,
2427 1414 2520 1467 τὸν
2567 1414 2694 1468 νοῦν
2746 1411 2950 1476 λαϐὼν,
2999 1413 3095 1468 καὶ
3137 1413 3389 1483 ἀλλήλοις
3432 1413 3640 1477 ἀλύτως
3669 1412 3854 1478 ὲνὼσας,

2318 1500 2444 1576 εὗρε
2467 1504 2636 1557 Θεόν·
2694 1503 2769 1567 ὡς
2826 1505 3082 1572 ἐπιγνοὺς
3139 1502 3322 1568 καθὼς
3377 1505 3481 1568 δεῖ,
3525 1505 3620 1558 καὶ
3675 1505 3858 1558 δυνατόν

2319 1598 2456 1660 ἐστι,
2478 1597 2570 1650 τὸν
2597 1596 2751 1661 Θεὸν,
2783 1597 2872 1650 τὸν
2922 1598 2980 1650 ὲν
3017 1597 3115 1667 Νῷ
3144 1597 3239 1651 καὶ
3268 1599 3426 1668 Λόγῳ
3452 1600 3546 1651 καὶ
3580 1599 3824 1670 Πνεῦματι
3843 1617 3855 1631 ·

2321 1689 2543 1742 πάντων
2581 1690 2690 1742 τῶν
2717 1688 3046 1743 πλανώντων
3071 1677 3164 1743 καὶ
3193 1691 3273 1754 εἰς
3312 1691 3516 1761 μυρίας
3547 1692 3695 1757 δόξας
3725 1709 3856 1746 κατα-

2321 1781 2594 1851 συρόντων
2628 1781 2988 1849 ἀπαλλαγεὶς,
3012 1781 3156 1850 λέγω
3189 1781 3247 1834 δὲ
3277 1781 3606 1853 γράμματος
3636 1784 3720 1836 καὶ
3763 1785 3857 1836 ἑπι-

2319 1872 2546 1940 φανείας
2566 1873 2662 1926 καὶ
2686 1871 3015 1942 αίσθήσεως.
3061 1871 3118 1924 ἑν
3145 1865 3225 1936 οἷς
3274 1875 3307 1944 ἡ
3361 1873 3618 1947 διάφορος
3666 1875 3857 1946 ὑπάρχει

2322 1964 2577 2034 ποσότης,
2637 1964 2733 2017 καὶ
2781 1964 2884 2033 τῆς
2947 1965 3176 2034 μονάδος
3230 1965 3532 2030 ἀντίϐετος.
3610 1967 3670 2020 Ei
3721 1969 3770 2020 δὲ
3811 1967 3856 2020 τὺ

2320 2055 2558 2125 γράμμα
2611 2055 2707 2110 τοῦ
2768 2055 2958 2126 νόμου,
3011 2057 3104 2110 καὶ
3136 2057 3236 2127 τὴν
3286 2058 3398 2111 τῶν
3439 2060 3722 2130 δρωμένων
3763 2060 3855 2112 ἐπι-

2321 2145 2552 2213 φάνειαν
2609 2144 2703 2197 καὶ
2762 2145 2861 2215 τὴν
2913 2146 3124 2199 οίκείαν
3191 2145 3450 2216 αἴσθησιν
3519 2147 3751 2218 ἀλλήλοις
3793 2165 3856 2211 τις

2323 2234 2669 2306 πρυσπλέξας
2725 2236 3007 2309 συμφὺρῃ,
3039 2237 3238 2305 τυφλός
3268 2238 3388 2290 ἐστι
3423 2239 3738 2308 μυωπάζων,
3780 2238 3855 2307 τὴν

2321 2325 2422 2395 τῆς
2445 2325 2636 2389 Αἰτίοις
2660 2326 2768 2379 τῶν
2794 2326 2964 2380 ὄντων
2992 2328 3268 2395 ἀγνωσίαν
3297 2329 3494 2386 νοσῶν.

2395 2597 2463 2662 ζ’.
2491 2599 2510 2618 ⁸
2560 2596 2620 2649 Ὀ
2644 2595 2785 2660 θεῖος
2811 2596 2906 2648 καὶ
2935 2594 3108 2664 μέγας
3140 2595 3488 2661 Ἀπόστολος,
3515 2597 3567 2651 τί
3588 2600 3696 2651 ἐστι
3714 2598 3853 2660 πίστις

2322 2687 2543 2760 ὁρίζων,
2569 2687 2724 2758 φησί’
2757 2688 2968 2754 Πίστις
2992 2687 3185 2752 ἐστίν,
3211 2686 3614 2757 ἐλπιζομένων
3639 2691 3854 2745 undaru-

2321 2794 2444 2846 σις,
2499 2779 2600 2834 καὶ
2654 2777 3010 2849 πραγμάτων
3065 2779 3317 2848 ἐλεγχος
3360 2782 3437 2835 οὐ
3491 2778 3851 2849 βλεπομένων.

2323 2875 2386 2928 Ei
2417 2873 2475 2926 δέ
2498 2889 2581 2934 τις
2617 2873 2712 2925 καὶ
2757 2869 3061 2924 ἐνδιάθετον
3101 2871 3273 2942 αὐτὴν
3321 2871 3531 2939 ἀγαθὸν
3576 2868 3850 2942 ὁρίσαιτο,ἢ

2321 2966 2526 3035 γνῶσιν
2559 2964 2733 3035 ἀληθῆ
2771 2964 2881 3018 τῶν
2927 2965 3254 3037 ἀπορρήτων
3311 2965 3541 3034 ἀγαθῶν
3595 2966 3850 3019 ἀποδεικτι-

515 3095 528 3104 ~
635 3075 889 3130 notitiam
943 3091 1145 3130 arcana
1190 3075 1285 3130 illa
1331 3076 1478 3130 bona
1523 3075 2031 3142 demonstrantem,
2081 3075 2140 3132 ni

1677 3082 1995 3130 lustrantem
2016 3117 2031 3142 ,
2081 3075 2220 3132 nihil
2251 3089 2301 3152 ο
2327 3057 2450 3130 “ilva
2473 3057 2573 3129 τῆς
2607 3055 2865 3128 ἀληθείας
2895 3057 2959 3110 οὐ
2986 3050 3305 3129 διήμαρτέν·

2394 3245 2466 3310 η’.
2516 3241 2580 3293 Ἡ
2643 3241 2848 3307 πίστις,
2908 3240 3137 3312 δύναμίς
3187 3242 3304 3296 ἐστι
3358 3241 3604 3313 σχετικὴ,
3652 3236 3853 3309 ῆσχὲσις

2325 3332 2594 3404 δραστικὴ
2669 3333 2769 3403 τῆς
2809 3333 2948 3405 ὑπὲρ
3013 3333 3176 3403 φύσιν
3235 3332 3448 3405 ἀμέσου
3485 3335 3575 3389 τοῦ
3619 3328 3852 3387 πιστεύον·

2327 3442 2417 3488 τος
2466 3425 2603 3496 πρὸς
2661 3426 2754 3479 τὸν
2834 3426 3229 3496 πιστευόμενον
3279 3427 3440 3496 Θεὸν,
3512 3425 3708 3490 τελείας
3750 3421 3851 3476 ἑνώ-

2330 3532 2486 3580 σεως.

2402 3609 2492 3678 θ’..
2513 3608 2730 3680 Ἐπειδὴ
2759 3609 2938 3663 τοίνυν
2973 3611 3001 3662 6
3033 3609 3129 3664 ἄνθ
3141 3628 3319 3682 ρωπος
3351 3613 3423 3665 ἐκ
3448 3612 3620 3684 ψυχῆς
3642 3609 3854 3681 ὑπάρχων

2329 3702 2422 3754 καὶ
2450 3702 2721 3771 σώματος,
2742 3701 2871 3758 δυσὶ,
2916 3701 3199 3756 σαλεύεται
3243 3704 3458 3774 νόμοις,
3515 3703 3699 3774 σαρκὸς
3745 3699 3854 3767 λέγω

2330 3791 2425 3843 καὶ
2465 3791 2812 3861 πνεύματος·
2847 3793 2942 3846 καὶ
2969 3795 2999 3845 6
3030 3793 3127 3863 μὲν
3152 3793 3253 3863 τῆς
3297 3795 3505 3866 σαρκὸς
3555 3794 3718 3864 νόμος,
3746 3785 3854 3842 κατὰ

2329 3886 2430 3957 τὴν
2481 3885 2767 3956 αἴσθησιν·
2802 3887 2830 3938 6
2876 3885 2933 3939 δὲ
2984 3883 3078 3939 τοῦ
3125 3885 3466 3955 πνεύματος,
3503 3887 3634 3940 κατὰ
3659 3883 3737 3935 τὴν
3759 3877 3854 3932 νοῦν

2331 3978 2595 4048 κέκτηται
2619 3977 2719 4047 τὴν
2752 3978 3032 4048 ἐνέργειαν
3055 3991 3069 4010 ο
3107 3976 3201 4030 κα)⁸
3233 3980 3260 4030 6
3295 3977 3400 4047 μὲν
3429 3978 3526 4048 τῆς
3583 3975 3758 4049 σσρκδς
3779 3970 3854 4040 ὕλῃ

2334 4067 2542 4120 συνδεῖν
2601 4067 2832 4136 πέφυκε,
2906 4067 3049 4121 κατὰ
3100 4069 3200 4139 τὴν
3265 4069 3522 4139 αἴσθησιν
3581 4063 3852 4136 ἐνεργούμε·

2331 4175 2419 4222 νος
2448 4158 2522 4229 (κ)
2551 4176 2563 4188 ⁸
2604 4161 2632 4212 6
2659 4159 2715 4211 δὲ
2755 4157 2850 4212 τοῦ
2891 4159 3200 4230 πνεύματος
3246 4161 3391 4213 κατὰ
3434 4159 3556 4213 νοῦν
3587 4153 3855 4228 ἐνεργούμε-

2332 4266 2440 4313 νος,
2473 4249 2609 4320 πρὸς
2633 4249 2722 4302 τὸν
2753 4249 2885 4302 Θεὸν
2912 4251 3133 4320 ἀμέσως
3158 4253 3396 4304 ποιεῖται
3438 4252 3539 4322 τὴν
3567 4251 3768 4303 ’ἐνωσινθ
3796 4245 3854 4295 εῐο

2332 4341 2507 4404 κότως
2559 4342 2621 4394 '0
2664 4340 2751 4410 μὴ
2807 4343 3132 4410 διακριθεὶς
3180 4342 3249 4397 ἐν
3298 4343 3376 4412 τῇ
3431 4343 3640 4413 καρδίᾳ
3679 4333 3852 4392 αὐτοῦ’

642 4455 757 4493 non
812 4438 1086 4502 diviserit,
1141 4449 1404 4509 tanquam
1474 4440 1571 4510 qui
1621 4441 2011 4511 imperturbati
2058 4430 2270 4500 animi1

2226 4494 2228 4499 ι
2265 4429 2306 4482 ί)
2335 4433 2609 4486 τουτέστιν
2633 4475 2646 4498 ,
2681 4434 2738 4486 ἐν
2768 4432 2846 4504 τῷ
2892 4432 2972 4486 νοτ
3025 4434 3099 4504 μὴ
3155 4434 3460 4504 διακρίνας,
3524 4435 3680 4504 ἧγουν
3719 4429 3854 4479 διατε-

644 4532 801 4601 (quin
839 4538 896 4586 et
944 4532 1054 4599 jam
1110 4530 1248 4586 deus
1294 4547 1392 4602 per
1439 4531 1626 4603 iidem)
1674 4534 1880 4589 unione
1919 4533 2100 4590 factus
2135 4537 2229 4602 sit,

2336 4524 2454 4596 μὼν
2485 4517 2582 4595 τὴν
2628 4525 2716 4578 διὰ
2744 4525 2842 4594 τῆς
2873 4525 3108 4588 πίστεως
3163 4525 3302 4596 πρὸς
3354 4527 3447 4579 τὸν
3500 4525 3626 4578 Θεὸν
3674 4529 3853 4588 γεγενηο

644 4625 781 4677 dicet
825 4622 988 4675 monti
1015 4625 1169 4676 huic:
1203 4622 1412 4689 Transi,
1444 4631 1493 4676 et
1528 4626 1772 4678 transibit
1797 4625 1843 4656 ’⁵³
1877 4642 1890 4678 :
1928 4640 2039 4696 quo
2068 4627 2232 4682 modo

2225 4647 2232 4678 ι
2336 4619 2506 4688 μένην
2555 4619 2758 4687 ἆμεσον
2827 4619 3065 4683 ἕνωσιν,
3131 4619 3206 4682 ὡς
3271 4619 3510 4689 ἀπαθὴς,
3571 4615 3749 4686 μᾶλλον
3814 4607 3853 4658 δὲ

644 4713 930 4783 loquendi,
991 4714 1144 4768 velut
1194 4715 1373 4785 ipsum
1421 4715 1592 4786 digito
1644 4731 1869 4771 sensum
1933 4733 1998 4773 ac
2053 4720 2232 4790 legem

2224 4739 2232 4775 ι
2333 4710 2453 4773 θεὸς
2483 4711 2584 4781 ήδη
2640 4707 2729 4762 διὰ
2769 4709 2865 4779 τῆς
2901 4709 3136 4772 πίστεως
3173 4713 3236 4781 τῇ
3292 4709 3486 4763 ἑνώσει
3523 4702 3852 4778 γεγενημένος.

641 4805 828 4861 carnis
870 4805 1132 4871 ostendit,
1183 4821 1407 4877 gravem
1462 4806 1614 4861 illam
1670 4822 1736 4862 ac
1781 4807 2005 4863 difﬁcile
2057 4811 2236 4866 mobi-

2223 4843 2236 4854 .
2331 4801 2450 4871 ἐρεῖ
2482 4800 2563 4867 τῷ
2582 4800 2703 4868 ὄρει
2731 4801 2921 4866 τούτῳ
2959 4800 3310 4870 μεταϐῆναι,
3342 4801 3443 4854 καί
3472 4797 3851 4872 μεταϐήσεται·

711 4939 916 5012 “Sap.
948 4956 1062 5006 xm,
1095 4940 1148 4996 5.
1225 4941 1269 4976 “
1302 4939 1469 4995 Hebr.
1500 4955 1575 5007 ιι,
1617 4940 1671 4995 1.
1749 4941 1792 4972 ⁸³
1816 4941 1981 4998 Marc.
2015 4960 2072 5011 ιι,
2104 4943 2194 5000 25.
2272 4944 2316 4978 ⁵⁸
2349 4941 2484 4997 ibid.

709 5075 730 5098 ⁹
757 5073 914 5130 Cont‘.
946 5073 1013 5129 ad
1042 5074 1199 5130 Thal.
1227 5089 1282 5145 q.
1314 5074 1405 5130 55.

715 5212 985 5290 (τλξίατὰ
1029 5212 1144 5281 τὴν
1185 5213 1478 5282 αἴσθησιν
1508 5213 1953 5290 ἐγεργούμεγος.
1990 5217 2226 5290 Exponit
2332 5235 2343 5273 ε

2225 5258 2226 5265 η
2332 5218 2731 5290 signiﬁcatione
2763 5234 2882 5290 eam
2917 5233 3104 5273 vocem
3131 5214 3433 5290 acceperit,
3469 5203 3853 5290 quidquidjellc

639 5283 1058 5358 ipseMaximus
1085 5299 1208 5358 eam
1227 5298 1423 5358 vocem
1451 5283 1662 5358 active,
1689 5283 1798 5358 per
1825 5287 1928 5358 hoc
1957 5283 2104 5356 quod
2137 5287 2224 5341 di-
2333 5283 2586 5344 videatur
2624 5289 2774 5343 Hier.
2804 5289 2924 5358 Ipsa
2958 5303 3088 5342 sane
3123 5283 3393 5350 iides'est,
3419 5285 3522 5358 cui
3549 5283 3857 5358 operatio}!-

640 5349 718 5430 «ῆι
756 5354 951 5430 natura
999 5354 1096 5425 τὴν
1138 5353 1390 5430 αἴσθησιν
1415 5392 1430 5416 ,
1458 5355 1617 5430 ,κατὰι
1652 5349 1899 5430 τεν-’νοῦν
1962 5349 2226 5430 ἐέκτῃται

2337 5367 2499 5430 taque
2530 5349 2850 5430 ascribitur',
2892 5359 2996 5413 etsi
3038 5349 3469 5430 illinecessaria
3509 5349 3854 5430 ad'perfectio:

641 5423 744 5496 τὴν
784 5417 1066 5496 ξνέργειαν
1086 5441 1100 5488 ;
1136 5417 1325 5492 sicque
1355 5423 1563 5496 optime
1603 5425 1930 5496 intelligitur
1968 5417 2228 5496 quod'ide
2326 5417 2451 5484 nefn
2493 5444 2679 5484 eomes
2703 5417 2942 5483 Charitas
2969 5443 3064 5482 seu
3088 5427 3330 5488 dilectio,
3375 5427 3495 5479 sine
3516 5417 3761 5496 quavana
3790 5417 3854 5465 est

649 5492 918 5569 charitate
959 5493 1136 5550 Galat.
1180 5509 1233 5550 ν.
1289 5495 1366 5546 Δι’
1394 5492 1633 5569 ’ἀγάπης
1681 5492 2087 5569 ἐνεργουμένης
2122 5495 2230 5569 I_’_er

2228 5515 2230 5523 ’
2327 5510 2492 5569 atque
2523 5507 2740 5552 mortua
2765 5540 2779 5564 ,
2809 5513 2923 5553 non
2953 5499 3140 5551 valens
3181 5497 3392 5569 scilicet
3421 5510 3547 5548 vera
3584 5492 3698 5569 vita:
3723 5497 3856 5569 ρρᾷζίι

650 5561 965 5617 charitatem
995 5579 1242 5634 operam,
1271 5571 1335 5618 ut
1365 5557 1476 5619 non
1523 5557 1664 5620 male
1705 5557 1922 5619 Er'asm.‘
1951 5557 2090 5619 nihil
2120 5565 2230 5619 dis-
2325 5557 2511 5634 edere,
2543 5569 2648 5623 nisi
2676 5557 2816 5623 forte
2840 5569 3188 5622 inchoatione
3215 5583 3277 5620 ac
3306 5561 3644 5634 disponendo
3678 5557 3734 5612 ad
3754 5566 3853 5624 per"

652 5637 917 5711 Sent-“tltee
946 5634 1100 5711 vulg.
1129 5650 1244 5711 qua:
1275 5650 1368 5704 per
1394 5636 1992 5711 charitatemeperatur
2027 5650 2228 5711 :qucm
2328 5639 2526 5695 tectam
2551 5639 2824 5711 justitiam
2849 5654 2916 5693 ex
2950 5638 3193 5694 motione
3223 5636 3429 5708 gratiae.

659 5714 762 5754 uec
799 5701 876 5754 ita
902 5701 1150 5760 barbare
1166 5701 1404 5763 locutum
1429 5701 1876 5772 existimandum,
1911 5716 1972 5759 ut
2015 5701 2229 5776 passiva
