4122 6320
617 318 751 388 1227

1292 390 1341 422 α

1805 326 1866 385 S.
1905 314 2192 385 ΜΑΧῙΜΙ
2232 323 2738 386 CONFESSORIS

3721 331 3856 396 1228

614 436 878 500 comedit,
926 451 1116 492 eorum
1155 445 1364 491 motum
1397 451 1518 507 quae
1565 451 1727 492 sensu
1782 436 1982 491 comite
2026 435 2187 501 ﬁunt,

2293 438 2526 508 ἀρετῶν,
2551 439 2688 510 πρὸς
2719 437 2817 510 τὴν
2831 437 2974 492 κατὰ
2989 436 3115 493 νοῦν
3152 438 3353 508 γνῶσιν
3374 440 3739 512 ἀναθιῦάζων,
3762 448 3859 518 την

613 528 683 582 ad
725 528 1009 582 scientiam
1058 527 1256 581 mentis
1306 527 1636 597 provehens.

684 617 771 671 16.
811 616 947 671 Cum
984 617 1245 672 Dominus
1277 617 1354 673 ait
1385 635 1398 671 :
1441 616 1671 682 Qumrite
1703 619 1933 689 primum
1967 634 2190 688 regnum

615 706 733 771 Dei,
771 717 820 760 et
859 708 1130 776 justitiam
1179 709 1291 778 ejus
1335 706 1412 773 υς
1472 709 1579 764 hoc
1617 717 1723 774 est,
1783 709 2023 780 primum
2070 724 2191 762 om-

613 796 768 850 nium
811 797 1096 851 scientiam
1132 798 1402 863 veritatis,
1433 789 1660 869 tumque
1697 808 1760 854 ut
1798 801 2192 856 convenientes

613 886 808 942 modos
852 888 1144 954 excolatis;
1187 890 1363 959 palam
1395 889 1640 945 ostendit
1691 891 1933 946 divinam
1981 890 2189 946 solum-

612 979 777 1034 modo
817 979 1103 1034 scientiam
1137 981 1390 1037 ﬁdelibus
1423 983 1772 1052 quaerendam
1808 998 1950 1048 esse,
1985 991 2044 1038 et
2067 997 2190 1052 quae

612 1067 691 1124 illi
750 1085 850 1140 per
905 1085 1072 1140 opera
1121 1081 1446 1127 ornamento
1493 1081 1599 1136 est,
1648 1074 1929 1128 virtutem.

683 1250 769 1303 i7.
831 1247 968 1304 Cum
1044 1249 1215 1303 multa
1284 1248 1542 1303 ﬁdelibus
1593 1246 1889 1317 quaerenda
1947 1247 2060 1300 sint
2119 1246 2186 1300 ad

612 1338 899 1394 scientiam
933 1352 998 1393 ac
1029 1338 1287 1392 virtutem
1322 1338 1662 1410 spectantia;
1695 1337 2001 1408 cujusmodi
2034 1345 2185 1401 sunt,

611 1429 834 1484 liberari
874 1430 943 1484 ab
991 1430 1281 1485 aﬁ'ectibus
1333 1446 1430 1485 seu
1476 1429 1645 1493 vitiis,
1687 1429 2050 1484 tentationum
2096 1437 2186 1482 to-

610 1523 865 1587 lerantia,
915 1521 1181 1576 virtutum
1235 1521 1499 1584 rationes,
1553 1509 1936 1590 Operationum
2015 1519 2182 1583 modi,

611 1627 938 1684 propensam
983 1611 1149 1684 animi
1193 1612 1263 1666 ad
1318 1627 1538 1666 carnem
1584 1609 1928 1664 aifectionem
1954 1609 2185 1664 revelle-

611 1719 695 1769 re,
731 1718 952 1760 sensum
1003 1717 1032 1756 a
1072 1700 1480 1758 necessitudine
1517 1699 1585 1754 ad
1621 1698 1842 1754 sensilia
1885 1713 2184 1767 eorumque

2291 529 2402 583 τῶν
2440 530 2744 597 γινομένων
2775 532 2897 582 κατ’
2916 530 3170 601 αἴσθησιν
3207 533 3440 603 κίνησιν.

2365 621 2485 684 ις’.⁶
2535 618 2594 674 Ὁ
2621 619 2822 690 Κύριος
2843 619 3035 686 εἰπὼν,
3072 621 3312 690 Ζητεῖτε
3341 621 3577 691 πρῶτον
3619 626 3733 692 τὴν
3747 626 3858 691 ,ϐα-

2291 710 2531 763 σιλείαν
2564 710 2670 764 τοῦ
2702 709 2872 776 Θεοῦ,
2907 710 3009 764 καὶ
3049 711 3166 778 τὴν
3203 712 3606 782 δικαιοσύνην
3632 716 3820 771 αὐτοῦ
3841 730 3856 748 ·
3899 763 3922 790 ,

2290 800 2556 868 τουτέστι,
2579 801 2684 873 πρὸ
2733 803 2952 857 πάντων
2977 802 3077 874 τὴν
3098 804 3394 874 ἐπίγνωσιν
3431 806 3532 877 τῆς
3581 807 3856 879 ἀληθείας,

2290 890 2386 942 καὶ
2418 887 2560 942 οὕτω
2609 890 2708 960 τὴν
2744 891 2852 944 τῶν
2880 891 3230 962 καθηκόντων
3270 894 3492 966 τρόπων
3532 894 3859 966 ἐξάσκησιν·

2291 979 2479 1048 σαφῶς
2525 979 2713 1045 ἔδειξε,
2767 981 2896 1051 περὶ
2931 983 3099 1052 μόνης
3135 983 3237 1052 τῆς
3264 982 3414 1047 θείας
3452 983 3712 1053 γνώσεως
3756 985 3860 1040 δεῖν

2289 1069 2474 1140 ζητεῖν
2501 1070 2628 1134 τοὺς
2659 1072 3036 1136 πιστεύοντας,
3092 1076 3188 1128 καὶ
3221 1073 3321 1146 τῆς
3347 1072 3518 1145 αὐτὴν
3556 1074 3862 1148 κοσμούσης

2287 1161 2375 1216 διὰ
2400 1163 2508 1215 τῶν
2532 1162 2709 1234 ἔργων
2741 1165 2963 1234 ἀρετῆς.

2361 1252 2449 1317 ιζ’.
2526 1253 2746 1324 Ἐπειδὴ
2803 1254 2974 1308 πολλὰ
3024 1255 3285 1326 τυγχάνει
3344 1257 3417 1312 τὰ
3467 1257 3612 1328 πρὸς
3665 1258 3860 1329 γνῶσιν

2287 1345 2423 1399 Θεοῦ
2457 1345 2551 1398 καὶ
2579 1345 2783 1417 ἀρετὴν
2803 1345 3114 1417 ζητούμενα
3138 1349 3254 1410 τοῖς
3283 1347 3664 1414 πιστεύουσιν,
3698 1349 3859 1405 ἀπαλ-

2285 1435 2429 1505 λαγὴ
2484 1435 2696 1501 παθῶν,
2744 1437 2991 1508 ὑπομονὴ
3048 1438 3388 1509 πειρασμῶν,
3426 1439 3636 1511 ἀρετῶν
3703 1440 3860 1511 λόγοι,

2286 1526 2478 1597 τρόποι
2517 1527 2808 1598 ἐνεργειῶν
2829 1529 2890 1592 “,
2951 1527 3216 1598 ἐξήλωσις
3247 1529 3350 1600 τῆς
3382 1529 3518 1601 πρὸς
3565 1530 3750 1602 σάρκα
3772 1531 3861 1603 τῆς

2285 1615 2465 1686 ψυχῆς
2486 1615 2802 1682 διαθέσεως,
2835 1617 3176 1684 ἁποξένωσις
3198 1617 3302 1688 τῆς
3345 1619 3486 1690 πρὸς
3523 1620 3593 1674 τὰ
3637 1620 3862 1692 αἰσθητὰ

2288 1706 2389 1777 τῆς
2444 1707 2754 1778 αἰσθήσεως
2826 1708 3086 1779 σχέσεως,
3154 1708 3250 1763 τοῦ
3298 1709 3392 1765 νοῦ
3438 1712 3716 1784 παντελὴς
3765 1702 3862 1768 άπὸ

609 1792 842 1848 libidine
875 1807 1128 1858 avocare,
1165 1806 1196 1844 a
1229 1790 1430 1844 creatis
1457 1788 1716 1843 omnibus
1748 1793 1932 1842 mente
1963 1800 2190 1856 prorsus

2293 1773 2512 1853 πάντων
2563 1773 2675 1852 τῶν
2735 1773 3040 1868 γεγονότων
3071 1773 3458 1873 ’ἀναχώρησιᾳ
3519 1803 3635 1856 Καὶ
3669 1773 3861 1870 ’άπλῶς

610 1885 890 1942 secedere.
941 1884 1030 1948 Et,
1088 1889 1149 1937 ut
1211 1897 1423 1937 summa
1465 1881 1667 1943 dicam,
1720 1878 1828 1933 alia
1875 1878 2186 1942 innumera,

610 1977 864 2048 quibusa
895 1973 1103 2029 malitia
1151 1981 1207 2027 et
1248 1972 1556 2042 ignorantia
1610 1972 1970 2034 abstinemus,
2007 1967 2190 2023 scien—

611 2069 857 2138 tiamque
927 2081 994 2121 ac
1062 2065 1328 2118 virtutem
1393 2072 1746 2134 praestamus;
1800 2059 2000 2116 merito
2055 2057 2190 2112 dicit

611 2158 880 2215 Dominus
925 2173 940 2209 :
991 2153 1185 2209 Omnia
1237 2167 1557 2223 quwcunque
1598 2151 1851 2222 petieritis
1899 2147 2188 2210 credentes,

613 2247 879 2318 accipietis
923 2243 995 2298 “.
1033 2241 1230 2298 Omnia
1287 2255 1534 2311 prorsus,
1579 2239 1803 2309 solaque
1848 2253 1914 2293 ea
1959 2250 2080 2306 quae
2123 2234 2191 2289 ad

611 2340 712 2397 Dei
755 2338 1090 2410 agnitionem
1127 2350 1194 2390 ac
1215 2335 1478 2390 virtutem
1515 2332 1847 2396 conducant,
1872 2330 2106 2385 solerter
2129 2342 2192 2383 ac

611 2429 720 2484 ﬁde
759 2427 922 2498 538
957 2423 1256 2495 quaerenda
1284 2430 1450 2492 atque
1487 2421 1724 2493 petenda
1753 2419 1851 2476 Dei
1883 2417 2192 2475 cultoribus

611 2523 822 2578 dicens.
855 2520 984 2575 Haec
1022 2517 1170 2573 enim
1200 2517 1385 2571 omnia
1430 2515 1486 2570 in
1517 2522 1734 2569 nostras
1779 2511 2072 2568 conferunt
2102 2526 2192 2566 ra-

612 2616 810 2679 tiones,
857 2610 1196 2681 omninoque
1243 2607 1562 2679 petentibus
1596 2604 1858 2660 Dominus
1906 2595 2118 2658 tribuit.

686 2707 771 2762 18.
810 2704 913 2771 Qui
941 2703 1107 2774 igitur
1133 2711 1358 2772 propter
1385 2700 1560 2754 solam
1593 2698 1753 2753 ﬁdem
1798 2695 2191 2769 (immediatam

612 2799 825 2856 scilicet
861 2812 987 2852 cum
1019 2796 1131 2850 Deo
1154 2793 1441 2861 unionem)
1472 2791 1656 2847 omnia
1683 2789 1752 2845 ad
1785 2806 1904 2845 eam
1935 2799 2192 2860 spectan-

614 2892 711 2955 tia,
742 2901 799 2945 et
842 2904 964 2960 quae
1005 2889 1120 2943 sint
1166 2886 1248 2940 illi
1283 2884 1664 2952 conciliandae,
1698 2883 1918 2954 qumrit,
1967 2881 2193 2938 omnino

611 2981 868 3049 accipiet.
922 2977 1028 3044 Qui
1088 2984 1273 3032 autem
1311 2976 1449 3030 citra
1503 2974 1648 3029 hanc
1697 2981 1918 3030 causam
1969 2973 2191 3043 alioque

612 3075 740 3132 ﬁne.
769 3075 885 3128 sive
931 3073 1058 3134 alia,
1089 3071 1205 3125 sive
1239 3069 1357 3122 haec
1391 3067 1511 3136 ipsa
1544 3081 1666 3136 quae
1695 3065 1839 3120 dicta
1883 3072 2013 3118 sunt
2038 3078 2190 3133 quae-
2219 3107 2261 3164 c

613 3162 788 3226 sierit,
830 3177 939 3215 non
968 3159 1220 3228 accipiet.
1249 3157 1368 3210 Non
1388 3157 1536 3210 enim
1570 3154 1770 3221 credit,
1797 3154 1894 3208 sed
1931 3163 2189 3224 tanquam

613 3253 854 3307 inﬁdelis
886 3267 951 3306 ex
1005 3250 1207 3304 divinis
1261 3247 1365 3302 sibi
1421 3245 1646 3318 gloriam
1693 3245 1910 3300 asserit.

685 3347 770 3402 19.
809 3344 914 3412 Qui
965 3360 995 3398 a
1037 3341 1248 3412 peccati
1279 3340 1400 3393 labe
1431 3354 1500 3392 ac
1547 3337 1904 3406 corruptione
1931 3331 2191 3389 immunis

613 3447 719 3503 est,
758 3452 951 3492 eorum
1008 3431 1445 3501 corruptionem,
1482 3429 1686 3498 quibus
1727 3440 1962 3498 pronum
1999 3432 2085 3479 est
2132 3431 2193 3476 ut

613 3537 990 3598 corrumpant,
1023 3523 1349 3593 corrumpit.
1385 3520 1570 3576 Animi
1601 3520 1752 3574 enim
1799 3533 1864 3573 ac
1893 3513 2194 3571 voluntatis

614 3621 978 3691 incorruptio,
1055 3625 1265 3672 natura:
1309 3612 1722 3683 corruptionem
1786 3609 2188 3678 incorruptam,

608 3715 859 3786 Spiritus
895 3712 950 3766 in
989 3725 1055 3766 ea
1099 3705 1298 3779 gratia,
1353 3718 1451 3776 per
1488 3702 1914 3775 providentiam,
1965 3713 2190 3755 servare

611 3806 934 3866 corisuevit.
987 3817 1098 3857 non
1138 3800 1329 3855 sinens
1374 3812 1475 3868 per
1526 3793 1832 3851 contrarias
1873 3792 2187 3863 qualitates,

613 3899 870 3956 interitus
919 3894 998 3949 illi
1049 3893 1234 3948 labem
1282 3887 1499 3946 afferri.

680 3993 772 4047 9.0.
809 3991 950 4046 Cum
993 3999 1107 4040 non
1153 3998 1263 4038 una
1304 3981 1611 4050 eademque
1663 3985 1877 4032 natura:
1899 3989 1965 4030 ac
2000 3974 2192 4047 gratia:

611 4085 754 4142 ratio
805 4083 898 4147 sit,
948 4077 1097 4135 haud
1120 4075 1282 4130 anxie
1318 4071 1732 4144 ambigendum,
1758 4069 2036 4125 undenam
2065 4082 2192 4123 san-

612 4183 852 4237 ctorum,
881 4167 1129 4240 quidam,
1159 4163 1322 4220 modo
1363 4162 1522 4217 malis
1545 4159 1837 4230 noxiisque
1874 4157 2191 4228 superiores

549 4250 962 4327 exsisterent,
1003 4256 1168 4314 modo
1205 4255 1314 4310 illis
1356 4254 1532 4325 magis
1563 4250 2022 4316 succumberent;
2063 4263 2189 4302 cum

613 4372 726 4411 non
752 4355 942 4416 lateat,
968 4348 1297 4405 miraculum
1325 4345 1548 4416 quidem
1569 4343 1636 4398 ad
1662 4343 1892 4414 gratiam
1915 4343 2187 4410 spectare,

612 4447 819 4501 malum
873 4450 1056 4498 autem
1104 4449 1160 4495 et
1202 4439 1384 4493 labem
1433 4437 1501 4492 ad
1555 4444 1830 4490 naturam.

682 4537 777 4593 21.
816 4534 921 4602 Qui
961 4532 1213 4587 imitandi
1266 4530 1580 4593 sedulitate,
1628 4527 1907 4598 vigentem
1954 4541 2184 4582 conver-

613 4624 845 4683 sationis
918 4631 1233 4679 sanctorum
1298 4620 1468 4674 habet
1523 4616 1873 4680 memoriam;
1927 4617 2191 4672 vitiorum

612 4713 1018 4781 aﬁ'ectuumque
1063 4709 1242 4780 posita
1292 4706 1740 4771 mortiﬁcatione,
1778 4707 2048 4761 virtutum
2069 4720 2192 4762 sus-

613 4805 750 4876 cipit
797 4804 976 4858 vitam.

679 4898 768 4953 2‘2.
809 4897 976 4961 Deus,
1026 4896 1118 4965 qui
1168 4906 1236 4946 eo
1282 4891 1444 4945 modo
1496 4904 1607 4959 quo
1660 4888 1888 4960 placuit,
1935 4896 2064 4943 ante
2087 4903 2189 4944 ste-

2297 1887 2465 1962 μυρία
2496 1888 2632 1943 ἄλλα
2686 1889 2816 1954 eiei,
2849 1891 2920 1945 τὰ
2964 1890 3101 1962 πρὸς
3147 1891 3357 1963 ἀποκὴν
3399 1894 3499 1964 μὲν
3548 1895 3753 1960 κακίας
3778 1895 3860 1950 καὶ

2292 1977 2570 2046 ἀγνωσίας
2602 2017 2618 2042 ,
2675 1977 3016 2050 κατόρθωσιν
3065 1979 3124 2032 δέ
3170 1979 3426 2048 γνώσεως
3482 1981 3579 2036 καὶ
3625 1983 3856 2055 ἀρετῆς·

2292 2069 2519 2134 εἰκότως
2555 2070 2584 2123 ό
2621 2069 2824 2142 Κύριος
2851 2071 3070 2143 ἔφησεν,
3107 2070 3310 2126 Πάντα
3352 2072 3468 2126 ὅσα
3496 2073 3572 2127 ἂν
3621 2074 3860 2143 αἰτῆσθε

2292 2161 2705 2228 πιστεύοντες,
2762 2161 3040 2230 λήψεσθε
3066 2177 3081 2193 ·
3125 2163 3301 2216 πάντα
3359 2164 3566 2228 ἁπλῶς,
3620 2167 3692 2220 τὰ
3736 2165 3858 2238 πρὸς

2293 2249 2588 2318 ἐπίγνωσιν
2627 2249 2762 2305 Θεοῦ
2819 2251 2915 2304 καὶ
2959 2251 3160 2324 ἀρετὴν
3193 2255 3536 2309 συντείνοντα
3580 2256 3725 2326 μόνα
3775 2256 3858 2310 καὶ

2292 2339 2478 2413 ζητεῖν
2506 2343 2602 2396 καὶ
2628 2344 2801 2397 αίτεῖν
2831 2343 2948 2414 μετ’
2995 2345 3308 2416 ἐπιστήμης
3356 2347 3452 2402 καὶ
3495 2346 3738 2412 πίστεως
3760 2347 3856 2401 δεῖν

2293 2433 2464 2489 εἰπὼν
2507 2435 2635 2499 τοὺς
2682 2435 2947 2501 εὐσεϐεῖς.
2983 2437 3170 2493 Ταῦτα
3221 2441 3331 2508 γὰρ
3355 2441 3532 2494 πάντα
3575 2440 3855 2512 συμφέρει,

2293 2523 2388 2578 καὶ
2442 2525 2659 2590 πάντως
2733 2526 2949 2584 δίδωσιν
3016 2527 3158 2583 αὐτὰ
3217 2529 3331 2592 τοῖς
3388 2528 3637 2584 αἰτοῦσιν
3681 2533 3711 2584 ό
3752 2529 3855 2585 Κύ-

2294 2633 2428 2688 ριος.

2369 2716 2459 2780 ιη’.
2506 2711 2564 2762 '0
2585 2709 2765 2763 τοίνυν
2795 2707 2885 2763 διὰ
2944 2709 3115 2780 μόνην
3163 2710 3267 2780 τὴν
3319 2710 3522 2779 πίστιν,
3569 2713 3742 2784 ήγουν
3769 2711 3856 2782 τὴν

2293 2801 2432 2874 πρὸς
2488 2800 2619 2856 Θεὸν
2656 2803 2862 2872 ᾶμεσον
2917 2804 3136 2868 ἐνωσιν,
3191 2803 3372 2858 πάντα
3407 2802 3585 2874 ζητῶν
3617 2805 3689 2859 τὰ
3734 2804 3856 2875 πρὸς

2292 2893 2391 2965 τὴν
2416 2893 2630 2958 ἕνωσιν,
2665 2894 2880 2958 πάντως
2907 2893 3138 2965 λήψεται
3167 2911 3182 2952 τ
3214 2896 3243 2949 ὁ
3270 2895 3326 2950 δὲ
3354 2896 3556 2966 ταύτης
3604 2897 3730 2967 δίχα
3768 2896 3855 2965 τῆς

2293 2985 2495 3048 αἰτίας,
2537 2983 2641 3037 κᾶν
2700 2984 2857 3049 ἄλλα,
2893 2986 2998 3039 κᾶν
3047 2985 3117 3038 τὰ
3168 2987 3544 3057 προειρημένα
3594 2987 3753 3059 ζητῇ,
3798 2985 3852 3040 οὐ

2293 3074 2543 3145 λήψεται.
2583 3075 2658 3128 Οὐ
2711 3074 2820 3145 γὰρ
2856 3075 3128 3139 πιστεύει,
3183 3075 3302 3129 ἀλλ’
3361 3078 3572 3131 οἰκείαν
3623 3079 3703 3143 ὡς
3739 3078 3855 3133 άπι-

2295 3178 2418 3225 στος
2446 3161 2532 3216 διὰ
2561 3163 2671 3216 τῶν
2708 3163 2870 3219 θείων
2894 3165 3343 3236 πραγματεύεται
3368 3165 3548 3233 δόξαν.

2366 3341 2450 3396 ιϐ’.
2496 3342 2556 3394 '0
2607 3341 2802 3416 γνώμῃ
2871 3343 2975 3414 τῆς
3037 3343 3160 3398 καθ’
3213 3345 3492 3416 ἁμαρτίαν
3539 3344 3849 3418 καθαρεύων

2293 3433 2521 3503 φθορᾶς,
2572 3433 2786 3503 φθείρει
2810 3435 2910 3505 τὴν
2957 3434 3068 3490 τῶν
3106 3435 3352 3506 φθείρειν
3381 3437 3707 3506 πεφυκότων
3736 3434 3849 3505 φθο-

2296 3523 2416 3594 ράν.
2455 3525 2520 3577 Ἦ
2571 3524 2682 3596 γὰρ
2709 3524 2993 3596 άφθαρσία
3028 3525 3129 3596 τῆς
3166 3529 3567 3599 προαιρέσεως,
3599 3527 3703 3598 τὴν
3730 3524 3848 3597 φθο-

2295 3613 2393 3684 ρὰν
2453 3616 2741 3686 συντηρεῖν
2802 3616 2904 3685 τῆς
2963 3612 3180 3683 φύσεως
3238 3615 3484 3682 πέφυκεν
3563 3617 3848 3689 ἄφθαρτον,

2291 3703 2437 3758 κατὰ
2459 3703 2737 3774 πρόνοιαν,
2762 3703 2852 3758 διὰ
2875 3707 2973 3775 τῆς
2993 3705 3052 3758 ἐν
3070 3704 3210 3775 αὐτῇ
3241 3706 3336 3759 τοῦ
3356 3707 3678 3778 Πνεύματιος
3704 3707 3850 3778 χάρι-

2290 3811 2404 3858 τος,
2439 3793 2514 3866 μὴ
2543 3795 2905 3866 συγχωροῦσα
2929 3797 3051 3858 ταῖς
3086 3795 3356 3860 ἐναντίαις
3385 3804 3671 3871 ποιότησιν
3692 3797 3850 3870 αὐτὴν

2290 3883 2722 3958 διαφθείρεσθαι.

2361 3983 2433 4032 κ’.
2481 3977 2698 4052 Ἐπειδὴ
2719 3980 2937 4050 φύσεως
2963 3982 3061 4037 καὶ
3111 3983 3334 4052 χάριτος
3382 3980 3464 4048 τίς
3491 3983 3589 4038 καὶ
3621 3986 3655 4039 ὁ
3709 3981 3853 4044 αἰδὼς

2290 4067 2392 4122 οὐκ
2417 4068 2532 4123 ἐστι
2556 4067 2736 4139 λόγος,
2758 4072 2858 4125 οὐκ
2884 4071 3034 4128 ἐστιν
3078 4075 3317 4146 ἀπορίας
3353 4075 3525 4142 ἄξιον,
3553 4073 3679 4140 πῶς
3719 4089 3850 4136 τινες

2289 4159 2398 4213 τῶν
2455 4161 2646 4230 ἁγίων,
2702 4163 2834 4216 ποτὲ
2892 4162 2994 4234 μὲν
3046 4163 3237 4219 παθῶν
3285 4165 3609 4236 ὑπερεῖχον,
3649 4163 3774 4219 πυτέ
3801 4161 3852 4216 δι

2295 4253 2498 4323 μᾶλλον
2550 4255 2856 4310 ὑπέπιπτον
2922 4258 3123 4313 πάθεσι
3142 4273 3156 4289 ⁶
3241 4259 3626 4327 γινωσκόντων
3685 4254 3850 4327 ἡμῶν.

2290 4345 2373 4399 ὅτι
2398 4345 2459 4398 τὸ
2492 4345 2594 4416 μὲν
2623 4346 2826 4418 θαῦμα,
2858 4349 2958 4419 τῆς
2986 4351 3208 4422 χάριτος
3225 4346 3293 4421 ἦν
3318 4368 3333 4382 ο
3365 4349 3427 4403 τὸ
3452 4349 3510 4403 δὲ
3556 4349 3744 4413 πάθος,
3765 4345 3852 4416 τῆς

2223 4456 2264 4510 ι)
2294 4436 2529 4507 φύσεως.

2363 4527 2468 4582 κα’.
2505 4527 2565 4582 '0
2596 4529 2686 4582 διὰ
2721 4531 3003 4601 μιμήσεως
3033 4531 3133 4600 τὴν
3177 4531 3399 4602 μνήμην
3442 4529 3586 4599 ἔχων
3614 4529 3712 4600 τῆς
3757 4525 3853 4581 τῶν

2289 4617 2462 4687 ἁγίων
2502 4619 2871 4691 ἀναστροφῆς,
2919 4623 3018 4692 τὴν
3081 4624 3178 4691 μὲν
3215 4619 3327 4674 τῶν
3376 4621 3567 4677 παθῶν
3621 4615 3854 4676 ἀποτίθε-

2288 4725 2381 4763 ται
2437 4710 2739 4782 νέκρωσιν·
2797 4711 2898 4783 τὴν
2943 4711 3000 4766 δὲ
3041 4711 3152 4765 τῶν
3208 4711 3420 4781 ἀρετῶν
3471 4711 3620 4785 ζωὴν
3680 4707 3854 4766 61:081-

2328 4814 2467 4852 εται.

2328 4815 2467 4852 εται.

2290 4815 2326 4869 χ
2364 4889 2469 4960 κβ’.
2514 4885 2586 4962 ᾮ
2634 4893 2823 4964 τρόπῳ
2860 4893 3110 4964 βούλεται
3149 4895 3178 4947 ὁ
3211 4894 3310 4964 τὴν
3340 4893 3575 4948 ἑκάστου
3628 4892 3852 4964 διορίσας

615 4989 741 5046 cula
769 4990 1038 5059 cujusque
1071 4982 1338 5042 discrevit
1368 4981 1560 5046 vitam,
1590 4979 1656 5034 ad
1685 4977 1972 5048 proprium
2003 4993 2191 5048 quem-

2293 4981 2440 5054 ζωὴν
2497 4983 2604 5054 πρὸ
2669 4983 2779 5039 τῶν
2834 4987 3047 5042 αἰώνων
3121 4988 3276 5053 Θεὸς,
3337 4989 3570 5041 ἕκαστον
3613 4985 3750 5057 πρὸς
3799 4981 3852 5035 τὸ

615 5097 723 5153 que
761 5079 888 5133 vitae
921 5079 1106 5139 ﬁnem,
1149 5075 1265 5128 sive
1319 5074 1551 5144 justum,
1579 5073 1694 5126 sive
1724 5071 1990 5142 injustum
2022 5071 2191 5126 ducit.

688 5255 776 5309 23.
818 5252 935 5319 Qua
971 5249 1174 5305 Paulus
1203 5256 1462 5318 acceptus
1512 5244 1809 5315 caligines-al
1869 5253 2191 5314 tempestate

615 5357 701 5402 est
733 5347 803 5412 ",
889 5345 1259 5399 violentarum
1333 5339 1700 5394 tentationum
1770 5336 1987 5406 pondus
2067 5352 2188 5392 esse

620 5437 855 5508 coniicio
926 5435 1196 5497 insulam,
1261 5431 1489 5510 ﬁrmum
1543 5444 1608 5484 ac
1657 5428 2046 5484 inconcussum
2107 5430 2192 5484 di-

691 5575 739 5608 ⁸⁸⁸
766 5574 955 5628 Matth.
985 5589 1058 5637 vi,
1089 5572 1175 5624 55.
1255 5571 1300 5602 ’⁸⁸
1335 5569 1522 5624 Matth.
1555 5585 1663 5634 χιι,
1687 5567 1776 5622 22.

690 5691 707 5712 ⁶
734 5689 818 5745 ει.
846 5690 912 5742 ad
945 5690 1189 5743 'l'halass.
1221 5705 1274 5757 q.
1321 5689 1407 5742 54.

693 5761 732 5784 “
757 5759 817 5816 in
860 5774 951 5827 qq.
981 5759 1043 5811 ad
1075 5759 1289 5813 Thalas.
1317 5773 1370 5827 q.
1404 5758 1491 5813 54.
1521 5758 1719 5830 τρόπον
1752 5759 2042 5830 ἐνέργειαι.

2291 5075 2490 5130 οἰκεῖον
2517 5073 2620 5144 τῆς
2641 5073 2786 5147 ζωῆς
2827 5078 2949 5146 ἄγει
2981 5079 3153 5144 τέλος,
3195 5080 3304 5133 εἴτε
3333 5079 3564 5144 δίκαιον,
3617 5076 3724 5129 εἴτε
3753 5071 3851 5128 66t-

2293 5182 2388 5220 κον
2395 5207 2408 5220 .

2367 5264 2475 5326 κγ’.
2507 5261 2525 5280 '
2556 5259 2659 5312 Τὸν
2697 5260 2773 5330 τῷ
2806 5263 3060 5333 μακαρίῳ
3093 5262 3292 5333 Παύλῳ
3321 5261 3602 5332 συμϐάντα
3635 5253 3851 5327 ζοφερὸν

2297 5347 2565 5418 χειμῶνα,
2593 5349 2653 5402 τὸ
2705 5349 2871 5421 βάρος
2915 5349 3055 5406 εῖναι
3093 5352 3201 5406 τῶν
3250 5354 3522 5408 ἀκουσίων
3551 5344 3853 5420 πειρασμῶν

2293 5440 2664 5512 τεκμαίρομαι
2693 5457 2708 5475 ο
2771 5443 2870 5513 τὴν
2908 5443 2963 5497 δὲ
3011 5443 3196 5515 νῆσον,
3226 5445 3326 5515 τὴν
3374 5443 3576 5512 παγίαν
3622 5439 3732 5506 ἕξιν
3766 5435 3852 5504 τῆς

1852 5568 1896 5602 ⁸⁷
1927 5569 2048 5623 Act.
2081 5585 2265 5643 xxvm,
2291 5571 2346 5642 2,
2381 5577 2433 5630 7.

2359 5697 2381 5720 θ
2407 5695 2489 5752 Cf.
2518 5697 2605 5754 ad.
2635 5697 2884 5756 Thalass.
2913 5715 2968 5771 q.
3001 5699 3084 5754 '57.
