4122 6320
416 298 546 361 l2?)

1091 297 1424 361 CAPITUM
1460 295 1880 386 QUINQUIES
1916 294 2432 361 CENTENORUM
2472 296 2859 359 CENTURIA
2893 296 2979 359 ΙΙ.

3537 298 3674 365 ιῖϐθ

410 414 560 476 θείας
587 411 802 476 ἐλπίδος
846 408 940 464 καὶ
966 409 1217 465 ἄσειστον
1244 426 1258 440 θ
1291 409 1393 479 τὴν
1414 410 1473 465 δὲ
1516 409 1718 481 πυρὰν,
1747 409 1845 481 τὴν
1869 407 1983 472 ’ἐξιν

2105 409 2227 465 vim}
2288 412 2405 482 spei
2450 411 2739 481 habitum;
2811 427 3028 483 rogum,
3087 411 3335 470 scientias
3381 414 3514 468 item
3575 417 3670 471 ha-

408 505 509 570 τῆς
552 502 841 570 γνώσεωςο
899 500 969 554 τὰ
1015 499 1073 553 δὲ
1103 500 1375 571 φρύγανα,
1415 499 1514 570 τὴν
1540 498 1649 553 τῶν
1696 498 1989 569 ὁρωμένων

411 595 574 663 φύσιν
591 609 605 623 ·
636 594 703 664 ἢν
737 592 1069 664 συνέστρεφε
1090 591 1187 663 μὲν
1204 595 1271 663 τῇ
1297 592 1463 663 χειρὶ,
1491 594 1557 662 τῇ
1580 592 1725 645 κατά
1757 590 1990 661 Θεωρίαν

409 683 554 752 λέγω
597 683 953 754 ψηλαφητικῇ
983 683 1075 737 τοῦ
1126 682 1219 737 νοῦ
1256 682 1506 753 δυνάμει,
1550 682 1852 753 διατρέφων
1880 683 1992 743 τοῖς

409 776 470 842 ἐξ
492 776 664 843 αὑτῆς
701 776 937 846 νοήμασι
983 773 1081 845 τὴν
1119 773 1235 839 ἕξιν
1274 774 1374 843 τῆς
1400 774 1674 843 γνώσεως,
1705 773 1803 842 τὴν
1826 771 1989 842 θερα-

410 866 682 921 πεύουσαν
727 866 829 937 τὴν
897 868 962 919 ὲκ
1013 865 1108 918 τοῦ
1159 865 1425 937 χειμῶνος
1486 864 1596 917 τῶν
1663 861 1993 934 πειρασμῶν

412 957 837 1028 προστριὸεἶσαν
858 958 924 1027 τῇ
954 956 1165 1027 διανοίᾳ
1193 956 1528 1027 κατήφειαν·
1551 953 1651 1024 τὴν
1675 953 1732 1006 δὲ
1756 952 1991 1022 ἔχιδναν,

410 1050 509 1117 τὴν
525 1047 898 1110 λανθανόντως
926 1045 1385 1117 ὲγκεκρυμμένην
1424 1047 1493 1116 τῇ
1551 1043 1710 1114 φύσει
1749 1044 1858 1096 τῶν
1904 1043 1993 1096 αι-

414 1139 630 1210 σθητῶν
656 1138 903 1209 πονηρὰν
921 1137 1017 1191 καὶ
1058 1136 1301 1208 ὀλέθριον
1330 1134 1561 1206 δύναμιν
1583 1152 1600 1168 ο
1629 1135 1866 1205 δήξασαν
1895 1134 1994 1205 μὲν

412 1232 512 1303 τὴν
535 1234 716 1303 χεῖρα,
770 1229 1041 1295 τουτέστι,
1086 1228 1188 1300 τὴν
1252 1229 1395 1283 κατά
1449 1227 1576 1282 νοῦν
1610 1225 1995 1298 ψηλαφητικὴν

412 1324 513 1394 τῆς
548 1322 785 1394 Θεωρίας
826 1322 1110 1394 ἐνέργειαν
1134 1338 1150 1352 ⁸
1192 1321 1252 1374 οὺ
1278 1321 1559 1391 βλάψασαν
1586 1320 1645 1373 δὲ
1671 1321 1764 1373 τὸν
1798 1319 1994 1389 διορα-

412 1416 565 1469 τικδν
593 1414 739 1479 νοῦν,
784 1413 865 1484 τῷ
920 1414 1062 1483 φωτὶ
1097 1414 1200 1478 τῆς
1236 1412 1492 1484 γνώσεως
1538 1410 1706 1483 αὐτὴν
1735 1412 1896 1475 εὐθὺς
1920 1410 1997 1475 ὡς

416 1508 476 1560 ἐν
502 1507 639 1578 πυρὶ
675 1505 1089 1576 διαφθείραντα,
1138 1505 1240 1575 τὴν
1280 1504 1358 1576 τῷ
1392 1504 1679 1576 πρακτικῷ
1735 1505 1998 1573 κινήματι

415 1598 511 1651 τοῦ
551 1598 666 1664 νοῦ,
696 1598 1107 1670 πφσαφθεῖσαν
1136 1600 1201 1651 ὲκ
1230 1596 1331 1668 τῆς
1392 1597 1503 1651 τῶν
1559 1596 1834 1667 αἰσθητῶν
1872 1595 2001 1650 θεω-

420 1690 562 1761 ρίας,
596 1689 839 1763 ὀλέθριον
878 1690 1129 1760 δύναμιν.

2090 500 2307 565 bitum;
2389 511 2697 569 sarmenta,
2770 517 2958 557 rerum
3017 503 3318 557 visibilium
3390 512 3664 573 naturam,

2090 603 2253 659 quam
2297 589 2344 644 is
2368 604 2532 644 manu
2558 591 2818 646 versabat
2848 590 3249 663 (contrectante
3302 593 3514 648 scilicet
3544 609 3674 663 spe-

2090 681 2329 735 culando
2377 682 2577 737 mentis
2625 681 2909 753 facultate)
2966 683 3033 737 ad
3089 683 3347 738 alendum
3394 684 3517 753 ejus
3561 700 3675 740 me-

2090 770 2457 827 ditationibus
2504 772 2792 841 sensisque
2839 773 3084 828 scientiae
3146 772 3432 840 habitum;
3466 788 3577 842 quo
3626 774 3676 827 is

2092 863 2368 919 incussam
2393 880 2462 919 ex
2484 865 2849 919 tentationum
2874 865 3093 919 turbine
3115 864 3299 919 animo
3328 864 3677 919 maestitiam-

2089 955 2290 1025 quovis
2330 955 2496 1010 modo
2546 956 2793 1022 levaret;
2844 955 3113 1026 viperam,
3147 957 3463 1012 clanculum
3499 957 3677 1012 late:-

2094 1052 2205 1101 tem
2250 1047 2308 1101 in
2354 1063 2542 1103 rerum
2586 1049 2875 1104 sensilium
2933 1059 3131 1105 natura
3174 1049 3572 1120 nequissimam
3614 1063 3678 1104 ac

2090 1137 2370 1194 exitialem
2411 1140 2717 1205 virtutem;
2770 1155 2893 1209 quae
2942 1154 3188 1195 morsum
3231 1139 3460 1210 quidem
3489 1136 3680 1194 manui

2094 1228 2339 1284 inﬁxerit
2399 1230 2792 1301 (contrectanti
2841 1231 3058 1288 scilicet
3107 1231 3446 1301 speculando
3475 1231 3678 1286 mentitI

2094 1319 2430 1391 Operationi)
2481 1336 2585 1376 nec
2637 1329 2823 1377 tamen
2870 1322 3401 1392 perspicacissimam
3436 1328 3679 1377 mentem

2094 1412 2395 1481 quidquam
2420 1411 2630 1467 laeserit
2665 1429 2679 1466 :
2707 1429 2830 1482 quae
2851 1414 3024 1483 ipsam
3052 1414 3236 1468 statim
3263 1413 3510 1470 scientia:
3536 1414 3680 1474 luce.

2093 1503 2249 1559 velut
2282 1503 2338 1557 in
2374 1502 2521 1574 igne,
2564 1504 2867 1560 haerentem
2904 1505 3067 1577 539
3117 1521 3186 1560 ex
3218 1506 3509 1562 sensilium
3556 1521 3679 1576 spe-

2097 1596 2374 1651 culatione
2429 1597 2550 1666 ejus
2583 1597 2759 1651 motui
2804 1597 3079 1653 actionem
3123 1598 3353 1670 regenti,
3405 1599 3683 1655 exitialem

2099 1703 2221 1742 eam
2265 1688 2527 1743 virtutem
2572 1689 2891 1757 peremerit.

488 1748 586 1834 xei.
649 1748 824 1850 ὐσμὴ
853 1776 921 1852 ἦν
959 1748 1069 1833 ἀπὸ
1100 1778 1246 1850 ζωῆς
1291 1780 1369 1843 είς
1398 1776 1545 1849 ζωὴν
1574 1779 1602 1831 ὁ
1652 1776 1991 1840 Ἀπὸστολος,

2171 1778 2260 1831 24.
2301 1777 2433 1832 Erat
2468 1748 2766 1848 Apostolus
2787 1778 2926 1833 odor
2960 1794 2989 1833 a
3013 1779 3127 1834 vita
3159 1778 3228 1834 ad
3265 1777 3435 1832 vitam
3473 1778 3541 1843 ιδ,
3574 1779 3679 1831 vel.

416 1870 493 1933 ὡς
519 1871 651 1934 τοὺς
685 1872 918 1934 πιστοὺς
968 1872 1047 1942 τῷ
1097 1870 1219 1925 καθ’
1251 1869 1448 1924 ἑαυτὸν
1493 1868 1876 1939 ὑποδείγματι,
1910 1866 1998 1920 διὰ

419 1965 673 2035 πράξεως
711 1965 847 2034 πρὸς
892 1965 990 2035 τὴν
1022 1966 1252 2019 εὐωδίαν
1302 1964 1411 2017 τῶν
1464 1964 1676 2035 ἀρετῶν
1708 1962 1997 2026 κινεῖσθαι,

419 2057 895 2128 παρασκευάζων*
940 2058 973 2128 ἦ
1010 2058 1136 2120 τοὺς
1184 2057 1542 2128 πειθομένους
1593 2054 1673 2127 τῷ
1714 2054 1856 2124 λόγῳ
1902 2054 2000 2120 τῆς

419 2150 663 2221 χάριτος,
696 2150 772 2213 ὠς
812 2150 991 2221 κήρυε
1021 2150 1129 2203 ἀπὸ
1155 2152 1255 2223 τῆς
1281 2149 1404 2227 κατ’
1433 2149 1685 2218 αἴσθησιν
1716 2146 1884 2216 ζωῆς,
1922 2147 2001 2208 είς

418 2248 518 2311 τὴν
567 2242 624 2294 ἐν
653 2242 925 2312 πνεύματι
957 2243 1213 2314 μετάγων
1243 2241 1413 2312 ζωήν.
1464 2240 1639 2311 Ὀσμὴ
1673 2239 1729 2292 δὲ
1772 2238 2001 2294 θανάτου

421 2336 501 2397 εἰς
534 2334 783 2400 θάνατον,
815 2337 928 2400 τοῖς
962 2337 1071 2389 ἀπὸ
1104 2334 1198 2389 τοῦ
1244 2336 1477 2390 θανάτου
1524 2337 1623 2405 τῆς
1654 2331 1877 2400 ἀγνοίας
1921 2333 2001 2394 εἰς

422 2425 514 2477 τὴν
541 2426 639 2496 τῆς
668 2428 925 2490 ἀπιστίας
948 2427 1174 2481 ὲλάσασι
1202 2426 1453 2491 θάνατον,
1488 2424 1667 2487 διδοὺς
1697 2424 1876 2485 αὐτοῖς
1922 2423 2001 2475 ai-

424 2517 618 2587 σθησιν
651 2518 749 2587 τῆς
782 2518 1053 2589 μενούσης
1082 2519 1278 2581 αὐτοὺς
1306 2517 1710 2588 κατακρίσεως.
1742 2517 1812 2568 Ἥ
1842 2515 2003 2569 πάλιν

421 2610 564 2679 ὀσμὴ
591 2610 698 2662 ἀπὸ
723 2609 871 2680 ζωῆς
898 2613 979 2673 είς
1005 2609 1171 2680 ζωὴν,
1203 2612 1317 2673 τοῖς
1343 2609 1452 2664 ἀπὸ
1479 2607 1732 2680 πράξεως
1760 2609 1842 2669 είς
1870 2605 2003 2658 θεω-

424 2700 546 2764 ρίαν
567 2701 958 2771 ἀναγομένοις’
984 2700 1128 2770 ὀσμὴ
1158 2699 1215 2752 δὲ
1247 2698 1475 2752 θανάτου
1507 2701 1587 2761 είς
1619 2698 1868 2756 θάνατον,
1892 2696 2005 2758 τοῖς

422 2791 531 2844 ἀπὸ
577 2791 671 2844 τοῦ
707 2791 982 2861 νεκρῶσαι
1013 2790 1088 2863 (b)
1135 2792 1201 2860 τῇ
1252 2788 1377 2842 καθ’
1416 2787 1692 2859 ἁμαρτίαν
1728 2786 1897 2857 ἀργία
1936 2785 2006 2839 τὰ

428 2882 567 2953 μέλη
592 2881 661 2935 τὰ
691 2883 785 2937 ἐπὶ
812 2883 911 2951 τῆς
943 2881 1069 2951 γῆς,
1103 2881 1183 2943 εἰς
1215 2879 1314 2949 τὴν
1341 2880 1452 2933 τῶν
1493 2876 1756 2949 ὲμπαθῶν
1795 2877 2005 2947 νοημά-

424 2991 534 3041 των
572 2989 630 3025 τε
661 2972 756 3026 καὶ
800 2971 1114 3042 φαντασιῶν
1164 2969 1565 3042 ἐπαινουμένην
1617 2967 2005 3040 μεταϐαίνουσι

426 3065 719 3137 νέκρωσιν.

500 3332 598 3384 κε’,
636 3326 801 3395 Τρεῖς
842 3326 981 3381 εἰσιν
1032 3326 1091 3380 αἱ
1133 3327 1234 3398 τῆς
1266 3326 1445 3400 ψυχῆς
1483 3326 1743 3399 δυνάμεις
1757 3367 1773 3393 ν
1829 3327 2009 3397 λόγος’

431 3416 624 3488 θυμὸς,
663 3418 757 3470 καὶ
801 3416 1084 3488 ἐπιθυμία.
1121 3417 1212 3488 Τῷ
1261 3419 1361 3489 μὲν
1389 3418 1557 3490 λόγῳ,
1598 3418 1872 3491 ζητοῦμεν
1895 3434 1909 3448 ·
1942 3421 2011 3491 τῇ

431 3509 699 3582 ἐπιθυμίᾳ
743 3510 820 3575 δὲ,
877 3509 1150 3581 ποθοῦμεν
1192 3510 1253 3563 τὸ
1300 3509 1536 3581 ζητηθὲν
1568 3512 1799 3582 ἀγαθόν’
1839 3512 1918 3584 τῷ
1953 3512 2013 3566 δὲ

433 3601 611 3673 θυμῷ,
642 3601 1191 3674 ὑπεραγωνιζόμεθα.
1224 3603 1379 3657 Κατὰ
1407 3605 1609 3667 ταύτας
1635 3605 1700 3674 δὴ
1728 3604 1829 3669 τὰς
1856 3604 2015 3663 δυνά·

435 3710 557 3764 μεις
590 3694 987 3766 προσμένοντες
1013 3697 1061 3749 oi
1091 3696 1183 3750 τὸν
1208 3696 1341 3751 Θεὸν
1372 3695 1714 3765 ἀγαπῶντος,
1760 3695 1840 3767 τῷ
1860 3696 2015 3768 θείῳ

433 3785 576 3859 λόγῳ
606 3788 706 3857 τῆς
727 3787 928 3858 ἀρετῆς
957 3786 1053 3840 καὶ
1083 3789 1183 3858 τῆς
1211 3786 1464 3851 γνώσεως
1485 3803 1502 3819 ·
1535 3790 1602 3858 τῇ
1637 3786 1757 3858 μὲν,
1785 3787 2013 3859 ζητοῦν-

433 3894 563 3942 τιςο
598 3880 665 3950 τῇ
715 3878 794 3937 δὲ,
836 3878 1158 3942 ποθοῦντες·
1202 3881 1269 3948 τῇ
1319 3877 1398 3940 δὲ,
1452 3877 2013 3949 ὑπεραγωνιζόμενοι,

433 3968 677 4039 δέχονται
709 3968 914 4040 τροφὴν
946 3968 1245 4040 ἄφθαρτον,
1287 3970 1382 4024 καὶ
1413 3967 1504 4022 τδν
1532 3968 1658 4023 νοῦν
1692 3968 2014 4025 πιαίνουσαν

433 4060 533 4132 τὴν
566 4059 766 4130 γνῶσιν
797 4060 908 4115 τῶν
950 4060 1270 4131 γεγονότων.

508 4218 620 4303 χέ’.
662 4238 772 4311 Τὴν
803 4239 1132 4293 κενωθεῖσαν
1152 4240 1251 4310 τῆς
1273 4239 1518 4311 δοθείσης
1545 4237 1801 4308 γνώσεως
1828 4236 2012 4310 φύσιν,

435 4334 726 4403 γενόμενος
756 4331 1041 4403 ἄνθρωπος
1076 4333 1105 4385 ὁ
1128 4330 1222 4386 τοῦ
1248 4331 1383 4385 Θεοῦ
1426 4331 1619 4401 Λόγος,
1655 4330 1818 4385 πάλιν
1851 4330 2016 4400 ἐπλή-

2102 1876 2160 1922 ut
2210 1869 2306 1938 qui
2362 1869 2554 1924 fideles
2595 1870 2851 1940 exemplo
2891 1886 3013 1937 suo,
3046 1879 3109 1925 ut
3149 1870 3221 1925 ad
3256 1872 3528 1926 virtutum
3581 1870 3681 1923 fra-

2100 1960 2369 2030 gra'ntiam
2419 1976 2518 2030 per
2558 1961 2833 2017 actionem
2882 1969 3265 2028 moverentur,
3295 1974 3692 2032 componeret,

2101 2062 2198 2109 aut
2225 2064 2486 2125 tanquam
2520 2056 2870 2125 praedicator,
2899 2072 2997 2112 eos
3034 2057 3129 2127 qui
3169 2057 3439 2113 doctrinae
3464 2070 3530 2111 ac
3568 2072 3681 2111 ser-

2103 2147 2254 2202 moni
2299 2147 2489 2218 gratiae
2534 2148 2997 2219 obsequerentur,
3029 2165 3060 2204 a
3090 2150 3203 2205 vita
3239 2165 3309 2204 ex
3351 2163 3553 2205 sensus
3600 2164 3679 2203 ra~

2103 2239 2274 2303 tione,
2326 2238 2394 2294 ad
2441 2239 2611 2294 vitam
2663 2257 2787 2310 qua:
2823 2256 2892 2295 ex
2941 2242 3172 2311 spiritus
3216 2242 3531 2297 rationibus
3586 2249 3691 2301 est.

2106 2330 2453 2386 transferret.
2498 2329 2648 2386 Odor
2693 2340 2877 2387 autem
2918 2333 3114 2387 mortis
3164 2334 3221 2387 in
3280 2343 3539 2397 mortem,
3584 2331 3690 2393 his,

2104 2422 2199 2491 qui
2229 2422 2297 2477 ab
2347 2422 2671 2493 ignorantiae
2703 2434 2882 2478 morte
2916 2425 2983 2479 ad
3015 2424 3419 2479 incredulitatis
3455 2434 3691 2479 mortem

2105 2518 2416 2575 evaserant,
2468 2527 2704 2581 quorum
2744 2513 2944 2567 animis
2985 2513 3261 2569 manentis
3301 2529 3400 2568 eos
3425 2514 3692 2567 condem-

2105 2600 2348 2653 nationis
2398 2614 2620 2655 sensum
2673 2602 3017 2659 immitteret.
3072 2604 3184 2659 Aut
3231 2621 3425 2660 rursus
3469 2606 3608 2660 odor
3664 2620 3693 2658 τι

2106 2689 2218 2743 vita
2263 2690 2330 2743 ad
2379 2691 2568 2755 vitam,
2610 2691 2718 2758 his,
2770 2694 2865 2763 qui
2925 2694 2995 2748 ab
3056 2695 3273 2749 actione
3319 2695 3388 2749 ad
3440 2704 3689 2750 eontem-

2106 2782 2405 2851 plationem
2485 2784 2893 2852 proveherent;
2946 2785 3086 2840 odor
3136 2795 3322 2841 autem
3377 2787 3577 2841 mortis
3633 2785 3691 2840 in

2108 2880 2363 2936 mortem,
2426 2874 2530 2939 his,
2581 2875 2675 2945 qui
2732 2876 2802 2930 ab
2845 2892 2911 2932 eo
2966 2879 3111 2947 quod
3151 2880 3460 2934 cessatione
3494 2895 3524 2934 a
3554 2893 3692 2948 pec-

2110 2972 2254 3030 cato,
2301 2966 2529 3037 ejusque
2556 2967 2661 3022 sibi
2688 2968 2893 3024 indicta
2920 2971 3232 3037 vacatione,
3266 2972 3513 3026 membra
3547 2987 3697 3028 mor-

2033 3078 2076 3136 C
2112 3054 2462 3120 tifieaverint,
2502 3073 2624 3127 quae
2653 3068 2784 3113 sunt
2822 3074 2989 3128 super
3032 3067 3239 3115 terram
3274 3060 3340 3125 δ’,
3386 3061 3453 3115 ad
3503 3061 3695 3116 lauda-

2109 3144 2278 3200 bilem
2320 3147 2647 3203 vitiosarum
2683 3164 2781 3204 seu
2830 3150 3256 3206 libidinosarum
3293 3153 3694 3223 cogitationum

2109 3251 2514 3309 sensorumque
2544 3240 2715 3295 animi
2758 3241 3240 3297 mortificationem
3277 3252 3585 3300 transeunt.

2178 3326 2268 3381 25.
2311 3326 2450 3384 Tres
2498 3338 2630 3384 sunt
2678 3329 2878 3385 animae
2929 3330 3239 3397 facultates,
3292 3334 3455 3399 ratio,
3510 3333 3590 3389 ira
3639 3343 3697 3390 et

2108 3417 2403 3488 cupiditas.
2440 3418 2520 3474 Ae
2555 3418 2767 3474 ratione
2790 3419 3039 3490 quidem,
3093 3421 3423 3492 quaerimus;
3476 3423 3696 3493 cupidi-

2110 3518 2244 3576 tate,
2278 3511 2425 3582 quod
2472 3511 2764 3583 quaesitum
2795 3513 3002 3568 bonum
3029 3522 3113 3568 est
3144 3513 3555 3583 desideramus;
3591 3515 3696 3582 ira,

2111 3605 2233 3674 ejus
2272 3603 2465 3659 tuendi
2511 3618 2678 3659 causa
2706 3614 3115 3662 concertamus.
3166 3606 3248 3663 Ex
3280 3608 3479 3664 harum
3506 3608 3694 3682 itaque

2111 3694 2437 3749 facultatum
2465 3694 2702 3758 ratione,
2733 3694 2829 3764 qui
2862 3695 3049 3751 divina
3090 3696 3363 3756 eharitate
3412 3700 3562 3767 fulti,
3613 3702 3700 3758 di-

2112 3783 2255 3837 vinae
2294 3781 2518 3838 virtutis
2558 3797 2624 3839 ac
2678 3785 2927 3842 scientiae
2981 3788 3181 3843 rationi
3243 3799 3409 3861 atque
3452 3795 3696 3850 sermoni

2113 3873 2335 3929 assidue
2396 3882 2603 3930 navant
2642 3891 2907 3947 operam;
2936 3893 3001 3934 ac
3027 3881 3226 3951 partim
3263 3894 3540 3952 quaerunt,
3567 3900 3698 3955 par-

2119 3965 2217 4021 tim
2245 3965 2585 4033 desiderant,
2608 3966 2922 4040 partimque
2952 3971 3143 4026 tuendi
3164 3972 3361 4029 ardore
3384 3973 3696 4043 decertant,

2114 4055 2597 4128 inoorruptibilem
2645 4073 2830 4116 eseam
2883 4062 3286 4119 nanciscuntur
3328 4079 3395 4122 ac
3452 4074 3697 4129 autem

2117 4147 2579 4219 impinguantem,
2633 4158 2945 4208 creatarum
2992 4168 3180 4210 rerum
3214 4155 3530 4216 scientiam.

2186 4239 2276 4295 26.
2311 4238 2602 4307 Naturam,
2630 4255 2896 4300 concessa
2953 4246 3059 4302 sibi
3092 4247 3325 4305 scientia
3351 4259 3698 4319 evacuatam,

2118 4332 2215 4387 Dei
2269 4332 2512 4388 Verbum
2560 4332 2768 4390 factum
2812 4335 2998 4405 homo,
3031 4338 3261 4396 scientia
3305 4341 3491 4399 denuo
3521 4343 3699 4400 adim-

438 4440 581 4495 ρωσε
631 4422 917 4490 γνώσεως·
954 4422 1048 4475 καὶ
1093 4421 1383 4491 στομώσας
1420 4420 1557 4492 πρὸς
1608 4420 1908 4492 ἀτρεψίαν,
1953 4418 2005 4472 oi

2119 4424 2325 4495 plevit;
2363 4424 2682 4495 duransque
2712 4436 2775 4481 ut
2817 4430 2953 4484 nulli
2997 4429 3260 4502 deinceps
3303 4433 3543 4489 obnoxia
3574 4451 3701 4491 mu-

438 4514 628 4583 φύσει,
676 4514 921 4585 ποιότητι
977 4514 1056 4579 δὲ,
1122 4514 1329 4587 ταύτην
1382 4513 1611 4568 ὲθέωσεν
1635 4528 1649 4543 ⁸
1708 4511 2015 4576 ἀνελλιπῶς

439 4604 607 4677 αὐτὴν
635 4604 712 4676 τῷ
738 4606 924 4675 οἰκείῳ
952 4605 1367 4678 χαρακτηρίσας
1400 4603 1678 4673 Πνεύματι
1698 4618 1714 4634 ο
1765 4601 2017 4672 καθάπερ

440 4696 605 4767 ὕδωρ.
639 4698 783 4751 οἴνου
815 4698 1063 4768 ποιότητι
1109 4698 1247 4769 πρὸς
1288 4696 1441 4750 τόνον
1473 4693 1873 4766 μετακεράσας.
1918 4693 2018 4747 Διά

441 4788 601 4841 τοῦτο
628 4789 737 4859 γὰρ
769 4789 864 4842 καὶ
894 4787 1103 4856 γίνεται
1134 4786 1258 4841 κατ’
1302 4786 1560 4859 ἀλήθειαν
1588 4785 1897 4856 ἄνθρωπος,
1934 4783 2020 4838 ἵνα

441 4882 585 4939 κατά
610 4884 769 4956 χάριν
799 4883 946 4953 ἡμᾶς
972 4880 1288 4952 καταστήσῃ
1318 4878 1495 4943 θεούς.

512 4976 616 5041 κζ’.
671 4976 728 5030 '0
766 4974 866 5047 τὴν
911 4973 1075 5044 φύσιν
1104 4972 1214 5026 τῶν
1260 4972 1565 5044 ἀνθρώπων
1606 4971 2017 5043 δημιουργήσας

442 5066 595 5130 Θεὸς,
638 5065 753 5136 ἅμα
788 5065 1039 5136 βουλήσει
1080 5065 1141 5119 τὸ
1175 5060 1314 5118 εἶναι
1347 5064 1484 5135 αὑτῇ
1529 5063 1781 5128 δέδωκεν,
1819 5063 2020 5133 συνήρ-

445 5175 610 5229 μοσεν
656 5160 793 5229 αὐτῇ
846 5159 939 5211 καὶ
991 5156 1219 5227 δύναμιν
1259 5154 1369 5209 τῶν
1407 5155 1758 5227 καθηκόντων
1806 5170 2021 5224 ποιητι-

444 5251 549 5321 κήν
569 5265 583 5281 ⁸
618 5249 846 5321 δύναμιν
875 5250 931 5303 δὲ
969 5249 1132 5319 λέγω,
1157 5251 1257 5321 τὴν
1282 5248 1555 5311 omnes;
1584 5246 1683 5319 μὲν
1713 5262 2026 5316 κατεσπαρι

2120 4516 2317 4571 talioni
2350 4516 2443 4583 sit,
2494 4534 2607 4573 non
2655 4528 2875 4585 natura,
2924 4521 3021 4577 sed
3071 4523 3337 4593 qualitate
3383 4540 3505 4581 eam
3543 4527 3699 4583 deiﬁ-

2120 4607 2300 4673 cavit;
2326 4607 2407 4663 sic
2436 4624 2540 4664 suo
2569 4609 2869 4681 obsignans
2909 4612 3145 4683 Spiritu,
3172 4623 3236 4671 ut
3268 4617 3409 4672 nihil
3443 4618 3495 4673 ei
3523 4618 3703 4684 desit;

2122 4714 2188 4754 ac
2259 4699 2304 4754 si
2357 4715 2499 4771 aqua
2553 4701 2669 4756 vini
2723 4703 2990 4773 qualitate
3057 4707 3378 4776 misceatur,
3444 4718 3507 4764 ut
3556 4710 3705 4765 illius

2123 4789 2369 4861 vigorem
2397 4790 2707 4847 contrahat.
2752 4793 2965 4850 Idcirco
3000 4798 3147 4852 enim
3181 4799 3348 4854 etiam
3382 4816 3508 4855 vere
3537 4800 3705 4855 homo

2125 4877 2304 4935 factus
2337 4886 2443 4945 est,
2492 4889 2554 4935 ut
2596 4897 2700 4937 nos
2747 4897 2845 4952 per
2881 4885 3114 4954 gratiam
3152 4886 3286 4943 deos
3326 4897 3632 4958 praestaret.

2198 4969 2288 5025 27.
2330 4970 2479 5025 Deus
2529 4972 2822 5028 condendo
2890 4975 3186 5030 humanam
3250 4988 3528 5043 naturam,
3581 4994 3708 5035 mox

2128 5077 2194 5117 ac
2246 5060 2327 5115 illi
2368 5071 2431 5116 ut
2480 5069 2630 5117 esset
2670 5063 2956 5120 voluntate
3013 5068 3270 5133 contulit,
3322 5068 3443 5123 vim
3488 5084 3709 5140 quoque

2130 5154 2312 5209 eidem
2349 5152 2585 5209 faciendi
2613 5169 2736 5224 quae
2762 5155 2992 5213 honesta
3023 5159 3133 5213 sint
3173 5169 3231 5215 et
3263 5159 3449 5227 oﬂieii,
3477 5164 3709 5233 aptavit.

2132 5246 2252 5301 Vim
2292 5252 2477 5300 autem
2516 5244 2642 5299 dico
2685 5260 2784 5301 seu
2812 5245 3157 5315 facultatem,
3207 5266 3336 5306 eum
3366 5261 3576 5307 motum
3608 5254 3707 5325 qui

516 5412 561 5445 ‘°
584 5413 630 5468 Il
655 5412 780 5469 Cor.
811 5431 869 5477 ιι,
906 5412 994 5475 16,
1025 5411 1116 5466 ubi
1147 5420 1328 5497 tamen
1356 5409 1513 5466 deest
1543 5408 1603 5463 τὸ
1627 5407 1755 5462 ἀπό.
1787 5406 1929 5462 Odor
1956 5408 2004 5460 υἱ

2105 5408 2162 5460 in
2190 5406 2375 5460 vitam.
2455 5404 2498 5436 δ’
2530 5404 2740 5461 Coloss.
2769 5424 2848 5473 ut,
2878 5408 2930 5463 5.

521 5551 593 5623 (b)
639 5552 783 5608 Ἀπὸ
812 5553 916 5607 τοῦ
944 5553 1257 5622 νεκρώσαι.
1287 5551 1564 5622 Quidquid
1591 5552 1682 5606 hic
1701 5548 1888 5623 Picus,
1943 5546 2022 5623 sic

448 5617 703 5695 alienum,
740 5640 770 5678 a
812 5617 1094 5695 theologia
1145 5617 1468 5693 motumque
1495 5621 1772 5695 scientia,
1826 5625 1888 5671 ut
1934 5617 2020 5695 vel

449 5708 622 5749 unum
654 5694 709 5750 id
724 5696 977 5765 exemplo
995 5687 1112 5751 csse
1138 5702 1325 5770 queat,
1351 5687 1461 5749 n'on
1489 5692 1645 5748 facile
1665 5687 2022 5758 irrumpenda

2129 5559 2283 5624 saera
2316 5543 2502 5624 adyta.
2537 5541 2758 5624 εἰη,ηυί
2793 5545 3039 5624 ἀμιξητος
3074 5546 3190 5624 sit._
3215 5544 3357 5624 Quid
3392 5550 3539 5605 enim
3565 5505 3567 5507 ι
3594 5571 3715 5623 ραι-

2128 5613 2532 5738 ciztiasocordia,
2578 5614 2798 5685 aliaque
2837 5613 2942 5672 hic
2968 5616 3020 5671 ei
3072 5613 3278 5688 posita?
3337 5618 3457 5698 Ipsa
3492 5613 3713 5685 Maii"):

2129 5700 2159 5740 c
2182 5700 2244 5739 ar
2282 5723 2295 5737 .
