4122 6320
368 421 505 488 1233

1033 426 1368 488 CAPITUM
1408 425 1832 500 QUINQUIES
1870 425 2392 488 GENTENORUM
2434 427 2826 489 CENTURIA
2867 428 2945 486 II.

3501 423 3632 486 123-5

360 511 434 610 ἦς’
478 540 622 595 κατὰ
667 538 766 610 τὴν
805 540 1023 612 πεῖραν,
1053 543 1138 613 μὴ.
1189 542 1445 612 ἅψασθαι
1475 544 1543 597 δι’
1583 544 1864 615 ἐνεργείας
1915 542 1944 593 ὀ

2061 545 2263 603 homini
2315 545 2674 600 interdictum
2724 552 2890 609 esset,
2926 560 2994 598 ne
3033 543 3370 612 experiendo
3405 544 3630 612 attinge-

359 630 642 701 ἄνθρωπος
691 630 790 700 τὴν
821 631 972 686 θείαν
1017 633 1198 687 λαϐὼν
1238 637 1476 705 ἐντολὴν,
1509 637 1611 690 οὑκ
1654 634 1942 704 ἐφύλαξεν.

429 720 530 788 λγ¹.
587 722 896 794 Ἀμφότεροι
932 723 999 776 τὰ
1030 723 1160 788 ξύλα
1191 726 1331 782 κατὰ
1364 727 1466 797 τὴν
1494 727 1738 798 Γραφὴν,
1781 726 1944 782 τινῶν

359 812 464 866 είσι
497 812 832 885 διακριτικὰ,
881 815 1050 885 ἦγουν
1080 818 1108 869 6
1135 817 1260 879 νοῦς
1299 819 1394 872 καὶ⁸
1424 820 1456 888 ἠ
1493 817 1744 890 αἴσθησις
1765 835 1778 848 ·
1810 814 1942 884 οἷον,

360 908 388 959 ὀ
426 906 526 976 μὲν
556 907 702 970 νοῦς,
752 906 864 977 ἔχει
911 908 1141 979 δύναμιν
1188 909 1553 980 διακριτικὴν,
1600 908 1807 979 νοητῶν
1852 909 1946 964 xui.

359 998 656 1068 αίσθητῶν,
687 999 1052 1070 προσκαίρων,
1083 1001 1178 1054 καὶ
1213 1000 1480 1054 αἰωνίων·
1519 1000 1720 1071 μᾶλλον
1751 1001 1809 1054 δὲ
1839 1001 1944 1070 ψυ-

360 1091 462 1161 χῆς
501 1091 760 1162 ὑπάρχων
805 1091 1038 1162 δύναμις
1084 1091 1422 1163 διακριτικὴ,
1461 1093 1570 1147 τῶν
1607 1093 1728 1163 μὲν,
1776 1093 1947 1163 αὑτὴν

362 1182 684 1253 ἀντέχεσθαι
735 1181 940 1234 πείθει·
983 1181 1094 1236 τῶν
1141 1183 1222 1250 δὲ,
1289 1185 1709 1256 ὑπεραίρεσθαι.
1769 1186 1834 1238 Ἡ
1890 1187 1948 1238 δὲ

362 1274 616 1344 αἴσθησις
663 1273 775 1345 ἔχει
813 1274 1044 1346 δύναμιν
1075 1275 1418 1348 διατκριτικὴν
1447 1277 1643 1347 ἡδονῆς
1682 1277 1974 1347 σωμάτων

363 1367 458 1419 καὶ
484 1365 678 1434 ὀδύνης
697 1381 710 1395 ·
747 1365 949 1436 μᾶλλον
975 1365 1032 1418 δὲ
1070 1365 1299 1436 δύναμις
1323 1366 1644 1437 ὑπάρχουσα
1693 1367 1950 1437 ἐμψύχων

365 1457 459 1510 καὶ
495 1456 829 1526 αἰσθητικῶν
875 1456 1167 1526 σωμάτων,
1187 1456 1307 1527 ,τὴν
1338 1457 1435 1527 μὲν
1482 1456 1678 1528 ἡδονὴν
1716 1458 1952 1511 ἐπισπᾶι

365 1543 491 1602 σθαι
521 1548 720 1614 πείθει,
750 1547 850 1619 τὴν
882 1548 940 1606 δὲ
971 1548 1163 1620 ὀδύνην
1194 1549 1643 1620 ἀποπέμπεσθαι.

435 1809 531 1864 λδ¹.
575 1809 634 1864 '0
667 1809 974 1882 ἄνθρωπος,
1009 1813 1106 1866 ἐὰν
1139 1813 1236 1883 μὲν
1265 1813 1434 1883 μόνης
1478 1813 1576 1883 τῆς
1604 1815 1726 1868 καθ’
1756 1817 1954 1886 ἡδονὴν

369 1901 461 1954 καὶ
495 1899 688 1972 ὀδύνην
714 1900 1042 1972 αἱσθητικῆςη
1068 1902 1175 1956 τῶν
1199 1903 1715 1974 σωμάτωνγένηται
1742 1905 1954 1975 διακρί-
1985 1888 2030 1942 Β

373 2010 529 2057 σεως,
579 1994 679 2064 τὴν
715 1994 864 2047 θείαν
899 1994 1155 2066 παραϐὰς
1204 1995 1444 2064 ἐντολὴν,
1483 1995 1652 2049 ἐσθίει
1693 1997 1772 2050 τὸν
1800 1995 1956 2061 ξύλον

371 2084 433 2135 τὺ
465 2084 705 2151 γνωστὸν
743 2084 910 2138 κοιλοῦ
943 2086 1037 2138 καὶ
1069 2087 1310 2158 πονηροῦ
1331 2088 1648 2153 ·“τουτέστι,
1690 2090 1791 2159 τὴν
1834 2089 1954 2142 κατ’

372 2174 626 2244 αἴσθησιν
673 2176 926 2244 ἀλογίαν·
965 2177 1104 2248 ἔχων
1149 2179 1317 2250 μόνην
1346 2180 1444 2251 τὴν
1492 2181 1823 2252 συστατικὴν
1849 2181 1959 2234 τῶν

375 2267 646 2336 σωμάτων
691 2267 1001 2338 διάκρισιν,
1051 2270 1174 2323 καθ’
1221 2271 1432 2340 me;
1485 2270 1582 2341 μὲν
1625 2271 1817 2334 καλοῦ,
1857 2272 1972 2342 τῆς,

377 2357 568 2427 ἡδονῆς
599 2358 884 2429 ἀντέχεται
905 2375 916 2388 '
955 2361 1030 2423 ὡς
1070 2360 1125 2412 δὲ
1159 2361 1353 2426 κακοῦ,
1393 2363 1492 2432 τῆς
1517 2362 1712 2430 ὀδύνης
1745 2365 1960 2434 ἀπέχε-

375 2466 485 2504 ται.
532 2450 660 2508 Ἐὰν
702 2450 760 2504 δὲ
811 2449 980 2519 μόνης
1001 2452 1100 2521 τῆς
1141 2451 1252 2505 τῶν
1301 2453 1535 2508 αἰωνίων
1577 2454 1961 2526 διακρινούσης

375 2540 462 2597 τὰ)
487 2541 799 2610 πρόσκαιρα
841 2541 909 2595 δι’
940 2542 1066 2595 ὅλου
1105 2543 1332 2612 γένηται
1379 2547 1572 2613 νοερᾶς
1615 2547 1960 2616 διακρίσεως,

376 2629 475 2700 τὴν
497 2630 649 2684 θείαν
671 2631 912 2698 φυλάξας
938 2631 1182 2702 ἐντολὴν,
1210 2633 1383 2686 ἐσθίει
1407 2634 1465 2687 τὸ
1485 2634 1642 2700 ξύλον
1662 2637 1760 2705 τῆς
1783 2637 1926 2705 ζωῆς
1945 2654 1959 2668 ·

377 2720 490 2791 τὴν.
524 2721 830 2778 κωὰ,νών
881 2721 1044 2790 λέγω
1076 2725 1475 2794 συνισταμένην
1523 2726 1746 2794 σοφίαν·
1795 2729 1964 2799 μόνην

378 2810 516 2880 ἔχων
547 2811 644 2881 τὴν
672 2812 1007 2881 συστατικὴν
1043 2816 1142 2883 τῆς
1171 2814 1350 2886 ψυχῆς
1380 2814 1654 2888 διάκρισιν
1673 2833 1686 2847 ·
1723 2817 1845 2871 καθ’
1875 2819 1962 2888 ἢν,

377 2899 452 2963 ὡς
501 2901 600 2970 μὲν
650 2902 842 2966 καλοῦ,
888 2904 987 2974 τῆς
1020 2904 1132 2957 τῶν
1171 2906 1411 2960 αἰωνίων
1449 2907 1735 2978 ἀντέχεται
1768 2907 1960 2980 δόξης·

379 2994 455 3057 ὡς
530 2995 586 3048 δέ
653 2997 824 3051 κακοῦ
849 3039 888 3062 ,.
941 2999 1040 3068 τῆς
1099 2999 1218 3054 τῶν
1289 3001 1639 3074 προσκαίρων
1701 3003 1965 3072 ἀπέχεται

380 3085 610 3155 φθορᾶς.

2047 642 2153 698 ret,
2201 636 2523 689 mandatum
2571 651 2684 689 non-
2730 635 2992 689 servavit.

2116 722 2281 794 541v
2324 723 2411 777 55.
2465 723 2773 792 Utrumque
2823 719 3031 792 lignum
3089 720 3277 791 (mens
3325 721 3537 775 scilicet
3583 731 3639 775 et

2047 814 2260 882 sensus)
2292 814 2446 884 juxta
2480 814 2844 884 Seripturam,
2878 813 2987 865 vim
3021 812 3388 882 quormndam
3425 811 3635 863 discer-

2047 902 2357 957 nendorum
2389 903 2616 968 habent,
2643 903 2798 957 verbi
2828 903 3001 972 gratia
3034 918 3210 966 utens,
3239 917 3302 955 ea
3329 901 3383 953 vi
3413 901 3639 969 pra-dita

2047 1009 2168 1060 est,
2207 1013 2313 1067 qua
2347 997 2630 1052 discernat
2662 1013 2784 1067 quae
2825 999 2927 1052 sub
2966 998 3308 1051 intellectum
3349 996 3553 1050 cadunt
3586 1005 3642 1049 et

2049 1102 2176 1156 quae
2215 1087 2318 1142 sub
2360 1099 2604 1154 sensum,
2632 1105 2756 1158 quas
2793 1097 3144 1157 temporanea
3182 1097 3236 1141 et
3274 1103 3395 1157 qure
3436 1097 3641 1141 teterna

2050 1187 2198 1232 sunt.
2233 1178 2370 1243 imo,
2403 1194 2526 1232 cum
2569 1180 2686 1248 ipsa
2728 1179 2998 1249 ejusmodi
3041 1178 3274 1232 facultas
3313 1177 3511 1230 animae
3549 1175 3640 1238 sit,

2050 1270 2142 1322 cui
2194 1269 2352 1323 inestv
2379 1270 2470 1324 vis
2507 1271 2890 1333 discernendi,
2926 1280 3119 1324 auctor
3165 1269 3241 1323 illi
3288 1276 3404 1332 est,
3438 1278 3496 1321 ut
3539 1268 3644 1322 alia

2051 1363 2450 1432 amplectatur,
2485 1363 2589 1416 alia
2637 1371 2862 1432 superet
2909 1377 2973 1415 ac
3017 1359 3393 1414 transcendat.
3437 1359 3645 1413 Sensus

2053 1464 2237 1509 autem
2277 1454 2386 1507 vim
2421 1453 2589 1506 habet
2622 1450 3002 1506 discernenda:
3063 1463 3359 1517 corporum
3390 1446 3639 1513 volupta-

2056 1544 2125 1597 tis
2169 1551 2336 1612 atque
2374 1541 2584 1596 doloris
2623 1557 2637 1593 :
2681 1539 2934 1608 quinimo
2975 1553 3099 1590 cum
3147 1536 3263 1604 ipse
3303 1533 3535 1587 facultas
3575 1530 3646 1584 sit

2055 1648 2347 1703 corporum
2376 1627 2554 1687 anima
2589 1646 2866 1700 sensuque
2896 1628 3279 1699 przeditorum,
3305 1627 3644 1694 voluptatem
3719 1647 3726 1666 ί

1992 1776 1994 1779 .
2058 1725 2280 1794 quidem
2317 1724 2586 1779 asciscere
2619 1721 2846 1785 suadet,
2875 1721 3122 1773 dolorem
3151 1715 3642 1786 vero'propelierc.

2130 1816 2218 1880 54.
2251 1814 2448 1880 i-lomo,
2476 1814 2749 1884 siquidem
2785 1813 2886 1867 soli
2923 1809 3267 1872 discretioni,
3297 1824 3418 1878 qua:
3451 1823 3648 1861 sensus

2056 1914 2160 1971 est,
2197 1906 2506 1975 voluptatis,
2541 1917 2841 1973 corporum
2888 1911 3053 1971 atque
3093 1900 3323 1963 doloris,
3368 1900 3648 1967 impensus

2058 1995 2164 2060 sit,
2213 1995 2388 2049 divini
2446 1994 2725 2058 mandati;
2783 1991 3236 2062 transgressionis
3287 2006 3448 2052 rens,
3501 1987 3648 2056 ligno

2057 2088 2300 2142 vescitur
2341 2087 2588 2142 scientiae
2632 2086 2763 2139 boni
2813 2092 2870 2139 et
2923 2085 3051 2138 mali
3110 2083 3337 2153 (sensus
3382 2081 3647 2134 nimirum

2056 2188 2283 2249 experte
2316 2178 2548 2233 rationis
2578 2176 2754 2247 motu)
2790 2193 2898 2231 una
2937 2176 3152 2246 pollens
3183 2190 3247 2228 ea
3280 2174 3649 2234 discretione,

2059 2285 2183 2338 quat
2215 2269 2282 2324 ad
2319 2283 2616 2338 corporum
2651 2269 3088 2323 incolumitatem
3123 2265 3283 2331 facit;
3323 2280 3459 2333 qua,
3490 2262 3650 2318 volu-

2059 2369 2268 2431 ptatem
2315 2361 2539 2430 quidem
2589 2369 2649 2414 ut
2696 2361 2904 2414 bonum
2957 2358 3349 2428 amplectitur;
3403 2357 3650 2410 dolorem

2059 2467 2193 2506 vero
2230 2452 2368 2519 fugit
2434 2459 2495 2503 ut
2531 2452 2756 2503 malum.
2787 2449 2880 2503 Sin
2919 2458 3103 2503 autem
3145 2449 3346 2501 mentis
3387 2447 3653 2501 duntaxat

2062 2541 2384 2595 discretioni
2437 2556 2666 2610 prorsus
2712 2540 2969 2606 studeat,
3014 2556 3135 2609 qua:
3179 2549 3535 2607 temporanea
3583 2538 3652 2591 ab

2062 2633 2282 2689 aeternis
2329 2633 2636 2696 discernat,
2683 2632 2856 2686 divini
2907 2631 3153 2685 mandati
3205 2639 3397 2690 tenax,
3441 2631 3648 2699 lignum

2063 2723 2190 2778 vitae
2225 2723 2574 2794 (sapientiam
2609 2723 2876 2777 nimirum
2911 2723 2965 2776 in
3005 2730 3189 2776 mente
3226 2721 3649 2791 consistentem)

2065 2818 2339 2884 comedit;
2383 2835 2491 2873 una
2525 2817 2792 2872 duntaxat
2826 2818 3091 2887 praeditus
3126 2815 3496 2880 discretione,
3529 2831 3652 2885 qua:

2066 2907 2132 2963 ad
2165 2908 2332 2962 animi
2363 2909 2594 2964 salutem
2626 2910 2786 2973 facit;
2819 2925 2948 2978 qua,
2976 2917 3308 2962 mternorum
3343 2908 3650 2962 claritatem

2067 3009 2130 3054 ut
2153 3000 2358 3054 bonum
2391 3003 2733 3071 complexus,
2761 3018 2791 3056 a
2825 3011 3166 3057 terrenarum
3205 3001 3563 3070 corruptione
3594 3008 3649 3053 ut

2067 3105 2105 3143 α
2127 3091 2272 3144 maio
2303 3092 2650 3162 abjungitur.‘

449 3177 543 3231 λε’.
600 3178 712 3230 Νοῠ
765 3179 863 3247 μέν
913 3179 1078 3233 καλόν
1137 3181 1321 3246 ἐστιν,
1369 3184 1401 3253 ή
1447 3183 1666 3254 ἀπαθὴς
1721 3184 1858 3253 πρὸς
1905 3184 1964 3238 τὸ

2138 3179 2226 3232 '55.
2255 3180 2452 3233 Mentis
2487 3181 2694 3234 bonum
2731 3190 2894 3249 atque
2929 3179 3121 3243 animi;
3148 3179 3444 3250 tranquilla
3477 3186 3562 3234 est
3591 3196 3654 3234 ac

380 3267 598 3336 πνεῦμα
632 3269 904 3332 διάθεσις·
957 3272 1126 3324 κακὸν
1175 3272 1252 3337 δὲ,
1293 3275 1326 3343 ή
1376 3275 1631 3347 ἐμπαθὴς
1677 3271 1814 3347 πρὸς
1864 3275 1964 3347 τὴν
2005 3267 2021 3280 Ἰ

381 3356 630 3429 αἴσθησιν
658 3361 877 3429 σχέσις·
913 3359 1223 3432 αἰσθήσεως
1262 3362 1318 3416 δὲ
1350 3365 1514 3418 καλόν
1555 3369 1724 3431 ἐστιν,
1771 3369 1804 3438 ἠ
1841 3366 1964 3420 καθ’

381 3447 576 3518 ἡδονὴν
607 3450 860 3520 ἐμπαθὴς
893 3451 1030 3521 πρὸς
1084 3453 1246 3523 σῶμα
1288 3456 1538 3526 κίνησις·
1591 3458 1762 3512 κακὸν
1815 3459 1893 3523 δέ,
1931 3459 1965 3529 ή

381 3540 523 3594 κατὰ
551 3541 806 3614 στέρησιν
837 3543 1037 3613 ταύτης
1069 3545 1424 3618 ἐπιγινομένη
1457 3547 1718 3614 διάθεσις.

453 3806 564 3871 λς’.
619 3806 679 3860 Ὁ
734 3808 928 3873 πείσας
987 3810 1050 3863 τὺ
1118 3811 1362 3874 συνειδὸς
1409 3810 1486 3876 ὡς
1538 3813 1699 3882 φύσει
1765 3818 1964 3879 καλὸν,

384 3899 762 3970 πραττόμενον
794 3900 941 3970 ἔχειν
969 3903 1031 3955 τὸ
1072 3904 1356 3969 κάκιστον,
1400 3900 1556 3969 οὗτος
1601 3909 1783 3980 χειρὸς
1809 3909 1966 3981 δίκην

384 3990 632 4052 ἐκτείνας
659 3993 721 4045 τδ
768 3994 1093 4063 πρακτικὸν,
1126 3995 1285 4049 ἔλαϐε
1313 3997 1530 4067 ψεκτῶς
1561 3999 1654 4053 τοῦ
1683 3999 1838 4064 ξύλου
1865 4001 1966 4070 τῆς

384 4076 563 4150 ζωῆς,
617 4083 886 4136 ἀθάνατον
940 4087 1287 4157 ἡγησάμενος
1340 4090 1502 4158 φύσει
1563 4091 1623 4143 τὸ
1684 4092 1963 4146 κάκιστον.

384 4174 594 4244 Διόπερ
617 4175 715 4245 τὴν
744 4177 974 4230 κατὰετὺ
1006 4181 1240 4243 συνειδὸς
1269 4181 1362 4234 τοῦ
1399 4182 1568 4236 κακοῦ
1603 4184 1856 4256 διαϐολὴν
1889 4187 1968 4257 τῷ

386 4263 661 4337 ἀνθρώπῳ
691 4268 938 4334 φυσικῶς
989 4269 1278 4341 ἐνθέμενος
1317 4275 1344 4326 6
1388 4274 1540 4340 Θεὸς,
1569 4276 1838 4348 διέκρινεν
1878 4281 1968 4333 αὑ-

385 4355 477 4409 τὸν
500 4357 604 4426 τῆς
643 4358 820 4428 ζωῆς,
868 4361 1038 4415 κακὸν
1085 4366 1150 4434 τῇ
1201 4365 1520 4437 προαιρέσει
1568 4371 1964 4441 γεγενημένον·

386 4447 473 4499 ἴνα
534 4448 610 4520 μὴ
660 4451 722 4503 τὸ
778 4452 948 4507 κακὸν
999 4454 1291 4524 πράττων,
1343 4457 1566 4530 δύνηται
1631 4465 1814 4515 πεῖσαι
1870 4467 1968 4535 τὴν

2068 3270 2364 3324 aﬂeetibus
2390 3286 2592 3324 vacans
2621 3287 2717 3325 seu
2751 3269 3048 3324 libidinosa
3086 3273 3205 3340 ejus
3238 3288 3365 3341 erga
3400 3271 3652 3341 spiritum

2067 3360 2316 3427 aiiectio;
2353 3363 2554 3415 maltun
2581 3379 2734 3426 vero,
2763 3362 3055 3416 libidinosa
3090 3372 3146 3416 et
3171 3379 3293 3417 eum
3325 3364 3526 3418 affectu
3557 3380 3652 3419 seu

2066 3451 2484 3519 perturbatione
2531 3468 2657 3521 erga
2704 3442 2927 3508 sensum
2978 3453 3245 3506 habitudo
3297 3469 3360 3507 ac
3411 3453 3650 3508 affectio.

2069 3542 2278 3596 Sensus
2302 3553 2484 3597 autem
2512 3536 2738 3608 bonum,
2762 3561 2972 3614 pronus
2995 3553 3078 3599 est
3102 3545 3400 3614 voluptatis
3423 3546 3654 3599 libidine

2068 3631 2124 3684 in
2159 3646 2361 3700 corpus
2397 3639 2610 3696 motus;
2651 3634 2854 3686 malum
2891 3649 3051 3695 vero,
3083 3648 3203 3701 qum
3238 3647 3335 3701 per
3368 3631 3516 3686 illius
3549 3634 3656 3702 pri-

2067 3721 2343 3775 vationem
2373 3722 2663 3790 dispositio
2692 3738 2754 3776 ac
2783 3724 3002 3777 atfeetio
3035 3725 3265 3778 accedit.

2136 3810 2227 3865 56.
2259 3811 2360 3877 Qui
2408 3823 2603 3867 auctor
2641 3815 2992 3868 conscientiae
3032 3823 3137 3879 est,
3172 3825 3234 3868 ut
3273 3815 3422 3868 velut
3465 3824 3655 3869 natura

2065 3901 2524 3970 bonum,'quod
2595 3911 2680 3957 est
2745 3904 3048 3972 pessimum
3118 3918 3288 3972 opere
3351 3905 3655 3958 exercitum

2067 3994 2293 4060 habeat;
2332 3994 2408 4059 is,
2436 3997 2595 4064 quasi
2635 4011 2856 4049 manum
2898 3995 3112 4065 (agendi
3151 3995 3283 4067 vim)
3320 3999 3652 4059 extendens,

2067 4085 2136 4140 de
2169 4086 2324 4155 ligno
2353 4086 2509 4150 vitae,
2545 4087 2858 4140 damnando
2897 4087 3142 4143 facinore
3179 4089 3416 4158 accepit;
3462 4097 3655 4143 natura

2067 4185 2220 4231 ratus
2259 4178 2601 4242 immortale,
2632 4179 2778 4248 quod
2818 4179 2869 4232 in
2909 4180 3165 4248 pessimis
3203 4181 3516 4234 babeminm
3551 4192 3651 4237 est.

2067 4267 2212 4322 Dens
2249 4269 2453 4338 itaque,
2484 4272 2576 4340 qui
2613 4279 2809 4324 natura
2842 4271 3053 4324 homini
3093 4270 3386 4335 indiderat,
3417 4257 3493 4337 ur,
3528 4290 3658 4326 con-

2068 4360 2296 4415 scientia
2344 4361 2548 4431 judice,
2584 4365 2788 4416 malum
2834 4364 3206 4432 vituperaret,
3253 4366 3508 4419 eunniem
3559 4381 3657 4419 sua

2070 4452 2248 4523 ipsum
2275 4454 2555 4509 voluntate
2586 4469 2649 4510 ac
2674 4455 2909 4509 arbitrio
2941 4458 3144 4510 malum
3183 4456 3464 4521 effectum,
3491 4475 3521 4511 a
3548 4452 3655 4512 vita

389 4538 525 4590 i6iav
557 4542 884 4610 συνείδησιν,
935 4545 1018 4598 ὅτι
1073 4546 1232 4616 φύσει
1281 4549 1444 4604 καλὸν
1485 4551 1722 4626 ὑπάρχει
1757 4555 1818 4607 τὸ
1869 4557 1961 4610 κά-

2068 4544 2377 4613 segregavit
2414 4563 2426 4597 :
2465 4561 2533 4599 ne
2569 4545 2700 4598 dum
2737 4547 2940 4598 malum
2983 4546 3123 4617 agit,
3161 4547 3515 4602 conscientize
3547 4563 3659 4601 sua:

386 4643 594 4683 κιστον.

456 4790 535 4857 λζ’
609 4793 675 4847 Ἠ
708 4794 972 4864 ἄμπελος,
1008 4793 1152 4850 οἶνον
1201 4802 1375 4853 ποιεῖ’
1407 4803 1436 4854 ὀ
1467 4801 1628 4867 οἶνος,
1679 4779 1851 4877 μέθην
1874 4825 1887 4839 ο
1932 4811 1964 4879 ἡ

389 4881 553 4951 μέθη,
582 4882 857 4938 ἔκστασιν.
891 4888 1100 4942 Οὑκοῦν
1124 4892 1152 4942 6
1173 4891 1399 4960 ἐνεργὴς
1426 4893 1602 4962 λόγος,
1643 4897 1780 4968 ὅπερ
1819 4902 1970 4954 ἐστὶν

387 4972 433 5040 ἡκ
465 4972 729 5040 ἄμπελος,
786 4976 1199 5048 γεωργούμενος
1225 4982 1348 5042 ταῖς
1396 4982 1638 5052 ἀρεταῖς,
1681 4989 1972 5062 γεννᾷτὴν

386 5061 588 5130 γνῶσιν
607 5081 620 5095 ο
649 5065 681 5136 ἡ
713 5063 768 5118 δὲ
797 5067 1018 5134 γνῶσις,
1053 5072 1215 5142 γεννᾷ
1238 5071 1337 5143 τὴν
1366 5073 1537 5145 καλὴν
1565 5075 1840 5144 ἔκστασιν,
1872 5081 1971 5153 τὴν

384 5151 476 5204 τὸν
508 5153 634 5207 νοῦν
669 5157 770 5226 τῆς
803 5159 922 5212 κατ’
959 5161 1212 5232 αἴσθησιν
1246 5163 1483 5232 σχέσεως
1521 5167 1842 5232 ἐξιστῶσαν.

458 5246 560 5317 λη’.
601 5248 869 5311 Τοῖςντῶν
906 5253 1183 5323 αἰσθητῶν
1223 5255 1496 5326 νοήμασιν
1533 5261 1687 5314 εἴωθε
1728 5265 1966 5338 κακούρ-

385 5349 498 5431 γως
535 5337 564 5388 6
613 5339 846 5409 πονηρὸς
879 5342 1208 5431 συμϐάλλειν
1257 5344 1327 5398 τὰ
1370 5346 1480 5400 τῶν
1529 5351 1806 5422 αἰσθητῶν
1850 5337 1966 5431 εἴδη

383 5427 482 5478 καὶ
513 5431 788 5498 σχήματα,
818 5431 884 5484 δι’
911 5425 986 5487 ὧν
1017 5435 1226 5504 πέφυκε
1253 5436 1323 5490 τὰ
1353 5439 1496 5509 πάθη
1515 5440 1576 5511 δη
1587 5425 1966 5514 μιουργείσθαι

387 5516 520 5586 περὶ
544 5519 641 5582 τὰς
675 5521 999 5591 ἐπιφανείας
1032 5526 1139 5578 τῶν
1171 5528 1400 5596 ὁρατῶν,
1440 5533 1628 5586 στάσιν
1665 5535 1968 5607 λαμϐανού-

389 5624 490 5677 σης
521 5608 593 5679 (e)
627 5609 716 5666 διὰ
748 5613 844 5682 τῆς
876 5615 1047 5685 μέσης
1081 5619 1385 5690 αίσθήσεως
1422 5621 1521 5692 τῆς
1556 5627 1773 5695 περὶτὰ
1801 5634 1968 5703 νοητὰ

2069 4635 2404 4704 persuadere
2439 4637 2638 4706 possit,
2668 4637 2874 4691 bonum
2907 4648 3102 4690 natura
3139 4653 3280 4698 esse,
3306 4637 3451 4708 quod
3489 4637 3659 4707 pessi-

2071 4742 2221 4780 mum
2253 4737 2356 4782 est.

2143 4816 2231 4871 57.
2287 4817 2461 4882 Vitis,
2512 4821 2700 4888 vinum
2767 4823 2944 4892 parit;
3012 4803 3238 4889 vinum,
3293 4823 3653 4886 ebrietatem;

2073 4903 2233 4974 542
2290 4907 2558 4973 ebrietas,
2606 4912 2808 4968 mentis
2861 4927 3170 4967 excessum.
3221 4911 3419 4965 Eiiicax
3475 4911 3657 4978 itaque

2075 4997 2216 5051 ratio
2265 4997 2462 5068 (quam
2511 5000 2614 5054 rite
2659 5001 2826 5056 vitem
2869 5001 3308 5071 nuncupaveris)
3356 5000 3658 5055 virtutibus

2073 5089 2312 5154 exculta,
2336 5089 2624 5144 scientiam
2648 5093 2950 5162 progignit;
2975 5093 3225 5156 scientia,
3248 5092 3452 5145 bonum
3470 5107 3658 5145 exces-

2081 5194 2226 5244 sum,
2246 5196 2357 5249 quo
2374 5197 2530 5236 mens
2545 5197 2576 5236 a
2592 5183 2796 5238 carnali
2828 5198 3132 5253 sensusque
3162 5183 3388 5238 libidine
3419 5182 3655 5235 excedit.

2142 5273 2231 5328 38.
2259 5275 2462 5329 Rerum
2489 5274 2544 5328 in
2573 5289 2794 5329 sensum
2825 5275 3138 5331 cadentium
3171 5276 3452 5346 conceptis
3477 5278 3656 5332 animo

2073 5363 2402 5429 rationibus,
2427 5363 2745 5418 earumdem
2783 5363 2987 5419 formas
3020 5375 3184 5434 atque
3217 5365 3419 5435 ﬁguras
3452 5373 3514 5419 ut
3538 5382 3662 5419 vcr-

2075 5462 2196 5508 sute
2227 5451 2502 5518 conserat,
2529 5471 2596 5508 ex
2621 5457 2945 5526 nequissimi
2975 5447 3136 5526 genio
3161 5465 3275 5523 est;
3306 5457 3512 5527 quibus
3533 5472 3662 5528 pre-

2075 5545 2216 5600 clive
2255 5545 2404 5601 circa
2442 5561 2633 5600 earum
2676 5564 2862 5602 rerum
2903 5558 3280 5618 conspectum,
3313 5565 3452 5619 quas
3486 5550 3660 5604 oeuiis

2075 5653 2426 5709 usurpamus,
2449 5639 2681 5695 ail‘ectus
2706 5651 3069 5710 procreantur
3090 5656 3156 5696 ac
3177 5641 3439 5696 libidines
3459 5658 3475 5707 ;
3496 5642 3666 5696 ratio-

475 5787 536 5863 [e)
574 5789 800 5844 Στάσιν
849 5795 1272 5869 λαμϐανούσης
1303 5815 1316 5829 °
1368 5802 1830 5876 Interqnicsrcnle,
1898 5830 1964 5868 se:

2061 5829 2298 5880 essante;
2360 5836 2427 5875 ne
2486 5835 2653 5876 sensu
2705 5818 2887 5875 medio
2930 5819 2994 5872 ad
3047 5818 3315 5890 spiritalia
3374 5825 3656 5881 transeat;
