4122 6320
385 377 519 444 1237

1017 373 1360 447 ΟΑΡῙἸἮΜ
1387 383 1814 457 QUINQUIES
1850 383 2374 446 CENTENORUM
2409 385 2801 446 CENTURIA
2842 385 2924 445 II.

3498 381 3634 446 1238

385 493 476 548 καὶ
517 491 728 566 ὑψηλὴν
761 491 1000 566 θεωρίαν
1030 493 1216 568 δηλοῖο
1250 497 1279 549 ό
1307 495 1364 550 δὲ
1393 495 1656 568 βραχίων,
1677 497 1778 568 τὴν
1817 495 1961 567 πρᾶ-

2072 495 2267 551 tiorcm
2319 510 2382 551 ac
2435 495 2727 550 sublimem
2779 493 3302 564 contemplationem
3353 491 3644 563 significat.

383 585 486 654 ξιν,
520 585 689 658 ἡχουν
721 586 818 640 τοῦ
875 586 1221 658 διανοητικοῦ
1266 587 1367 658 τὴν
1419 588 1534 652 ἕξιν
1558 589 1654 642 καὶ
1677 589 1776 658 τὴν
1811 587 1965 658 ἐνέρ-

381 692 560 746 γειαν,
594 675 628 747 ἢ
664 675 763 748 τὴν
786 676 990 744 γνῶσιν
1034 676 1130 731 καὶ
1180 677 1280 749 τὴν
1324 678 1557 748 ἀρετήν·
1593 677 1671 740 ὡς
1707 679 1808 749 τῆς
1865 679 1966 749 μὲν

381 767 658 838 γνώσεως,
697 766 848 838 αὑτῷ
883 767 1266 840 προσαγούσης
1304 769 1528 840 ἀμέσως
1579 769 1674 823 τὸν
1724 767 1848 822 νοῦν
1888 770 1968 841 τῷ

381 859 501 931 Θεῷ
523 875 536 890 °
572 859 672 930 τῆς
707 859 912 931 ἀρετῆς
940 859 1018 925 δὲ,
1051 859 1192 914 κατὰ
1216 859 1315 930 τὴν
1347 860 1546 930 πρᾶξιν
1580 861 1764 930 πάσης
1802 862 1968 930 ἀφαι-

386 951 659 1024 ρουμένης
689 951 854 1007 αὑτὸν
882 955 983 1023 τῆς
1004 951 1113 1004 τῶν
1137 950 1308 1004 ὄντων
1332 953 1600 1020 γενέσεως
1620 957 1638 976 ‘
1667 969 1682 984 ο
1721 951 1868 1026 άπερ
1895 953 1969 1006 ἱε-

384 1042 572 1116 ρεῦσιν
595 1044 876 1114 ἀφώρισεν
924 1046 953 1098 ὀ
1002 1043 1182 1113 λόγος,
1214 1047 1328 1109 τοῖς
1361 1044 1524 1116 μόνον
1570 1043 1665 1098 τὸν
1697 1044 1832 1098 Θεὸν
1878 1043 1968 1099 διὰ

383 1133 603 1188 πάντων
621 1134 998 1206 κτησαμένοις
1024 1133 1414 1206 κληρονομίαν,
1446 1135 1542 1189 καὶ
1575 1133 1744 1208 μηδὲν
1779 1132 1966 1189 τοσύν-

383 1225 503 1280 ολον
527 1227 889 1298 κεκτημένοις
912 1227 1180 1297 ἐπίγειον.

459 1325 576 1390 μς-’.
617 1318 836 1391 Ἐπειδὴ
886 1319 986 1384 τὰς
1022 1320 1197 1378 ἀλλων
1246 1323 1477 1395 καρδίας
1535 1319 1623 1376 διὰ
1661 1317 1754 1374 τοῦ
1805 1317 1966 1388 λόγου

384 1410 482 1477 τῆς
505 1407 877 1474 διδασκαλίας,
910 1410 958 1462 oi
991 1409 1196 1480 γνώσει
1225 1410 1322 1464 καὶ
1353 1410 1526 1480 ἀρετῇ
1555 1407 1621 1460 δι’
1641 1406 1764 1460 ὅλου
1801 1421 1968 1458 ποιω-

385 1497 569 1562 θέντες
592 1497 673 1568 τῷ
701 1497 1000 1567 πνεύματι,
1033 1499 1321 1564 εὐσεϐείας
1351 1500 1447 1554 καὶ
1487 1497 1724 1560 πίστεως
1753 1484 1969 1549 ποιοῖ)νῖ

383 1605 473 1642 ται
503 1587 784 1654 δεκτικὰς,
810 1588 906 1642 καὶ
927 1587 1029 1660 τὴν
1059 1589 1377 1660 πρακτικὴν
1410 1587 1590 1642 αὐτῶν
1612 1587 1727 1654 ἕξιν
1761 1587 1854 1640 καὶ
1885 1582 1971 1638 δύο

385 1697 554 1752 ναμιν
581 1679 1007 1750 ἀφαιρούμενοι,
1031 1680 1142 1735 τῶν
1169 1680 1263 1734 ἐπὶ
1286 1683 1354 1752 τῇ
1386 1679 1601 1752 φθαρτῇ
1623 1677 1784 1748 φύσει
1809 1693 1971 1731 σπουο

385 1771 706 1842 δασμάτων,
740 1771 877 1844 πρὸς
910 1771 1012 1843 τὴν
1040 1771 1150 1826 τῶν
1181 1771 1323 1844 ὑπὲρ
1349 1771 1510 1841 φύσιν
1548 1769 1845 1841 ἀφθάρτων
1879 1771 1967 1822 ὲν-

387 1862 610 1933 ἐργειαν
635 1861 858 1931 ἀγαθῶν
901 1861 1340 1936 μεταφέρουσινέ
1384 1861 1614 1928 εἰκότως
1645 1860 1756 1915 τῶν
1795 1877 1967 1931 προσ-

387 1953 673 2024 αγομένων
705 1954 787 2017 είς
829 1933 1021 2008 θυσίαν
1048 1933 1206 2021 Θεοῦ,
1247 1933 1628 2026 τδκστηθύνιον
1655 1951 1752 2007 τοῦ
1780 1949 1969 2006 ἐπιθέ-

390 2059 562 2112 ματος
591 2043 689 2114 (g)°
735 2041 1009 2107 τουτέστι,
1057 2043 1168 2098 τῶν
1201 2042 1635 2116 προσαγομένων
1683 2041 1784 2114 τὴν
1833 2057 1971 2112 καρ-

386 2134 541 2190 δίαν·
583 2135 678 2190 καὶ
721 2135 814 2189 τὸν
861 2135 1147 2207 βραχίονα,
1197 2135 1308 2190 τῶν
1355 2134 1539 2190 αὐτῶν
1584 2133 1829 2207 δηλονότι
1870 2131 1971 2206 τὴν

389 2224 628 2295 πρᾶξιν·
681 2225 1017 2298 προσέταξεν
1063 2224 1426 2296 ἀφιεροῦσθαι
1479 2226 1596 2288 τοῖς
1656 2221 1894 2297 ίερεῦσιν
1941 2223 1972 2277 δ

389 2317 586 2384 Λόγος.

462 2404 572 2475 μς.
605 2405 762 2458 Πᾶσα
815 2405 850 2476 ἡ
906 2403 1140 2460 ἐνταῦοα
1194 2404 1514 2478 δικαιοσύνη
1565 2405 1968 2477 συγκρινομένη

391 2492 528 2564 πρὸς
578 2491 679 2564 τὴν
712 2491 1043 2563 μέλλουσαν,
1082 2493 1351 2564 ἐσόπτρου
1402 2494 1562 2564 λόγον
1617 2495 1828 2566 ἐπέχει,
1871 2495 1970 2567 τὴν

389 2583 496 2637 τῶν
527 2583 856 2656 ἀρχετύπων
884 2584 1228 2655 πραγμάτων
1259 2585 1466 2652 εἰκόνα,
1505 2586 1608 2640 οὐκ
1642 2586 1781 2640 αὐτὰ
1807 2587 1863 2640 δὲ
1899 2585 1970 2640 τὰ

391 2675 692 2746 πράγματα
722 2675 846 2729 κατ’
865 2671 1007 2738 εἶδος
1045 2675 1394 2744 ὑφιστάμενα
1419 2676 1617 2747 ἔχουσα
1639 2694 1652 2708 °
1687 2679 1781 2732 καὶ
1827 2679 1970 2732 πᾶσα

387 2765 591 2834 γνῶσις
622 2765 856 2819 ἐνταῦθα
883 2766 993 2819 τῶν
1014 2767 1238 2838 ὑψηλῶν
1269 2769 1672 2840 συγκρινομένη
1704 2769 1842 2841 πρὸς
1868 2770 1970 2842 τὴν

394 2854 717 2926 μέλλουσαν,
768 2855 1001 2929 αἴνιγμά
1029 2859 1202 2924 ἐστιν,
1253 2859 1496 2931 ἔμφασιν
1545 2861 1644 2932 τῆς
1686 2862 1968 2940 ἀληθείας,

390 2947 508 3003 ἀλλ’
545 2949 645 3003 οὐκ
671 2951 840 3020 αὐτὴν
874 2951 1254 3024 ὑφισταμένην
1280 2952 1479 3024 ἔχουσα
1504 2953 1603 3026 τὴν
1632 2955 1969 3027 φανήσεσθαι

395 3041 695 3112 μέλλουσαν
730 3043 1013 3113 ἀλήθειαν.

2068 588 2267 642 Armus
2311 595 2519 652 autem,
2557 586 2858 648 actionem,
2905 585 2960 640 id
3003 594 3107 649 est,
3142 584 3434 654 cogitantis
3479 583 3648 636 animi

2069 677 2322 732 habitum
2345 685 2404 732 et
2428 677 2830 747 operationem,
2852 676 2938 730 vel
2965 675 3254 730 scientiam
3278 681 3332 726 et
3355 673 3648 737 virtutem;

2069 769 2273 839 quippe
2301 783 2426 823 cum
2457 769 2687 823 scientia
2720 776 2959 823 mentem
2983 767 3095 822 Deo
3123 764 3438 820 immediate
3465 763 3652 817 admo-

2069 869 2224 928 veat;
2267 860 2446 916 virtus
2489 875 2653 925 vero,
2697 875 2807 930 qua
2854 861 3127 914 actionem
3178 856 3337 921 colit,
3380 855 3449 910 ab
3499 855 3647 910 omni

2069 967 2257 1008 rerum
2286 951 2577 1007 affectione
2604 959 2840 1020 ortuque
2867 959 3146 1005 removeat
3173 967 3187 1004 :
3215 967 3337 1022 qua:
3364 947 3652 1016 Scriptura

2068 1041 2449 1098 sacerdotibus
2497 1042 2832 1114 segregavit,
2884 1041 2979 1112 qui
3033 1043 3212 1097 solum
3269 1042 3444 1096 Deum
3505 1036 3651 1092 nacti

2069 1134 2476 1202 haereditatem,
2514 1135 2650 1191 nihil
2699 1150 2926 1207 prorsus
2968 1149 3153 1190 rerum
3197 1142 3545 1189 terrenarum
3595 1131 3652 1185 in

2069 1238 2240 1278 censu
2271 1223 2530 1278 habeant.

2140 1312 2229 1369 46.
2259 1311 2396 1368 Cum
2425 1313 2536 1380 his,
2561 1313 2655 1384 qui
2691 1314 2923 1369 scientia
2949 1321 3004 1370 et
3031 1313 3236 1369 virtute
3264 1330 3365 1385 per
3396 1314 3651 1384 spiritum

2069 1411 2186 1459 toto
2227 1404 2415 1460 animo
2460 1404 2656 1459 imbuti
2699 1413 2856 1471 sunt,
2889 1405 3110 1475 pietatis
3149 1405 3385 1476 fideique
3425 1420 3653 1475 capaces

2070 1495 2304 1550 aliorum
2345 1502 2560 1550 mentes
2599 1482 2848 1551 doctrina
2891 1505 3056 1566 atque
3094 1511 3349 1552 sermone
3391 1495 3667 1558 eilieiant,.

2068 1599 2374 1654 eorumque
2405 1584 2640 1640 actionis
2669 1583 2920 1638 habitum
2953 1599 3018 1638 ac
3045 1583 3360 1639 facultatem
3395 1583 3652 1638 auferen-

2073 1683 2176 1740 tcs,
2204 1691 2272 1730 ne
2307 1691 2409 1745 pro
2441 1683 2653 1730 natura:
2681 1682 2956 1746 corrupta:
2981 1675 3104 1730 labe
3131 1675 3331 1730 studiis
3356 1675 3649 1738 dedantur,

2071 1765 2137 1821 ad
2164 1765 2484 1836 incorrupta
2510 1765 2655 1822 bona
2683 1766 2793 1820 vim
2823 1781 3043 1821 omnem
3074 1776 3284 1821 naturae
3313 1766 3651 1837 superantia,

2071 1874 2238 1931 Opere
2267 1858 2580 1930 praestanda
2607 1858 2976 1924 transferant;
3007 1859 3206 1914 merito
3233 1874 3426 1914 eorum
3453 1875 3573 1929 quae
3598 1861 3654 1914 in

2061 1950 2168 2006 'Dei
2219 1949 2490 2007 sacrificio
2539 1950 2850 2006 olleruntur
2895 1951 3278 2022 pectusculum
3328 1950 3657 2007 elevationis

2073 2040 2286 2112 (eorum
2319 2041 2530 2097 scilicet
2555 2041 2648 2113 qui
2679 2041 3045 2098 admoventur
3075 2058 3172 2099 cor
3193 2050 3357 2113 atque
3387 2041 3654 2112 animum)

2070 2146 2396 2202 armumque
2422 2132 2767 2202 (eorumdem
2795 2133 3005 2188 scilicet
3028 2133 3324 2203 actionem)
3358 2133 3657 2189 sacerdoti-

2072 2221 2176 2278 bus
2205 2221 2510 2277 addicenda
2541 2222 2806 2293 praecepit
2831 2221 3055 2279 divinus
3087 2221 3300 2279 Sermo.

2142 2424 2231 2480 47.
2279 2423 2472 2482 Omnis
2516 2425 2642 2481 vitae
2691 2423 2857 2496 hujus
2898 2425 3150 2496 iustitia,
3193 2425 3240 2479 si
3289 2439 3414 2480 eum
3471 2424 3654 2478 futura

2071 2514 2356 2581 conferas,
2393 2516 2604 2586 speculi
2652 2518 2924 2571 rationem
2966 2515 3214 2586 praefert,
3252 2516 3654 2586 primitivarutu

2075 2623 2261 2662 rerum
2293 2607 2611 2679 imaginem,
2645 2623 2758 2662 non
2788 2623 2878 2664 res
2909 2608 3054 2678 ipsas
3085 2608 3386 2663 secundum
3416 2606 3654 2677 speciem

2072 2715 2201 2756 vere
2235 2699 2588 2764 exsistentcs,
2619 2699 2832 2755 habens
2865 2717 2878 2753 :
2916 2699 3206 2768 omnisque
3237 2699 3524 2770 prasentis
3553 2698 3656 2754 azvi

2071 2791 2395 2846 sublimium
2440 2805 2627 2846 rerum
2674 2790 2943 2855 scientia,
2987 2789 3032 2845 si
3080 2804 3206 2843 cum
3255 2804 3320 2844 ea
3364 2787 3654 2852 conferas,

2070 2899 2192 2954 quae
2224 2883 2411 2938 futura
2444 2891 2815 2954 exspectatur,
2846 2883 3078 2954 aenigma
3110 2891 3214 2948 est,
3238 2883 3490 2939 veritatis
3514 2882 3658 2937 exile

2072 2973 2456 3037 simulacrum,
2486 2988 2597 3028 non
2636 2973 2809 3043 ipsam
2838 2989 2960 3043 quae
2989 2973 3387 3030 manifestanda
3417 2979 3505 3030 est
3530 2988 3659 3028 vere

2071 3064 2428 3119 exsistentem
2456 3072 2514 3120 et
2538 3063 2714 3134 ipsam
2736 3065 3025 3120 veritatem
3053 3064 3284 3120 habens.

432 3132 578 3234 -p'q’.
620 3134 839 3235 ’ίέπειδη
865 3136 1034 3207 ἀρετῇ
1069 3136 1165 3190 καὶ
1189 3136 1387 3208 γνώσει
1414 3139 1482 3195 τὰ
1509 3139 1630 3194 θεῖα
1663 3140 1967 3213 συνέχεται,

2143 3153 2234 3210 48.
2264 3154 2404 3212 Cum
2441 3171 2530 3212 res
2560 3132 2784 3222 divinas,
2809 3156 3016 3212 virtute
3051 3163 3109 3212 et
3141 3155 3372 3212 scientia
3404 3169 3657 3225 compre-

391 3223 500 3277 τῶν
538 3223 659 3278 κατ’
685 3223 887 3296 ἀρετὴν
934 3227 1314 3298 πρωτοτύπων
1361 3229 1513 3284 ἐστὶν
1545 3231 1876 3287 ἐνδεικτικὸν
1908 3231 1968 3287 τό

2076 3245 2427 3313 hendantur,
2461 3247 2782 3318 speculum,
2813 3248 3036 3304 virtutis
3076 3248 3358 3320 primitiva
3397 3255 3459 3302 ut
3497 3223 3654 3301 exhi-

393 3315 677 3387 ἔσοπτρον,
706 3317 802 3371 καὶ
829 3315 941 3369 τῶν
969 3319 1114 3372 κατά
1144 3318 1348 3388 γνῶσιν
1396 3321 1723 3393 ἀρχετὺπων
1771 3323 1975 3394 ἐκφαν-

393 3407 544 3461 τικδν
582 3407 822 3478 ὑπάρχει
855 3408 917 3462 τὸ
950 3408 1208 3482 αίνιγμα.

465 3499 575 3570 μθθ.
609 3499 669 3554 ’0
709 3499 799 3554 διὰ
853 3501 1112 3573 πράξεως
1163 3503 1542 3575 εὐαρεστήσας
1586 3505 1666 3580 τῷ
1707 3506 1850 3580 Θεῷ,
1881 3507 1973 3563 διὰ

392 3587 628 3660 θεωρίας
657 3589 794 3661 πρὸς
820 3589 918 3662 τὴν
947 3590 1058 3646 τῶν
1107 3594 1316 3666 νοητῶν
1341 3594 1550 3667 χώραν,
1591 3597 1683 3653 τὸν
1723 3598 1848 3654 νοῦν
1873 3600 1971 3672 δη-

393 3682 525 3753 λαδὴ
560 3681 952 3754 μετατίθησιν·
984 3685 1071 3739 ἵνα
1103 3685 1178 3758 μὴ
1219 3686 1307 3741 διὰ
1353 3689 1654 3757 φαντασίας
1701 3691 1846 3755 τινος
1879 3694 1972 3746 τὸν

393 3771 450 3826 έν
481 3774 595 3836 τοῖς
625 3770 822 3826 πάθεσι
852 3772 1116 3844 θεάσηται
1146 3774 1374 3829 θάνατον
1401 3777 1545 3832 κατὰ
1562 3781 1662 3849 τὴν
1693 3779 1968 3852 αἴσθησιν,

393 3861 467 3924 ὡς
495 3861 600 3915 ὑπὸ
635 3861 860 3933 μηδενὸς
904 3863 1011 3918 τῶν
1037 3865 1179 3919 ἑλεῖν
1210 3865 1556 3938 βουλομένων
1588 3869 1664 3941 (It)
1691 3871 1973 3937 παντελῶς

393 3953 802 4024 εὑρισκόμενος.

463 4049 528 4097 ν’.
564 4043 623 4096 Ὀ
651 4043 880 4115 καθαρῷ
931 4045 1168 4110 πίστεως
1215 4046 1482 4120 ὀφθαλμῷ
1527 4049 1639 4104 τῶν
1666 4052 1972 4124 μελλόντων

391 4134 613 4202 ἀγαθῶν
664 4136 786 4191 ίδὼν
837 4137 938 4218 τῂν
997 4137 1360 4210 εὐπρέπειαν,
1409 4141 1824 4222 ὑπακούει-γῆς
1879 4149 1973 4206 καὶ

393 4229 712 4297 συγγενείας
748 4230 842 4282 καὶ⁵
871 4228 1025 4285 οῐκου
1059 4231 1336 4304 πατρικοῦ
1381 4235 1681 4308 προθύμως
1709 4239 1969 4310 ἐξελθεῖν,

391 4319 706 4374 καταλιπὼν
728 4319 827 4392 τὴν
856 4321 993 4392 πρὸς
1011 4322 1190 4395 σάρκα
1220 4324 1314 4380 καὶ
1335 4324 1590 4396 αἴσθησιν
1620 4328 1718 4382 καὶ
1739 4332 1974 4405 αἰσθητά

395 4409 581 4481 σχέσιν
607 4429 666 4466 τε
706 4414 800 4467 καὶ
851 4413 1261 4486 προσπάθειαν·
1315 4417 1412 4472 καὶ
1450 4418 1668 4488 φύσεως
1702 4423 1760 4480 ὲν
1792 4425 1972 4498 καιρῷ

463 4655 511 4689 ⁸⁵
533 4656 672 4714 Gen.
703 4673 760 4725 v,
789 4657 894 4726 ἰός
930 4658 1101 4716 Hebr.
1131 4675 1206 4726 xt,
1235 4660 1288 4717 5.
1366 4662 1412 4694 ⁸³
1445 4661 1583 4719 Gen.
1608 4681 1704 4732 xit,
1741 4668 1792 4725 l.

461 4793 499 4812 “
527 4789 707 4854 Edita,
731 4789 1008 4857 γνώσεως.
1038 4792 1220 4848 Malim
1252 4792 1514 4857 σχέσεως.

2072 3338 2223 3403 beat,
2249 3348 2630 3409 comparatum
2657 3339 2854 3407 habet;
2881 3339 3112 3412 aenigma
3141 3355 3297 3406 vero,
3325 3349 3386 3396 ut
3415 3340 3660 3396 scientiae

2070 3429 2354 3501 principes
2376 3429 2583 3488 formas
2607 3445 2674 3488 ac
2696 3431 3035 3503 exemplaria
3065 3441 3446 3503 reprmsentet.

2141 3520 2232 3578 49.
2257 3521 2362 3588 Qui
2395 3538 2496 3593 per
2521 3522 2797 3579 actionem
2824 3522 2938 3579 Deo
2967 3539 3194 3594 operam
3223 3523 3500 3594 probavit,
3528 3506 3680 3577 con:

2073 3613 2446 3684 templationis
2478 3614 2633 3670 cultu
2661 3614 2732 3670 ad
2761 3629 2958 3670 eorum
2983 3630 3105 3684 quae
3129 3623 3312 3671 mente
3341 3615 3652 3685 intelligun-

2073 3711 2163 3759 tur
2203 3704 2513 3773 regionem,
2549 3705 2741 3774 utique
2785 3704 3032 3760 animum
3078 3706 3320 3762 traducit
3338 3706 3405 3771 “,
3442 3721 3513 3761 ne
3551 3721 3658 3776 qua

2072 3793 2426 3866 545-556
2449 3793 2804 3865 cogitatione,
2830 3803 3061 3851 mortem
3091 3796 3146 3851 in
3174 3796 3461 3853 aﬁectibus
3483 3797 3662 3852 vitiis-

2072 3901 2180 3956 que
2208 3885 2466 3956 positam,
2491 3901 2658 3942 sensu
2683 3886 2870 3943 videat
2895 3905 2909 3942 :
2937 3903 3100 3959 quem
3130 3888 3415 3955 nimirum,
3441 3905 3658 3955 eorum,

2071 3987 2193 4044 quae
2222 3974 2536 4044 mancipare
2561 3975 2765 4040 velint,
2785 3977 2938 4034 nulla
2966 3976 3268 4032 inveniant.

2142 4063 2230 4120 50.
2268 4063 2373 4131 Qui
2414 4065 2622 4122 mundo
2661 4065 2791 4124 ﬁdei
2832 4067 2996 4124 oculo
3033 4067 3346 4123 futurorum
3385 4067 3657 4124 bonorum

2071 4155 2401 4227 elegantiam
2429 4158 2662 4228 aspexit,
2685 4168 2749 4215 ut
2769 4158 2927 4230 quasi
2957 4159 3025 4216 de
3053 4169 3201 4216 terra
3223 4173 3282 4217 et
3310 4159 3656 4232 cognatione,

2073 4245 2253 4319 deque
2302 4257 2532 4319 paterna
2578 4250 2743 4306 domo
2785 4260 2946 4308 exeat
2971 4253 3039 4316 ",
3074 4260 3331 4322 prompto
3378 4251 3658 4322 alacrique

2074 4341 2260 4396 animo
2293 4341 2552 4408 obaudit;
2588 4343 2740 4398 omni
2772 4343 2838 4398 ad
2876 4359 3100 4399 carnem
3133 4358 3467 4414 sensumque
3500 4359 3567 4398 ac
3592 4357 3658 4398 ea

2073 4444 2197 4498 quae
2231 4445 2458 4486 sensum
2492 4441 2736 4498 movent,
2765 4433 3056 4490 affectione
3088 4450 3151 4490 ac
3179 4433 3408 4490 libidine
3433 4432 3652 4498 relicta;

277 4546 291 4574 λ
392 4500 704 4573 πειρασμοῦ
734 4503 829 4557 καὶ⁵
861 4502 1091 4572 ἀγώνων
1115 4505 1452 4580 ὑψηλότερος
1481 4508 1579 4576 ὢν,
1615 4515 1968 4588 προτιμήσας

2074 4529 2415 4595 naturaque,
2448 4524 2672 4581 interim
2710 4526 2842 4582 dum
2882 4528 3221 4584 lentationcs
3257 4543 3322 4584 ac
3356 4526 3655 4584 certamina

465 4864 480 4880 '
509 4859 591 4917 Cf.
627 4861 697 4917 ad
745 4861 993 4918 Thalass.
1023 4879 1078 4934 q.
1128 4863 1218 4930 47,
1268 4859 1363 4919 ubi
1410 4863 1525 4921 fere
1558 4882 1675 4939 seq.
1713 4868 1802 4926 ad.
1851 4887 1974 4946 cap.
2017 4893 2191 4950 usque
2223 4879 2314 4936 49.

487 5001 544 5082 g_)_
571 5000 677 5082 "Td
724 5003 1066 5082 στίῃθύνιον.
1114 5003 1233 5082 τοῦ.
1258 5003 1632 5082 ἐπιθέματος.
1674 5010 1833 5082 Vulg.
1885 5015 1966 5072 uti

391 5071 757 5150 reddidimus,
791 5072 1158 5150 Pectu_sculum
1183 5071 1508 5150 deuotionis.
1545 5071 1697 5150 Sixt.
1729 5071 1964 5150 interpr.

393 5101 757 5138 Icuutuuuua,
791 5101 1158 5128 reuuwumm
1183 5101 1508 5131 crcvutwms.
1545 5101 1697 5150 Dyxt.
1729 5101 1843 5138 mte
1917 5103 1964 5141 Γ.

390 5141 958 5218 ρηροξὶιίρμιιὶδηῳι-οά
994 5159 1106 5218 non
1140 5143 1213 5218 ita
1243 5144 1464 5218 videtur
1507 5101 1964 5218 exprirrtere.r[l)bi

393 5209 580 5291 _Sclt_ol.
617 5209 844 5291 Ταυτόί
877 5215 1024 5291 ἐστιν
1065 5214 1481 5291 ἀφαίρειιαχσύ1
1527 5209 1812 5291 ἀφᾲόρισμα
1873 5209 1967 5280 καί

393 5280 630 5364 ἐπίθεμα
647 5283 760 5364 ’καὶ
804 5280 1157 5364 καρπῶματά
1183 5280 1290 5364 διπὸ
1320 5285 1428 5364 τῶν
1448 5280 1661 5364 ,θυσίῶῦ
1687 5280 1966 5364 ἀφοριζό-

438 5367 532 5428 ενα
563 5351 704 5428 θεῷ,
738 5351 893 5424 ειπερ
907 5351 1118 5428 γίνεται
1149 5357 1288 5428 μέρη
1323 5355 1418 5408 τοῦ
1448 5359 1656 5428 ἱερέως.
1684 5351 1827 5417 Non.
1846 5351 1966 5420 nia-

414 5435 444 5473 e
476 5420 715 5504 forsitan
734 5420 1078 5504 appositionis
1099 5441 1117 5490 ;
1144 5420 1258 5504 sive
1278 5420 1646 5504 'pectuscitiuiii
1660 5437 1968 5504 appositum

396 5494 808 5574 (ιε-ετιρροσξιιιρι
836 5495 1037 5574 divin-.8
1066 5494 1293 5574 hostiae,"
1317 5511 1380 5574 ac
1410 5499 1550 5574 parti
1593 5501 1673 5555 illi
1701 5494 1829 5574 qua:
1864 5522 1963 5574 pe-

395 5559 661 5638 puliariu_s
688 5562 742 5615 in
767 5564 860 5618 Dei
888 5565 1154 5620 honorem
1190 5559 1440 5638 cedebat,
1477 5568 1667 5638 illique
1700 5559 1965 5630 incende~

398 5623 577 5710 batur.
611 5631 740 5710 Eam
772 5644 1013 5710 mentem
1045 5635 1216 5710 nostri
1245 5635 1360 5690 Jac.
1393 5623 1462 5690 de
1494 5623 1668 5710 Ianua
1701 5623 1964 5699 fatim-oli-

397 5711 500 5752 con
534 5701 848 5757 insinuavit.
888 5705 966 5779 Eo
991 5704 1134 5760 forte
1161 5704 1476 5779 Graecorum
1497 5707 1648 5779 ritus
1675 5713 1956 5779 collineat,

399 5779 524 5824 cum
581 5785 770 5828 massae
831 5775 1006 5844 panis,
1056 5790 1121 5831 ex
1177 5789 1285 5845 qua
1357 5775 1697 5835 Dominicum
1757 5775 1956 5855 corpus

2074 5021 2399 5086 conficiunt,
2455 5024 2768 5092 complures
2823 5023 2994 5078 micas
3031 5023 3383 5080 oﬂ’erentium
3429 5025 3654 5084 nomine

2074 5103 2382 5162 apponunt,
2437 5092 2552 5146 sive
2616 5102 2979 5162 supponunt,
3037 5110 3177 5162 quas
3232 5096 3506 5148 incertum
3584 5112 3654 5151 an

2075 5161 2407 5283 s:licrificent.
2439 5163 2558 5216 Non
2603 5161 2786 5217 tamen
2814 5162 2870 5216 in
2910 5161 3172 5219 omnibus
3203 5164 3437 5235 quadrat
3464 5181 3654 5221 exem-

2075 5245 2107 5283 ι)
2133 5247 2244 5283 um.

2133 5247 2244 5284 um.

2072 5245 2373 5374 lini/3.1231»
2399 5300 2564 5374 ἑλεῖν
2593 5301 3011 5372 βουλομένων.
3051 5303 3259 5359 Sensus
3289 5303 3405 5373 ipse
3434 5305 3650 5374 planus.

2074 5368 2440 5426 Securitatem
2480 5372 2597 5426 haec
2627 5368 2847 5438 sonant,
2875 5374 3015 5442 ejus,
3049 5375 3142 5442 qui
3173 5368 3400 5428 scicntia
3435 5368 3498 5428 ire
3544 5375 3655 5429 vir-

2081 5447 2198 5496 tute
2212 5442 2390 5515 longe
2421 5451 2717 5515 provectus
2756 5444 2847 5515 sit,
2891 5459 2996 5515 nec
3025 5443 3184 5515 facile
3216 5461 3280 5498 ex
3307 5461 3472 5498 sensu
3504 5447 3652 5515 ejus-

2073 5525 2184 5633 δυο
2211 5511 2440 5565 libidine
2472 5513 2671 5566 tentari
2703 5521 2798 5566 aut
2827 5513 2950 5566 laedi
2974 5514 3179 5582 possit;
3235 5531 3341 5584 qua
3383 5511 3652 5569 sollicitu-

2113 5582 2204 5633 itte
2234 5581 2483 5633 moribus
2529 5583 2802 5633 excultus.
2843 5582 3049 5633 divinis
3093 5585 3338 5633 animum
3391 5585 3649 5633 intendit.

2113 5582 2204 5636 ine
2234 5581 2483 5636 moribus
2529 5583 2802 5646 excultus,
2843 5581 3049 5637 divinis
3093 5581 3338 5639 animum
3391 5585 3649 5641 intendit.

2071 5649 2234 5728 Picus
2261 5651 2447 5728 aestv
2473 5651 2704 5720 habuit,
2736 5667 2804 5706 ex
2848 5667 2960 5723 quo
3010 5653 3150 5707 nihil
3197 5656 3413 5728 probati
3455 5671 3653 5712 sensus

2067 5720 2270 5778 elicere
2296 5721 2497 5792 potuit.
