4122 6320
556 445 846 515 ingruunt,
892 443 1072 511 factus
1125 445 1379 516 superior
1454 465 1466 499 :
1524 449 1728 520 quippe
1781 454 1876 522 qui
1928 467 2139 514 natura:

552 538 851 591 Auctorem
882 537 1215 606 praetulerit;
1247 537 1399 592 velut
1433 554 1662 610 magnus
1692 542 1994 614 Abraham,
2024 565 2137 618 pra:

553 623 740 678 lsaaco
763 624 935 679 Deum
966 625 1022 678 in
1054 627 1365 696 potioribus
1394 627 1588 685 habuit
1607 631 1672 685 ⁵⁸.

623 713 713 769 51.
738 713 842 781 Qui
871 730 1052 785 neque
1080 717 1268 786 gloriae
1295 733 1480 783 causa,
1506 735 1608 774 nec
1634 722 1923 779 occasione
1954 727 2136 780 avari-

556 802 644 858 tia:
663 805 731 869 ⁵⁷,
756 820 936 874 neque
971 806 1233 863 adulandi
1268 811 1461 879 gratia,
1488 821 1545 866 et
1580 821 1640 867 ut
1670 814 1989 875 hominibus
2019 820 2133 889 pla-

551 901 692 957 ceat,
727 909 896 964 seque
934 894 1051 964 ipse
1084 905 1345 962 ostentet,
1372 898 1659 967 virtutem,
1690 913 1786 958 aut
1819 905 2131 961 divinorum

549 984 900 1055 eloquiorum
948 987 1364 1047 meditationem
1424 996 1726 1049 consectari
1775 998 1988 1064 studet,
2035 1000 2131 1055 sed

549 1084 748 1131 cuncta
774 1085 999 1147 propter
1023 1078 1195 1133 Deum
1229 1089 1343 1134 tum
1379 1081 1530 1148 facit,
1552 1092 1667 1139 tum
1697 1086 1964 1157 loquitur,
1989 1099 2132 1144 tum.

550 1182 659 1236 que
688 1168 914 1237 cogitat,
941 1168 1033 1224 hic
1061 1170 1117 1225 in
1141 1171 1227 1225 via
1253 1173 1499 1229 veritatis
1528 1176 1583 1229 in
1611 1176 1840 1233 scientia
1865 1182 2125 1237 ambulat.

544 1257 664 1311 Non
686 1259 833 1313 enim
858 1259 1039 1316 libens
1058 1260 1282 1319 divinus
1301 1263 1493 1320 Sermo
1517 1267 1571 1320 in
1596 1269 1809 1324 semitis
1830 1287 1939 1328 non
1962 1276 2129 1329 rectis

546 1348 891 1415 immoratur,
914 1350 999 1406 vel
1038 1352 1084 1407 si
1123 1352 1178 1407 in
1220 1354 1551 1424 quibusdam
1590 1370 1949 1428 praeparatam
1984 1364 2129 1421 viam

540 1441 820 1495 invenerit
841 1443 907 1497 ⁸⁸.

612 1529 700 1583 52.
722 1530 943 1602 Jejunat
976 1535 1122 1603 quis,
1148 1550 1317 1606 seque
1356 1536 1425 1591 ab
1466 1553 1530 1593 ea
1564 1539 1740 1596 victus
1770 1543 1979 1600 ratione
2003 1545 2127 1601 abs-

542 1619 700 1685 tinet,
741 1638 864 1691 quce
900 1624 1165 1681 libidines
1217 1626 1459 1697 vitiaque
1501 1629 1773 1698 incendit;
1818 1644 2128 1704 cunctaque

541 1710 680 1765 adeo
709 1714 916 1782 reliqua
946 1716 1076 1784 agit,
1103 1733 1223 1786 quae
1253 1718 1562 1775 conducant
1593 1732 1652 1776 ut
1680 1739 1709 1776 a
1742 1725 1948 1779 malitia
1980 1727 2125 1783 lihe-

1721 341 1782 400 s.
1824 344 2125 408 MAXIMI.
2152 348 2685 435 GONFESSORIS_

3677 360 3821 431 1³240

2166 497 2213 553 Δ
2240 463 2338 534 τὴν
2363 465 2544 518 αἰτίαν
2573 466 2673 536 τῆς
2713 466 2958 536 φύσεως,
2985 467 3065 533 ὡς
3108 467 3206 523 τοῦ
3245 470 3454 533 Ἰσαὰκ,
3486 470 3579 528 τὸν
3608 471 3769 543 Θεὸν,
3790 481 3819 532 6

2243 555 2419 624 μέγας
2452 555 2722 628 Ἀϐραάμ.

2311 720 2410 767 να’.
2451 714 2510 767 Ὀ
2539 715 2673 785 μήτε
2695 713 2854 785 δόξης
2883 715 3092 782 ἕνεκεν,
3137 717 3275 786 μήτε
3308 717 3580 787 προφάσει
3621 719 3819 791 πλεονο

2240 803 2410 867 εξίας,
2447 804 2587 874 μήτε
2639 803 2928 868 κολακείας
2991 806 3169 875 χάριν,
3202 806 3295 859 καὶ
3322 806 3817 878 ἀνθρωπαρεσκίας

2238 895 2332 945 καὶ
2386 892 2718 963 ἐπιδείξεως,
2766 895 2864 966 τὴν
2910 896 3131 967 ἀρετὴν,
3194 896 3228 967 ἢ
3279 895 3379 967 τὴν
3426 896 3659 969 μελέτην
3706 901 3815 952 τῶν

2239 985 2397 1038 θείων
2423 985 2611 1054 λόγων
2634 985 2913 1056 μετελθεῖν
2943 978 3299 1057 ἐπιτηδεύων,
3348 987 3482 1040 ἀλλά
3519 989 3699 1042 πάντα
3726 990 3812 1045 διὰ

2235 1076 2326 1128 τὸν
2351 1075 2483 1131 Θεὸν
2510 1077 2602 1130 καὶ
2644 1077 2815 1129 ποιῶν
2849 1077 2941 1130 καὶ
2969 1077 3145 1145 λέγων
3169 1078 3264 1131 καὶ
3287 1079 3690 1149 διανοούμενος,
3723 1073 3812 1135 οὗο

2235 1182 2325 1228 τος
2366 1168 2424 1219 ὲν
2465 1168 2529 1235 τῇ
2581 1166 2687 1237 ὁδῷ
2729 1167 2829 1237 τῆς
2867 1167 3127 1238 ἀληθείας
3171 1169 3228 1221 ὲν
3255 1169 3455 1238 γνώσει
3490 1171 3807 1241 πορεύεται.

2234 1258 2471 1327 Τρίὸοις,
2491 1259 2600 1327 γὰρ
2634 1259 2734 1311 οὐκ
2788 1259 3028 1322 εὐθείαις
3062 1262 3090 1313 ὁ
3123 1258 3264 1323 θεῖος
3306 1260 3370 1312 οὐ
3421 1260 3667 1328 πέφυκεν
3714 1262 3812 1332 ὲμ-

2234 1350 2558 1420 φιλοχωρεῖν
2599 1349 2778 1418 λόγος,
2818 1350 2920 1404 κᾶν
2947 1349 3086 1423 εὕρῃ
3126 1349 3227 1422 τὴν
3261 1349 3380 1404 ὁδὸν
3411 1349 3469 1403 ἐν
3492 1367 3635 1405 τισιν
3667 1350 3809 1405 ἕτοι-

2236 1458 2355 1509 μον.

2303 1531 2399 1603 νβ’.
2431 1533 2702 1604 Νηστεύει
2746 1549 2852 1596 τις,
2899 1533 2994 1585 καὶ
3040 1531 3306 1602 ἀπέχεται
3354 1532 3456 1601 τῆς
3508 1532 3809 1603 ἐξαπτικῆς

2231 1623 2339 1675 τῶν
2378 1624 2567 1679 παθῶν
2609 1624 2858 1694 διαίτηςο
2913 1624 2983 1677 τά
3031 1622 3167 1678 ἄλλα
3198 1640 3259 1677 τε
3308 1626 3473 1689 ποιεῖ,
3520 1625 3621 1678 ὅσα
3672 1626 3807 1696 πρὸς

2232 1713 2552 1785 ἀπαλλαγὴν
2599 1715 2800 1791 κακίας
2829 1714 3236 1785 συμὸἀλλεσθαι
3274 1715 3498 1769 δύναται
3526 1733 3541 1746 ο
3571 1716 3675 1787 τὴν
3723 1716 3805 1769 λε-

542 1809 695 1855 retur
718 1818 781 1857 ac
809 1805 1107 1873 pravitate;
1146 1807 1235 1861 hic
1285 1808 1364 1862 sic
1400 1822 1768 1882 nuncupatam
1821 1817 1964 1870 viam
1987 1834 2110 1888 prae-

2231 1805 2470 1876 γομένην
2518 1805 2636 1858 όδδν
2681 1800 2836 1868 οὗτος
2884 1805 3190 1875 ἡτοίμασε·
3265 1805 3575 1870 κενοδοξίας
3634 1806 3718 1875 δὲ,
3770 1808 3803 1879 ἢ

541 1895 758 1962 paravit
795 1915 807 1949 :
844 1898 930 1952 sin
964 1907 1169 1962 autem,
1202 1898 1383 1953 inanis
1402 1902 1588 1970 gloria:
1623 1921 1816 1965 causa.
1841 1917 1898 1962 et
1930 1918 1989 1962 ut
2017 1910 2110 1963 sib.

2228 1894 2566 1960 πλεονεξίας,
2599 1895 2630 1966 ἢ
2667 1895 2978 1958 κολακείας,
3010 1894 3042 1966 ἢ
3089 1894 3605 1966 ἀνθρωπαρεσκίας,
3647 1897 3683 1967 ἢ
3712 1897 3804 1951 ἀλ-

505 1986 664 2052 ,ριιιε
712 1997 959 2058 arroget,
1003 1989 1087 2044 vel
1148 1999 1206 2045 ut
1259 1991 1604 2060 blandiatur,
1652 2004 1747 2049 aut
1804 1997 2110 2068 hominibus

2224 1985 2323 2057 λης
2355 1986 2498 2049 τινὸς
2532 1986 2720 2039 ἓνεκεν
2764 1986 2964 2047 αίτίας,
3014 1984 3138 2054 δίχα
3167 1985 3266 2055 τῆς
3301 1983 3455 2048 θείας
3496 1984 3801 2057 εὐαρεστή-

538 2076 780 2145 placeat,
815 2079 1034 2134 aliudve
1078 2081 1363 2152 quidpiam
1410 2093 1660 2153 praestet,
1696 2101 1860 2156 quam
1908 2098 1968 2142 ut
2008 2091 2110 2146 Dec

2225 2094 2363 2141 σεως
2389 2079 2517 2140 τοὺς
2545 2076 2820 2140 τοιούτους
2853 2075 3163 2145 ἐπιτηδεύει
3192 2075 3450 2145 τρόπους,
3497 2068 3665 2140 οὗτος
3703 2076 3801 2131 οὐκ

539 2168 802 2238 probetur
834 2185 901 2226 ac
935 2172 1113 2241 ipsum
1152 2172 1525 2241 demereatur,
1561 2177 1897 2246 ejuscemodi
1930 2182 2110 2239 modo:

2221 2169 2480 2242 ἐποίησεν
2518 2169 2736 2232 εὐθείας
2781 2169 2876 2243 τὰς
2912 2167 3134 2239 τρίϐους
3170 2165 3266 2219 τοῦ
3324 2163 3497 2220 Θεοῦο
3555 2166 3657 2220 καὶ
3710 2166 3800 2220 τὸν

531 2266 887 2313 consectatur
921 2276 1215 2331 moresque
1248 2263 1401 2328 colit,
1430 2264 1523 2320 hic
1553 2265 1650 2320 Dei
1683 2268 1907 2324 semitas
1942 2282 2110 2328 rectas

2224 2260 2325 2331 μὲν
2356 2261 2457 2331 τῆς
2504 2257 2823 2328 ἑτοιμασίας
2849 2258 2946 2326 τῆς
2975 2256 3097 2309 ὁδοῦ
3147 2255 3307 2308 πόνον
3344 2256 3659 2325 ὑπέμεινεν,
3709 2257 3798 2308 τὸν

536 2364 644 2403 non
680 2349 841 2416 fecit;
884 2367 948 2406 ac
990 2354 1247 2421 parandas
1272 2354 1495 2429 quidem
1527 2356 1630 2410 vize
1664 2357 1909 2414 laborem
1947 2363 2117 2417 susti-

533 2438 676 2505 nuit,
703 2449 766 2494 ut
789 2441 935 2496 Deus
958 2451 1144 2497 autem
1176 2443 1232 2497 in
1261 2445 1382 2515 ejus
1410 2447 1625 2501 semitis
1650 2447 1978 2518 ambularet,
2003 2468 2115 2510 non

532 2530 795 2586 obtinuit.

600 2618 690 2673 55.
719 2617 903 2674 Omnis
936 2620 1092 2675 uallis
1126 2622 1496 2694 implebitur”
1530 2643 1543 2678 :
1580 2642 1691 2681 non
1722 2629 1919 2698 quovis
1951 2632 2114 2687 modo

530 2709 730 2765 omnis.
754 2726 934 2780 neque
959 2713 1235 2780 omnium;
1268 2730 1449 2785 neque
1471 2715 1618 2770 enim
1644 2732 1859 2785 eorum,
1881 2721 1976 2789 qui
2002 2738 2111 2777 non

530 2810 865 2869 paraverunt
886 2802 1031 2857 viam
1063 2804 1302 2871 Domini,
1333 2821 1436 2862 nec
1466 2817 1645 2863 vectas
1672 2808 1926 2864 fecerunt
1948 2813 2115 2866 semi-

530 2898 618 2943 tas
655 2892 796 2961 ejus.
832 2891 1062 2958 Quando
1109 2892 1280 2965 igitur
1317 2896 1479 2951 vallis
1530 2896 1693 2968 (caro
1741 2899 1980 2965 scilicet,
2016 2910 2113 2957 aut

526 2981 718 3038 anima
748 2998 963 3049 eorum,
1017 2985 1135 3054 qui,
1170 2993 1233 3040 ut
1269 2985 1554 3050 dicebam,
1591 2996 1926 3056 paraverunt
1964 2989 2107 3043 viam

525 3070 776 3137 Domini,
817 3083 1109 3145 rectasque
1152 3076 1272 3146 ejus
1318 3076 1546 3130 semitas
1583 3075 1856 3147 fecerunt)
1899 3092 1967 3131 ex
2010 3078 2108 3133 Dei

2218 2354 2276 2407 δὲ
2320 2351 2454 2404 Θεὸν
2497 2352 2599 2404 οὐκ
2651 2349 2779 2419 ἔσχε
2827 2351 2949 2410 ταῖς
3002 2346 3168 2401 αὐτοῦ
3216 2345 3426 2416 τρίϐοις
3471 2348 3795 2451 ἐμπεριπα-

2218 2461 2281 2497 το
2294 2461 2438 2497 δντα.

2289 2627 2391 2690 νγ’.
2434 2618 2610 2675 Πᾶσα
2646 2617 2882 2689 φάραγξ
2934 2613 3391 2683 πληρωθήσεται
3419 2628 3432 2641 ·
3469 2612 3569 2682 οὐχ
3607 2610 3792 2673 ἀτελῶς

2218 2715 2388 2779 πᾶσα,
2418 2712 2539 2765 οὐδὲ
2577 2711 2796 2764 πάντων
2817 2727 2831 2740 ·
2874 2706 3000 2761 οὐτε
3047 2706 3157 2777 γὰρ
3190 2705 3300 2758 τῶν
3351 2703 3429 2775 μὴ
3464 2703 3790 2772 ὲτοιμασάν-

2214 2821 2324 2856 των
2350 2805 2451 2874 τὴν
2479 2802 2598 2856 ὁδὸν
2639 2800 2736 2854 τοῦ
2779 2797 3006 2870 Κυρίου,
3042 2798 3137 2850 καὶ
3183 2796 3401 2860 εὐθείας
3442 2793 3791 2864 ποιησάντων

2214 2894 2312 2958 τὰς
2354 2893 2578 2964 τρίϐους
2629 2891 2814 2946 αὐτοῦ.
2853 2890 3125 2959 Ὀπηνίκα
3178 2883 3273 2942 οὖν
3322 2885 3567 2974 φάραγξ,
3620 2886 3788 2955 ἤγουν

2215 2984 2352 3054 σὰρξ
2379 2984 2412 3055 ἢ
2439 2984 2608 3055 ψυχὴ,
2636 2983 2742 3035 τῶν
2768 2981 3204 3050 ὲτοιμασάντων,
3243 2978 3319 3041 ὡς
3346 2972 3523 3042 εἶπον,
3548 2975 3652 3046 τὴν
3675 2975 3785 3028 ὁδὸν

2210 3076 2307 3130 τοῦ
2343 3077 2570 3148 Κυρίου,
2618 3074 2712 3128 καὶ
2761 3072 2979 3136 εὐθείας
3030 3070 3382 3140 ποιησάντων
3434 3069 3536 3131 τάς
3561 3066 3782 3138 τρίσους

526 3159 694 3221 Verbi
741 3163 798 3217 in
842 3164 927 3218 eis
969 3180 1066 3235 per
1111 3166 1381 3221 mandata
1415 3167 1748 3222 ambulantis
1794 3169 2105 3237 pmsentia,

2213 3170 2400 3233 αὐτοῦ,
2426 3169 2516 3223 διά
2549 3169 2649 3239 τῆς
2686 3167 2779 3221 τοῦ
2812 3166 3244 3237 περιπατοῦντος
3274 3165 3332 3217 ὲν
3359 3162 3654 3229 αὐτοῖς-διὰ
3678 3161 3780 3215 τῶν

526 3262 657 3303 eum
698 3251 959 3316 scientia,
992 3260 1111 3307 tum
1154 3254 1379 3308 virtute
1405 3255 1629 3324 impleta
1675 3254 1877 3319 fuerit,
1911 3270 2109 3313 omnes

527 3340 650 3395 falsi
683 3341 926 3396 nominis
956 3343 1230 3407 scientia,
1264 3359 1330 3398 ac
1372 3345 1600 3415 spiritus
1630 3345 1889 3415 nequitia:
1918 3346 2107 3415 depri-

511 3440 776 3495 muntur,
803 3431 1046 3487 ealcante
1076 3448 1183 3487 eos.
1202 3433 1383 3493 Verbo
1409 3448 1475 3488 ae
1503 3434 1850 3505 subjiciente,
1880 3436 2109 3506 nequis-

525 3521 834 3591 simumque
880 3530 1207 3592 potestatem
1262 3524 1531 3579 adversus
1579 3524 1881 3580 humanum
1933 3540 2107 3596 genus

524 3627 649 3667 sese
697 3612 1080 3678 extollentem,
1124 3614 1479 3680 destruente,
1522 3631 1589 3671 ac
1632 3617 1785 3671 velut
1833 3614 2105 3694 montium

524 3702 862 3773 miliumque
889 3705 1185 3775 superbam
1216 3706 1420 3761 molem
1448 3708 1765 3779 celsumque
1794 3709 1955 3782 5&7
1985 3726 2105 3765 ver-

526 3799 688 3855 licem
704 3798 1024 3865 eubdiente,
1044 3810 1209 3871 atque
1229 3800 1465 3857 vallibus
1483 3803 1766 3872 aequandis
1785 3802 2100 3876 clejiciente.

522 3887 691 3955 Quadi
731 3890 885 3947 enim
928 3891 971 3946 ii
1015 3892 1277 3958 aﬂ‘eetus,
1319 3893 1415 3964 qui
1462 3909 1507 3948 at
1538 3903 1751 3950 naturaet
1794 3895 2109 3951 rationibus

521 3981 845 4049 abhorrent,
876 3982 1238 4054 abjiciantur;
1280 3998 1346 4040 ac
1380 4000 1505 4056 quas
1540 4003 1609 4041 ex
1645 3989 1764 4058 ejus
1798 3991 2113 4046 rationibus.

521 4082 671 4139 sunt,
693 4074 932 4131 virtutes
957 4076 1239 4141 accedant,
1265 4077 1447 4134 anima
1468 4079 1626 4134 vallis
1651 4081 1823 4136 instar
1842 4081 2102 4153 depressa

520 4166 878 4237 adimpletur,
902 4169 1291 4239 mentiumque
1319 4171 1629 4241 supercilio
1648 4173 1787 4227 elata
1824 4174 2098 4242 nequissi-

521 4273 735 4315 morum
746 4259 1047 4330 spirituum
1065 4263 1331 4331 potentia,
1344 4263 2096 4333 deprimiturachumiliatur.

480 4358 484 4362 ‘
587 4347 675 4403 54.
699 4348 915 4419 Aspera
936 4348 1083 4422 (quae
1112 4349 1317 4407 invitos
1341 4361 1539 4422 petunt
1561 4351 1817 4409 violenta:
1847 4353 2101 4409 tentatid-

518 4435 637 4509 nes)
670 4440 905 4493 eruntin
930 4440 1044 4494 aias
1068 4438 1264 4510 planas
1284 4443 1358 4511 ⁶⁰;
1388 4451 1521 4499 tunc
1546 4444 1803 4510 maxime,
1829 4460 1953 4500 cum
1979 4446 2097 4503 ani-

517 4544 643 4584 mus
667 4529 915 4600 gaudens
934 4538 993 4585 et
1013 4531 1204 4586 laetans
1232 4532 1288 4588 in
1312 4521 1728 4592 inﬁrmitatibus
1754 4547 1811 4592 et
1834 4539 2098 4594 utrumuis

464 4650 472 4661 ο
515 4628 573 4674 et
615 4620 1039 4678 necessitatibus
1079 4623 1186 4679 sibi
1222 4625 1521 4695 placuerit;
1561 4627 1655 4698 qui
1696 4628 1959 4684 nimirum
1997 4645 2099 4700 per

516 4710 921 4767 involuntarios
950 4711 1199 4782 labores,
1232 4716 1668 4772 voluntariorum
1704 4719 1999 4775 affectuum
2032 4735 2098 4777 ac

515 4800 812 4855 libidinum
846 4817 1068 4858 omnem
1100 4819 1133 4859 a
1169 4820 1228 4861 se
1263 4807 1565 4877 potentiam
1601 4808 1837 4865 auferat.
1870 4812 2099 4868 Vocavit

513 4892 663 4947 enim
689 4910 906 4965 asperas
934 4894 1014 4967 (id
1038 4905 1142 4961 est,
1167 4897 1306 4969 vias)
1333 4912 1428 4953 eas
1455 4900 1787 4956 tentationes
1812 4886 1941 4972 quas
1961 4903 2102 4959 invi-

517 4983 587 5036 tis
618 4982 894 5051 accidunt,
924 4984 1093 5056 inque
1125 4985 1242 5042 vias
1274 4987 1488 5057 planas.
1518 4990 1723 5061 gratias
1758 4993 1970 5063 agendo
2000 5011 2100 5066 per

513 5072 855 5146 patientiam.
883 5085 1187 5145 mutantur.

584 5166 672 5221 55.
703 5167 823 5234 Qui.
845 5184 991 5226 verat
1025 5170 1155 5226 vitae
1187 5172 1466 5228 desiderio
1509 5181 1749 5243 tenetur,
1782 5194 1947 5248 quem
1987 5196 2096 5236 non

513 5255 679 5312 lateat
713 5258 961 5316 laborem
984 5277 1246 5335 omnem,
1277 5264 1394 5319 sive
1439 5265 1487 5321 is
1522 5274 1717 5336 sponte
1754 5276 2090 5338 assumptus,

513 5348 630 5403 sive
660 5348 942 5409 immissus
966 5352 1039 5409 sit
1062 5362 1226 5425 atque
1253 5355 1525 5421 incussus,
1546 5359 1848 5428 voluptatis
1864 5375 1941 5417 ac
1967 5360 2093 5416 libi-

513 5437 684 5503 dinis,
721 5457 845 5511 quae
890 5445 1088 5499 mortis
1129 5461 1330 5515 parens
1368 5448 1616 5514 exsistat,
1649 5458 1884 5509 mortem
1920 5450 2087 5518 etﬁci;

2211 3261 2442 3317 ἐντολῶν
2468 3259 2605 3313 Θεοῦ
2654 3260 2829 3328 Λόγου
2874 3259 3197 3329 παρουσίας.
3232 3254 3496 3326 πληρωθῇ
3528 3251 3779 3322 γνώσεώς

2209 3377 2268 3413 τε
2296 3358 2390 3411 καὶ
2413 3356 2636 3427 ἀρετῆς,
2668 3354 2848 3407 πάντα
2880 3353 2948 3404 τά
2978 3351 3077 3420 τῆς
3115 3348 3473 3433 ψευδωνύμου
3524 3346 3776 3413 γνώσεως

2210 3448 2305 3501 καὶ
2362 3445 2563 3506 κακίας
2601 3444 2672 3497 τά
2722 3440 3015 3511 πνεύματα
3064 3435 3444 3498 ταπεινοῦται,
3480 3434 3779 3495 πατοῦντος

2209 3537 2349 3591 αὐτά
2374 3535 2472 3588 τοῦ
2513 3534 2688 3602 Λόγου
2740 3532 2835 3586 καὶ
2872 3531 3287 3590 ὐποτάττοντος,
3328 3526 3423 3580 καὶ
3451 3524 3512 3577 τὸ
3553 3522 3776 3594 ἐπαιρό-

2213 3643 2372 3699 μενον
2405 3624 2549 3679 κατὰ
2594 3625 2694 3694 τῆς
2729 3620 3074 3693 ἀνθρωπίνης
3110 3616 3349 3686 φύσεως,
3381 3614 3623 3686 πονηρὸν
3654 3612 3776 3684 κρά-

2206 3735 2298 3781 τος
2335 3715 2788 3776 καταϐάλλοντος,
2821 3713 2915 3766 καὶ
2951 3704 3061 3763 οἷον
3088 3707 3150 3760 τὸ
3182 3706 3413 3778 μέγεθος
3442 3705 3538 3758 καὶ
3565 3706 3629 3758 τὸ
3651 3703 3775 3772 ὕψος

2205 3810 2316 3864 τῶν
2342 3808 2516 3880 ὀρέων
2555 3806 2649 3861 καὶ
2670 3803 2780 3858 τῶν
2809 3800 3012 3874 βουνῶν
3043 3800 3550 3860 κατασκάπτοντος’
3584 3796 3679 3849 καὶ
3700 3794 3777 3855 είς

2207 3902 2304 3972 τὴν
2331 3900 2442 3953 τῶν
2476 3897 2779 3968 φαράγγων
2815 3893 3043 3962 ἀγοντος
3076 3891 3381 3960 πλήρωσιν.
3419 3888 3485 3940 Ἦ
3514 3885 3623 3956 γὰρ
3674 3885 3774 3937 τῶν

2206 3993 2360 4064 παρά
2398 3990 2560 4061 φύσιν
2612 3986 2852 4056 ἀποϐολὴ
2887 3982 3108 4069 παθῶν,
3136 3981 3230 4033 καὶ
3265 3982 3299 4048 ἠ
3349 3976 3460 4069 τῶν
3498 3972 3774 4069 καταφύ-

2206 4100 2288 4136 σιν
2316 4079 2528 4152 ἀρετῶν
2544 4075 2793 4147 ἐπιῦολὴ,
2824 4074 2925 4145 τὴν
2943 4065 3406 4142 φαραγγωθείσαν
3431 4065 3613 4141 ψυχὴν
3643 4066 3772 4118 ἀναο

2203 4173 2431 4245 πληροῖ,
2483 4171 2577 4224 καὶ
2623 4168 2725 4240 τὴν
2772 4165 3094 4238 ὀρινομένην
3142 4159 3251 4237 τῶν
3300 4159 3554 4229 πονηρῶν
3618 4173 3775 4211 msu-

2206 4265 2391 4338 μάτων
2422 4262 2672 4316 ταπεινοῖ
2703 4258 3048 4313 δυναστείαν.

2274 4358 2369 4419 νδ’.
2400 4360 2470 4410 Al
2527 4352 2795 4423 τραχεῖαι
2856 4351 3177 4422 (τουτέστιν,
3235 4349 3292 4402 αἱ
3341 4345 3449 4400 τῶν
3506 4342 3773 4399 ἀκουσίων

2205 4447 2527 4522 πειρασμῶν
2577 4443 2854 4515 ἐπιφοραὶ)
2917 4443 3163 4496 ἔσονται
3214 4443 3301 4506 εἰς
3355 4436 3535 4503 ὀδοὺς
3583 4435 3773 4497 λείας,

2200 4542 2330 4596 ὅταν
2365 4538 2600 4610 μάλιστα
2632 4537 2839 4607 χαίρων
2870 4535 2964 4587 καὶ
3001 4531 3426 4603 εὐφραινόμενος
3473 4529 3501 4580 ὁ
3541 4523 3688 4589 νοῦς.
3716 4525 3772 4574 ὲν

2202 4630 2511 4692 ἀσθενείαις
2529 4627 2735 4699 εὐδοκῇ.
2753 4624 2849 4689 καὶ
2873 4622 3084 4693 θλίψεσι
3113 4623 3209 4691 καὶ.
3238 4621 3528 4690 ἀνάγκαις,
3550 4617 3647 4671 διά
3668 4615 3771 4668 τῶν

2202 4720 2472 4777 ἀκουσίων
2531 4719 2729 4782 πόνων,
2783 4716 2883 4787 τὴν
2925 4702 3058 4783 ’ὃλην
3112 4712 3221 4766 τῶν
3268 4709 3532 4765 ἑκουσίων
3586 4705 3770 4759 παθῶν

2203 4809 2606 4880 ἀφαιρούμενος
2657 4805 2997 4860 δυναστείαν.
3044 4802 3321 4875 Τραχείας
3368 4799 3478 4871 γὰρ
3511 4797 3764 4867 κέκληκε,

2200 4902 2301 4966 τὰς
2323 4901 2431 4955 τῶν
2463 4898 2736 4954 ἀκουσίων
2771 4895 3095 4968 πειρασμῶν
3125 4892 3449 4963 συμϐάσεις,
3502 4892 3583 4953 εἰς
3619 4887 3767 4947 ὀδοὺς

2197 4993 2349 5057 λείας
2380 4992 2481 5047 διὰ.
2497 4992 2596 5061 τῆς
2622 4989 2765 5043 κατά
2792 4989 2890 5059 τὴν
2915 4986 3267 5059 εὐχαριστίαν
3299 4981 3578 5054 ὑπομονῆς
3609 4993 3767 5051 μετα-

2198 5098 2528 5144 πιπτουσας.

2188 5174 2197 5185 “
2265 5178 2359 5226 νε’.
2395 5172 2455 5224 '0
2506 5170 2606 5241 τῆς
2658 5169 2917 5240 ἀληθινῆς
2947 5168 3236 5238 ἐφιέμενος
3267 5165 3433 5234 ζωῆς,
3481 5160 3643 5231 γνοὺς
3687 5158 3761 5211 ὅτι

2196 5265 2307 5328 πᾶς
2337 5262 2520 5325 πόνος,
2546 5262 2653 5315 είτε
2680 5260 2944 5323 ἑκούσιος,
2976 5260 3086 5313 εἴτε
3114 5257 3393 5320 ἀκούσιος,
3421 5255 3519 5326 τῆς
3549 5251 3640 5307 τοῦ
3673 5250 3760 5303 θατ-

2200 5356 2363 5413 νάτου
2393 5355 2597 5426 μητρὸς
2620 5353 2815 5424 ἡδονῆς
2846 5351 3019 5424 [Regii
3054 5351 3158 5405 duo
3183 5345 3403 5421 ὀδύνης]
3432 5346 3644 5415 γίνεται
3669 5340 3757 5395 θά-

2200 5464 2380 5511 νατος,
2416 5445 2728 5509 πάσαςτάς
2775 5443 3037 5515 τραχείας
3062 5445 3077 5462 ‘
3125 5442 3236 5494 τῶν
3270 5438 3545 5495 ἀκουσίων
3574 5447 3758 5505 usrpa-

585 5573 629 5602 ἐ
661 5570 799 5649 Gen.
836 5588 965 5640 xm,
1004 5576 1030 5630 i
1064 5591 1220 5647 seqq.
1295 5577 1340 5609 ⁵⁷
1374 5577 1394 5631 l
1426 5576 1622 5634 Thess.
1655 5594 1714 5643 ιι,
1746 5577 1799 5631 5.
1876 5578 1921 5611 ⁸⁸
1949 5578 2050 5635 isa-
2084 5593 2110 5632 Σ

2211 5576 2250 5631 5.
2329 5577 2374 5609 ⁵³
2410 5575 2548 5632 ibid.
2578 5576 2647 5643 ις
2679 5574 2813 5630 Luc.
2850 5589 2931 5638 ut.
2962 5572 3015 5628 5.
3093 5572 3139 5604 ⁶⁹
3172 5569 3308 5625 ibid.

587 5708 601 5721 '
635 5704 773 5763 .tlai:
811 5707 971 5771 edita,
1009 5710 1196 5778 χρείας
1227 5730 1327 5766 ιιρί·
1358 5712 1496 5767 bene
1531 5713 1711 5777 Picus,
1751 5714 1921 5768 utiles.
