4122 6320
314 402 445 475 1241

978 403 1314 467 CAPITUM
1351 403 1779 483 QUlNQUIES
1812 402 2334 473 GENTENORUM
2369 403 2760 483 eumnam
2796 405 2875 464 ιι.

3437 400 3574 471 ιειε

311 517 464 591 api»!
499 512 789 585 ἐπιφορὰς,
821 511 1034 578 δέξεται
1085 515 1208 582 μετ’
1259 514 1875 595 εὐφροσύνηςὶχαύίρων.

1990 528 2213 582 asperas
2256 527 2479 577 omnes,
2523 510 2893 568 tentationum
2936 509 3141 573 invitos
3180 509 3570 585 excipientium

307 609 397 666 διὰ
432 607 534 677 τῆς
557 602 856 675 ὑπομονῆς,
885 603 1042 667 ὀδοὺς
1068 605 1331 675 εὐμαρεῖς
1373 623 1434 665 τε
1466 606 1559 659 καὶ⁸
1584 606 1752 671 λείας,
1785 604 1885 669 τὰς

309 694 527 767 θλίψεις,
548 693 892 763 ποιούμενος,
950 692 1047 746 καὶ
1081 691 1217 762 πρὸς
1257 693 1320 746 τὸ
1352 692 1607 765 βραϐεῖον
1636 693 1736 765 τῆς
1770 694 1886 755 ἅνω

309 786 558 857 κλήσεως
590 772 848 846 ἀπλανῶς
879 785 1360 856 παραπεμπούσας
1407 786 1591 851 αὐτὸν,
1642 786 1888 852 εὐσεϐῶς

309 878 367 932 ὲν
418 875 611 939 αὐταῖς
661 874 753 933 τὸν
790 875 928 929 θεῖον
967 876 1168 947 δρόμον
1218 876 1563 947 ποιούμενον.
1612 877 1722 931 Καὶ
1755 879 1886 948 γὰρ,

307 966 405 1020 τοῦ
434 965 532 1035 μὲν
567 962 800 1019 θανάτου
853 967 1037 1037 μήτηρ
1068 966 1216 1020 ἐστὶν
1244 969 1276 1038 ἠ
1309 967 1468 1038 ήδονή
1496 984 1509 998 ⁸
1555 968 1657 1036 τῆς
1691 969 1888 1039 ἡδονῆς

307 1057 364 1113 δὲ
403 1057 630 1119 θάνατός
655 1044 827 1123 ἐστιν,
851 1060 878 1110 6
914 1058 1075 1123 πόνος
1098 1072 1112 1086 ⁸
1148 1058 1176 1112 ὃ
1209 1060 1703 1132 τεπροαιρετικὸς,
1734 1059 1830 1114 καὶ
1858 1061 1888 1114 6

311 1150 463 1222 παρά
483 1148 840 1230 προαίρεσιν.

382 1329 490 1390 νς¹.
521 1327 647 1390 Πᾶς
666 1324 953 1398 τοιγαροῦν
984 1327 1012 1380 6
1055 1325 1155 1399 τὴν
1183 1326 1536 1382 πολυέλικτόν
1560 1344 1620 1382 τε
1656 1327 1752 1386 καὶ
1786 1345 1887 1381 ποε

309 1413 580 1470 λύπλοκον
636 1415 849 1487 ἡδονὴν,
907 1417 1002 1469 καὶ
1050 1410 1219 1471 πᾶσιν
1265 1416 1400 1487 ὁμοῦ
1447 1418 1560 1482 τοῖς
1608 1418 1888 1489 αἰσθητοῖς

226 1554 249 1567 ,
312 1500 671 1575 πολυτρόπως
712 1504 1214 1578 συμπεπλεγμένην
1243 1509 1310 1577 τῇ
1356 1508 1655 1579 ἐγκρατείᾳ
1705 1507 1888 1565 διαλύ-

311 1612 430 1660 σας,
456 1595 526 1649 τά
552 1595 740 1649 σκολιά
783 1597 865 1661 είς
907 1595 1124 1659 εὐθείας
1153 1597 1379 1667 ἐποίησε
1400 1615 1412 1625 ·
1466 1599 1559 1652 καὶ
1582 1600 1611 1651 6
1629 1598 1728 1670 τὴν
1760 1598 1889 1655 δύστ

1990 604 2414 674 impressiones,
2453 620 2579 658 cum
2623 603 2815 659 laetitia
2861 604 3105 673 gaudens
3144 603 3438 673 suscipiet,
3478 602 3575 675 qui

1989 696 2203 751 scilicet
2252 711 2352 765 per
2405 696 2763 765 patientiam,
2810 695 2930 749 vias
2986 694 3178 751 faciles
3235 694 3573 765 planasque,

1988 801 2261 843 aerumnas
2306 784 2533 853 efﬁciat,
2577 801 2643 841 ac
2689 801 2812 855 quae
2860 787 2928 843 ad
2975 801 3229 856 supernae
3270 788 3577 845 vocationis

1989 878 2226 953 palmam
2249 879 2318 943 “,
2353 878 2537 953 piein
2582 877 2664 933 eis
2702 877 2954 933 divinum
2992 877 3286 935 facientem
3326 895 3566 947 cursum,

1991 979 2109 1027 tuto
2144 972 2341 1027 itinere
2378 973 2769 1029 transmittant.
2800 973 2937 1028 Nam
2977 974 3174 1030 mortis
3211 975 3435 1045 quidem
3477 990 3575 1044 pa-

1989 1076 2137 1125 rens,
2164 1062 2416 1131 voluptas
2447 1069 2532 1133 est
2557 1077 2623 1117 ac
2650 1062 2853 1130 libido;
2883 1064 3185 1134 voluptatis
3214 1074 3396 1119 autem
3424 1078 3577 1121 mors

1989 1168 2053 1207 ac
2078 1152 2345 1216 libidinis,
2364 1152 2539 1217 labor,
2562 1163 2677 1208 tum
2701 1155 2796 1224 qui
2822 1172 3094 1226 propensa
3118 1158 3400 1211 voluntate
3422 1171 3578 1213 assua-

1990 1244 2180 1307 mitur,
2206 1251 2317 1297 tum
2348 1243 2439 1312 qui
2466 1244 2518 1297 vi
2548 1245 2727 1299 aliena
2761 1245 3016 1302 infertur.

2059 1334 2146 1390 56.
2175 1333 2419 1404 Quisque
2448 1333 2615 1404 igitur
2639 1337 2827 1392 multis
2853 1338 3577 1408 voluminibuspenplexam

1990 1425 2421 1495 implicitamque
2445 1429 2782 1499 voluptatem
2811 1444 2907 1484 seu
2932 1430 3241 1494 libidinem,
3263 1445 3330 1484 ac
3357 1428 3577 1484 cunctis

1989 1517 2198 1588 pariter
2234 1519 2398 1574 rebus
2434 1535 2556 1589 quae
2597 1521 2655 1574 in
2699 1536 2923 1576 sensum
2967 1521 3176 1576 cadunt
3215 1520 3575 1577 multifariam

1988 1611 2366 1680 complicatam
2423 1620 2587 1682 atque
2639 1613 2976 1677 haerentem,
3026 1628 3127 1682 per
3177 1613 3574 1668 continentiam

309 1684 469 1740 δατον
501 1687 609 1739 καὶ.
644 1687 899 1761 τραχεῖαν
944 1686 1052 1742 τῶν
1102 1688 1282 1747 πόνων
1333 1689 1601 1761 ἐπιφορὰν
1645 1689 1714 1747 δι’
1758 1688 1875 1743 ὐπο-

1989 1700 2269 1771 dissolvit,
2301 1718 2467 1771 prava
2514 1704 2572 1758 in
2610 1703 2730 1758 vias
2766 1712 2949 1759 rectas
2990 1702 3150 1771 fecit;
3193 1704 3398 1776 quique
3437 1703 3574 1759 adeo

312 1776 479 1851 μονῆς
528 1776 798 1846 πατήσας,
845 1777 946 1841 τὰς
990 1779 1252 1849 τραχείας
1300 1779 1561 1850 ἐποίησεν
1613 1781 1696 1843 είς
1733 1780 1875 1849 ὁδοὺς

1988 1791 2244 1859 arduam,
2277 1807 2638 1862 asperamque
2668 1809 2737 1849 ac
2765 1794 3017 1849 scabram
3049 1795 3302 1851 laborum
3337 1794 3573 1864 impres-

306 1844 476 1957 λείαςἶ
500 1844 669 1957 Ὅθεν
695 1865 885 1957 ὥσπερ
939 1844 1171 1953 ἔπαθλον
1204 1870 1405 1942 ἀρετῆς
1436 1844 1529 1927 καὶ
1581 1869 1692 1951 τῶν
1743 1844 1875 1943 ὑπὲρ

2231 1844 2244 1859 ,
2286 1844 2363 1862 κη,
2387 1844 2633 1862 ,γὼ-τη
2669 1844 2732 1849 η
2766 1844 3017 1849 _-_‘_____
3052 1844 3302 1851 ___-_____
3337 1844 3538 1864 πρ--

1986 1884 2200 1939 sionem
2228 1899 2325 1954 per
2350 1885 2676 1955 patientiam
2707 1886 2960 1952 calcavit,
2985 1902 3210 1957 asperas
3234 1886 3292 1940 in
3314 1886 3432 1940 vias
3458 1886 3574 1955 pla-

306 1951 476 2031 αὐτῆς
504 1951 788 2024 καμάτων,
811 1949 901 2011 οἷα
926 1948 1107 2022 καλῶς
1131 1974 1191 2010 τε
1219 1958 1315 2012 καὶ
1339 1959 1589 2030 νομίμως
1614 1948 1880 2030 ἀθλήσας,

306 2044 403 2099 καὶ
459 2045 558 2116 τὴν
595 2038 1050 2119 ήδονὴνλνικήσας
1087 2047 1164 2119 τῷ
1217 2047 1369 2120 πόθῳ
1395 2048 1496 2119 τῆς
1524 2049 1746 2120 ἀρετῆς,
1790 2049 1883 2111 καὶ

300 2134 401 2208 τὴν
432 2134 624 2206 ὀδύνην
656 2138 908 2209 πατήσας
941 2137 1020 2208 τῷ
1058 2141 1155 2209 τῆς
1186 2138 1444 2207 γνώσεως
1472 2138 1656 2210 ἔρωτι,
1689 2140 1785 2193 καὶ
1812 2139 1881 2194 δι’

303 2228 630 2300 ἀμφοτέρων
661 2228 926 2297 γενναίως
953 2231 1080 2295 τοὺς
1111 2231 1287 2295 θείους
1324 2230 1610 2301 διενέγκας
1639 2230 1878 2301 ἀγῶνας,

308 2318 571 2386 Ὄψεται,
610 2317 750 2372 κατά
789 2319 850 2372 τὸ
891 2320 1300 2392 γεγραμμένον,
1334 2319 1403 2374 τὸ
1445 2321 1745 2391 σωτήριον
1771 2322 1881 2377 τοῦ

305 2407 475 2463 Θεοῦ.

370 2579 468 2646 νζ.
505 2581 565 2635 Ὅ
591 2581 691 2654 τὴν
720 2582 922 2654 ἀρετὴν
950 2582 1202 2653 ἀγαπῶν,
1232 2586 1332 2657 τὴν
1360 2585 1470 2640 τῶν
1494 2585 1698 2658 ἡδονῶν
1723 2587 1879 2639 ἐκου-

300 2671 431 2736 σίως
461 2673 825 2743 ἀπομαραίνει
857 2675 1088 2746 κάμινον
1111 2692 1126 2707 ο
1158 2677 1187 2730 6
1213 2676 1270 2730 δὲ
1297 2680 1364 2748 τῇ
1394 2676 1593 2746 γνώσει
1618 2677 1721 2747 τῆς
1745 2676 1880 2747 ἀλη-

303 2763 455 2826 θείας
486 2750 871 2834 πεποιωμένος
902 2767 920 2789 ⁶
947 2765 1040 2819 τὸν
1073 2765 1220 2831 νοῦν,
1248 2767 1529 2832 ἀκουσίοις
1557 2767 1659 2821 οὐκ
1684 2767 1877 2838 ἐπέχε-

297 2872 389 2911 ται
417 2856 623 2920 πόνοις,
655 2855 758 2926 τῆς
786 2856 927 2910 κατά
958 2857 1059 2927 τὴν
1098 2856 1285 2926 ἔφεσιν
1324 2858 1462 2929 πρὸς
1485 2858 1579 2913 τὸν
1608 2858 1742 2912 Θεὸν
1781 2870 1879 2930 (ps;

299 2947 500 3021 ρούσης
539 2948 898 3018 ἀεικινησίας.
1542 2954 1555 2963 ‘

367 3038 472 3110 νη⁹.
510 3028 591 3094 ⁹0’
619 3040 691 3095 τὰ
748 3040 938 3095 σκολιά
977 3039 1088 3095 τῶν
1145 3041 1411 3095 ἑκουσίων
1449 3040 1661 3106 παθῶν,
1707 3042 1877 3113 ήγουν

1983 1990 2083 2030 nas
2113 1974 2265 2039 fecit.
2295 1975 2506 2033 Idcirco
2536 1983 2798 2046 tanquam
2828 1978 3050 2033 virtutis
3080 1978 3391 2047 praemium,
3422 1976 3574 2048 ejus-

1982 2053 2089 2138 que
2121 2082 2284 2122 causa
2317 2075 2706 2139 susceptorum
2737 2083 2834 2123 seu
2860 2069 3263 2125 exantlatorum
3293 2058 3569 2131 laborum,

1979 2156 2134 2212 velut
2175 2157 2269 2226 qui
2319 2157 2425 2212 rite
2474 2158 2831 2230 legitimeque
2875 2158 3200 2221 certaverit,
3239 2158 3572 2227 virtutisque

1981 2244 2259 2301 desiderio
2301 2247 2639 2317 voluptatem
2692 2264 2763 2304 ac
2802 2248 3091 2304 libidinem
3137 2248 3366 2314 vicerit,
3403 2256 3571 2317 atque

1978 2339 2225 2403 scientiae
2254 2354 2439 2394 amore
2471 2338 2720 2395 dolorem
2753 2340 3099 2406 calcaverit;
3141 2354 3363 2395 necnon
3399 2338 3568 2395 utris-

1978 2444 2087 2499 que
2109 2429 2294 2487 divina
2311 2430 2616 2486 certamina
2637 2438 2865 2486 strenue
2888 2431 3143 2502 gesserit,
3158 2428 3422 2485 Salutare
3444 2427 3568 2494 Dei,

1978 2520 2123 2574 sicut
2150 2520 2419 2589 scriptum
2450 2528 2556 2584 est,
2585 2521 2777 2576 videbit
2795 2522 2864 2576 θ’.

2048 2611 2136 2666 57.
2162 2610 2267 2677 Qui
2292 2610 2555 2669 virtutem
2583 2611 2783 2684 diligit,
2805 2613 3150 2682 voluptatum
3174 2621 3370 2683 sponte
3398 2610 3570 2666 cami-

1978 2715 2111 2759 num
2142 2688 2435 2772 restinguit
2462 2721 2473 2756 :
2502 2702 2598 2772 qui
2623 2718 2755 2759 vero
2777 2703 3026 2759 veritatis
3056 2703 3292 2759 scientia
3321 2711 3563 2758 mentem

1980 2779 2201 2854 imbuit.
2228 2794 2371 2848 nihil
2407 2792 2571 2866 548
2598 2794 2859 2851 violentis
2888 2795 3175 2851 laboribus
3207 2794 3568 2860 inbibetur,a

1974 2882 2090 2953 jugi
2115 2882 2171 2943 in
2199 2883 2370 2939 Deum
2401 2870 2719 2954 cupiditatis
2747 2893 2926 2941 motu.

2051 3059 2138 3116 58.
2164 3054 2269 3127 Qui
2304 3076 2475 3131 prava
2506 3044 2944 3117 voluntariorum
2984 3060 3244 3116 affectum
3277 3074 3344 3115 ac
3374 3057 3563 3113 libidi-

298 3131 399 3203 τῆς
431 3130 629 3202 ἡδονῆς
673 3130 740 3185 τά
783 3131 1062 3202 κινήματα
1091 3132 1180 3185 διά
1224 3133 1323 3204 τῆς
1350 3132 1871 3206 ὲγκρατείαςὲύθύέ

1979 3169 2111 3207 num
2162 3130 2383 3224 (nempe
2425 3152 2725 3223 voluptatis
2769 3154 2975 3221 motus)
3020 3167 3120 3222 per
3164 3150 3565 3220 continentiam

297 3238 417 3287 νας,
450 3222 547 3275 καὶ
594 3219 694 3284 τὰς
736 3221 1018 3293 τραχείας,
1064 3221 1177 3276 τῶν
1231 3223 1505 3279 ἀκουσίων
1549 3222 1875 3297 πειρασμῶν

1978 3242 2275 3308 direxerit;
2345 3257 2681 3311 asperasque
2747 3242 3117 3297 violentarum
3187 3242 3562 3299 tentationum

300 3313 610 3383 συμφορὰς,
661 3312 831 3382 ἦγουν
872 3313 1000 3374 τοὺς
1029 3312 1268 3383 τρόπους
1297 3313 1399 3383 τῆς
1427 3314 1623 3383 ὀδύνης
1658 3314 1747 3368 διά
1776 3317 1877 3388 τῆς

299 3402 580 3472 ὑπομονῆς
602 3401 890 3472 δμαλίσας,
923 3403 1019 3456 καὶ
1044 3405 1122 3466 είς
1144 3402 1299 3466 ὀδοὺς
1323 3402 1472 3467 λείας
1501 3407 1870 3477 καταστήσας·

295 3494 327 3549 6
357 3492 601 3557 τοιοῦτος
625 3495 848 3558 είκότως
881 3494 1091 3562 ὄψεται
1118 3495 1185 3549 τὸ
1221 3495 1522 3564 σωτήριον
1546 3496 1655 3551 τοῦ
1697 3495 1870 3563 Θεοῦ,

298 3582 537 3654 καθαρὸς
561 3585 625 3653 τῇ
654 3582 853 3654 καρδίᾳ
882 3584 1196 3655 γενόμενος’
1239 3583 1360 3637 καθ’
1399 3585 1467 3656 ἥν
1499 3585 1586 3639 διὰ
1612 3585 1720 3640 τῶν
1751 3587 1875 3658 ἀρε-

297 3672 409 3726 τῶν
456 3675 551 3726 καὶ
601 3673 711 3726 τῶν
737 3673 979 3726 εὐσεδῶν
1013 3672 1412 3744 θεωρημάτων,
1448 3677 1568 3746 ὁρᾷ
1596 3676 1691 3729 τὸν
1738 3673 1881 3730 Θεδν.

296 3765 391 3818 ἐπὶ
419 3764 563 3819 τέλει
595 3765 702 3818 τῶν
730 3764 928 3831 ἄθλων,
961 3764 1106 3818 κατά
1144 3764 1227 3830 τὸ,
1258 3764 1555 3834 Μακάριοι
1588 3767 1644 3819 οί
1687 3768 1861 3821 καθα-

290 3856 389 3925 pol
423 3855 499 3925 τῇ
538 3855 768 3925 καρδίᾳ,
792 3856 886 3923 ,ὅτι
916 3855 1085 3911 αὐτοὶ
1112 3853 1218 3909 τὸν
1256 3855 1406 3909 Θεὸν
1439 3855 1722 3924 ὄψον-ταν
1760 3857 1871 3911 τῶν

296 3946 439 4018 ὑπὲρ
467 3945 668 4018 ἀρετῆς
700 3948 899 4012 πόνων,
931 3946 1035 4016 τῆς
1081 3945 1352 4009 ἀπαθείας
1399 3947 1501 4017 τὴν
1529 3946 1692 4018 χάριν
1721 3950 1870 4001 ἀντι-

293 4037 497 4102 λαϐὼν,
530 4033 599 4110 ἧς
657 4038 809 4092 οὐδὲν
858 4038 1024 4091 πλέον
1065 4037 1158 4090 τὸν
1214 4036 1349 4091 Θεὸν
1404 4039 1698 4108 ἐμφανίζει
1757 4040 1870 4105 τοῖς

294 4130 503 4202 έχουσι.
548 4200 557 4205 _
1704 4156 1707 4157 ν

365 4221 463 4276 νθν.
493 4222 747 4285 Λάκκους
772 4220 931 4274 καλεῖ
955 4223 988 4292 ή
1018 4221 1212 4294 Γραφή
1245 4218 1328 4292 (ί),
1353 4220 1453 4284 τάς
1479 4220 1743 4298 δεκτικὰς,
1761 4220 1870 4276 τῶν

291 4314 561 4384 οὐρανίων
587 4314 942 4384 χαρισμάτων
971 4312 1073 4382 τῆς
1111 4313 1275 4380 ἀγίας
1302 4311 1559 4381 γνώσεως
1615 4313 1867 4387 καρδίας,

292 4403 711 4474 λατομουμένας
755 4404 834 4475 τῷ
871 4404 1097 4485 στερρῷ,
1141 4405 1287 4485 λόγῳ
1334 4407 1444 4460 τῶν
1492 4406 1745 4479 ἐντολῶν,
1774 4408 1870 4461 καὶ

1976 3333 2317 3390 calamitates
2355 3333 2582 3403 (doloris
2615 3334 2830 3388 scilicet
2863 3334 3076 3405 modos)
3113 3349 3212 3405 per
3242 3333 3564 3404 patientiam

1973 3424 2294 3493 aequaverit,
2324 3433 2381 3479 et
2423 3423 2481 3478 in
2520 3423 2641 3479 vias
2677 3418 2870 3493 planas
2905 3424 3132 3492 fecerit;
3178 3425 3301 3480 talis
3341 3425 3561 3489 merito,

1973 3515 2069 3585 qui
2102 3514 2309 3569 mundo
2341 3513 2509 3568 corde
2542 3513 2772 3591 effectus
2805 3515 2909 3580 sit,
2931 3514 3186 3575 Salutare
3213 3515 3313 3570 Dei
3342 3514 3563 3581 uidebit;

1972 3620 2083 3676 quo
2118 3604 2345 3675 (mundo
2373 3603 2558 3675 corde)
2594 3620 2693 3675 per
2721 3607 2954 3662 virtutes
2987 3623 3055 3662 ac
3086 3607 3205 3677 pias
3239 3607 3564 3663 considera-

1974 3694 2171 3758 tiones,
2194 3695 2367 3748 Deum
2394 3694 2544 3748 videt
2569 3696 2621 3747 in
2651 3693 2758 3750 fine
2788 3697 3172 3764 certaminum,
3188 3699 3345 3767 juxta
3377 3695 3560 3751 illud:

1970 3783 2126 3840 Beati
2159 3785 2355 3839 mundo
2384 3784 2566 3847 corde,
2600 3788 2855 3856 quoniam
2887 3789 2989 3857 ipsi
3019 3787 3186 3850 Deum,
3217 3788 3461 3843 videbunt
3485 3788 3561 3855 ‘3;

1972 3891 2074 3947 pro
2108 3875 2394 3929 laboribus
2424 3874 2626 3944 quibus
2654 3875 2876 3932 virtutis
2909 3893 3071 3932 causa
3105 3877 3425 3947 perfunctus
3457 3890 3560 3941 est.

1971 3966 2481 4036 imperturbationis
2516 3982 2717 4022 munus
2743 3976 3105 4034 consecutus;
3134 3984 3242 4037 qua
3272 3967 3413 4023 nihil
3442 3982 3565 4023 ma-

1970 4062 2051 4135 gis
2074 4063 2247 4118 Deum
2272 4062 2607 4131 manifestat,
2634 4063 2722 4130 iis,
2745 4064 2840 4135 qui
2865 4065 2958 4120 illa
2981 4063 3193 4135 praediti
3219 4063 3350 4119 sint.

1990 4230 1993 4233 ’
2040 4235 2128 4293 b9.
2166 4234 2444 4293 Cisternas
2484 4246 2642 4293 vocat
2683 4238 2998 4310 Scriptura,
3036 4238 3203 4298 corda
3250 4235 3559 4293 caelestium

1970 4337 2173 4383 sanctae
2209 4328 2452 4383 scientia:
2485 4329 2756 4383 donorum
2794 4330 3045 4400 capacia,
3071 4329 3237 4384 solito
3273 4327 3559 4382 mandato-

1971 4434 2094 4477 rum
2117 4432 2372 4473 sermone
2399 4420 2602 4482 excisa,
2622 4419 2883 4489 velutque
2907 4420 3137 4477 callosas
3163 4418 3414 4478 durities,
3433 4430 3561 4487 pro-

295 4496 738 4568 ἀποϐαλλομένας
768 4497 1023 4567 καθάπερ
1053 4496 1396 4569 πωρώματα,
1426 4500 1525 4570 τήν
1547 4516 1607 4551 τε
1638 4500 1774 4571 πρὸς
1799 4499 1868 4554 τά

1978 4509 2255 4564 cliviorem
2285 4509 2343 4564 in
2372 4510 2500 4565 vitia
2530 4511 2871 4581 aﬂcctusque
2904 4512 3189 4566 libidinem
3224 4508 3558 4578 respuentia,

293 4587 442 4659 πάθη
469 4588 803 4659 φιληδονίαν,
839 4591 934 4644 καὶ
963 4590 1063 4659 τήν
1093 4589 1229 4661 πρὸς
1253 4590 1320 4643 τὰ
1346 4590 1587 4661 αἰσθητά
1616 4592 1715 4661 τῆς
1764 4591 1867 4661 φύ-

295 4698 434 4746 σεως
466 4681 672 4753 σχέσιν,
703 4682 799 4736 καὶ
823 4682 1210 4753 πληρουμένας
1239 4682 1339 4752 τῆς
1366 4681 1575 4736 ἄνωθεν
1629 4683 1873 4755 φερομέ-

293 4788 392 4842 νης
458 4771 732 4842 ῥυπτικῆς
794 4789 854 4825 τε
907 4772 1017 4828 τῶν
1050 4771 1262 4835 παθῶν,
1318 4772 1413 4826 καὶ
1470 4771 1874 4846 ζωοποιητικῆς

294 4862 390 4915 καὶ
416 4858 527 4917 οἷον
564 4860 867 4935 θρεπτικῆς
916 4862 1027 4914 τῶν
1069 4861 1282 4931 ἀρετῶν
1316 4861 1375 4913 ὲν
1406 4859 1702 4933 πνεύματι,
1739 4860 1875 4931 γνὼ-

294 4968 453 5017 σεως.

362 5092 406 5123 ⁶¹
436 5089 674 5160 Philipp.
702 5104 781 5152 ιιι,
816 5088 903 5144 14.
978 5087 1024 5118 θ’
1053 5089 1156 5148 13th
1187 5104 1274 5152 XL,
1309 5088 1364 5143 ὅ.
1441 5088 1488 5120 ⁶³
1511 5088 1703 5148 Matth.
1731 5106 1785 5155 ν,
1812 5092 1866 5147 ὅ.

356 5192 378 5248 Ὶ⁶
401 5227 538 5285 Male
558 5225 707 5282 edita
727 5240 991 5295 πεποιημ.

365 5344 427 5416 (i)
459 5342 739 5416 Λάκκρυς
765 5339 938 5397 καλεῖ
967 5340 1006 5416 ἡ
1290 5338 1468 5416 Lacus
1496 5355 1559 5416 a_c
1591 5340 1863 5399 cisternas

290 5409 560 5486 βιρὶθεβιι
618 5411 927 5486 Scriptura.
983 5409 1360 5486 intellexitque
1398 5409 1707 5476 Maximus;
1744 5426 1862 5486 pec

291 5478 436 5540 bene
479 5483 644 5538 Picus
669 5478 854 5550 puteis
877 5479 1130 5550 mutavit.
1185 5478 1393 5550 Puteus
1451 5490 1705 5550 namque
1741 5479 1863 5550 ipse

294 5498 436 5540 bene
481 5498 644 5538 PIC‘IS
709 5498 854 5535 utens
877 5498 1130 5535 mutant.
1188 5498 1393 5534 ruteus
1451 5498 1689 5550 namque
1741 5498 1862 5550 ιρεθ

293 5554 420 5609 fons
445 5560 550 5615 est,
582 5498 704 5606 sedp
710 5551 821 5628 alta
844 5548 1449 5628 scaturigineﬂdumot,
1467 5549 1722 5628 lacus-et
1778 5550 1862 5606 ci-

293 5631 514 5685 sternae,
548 5636 661 5676 non
697 5626 829 5674 sunt
855 5616 1078 5682 tentes;
1108 5632 1213 5673 nec
1246 5618 1359 5673 ullo
1406 5618 1569 5673 latice
1616 5630 1861 5686 manant,

293 5692 392 5749 sed
448 5689 785 5762 pluvialibus
826 5688 988 5762 aq_uis_
1013 5688 1316 5762 replentur.
1373 5686 1491 5762 Qua
1530 5689 1856 5762 metaphora

295 5756 602 5834 φερομένης
624 5758 828 5815 ἀνωθεν
852 5760 949 5828 τῆς
972 5758 1030 5811 ὲν
1054 5756 1320 5827 πνεύματι
1348 5756 1623 5825 γνώσεως,
1644 5756 1863 5817 scientia

1973 4608 2293 4671 natumque
2343 4600 2399 4655 in
2447 4618 2536 4656 res
2581 4603 2765 4657 sensui
2817 4603 3091 4674 subjectas
3143 4601 3489 4671 affectionem
3542 4615 3557 4652 :

1974 4708 2095 4761 quae
2122 4691 2363 4763 denique
2392 4707 2423 4746 e
2457 4694 2711 4762 supernis
2745 4695 2995 4764 cceloque
3029 4693 3285 4747 veniente
3322 4687 3557 4761 spiritali

1979 4782 2209 4841 scicntia
2248 4782 2599 4854 impleantur,
2636 4801 2756 4854 quae
2792 4784 3084 4841 libidinum
3124 4773 3317 4845 sordes
3348 4780 3556 4847 abluat,

1979 4883 2035 4929 et
2059 4873 2298 4929 viviﬁcet
2322 4884 2486 4947 atque
2516 4876 2627 4931 alat
2647 4876 2903 4932 virtutes.

1964 5343 2201 5411 spiritali
2234 5359 2261 5397 ε
2290 5344 2569 5413 supernis,
2607 5357 2634 5413 ε
2675 5340 2812 5413 ~caelo
2847 5342 3106 5413 veniente,
3132 5340 3270 5413 __h_as
3313 5338 3544 5413 mystice

1966 5409 2255 5477 cisternas,
2287 5409 2555 5467 Maximus
2570 5411 2648 5467 ait
2673 5411 2912 5480 impleri.
2934 5413 3004 5465 At
3030 5409 3164 5465 nihil
3194 5409 3335 5464 bene
3364 5409 3548 5480 Picus.

1970 5483 2141 5537 Plena
2180 5490 2307 5537 sunt
2351 5480 2590 5552 spiritali
2615 5479 2836 5552 suum
2860 5481 3123 5552 tendente-
3138 5480 3381 5552 scientia.
3413 5479 3554 5535 Sur-

1967 5569 2089 5623 sum
2130 5552 2358 5623 tendere
2378 5550 2445 5623 et
2471 5551 2662 5617 salire,
2700 5550 2754 5605 id
2774 5551 3004 5621 quidem
3054 5550 3292 5623 fontium
3319 5559 3427 5623 est,
3459 5551 3550 5606 vi-

1964 5620 2273 5692 varumque
2298 5622 2353 5675 in
2385 5622 2468 5692 eis
2495 5620 2812 5692 aquarum:
2856 5628 2914 5674 at
2959 5637 3069 5675 non
3095 5620 3547 5692 Maximointen-

1970 5700 2107 5764 tum,
2143 5690 2231 5748 vel
2256 5693 2379 5764 ejus
2411 5690 2619 5748 GraeCis
2640 5690 3032 5763 signiﬁcatum.
3086 5690 3172 5746 Cf.
3203 5691 3270 5745 ad
3292 5690 3551 5746 Thalass.

1968 5765 2018 5817 9.
2050 5762 2138 5818 48.
