4060 6322
522 413 661 480 1243

1691 410 1751 470 S.
1793 409 2083 470 ΜΑΧΙΜΙ
2122 408 2635 471 CONFESSOR'IS

3664 372 3817 458 lett

593 528 685 585 ΒΟ.
730 528 1012 583 Cistemas
1063 523 1268 582 excidit
1315 523 1582 579 Dominus
1636 523 1691 579 in
1741 522 1964 578 deserto
2019 522 2141 596 (in.

2284 524 2352 590 ξ’.
2384 523 2637 585 Λάκκους
2662 520 2892 591 λατομεῐ
2914 518 2942 571 ό
2971 514 3175 586 Κύριος
3194 513 3254 567 tv
3281 514 3348 585 τῇ
3381 509 3577 583 ἐρήμῳ
3602 526 3619 543 ·
3660 508 3819 577 λέγω

525 622 733 679 mundo
785 620 997 675 scilicet
1040 618 1440 686 hominumque
1490 614 1718 685 natura)
1772 631 1967 671 eorum
2013 614 2111 684 qui

524 712 676 783 digni
718 720 866 773 sunt,
897 708 1067 764 corda
1102 707 1393 772 effodiens,
1421 715 1477 761 et
1510 722 1541 761 a
1582 714 1804 760 terrena
1845 706 2115 777 gravitate

528 804 931 877 prudentiaque
965 800 1307 863 emundans,
1338 808 1503 868 atque
1538 798 1609 852 ad
1643 797 1862 853 divinos
1894 797 2116 867 sapien-

527 898 615 952 tiae
654 903 712 951 et
748 892 993 950 scientia:
1034 891 1241 946 imbres
1277 889 1691 960 suscipiendos,
1724 890 1871 944 unde
1908 888 2117 944 Christi

526 1002 728 1058 pecora
762 987 1039 1056 adaquent
1074 982 1190 1051 (eos
1224 982 1487 1036 nimirum
1526 982 1622 1052 qui
1660 996 1777 1051 prae
1818 979 1988 1035 animi
2028 979 2118 1034 in-

527 1076 727 1141 fantia,
760 1074 957 1129 morali
1003 1072 1294 1143 disciplina
1344 1070 1564 1143 egeant)
1612 1070 1852 1126 dilatans
1899 1079 1956 1126 et
2000 1085 2119 1124 am-

527 1170 732 1239 plians.

598 1259 688 1314 61.
716 1257 1030 1313 Montanam
1061 1265 1222 1311 vocat
1253 1254 1565 1326 Scriptura,
1591 1252 1888 1310 sublimem
1923 1253 1981 1309 in
2010 1253 2123 1325 spi-

528 1350 641 1406 ritu
674 1360 888 1405 naturae
920 1347 1469 1417 contemplationem,
1495 1362 1659 1416 quam
1695 1346 1730 1400 ii
1761 1346 1974 1411 colunt,
2000 1347 2118 1416 qui,

529 1458 719 1499 rerum
759 1440 1047 1497 sensilium
1084 1438 1294 1494 relictis
1333 1438 1787 1510 cogitationibus,
1819 1438 1886 1493 ad
1928 1453 2122 1494 earum

528 1535 806 1607 spiritales
844 1534 1092 1589 rationes
1123 1547 1223 1603 per
1256 1531 1617 1587 intermedias
1650 1531 1888 1586 virtutes
1929 1545 2123 1586 evase—

533 1633 687 1682 runt.

603 1715 692 1771 69.
745 1712 1002 1781 Quandiu
1059 1713 1280 1768 animus
1338 1711 1395 1765 in
1449 1710 1634 1779 seipso
1692 1710 1970 1779 vigentem
2026 1708 2123 1766 Del

534 1808 859 1864 memoriam
898 1805 1091 1868 habet,
1123 1819 1224 1874 per
1267 1803 1789 1873 contemplationem
1830 1804 2125 1859 Dominum

533 1897 804 1968 exquirit;
848 1911 1029 1964 neque
1168 1866 1517 1950 defunctorie
1558 1894 1876 1964 leviusque,
1910 1896 2039 1957 sed,
2071 1899 2128 1952 in

2249 1892 2474 1965 (ύριονο
2531 1866 2630 1944 καὶ
2676 1866 2784 1956 ὀὐχ
2827 1878 3035 1943 ἁπλῶς,
3066 1873 3183 1968 ἀλλξ
3338 1871 3503 1968 φόϐοι
3548 1866 3781 1968 κυρίου
3805 1879 3823 1893 ο
3928 1876 3929 1879 η

538 1990 726 2041 timore
767 1984 1085 2051 Domini“;
1136 1984 1244 2038 hoc
1290 1992 1405 2049 est,
1444 1984 1800 2053 exsequendo
1848 1985 2128 2040 mandata.

537 2083 641 2150 Qui
677 2082 827 2138 enim
863 2078 1290 2149 contemplando
1322 2078 1441 2133 sine
1472 2077 1689 2131 actione
1716 2075 2009 2130 Dominum
2039 2090 2133 2129 ex-

538 2176 732 2247 quirit,
756 2190 868 2228 non
901 2172 1131 2237 invenit,
1161 2186 1228 2228 eo
1259 2170 1407 2241 quod
1441 2185 1552 2224 non
1589 2169 1643 2223 in
1681 2167 1879 2222 timore
1910 2166 2132 2221 Domini

540 2260 886 2331 exquisierit.
925 2258 995 2314 Et
1040 2260 1372 2330 prosperavit
1416 2259 1464 2312 ei
1512 2256 1773 2311 Dominus
1795 2257 1863 2311 ⁸⁸.
1900 2255 2133 2312 Omnem

541 2354 692 2409 enim
717 2352 811 2423 qui
837 2352 1066 2407 scientia
1091 2351 1293 2406 comite
1315 2350 1521 2405 actioni
1549 2349 1844 2414 incumbit,
1867 2348 2135 2403 Dominus

543 2460 809 2519 prospere
837 2444 1044 2514 dirigit,
1067 2442 1163 2513 qui
1194 2451 1251 2497 et
1283 2442 1667 2497 mandatorum
1696 2440 1891 2496 modos
1916 2440 2134 2507 doceat,

544 2543 601 2591 et
624 2551 784 2590 veras
812 2550 997 2589 rerum
1024 2535 1268 2588 rationes
1298 2533 1533 2603 aperiat.

617 2628 707 2683 63.
734 2626 997 2682 Sublimis
1021 2625 1089 2680 de
1116 2624 1322 2679 deitate
1351 2639 1537 2679 sermo
1566 2638 1631 2678 ac
1666 2622 1941 2689 doctrina,
1969 2622 2138 2679 turris

544 2729 630 2777 est
653 2720 862 2783 animo,
899 2717 1285 2772 mandatorum
1313 2716 1475 2789 559
1497 2717 1880 2772 observatione
1905 2715 2136 2769 munita.

547 2814 618 2868 Et
656 2813 763 2867 hoc
810 2820 897 2867 est
941 2809 1089 2880 quod
1136 2810 1214 2865 ait
1263 2827 1277 2864 :
1320 2809 1628 2879 Αῑάὶῇεαυίι
1669 2806 1825 2863 Ozias
1870 2817 2039 2861 turres
2085 2807 2140 2861 in

547 2902 853 2958 Jerusalem
883 2903 949 2956 “.
990 2902 1097 2969 Qui
1149 2901 1298 2956 enim
1347 2908 1497 2955 recte
1549 2900 1897 2970 diriguntur,
1934 2908 1996 2953 ut
2042 2913 2143 2968 per

550 2992 1078 3061 contemplationem
1106 3005 1231 3045 cum
1263 2989 1525 3061 adjuncto
1556 2987 1910 3043 convenienti
1945 2988 2143 3043 timore

552 3083 787 3155 (agendo
818 3083 1030 3137 scilicet
1063 3098 1187 3151 qua:
1221 3080 1478 3135 mandata
1513 3079 1674 3151 sunt)
1712 3079 2004 3135 Domintun
2045 3094 2143 3133 ex-

2213 616 2270 670 δὲ
2313 615 2393 687 τῷ
2433 615 2646 685 κόσμῳ,
2682 612 2778 667 καὶ
2820 612 2889 681 τῇ
2923 607 3083 679 φύσει
3142 605 3252 659 τῶν
3300 600 3649 674 ἀνθρώπων·
3709 599 3821 663 τὰς

2214 706 2325 761 τῶν
2356 704 2525 771 ἀξίων
2555 703 2785 771 καρδίας
2832 698 3119 770 ὲκχοῖζων,
3151 696 3248 749 καὶ
3279 692 3685 763 ἀποκαθαίρων
3712 687 3822 743 to;

2217 798 2406 855 ύλικοῦ
2436 798 2639 870 βάρους
2672 812 2732 847 τε
2762 793 2857 848 καὶ
2901 791 3275 862 φρονήματος,
3308 786 3404 840 καὶ
3434 784 3608 837 ποιῶν
3639 783 3819 853 εὐρυ-

2215 890 2430 962 χώρους
2479 888 2617 959 πρὸς
2656 882 2924 955 ὑποδοχὴν
2977 881 3089 933 τῶν
3119 877 3283 932 θείων
3312 878 3416 945 τῆς
3468 874 3671 941 σοφίας
3718 871 3824 923 καὶ

2216 983 2319 1051 τῆς
2351 980 2608 1051 γνώσεως
2634 976 2830 1041 ὑετῶν,
2862 976 2952 1029 ἵνα
2977 971 3239 1035 ποτίζωσι
3270 969 3338 1023 τά
3359 968 3531 1039 κτήνη
3555 964 3653 1018 τοῦ
3676 964 3826 1035 Χρι-

2222 1071 2371 1137 στοῦ,
2393 1072 2521 1134 τοὺς
2550 1068 2841 1140 δεομένους
2864 1065 3011 1134 λέγω
3037 1063 3126 1117 διά
3151 1061 3331 1133 ψυχῆς
3357 1057 3688 1129 νηπιότητα,
3710 1053 3827 1123 τῆς

2217 1164 2418 1238 ἠθικῆς
2441 1160 2813 1223 διδασκαλίας.

2293 1233 2394 1323 ξαν,
2433 1252 2679 1325 Ὀρεινὴν
2709 1253 2743 1322 ἡ
2770 1248 2986 1323 Γραφὴ,
3034 1246 3134 1315 τὴν
3163 1240 3375 1313 ὑψηλὴν
3428 1239 3487 1292 tv
3534 1233 3827 1325 πνεύματι

2222 1349 2459 1419 θεωρίαν
2491 1324 2594 1412 τῆς
2646 1344 2864 1415 φύσεως
2916 1338 3086 1408 λέγει,
3121 1336 3189 1408 ἣν
3228 1330 3571 1404 γεωργοῦσιν
3594 1328 3670 1419 οἱ
3701 1324 3826 1419 τῶν

2224 1416 2501 1509 αἰσθητῶν
2534 1434 2932 1504 ἀπογενόμενοι
2985 1425 3323 1499 φαντασιῶν,
3372 1422 3469 1475 καὶ
3508 1416 3826 1509 πρδςτοὺς

2223 1507 2407 1585 αὐτῶν
2443 1528 2670 1601 νοητοὺς
2720 1525 2812 1581 διά
2859 1523 3045 1595 μέσων
3087 1518 3200 1573 τῶν
3250 1511 3465 1586 ἀρετῶν
3513 1507 3823 1568 διαϐάντες
3878 1510 3899 1529 ⁸

2223 1622 2420 1691 λόγους

2301 1685 2401 1782 ξβν.
2446 1710 2506 1765 Ὀ
2544 1708 2669 1773 νοῦς
2726 1705 2813 1776 ἐφ’
2840 1704 2968 1758 ὅσον
3016 1698 3131 1770 ἔχει
3169 1695 3353 1761 ζῶσαν
3392 1693 3465 1782 ὲνΔ
3500 1687 3683 1782 tauri?
3710 1685 3823 1782 την

2229 1776 2349 1855 τοῦ-
2374 1800 2511 1854 Θεοῦ
2580 1798 2825 1870 μνήμην,
2865 1790 2955 1846 διὰ
3008 1789 3109 1859 τῆς
3161 1783 3396 1855 θεωρίας
3449 1776 3825 1870 ἐπιζητεῖ-τὸν

2230 1959 2534 2044 τουτέστιν,
2574 1981 2633 2034 tv
2667 1980 2732 2047 τῇ
2765 1971 2964 2047 πράξει
3014 1968 3124 2023 τῶν
3171 1962 3425 2019 ιντολῶν.
3458 1963 3522 2016 Ὀ
3560 1959 3673 2031 γὰρ
3722 1960 3828 2014 έκ-

2232 2075 2411 2149 ζητῶν
2441 2073 2532 2128 διὰ
2559 2069 2794 2139 θεωρίας
2838 2065 2930 2119 τὸν
2974 2061 3181 2132 Κύριον
3207 2057 3379 2129 χωρὶς
3411 2048 3827 2149 π-ράξεωςκούχ

2232 2140 2481 2240 εύρίσκει
2512 2163 2696 2225 αὐτὸν,
2734 2160 2818 2213 ὅτι
2864 2155 2968 2210 οὐκ
3012 2154 3073 2207 tv
3129 2149 3282 2221 φόϐῳ
3313 2145 3523 2240 Κυρίου
3569 2143 3664 2240 τὸν
3700 2140 3827 2193 Κύ-

2235 2235 2351 2335 ριον
2381 2255 2701 2328 ὲξεζήτησε.
2751 2250 2861 2307 Καὶ
2918 2245 3237 2301 εὐὼδωσεν
3267 2236 3433 2335 αύτῷ
3482 2238 3516 2291 ὀ

2235 2326 2400 2408 παντὶ
2431 2326 2543 2421 γὰρ
2595 2346 2677 2417 τῷ
2732 2341 2874 2417 μετά
2911 2339 3167 2408 γνώσεως
3206 2333 3540 2405 πράττοντι,
3586 2326 3827 2421 εύοδοῖό

2236 2418 2464 2517 Κύριος,
2496 2418 2622 2505 τούς
2647 2456 2705 2492 τε
2732 2437 2840 2491 τῶν
2866 2430 3096 2488 ἐντολῶν
3127 2426 3398 2482 διδάσκων
3418 2421 3682 2494 τρόπους,
3728 2418 3830 2470 καὶ

2235 2514 2363 2603 τοὺς
2385 2536 2497 2591 τῶν
2527 2535 2699 2588 ὄντων
2724 2528 2946 2598 ἀληθεῖς
2974 2523 3167 2591 λόγους
3196 2514 3621 2573 ἀποκαλύπτων.

2311 2596 2412 2700 ξὲτσ.
2449 2630 2508 2683 '0
2536 2625 2665 2698 περὶ
2714 2596 2970 2689 θεότητος
3005 2612 3211 2684 ὑψηλὸς
3247 2610 3431 2677 λόγος,
3463 2605 3674 2700 πύργος
3705 2596 3831 2700 ἐστὶ

2239 2692 2383 2780 κατά
2406 2692 2761 2792 ψυχὴνίταῖς
2790 2713 2899 2767 τῶν
2929 2707 3159 2764 ἐντολῶν
3187 2699 3493 2792 ἐνεργείαις
3531 2692 3836 2792 ἀιχυρωμέ-

2239 2829 2350 2876 νος.
2384 2785 2704 2865 Καί-τοῦτό
2748 2805 2897 2857 ἑστιν
2943 2800 2972 2853 ὅ
3022 2812 3210 2868 φησιν,
3259 2793 3344 2846 ὅτι
3413 2785 3833 2876 ’ῼκοόόμηονεν

2254 2873 2443 2967 ’όζΙας
2485 2899 2757 2967 πύργους
2800 2894 2871 2947 ἐν
2906 2884 3318 2959 Ἰερουσαλήμ.
3375 2881 3437 2934 'O
3480 2880 3591 2949 γὰρ
3644 2873 3833 2967 καλῶς

2242 2964 2729 3063 εύοδούμενοςὲπὶ
2783 2985 2886 3054 τὴν
2943 2981 3033 3035 διά
3091 2976 3327 3047 θεωρίας
3385 2970 3681 3063 ἐπιζήτησιν
3726 2964 3833 3063 τοῦ

2243 3059 2475 3157 Κυρίου,
2513 3079 2655 3154 μετά
2699 3074 2794 3130 τοῦ
2844 3068 3282 3141 ὲπιϐεὗλημένου
3340 3062 3546 3157 φόὸου,
3579 3059 3836 3157 τουτέστι

551 3152 763 3244 quirat,
790 3176 837 3231 is
870 3176 925 3229 in
957 3174 1263 3230 Jerusalem
1301 3182 1484 3227 turres
1514 3170 1782 3237 aediﬁcat;
1820 3171 1877 3225 in
1910 3172 2141 3242 simplici

2249 3152 2349 3247 τῆς
2380 3173 2491 3229 τῶν
2516 3152 2774 3226 νέντολῶν
2812 3166 3100 3265 πράξεως,
3139 3158 3418 3265 οἰκοδο.μεῖ
3476 3153 3724 3265 ⁴πύργους
3749 3152 3836 3265 Ιέν

554 3269 819 3325 nimirum
873 3278 932 3323 et
979 3266 1280 3337 tranquillo
1330 3264 1499 3319 animi
1541 3271 1722 3330 statu,
1767 3263 2033 3319 sublimes
2075 3264 2144 3320 de

553 3363 761 3420 deitate
797 3376 1085 3419 sermones
1114 3361 1398 3416 attollens.

628 3541 718 3597 64.
759 3538 1133 3596 Particulares
1189 3538 1435 3593 rationes
1493 3536 1624 3592 dum
1675 3536 1743 3592 ad
1804 3537 2148 3594 universales

557 3633 852 3698 accedunt,
877 3646 1000 3703 qua:
1034 3630 1210 3685 divisa
1240 3638 1371 3685 sunt
1412 3630 1557 3684 inter
1585 3644 1644 3683 se
1675 3629 1956 3698 copulant.
1987 3627 2147 3696 Quod

559 3725 825 3780 nimirum
854 3722 1291 3778 universaliores
1321 3721 1585 3787 rationes,
1636 3736 1830 3776 eorum
1873 3736 1996 3790 quae
2034 3736 2150 3776 ma-

559 3814 645 3887 gis
692 3813 1048 3891 particularia
1098 3819 1260 3878 sunt,
1308 3812 1555 3867 rationes
1601 3812 1957 3867 uniformiter
1999 3827 2150 3867 com-

560 3905 936 3977 prehendant,
973 3904 1042 3959 ad
1089 3919 1211 3974 qua:
1253 3903 1585 3958 naturaliter
1628 3903 1745 3973 ipsa
1792 3902 2151 3972 partienlaria

562 3995 894 4051 relationem
930 3994 1194 4050 habeant.
1222 3993 1330 4050 Sed
1364 4002 1421 4049 et
1450 3993 1575 4049 οωιί
1610 4007 1735 4048 cum
1769 4002 1936 4057 terra,
1966 4009 2150 4050 rerum

562 4102 688 4159 quae
725 4102 891 4142 sensu
943 4087 1335 4158 percipiuntur
1374 4102 1499 4141 eum
1539 4086 1649 4141 illis
1682 4102 1806 4156 quae
1848 4095 2031 4141 mente
2063 4088 2149 4141 in-

566 4180 921 4250 tellignntur,
955 4187 1166 4234 natura:
1190 4193 1316 4233 cum
1351 4177 1585 4241 ratione,
1617 4176 1964 4233 habitudinis
2000 4193 2152 4248 quat-

564 4270 689 4326 dam
724 4271 778 4325 in
816 4270 1015 4341 spiritu
1052 4270 1199 4325 ratio
1240 4276 1348 4335 est,
1376 4285 1486 4340 qua
1537 4268 1654 4324 haec
1695 4268 1806 4326 alia
1849 4269 1975 4325 aliis
2022 4284 2156 4326 cou-

563 4373 714 4419 serta
746 4363 1034 4416 uitiantur.

638 4455 729 4511 65.
766 4454 869 4510 Cui
916 4454 986 4508 ab
1032 4452 1326 4509 aﬂ'ectibus
1352 4452 1617 4521 vitiisque
1652 4466 1853 4507 sensus
1886 4451 2156 4507 revellere

2259 3238 2639 3338 Ἰερουσαλὴμ,
2665 3260 2807 3315 κατά
2832 3258 2929 3330 τὴν
2960 3254 3141 3323 ἀπλῆν
3170 3248 3374 3322 δηλαδὴ
3401 3248 3517 3338 fatal.
3556 3238 3836 3338 ἠρεμαίαν

2244 3330 2348 3429 τῆς
2377 3330 2967 3428 ψυχῆς-κατάστασιν,
3005 3346 3135 3409 τοὺς
3163 3340 3296 3413 περὶ
3322 3337 3578 3406 θεότητος
3602 3330 3830 3401 ἀνυψῶν

2245 3448 2462 3517 λόγους.

2320 3538 2413 3606 ξδ’.
2441 3539 2505 3593 Οί
2529 3535 2637 3591 τῶν
2681 3532 2775 3587 ἐπὶ
2822 3531 3025 3602 μέρους
3051 3526 3224 3596 λόγοι,
3252 3524 3365 3587 τοῖς
3406 3518 3638 3575 καθόλου
3667 3529 3844 3587 προσ-

2248 3630 2579 3704 χωροῦντες,
2614 3628 2718 3690 τὰς
2743 3624 2853 3679 τῶν
2883 3620 3232 3696 διῃρημένων
3281 3615 3505 3704 ένώσεις
3530 3608 3835 3704 ποιοῦνται·

2247 3699 2383 3780 διότι
2416 3722 2527 3777 τῶν
2577 3717 2965 3793 μερικωτέρων
3025 3710 3272 3773 ένοειδῶς
3318 3710 3370 3763 oi.
3412 3699 3842 3793 καθολικῲτεροι

2248 3817 2377 3881 τοὺς
2407 3790 2602 3884 λόγους
2641 3790 3135 3880 περιλαμϐάνουσι,
3164 3801 3304 3874 πρὸς
3332 3797 3425 3861 οὒς
3469 3792 3716 3884 φυσικῶς
3745 3790 3843 3884 την

2252 3879 2532 3976 ἀναῲοράν
2568 3901 2681 3973 εχει
2721 3879 2798 3953 Ϋτά
2842 3897 2982 3953 κατά
3020 3894 3205 3966 μέρος.
3242 3886 3409 3943 Ἀλλὰ
3448 3884 3544 3940 καὶ
3572 3881 3667 3976 νοῦ
3708 3879 3844 3976 προς

2252 3970 2532 4066 αἴσθησιν,
2562 3970 2657 4048 καὶ
2682 3988 2917 4062 ούρανοῦ
2947 3986 3085 4058 πρὸς
3118 3984 3243 4053 γῆν,
3276 3981 3371 4034 καὶ
3398 3973 3677 4046 αἰσθητῶν

2252 4061 2440 4157 νοητά,
2474 4082 2570 4139 καὶ
2599 4061 2817 4151 φύσεως
2846 4077 2983 4149 πρὸς
3021 4075 3203 4144 λόγον,
3230 4071 3348 4125 ἐστι
3381 4085 3483 4157 τις
3508 4066 3606 4157 καὶ
3639 4061 3847 4157 τούτων

2257 4151 2507 4249 σχετικδς
2532 4175 2590 4228 έν
2622 4172 2897 4244 πνεύματι
2936 4167 3117 4237 λόγος.
3142 4164 3245 4236 τὴν
3269 4160 3406 4233 πρὸς
3437 4154 3647 4227 ἄλληλα
3672 4151 3846 4211 διδοὺς

2255 4267 2443 4331 αὐτοῖς
2466 4264 2683 4320 ἕνωσιν.
3086 4298 3089 4299 ν

2331 4441 2428 4510 ξε¹.
2483 4439 2545 4495 '0
2578 4436 2689 4492 τῶν
2725 4431 2917 4488 παθῶν
2947 4427 3196 4502 δυνηθεὶς
3222 4423 3495 4497 ὲξηλῶσαι
3524 4419 3625 4484 τάς
3656 4417 3850 4489 αἰσθή-

567 4548 751 4611 licuit,
788 4547 1146 4616 animumque
1193 4562 1223 4600 a
1266 4560 1532 4601 sensuum
1585 4543 1819 4598 libidine
1867 4543 2141 4614 abjunxit:

2263 4551 2399 4599 σεις,
2435 4533 2531 4588 καὶ
2578 4530 2679 4600 τῆς
2727 4526 2838 4580 τῶν
2889 4523 3195 4592 αἰσθήσεων
3239 4518 3479 4588 σχέσεως
3520 4514 3623 4616 τὴν
3672 4511 3851 4616 ψυχην

568 4656 735 4710 quem
780 4639 888 4694 sibi
932 4638 989 4692 in
1025 4650 1267 4693 mentem
1315 4636 1574 4692 diabolus
1621 4636 1953 4691 intermedio
1989 4651 2158 4692 sensu

571 4729 784 4784 aditum
826 4736 1229 4799 perstruxerat,
1271 4727 1567 4782 obstruere
1613 4725 1808 4780 valuit.
1846 4724 2062 4780 Idcirco
2101 4725 2159 4781 in

571 4821 796 4878 deserto
840 4818 1122 4893 (naturali
1157 4819 1369 4873 scilicet
1398 4816 1813 4888 speculatione)
1854 4816 2028 4871 veluti
2070 4818 2164 4872 tir-

573 4924 694 4963 mas
725 4917 909 4963 turres
944 4923 1010 4963 ac
1035 4916 1207 4971 tutas,
1241 4906 1362 4976 pias
1390 4905 1458 4960 de
1494 4904 1664 4959 rebus
1704 4903 1998 4973 opiniones
2030 4905 2163 4960 aedi-

570 5002 758 5057 {icavit
787 5019 800 5055 :
828 5001 897 5056 ad
934 5016 1072 5072 quas
1104 4999 1202 5070 qui
1247 4997 1520 5069 confugit,
1553 5013 1667 5052 non
1707 5012 1807 5053 eos
1847 4997 2029 5063 timet,
2066 4998 2163 5068 qui

574 5096 631 5150 in
685 5095 792 5150 hoc
839 5094 1065 5150 deserto
1117 5091 1340 5164 (natura
1396 5091 1614 5147 scilicet
1664 5091 1842 5147 oculis
1889 5088 2162 5164 subjecta)

575 5186 868 5264 latrocinia
913 5192 1179 5242 exercent
1221 5185 1301 5257 (id
1330 5193 1437 5249 est,
1466 5183 1769 5255 daamones)
1797 5184 2004 5253 quique
2038 5198 2167 5239 sen-

575 5296 737 5335 suum
780 5295 948 5351 opera
1000 5287 1242 5334 mentem
1286 5277 1582 5343 seducunt,
1622 5287 1678 5332 et
1726 5276 1793 5332 ad
1841 5276 2167 5347 ignorantia:

578 5373 872 5444 caliginem
910 5371 1267 5441 pertrahunt.
1298 5364 1407 5438 Qui
1449 5371 1601 5427 enim
1634 5368 1870 5441 singulis
1906 5368 1962 5423 in
1999 5368 2168 5423 rebus

582 5466 671 5527 pie
707 5464 972 5535 opinatur
1022 5478 1088 5518 ac
1137 5464 1327 5532 sentit,
1370 5463 1704 5519 seducentes
1745 5461 2027 5518 daemones
2064 5477 2166 5532 per

581 5569 643 5610 ea
673 5570 797 5626 qua:
821 5556 1001 5610 oculis
1028 5553 1329 5621 cernimus,
1360 5568 1471 5609 non
1506 5553 1727 5609 metuit.

651 5817 701 5851 ⁶⁹
732 5817 777 5876 Π
811 5813 933 5874 Ρδιί
985 5815 1204 5879 “vufi.
1284 5816 1327 5847 ⁵⁵
1358 5812 1495 5868 ibit).
1573 5811 1617 5842 “
1650 5811 1782 5867 Ibid.
1813 5812 1866 5868 9.

2266 4621 2701 4683 ἀποδιαστείλας,
2741 4616 3070 4686 κατίσχυσεν
3109 4607 3455 4678 ἀποτειχίσαι
3485 4603 3585 4674 τὴν
3624 4601 3853 4671 γενομέ-

2267 4732 2367 4785 νην
2401 4710 2498 4767 τοῦ
2551 4707 2801 4764 διαϐόλου
2834 4706 2973 4776 πρὸς
3011 4704 3101 4758 τὸν
3134 4700 3258 4753 νοῦν
3287 4698 3376 4751 διὰ
3416 4695 3599 4767 μέσων
3627 4693 3739 4745 τῶν
3770 4692 3852 4745 αὶ-

2270 4806 2517 4877 σθήσεων
2552 4801 2778 4855 είσοδονο
2815 4799 2912 4851 καὶ
2949 4796 3040 4850 διὰ
3083 4792 3242 4847 τοῦτο
3278 4789 3421 4844 κατὰ
3469 4786 3571 4858 τὴν
3625 4785 3851 4857 ἔρημον,

2272 4898 2419 4971 φημὶ
2439 4897 2497 4951 δὲ
2527 4896 2626 4967 τὴν
2653 4892 2896 4963 φυσικὴν
2922 4886 3180 4959 θεωρίαν,
3210 4883 3377 4937 οἱονεὶ
3408 4880 3660 4951 πύργους
3682 4882 3856 4971 de“-

2270 4970 2407 5055 λεῖς,
2433 4987 2534 5051 τὰς
2565 4985 2812 5048 εὐσεϐεῖς
2840 4999 2908 5036 πε
2917 4982 2972 5053 pl.
3003 4978 3110 5033 τῶν
3135 4977 3305 5029 ὄντων
3338 4972 3660 5043 ᾠκοδόμησε
3681 4970 3852 5036 δόξας·

2271 5085 2330 5136 tv
2368 5076 2457 5144 αἶς
2488 5081 2517 5133 ό
2556 5068 2956 5147 καταφεύγων,
3005 5071 3067 5125 ού
3108 5067 3355 5137 φοὸεῖται
3387 5064 3516 5127 τοὺς
3573 5062 3723 5116 κατά
3762 5062 3858 5131 τὴν

2270 5150 2477 5244 ἔρημον
2508 5170 2736 5239 ταύτηνο
2777 5167 2923 5234 λέγω
2951 5163 3009 5217 δὲ
3060 5161 3158 5232 τὴν
3206 5157 3371 5228 φύσιν
3401 5156 3511 5209 τῶν
3542 5154 3857 5225 ὁρωμένων,

2270 5264 2632 5337 λῃστεύοντας
2676 5259 2939 5331 δαίμονας
2961 5297 2975 5321 ,
3022 5254 3119 5307 καὶ
3148 5250 3467 5313 πλανῶντας
3499 5249 3591 5301 τὸν
3623 5246 3750 5300 νοῦν
3776 5244 3861 5297 διὰ

2272 5360 2372 5429 τῆς
2416 5355 2745 5425 αἰσθήσεως,
2779 5350 2874 5404 καὶ
2908 5347 3043 5419 πρὸς
3081 5344 3306 5415 ἀγνοίας
3338 5340 3756 5412 κατασύροντας
3786 5338 3862 5402 ζό-

2274 5467 2396 5517 φον.
2443 5448 2502 5501 ’0
2524 5446 2635 5518 γὰρ
2669 5445 2769 5516 τὴν
2800 5441 3003 5510 εὐσεϐῆ
3046 5436 3175 5507 περὶ
3201 5436 3438 5488 ἕκαστον
3469 5434 3632 5499 δόξαν
3663 5431 3865 5501 maca.

2278 5556 2462 5610 μενος,
2489 5540 2551 5592 οὐ
2575 5538 2784 5591 δέδοικε
2825 5533 2952 5596 τοὺς
2984 5531 3071 5584 διὰ
3094 5526 3204 5581 τῶν
3235 5524 3583 5595 φαινομένων
3621 5520 3863 5577 πλανῶν-

2273 5652 2373 5697 τας
2402 5636 2529 5699 τοὺς
2562 5632 2886 5706 ἀνθρώπους
2919 5626 3199 5697 δαίμονας.
