4060 6322
240 430 378 516 ηιξ

918 429 1259 512 ωιΤυΜ
1298 429 1725 505 QUINQUIES
1762 428 1843 491 ca

1939 429 2286 499 FENORUM
2324 436 2718 503 CENTURIA
2752 437 2836 500 ΙΙ.

3380 433 3517 501 1846

310 521 418 613 εξ.
462 544 578 609 ως
607 541 731 609 νοῦς
771 543 929 615 ισχδν
958 544 1096 616 πρδς
1129 526 1369 618 θεωρίαν
1406 544 1569 617 ιχων,
1605 544 1814 617 ἀληθής

1986 549 2074 606 66.
2125 551 2281 609 Mens
2331 554 2516 611 omnis
2544 553 2600 608 vi
2649 552 2720 609 ad
2773 550 3214 623 speculationem
3271 554 3519 624 pollens,

242 642 358 694 ἐστι
391 637 677 709 γεωργὸς,
728 635 950 708 καθαρά
1010 635 1269 702 ζιζανίων
1328 637 1417 692 διὰ
1462 630 1562 708 τῆς
1612 635 1826 698 οἰκείας

239 730 481 799 σπουδῆς
509 729 606 784 καὶ
635 727 958 800 ὶπιμελείας
981 729 1053 782 τά
1080 727 1202 783 θεία
1230 728 1342 782 τῶν
1372 727 1598 798 ἀγαθῶν
1628 727 1826 796 διαφυ-

239 820 450 876 λάττων
484 818 813 892 σπέρματα,
868 819 1065 890 μέχρις
1120 810 1183 872 οὗ
1240 816 1618 889 συντηροῦσαν
1663 814 1831 869 αὐτὸν

240 912 339 983 ἔχη
372 910 474 981 τὴν
510 909 607 964 τοῦ
639 909 775 964 Θεοῦ
817 911 1061 981 μνήμην.
1107 909 1249 981 Φησὶ
1277 907 1424 980 γάρ·
1461 908 1574 963 Kal
1602 904 1682 979 ἦν
1726 908 1830 963 ἐκ·

240 1000 430 1072 ζητῶν
462 1002 571 1056 τὸν
613 1003 836 1071 Κύριον
873 1002 945 1055 ἐν
971 1001 1099 1069 ταῖς
1149 1000 1402 1071 ἡμέραις
1430 1000 1731 1072 Ζαχαρίου
1761 1001 1832 1055 ἐν

241 1097 404 1165 φόϐῳ
441 1095 688 1163 Κυρίου.
724 1093 1003 1166 Ζαχαρίαν
1043 1090 1137 1157 δὲ,
1179 1092 1433 1162 μνήμην
1494 1091 1644 1147 Θεοῦ
1694 1091 1832 1161 πρὸς

239 1187 343 1256 τὴν
385 1185 614 1241 Ἐλλάδα
665 1186 851 1257 φωνην
904 1184 1351 1256 μεταφερόμενον
1405 1180 1547 1238 οἶδεν
1590 1183 1622 1237 ὁ
1651 1181 1830 1252 λόγος.

243 1279 336 1333 Διδ
360 1278 595 1333 πάντοτε
616 1276 899 1348 δεηθῶμεν
919 1275 1015 1331 τοῦ
1044 1276 1276 1349 Κυρίου,
1304 1276 1407 1347 τὴν
1432 1275 1702 1347 σωτήριον
1731 1274 1833 1329 αὒ-

243 1367 338 1422 τοῦ
370 1366 713 1439 φυλαχθῆναι
733 1368 867 1437 ἡμῖν
910 1367 1157 1439 μνήμην,
1183 1366 1274 1420 ἵνα
1305 1364 1381 1437 μὴ
1421 1366 1517 1419 καὶ
1559 1365 1693 1420 αὐτὸ
1719 1364 1836 1419 δια-

247 1459 448 1530 φθείρη
492 1458 594 1529 τὴν
641 1457 821 1527 ψυχὴν
866 1457 930 1510 τὸ
988 1456 1454 1529 κατορθούμενον,
1505 1457 1642 1529 πρὸς
1698 1455 1837 1528 ὕψος

247 1547 528 1619 ἀρθεῖσαν,
563 1545 661 1600 καὶ⁵
705 1544 817 1598 τῶν
850 1543 994 1617 ὑπὲρ
1025 1542 1212 1614 φύσιν,
1243 1542 1320 1608 ὡς
1359 1545 1390 1598 ὁ
1433 1543 1636 1609 Ὀζίας,
1662 1560 1835 1597 κατα-

249 1639 618 1711 τολμήσασαν.
1550 1696 1551 1699 η

321 1729 418 1796 ξς.
478 1731 498 1753 ⁹
562 1728 629 1783 Ἦ
680 1727 792 1782 τῶν
835 1726 1020 1782 ·δντων
1075 1725 1326 1799 ἀπλανὴς
1365 1723 1571 1798 θεωρία
1591 1763 1609 1789 ,
1644 1722 1839 1779 παθῶν

250 1810 683 1893 ἀπηλλαγμένης
731 1819 906 1874 δεῖται
948 1818 1151 1891 ψυχῆς·
1202 1820 1328 1891 ητις
1365 1815 1727 1891 Ἰερουσαλὴμ
1756 1815 1839 1871 u-

250 1931 429 1984 γεται.
457 1914 547 1968 διὰ
575 1929 637 1966 τε
665 1909 765 1983 τὴν
796 1912 986 1983 ἄρτιον
1014 1911 1217 1985 ἀρετὴν
1249 1911 1348 1967 καὶ
1371 1910 1474 1982 τὴν
1505 1910 1669 1966 ἀῠλον
1694 1907 1839 1978 γνῶ-

254 2022 358 2061 σιν·
390 2006 514 2077 ἥτις
545 2003 607 2057 οὐ
641 2005 803 2075 μόνον
846 2004 991 2058 κατά
1037 2002 1296 2076 στέρησιν
1327 2002 1539 2069 παθῶν,
1570 2000 1710 2058 ἀλλά
1743 1999 1841 2055 καὶ

255 2097 572 2170 φαντασιῶν
596 2095 872 2168 αίσθητῶν
902 2096 1234 2166 ἑπιγίνεται.

326 2365 427 2437 ξη’.
453 2364 641 2437 Χωρὶς
664 2363 901 2429 πίστεως
939 2362 1035 2419 καὶ
1072 2361 1288 2426 δλπίδος
1337 2361 1435 2416 καὶ
1475 2359 1724 2430 ἀγάπης,
1748 2348 1841 2412 ού-

253 2460 344 2514 δὲν
380 2458 505 2513 οὔτε
555 2457 667 2513 τῶν
714 2456 905 2511 κακῶν
953 2457 1320 2525 καταργεῖται
1366 2450 1670 2515 παντελῶς,
1715 2447 1863 2503 οὔτε·

252 2552 365 2605 τῶν
396 2548 579 2605 καλῶν
620 2546 985 2619 κατορθοῦται
1014 2544 1321 2601 τοσύνολον.
1366 2543 1430 2597 Ἢ
1472 2542 1570 2615 μὲν
1607 2542 1718 2611 γὰρ
1746 2540 1840 2593 πί-

256 2657 395 2707 στις,
430 2639 610 2694 πείθει
639 2638 717 2708 τῷ
745 2635 867 2707 Θεῷ
899 2637 1247 2707 προσχωρείν
1273 2632 1368 2687 τὸν
1414 2632 1541 2687 νοῦν
1568 2628 1841 2703 πολεμού-

259 2748 443 2803 μενον,
495 2729 678 2801 πάσης
731 2726 882 2798 αὑτῷ
932 2726 1192 2797 γινομένη
1255 2723 1609 2796 παρασκευῆς
1658 2722 1841 2777 ὃπλων

256 2821 648 2894 πνευματικῶν
682 2819 821 2894 πρὸς
873 2818 935 2873 τὸ
993 2818 1218 2891 θαρρεῖν
1267 2815 1641 2888 παραμύθιον.
1684 2813 1753 2869 Ἥ
1780 2812 1841 2868 δι

257 2916 433 2979 ἐλπὶς,
472 2914 574 2983 τῆς
603 2912 753 2976 θείας
794 2910 944 2982 αὺτῷ
988 2911 1315 2965 καθίσταται
1351 2908 1606 2980 βοηθείας
1637 2907 1842 2977 ἀγγυηο

255 3007 356 3079 τὴς
415 3005 817 3076 ἀψευδέστατος
834 3043 851 3070 ,
902 3003 1002 3074 τὴν
1047 3002 1157 3057 τῶν
1212 3000 1472 3056 ἐναντίων
1520 2996 1842 3068 καθαίρεσιν

258 3096 706 3168 δπαγγελλομὲνη
744 3096 1053 3167 δυνάμεων.
1118 3094 1183 3148 Ἡ
1226 3094 1285 3148 δὲ
1330 3092 1545 3163 ἀγάπη,
1570 3092 1844 3160 δυσμετα-

260 3194 502 3263 κίνητον,
547 3190 750 3261 μᾶλλον
803 3189 882 3254 δὲ,
934 3190 1173 3260 πάμπαν
1220 3186 1513 3257 ἀκίνητον,
1548 3184 1653 3255 τῆς
1689 3182 1842 3246 θείας

264 3284 504 3357 στοργῆς
533 3282 699 3337 αὑτὸν
732 3277 872 3335 εἶναι
921 3277 1341 3355 παρασκευάζει
1364 3277 1461 3332 καὶ
1490 3272 1844 3346 πολεμούμε-

261 3394 375 3442 νον,
418 3373 770 3447 προσηλοῦσα
822 3370 902 3445 τῷ
958 3371 1088 3443 θείῳ
1130 3369 1282 3441 πόθῳ
1322 3368 1505 3424 πᾶσαν
1556 3364 1724 3421 αὑτοῦ
1747 3364 1851 3437 τὴν

261 3469 363 3538 τῆς
390 3466 634 3536 ἐφέσεως
668 3464 924 3535 δύναμιν.

336 3558 437 3627 ξθ¹.
487 3558 553 3611 Ἦ
595 3557 782 3620 πίστις
822 3556 1235 3628 παραμυθεῖται
1283 3552 1380 3608 τὸν
1411 3550 1540 3607 νοῦν
1579 3547 1851 3621 πολεμού-

270 3671 452 3731 μενον,
486 3653 744 3725 βοηθείας
787 3653 964 3707 ἑλπίδι
996 3651 1360 3723 ῥωννύμενον·
1400 3650 1436 3720 ὴ
1477 3649 1536 3703 δὲ
1566 3646 1721 3711 ἐλπὶς
1755 3645 1850 3699 ὑπ’

266 3732 405 3816 ὅψιν³
429 3745 641 3813 ἄγουσα
676 3743 775 3816 τὴν
813 3744 1201 3798 πιστευθεῖσαν
1235 3740 1512 3812 βοήθειαν,
1539 3736 1849 3808 ἀποκρούε-

265 3854 357 3891 ται
388 3837 487 3907 τὴν
517 3835 625 3890 τῶν
652 3835 1048 3905 ἀντικειμένων
1087 3832 1457 3904 καταδρομήν·
1486 3831 1520 3899 ἠ
1542 3828 1601 3882 δὲ
1631 3827 1846 3897 ἀγάπη,

267 3927 468 4001 νεκρὰν
490 3926 784 3997 καθίστησι
817 3925 897 3998 τῷ
927 3924 1161 3994 φιλοθέῳ
1194 3922 1271 3995 νῷ
1303 3921 1413 3976 τῶν
1446 3917 1724 3990 πολεμίων
1750 3915 1849 3988 τὴν

267 4018 599 4092 προσὼλην,
645 4021 713 4091 τῇ
747 4018 885 4092 πρὸς
923 4016 1058 4070 Θεὸν
1112 4014 1298 4086 ὲφέσει
1337 4010 1620 4074 παντελῶς
1664 4010 1849 4080 ἀμαυδ

271 4128 364 4183 ρου
373 4110 564 4181 μένην.

337 4208 400 4257 o'.
446 4201 609 4264 Θείας
646 4198 815 4263 ὅντως
848 4198 1085 4270 μερίδος,
1114 4197 1284 4266 ἤγουν
1308 4192 1563 4264 γνώσεως
1590 4188 1847 4263 ἀληθοῦς,

269 4292 405 4358 υἱδς,
442 4290 663 4362 πρῶτός
700 4307 761 4343 τε
784 4290 880 4344 καὶ⁸
912 4288 1093 4358 μόνος,
1115 4288 1145 4340 ὁ
1169 4285 1310 4340 κατὰ
1328 4285 1429 4357 τὴν
1453 4285 1639 4339 πίστιν
1668 4284 1768 4355 τῆς
1793 4283 1851 4336 ὲν

266 4384 403 4454 ἡμῖν
446 4380 599 4446 θείας
633 4378 985 4444 ἀναστάσεώς
1022 4380 1140 4433 ἐστι
1181 4377 1369 4447 λόγος,
1410 4376 1550 4449 μετά
1573 4376 1673 4448 τῆς
1701 4372 1851 4429 δεού-

270 4492 373 4547 σης
409 4473 554 4530 κατά
580 4473 684 4546 τὴν
708 4471 937 4544 γνώμην
954 4471 1292 4542 οἰκονομίας,
1315 4470 1484 4542 ἤγουν
1502 4468 1850 4541 διακρίσεως,

1927 655 2097 697 verus
2128 643 2371 714 agricola
2404 652 2511 708 est,
2550 642 2760 698 munda
2801 657 3029 697 servans
3062 658 3095 698 a
3141 643 3393 709 zizaniis,
3437 641 3524 698 di-

1928 731 2158 804 ligentia
2209 750 2312 791 sua
2360 745 2420 792 et
2465 752 2639 801 cura,
2696 735 2885 792 divina
2940 734 3218 790 bonorum
3266 735 3518 802 semina,

1932 825 2183 895 quandiu
2207 828 2304 883 Dei
2340 830 2691 894 memoriam,
2713 830 2839 900 ejus
2879 830 3191 885 munimine
3232 838 3353 886 tuta
3375 872 3390 897 ,
3418 831 3522 887 ba-

1930 916 2140 974 huerit.
2173 919 2268 974 Ait
2305 919 2454 975 enim
2493 938 2508 975 :
2544 921 2615 976 Et
2655 930 2774 975 erat
2805 924 3087 994 exquirens
3128 920 3417 979 Dominum
3460 926 3518 979 in

1930 1008 2113 1064 diebus
2150 1008 2451 1079 Zachariw,
2494 1013 2552 1067 in
2604 1014 2794 1067 timore
2838 1012 3054 1069 Domini
3096 1013 3164 1069 ⁸⁷.
3208 1013 3383 1071 Porro
3417 1015 3522 1070 Za-

1931 1102 2205 1170 chariam,
2231 1104 2279 1160 si
2304 1105 2490 1177 lingua
2516 1115 2707 1162 nostra
2733 1107 3053 1173 reddamus,
3077 1106 3176 1162 Dei
3206 1110 3521 1164 memoriam

1934 1206 2133 1249 sonare
2179 1208 2293 1249 non
2324 1196 2628 1252 nescimus.
2662 1198 2933 1264 Quocirca
2969 1198 3264 1254 Dominum
3299 1215 3523 1271 semper

1934 1298 2181 1348 oremus,
2225 1295 2288 1341 ut
2334 1288 2598 1344 salutaris
2626 1291 2747 1359 ejus
2784 1291 3052 1346 memoria
3096 1290 3261 1345 nobis
3298 1307 3524 1347 conser-

1934 1386 2119 1445 vetur,
2154 1393 2225 1433 ne
2255 1377 2437 1448 ipsum
2469 1379 2577 1434 hoc
2606 1380 2757 1449 quod
2786 1389 2941 1438 recte
2975 1397 3155 1453 exque
3185 1382 3394 1440 virtute
3429 1400 3522 1455 ge-

1935 1466 2101 1533 ritur,
2148 1468 2436 1524 interitum
2490 1471 2689 1525 animae
2738 1473 2954 1542 pariat,
3000 1472 3133 1529 dum
3185 1473 3241 1529 in
3284 1476 3524 1532 sublime

1934 1559 2193 1631 erigitur,
2250 1576 2317 1616 ac
2364 1562 2519 1618 velut
2562 1561 2752 1629 Ozias,
2804 1572 3014 1621 temere
3065 1566 3354 1637 praesumit
3398 1582 3523 1637 qua:

1936 1663 2149 1709 naturae
2177 1653 2496 1710 facultatem
2532 1656 2817 1733 excedunt
2845 1655 2916 1712 ⁸⁸.

2008 1744 2098 1799 67.
2130 1743 2297 1800 Certa
2357 1758 2660 1816 erroreque
2726 1760 2926 1802 vacans
2970 1747 3282 1819 speculatio
3326 1745 3528 1805 immu-

1871 1881 1913 1938 Β
1938 1839 2168 1938 nem_ab
2197 1838 2492 1938 aﬁ'ectibus
2523 1846 2693 1910 atque
2724 1838 2878 1897 vitiis
2913 1840 3081 1912 exigit
3118 1841 3403 1908 animum;
3431 1840 3526 1901 le—

1941 1930 2181 1985 rusalem
2227 1929 2444 1986 scilicet
2494 1936 2915 2001 nuncupatum,
2961 1936 3081 1986 tum
3129 1938 3361 2002 propter
3399 1945 3529 2002 per—

1939 2018 2139 2077 fectam
2174 2017 2338 2091 550
2364 2019 2653 2087 virtutem,
2691 2028 2809 2075 tum
2840 2027 3069 2091 propter
3102 2020 3528 2079 immaterialem

1936 2110 2190 2181 nihilque
2210 2119 2495 2166 terrenum
2514 2110 2808 2168 habentem
2830 2111 3118 2167 scientiam
3143 2128 3159 2179 ;
3183 2127 3305 2183 quin
3327 2128 3529 2185 nempe

1940 2202 2167 2259 neduur
2205 2203 2511 2259 eliminatis
2560 2202 2858 2260 aﬁ‘ectibus
2904 2212 3073 2275 atque
3118 2203 3295 2271 vitiis,
3330 2205 3427 2261 sed
3471 2212 3532 2260 et

1940 2309 2130 2351 rerum
2181 2294 2474 2349 sensilium
2515 2295 2973 2365 cogitationibus,
3008 2296 3256 2367 proclive
3293 2295 3528 2351 accedit.

2011 2386 2100 2443 68.
2140 2386 2367 2441 Nullum
2396 2387 2626 2441 omnino
2650 2386 2862 2458 absque
2895 2386 3025 2453 ﬁde,
3048 2402 3145 2457 spe
3172 2395 3230 2443 et
3256 2386 3528 2443 charitate

1938 2478 2203 2534 vitiorum
2248 2477 2595 2544 destruitur,
2640 2479 2721 2532 uti
2764 2493 2947 2549 neque
2989 2493 3221 2549 prorsus
3250 2478 3528 2534 virtutum

1940 2570 2055 2625 ulla
2095 2576 2411 2639 praestatur.
2447 2568 2613 2626 Fides
2640 2570 2814 2635 enim,
2845 2569 2977 2625 dum
3016 2568 3378 2641 impugnatur
3406 2568 3531 2623 ani-

1940 2677 2087 2727 mus,
2115 2668 2312 2715 auctor
2330 2668 2419 2716 est
2440 2661 2798 2734 confugiendi
2828 2661 2897 2716 ad
2922 2661 3120 2727 Deum,
3147 2661 3314 2730 eique
3343 2658 3528 2714 omnis

1940 2751 2277 2825 spiritalium
2333 2763 2620 2807 armorum
2673 2759 3013 2823 apparatus,
3063 2750 3272 2821 quibus
3325 2747 3528 2803 ﬁducia

1940 2853 2196 2915 paretur,
2238 2841 2476 2898 eilicitur
2502 2842 2787 2898 solatium.
2827 2841 2968 2913 Spes
2994 2848 3179 2897 autem
3202 2839 3447 2895 divinam
3474 2836 3528 2892 ei

1939 2933 2233 2991 verissime
2261 2933 2596 3006 oppignerat
2643 2948 2831 3004 opem,
2867 2932 3131 2989 delendas
3181 2928 3532 2986 adversarias

1940 3032 2248 3096 potestates
2329 3024 2560 3080 omnino
2618 3024 2914 3096 pollicens.
2978 3022 3235 3080 Charitas
3287 3021 3530 3091 denique

1942 3132 2087 3189 aegre
2121 3115 2382 3171 mobilem
2422 3114 2580 3187 (quin
2620 3123 2677 3172 et
2714 3130 2944 3186 prorsus
2982 3112 3349 3184 immobilem)
3387 3127 3531 3183 pra:-

1867 3221 1917 3287 c
1944 3216 2075 3273 stat,
2105 3206 2283 3262 divini
2317 3206 2583 3263 illecebra
2624 3206 2853 3273 amoris,
2905 3215 3023 3261 tum
3057 3206 3227 3262 etiam
3265 3219 3394 3259 cum
3431 3202 3537 3255 im-

1945 3309 2246 3371 pugnatur,
2272 3298 2520 3371 ejusvim
2554 3312 2776 3354 omnem
2809 3296 3133 3370 cupiditatis
3165 3296 3360 3353 divino
3387 3292 3537 3351 desi-

1946 3387 2109 3445 derio
2132 3388 2379 3460 aﬁigens.

2019 3571 2108 3628 69.
2145 3570 2333 3636 Fides,
2372 3570 2619 3626 animum
2646 3569 2743 3642 qui
2784 3568 3165 3643 impugnatur,
3196 3578 3413 3641 sperata
3442 3585 3537 3628 sa-

1946 3663 2064 3720 lute
2105 3664 2428 3718 roboratum
2474 3664 2709 3719 solatur.
2754 3662 2894 3733 Spes
2936 3672 3148 3729 autem,
3197 3663 3405 3734 ipsum,
3442 3664 3535 3719 cui

1947 3752 2197 3807 adhibita
2243 3750 2417 3817 ﬁdes,
2468 3750 2741 3805 auxilium
2785 3751 2892 3805 sub
2945 3760 3236 3823 aspectum
3286 3769 3533 3825 ponens,

1947 3842 2397 3900 adversariorum
2452 3840 2723 3897 insultum
2773 3840 3025 3912 depellit.
3072 3841 3332 3899 Charitas
3378 3842 3538 3899 deni-

1947 3950 2078 4006 que,
2119 3933 2376 3990 infestam
2425 3932 2673 3989 hostium
2714 3931 2894 3990 aciem
2947 3934 3182 4005 ejusque
3231 3934 3532 4004 impetum,

1948 4025 2227 4082 desiderio
2256 4025 2312 4081 in
2350 4026 2541 4082 Deum‘
2559 4040 2789 4097 prorsus
2818 4031 3164 4091 enervatum,
3196 4024 3293 4082 Dei
3331 4025 3534 4081 cultori

1948 4130 2014 4174 ac
2043 4116 2302 4188 religioso
2337 4116 2522 4172 animo
2555 4125 2871 4173 emortuum
2907 4116 3057 4172 facit.
3584 4116 3591 4122 ’

2022 4209 2110 4265 70.
2148 4208 2369 4265 Primus
2409 4223 2604 4264 revera
2644 4209 2905 4280 solusque
2934 4207 3139 4264 divina:
3169 4206 3345 4279 partis
3370 4205 3541 4277 (verae

1950 4299 2166 4357 scilicet
2209 4298 2477 4372 scientiae)
2520 4298 2688 4367 ﬁlius,
2727 4314 2911 4356 sermo
2939 4298 3068 4356 ﬁdei
3106 4306 3193 4356 est
3235 4297 3438 4353 divinae
3480 4298 3539 4353 in

1951 4393 2115 4450 nobis
2153 4391 2602 4459 resurrectionis,
2634 4406 2762 4447 cum
2790 4390 3009 4447 decenti
3044 4390 3213 4446 animi
3242 4404 3306 4446 ac
3339 4388 3539 4445 volun-

1956 4484 2085 4541 tatis
2117 4483 2536 4555 dispensatione
2575 4482 2653 4556 (id
2692 4492 2796 4551 est,
2828 4482 3271 4539 discretione-ac
3307 4480 3540 4555 judicio)

268 4566 451 4631 καλῶς
471 4566 749 4637 διαφέρων
789 4564 889 4628 τάς
925 4580 986 4617 τε
1029 4563 1140 4617 τῶν
1168 4562 1434 4617 ἑκουσίων
1458 4560 1552 4617 καὶ
1580 4558 1843 4614 ἀκουσίων

1959 4576 2325 4633 tentationum
2358 4574 2600 4632 insultus
2627 4584 2855 4632 strenue
2884 4575 3153 4644 tolerans,
3183 4583 3301 4631 tum
3329 4589 3453 4645 qua:
3476 4589 3547 4631 ex

271 4656 596 4728 πειρασμῶν
625 4658 1039 4720 ἐπαναστάσεις.
1084 4655 1199 4709 Καὶ
1244 4654 1354 4727 γὰρ
1391 4653 1586 4727 πρώτη
1633 4654 1692 4707 ὲν
1721 4653 1854 4724 ἡμῖν

250 4724 567 4812 ⁸ἀνάστασις
584 4745 679 4801 τοῦ
695 4745 785 4800 διὰ
794 4745 893 4815 τῆς
907 4744 1130 4814 ἀγνοίας
1147 4724 1279 4815 ἡμῖν
1304 4724 1852 4814 νεκρωθέντοςΘεοῦ,

266 4844 301 4913 ἡ
342 4840 525 4905 πίστις
539 4840 679 4905 ἐστὶ,
713 4839 894 4903 καλῶς
932 4839 1044 4902 τοῖς
1066 4836 1250 4909 ἔργοις
1264 4837 1374 4892 τῶν
1394 4835 1623 4891 ἐντολῶν
1650 4836 1853 4890 οίκονο-

271 4949 375 5006 μου
383 4931 541 5005 μένη.
1784 4930 1791 4931 ί

340 5029 441 5079 οα¹.
502 5024 570 5078 Ἦ
602 5026 742 5096 πρὸς
773 5023 906 5078 Θεὸν
956 5022 1281 5095 ἐπιστροφὴ,
1320 5021 1516 5092 ,σαφῶς
1560 5021 1757 5094 μηνύει
1782 5021 1853 5076 δι’

269 5114 475 5186 ἑαυτῆς
502 5114 593 5169 τὸν
627 5114 1002 5187 πληρέστατον
1025 5113 1122 5185 τῆς
1153 5113 1302 5176 θείας
1331 5113 1544 5177 ἐλπίδος
1572 5112 1729 5180 λόγον
1760 5110 1851 5183 (j),

268 5200 330 5260 οὗ
355 5208 545 5280 χωρὶς,
574 5206 824 5277 οὐδαμῶς
852 5206 1027 5261 οὐδενὶ
1059 5206 1183 5262 καθ’
1204 5206 1384 5260 ὁτιοῦν
1406 5206 1543 5277 πρὸς
1569 5206 1701 5259 Θεὸν
1730 5205 1853 5260 ἐπί-

270 5316 457 5363 νευσις
516 5298 764 5367 γίνεσθαι
815 5299 1081 5366 πέφυκενο
1139 5298 1295 5368 εἴπερ
1348 5297 1563 5360 ἐλπίδος
1606 5297 1758 5361 ἴδιον,
1796 5296 1857 5350 τὸ

271 5390 364 5444 ὑπ’
404 5389 527 5461 δψιν
559 5390 716 5459 ἄγειν
737 5389 812 5454 ὡς
841 5389 1087 5461 παρόντα
1114 5388 1183 5444 τὰ
1213 5389 1498 5462 μέλλοντα·
1537 5392 1630 5446 καὶ
1689 5392 1859 5464 μηδα-

344 5545 390 5577 ⁶⁷
420 5545 555 5599 ibid.
589 5544 641 5599 5.
718 5544 763 5576 ⁸⁸
790 5544 924 5599 ibid.
961 5545 1048 5600 16.

341 5663 360 5679 ⁹
391 5657 475 5714 Cf.
507 5658 576 5712 ad
606 5657 853 5713 Thalass.
885 5675 939 5728 q.
976 5659 1041 5714 49
1075 5674 1249 5744 usque
1272 5659 1339 5714 ad
1368 5674 1489 5729 cap.
1519 5659 1607 5714 85.

344 5773 411 5842 (Ι)
439 5775 550 5827 Τι’ν·
577 5773 999 5838 πληρέστατον
1024 5776 1136 5842 τῆς
1166 5777 1328 5841 (Is/ac
1364 5775 1610 5839 ἐλπίδος
1636 5775 1842 5841 λόγον.

272 5845 431 5900 Clara
456 5844 672 5899 Maximi
709 5846 1011 5913 sententia;
1050 5847 1254 5902 includi
1279 5846 1332 5901 in
1347 5844 1707 5902 conversione
1731 5860 1847 5899 mo-

1954 4669 2277 4735 voluntate,
2323 4674 2441 4724 tum
2489 4682 2613 4739 qua:
2661 4666 2921 4724 violentae
2970 4675 3315 4738 externoque
3358 4676 3547 4724 actore

1953 4759 2255 4819 exsistunt.
2286 4760 2473 4816 Prima
2504 4775 2747 4832 namque
2774 4758 2873 4817 Dei
2903 4775 2935 4816 a
2963 4761 3129 4817 nobis
3155 4776 3256 4832 per
3287 4760 3547 4833 ignoran-

1952 4852 2086 4907 tiam
2114 4852 2410 4918 exstincti,
2434 4850 2803 4915 resurrectio,
2840 4850 2981 4908 ﬁdes
3009 4858 3126 4918 est,
3151 4865 3275 4923 qua:
3287 4849 3546 4906 mandata

1954 4957 2121 5015 opere
2152 4942 2465 5014 praestando
2496 4943 2604 5000 rite
2635 4942 2943 5015 digeratur.

2029 5031 2121 5085 Ἡ.
2156 5029 2460 5086 Conversio
2501 5029 2571 5084 ad
2618 5030 2824 5096 Deum,
2864 5028 2952 5085 sui
2998 5027 3117 5098 ipsa
3166 5025 3380 5081 ratione
3422 5024 3544 5096 ple-

1958 5121 2243 5177 nissimam
2289 5128 2477 5190 aperte
2526 5120 2729 5175 divinae
2780 5118 2899 5189 spei
2936 5118 3205 5174 rationem
3246 5116 3541 5189 signiﬁcat,

1959 5213 2079 5269 sine
2105 5225 2214 5282 qua
2245 5224 2528 5280 nunquam
2561 5209 2676 5276 ﬁat,
2704 5217 2764 5264 ut
2796 5208 2923 5279 quis
2961 5209 3073 5265 ulla
3109 5209 3323 5264 ratione
3356 5209 3544 5264 animo

1962 5303 2020 5358 in
2044 5303 2218 5358 Deum
2248 5300 2444 5356 tendat
2466 5298 2630 5371 eique
2661 5302 2947 5357 assentiat.
2979 5301 3040 5356 id
3070 5302 3221 5357 enim
3255 5301 3370 5371 spei
3415 5316 3543 5355 mu-

1962 5392 2113 5449 neris
2156 5399 2265 5457 est,
2301 5398 2363 5445 ut
2398 5405 2522 5460 quae
2563 5389 2753 5445 futura
2777 5397 2927 5458 sunt,
2959 5398 3218 5463 tanquam
3250 5390 3543 5463 praesentia

1957 5784 2072 5846 tum
2095 5791 2225 5846 spe:
2264 5774 2411 5846 quod
2436 5785 2493 5831 ct
2511 5777 2813 5834 declaravit
2838 5795 2996 5837 conc.
3034 5779 3190 5837 Trid.
3220 5780 3385 5838 Picus
3402 5782 3543 5841 nihil

1953 5844 2120 5910 bene,
2146 5844 2323 5915 λόγον,
2359 5848 2604 5903 animant
2638 5849 2840 5907 reddit.
