4122 6320
288 324 420 389 1249

968 321 1302 382 CAPITUM
1343 311 1766 392 QUINQUIES
1800 318 2322 383 CENTENORUM
2359 322 2748 384 CENTURIA
2791 326 2873 386 Il.

3419 309 3556 390 1250

281 442 549 512 γενναίως
579 435 754 510 μύσας
790 435 885 497 τὰς
920 433 1229 503 αἰσθήσεις,
1261 432 1356 485 καὶ
1398 431 1497 502 τὴν
1521 431 1628 484 τῶν
1669 431 1863 501 αίσθη-

1968 432 2346 500 surgentibus,
2373 426 2678 503 eorumque
2714 434 2910 488 infesta
2937 434 3075 500 acie,
3111 445 3308 492 sensus
3343 428 3557 495 fortiter

280 532 388 586 τῶν
411 530 719 600 φαντασίαν
759 543 816 580 τε
857 527 953 580 καὶ
992 526 1213 595 μνήμην
1259 523 1542 586 παντελῶς
1570 523 1866 592 ἀπωσάμε-

279 639 392 684 νος,
421 623 514 674 καὶ
547 620 833 682 συστείλας
884 617 1060 688 πάντη
1093 618 1192 680 τὰς
1225 615 1316 669 τοῦ
1345 615 1436 670 νοῦ
1469 615 1597 685 περὶ
1628 615 1728 685 τὴν
1756 613 1866 666 τῶν

282 713 438 775 ἐκτὸς
465 713 691 783 ἔρευναν
725 711 960 782 φυσικὰς
1002 711 1270 780 κινήσεις,
1294 709 1605 780 κατῄσχυνε
1636 708 1867 779 νικήσας

280 804 370 857 διὰ
410 805 511 873 τῆς
543 802 694 867 θείας
726 803 928 876 χειρὸς,
963 803 1063 872 τὴν
1093 803 1480 856 ἐπαναστᾶσαν
1509 799 1658 872 αὑτῷ
1682 803 1865 872 ’πονη-

285 897 386 959 ρὰν
412 898 506 950 καὶ
532 899 862 968 τυραννικὴν
889 895 1232 950 δυναστείαν.

351 1076 451 1140 οζ’.
485 1079 654 1129 Ὅταν
695 1076 857 1139 ἄνους
899 1077 928 1130 ὁ
974 1075 1134 1143 λόγος
1165 1075 1412 1146 γένηται,
1454 1073 1548 1127 καὶ
1589 1072 1867 1144 προπετὴς

281 1173 308 1225 ὁ
344 1170 516 1240 θυμὸς
545 1171 639 1221 καὶ
670 1167 866 1236 ἄλογος
906 1171 937 1237 ἡ
987 1167 1277 1237 ἐπιθυμία,
1309 1168 1402 1220 καὶ
1442 1167 1633 1235 ἄγνοια
1657 1165 1752 1219 ’καὶ
1777 1183 1870 1217 τυ-

289 1265 474 1332 ραννὶς
501 1264 597 1314 καὶ
627 1261 898 1314 ’ἀκολασία
927 1261 1173 1332 κρατῶσι
1205 1261 1304 1330 τῆς
1328 1261 1528 1330 ψυχῆς,
1557 1262 1674 1312 τότε
1713 1261 1743 1328 ἡ
1771 1259 1868 1328 τῆς

283 1353 483 1414 κακίας
524 1353 635 1416 ἓξις
687 1353 1004 1423 ἔμπρακτος
1047 1351 1296 1420 γίνεσθαι
1349 1353 1587 1421 πέφυκε,
1625 1351 1871 1421 συμπλα-

283 1447 439 1498 κεῖσα
471 1449 537 1515 τῇ
567 1445 810 1515 διαφόρῳ
852 1445 959 1496 τῶν
995 1444 1304 1514 αἰσθήσεων
1335 1443 1515 1515 ἡδονῇ.

352 1542 451 1606 οη⁹.
488 1536 609 1604 Χρὴ
637 1534 728 1586 τὸν
758 1534 1078 1601 γνωστικῶς
1100 1536 1198 1596 τὰς
1229 1534 1496 1604 ἀοράτους
1525 1533 1866 1603 συμπλοκὰς,

284 1627 617 1681 ὑπαλύσκειν
647 1626 716 1696 (k)
746 1627 1108 1696 ἐπιστάμενον
1134 1627 1278 1692 νοῦν,
1316 1629 1449 1698 μήτε
1481 1628 1718 1698 φυσικὴν
1753 1646 1872 1698 μετ⁶

285 1721 422 1772 ιέναι
445 1718 700 1789 θεωρίαν,
731 1719 852 1789 μηδ’
881 1719 1008 1772 ἄλλο
1036 1737 1090 1771 τι
1129 1722 1303 1772 ποιεῖν
1333 1721 1390 1773 ὲν
1418 1721 1498 1792 τῷ
1560 1722 1738 1792 καιρῷ
1767 1724 1869 1792 τῆς

281 1810 390 1863 τῶν
419 1809 672 1879 πονηρῶν
700 1809 983 1880 δυνάμεων
1015 1811 1342 1881 προσϐολῆς,
1385 1812 1416 1882 ἢ
1449 1812 1608 1882 μόνον
1634 1814 1869 1882 προσεύ-

282 1900 496 1971 χεσθαι,
540 1903 635 1954 καὶ
678 1901 738 1953 τὸ
777 1901 936 1972 σῶμα
979 1903 1161 1965 πόνοις
1212 1903 1498 1974 δαμάζειν.
1531 1908 1625 1956 καὶ
1654 1905 1750 1976 τὴν
1776 1904 1868 1958 τοῦ

282 1991 470 2062 χοϊκοῦ
505 1993 855 2064 φρονήματος
884 1993 975 2045 ’διὰ
1012 1993 1193 2064 πάσης
1221 1994 1454 2065 σπουδῆς
1479 1995 1747 2048 ποιεῖσθαι
1773 2013 1871 2048 κα-

282 2083 550 2154 θαίρεσιν,
591 2083 684 2136 καὶ
716 2083 1007 2153 φυλάττειν
1048 2084 1115 2137 τὰ
1153 2084 1308 2156 τείχη
1341 2087 1440 2155 τῆς
1471 2087 1698 2152 πόλεως·
1725 2089 1870 2156 λέγω

280 2173 338 2226 δὲ
369 2173 465 2236 τὰς
508 2175 880 2246 φρουρητικὰς
941 2176 1039 2245 τῆς
1081 2176 1260 2247 ψυχῆς
1309 2177 1528 2247 ἀρετὰς,
1570 2178 1601 2248 ἦ
1635 2179 1732 2240 τὰς
1762 2178 1870 2231 τῶν

282 2265 494 2335 ἀρετῶν
537 2266 879 2334 φυλακτικὰς
919 2268 1196 2339 μεθόδους
1237 2271 1562 2340 ἐγκράτειαν
1594 2272 1738 2339 λέγω
1777 2273 1870 2324 καὶ

284 2357 564 2426 ὑπομονήν
589 2375 603 2390 ·
647 2358 844 2427 μήπως
888 2358 976 2411 διὰ
1027 2360 1136 2411 τῶν
1174 2359 1364 2425 δεξιῶν
1397 2350 1705 2432 ἀπατήσας,
1743 2367 1871 2416 ἁπο-

283 2451 457 2522 στήσῃ
483 2449 619 2503 Θεοῦ
653 2450 858 2519 κλέψας
887 2452 985 2521 τὴν
1018 2451 1224 2519 ἔφεσιν,
1252 2457 1280 2505 ὁ
1311 2453 1406 2524 τὴν
1432 2454 1609 2524 ψυχὴν
1636 2455 1869 2517 ποτίζων

282 2542 604 2612 ἀνατραπὴν
629 2541 878 2612 θολερὰν,
901 2544 996 2595 καὶ
1017 2543 1103 2596 διὰ
1124 2544 1233 2596 τῶν
1265 2545 1636 2615 νομιζομένων
1665 2547 1866 2611 καλῶν,

283 2633 421 2702 πρὸς
454 2632 521 2686 τὰ
561 2633 784 2704 χείρονα
836 2633 935 2704 τὴν
978 2634 1048 2686 τὰ
1106 2634 1250 2689 καλά
1302 2629 1572 2704 ζητοῦσαν
1621 2637 1867 2709 ὑποσύρῃ

281 2724 536 2778 διάνοιαν.
1759 2727 1768 2734 “

305 2988 307 2990 η
347 2898 451 2954 σθ’.
499 2901 558 2955 '0
582 2903 845 2970 γενναίως
891 2905 980 2958 διὰ
1020 2909 1122 2977 τῆς
1157 2906 1548 2982 λελογισμὲνης
1582 2913 1675 2964 καὶ
1712 2931 1870 2986 περι-

282 2993 507 3063 εκτικῆς
543 2993 868 3065 ἐγκρατείας
919 2996 980 3067 (ι)
1011 2999 1106 3051 καὶ
1145 2999 1424 3069 ὑπομονῆς
1456 3001 1634 3071 μύσας
1659 3003 1756 3067 τὰς
1785 3005 1870 3057 αἱ·-

1968 517 2248 590 clauserit,
2281 523 2578 596 rerumque
2621 542 2844 581 sensum
2887 528 3228 582 moventium
3268 529 3558 600 cogitatio—

1953 627 2092 668 "nem
2141 618 2578 687 memoriamque
2620 620 2846 672 omnino
2896 619 3237 673 submoverit
3279 637 3292 674 :
3331 629 3561 677 natura-

1967 707 2157 778 lcsque
2193 709 2382 764 itidem
2413 711 2582 765 animi
2609 720 2792 765 motus
2824 711 2920 765 abs
2953 711 3266 765 scrutandis
3300 711 3409 767 illis
3441 723 3563 782 qua}

1967 803 2214 856 exterius
2260 812 2418 866 sunt,
2473 803 2696 872 penitus
2744 803 3083 868 coercuerit,
3137 803 3322 857 divina
3371 804 3563 859 dextra

1969 893 2298 960 opitulante,
2334 893 2528 957 victor,
2559 909 2679 962 quae
2710 893 2764 946 in
2792 909 2916 946 eum
2942 894 3314 947 insnrrcxerat
3343 895 3565 966 nequis-

1970 985 2162 1037 simam
2193 1000 2256 1038 ac
2287 984 2629 1056 tyrannicam
2664 992 3014 1055 potestatem,
3043 984 3314 1039 confudit.

2042 1076 2128 1129 77.
2181 1075 2318 1130 Cum
2369 1079 2510 1132 ratio
2560 1093 2780 1141 amens,
2833 1079 2912 1131 ira
2961 1093 3238 1147 prrcccps,
3288 1077 3564 1147 cupiditas

1971 1165 2091 1219 sine
2126 1165 2361 1231 ratione,
2406 1166 2736 1234 ignorantia,
2768 1169 2872 1229 vis,
2911 1168 3135 1221 lascivia
3181 1169 3420 1221 animum
3458 1169 3562 1223 sibi

1969 1255 2371 1324 manciparint;
2434 1265 2566 1310 tunc
2626 1257 2815 1325 vigens
2876 1266 3040 1324 atque
3095 1256 3282 1309 ellicax
3343 1258 3564 1312 malitia:

1973 1345 2216 1411 habitus,
2268 1348 2558 1417 multiplici
2591 1349 2865 1402 sensuum
2912 1349 3130 1403 libidini
3178 1351 3560 1419 complicatus,

1971 1436 2215 1507 proclive
2251 1439 2454 1492 evadit.

2046 1530 2131 1584 78.
2166 1531 2362 1600 Operm
2406 1531 2646 1600 pretium
2694 1541 2796 1595 est,
2833 1541 2893 1584 ut.
2938 1533 3216 1600 sapienter
3259 1532 3566 1586 invisibiles

1974 1637 2306 1693 congressus
2344 1625 2728 1695 subterfugere
2766 1625 2961 1678 doctus
3007 1624 3246 1688 animus,
3275 1641 3384 1693 quo
3429 1633 3564 1678 tem-

1975 1729 2108 1781 pore
2141 1715 2494 1783 nequissimze
2539 1723 2843 1782 potestates
2877 1713 3229 1778 adoriuntur,
3265 1729 3365 1767 nec
3400 1725 3560 1768 natu

1973 1807 2140 1859 ralem
2172 1807 2333 1860 obeat
2365 1808 2817 1877 speculationem,
2863 1822 3043 1876 neque,
3083 1807 3231 1859 aliud
3267 1806 3398 1875 quid
3431 1824 3567 1877 prae—

1972 1904 2099 1959 stet,
2134 1897 2238 1950 nisi
2282 1899 2458 1951 solum
2509 1907 2569 1950 ut
2621 1897 2885 1966 precibus
2928 1897 3209 1950 incumbat
3254 1913 3317 1951 ac
3365 1913 3565 1968 corpus

1971 1988 2256 2041 laboribus
2317 1989 2534 2053 domet,
2595 1990 2858 2058 omnique
2925 1985 3210 2060 diligentia
3278 1997 3563 2044 terrenum

1957 2093 2194 2133 sensum
2251 2096 2314 2134 ac
2364 2081 2713 2151 prudentiam
2763 2081 3048 2144 destruat,
3102 2089 3267 2150 atque
3325 2081 3567 2136 civitatis

1971 2187 2160 2225 muros
2200 2173 2475 2226 custodiat
2508 2190 2520 2225 :
2556 2187 2754 2242 nempe
2796 2173 3056 2236 virtutes,
3096 2173 3301 2243 quibus
3345 2174 3565 2229 animus

1973 2273 2034 2319 ut
2077 2267 2330 2334 praesidio
2373 2266 2685 2330 muniatur;
2720 2272 2814 2318 aut
2848 2266 3089 2320 rationes
3125 2267 3354 2334 viasque
3389 2267 3567 2320 virtu-

1974 2365 2090 2411 tum
2119 2359 2380 2412 custodcs
2412 2358 2829 2428 (continentiam
2866 2357 3079 2412 scilicet
3109 2365 3162 2412 et
3195 2356 3562 2428 patientiam),

1971 2465 2041 2504 ne
2082 2466 2192 2518 quo
2227 2450 2390 2502 modo
2418 2451 2484 2512 is,
2521 2449 2612 2518 qui
2665 2449 2887 2501 turbida
2927 2448 3287 2502 subversione
3319 2449 3561 2502 animum

1973 2545 2124 2608 potat
2159 2541 2223 2602 θ’,
2274 2555 2370 2608 per
2407 2555 2667 2608 prospera
2696 2539 3030 2600 scduccndo,
3059 2522 3367 2591 clanculum
3394 2555 3422 2591 a
3454 2540 3563 2592 Deo

1972 2628 2331 2698 cupiditatem
2376 2634 2618 2690 avertat;
2649 2642 2711 2679 ac
2752 2642 2851 2693 per
2882 2639 2968 2685 ea,
3002 2638 3122 2692 quae
3171 2623 3388 2676 honesti
3436 2639 3562 2694 spe-

1972 2721 2111 2774 ciem
2161 2720 2399 2782 habent,
2451 2726 2689 2772 mentem
2739 2717 2858 2770 haec
2908 2717 3026 2786 ipsa
3078 2724 3449 2785 quzcrcntem,
3493 2717 3561 2770 ad

1972 2812 2248 2867 deteriora
2281 2811 2544 2880 paulatim
2583 2810 2781 2864 trahat.
3495 2881 3504 2890 κ

2042 2906 2130 2960 79.
2167 2905 2268 2971 Qui
2297 2904 2733 2959 considerataac
2763 2910 3054 2956 coercente
3073 2917 3170 2956 seu
3198 2913 3562 2957 conservante

1972 3014 2033 3053 ac
2066 3000 2340 3053 retinente
2372 2997 2713 3052 continentia
2751 2996 3126 3066 patientiaque
3172 3004 3396 3049 strenue
3437 3011 3565 3048 sen—

284 3081 527 3156 σθήσεις,
553 3085 652 3137 καὶ
675 3085 764 3140 διὰ
788 3087 896 3141 τῶν
918 3088 1058 3141 κατὰ
1085 3088 1266 3160 ψυχὴν
1297 3091 1580 3162 δυνάμεων
1604 3095 1702 3159 τὰς
1733 3095 1865 3166 πρὸς

1972 3108 2066 3146 sus
2093 3092 2374 3153 clauserit,
2413 3106 2710 3158 rerumque
2741 3105 2964 3142 sensum
3000 3088 3338 3142 moventium
3371 3087 3561 3158 ﬁguris

278 3175 374 3230 τδν
408 3175 532 3230 νοῦν
576 3177 687 3231 τῶν
719 3179 996 3250 αἰσθητῶν
1041 3182 1341 3252 σχημάτων
1372 3185 1726 3254 ἀποτειχίσας
1750 3188 1866 3238 εἱσ-

281 3269 456 3333 ὁδους,
484 3271 726 3340 εὐχερῶς
779 3270 874 3324 τοῦ
926 3272 1178 3326 διαϐόλου
1225 3274 1324 3338 τὰς
1361 3275 1602 3346 πονηρὰς
1633 3275 1868 3329 διόλλυσι

285 3361 558 3430 μηχανὰς,
597 3362 955 3432 ὑποστρέφων
1001 3363 1163 3416 αὑτὸν
1207 3367 1326 3432 μετ’
1359 3367 1622 3438 αἰσχύνης
1662 3371 1728 3440 τῇ
1764 3369 1868 3440 ὁδῷ

281 3446 317 3526 ᾖ
348 3447 534 3522 ἦλθεν.
585 3452 736 3516 Ὀδὺς
765 3453 820 3507 δὲ
850 3455 914 3508 δι’
951 3449 1021 3528 ἦς
1051 3456 1078 3510 ὀ
1106 3456 1352 3522 διάϐολος
1375 3458 1618 3529 ἔρχεται,
1654 3461 1770 3514 ἐστὶ
1798 3459 1868 3517 τὰ

284 3545 422 3616 πρὸς
473 3545 732 3599 σύστασιν
773 3549 867 3601 τοῦ
906 3549 1159 3621 σώματος
1207 3549 1344 3604 εἶναι
1389 3552 1652 3610 δοκοῦντα
1683 3555 1865 3612 ὑλικά.

354 3805 605 3872 π’.ὶΝοῦς
637 3809 834 3880 ’ἑαυτῷ
863 3812 1005 3865 κατὰ
1041 3812 1202 3881 φύσιν
1243 3813 1330 3867 διὰ
1365 3815 1528 3885 μέσου
1561 3815 1719 3884 λόγου
1749 3833 1868 3872 συν·

282 3901 427 3969 ἅψας
485 3902 584 3973 τὴν
631 3904 905 3972 αἴσθησιν.
965 3906 1063 3977 τὴν
1106 3909 1170 3961 ὲκ
1200 3911 1315 3978 -τῆς
1357 3911 1592 3981 φυσικῆς
1633 3911 1867 3983 Θεωρίας

277 3993 459 4065 ἀληθῆ
485 3995 805 4064 συλλέγεται
835 3998 1057 4065 γνῶσιν.

354 4083 467 4139 παθ,
502 4085 684 4156 Πηγαί
737 4080 874 4141 εἰσιν
911 4089 1014 4153 ἔξω
1071 4091 1171 4158 τῆς
1218 4092 1446 4156 πόλεως·
1484 4095 1731 4149 τουτέστι
1764 4096 1866 4166 τῆς

277 4177 483 4247 ψυχῆς
507 4177 569 4240 ἃς
603 4179 845 4243 Ἐζεκίας
869 4183 1189 4252 ὲμφράττευ
1207 4182 1271 4236 τὰ
1288 4185 1520 4256 αἰσθητᾶ
1543 4187 1721 4240 πάντα
1745 4191 1861 4260 (1η)-

280 4269 453 4323 ῦδατα
511 4272 567 4324 δὲ
624 4273 832 4326 τούτων
869 4276 1199 4345 τυγχάνουσι
1241 4278 1350 4329 τῶν
1409 4281 1622 4348 πηγῶν,
1658 4283 1725 4334 τὰ
1758 4285 1865 4338 τῶν

278 4361 556 4432 αἰσθητῶν
588 4365 855 4434 νοήματα·
907 4368 1151 4437 ποταμὸς
1189 4368 1246 4421 δὲ
1291 4369 1538 4440 διορίζων
1573 4371 1660 4424 διὰ
1693 4373 1864 4444 μέσης

1971 3199 2070 3255 per
2111 3186 2308 3240 animze
2351 3185 2496 3238 vires
2543 3183 2751 3236 aditum
2794 3184 2847 3235 in
2898 3190 3137 3235 mentem
3183 3181 3556 3250 interceperit,

1971 3279 2037 3343 is,
2061 3278 2207 3332 facili
2247 3278 2469 3349 negotio
2505 3276 2871 3345 nequissimas
2896 3274 3100 3328 diaboli
3139 3273 3422 3329 machinas
3441 3274 3562 3329 dis-

1971 3371 2113 3442 sipat
2139 3388 2203 3427 ac
2237 3372 2449 3442 perdit;
2484 3371 2665 3426 redire
2705 3387 2829 3424 cum
2865 3370 3076 3439 pudore
3111 3385 3335 3440 cogens,
3361 3369 3556 3436 eadem

1970 3465 2087 3535 ipsa
2113 3465 2224 3532 via,
2252 3481 2360 3535 qua
2391 3465 2560 3520 venit.
2589 3464 2687 3518 Via
2715 3473 2900 3518 autem
2937 3479 3045 3533 qua
3086 3463 3343 3519 diabolus
3381 3464 3554 3528 venit,

1969 3564 2192 3613 terrena
2221 3559 2312 3612 illa
2343 3557 2678 3612 adminicula
2713 3564 2862 3622 sunt,
2895 3573 3017 3626 quae
3047 3556 3111 3610 ad
3145 3555 3396 3627 corporis
3426 3572 3559 3611 con-

1968 3649 2204 3706 llandam
2233 3653 2399 3706 vitam
2439 3666 2502 3704 ac
2534 3649 2968 3704 conservandam
3007 3650 3324 3706 conducere
3363 3649 3559 3706 viden—

1969 3745 2062 3790 tur
2091 3739 2156 3790 ⁷ο.

2039 3827 2130 3882 80.
2163 3827 2398 3882 Animus
2434 3829 2529 3897 qui
2569 3828 2674 3882 sibi
2708 3824 3036 3880 intermedia
3082 3828 3318 3890 ratione,
3351 3827 3429 3879 uti
3460 3842 3556 3882 na-

1969 3928 2092 3974 tura
2127 3927 2503 3989 comparatum
2545 3928 2648 3983 est,
2686 3933 2909 3972 sensum
2965 3917 3326 3986 copulaverit,
3369 3932 3553 3972 veram

1967 4026 2032 4065 ex
2060 4011 2296 4064 naturali
2328 4010 2703 4080 speculatione
2735 4008 2910 4078 carpit
2937 4008 3246 4063 scientiam.

2039 4101 2126 4156 81.
2186 4102 2387 4156 Fontes
2437 4110 2590 4154 extra
2643 4101 2925 4155 civitatem
2979 4098 3250 4170 (animam
3308 4097 3554 4168 scilicet)

1967 4211 2107 4263 quos
2134 4193 2400 4248 Ezechias
2442 4192 2718 4247 obstruxit
2745 4193 2812 4256 '7‘,
2841 4198 3042 4245 cuncta
3085 4205 3149 4243 ea
3190 4198 3467 4260 suntquae
3499 4190 3552 4246 in

1967 4302 2191 4341 sensum
2228 4286 2454 4340 cadunt.
2492 4285 2696 4338 llorunt
2740 4291 2926 4337 autem
2971 4281 3205 4335 fontium
3251 4297 3427 4351 aqum,
3458 4297 3554 4336 ca-

1967 4376 2220 4429 rumdem
2265 4391 2452 4430 rerum
2499 4382 2627 4429 sunt
2667 4381 2948 4442 concepta:
2992 4371 3175 4425 animo
3214 4372 3457 4426 rationes
3491 4387 3556 4426 ac

275 4453 379 4522 τῆς
424 4453 634 4519 πόλεώς
667 4457 836 4519 ἐστιν,
879 4460 912 4527 ὴ
953 4461 1092 4511 κατὰ
1122 4461 1356 4531 φυσικὴν
1398 4461 1630 4533 θεωρίαν
1664 4468 1727 4517 ἐκ
1756 4467 1863 4519 τῶν

1969 4469 2242 4523 notiones.
2280 4467 2508 4523 Fluvius
2555 4482 2654 4537 per
2694 4465 2928 4520 mediam
2967 4464 3235 4520 dirimens
3268 4463 3427 4535 553
3472 4464 3553 4520 ci-

349 4608 394 4641 “
419 4608 622 4667 Babae.
649 4628 709 4679 ll,
735 4614 822 4669 15.
901 4615 948 4650 ²⁰
973 4615 1041 4670 ιν
1072 4616 1204 4687 Reg.
1239 4633 1348 4682 χιχ,
1379 4619 1466 4672 55.

354 4766 426 4837 (lt)
461 4767 573 4834 Τὰς
607 4768 904 4836 domitore
940 4773 1302 4839 συμπλοκὰς
1327 4775 1728 4830 ὑπαλύσκειν.
1783 4779 1862 4833 Ita

279 4851 480 4913 nempe
516 4853 656 4913 εις)ρο
682 4849 904 4913 cautum
944 4843 1194 4897 victoriae
1229 4851 1336 4908 est,
1371 4844 1518 4913 quod
1541 4863 1695 4901 mora
1721 4855 1862 4902 tem-

279 4908 433 4986 poris
457 4922 520 4960 ac
551 4908 676 4986 luga
711 4910 906 4986 praelii,
947 4927 1035 4986 res
1063 4928 1190 4966 suas
1243 4914 1367 4982 quis
1390 4908 1456 4986 in
1498 4925 1615 4970 tuto
1658 4927 1860 4986 ponat;

279 4979 547 5056 sinatque
571 4979 785 5056 hostem
817 4981 1080 5056 ipstttnjn
1127 4997 1184 5036 se
1213 4979 1342 5038 suas
1366 4984 1512 5039 vires
1561 4979 1818 5056 frangere
1847 4979 1862 5042 Ξ

279 5061 391 5115 quo
423 5050 588 5102 tundo
618 5050 822 5105 Fabius
855 5067 967 5104 rem
998 5052 1301 5107 Romanam
1336 5056 1648 5110 cunctando
1691 5050 1868 5113 “resti-

280 5118 408 5171 tuit.
462 5121 633 5195 Quem
661 5135 883 5176 sensum
915 5122 1122 5195 melius
1153 5123 1430 5191 redderet,
1457 5127 1603 5195 quod
1627 5143 1694 5180 ex
1731 5144 1861 5183 mss.

278 5189 685 5266 emendandum
717 5201 1062 5266 putaveram,
1104 5189 1494 5248 ὑπαναλίσκειν
1527 5214 1540 5226 ·
1585 5196 1732 5266 quod
1770 5197 1861 5263 sit,

279 5257 545 5338 paulatim
584 5257 892 5338 consumere
927 5265 1220 5338 sensimque
1250 5265 1519 5338 deterere;
1550 5257 1646 5321 se'd
1690 5257 1861 5322 malui

277 5328 448 5405 edita,
476 5330 589 5398 ipsa
631 5333 935 5405 nonntala,
975 5328 1308 5405 relinquere.
1351 5328 1645 5392 Male-vero
1675 5340 1858 5405 Picus,

279 5401 603 5472 συμπλοκὰς
630 5402 931 5472 ἀοράτουςξ
967 5404 1251 5458 invisibilia
1280 5407 1576 5461 involucra.

351 5467 413 5544 (ί)
443 5469 552 5544 Καὶ
605 5467 979 5544 περιεκτικῆς
1025 5475 1390 5543 ἐγκρατείας.
1425 5477 1602 5531 Etiam
1638 5489 1785 5533 cent.
1822 5496 1857 5544 ι,

277 5540 411 5619 ‘2.
439 5541 471 5607 ἡ
527 5542 853 5619 περιεκτικὴ
883 5540 1181 5619 εγκράτεια
1202 5562 1215 5574 ·
1271 5540 1382 5619 quo
1406 5618 1412 5619 ί
1437 5547 1582 5619 loco,
1614 5540 1856 5619 sugillati

276 5607 482 5684 Obsop.
519 5618 575 5660 et
607 5607 852 5684 Gesner.
875 5607 1006 5684 dum
1038 5615 1192 5683 prior
1215 5607 1507 5684 acquisita,-
1542 5607 1709 5681 alter:
1735 5622 1857 5674 uni-

275 5678 499 5730 versalis
553 5678 1054 5754 rctl'dit..__Propius'
1089 5700 1207 5738 rem
1259 5678 1439 5754 attigit
1487 5678 1855 5752 Picum-dum

276 5759 545 5802 coercente
576 5751 833 5816 reddidit;
861 5770 979 5822 qua:
1004 5754 1214 5809 scilicet
1243 5751 1542 5823 contineat,
1563 5751 1855 5829 teneatque

1545 4620 1585 4651 ⁷⁸
1622 4621 1667 4674 ll
1705 4623 1882 4677 Paral.
1913 4639 2081 4683 xxx".
2111 4623 2163 4677 ὅ.

1964 4793 2028 4833 ac
2045 4787 2298 4833 coerceat
2326 4777 2593 4843 animum,
2626 4792 2695 4832 ne
2721 4793 2780 4832 se
2806 4778 3004 4832 adduci
3040 4777 3331 4833 affectibus
3353 4779 3499 4832 sinat
3534 4795 3547 4830 :

1968 4849 2048 4902 uti
2089 4864 2156 4903 eo
2189 4850 2313 4902 loco
2353 4851 2664 4919 expositum
2697 4865 2728 4903 a
2749 4865 2836 4902 me
2860 4851 2981 4903 tuit.

2041 4919 2141 4988 (ml
2200 4919 2274 4972 Τὰ
2305 4921 2560 4982 αἰσθητὰ
2593 4919 2809 4973 πάντα.
2842 4919 3109 4974 Luxatum
3140 4927 3346 4972 textum
3385 4933 3547 4971 secu-

1968 4996 2058 5041 tus
2109 4988 2294 5052 Picus,
2329 4988 2466 5042 nihil
2517 4999 2641 5058 apte
2695 4989 2971 5042 reddidit:
3022 4992 3117 5042 hoc
3173 4997 3248 5040 est
3304 4989 3553 5058 universe

1965 5059 2186 5114 sensilia
2219 5060 2433 5112 animm.
2465 5055 2607 5112 Sunt
2651 5060 2847 5112 animae
2879 5069 2935 5111 et
2977 5059 3258 5121 dicuntur,
3303 5055 3551 5110 universi

1972 5144 2188 5192 sensus,
2216 5145 2325 5182 non
2355 5129 2596 5182 sensilia.
2622 5129 2760 5181 lllud
2783 5143 2914 5198 ergo
2930 5128 3198 5190 τουτέστι,
3218 5127 3324 5198 τῆς
3351 5126 3549 5198 ψυχῆς,

1971 5199 2231 5269 allegoria
2259 5208 2366 5262 est,
2405 5199 2501 5251 τοῦ
2535 5199 2640 5263 ἔξω
2665 5200 2761 5267 τῆς
2799 5194 3029 5269 πόλεως.
3087 5197 3234 5266 quod
3265 5211 3332 5269 ex
3385 5194 3548 5269 codd.

1972 5265 2354 5337 repfmsento:
2404 5277 2533 5323 sunt
2579 5265 2777 5337 nempe
2822 5267 3067 5330 sensilia,
3108 5265 3399 5337 exteriora
3459 5265 3551 5320 illa

1970 5335 2262 5393 inlluentia
2310 5339 2365 5392 in
2397 5340 2659 5402 animant,
2714 5335 2824 5408 per
2881 5352 3098 5399 sensus,
3135 5335 3288 5408 quasi
3336 5343 3551 5408 meatus

1965 5410 2275 5477 quosdam,
2336 5425 2363 5462 a
2415 5409 2616 5478 quibus
2681 5405 2974 5477 diligenter
3030 5406 3380 5468 cavendum,
3452 5405 3549 5460 ob-

1965 5480 2231 5533 struendo
2257 5479 2480 5534 eosdem
2513 5493 2727 5539 sensus,
2759 5495 2882 5532 cum
2904 5493 2999 5547 per
3027 5492 3124 5535 eos
3146 5492 3253 5531 una
3276 5487 3549 5531 cumsen-

1963 5548 2180 5610 silibus.
2215 5549 2390 5602 hostis
2427 5550 2653 5617 ingruit.
2692 5548 2832 5603 Sunt
2863 5549 2917 5602 bi
2949 5548 3224 5609 fenestrae,
3276 5562 3375 5618 per
3409 5559 3549 5618 quas

1962 5633 2112 5690 mors
2141 5618 2413 5682 ascendit,
2450 5620 2653 5674 .lerem.
2688 5634 2919 5690 13,1]“(8
2945 5619 3052 5673 alia
3081 5618 3407 5688 metaphora
3433 5623 3543 5679 est,

1959 5689 2210 5758 ejusdem
2232 5705 2445 5744 sensus.
