4060 6322
599 315 732 382 1251
1768 318 1833 378 S.
1872 314 2159 378 MAXIM]

2283 310 2711 374 iNFESSOBIS
3732 307 3883 375 1251

594 426 845 491 vitatem,
881 436 1004 495 qua
1044 421 1283 478 naturali
1321 420 1700 493 speculatione
1736 437 1806 479 ex
1841 436 2025 478 rerum
2057 436 2180 477 sen-

2283 417 2560 489 αἰσθητῶν
2589 415 2877 487 νοημάτων
2922 414 3267 488 συναγομὶνη
3313 416 3539 485 γνῶσις,
3570 416 3662 471 διά
3692 419 3884 489 μέσης

597 518 787 573 silium
824 514 1185 584 conceptibus
1215 514 1447 569 scientia
1475 514 1776 585 colligitur,
1806 528 1908 584 per
1941 512 2179 569 mediam

2283 510 2602 582 διερχομένη
2637 507 2740 579 τῆς
2790 506 2994 578 ψυχῆς,
3032 507 3110 572 ὡς
3138 507 3232 562 νοῦ
3260 508 3356 562 καὶ
3393 508 3708 579 αίσθήσεως
3737 507 3883 565 οὖσα

599 608 877 664 transiens
914 606 1179 667 animm,
1212 614 1274 660 ut
1307 620 1432 675 qua:
1473 614 1712 662 mentem
1752 606 1899 661 inter
1932 620 2184 660 sensum-

599 716 707 769 que
738 697 971 754 confinis
998 696 1090 752 sit.
1119 696 1327 751 Rerum
1353 697 1502 750 enim
1534 696 1588 750 in
1618 712 1839 751 sensum
1866 695 2180 751 cadentium

600 788 855 851 scientia,
888 801 991 841 nec
1032 802 1063 841 a
1103 787 1308 842 mentis
1351 802 1576 857 prorsus
1608 787 1873 842 abhorret
1898 786 2179 850 facultate,

598 894 701 934 nec
744 878 801 932 in
848 877 1086 932 solidum
1138 877 1449 949 operationi
1498 893 1695 933 sensus
1740 878 2035 944 tribuitur;
2084 876 2179 933 sed

597 970 752 1026 velut
804 969 1018 1034 media,
1065 985 1173 1040 qua
1225 985 1383 1025 mens
1436 985 1561 1024 cum
1632 985 1827 1034 sensu,
1879 984 2183 1040 sensusque

600 1074 728 1113 cum
761 1066 948 1113 mente
993 1066 1219 1122 coeunt,
1258 1073 1452 1113 eorum
1502 1059 1649 1113 inter
1686 1074 1746 1114 se
1778 1074 1808 1112 a
1844 1058 2024 1128 seipsa
2053 1073 2185 1113 con-

594 1152 942 1223 junctionem
973 1150 1107 1205 facit
1144 1167 1157 1204 :
1196 1166 1359 1205 sensu
1393 1151 1640 1221 quidem,
1673 1166 1862 1206 rerum
1895 1151 2184 1205 sensilium

600 1239 821 1309 figuris,
870 1240 1054 1308 specie
1104 1238 1370 1305 formata;
1432 1250 1619 1297 mente
1666 1256 1828 1305 vero,
1885 1240 2183 1312 figurarum

600 1330 811 1384 formas
837 1328 904 1382 ad
933 1329 1180 1383 rationes
1210 1329 1572 1386 transferens.
1594 1330 1963 1398 Quamobrem
1995 1335 2185 1404 ﬂuvius

600 1438 694 1491 per
734 1422 965 1475 mediam
1008 1421 1260 1475 dirimens
1303 1423 1585 1488 civitatem,
1622 1424 1824 1479 merito
1868 1432 2185 1496 nuncupata

601 1521 690 1566 est
743 1528 931 1566 rerum
987 1512 1043 1566 in
1094 1504 1380 1582 aspeCtum
1434 1513 1750 1568 cadentium
1807 1514 2077 1581 scicntia,
2124 1523 2188 1571 ut

603 1618 726 1671 qua:
760 1603 999 1657 duorum
1039 1611 1417 1658 extremorum
1465 1605 1689 1676 (mentis
1716 1606 1931 1662 scilicet
1963 1622 2029 1664 ac
2056 1622 2186 1663 sen-

601 1694 723 1759 sus)
755 1691 993 1747 confinis
1024 1692 1275 1747 exsistat.

2280 601 2552 673 μεθόριος.
2581 601 2647 654 Ἡ
2683 600 2794 671 γὰρ
2820 600 3019 669 γνῶσις
3046 600 3154 654 τῶν
3178 599 3483 671 αίσθητῶν,
3521 598 3654 653 οὔτε
3689 602 3880 673 πάντη

2279 695 2473 767 νοερᾶς
2502 692 2845 760 ἀπεξένωται
2882 693 3186 764 δυνάμεως,
3222 691 3343 746 οὔτε
3369 692 3544 746 διόλου
3576 696 3881 763 προσνενέ-

2282 806 2455 860 μηται
2479 791 2547 860 τῇ
2575 789 2696 842 κατ’
2733 786 2989 858 αίσθησιν
3040 787 3310 858 ἐνεργείαο
3365 786 3482 842 ἀλλ’
3529 782 3645 840 οἷον
3676 788 3783 857 τῆς
3818 804 3881 838 τε

2278 877 2374 932 τοῦ
2404 877 2497 931 νοῦ
2539 876 2677 950 πρὸς
2714 879 2815 948 τὴν
2856 877 3132 947 αἴσθησιν,
3172 877 3272 931 καὶ
3312 876 3452 948 πρὸς
3480 877 3576 931 τὸν
3605 876 3737 929 νοῦν
3775 879 3881 947 τῆς

2279 968 2588 1039 αἰσθήσεως
2636 967 2877 1032 συνόδου,
2934 968 3078 1038 μέση
3136 965 3518 1037 τυγχάνουσα,
3558 964 3631 1018 δι’
3665 966 3879 1034 ἑαυτῆς

2281 1062 2519 1115 ποιεῖται
2558 1060 2659 1130 τὴν
2698 1060 2838 1132 πρὸς
2870 1058 3078 1129 ἄλληλα
3119 1059 3326 1112 τούτων
3359 1058 3684 1127 συνάφειαν*
3729 1059 3880 1111 κατὰ

2284 1148 2385 1220 μιν
2410 1148 2507 1219 τὴν
2541 1147 2817 1219 αἴσθησιν,
2838 1149 2961 1201 κατ’
2994 1142 3133 1210 εἶδος
3150 1146 3468 1217 τυπουμένη
3496 1148 3611 1208 τοῖς
3647 1146 3879 1215 σχήμα-

2283 1256 2339 1292 σι
2366 1238 2475 1293 τῶν
2530 1238 2825 1311 αἰσθητῶν·
2857 1237 3001 1293 κατὰ
3028 1236 3085 1291 δὲ
3130 1237 3222 1291 τὸν
3248 1236 3394 1302 νοῦν,
3439 1237 3521 1301 είς
3550 1236 3756 1304 λόγους
3797 1240 3877 1305 (ιι)

2282 1328 2393 1383 τῶν
2416 1330 2711 1400 σχημάτων
2736 1331 2864 1395 τοὺς
2894 1330 3101 1394 τύπους
3130 1329 3598 1401 μεταϐιϐάζουσα.
3634 1328 3732 1381 Διὸ
3777 1346 3876 1381 πο⁶

2281 1420 2457 1491 ταμδς
2481 1420 2731 1491 διορίζων
2750 1421 2840 1475 διὰ
2861 1421 3033 1493 μέσης
3054 1422 3153 1493 τῆς
3175 1421 3406 1487 πόλεως,
3437 1422 3669 1483 εἰκότως
3701 1436 3818 1491 προ
3830 1437 3879 1471 :-

2282 1511 2562 1585 ηγορεύθη
2589 1512 2698 1567 τῶν
2734 1496 3028 1585 δρωμένων
3055 1515 3090 1587 ἡ
3141 1514 3365 1583 γνῶσις,
3398 1514 3475 1578 ὡς
3510 1513 3622 1569 τῶν
3661 1514 3877 1585 ἄκρων,

2284 1601 2430 1672 λέγω
2446 1602 2504 1657 δὲ
2531 1602 2624 1656 νοῦ
2647 1604 2741 1657 καὶ
2776 1603 3103 1676 αίσθήσεως,
3130 1600 3269 1659 οὖσα
3297 1604 3652 1676 μεταίχμιος.

678 1782 767 1837 82.
808 1782 935 1849 Qui,
973 1799 1085 1853 quo
1132 1792 1381 1853 tempore
1429 1784 1723 1856 insurgunt
1766 1784 2122 1852 tentationes,
2153 1800 2180 1840 a

2356 1775 2468 1847 πβν.
2519 1774 2582 1831 ’0
2617 1775 2758 1830 κατά
2780 1778 2875 1831 τὸν
2903 1778 3096 1848 καιρὸν
3123 1777 3221 1847 τῆς
3254 1776 3364 1831 τῶν
3412 1774 3741 1849 πειρασμῶν
3777 1775 3878 1827 επ-

602 1875 843 1930 naturali
912 1890 971 1931 se
1020 1875 1396 1945 speculatione
1448 1877 1723 1944 abstinet,
1782 1878 2079 1948 animoque
2126 1878 2183 1933 in

605 1966 847 2037 seipsum
895 1981 961 2022 ac
1001 1967 1173 2021 Deum
1219 1967 1289 2022 ab
1326 1969 1583 2024 omnibus
1636 1969 1889 2033 collecto,
1928 1968 2187 2039 precibus

605 2058 827 2122 studet,
882 2058 1134 2113 habitum
1195 2059 1324 2113 mali
1378 2069 1662 2131 parentem
1721 2059 2019 2126 interimit;
2083 2075 2184 2129 ac,

604 2162 769 2215 quem
820 2146 936 2201 dixi
985 2146 1239 2202 habitum
1290 2159 1697 2220 suggerentem,
1733 2151 2016 2206 diabolum
2058 2167 2185 2207 cum

608 2238 825 2307 pudore
864 2240 1069 2293 reverti
1093 2240 1239 2311 cogit
1274 2258 1288 2294 :
1318 2256 1428 2311 quo
1462 2257 1659 2319 nempe
1697 2242 1891 2308 frctus,
1921 2258 2045 2297 cum
2087 2259 2186 2299 sua

606 2328 699 2384 ille
748 2332 1065 2400 arrogantia
1112 2332 1166 2386 in
1220 2332 1464 2387 animum
1506 2342 1755 2401 venerat,
1800 2334 2055 2405 superbis
2090 2334 2187 2389 ad-

604 2434 804 2476 versus
826 2421 1113 2475 veritatem
1140 2422 1569 2493 cogitationibus
1588 2426 1787 2480 elatus.
1806 2424 1864 2480 Id
1887 2441 2018 2480 vero
2042 2424 2185 2480 forte

605 2524 837 2579 magnus
878 2510 1047 2564 David
1093 2527 1218 2567 cum
1260 2513 1627 2582 cognovisset,
1664 2531 1967 2585 passusque
1999 2525 2056 2571 et
2092 2531 2187 2571 ex-

604 2612 797 2671 pertus
840 2611 987 2658 esset
1029 2612 1194 2675 atque
1236 2608 1457 2677 egisset,
1495 2610 1741 2663 omnium
1786 2609 1903 2679 ipse
1950 2610 2185 2666 maxime

604 2692 936 2759 spiritalium
982 2693 1253 2749 bellorum
1290 2698 1501 2767 peritus
1532 2716 1545 2752 :
1573 2697 1703 2755 Cum
1743 2702 2067 2767 consisteret,
2098 2701 2185 2755 in-

603 2782 744 2850 quit,
776 2792 1017 2852 peccator
1051 2786 1328 2841 aduersum
1369 2805 1472 2849 me.
1504 2789 1760 2855 obmutui,
1793 2799 1839 2845 et
1875 2793 2184 2847 humiliatus

602 2888 721 2925 sum
761 2882 810 2926 et
849 2873 974 2928 silui
1020 2891 1052 2929 a
1098 2876 1245 2932 bonis
1276 2879 1341 2931 τ’.
1386 2879 1655 2950 Huncque
1697 2894 1922 2939 secutus
1964 2883 2185 2940 divinus

602 2962 893 3027 Jeremias,
925 2966 1131 3037 jubens
1176 2969 1403 3039 populo,
1448 2985 1518 3025 ne
1564 2971 1637 3026 ob
1688 2972 1897 3027 circum
1941 2975 2185 3046 undique

605 3068 910 3113 morantem
944 3058 1187 3114 hostium
1217 3061 1481 3132 gladium,
1509 3062 1729 3118 civitate
1759 3065 1939 3121 exiret
1972 3066 2042 3122 ".

678 3315 765 3369 83.
802 3315 975 3386 lgitur
1011 3318 1176 3373 etiam
1228 3319 1422 3377 beatus
1461 3324 1631 3389 Abel,
1675 3326 1949 3397 siquidem
1990 3329 2183 3387 obser-

605 3415 812 3469 vasset,
846 3422 952 3462 nec
981 3423 1089 3462 una
1118 3425 1243 3464 cum
1269 3410 1404 3465 Cain
1439 3414 1495 3467 in
1522 3430 1773 3485 campum
1808 3419 1938 3489 (lata
1973 3422 2185 3479 scilicet

608 3498 879 3552 naturalis
911 3500 1330 3572 speculationis)
1362 3504 1585 3571 exisset,
1618 3509 1853 3564 necdum
1891 3521 2050 3582 parto
2083 3514 2187 3569 im-

607 3590 1050 3657 perturbationis
1098 3593 1329 3661 habitu,
1383 3612 1663 3668 nunquam
1717 3600 1807 3658 ille
1858 3604 2181 3678 insurgens,

607 3679 737 3734 dolo
772 3681 1068 3737 occidisset
1095 3683 1142 3715 “
1171 3702 1183 3738 :
1216 3685 1304 3740 lex
1341 3687 1552 3743 scilicet
1581 3693 1762 3748 carnis
1798 3694 1941 3766 (quae
1969 3706 2026 3752 et
2048 3698 2181 3753 Cain

606 3783 693 3829 est
734 3783 792 3831 et
836 3786 1223 3849 nuncupatur)
1275 3781 1474 3852 lepidis
1521 3785 1859 3859 faustisque,
1908 3791 2055 3848 inter
2092 3809 2183 3850 res

606 3875 991 3943 speculandas,
1017 3875 1233 3946 fallens,
1274 3894 1398 3936 cum
1439 3883 1671 3939 necdum
1708 3888 1956 3959 perfecto
1990 3890 2179 3949 habitu

606 3963 914 4023 instructus
946 3977 1114 4023 esset.

674 4056 763 4112 84.
806 4056 984 4111 Simili
1031 4073 1253 4129 quoque
1295 4061 1510 4119 ratione
1558 4065 1730 4131 Dina,
1779 4071 1960 4142 magni
2009 4072 2181 4129 Jacob

604 4146 745 4210 filia,
790 4146 901 4201 nisi
945 4162 1071 4202 cum
1117 4150 1551 4222 alienigenarum
1597 4157 1814 4214 filiabus
1857 4160 2180 4234 (sentientis

602 4236 812 4320 scilicet
864 4237 1033 4292 animi
1085 4239 1545 4318 cogitationibuS)
1595 4262 1813 4318 egressa
1859 4260 2037 4320 esset;
2076 4270 2179 4311 nec

600 4318 732 4382 sane
780 4328 1001 4384 Sichem
1037 4330 1184 4387 filius
1223 4333 1445 4390 Emmor
1494 4354 1614 4394 eam
1663 4318 2079 4416 constuprasset
2107 4350 2174 4405 "'.

668 4500 756 4555 85.
797 4503 1048 4571 Praestat,
1090 4516 1151 4562 ut
1192 4509 1284 4579 qui
1318 4512 1551 4567 necdum
1582 4518 1885 4585 perfectum
1920 4522 2171 4579 habitum

598 4590 746 4689 nacti
782 4591 977 4658 simus,
1003 4599 1319 4689 naturalem
1355 4606 1785 4683 speculationem
1832 4630 1941 4668 non
1986 4632 2174 4689 aggre-

599 4676 852 4773 diamur;
888 4697 957 4736 ne
986 4683 1116 4738 dum
1147 4703 1213 4741 ex
1251 4690 1415 4747 rebus
1448 4676 1658 4753 creatis
1684 4700 1737 4756 in
1771 4676 2175 4773 aspectumvca-

599 4766 861 4856 dentibus
881 4772 1158 4842 spiritales
1182 4781 1429 4838 rationes
1451 4788 1812 4855 exquirimus,
1835 4766 2077 4853 'atfectus
2108 4816 2173 4856 ac

597 4855 858 4952 libidines
893 4862 1275 4933 imprudentes
1309 4873 1650 4944 colligamus.
1684 4879 1845 4952 554
1876 4884 2006 4940 Plus
2028 4855 2172 4944 enim

595 4948 781 5004 valent
831 4966 1004 5022 penes
1057 4955 1442 5027 imperfectos,
1503 4972 1562 5018 ut
1621 4948 1841 5025 sensum
1900 4973 2172 5045 alliciant,

596 5041 910 5137 conspicuae
956 5061 1143 5101 rerum
1193 5054 1609 5121 aspectabilium
1658 5060 1863 5132 figurar,
1900 5082 2063 5137 quam
2112 5041 2175 5126 ut

597 5132 879 5199 animum,
926 5137 1036 5193 illis
1077 5140 1280 5197 abdita:
1325 5156 1633 5203 crcatarum
1679 5169 1864 5209 rerum
1907 5132 2170 5217 rationes.

596 5222 792 5290 Porro,
830 5227 924 5296 qui
976 5230 1078 5283 soli

2287 1868 2658 1934 αναστάσεως,
2688 1868 2787 1938 τῆς
2822 1871 2960 1939 μετά
2990 1870 3225 1940 φυσικῆς
3246 1868 3583 1940 ἀπεχόμενος
3607 1867 3874 1938 θεωρίας,

2286 1961 2385 2031 τῆς
2406 1960 2462 2014 δὲ
2489 1961 2800 2032 προσευχῆς
2830 1962 2970 2015 κατά
3004 1962 3100 2032 τὴν
3139 1963 3203 2015 ἐκ
3233 1962 3451 2017 πάντων
3491 1961 3629 2033 πρὸς
3678 1961 3878 2013 ἑαυτὸν

2286 2068 2347 2107 τε
2369 2053 2463 2106 καὶ
2495 2052 2587 2105 τὸν
2612 2051 2746 2106 Θεδν
2772 2051 2868 2107 τοῦ
2900 2052 2994 2107 νοῦ
3024 2053 3289 2125 συστολὴν
3320 2053 3704 2124 ἀντεχόμενος,
3732 2053 3872 2105 ἁπο-

2287 2143 2490 2197 κτείνει
2526 2144 2626 2214 τὴν
2667 2143 2958 2215 ποιητικὴν
3008 2145 3107 2213 τῆς
3156 2143 3356 2209 κακίας
3400 2144 3536 2211 ἕξιν,
3582 2142 3683 2197 καὶ
3732 2144 3875 2197 ἀπο-

2289 2236 2513 2307 στρέφει
2550 2236 2668 2307 μετ’
2700 2236 2966 2307 αἰσχύνης
3009 2236 3100 2289 τὸν
3128 2236 3397 2302 διάϐολον,
3425 2235 3874 2305 ὑποϐαλλόμενον

2284 2328 2386 2399 τὴν
2424 2328 2724 2400 εἰρημένην
2768 2327 2905 2396 ἐξιν,
2959 2329 3045 2398 ἐφ’
3169 2328 3449 2393 πεποιθὼς
3483 2329 3622 2399 μετά
3654 2332 3762 2397 τῆς
3789 2330 3870 2382 οι-

2286 2420 2441 2483 κείας
2466 2420 2789 2486 ἀλαζονείας
2843 2417 2977 2494 ἦλθε
3022 2422 3159 2493 πρὸς
3221 2424 3321 2491 τὴν
3357 2421 3555 2493 ψυχὴν,
3615 2422 3709 2476 διά
3762 2421 3870 2475 τῶν

2286 2511 2654 2584 ὑπερηφάνων
2683 2512 2961 2584 λογισμῶν
2976 2514 3075 2585 τῆς
3090 2514 3351 2586 ἀληθεῦις
3379 2516 3869 2587 κατεπαιρόμενοςο

2286 2604 2422 2675 δπερ
2458 2604 2622 2675 τυχὸν
2654 2604 2749 2661 καὶ
2786 2606 2949 2674 γνοὺς
2980 2608 3077 2659 καὶ
3108 2606 3296 2661 παθὼν
3324 2608 3418 2662 καὶ
3449 2609 3689 2678 ποιήσας
3710 2611 3740 2663 ό
3769 2607 3870 2679 μέ-

2286 2712 2388 2765 γας
2412 2696 2611 2763 Δαὸὶδ,
2638 2698 2667 2751 ό
2694 2696 2913 2751 πάντων
2960 2696 3197 2767 μάλιστα
3232 2701 3429 2768 πεῖραν
3458 2699 3599 2768 έχων
3626 2702 3730 2768 τῆς
3759 2698 3870 2752 τῶν

2284 2785 2491 2857 νοητῶν
2522 2784 2777 2857 πολέμων
2827 2786 3210 2857 παρατάξεως,
3254 2786 3357 2839 Ἐν
3399 2784 3481 2850 τῷ
3530 2784 3867 2854 συστῆναι,

2286 2879 2445 2949 φησί,
2496 2880 2607 2933 τὸν
2644 2878 2998 2949 ἁμαρτωλὸν
3022 2878 3302 2932 ἐναντίον
3345 2895 3486 2949 μου,
3542 2876 3871 2947 ὲκωφώθην

2285 2969 2383 3024 καί
2426 2969 2854 3037 ἐταπεινώθην,
2903 2969 3003 3023 καί
3046 2970 3309 3039 ἐσίγησα
3339 2967 3410 3034 ἐξ
3457 2966 3719 3037 ἀγαθῶν
3772 2970 3869 3023 καὶ

2289 3063 2407 3134 μετ’
2447 3063 2610 3117 αὑτὸν
2641 3064 2671 3117 δ
2723 3062 2865 3126 θεῖος
2906 3061 3198 3133 Ἱερεμίας,
3238 3061 3601 3133 προστάσσων
3639 3059 3721 3133 τῷ
3753 3060 3871 3131 λαῴ

2288 3153 2365 3224 μὴ
2392 3154 2618 3223 ἐκϐῆναι
2651 3152 2749 3222 τῆς
2779 3152 3009 3219 πόλεως,
3026 3150 3116 3206 διὰ
3140 3151 3239 3223 τὴν
3261 3149 3543 3206 κύκλωθεν
3566 3149 3871 3224 παροωωῦ-

2287 3261 2389 3298 σαν
2420 3244 2530 3298 τῶν
2559 3245 2771 3315 ἐχθρῶν
2798 3243 3098 3315 ῥομφαίαν.

2356 3340 2469 3403 πγ’.
2509 3334 2620 3388 Καὶ
2652 3336 2682 3388 ό
2722 3335 2993 3406 μακάριος
3024 3334 3206 3388 τοίνυν
3244 3333 3437 3399 Ἀδελ,
3472 3334 3633 3405 εἰπερ
3659 3333 3869 3404 ἐφυλά-

2286 3423 2433 3490 ξατο,
2467 3424 2562 3478 καὶ
2594 3424 2669 3496 μὴ
2701 3425 2992 3496 συνεξῆλθε
3014 3424 3094 3496 τῷ
3122 3425 3264 3479 Κάῖν
3288 3426 3346 3479 έν
3378 3425 3456 3501 τῷ
3487 3425 3677 3497 πεδίῳ·
3703 3441 3867 3479 τουτ-

2286 3516 2435 3569 έστιν
2466 3518 2523 3570 έν
2556 3516 2633 3588 τῷ
2665 3517 2859 3572 πλάτει
2896 3517 2994 3587 τῆς
3034 3518 3272 3588 φυσικῆς
3319 3516 3577 3589 θεωρίας
3610 3515 3716 3588 πρδ
3763 3518 3868 3590 τῆς

2284 3608 2575 3675 ἀπαθείας,
2603 3610 2705 3664 οὐκ
2746 3610 2812 3664 ἂν
2837 3610 3145 3674 ἐπαναστὰς
3173 3610 3498 3665 ἀπέκτεινεν
3528 3612 3693 3667 αὑτὸν
3723 3614 3867 3684 μετά

2282 3700 2462 3767 δόλου,
2493 3701 2701 3772 κλέψας
2741 3704 2857 3767 τοῖς
2882 3701 3077 3769 δεξιοῐς
3102 3703 3247 3757 κατὰ
3279 3704 3381 3775 τὴν
3400 3702 3509 3757 τῶν
3528 3704 3700 3759 ὄντων
3727 3704 3867 3760 θω-

2287 3793 2411 3865 ρίαν
2443 3793 2550 3865 πρὸ
2589 3795 2688 3866 τῆς
2716 3792 2929 3857 τελείας
2968 3793 3156 3861 ἓξεως,
3185 3797 3215 3851 ό
3246 3794 3347 3868 τῆς
3382 3796 3587 3869 σαρκὸς
3617 3796 3804 3867 νόμος,
3831 3798 3865 3851 6

2284 3885 2425 3940 Κάῖν
2455 3885 2551 3939 καὶ
2589 3884 2665 3940 ῶν
2696 3885 2793 3941 καὶ
2827 3885 3182 3957 καλούμενος.

2355 4062 2459 4117 πδθ.
2500 4062 2735 4133 Ὁμοίως
2787 4066 2883 4118 καὶ
2928 4066 3079 4132 Δίνα,
3128 4067 3163 4138 ή
3211 4067 3307 4122 τοῦ
3338 4070 3580 4140 μεγάλου
3610 4071 3860 4145 θυγάτηρ

2293 4153 2511 4220 Ἰακὼϐ,
2542 4157 2591 4208 εί
2625 4156 2700 4226 μη
2731 4155 3025 4226 συνεξῆλθε
3055 4160 3173 4222 ταῖς
3207 4158 3517 4233 θυγατράσι
3545 4163 3657 4217 τῶν
3685 4166 3860 4235 ἔγκω-

2283 4243 2435 4315 ρίωνο
2483 4246 2753 4312 τουτέστι,
2799 4249 2916 4312 ταῖς
2969 4248 3317 4321 αίσθητικαϊς
3371 4256 3721 4323 φαντασίαιςι
3762 4258 3856 4311 οὐκ

2278 4334 2346 4388 ἂν
2380 4336 2565 4407 Συχὲμ
2596 4337 2625 4390 ό
2656 4339 2771 4403 υίὸς
2813 4340 3025 4413 Ἐμμδρ
3066 4342 3382 4409 ἐπαναστάς
3431 4346 3606 4418 αὐτὴν
3643 4348 3854 4402 ἐταπεί-

2205 4443 2249 4499 D
2276 4444 2437 4483 νωσε.

2350 4526 2456 4575 πε’.
2489 4520 2670 4574 Καλόν
2713 4522 2829 4575 ἐστι
2864 4525 2971 4594 πρὸ
2999 4526 3097 4594 τῆς
3123 4526 3339 4591 τελείας
3368 4529 3558 4595 ἕξεως,
3592 4532 3668 4601 μὴ
3700 4533 3851 4586 ams-

2281 4611 2405 4665 σθαι
2445 4614 2593 4684 ἡμᾶς
2615 4614 2716 4685 τῆς
2758 4617 2994 4686 φυσικῆς
3023 4617 3275 4687 θεωρίας,
3305 4620 3395 4674 ἵνα
3428 4622 3503 4693 μὴ
3528 4620 3723 4689 λόγους
3746 4624 3852 4674 ἐπι-

2281 4704 2574 4775 ζητοῦντες
2611 4710 3015 4777 πνευματικοὺς
3059 4710 3123 4761 ἐκ
3160 4710 3273 4765 τῶν
3297 4713 3599 4785 δρωμένων
3625 4715 3851 4786 κτισμά·

2280 4814 2411 4859 των,
2446 4796 2699 4868 λάθωμεν
2737 4798 2885 4871 πάθη
2919 4799 3289 4869 συλλέγοντες.
3326 4805 3503 4860 Πλέον
3526 4807 3636 4880 γάρ
3664 4810 3722 4861 έν
3753 4811 3853 4871 τοῖς

2281 4888 2501 4941 ἀτελέσι
2533 4888 3004 4962 δυναστεύειπρδς
3036 4892 3132 4963 τὴν
3159 4894 3420 4967 αἴσθησιν
3453 4898 3524 4953 τά
3558 4901 3853 4971 φαινόμενι

2278 4982 2535 5051 σχήματα
2562 4982 2675 5036 τῶν
2725 4985 3035 5055 ὁρωμένων,
3071 4987 3103 5056 ἢ
3146 4986 3283 5057 πρὸς
3332 4990 3437 5062 τὴν
3478 4991 3660 5063 ψυχὴν
3689 4995 3740 5046 οί
3766 5010 3852 5047 κε-

2274 5074 2584 5144 κρυμμένοι
2614 5079 2726 5138 τοῖς
2767 5078 3010 5147 σχήμασι
3051 5077 3198 5146 λόγοι
3226 5079 3340 5133 τῶν
3392 5086 3715 5152 γεγονότων.
3750 5089 3768 5107 ⁸
3798 5086 3855 5139 Οἱ

2277 5165 2462 5234 μέντοι
2498 5165 2645 5236 μόνῳ
2673 5166 2751 5238 τῷ
2781 5168 3070 5237 γράμματι
3100 5170 3516 5241 προσδήσαντες
3561 5176 3856 5238 Ἰουδαϊκῶς

1127 5232 1324 5289 littera:
1365 5235 1680 5297 Iudaeorum
1728 5261 1879 5303 more
1925 5251 2169 5308 animum

2283 5232 2373 5328 τὴν
2401 5232 2662 5325 διάνοιαν,
2990 5232 3161 5314 αἰῶνα
3202 5232 3396 5318 τοῦτον
3422 5232 3736 5339 ἐκδέχονται
3766 5232 3857 5333 τάξ

669 5377 713 5409 ’³
744 5379 885 5435 Psal.
913 5398 1131 5451 xxxvm,
1162 5388 1216 5441 2.
1295 5390 1339 5419 ⁷³
1361 5390 1564 5448 Jcrem.
1594 5412 1666 5461 vx,
1707 5398 1795 5452 25.
1871 5402 1916 5433 ⁷⁸
1944 5400 2080 5458 Gen.
2116 5422 2180 5473 iv,

2283 5448 2287 5461 ι
2363 5411 2410 5443 ’⁸
2438 5410 2574 5467 Gen.
2609 5428 2787 5479 xxxiv,
2822 5415 2845 5469 l
2882 5429 3036 5485 seqq.

666 5497 686 5518 ‘
712 5496 798 5554 Cf.
834 5500 903 5555 ad
934 5502 1094 5556 Thal.
1120 5520 1176 5574 q.
1203 5507 1271 5561 50
1293 5517 1349 5563 et
1374 5511 1442 5565 55
1469 5512 1537 5568 ad
1564 5532 1621 5569 ιι.
1655 5518 1723 5573 89
1749 5518 1906 5575 infra.

667 5605 753 5721 ξιτ)
778 5613 1380 5721 iisiiss-.3313;
1399 5625 1765 5721 meum:
1796 5633 1851 5721 is!
1883 5637 2159 5721 ντφρερυο

2292 5642 2486 5721 iusque
2511 5644 2581 5699 de
2628 5648 2750 5721 illis
2771 5648 3047 5721 intelligit.
3096 5651 3274 5708 Latini
3318 5660 3561 5718 rationes
3624 5662 3850 5721 dicunt:

600 5685 749 5740 sunt,
778 5681 922 5751 quod
955 5681 1112 5741 mens
1138 5687 1192 5741 in
1222 5681 1382 5745 rebus
1426 5681 2151 5775 inunii'ti's’iégii,3355;:

2260 5727 2364 5767 nec
2386 5714 2520 5769 satis
2540 5727 2665 5786 apte
2694 5718 2877 5785 Picus,
2909 5714 3270 5793 erigitatiaues.
