4122 6320
338 318 474 390 i253

1010 315 1342 379 CAPITUM
1381 311 1801 388 QUINQUIES
1838 308 2356 373 CENTENORUM
2394 306 2782 378 CENTURIA
2823 306 2902 367 Il.

3452 309 3587 370 125A

329 434 661 506 ἔπαγγελίας
710 434 819 487 τῶν
870 430 1168 503 ἀκηράτων
1205 428 1458 501 ἀγαθῶν,
1492 427 1815 498 ἀγνοοῦντες
1841 426 1910 480 τὰ

2011 425 2375 488 addixerunt,
2425 422 2755 476 immortalia
2800 421 2943 475 bona
2988 419 3286 489 promissa,
3324 435 3440 479 aevo
3486 422 3591 477 hoc

330 531 473 585 κατά
513 529 676 602 φύσιν
701 528 801 599 τῆς
829 525 1013 598 ψυχῆς
1037 524 1239 594 ἀγαθά.

399 708 516 766 πς’.
555 701 617 755 ’0
656 698 757 770 τὴν
816 699 1004 752 εἰκόνα
1050 696 1288 767 φορέσας
1329 694 1422 749 τοῦ
1456 692 1800 764 ἐπουρανίου,
1829 690 1907 761 τῷ

330 787 599 858 πνεύματι
644 787 735 841 διὰ
789 787 1009 841 πάντων
1045 784 1280 838 ἔπεσθαι
1332 782 1553 838 σπεύδει
1597 783 1697 852 τῆς
1749 782 1907 851 ἁγίας

331 879 567 950 Γραφῆς,
600 882 657 933 εν
682 872 726 947 ᾧ
753 879 820 932 δι’
849 877 1052 949 ἀρετῆς
1084 877 1179 930 καὶ
1224 875 1505 945 γνώσεως,
1534 877 1567 947 ἡ
1600 876 1699 946 τῆς
1730 873 1907 944 ψυχῆς

327 972 563 1043 ὑπάρχει
597 973 945 1042 συντήρησις·
967 972 995 1023 6
1031 970 1089 1023 δὶ
1111 969 1208 1041 τὴν
1240 968 1424 1022 εἰκόνα
1455 968 1636 1038 φορῶν
1658 965 1752 1020 τοῦ
1790 970 1907 1037 χοῖ-

328 1061 446 1126 κοῦ,
482 1061 543 1114 τὸ
589 1062 827 1130 γράμμα
885 1059 1045 1130 μόνον
1103 1059 1376 1131 περιέπει·
1419 1058 1477 1110 ὲν
1513 1050 1560 1126 ᾧ
1596 1057 1631 1127 ἡ
1680 1055 1906 1110 κατάῐο

326 1152 519 1224 σθησιν
559 1153 695 1223 πρὸς
728 1151 888 1220 σῶμα
930 1150 1156 1220 λατρεία
1207 1149 1510 1220 συνέστηκε
1538 1148 1607 1202 τὰ
1634 1146 1786 1219 πάθη
1813 1146 1907 1218 δη-

328 1241 689 1313 μιουργοῦσα.

397 1332 506 1396 πξ.
542 1331 757 1402 Κράτος
800 1328 937 1383 Θεοῦ
978 1329 1341 1399 καθέστηκεν,
1372 1331 1406 1401 ἡ
1439 1326 1761 1401 ἀναιρετικὴ
1797 1317 1906 1379 τῶν

325 1420 515 1473 παθῶν
548 1418 742 1491 ἀρετὴ.
771 1419 877 1472 καὶ
910 1418 1021 1474 τῶν
1076 1418 1316 1473 εὐσεϐῶν
1367 1418 1709 1491 φρουρητικὴ
1753 1417 1906 1485 λογι-

327 1510 503 1579 σμῶν,
532 1509 600 1578 ἣν
624 1509 788 1579 γεννᾷ
818 1508 1018 1579 πρᾶξις
1044 1508 1300 1575 ἐντολῶν,
1346 1509 1413 1563 δι’
1439 1503 1508 1580 ἦς
1527 1507 1641 1572 ,τὰς
1664 1508 1906 1562 ἀντικει-

329 1599 497 1670 μένας
524 1598 603 1669 τῷ
628 1599 821 1671 ἀγαθῷ
853 1600 1095 1671 πονηρὰς
1118 1600 1400 1670 δυνάμεις,
1434 1597 1726 1671 σρνεργείᾳ
1748 1596 1903 1652 Θεοῦ·

329 1661 530 1760 μᾶλλον
561 1661 619 1744 ϐε
836 1661 1267 1761 δυνάμεινθεοῦ,
1289 1661 1905 1762 διαφέὲίρομεν.’”Υψος

2006 514 2318 587 praestanda
2352 520 2694 582 exspectant,
2728 512 2858 566 dum
2902 527 3023 581 qua:
3067 511 3179 566 sint
3214 512 3384 566 animi
3422 520 3588 567 natu-

2006 604 2146 659 ralia
2178 605 2324 659 bona
2360 604 2638 675 ignorant.

2078 698 2167 753 86.
2200 696 2305 764 Qui
2336 696 2576 753 cmlestis
2605 705 2789 767 portat
2820 696 3132 767 imaginem,
3174 711 3392 750 omnem
3429 694 3590 750 adhi-

2006 786 2102 842 bet
2132 802 2347 851 curam,
2381 794 2443 840 ut
2484 786 2539 839 in
2579 786 2837 841 omnibus
2882 785 3184 856 Scriptum
3220 799 3389 839 sacrae
3423 783 3588 853 spiri-

2010 884 2125 932 tum
2158 888 2423 947 sequatur
2448 878 2523 943 ";
2555 877 2611 930 in
2639 892 2771 946 quo,
2798 877 3003 930 virtute
3031 875 3231 930 comite
3257 884 3312 929 et
3336 873 3586 934 scientia,

2007 969 2177 1024 animi
2224 969 2575 1024 incolumitas
2614 978 2672 1023 et
2711 969 2860 1022 salus
2900 968 3079 1038 posita
3114 976 3199 1023 est
3230 984 3244 1020 :
3275 967 3369 1037 qui
3408 974 3589 1019 autem

2010 1065 2199 1129 portat
2228 1058 2522 1129 imaginem
2561 1058 2863 1122 terrestris,
2890 1057 3132 1111 litteram
3162 1056 3430 1109 duntaxat
3459 1070 3562 1109 con

2006 1155 2280 1213 sectatur;
2330 1148 2389 1201 in
2430 1162 2560 1217 qua,
2594 1146 2975 1216 propensioris
3016 1145 3072 1199 in
3119 1158 3323 1213 corpus
3368 1157 3588 1210 sensus,

2005 1236 2267 1293 vitiorum
2301 1252 2500 1307 parens
2532 1252 2595 1291 ac
2624 1236 2940 1300 libidinum,
2966 1233 3238 1289 consistit.

2077 1329 2165 1384 87.
2207 1328 2305 1383 Dei
2358 1337 2639 1398 potestas,
2690 1326 2871 1381 virtus
2922 1335 3007 1381 est
3061 1325 3197 1379 vitia
3248 1324 3590 1394 aﬁ‘ectusque

2005 1416 2363 1481 interimens,
2413 1416 2641 1487 piasque
2693 1415 2938 1469 rationes
2982 1413 3240 1468 muniens
3280 1428 3344 1488 ac
3395 1422 3587 1478 tuens;

1988 1509 2243 1575 actionis
2296 1510 2485 1579 proles
2534 1524 2645 1578 qua
2703 1506 2961 1563 mandata
3028 1505 3417 1581 exsequimur;
3483 1520 3592 1575 qua

2006 1616 2229 1671 nempe,
2272 1600 2421 1655 bono
2462 1598 2770 1654 contrarias
2804 1598 3173 1669 nequissimas
3205 1598 3462 1659 virtutes,
3494 1596 3592 1651 Dei

2006 1692 2212 1748 auxilio
2256 1691 2411 1762 (quin
2453 1691 2574 1762 ejus
2614 1706 2724 1745 una
2765 1690 3033 1761 potentia)
3078 1689 3454 1760 proﬁigamus.
3493 1687 3592 1745 Dei

320 1779 380 1833 δὲ
410 1779 544 1833 Θεοῦ
584 1780 733 1834 ἐστιν
777 1783 810 1851 ὴ
840 1778 1042 1849 γνῶσις
1068 1780 1168 1850 τῆς
1204 1779 1485 1851 ἀληθείας,
1510 1780 1579 1850 ἥν
1616 1778 1783 1849 γεννᾷ
1808 1777 1908 1848 τῆς

2010 1791 2195 1839 autem
2242 1783 2537 1849 celsitudo,
2571 1782 2826 1838 veritatis
2874 1782 3108 1837 scientia
3141 1788 3246 1847 est,
3278 1798 3445 1852 quam
3486 1781 3592 1837 im-

323 1870 433 1925 τῶν
460 1871 772 1941 γεγονότων
799 1871 1032 1943 Θεωρίας
1060 1872 1090 1924 6
1129 1870 1319 1935 πόνος,
1359 1870 1454 1923 καὶ
1478 1870 1529 1922 οί
1556 1870 1649 1924 ἐπὶ
1673 1871 1739 1940 τῇ
1765 1868 1906 1939 πρά-

325 1960 404 2027 ξει
452 1961 562 2014 τῶν
606 1961 819 2033 ἀρετῶν
868 1961 1095 2033 ἱδρῶτες
1129 1963 1293 2015 πόνου
1332 1961 1569 2030 πατέρες
1606 1959 1902 2029 γινόμενοι·

323 2050 389 2104 δι’
420 2044 488 2122 ἦς
521 2050 621 2122 τὴν
645 2051 1032 2121 ἀντικειμένην
1064 2053 1131 2121 τῇ
1164 2049 1395 2122 ἀληθείᾳ
1424 2048 1520 2103 τοῦ
1552 2047 1782 2118 ψεύδους
1814 2047 1905 2101 δύ-

324 2158 509 2212 ναμιν,
542 2141 822 2206 παντελῶς
842 2142 1266 2212 ὲξαφανίζομεν,
1285 2142 1394 2195 πᾶν
1411 2140 1611 2212 ὕψωμα
1629 2141 1738 2194 τῶν
1756 2141 1908 2196 tuat-

329 2230 570 2301 ρομένων
601 2231 743 2285 κατά
775 2232 875 2302 τῆς
896 2231 1151 2302 γνώσεως
1174 2231 1268 2285 τοῦ
1291 2231 1428 2285 Θεοῦ
1457 2231 1712 2303 πονηρῶν
1737 2248 1905 2286 πνευ-

329 2323 516 2392 μάτων
542 2321 928 2386 ταπεινοῦντες
988 2324 1083 2377 καὶ
1146 2322 1606 2386 καταϐάλλοντες.
1653 2324 1764 2378 Καὶ
1796 2324 1908 2396 γὰρ

326 2412 517 2484 ῶσπερ
545 2416 578 2483 ἡ
614 2413 815 2485 πρᾶξις
855 2416 1024 2486 γεννᾷ
1053 2414 1151 2486 τὴν
1178 2414 1404 2486 ἀρετὴν,
1434 2414 1610 2479 οὕτως
1646 2417 1677 2487 η
1704 2414 1908 2486 θεωρία

326 2504 426 2576 τὴν
453 2506 676 2573 γνῶσιν.

396 2604 509 2668 πη’.
572 2598 636 2651 Ἦ
676 2597 912 2668 ἀληστος
960 2597 1187 2666 γνῶσις,
1238 2596 1492 2670 ἀόριστον
1533 2596 1732 2668 ἔχουσα
1776 2596 1908 2669 περὶ

324 2688 426 2759 τὴν
466 2686 618 2741 θείαν
662 2689 921 2759 ἀπειρίαν
961 2688 1061 2758 τὴν
1099 2686 1246 2741 κατά
1274 2687 1404 2742 νοῦν
1433 2689 1575 2759 ὑπὲρ
1609 2688 1796 2759 νόησιν
1823 2689 1909 2742 κί·

327 2794 503 2848 νησιν,
533 2777 788 2843 είκονίζει
810 2778 899 2832 διὰ
925 2779 1025 2849 τῆς
1058 2779 1338 2850 ἀοριστίας
1370 2780 1442 2851 (ο)
1468 2781 1566 2853 τὴν
1605 2783 1908 2853 ύπεράπει-

328 2887 423 2942 ρον
452 2870 611 2937 δόξαν
631 2872 730 2941 τῆς
753 2871 1031 2943 ἀληθείας·
1062 2872 1096 2942 ἠ
1126 2872 1184 2926 δὲ
1213 2875 1312 2945 τῆς
1352 2873 1497 2927 κατά
1522 2874 1624 2944 τὴν
1651 2875 1910 2945 πρόνοιαν

330 2962 501 3032 σοφῆς
538 2961 874 3033 ἀγαθότητος
904 2963 1228 3034 αὐθαίρετος
1275 2965 1529 3035 μίμησις,
1557 2963 1724 3035 τιμὴν
1756 2965 1911 3035 φέρει

328 3052 426 3124 τὴν
455 3053 595 3123 πρὸς
625 3053 716 3107 τὸν
747 3053 881 3107 Θεὸν
907 3053 1003 3107 τοῦ
1033 3054 1124 3107 νοῦ
1157 3055 1301 3109 κατά
1327 3055 1427 3127 τὴν
1455 3054 1694 3110 διάθεσιν
1722 3054 1910 3127 ἀρίδη-

327 3141 438 3208 λον,
469 3144 544 3206 ὡς
577 3142 693 3196 εστι
721 3144 968 3208 δυνατὸν,
1005 3144 1345 3214 ἐξομοίωσιν.

2009 1890 2216 1946 pensus
2261 1875 2419 1929 labor
2464 1874 2817 1945 speculandis
2856 1874 3024 1929 rebus
3064 1875 3268 1929 creatis
3302 1872 3469 1943 parit,
3497 1887 3593 1927 su-

2009 1966 2285 2036 doresque
2347 1966 2641 2037 iungendis
2687 1964 3021 2029 virtutibus,
3074 1964 3169 2035 qui
3226 1964 3331 2034 ipsi
3383 1960 3594 2017 laboris

2004 2064 2268 2129 parentes
2296 2055 2425 2111 sint.
2462 2056 2576 2111 Hac
2615 2054 2868 2118 scientia,
2912 2055 3023 2109 vim
3057 2071 3277 2109 omnem
3318 2053 3593 2109 mendacii

2007 2144 2233 2200 veritati
2263 2143 2648 2199 adversantem
2675 2143 2903 2197 omnino
2933 2143 3240 2208 abolemus,
3272 2144 3368 2213 qui
3393 2156 3592 2213 nempe

2007 2252 2227 2293 omnem
2274 2238 2642 2307 malignorum
2701 2236 2997 2306 spirituum
3048 2236 3449 2291 sublimitatem
3494 2250 3592 2289 ex-

2007 2331 2295 2387 tollentem
2338 2345 2396 2385 se
2439 2330 2706 2384 adversus
2761 2329 3047 2383 scientiam
3088 2329 3186 2383 Dei
3211 2330 3277 2393 ⁷⁷,
3318 2328 3595 2399 deprima-

2008 2436 2133 2476 mus
2179 2437 2245 2476 ac
2289 2420 2659 2474 destruamus.
2697 2418 2788 2475 Uti
2826 2420 2975 2473 enim
3012 2420 3157 2474 actio
3193 2419 3480 2484 virtutem,
3514 2418 3594 2473 sic

2007 2520 2065 2568 et
2090 2512 2396 2581 speculatio
2425 2510 2713 2565 scientiam
2745 2510 2909 2579 parit.

2078 2603 2166 2658 88.
2219 2601 2393 2668 Quam
2450 2602 2599 2655 nulla
2659 2600 2978 2655 inobscuret
3029 2600 3265 2666 oblivio,
3326 2599 3591 2664 scientia,

2008 2693 2178 2749 nullis
2208 2693 2415 2748 ﬁnibus
2442 2685 3087 2765 comprehensum'cirea
3125 2694 3371 2749 divinam
3402 2693 3592 2749 inﬁni-

2008 2794 2199 2849 tatem,
2234 2785 2435 2840 mentis
2470 2801 2691 2840 onmem
2736 2786 3036 2856 cogitatum
3077 2794 3432 2857 superantem
3472 2801 3596 2841 mo.

2004 2879 2129 2931 tum
2162 2877 2412 2943 habens;
2444 2877 2614 2931 nullis
2664 2876 2869 2932 ﬁnibus
2905 2878 3305 2947 comprehensa
3346 2878 3438 2932 illa
3480 2892 3598 2932 am-

2011 2967 2281 3037 plitudine
2301 3009 2315 3032 ,
2352 2968 2501 3021 omni
2533 2969 2795 3039 majorem
2824 2968 3041 3023 inﬁnito
3082 2969 3331 3024 veritatis
3363 2968 3596 3038 gloriam

2014 3056 2275 3126 exprimit
2310 3073 2323 3109 :
2357 3056 2625 3126 sapientis
2664 3074 2799 3113 vero
2840 3074 2907 3113 ex
2958 3057 3324 3113 Providentia:
3369 3055 3598 3112 rationi-

1938 3132 1980 3187 ε
2016 3147 2120 3203 bus
2165 3147 2432 3203 bonitatis
2478 3157 2675 3218 sponte
2726 3160 3007 3219 assumpta
3047 3148 3317 3212 imitatio,
3366 3149 3599 3203 honoris

330 3235 647 3306 praestantia
691 3236 911 3324 claram.
941 3237 1238 3293 admodum
1280 3253 1408 3293 cum
1479 3239 1594 3295 Deo
1670 3238 1875 3294 mentis
1936 3238 2161 3306 affectu,
2187 3240 2367 3310 quoad
2406 3241 2618 3296 homini
2654 3257 2979 3299 concessum
3008 3253 3117 3310 est,
3178 3242 3595 3299 similitudinem

332 3328 537 3383 reddit.

400 3420 513 3477 πθ’.
548 3420 617 3474 Ἦ
645 3421 867 3490 γλῶσσα
916 3422 1015 3493 τῆς
1045 3421 1192 3475 κατά
1218 3422 1396 3494 ψυχὴν
1423 3423 1733 3495 γνωστικῆς
1760 3423 1912 3494 ἔνερ-

330 3510 487 3581 γείας
512 3509 630 3564 ἐστὶ
656 3510 949 3583 σύμϐολον·
981 3511 1010 3563 6
1029 3511 1086 3565 δὲ
1109 3511 1337 3583 λάρυγξ,
1376 3514 1472 3585 τῆς
1503 3513 1641 3587 πρὸς
1665 3514 1727 3568 τὸ
1750 3514 1909 3583 σῶμα

334 3599 566 3671 φυσικῆς
589 3599 875 3670 φιλαυτίας
894 3603 1213 3674 τεκμήριον.
1248 3602 1307 3656 ὐ
1331 3603 1461 3671 γοῦν
1487 3603 1663 3659 ταῦτα
1691 3603 1909 3674 ψεκτῶς

334 3688 603 3761 κολλήσας
628 3690 901 3762 ἀλλήλοις,
950 3692 1256 3763 μνησθῆναι
1285 3692 1387 3762 τῆς
1417 3694 1535 3746 κατ’
1575 3693 1779 3764 ἀρετὴν
1813 3694 1909 3747 καὶ

334 3779 537 3849 γνῶσιν
569 3782 855 3854 εἰρηνικῆς
880 3782 1046 3849 ἕξεως
1073 3783 1135 3836 ού
1160 3782 1407 3848 δύναται,
1434 3785 1502 3855 τῇ
1532 3781 1792 3854 συγχύσει
1820 3782 1910 3837 διὰ

337 3871 575 3942 σπουδῆς
605 3870 716 3926 τῶν
754 3873 1085 3943 σωματικῶν
1112 3872 1376 3944 ἡδόμενος
1416 3871 1628 3928 παθῶν.

409 4048 480 4119 ιιο.
521 4050 587 4103 Ai
622 4050 764 4104 κατά
806 4048 969 4120 φύσιν
1030 4049 1238 4121 ὀρέξεις
1287 4050 1381 4104 καὶ
1445 4050 1651 4122 ἡδοναὶ,
1703 4049 1780 4122 μὴ
1815 4051 1911 4121 φέ-

338 4158 531 4212 ρουσαι
564 4144 581 4164 ⁶
609 4143 723 4205 τοῖς
774 4140 1133 4212 κεκτημένοις
1163 4141 1442 4212 διαϐολὴν,
1498 4140 1574 4206 ὡς
1615 4142 1914 4211 ἀναγκαῖον

338 4230 808 4302 παρακολούθημα
864 4233 963 4300 τῆς
1020 4232 1256 4302 φυσικῆς
1292 4228 1525 4302 ὀρέξεως
1570 4229 1907 4301 καθεστήκα-

341 4338 447 4376 σιν.
493 4322 715 4393 Ἡδονὴν
739 4323 848 4393 γὰρ
888 4322 1033 4376 κατά
1058 4322 1223 4393 φύσιν
1248 4323 1392 4375 ποιεῖ
1419 4323 1511 4376 κα)⁸
1542 4322 1618 4393 μὴ
1647 4321 1912 4395 βουλομέ-

2080 3418 2169 3475 89.
2206 3419 2418 3491 Lingua
2481 3420 2748 3491 sapientis
2789 3420 2961 3476 animi
3003 3419 3341 3491 operationis
3379 3421 3600 3493 symbo-

2014 3508 2128 3564 lum
2162 3519 2249 3565 est
2290 3528 2304 3565 :
2347 3520 2538 3581 guttur
2577 3527 2729 3573 vero.
2773 3511 3045 3567 naturalis
3080 3527 3207 3582 erga
3241 3527 3443 3582 corpus
3471 3529 3599 3584 pro-

2013 3599 2263 3655 clivioris
2309 3602 2514 3657 amoris
2560 3601 2921 3671 libidinisque
2971 3601 3261 3657 indicium.
3310 3602 3413 3668 Qui
3464 3619 3599 3675 ergo

2013 3690 2131 3744 haec
2169 3690 2315 3745 inter
2343 3706 2401 3744 se
2434 3691 2709 3761 vituperio
2738 3692 3035 3761 copulavit,
3064 3693 3291 3748 virtutis
3316 3709 3381 3748 ac
3410 3695 3596 3749 scien-

2017 3781 2108 3835 tiae
2156 3780 2438 3850 tranquilli
2482 3781 2706 3837 habitus
2749 3782 3069 3836 meminisse
3111 3797 3222 3837 non
3267 3792 3469 3853 potest,
3501 3785 3597 3854 qui

2020 3872 2390 3942 corporalium
2447 3872 2748 3927 affectuum
2796 3887 2861 3927 ac
2922 3872 3215 3928 libidinum
3272 3873 3597 3930 confusione

2016 3964 2347 4035 propensius
2375 3964 2706 4019 delectetur.

2086 4054 2175 4109 90.
2221 4052 2355 4120 Quae
2406 4054 2688 4109 naturales
2740 4053 3109 4123 appetitiones
3154 4064 3285 4109 sunt
3325 4054 3484 4127 555
3533 4069 3598 4113 ac

2016 4147 2351 4216 voluptates,
2383 4144 2593 4200 nullam
2623 4145 2872 4200 criminis
2910 4144 3092 4200 labem
3126 4144 3235 4200 illis
3271 4145 3595 4213 inferentes,

2016 4239 2112 4310 qui
2145 4254 2241 4294 eas
2270 4238 2507 4305 habent;
2544 4237 2699 4293 velut
2726 4237 3101 4294 necessarium
3134 4238 3409 4308 quoddam
3436 4250 3597 4296 natu-

2018 4327 2149 4382 ralis
2191 4328 2471 4397 appetitus
2532 4326 2887 4381 corollarium
2951 4337 3101 4382 sunt.
3152 4328 3360 4383 Natura
3410 4329 3598 4395 enim,

339 4428 446 4467 νων
466 4412 645 4482 ἡμῶν,
687 4413 795 4497 και
830 4414 863 4484 ἡ
911 4413 1149 4484 τυχοῦσα
1180 4412 1376 4484 τροφὴ,
1412 4410 1787 4483 προλαϐοῦσαν
1825 4413 1909 4466 ἐν-

2017 4420 2253 4475 velimus
2297 4420 2567 4487 nolimus,
2615 4418 2857 4489 vulgaris
2899 4418 3017 4489 ipse
3064 4419 3355 4498 primoqpe
3401 4420 3601 4476 obvius

339 4436 446 4467 νων
466 4436 645 4482 ημων,
687 4436 783 4465 και
830 4436 863 4484 η
911 4436 1149 4484 τυχουσα
1180 4436 1376 4484 τροφη,
1412 4436 1787 4483 πρυΛαυουσαν
1825 4436 1909 4466 εν⁶

339 4504 489 4605 [Sermo
528 4494 1037 4577 παραμυθουμένη·
1094 4504 1188 4559 καὶ
1242 4505 1433 4570 πόσις,
1495 4504 1910 4577 ἀποκρουομένη

2017 4436 2253 4475 venmus
2297 4436 2567 4487 nonmus,
2615 4436 2857 4489 vulgaris
2899 4436 3017 4489 ipse
3064 4436 3245 4489 primo
3297 4436 3355 4497 ,ο
3401 4436 3600 4476 onvtus

2019 4512 2200 4574 cibus,
2231 4511 2474 4581 priorem
2512 4510 2872 4581 indigentiam
2906 4511 3091 4567 solans
3120 4436 3600 4605 atqufrecreans,

322 4556 436 4687 ιςος
464 4556 772 4669 magis
805 4556 1051 4669 sant...
1085 4556 1185 4651 .a
1202 4556 1399 4661 οπνᾷξξ
1410 4556 1513 4670 ιη.
1535 4556 1601 4651 ε.
1631 4556 1731 4668 τῆς
1752 4556 1915 4670 iam:

344 4684 589 4755 γόρσεως
644 4686 1048 4759 δαπανηθεῖσαν
1098 4686 1492 4759 ἀνανεούμενος
1531 4686 1780 4758 δύναμιν·
1820 4689 1914 4742 καὶ

414 4840 461 4875 ’⁸
496 4841 538 4896 ll
561 4841 685 4898 Cor.
724 4859 778 4909 ι,
810 4844 863 4898 5.
940 4844 986 4875 ⁷⁷
1017 4842 1153 4899 ibid.

2019 4602 2445 4659 delectationem
2501 4602 2661 4670 facit;
2715 4609 2878 4672 potus
2927 4602 3094 4670 item,
3144 4602 3430 4674 depellens
3480 4604 3603 4660 sitis

2019 4691 2368 4759 molestiam;
2400 4707 2616 4749 necnon
2642 4707 2869 4750 somnus
2896 4693 3195 4751 exhaustas
3223 4692 3428 4765 vigiliis
3450 4692 3602 4750 vires

421 4997 441 5021 ⁶
463 4996 547 5055 Cf.
582 4999 648 5053 ad
683 5000 929 5055 Thalass.
964 5016 1018 5070 q.
1046 5000 1134 5066 65,
1164 5008 1216 5055 et
1248 5000 1337 5066 5|,
1370 5000 1458 5067 56,
1488 5009 1545 5055 et
1566 4990 1633 5055 50
1661 5000 1727 5056 ad
1760 5017 1814 5055 n.
1837 5001 1926 5067 9i,
1963 5001 2032 5058 92
2058 5012 2115 5058 et
2152 5004 2221 5058 95
2250 5003 2409 5058 infra.

420 5139 494 5209 (ο)
528 5141 628 5193 Διά
660 5138 762 5205 τῆς
787 5142 1114 5207 ἀοριστίας.
1148 5140 1434 5209 Signiﬁcat
1466 5139 1631 5206 hujus
1659 5139 1921 5205 scientiae,

350 5208 517 5279 quam
557 5211 790 5281 ἄληστον
817 5220 1008 5281 Avocat.
1033 5211 1189 5277 quasi
1216 5208 1754 5281 animoiudelebilem
1780 5225 1923 5281 sem-

354 5295 563 5348 perque
590 5279 656 5333 in'
677 5296 743 5334 eo
763 5279 1083 5350 vigentem;
1115 5282 1435 5333 immensam
1459 5279 1751 5350 quamdam
1787 5279 1922 5345 vim,

353 5346 712 5419 quaanimus
739 5346 975 5404 divinam
1001 5351 1326 5405 inﬁnitatem
1345 5346 1577 5418 quadam
1612 5350 1764 5404 velut
1797 5365 1925 5419 pro-

354 5419 606 5501 portione
637 5421 885 5501 attingat,
907 5419 1412 5501 ejusque_ve_ri.tatis
1446 5419 1674 5501 gloriam
1715 5434 1786 5501 ac_
1812 5434 1926 5473 ma-

350 5488 797 5560 jes_tatem__omni
841 5488 1101 5560 majorem
1138 5489 1373 5560 inﬁnito,
1421 5488 1594 5560 quasi
1628 5488 1921 5560 simulacro

353 5556 577 5631 ᾖσται-εις.
612 5558 836 5631 Namct
865 5556 1221 5631 τὸ’ἀόριστον,
1247 5556 1479 5631 Masimo
1506 5558 1739 5631 aliisque
1764 5559 1921 5631 theo-

351 5626 514 5698 logis,
544 5627 904 5698 interdivina
929 5626 1150 5683 nomina
1179 5639 1281 5692 est,
1308 5628 1360 5682 id
1388 5629 1566 5698 ipsum
1593 5628 1737 5696 quod
1767 5628 1917 5682 Lati-

357 5694 443 5749 nis
470 5696 816 5751 immensitas.
837 5698 962 5752 ilaac
985 5706 1092 5752 tam
1127 5706 1375 5768 augusta,
1404 5694 1529 5767 quis
1552 5694 1625 5753 ρκ’
1652 5698 1778 5753 Pico
1818 5712 1917 5751 au-

2022 5141 2135 5196 diat
2162 5159 2174 5194 :
2200 5140 2282 5195 Ea:
2305 5140 2401 5195 illa
2418 5140 2787 5211 ineertitudine
2815 5140 3244 5211 superinﬁuitam
3273 5139 3604 5211 efﬁngitopi-

2024 5211 2233 5265 nionem
2265 5211 2554 5265 veritatis?
2596 5210 2737 5276 Quid
2778 5210 2887 5265 hic
2912 5210 3273 5274 incertitudo,
3309 5211 3403 5264 ubi
3456 5210 3604 5266 Deus

2024 5282 2295 5336 altissimo
2331 5282 2495 5335 modo
2527 5280 2849 5350 attingitur?
2881 5281 3021 5334 Num
3054 5280 3200 5350 quod
3245 5280 3390 5343 δόξα.
3425 5296 3604 5349 eaque

2024 5350 2473 5405 ineertitudinem
2508 5352 2798 5419 exposcit?
2829 5350 2898 5404 At
2922 5367 3033 5405 non
3080 5350 3196 5405 haec
3221 5350 3604 5419 philosophica

2023 5420 2171 5490 δόξα,
2207 5421 2425 5490 Opinio;
2465 5430 2666 5474 nutans
2704 5420 2919 5475 scilicet
2959 5420 3127 5474 animi
3174 5434 3462 5481 assensus,
3515 5423 3603 5476 cui

2024 5489 2246 5544 falsum
2263 5498 2440 5558 potest
2490 5490 2739 5553 subesse,
2788 5505 2893 5544 nec
2941 5505 3064 5544 raro
3091 5490 3319 5554 subest;
3363 5490 3459 5544 sed
3484 5491 3599 5558 ipsa

2022 5560 2334 5614 animorum
2375 5560 2521 5614 circa
2562 5560 2732 5613 Deum
2772 5560 3118 5625 ἀεικιντ,σία;
3170 5559 3226 5613 in
3270 5558 3448 5619 beatis
3491 5558 3603 5625 jam

2021 5639 2426 5695 consummata;
2458 5628 2549 5684 hic
2583 5628 2639 5685 in
2662 5628 2890 5684 summis
2919 5628 3301 5699 θεωρητικοῖς,
3338 5628 3597 5710 quasi]...

2021 5710 2218 5769 carpta.
