  <div class='ocr_page' id='page_1' title='image "/cluster/home/n/w/nwhite01/storage/ocr_20150623/90/mdp.39015022223161/634.png"; bbox 0 0 4122 6320; ppageno 0'>
   <div class='ocr_carea' id='block_1_1' title="bbox 316 298 441 366">
    <p class='ocr_par' dir='ltr' id='par_1_1' title="bbox 316 298 441 366">
     <span class='ocr_line' id='line_1_1' title="bbox 316 298 441 366; baseline -0.016 -1"><span class='ocrx_word' id='word_1_1' title='bbox 316 298 441 366; x_wconf 71' lang='grc'><strong>1257</strong></span> 
     </span>
    </p>
   </div>
   <div class='ocr_carea' id='block_1_2' title="bbox 963 274 2845 367">
    <p class='ocr_par' dir='ltr' id='par_1_2' title="bbox 963 274 2845 367">
     <span class='ocr_line' id='line_1_2' title="bbox 963 274 2845 367; baseline -0.011 -7"><span class='ocrx_word' id='word_1_2' title='bbox 963 296 1295 360; x_wconf 86' lang='lat' dir='ltr'><strong>CAPITUM</strong></span> <span class='ocrx_word' id='word_1_3' title='bbox 1333 288 1751 367; x_wconf 75' lang='lat' dir='ltr'><strong>QUINQUIES</strong></span> <span class='ocrx_word' id='word_1_4' title='bbox 1788 276 2304 345; x_wconf 72' lang='lat' dir='ltr'><strong>CENTENORUM</strong></span> <span class='ocrx_word' id='word_1_5' title='bbox 2343 274 2728 343; x_wconf 72' lang='lat' dir='ltr'><strong>CENTURIA</strong></span> <span class='ocrx_word' id='word_1_6' title='bbox 2766 275 2845 340; x_wconf 86' lang='grc' dir='ltr'><strong>ΙῙ.</strong></span> 
     </span>
    </p>
   </div>
   <div class='ocr_carea' id='block_1_3' title="bbox 3386 270 3522 344">
    <p class='ocr_par' dir='ltr' id='par_1_3' title="bbox 3386 270 3522 344">
     <span class='ocr_line' id='line_1_3' title="bbox 3386 270 3522 344; baseline 0.029 -4"><span class='ocrx_word' id='word_1_7' title='bbox 3386 270 3522 344; x_wconf 67' lang='lat'><strong>1258</strong></span> 
     </span>
    </p>
   </div>
   <div class='ocr_carea' id='block_1_4' title="bbox 311 390 1897 487">
    <p class='ocr_par' dir='ltr' id='par_1_4' title="bbox 311 402 1897 487">
     <span class='ocr_line' id='line_1_4' title="bbox 311 402 1897 487; baseline -0.006 -22"><span class='ocrx_word' id='word_1_8' title='bbox 311 408 445 487; x_wconf 76' lang='grc' dir='ltr'>λεια,</span> <span class='ocrx_word' id='word_1_9' title='bbox 472 406 560 466; x_wconf 77' lang='grc' dir='ltr'><strong>διὰ</strong></span> <span class='ocrx_word' id='word_1_10' title='bbox 592 407 688 476; x_wconf 75' lang='grc' dir='ltr'>τῆς</span> <span class='ocrx_word' id='word_1_11' title='bbox 734 406 841 470; x_wconf 78' lang='grc' dir='ltr'><strong>τῶν</strong></span> <span class='ocrx_word' id='word_1_12' title='bbox 875 408 1174 480; x_wconf 69' lang='grc' dir='ltr'>’Λσσυρίων</span> <span class='ocrx_word' id='word_1_13' title='bbox 1208 407 1522 479; x_wconf 78' lang='grc' dir='ltr'>τυπουμένη</span> <span class='ocrx_word' id='word_1_14' title='bbox 1555 402 1854 476; x_wconf 82' lang='grc' dir='ltr'>βασιλείας,</span> <span class='ocrx_word' id='word_1_15' title='bbox 1886 426 1897 455; x_wconf 66' lang='grc' dir='ltr'><em>Α</em></span> 
     </span>
    </p>
   </div>
   <div class='ocr_carea' id='block_1_5' title="bbox 1997 390 3533 487">
    <p class='ocr_par' dir='ltr' id='par_1_5' title="bbox 1997 390 3533 479">
     <span class='ocr_line' id='line_1_5' title="bbox 1997 390 3533 479; baseline -0.002 -28"><span class='ocrx_word' id='word_1_16' title='bbox 1997 412 2158 471; x_wconf 84' lang='lat' dir='ltr'><strong>num,</strong></span> <span class='ocrx_word' id='word_1_17' title='bbox 2215 396 2367 467; x_wconf 79' lang='lat' dir='ltr'><strong>regni</strong></span> <span class='ocrx_word' id='word_1_18' title='bbox 2433 395 2780 467; x_wconf 74' lang='lat' dir='ltr'><strong>Assyriorum</strong></span> <span class='ocrx_word' id='word_1_19' title='bbox 2838 401 2966 463; x_wconf 83' lang='lat' dir='ltr'><strong>typo</strong></span> <span class='ocrx_word' id='word_1_20' title='bbox 3023 390 3347 463; x_wconf 80' lang='lat' dir='ltr'><strong>ﬁguratum,</strong></span> <span class='ocrx_word' id='word_1_21' title='bbox 3391 393 3533 479; x_wconf 85' lang='lat' dir='ltr'><strong>bello</strong></span> 
     </span>
    </p>
   </div>
   <div class='ocr_carea' id='block_1_6' title="bbox 311 495 1864 571">
    <p class='ocr_par' dir='ltr' id='par_1_6' title="bbox 311 495 1864 571">
     <span class='ocr_line' id='line_1_6' title="bbox 311 495 1864 571; baseline -0.005 -15"><span class='ocrx_word' id='word_1_22' title='bbox 311 504 394 556; x_wconf 67' lang='grc' dir='ltr'>τὸν</span> <span class='ocrx_word' id='word_1_23' title='bbox 423 501 560 556; x_wconf 79' lang='grc' dir='ltr'><strong>κατὰ</strong></span> <span class='ocrx_word' id='word_1_24' title='bbox 588 498 683 570; x_wconf 79' lang='grc' dir='ltr'>τῆς</span> <span class='ocrx_word' id='word_1_25' title='bbox 710 498 906 571; x_wconf 76' lang='grc' dir='ltr'>ἀρετῆς</span> <span class='ocrx_word' id='word_1_26' title='bbox 940 498 1029 553; x_wconf 73' lang='grc' dir='ltr'>καὶ</span> <span class='ocrx_word' id='word_1_27' title='bbox 1057 500 1155 570; x_wconf 79' lang='grc' dir='ltr'>τῆς</span> <span class='ocrx_word' id='word_1_28' title='bbox 1183 499 1443 569; x_wconf 82' lang='grc' dir='ltr'>γνώσεως</span> <span class='ocrx_word' id='word_1_29' title='bbox 1464 495 1864 567; x_wconf 80' lang='grc' dir='ltr'>συναγείρουσα</span> 
     </span>
    </p>
   </div>
   <div class='ocr_carea' id='block_1_7' title="bbox 312 587 1866 663">
    <p class='ocr_par' dir='ltr' id='par_1_7' title="bbox 312 587 1866 663">
     <span class='ocr_line' id='line_1_7' title="bbox 312 587 1866 663; baseline -0.003 -19"><span class='ocrx_word' id='word_1_30' title='bbox 312 591 560 663; x_wconf 81' lang='grc' dir='ltr'>πόλεμον,</span> <span class='ocrx_word' id='word_1_31' title='bbox 590 590 677 643; x_wconf 68' lang='grc' dir='ltr'><strong>διὰ</strong></span> <span class='ocrx_word' id='word_1_32' title='bbox 705 588 813 643; x_wconf 83' lang='grc' dir='ltr'><strong>τῶν</strong></span> <span class='ocrx_word' id='word_1_33' title='bbox 839 591 1010 660; x_wconf 75' lang='grc' dir='ltr'>αὐτῆς</span> <span class='ocrx_word' id='word_1_34' title='bbox 1036 591 1292 662; x_wconf 71' lang='grc' dir='ltr'>ἐμφύτων</span> <span class='ocrx_word' id='word_1_35' title='bbox 1319 588 1603 657; x_wconf 77' lang='grc' dir='ltr'>δυνάμεων</span> <span class='ocrx_word' id='word_1_36' title='bbox 1632 587 1866 658; x_wconf 73' lang='grc' dir='ltr'>τροποῦο</span> 
     </span>
    </p>
   </div>
   <div class='ocr_carea' id='block_1_8' title="bbox 314 676 1871 754">
    <p class='ocr_par' dir='ltr' id='par_1_8' title="bbox 314 676 1871 754">
     <span class='ocr_line' id='line_1_8' title="bbox 314 676 1871 754; baseline -0.006 -15"><span class='ocrx_word' id='word_1_37' title='bbox 314 686 428 740; x_wconf 84' lang='grc' dir='ltr'>σθαι</span> <span class='ocrx_word' id='word_1_38' title='bbox 461 680 767 754; x_wconf 74' lang='grc' dir='ltr'>μηχανᾶται</span> <span class='ocrx_word' id='word_1_39' title='bbox 797 682 893 753; x_wconf 82' lang='grc' dir='ltr'>τὴν</span> <span class='ocrx_word' id='word_1_40' title='bbox 908 678 1083 753; x_wconf 71' lang='grc' dir='ltr'>ψυχήν</span> <span class='ocrx_word' id='word_1_41' title='bbox 1103 696 1115 709; x_wconf 89' lang='grc'><strong>·</strong></span> <span class='ocrx_word' id='word_1_42' title='bbox 1152 680 1249 751; x_wconf 82' lang='grc' dir='ltr'>τὴν</span> <span class='ocrx_word' id='word_1_43' title='bbox 1276 676 1374 751; x_wconf 77' lang='grc' dir='ltr'>μὲν</span> <span class='ocrx_word' id='word_1_44' title='bbox 1399 678 1695 748; x_wconf 75' lang='grc' dir='ltr'><strong>ἐπιθυμίαν</strong></span> <span class='ocrx_word' id='word_1_45' title='bbox 1719 678 1871 746; x_wconf 86' lang='grc' dir='ltr'>πρῶ-</span> 
     </span>
    </p>
   </div>
   <div class='ocr_carea' id='block_1_9' title="bbox 312 766 1869 846">
    <p class='ocr_par' dir='ltr' id='par_1_9' title="bbox 312 766 1869 846">
     <span class='ocr_line' id='line_1_9' title="bbox 312 766 1869 846; baseline -0.006 -17"><span class='ocrx_word' id='word_1_46' title='bbox 312 784 413 839; x_wconf 69' lang='grc' dir='ltr'>τον,</span> <span class='ocrx_word' id='word_1_47' title='bbox 455 776 534 839; x_wconf 86' lang='grc' dir='ltr'>εἰς</span> <span class='ocrx_word' id='word_1_48' title='bbox 558 773 734 846; x_wconf 67' lang='grc' dir='ltr'>ὄρεξιν</span> <span class='ocrx_word' id='word_1_49' title='bbox 756 773 861 826; x_wconf 84' lang='grc' dir='ltr'><strong>τῶν</strong></span> <span class='ocrx_word' id='word_1_50' title='bbox 895 772 1045 844; x_wconf 74' lang='grc' dir='ltr'>παρὰ</span> <span class='ocrx_word' id='word_1_51' title='bbox 1074 766 1232 841; x_wconf 75' lang='grc' dir='ltr'>φύσιν</span> <span class='ocrx_word' id='word_1_52' title='bbox 1254 768 1644 843; x_wconf 75' lang='grc' dir='ltr'>διερεθίζουσα,</span> <span class='ocrx_word' id='word_1_53' title='bbox 1677 769 1773 823; x_wconf 75' lang='grc' dir='ltr'><strong>καὶ</strong></span> <span class='ocrx_word' id='word_1_54' title='bbox 1799 770 1869 821; x_wconf 72' lang='grc' dir='ltr'>τὰ</span> 
     </span>
    </p>
   </div>
   <div class='ocr_carea' id='block_1_10' title="bbox 314 855 1871 936">
    <p class='ocr_par' dir='ltr' id='par_1_10' title="bbox 314 855 1871 936">
     <span class='ocr_line' id='line_1_10' title="bbox 314 855 1871 936; baseline -0.008 -15"><span class='ocrx_word' id='word_1_55' title='bbox 314 860 541 936; x_wconf 80' lang='grc' dir='ltr'>αἰσθητᾶ</span> <span class='ocrx_word' id='word_1_56' title='bbox 577 860 682 917; x_wconf 83' lang='grc' dir='ltr'><strong>τῶν</strong></span> <span class='ocrx_word' id='word_1_57' title='bbox 713 861 919 932; x_wconf 81' lang='grc' dir='ltr'><strong>νοητῶν</strong></span> <span class='ocrx_word' id='word_1_58' title='bbox 953 861 1224 931; x_wconf 84' lang='grc' dir='ltr'>προτιμᾷν</span> <span class='ocrx_word' id='word_1_59' title='bbox 1252 856 1622 912; x_wconf 76' lang='grc' dir='ltr'><strong>ἀναπείθουσα</strong></span> <span class='ocrx_word' id='word_1_60' title='bbox 1643 873 1656 888; x_wconf 87' lang='grc'><strong>·</strong></span> <span class='ocrx_word' id='word_1_61' title='bbox 1692 855 1783 910; x_wconf 76' lang='grc' dir='ltr'>τὸν</span> <span class='ocrx_word' id='word_1_62' title='bbox 1812 855 1871 909; x_wconf 80' lang='grc' dir='ltr'>δὲ</span> 
     </span>
    </p>
   </div>
   <div class='ocr_carea' id='block_1_11' title="bbox 316 936 1873 1027">
    <p class='ocr_par' dir='ltr' id='par_1_11' title="bbox 316 936 1873 1027">
     <span class='ocr_line' id='line_1_11' title="bbox 316 936 1873 1027; baseline -0.008 -16"><span class='ocrx_word' id='word_1_63' title='bbox 316 953 499 1027; x_wconf 71' lang='grc' dir='ltr'>θυμὸν,</span> <span class='ocrx_word' id='word_1_64' title='bbox 551 936 1056 1027; x_wconf 74' lang='grc' dir='ltr'>ὐπεραγωνίξεσθαι</span> <span class='ocrx_word' id='word_1_65' title='bbox 1111 949 1202 1002; x_wconf 75' lang='grc' dir='ltr'><strong>τοῦ</strong></span> <span class='ocrx_word' id='word_1_66' title='bbox 1255 947 1566 1019; x_wconf 78' lang='grc' dir='ltr'><strong>αἱρεθέντος</strong></span> <span class='ocrx_word' id='word_1_67' title='bbox 1619 946 1726 1003; x_wconf 77' lang='grc' dir='ltr'>ὑπὸ</span> <span class='ocrx_word' id='word_1_68' title='bbox 1775 947 1873 1015; x_wconf 81' lang='grc' dir='ltr'>τῆς</span> 
     </span>
    </p>
   </div>
   <div class='ocr_carea' id='block_1_12' title="bbox 315 1037 1870 1118">
    <p class='ocr_par' dir='ltr' id='par_1_12' title="bbox 315 1037 1870 1118">
     <span class='ocr_line' id='line_1_12' title="bbox 315 1037 1870 1118; baseline -0.007 -17"><span class='ocrx_word' id='word_1_69' title='bbox 315 1047 604 1118; x_wconf 69' lang='grc' dir='ltr'>ἐπιθυμίας</span> <span class='ocrx_word' id='word_1_70' title='bbox 670 1043 927 1114; x_wconf 76' lang='grc' dir='ltr'>αἰσθητοῦ</span> <span class='ocrx_word' id='word_1_71' title='bbox 980 1040 1359 1112; x_wconf 84' lang='grc' dir='ltr'>διεγείρουσα·</span> <span class='ocrx_word' id='word_1_72' title='bbox 1424 1038 1485 1092; x_wconf 75' lang='grc' dir='ltr'><strong>τὸ</strong></span> <span class='ocrx_word' id='word_1_73' title='bbox 1527 1039 1584 1092; x_wconf 80' lang='grc' dir='ltr'>δὲ</span> <span class='ocrx_word' id='word_1_74' title='bbox 1628 1037 1870 1106; x_wconf 70' lang='grc' dir='ltr'>λογικὸν,</span> 
     </span>
    </p>
   </div>
   <div class='ocr_carea' id='block_1_13' title="bbox 313 1129 1875 1207">
    <p class='ocr_par' dir='ltr' id='par_1_13' title="bbox 313 1129 1875 1207">
     <span class='ocr_line' id='line_1_13' title="bbox 313 1129 1875 1207; baseline -0.005 -17"><span class='ocrx_word' id='word_1_75' title='bbox 313 1138 434 1200; x_wconf 72' lang='grc' dir='ltr'>τοὺς</span> <span class='ocrx_word' id='word_1_76' title='bbox 461 1137 693 1207; x_wconf 79' lang='grc' dir='ltr'>τρόπους</span> <span class='ocrx_word' id='word_1_77' title='bbox 748 1135 983 1188; x_wconf 78' lang='grc' dir='ltr'>ἐπινοεῖν</span> <span class='ocrx_word' id='word_1_78' title='bbox 1037 1130 1146 1185; x_wconf 87' lang='grc' dir='ltr'><strong>τῶν</strong></span> <span class='ocrx_word' id='word_1_79' title='bbox 1196 1132 1316 1184; x_wconf 83' lang='grc' dir='ltr'>κατ’</span> <span class='ocrx_word' id='word_1_80' title='bbox 1370 1129 1624 1195; x_wconf 73' lang='grc' dir='ltr'>αἴσθησιν</span> <span class='ocrx_word' id='word_1_81' title='bbox 1674 1129 1875 1201; x_wconf 79' lang='grc' dir='ltr'>ἡδονῶν</span> 
     </span>
    </p>
   </div>
   <div class='ocr_carea' id='block_1_14' title="bbox 316 1225 719 1282">
    <p class='ocr_par' dir='ltr' id='par_1_14' title="bbox 316 1225 719 1282">
     <span class='ocr_line' id='line_1_14' title="bbox 316 1225 719 1282; baseline -0.005 -1"><span class='ocrx_word' id='word_1_82' title='bbox 316 1225 719 1282; x_wconf 78' lang='grc' dir='ltr'>ὲκδιδάσκουσα.</span> 
     </span>
    </p>
   </div>
   <div class='ocr_carea' id='block_1_15' title="bbox 386 1380 1879 1491">
    <p class='ocr_par' dir='ltr' id='par_1_15' title="bbox 386 1380 1879 1491">
     <span class='ocr_line' id='line_1_15' title="bbox 386 1380 1879 1491; baseline -0.007 -15"><span class='ocrx_word' id='word_1_83' title='bbox 386 1418 510 1489; x_wconf 59' lang='lat' dir='ltr'><strong>kg&#39;.</strong></span> <span class='ocrx_word' id='word_1_84' title='bbox 561 1421 673 1484; x_wconf 85' lang='grc' dir='ltr'>Τῆς</span> <span class='ocrx_word' id='word_1_85' title='bbox 704 1380 1249 1491; x_wconf 76' lang='grc' dir='ltr'>ἄκραςάγαθότητος</span> <span class='ocrx_word' id='word_1_86' title='bbox 1286 1414 1439 1482; x_wconf 81' lang='grc' dir='ltr'>ἴδιον,</span> <span class='ocrx_word' id='word_1_87' title='bbox 1470 1387 1556 1479; x_wconf 53' lang='grc' dir='ltr'>τὸ,</span> <span class='ocrx_word' id='word_1_88' title='bbox 1596 1415 1672 1485; x_wconf 79' lang='grc' dir='ltr'>μὴ</span> <span class='ocrx_word' id='word_1_89' title='bbox 1720 1413 1879 1483; x_wconf 87' lang='grc' dir='ltr'>μόνον</span> 
     </span>
    </p>
   </div>
   <div class='ocr_carea' id='block_1_16' title="bbox 318 1505 1880 1578">
    <p class='ocr_par' dir='ltr' id='par_1_16' title="bbox 318 1505 1880 1578">
     <span class='ocr_line' id='line_1_16' title="bbox 318 1505 1880 1578; baseline -0.006 -12"><span class='ocrx_word' id='word_1_90' title='bbox 318 1512 414 1575; x_wconf 78' lang='grc' dir='ltr'>τὰς</span> <span class='ocrx_word' id='word_1_91' title='bbox 445 1512 593 1575; x_wconf 90' lang='grc' dir='ltr'>θείας</span> <span class='ocrx_word' id='word_1_92' title='bbox 620 1509 715 1565; x_wconf 68' lang='grc' dir='ltr'><strong>καὶ</strong></span> <span class='ocrx_word' id='word_1_93' title='bbox 738 1510 1064 1578; x_wconf 80' lang='grc' dir='ltr'>ἀσωμάτους</span> <span class='ocrx_word' id='word_1_94' title='bbox 1110 1507 1219 1562; x_wconf 86' lang='grc' dir='ltr'><strong>τῶν</strong></span> <span class='ocrx_word' id='word_1_95' title='bbox 1264 1506 1471 1578; x_wconf 85' lang='grc' dir='ltr'>νοητῶν</span> <span class='ocrx_word' id='word_1_96' title='bbox 1522 1505 1730 1570; x_wconf 83' lang='grc' dir='ltr'>οὐσίας,</span> <span class='ocrx_word' id='word_1_97' title='bbox 1781 1505 1880 1575; x_wconf 80' lang='grc' dir='ltr'>τῆς</span> 
     </span>
    </p>
   </div>
   <div class='ocr_carea' id='block_1_17' title="bbox 318 1595 1905 1677">
    <p class='ocr_par' dir='ltr' id='par_1_17' title="bbox 318 1595 1905 1677">
     <span class='ocr_line' id='line_1_17' title="bbox 318 1595 1905 1677; baseline -0.007 -18"><span class='ocrx_word' id='word_1_98' title='bbox 318 1606 631 1677; x_wconf 67' lang='grc' dir='ltr'>ἀπορρήτου</span> <span class='ocrx_word' id='word_1_99' title='bbox 702 1603 795 1655; x_wconf 73' lang='grc' dir='ltr'>καὶ</span> <span class='ocrx_word' id='word_1_100' title='bbox 848 1602 997 1667; x_wconf 86' lang='grc' dir='ltr'>θείας</span> <span class='ocrx_word' id='word_1_101' title='bbox 1042 1599 1480 1670; x_wconf 77' lang='grc' dir='ltr'>ἀπεικονίσματα</span> <span class='ocrx_word' id='word_1_102' title='bbox 1537 1595 1905 1667; x_wconf 71' lang='grc' dir='ltr'>καταστῆσαι</span> 
     </span>
    </p>
   </div>
   <div class='ocr_carea' id='block_1_18' title="bbox 319 1686 1878 1764">
    <p class='ocr_par' dir='ltr' id='par_1_18' title="bbox 319 1686 1878 1764">
     <span class='ocr_line' id='line_1_18' title="bbox 319 1686 1878 1764; baseline -0.007 -15"><span class='ocrx_word' id='word_1_103' title='bbox 319 1696 493 1764; x_wconf 81' lang='grc' dir='ltr'><strong>δόξης,</strong></span> <span class='ocrx_word' id='word_1_104' title='bbox 521 1695 649 1764; x_wconf 85' lang='grc' dir='ltr'>ὃλην</span> <span class='ocrx_word' id='word_1_105' title='bbox 681 1692 822 1748; x_wconf 83' lang='grc' dir='ltr'>κατὰ</span> <span class='ocrx_word' id='word_1_106' title='bbox 851 1696 910 1745; x_wconf 85' lang='grc' dir='ltr'><strong>τδ</strong></span> <span class='ocrx_word' id='word_1_107' title='bbox 940 1690 1159 1762; x_wconf 79' lang='grc' dir='ltr'>θεμιτὸν</span> <span class='ocrx_word' id='word_1_108' title='bbox 1182 1690 1459 1758; x_wconf 80' lang='grc' dir='ltr'>ἀναλόγως</span> <span class='ocrx_word' id='word_1_109' title='bbox 1491 1688 1681 1751; x_wconf 79' lang='grc' dir='ltr'>αὐταῖς</span> <span class='ocrx_word' id='word_1_110' title='bbox 1707 1686 1878 1739; x_wconf 73' lang='grc' dir='ltr'>εἰσδε-</span> 
     </span>
    </p>
   </div>
   <div class='ocr_carea' id='block_1_19' title="bbox 321 1776 1879 1857">
    <p class='ocr_par' dir='ltr' id='par_1_19' title="bbox 321 1776 1879 1857">
     <span class='ocr_line' id='line_1_19' title="bbox 321 1776 1879 1857; baseline -0.009 -16"><span class='ocrx_word' id='word_1_111' title='bbox 321 1786 555 1857; x_wconf 79' lang='grc' dir='ltr'>χομένας</span> <span class='ocrx_word' id='word_1_112' title='bbox 582 1785 678 1855; x_wconf 76' lang='grc' dir='ltr'>τὴν</span> <span class='ocrx_word' id='word_1_113' title='bbox 707 1783 1063 1855; x_wconf 87' lang='grc' dir='ltr'>άπερινόητον</span> <span class='ocrx_word' id='word_1_114' title='bbox 1094 1782 1403 1854; x_wconf 82' lang='grc' dir='ltr'>ὡραιότητα</span> <span class='ocrx_word' id='word_1_115' title='bbox 1447 1778 1541 1832; x_wconf 81' lang='grc' dir='ltr'>τοῦ</span> <span class='ocrx_word' id='word_1_116' title='bbox 1586 1776 1879 1847; x_wconf 80' lang='grc' dir='ltr'>ἀπροσίτου</span> 
     </span>
    </p>
   </div>
   <div class='ocr_carea' id='block_1_20' title="bbox 323 1862 1883 1943">
    <p class='ocr_par' dir='ltr' id='par_1_20' title="bbox 323 1862 1883 1943">
     <span class='ocr_line' id='line_1_20' title="bbox 323 1862 1883 1943; baseline -0.008 -10"><span class='ocrx_word' id='word_1_117' title='bbox 323 1880 579 1940; x_wconf 72' lang='grc' dir='ltr'>κάλλους*</span> <span class='ocrx_word' id='word_1_118' title='bbox 614 1876 749 1931; x_wconf 86' lang='grc' dir='ltr'><strong>ἀλλά</strong></span> <span class='ocrx_word' id='word_1_119' title='bbox 778 1876 871 1928; x_wconf 75' lang='grc' dir='ltr'><strong>καὶ</strong></span> <span class='ocrx_word' id='word_1_120' title='bbox 901 1877 1012 1936; x_wconf 80' lang='grc' dir='ltr'>τοῖς</span> <span class='ocrx_word' id='word_1_121' title='bbox 1049 1872 1347 1943; x_wconf 80' lang='grc' dir='ltr'>αἰσθητοῖς,</span> <span class='ocrx_word' id='word_1_122' title='bbox 1398 1871 1493 1925; x_wconf 77' lang='grc' dir='ltr'>καὶ</span> <span class='ocrx_word' id='word_1_123' title='bbox 1525 1869 1633 1922; x_wconf 87' lang='grc' dir='ltr'><strong>τῶν</strong></span> <span class='ocrx_word' id='word_1_124' title='bbox 1676 1862 1883 1939; x_wconf 82' lang='grc' dir='ltr'>νοητῶν</span> 
     </span>
    </p>
   </div>
   <div class='ocr_carea' id='block_1_21' title="bbox 283 1959 1886 2033">
    <p class='ocr_par' dir='ltr' id='par_1_21' title="bbox 283 1959 1886 2033">
     <span class='ocr_line' id='line_1_21' title="bbox 283 1959 1886 2033; baseline -0.009 -9"><span class='ocrx_word' id='word_1_125' title='bbox 283 1970 286 1975; x_wconf 75' lang='grc'><strong>’</strong></span> <span class='ocrx_word' id='word_1_126' title='bbox 321 1969 516 2024; x_wconf 78' lang='grc' dir='ltr'>οὐσιῶν</span> <span class='ocrx_word' id='word_1_127' title='bbox 542 1967 680 2022; x_wconf 83' lang='grc' dir='ltr'><strong>κατά</strong></span> <span class='ocrx_word' id='word_1_128' title='bbox 719 1966 853 2020; x_wconf 79' lang='grc' dir='ltr'>πολὺ</span> <span class='ocrx_word' id='word_1_129' title='bbox 890 1965 1230 2028; x_wconf 81' lang='grc' dir='ltr'>ἀποδέουσιν,</span> <span class='ocrx_word' id='word_1_130' title='bbox 1263 1963 1604 2033; x_wconf 84' lang='grc' dir='ltr'>ἀπηχήματα</span> <span class='ocrx_word' id='word_1_131' title='bbox 1653 1959 1752 2030; x_wconf 83' lang='grc' dir='ltr'>τῆς</span> <span class='ocrx_word' id='word_1_132' title='bbox 1808 1959 1886 2012; x_wconf 76' lang='lat' dir='ltr'><strong>ol-</strong></span> 
     </span>
    </p>
   </div>
   <div class='ocr_carea' id='block_1_22' title="bbox 322 2048 1885 2128">
    <p class='ocr_par' dir='ltr' id='par_1_22' title="bbox 322 2048 1885 2128">
     <span class='ocr_line' id='line_1_22' title="bbox 322 2048 1885 2128; baseline -0.008 -15"><span class='ocrx_word' id='word_1_133' title='bbox 322 2061 475 2124; x_wconf 83' lang='grc' dir='ltr'>κείας</span> <span class='ocrx_word' id='word_1_134' title='bbox 501 2057 863 2128; x_wconf 74' lang='grc' dir='ltr'>ἐγκαταμίξαι</span> <span class='ocrx_word' id='word_1_135' title='bbox 898 2055 1337 2128; x_wconf 75' lang='grc' dir='ltr'>μεγαλειότητος,</span> <span class='ocrx_word' id='word_1_136' title='bbox 1371 2052 1642 2123; x_wconf 76' lang='grc' dir='ltr'>δυνάμενα</span> <span class='ocrx_word' id='word_1_137' title='bbox 1668 2049 1759 2103; x_wconf 80' lang='grc' dir='ltr'><strong>τὸν</strong></span> <span class='ocrx_word' id='word_1_138' title='bbox 1790 2048 1885 2103; x_wconf 84' lang='grc' dir='ltr'>ἀν-</span> 
     </span>
    </p>
   </div>
   <div class='ocr_carea' id='block_1_23' title="bbox 324 2138 1885 2218">
    <p class='ocr_par' dir='ltr' id='par_1_23' title="bbox 324 2138 1885 2218">
     <span class='ocr_line' id='line_1_23' title="bbox 324 2138 1885 2218; baseline -0.009 -14"><span class='ocrx_word' id='word_1_139' title='bbox 324 2146 591 2218; x_wconf 82' lang='grc' dir='ltr'>θρώπινον</span> <span class='ocrx_word' id='word_1_140' title='bbox 624 2148 748 2203; x_wconf 73' lang='grc' dir='ltr'>νοῦν</span> <span class='ocrx_word' id='word_1_141' title='bbox 774 2147 967 2218; x_wconf 79' lang='grc' dir='ltr'>ὲποχοὺ</span> <span class='ocrx_word' id='word_1_142' title='bbox 977 2162 1135 2216; x_wconf 91' lang='grc' dir='ltr'>μενον</span> <span class='ocrx_word' id='word_1_143' title='bbox 1163 2145 1365 2208; x_wconf 70' lang='grc' dir='ltr'>αὑτοῖς,</span> <span class='ocrx_word' id='word_1_144' title='bbox 1394 2141 1529 2212; x_wconf 80' lang='grc' dir='ltr'>πρὸς</span> <span class='ocrx_word' id='word_1_145' title='bbox 1554 2140 1686 2192; x_wconf 77' lang='grc' dir='ltr'>Θεὸν</span> <span class='ocrx_word' id='word_1_146' title='bbox 1712 2138 1885 2192; x_wconf 85' lang='grc' dir='ltr'>ἀπλα-</span> 
     </span>
    </p>
   </div>
   <div class='ocr_carea' id='block_1_24' title="bbox 324 2227 1889 2312">
    <p class='ocr_par' dir='ltr' id='par_1_24' title="bbox 324 2227 1889 2312">
     <span class='ocr_line' id='line_1_24' title="bbox 324 2227 1889 2312; baseline -0.01 -18"><span class='ocrx_word' id='word_1_147' title='bbox 324 2240 429 2305; x_wconf 87' lang='grc' dir='ltr'><strong>νῶς</strong></span> <span class='ocrx_word' id='word_1_148' title='bbox 481 2239 921 2312; x_wconf 84' lang='grc' dir='ltr'>διαπορθμεύειν,</span> <span class='ocrx_word' id='word_1_149' title='bbox 973 2238 1227 2308; x_wconf 86' lang='grc' dir='ltr'>ὑπεράνω</span> <span class='ocrx_word' id='word_1_150' title='bbox 1276 2233 1493 2288; x_wconf 83' lang='grc' dir='ltr'>πάντων</span> <span class='ocrx_word' id='word_1_151' title='bbox 1541 2232 1649 2284; x_wconf 87' lang='grc' dir='ltr'><strong>τῶν</strong></span> <span class='ocrx_word' id='word_1_152' title='bbox 1680 2227 1889 2301; x_wconf 74' lang='grc' dir='ltr'>ὁρωμέ-</span> 
     </span>
    </p>
   </div>
   <div class='ocr_carea' id='block_1_25' title="bbox 296 2317 1889 2399">
    <p class='ocr_par' dir='ltr' id='par_1_25' title="bbox 296 2317 1889 2399">
     <span class='ocr_line' id='line_1_25' title="bbox 296 2317 1889 2399; baseline -0.01 -16"><span class='ocrx_word' id='word_1_153' title='bbox 296 2394 301 2398; x_wconf 88' lang='lat'><strong><em>_</em></strong></span> <span class='ocrx_word' id='word_1_154' title='bbox 327 2347 431 2382; x_wconf 88' lang='grc' dir='ltr'><strong>νων</strong></span> <span class='ocrx_word' id='word_1_155' title='bbox 457 2329 760 2399; x_wconf 84' lang='grc' dir='ltr'>γινόμενον,</span> <span class='ocrx_word' id='word_1_156' title='bbox 791 2321 881 2381; x_wconf 75' lang='grc' dir='ltr'>οἷα</span> <span class='ocrx_word' id='word_1_157' title='bbox 906 2328 1005 2395; x_wconf 81' lang='grc' dir='ltr'>τῆς</span> <span class='ocrx_word' id='word_1_158' title='bbox 1034 2325 1207 2395; x_wconf 79' lang='grc' dir='ltr'>ἄκρας</span> <span class='ocrx_word' id='word_1_159' title='bbox 1237 2321 1504 2376; x_wconf 72' lang='grc' dir='ltr'>ἐπιϐάντα</span> <span class='ocrx_word' id='word_1_160' title='bbox 1552 2317 1889 2389; x_wconf 84' lang='grc' dir='ltr'>μακαριότη-</span> 
     </span>
    </p>
   </div>
   <div class='ocr_carea' id='block_1_26' title="bbox 326 2432 435 2483">
    <p class='ocr_par' dir='ltr' id='par_1_26' title="bbox 326 2432 435 2483">
     <span class='ocr_line' id='line_1_26' title="bbox 326 2432 435 2483; baseline 0 -10"><span class='ocrx_word' id='word_1_161' title='bbox 326 2432 435 2483; x_wconf 80' lang='grc' dir='ltr'>τος.</span> 
     </span>
    </p>
   </div>
   <div class='ocr_carea' id='block_1_27' title="bbox 398 2596 1892 2679">
    <p class='ocr_par' dir='ltr' id='par_1_27' title="bbox 398 2596 1892 2679">
     <span class='ocr_line' id='line_1_27' title="bbox 398 2596 1892 2679; baseline -0.01 -15"><span class='ocrx_word' id='word_1_162' title='bbox 398 2611 503 2679; x_wconf 48' lang='grc' dir='ltr'><strong>ᾖξ’.</strong></span> <span class='ocrx_word' id='word_1_163' title='bbox 537 2609 649 2672; x_wconf 78' lang='grc' dir='ltr'><strong>Πᾶς</strong></span> <span class='ocrx_word' id='word_1_164' title='bbox 703 2605 826 2668; x_wconf 77' lang='grc' dir='ltr'>νοῦς</span> <span class='ocrx_word' id='word_1_165' title='bbox 855 2606 1025 2674; x_wconf 79' lang='grc' dir='ltr'>ἀρετῇ</span> <span class='ocrx_word' id='word_1_166' title='bbox 1062 2603 1152 2656; x_wconf 78' lang='grc' dir='ltr'><strong>καὶ</strong></span> <span class='ocrx_word' id='word_1_167' title='bbox 1198 2599 1400 2669; x_wconf 79' lang='grc' dir='ltr'>γνώσει</span> <span class='ocrx_word' id='word_1_168' title='bbox 1430 2596 1892 2669; x_wconf 81' lang='grc' dir='ltr'>κατεστεμμένος,</span> 
     </span>
    </p>
   </div>
   <div class='ocr_carea' id='block_1_28' title="bbox 328 2678 1895 2771">
    <p class='ocr_par' dir='ltr' id='par_1_28' title="bbox 328 2678 1895 2771">
     <span class='ocr_line' id='line_1_28' title="bbox 328 2678 1895 2771; baseline -0.01 -15"><span class='ocrx_word' id='word_1_169' title='bbox 328 2678 513 2771; x_wconf 78' lang='grc' dir='ltr'>οἴαδὴ</span> <span class='ocrx_word' id='word_1_170' title='bbox 544 2698 684 2753; x_wconf 82' lang='grc' dir='ltr'>κατὰ</span> <span class='ocrx_word' id='word_1_171' title='bbox 729 2696 821 2750; x_wconf 78' lang='grc' dir='ltr'><strong>τὸν</strong></span> <span class='ocrx_word' id='word_1_172' title='bbox 871 2678 1044 2765; x_wconf 81' lang='grc' dir='ltr'>μέγαν</span> <span class='ocrx_word' id='word_1_173' title='bbox 1071 2693 1319 2757; x_wconf 78' lang='grc' dir='ltr'>Ἐζεκίαν</span> <span class='ocrx_word' id='word_1_174' title='bbox 1361 2690 1666 2762; x_wconf 79' lang='grc' dir='ltr'>βασιλεύειν</span> <span class='ocrx_word' id='word_1_175' title='bbox 1716 2688 1895 2760; x_wconf 87' lang='grc' dir='ltr'>λαχὼν</span> 
     </span>
    </p>
   </div>
   <div class='ocr_carea' id='block_1_29' title="bbox 331 2779 1899 2864">
    <p class='ocr_par' dir='ltr' id='par_1_29' title="bbox 331 2779 1899 2864">
     <span class='ocr_line' id='line_1_29' title="bbox 331 2779 1899 2864; baseline -0.009 -17"><span class='ocrx_word' id='word_1_176' title='bbox 331 2795 431 2864; x_wconf 82' lang='grc' dir='ltr'>τῆς</span> <span class='ocrx_word' id='word_1_177' title='bbox 465 2789 852 2861; x_wconf 82' lang='grc' dir='ltr'>Ἰερουσαλήμ·</span> <span class='ocrx_word' id='word_1_178' title='bbox 890 2787 1155 2853; x_wconf 79' lang='grc' dir='ltr'>τουτέστι,</span> <span class='ocrx_word' id='word_1_179' title='bbox 1182 2785 1282 2855; x_wconf 82' lang='grc' dir='ltr'>τῆς</span> <span class='ocrx_word' id='word_1_180' title='bbox 1311 2784 1534 2855; x_wconf 70' lang='grc' dir='ltr'>εἰρήνην</span> <span class='ocrx_word' id='word_1_181' title='bbox 1572 2782 1739 2852; x_wconf 86' lang='grc' dir='ltr'>μόνην</span> <span class='ocrx_word' id='word_1_182' title='bbox 1765 2779 1899 2851; x_wconf 79' lang='grc' dir='ltr'><strong>ὁρώ-</strong></span> 
     </span>
    </p>
   </div>
   <div class='ocr_carea' id='block_1_30' title="bbox 335 2874 1898 2954">
    <p class='ocr_par' dir='ltr' id='par_1_30' title="bbox 335 2874 1898 2954">
     <span class='ocr_line' id='line_1_30' title="bbox 335 2874 1898 2954; baseline -0.009 -15"><span class='ocrx_word' id='word_1_183' title='bbox 335 2903 433 2954; x_wconf 87' lang='grc' dir='ltr'><strong>σης</strong></span> <span class='ocrx_word' id='word_1_184' title='bbox 460 2885 645 2949; x_wconf 65' lang='grc' dir='ltr'>ἕξεως,</span> <span class='ocrx_word' id='word_1_185' title='bbox 684 2882 852 2952; x_wconf 73' lang='grc' dir='ltr'>ηγουν</span> <span class='ocrx_word' id='word_1_186' title='bbox 878 2882 977 2951; x_wconf 81' lang='grc' dir='ltr'>τῆς</span> <span class='ocrx_word' id='word_1_187' title='bbox 1020 2877 1287 2932; x_wconf 85' lang='grc' dir='ltr'>παντοίων</span> <span class='ocrx_word' id='word_1_188' title='bbox 1310 2875 1498 2930; x_wconf 87' lang='grc' dir='ltr'>παθῶν</span> <span class='ocrx_word' id='word_1_189' title='bbox 1530 2874 1898 2946; x_wconf 73' lang='grc' dir='ltr'>ἐστερημένης</span> 
     </span>
    </p>
   </div>
   <div class='ocr_carea' id='block_1_31' title="bbox 337 2962 1898 3035">
    <p class='ocr_par' dir='ltr' id='par_1_31' title="bbox 337 2962 1898 3035">
     <span class='ocr_line' id='line_1_31' title="bbox 337 2962 1898 3035; baseline -0.006 -11"><span class='ocrx_word' id='word_1_190' title='bbox 337 2967 749 3030; x_wconf 79' lang='grc' dir='ltr'>καταστάσεως·</span> <span class='ocrx_word' id='word_1_191' title='bbox 787 2966 994 3034; x_wconf 80' lang='grc' dir='ltr'>ὅρασις</span> <span class='ocrx_word' id='word_1_192' title='bbox 1020 2965 1129 3035; x_wconf 71' lang='grc' dir='ltr'>γὰρ</span> <span class='ocrx_word' id='word_1_193' title='bbox 1157 2963 1398 3033; x_wconf 69' lang='grc' dir='ltr'>εἰρήνης</span> <span class='ocrx_word' id='word_1_194' title='bbox 1424 2962 1778 3033; x_wconf 79' lang='grc' dir='ltr'>Ἰερουσαλὴμ</span> <span class='ocrx_word' id='word_1_195' title='bbox 1805 2962 1898 3031; x_wconf 80' lang='grc' dir='ltr'>ἑρ-</span> 
     </span>
    </p>
   </div>
   <div class='ocr_carea' id='block_1_32' title="bbox 1968 476 3536 555">
    <p class='ocr_par' dir='ltr' id='par_1_32' title="bbox 1968 476 3536 555">
     <span class='ocr_line' id='line_1_32' title="bbox 1968 476 3536 555; baseline -0.002 -13"><span class='ocrx_word' id='word_1_196' title='bbox 1968 488 2230 543; x_wconf 87' lang='lat' dir='ltr'><strong>adversus</strong></span> <span class='ocrx_word' id='word_1_197' title='bbox 2271 489 2529 543; x_wconf 73' lang='lat' dir='ltr'><strong>virtutem</strong></span> <span class='ocrx_word' id='word_1_198' title='bbox 2592 502 2663 542; x_wconf 88' lang='lat' dir='ltr'><strong>ac</strong></span> <span class='ocrx_word' id='word_1_199' title='bbox 2715 485 2998 541; x_wconf 78' lang='lat' dir='ltr'><strong>scientiam</strong></span> <span class='ocrx_word' id='word_1_200' title='bbox 3041 484 3292 550; x_wconf 81' lang='lat' dir='ltr'><strong>conﬂato,</strong></span> <span class='ocrx_word' id='word_1_201' title='bbox 3320 500 3417 555; x_wconf 85' lang='lat' dir='ltr'><strong>per</strong></span> <span class='ocrx_word' id='word_1_202' title='bbox 3450 476 3536 539; x_wconf 74' lang='lat' dir='ltr'><strong>ia.</strong></span> 
     </span>
    </p>
   </div>
   <div class='ocr_carea' id='block_1_33' title="bbox 1968 570 3537 646">
    <p class='ocr_par' dir='ltr' id='par_1_33' title="bbox 1968 570 3537 646">
     <span class='ocr_line' id='line_1_33' title="bbox 1968 570 3537 646; baseline -0.002 -13"><span class='ocrx_word' id='word_1_203' title='bbox 1968 588 2123 635; x_wconf 86' lang='lat' dir='ltr'><strong>natas</strong></span> <span class='ocrx_word' id='word_1_204' title='bbox 2160 578 2354 634; x_wconf 65' lang='lat' dir='ltr'><strong>animae</strong></span> <span class='ocrx_word' id='word_1_205' title='bbox 2378 578 2682 641; x_wconf 70' lang='lat' dir='ltr'><strong>facultates,</strong></span> <span class='ocrx_word' id='word_1_206' title='bbox 2717 570 2859 630; x_wconf 91' lang='lat' dir='ltr'><strong>hanc</strong></span> <span class='ocrx_word' id='word_1_207' title='bbox 2883 575 3109 633; x_wconf 83' lang='lat' dir='ltr'><strong>fundere</strong></span> <span class='ocrx_word' id='word_1_208' title='bbox 3149 591 3210 631; x_wconf 91' lang='lat' dir='ltr'><strong>ae</strong></span> <span class='ocrx_word' id='word_1_209' title='bbox 3250 577 3537 646; x_wconf 80' lang='lat' dir='ltr'><strong>proﬂigare</strong></span> 
     </span>
    </p>
   </div>
   <div class='ocr_carea' id='block_1_34' title="bbox 1970 666 3539 740">
    <p class='ocr_par' dir='ltr' id='par_1_34' title="bbox 1970 666 3539 740">
     <span class='ocr_line' id='line_1_34' title="bbox 1970 666 3539 740; baseline -0.001 -15"><span class='ocrx_word' id='word_1_210' title='bbox 1970 670 2212 725; x_wconf 87' lang='lat' dir='ltr'><strong>molitur.</strong></span> <span class='ocrx_word' id='word_1_211' title='bbox 2245 667 2319 724; x_wconf 78' lang='lat' dir='ltr'><strong>Ac</strong></span> <span class='ocrx_word' id='word_1_212' title='bbox 2344 670 2576 740; x_wconf 90' lang='lat' dir='ltr'><strong>primum</strong></span> <span class='ocrx_word' id='word_1_213' title='bbox 2606 668 2826 738; x_wconf 84' lang='lat' dir='ltr'><strong>quidem</strong></span> <span class='ocrx_word' id='word_1_214' title='bbox 2856 666 3206 735; x_wconf 84' lang='lat' dir='ltr'><strong>cupiditatem</strong></span> <span class='ocrx_word' id='word_1_215' title='bbox 3249 668 3446 731; x_wconf 83' lang='lat' dir='ltr'><strong>irritat,</strong></span> <span class='ocrx_word' id='word_1_216' title='bbox 3479 671 3539 723; x_wconf 81' lang='lat' dir='ltr'><strong>ut</strong></span> 
     </span>
    </p>
   </div>
   <div class='ocr_carea' id='block_1_35' title="bbox 1971 745 3541 832">
    <p class='ocr_par' dir='ltr' id='par_1_35' title="bbox 1971 745 3541 832">
     <span class='ocr_line' id='line_1_35' title="bbox 1971 745 3541 832; baseline -0.003 -16"><span class='ocrx_word' id='word_1_217' title='bbox 1971 777 2091 832; x_wconf 65' lang='lat' dir='ltr'><strong>qum</strong></span> <span class='ocrx_word' id='word_1_218' title='bbox 2121 745 2447 816; x_wconf 80' lang='lat' dir='ltr'><strong>innaturalia</strong></span> <span class='ocrx_word' id='word_1_219' title='bbox 2475 768 2623 825; x_wconf 90' lang='lat' dir='ltr'><strong>sunt,</strong></span> <span class='ocrx_word' id='word_1_220' title='bbox 2646 766 2886 830; x_wconf 88' lang='lat' dir='ltr'><strong>appetat,</strong></span> <span class='ocrx_word' id='word_1_221' title='bbox 2908 766 3207 828; x_wconf 85' lang='lat' dir='ltr'><strong>auctorque</strong></span> <span class='ocrx_word' id='word_1_222' title='bbox 3232 764 3337 823; x_wconf 85' lang='lat' dir='ltr'><strong>est,</strong></span> <span class='ocrx_word' id='word_1_223' title='bbox 3365 766 3423 812; x_wconf 87' lang='lat' dir='ltr'><strong>ut</strong></span> <span class='ocrx_word' id='word_1_224' title='bbox 3454 759 3541 812; x_wconf 85' lang='lat' dir='ltr'><strong>his</strong></span> 
     </span>
    </p>
   </div>
   <div class='ocr_carea' id='block_1_36' title="bbox 1972 849 3540 922">
    <p class='ocr_par' dir='ltr' id='par_1_36' title="bbox 1972 849 3540 922">
     <span class='ocr_line' id='line_1_36' title="bbox 1972 849 3540 922; baseline -0.001 -18"><span class='ocrx_word' id='word_1_225' title='bbox 1972 867 2093 922; x_wconf 74' lang='lat' dir='ltr'><strong>quas</strong></span> <span class='ocrx_word' id='word_1_226' title='bbox 2121 867 2282 905; x_wconf 86' lang='lat' dir='ltr'><strong>sensu</strong></span> <span class='ocrx_word' id='word_1_227' title='bbox 2318 851 2717 921; x_wconf 88' lang='lat' dir='ltr'><strong>percipiuntur,</strong></span> <span class='ocrx_word' id='word_1_228' title='bbox 2748 865 2834 916; x_wconf 90' lang='lat' dir='ltr'><strong>ea,</strong></span> <span class='ocrx_word' id='word_1_229' title='bbox 2867 865 2988 919; x_wconf 66' lang='lat' dir='ltr'><strong>qua:</strong></span> <span class='ocrx_word' id='word_1_230' title='bbox 3016 849 3131 903; x_wconf 89' lang='lat' dir='ltr'><strong>sola</strong></span> <span class='ocrx_word' id='word_1_231' title='bbox 3161 857 3346 903; x_wconf 83' lang='lat' dir='ltr'><strong>mente</strong></span> <span class='ocrx_word' id='word_1_232' title='bbox 3377 849 3540 903; x_wconf 86' lang='lat' dir='ltr'><strong>intel-</strong></span> 
     </span>
    </p>
   </div>
   <div class='ocr_carea' id='block_1_37' title="bbox 1972 941 3538 1014">
    <p class='ocr_par' dir='ltr' id='par_1_37' title="bbox 1972 941 3538 1014">
     <span class='ocr_line' id='line_1_37' title="bbox 1972 941 3538 1014; baseline -0.003 -16"><span class='ocrx_word' id='word_1_233' title='bbox 1972 943 2235 1014; x_wconf 81' lang='lat' dir='ltr'><strong>liguntur,</strong></span> <span class='ocrx_word' id='word_1_234' title='bbox 2266 943 2589 1014; x_wconf 82' lang='lat' dir='ltr'><strong>posthabeat</strong></span> <span class='ocrx_word' id='word_1_235' title='bbox 2618 961 2631 995; x_wconf 91' lang='lat'><strong>:</strong></span> <span class='ocrx_word' id='word_1_236' title='bbox 2659 943 2795 996; x_wconf 89' lang='lat' dir='ltr'><strong>iram</strong></span> <span class='ocrx_word' id='word_1_237' title='bbox 2819 956 2950 996; x_wconf 90' lang='lat' dir='ltr'><strong>vero</strong></span> <span class='ocrx_word' id='word_1_238' title='bbox 2974 941 3292 1010; x_wconf 87' lang='lat' dir='ltr'><strong>impellitac</strong></span> <span class='ocrx_word' id='word_1_239' title='bbox 3314 942 3538 1006; x_wconf 82' lang='lat' dir='ltr'><strong>excitat,</strong></span> 
     </span>
    </p>
   </div>
   <div class='ocr_carea' id='block_1_38' title="bbox 1975 1026 3540 1101">
    <p class='ocr_par' dir='ltr' id='par_1_38' title="bbox 1975 1026 3540 1101">
     <span class='ocr_line' id='line_1_38' title="bbox 1975 1026 3540 1101; baseline 0.001 -17"><span class='ocrx_word' id='word_1_240' title='bbox 1975 1039 2036 1084; x_wconf 89' lang='lat' dir='ltr'><strong>ut</strong></span> <span class='ocrx_word' id='word_1_241' title='bbox 2062 1030 2182 1100; x_wconf 84' lang='lat' dir='ltr'><strong>ejus</strong></span> <span class='ocrx_word' id='word_1_242' title='bbox 2202 1029 2353 1095; x_wconf 89' lang='lat' dir='ltr'><strong>boni,</strong></span> <span class='ocrx_word' id='word_1_243' title='bbox 2376 1026 2521 1100; x_wconf 87' lang='lat' dir='ltr'><strong>quod</strong></span> <span class='ocrx_word' id='word_1_244' title='bbox 2551 1045 2715 1085; x_wconf 91' lang='lat' dir='ltr'><strong>sensu</strong></span> <span class='ocrx_word' id='word_1_245' title='bbox 2752 1029 3075 1099; x_wconf 88' lang='lat' dir='ltr'><strong>percipitur,</strong></span> <span class='ocrx_word' id='word_1_246' title='bbox 3100 1044 3284 1095; x_wconf 89' lang='lat' dir='ltr'><strong>causa,</strong></span> <span class='ocrx_word' id='word_1_247' title='bbox 3311 1044 3376 1084; x_wconf 91' lang='lat' dir='ltr'><strong>ac</strong></span> <span class='ocrx_word' id='word_1_248' title='bbox 3394 1030 3540 1101; x_wconf 91' lang='lat' dir='ltr'><strong>quod</strong></span> 
     </span>
    </p>
   </div>
   <div class='ocr_carea' id='block_1_39' title="bbox 1975 1120 3539 1192">
    <p class='ocr_par' dir='ltr' id='par_1_39' title="bbox 1975 1120 3539 1192">
     <span class='ocr_line' id='line_1_39' title="bbox 1975 1120 3539 1192; baseline 0.001 -17"><span class='ocrx_word' id='word_1_249' title='bbox 1975 1120 2246 1190; x_wconf 79' lang='lat' dir='ltr'><strong>cupiditas</strong></span> <span class='ocrx_word' id='word_1_250' title='bbox 2288 1121 2517 1191; x_wconf 79' lang='lat' dir='ltr'><strong>delegit,</strong></span> <span class='ocrx_word' id='word_1_251' title='bbox 2561 1136 2797 1192; x_wconf 82' lang='lat' dir='ltr'><strong>pugnam</strong></span> <span class='ocrx_word' id='word_1_252' title='bbox 2833 1120 3096 1187; x_wconf 84' lang='lat' dir='ltr'><strong>instruat;</strong></span> <span class='ocrx_word' id='word_1_253' title='bbox 3133 1121 3397 1176; x_wconf 83' lang='lat' dir='ltr'><strong>rationem</strong></span> <span class='ocrx_word' id='word_1_254' title='bbox 3441 1135 3539 1191; x_wconf 40' lang='lat' dir='ltr'><strong>pos</strong></span> 
     </span>
    </p>
   </div>
   <div class='ocr_carea' id='block_1_40' title="bbox 1976 1204 3544 1281">
    <p class='ocr_par' dir='ltr' id='par_1_40' title="bbox 1976 1204 3544 1281">
     <span class='ocr_line' id='line_1_40' title="bbox 1976 1204 3544 1281; baseline 0.001 -16"><span class='ocrx_word' id='word_1_255' title='bbox 1976 1214 2179 1265; x_wconf 86' lang='lat' dir='ltr'><strong>slremo</strong></span> <span class='ocrx_word' id='word_1_256' title='bbox 2228 1204 2406 1275; x_wconf 86' lang='lat' dir='ltr'><strong>docet,</strong></span> <span class='ocrx_word' id='word_1_257' title='bbox 2457 1220 2513 1265; x_wconf 90' lang='lat' dir='ltr'><strong>ut</strong></span> <span class='ocrx_word' id='word_1_258' title='bbox 2547 1211 2885 1281; x_wconf 84' lang='lat' dir='ltr'><strong>voluptatum</strong></span> <span class='ocrx_word' id='word_1_259' title='bbox 2930 1224 3150 1266; x_wconf 87' lang='lat' dir='ltr'><strong>sensum</strong></span> <span class='ocrx_word' id='word_1_260' title='bbox 3196 1206 3544 1268; x_wconf 69' lang='lat' dir='ltr'><strong>efﬁcientium</strong></span> 
     </span>
    </p>
   </div>
   <div class='ocr_carea' id='block_1_41' title="bbox 1979 1296 2527 1355">
    <p class='ocr_par' dir='ltr' id='par_1_41' title="bbox 1979 1296 2527 1355">
     <span class='ocr_line' id='line_1_41' title="bbox 1979 1296 2527 1355; baseline -0.004 0"><span class='ocrx_word' id='word_1_261' title='bbox 1979 1296 2170 1355; x_wconf 87' lang='lat' dir='ltr'><strong>modos</strong></span> <span class='ocrx_word' id='word_1_262' title='bbox 2196 1298 2527 1355; x_wconf 65' lang='lat' dir='ltr'><strong>adim‘anat.</strong></span> 
     </span>
    </p>
   </div>
   <div class='ocr_carea' id='block_1_42' title="bbox 2050 1404 3549 1482">
    <p class='ocr_par' dir='ltr' id='par_1_42' title="bbox 2050 1404 3549 1482">
     <span class='ocr_line' id='line_1_42' title="bbox 2050 1404 3549 1482; baseline 0.003 -15"><span class='ocrx_word' id='word_1_263' title='bbox 2050 1412 2134 1467; x_wconf 82' lang='lat'><strong>96.</strong></span> <span class='ocrx_word' id='word_1_264' title='bbox 2164 1412 2403 1479; x_wconf 75' lang='lat' dir='ltr'><strong>Summa:</strong></span> <span class='ocrx_word' id='word_1_265' title='bbox 2427 1404 2685 1468; x_wconf 74' lang='lat' dir='ltr'><strong>bonitatis</strong></span> <span class='ocrx_word' id='word_1_266' title='bbox 2709 1413 2990 1482; x_wconf 87' lang='lat' dir='ltr'><strong>proprium</strong></span> <span class='ocrx_word' id='word_1_267' title='bbox 3019 1422 3123 1478; x_wconf 90' lang='lat' dir='ltr'><strong>est,</strong></span> <span class='ocrx_word' id='word_1_268' title='bbox 3148 1423 3208 1467; x_wconf 86' lang='lat' dir='ltr'><strong>ut</strong></span> <span class='ocrx_word' id='word_1_269' title='bbox 3234 1426 3343 1470; x_wconf 79' lang='lat' dir='ltr'><strong>non</strong></span> <span class='ocrx_word' id='word_1_270' title='bbox 3372 1417 3549 1471; x_wconf 85' lang='lat' dir='ltr'><strong>solum</strong></span> 
     </span>
    </p>
   </div>
   <div class='ocr_carea' id='block_1_43' title="bbox 1980 1499 3551 1571">
    <p class='ocr_par' dir='ltr' id='par_1_43' title="bbox 1980 1499 3551 1571">
     <span class='ocr_line' id='line_1_43' title="bbox 1980 1499 3551 1571; baseline 0.001 -15"><span class='ocrx_word' id='word_1_271' title='bbox 1980 1500 2195 1556; x_wconf 87' lang='lat' dir='ltr'><strong>divinas</strong></span> <span class='ocrx_word' id='word_1_272' title='bbox 2245 1509 2299 1555; x_wconf 88' lang='lat' dir='ltr'><strong>et</strong></span> <span class='ocrx_word' id='word_1_273' title='bbox 2342 1502 2697 1571; x_wconf 87' lang='lat' dir='ltr'><strong>incorporeas</strong></span> <span class='ocrx_word' id='word_1_274' title='bbox 2744 1499 3142 1555; x_wconf 85' lang='lat' dir='ltr'><strong>intellectilium</strong></span> <span class='ocrx_word' id='word_1_275' title='bbox 3190 1501 3551 1568; x_wconf 80' lang='lat' dir='ltr'><strong>substantias,</strong></span> 
     </span>
    </p>
   </div>
   <div class='ocr_carea' id='block_1_44' title="bbox 1983 1591 3550 1662">
    <p class='ocr_par' dir='ltr' id='par_1_44' title="bbox 1983 1591 3550 1662">
     <span class='ocr_line' id='line_1_44' title="bbox 1983 1591 3550 1662; baseline 0.001 -16"><span class='ocrx_word' id='word_1_276' title='bbox 1983 1606 2194 1647; x_wconf 69' lang='lat' dir='ltr'><strong>arcana:</strong></span> <span class='ocrx_word' id='word_1_277' title='bbox 2220 1591 2526 1660; x_wconf 65' lang='lat' dir='ltr'><strong>divinaeque</strong></span> <span class='ocrx_word' id='word_1_278' title='bbox 2555 1591 2852 1662; x_wconf 89' lang='lat' dir='ltr'><strong>majestatis</strong></span> <span class='ocrx_word' id='word_1_279' title='bbox 2892 1591 3182 1646; x_wconf 90' lang='lat' dir='ltr'><strong>simulacra</strong></span> <span class='ocrx_word' id='word_1_280' title='bbox 3225 1592 3550 1659; x_wconf 84' lang='lat' dir='ltr'><strong>constituat;</strong></span> 
     </span>
    </p>
   </div>
   <div class='ocr_carea' id='block_1_45' title="bbox 1983 1679 3555 1751">
    <p class='ocr_par' dir='ltr' id='par_1_45' title="bbox 1983 1679 3555 1751">
     <span class='ocr_line' id='line_1_45' title="bbox 1983 1679 3555 1751; baseline 0 -14"><span class='ocrx_word' id='word_1_281' title='bbox 1983 1697 2105 1751; x_wconf 64' lang='lat' dir='ltr'><strong>qua:</strong></span> <span class='ocrx_word' id='word_1_282' title='bbox 2144 1680 2404 1735; x_wconf 81' lang='lat' dir='ltr'><strong>videlicet</strong></span> <span class='ocrx_word' id='word_1_283' title='bbox 2445 1689 2648 1742; x_wconf 86' lang='lat' dir='ltr'><strong>totam,</strong></span> <span class='ocrx_word' id='word_1_284' title='bbox 2684 1687 2886 1748; x_wconf 87' lang='lat' dir='ltr'><strong>quanta</strong></span> <span class='ocrx_word' id='word_1_285' title='bbox 2932 1679 3281 1746; x_wconf 84' lang='lat' dir='ltr'><strong>conceditur,</strong></span> <span class='ocrx_word' id='word_1_286' title='bbox 3329 1697 3430 1749; x_wconf 91' lang='lat' dir='ltr'><strong>pro</strong></span> <span class='ocrx_word' id='word_1_287' title='bbox 3469 1683 3555 1737; x_wconf 92' lang='lat' dir='ltr'><strong>sui</strong></span> 
     </span>
    </p>
   </div>
   <div class='ocr_carea' id='block_1_46' title="bbox 1985 1770 3558 1842">
    <p class='ocr_par' dir='ltr' id='par_1_46' title="bbox 1985 1770 3558 1842">
     <span class='ocr_line' id='line_1_46' title="bbox 1985 1770 3558 1842; baseline -0.001 -15"><span class='ocrx_word' id='word_1_288' title='bbox 1985 1773 2217 1840; x_wconf 84' lang='lat' dir='ltr'><strong>ratione,</strong></span> <span class='ocrx_word' id='word_1_289' title='bbox 2248 1771 2396 1827; x_wconf 90' lang='lat' dir='ltr'><strong>omni</strong></span> <span class='ocrx_word' id='word_1_290' title='bbox 2440 1772 2702 1841; x_wconf 83' lang='lat' dir='ltr'><strong>majorem</strong></span> <span class='ocrx_word' id='word_1_291' title='bbox 2745 1770 2987 1842; x_wconf 79' lang='lat' dir='ltr'><strong>cogitatu</strong></span> <span class='ocrx_word' id='word_1_292' title='bbox 3034 1771 3297 1828; x_wconf 85' lang='lat' dir='ltr'><strong>inaccessi</strong></span> <span class='ocrx_word' id='word_1_293' title='bbox 3343 1773 3558 1828; x_wconf 77' lang='lat' dir='ltr'><strong>decoris</strong></span> 
     </span>
    </p>
   </div>
   <div class='ocr_carea' id='block_1_47' title="bbox 1984 1861 3556 1933">
    <p class='ocr_par' dir='ltr' id='par_1_47' title="bbox 1984 1861 3556 1933">
     <span class='ocr_line' id='line_1_47' title="bbox 1984 1861 3556 1933; baseline 0.001 -16"><span class='ocrx_word' id='word_1_294' title='bbox 1984 1863 2214 1918; x_wconf 85' lang='lat' dir='ltr'><strong>formam</strong></span> <span class='ocrx_word' id='word_1_295' title='bbox 2266 1861 2840 1933; x_wconf 88' lang='lat' dir='ltr'><strong>pulchritudinemque</strong></span> <span class='ocrx_word' id='word_1_296' title='bbox 2891 1862 3191 1931; x_wconf 88' lang='lat' dir='ltr'><strong>recipiant;</strong></span> <span class='ocrx_word' id='word_1_297' title='bbox 3243 1863 3337 1917; x_wconf 87' lang='lat' dir='ltr'><strong>sed</strong></span> <span class='ocrx_word' id='word_1_298' title='bbox 3393 1865 3556 1919; x_wconf 84' lang='lat' dir='ltr'><strong>etiam</strong></span> 
     </span>
    </p>
   </div>
   <div class='ocr_carea' id='block_1_48' title="bbox 1987 1951 3559 2024">
    <p class='ocr_par' dir='ltr' id='par_1_48' title="bbox 1987 1951 3559 2024">
     <span class='ocr_line' id='line_1_48' title="bbox 1987 1951 3559 2024; baseline 0.001 -16"><span class='ocrx_word' id='word_1_299' title='bbox 1987 1954 2093 2017; x_wconf 86' lang='lat' dir='ltr'><strong>his,</strong></span> <span class='ocrx_word' id='word_1_300' title='bbox 2119 1970 2240 2024; x_wconf 67' lang='lat' dir='ltr'><strong>quae</strong></span> <span class='ocrx_word' id='word_1_301' title='bbox 2285 1953 2337 2006; x_wconf 92' lang='lat' dir='ltr'><strong>in</strong></span> <span class='ocrx_word' id='word_1_302' title='bbox 2382 1968 2600 2007; x_wconf 87' lang='lat' dir='ltr'><strong>sensum</strong></span> <span class='ocrx_word' id='word_1_303' title='bbox 2634 1951 2856 2015; x_wconf 88' lang='lat' dir='ltr'><strong>cadunt,</strong></span> <span class='ocrx_word' id='word_1_304' title='bbox 2889 1951 3156 2021; x_wconf 84' lang='lat' dir='ltr'><strong>longeque</strong></span> <span class='ocrx_word' id='word_1_305' title='bbox 3190 1952 3258 2008; x_wconf 90' lang='lat' dir='ltr'><strong>ab</strong></span> <span class='ocrx_word' id='word_1_306' title='bbox 3293 1954 3403 2009; x_wconf 85' lang='lat' dir='ltr'><strong>illis</strong></span> <span class='ocrx_word' id='word_1_307' title='bbox 3434 1955 3559 2010; x_wconf 54' lang='lat' dir='ltr'><strong>sui»</strong></span> 
     </span>
    </p>
   </div>
   <div class='ocr_carea' id='block_1_49' title="bbox 1987 2040 3560 2115">
    <p class='ocr_par' dir='ltr' id='par_1_49' title="bbox 1987 2040 3560 2115">
     <span class='ocr_line' id='line_1_49' title="bbox 1987 2040 3560 2115; baseline 0.002 -19"><span class='ocrx_word' id='word_1_308' title='bbox 1987 2042 2203 2097; x_wconf 85' lang='lat' dir='ltr'><strong>stantiis</strong></span> <span class='ocrx_word' id='word_1_309' title='bbox 2238 2057 2361 2111; x_wconf 69' lang='lat' dir='ltr'><strong>quas</strong></span> <span class='ocrx_word' id='word_1_310' title='bbox 2387 2048 2566 2095; x_wconf 87' lang='lat' dir='ltr'><strong>mente</strong></span> <span class='ocrx_word' id='word_1_311' title='bbox 2603 2040 3001 2110; x_wconf 82' lang='lat' dir='ltr'><strong>intelliguntur,</strong></span> <span class='ocrx_word' id='word_1_312' title='bbox 3033 2041 3317 2109; x_wconf 77' lang='lat' dir='ltr'><strong>deﬁciunt,</strong></span> <span class='ocrx_word' id='word_1_313' title='bbox 3350 2047 3560 2115; x_wconf 78' lang='lat' dir='ltr'><strong>magni-</strong></span> 
     </span>
    </p>
   </div>
   <div class='ocr_carea' id='block_1_50' title="bbox 1989 2132 3561 2205">
    <p class='ocr_par' dir='ltr' id='par_1_50' title="bbox 1989 2132 3561 2205">
     <span class='ocr_line' id='line_1_50' title="bbox 1989 2132 3561 2205; baseline 0.001 -15"><span class='ocrx_word' id='word_1_314' title='bbox 1989 2134 2221 2190; x_wconf 64' lang='lat' dir='ltr'><strong>ﬁcentiae</strong></span> <span class='ocrx_word' id='word_1_315' title='bbox 2262 2149 2376 2188; x_wconf 70' lang='lat' dir='ltr'><strong>sum</strong></span> <span class='ocrx_word' id='word_1_316' title='bbox 2416 2142 2660 2188; x_wconf 81' lang='lat' dir='ltr'><strong>extrema</strong></span> <span class='ocrx_word' id='word_1_317' title='bbox 2693 2132 2940 2202; x_wconf 83' lang='lat' dir='ltr'><strong>quaedam</strong></span> <span class='ocrx_word' id='word_1_318' title='bbox 2985 2133 3140 2202; x_wconf 89' lang='lat' dir='ltr'><strong>quasi</strong></span> <span class='ocrx_word' id='word_1_319' title='bbox 3186 2135 3411 2205; x_wconf 81' lang='lat' dir='ltr'><strong>vestigia</strong></span> <span class='ocrx_word' id='word_1_320' title='bbox 3457 2137 3561 2191; x_wconf 87' lang='lat' dir='ltr'><strong>mi-</strong></span> 
     </span>
    </p>
   </div>
   <div class='ocr_carea' id='block_1_51' title="bbox 1991 2216 3562 2296">
    <p class='ocr_par' dir='ltr' id='par_1_51' title="bbox 1991 2216 3562 2296">
     <span class='ocr_line' id='line_1_51' title="bbox 1991 2216 3562 2296; baseline 0 -14"><span class='ocrx_word' id='word_1_321' title='bbox 1991 2235 2167 2292; x_wconf 88' lang='lat' dir='ltr'><strong>sceat;</strong></span> <span class='ocrx_word' id='word_1_322' title='bbox 2216 2216 2338 2296; x_wconf 62' lang='lat' dir='ltr'><strong>quae</strong></span> <span class='ocrx_word' id='word_1_323' title='bbox 2387 2224 2495 2279; x_wconf 87' lang='lat' dir='ltr'><strong>illis</strong></span> <span class='ocrx_word' id='word_1_324' title='bbox 2538 2224 2805 2279; x_wconf 86' lang='lat' dir='ltr'><strong>nitentem</strong></span> <span class='ocrx_word' id='word_1_325' title='bbox 2849 2223 3230 2295; x_wconf 86' lang='lat' dir='ltr'><strong>invectamque</strong></span> <span class='ocrx_word' id='word_1_326' title='bbox 3269 2226 3562 2282; x_wconf 87' lang='lat' dir='ltr'><strong>humanam</strong></span> 
     </span>
    </p>
   </div>
   <div class='ocr_carea' id='block_1_52' title="bbox 1991 2313 3564 2385">
    <p class='ocr_par' dir='ltr' id='par_1_52' title="bbox 1991 2313 3564 2385">
     <span class='ocr_line' id='line_1_52' title="bbox 1991 2313 3564 2385; baseline -0.001 -12"><span class='ocrx_word' id='word_1_327' title='bbox 1991 2326 2252 2380; x_wconf 88' lang='lat' dir='ltr'><strong>mentem,</strong></span> <span class='ocrx_word' id='word_1_328' title='bbox 2286 2323 2435 2371; x_wconf 88' lang='lat' dir='ltr'><strong>recta</strong></span> <span class='ocrx_word' id='word_1_329' title='bbox 2477 2315 2544 2369; x_wconf 89' lang='lat' dir='ltr'><strong>ad</strong></span> <span class='ocrx_word' id='word_1_330' title='bbox 2577 2315 2747 2369; x_wconf 89' lang='lat' dir='ltr'><strong>Deum</strong></span> <span class='ocrx_word' id='word_1_331' title='bbox 2792 2313 3040 2385; x_wconf 82' lang='lat' dir='ltr'><strong>trajicere</strong></span> <span class='ocrx_word' id='word_1_332' title='bbox 3084 2315 3322 2377; x_wconf 85' lang='lat' dir='ltr'><strong>valeant,</strong></span> <span class='ocrx_word' id='word_1_333' title='bbox 3354 2317 3564 2372; x_wconf 81' lang='lat' dir='ltr'><strong>cunctis</strong></span> 
     </span>
    </p>
   </div>
   <div class='ocr_carea' id='block_1_53' title="bbox 1995 2391 3564 2476">
    <p class='ocr_par' dir='ltr' id='par_1_53' title="bbox 1995 2391 3564 2476">
     <span class='ocr_line' id='line_1_53' title="bbox 1995 2391 3564 2476; baseline 0 -12"><span class='ocrx_word' id='word_1_334' title='bbox 1995 2408 2158 2464; x_wconf 87' lang='lat' dir='ltr'><strong>rebus</strong></span> <span class='ocrx_word' id='word_1_335' title='bbox 2187 2406 2240 2464; x_wconf 89' lang='lat' dir='ltr'><strong>in</strong></span> <span class='ocrx_word' id='word_1_336' title='bbox 2266 2411 2546 2476; x_wconf 90' lang='lat' dir='ltr'><strong>aspectum</strong></span> <span class='ocrx_word' id='word_1_337' title='bbox 2573 2402 2897 2458; x_wconf 89' lang='lat' dir='ltr'><strong>cadentibus</strong></span> <span class='ocrx_word' id='word_1_338' title='bbox 2926 2403 3262 2472; x_wconf 87' lang='lat' dir='ltr'><strong>superiorem</strong></span> <span class='ocrx_word' id='word_1_339' title='bbox 3292 2391 3564 2473; x_wconf 53' lang='lat' dir='ltr'><strong>eiectam.</strong></span> 
     </span>
    </p>
   </div>
   <div class='ocr_carea' id='block_1_54' title="bbox 1996 2493 3254 2570">
    <p class='ocr_par' dir='ltr' id='par_1_54' title="bbox 1996 2493 3254 2570">
     <span class='ocr_line' id='line_1_54' title="bbox 1996 2493 3254 2570; baseline -0.006 -14"><span class='ocrx_word' id='word_1_340' title='bbox 1996 2508 2056 2556; x_wconf 90' lang='lat' dir='ltr'><strong>ut</strong></span> <span class='ocrx_word' id='word_1_341' title='bbox 2083 2514 2203 2570; x_wconf 65' lang='lat' dir='ltr'><strong>quire</strong></span> <span class='ocrx_word' id='word_1_342' title='bbox 2225 2510 2535 2567; x_wconf 88' lang='lat' dir='ltr'><strong>supremam</strong></span> <span class='ocrx_word' id='word_1_343' title='bbox 2560 2493 2876 2549; x_wconf 87' lang='lat' dir='ltr'><strong>beatitatem</strong></span> <span class='ocrx_word' id='word_1_344' title='bbox 2902 2493 3254 2549; x_wconf 84' lang='lat' dir='ltr'><strong>inscenderit.</strong></span> 
     </span>
    </p>
   </div>
   <div class='ocr_carea' id='block_1_55' title="bbox 2067 2605 3566 2678">
    <p class='ocr_par' dir='ltr' id='par_1_55' title="bbox 2067 2605 3566 2678">
     <span class='ocr_line' id='line_1_55' title="bbox 2067 2605 3566 2678; baseline 0 -14"><span class='ocrx_word' id='word_1_345' title='bbox 2067 2609 2156 2664; x_wconf 87' lang='lat'><strong>97.</strong></span> <span class='ocrx_word' id='word_1_346' title='bbox 2189 2608 2450 2678; x_wconf 81' lang='lat' dir='ltr'><strong>Quisquis</strong></span> <span class='ocrx_word' id='word_1_347' title='bbox 2478 2605 2715 2672; x_wconf 88' lang='lat' dir='ltr'><strong>animus,</strong></span> <span class='ocrx_word' id='word_1_348' title='bbox 2760 2606 2962 2660; x_wconf 88' lang='lat' dir='ltr'><strong>virtute</strong></span> <span class='ocrx_word' id='word_1_349' title='bbox 2985 2618 3048 2660; x_wconf 84' lang='lat' dir='ltr'><strong>ac</strong></span> <span class='ocrx_word' id='word_1_350' title='bbox 3086 2605 3313 2663; x_wconf 86' lang='lat' dir='ltr'><strong>scicntia</strong></span> <span class='ocrx_word' id='word_1_351' title='bbox 3340 2620 3566 2665; x_wconf 83' lang='lat' dir='ltr'><strong>corona-</strong></span> 
     </span>
    </p>
   </div>
   <div class='ocr_carea' id='block_1_56' title="bbox 1999 2694 3570 2769">
    <p class='ocr_par' dir='ltr' id='par_1_56' title="bbox 1999 2694 3570 2769">
     <span class='ocr_line' id='line_1_56' title="bbox 1999 2694 3570 2769; baseline -0.003 -12"><span class='ocrx_word' id='word_1_352' title='bbox 1999 2709 2109 2763; x_wconf 85' lang='lat' dir='ltr'><strong>tus,</strong></span> <span class='ocrx_word' id='word_1_353' title='bbox 2148 2700 2300 2754; x_wconf 85' lang='lat' dir='ltr'><strong>velut</strong></span> <span class='ocrx_word' id='word_1_354' title='bbox 2328 2712 2557 2768; x_wconf 72' lang='lat' dir='ltr'><strong>magnus</strong></span> <span class='ocrx_word' id='word_1_355' title='bbox 2598 2696 2879 2762; x_wconf 86' lang='lat' dir='ltr'><strong>Ezechias,</strong></span> <span class='ocrx_word' id='word_1_356' title='bbox 2916 2705 2976 2750; x_wconf 91' lang='lat' dir='ltr'><strong>ut</strong></span> <span class='ocrx_word' id='word_1_357' title='bbox 3008 2694 3309 2753; x_wconf 77' lang='lat' dir='ltr'><strong>Jerusalem</strong></span> <span class='ocrx_word' id='word_1_358' title='bbox 3339 2699 3570 2769; x_wconf 80' lang='lat' dir='ltr'><strong>imperio</strong></span> 
     </span>
    </p>
   </div>
   <div class='ocr_carea' id='block_1_57' title="bbox 1999 2786 3568 2861">
    <p class='ocr_par' dir='ltr' id='par_1_57' title="bbox 1999 2786 3568 2861">
     <span class='ocr_line' id='line_1_57' title="bbox 1999 2786 3568 2861; baseline 0 -17"><span class='ocrx_word' id='word_1_359' title='bbox 1999 2798 2152 2861; x_wconf 73' lang='lat' dir='ltr'><strong>regat</strong></span> <span class='ocrx_word' id='word_1_360' title='bbox 2197 2797 2391 2844; x_wconf 89' lang='lat' dir='ltr'><strong>nactus</strong></span> <span class='ocrx_word' id='word_1_361' title='bbox 2420 2796 2505 2843; x_wconf 90' lang='lat' dir='ltr'><strong>est</strong></span> <span class='ocrx_word' id='word_1_362' title='bbox 2541 2786 2809 2858; x_wconf 89' lang='lat' dir='ltr'><strong>(habitum</strong></span> <span class='ocrx_word' id='word_1_363' title='bbox 2847 2786 3058 2841; x_wconf 91' lang='lat' dir='ltr'><strong>scilicet</strong></span> <span class='ocrx_word' id='word_1_364' title='bbox 3097 2786 3265 2842; x_wconf 88' lang='lat' dir='ltr'><strong>solam</strong></span> <span class='ocrx_word' id='word_1_365' title='bbox 3294 2788 3568 2845; x_wconf 79' lang='lat' dir='ltr'><strong>videntem</strong></span> 
     </span>
    </p>
   </div>
   <div class='ocr_carea' id='block_1_58' title="bbox 1999 2877 3571 2951">
    <p class='ocr_par' dir='ltr' id='par_1_58' title="bbox 1999 2877 3571 2951">
     <span class='ocr_line' id='line_1_58' title="bbox 1999 2877 3571 2951; baseline -0.001 -15"><span class='ocrx_word' id='word_1_366' title='bbox 1999 2894 2189 2951; x_wconf 87' lang='lat' dir='ltr'><strong>pacem</strong></span> <span class='ocrx_word' id='word_1_367' title='bbox 2238 2896 2252 2931; x_wconf 87' lang='lat'><strong>:</strong></span> <span class='ocrx_word' id='word_1_368' title='bbox 2296 2888 2499 2934; x_wconf 90' lang='lat' dir='ltr'><strong>statum</strong></span> <span class='ocrx_word' id='word_1_369' title='bbox 2541 2877 2802 2932; x_wconf 86' lang='lat' dir='ltr'><strong>nimirum</strong></span> <span class='ocrx_word' id='word_1_370' title='bbox 2848 2877 3027 2931; x_wconf 85' lang='lat' dir='ltr'><strong>omnis</strong></span> <span class='ocrx_word' id='word_1_371' title='bbox 3059 2878 3274 2948; x_wconf 81' lang='lat' dir='ltr'><strong>generis</strong></span> <span class='ocrx_word' id='word_1_372' title='bbox 3313 2879 3465 2935; x_wconf 87' lang='lat' dir='ltr'><strong>vitiis</strong></span> <span class='ocrx_word' id='word_1_373' title='bbox 3508 2895 3571 2936; x_wconf 82' lang='lat' dir='ltr'><strong>ac</strong></span> 
     </span>
    </p>
   </div>
   <div class='ocr_carea' id='block_1_59' title="bbox 2000 2968 3568 3041">
    <p class='ocr_par' dir='ltr' id='par_1_59' title="bbox 2000 2968 3568 3041">
     <span class='ocr_line' id='line_1_59' title="bbox 2000 2968 3568 3041; baseline 0 -16"><span class='ocrx_word' id='word_1_374' title='bbox 2000 2970 2507 3041; x_wconf 82' lang='lat' dir='ltr'><strong>perturbationibus</strong></span> <span class='ocrx_word' id='word_1_375' title='bbox 2538 2976 2850 3035; x_wconf 86' lang='lat' dir='ltr'><strong>carentem;</strong></span> <span class='ocrx_word' id='word_1_376' title='bbox 2877 2968 3198 3032; x_wconf 27' lang='lat' dir='ltr'><strong>Jerusalem,</strong></span> <span class='ocrx_word' id='word_1_377' title='bbox 3215 2971 3361 3026; x_wconf 92' lang='lat' dir='ltr'><strong>enim</strong></span> <span class='ocrx_word' id='word_1_378' title='bbox 3391 2973 3568 3026; x_wconf 58' lang='lat' dir='ltr'><strong>nomi«</strong></span> 
     </span>
    </p>
   </div>
   <div class='ocr_carea' id='block_1_60' title="bbox 339 3051 1897 3132">
    <p class='ocr_par' dir='ltr' id='par_1_60' title="bbox 339 3051 1897 3132">
     <span class='ocr_line' id='line_1_60' title="bbox 339 3051 1897 3132; baseline -0.006 -19"><span class='ocrx_word' id='word_1_379' title='bbox 339 3059 636 3132; x_wconf 85' lang='grc' dir='ltr'>μηνεὺεται</span> <span class='ocrx_word' id='word_1_380' title='bbox 661 3075 674 3088; x_wconf 93' lang='grc'><strong>·</strong></span> <span class='ocrx_word' id='word_1_381' title='bbox 713 3060 893 3111; x_wconf 81' lang='grc' dir='ltr'>πᾶσαν</span> <span class='ocrx_word' id='word_1_382' title='bbox 935 3056 1048 3128; x_wconf 75' lang='grc' dir='ltr'>ἔχει</span> <span class='ocrx_word' id='word_1_383' title='bbox 1076 3056 1173 3126; x_wconf 84' lang='grc' dir='ltr'>τὴν</span> <span class='ocrx_word' id='word_1_384' title='bbox 1208 3056 1386 3110; x_wconf 85' lang='grc' dir='ltr'>κτίσιν</span> <span class='ocrx_word' id='word_1_385' title='bbox 1417 3055 1728 3125; x_wconf 80' lang='grc' dir='ltr'>ὑποχείριον</span> <span class='ocrx_word' id='word_1_386' title='bbox 1748 3070 1761 3083; x_wconf 87' lang='grc'><strong>·</strong></span> <span class='ocrx_word' id='word_1_387' title='bbox 1807 3051 1897 3107; x_wconf 76' lang='grc' dir='ltr'>διὰ</span> 
     </span>
    </p>
   </div>
   <div class='ocr_carea' id='block_1_61' title="bbox 1997 3051 3570 3132">
    <p class='ocr_par' dir='ltr' id='par_1_61' title="bbox 2000 3060 3570 3131">
     <span class='ocr_line' id='line_1_61' title="bbox 2000 3060 3570 3131; baseline 0 -15"><span class='ocrx_word' id='word_1_388' title='bbox 2000 3062 2087 3116; x_wconf 89' lang='lat' dir='ltr'><strong>nis</strong></span> <span class='ocrx_word' id='word_1_389' title='bbox 2114 3062 2394 3116; x_wconf 86' lang='lat' dir='ltr'><strong>notatione</strong></span> <span class='ocrx_word' id='word_1_390' title='bbox 2418 3061 2563 3131; x_wconf 80' lang='lat' dir='ltr'><strong>pacis</strong></span> <span class='ocrx_word' id='word_1_391' title='bbox 2588 3060 2716 3114; x_wconf 79' lang='lat' dir='ltr'><strong>visio</strong></span> <span class='ocrx_word' id='word_1_392' title='bbox 2739 3061 2866 3128; x_wconf 90' lang='lat' dir='ltr'><strong>est),</strong></span> <span class='ocrx_word' id='word_1_393' title='bbox 2900 3068 3211 3115; x_wconf 85' lang='lat' dir='ltr'><strong>creaturam</strong></span> <span class='ocrx_word' id='word_1_394' title='bbox 3228 3075 3444 3117; x_wconf 89' lang='lat' dir='ltr'><strong>omnem</strong></span> <span class='ocrx_word' id='word_1_395' title='bbox 3466 3061 3570 3116; x_wconf 81' lang='lat' dir='ltr'><strong>sibi</strong></span> 
     </span>
    </p>
   </div>
   <div class='ocr_carea' id='block_1_62' title="bbox 334 3145 1898 3223">
    <p class='ocr_par' dir='ltr' id='par_1_62' title="bbox 334 3145 1898 3223">
     <span class='ocr_line' id='line_1_62' title="bbox 334 3145 1898 3223; baseline -0.005 -17"><span class='ocrx_word' id='word_1_396' title='bbox 334 3151 648 3223; x_wconf 51' lang='lat' dir='ltr'><strong>ct&#39;irrat&#39;a&#39;cijv</strong></span> <span class='ocrx_word' id='word_1_397' title='bbox 698 3149 1163 3222; x_wconf 78' lang='grc' dir='ltr'>συμπληρούντων</span> <span class='ocrx_word' id='word_1_398' title='bbox 1209 3148 1389 3221; x_wconf 61' lang='grc' dir='ltr'>εἰδῶν,</span> <span class='ocrx_word' id='word_1_399' title='bbox 1424 3147 1502 3218; x_wconf 84' lang='grc' dir='ltr'>τῷ</span> <span class='ocrx_word' id='word_1_400' title='bbox 1536 3148 1636 3217; x_wconf 83' lang='grc' dir='ltr'><strong>μὲν</strong></span> <span class='ocrx_word' id='word_1_401' title='bbox 1673 3145 1789 3217; x_wconf 87' lang='grc' dir='ltr'><strong>Θεῷ</strong></span> <span class='ocrx_word' id='word_1_402' title='bbox 1830 3145 1898 3198; x_wconf 81' lang='grc' dir='ltr'>δι’</span> 
     </span>
    </p>
   </div>
   <div class='ocr_carea' id='block_1_63' title="bbox 338 3235 1899 3311">
    <p class='ocr_par' dir='ltr' id='par_1_63' title="bbox 338 3235 1899 3311">
     <span class='ocr_line' id='line_1_63' title="bbox 338 3235 1899 3311; baseline -0.007 -12"><span class='ocrx_word' id='word_1_403' title='bbox 338 3244 503 3303; x_wconf 74' lang='grc' dir='ltr'>αὐτοῦ</span> <span class='ocrx_word' id='word_1_404' title='bbox 534 3243 659 3306; x_wconf 78' lang='grc' dir='ltr'>τοὺς</span> <span class='ocrx_word' id='word_1_405' title='bbox 685 3244 740 3294; x_wconf 80' lang='grc' dir='ltr'>ὲν</span> <span class='ocrx_word' id='word_1_406' title='bbox 770 3241 909 3311; x_wconf 70' lang='grc' dir='ltr'>αὐτῆ</span> <span class='ocrx_word' id='word_1_407' title='bbox 935 3240 1339 3309; x_wconf 75' lang='grc' dir='ltr'>πνευματικοὺς</span> <span class='ocrx_word' id='word_1_408' title='bbox 1360 3238 1459 3308; x_wconf 81' lang='grc' dir='ltr'>τῆς</span> <span class='ocrx_word' id='word_1_409' title='bbox 1478 3235 1734 3306; x_wconf 84' lang='grc' dir='ltr'>γνώσεως</span> <span class='ocrx_word' id='word_1_410' title='bbox 1769 3235 1899 3289; x_wconf 81' lang='grc' dir='ltr'>καθ-</span> 
     </span>
    </p>
   </div>
   <div class='ocr_carea' id='block_1_64' title="bbox 339 3325 1902 3404">
    <p class='ocr_par' dir='ltr' id='par_1_64' title="bbox 339 3325 1902 3404">
     <span class='ocr_line' id='line_1_64' title="bbox 339 3325 1902 3404; baseline -0.009 -13"><span class='ocrx_word' id='word_1_411' title='bbox 339 3337 482 3404; x_wconf 77' lang='grc' dir='ltr'>άπερ</span> <span class='ocrx_word' id='word_1_412' title='bbox 514 3334 663 3404; x_wconf 81' lang='grc' dir='ltr'>δῶρα</span> <span class='ocrx_word' id='word_1_413' title='bbox 710 3332 1188 3402; x_wconf 70' lang='grc' dir='ltr'>προσκομίζουσαν</span> <span class='ocrx_word' id='word_1_414' title='bbox 1234 3330 1426 3399; x_wconf 79' lang='grc' dir='ltr'>λόγους</span> <span class='ocrx_word' id='word_1_415' title='bbox 1446 3346 1460 3359; x_wconf 93' lang='grc'><strong>·</strong></span> <span class='ocrx_word' id='word_1_416' title='bbox 1509 3328 1661 3399; x_wconf 74' lang='grc' dir='ltr'>αὐτῷ</span> <span class='ocrx_word' id='word_1_417' title='bbox 1690 3327 1747 3380; x_wconf 79' lang='grc' dir='ltr'>δὲ</span> <span class='ocrx_word' id='word_1_418' title='bbox 1774 3325 1902 3378; x_wconf 84' lang='grc' dir='ltr'>καθ-</span> 
     </span>
    </p>
   </div>
   <div class='ocr_carea' id='block_1_65' title="bbox 344 3416 1903 3496">
    <p class='ocr_par' dir='ltr' id='par_1_65' title="bbox 344 3416 1903 3496">
     <span class='ocr_line' id='line_1_65' title="bbox 344 3416 1903 3496; baseline -0.006 -15"><span class='ocrx_word' id='word_1_419' title='bbox 344 3427 487 3496; x_wconf 79' lang='grc' dir='ltr'>άπερ</span> <span class='ocrx_word' id='word_1_420' title='bbox 535 3424 762 3494; x_wconf 77' lang='grc' dir='ltr'>δόματα,</span> <span class='ocrx_word' id='word_1_421' title='bbox 810 3421 937 3485; x_wconf 67' lang='grc' dir='ltr'>τοὺς</span> <span class='ocrx_word' id='word_1_422' title='bbox 997 3422 1398 3492; x_wconf 80' lang='grc' dir='ltr'>ὲνυπάρχοντας</span> <span class='ocrx_word' id='word_1_423' title='bbox 1446 3420 1581 3489; x_wconf 85' lang='grc' dir='ltr'>αὑτῇ</span> <span class='ocrx_word' id='word_1_424' title='bbox 1641 3416 1781 3472; x_wconf 76' lang='grc' dir='ltr'>κατὰ</span> <span class='ocrx_word' id='word_1_425' title='bbox 1811 3416 1903 3471; x_wconf 75' lang='grc' dir='ltr'>τὸν</span> 
     </span>
    </p>
   </div>
   <div class='ocr_carea' id='block_1_66' title="bbox 343 3506 1901 3587">
    <p class='ocr_par' dir='ltr' id='par_1_66' title="bbox 343 3506 1901 3587">
     <span class='ocr_line' id='line_1_66' title="bbox 343 3506 1901 3587; baseline -0.008 -17"><span class='ocrx_word' id='word_1_426' title='bbox 343 3506 570 3587; x_wconf 73' lang='grc' dir='ltr'>φυσικὸν</span> <span class='ocrx_word' id='word_1_427' title='bbox 602 3514 765 3583; x_wconf 91' lang='grc' dir='ltr'>νόμον</span> <span class='ocrx_word' id='word_1_428' title='bbox 799 3513 936 3584; x_wconf 84' lang='grc' dir='ltr'>πρὸς</span> <span class='ocrx_word' id='word_1_429' title='bbox 995 3510 1196 3582; x_wconf 80' lang='grc' dir='ltr'>ἀρετὴν</span> <span class='ocrx_word' id='word_1_430' title='bbox 1252 3510 1485 3581; x_wconf 86' lang='grc' dir='ltr'>τρόπους</span> <span class='ocrx_word' id='word_1_431' title='bbox 1537 3508 1901 3578; x_wconf 74' lang='grc' dir='ltr'>παρέχουσαν,</span> 
     </span>
    </p>
   </div>
   <div class='ocr_carea' id='block_1_67' title="bbox 344 3597 1905 3673">
    <p class='ocr_par' dir='ltr' id='par_1_67' title="bbox 344 3597 1905 3673">
     <span class='ocr_line' id='line_1_67' title="bbox 344 3597 1905 3673; baseline -0.007 -15"><span class='ocrx_word' id='word_1_432' title='bbox 344 3608 439 3659; x_wconf 76' lang='grc' dir='ltr'>καὶ</span> <span class='ocrx_word' id='word_1_433' title='bbox 464 3604 553 3657; x_wconf 78' lang='grc' dir='ltr'>διὰ</span> <span class='ocrx_word' id='word_1_434' title='bbox 576 3603 683 3657; x_wconf 86' lang='grc' dir='ltr'><strong>τῶν</strong></span> <span class='ocrx_word' id='word_1_435' title='bbox 717 3601 1041 3672; x_wconf 61' lang='grc' dir='ltr'>ἀμφοτέρων</span> <span class='ocrx_word' id='word_1_436' title='bbox 1079 3598 1451 3670; x_wconf 81' lang='grc' dir='ltr'>δεξιουμένην,</span> <span class='ocrx_word' id='word_1_437' title='bbox 1503 3597 1593 3651; x_wconf 80' lang='grc' dir='ltr'><strong>τὸν</strong></span> <span class='ocrx_word' id='word_1_438' title='bbox 1632 3597 1751 3650; x_wconf 84' lang='grc' dir='ltr'>κατ’</span> <span class='ocrx_word' id='word_1_439' title='bbox 1800 3597 1905 3673; x_wconf 79' lang='grc' dir='ltr'>ἀμ-</span> 
     </span>
    </p>
   </div>
   <div class='ocr_carea' id='block_1_68' title="bbox 345 3686 1906 3766">
    <p class='ocr_par' dir='ltr' id='par_1_68' title="bbox 345 3686 1906 3766">
     <span class='ocr_line' id='line_1_68' title="bbox 345 3686 1906 3766; baseline -0.008 -17"><span class='ocrx_word' id='word_1_440' title='bbox 345 3696 553 3766; x_wconf 85' lang='grc' dir='ltr'>φότερα</span> <span class='ocrx_word' id='word_1_441' title='bbox 583 3693 884 3763; x_wconf 77' lang='grc' dir='ltr'>κρατίστως</span> <span class='ocrx_word' id='word_1_442' title='bbox 927 3691 1235 3759; x_wconf 74' lang='grc' dir='ltr'>εὐδοκιμεῖν</span> <span class='ocrx_word' id='word_1_443' title='bbox 1255 3687 1552 3756; x_wconf 87' lang='grc' dir='ltr'>δυνάμενον</span> <span class='ocrx_word' id='word_1_444' title='bbox 1571 3704 1585 3718; x_wconf 89' lang='grc'><strong>·</strong></span> <span class='ocrx_word' id='word_1_445' title='bbox 1649 3686 1797 3754; x_wconf 79' lang='grc' dir='ltr'>λέγω</span> <span class='ocrx_word' id='word_1_446' title='bbox 1826 3686 1906 3746; x_wconf 74' lang='grc' dir='ltr'>δὲ,</span> 
     </span>
    </p>
   </div>
   <div class='ocr_carea' id='block_1_69' title="bbox 344 3774 1908 3852">
    <p class='ocr_par' dir='ltr' id='par_1_69' title="bbox 344 3774 1908 3852">
     <span class='ocr_line' id='line_1_69' title="bbox 344 3774 1908 3852; baseline -0.008 -12"><span class='ocrx_word' id='word_1_447' title='bbox 344 3788 436 3840; x_wconf 71' lang='grc' dir='ltr'><strong>τὸν</strong></span> <span class='ocrx_word' id='word_1_448' title='bbox 465 3784 608 3847; x_wconf 62' lang='grc' dir='ltr'><strong>πατά</strong></span> <span class='ocrx_word' id='word_1_449' title='bbox 631 3784 786 3852; x_wconf 78' lang='grc' dir='ltr'>λόγον</span> <span class='ocrx_word' id='word_1_450' title='bbox 834 3782 929 3837; x_wconf 72' lang='grc' dir='ltr'>καὶ</span> <span class='ocrx_word' id='word_1_451' title='bbox 960 3781 1095 3851; x_wconf 83' lang='grc' dir='ltr'>βίον,</span> <span class='ocrx_word' id='word_1_452' title='bbox 1127 3778 1215 3833; x_wconf 83' lang='grc' dir='ltr'>διὰ</span> <span class='ocrx_word' id='word_1_453' title='bbox 1265 3777 1518 3848; x_wconf 81' lang='grc' dir='ltr'>πράξεώς</span> <span class='ocrx_word' id='word_1_454' title='bbox 1554 3794 1613 3830; x_wconf 85' lang='grc' dir='ltr'><strong>τε</strong></span> <span class='ocrx_word' id='word_1_455' title='bbox 1651 3776 1745 3829; x_wconf 75' lang='grc' dir='ltr'>καὶ</span> <span class='ocrx_word' id='word_1_456' title='bbox 1773 3774 1908 3827; x_wconf 80' lang='grc' dir='ltr'>θεω-</span> 
     </span>
    </p>
   </div>
   <div class='ocr_carea' id='block_1_70' title="bbox 349 3868 1334 3948">
    <p class='ocr_par' dir='ltr' id='par_1_70' title="bbox 349 3868 1334 3948">
     <span class='ocr_line' id='line_1_70' title="bbox 349 3868 1334 3948; baseline -0.011 -14"><span class='ocrx_word' id='word_1_457' title='bbox 349 3878 469 3948; x_wconf 73' lang='grc' dir='ltr'>ρεας</span> <span class='ocrx_word' id='word_1_458' title='bbox 494 3873 844 3943; x_wconf 70' lang='grc' dir='ltr'>τελειωθέντα</span> <span class='ocrx_word' id='word_1_459' title='bbox 873 3871 1161 3943; x_wconf 76' lang='grc' dir='ltr'>φιλόσοφον</span> <span class='ocrx_word' id='word_1_460' title='bbox 1192 3868 1334 3923; x_wconf 86' lang='grc' dir='ltr'><strong>νοῦν.</strong></span> 
     </span>
    </p>
   </div>
   <div class='ocr_carea' id='block_1_71' title="bbox 414 3971 1909 4057">
    <p class='ocr_par' dir='ltr' id='par_1_71' title="bbox 414 3971 1909 4057">
     <span class='ocr_line' id='line_1_71' title="bbox 414 3971 1909 4057; baseline -0.011 -14"><span class='ocrx_word' id='word_1_461' title='bbox 414 3971 526 4057; x_wconf 46' lang='grc' dir='ltr'><strong>κη’.</strong></span> <span class='ocrx_word' id='word_1_462' title='bbox 565 3987 624 4041; x_wconf 88' lang='lat'><strong>&#39;0</strong></span> <span class='ocrx_word' id='word_1_463' title='bbox 647 3986 735 4039; x_wconf 81' lang='grc' dir='ltr'>διὰ</span> <span class='ocrx_word' id='word_1_464' title='bbox 757 3983 1012 4055; x_wconf 80' lang='grc' dir='ltr'>πράξεως</span> <span class='ocrx_word' id='word_1_465' title='bbox 1044 3981 1138 4034; x_wconf 79' lang='grc' dir='ltr'><strong>καὶ</strong></span> <span class='ocrx_word' id='word_1_466' title='bbox 1164 3979 1399 4050; x_wconf 80' lang='grc' dir='ltr'>θεωρίας</span> <span class='ocrx_word' id='word_1_467' title='bbox 1429 3973 1783 4048; x_wconf 80' lang='grc' dir='ltr'>κατορθώσας</span> <span class='ocrx_word' id='word_1_468' title='bbox 1828 3974 1909 4037; x_wconf 85' lang='grc' dir='ltr'><strong>εἰς</strong></span> 
     </span>
    </p>
   </div>
   <div class='ocr_carea' id='block_1_72' title="bbox 347 4062 1912 4150">
    <p class='ocr_par' dir='ltr' id='par_1_72' title="bbox 347 4062 1912 4150">
     <span class='ocr_line' id='line_1_72' title="bbox 347 4062 1912 4150; baseline -0.011 -16"><span class='ocrx_word' id='word_1_469' title='bbox 347 4081 517 4150; x_wconf 73' lang='grc' dir='ltr'>ἀκρον</span> <span class='ocrx_word' id='word_1_470' title='bbox 542 4077 641 4149; x_wconf 75' lang='grc' dir='ltr'>τὴν</span> <span class='ocrx_word' id='word_1_471' title='bbox 669 4075 871 4147; x_wconf 77' lang='grc' dir='ltr'>ἀρετὴν</span> <span class='ocrx_word' id='word_1_472' title='bbox 899 4074 995 4128; x_wconf 68' lang='grc' dir='ltr'><strong>καὶ</strong></span> <span class='ocrx_word' id='word_1_473' title='bbox 1027 4073 1138 4142; x_wconf 75' lang='grc' dir='ltr'>ττὴν</span> <span class='ocrx_word' id='word_1_474' title='bbox 1176 4070 1398 4139; x_wconf 83' lang='grc' dir='ltr'>γνῶσιν,</span> <span class='ocrx_word' id='word_1_475' title='bbox 1429 4068 1654 4130; x_wconf 69' lang='grc' dir='ltr'>εἰκότως</span> <span class='ocrx_word' id='word_1_476' title='bbox 1682 4062 1912 4137; x_wconf 76' lang='grc' dir='ltr'>ὑπεραί-</span> 
     </span>
    </p>
   </div>
   <div class='ocr_carea' id='block_1_73' title="bbox 350 4154 1913 4242">
    <p class='ocr_par' dir='ltr' id='par_1_73' title="bbox 350 4154 1913 4242">
     <span class='ocr_line' id='line_1_73' title="bbox 350 4154 1913 4242; baseline -0.011 -18"><span class='ocrx_word' id='word_1_477' title='bbox 350 4186 506 4242; x_wconf 78' lang='grc' dir='ltr'>ρεται</span> <span class='ocrx_word' id='word_1_478' title='bbox 552 4170 790 4231; x_wconf 81' lang='grc' dir='ltr'>πάντων,</span> <span class='ocrx_word' id='word_1_479' title='bbox 836 4164 948 4220; x_wconf 82' lang='grc' dir='ltr'><strong>τῶν</strong></span> <span class='ocrx_word' id='word_1_480' title='bbox 997 4160 1281 4234; x_wconf 80' lang='grc' dir='ltr'>σαρκικῶν</span> <span class='ocrx_word' id='word_1_481' title='bbox 1321 4159 1415 4214; x_wconf 73' lang='grc' dir='ltr'>καὶ</span> <span class='ocrx_word' id='word_1_482' title='bbox 1469 4154 1913 4226; x_wconf 65' lang='grc' dir='ltr'>δωόεῦλημένων</span> 
     </span>
    </p>
   </div>
   <div class='ocr_carea' id='block_1_74' title="bbox 350 4244 1915 4329">
    <p class='ocr_par' dir='ltr' id='par_1_74' title="bbox 350 4244 1915 4329">
     <span class='ocr_line' id='line_1_74' title="bbox 350 4244 1915 4329; baseline -0.012 -13"><span class='ocrx_word' id='word_1_483' title='bbox 350 4261 541 4316; x_wconf 82' lang='grc' dir='ltr'>παθῶν</span> <span class='ocrx_word' id='word_1_484' title='bbox 567 4256 823 4329; x_wconf 80' lang='grc' dir='ltr'>ὑπεράνω</span> <span class='ocrx_word' id='word_1_485' title='bbox 851 4255 994 4310; x_wconf 81' lang='grc' dir='ltr'>κατὰ</span> <span class='ocrx_word' id='word_1_486' title='bbox 1010 4255 1108 4324; x_wconf 81' lang='grc' dir='ltr'>τὴν</span> <span class='ocrx_word' id='word_1_487' title='bbox 1131 4251 1330 4322; x_wconf 73' lang='grc' dir='ltr'>πρᾶξιν</span> <span class='ocrx_word' id='word_1_488' title='bbox 1350 4249 1654 4320; x_wconf 84' lang='grc' dir='ltr'>γινόμενος,</span> <span class='ocrx_word' id='word_1_489' title='bbox 1685 4246 1780 4299; x_wconf 73' lang='grc' dir='ltr'>καὶ</span> <span class='ocrx_word' id='word_1_490' title='bbox 1807 4244 1915 4306; x_wconf 71' lang='grc' dir='ltr'><strong>τῶν</strong></span> 
     </span>
    </p>
   </div>
   <div class='ocr_carea' id='block_1_75' title="bbox 2001 3150 3570 3222">
    <p class='ocr_par' dir='ltr' id='par_1_75' title="bbox 2001 3150 3570 3222">
     <span class='ocr_line' id='line_1_75' title="bbox 2001 3150 3570 3222; baseline 0 -15"><span class='ocrx_word' id='word_1_491' title='bbox 2001 3153 2292 3217; x_wconf 78' lang='lat' dir='ltr'><strong>obnoxiam</strong></span> <span class='ocrx_word' id='word_1_492' title='bbox 2322 3152 2520 3218; x_wconf 84' lang='lat' dir='ltr'><strong>habet;</strong></span> <span class='ocrx_word' id='word_1_493' title='bbox 2552 3166 2673 3222; x_wconf 73' lang='lat' dir='ltr'><strong>quae</strong></span> <span class='ocrx_word' id='word_1_494' title='bbox 2697 3166 2796 3221; x_wconf 91' lang='lat' dir='ltr'><strong>per</strong></span> <span class='ocrx_word' id='word_1_495' title='bbox 2816 3150 3018 3205; x_wconf 80' lang='lat' dir='ltr'><strong>formas</strong></span> <span class='ocrx_word' id='word_1_496' title='bbox 3046 3151 3193 3206; x_wconf 91' lang='lat' dir='ltr'><strong>illam</strong></span> <span class='ocrx_word' id='word_1_497' title='bbox 3215 3152 3570 3222; x_wconf 88' lang='lat' dir='ltr'><strong>complentes,</strong></span> 
     </span>
    </p>
   </div>
   <div class='ocr_carea' id='block_1_76' title="bbox 2003 3243 3572 3315">
    <p class='ocr_par' dir='ltr' id='par_1_76' title="bbox 2003 3243 3572 3315">
     <span class='ocr_line' id='line_1_76' title="bbox 2003 3243 3572 3315; baseline 0.002 -16"><span class='ocrx_word' id='word_1_498' title='bbox 2003 3244 2150 3299; x_wconf 87' lang='lat' dir='ltr'><strong>illius</strong></span> <span class='ocrx_word' id='word_1_499' title='bbox 2185 3260 2372 3315; x_wconf 78' lang='lat' dir='ltr'><strong>Opera,</strong></span> <span class='ocrx_word' id='word_1_500' title='bbox 2401 3244 2680 3314; x_wconf 83' lang='lat' dir='ltr'><strong>spiritales</strong></span> <span class='ocrx_word' id='word_1_501' title='bbox 2723 3244 2778 3298; x_wconf 89' lang='lat' dir='ltr'><strong>in</strong></span> <span class='ocrx_word' id='word_1_502' title='bbox 2809 3257 2872 3297; x_wconf 85' lang='lat' dir='ltr'><strong>ea</strong></span> <span class='ocrx_word' id='word_1_503' title='bbox 2919 3243 3160 3299; x_wconf 68' lang='lat' dir='ltr'><strong>scientiae</strong></span> <span class='ocrx_word' id='word_1_504' title='bbox 3189 3247 3430 3301; x_wconf 83' lang='lat' dir='ltr'><strong>rationes</strong></span> <span class='ocrx_word' id='word_1_505' title='bbox 3457 3255 3572 3302; x_wconf 87' lang='lat' dir='ltr'><strong>tau-</strong></span> 
     </span>
    </p>
   </div>
   <div class='ocr_carea' id='block_1_77' title="bbox 2002 3330 3574 3407">
    <p class='ocr_par' dir='ltr' id='par_1_77' title="bbox 2002 3330 3574 3407">
     <span class='ocr_line' id='line_1_77' title="bbox 2002 3330 3574 3407; baseline 0.002 -17"><span class='ocrx_word' id='word_1_506' title='bbox 2002 3348 2167 3405; x_wconf 85' lang='lat' dir='ltr'><strong>quam</strong></span> <span class='ocrx_word' id='word_1_507' title='bbox 2193 3336 2359 3400; x_wconf 87' lang='lat' dir='ltr'><strong>dona,</strong></span> <span class='ocrx_word' id='word_1_508' title='bbox 2401 3335 2515 3389; x_wconf 90' lang='lat' dir='ltr'><strong>Deo</strong></span> <span class='ocrx_word' id='word_1_509' title='bbox 2545 3335 2744 3390; x_wconf 83' lang='lat' dir='ltr'><strong>oll&#39;erat</strong></span> <span class='ocrx_word' id='word_1_510' title='bbox 2771 3334 2852 3400; x_wconf 71' lang='lat'><strong>7&#39;;</strong></span> <span class='ocrx_word' id='word_1_511' title='bbox 2881 3334 2958 3388; x_wconf 91' lang='lat' dir='ltr'><strong>illi</strong></span> <span class='ocrx_word' id='word_1_512' title='bbox 2993 3330 3119 3390; x_wconf 84' lang='lat' dir='ltr'><strong>vero</strong></span> <span class='ocrx_word' id='word_1_513' title='bbox 3152 3344 3408 3407; x_wconf 88' lang='lat' dir='ltr'><strong>tanquam</strong></span> <span class='ocrx_word' id='word_1_514' title='bbox 3450 3354 3574 3393; x_wconf 92' lang='lat' dir='ltr'><strong>mu-</strong></span> 
     </span>
    </p>
   </div>
   <div class='ocr_carea' id='block_1_78' title="bbox 2003 3423 3576 3499">
    <p class='ocr_par' dir='ltr' id='par_1_78' title="bbox 2003 3423 3576 3499">
     <span class='ocr_line' id='line_1_78' title="bbox 2003 3423 3576 3499; baseline 0.003 -19"><span class='ocrx_word' id='word_1_515' title='bbox 2003 3441 2157 3487; x_wconf 87' lang='lat' dir='ltr'><strong>nera,</strong></span> <span class='ocrx_word' id='word_1_516' title='bbox 2177 3426 2504 3481; x_wconf 73' lang='lat' dir='ltr'><strong>exsistentes</strong></span> <span class='ocrx_word' id='word_1_517' title='bbox 2526 3424 2689 3495; x_wconf 67' lang='lat'><strong>.557</strong></span> <span class='ocrx_word' id='word_1_518' title='bbox 2713 3423 2769 3479; x_wconf 92' lang='lat' dir='ltr'><strong>in</strong></span> <span class='ocrx_word' id='word_1_519' title='bbox 2793 3440 2858 3479; x_wconf 90' lang='lat' dir='ltr'><strong>ea</strong></span> <span class='ocrx_word' id='word_1_520' title='bbox 2884 3425 3072 3480; x_wconf 86' lang='lat' dir='ltr'><strong>virtuti</strong></span> <span class='ocrx_word' id='word_1_521' title='bbox 3093 3436 3453 3497; x_wconf 85' lang='lat' dir='ltr'><strong>comparatos,</strong></span> <span class='ocrx_word' id='word_1_522' title='bbox 3474 3444 3576 3499; x_wconf 90' lang='lat' dir='ltr'><strong>pro</strong></span> 
     </span>
    </p>
   </div>
   <div class='ocr_carea' id='block_1_79' title="bbox 2004 3515 3577 3589">
    <p class='ocr_par' dir='ltr' id='par_1_79' title="bbox 2004 3515 3577 3589">
     <span class='ocr_line' id='line_1_79' title="bbox 2004 3515 3577 3589; baseline 0.003 -19"><span class='ocrx_word' id='word_1_523' title='bbox 2004 3517 2270 3571; x_wconf 83' lang='lat' dir='ltr'><strong>naturalis</strong></span> <span class='ocrx_word' id='word_1_524' title='bbox 2311 3516 2447 3586; x_wconf 81' lang='lat' dir='ltr'><strong>legis</strong></span> <span class='ocrx_word' id='word_1_525' title='bbox 2479 3516 2710 3581; x_wconf 87' lang='lat' dir='ltr'><strong>ratione,</strong></span> <span class='ocrx_word' id='word_1_526' title='bbox 2740 3515 2932 3570; x_wconf 89' lang='lat' dir='ltr'><strong>modos</strong></span> <span class='ocrx_word' id='word_1_527' title='bbox 2977 3516 3199 3586; x_wconf 87' lang='lat' dir='ltr'><strong>pendat,</strong></span> <span class='ocrx_word' id='word_1_528' title='bbox 3239 3525 3298 3573; x_wconf 91' lang='lat' dir='ltr'><strong>et</strong></span> <span class='ocrx_word' id='word_1_529' title='bbox 3330 3520 3577 3589; x_wconf 87' lang='lat' dir='ltr'><strong>utrisque</strong></span> 
     </span>
    </p>
   </div>
   <div class='ocr_carea' id='block_1_80' title="bbox 2006 3601 3578 3679">
    <p class='ocr_par' dir='ltr' id='par_1_80' title="bbox 2006 3601 3578 3679">
     <span class='ocr_line' id='line_1_80' title="bbox 2006 3601 3578 3679; baseline 0.004 -21"><span class='ocrx_word' id='word_1_530' title='bbox 2006 3619 2134 3659; x_wconf 89' lang='lat' dir='ltr'><strong>eum</strong></span> <span class='ocrx_word' id='word_1_531' title='bbox 2188 3602 2471 3674; x_wconf 81' lang='lat' dir='ltr'><strong>magniﬁce</strong></span> <span class='ocrx_word' id='word_1_532' title='bbox 2519 3601 2718 3657; x_wconf 88' lang='lat' dir='ltr'><strong>habeat</strong></span> <span class='ocrx_word' id='word_1_533' title='bbox 2764 3616 2828 3656; x_wconf 91' lang='lat' dir='ltr'><strong>ac</strong></span> <span class='ocrx_word' id='word_1_534' title='bbox 2877 3603 3130 3672; x_wconf 87' lang='lat' dir='ltr'><strong>accipiat,</strong></span> <span class='ocrx_word' id='word_1_535' title='bbox 3181 3607 3276 3675; x_wconf 83' lang='lat' dir='ltr'><strong>qui</strong></span> <span class='ocrx_word' id='word_1_536' title='bbox 3322 3607 3578 3679; x_wconf 88' lang='lat' dir='ltr'><strong>utrinque</strong></span> 
     </span>
    </p>
   </div>
   <div class='ocr_carea' id='block_1_81' title="bbox 2008 3692 3578 3764">
    <p class='ocr_par' dir='ltr' id='par_1_81' title="bbox 2008 3692 3578 3764">
     <span class='ocr_line' id='line_1_81' title="bbox 2008 3692 3578 3764; baseline 0.003 -15"><span class='ocrx_word' id='word_1_537' title='bbox 2008 3703 2230 3749; x_wconf 86' lang='lat' dir='ltr'><strong>strenue</strong></span> <span class='ocrx_word' id='word_1_538' title='bbox 2261 3694 2569 3761; x_wconf 81' lang='lat' dir='ltr'><strong>eximieque</strong></span> <span class='ocrx_word' id='word_1_539' title='bbox 2601 3692 2813 3747; x_wconf 88' lang='lat' dir='ltr'><strong>clarere</strong></span> <span class='ocrx_word' id='word_1_540' title='bbox 2839 3693 3038 3758; x_wconf 85' lang='lat' dir='ltr'><strong>valeat,</strong></span> <span class='ocrx_word' id='word_1_541' title='bbox 3065 3696 3336 3764; x_wconf 88' lang='lat' dir='ltr'><strong>ejusmodi</strong></span> <span class='ocrx_word' id='word_1_542' title='bbox 3369 3700 3578 3755; x_wconf 82' lang='lat' dir='ltr'><strong>scilicet</strong></span> 
     </span>
    </p>
   </div>
   <div class='ocr_carea' id='block_1_82' title="bbox 2009 3783 3579 3854">
    <p class='ocr_par' dir='ltr' id='par_1_82' title="bbox 2009 3783 3579 3854">
     <span class='ocr_line' id='line_1_82' title="bbox 2009 3783 3579 3854; baseline 0.001 -14"><span class='ocrx_word' id='word_1_543' title='bbox 2009 3785 2285 3848; x_wconf 88' lang='lat' dir='ltr'><strong>animum,</strong></span> <span class='ocrx_word' id='word_1_544' title='bbox 2318 3784 2412 3854; x_wconf 85' lang='lat' dir='ltr'><strong>qui</strong></span> <span class='ocrx_word' id='word_1_545' title='bbox 2460 3783 2673 3838; x_wconf 82' lang='lat' dir='ltr'><strong>ratione</strong></span> <span class='ocrx_word' id='word_1_546' title='bbox 2706 3790 2762 3837; x_wconf 89' lang='lat' dir='ltr'><strong>et</strong></span> <span class='ocrx_word' id='word_1_547' title='bbox 2796 3783 2905 3837; x_wconf 85' lang='lat' dir='ltr'><strong>vita</strong></span> <span class='ocrx_word' id='word_1_548' title='bbox 2926 3822 2941 3848; x_wconf 93' lang='lat'><strong>,</strong></span> <span class='ocrx_word' id='word_1_549' title='bbox 2991 3783 3316 3854; x_wconf 88' lang='lat' dir='ltr'><strong>actioneque</strong></span> <span class='ocrx_word' id='word_1_550' title='bbox 3348 3800 3411 3841; x_wconf 90' lang='lat' dir='ltr'><strong>ae</strong></span> <span class='ocrx_word' id='word_1_551' title='bbox 3444 3803 3579 3842; x_wconf 85' lang='lat' dir='ltr'><strong>con-</strong></span> 
     </span>
    </p>
   </div>
   <div class='ocr_carea' id='block_1_83' title="bbox 2011 3872 3242 3943">
    <p class='ocr_par' dir='ltr' id='par_1_83' title="bbox 2011 3872 3242 3943">
     <span class='ocr_line' id='line_1_83' title="bbox 2011 3872 3242 3943; baseline -0.002 -14"><span class='ocrx_word' id='word_1_552' title='bbox 2011 3873 2366 3943; x_wconf 88' lang='lat' dir='ltr'><strong>templatione</strong></span> <span class='ocrx_word' id='word_1_553' title='bbox 2390 3872 2630 3943; x_wconf 75' lang='lat' dir='ltr'><strong>perfecte</strong></span> <span class='ocrx_word' id='word_1_554' title='bbox 2656 3872 3000 3943; x_wconf 81' lang='lat' dir='ltr'><strong>philosophia</strong></span> <span class='ocrx_word' id='word_1_555' title='bbox 3024 3873 3242 3943; x_wconf 87' lang='lat' dir='ltr'><strong>polleat.</strong></span> 
     </span>
    </p>
   </div>
   <div class='ocr_carea' id='block_1_84' title="bbox 2082 3983 3580 4051">
    <p class='ocr_par' dir='ltr' id='par_1_84' title="bbox 2082 3983 3580 4051">
     <span class='ocr_line' id='line_1_84' title="bbox 2082 3983 3580 4051; baseline 0.001 -9"><span class='ocrx_word' id='word_1_556' title='bbox 2082 3984 2170 4042; x_wconf 89' lang='lat'><strong>98.</strong></span> <span class='ocrx_word' id='word_1_557' title='bbox 2205 3983 2309 4051; x_wconf 83' lang='lat' dir='ltr'><strong>Qui</strong></span> <span class='ocrx_word' id='word_1_558' title='bbox 2349 3998 2617 4040; x_wconf 88' lang='lat' dir='ltr'><strong>summam</strong></span> <span class='ocrx_word' id='word_1_559' title='bbox 2648 3983 2867 4040; x_wconf 90' lang='lat' dir='ltr'><strong>virtutis</strong></span> <span class='ocrx_word' id='word_1_560' title='bbox 2894 3998 2960 4039; x_wconf 91' lang='lat' dir='ltr'><strong>ac</strong></span> <span class='ocrx_word' id='word_1_561' title='bbox 2989 3983 3232 4041; x_wconf 64' lang='lat' dir='ltr'><strong>scientia;</strong></span> <span class='ocrx_word' id='word_1_562' title='bbox 3271 3984 3381 4040; x_wconf 87' lang='lat' dir='ltr'><strong>vim</strong></span> <span class='ocrx_word' id='word_1_563' title='bbox 3410 3988 3580 4043; x_wconf 77' lang='lat' dir='ltr'><strong>actio-</strong></span> 
     </span>
    </p>
   </div>
   <div class='ocr_carea' id='block_1_85' title="bbox 2011 4066 3579 4147">
    <p class='ocr_par' dir='ltr' id='par_1_85' title="bbox 2011 4066 3579 4147">
     <span class='ocr_line' id='line_1_85' title="bbox 2011 4066 3579 4147; baseline 0.002 -15"><span class='ocrx_word' id='word_1_564' title='bbox 2011 4075 2098 4132; x_wconf 87' lang='lat' dir='ltr'><strong>nis</strong></span> <span class='ocrx_word' id='word_1_565' title='bbox 2128 4077 2279 4131; x_wconf 86' lang='lat' dir='ltr'><strong>cultu</strong></span> <span class='ocrx_word' id='word_1_566' title='bbox 2305 4076 2654 4147; x_wconf 22' lang='lat' dir='ltr'><strong>ladimplevit,</strong></span> <span class='ocrx_word' id='word_1_567' title='bbox 2681 4075 2881 4130; x_wconf 88' lang='lat' dir='ltr'><strong>merito</strong></span> <span class='ocrx_word' id='word_1_568' title='bbox 2902 4075 3205 4143; x_wconf 84' lang='lat' dir='ltr'><strong>exaltatnr;</strong></span> <span class='ocrx_word' id='word_1_569' title='bbox 3237 4091 3433 4147; x_wconf 87' lang='lat' dir='ltr'><strong>nempe</strong></span> <span class='ocrx_word' id='word_1_570' title='bbox 3455 4066 3579 4135; x_wconf 79' lang='lat' dir='ltr'><strong>car-</strong></span> 
     </span>
    </p>
   </div>
   <div class='ocr_carea' id='block_1_86' title="bbox 2012 4164 3582 4238">
    <p class='ocr_par' dir='ltr' id='par_1_86' title="bbox 2012 4164 3582 4238">
     <span class='ocr_line' id='line_1_86' title="bbox 2012 4164 3582 4238; baseline 0.001 -17"><span class='ocrx_word' id='word_1_571' title='bbox 2012 4164 2230 4222; x_wconf 88' lang='lat' dir='ltr'><strong>nalibus</strong></span> <span class='ocrx_word' id='word_1_572' title='bbox 2255 4183 2321 4222; x_wconf 90' lang='lat' dir='ltr'><strong>ac</strong></span> <span class='ocrx_word' id='word_1_573' title='bbox 2352 4167 2445 4238; x_wconf 85' lang='lat' dir='ltr'><strong>qui</strong></span> <span class='ocrx_word' id='word_1_574' title='bbox 2475 4166 2612 4222; x_wconf 82' lang='lat' dir='ltr'><strong>vitio</strong></span> <span class='ocrx_word' id='word_1_575' title='bbox 2649 4168 2877 4233; x_wconf 67' lang='lat' dir='ltr'><strong>haerent,</strong></span> <span class='ocrx_word' id='word_1_576' title='bbox 2925 4165 3230 4232; x_wconf 73' lang='lat' dir='ltr'><strong>affectibus,</strong></span> <span class='ocrx_word' id='word_1_577' title='bbox 3269 4182 3369 4237; x_wconf 86' lang='lat' dir='ltr'><strong>per</strong></span> <span class='ocrx_word' id='word_1_578' title='bbox 3409 4168 3582 4224; x_wconf 36' lang='lat' dir='ltr'><strong>actius</strong></span> 
     </span>
    </p>
   </div>
   <div class='ocr_carea' id='block_1_87' title="bbox 2014 4255 3582 4330">
    <p class='ocr_par' dir='ltr' id='par_1_87' title="bbox 2014 4255 3582 4330">
     <span class='ocr_line' id='line_1_87' title="bbox 2014 4255 3582 4330; baseline 0.003 -19"><span class='ocrx_word' id='word_1_579' title='bbox 2014 4270 2141 4311; x_wconf 88' lang='lat' dir='ltr'><strong>nem</strong></span> <span class='ocrx_word' id='word_1_580' title='bbox 2181 4255 2432 4327; x_wconf 85' lang='lat' dir='ltr'><strong>superior</strong></span> <span class='ocrx_word' id='word_1_581' title='bbox 2472 4257 2720 4321; x_wconf 80' lang='lat' dir='ltr'><strong>etl&#39;ectus,</strong></span> <span class='ocrx_word' id='word_1_582' title='bbox 2756 4256 3209 4327; x_wconf 80' lang='lat' dir='ltr'><strong>naturalibusque</strong></span> <span class='ocrx_word' id='word_1_583' title='bbox 3250 4258 3335 4329; x_wconf 90' lang='lat' dir='ltr'><strong>(ut</strong></span> <span class='ocrx_word' id='word_1_584' title='bbox 3363 4260 3582 4330; x_wconf 82' lang='lat' dir='ltr'><strong>vocant)</strong></span> 
     </span>
    </p>
   </div>
   <div class='ocr_carea' id='block_1_88' title="bbox 353 4336 1897 4435">
    <p class='ocr_par' dir='ltr' id='par_1_88' title="bbox 353 4336 1897 4435">
     <span class='ocr_line' id='line_1_88' title="bbox 353 4336 1897 4435; baseline -0.011 -30"><span class='ocrx_word' id='word_1_585' title='bbox 353 4350 602 4423; x_wconf 80' lang='grc' dir='ltr'>φυσικῶν</span> <span class='ocrx_word' id='word_1_586' title='bbox 628 4348 935 4419; x_wconf 74' lang='grc' dir='ltr'>λεγομένων</span> <span class='ocrx_word' id='word_1_587' title='bbox 957 4345 1244 4415; x_wconf 77' lang='grc' dir='ltr'>σωμάτων,</span> <span class='ocrx_word' id='word_1_588' title='bbox 1270 4341 1414 4410; x_wconf 69' lang='grc' dir='ltr'>λέγω</span> <span class='ocrx_word' id='word_1_589' title='bbox 1440 4336 1526 4411; x_wconf 76' lang='grc' dir='ltr'>δὴ,</span> <span class='ocrx_word' id='word_1_590' title='bbox 1559 4338 1669 4435; x_wconf 67' lang='grc' dir='ltr'><strong>τῶν</strong></span> <span class='ocrx_word' id='word_1_591' title='bbox 1692 4336 1897 4435; x_wconf 57' lang='grc' dir='ltr'>ὑπδγέ·</span> 
     </span>
    </p>
   </div>
   <div class='ocr_carea' id='block_1_89' title="bbox 1997 4336 3585 4435">
    <p class='ocr_par' dir='ltr' id='par_1_89' title="bbox 2016 4344 3585 4415">
     <span class='ocr_line' id='line_1_89' title="bbox 2016 4344 3585 4415; baseline 0.002 -15"><span class='ocrx_word' id='word_1_592' title='bbox 2016 4344 2358 4415; x_wconf 81' lang='lat' dir='ltr'><strong>corporibus,</strong></span> <span class='ocrx_word' id='word_1_593' title='bbox 2383 4360 2504 4415; x_wconf 62' lang='lat' dir='ltr'><strong>qua:</strong></span> <span class='ocrx_word' id='word_1_594' title='bbox 2531 4344 2742 4401; x_wconf 80' lang='lat' dir='ltr'><strong>scilicet</strong></span> <span class='ocrx_word' id='word_1_595' title='bbox 2763 4344 3011 4400; x_wconf 83' lang='lat' dir='ltr'><strong>oriantur</strong></span> <span class='ocrx_word' id='word_1_596' title='bbox 3037 4359 3103 4399; x_wconf 86' lang='lat' dir='ltr'><strong>ac</strong></span> <span class='ocrx_word' id='word_1_597' title='bbox 3128 4344 3435 4413; x_wconf 84' lang='lat' dir='ltr'><strong>intereant;</strong></span> <span class='ocrx_word' id='word_1_598' title='bbox 3464 4363 3585 4403; x_wconf 86' lang='lat' dir='ltr'><strong>om-</strong></span> 
     </span>
    </p>
   </div>
   <div class='ocr_carea' id='block_1_90' title="bbox 353 4424 1916 4515">
    <p class='ocr_par' dir='ltr' id='par_1_90' title="bbox 353 4424 1916 4515">
     <span class='ocr_line' id='line_1_90' title="bbox 353 4424 1916 4515; baseline -0.011 -20"><span class='ocrx_word' id='word_1_599' title='bbox 353 4458 503 4515; x_wconf 73' lang='grc' dir='ltr'>νσσιν</span> <span class='ocrx_word' id='word_1_600' title='bbox 544 4438 714 4493; x_wconf 80' lang='grc' dir='ltr'>όντων</span> <span class='ocrx_word' id='word_1_601' title='bbox 763 4437 856 4491; x_wconf 77' lang='grc' dir='ltr'>καὶ</span> <span class='ocrx_word' id='word_1_602' title='bbox 882 4435 1116 4506; x_wconf 71' lang='grc' dir='ltr'>φθοράψ</span> <span class='ocrx_word' id='word_1_603' title='bbox 1174 4434 1272 4488; x_wconf 74' lang='grc' dir='ltr'><strong>καὶ</strong></span> <span class='ocrx_word' id='word_1_604' title='bbox 1316 4430 1528 4496; x_wconf 72' lang='grc' dir='ltr'>ἁπλῶς,</span> <span class='ocrx_word' id='word_1_605' title='bbox 1559 4429 1648 4482; x_wconf 77' lang='grc' dir='ltr'>ἵνα</span> <span class='ocrx_word' id='word_1_606' title='bbox 1678 4424 1916 4480; x_wconf 85' lang='grc' dir='ltr'>συνελὼν</span> 
     </span>
    </p>
   </div>
   <div class='ocr_carea' id='block_1_91' title="bbox 356 4520 1920 4594">
    <p class='ocr_par' dir='ltr' id='par_1_91' title="bbox 356 4520 1920 4594">
     <span class='ocr_line' id='line_1_91' title="bbox 356 4520 1920 4594; baseline -0.008 -8"><span class='ocrx_word' id='word_1_607' title='bbox 356 4530 514 4593; x_wconf 81' lang='grc' dir='ltr'>εῐπω,</span> <span class='ocrx_word' id='word_1_608' title='bbox 578 4528 794 4582; x_wconf 83' lang='grc' dir='ltr'>πάντων</span> <span class='ocrx_word' id='word_1_609' title='bbox 840 4526 949 4581; x_wconf 77' lang='grc' dir='ltr'><strong>τῶν</strong></span> <span class='ocrx_word' id='word_1_610' title='bbox 982 4526 1087 4579; x_wconf 82' lang='grc' dir='ltr'>ὑπὸ</span> <span class='ocrx_word' id='word_1_611' title='bbox 1134 4524 1386 4594; x_wconf 72' lang='grc' dir='ltr'>αἴσθησιν</span> <span class='ocrx_word' id='word_1_612' title='bbox 1417 4521 1594 4586; x_wconf 69' lang='grc' dir='ltr'>σιδῶν,</span> <span class='ocrx_word' id='word_1_613' title='bbox 1644 4520 1787 4576; x_wconf 80' lang='grc' dir='ltr'><strong>κατά</strong></span> <span class='ocrx_word' id='word_1_614' title='bbox 1819 4521 1920 4591; x_wconf 79' lang='grc' dir='ltr'>τὴν</span> 
     </span>
    </p>
   </div>
   <div class='ocr_carea' id='block_1_92' title="bbox 359 4611 1918 4691">
    <p class='ocr_par' dir='ltr' id='par_1_92' title="bbox 359 4611 1918 4691">
     <span class='ocr_line' id='line_1_92' title="bbox 359 4611 1918 4691; baseline -0.008 -16"><span class='ocrx_word' id='word_1_615' title='bbox 359 4618 610 4691; x_wconf 72' lang='grc' dir='ltr'>θεωρίαν,</span> <span class='ocrx_word' id='word_1_616' title='bbox 639 4619 767 4681; x_wconf 80' lang='grc' dir='ltr'>τοὺς</span> <span class='ocrx_word' id='word_1_617' title='bbox 800 4620 859 4670; x_wconf 68' lang='grc' dir='ltr'>ἐν</span> <span class='ocrx_word' id='word_1_618' title='bbox 907 4616 1094 4677; x_wconf 78' lang='grc' dir='ltr'>αὐτοῖς</span> <span class='ocrx_word' id='word_1_619' title='bbox 1141 4614 1350 4676; x_wconf 79' lang='grc' dir='ltr'>πάντας</span> <span class='ocrx_word' id='word_1_620' title='bbox 1379 4611 1700 4681; x_wconf 83' lang='grc' dir='ltr'>γνωστικῶς</span> <span class='ocrx_word' id='word_1_621' title='bbox 1727 4612 1918 4665; x_wconf 67' lang='lat'><strong>6:31:3-</strong></span> 
     </span>
    </p>
   </div>
   <div class='ocr_carea' id='block_1_93' title="bbox 360 4701 1920 4782">
    <p class='ocr_par' dir='ltr' id='par_1_93' title="bbox 360 4701 1920 4782">
     <span class='ocr_line' id='line_1_93' title="bbox 360 4701 1920 4782; baseline -0.007 -15"><span class='ocrx_word' id='word_1_622' title='bbox 360 4711 533 4782; x_wconf 86' lang='grc' dir='ltr'>ράσας</span> <span class='ocrx_word' id='word_1_623' title='bbox 560 4708 770 4776; x_wconf 79' lang='grc' dir='ltr'>λόγους,</span> <span class='ocrx_word' id='word_1_624' title='bbox 803 4705 896 4758; x_wconf 73' lang='grc' dir='ltr'><strong>τὸν</strong></span> <span class='ocrx_word' id='word_1_625' title='bbox 924 4704 1048 4760; x_wconf 82' lang='grc' dir='ltr'>νοῦν</span> <span class='ocrx_word' id='word_1_626' title='bbox 1075 4705 1104 4758; x_wconf 84' lang='grc' dir='ltr'>ὁ</span> <span class='ocrx_word' id='word_1_627' title='bbox 1133 4701 1374 4766; x_wconf 81' lang='grc' dir='ltr'>τοιοῦτος</span> <span class='ocrx_word' id='word_1_628' title='bbox 1417 4702 1554 4775; x_wconf 77' lang='grc' dir='ltr'>πρὸς</span> <span class='ocrx_word' id='word_1_629' title='bbox 1580 4709 1649 4756; x_wconf 77' lang='grc' dir='ltr'><strong>τα</strong></span> <span class='ocrx_word' id='word_1_630' title='bbox 1683 4703 1920 4773; x_wconf 87' lang='grc' dir='ltr'>συγγενῆ</span> 
     </span>
    </p>
   </div>
   <div class='ocr_carea' id='block_1_94' title="bbox 359 4799 916 4869">
    <p class='ocr_par' dir='ltr' id='par_1_94' title="bbox 359 4799 916 4869">
     <span class='ocr_line' id='line_1_94' title="bbox 359 4799 916 4869; baseline -0.011 -13"><span class='ocrx_word' id='word_1_631' title='bbox 359 4802 451 4865; x_wconf 73' lang='grc' dir='ltr'>καὶ</span> <span class='ocrx_word' id='word_1_632' title='bbox 479 4801 598 4856; x_wconf 84' lang='grc' dir='ltr'>θεῖα</span> <span class='ocrx_word' id='word_1_633' title='bbox 621 4799 751 4869; x_wconf 73' lang='grc' dir='ltr'>ἀνήγ</span> <span class='ocrx_word' id='word_1_634' title='bbox 763 4814 916 4866; x_wconf 87' lang='grc' dir='ltr'>αγεν.</span> 
     </span>
    </p>
   </div>
   <div class='ocr_carea' id='block_1_95' title="bbox 427 4902 1921 4980">
    <p class='ocr_par' dir='ltr' id='par_1_95' title="bbox 427 4902 1921 4980">
     <span class='ocr_line' id='line_1_95' title="bbox 427 4902 1921 4980; baseline -0.003 -14"><span class='ocrx_word' id='word_1_635' title='bbox 427 4910 534 4980; x_wconf 47' lang='grc' dir='ltr'>ἥθ’.</span> <span class='ocrx_word' id='word_1_636' title='bbox 570 4912 636 4965; x_wconf 62' lang='grc'><strong>³0</strong></span> <span class='ocrx_word' id='word_1_637' title='bbox 666 4909 766 4980; x_wconf 77' lang='grc' dir='ltr'>τὴν</span> <span class='ocrx_word' id='word_1_638' title='bbox 787 4907 1055 4963; x_wconf 72' lang='grc' dir='ltr'>ἀπάθειαν</span> <span class='ocrx_word' id='word_1_639' title='bbox 1082 4906 1336 4979; x_wconf 79' lang='grc' dir='ltr'>καθάπερ</span> <span class='ocrx_word' id='word_1_640' title='bbox 1375 4902 1726 4979; x_wconf 78' lang='grc' dir='ltr'>Ἰερουσαλὴμ</span> <span class='ocrx_word' id='word_1_641' title='bbox 1754 4906 1921 4964; x_wconf 76' lang='grc' dir='ltr'>οἰκεῖν</span> 
     </span>
    </p>
   </div>
   <div class='ocr_carea' id='block_1_96' title="bbox 358 4986 1924 5068">
    <p class='ocr_par' dir='ltr' id='par_1_96' title="bbox 358 4986 1924 5068">
     <span class='ocr_line' id='line_1_96' title="bbox 358 4986 1924 5068; baseline -0.003 -14"><span class='ocrx_word' id='word_1_642' title='bbox 358 4997 448 5054; x_wconf 78' lang='grc' dir='ltr'>διὰ</span> <span class='ocrx_word' id='word_1_643' title='bbox 477 4998 587 5052; x_wconf 84' lang='grc' dir='ltr'><strong>τῶν</strong></span> <span class='ocrx_word' id='word_1_644' title='bbox 612 4996 756 5052; x_wconf 86' lang='grc' dir='ltr'>κατά</span> <span class='ocrx_word' id='word_1_645' title='bbox 779 4996 877 5068; x_wconf 80' lang='grc' dir='ltr'>τὴν</span> <span class='ocrx_word' id='word_1_646' title='bbox 923 4986 1330 5066; x_wconf 75' lang='grc' dir='ltr'>πρᾶξινπόνων</span> <span class='ocrx_word' id='word_1_647' title='bbox 1368 4993 1570 5066; x_wconf 83' lang='grc' dir='ltr'>λαχὼν,</span> <span class='ocrx_word' id='word_1_648' title='bbox 1612 4996 1708 5049; x_wconf 75' lang='grc' dir='ltr'>καὶ</span> <span class='ocrx_word' id='word_1_649' title='bbox 1740 4996 1924 5067; x_wconf 83' lang='grc' dir='ltr'>πάσης</span> 
     </span>
    </p>
   </div>
   <div class='ocr_carea' id='block_1_97' title="bbox 359 5079 1924 5158">
    <p class='ocr_par' dir='ltr' id='par_1_97' title="bbox 359 5079 1924 5158">
     <span class='ocr_line' id='line_1_97' title="bbox 359 5079 1924 5158; baseline -0.003 -15"><span class='ocrx_word' id='word_1_650' title='bbox 359 5089 460 5158; x_wconf 78' lang='grc' dir='ltr'>τῆς</span> <span class='ocrx_word' id='word_1_651' title='bbox 514 5086 635 5141; x_wconf 82' lang='grc' dir='ltr'>καθ’</span> <span class='ocrx_word' id='word_1_652' title='bbox 692 5079 963 5156; x_wconf 84' lang='grc' dir='ltr'>ἁμαρτίαν</span> <span class='ocrx_word' id='word_1_653' title='bbox 1008 5083 1425 5155; x_wconf 75' lang='grc' dir='ltr'>ἀπηλλαγμένος</span> <span class='ocrx_word' id='word_1_654' title='bbox 1474 5084 1770 5155; x_wconf 85' lang='grc' dir='ltr'>ὀχλήσεως,</span> <span class='ocrx_word' id='word_1_655' title='bbox 1827 5086 1924 5141; x_wconf 76' lang='grc' dir='ltr'>καὶ</span> 
     </span>
    </p>
   </div>
   <div class='ocr_carea' id='block_1_98' title="bbox 364 5174 1923 5250">
    <p class='ocr_par' dir='ltr' id='par_1_98' title="bbox 364 5174 1923 5250">
     <span class='ocr_line' id='line_1_98' title="bbox 364 5174 1923 5250; baseline -0.001 -18"><span class='ocrx_word' id='word_1_656' title='bbox 364 5178 533 5250; x_wconf 83' lang='grc' dir='ltr'>μόνην</span> <span class='ocrx_word' id='word_1_657' title='bbox 555 5174 779 5247; x_wconf 75' lang='grc' dir='ltr'>εἰρήνην</span> <span class='ocrx_word' id='word_1_658' title='bbox 815 5174 912 5229; x_wconf 74' lang='grc' dir='ltr'>καὶ</span> <span class='ocrx_word' id='word_1_659' title='bbox 943 5174 1198 5244; x_wconf 82' lang='grc' dir='ltr'>πράττων</span> <span class='ocrx_word' id='word_1_660' title='bbox 1226 5175 1320 5228; x_wconf 72' lang='grc' dir='ltr'>καὶ</span> <span class='ocrx_word' id='word_1_661' title='bbox 1351 5174 1547 5236; x_wconf 86' lang='grc' dir='ltr'>λαλῶν,</span> <span class='ocrx_word' id='word_1_662' title='bbox 1576 5176 1672 5228; x_wconf 79' lang='grc' dir='ltr'><strong>καὶ</strong></span> <span class='ocrx_word' id='word_1_663' title='bbox 1708 5175 1923 5230; x_wconf 79' lang='grc' dir='ltr'>ἀκούων</span> 
     </span>
    </p>
   </div>
   <div class='ocr_carea' id='block_1_99' title="bbox 345 5264 1924 5340">
    <p class='ocr_par' dir='ltr' id='par_1_99' title="bbox 345 5264 1924 5340">
     <span class='ocr_line' id='line_1_99' title="bbox 345 5264 1924 5340; baseline -0.001 -16"><span class='ocrx_word' id='word_1_664' title='bbox 345 5269 460 5325; x_wconf 61' lang='grc' dir='ltr'><strong>’καὶ</strong></span> <span class='ocrx_word' id='word_1_665' title='bbox 480 5268 826 5338; x_wconf 80' lang='grc' dir='ltr'>λογιζόμενος</span> <span class='ocrx_word' id='word_1_666' title='bbox 847 5281 862 5295; x_wconf 88' lang='grc'><strong>·</strong></span> <span class='ocrx_word' id='word_1_667' title='bbox 901 5265 1042 5335; x_wconf 82' lang='grc' dir='ltr'><strong>μετά</strong></span> <span class='ocrx_word' id='word_1_668' title='bbox 1070 5266 1131 5318; x_wconf 65' lang='grc' dir='ltr'>τὸ</span> <span class='ocrx_word' id='word_1_669' title='bbox 1158 5265 1411 5329; x_wconf 79' lang='grc' dir='ltr'>δέξασθαι</span> <span class='ocrx_word' id='word_1_670' title='bbox 1444 5264 1535 5318; x_wconf 85' lang='grc' dir='ltr'><strong>διὰ</strong></span> <span class='ocrx_word' id='word_1_671' title='bbox 1559 5265 1659 5336; x_wconf 82' lang='grc' dir='ltr'>τῆς</span> <span class='ocrx_word' id='word_1_672' title='bbox 1688 5268 1924 5340; x_wconf 73' lang='grc' dir='ltr'>φυσικῆς</span> 
     </span>
    </p>
   </div>
   <div class='ocr_carea' id='block_1_100' title="bbox 367 5352 1925 5432">
    <p class='ocr_par' dir='ltr' id='par_1_100' title="bbox 367 5352 1925 5432">
     <span class='ocr_line' id='line_1_100' title="bbox 367 5352 1925 5432; baseline 0.003 -22"><span class='ocrx_word' id='word_1_673' title='bbox 367 5359 595 5432; x_wconf 82' lang='grc' dir='ltr'>θεωρίας</span> <span class='ocrx_word' id='word_1_674' title='bbox 625 5358 726 5429; x_wconf 83' lang='grc' dir='ltr'>τὴν</span> <span class='ocrx_word' id='word_1_675' title='bbox 769 5356 931 5426; x_wconf 85' lang='grc' dir='ltr'>φύσιν</span> <span class='ocrx_word' id='word_1_676' title='bbox 960 5357 1067 5412; x_wconf 86' lang='grc' dir='ltr'><strong>τῶν</strong></span> <span class='ocrx_word' id='word_1_677' title='bbox 1097 5354 1325 5428; x_wconf 84' lang='grc' dir='ltr'>ὁρατῶν,</span> <span class='ocrx_word' id='word_1_678' title='bbox 1371 5352 1497 5420; x_wconf 76' lang='grc' dir='ltr'>τοὺς</span> <span class='ocrx_word' id='word_1_679' title='bbox 1523 5359 1581 5412; x_wconf 79' lang='grc' dir='ltr'>ὲν</span> <span class='ocrx_word' id='word_1_680' title='bbox 1613 5359 1750 5429; x_wconf 82' lang='grc' dir='ltr'>αὐτῇ</span> <span class='ocrx_word' id='word_1_681' title='bbox 1780 5358 1925 5414; x_wconf 86' lang='grc' dir='ltr'>θειο-</span> 
     </span>
    </p>
   </div>
   <div class='ocr_carea' id='block_1_101' title="bbox 363 5445 1922 5521">
    <p class='ocr_par' dir='ltr' id='par_1_101' title="bbox 363 5445 1922 5521">
     <span class='ocr_line' id='line_1_101' title="bbox 363 5445 1922 5521; baseline -0.001 -17"><span class='ocrx_word' id='word_1_682' title='bbox 363 5447 553 5521; x_wconf 72' lang='grc' dir='ltr'>τέρους</span> <span class='ocrx_word' id='word_1_683' title='bbox 580 5446 831 5516; x_wconf 79' lang='grc' dir='ltr'>καθάπερ</span> <span class='ocrx_word' id='word_1_684' title='bbox 858 5445 1007 5518; x_wconf 78' lang='grc' dir='ltr'>δῶρα</span> <span class='ocrx_word' id='word_1_685' title='bbox 1043 5445 1121 5516; x_wconf 81' lang='grc' dir='ltr'>τῷ</span> <span class='ocrx_word' id='word_1_686' title='bbox 1167 5447 1356 5518; x_wconf 79' lang='grc' dir='ltr'>Κυρίῳ</span> <span class='ocrx_word' id='word_1_687' title='bbox 1380 5448 1450 5500; x_wconf 81' lang='grc' dir='ltr'>δι’</span> <span class='ocrx_word' id='word_1_688' title='bbox 1480 5446 1645 5501; x_wconf 77' lang='grc' dir='ltr'>αὐτοῦ</span> <span class='ocrx_word' id='word_1_689' title='bbox 1686 5461 1922 5519; x_wconf 80' lang='grc' dir='ltr'>προσκο-</span> 
     </span>
    </p>
   </div>
   <div class='ocr_carea' id='block_1_102' title="bbox 440 5620 1084 5688">
    <p class='ocr_par' dir='ltr' id='par_1_102' title="bbox 440 5620 1084 5688">
     <span class='ocr_line' id='line_1_102' title="bbox 440 5620 1084 5688; baseline 0.002 -13"><span class='ocrx_word' id='word_1_690' title='bbox 440 5623 493 5675; x_wconf 64' lang='grc' dir='ltr'><strong>ῐσ</strong></span> <span class='ocrx_word' id='word_1_691' title='bbox 510 5623 559 5679; x_wconf 86' lang='grc' dir='ltr'><strong>Π</strong></span> <span class='ocrx_word' id='word_1_692' title='bbox 591 5622 769 5680; x_wconf 83' lang='lat' dir='ltr'><strong>Paral.</strong></span> <span class='ocrx_word' id='word_1_693' title='bbox 798 5638 964 5688; x_wconf 78' lang='lat' dir='ltr'><strong>nm,</strong></span> <span class='ocrx_word' id='word_1_694' title='bbox 993 5620 1084 5678; x_wconf 75' lang='lat'><strong>23.</strong></span> 
     </span>
    </p>
   </div>
   <div class='ocr_carea' id='block_1_103' title="bbox 687 5712 1293 5803">
    <p class='ocr_par' dir='ltr' id='par_1_103' title="bbox 687 5712 1293 5803">
     <span class='ocr_line' id='line_1_103' title="bbox 687 5712 1293 5803; baseline -0.01 -29"><span class='ocrx_word' id='word_1_695' title='bbox 687 5715 957 5801; x_wconf 70' lang='lat' dir='ltr'><strong>Plu-not.</strong></span> <span class='ocrx_word' id='word_1_696' title='bbox 988 5712 1105 5773; x_wconf 78' lang='lat' dir='ltr'><strong>Gn.</strong></span> <span class='ocrx_word' id='word_1_697' title='bbox 1149 5713 1293 5803; x_wconf 71' lang='lat' dir='ltr'><strong>XC._</strong></span> 
     </span>
    </p>
   </div>
   <div class='ocr_carea' id='block_1_104' title="bbox 2018 4430 3586 4510">
    <p class='ocr_par' dir='ltr' id='par_1_104' title="bbox 2018 4430 3586 4510">
     <span class='ocr_line' id='line_1_104' title="bbox 2018 4430 3586 4510; baseline 0.003 -19"><span class='ocrx_word' id='word_1_698' title='bbox 2018 4436 2296 4506; x_wconf 83' lang='lat' dir='ltr'><strong>uinoque,</strong></span> <span class='ocrx_word' id='word_1_699' title='bbox 2329 4446 2392 4492; x_wconf 93' lang='lat' dir='ltr'><strong>ut</strong></span> <span class='ocrx_word' id='word_1_700' title='bbox 2438 4437 2606 4492; x_wconf 80' lang='lat' dir='ltr'><strong>semel</strong></span> <span class='ocrx_word' id='word_1_701' title='bbox 2639 4436 2844 4501; x_wconf 87' lang='lat' dir='ltr'><strong>dicam,</strong></span> <span class='ocrx_word' id='word_1_702' title='bbox 2897 4430 3089 4492; x_wconf 78' lang='lat' dir='ltr'><strong>formis</strong></span> <span class='ocrx_word' id='word_1_703' title='bbox 3121 4431 3379 4493; x_wconf 88' lang='lat' dir='ltr'><strong>omnibus</strong></span> <span class='ocrx_word' id='word_1_704' title='bbox 3424 4448 3586 4510; x_wconf 84' lang='lat' dir='ltr'><strong>atque</strong></span> 
     </span>
    </p>
   </div>
   <div class='ocr_carea' id='block_1_105' title="bbox 1989 4525 3585 4599">
    <p class='ocr_par' dir='ltr' id='par_1_105' title="bbox 1989 4525 3585 4599">
     <span class='ocr_line' id='line_1_105' title="bbox 1989 4525 3585 4599; baseline 0.003 -18"><span class='ocrx_word' id='word_1_705' title='bbox 1989 4527 2234 4582; x_wconf 70' lang='lat' dir='ltr'><strong>naturis</strong></span> <span class='ocrx_word' id='word_1_706' title='bbox 2268 4528 2325 4581; x_wconf 91' lang='lat' dir='ltr'><strong>in</strong></span> <span class='ocrx_word' id='word_1_707' title='bbox 2364 4541 2586 4581; x_wconf 89' lang='lat' dir='ltr'><strong>sensum</strong></span> <span class='ocrx_word' id='word_1_708' title='bbox 2633 4525 3003 4591; x_wconf 61' lang='lat' dir='ltr'><strong>cadentibus,</strong></span> <span class='ocrx_word' id='word_1_709' title='bbox 3036 4541 3136 4596; x_wconf 88' lang='lat' dir='ltr'><strong>per</strong></span> <span class='ocrx_word' id='word_1_710' title='bbox 3171 4529 3585 4599; x_wconf 51' lang='lat' dir='ltr'><strong>contemplatio.</strong></span> 
     </span>
    </p>
   </div>
   <div class='ocr_carea' id='block_1_106' title="bbox 2019 4616 3587 4683">
    <p class='ocr_par' dir='ltr' id='par_1_106' title="bbox 2019 4616 3587 4683">
     <span class='ocr_line' id='line_1_106' title="bbox 2019 4616 3587 4683; baseline 0.003 -11"><span class='ocrx_word' id='word_1_711' title='bbox 2019 4632 2177 4683; x_wconf 85' lang='lat' dir='ltr'><strong>nem;</strong></span> <span class='ocrx_word' id='word_1_712' title='bbox 2212 4617 2467 4671; x_wconf 86' lang='lat' dir='ltr'><strong>omnibus</strong></span> <span class='ocrx_word' id='word_1_713' title='bbox 2509 4616 2564 4670; x_wconf 92' lang='lat' dir='ltr'><strong>in</strong></span> <span class='ocrx_word' id='word_1_714' title='bbox 2608 4616 2689 4670; x_wconf 90' lang='lat' dir='ltr'><strong>eis</strong></span> <span class='ocrx_word' id='word_1_715' title='bbox 2733 4616 3037 4672; x_wconf 87' lang='lat' dir='ltr'><strong>rationibus</strong></span> <span class='ocrx_word' id='word_1_716' title='bbox 3064 4617 3307 4674; x_wconf 70' lang='lat' dir='ltr'><strong>Scientite</strong></span> <span class='ocrx_word' id='word_1_717' title='bbox 3337 4620 3587 4675; x_wconf 51' lang='lat' dir='ltr'><strong>entinen‘</strong></span> 
     </span>
    </p>
   </div>
   <div class='ocr_carea' id='block_1_107' title="bbox 2023 4703 3587 4782">
    <p class='ocr_par' dir='ltr' id='par_1_107' title="bbox 2023 4703 3587 4782">
     <span class='ocr_line' id='line_1_107' title="bbox 2023 4703 3587 4782; baseline 0.003 -20"><span class='ocrx_word' id='word_1_718' title='bbox 2023 4706 2095 4762; x_wconf 84' lang='lat' dir='ltr'><strong>tia</strong></span> <span class='ocrx_word' id='word_1_719' title='bbox 2128 4707 2427 4777; x_wconf 87' lang='lat' dir='ltr'><strong>superatis;</strong></span> <span class='ocrx_word' id='word_1_720' title='bbox 2462 4706 2508 4763; x_wconf 86' lang='lat' dir='ltr'><strong>is</strong></span> <span class='ocrx_word' id='word_1_721' title='bbox 2543 4708 2669 4763; x_wconf 87' lang='lat' dir='ltr'><strong>talis</strong></span> <span class='ocrx_word' id='word_1_722' title='bbox 2710 4708 2950 4762; x_wconf 88' lang='lat' dir='ltr'><strong>animum</strong></span> <span class='ocrx_word' id='word_1_723' title='bbox 2983 4703 3050 4763; x_wconf 90' lang='lat' dir='ltr'><strong>ad</strong></span> <span class='ocrx_word' id='word_1_724' title='bbox 3093 4724 3157 4764; x_wconf 87' lang='lat' dir='ltr'><strong>ea</strong></span> <span class='ocrx_word' id='word_1_725' title='bbox 3200 4707 3321 4780; x_wconf 71' lang='lat' dir='ltr'><strong>quae</strong></span> <span class='ocrx_word' id='word_1_726' title='bbox 3361 4718 3587 4782; x_wconf 77' lang='lat' dir='ltr'><strong>cognata</strong></span> 
     </span>
    </p>
   </div>
   <div class='ocr_carea' id='block_1_108' title="bbox 2022 4798 2750 4885">
    <p class='ocr_par' dir='ltr' id='par_1_108' title="bbox 2022 4798 2750 4864">
     <span class='ocr_line' id='line_1_108' title="bbox 2022 4798 2750 4864; baseline 0.001 -11"><span class='ocrx_word' id='word_1_727' title='bbox 2022 4813 2087 4854; x_wconf 88' lang='lat' dir='ltr'><strong>ac</strong></span> <span class='ocrx_word' id='word_1_728' title='bbox 2113 4798 2296 4857; x_wconf 82' lang='lat' dir='ltr'><strong>divina</strong></span> <span class='ocrx_word' id='word_1_729' title='bbox 2324 4806 2474 4864; x_wconf 87' lang='lat' dir='ltr'><strong>sunt,</strong></span> <span class='ocrx_word' id='word_1_730' title='bbox 2509 4800 2750 4855; x_wconf 72' lang='lat' dir='ltr'><strong>sustulit.</strong></span> 
     </span>
    </p>
   </div>
   <div class='ocr_carea' id='block_1_109' title="bbox 2092 4910 3589 4984">
    <p class='ocr_par' dir='ltr' id='par_1_109' title="bbox 2092 4910 3589 4984">
     <span class='ocr_line' id='line_1_109' title="bbox 2092 4910 3589 4984; baseline 0.001 -17"><span class='ocrx_word' id='word_1_731' title='bbox 2092 4911 2180 4968; x_wconf 85' lang='lat'><strong>99.</strong></span> <span class='ocrx_word' id='word_1_732' title='bbox 2212 4911 2319 4979; x_wconf 86' lang='lat' dir='ltr'><strong>Qui</strong></span> <span class='ocrx_word' id='word_1_733' title='bbox 2350 4911 2581 4968; x_wconf 86' lang='lat' dir='ltr'><strong>actionis</strong></span> <span class='ocrx_word' id='word_1_734' title='bbox 2599 4910 2905 4978; x_wconf 83' lang='lat' dir='ltr'><strong>laboribus,</strong></span> <span class='ocrx_word' id='word_1_735' title='bbox 2939 4925 3003 4969; x_wconf 85' lang='lat' dir='ltr'><strong>ac</strong></span> <span class='ocrx_word' id='word_1_736' title='bbox 3028 4912 3231 4984; x_wconf 86' lang='lat' dir='ltr'><strong>quibus</strong></span> <span class='ocrx_word' id='word_1_737' title='bbox 3256 4912 3433 4968; x_wconf 82' lang='lat' dir='ltr'><strong>virtus</strong></span> <span class='ocrx_word' id='word_1_738' title='bbox 3456 4928 3589 4983; x_wconf 80' lang='lat' dir='ltr'><strong>prae-</strong></span> 
     </span>
    </p>
   </div>
   <div class='ocr_carea' id='block_1_110' title="bbox 2021 5003 3591 5073">
    <p class='ocr_par' dir='ltr' id='par_1_110' title="bbox 2021 5003 3591 5073">
     <span class='ocr_line' id='line_1_110' title="bbox 2021 5003 3591 5073; baseline -0.001 -14"><span class='ocrx_word' id='word_1_739' title='bbox 2021 5010 2221 5073; x_wconf 78' lang='lat' dir='ltr'><strong>statur,</strong></span> <span class='ocrx_word' id='word_1_740' title='bbox 2260 5010 2454 5068; x_wconf 79' lang='lat' dir='ltr'><strong>nactus</strong></span> <span class='ocrx_word' id='word_1_741' title='bbox 2501 5010 2606 5067; x_wconf 89' lang='lat' dir='ltr'><strong>est,</strong></span> <span class='ocrx_word' id='word_1_742' title='bbox 2652 5011 2714 5057; x_wconf 90' lang='lat' dir='ltr'><strong>ut</strong></span> <span class='ocrx_word' id='word_1_743' title='bbox 2765 5013 3021 5073; x_wconf 88' lang='lat' dir='ltr'><strong>tanquam</strong></span> <span class='ocrx_word' id='word_1_744' title='bbox 3070 5003 3395 5067; x_wconf 83' lang='lat' dir='ltr'><strong>Jerusalem,</strong></span> <span class='ocrx_word' id='word_1_745' title='bbox 3440 5011 3591 5058; x_wconf 71' lang='lat' dir='ltr'><strong>trait-</strong></span> 
     </span>
    </p>
   </div>
   <div class='ocr_carea' id='block_1_111' title="bbox 2022 5091 3593 5163">
    <p class='ocr_par' dir='ltr' id='par_1_111' title="bbox 2022 5091 3593 5163">
     <span class='ocr_line' id='line_1_111' title="bbox 2022 5091 3593 5163; baseline 0.001 -16"><span class='ocrx_word' id='word_1_746' title='bbox 2022 5092 2178 5162; x_wconf 88' lang='lat' dir='ltr'><strong>quilli</strong></span> <span class='ocrx_word' id='word_1_747' title='bbox 2202 5091 2370 5147; x_wconf 88' lang='lat' dir='ltr'><strong>animi</strong></span> <span class='ocrx_word' id='word_1_748' title='bbox 2400 5107 2465 5148; x_wconf 92' lang='lat' dir='ltr'><strong>ac</strong></span> <span class='ocrx_word' id='word_1_749' title='bbox 2484 5092 2865 5163; x_wconf 87' lang='lat' dir='ltr'><strong>imperturbati</strong></span> <span class='ocrx_word' id='word_1_750' title='bbox 2895 5093 3144 5153; x_wconf 80' lang='lat' dir='ltr'><strong>habitum</strong></span> <span class='ocrx_word' id='word_1_751' title='bbox 3172 5093 3351 5160; x_wconf 89' lang='lat' dir='ltr'><strong>colat;</strong></span> <span class='ocrx_word' id='word_1_752' title='bbox 3374 5092 3446 5148; x_wconf 84' lang='lat' dir='ltr'><strong>ab</strong></span> <span class='ocrx_word' id='word_1_753' title='bbox 3471 5109 3593 5148; x_wconf 86' lang='lat' dir='ltr'><strong>om—</strong></span> 
     </span>
    </p>
   </div>
   <div class='ocr_carea' id='block_1_112' title="bbox 2028 5180 3591 5254">
    <p class='ocr_par' dir='ltr' id='par_1_112' title="bbox 2028 5180 3591 5254">
     <span class='ocr_line' id='line_1_112' title="bbox 2028 5180 3591 5254; baseline 0.003 -16"><span class='ocrx_word' id='word_1_754' title='bbox 2028 5184 2196 5254; x_wconf 89' lang='lat' dir='ltr'><strong>nique</strong></span> <span class='ocrx_word' id='word_1_755' title='bbox 2254 5183 2393 5238; x_wconf 89' lang='lat' dir='ltr'><strong>liber</strong></span> <span class='ocrx_word' id='word_1_756' title='bbox 2442 5183 2651 5254; x_wconf 87' lang='lat' dir='ltr'><strong>peccati</strong></span> <span class='ocrx_word' id='word_1_757' title='bbox 2707 5180 2985 5247; x_wconf 88' lang='lat' dir='ltr'><strong>molestia,</strong></span> <span class='ocrx_word' id='word_1_758' title='bbox 3032 5194 3195 5238; x_wconf 91' lang='lat' dir='ltr'><strong>unam</strong></span> <span class='ocrx_word' id='word_1_759' title='bbox 3244 5183 3591 5241; x_wconf 88' lang='lat' dir='ltr'><strong>solummodo</strong></span> 
     </span>
    </p>
   </div>
   <div class='ocr_carea' id='block_1_113' title="bbox 2029 5273 3594 5346">
    <p class='ocr_par' dir='ltr' id='par_1_113' title="bbox 2029 5273 3594 5346">
     <span class='ocr_line' id='line_1_113' title="bbox 2029 5273 3594 5346; baseline 0.002 -18"><span class='ocrx_word' id='word_1_760' title='bbox 2029 5289 2218 5344; x_wconf 89' lang='lat' dir='ltr'><strong>pacem</strong></span> <span class='ocrx_word' id='word_1_761' title='bbox 2251 5282 2307 5331; x_wconf 86' lang='lat' dir='ltr'><strong>et</strong></span> <span class='ocrx_word' id='word_1_762' title='bbox 2329 5274 2441 5345; x_wconf 77' lang='lat' dir='ltr'><strong>agit</strong></span> <span class='ocrx_word' id='word_1_763' title='bbox 2470 5282 2527 5329; x_wconf 90' lang='lat' dir='ltr'><strong>et</strong></span> <span class='ocrx_word' id='word_1_764' title='bbox 2556 5274 2818 5344; x_wconf 85' lang='lat' dir='ltr'><strong>loquitur,</strong></span> <span class='ocrx_word' id='word_1_765' title='bbox 2852 5273 3113 5344; x_wconf 90' lang='lat' dir='ltr'><strong>auditque</strong></span> <span class='ocrx_word' id='word_1_766' title='bbox 3133 5286 3190 5329; x_wconf 93' lang='lat' dir='ltr'><strong>et</strong></span> <span class='ocrx_word' id='word_1_767' title='bbox 3209 5274 3438 5345; x_wconf 81' lang='lat' dir='ltr'><strong>cogitat;</strong></span> <span class='ocrx_word' id='word_1_768' title='bbox 3472 5284 3594 5346; x_wconf 87' lang='lat' dir='ltr'><strong>post</strong></span> 
     </span>
    </p>
   </div>
   <div class='ocr_carea' id='block_1_114' title="bbox 2031 5364 3594 5435">
    <p class='ocr_par' dir='ltr' id='par_1_114' title="bbox 2031 5364 3594 5435">
     <span class='ocr_line' id='line_1_114' title="bbox 2031 5364 3594 5435; baseline 0.002 -17"><span class='ocrx_word' id='word_1_769' title='bbox 2031 5372 2308 5433; x_wconf 82' lang='lat' dir='ltr'><strong>acceptam</strong></span> <span class='ocrx_word' id='word_1_770' title='bbox 2339 5364 2575 5419; x_wconf 89' lang='lat' dir='ltr'><strong>naturali</strong></span> <span class='ocrx_word' id='word_1_771' title='bbox 2601 5364 2993 5435; x_wconf 89' lang='lat' dir='ltr'><strong>speculatione,</strong></span> <span class='ocrx_word' id='word_1_772' title='bbox 3034 5379 3221 5419; x_wconf 86' lang='lat' dir='ltr'><strong>rerum</strong></span> <span class='ocrx_word' id='word_1_773' title='bbox 3251 5365 3427 5421; x_wconf 86' lang='lat' dir='ltr'><strong>oculis</strong></span> <span class='ocrx_word' id='word_1_774' title='bbox 3467 5366 3594 5421; x_wconf 47' lang='lat' dir='ltr'><strong>sub.</strong></span> 
     </span>
    </p>
   </div>
   <div class='ocr_carea' id='block_1_115' title="bbox 2025 5441 3594 5524">
    <p class='ocr_par' dir='ltr' id='par_1_115' title="bbox 2025 5441 3594 5524">
     <span class='ocr_line' id='line_1_115' title="bbox 2025 5441 3594 5524; baseline 0.003 -16"><span class='ocrx_word' id='word_1_775' title='bbox 2025 5454 2295 5524; x_wconf 86' lang='lat' dir='ltr'><strong>jectarum</strong></span> <span class='ocrx_word' id='word_1_776' title='bbox 2339 5464 2613 5520; x_wconf 88' lang='lat' dir='ltr'><strong>naturam,</strong></span> <span class='ocrx_word' id='word_1_777' title='bbox 2644 5441 2952 5510; x_wconf 12' lang='lat' dir='ltr'><strong>{diviniorcs</strong></span> <span class='ocrx_word' id='word_1_778' title='bbox 2995 5455 3049 5509; x_wconf 91' lang='lat' dir='ltr'><strong>in</strong></span> <span class='ocrx_word' id='word_1_779' title='bbox 3097 5469 3162 5510; x_wconf 87' lang='lat' dir='ltr'><strong>ea</strong></span> <span class='ocrx_word' id='word_1_780' title='bbox 3206 5455 3446 5513; x_wconf 87' lang='lat' dir='ltr'><strong>rationes</strong></span> <span class='ocrx_word' id='word_1_781' title='bbox 3473 5464 3594 5513; x_wconf 50' lang='lat' dir='ltr'><strong>tan:</strong></span> 
     </span>
    </p>
   </div>
   <div class='ocr_carea' id='block_1_116' title="bbox 3187 5718 3266 5778">
    <p class='ocr_par' dir='ltr' id='par_1_116' title="bbox 3187 5718 3266 5778">
     <span class='ocr_line' id='line_1_116' title="bbox 3187 5718 3266 5778; baseline 0 0"><span class='ocrx_word' id='word_1_782' title='bbox 3187 5718 3266 5778; x_wconf 76' lang='lat' dir='ltr'><strong>to</strong></span> 
     </span>
    </p>
   </div>
  </div>
