4122 6320
656 374 791 443 1263

1810 374 1850 433 S
1910 374 2196 434 ΜΑΧΙΜΙ
2239 372 2743 434 CONFESSORIS

3767 373 3903 439 126i

646 503 737 565 gat
764 494 965 566 :.cujus
1010 506 1170 547 sensu
1205 498 1484 560 percepto,
1519 490 1743 545 stultum
1780 504 1808 543 a
1838 505 1896 545 se
1925 491 2109 546 cordis
2143 499 2216 545 tu-

2330 492 2616 555 ἀσθενείας
2669 492 2991 563 συνίστοραο
3027 481 3094 561 ἦς
3128 489 3548 560 ἐπαισθόμενος,
3577 487 3639 543 τὸ
3672 488 3899 560 μάταιον

636 600 855 641 morem
887 584 1193 650 fastumque
1222 580 1403 650 ponit.

716 675 803 729 10.
840 674 923 728 lra
966 672 1183 731 Domini
1228 678 1333 736 est,
1366 685 1492 724 cum
1542 668 1728 724 divina
1773 670 1919 725 bona
1965 668 2229 739 tantisper

646 762 1049 818 subministrari
1096 760 1389 826 desinunt,
1424 776 1489 815 ac
1521 760 1770 830 quaedam
1821 761 1976 830 quasi
2029 760 2228 814 divina:

645 855 910 925 largitatis
939 854 994 907 in
1023 868 1125 908 nos
1152 853 1387 907 inducia:
1411 852 1575 906 ﬁunt:
1604 852 1750 922 quod
1776 851 1996 921 quidem
2021 852 2230 906 utiliter

642 938 910 1015 centingit
944 945 1000 999 in
1039 959 1259 998 omnem
1305 942 1551 997 animum
1580 942 1873 997 sublimem
1907 951 1962 996 et
1990 941 2226 1008 elatum;

641 1053 704 1091 ac
727 1037 821 1106 qui
848 1037 917 1091 de
943 1035 1221 1092 concessis
1245 1035 1297 1089 ei
1331 1051 1359 1089 a
1391 1036 1500 1090 Deo
1524 1035 1702 1095 bonis.
1730 1042 1987 1104 tanquam
2020 1032 2088 1087 de
2117 1050 2229 1089 me-

640 1129 761 1183 ritis
794 1128 1033 1197 propriis
1060 1128 1347 1198 glorietur.

711 1222 796 1275 ll.
833 1219 1095 1289 Quisquis
1124 1219 1341 1273 animus
1370 1217 1591 1287 sapiens
1634 1226 1802 1273 estet
1841 1219 2223 1289 philosophus,

638 1311 915 1367 etJudam
963 1311 1127 1365 habet
1170 1319 1228 1365 et
1256 1310 1559 1365 Jerusalem
1593 1327 1604 1363 :
1633 1310 1830 1365 Judam
1874 1310 2118 1379 quidem,
2167 1320 2228 1365 ut

636 1402 1041 1473 philosophiam
1079 1402 1349 1456 colentem
1392 1401 1702 1465 actionem;
1733 1401 2039 1455 Jerusalem
2070 1416 2223 1467 vero,

638 1500 699 1545 ut
750 1490 1259 1560 contemplatricem
1316 1502 1601 1543 sacrorum
1656 1487 2028 1563 disciplinam.
2087 1485 2222 1540 Cum

635 1598 765 1654 ergo
802 1583 888 1652 pia
937 1597 1093 1635 mens
1138 1597 1202 1635 ac
1247 1580 1520 1649 religiosa,
1560 1578 1746 1633 divina
1790 1579 1962 1648 gratia
1998 1577 2221 1643 comite,

634 1689 734 1744 per
766 1672 1195 1743 philosophiam,
1251 1681 1364 1726 tum
1415 1687 1536 1741 qua:
1583 1669 1856 1751 actionem
1907 1670 2061 1733 colit,
2107 1678 2223 1723 tum

635 1780 757 1833 quae
795 1761 1242 1831 contemplationi
1281 1761 1488 1823 studet,
1522 1760 1741 1830 repulsa
1775 1759 1922 1813 omni
1955 1759 2220 1829 potentia,

634 1870 756 1923 quae
786 1854 976 1908 virtuti
1008 1868 1071 1907 ac
1105 1851 1351 1906 scientia:
1381 1852 1725 1916 adversatur,
1760 1844 1828 1905 de
1871 1850 2223 1920 ncquissimis
2255 1830 2296 1885 Β

634 1945 921 2014 spiritibus
948 1946 1120 2000 relata
1149 1943 1392 2014 perfecte
1421 1944 1671 2007 victoria,
1704 1943 1867 2013 560
1897 1945 2016 2012 ejus
2048 1943 2221 2015 vieto—

635 2037 729 2091 riae
759 2037 970 2090 auctori
1007 2037 1140 2102 Deo,
1170 2034 1413 2089 debitam
1458 2035 1758 2105 gratiarum
1791 2035 2064 2088 actionem
2108 2049 2219 2088 non

635 2129 909 2192 retulerit,
936 2127 1030 2182 sed
1066 2127 1231 2181 corde
1262 2127 1521 2189 exaltata,
1542 2141 1705 2181 unam
1734 2141 1790 2179 se
1827 2126 1995 2179 totius
2017 2124 2221 2180 facino-

634 2216 732 2279 ris,
768 2216 1018 2285 ejusque,
1050 2214 1197 2284 quod
1242 2229 1307 2269 ex
1342 2222 1470 2267 voto
1517 2214 1704 2278 cessit,
1735 2221 2015 2268 auctorem
2057 2220 2213 2283 puta-

634 2305 779 2359 verit
811 2323 823 2358 :
860 2313 1009 2366 tunc.
1041 2304 1193 2367 velut
1220 2319 1342 2373 quae
1366 2303 1498 2368 Deo,
1526 2303 1681 2372 juxta
1724 2303 1899 2356 vicem
1934 2317 2098 2371 quam
2141 2302 2217 2356 illi

634 2396 901 2451 tribuerat
926 2411 1035 2449 non
1066 2394 1406 2464 rependerit,
1433 2409 1540 2446 non
1576 2393 1741 2448 modo
1767 2393 1883 2462 ipsa
1910 2392 2220 2447 derelictio-

630 2489 720 2543 nis
753 2488 888 2542 iram
925 2488 980 2541 in
1024 2502 1145 2541 cam
1194 2485 1482 2541 conflatam
1530 2484 1768 2554 excipit,
1817 2500 2008 2539 verum
2052 2484 2216 2538 etiam

629 2577 799 2632 Judas
836 2584 892 2632 et
923 2575 1228 2631 Jerusalem
1270 2575 1316 2607 ⁸ο
1337 2616 1351 2639 ,
1388 2574 1623 2628 actionis
1656 2573 1867 2629 scilicet
1916 2573 2135 2629 habitus
2162 2582 2217 2629 et

630 2666 1112 2737 contemplationis
1145 2684 1157 2718 :
1195 2662 1477 2736 probrosis
1499 2664 1761 2718 nimirum
1792 2664 2083 2720 affectibus
2110 2674 2217 2719 sta-

633 2762 751 2826 tim,
784 2762 895 2816 Deo
926 2760 1302 2832 permittente,
1335 2760 1604 2815 adversus
1636 2762 1908 2817 actionem
1932 2763 2218 2832 insurgen-

630 2853 798 2917 tibus,
829 2853 1204 2922 hactenusque
1230 2852 1497 2906 munditia
1525 2852 1793 2907 nitentem
1821 2853 2216 2909 conscientiam

630 2943 994 3009 ftedantibus;
1033 2944 1295 3013 falsisque
1329 2943 1636 2999 rationibus
1689 2961 1753 2999 ac
1790 2946 2217 3016 cogitationibus

629 3050 737 3088 una
775 3050 901 3089 cum
954 3049 1139 3088 rerum
1188 3034 1565 3104 speculatione
1598 3034 1871 3104 implexis,
1913 3051 1978 3090 ac
2008 3048 2212 3091 rectam

630 3126 897 3180 hactenus
952 3126 1197 3181 scientia:
1245 3126 1563 3195 opinionem
1630 3126 2095 3195 pervertentibus.
2149 3129 2212 3183 Ei

626 3216 773 3293 enim
809 3217 901 3285 qui
945 3230 1047 3285 pro
1091 3216 1308 3271 actione
1336 3217 1641 3281 extollitur,
1674 3231 1861 3271 comes
1886 3226 1971 3271 est
1998 3226 2215 3287 pertur-

552 3340 557 3345 -
626 3308 910 3361 bationum
963 3306 1262 3376 ignominia
1310 3321 1375 3361 ac
1424 3306 1690 3375 probrum
1739 3324 1753 3360 :
1796 3322 1923 3361 eum
1957 3323 2090 3362 vero
2121 3312 2214 3380 qui

626 3416 727 3469 pro
760 3399 988 3454 scientia
1025 3397 1267 3462 inﬂatur,
1295 3398 1444 3467 justo
1478 3397 1622 3451 Deus
1655 3396 1863 3465 judicio
1888 3413 2081 3454 errore
2106 3399 2213 3455 labi

625 3490 899 3560 permittit
925 3489 1272 3559 speculanda:
1307 3487 1492 3542 studio
1520 3488 1790 3543 veritatis.

697 3583 784 3637 12.
817 3582 1007 3637 Divina
1047 3596 1237 3636 revera
1282 3581 1468 3649 regula
1510 3581 1708 3649 lexque
1748 3596 1815 3634 ex
1847 3581 2215 3637 Providentia:

627 3672 936 3729 rationibus
981 3673 1149 3728 rebus
1193 3672 1365 3727 indita
1398 3681 1504 3741 est,
1554 3690 1655 3744 per
1683 3675 1964 3730 contraria
2003 3676 2214 3731 erudiri

626 3764 694 3821 ad
717 3765 875 3834 probi
903 3764 1154 3835 gratique
1187 3762 1356 3818 animi
1389 3778 1636 3829 sensum,
1666 3763 1762 3833 qui
1791 3764 2093 3820 virtutibus
2117 3764 2215 3818 do-

627 3855 821 3925 nisque
865 3854 990 3910 fulti
1026 3839 1223 3924 ingrati
1249 3853 1670 3919 cxstiteramus;
1696 3855 2212 3923 contrariorumquc

626 3946 1003 4015 experimento
1031 3944 1283 4015 provehi,
1313 3953 1373 3998 ut
1401 3944 1545 4000 bona
1585 3952 1933 4013 praestantem
1969 3943 2212 3999 divinam

624 4034 923 4105 potentiam
953 4049 1341 4106 agnoscamus;
1372 4050 1442 4090 ne
1483 4032 1706 4089 virtutis
1743 4041 1906 4102 atque
1938 4034 2210 4089 bonorum

626 4127 769 4183 felici
800 4142 989 4191 cursu,
1021 4125 1377 4195 permittente
1424 4124 1791 4195 providentia,
1840 4124 2210 4180 inviolabilem

625 4217 794 4271 animi
822 4217 1115 4272 elationem
1143 4214 1456 4284 fastumque
1482 4216 1653 4281 nacti,
1681 4214 1737 4269 in
1766 4214 2062 4270 adversum
2098 4216 2210 4269 Deo

624 4308 895 4378 superbia:
937 4307 1194 4365 affectum
1250 4306 1620 4374 prolabamur,
1651 4307 1747 4378 qui
1775 4315 2025 4363 nostrum
2065 4306 2211 4377 ipso-

626 4414 748 4453 rum
794 4408 1010 4461 natura,
1056 4413 1167 4453 non
1196 4398 1372 4468 gratia
1401 4397 2100 4468 comparabilem-virtutis
2145 4413 2209 4454 ac

2330 582 2528 653 οἴδημα
2556 585 2655 654 τῆς
2684 583 2907 654 καρδίας
2937 584 3275 637 ἀποτίθεται.

2407 672 2456 725 ι’.
2499 673 2666 743 Ὀργὴ
2700 673 2907 743 Κυρίου
2933 672 3102 737 ἐστὶν,
3127 675 3161 744 ἡ
3187 672 3448 742 ἀνακωχὴ
3479 674 3580 744 τῆς
3602 672 3709 725 τῶν
3738 671 3897 724 θείων

2330 740 2690 833 χαρισμάτων
2718 740 2985 835 χορηγίας
3007 779 3019 791 ·
3051 763 3087 833 ἦ
3114 740 3201 826 τις
3223 740 3616 833 συμφερόντως
3645 760 3738 813 ἐπὶ
3766 761 3897 815 πάν·
3922 740 3927 761 ’

2329 870 2402 907 τα
2432 854 2644 924 γίνεται
2682 854 2809 909 νοῦν
2839 854 3044 926 ὑψηλὸν
3075 856 3171 908 καὶ
3198 855 3474 925 μετέωρον
3496 868 3511 882 ·
3558 850 3651 908 καὶ
3680 853 3794 915 τοῖς
3818 852 3898 903 δο-

2330 944 2503 999 θεῖσιν
2532 946 2683 1017 αὐτῷ
2717 947 2901 1000 θεόθεν
2932 947 3141 1013 καλοῖς,
3174 947 3249 1011 ώς
3296 946 3392 998 ἐπὶ
3423 944 3574 1006 ἰδίοις
3622 942 3896 1013 κατορθώ-

2333 1053 2466 1106 μασι
2504 1038 2851 1109 μεγαλαυχού
2860 1056 3041 1110 μενον.

2402 1213 2494 1259 ια’.
2557 1208 2671 1271 Πᾶς
2707 1208 3013 1276 γνωστικδς
3056 1209 3152 1262 καὶ
3181 1207 3470 1277 φιλόσοφος
3497 1204 3643 1269 νοῦς,
3681 1207 3780 1257 καὶ
3813 1202 3893 1257 τὸν

2342 1299 2544 1355 Ἰούδαν
2573 1300 2686 1372 ἔχει
2722 1304 2816 1356 καὶ
2847 1304 2947 1372 τὴν
2969 1302 3327 1374 Ἰερουσαλήμ
3346 1317 3363 1331 ο
3406 1300 3499 1353 τὸν
3533 1299 3633 1370 μὲν
3681 1297 3891 1359 Ἰούδαν,

2326 1389 2403 1453 ὡς
2444 1393 2757 1465 πρακτικὴν
2796 1394 3153 1463 φιλοσοφίανο
3193 1392 3295 1464 τὴν
3324 1392 3381 1445 δὲ
3417 1388 3800 1461 Ἰερουσαλὴμ,
3828 1389 3893 1449 ὡς

2328 1483 2673 1555 θεωρητικὴν
2729 1487 3143 1557 μυσταγωγίαν.
3182 1485 3453 1557 Ὀπηνίκα
3504 1480 3599 1538 οὖν
3656 1483 3753 1536 sta
3805 1482 3894 1551 τῆς

2328 1575 2479 1641 θείας
2509 1579 2728 1650 χάριτος
2776 1582 2805 1633 ὁ
2837 1580 3084 1648 φιλόθεος
3111 1580 3259 1646 νοῦς,
3292 1579 3439 1633 κατά
3465 1595 3524 1631 τε
3549 1577 3649 1648 τὴν
3678 1585 3894 1649 πρακτι·

2327 1671 2429 1742 κὴν
2456 1674 2550 1725 καὶ
2581 1673 2922 1744 θεωρητικὴν
2942 1674 3284 1742 φιλοσοφίαν,
3314 1673 3495 1725 πᾶσαν
3519 1671 3892 1740 ἀντικειμένην

2326 1765 2494 1836 ἀρετῇ
2529 1767 2622 1819 καὶ
2651 1766 2851 1835 γνώσει
2879 1767 3361 1840 διακρουσάμενος
3393 1764 3643 1835 δύναμιν,
3685 1762 3891 1824 τελείως

2327 1857 2388 1911 τὸ
2418 1858 2559 1913 κατά
2590 1859 2700 1913 τῶν
2743 1861 3074 1931 πνευμάτων
3115 1860 3214 1930 τῆς
3263 1859 3532 1931 πονηρίας
3558 1857 3890 1926 ἁναδήσηται

2327 1951 2530 2021 κράτος
2560 1952 2662 2022 (u),
2706 1951 2800 2004 καὶ
2844 1955 2921 2023 μὴ
2961 1953 3062 2018 τὴν
3115 1952 3345 2005 δέουσαν
3378 1950 3742 2021 εὐχαριστίαν
3778 1949 3891 2003 ἀνά-

2327 2042 2489 2115 θηται
2518 2044 2597 2115 τῷ
2623 2046 2779 2115 αἰτίῳ
2804 2044 3084 2117 τῆς“νίκης
3107 2044 3250 2116 Θεῷ,
3278 2043 3391 2099 ἀλλ’
3420 2044 3609 2114 ὑψωθῇ
3634 2044 3739 2115 τὴν
3766 2060 3888 2110 καρ-

2266 2194 2275 2201 ,
2325 2136 2462 2204 δίαν,
2503 2139 2697 2191 ἑαυτὸν
2720 2139 2814 2192 τοῦ
2852 2140 3055 2204 παντὸς
3103 2140 3529 2211 κατορθώματος
3556 2138 3890 2208 ἡγησάμενος

2326 2228 2500 2280 αῐτιον
2525 2243 2538 2256 °
2582 2228 2883 2298 τηνικαῦτα
2916 2228 2992 2292 ὡς
3023 2229 3097 2300 μὴ
3131 2228 3470 2291 ἀνταποδοὺς
3503 2226 3581 2296 τῷ
3615 2225 3742 2296 Θεῷ
3765 2225 3889 2277 κατά

2324 2318 2385 2371 τί,
2416 2319 2791 2390 ἀνταπόδομα,
2825 2321 2854 2373 ὃ
2905 2320 3292 2373 ἀνταπεδωκεν
3347 2318 3517 2389 αὐτῷ,
3573 2317 3791 2387 δέχεται
3834 2317 3884 2369 οὐ

2328 2411 2490 2481 μόνον
2520 2411 2683 2476 αὐτὸς
2711 2412 3005 2483 γινομένην
3038 2411 3126 2465 ἐπ’
3160 2410 3329 2465 αὑτὸν
3356 2411 3455 2481 τὴν
3482 2409 3653 2480 ὀργὴν
3686 2409 3784 2479 τῆς
3809 2410 3884 2475 ἐγ-

2326 2503 2721 2572 καταλείψεως,
2777 2504 2916 2558 ἀλλά
2978 2504 3072 2556 καὶ
3106 2503 3307 2567 Ἰούδας
3354 2504 3449 2556 καὶ
3496 2502 3879 2573 Ἰερουσαλήμ·

2324 2578 2624 2661 τουτέστιν,
2658 2598 2692 2667 ὴ
2719 2597 2816 2667 τῆς
2861 2597 3117 2667 πράξεως
3149 2596 3263 2663 ἕξις
3321 2596 3418 2649 καὶ
3463 2598 3564 2666 τῆς
3621 2595 3880 2664 θεωρίας·

2324 2688 2517 2743 παθῶν
2538 2690 2764 2760 ἀτιμίας
2797 2689 3022 2755 εὐθέως,
3062 2690 3407 2761 συγχωρήσει
3430 2688 3592 2754 Θεοῦ,
3625 2705 3878 2742 κατεπανο

2328 2777 2635 2849 ισταμένων
2678 2778 2777 2848 τῆς
2836 2779 3110 2851 πράξεως,
3174 2781 3269 2833 καὶ
3317 2779 3416 2851 τὴν
3451 2780 3592 2843 τέως
3654 2779 3881 2851 καθαρὰν

2327 2869 2664 2940 μολυνόντων
2690 2856 2995 2942 συνείδησιν
3015 2888 3029 2903 ·
3066 2872 3161 2924 καὶ
3186 2870 3398 2940 ψευδῶν
3430 2870 3655 2924 ἐννοιῶν
3681 2887 3880 2924 συνεπι-

2323 2960 2675 3030 πλεκομένων
2726 2963 2793 3032 τῇ
2847 2960 3051 3032 θεωρίᾳ
3081 2960 3189 3014 τῶν
3220 2962 3410 3024 ὅντων,
3461 2961 3557 3014 καὶ
3610 2962 3711 3030 τὴν
3759 2959 3879 3020 τέως

2322 3051 2490 3122 ὀρθὴν
2522 3050 2965 3123 διαστρεφουσῶν
2999 3050 3157 3116 δόξαν
3205 3051 3308 3121 τῆς
3342 3050 3621 3120 γνώσεως.
3651 3052 3753 3104 Τὸν
3783 3049 3878 3121 γὰρ

2241 3177 2284 3234 C
2321 3143 2686 3213 ἐπαιρόμενον
2719 3143 2814 3195 ἐπὶ
2847 3142 3066 3214 πράξει,
3105 3142 3293 3197 παθῶν
3334 3143 3525 3214 ἀτιμία
3549 3144 3875 3215 διαδέχεται·

2318 3235 2410 3287 τὸν
2438 3234 2494 3286 δὲ
2529 3234 2621 3287 ἐπὶ
2653 3234 2855 3302 γνώσει
2891 3232 3217 3304 ύψούμενον,
3253 3235 3383 3305 περὶ
3408 3234 3507 3304 τὴν
3530 3234 3705 3304 ἀληθῆ
3748 3234 3877 3306 θεω-

2322 3326 2441 3397 ρίαν
2474 3326 2688 3380 πταίειν
2719 3327 2752 3397 ἠ
2786 3326 2969 3380 δικαία
3006 3326 3188 3398 κρίσις
3218 3327 3508 3398 συγχωρεῖ.

2390 3579 2478 3633 ιϐ’.
2507 3581 2663 3645 Θεῖος
2686 3581 2763 3646 ώς
2790 3582 3008 3654 ἀληθῶς
3049 3583 3176 3655 ὅρος
3208 3601 3267 3637 τε
3314 3584 3411 3638 καὶ
3432 3585 3594 3655 νόμος
3625 3585 3763 3639 κατὰ
3786 3582 3873 3653 τὴν

2323 3671 2589 3742 Πρόνοιαν
2616 3674 2920 3746 ἐνυπάρχει,
2943 3677 3058 3738 τοῖς
3103 3672 3244 3742 οὖσι,
3280 3677 3631 3732 παιδεύεσθαι
3658 3677 3744 3731 διὰ
3778 3676 3873 3730 τῶν

2315 3762 2573 3815 ἐναντίων
2608 3763 2924 3835 ἐπιτρέπων
2954 3766 3090 3836 πρὸς
3136 3765 3583 3836 εὐγνωμοσύνην,
3623 3768 3747 3829 τοὺς
3790 3765 3872 3818 ἐπὶ

2315 3851 2595 3918 κρείττοσι
2626 3852 2898 3921 φανέντας
2930 3854 3259 3926 ἀγνώμονας
3293 3857 3388 3927 (υ),
3423 3856 3518 3909 καὶ
3545 3857 3650 3927 τὴν
3692 3858 3870 3927 πεῖραν

2312 3943 2421 3997 τῶν
2480 3944 2875 4015 ἀντικειμένων
2926 3948 3025 4017 τῆς
3073 3946 3183 4000 τῶν
3238 3946 3422 4000 καλῶν
3474 3947 3868 4018 κατορθωτικῆς

2313 4032 2465 4097 θείας
2513 4034 2811 4102 ἐπίγνωσιν
2852 4036 3123 4102 ποιεῖσθαι
3180 4037 3502 4108 δυνάμεως
3559 4040 3642 4105 ὼς
3691 4039 3756 4094 ἂν
3804 4038 3865 4109 μὴ

2315 4124 2600 4189 παντελῶς
2625 4126 2719 4179 ἐπὶ
2741 4129 2856 4191 τοῖς
2893 4128 3175 4200 ἀμείνοσιν
3204 4130 3568 4201 ἀκαθαίρετον
3597 4131 3746 4203 παρά
3780 4132 3866 4199 τῆς

2312 4217 2577 4288 Προνοίας
2607 4217 2752 4288 ἔχειν
2793 4219 3244 4291 συγχωρηθέντες
3288 4221 3390 4293 τὴν
3427 4221 3632 4293 οἴησιν,
3675 4224 3754 4286 είς
3778 4221 3863 4290 τὴν

2311 4307 2557 4362 ἀντίθεον
2577 4309 2674 4379 τῆς
2703 4310 3086 4380 ὑπερηφανίας
3112 4311 3352 4366 διάθεσιν
3374 4312 3861 4385 κατολισθήσωμεν.

2317 4402 2528 4456 ἐαυτῶν
2562 4404 2705 4457 κατά
2736 4403 2919 4473 φύσιν.
2947 4403 3064 4457 ἀλλ’
3091 4405 3192 4458 οὐκ
3237 4404 3533 4481 ἐπίκτητον
3554 4406 3740 4478 χάριτι
3778 4402 3862 4473 τὴν

625 4490 868 4545 scientiae
888 4488 1292 4558 possessionem
1311 4489 1723 4555 existimemus;
1752 4488 2208 4558 inveniamurque

2318 4493 2413 4563 τῆς
2443 4495 2645 4566 ἀρετῆς
2673 4496 2768 4549 καὶ
2802 4497 2902 4565 τῆς
2949 4494 3205 4563 γνώσεως
3242 4495 3438 4565 κτῆσιν
3471 4492 3611 4551 εἶναι
3635 4495 3860 4568 νομίζονο

626 4581 773 4635 bono
800 4580 957 4634 abusi
999 4579 1066 4633 ad
1113 4580 1317 4634 malum
1354 4579 1737 4644 conﬂandum;
1769 4594 1834 4633 ac
1875 4578 2079 4648 quibus
2120 4594 2209 4633 ar-

626 4672 772 4727 ctius
800 4670 1153 4741 implicatam,
1180 4670 1562 4727 inconcussam
1590 4671 1646 4724 in
1676 4669 1837 4724 nobis
1865 4684 2085 4724 manere
2112 4669 2206 4724 Dei

625 4764 958 4836 agnitionem
988 4764 1238 4831 decebat,
1270 4764 1336 4819 iis
1368 4765 1502 4835 ipsis
1528 4763 1697 4836 (quod
1722 4763 1885 4834 absit)
1916 4765 2035 4835 ejus
2057 4764 2211 4834 igno-

625 4855 818 4911 rantia:
856 4864 1157 4911 teneamur.
1399 4874 1409 4884 ο

696 5057 742 5090 ⁵⁸
774 5057 821 5112 ll
850 5057 1029 5113 Paral.
1063 5070 1229 5122 χχιιι,
1255 5056 1344 5111 25.

686 5167 774 5242 (ιι)
808 5168 1052 5242 Τελείως
1077 5164 1146 5221 τὸ
1174 5166 1328 5242 κατὰ
1366 5164 1998 5242 τῶζςτίνευμάτωντῆς
2021 5176 2205 5232 πονη-

615 5234 765 5307 ρίιὶςέ
799 5237 1141 5307 ἀνεδήσατο
1180 5237 1417 5307 κράτος.
1444 5234 1759 5307 Δνίσερνίζιηι,
1790 5234 2027 5307 palmam
2052 5242 2205 5307 Aretu-

625 5303 709 5363 fit.
735 5303 840 5363 VSic
868 5307 1032 5377 Greg.
1067 5306 1132 5377 in
1156 5303 1398 5377 Basilio,
1414 5303 1493 5377 ‘dc
1528 5303 1825 5377 Maximino
1858 5304 2205 5377 Christianos

661 5372 1007 5447 ersequente'
1032 5375 1093 5430 τδ
1116 5376 1214 5446 τῆς
1238 5374 1513 5447 ἀσεϐείας
1532 5374 1756 5447 κράτος
1793 5372 2191 5447 ἀναδήσασθαι.

661 5395 993 5447 ersequente
1032 5395 1093 5430 το
1116 5395 1214 5446 της
1238 5395 1494 5436 ασευειας
1532 5395 1734 5444 κρατος
1793 5395 2191 5445 αναοησασυαι.

623 5395 876 5528 ἓαιηιείη
899 5454 947 5500 et
975 5444 1541 5528 coronam-impietatis
1571 5445 1776 5528 mereri.
1805 5443 1943 5498 Bud.
1980 5441 2203 5528 Agidi:

625 5531 749 5577 cus,
776 5516 945 5570 Plane
967 5531 1024 5570 se
1055 5516 1278 5584 gesserit
1313 5513 1680 5584 impudenter,
1723 5521 1869 5584 etc.,7
1891 5528 2012 5584 qua:
2051 5526 2203 5584 mera

626 5585 846 5655 inscitia
867 5593 997 5640 est:
1037 5580 1100 5638 ut
1126 5583 1269 5655 quod
1312 5580 1782 5655 statimsequitur
1823 5580 1925 5655 de:
1971 5580 2106 5637 Iuda
2151 5589 2206 5655 et

624 5649 1181 5724 Jerusalem,quibu's
1212 5652 1462 5724 eamdem
1491 5649 1870 5724 derelictionis
1896 5652 2033 5724 iram
2065 5649 2207 5724 acci-_

628 5722 765 5793 dere
789 5723 866 5776 ait
901 5719 1186 5793 Maximus,
1230 5738 1353 5793 qua:
1384 5722 1653 5793 Ezechiae,
1696 5722 1827 5793 dum
1861 5721 2064 5793 reddit,
2111 5719 2203 5793 sed

623 5791 797 5849 ludas
829 5799 877 5847 et
899 5788 1198 5847 Jerusalem
1230 5788 1505 5861 ingruunt.
1549 5790 1707 5845 Dicas
1735 5790 1887 5859 loqui
1919 5790 1987 5845 de
2020 5788 2198 5844 hosti-

2310 4602 2402 4647 τες
2423 4601 2437 4618 ο
2480 4586 2576 4639 καὶ
2628 4585 2943 4658 εύρεθῶμεν
2968 4585 3046 4656 τῷ
3092 4585 3244 4657 καλῷ
3282 4587 3421 4659 πρὸς
3448 4588 3548 4658 τὴν
3577 4588 3673 4643 τοῦ
3709 4585 3858 4642 κακοῦ

2307 4676 2579 4748 χρώμενοι
2615 4677 2855 4748 γένεσιν,
2886 4680 2979 4732 καὶ
3000 4678 3068 4731 δι’
3091 4672 3166 4733 ὧν
3194 4677 3301 4731 ἔδει
3319 4679 3481 4732 πλέον
3509 4677 3858 4751 διασφιγχθεῖ-

2308 4784 2408 4823 σαν
2424 4770 2481 4822 ἐν
2502 4771 2636 4839 ἡμῖν
2658 4769 2952 4823 ἀσάλευτον
2973 4770 3156 4840 μένειν
3176 4769 3274 4842 τὴν
3303 4770 3454 4825 θείαν
3474 4773 3783 4843 ἐπίγνωσιν,
3802 4768 3857 4823 δι’

2307 4859 2535 4915 ἐκείνων
2564 4859 2640 4923 ὡς
2666 4859 2767 4914 οὐκ
2799 4859 3008 4930 ὤφελον
3046 4860 3143 4933 τὴν
3191 4861 3398 4935 ταύτης
3423 4865 3751 4934 νοσήσαντες
3776 4862 3857 4927 ἀγ-

2306 4969 2478 5008 νοιαν.

2309 5161 2414 5217 bus
2434 5161 2605 5231 ipsius
2642 5158 2909 5231 Ezecliiaz.
2946 5159 3037 5214 Sic
3072 5160 3226 5215 nullo
3247 5176 3413 5231 sensu
3439 5163 3648 5219 omnia.

2382 5230 2467 5303 (υ)“
2491 5230 2638 5303 Τοὺς
2690 5230 2788 5303 ἐπὶ
2821 5231 3120 5303 κρείττοσι
3167 5230 3470 5303 φανέντας
3502 5232 3848 5302 ἀγνώμονας.

2309 5299 2681 5371 Τὸὰιρεῖττονῌ,
2706 5299 2853 5371 haud
2898 5314 3161 5371 raronpro
3200 5300 3408 5371 virtute
3472 5299 3735 5366 sumitur;
3762 5311 3850 5353 nec

2308 5370 2401 5425 hic
2436 5368 2595 5425 aliter
2620 5368 2904 5423 Maximus.
2924 5370 2999 5423 De
3026 5368 3116 5423 illa
3140 5369 3286 5425 enim
3305 5372 3659 5427 Providentia
3688 5382 3849 5426 sermo

2307 5438 2432 5505 est,‘
2448 5454 2556 5508 qua
2588 5438 2736 5501 vitiis
2755 5447 2812 5493 et
2830 5439 3133 5494 affectibus
3159 5440 3410 5497 laborare
3430 5443 3683 5504 sinimnr,
3711 5449 3769 5494 nt
3789 5436 3847 5491 ad

2307 5509 2633 5563 modestiam
2678 5508 2926 5580 gratique
2971 5508 3136 5563 animi
3192 5525 3416 5565 sensum
3472 5512 3527 5567 in
3565 5508 3848 5566 virtutibus

2305 5593 2742 5651 componamur,_
2760 5593 3083 5651 summeque
3114 5580 3226 5635 Deo
3249 5595 3470 5651 exosam
3500 5582 3697 5651 illique
3725 5592 3843 5651 con-

2305 5650 2531 5718 trariam
2559 5648 2897 5717 superbiam,
2915 5648 3073 5718 longe
3102 5650 3464 5705 excutiamus.
3487 5650 3578 5706 Sic
3596 5648 3704 5705 non
3724 5649 3846 5702 bene

2303 5716 2485 5789 Picus,
2536 5716 2686 5789 rebus
2733 5716 3035 5789 prosperis;
3069 5719 3221 5773 rebus
3253 5722 3524 5784 secundis,-
3575 5728 3669 5776 aut
3715 5722 3845 5773 certe

2301 5786 2485 5843 minus
2524 5786 2813 5858 explicate.
