4060 6322
319 404 450 471 ί265

978 403 1310 462 CAPITUM
1346 402 1768 475 QUINQUIES
1806 397 2325 462 CENTENORUM
2362 398 2750 462 CENTURIA
2788 398 2903 460 lll.

3415 372 3549 460 1266

383 518 479 583 ιγ’.
514 510 681 582 Ὅρον
705 510 798 565 καὶ
825 512 986 581 νόμον
1015 510 1390 583 ἐνυπάρχοντα
1412 513 1555 566 θεῖον
1583 513 1699 576 τοῖς
1724 507 1879 565 οὖσιν

2054 509 2140 563 15.
2170 511 2433 582 Regulam
2463 512 2747 582 legemque
2778 509 3018 564 divinam
3047 510 3211 564 rebus
3242 511 3420 566 inesse
3449 512 3553 567 sci-

314 603 495 673 ῐσμεν,
546 602 646 670 τὴν
690 601 797 654 τῶν
852 601 1021 654 ὄντων
1064 601 1387 670 συνεκτικὴν
1422 603 1702 674 πρόνοιαν,
1739 600 1880 655 κατὰ

314 692 495 765 κρίσιν
540 693 756 746 δικαίαν
780 695 845 764 τῇ
878 690 1070 747 σπάνει
1112 692 1220 746 τῶν
1263 693 1483 762 ἀγαθῶν
1516 692 1882 747 παιδεύουσαν

315 783 452 853 πρὸς
486 782 930 855 εὐγνωμοσύνην,
958 784 1083 846 τοὺς
1111 783 1204 839 ἐπὶ
1243 786 1310 853 τῇ
1354 783 1585 855 ἀφθονίᾳ
1614 782 1722 837 τῶν
1747 783 1884 850 ἀγα-

312 874 425 927 θῶν
448 875 585 944 πρὸς
612 874 704 927 τὸν
728 873 931 945 ταύτης
961 874 1197 945 χορηγὸν
1231 873 1500 942 φανέντας
1532 871 1881 941 ἀγνώμονας,

313 963 401 1018 διὰ
424 964 533 1019 τῶν
560 965 818 1036 ἐναντίων
845 965 1043 1037 αὐτοὺς
1073 963 1209 1033 πρὸς
1257 962 1612 1032 συναίσθησιν
1643 962 1883 1029 ἄγουσαν

314 1056 413 1125 τῆς
444 1054 538 1107 τοῦ
587 1053 946 1125 χαριζομένου
981 1054 1049 1107 τὰ
1093 1053 1233 1107 καλὰ
1277 1052 1647 1122 διαγνώσεως.
1682 1051 1749 1104 Ἠ
1795 1047 1884 1105 ἐπ’

314 1148 481 1217 ἀρετῇ
510 1147 620 1216 γὰρ
662 1146 860 1216 οἴησις,
894 1142 1357 1213 ἀπαιδαγώγητος
1407 1144 1667 1213 μένουσα,
1701 1142 1762 1195 τὸ
1786 1143 1885 1213 τῆς

316 1238 693 1309 ὑπερηφανίας
730 1239 928 1307 γεννᾷν
967 1236 1182 1305 πέφυκε
1228 1237 1463 1305 νόσημα,
1503 1234 1565 1288 τὸ
1606 1233 1706 1306 τὴν
1734 1235 1882 1288 ἀντι-

316 1330 575 1401 κειμένην
602 1328 680 1398 τῴ
705 1329 825 1399 Θεῷ
851 1328 1023 1400 φέρον.
1037 1327 1297 1383 διάθεσιν.

389 1509 471 1561 ιδ’.
506 1508 564 1560 Ὀ
593 1506 838 1575 οἰόμενος
872 1506 1065 1560 ἑαυτὸν
1096 1505 1486 1578 κατειληφέναι
1516 1506 1577 1559 τὸ
1610 1506 1762 1569 τέλος
1785 1506 1886 1576 τῆς

320 1600 544 1670 ἀρετῆς,
576 1599 830 1670 οὐδαμῶς
873 1599 1100 1669 ζητήσει
1147 1598 1333 1652 λοιπὸν
1361 1599 1460 1670 τὴν
1504 1599 1748 1669 πηγαίαν
1774 1599 1884 1652 τῶν

320 1689 499 1743 καλῶν
531 1691 730 1755 αἰτίαν,
754 1689 933 1759 ἑαυτῷ
965 1690 1111 1759 μόνῳ
1138 1689 1486 1761 περιγράψας
1516 1689 1615 1760 τὴν
1639 1690 1740 1759 τῆς
1765 1691 1886 1760 ἐφέ-

322 1800 458 1845 σεως
480 1781 730 1851 δύναμιν,
776 1782 869 1833 καὶ
899 1781 1060 1833 αὑτὸν
1090 1783 1187 1852 τῆς
1217 1780 1491 1851 σωτηρίας
1518 1782 1610 1834 τὸν
1633 1782 1758 1852 ὅρον
1790 1780 1880 1849 ὑφ’

292 1922 293 1925 η
320 1836 539 1934 ἑαυτοῦ,
573 1836 729 1941 φημὶ,
747 1871 804 1924 δὲ
838 1871 929 1924 τὺν
972 1836 1536 1942 Θεὸν,’ξημιού.μενος
1574 1836 1678 1943 (as):
1719 1872 1777 1925 ὐ
1825 1836 1882 1926 δὲ
1914 1836 1958 1891 Β

321 1962 421 2027 τῆς
467 1959 660 2014 ἑαυτοῦ
710 1961 838 2031 περὶ
888 1961 958 2014 τὰ
995 1961 1134 2015 καλὰ
1179 1964 1416 2033 φυσικῆς
1461 1962 1885 2032 συναισθόμενος

324 2048 533 2113 πενίας,
572 2050 634 2103 ού
675 2050 904 2103 παύεται
941 2052 1323 2123 προτροπάδην
1360 2053 1573 2124 τρέχων
1623 2053 1761 2123 πρὸς
1796 2052 1887 2107 τὸν

323 2137 505 2193 δοῦναι
529 2138 826 2209 δυνάμενον
851 2141 948 2210 τῆς
981 2142 1190 2206 ἐνδείας
1223 2142 1320 2213 τὴν
1344 2142 1645 2215 πλήρωσιν.

397 2234 477 2281 ιε’.
507 2227 565 2281 ὐ
596 2229 695 2298 τὴν
722 2229 976 2300 ἀπειρίαν
1000 2231 1099 2301 τῆς
1115 2230 1313 2302 ἀρετῆς
1337 2232 1608 2300 διαγνοὺς,
1632 2233 1891 2287 οὐδέποτε

325 2320 417 2372 τοῦ
467 2320 587 2373 κατ’
631 2320 799 2391 αὐτὴν
835 2322 1069 2376 παύεται
1105 2323 1342 2392 δρόμου,
1376 2324 1463 2377 ενα
1514 2324 1589 2394 μὴ
1638 2324 1888 2395 ζημιωθῇ

324 2411 491 2493 αὐτὴν
519 2410 617 2481 τῆς
640 2412 842 2482 ἀρετῆς
856 2413 955 2480 τὴν
990 2413 1165 2484 ἀρχὴν
1204 2414 1299 2468 καὶ
1325 2415 1389 2467 τὸ
1416 2416 1591 2480 τέλος,
1619 2416 1712 2471 τὸν
1760 2416 1893 2471 θεὸν

265 2493 271 2497 ’
326 2502 490 2569 λέγω,
525 2503 651 2574 περὶ
681 2503 872 2557 ἑαυτὸν
895 2506 1097 2576 στήσας
1124 2507 1222 2577 τὴν
1256 2507 1472 2576 κίνησιν
1499 2511 1599 2579 τῆς
1631 2509 1889 2578 ἐφέσεως

330 2593 424 2646 καὶ
454 2593 589 2664 λάθῃ
611 2596 846 2664 νομίζων
875 2595 1200 2666 ἐπειλῆφθαι
1225 2597 1323 2667 τῆς
1361 2599 1690 2668 τελειότητος
1710 2642 1725 2666 ,
1762 2601 1893 2654 ὑπο-

333 2685 510 2754 μένων
552 2684 644 2737 τοῦ
687 2685 902 2755 ἀληθῶς
927 2686 1077 2749 ὄντος
1117 2687 1216 2758 τὴν
1269 2687 1561 2754 ἔκπτωσιν,
1596 2691 1732 2760 πρὸς
1759 2691 1895 2761 ὅπερ

332 2777 608 2846 ἐπείγεται
651 2778 798 2831 πᾶσα
822 2777 1109 2831 σπουδαίου
1136 2778 1368 2849 κίνησίς.

428 2971 500 3028 ς’.
540 2965 751 3019 Γίνεται
779 2967 1002 3030 δικαίως
1032 2969 1126 3021 ἐπὶ
1152 2968 1241 3021 τὸν
1287 2968 1635 3041 ύψηλόφρονα
1664 2971 1788 3024 νοῦν
1815 2972 1898 3040 όρ-

1982 614 2124 666 mus,
2154 618 2275 672 qua:
2308 603 2518 659 scilicet
2563 619 2652 659 res
2678 602 2930 658 continet
2977 617 3041 657 ac
3083 609 3393 668 conservat,
3424 603 3555 658 Pro-

1983 691 2308 760 videntiam;
2343 696 2494 765 justo
2519 697 2679 766 plane
2703 694 2913 766 judicio
2945 693 3212 747 bonorum
3243 696 3473 763 penuria
3500 705 3556 750 et

1983 792 2222 852 egestate
2266 785 2388 839 illos
2431 786 2795 849 erudientem,
2843 794 2903 840 ut
2947 786 3084 856 grati
3113 786 3280 839 animi
3331 802 3555 841 sensum

1983 883 2282 937 assumant,
2328 875 2421 943 qui
2481 875 2640 930 bonis
2677 876 2982 939 affluentes,
3028 875 3267 944 ipsorum
3308 875 3553 946 largitori

1986 961 2183 1031 ingrati
2221 966 2570 1030 exstiterant;
2598 981 2664 1020 ex
2705 966 2997 1021 contrariis
3041 965 3302 1019 nimirum
3347 966 3402 1020 in
3431 982 3558 1021 sen-

1986 1068 2107 1106 sum
2137 1052 2408 1121 ducendo,
2436 1057 2574 1127 ejus,
2598 1055 2691 1125 qui
2720 1056 2989 1109 bonorum
3019 1064 3210 1109 auctor
3239 1072 3302 1111 ac
3328 1056 3556 1126 largitor

1986 1140 2077 1194 sit.
2120 1140 2252 1206 Qua:
2291 1143 2436 1196 enim
2485 1158 2584 1213 pro
2614 1143 2833 1199 virtutis
2865 1145 3107 1209 nomine,
3159 1144 3338 1198 inanis
3369 1144 3556 1214 opinio

1987 1232 2298 1300 mentisque
2340 1232 2505 1288 elatio
2547 1234 2776 1299 accedit,
2824 1235 2929 1289 nisi
2977 1235 3330 1307 castigatione
3376 1236 3556 1304 aliqua

1986 1331 2333 1388 coercentur,
2360 1324 2631 1393 superbiae
2651 1325 2903 1380 morbum
2930 1326 3206 1396 (allectum
3231 1327 3419 1396 utique
3446 1328 3556 1381 Deo

1985 1413 2345 1484 contrarium)
2385 1414 2628 1484 proclive
2660 1417 2819 1486 parit.
3488 1425 3496 1431 ‘

2058 1506 2143 1559 14.
2189 1505 2295 1571 Qui
2342 1522 2401 1561 se
2440 1506 2661 1562 virtutis
2700 1507 2862 1562 finem
2899 1520 3208 1564 assecutum
3241 1508 3396 1579 561
3436 1525 3558 1565 esse

1984 1598 2279 1663 existimat,
2316 1614 2585 1668 nusquam
2615 1599 2876 1669 deinceps
2906 1599 3175 1654 bonorum
3219 1601 3422 1654 fontem
3465 1616 3561 1655 au-

1985 1694 2304 1757 ctoremque
2338 1688 2601 1757 requirat,
2636 1688 2739 1742 sibi
2782 1689 2896 1757 ipse
2935 1687 3392 1742 circumscribcns
3420 1689 3565 1742 desi-

1986 1780 2128 1834 derii
2156 1780 2289 1846 vim,
2317 1795 2523 1849 suoque
2553 1780 2668 1849 ipse
2702 1780 2858 1843 vitio,
2888 1780 3062 1848 ipsius
3082 1780 3275 1834 salutis
3302 1778 3425 1832 finis
3447 1778 3561 1849 (Dei

1988 1872 2268 1942 nimirum)
2311 1875 2581 1943 jacturam
2632 1872 2855 1927 faciens.
2909 1872 3015 1938 Qui
3063 1880 3247 1926 autem
3298 1872 3565 1939 naturalis

1988 1961 2098 2016 'suze
2123 1963 2481 2032 paupertatis,
2511 1963 2578 2017 ad
2621 1962 2764 2017 bona
2803 1962 2950 2032 quod
2982 1964 3175 2018 attinet
3215 1977 3279 2017 ac
3312 1963 3561 2026 honesta,

1989 2053 2092 2107 sibi
2121 2053 2236 2123 ipse
2258 2055 2513 2109 conscius
2537 2064 2641 2120 est,
2666 2055 2735 2108 ad
2763 2070 2889 2108 eum
2915 2054 3175 2110 festinare
3216 2070 3325 2108 non
3368 2064 3563 2119 cessat,

1888 2180 1892 2184 λ
1989 2142 2082 2211 qui
2120 2144 2363 2212 penuriae
2405 2145 2845 2213 supplementum
2888 2160 3032 2199 unus
3074 2151 3331 2214 praestare
3367 2153 3564 2213 potest.

2064 2233 2149 2286 15.
2180 2232 2283 2286 Cui
2309 2232 2521 2287 infinita
2554 2234 2779 2289 virtutis
2813 2234 3121 2303 amplitudo
3151 2235 3435 2303 explorata
3459 2241 3565 2298 est,

1993 2322 2061 2377 ab
2089 2324 2211 2394 ejus
2232 2340 2516 2393 nunquam
2555 2340 2721 2380 cursu
2751 2324 2991 2389 desistit,
3023 2341 3094 2379 ne
3119 2327 3247 2395 ejus
3280 2325 3451 2393 ipsius
3473 2325 3568 2394 qui

1994 2420 2214 2474 virtutis
2246 2420 2583 2489 principium
2623 2436 2688 2475 ac
2730 2420 2854 2474 finis
2895 2428 2981 2474 est
3012 2420 3139 2487 (hoc
3183 2428 3288 2484 est,
3323 2419 3440 2490 Dei)
3482 2421 3568 2490 ja—

1992 2520 2204 2566 cturam
2239 2511 2428 2575 faciat,
2474 2512 2591 2581 ipse
2634 2512 2781 2566 circa
2809 2528 2867 2565 se
2898 2509 3162 2565 desiderii
3204 2519 3413 2564 motum
3441 2510 3571 2564 deﬁ-

1993 2602 2203 2656 niens:
2264 2601 2696 2672 imprudensque
2752 2608 2977 2656 nactum
3042 2616 3100 2654 se
3169 2600 3565 2670 perfectionem

1993 2694 2289 2757 existimet,
2335 2693 2405 2748 ab
2431 2708 2499 2748 eo
2542 2693 2832 2762 prolapsus
2871 2692 3020 2762 quod
3068 2701 3155 2747 est
3200 2706 3353 2756 vere,
3397 2700 3454 2745 et
3499 2691 3568 2744 ad

1996 2780 2145 2854 quod
2187 2794 2371 2840 motus
2411 2784 2613 2850 omnis,
2652 2784 2793 2853 ejus,
2824 2784 2918 2853 qui
2960 2784 3155 2838 virtuti
3192 2783 3397 2847 studet,
3435 2796 3569 2835 con-

1999 2878 2198 2934 tendit.

2070 2972 2158 3026 16.
2187 2971 2343 3027 .I'uste
2382 2971 2463 3025 ira
2490 2971 2545 3025 in
2571 2970 2816 3024 animum
2842 2972 3012 3024 altum
3041 2968 3340 3038 sapientem
3390 2965 3575 3020 obtin-

334 3059 405 3128 γή
433 3073 444 3084 ·
477 3057 774 3129 τουτέστιν,
802 3060 1185 3130 ἐγκατάλειψις
1203 3103 1218 3126 ,
1245 3062 1387 3115 καθᾶ
1441 3064 1656 3133 εἴρηται
1693 3078 1705 3092 ⁸
1733 3064 1899 3134 ῆγουν

2001 3062 2081 3131 git
2124 3080 2136 3114 :
2198 3061 2751 3132 nempe.derelietio,
2799 3062 2878 3115 uti
2922 3060 3132 3114 dictum
3178 3058 3479 3141 est;\sive,
3513 3064 3577 3112 ut

335 3149 370 3216 ἡ
401 3147 494 3199 τοῦ
527 3147 874 3217 διοχληθῆναι
916 3148 1077 3202 αὐτὸν
1107 3151 1250 3204 κατά
1286 3168 1347 3204 τε
1378 3153 1476 3222 τὴν
1503 3152 1721 3223 πρᾶξιν,
1759 3154 1902 3207 κατά

2002 3154 2248 3209 divexari
2301 3169 2333 3209 a
2378 3154 2723 3209 daemonibus
2773 3168 2838 3207 ac
2889 3152 3115 3206 molesta
3165 3151 3280 3220 pati
3339 3149 3575 3214 sinatur,

337 3253 396 3289 τε
433 3238 530 3308 τὴν
558 3237 788 3308 θεωρίαν
825 3238 929 3292 ὑπὸ
956 3240 1227 3311 δαιμόνων
1251 3242 1597 3315 συγχώρησις
1621 3260 1636 3274 ’
1677 3245 1765 3298 ἴνα
1804 3245 1900 3300 λά-

339 3329 432 3398 ϐῃ,
456 3327 556 3397 τῆς
587 3328 685 3398 μὲν
710 3328 901 3381 ἑαυτοῦ
932 3334 1162 3401 φυσικῆς
1188 3332 1496 3397 ἀσθενείας,
1529 3334 1901 3405 συναίσθησινο

338 3419 437 3489 τῆς
463 3419 520 3471 δὲ
550 3420 853 3490 σκεπούσης
897 3421 1076 3487 αὐτὸν,
1107 3422 1202 3475 καὶ
1261 3427 1324 3476 τὸ
1386 3426 1493 3477 πᾶν
1539 3425 1908 3497 κατορθούσης

340 3511 448 3565 τῶν
473 3511 690 3579 ἀγαθῶν
715 3512 861 3574 θείας
895 3512 1177 3583 δυνάμεώς
1198 3531 1257 3566 τε
1285 3517 1378 3567 καὶ
1403 3515 1644 3586 χάριτος,
1667 3517 1766 3586 τὴν
1786 3519 1908 3571 ἐπί-

341 3620 543 3670 γνωσιν
568 3619 581 3633 ⁸
620 3604 713 3656 καὶ
741 3603 1074 3674 ταπεινωθῇ,
1103 3605 1292 3675 πόῤῥω
1320 3606 1598 3670 παντελῶς
1627 3609 1822 3661 ἑαυτοῦ
1849 3608 1910 3661 τδ

343 3694 618 3765 ἀλλότριον
652 3695 745 3747 καὶ
795 3694 946 3765 παρὰ
998 3694 1158 3762 φύσιν
1202 3693 1336 3762 ὕψος
1374 3695 1695 3766 ποιούμενος
1723 3712 1734 3725 ·
1767 3696 1908 3750 ὥστε

348 3787 423 3858 μὴ
452 3786 696 3840 ἐπελθεῖν
733 3786 821 3838 ἐπ’
852 3785 1014 3839 αὐτὸν
1038 3785 1135 3855 τὴν
1165 3785 1329 3855 ἄλλην
1349 3785 1537 3857 ὀργὴν,
1568 3788 1667 3856 τῆς
1698 3787 1805 3840 τῶν
1827 3787 1912 3840 δο-

344 3877 547 3931 θέντων
576 3875 930 3947 χαρισμάτων
977 3876 1339 3945 ἀφαιρέσεως,
1379 3875 1786 3929 ταπεινωθέντα
1815 3876 1912 3930 καὶ

346 3969 633 4038 γενόμενον
694 3969 791 4038 τῆς
840 3967 933 4021 τοῦ
992 3967 1323 4041 παρέχοντος
1390 3967 1471 4020 τὰ·
1524 3967 1664 4020 καλὰ
1724 3984 1912 4020 συναι-

347 4062 605 4134 οθήσεως.

419 4155 505 4219 ιζ’.
547 4154 604 4205 ’0
635 4153 711 4223 μὴ
742 4149 1129 4223 σωφρονισθεὶς
1158 4149 1235 4220 τῷ
1264 4148 1465 4219 πρώτῳ
1509 4149 1642 4202 εἴδει
1686 4149 1785 4218 τῆς
1818 4150 1915 4221 ὀρ-

349 4246 472 4314 γῆς,
506 4244 673 4312 ἢγουν
725 4240 1180 4311 ὲγκαταλείψεως,
1225 4238 1402 4292 ἐλθεῖν
1440 4240 1577 4308 πρὸς
1639 4239 1906 4293 ταπείνω.

350 4354 454 4398 σιν,
500 4335 842 4406 ἡγησάμενος
890 4332 1059 4403 αὐτὴν
1100 4331 1201 4400 τῆς
1246 4329 1416 4401 καλῆς
1463 4328 1917 4400 ἐπιγνωμλοσύνης

349 4426 687 4490 διδάσκαλον,
721 4425 819 4495 τὴν
842 4423 1011 4494 ἄλλην
1035 4424 1244 4493 δέχεται
1285 4421 1470 4491 σαφῶς
1494 4423 1580 4474 ἐπ’
1610 4421 1773 4474 αὑτὸν
1825 4423 1919 4491 ὲρ-

352 4517 585 4587 χομένην
615 4515 801 4587 ὀργὴν,
832 4506 1246 4586 ’ἀφαιρουμένην
1292 4513 1453 4568 αὑτοῦ
1498 4512 1596 4579 τὴν
1630 4511 1741 4566 τῶν
1765 4530 1921 4584 χαρι-

354 4612 574 4678 σμάτων
622 4608 922 4679 ἐνέργειαν,
954 4608 1049 4660 καὶ⁹
1098 4606 1301 4677 ἔρημον
1360 4606 1522 4659 αὑτὸν
1574 4604 1923 4660 καθιστῶσαν

352 4702 450 4770 τῆς
487 4697 983 4771 τέωςφρουρούσης
1014 4698 1313 4768 δυνάμεως.
1349 4696 1577 4766 Ἀφελῶ
1606 4699 1679 4765 γὰ
1727 4733 1742 4757 ,
1766 4697 1921 4763 φησὶ,

354 4795 460 4847 τὸν
486 4791 758 4862 φραγμὸν
782 4790 989 4855 αὐτοῦ,
1025 4790 1152 4860 περὶ
1183 4788 1279 4842 τοῦ
1303 4788 1614 4859 ἀγνώμονος
1644 4782 1865 4858 Ἰσραὴλ
1898 4790 1926 4841 ὁ

357 4886 488 4947 Θεὸς
516 4883 709 4953 λέγων,
752 4882 849 4947 καί
875 4882 1045 4935 ἔσται
1073 4882 1162 4946 εὶς
1188 4881 1525 4951 διαρπαγήν
1554 4896 1570 4914 ο
1601 4878 1701 4933 καί
1744 4883 1924 4934 καθε-

357 4974 443 5028 λῶ
472 4973 579 5027 τὸν
615 4972 819 5041 τοῖχον
846 4970 1053 5035 αὐτοῦ,
1085 4971 1183 5023 καὶ
1217 4969 1391 5023 ἔσται
1448 4971 1536 5034 είς
1578 4967 1926 5037 κατωτάτη-

353 5083 441 5134 λια
471 5083 483 5096 ’
518 5065 612 5120 καί
639 5063 849 5132 ἀνήσω
884 5062 991 5116 τὸν
1039 5059 1364 5130 ἀμπελῶνὰ
1400 5077 1540 5129 μου,
1568 5058 1669 5113 καί
1712 5062 1786 5114 οὐ
1830 5065 1917 5131 μὴ

360 5156 575 5227 τμηθῇ,
623 5155 767 5212 οὐδὲ
820 5153 903 5224 μὴ
963 5151 1169 5221 σκαφῇ
1201 5169 1214 5183 ⁸
1249 5151 1350 5205 καί
1410 5152 1776 5219 ἀναϐήσεται
1830 5156 1920 5215 εἰς

346 5247 550 5315 ,αὑτὸν
573 5242 654 5312 ὡς·
680 5247 764 5311 είς
792 5244 1014 5313 χέρσον
1052 5241 1313 5305 ἄκανθα,
1344 5240 1439 5294 καί
1484 5240 1613 5306 ταῖς
1641 5240 1923 5311 νεφέλαις

362 5336 714 5405 ἐντελοῦμαι
740 5334 846 5389 τοῦ
870 5333 954 5403 μὴ
980 5330 1194 5400 βρέξαι
1213 5332 1297 5396 εις
1326 5330 1533 5384 αὐτόν.

434 5490 476 5523 ⁸³
505 5488 610 5545 lsa.
641 5504 696 5554 ν,
726 5487 780 5553 5,
809 5485 860 5540 6.

438 5622 659 5698 (αςγΥεξξ
694 5621 929 5698 ἐαυζοῦΔ
944 5618 1348 5698 ὥιμιιζέμενος.
1580 5612 1696 5698 εἰμι
1728 5620 1923 5698 auctor

369 5682 656 5753 amittendi
679 5690 871 5746 salutis
901 5682 1062 5741 finem
1087 5682 1282 5757 (Deum
1324 5682 1554 5757 scilicet)
1584 5682 1812 5751 ejusque
1842 5682 1923 5749 ja-

363 5775 560 5826 ctura:
589 5760 745 5828 Quod
761 5759 839 5813 sic
862 5754 1301 5827 clarum,'Picus,
1324 5754 1449 5821 hoc,
1477 5760 1531 5808 et
1557 5765 1673 5822 seq.
1712 5764 1859 5820 cap.,
1888 5765 1920 5805 α

1950 4469 1998 4525 Ι)

2007 3252 2123 3299 tum
2172 3246 2321 3315 quod
2365 3245 2435 3299 ad
2479 3245 2775 3311 actionem,
2814 3253 2929 3299 tum
2958 3243 3104 3312 quod
3137 3243 3205 3297 ad
3240 3241 3579 3311 contempla-

2008 3337 2217 3391 tionem
2262 3336 2467 3393 attinet
2495 3353 2506 3389 :
2558 3351 2671 3406 quo
2700 3337 2938 3401 scilicet,
2973 3334 3244 3390 naturalis
3277 3347 3389 3387 sua;
3427 3329 3580 3384 infir—

2008 3427 2220 3483 mitatis
2257 3442 2424 3483 sensu
2475 3435 2760 3498 percepto,
2787 3443 2847 3482 se
2884 3433 3283 3496 protegentem,
3328 3425 3578 3492 bonaque

2008 3520 2191 3575 omnia
2228 3528 2598 3589 praestantem,
2631 3519 2875 3573 divinam
2904 3517 3204 3587 potentiam
3238 3517 3579 3587 gratiamque

2009 3618 2290 3680 agnoscat,
2317 3618 2374 3663 et
2394 3609 2753 3674 humilietur;
2788 3623 2854 3661 ac
2881 3608 3075 3676 procul
3099 3607 3324 3661 omnino
3344 3607 3579 3661 alienam

2010 3710 2173 3770 atque
2201 3716 2232 3754 a
2252 3707 2463 3754 natura:
2495 3698 2804 3764 rationibus
2828 3697 3244 3761 abhorrentem,
3278 3697 3580 3751 celsitatem

2011 3784 2268 3860 abjieiat;
2317 3804 2388 3842 ne
2428 3787 2532 3841 alia
2565 3787 2647 3840 ira
2695 3786 2774 3840 illi
2815 3786 3191 3854 superveniat,
3227 3801 3335 3854 qua
3372 3784 3581 3839 scilicet

2012 3878 2290 3934 concessis
2315 3877 2477 3932 donis
2507 3876 2703 3931 ablatis
2744 3874 3090 3939 humiliatus,
3134 3873 3189 3927 in
3226 3873 3580 3942 ipsius'bona

2014 3968 2314 4036 praebentis
2349 3981 2571 4021 sensum
2594 3965 2800 4020 veniat.

2088 4147 2174 4199 Π.
2201 4144 2305 4211 Qui
2337 4144 2518 4215 primo
2558 4143 2654 4198 ira:
2691 4155 2893 4213 genere
2929 4139 3008 4211 (id
3047 4146 3154 4203 est,
3185 4134 3582 4206 derelictionis)

2019 4235 2244 4289 minime
2290 4234 2619 4289 emendatus
2672 4238 2777 4295 est,
2833 4238 2894 4283 ut
2954 4227 3194 4296 seipsum
3246 4225 3582 4289 bumiliaret,

2020 4328 2343 4382 existimans
2367 4326 2555 4395 probae
2587 4320 2941 4394 gratitudinis
2963 4333 3082 4373 eam
3101 4317 3416 4386 magistram
3443 4331 3586 4383 esse,

2023 4425 2251 4478 alteram
2287 4421 2451 4491 plane
2479 4418 2535 4472 in
2565 4432 2623 4471 se
2661 4415 2977 4470 venientem
3023 4410 3160 4465 iram
3190 4408 3447 4478 excipiet,
3488 4408 3585 4462 do‘

2026 4530 2222 4568 norum
2251 4512 2362 4566 vim
2386 4519 2680 4577 actumque
2710 4504 3075 4567 auferentem,
3100 4501 3481 4568 hactenusque
3506 4507 3595 4552 tu-

2028 4614 2141 4659 tum
2186 4618 2312 4658 eum
2346 4608 2640 4671 praestante
2680 4594 2927 4665 potentia
2960 4602 3125 4663 atque
3154 4591 3379 4657 virtute,
3414 4589 3593 4660 ipsum

2026 4696 2419 4754 denudantem.
2442 4691 2700 4761 Auferam
2718 4687 2890 4749 enim,
2907 4682 3089 4753 inquit
3106 4683 3272 4745 Deus,
3291 4680 3359 4735 de
3382 4679 3593 4748 ingrato

2028 4786 2523 4855 lsraele‘loquens,
2550 4796 2725 4852 sepem
2753 4779 2887 4842 eius,
2925 4783 2973 4829 et
3005 4776 3102 4829 erit
3127 4775 3183 4827 in
3214 4772 3556 4840 direptionem
3575 4785 3592 4820 :

2030 4879 2345 4947 diruamque
2364 4875 2651 4929 maceriam
2677 4872 2812 4942 ejus,
2844 4877 2892 4922 et
2914 4868 3013 4920 erit
3030 4867 3096 4919 -in
3131 4861 3592 4916 conculcationem.
3671 4873 3675 4878 ’

2034 4970 2102 5025 Et
2131 4967 2428 5036 relinquam
2460 4965 2668 5016 vineam
2707 4973 2900 5019 meam,
2923 4962 2971 5006 et
3002 4969 3103 5006 non
3137 4948 3409 5036 putabitur
3431 4959 3597 5014 neque

2028 5031 2300 5131 [odieturi
2324 5061 2370 5104 et
2401 5049 2640 5104 ascendet
2669 5036 2724 5098 ei
2751 5058 2889 5105 eam,
2911 5047 2969 5091 ιιι
3006 5038 3060 5090 in
3090 5047 3287 5088 terram
3310 5031 3597 5131 desertam,

2026 5118 2220 5221 ;yiua;
2247 5153 2296 5198 et
2323 5141 2542 5197 nubibus
2567 5133 2826 5195 mandabo
2846 5146 2909 5188 ne
2924 5128 3112 5200 pluunt
3131 5139 3292 5195 super
3315 5138 3433 5177 eam
3457 5118 3523 5173 ⁸³»

2030 5621 2198 5676 seipse
2253 5594 2773 5676 aﬂiciensjnjuria,
2828 5585 3181 5652 ceiztumelia;
3239 5583 3390 5657 quod
3434 5584 3598 5642 ulmis

2031 5668 2371 5732 crassum'ac
2391 5668 2655 5739 supinum
2684 5668 2790 5721 est.
