  <div class='ocr_page' id='page_1' title='image "/cluster/home/n/w/nwhite01/storage/ocr_20150623/90/mdp.39015022223161/639.png"; bbox 0 0 4122 6320; ppageno 0'>
   <div class='ocr_carea' id='block_1_1' title="bbox 560 380 695 448">
    <p class='ocr_par' dir='ltr' id='par_1_1' title="bbox 560 380 695 448">
     <span class='ocr_line' id='line_1_1' title="bbox 560 380 695 448; baseline -0.015 0"><span class='ocrx_word' id='word_1_1' title='bbox 560 380 695 448; x_wconf 64' lang='lat'><strong>1267</strong></span> 
     </span>
    </p>
   </div>
   <div class='ocr_carea' id='block_1_2' title="bbox 1713 379 2647 449">
    <p class='ocr_par' dir='ltr' id='par_1_2' title="bbox 1713 379 2647 449">
     <span class='ocr_line' id='line_1_2' title="bbox 1713 379 2647 449; baseline 0.002 -2"><span class='ocrx_word' id='word_1_2' title='bbox 1713 386 1775 447; x_wconf 89' lang='lat' dir='ltr'><strong>S.</strong></span> <span class='ocrx_word' id='word_1_3' title='bbox 1814 381 2102 446; x_wconf 77' lang='lat' dir='ltr'><strong>MAXIM]</strong></span> <span class='ocrx_word' id='word_1_4' title='bbox 2138 379 2647 449; x_wconf 80' lang='lat' dir='ltr'><strong>CONFESSOBIS</strong></span> 
     </span>
    </p>
   </div>
   <div class='ocr_carea' id='block_1_3' title="bbox 3656 388 3799 454">
    <p class='ocr_par' dir='ltr' id='par_1_3' title="bbox 3656 388 3799 454">
     <span class='ocr_line' id='line_1_3' title="bbox 3656 388 3799 454; baseline -0.014 0"><span class='ocrx_word' id='word_1_5' title='bbox 3656 388 3799 454; x_wconf 71' lang='grc'><strong>1268</strong></span> 
     </span>
    </p>
   </div>
   <div class='ocr_carea' id='block_1_4' title="bbox 628 494 2132 577">
    <p class='ocr_par' dir='ltr' id='par_1_4' title="bbox 628 498 2124 573">
     <span class='ocr_line' id='line_1_4' title="bbox 628 498 2124 573; baseline -0.001 -20"><span class='ocrx_word' id='word_1_6' title='bbox 628 498 716 555; x_wconf 76' lang='grc'><strong>18.</strong></span> <span class='ocrx_word' id='word_1_7' title='bbox 743 499 1009 555; x_wconf 75' lang='lat' dir='ltr'><strong>Proclivis</strong></span> <span class='ocrx_word' id='word_1_8' title='bbox 1034 499 1216 556; x_wconf 87' lang='lat' dir='ltr'><strong>adhuc</strong></span> <span class='ocrx_word' id='word_1_9' title='bbox 1250 499 1318 555; x_wconf 86' lang='lat' dir='ltr'><strong>ad</strong></span> <span class='ocrx_word' id='word_1_10' title='bbox 1362 500 1702 573; x_wconf 73' lang='lat' dir='ltr'><strong>impietatem</strong></span> <span class='ocrx_word' id='word_1_11' title='bbox 1726 502 1814 556; x_wconf 84' lang='lat' dir='ltr'><strong>via</strong></span> <span class='ocrx_word' id='word_1_12' title='bbox 1844 509 1950 566; x_wconf 83' lang='lat' dir='ltr'><strong>est,</strong></span> <span class='ocrx_word' id='word_1_13' title='bbox 1977 498 2124 569; x_wconf 90' lang='lat' dir='ltr'><strong>quod</strong></span> 
     </span>
    </p>
   </div>
   <div class='ocr_carea' id='block_1_5' title="bbox 2233 494 3798 577">
    <p class='ocr_par' dir='ltr' id='par_1_5' title="bbox 2302 494 3798 577">
     <span class='ocr_line' id='line_1_5' title="bbox 2302 494 3798 577; baseline 0.002 -20"><span class='ocrx_word' id='word_1_14' title='bbox 2302 502 2391 574; x_wconf 82' lang='grc' dir='ltr'>ιη’.</span> <span class='ocrx_word' id='word_1_15' title='bbox 2432 504 2555 559; x_wconf 81' lang='grc' dir='ltr'>Ἔτι</span> <span class='ocrx_word' id='word_1_16' title='bbox 2605 503 2752 577; x_wconf 56' lang='lat' dir='ltr'><strong>[edit</strong></span> <span class='ocrx_word' id='word_1_17' title='bbox 2781 513 2832 558; x_wconf 82' lang='lat' dir='ltr'><strong>et</strong></span> <span class='ocrx_word' id='word_1_18' title='bbox 2866 494 3003 559; x_wconf 63' lang='lat' dir='ltr'><strong>unus</strong></span> <span class='ocrx_word' id='word_1_19' title='bbox 3040 503 3169 575; x_wconf 81' lang='lat' dir='ltr'><strong>Reg.</strong></span> <span class='ocrx_word' id='word_1_20' title='bbox 3200 503 3307 575; x_wconf 84' lang='grc' dir='ltr'>ὅτι]</span> <span class='ocrx_word' id='word_1_21' title='bbox 3351 502 3488 575; x_wconf 66' lang='grc' dir='ltr'>πρὸς</span> <span class='ocrx_word' id='word_1_22' title='bbox 3544 502 3798 560; x_wconf 77' lang='grc' dir='ltr'>ἀσέϐειαν</span> 
     </span>
    </p>
   </div>
   <div class='ocr_carea' id='block_1_6' title="bbox 557 588 2128 663">
    <p class='ocr_par' dir='ltr' id='par_1_6' title="bbox 557 588 2128 663">
     <span class='ocr_line' id='line_1_6' title="bbox 557 588 2128 663; baseline 0.001 -21"><span class='ocrx_word' id='word_1_23' title='bbox 557 588 760 659; x_wconf 79' lang='lat' dir='ltr'><strong>aliquis</strong></span> <span class='ocrx_word' id='word_1_24' title='bbox 788 604 898 660; x_wconf 67' lang='lat' dir='ltr'><strong>prae</strong></span> <span class='ocrx_word' id='word_1_25' title='bbox 932 588 1117 645; x_wconf 86' lang='lat' dir='ltr'><strong>cordis</strong></span> <span class='ocrx_word' id='word_1_26' title='bbox 1153 589 1383 658; x_wconf 89' lang='lat' dir='ltr'><strong>duritia,</strong></span> <span class='ocrx_word' id='word_1_27' title='bbox 1411 593 1680 648; x_wconf 79' lang='lat' dir='ltr'><strong>virtutum</strong></span> <span class='ocrx_word' id='word_1_28' title='bbox 1719 594 1990 663; x_wconf 72' lang='lat' dir='ltr'><strong>iacturam</strong></span> <span class='ocrx_word' id='word_1_29' title='bbox 2015 605 2128 643; x_wconf 83' lang='lat' dir='ltr'><strong>non</strong></span> 
     </span>
    </p>
   </div>
   <div class='ocr_carea' id='block_1_7' title="bbox 558 679 2131 757">
    <p class='ocr_par' dir='ltr' id='par_1_7' title="bbox 558 679 2131 757">
     <span class='ocr_line' id='line_1_7' title="bbox 558 679 2131 757; baseline 0.001 -22"><span class='ocrx_word' id='word_1_30' title='bbox 558 681 780 737; x_wconf 85' lang='lat' dir='ltr'><strong>sentiat.</strong></span> <span class='ocrx_word' id='word_1_31' title='bbox 813 679 914 746; x_wconf 85' lang='lat' dir='ltr'><strong>Qui</strong></span> <span class='ocrx_word' id='word_1_32' title='bbox 945 683 1094 736; x_wconf 89' lang='lat' dir='ltr'><strong>enim</strong></span> <span class='ocrx_word' id='word_1_33' title='bbox 1123 683 1195 743; x_wconf 87' lang='lat' dir='ltr'><strong>ob</strong></span> <span class='ocrx_word' id='word_1_34' title='bbox 1228 684 1415 738; x_wconf 86' lang='lat' dir='ltr'><strong>carnis</strong></span> <span class='ocrx_word' id='word_1_35' title='bbox 1451 684 1759 757; x_wconf 79' lang='lat' dir='ltr'><strong>voluptates</strong></span> <span class='ocrx_word' id='word_1_36' title='bbox 1780 700 1845 739; x_wconf 89' lang='lat' dir='ltr'><strong>ac</strong></span> <span class='ocrx_word' id='word_1_37' title='bbox 1870 683 2131 739; x_wconf 80' lang='lat' dir='ltr'><strong>libidines</strong></span> 
     </span>
    </p>
   </div>
   <div class='ocr_carea' id='block_1_8' title="bbox 557 773 2125 845">
    <p class='ocr_par' dir='ltr' id='par_1_8' title="bbox 557 773 2125 845">
     <span class='ocr_line' id='line_1_8' title="bbox 557 773 2125 845; baseline 0.006 -18"><span class='ocrx_word' id='word_1_38' title='bbox 557 774 615 828; x_wconf 86' lang='lat' dir='ltr'><strong>in</strong></span> <span class='ocrx_word' id='word_1_39' title='bbox 665 773 1121 832; x_wconf 85' lang='lat' dir='ltr'><strong>consuetudinem</strong></span> <span class='ocrx_word' id='word_1_40' title='bbox 1169 775 1327 831; x_wconf 77' lang='lat' dir='ltr'><strong>duxit</strong></span> <span class='ocrx_word' id='word_1_41' title='bbox 1371 787 1431 834; x_wconf 91' lang='lat' dir='ltr'><strong>ut</strong></span> <span class='ocrx_word' id='word_1_42' title='bbox 1472 778 1584 832; x_wconf 80' lang='lat' dir='ltr'><strong>Deo</strong></span> <span class='ocrx_word' id='word_1_43' title='bbox 1612 792 1727 833; x_wconf 89' lang='lat' dir='ltr'><strong>non</strong></span> <span class='ocrx_word' id='word_1_44' title='bbox 1767 777 2125 845; x_wconf 62' lang='lat' dir='ltr'><strong>obsequatur,</strong></span> 
     </span>
    </p>
   </div>
   <div class='ocr_carea' id='block_1_9' title="bbox 557 865 2130 939">
    <p class='ocr_par' dir='ltr' id='par_1_9' title="bbox 557 865 2130 939">
     <span class='ocr_line' id='line_1_9' title="bbox 557 865 2130 939; baseline -0.001 -19"><span class='ocrx_word' id='word_1_45' title='bbox 557 865 738 933; x_wconf 89' lang='lat' dir='ltr'><strong>ipsum</strong></span> <span class='ocrx_word' id='word_1_46' title='bbox 767 880 987 935; x_wconf 88' lang='lat' dir='ltr'><strong>quoque</strong></span> <span class='ocrx_word' id='word_1_47' title='bbox 1020 868 1193 924; x_wconf 88' lang='lat' dir='ltr'><strong>Deum</strong></span> <span class='ocrx_word' id='word_1_48' title='bbox 1221 870 1462 939; x_wconf 83' lang='lat' dir='ltr'><strong>negabit,</strong></span> <span class='ocrx_word' id='word_1_49' title='bbox 1488 885 1613 924; x_wconf 90' lang='lat' dir='ltr'><strong>cum</strong></span> <span class='ocrx_word' id='word_1_50' title='bbox 1636 884 1693 924; x_wconf 90' lang='lat' dir='ltr'><strong>se</strong></span> <span class='ocrx_word' id='word_1_51' title='bbox 1725 867 1942 923; x_wconf 83' lang='lat' dir='ltr'><strong>occasio</strong></span> <span class='ocrx_word' id='word_1_52' title='bbox 1964 865 2130 921; x_wconf 86' lang='lat' dir='ltr'><strong>dede-</strong></span> 
     </span>
    </p>
   </div>
   <div class='ocr_carea' id='block_1_10' title="bbox 557 956 2130 1030">
    <p class='ocr_par' dir='ltr' id='par_1_10' title="bbox 557 956 2130 1030">
     <span class='ocr_line' id='line_1_10' title="bbox 557 956 2130 1030; baseline 0.001 -21"><span class='ocrx_word' id='word_1_53' title='bbox 557 956 657 1021; x_wconf 85' lang='lat' dir='ltr'><strong>rit;</strong></span> <span class='ocrx_word' id='word_1_54' title='bbox 697 956 879 1010; x_wconf 89' lang='lat' dir='ltr'><strong>carnis</strong></span> <span class='ocrx_word' id='word_1_55' title='bbox 910 958 1074 1013; x_wconf 87' lang='lat' dir='ltr'><strong>vitam</strong></span> <span class='ocrx_word' id='word_1_56' title='bbox 1098 975 1163 1015; x_wconf 81' lang='lat' dir='ltr'><strong>ac</strong></span> <span class='ocrx_word' id='word_1_57' title='bbox 1185 959 1345 1030; x_wconf 71' lang='lat'><strong>562</strong></span> <span class='ocrx_word' id='word_1_58' title='bbox 1368 960 1800 1018; x_wconf 80' lang='lat' dir='ltr'><strong>incolumitatem</strong></span> <span class='ocrx_word' id='word_1_59' title='bbox 1832 960 1946 1014; x_wconf 89' lang='lat' dir='ltr'><strong>Deo</strong></span> <span class='ocrx_word' id='word_1_60' title='bbox 1975 966 2130 1012; x_wconf 86' lang='lat' dir='ltr'><strong>ante-</strong></span> 
     </span>
    </p>
   </div>
   <div class='ocr_carea' id='block_1_11' title="bbox 557 1049 2129 1118">
    <p class='ocr_par' dir='ltr' id='par_1_11' title="bbox 557 1049 2129 1118">
     <span class='ocr_line' id='line_1_11' title="bbox 557 1049 2129 1118; baseline 0.002 -19"><span class='ocrx_word' id='word_1_61' title='bbox 557 1061 790 1117; x_wconf 85' lang='lat' dir='ltr'><strong>ponens,</strong></span> <span class='ocrx_word' id='word_1_62' title='bbox 836 1050 995 1118; x_wconf 91' lang='lat' dir='ltr'><strong>cujus</strong></span> <span class='ocrx_word' id='word_1_63' title='bbox 1028 1058 1087 1104; x_wconf 89' lang='lat' dir='ltr'><strong>et</strong></span> <span class='ocrx_word' id='word_1_64' title='bbox 1129 1052 1294 1106; x_wconf 91' lang='lat' dir='ltr'><strong>unius</strong></span> <span class='ocrx_word' id='word_1_65' title='bbox 1338 1051 1598 1107; x_wconf 85' lang='lat' dir='ltr'><strong>libidines</strong></span> <span class='ocrx_word' id='word_1_66' title='bbox 1641 1051 1845 1106; x_wconf 86' lang='lat' dir='ltr'><strong>divinis</strong></span> <span class='ocrx_word' id='word_1_67' title='bbox 1878 1049 2129 1105; x_wconf 85' lang='lat' dir='ltr'><strong>volunta-</strong></span> 
     </span>
    </p>
   </div>
   <div class='ocr_carea' id='block_1_12' title="bbox 559 1138 1006 1209">
    <p class='ocr_par' dir='ltr' id='par_1_12' title="bbox 559 1138 1006 1209">
     <span class='ocr_line' id='line_1_12' title="bbox 559 1138 1006 1209; baseline 0.004 -16"><span class='ocrx_word' id='word_1_68' title='bbox 559 1138 710 1194; x_wconf 89' lang='lat' dir='ltr'><strong>tibus</strong></span> <span class='ocrx_word' id='word_1_69' title='bbox 740 1142 1006 1209; x_wconf 66' lang='lat' dir='ltr'><strong>praetulit.</strong></span> 
     </span>
    </p>
   </div>
   <div class='ocr_carea' id='block_1_13' title="bbox 629 1228 2127 1303">
    <p class='ocr_par' dir='ltr' id='par_1_13' title="bbox 629 1228 2127 1303">
     <span class='ocr_line' id='line_1_13' title="bbox 629 1228 2127 1303; baseline 0.001 -21"><span class='ocrx_word' id='word_1_70' title='bbox 629 1228 715 1282; x_wconf 74' lang='lat' dir='ltr'><strong>i9.</strong></span> <span class='ocrx_word' id='word_1_71' title='bbox 761 1228 1037 1300; x_wconf 87' lang='lat' dir='ltr'><strong>Quidquid</strong></span> <span class='ocrx_word' id='word_1_72' title='bbox 1073 1232 1183 1286; x_wconf 81' lang='lat' dir='ltr'><strong>ullo</strong></span> <span class='ocrx_word' id='word_1_73' title='bbox 1234 1233 1396 1287; x_wconf 84' lang='lat' dir='ltr'><strong>nodo</strong></span> <span class='ocrx_word' id='word_1_74' title='bbox 1429 1249 1650 1303; x_wconf 90' lang='lat' dir='ltr'><strong>passum</strong></span> <span class='ocrx_word' id='word_1_75' title='bbox 1687 1232 1931 1286; x_wconf 89' lang='lat' dir='ltr'><strong>animum</strong></span> <span class='ocrx_word' id='word_1_76' title='bbox 1966 1238 2127 1299; x_wconf 87' lang='lat' dir='ltr'><strong>puta-</strong></span> 
     </span>
    </p>
   </div>
   <div class='ocr_carea' id='block_1_14' title="bbox 559 1319 2128 1394">
    <p class='ocr_par' dir='ltr' id='par_1_14' title="bbox 559 1319 2128 1394">
     <span class='ocr_line' id='line_1_14' title="bbox 559 1319 2128 1394; baseline 0.002 -22"><span class='ocrx_word' id='word_1_77' title='bbox 559 1319 825 1385; x_wconf 83' lang='lat' dir='ltr'><strong>verimus,</strong></span> <span class='ocrx_word' id='word_1_78' title='bbox 866 1338 976 1376; x_wconf 82' lang='lat' dir='ltr'><strong>una</strong></span> <span class='ocrx_word' id='word_1_79' title='bbox 1016 1338 1141 1377; x_wconf 83' lang='lat' dir='ltr'><strong>cum</strong></span> <span class='ocrx_word' id='word_1_80' title='bbox 1188 1340 1256 1378; x_wconf 89' lang='lat' dir='ltr'><strong>eo</strong></span> <span class='ocrx_word' id='word_1_81' title='bbox 1301 1324 1468 1379; x_wconf 87' lang='lat' dir='ltr'><strong>etiam</strong></span> <span class='ocrx_word' id='word_1_82' title='bbox 1514 1326 1635 1394; x_wconf 89' lang='lat' dir='ltr'><strong>ejus</strong></span> <span class='ocrx_word' id='word_1_83' title='bbox 1681 1323 1878 1394; x_wconf 79' lang='lat' dir='ltr'><strong>agendi</strong></span> <span class='ocrx_word' id='word_1_84' title='bbox 1924 1323 2032 1376; x_wconf 91' lang='lat' dir='ltr'><strong>vim</strong></span> <span class='ocrx_word' id='word_1_85' title='bbox 2064 1338 2128 1375; x_wconf 90' lang='lat' dir='ltr'><strong>ac</strong></span> 
     </span>
    </p>
   </div>
   <div class='ocr_carea' id='block_1_15' title="bbox 558 1411 2174 1487">
    <p class='ocr_par' dir='ltr' id='par_1_15' title="bbox 558 1411 2174 1487">
     <span class='ocr_line' id='line_1_15' title="bbox 558 1411 2174 1487; baseline 0.002 -24"><span class='ocrx_word' id='word_1_86' title='bbox 558 1411 970 1480; x_wconf 84' lang='lat' dir='ltr'><strong>contemplandi</strong></span> <span class='ocrx_word' id='word_1_87' title='bbox 1031 1429 1245 1483; x_wconf 85' lang='lat' dir='ltr'><strong>passam</strong></span> <span class='ocrx_word' id='word_1_88' title='bbox 1316 1431 1436 1470; x_wconf 89' lang='lat' dir='ltr'><strong>esse</strong></span> <span class='ocrx_word' id='word_1_89' title='bbox 1504 1414 1959 1469; x_wconf 80' lang='lat' dir='ltr'><strong>existimabimus.</strong></span> <span class='ocrx_word' id='word_1_90' title='bbox 2016 1413 2174 1487; x_wconf 37' lang='lat' dir='ltr'><strong>Nec.</strong></span> 
     </span>
    </p>
   </div>
   <div class='ocr_carea' id='block_1_16' title="bbox 557 1500 2126 1574">
    <p class='ocr_par' dir='ltr' id='par_1_16' title="bbox 557 1500 2126 1574">
     <span class='ocr_line' id='line_1_16' title="bbox 557 1500 2126 1574; baseline 0.002 -21"><span class='ocrx_word' id='word_1_91' title='bbox 557 1500 707 1553; x_wconf 90' lang='lat' dir='ltr'><strong>enim</strong></span> <span class='ocrx_word' id='word_1_92' title='bbox 749 1518 993 1571; x_wconf 80' lang='lat' dir='ltr'><strong>unquam</strong></span> <span class='ocrx_word' id='word_1_93' title='bbox 1045 1504 1353 1574; x_wconf 83' lang='lat' dir='ltr'><strong>subjectum</strong></span> <span class='ocrx_word' id='word_1_94' title='bbox 1405 1507 1643 1574; x_wconf 85' lang='lat' dir='ltr'><strong>patiatur</strong></span> <span class='ocrx_word' id='word_1_95' title='bbox 1693 1513 1789 1559; x_wconf 88' lang='lat' dir='ltr'><strong>aut</strong></span> <span class='ocrx_word' id='word_1_96' title='bbox 1834 1503 2126 1567; x_wconf 76' lang='lat' dir='ltr'><strong>afﬁciatur,</strong></span> 
     </span>
    </p>
   </div>
   <div class='ocr_carea' id='block_1_17' title="bbox 452 1591 2125 1669">
    <p class='ocr_par' dir='ltr' id='par_1_17' title="bbox 452 1591 2125 1669">
     <span class='ocr_line' id='line_1_17' title="bbox 452 1591 2125 1669; baseline 0.002 -25"><span class='ocrx_word' id='word_1_97' title='bbox 452 1660 465 1669; x_wconf 36' lang='lat'><strong><em>.</em></strong></span> <span class='ocrx_word' id='word_1_98' title='bbox 555 1591 689 1659; x_wconf 90' lang='lat' dir='ltr'><strong>quin</strong></span> <span class='ocrx_word' id='word_1_99' title='bbox 718 1606 791 1645; x_wconf 68' lang='lat' dir='ltr'><strong>ea.</strong></span> <span class='ocrx_word' id='word_1_100' title='bbox 812 1608 937 1661; x_wconf 66' lang='lat' dir='ltr'><strong>qua:</strong></span> <span class='ocrx_word' id='word_1_101' title='bbox 975 1602 1103 1648; x_wconf 82' lang='lat' dir='ltr'><strong>sunt</strong></span> <span class='ocrx_word' id='word_1_102' title='bbox 1152 1593 1207 1648; x_wconf 88' lang='lat' dir='ltr'><strong>in</strong></span> <span class='ocrx_word' id='word_1_103' title='bbox 1249 1595 1498 1664; x_wconf 88' lang='lat' dir='ltr'><strong>subjecto</strong></span> <span class='ocrx_word' id='word_1_104' title='bbox 1527 1595 1760 1664; x_wconf 85' lang='lat' dir='ltr'><strong>perinde</strong></span> <span class='ocrx_word' id='word_1_105' title='bbox 1786 1604 1843 1648; x_wconf 90' lang='lat' dir='ltr'><strong>et</strong></span> <span class='ocrx_word' id='word_1_106' title='bbox 1870 1595 1986 1663; x_wconf 74' lang='lat' dir='ltr'><strong>ipsa</strong></span> <span class='ocrx_word' id='word_1_107' title='bbox 2011 1593 2125 1648; x_wconf 87' lang='lat' dir='ltr'><strong>dis-</strong></span> 
     </span>
    </p>
   </div>
   <div class='ocr_carea' id='block_1_18' title="bbox 556 1682 2126 1754">
    <p class='ocr_par' dir='ltr' id='par_1_18' title="bbox 556 1682 2126 1754">
     <span class='ocr_line' id='line_1_18' title="bbox 556 1682 2126 1754; baseline 0.001 -20"><span class='ocrx_word' id='word_1_108' title='bbox 556 1691 853 1750; x_wconf 86' lang='lat' dir='ltr'><strong>ponantur.</strong></span> <span class='ocrx_word' id='word_1_109' title='bbox 891 1682 1210 1754; x_wconf 89' lang='lat' dir='ltr'><strong>Subjectum</strong></span> <span class='ocrx_word' id='word_1_110' title='bbox 1242 1695 1426 1740; x_wconf 88' lang='lat' dir='ltr'><strong>autem</strong></span> <span class='ocrx_word' id='word_1_111' title='bbox 1454 1686 1698 1739; x_wconf 82' lang='lat' dir='ltr'><strong>animum</strong></span> <span class='ocrx_word' id='word_1_112' title='bbox 1745 1685 1979 1754; x_wconf 87' lang='lat' dir='ltr'><strong>appello,</strong></span> <span class='ocrx_word' id='word_1_113' title='bbox 2008 1692 2126 1737; x_wconf 84' lang='lat' dir='ltr'><strong>tan—</strong></span> 
     </span>
    </p>
   </div>
   <div class='ocr_carea' id='block_1_19' title="bbox 556 1774 2127 1846">
    <p class='ocr_par' dir='ltr' id='par_1_19' title="bbox 556 1774 2127 1846">
     <span class='ocr_line' id='line_1_19' title="bbox 556 1774 2127 1846; baseline 0.003 -21"><span class='ocrx_word' id='word_1_114' title='bbox 556 1786 719 1840; x_wconf 85' lang='lat' dir='ltr'><strong>quam</strong></span> <span class='ocrx_word' id='word_1_115' title='bbox 767 1774 989 1829; x_wconf 88' lang='lat' dir='ltr'><strong>virtutis</strong></span> <span class='ocrx_word' id='word_1_116' title='bbox 1026 1791 1090 1830; x_wconf 81' lang='lat' dir='ltr'><strong>ac</strong></span> <span class='ocrx_word' id='word_1_117' title='bbox 1136 1776 1382 1833; x_wconf 72' lang='lat' dir='ltr'><strong>scientia:</strong></span> <span class='ocrx_word' id='word_1_118' title='bbox 1428 1792 1723 1844; x_wconf 83' lang='lat' dir='ltr'><strong>capacem;</strong></span> <span class='ocrx_word' id='word_1_119' title='bbox 1773 1777 1830 1830; x_wconf 91' lang='lat' dir='ltr'><strong>in</strong></span> <span class='ocrx_word' id='word_1_120' title='bbox 1880 1777 2127 1846; x_wconf 87' lang='lat' dir='ltr'><strong>subjecto</strong></span> 
     </span>
    </p>
   </div>
   <div class='ocr_carea' id='block_1_20' title="bbox 556 1866 2129 1938">
    <p class='ocr_par' dir='ltr' id='par_1_20' title="bbox 556 1866 2129 1938">
     <span class='ocr_line' id='line_1_20' title="bbox 556 1866 2129 1938; baseline 0.001 -20"><span class='ocrx_word' id='word_1_121' title='bbox 556 1870 764 1930; x_wconf 89' lang='lat' dir='ltr'><strong>autem,</strong></span> <span class='ocrx_word' id='word_1_122' title='bbox 788 1866 1063 1921; x_wconf 87' lang='lat' dir='ltr'><strong>actionem</strong></span> <span class='ocrx_word' id='word_1_123' title='bbox 1082 1875 1139 1921; x_wconf 89' lang='lat' dir='ltr'><strong>et</strong></span> <span class='ocrx_word' id='word_1_124' title='bbox 1161 1868 1704 1938; x_wconf 75' lang='lat' dir='ltr'><strong>contemplationem,</strong></span> <span class='ocrx_word' id='word_1_125' title='bbox 1728 1884 1849 1938; x_wconf 66' lang='lat' dir='ltr'><strong>qua:</strong></span> <span class='ocrx_word' id='word_1_126' title='bbox 1874 1868 2129 1922; x_wconf 90' lang='lat' dir='ltr'><strong>acciden-</strong></span> 
     </span>
    </p>
   </div>
   <div class='ocr_carea' id='block_1_21' title="bbox 557 1956 2126 2025">
    <p class='ocr_par' dir='ltr' id='par_1_21' title="bbox 557 1956 2126 2025">
     <span class='ocr_line' id='line_1_21' title="bbox 557 1956 2126 2025; baseline 0.002 -16"><span class='ocrx_word' id='word_1_127' title='bbox 557 1956 695 2010; x_wconf 85' lang='lat' dir='ltr'><strong>tium</strong></span> <span class='ocrx_word' id='word_1_128' title='bbox 727 1958 996 2013; x_wconf 87' lang='lat' dir='ltr'><strong>rationem</strong></span> <span class='ocrx_word' id='word_1_129' title='bbox 1030 1959 1098 2014; x_wconf 84' lang='lat' dir='ltr'><strong>ad</strong></span> <span class='ocrx_word' id='word_1_130' title='bbox 1124 1974 1251 2015; x_wconf 82' lang='lat' dir='ltr'><strong>eum</strong></span> <span class='ocrx_word' id='word_1_131' title='bbox 1283 1959 1540 2014; x_wconf 81' lang='lat' dir='ltr'><strong>habeant.</strong></span> <span class='ocrx_word' id='word_1_132' title='bbox 1569 1958 1935 2025; x_wconf 81' lang='lat' dir='ltr'><strong>Quamobrem</strong></span> <span class='ocrx_word' id='word_1_133' title='bbox 1963 1959 2126 2014; x_wconf 88' lang='lat' dir='ltr'><strong>etiam</strong></span> 
     </span>
    </p>
   </div>
   <div class='ocr_carea' id='block_1_22' title="bbox 557 2047 2131 2120">
    <p class='ocr_par' dir='ltr' id='par_1_22' title="bbox 557 2047 2131 2120">
     <span class='ocr_line' id='line_1_22' title="bbox 557 2047 2131 2120; baseline 0.001 -20"><span class='ocrx_word' id='word_1_134' title='bbox 557 2047 783 2103; x_wconf 91' lang='lat' dir='ltr'><strong>omnino</strong></span> <span class='ocrx_word' id='word_1_135' title='bbox 812 2050 1021 2118; x_wconf 88' lang='lat' dir='ltr'><strong>pariter</strong></span> <span class='ocrx_word' id='word_1_136' title='bbox 1044 2065 1110 2105; x_wconf 84' lang='lat' dir='ltr'><strong>ac</strong></span> <span class='ocrx_word' id='word_1_137' title='bbox 1138 2050 1231 2104; x_wconf 92' lang='lat' dir='ltr'><strong>ille</strong></span> <span class='ocrx_word' id='word_1_138' title='bbox 1257 2049 1597 2114; x_wconf 79' lang='lat' dir='ltr'><strong>afﬁciuntur,</strong></span> <span class='ocrx_word' id='word_1_139' title='bbox 1619 2051 1739 2120; x_wconf 87' lang='lat' dir='ltr'><strong>ejus</strong></span> <span class='ocrx_word' id='word_1_140' title='bbox 1765 2051 1926 2104; x_wconf 87' lang='lat' dir='ltr'><strong>talem</strong></span> <span class='ocrx_word' id='word_1_141' title='bbox 1940 2066 2131 2119; x_wconf 78' lang='lat' dir='ltr'><strong>quem-</strong></span> 
     </span>
    </p>
   </div>
   <div class='ocr_carea' id='block_1_23' title="bbox 558 2136 2131 2205">
    <p class='ocr_par' dir='ltr' id='par_1_23' title="bbox 558 2136 2131 2205">
     <span class='ocr_line' id='line_1_23' title="bbox 558 2136 2131 2205; baseline 0.001 -15"><span class='ocrx_word' id='word_1_142' title='bbox 558 2136 706 2205; x_wconf 85' lang='lat' dir='ltr'><strong>piam</strong></span> <span class='ocrx_word' id='word_1_143' title='bbox 763 2147 976 2193; x_wconf 89' lang='lat' dir='ltr'><strong>motum</strong></span> <span class='ocrx_word' id='word_1_144' title='bbox 1037 2139 1329 2203; x_wconf 80' lang='lat' dir='ltr'><strong>habentes,</strong></span> <span class='ocrx_word' id='word_1_145' title='bbox 1391 2154 1505 2195; x_wconf 69' lang='lat' dir='ltr'><strong>suae</strong></span> <span class='ocrx_word' id='word_1_146' title='bbox 1561 2139 1966 2193; x_wconf 84' lang='lat' dir='ltr'><strong>immutationis</strong></span> <span class='ocrx_word' id='word_1_147' title='bbox 2018 2140 2131 2193; x_wconf 90' lang='lat' dir='ltr'><strong>ori-</strong></span> 
     </span>
    </p>
   </div>
   <div class='ocr_carea' id='block_1_24' title="bbox 557 2227 764 2297">
    <p class='ocr_par' dir='ltr' id='par_1_24' title="bbox 557 2227 764 2297">
     <span class='ocr_line' id='line_1_24' title="bbox 557 2227 764 2297; baseline 0 -16"><span class='ocrx_word' id='word_1_148' title='bbox 557 2227 764 2297; x_wconf 81' lang='lat' dir='ltr'><strong>ginem.</strong></span> 
     </span>
    </p>
   </div>
   <div class='ocr_carea' id='block_1_25' title="bbox 625 2318 2133 2394">
    <p class='ocr_par' dir='ltr' id='par_1_25' title="bbox 625 2318 2133 2394">
     <span class='ocr_line' id='line_1_25' title="bbox 625 2318 2133 2394; baseline 0.001 -21"><span class='ocrx_word' id='word_1_149' title='bbox 625 2318 715 2373; x_wconf 76' lang='grc'><strong>20.</strong></span> <span class='ocrx_word' id='word_1_150' title='bbox 756 2319 1022 2391; x_wconf 86' lang='lat' dir='ltr'><strong>Quisquis</strong></span> <span class='ocrx_word' id='word_1_151' title='bbox 1053 2321 1344 2394; x_wconf 79' lang='lat' dir='ltr'><strong>religiosus</strong></span> <span class='ocrx_word' id='word_1_152' title='bbox 1361 2338 1424 2377; x_wconf 88' lang='lat' dir='ltr'><strong>ac</strong></span> <span class='ocrx_word' id='word_1_153' title='bbox 1446 2322 1670 2377; x_wconf 82' lang='lat' dir='ltr'><strong>virtutis</strong></span> <span class='ocrx_word' id='word_1_154' title='bbox 1685 2323 1891 2388; x_wconf 88' lang='lat' dir='ltr'><strong>cultor,</strong></span> <span class='ocrx_word' id='word_1_155' title='bbox 1916 2322 1972 2375; x_wconf 89' lang='lat' dir='ltr'><strong>in</strong></span> <span class='ocrx_word' id='word_1_156' title='bbox 1995 2322 2133 2376; x_wconf 83' lang='lat' dir='ltr'><strong>Eze-</strong></span> 
     </span>
    </p>
   </div>
   <div class='ocr_carea' id='block_1_26' title="bbox 558 2408 2127 2481">
    <p class='ocr_par' dir='ltr' id='par_1_26' title="bbox 558 2408 2127 2481">
     <span class='ocr_line' id='line_1_26' title="bbox 558 2408 2127 2481; baseline 0.002 -18"><span class='ocrx_word' id='word_1_157' title='bbox 558 2408 696 2464; x_wconf 72' lang='lat' dir='ltr'><strong>chiae</strong></span> <span class='ocrx_word' id='word_1_158' title='bbox 718 2425 949 2476; x_wconf 87' lang='lat' dir='ltr'><strong>morem,</strong></span> <span class='ocrx_word' id='word_1_159' title='bbox 983 2412 1267 2481; x_wconf 78' lang='lat' dir='ltr'><strong>sapientiae</strong></span> <span class='ocrx_word' id='word_1_160' title='bbox 1293 2413 1345 2467; x_wconf 90' lang='lat' dir='ltr'><strong>vi</strong></span> <span class='ocrx_word' id='word_1_161' title='bbox 1372 2429 1435 2469; x_wconf 86' lang='lat' dir='ltr'><strong>ac</strong></span> <span class='ocrx_word' id='word_1_162' title='bbox 1459 2411 1705 2469; x_wconf 66' lang='lat' dir='ltr'><strong>scientiae</strong></span> <span class='ocrx_word' id='word_1_163' title='bbox 1731 2412 2007 2467; x_wconf 74' lang='lat' dir='ltr'><strong>dazmones</strong></span> <span class='ocrx_word' id='word_1_164' title='bbox 2035 2427 2127 2466; x_wconf 86' lang='lat' dir='ltr'><strong>ac-</strong></span> 
     </span>
    </p>
   </div>
   <div class='ocr_carea' id='block_1_27' title="bbox 556 2499 2128 2574">
    <p class='ocr_par' dir='ltr' id='par_1_27' title="bbox 556 2499 2128 2574">
     <span class='ocr_line' id='line_1_27' title="bbox 556 2499 2128 2574; baseline 0.001 -19"><span class='ocrx_word' id='word_1_165' title='bbox 556 2499 777 2557; x_wconf 82' lang='lat' dir='ltr'><strong>cinctus</strong></span> <span class='ocrx_word' id='word_1_166' title='bbox 796 2502 1018 2569; x_wconf 90' lang='lat' dir='ltr'><strong>robore,</strong></span> <span class='ocrx_word' id='word_1_167' title='bbox 1046 2503 1320 2573; x_wconf 85' lang='lat' dir='ltr'><strong>siquidem</strong></span> <span class='ocrx_word' id='word_1_168' title='bbox 1348 2505 1641 2574; x_wconf 84' lang='lat' dir='ltr'><strong>ingruente</strong></span> <span class='ocrx_word' id='word_1_169' title='bbox 1665 2503 2128 2573; x_wconf 87' lang='lat' dir='ltr'><strong>nequissimorum</strong></span> 
     </span>
    </p>
   </div>
   <div class='ocr_carea' id='block_1_28' title="bbox 558 2591 2130 2667">
    <p class='ocr_par' dir='ltr' id='par_1_28' title="bbox 558 2591 2130 2667">
     <span class='ocr_line' id='line_1_28' title="bbox 558 2591 2130 2667; baseline 0 -19"><span class='ocrx_word' id='word_1_170' title='bbox 558 2591 856 2663; x_wconf 78' lang='lat' dir='ltr'><strong>spirituum</strong></span> <span class='ocrx_word' id='word_1_171' title='bbox 889 2608 1210 2664; x_wconf 85' lang='lat' dir='ltr'><strong>congressu,</strong></span> <span class='ocrx_word' id='word_1_172' title='bbox 1256 2597 1399 2652; x_wconf 87' lang='lat' dir='ltr'><strong>mitti</strong></span> <span class='ocrx_word' id='word_1_173' title='bbox 1426 2596 1493 2650; x_wconf 88' lang='lat' dir='ltr'><strong>ad</strong></span> <span class='ocrx_word' id='word_1_174' title='bbox 1527 2610 1587 2651; x_wconf 87' lang='lat' dir='ltr'><strong>se</strong></span> <span class='ocrx_word' id='word_1_175' title='bbox 1614 2596 1833 2650; x_wconf 66' lang='lat' dir='ltr'><strong>caelitus</strong></span> <span class='ocrx_word' id='word_1_176' title='bbox 1876 2596 2130 2667; x_wconf 82' lang='lat' dir='ltr'><strong>angelum</strong></span> 
     </span>
    </p>
   </div>
   <div class='ocr_carea' id='block_1_29' title="bbox 560 2682 2130 2758">
    <p class='ocr_par' dir='ltr' id='par_1_29' title="bbox 560 2682 2130 2758">
     <span class='ocr_line' id='line_1_29' title="bbox 560 2682 2130 2758; baseline 0.003 -22"><span class='ocrx_word' id='word_1_177' title='bbox 560 2682 847 2753; x_wconf 83' lang='lat' dir='ltr'><strong>(majorem</strong></span> <span class='ocrx_word' id='word_1_178' title='bbox 885 2685 1098 2739; x_wconf 87' lang='lat' dir='ltr'><strong>scilicet</strong></span> <span class='ocrx_word' id='word_1_179' title='bbox 1142 2701 1206 2741; x_wconf 90' lang='lat' dir='ltr'><strong>ae</strong></span> <span class='ocrx_word' id='word_1_180' title='bbox 1246 2686 1555 2758; x_wconf 83' lang='lat' dir='ltr'><strong>principem</strong></span> <span class='ocrx_word' id='word_1_181' title='bbox 1602 2685 1885 2755; x_wconf 63' lang='lat' dir='ltr'><strong>sapientiae</strong></span> <span class='ocrx_word' id='word_1_182' title='bbox 1916 2701 2130 2740; x_wconf 86' lang='lat' dir='ltr'><strong>sermo-</strong></span> 
     </span>
    </p>
   </div>
   <div class='ocr_carea' id='block_1_30' title="bbox 559 2772 2130 2847">
    <p class='ocr_par' dir='ltr' id='par_1_30' title="bbox 559 2772 2130 2847">
     <span class='ocr_line' id='line_1_30' title="bbox 559 2772 2130 2847; baseline 0.004 -23"><span class='ocrx_word' id='word_1_183' title='bbox 559 2772 711 2844; x_wconf 85' lang='lat' dir='ltr'><strong>nem)</strong></span> <span class='ocrx_word' id='word_1_184' title='bbox 768 2787 993 2845; x_wconf 86' lang='lat' dir='ltr'><strong>prccum</strong></span> <span class='ocrx_word' id='word_1_185' title='bbox 1041 2775 1305 2847; x_wconf 75' lang='lat' dir='ltr'><strong>suilragio</strong></span> <span class='ocrx_word' id='word_1_186' title='bbox 1355 2777 1754 2846; x_wconf 81' lang='lat' dir='ltr'><strong>impetraverit,</strong></span> <span class='ocrx_word' id='word_1_187' title='bbox 1801 2791 2130 2846; x_wconf 81' lang='lat' dir='ltr'><strong>omnemque</strong></span> 
     </span>
    </p>
   </div>
   <div class='ocr_carea' id='block_1_31' title="bbox 557 2864 2129 2939">
    <p class='ocr_par' dir='ltr' id='par_1_31' title="bbox 557 2864 2129 2939">
     <span class='ocr_line' id='line_1_31' title="bbox 557 2864 2129 2939; baseline 0.005 -23"><span class='ocrx_word' id='word_1_188' title='bbox 557 2864 863 2919; x_wconf 71' lang='lat' dir='ltr'><strong>extet-endo</strong></span> <span class='ocrx_word' id='word_1_189' title='bbox 903 2866 1109 2921; x_wconf 90' lang='lat' dir='ltr'><strong>diaboli</strong></span> <span class='ocrx_word' id='word_1_190' title='bbox 1165 2869 1337 2923; x_wconf 87' lang='lat' dir='ltr'><strong>aciem</strong></span> <span class='ocrx_word' id='word_1_191' title='bbox 1394 2869 1769 2939; x_wconf 83' lang='lat' dir='ltr'><strong>dissipaverit,</strong></span> <span class='ocrx_word' id='word_1_192' title='bbox 1826 2885 1930 2924; x_wconf 92' lang='lat' dir='ltr'><strong>nec</strong></span> <span class='ocrx_word' id='word_1_193' title='bbox 1969 2871 2129 2924; x_wconf 87' lang='lat' dir='ltr'><strong>talem</strong></span> 
     </span>
    </p>
   </div>
   <div class='ocr_carea' id='block_1_32' title="bbox 558 2955 2128 3026">
    <p class='ocr_par' dir='ltr' id='par_1_32' title="bbox 558 2955 2128 3026">
     <span class='ocr_line' id='line_1_32' title="bbox 558 2955 2128 3026; baseline 0.005 -19"><span class='ocrx_word' id='word_1_194' title='bbox 558 2955 845 3012; x_wconf 81' lang='lat' dir='ltr'><strong>victoriam</strong></span> <span class='ocrx_word' id='word_1_195' title='bbox 883 2973 948 3012; x_wconf 91' lang='lat' dir='ltr'><strong>ac</strong></span> <span class='ocrx_word' id='word_1_196' title='bbox 988 2959 1221 3014; x_wconf 87' lang='lat' dir='ltr'><strong>salutem</strong></span> <span class='ocrx_word' id='word_1_197' title='bbox 1260 2960 1315 3013; x_wconf 90' lang='lat' dir='ltr'><strong>in</strong></span> <span class='ocrx_word' id='word_1_198' title='bbox 1346 2958 1517 3013; x_wconf 87' lang='lat' dir='ltr'><strong>Deum</strong></span> <span class='ocrx_word' id='word_1_199' title='bbox 1551 2967 1834 3015; x_wconf 89' lang='lat' dir='ltr'><strong>auctorem</strong></span> <span class='ocrx_word' id='word_1_200' title='bbox 1857 2961 2128 3026; x_wconf 89' lang='lat' dir='ltr'><strong>retulerit,</strong></span> 
     </span>
    </p>
   </div>
   <div class='ocr_carea' id='block_1_33' title="bbox 560 3049 2131 3121">
    <p class='ocr_par' dir='ltr' id='par_1_33' title="bbox 560 3049 2131 3121">
     <span class='ocr_line' id='line_1_33' title="bbox 560 3049 2131 3121; baseline 0.001 -18"><span class='ocrx_word' id='word_1_201' title='bbox 560 3050 654 3103; x_wconf 82' lang='lat' dir='ltr'><strong>sed</strong></span> <span class='ocrx_word' id='word_1_202' title='bbox 709 3049 818 3105; x_wconf 87' lang='lat' dir='ltr'><strong>sibi</strong></span> <span class='ocrx_word' id='word_1_203' title='bbox 861 3052 979 3120; x_wconf 91' lang='lat' dir='ltr'><strong>ipse</strong></span> <span class='ocrx_word' id='word_1_204' title='bbox 1031 3051 1383 3121; x_wconf 78' lang='lat' dir='ltr'><strong>ascripserit;</strong></span> <span class='ocrx_word' id='word_1_205' title='bbox 1426 3052 1472 3108; x_wconf 90' lang='lat' dir='ltr'><strong>is</strong></span> <span class='ocrx_word' id='word_1_206' title='bbox 1522 3052 1646 3107; x_wconf 87' lang='lat' dir='ltr'><strong>talis</strong></span> <span class='ocrx_word' id='word_1_207' title='bbox 1701 3068 1813 3107; x_wconf 87' lang='lat' dir='ltr'><strong>non</strong></span> <span class='ocrx_word' id='word_1_208' title='bbox 1872 3052 2131 3107; x_wconf 88' lang='lat' dir='ltr'><strong>retribuit</strong></span> 
     </span>
    </p>
   </div>
   <div class='ocr_carea' id='block_1_34' title="bbox 2229 593 3798 666">
    <p class='ocr_par' dir='ltr' id='par_1_34' title="bbox 2229 593 3798 666">
     <span class='ocr_line' id='line_1_34' title="bbox 2229 593 3798 666; baseline 0.001 -19"><span class='ocrx_word' id='word_1_209' title='bbox 2229 596 2441 666; x_wconf 84' lang='grc' dir='ltr'>πρανὴς</span> <span class='ocrx_word' id='word_1_210' title='bbox 2480 595 2814 666; x_wconf 76' lang='grc' dir='ltr'><strong>καθέστηκεν</strong></span> <span class='ocrx_word' id='word_1_211' title='bbox 2854 595 2989 659; x_wconf 84' lang='grc' dir='ltr'>όδδς,</span> <span class='ocrx_word' id='word_1_212' title='bbox 3025 597 3058 666; x_wconf 74' lang='grc' dir='ltr'><strong>ἡ</strong></span> <span class='ocrx_word' id='word_1_213' title='bbox 3104 596 3231 665; x_wconf 74' lang='grc' dir='ltr'>περὶ</span> <span class='ocrx_word' id='word_1_214' title='bbox 3276 593 3375 665; x_wconf 78' lang='grc' dir='ltr'><strong>τὴν</strong></span> <span class='ocrx_word' id='word_1_215' title='bbox 3432 593 3632 664; x_wconf 74' lang='grc' dir='ltr'>ζημίαν</span> <span class='ocrx_word' id='word_1_216' title='bbox 3684 594 3798 649; x_wconf 83' lang='grc' dir='ltr'><strong>τῶν</strong></span> 
     </span>
    </p>
   </div>
   <div class='ocr_carea' id='block_1_35' title="bbox 2229 684 3797 758">
    <p class='ocr_par' dir='ltr' id='par_1_35' title="bbox 2229 684 3797 758">
     <span class='ocr_line' id='line_1_35' title="bbox 2229 684 3797 758; baseline -0.001 -17"><span class='ocrx_word' id='word_1_217' title='bbox 2229 687 2439 758; x_wconf 77' lang='grc' dir='ltr'><strong>ἀρετῶν</strong></span> <span class='ocrx_word' id='word_1_218' title='bbox 2468 687 2815 758; x_wconf 82' lang='grc' dir='ltr'>ἀναισθησία.</span> <span class='ocrx_word' id='word_1_219' title='bbox 2855 686 2913 739; x_wconf 86' lang='grc' dir='ltr'>ὐ</span> <span class='ocrx_word' id='word_1_220' title='bbox 2955 687 3067 757; x_wconf 86' lang='grc' dir='ltr'>γὰρ</span> <span class='ocrx_word' id='word_1_221' title='bbox 3091 686 3281 748; x_wconf 71' lang='grc' dir='ltr'>ἐθίσας</span> <span class='ocrx_word' id='word_1_222' title='bbox 3334 686 3529 739; x_wconf 74' lang='grc' dir='ltr'>ἑαυτὸν</span> <span class='ocrx_word' id='word_1_223' title='bbox 3576 684 3663 739; x_wconf 79' lang='grc' dir='ltr'>διὰ</span> <span class='ocrx_word' id='word_1_224' title='bbox 3695 686 3797 749; x_wconf 77' lang='grc' dir='ltr'>τὰς</span> 
     </span>
    </p>
   </div>
   <div class='ocr_carea' id='block_1_36' title="bbox 2228 776 3796 849">
    <p class='ocr_par' dir='ltr' id='par_1_36' title="bbox 2228 776 3796 849">
     <span class='ocr_line' id='line_1_36' title="bbox 2228 776 3796 849; baseline -0.002 -17"><span class='ocrx_word' id='word_1_225' title='bbox 2228 778 2421 849; x_wconf 75' lang='grc' dir='ltr'>ἡδονὰς</span> <span class='ocrx_word' id='word_1_226' title='bbox 2441 779 2541 849; x_wconf 84' lang='grc' dir='ltr'>τῆς</span> <span class='ocrx_word' id='word_1_227' title='bbox 2570 778 2769 848; x_wconf 72' lang='grc' dir='ltr'>σαρκὸς</span> <span class='ocrx_word' id='word_1_228' title='bbox 2806 776 2941 831; x_wconf 86' lang='grc' dir='ltr'>Θεοῦ</span> <span class='ocrx_word' id='word_1_229' title='bbox 2990 776 3325 848; x_wconf 76' lang='grc' dir='ltr'>παρακούειν</span> <span class='ocrx_word' id='word_1_230' title='bbox 3346 818 3361 843; x_wconf 89' lang='grc'><strong>,</strong></span> <span class='ocrx_word' id='word_1_231' title='bbox 3393 778 3486 829; x_wconf 74' lang='grc' dir='ltr'><strong>καὶ</strong></span> <span class='ocrx_word' id='word_1_232' title='bbox 3515 776 3673 830; x_wconf 73' lang='grc' dir='ltr'>αὐτὸν</span> <span class='ocrx_word' id='word_1_233' title='bbox 3697 777 3796 846; x_wconf 83' lang='grc' dir='ltr'><strong>ἀρ-</strong></span> 
     </span>
    </p>
   </div>
   <div class='ocr_carea' id='block_1_37' title="bbox 2228 867 3887 945">
    <p class='ocr_par' dir='ltr' id='par_1_37' title="bbox 2228 867 3887 945">
     <span class='ocr_line' id='line_1_37' title="bbox 2228 867 3887 945; baseline 0 -24"><span class='ocrx_word' id='word_1_234' title='bbox 2228 869 2450 940; x_wconf 83' lang='grc' dir='ltr'>νήσεται</span> <span class='ocrx_word' id='word_1_235' title='bbox 2489 869 2579 923; x_wconf 75' lang='grc' dir='ltr'>τὸν</span> <span class='ocrx_word' id='word_1_236' title='bbox 2610 869 2760 934; x_wconf 84' lang='grc' dir='ltr'>Θεὸν,</span> <span class='ocrx_word' id='word_1_237' title='bbox 2802 867 3071 938; x_wconf 76' lang='grc' dir='ltr'><strong>καλούσης</strong></span> <span class='ocrx_word' id='word_1_238' title='bbox 3133 867 3456 939; x_wconf 81' lang='grc' dir='ltr'>προφάσεως</span> <span class='ocrx_word' id='word_1_239' title='bbox 3485 883 3498 895; x_wconf 89' lang='grc'><strong>·</strong></span> <span class='ocrx_word' id='word_1_240' title='bbox 3521 867 3651 921; x_wconf 86' lang='grc' dir='ltr'>Θεοῦ</span> <span class='ocrx_word' id='word_1_241' title='bbox 3698 868 3798 938; x_wconf 76' lang='grc' dir='ltr'><strong>τὴν</strong></span> <span class='ocrx_word' id='word_1_242' title='bbox 3884 944 3887 945; x_wconf 13' lang='grc' dir='ltr'><em>ν</em></span> 
     </span>
    </p>
   </div>
   <div class='ocr_carea' id='block_1_38' title="bbox 2232 953 3794 1032">
    <p class='ocr_par' dir='ltr' id='par_1_38' title="bbox 2232 953 3794 1032">
     <span class='ocr_line' id='line_1_38' title="bbox 2232 953 3794 1032; baseline -0.001 -18"><span class='ocrx_word' id='word_1_243' title='bbox 2232 960 2432 1032; x_wconf 77' lang='grc' dir='ltr'>σαρκὸς</span> <span class='ocrx_word' id='word_1_244' title='bbox 2464 959 2608 1030; x_wconf 79' lang='grc' dir='ltr'>ζωὴν</span> <span class='ocrx_word' id='word_1_245' title='bbox 2632 958 2933 1030; x_wconf 74' lang='grc' dir='ltr'><strong>προτιμῶν,</strong></span> <span class='ocrx_word' id='word_1_246' title='bbox 2971 953 3039 1029; x_wconf 81' lang='grc' dir='ltr'>ἧς</span> <span class='ocrx_word' id='word_1_247' title='bbox 3078 958 3201 1011; x_wconf 73' lang='grc' dir='ltr'>καὶι</span> <span class='ocrx_word' id='word_1_248' title='bbox 3227 958 3394 1029; x_wconf 86' lang='grc' dir='ltr'>μόνης</span> <span class='ocrx_word' id='word_1_249' title='bbox 3448 956 3548 1022; x_wconf 85' lang='grc' dir='ltr'>τὰς</span> <span class='ocrx_word' id='word_1_250' title='bbox 3600 958 3794 1029; x_wconf 79' lang='grc' dir='ltr'>ἡδονὰς</span> 
     </span>
    </p>
   </div>
   <div class='ocr_carea' id='block_1_39' title="bbox 2227 1048 3441 1121">
    <p class='ocr_par' dir='ltr' id='par_1_39' title="bbox 2227 1048 3441 1121">
     <span class='ocr_line' id='line_1_39' title="bbox 2227 1048 3441 1121; baseline -0.001 -18"><span class='ocrx_word' id='word_1_251' title='bbox 2227 1052 2335 1105; x_wconf 78' lang='grc' dir='ltr'>τῶν</span> <span class='ocrx_word' id='word_1_252' title='bbox 2374 1050 2533 1103; x_wconf 83' lang='grc' dir='ltr'>θείων</span> <span class='ocrx_word' id='word_1_253' title='bbox 2557 1051 2839 1121; x_wconf 76' lang='grc' dir='ltr'><strong>κρείττους</strong></span> <span class='ocrx_word' id='word_1_254' title='bbox 2875 1049 3073 1120; x_wconf 71' lang='grc' dir='ltr'>ἔσχηκε</span> <span class='ocrx_word' id='word_1_255' title='bbox 3101 1048 3441 1120; x_wconf 87' lang='grc' dir='ltr'>θελημάτων.</span> 
     </span>
    </p>
   </div>
   <div class='ocr_carea' id='block_1_40' title="bbox 2299 1211 3791 1282">
    <p class='ocr_par' dir='ltr' id='par_1_40' title="bbox 2299 1211 3791 1282">
     <span class='ocr_line' id='line_1_40' title="bbox 2299 1211 3791 1282; baseline -0.003 -15"><span class='ocrx_word' id='word_1_256' title='bbox 2299 1214 2557 1269; x_wconf 78' lang='grc' dir='ltr'>ιθ¹.”οταν</span> <span class='ocrx_word' id='word_1_257' title='bbox 2578 1230 2627 1265; x_wconf 89' lang='grc' dir='ltr'><strong>τι</strong></span> <span class='ocrx_word' id='word_1_258' title='bbox 2648 1213 3085 1282; x_wconf 79' lang='grc' dir='ltr'>καθόίονδήποτε</span> <span class='ocrx_word' id='word_1_259' title='bbox 3107 1212 3303 1282; x_wconf 79' lang='grc' dir='ltr'><strong>τρόπον</strong></span> <span class='ocrx_word' id='word_1_260' title='bbox 3327 1211 3416 1265; x_wconf 80' lang='grc' dir='ltr'>τὸν</span> <span class='ocrx_word' id='word_1_261' title='bbox 3443 1211 3568 1265; x_wconf 90' lang='grc' dir='ltr'>νοῦν</span> <span class='ocrx_word' id='word_1_262' title='bbox 3594 1228 3791 1265; x_wconf 77' lang='grc' dir='ltr'>πεπον-</span> 
     </span>
    </p>
   </div>
   <div class='ocr_carea' id='block_1_41' title="bbox 2229 1301 3797 1375">
    <p class='ocr_par' dir='ltr' id='par_1_41' title="bbox 2229 1301 3797 1375">
     <span class='ocr_line' id='line_1_41' title="bbox 2229 1301 3797 1375; baseline -0.004 -15"><span class='ocrx_word' id='word_1_263' title='bbox 2229 1307 2378 1362; x_wconf 78' lang='grc' dir='ltr'>θέναι</span> <span class='ocrx_word' id='word_1_264' title='bbox 2392 1324 2449 1359; x_wconf 89' lang='grc' dir='ltr'><strong>νο</strong></span> <span class='ocrx_word' id='word_1_265' title='bbox 2456 1306 2720 1375; x_wconf 84' lang='grc' dir='ltr'>μίσωμεν,</span> <span class='ocrx_word' id='word_1_266' title='bbox 2734 1303 2809 1372; x_wconf 80' lang='grc' dir='ltr'>τῷ</span> <span class='ocrx_word' id='word_1_267' title='bbox 2824 1303 3051 1373; x_wconf 83' lang='grc' dir='ltr'><strong>τοιούτῳ</strong></span> <span class='ocrx_word' id='word_1_268' title='bbox 3064 1301 3162 1367; x_wconf 73' lang='grc' dir='ltr'>νοτ,</span> <span class='ocrx_word' id='word_1_269' title='bbox 3181 1302 3280 1371; x_wconf 82' lang='grc' dir='ltr'>τήν</span> <span class='ocrx_word' id='word_1_270' title='bbox 3298 1317 3356 1355; x_wconf 84' lang='grc' dir='ltr'><strong>τε</strong></span> <span class='ocrx_word' id='word_1_271' title='bbox 3376 1301 3686 1373; x_wconf 78' lang='grc' dir='ltr'>πρακτικὴν</span> <span class='ocrx_word' id='word_1_272' title='bbox 3701 1303 3797 1355; x_wconf 72' lang='lat' dir='ltr'><strong>a6-</strong></span> 
     </span>
    </p>
   </div>
   <div class='ocr_carea' id='block_1_42' title="bbox 2230 1391 3794 1466">
    <p class='ocr_par' dir='ltr' id='par_1_42' title="bbox 2230 1391 3794 1466">
     <span class='ocr_line' id='line_1_42' title="bbox 2230 1391 3794 1466; baseline -0.006 -16"><span class='ocrx_word' id='word_1_273' title='bbox 2230 1398 2322 1450; x_wconf 86' lang='grc' dir='ltr'><strong>τοῦ</strong></span> <span class='ocrx_word' id='word_1_274' title='bbox 2352 1399 2444 1450; x_wconf 71' lang='grc' dir='ltr'><strong>καὶ</strong></span> <span class='ocrx_word' id='word_1_275' title='bbox 2472 1394 2806 1466; x_wconf 82' lang='grc' dir='ltr'>θεωρητικὴν</span> <span class='ocrx_word' id='word_1_276' title='bbox 2829 1392 3236 1464; x_wconf 80' lang='grc' dir='ltr'>δύναμιν,κατὰ</span> <span class='ocrx_word' id='word_1_277' title='bbox 3256 1392 3380 1456; x_wconf 76' lang='grc' dir='ltr'>τοὺς</span> <span class='ocrx_word' id='word_1_278' title='bbox 3410 1391 3675 1459; x_wconf 83' lang='grc' dir='ltr'>φυσικοὺς</span> <span class='ocrx_word' id='word_1_279' title='bbox 3700 1392 3794 1443; x_wconf 65' lang='grc' dir='ltr'><strong>αὑ.</strong></span> 
     </span>
    </p>
   </div>
   <div class='ocr_carea' id='block_1_43' title="bbox 2228 1479 3795 1555">
    <p class='ocr_par' dir='ltr' id='par_1_43' title="bbox 2228 1479 3795 1555">
     <span class='ocr_line' id='line_1_43' title="bbox 2228 1479 3795 1555; baseline -0.006 -16"><span class='ocrx_word' id='word_1_280' title='bbox 2228 1487 2336 1540; x_wconf 80' lang='grc' dir='ltr'><strong>τῶν</strong></span> <span class='ocrx_word' id='word_1_281' title='bbox 2369 1486 2560 1555; x_wconf 80' lang='grc' dir='ltr'><strong>λόγους</strong></span> <span class='ocrx_word' id='word_1_282' title='bbox 2593 1482 3027 1555; x_wconf 84' lang='grc' dir='ltr'>συμπεπονθέναι</span> <span class='ocrx_word' id='word_1_283' title='bbox 3068 1481 3275 1543; x_wconf 82' lang='grc' dir='ltr'>πάντως</span> <span class='ocrx_word' id='word_1_284' title='bbox 3304 1479 3687 1549; x_wconf 74' lang='grc' dir='ltr'><strong>πιστεύσομεν.</strong></span> <span class='ocrx_word' id='word_1_285' title='bbox 3724 1479 3795 1531; x_wconf 68' lang='grc' dir='ltr'><strong>Οὔ</strong></span> 
     </span>
    </p>
   </div>
   <div class='ocr_carea' id='block_1_44' title="bbox 2226 1569 3798 1649">
    <p class='ocr_par' dir='ltr' id='par_1_44' title="bbox 2226 1569 3798 1649">
     <span class='ocr_line' id='line_1_44' title="bbox 2226 1569 3798 1649; baseline -0.007 -17"><span class='ocrx_word' id='word_1_286' title='bbox 2226 1580 2332 1649; x_wconf 81' lang='grc' dir='ltr'><strong>γάρ</strong></span> <span class='ocrx_word' id='word_1_287' title='bbox 2364 1580 2478 1630; x_wconf 75' lang='grc' dir='ltr'>ἐστι</span> <span class='ocrx_word' id='word_1_288' title='bbox 2507 1574 2729 1632; x_wconf 78' lang='grc' dir='ltr'>δυνατὸν</span> <span class='ocrx_word' id='word_1_289' title='bbox 2753 1573 2943 1626; x_wconf 79' lang='grc' dir='ltr'>παθεῖν</span> <span class='ocrx_word' id='word_1_290' title='bbox 2966 1572 3026 1625; x_wconf 78' lang='grc' dir='ltr'>τὸ</span> <span class='ocrx_word' id='word_1_291' title='bbox 3052 1569 3428 1640; x_wconf 81' lang='grc' dir='ltr'>ὑποκείμενον,</span> <span class='ocrx_word' id='word_1_292' title='bbox 3453 1569 3561 1622; x_wconf 86' lang='grc' dir='ltr'>τῶν</span> <span class='ocrx_word' id='word_1_293' title='bbox 3583 1571 3645 1622; x_wconf 82' lang='grc' dir='ltr'>ὲν</span> <span class='ocrx_word' id='word_1_294' title='bbox 3670 1569 3798 1622; x_wconf 81' lang='grc' dir='ltr'>ὑπο-</span> 
     </span>
    </p>
   </div>
   <div class='ocr_carea' id='block_1_45' title="bbox 2229 1658 3794 1740">
    <p class='ocr_par' dir='ltr' id='par_1_45' title="bbox 2229 1658 3794 1740">
     <span class='ocr_line' id='line_1_45' title="bbox 2229 1658 3794 1740; baseline -0.009 -17"><span class='ocrx_word' id='word_1_295' title='bbox 2229 1670 2469 1740; x_wconf 79' lang='grc' dir='ltr'>κειμένῳ</span> <span class='ocrx_word' id='word_1_296' title='bbox 2491 1668 2564 1737; x_wconf 82' lang='grc' dir='ltr'>μὴ</span> <span class='ocrx_word' id='word_1_297' title='bbox 2585 1665 2919 1735; x_wconf 78' lang='grc' dir='ltr'><strong>πασχόντων⁸</strong></span> <span class='ocrx_word' id='word_1_298' title='bbox 2938 1663 3292 1732; x_wconf 79' lang='grc' dir='ltr'>ὑποκείμενον</span> <span class='ocrx_word' id='word_1_299' title='bbox 3307 1662 3363 1714; x_wconf 85' lang='grc' dir='ltr'>δὲ</span> <span class='ocrx_word' id='word_1_300' title='bbox 3375 1660 3516 1729; x_wconf 81' lang='grc' dir='ltr'>λέγω</span> <span class='ocrx_word' id='word_1_301' title='bbox 3531 1660 3622 1713; x_wconf 81' lang='grc' dir='ltr'><strong>τὸν</strong></span> <span class='ocrx_word' id='word_1_302' title='bbox 3653 1658 3794 1722; x_wconf 85' lang='grc' dir='ltr'>νοῦν,</span> 
     </span>
    </p>
   </div>
   <div class='ocr_carea' id='block_1_46' title="bbox 2226 1753 3791 1835">
    <p class='ocr_par' dir='ltr' id='par_1_46' title="bbox 2226 1753 3791 1835">
     <span class='ocr_line' id='line_1_46' title="bbox 2226 1753 3791 1835; baseline -0.008 -20"><span class='ocrx_word' id='word_1_303' title='bbox 2226 1766 2300 1827; x_wconf 84' lang='grc' dir='ltr'>ὼς</span> <span class='ocrx_word' id='word_1_304' title='bbox 2339 1762 2537 1835; x_wconf 83' lang='grc' dir='ltr'>ἀρετῆς</span> <span class='ocrx_word' id='word_1_305' title='bbox 2567 1761 2664 1812; x_wconf 77' lang='grc' dir='ltr'>καὶ</span> <span class='ocrx_word' id='word_1_306' title='bbox 2694 1757 2946 1825; x_wconf 82' lang='grc' dir='ltr'>γνώσεως</span> <span class='ocrx_word' id='word_1_307' title='bbox 2978 1755 3242 1811; x_wconf 74' lang='grc' dir='ltr'>δεκτικόνσ</span> <span class='ocrx_word' id='word_1_308' title='bbox 3273 1755 3331 1807; x_wconf 75' lang='grc' dir='ltr'>ἐν</span> <span class='ocrx_word' id='word_1_309' title='bbox 3352 1754 3699 1823; x_wconf 81' lang='grc' dir='ltr'>ὑποκειμένῳ</span> <span class='ocrx_word' id='word_1_310' title='bbox 3719 1753 3791 1814; x_wconf 76' lang='grc' dir='ltr'>δὲ,</span> 
     </span>
    </p>
   </div>
   <div class='ocr_carea' id='block_1_47' title="bbox 2228 1841 3798 1925">
    <p class='ocr_par' dir='ltr' id='par_1_47' title="bbox 2228 1841 3798 1925">
     <span class='ocr_line' id='line_1_47' title="bbox 2228 1841 3798 1925; baseline -0.01 -18"><span class='ocrx_word' id='word_1_311' title='bbox 2228 1856 2326 1925; x_wconf 79' lang='grc' dir='ltr'><strong>τὴν</strong></span> <span class='ocrx_word' id='word_1_312' title='bbox 2359 1851 2558 1923; x_wconf 74' lang='grc' dir='ltr'>πρᾶξιν</span> <span class='ocrx_word' id='word_1_313' title='bbox 2591 1851 2684 1905; x_wconf 68' lang='grc' dir='ltr'>καὶ</span> <span class='ocrx_word' id='word_1_314' title='bbox 2708 1849 2807 1919; x_wconf 81' lang='grc' dir='ltr'>τὴν</span> <span class='ocrx_word' id='word_1_315' title='bbox 2834 1847 3086 1919; x_wconf 83' lang='grc' dir='ltr'>θεωρίαν,</span> <span class='ocrx_word' id='word_1_316' title='bbox 3132 1846 3332 1907; x_wconf 77' lang='grc' dir='ltr'>αἵτινες</span> <span class='ocrx_word' id='word_1_317' title='bbox 3361 1842 3494 1914; x_wconf 85' lang='grc' dir='ltr'>πρὸς</span> <span class='ocrx_word' id='word_1_318' title='bbox 3538 1844 3635 1895; x_wconf 81' lang='grc' dir='ltr'><strong>τὸν</strong></span> <span class='ocrx_word' id='word_1_319' title='bbox 3676 1841 3798 1895; x_wconf 81' lang='grc' dir='ltr'>νοῦν</span> 
     </span>
    </p>
   </div>
   <div class='ocr_carea' id='block_1_48' title="bbox 2229 1933 3795 2015">
    <p class='ocr_par' dir='ltr' id='par_1_48' title="bbox 2229 1933 3795 2015">
     <span class='ocr_line' id='line_1_48' title="bbox 2229 1933 3795 2015; baseline -0.008 -18"><span class='ocrx_word' id='word_1_320' title='bbox 2229 1943 2655 2015; x_wconf 83' lang='grc' dir='ltr'>συμϐεϐηκότων</span> <span class='ocrx_word' id='word_1_321' title='bbox 2680 1940 2835 2008; x_wconf 86' lang='grc' dir='ltr'>λόγον</span> <span class='ocrx_word' id='word_1_322' title='bbox 2867 1938 3142 2009; x_wconf 64' lang='grc' dir='ltr'>ἐπέχουσι.</span> <span class='ocrx_word' id='word_1_323' title='bbox 3179 1936 3270 1989; x_wconf 85' lang='grc' dir='ltr'>Διὸ</span> <span class='ocrx_word' id='word_1_324' title='bbox 3302 1936 3443 1989; x_wconf 80' lang='grc' dir='ltr'>κατὰ</span> <span class='ocrx_word' id='word_1_325' title='bbox 3475 1934 3658 1988; x_wconf 84' lang='grc' dir='ltr'>πάντα</span> <span class='ocrx_word' id='word_1_326' title='bbox 3676 1933 3795 2003; x_wconf 80' lang='grc' dir='ltr'>τρό-</span> 
     </span>
    </p>
   </div>
   <div class='ocr_carea' id='block_1_49' title="bbox 2228 2021 3796 2102">
    <p class='ocr_par' dir='ltr' id='par_1_49' title="bbox 2228 2021 3796 2102">
     <span class='ocr_line' id='line_1_49' title="bbox 2228 2021 3796 2102; baseline -0.01 -13"><span class='ocrx_word' id='word_1_327' title='bbox 2228 2052 2347 2101; x_wconf 83' lang='grc' dir='ltr'>πον,</span> <span class='ocrx_word' id='word_1_328' title='bbox 2367 2035 2463 2087; x_wconf 69' lang='grc' dir='ltr'>καὶ</span> <span class='ocrx_word' id='word_1_329' title='bbox 2484 2031 2862 2102; x_wconf 79' lang='grc' dir='ltr'>συμπάσχουσι</span> <span class='ocrx_word' id='word_1_330' title='bbox 2886 2028 3167 2098; x_wconf 86' lang='grc' dir='ltr'>πάσχοντι,</span> <span class='ocrx_word' id='word_1_331' title='bbox 3193 2025 3290 2096; x_wconf 82' lang='grc' dir='ltr'>τὴν</span> <span class='ocrx_word' id='word_1_332' title='bbox 3331 2022 3495 2077; x_wconf 83' lang='grc' dir='ltr'>αὐτοῦ</span> <span class='ocrx_word' id='word_1_333' title='bbox 3523 2022 3689 2076; x_wconf 82' lang='grc' dir='ltr'>ποιὰν</span> <span class='ocrx_word' id='word_1_334' title='bbox 3714 2021 3796 2074; x_wconf 79' lang='grc' dir='ltr'>κί-</span> 
     </span>
    </p>
   </div>
   <div class='ocr_carea' id='block_1_50' title="bbox 2227 2113 3620 2195">
    <p class='ocr_par' dir='ltr' id='par_1_50' title="bbox 2227 2113 3620 2195">
     <span class='ocr_line' id='line_1_50' title="bbox 2227 2113 3620 2195; baseline -0.011 -17"><span class='ocrx_word' id='word_1_335' title='bbox 2227 2142 2404 2195; x_wconf 83' lang='grc' dir='ltr'>νησιν,</span> <span class='ocrx_word' id='word_1_336' title='bbox 2437 2121 2612 2194; x_wconf 82' lang='grc' dir='ltr'>ἀρχὴν</span> <span class='ocrx_word' id='word_1_337' title='bbox 2645 2123 2745 2191; x_wconf 76' lang='grc' dir='ltr'><strong>τῆς</strong></span> <span class='ocrx_word' id='word_1_338' title='bbox 2768 2117 2975 2180; x_wconf 75' lang='grc' dir='ltr'>οἰκείας</span> <span class='ocrx_word' id='word_1_339' title='bbox 3002 2114 3344 2177; x_wconf 72' lang='grc' dir='ltr'>ἀλλοιώσεως</span> <span class='ocrx_word' id='word_1_340' title='bbox 3377 2113 3620 2183; x_wconf 69' lang='grc' dir='ltr'>ἔχουσαι.</span> 
     </span>
    </p>
   </div>
   <div class='ocr_carea' id='block_1_51' title="bbox 2299 2290 3793 2369">
    <p class='ocr_par' dir='ltr' id='par_1_51' title="bbox 2299 2290 3793 2369">
     <span class='ocr_line' id='line_1_51' title="bbox 2299 2290 3793 2369; baseline -0.009 -13"><span class='ocrx_word' id='word_1_341' title='bbox 2299 2310 2370 2356; x_wconf 85' lang='grc' dir='ltr'>κ’.</span> <span class='ocrx_word' id='word_1_342' title='bbox 2399 2303 2511 2365; x_wconf 79' lang='grc' dir='ltr'><strong>Πᾶς</strong></span> <span class='ocrx_word' id='word_1_343' title='bbox 2540 2298 2794 2369; x_wconf 81' lang='grc' dir='ltr'>θεοφιλὴς</span> <span class='ocrx_word' id='word_1_344' title='bbox 2818 2298 2915 2352; x_wconf 72' lang='grc' dir='ltr'><strong>καὶ</strong></span> <span class='ocrx_word' id='word_1_345' title='bbox 2942 2298 3199 2366; x_wconf 70' lang='grc' dir='ltr'>ἐνάρετος</span> <span class='ocrx_word' id='word_1_346' title='bbox 3233 2294 3518 2366; x_wconf 78' lang='grc' dir='ltr'>ἄνθρωπος</span> <span class='ocrx_word' id='word_1_347' title='bbox 3543 2291 3690 2346; x_wconf 71' lang='grc' dir='ltr'>κατὰ</span> <span class='ocrx_word' id='word_1_348' title='bbox 3708 2290 3793 2344; x_wconf 78' lang='grc' dir='ltr'>τὸν</span> 
     </span>
    </p>
   </div>
   <div class='ocr_carea' id='block_1_52' title="bbox 2241 2383 3792 2461">
    <p class='ocr_par' dir='ltr' id='par_1_52' title="bbox 2241 2383 3792 2461">
     <span class='ocr_line' id='line_1_52' title="bbox 2241 2383 3792 2461; baseline -0.007 -14"><span class='ocrx_word' id='word_1_349' title='bbox 2241 2392 2506 2460; x_wconf 78' lang='grc' dir='ltr'>Ἐζεκίαν,</span> <span class='ocrx_word' id='word_1_350' title='bbox 2550 2390 2869 2461; x_wconf 79' lang='grc' dir='ltr'>γνωστικῶς</span> <span class='ocrx_word' id='word_1_351' title='bbox 2892 2387 2951 2441; x_wconf 84' lang='grc' dir='ltr'>τὺ</span> <span class='ocrx_word' id='word_1_352' title='bbox 2970 2386 3113 2445; x_wconf 81' lang='grc' dir='ltr'>κατὰ</span> <span class='ocrx_word' id='word_1_353' title='bbox 3143 2384 3255 2441; x_wconf 83' lang='grc' dir='ltr'>τῶν</span> <span class='ocrx_word' id='word_1_354' title='bbox 3291 2384 3561 2454; x_wconf 84' lang='grc' dir='ltr'>δαιμόνων</span> <span class='ocrx_word' id='word_1_355' title='bbox 3600 2383 3792 2446; x_wconf 76' lang='grc' dir='ltr'>διαζω-</span> 
     </span>
    </p>
   </div>
   <div class='ocr_carea' id='block_1_53' title="bbox 2231 2473 3790 2556">
    <p class='ocr_par' dir='ltr' id='par_1_53' title="bbox 2231 2473 3790 2556">
     <span class='ocr_line' id='line_1_53' title="bbox 2231 2473 3790 2556; baseline -0.009 -16"><span class='ocrx_word' id='word_1_356' title='bbox 2231 2486 2462 2556; x_wconf 88' lang='grc' dir='ltr'>σάμενος</span> <span class='ocrx_word' id='word_1_357' title='bbox 2515 2483 2738 2554; x_wconf 88' lang='grc' dir='ltr'>κράτος,</span> <span class='ocrx_word' id='word_1_358' title='bbox 2782 2480 2848 2535; x_wconf 76' lang='grc' dir='ltr'><strong>ἂν</strong></span> <span class='ocrx_word' id='word_1_359' title='bbox 2900 2478 3126 2549; x_wconf 83' lang='grc' dir='ltr'>γένηταί</span> <span class='ocrx_word' id='word_1_360' title='bbox 3177 2493 3261 2539; x_wconf 83' lang='grc' dir='ltr'><strong>τις</strong></span> <span class='ocrx_word' id='word_1_361' title='bbox 3311 2474 3465 2546; x_wconf 80' lang='grc' dir='ltr'>αὑτῷ</span> <span class='ocrx_word' id='word_1_362' title='bbox 3518 2473 3790 2546; x_wconf 77' lang='grc' dir='ltr'>προσϐολὴ</span> 
     </span>
    </p>
   </div>
   <div class='ocr_carea' id='block_1_54' title="bbox 2232 2567 3791 2647">
    <p class='ocr_par' dir='ltr' id='par_1_54' title="bbox 2232 2567 3791 2647">
     <span class='ocr_line' id='line_1_54' title="bbox 2232 2567 3791 2647; baseline -0.008 -14"><span class='ocrx_word' id='word_1_363' title='bbox 2232 2578 2556 2647; x_wconf 73' lang='grc' dir='ltr'>πνευμάτων</span> <span class='ocrx_word' id='word_1_364' title='bbox 2587 2574 2858 2645; x_wconf 82' lang='grc' dir='ltr'>πονηρῶν,</span> <span class='ocrx_word' id='word_1_365' title='bbox 2885 2574 3130 2643; x_wconf 78' lang='grc' dir='ltr'>ἀοράτως</span> <span class='ocrx_word' id='word_1_366' title='bbox 3159 2570 3300 2624; x_wconf 85' lang='grc' dir='ltr'>κατὰ</span> <span class='ocrx_word' id='word_1_367' title='bbox 3324 2569 3448 2623; x_wconf 90' lang='grc' dir='ltr'>νοῦν</span> <span class='ocrx_word' id='word_1_368' title='bbox 3471 2568 3607 2639; x_wconf 68' lang='grc' dir='ltr'>πρὸς</span> <span class='ocrx_word' id='word_1_369' title='bbox 3639 2567 3791 2621; x_wconf 77' lang='grc' dir='ltr'>αὐτὸν</span> 
     </span>
    </p>
   </div>
   <div class='ocr_carea' id='block_1_55' title="bbox 2233 2657 3789 2743">
    <p class='ocr_par' dir='ltr' id='par_1_55' title="bbox 2233 2657 3789 2743">
     <span class='ocr_line' id='line_1_55' title="bbox 2233 2657 3789 2743; baseline -0.008 -19"><span class='ocrx_word' id='word_1_370' title='bbox 2233 2668 2655 2743; x_wconf 71' lang='grc' dir='ltr'>συμπλεκόντων</span> <span class='ocrx_word' id='word_1_371' title='bbox 2682 2666 2774 2718; x_wconf 80' lang='grc' dir='ltr'><strong>τὸν</strong></span> <span class='ocrx_word' id='word_1_372' title='bbox 2808 2664 3064 2734; x_wconf 82' lang='grc' dir='ltr'>πόλεμον,</span> <span class='ocrx_word' id='word_1_373' title='bbox 3099 2663 3192 2716; x_wconf 82' lang='grc' dir='ltr'>καὶ</span> <span class='ocrx_word' id='word_1_374' title='bbox 3221 2660 3311 2714; x_wconf 78' lang='grc' dir='ltr'>διὰ</span> <span class='ocrx_word' id='word_1_375' title='bbox 3351 2661 3671 2731; x_wconf 82' lang='grc' dir='ltr'>προσευχῆς</span> <span class='ocrx_word' id='word_1_376' title='bbox 3709 2657 3789 2711; x_wconf 82' lang='grc' dir='ltr'><strong>δέ·</strong></span> 
     </span>
    </p>
   </div>
   <div class='ocr_carea' id='block_1_56' title="bbox 2232 2747 3789 2833">
    <p class='ocr_par' dir='ltr' id='par_1_56' title="bbox 2232 2747 3789 2833">
     <span class='ocr_line' id='line_1_56' title="bbox 2232 2747 3789 2833; baseline -0.01 -17"><span class='ocrx_word' id='word_1_377' title='bbox 2232 2764 2387 2833; x_wconf 70' lang='grc' dir='ltr'>ξηται</span> <span class='ocrx_word' id='word_1_378' title='bbox 2440 2759 2623 2814; x_wconf 85' lang='grc' dir='ltr'>θεόθεν</span> <span class='ocrx_word' id='word_1_379' title='bbox 2673 2756 2821 2828; x_wconf 82' lang='grc' dir='ltr'>αὐτῷ</span> <span class='ocrx_word' id='word_1_380' title='bbox 2856 2753 3231 2826; x_wconf 86' lang='grc' dir='ltr'>’πεμπόμενον</span> <span class='ocrx_word' id='word_1_381' title='bbox 3270 2752 3499 2821; x_wconf 81' lang='grc' dir='ltr'>ἄγγελον</span> <span class='ocrx_word' id='word_1_382' title='bbox 3522 2768 3538 2782; x_wconf 87' lang='grc'><strong>·</strong></span> <span class='ocrx_word' id='word_1_383' title='bbox 3571 2750 3717 2817; x_wconf 76' lang='grc' dir='ltr'>λέγω</span> <span class='ocrx_word' id='word_1_384' title='bbox 3738 2747 3789 2801; x_wconf 73' lang='grc' dir='ltr'>δὲ</span> 
     </span>
    </p>
   </div>
   <div class='ocr_carea' id='block_1_57' title="bbox 2232 2843 3790 2924">
    <p class='ocr_par' dir='ltr' id='par_1_57' title="bbox 2232 2843 3790 2924">
     <span class='ocr_line' id='line_1_57' title="bbox 2232 2843 3790 2924; baseline -0.008 -16"><span class='ocrx_word' id='word_1_385' title='bbox 2232 2855 2420 2924; x_wconf 67' lang='grc' dir='ltr'>σοφίας</span> <span class='ocrx_word' id='word_1_386' title='bbox 2449 2853 2604 2919; x_wconf 87' lang='grc' dir='ltr'>λόγον</span> <span class='ocrx_word' id='word_1_387' title='bbox 2636 2851 2857 2921; x_wconf 73' lang='grc' dir='ltr'>μείζονα</span> <span class='ocrx_word' id='word_1_388' title='bbox 2882 2865 2894 2877; x_wconf 94' lang='grc'><strong>·</strong></span> <span class='ocrx_word' id='word_1_389' title='bbox 2934 2848 3027 2900; x_wconf 78' lang='grc' dir='ltr'><strong>καὶ</strong></span> <span class='ocrx_word' id='word_1_390' title='bbox 3058 2849 3236 2900; x_wconf 77' lang='grc' dir='ltr'>πᾶσαν</span> <span class='ocrx_word' id='word_1_391' title='bbox 3288 2843 3547 2915; x_wconf 68' lang='grc' dir='ltr'>ἐκτρίψας</span> <span class='ocrx_word' id='word_1_392' title='bbox 3580 2843 3790 2895; x_wconf 81' lang='grc' dir='ltr'>διασκε-</span> 
     </span>
    </p>
   </div>
   <div class='ocr_carea' id='block_1_58' title="bbox 2230 2932 3787 3019">
    <p class='ocr_par' dir='ltr' id='par_1_58' title="bbox 2230 2932 3787 3019">
     <span class='ocr_line' id='line_1_58' title="bbox 2230 2932 3787 3019; baseline -0.011 -18"><span class='ocrx_word' id='word_1_393' title='bbox 2230 2949 2366 3019; x_wconf 73' lang='grc' dir='ltr'>δάσῃ</span> <span class='ocrx_word' id='word_1_394' title='bbox 2394 2945 2488 2999; x_wconf 87' lang='grc' dir='ltr'><strong>τοῦ</strong></span> <span class='ocrx_word' id='word_1_395' title='bbox 2509 2943 2756 2997; x_wconf 80' lang='grc' dir='ltr'>διαϐόλου</span> <span class='ocrx_word' id='word_1_396' title='bbox 2786 2940 2884 3010; x_wconf 85' lang='grc' dir='ltr'>τὴν</span> <span class='ocrx_word' id='word_1_397' title='bbox 2907 2939 3162 3010; x_wconf 82' lang='grc' dir='ltr'>φάλαγγα</span> <span class='ocrx_word' id='word_1_398' title='bbox 3196 2952 3210 2967; x_wconf 76' lang='grc' dir='ltr'><strong>ο</strong></span> <span class='ocrx_word' id='word_1_399' title='bbox 3246 2937 3338 2989; x_wconf 75' lang='grc' dir='ltr'><strong>καὶ</strong></span> <span class='ocrx_word' id='word_1_400' title='bbox 3377 2936 3474 3005; x_wconf 75' lang='grc' dir='ltr'>τῆς</span> <span class='ocrx_word' id='word_1_401' title='bbox 3534 2932 3787 3003; x_wconf 74' lang='grc' dir='ltr'>τοιαύτης</span> 
     </span>
    </p>
   </div>
   <div class='ocr_carea' id='block_1_59' title="bbox 2231 3023 3789 3108">
    <p class='ocr_par' dir='ltr' id='par_1_59' title="bbox 2231 3023 3789 3108">
     <span class='ocr_line' id='line_1_59' title="bbox 2231 3023 3789 3108; baseline -0.012 -14"><span class='ocrx_word' id='word_1_402' title='bbox 2231 3041 2386 3108; x_wconf 79' lang='grc' dir='ltr'>νίκης</span> <span class='ocrx_word' id='word_1_403' title='bbox 2415 3054 2474 3093; x_wconf 83' lang='grc' dir='ltr'><strong>τε</strong></span> <span class='ocrx_word' id='word_1_404' title='bbox 2506 3035 2600 3089; x_wconf 75' lang='grc' dir='ltr'>καὶ</span> <span class='ocrx_word' id='word_1_405' title='bbox 2625 3032 2896 3103; x_wconf 77' lang='grc' dir='ltr'>σωτηρίας</span> <span class='ocrx_word' id='word_1_406' title='bbox 2934 3029 3105 3084; x_wconf 83' lang='grc' dir='ltr'>αίτιον</span> <span class='ocrx_word' id='word_1_407' title='bbox 3135 3027 3224 3081; x_wconf 77' lang='grc' dir='ltr'><strong>τὸν</strong></span> <span class='ocrx_word' id='word_1_408' title='bbox 3254 3026 3386 3079; x_wconf 80' lang='grc' dir='ltr'>Θεὸν</span> <span class='ocrx_word' id='word_1_409' title='bbox 3443 3027 3516 3095; x_wconf 77' lang='grc' dir='ltr'>μὴ</span> <span class='ocrx_word' id='word_1_410' title='bbox 3566 3023 3789 3094; x_wconf 72' lang='grc' dir='ltr'>ἐπιγρά-</span> 
     </span>
    </p>
   </div>
   <div class='ocr_carea' id='block_1_60' title="bbox 562 3115 2132 3215">
    <p class='ocr_par' dir='ltr' id='par_1_60' title="bbox 562 3115 2126 3215">
     <span class='ocr_line' id='line_1_60' title="bbox 562 3115 2126 3215; baseline 0.003 -23"><span class='ocrx_word' id='word_1_411' title='bbox 562 3139 696 3203; x_wconf 82' lang='lat' dir='ltr'><strong>Deo,</strong></span> <span class='ocrx_word' id='word_1_412' title='bbox 735 3115 898 3210; x_wconf 73' lang='lat' dir='ltr'><strong>juxta</strong></span> <span class='ocrx_word' id='word_1_413' title='bbox 943 3142 1090 3210; x_wconf 91' lang='lat' dir='ltr'><strong>quod</strong></span> <span class='ocrx_word' id='word_1_414' title='bbox 1144 3115 1234 3198; x_wconf 77' lang='lat' dir='ltr'><strong>ille</strong></span> <span class='ocrx_word' id='word_1_415' title='bbox 1288 3115 1645 3208; x_wconf 87' lang='lat' dir='ltr'><strong>retribuerat,</strong></span> <span class='ocrx_word' id='word_1_416' title='bbox 1692 3144 1788 3213; x_wconf 88' lang='lat' dir='ltr'><strong>qui</strong></span> <span class='ocrx_word' id='word_1_417' title='bbox 1828 3144 2126 3215; x_wconf 78' lang='lat' dir='ltr'><strong>gratiarum</strong></span> 
     </span>
    </p>
   </div>
   <div class='ocr_carea' id='block_1_61' title="bbox 2233 3115 3788 3215">
    <p class='ocr_par' dir='ltr' id='par_1_61' title="bbox 2233 3115 3788 3203">
     <span class='ocr_line' id='line_1_61' title="bbox 2233 3115 3788 3203; baseline -0.012 -17"><span class='ocrx_word' id='word_1_418' title='bbox 2233 3133 2420 3203; x_wconf 69' lang='grc' dir='ltr'>ψηται,</span> <span class='ocrx_word' id='word_1_419' title='bbox 2450 3125 2744 3196; x_wconf 79' lang='grc' dir='ltr'>ά).λ“ὲαυτῷ</span> <span class='ocrx_word' id='word_1_420' title='bbox 2764 3124 2861 3195; x_wconf 77' lang='grc' dir='ltr'>τὴν</span> <span class='ocrx_word' id='word_1_421' title='bbox 2883 3124 3010 3194; x_wconf 79' lang='grc' dir='ltr'>ὃλην</span> <span class='ocrx_word' id='word_1_422' title='bbox 3035 3120 3300 3188; x_wconf 81' lang='grc' dir='ltr'>ἁνάθηται</span> <span class='ocrx_word' id='word_1_423' title='bbox 3321 3120 3498 3188; x_wconf 88' lang='grc' dir='ltr'>νίκην,</span> <span class='ocrx_word' id='word_1_424' title='bbox 3516 3118 3545 3172; x_wconf 74' lang='grc' dir='ltr'><strong>ό</strong></span> <span class='ocrx_word' id='word_1_425' title='bbox 3559 3115 3788 3177; x_wconf 81' lang='grc' dir='ltr'>τοιοῦτος</span> 
     </span>
    </p>
   </div>
   <div class='ocr_carea' id='block_1_62' title="bbox 562 3229 2126 3303">
    <p class='ocr_par' dir='ltr' id='par_1_62' title="bbox 562 3229 2126 3303">
     <span class='ocr_line' id='line_1_62' title="bbox 562 3229 2126 3303; baseline 0.005 -21"><span class='ocrx_word' id='word_1_426' title='bbox 562 3229 795 3284; x_wconf 80' lang='lat' dir='ltr'><strong>actionis</strong></span> <span class='ocrx_word' id='word_1_427' title='bbox 845 3232 1260 3287; x_wconf 87' lang='lat' dir='ltr'><strong>multitudinem</strong></span> <span class='ocrx_word' id='word_1_428' title='bbox 1314 3248 1440 3287; x_wconf 88' lang='lat' dir='ltr'><strong>cum</strong></span> <span class='ocrx_word' id='word_1_429' title='bbox 1491 3233 1687 3297; x_wconf 86' lang='lat' dir='ltr'><strong>salute,</strong></span> <span class='ocrx_word' id='word_1_430' title='bbox 1734 3243 1939 3303; x_wconf 83' lang='lat' dir='ltr'><strong>quanta</strong></span> <span class='ocrx_word' id='word_1_431' title='bbox 2001 3232 2126 3290; x_wconf 83' lang='lat' dir='ltr'><strong>fuit.</strong></span> 
     </span>
    </p>
   </div>
   <div class='ocr_carea' id='block_1_63' title="bbox 564 3323 2133 3394">
    <p class='ocr_par' dir='ltr' id='par_1_63' title="bbox 564 3323 2133 3394">
     <span class='ocr_line' id='line_1_63' title="bbox 564 3323 2133 3394; baseline 0.004 -22"><span class='ocrx_word' id='word_1_432' title='bbox 564 3335 674 3374; x_wconf 91' lang='lat' dir='ltr'><strong>non</strong></span> <span class='ocrx_word' id='word_1_433' title='bbox 720 3323 1123 3392; x_wconf 62' lang='lat' dir='ltr'><strong>exaequaverit;</strong></span> <span class='ocrx_word' id='word_1_434' title='bbox 1169 3338 1272 3376; x_wconf 90' lang='lat' dir='ltr'><strong>nec</strong></span> <span class='ocrx_word' id='word_1_435' title='bbox 1309 3325 1430 3393; x_wconf 82' lang='lat' dir='ltr'><strong>ejus</strong></span> <span class='ocrx_word' id='word_1_436' title='bbox 1470 3326 1563 3394; x_wconf 91' lang='lat' dir='ltr'><strong>qui</strong></span> <span class='ocrx_word' id='word_1_437' title='bbox 1602 3326 1832 3380; x_wconf 83' lang='lat' dir='ltr'><strong>salutem</strong></span> <span class='ocrx_word' id='word_1_438' title='bbox 1884 3325 2133 3394; x_wconf 69' lang='lat' dir='ltr'><strong>prazstitit</strong></span> 
     </span>
    </p>
   </div>
   <div class='ocr_carea' id='block_1_64' title="bbox 564 3410 2132 3486">
    <p class='ocr_par' dir='ltr' id='par_1_64' title="bbox 564 3410 2132 3486">
     <span class='ocr_line' id='line_1_64' title="bbox 564 3410 2132 3486; baseline 0.004 -21"><span class='ocrx_word' id='word_1_439' title='bbox 564 3410 856 3479; x_wconf 83' lang='lat' dir='ltr'><strong>beneﬁcio,</strong></span> <span class='ocrx_word' id='word_1_440' title='bbox 890 3414 1057 3468; x_wconf 89' lang='lat' dir='ltr'><strong>animi</strong></span> <span class='ocrx_word' id='word_1_441' title='bbox 1097 3414 1182 3468; x_wconf 90' lang='lat' dir='ltr'><strong>sui</strong></span> <span class='ocrx_word' id='word_1_442' title='bbox 1208 3413 1551 3469; x_wconf 82' lang='lat' dir='ltr'><strong>all‘ectionem</strong></span> <span class='ocrx_word' id='word_1_443' title='bbox 1587 3416 2132 3486; x_wconf 80' lang='lat' dir='ltr'><strong>benevolentiamque</strong></span> 
     </span>
    </p>
   </div>
   <div class='ocr_carea' id='block_1_65' title="bbox 565 3504 1049 3558">
    <p class='ocr_par' dir='ltr' id='par_1_65' title="bbox 565 3504 1049 3558">
     <span class='ocr_line' id='line_1_65' title="bbox 565 3504 1049 3558; baseline 0.006 -4"><span class='ocrx_word' id='word_1_444' title='bbox 565 3515 850 3558; x_wconf 79' lang='lat' dir='ltr'><strong>remensus</strong></span> <span class='ocrx_word' id='word_1_445' title='bbox 884 3504 956 3558; x_wconf 88' lang='lat' dir='ltr'><strong>sit</strong></span> <span class='ocrx_word' id='word_1_446' title='bbox 985 3505 1049 3557; x_wconf 61' lang='grc' dir='ltr'>θ’.</span> 
     </span>
    </p>
   </div>
   <div class='ocr_carea' id='block_1_66' title="bbox 631 3590 2131 3666">
    <p class='ocr_par' dir='ltr' id='par_1_66' title="bbox 631 3590 2131 3666">
     <span class='ocr_line' id='line_1_66' title="bbox 631 3590 2131 3666; baseline 0.003 -19"><span class='ocrx_word' id='word_1_447' title='bbox 631 3590 723 3648; x_wconf 76' lang='lat'><strong>2|.</strong></span> <span class='ocrx_word' id='word_1_448' title='bbox 777 3593 1118 3649; x_wconf 80' lang='lat' dir='ltr'><strong>lllustremus</strong></span> <span class='ocrx_word' id='word_1_449' title='bbox 1180 3606 1418 3651; x_wconf 88' lang='lat' dir='ltr'><strong>mentem</strong></span> <span class='ocrx_word' id='word_1_450' title='bbox 1482 3596 1682 3651; x_wconf 85' lang='lat' dir='ltr'><strong>oivinis</strong></span> <span class='ocrx_word' id='word_1_451' title='bbox 1736 3597 2131 3666; x_wconf 81' lang='lat' dir='ltr'><strong>conceptibus;</strong></span> 
     </span>
    </p>
   </div>
   <div class='ocr_carea' id='block_1_67' title="bbox 565 3686 2132 3757">
    <p class='ocr_par' dir='ltr' id='par_1_67' title="bbox 565 3686 2132 3757">
     <span class='ocr_line' id='line_1_67' title="bbox 565 3686 2132 3757; baseline 0.002 -20"><span class='ocrx_word' id='word_1_452' title='bbox 565 3698 765 3753; x_wconf 80' lang='lat' dir='ltr'><strong>corpus</strong></span> <span class='ocrx_word' id='word_1_453' title='bbox 792 3701 946 3750; x_wconf 90' lang='lat' dir='ltr'><strong>vero,</strong></span> <span class='ocrx_word' id='word_1_454' title='bbox 972 3686 1304 3743; x_wconf 83' lang='lat' dir='ltr'><strong>diviniorum</strong></span> <span class='ocrx_word' id='word_1_455' title='bbox 1340 3696 1522 3745; x_wconf 85' lang='lat' dir='ltr'><strong>mente</strong></span> <span class='ocrx_word' id='word_1_456' title='bbox 1544 3695 1929 3757; x_wconf 87' lang='lat' dir='ltr'><strong>conceptarum</strong></span> <span class='ocrx_word' id='word_1_457' title='bbox 1965 3687 2132 3742; x_wconf 88' lang='lat' dir='ltr'><strong>ratio-</strong></span> 
     </span>
    </p>
   </div>
   <div class='ocr_carea' id='block_1_68' title="bbox 565 3776 2133 3854">
    <p class='ocr_par' dir='ltr' id='par_1_68' title="bbox 565 3776 2133 3854">
     <span class='ocr_line' id='line_1_68' title="bbox 565 3776 2133 3854; baseline 0.003 -26"><span class='ocrx_word' id='word_1_458' title='bbox 565 3790 695 3829; x_wconf 89' lang='lat' dir='ltr'><strong>num</strong></span> <span class='ocrx_word' id='word_1_459' title='bbox 733 3776 910 3830; x_wconf 88' lang='lat' dir='ltr'><strong>modis</strong></span> <span class='ocrx_word' id='word_1_460' title='bbox 950 3778 1213 3846; x_wconf 67' lang='lat' dir='ltr'><strong>praeclare</strong></span> <span class='ocrx_word' id='word_1_461' title='bbox 1249 3793 1599 3843; x_wconf 79' lang='lat' dir='ltr'><strong>oxornemus,</strong></span> <span class='ocrx_word' id='word_1_462' title='bbox 1636 3778 1925 3848; x_wconf 84' lang='lat' dir='ltr'><strong>ipsumque</strong></span> <span class='ocrx_word' id='word_1_463' title='bbox 1983 3779 2133 3854; x_wconf 82' lang='lat' dir='ltr'><strong>abjc-</strong></span> 
     </span>
    </p>
   </div>
   <div class='ocr_carea' id='block_1_69' title="bbox 566 3865 2134 3936">
    <p class='ocr_par' dir='ltr' id='par_1_69' title="bbox 566 3865 2134 3936">
     <span class='ocr_line' id='line_1_69' title="bbox 566 3865 2134 3936; baseline 0.002 -17"><span class='ocrx_word' id='word_1_464' title='bbox 566 3865 989 3932; x_wconf 81' lang='lat' dir='ltr'><strong>etisaﬂ‘ectibus,</strong></span> <span class='ocrx_word' id='word_1_465' title='bbox 1016 3867 1336 3922; x_wconf 86' lang='lat' dir='ltr'><strong>rationalem</strong></span> <span class='ocrx_word' id='word_1_466' title='bbox 1354 3867 1622 3922; x_wconf 76' lang='lat' dir='ltr'><strong>oﬂieinam</strong></span> <span class='ocrx_word' id='word_1_467' title='bbox 1648 3874 1985 3936; x_wconf 70' lang='lat' dir='ltr'><strong>praestemus.</strong></span> <span class='ocrx_word' id='word_1_468' title='bbox 1999 3866 2134 3922; x_wconf 84' lang='lat' dir='ltr'><strong>Nam</strong></span> 
     </span>
    </p>
   </div>
   <div class='ocr_carea' id='block_1_70' title="bbox 565 3954 2134 4024">
    <p class='ocr_par' dir='ltr' id='par_1_70' title="bbox 565 3954 2134 4024">
     <span class='ocr_line' id='line_1_70' title="bbox 565 3954 2134 4024; baseline 0.005 -19"><span class='ocrx_word' id='word_1_469' title='bbox 565 3954 661 4022; x_wconf 80' lang='lat' dir='ltr'><strong>qui</strong></span> <span class='ocrx_word' id='word_1_470' title='bbox 709 3954 882 4008; x_wconf 88' lang='lat' dir='ltr'><strong>innati</strong></span> <span class='ocrx_word' id='word_1_471' title='bbox 912 3955 1163 4023; x_wconf 89' lang='lat' dir='ltr'><strong>corporis</strong></span> <span class='ocrx_word' id='word_1_472' title='bbox 1191 3955 1421 4011; x_wconf 72' lang='lat' dir='ltr'><strong>allectus</strong></span> <span class='ocrx_word' id='word_1_473' title='bbox 1447 3963 1594 4020; x_wconf 89' lang='lat' dir='ltr'><strong>sunt,</strong></span> <span class='ocrx_word' id='word_1_474' title='bbox 1620 3955 1890 4024; x_wconf 84' lang='lat' dir='ltr'><strong>siquidem</strong></span> <span class='ocrx_word' id='word_1_475' title='bbox 1926 3957 2134 4013; x_wconf 83' lang='lat' dir='ltr'><strong>ratione</strong></span> 
     </span>
    </p>
   </div>
   <div class='ocr_carea' id='block_1_71' title="bbox 567 4044 2133 4113">
    <p class='ocr_par' dir='ltr' id='par_1_71' title="bbox 567 4044 2133 4113">
     <span class='ocr_line' id='line_1_71' title="bbox 567 4044 2133 4113; baseline 0.004 -19"><span class='ocrx_word' id='word_1_476' title='bbox 567 4050 844 4113; x_wconf 82' lang='lat' dir='ltr'><strong>regantur,</strong></span> <span class='ocrx_word' id='word_1_477' title='bbox 880 4044 1028 4097; x_wconf 91' lang='lat' dir='ltr'><strong>omni</strong></span> <span class='ocrx_word' id='word_1_478' title='bbox 1058 4053 1251 4098; x_wconf 80' lang='lat' dir='ltr'><strong>vacant</strong></span> <span class='ocrx_word' id='word_1_479' title='bbox 1277 4046 1539 4110; x_wconf 89' lang='lat' dir='ltr'><strong>crimine;</strong></span> <span class='ocrx_word' id='word_1_480' title='bbox 1577 4045 1660 4098; x_wconf 90' lang='lat' dir='ltr'><strong>sin</strong></span> <span class='ocrx_word' id='word_1_481' title='bbox 1692 4055 1872 4099; x_wconf 89' lang='lat' dir='ltr'><strong>autem</strong></span> <span class='ocrx_word' id='word_1_482' title='bbox 1903 4046 2020 4101; x_wconf 84' lang='lat' dir='ltr'><strong>sine</strong></span> <span class='ocrx_word' id='word_1_483' title='bbox 2045 4047 2133 4101; x_wconf 90' lang='lat' dir='ltr'><strong>illa</strong></span> 
     </span>
    </p>
   </div>
   <div class='ocr_carea' id='block_1_72' title="bbox 567 4132 2135 4201">
    <p class='ocr_par' dir='ltr' id='par_1_72' title="bbox 567 4132 2135 4201">
     <span class='ocr_line' id='line_1_72' title="bbox 567 4132 2135 4201; baseline 0.004 -18"><span class='ocrx_word' id='word_1_484' title='bbox 567 4142 910 4195; x_wconf 84' lang='lat' dir='ltr'><strong>moveantur,</strong></span> <span class='ocrx_word' id='word_1_485' title='bbox 929 4132 1068 4186; x_wconf 89' lang='lat' dir='ltr'><strong>vitio</strong></span> <span class='ocrx_word' id='word_1_486' title='bbox 1100 4140 1412 4189; x_wconf 81' lang='lat' dir='ltr'><strong>vertuntur.</strong></span> <span class='ocrx_word' id='word_1_487' title='bbox 1451 4132 1560 4189; x_wconf 88' lang='lat' dir='ltr'><strong>llos</strong></span> <span class='ocrx_word' id='word_1_488' title='bbox 1589 4133 1772 4201; x_wconf 87' lang='lat' dir='ltr'><strong>itaque</strong></span> <span class='ocrx_word' id='word_1_489' title='bbox 1802 4133 2135 4190; x_wconf 77' lang='lat' dir='ltr'><strong>abdicandus</strong></span> 
     </span>
    </p>
   </div>
   <div class='ocr_carea' id='block_1_73' title="bbox 567 4220 2135 4296">
    <p class='ocr_par' dir='ltr' id='par_1_73' title="bbox 567 4220 2135 4296">
     <span class='ocr_line' id='line_1_73' title="bbox 567 4220 2135 4296; baseline 0.004 -21"><span class='ocrx_word' id='word_1_490' title='bbox 567 4220 798 4278; x_wconf 62' lang='lat' dir='ltr'><strong>allectus</strong></span> <span class='ocrx_word' id='word_1_491' title='bbox 835 4223 988 4288; x_wconf 88' lang='lat' dir='ltr'><strong>dicit,</strong></span> <span class='ocrx_word' id='word_1_492' title='bbox 1031 4239 1270 4296; x_wconf 75' lang='lat' dir='ltr'><strong>quorum</strong></span> <span class='ocrx_word' id='word_1_493' title='bbox 1315 4224 1513 4277; x_wconf 89' lang='lat' dir='ltr'><strong>insitus</strong></span> <span class='ocrx_word' id='word_1_494' title='bbox 1553 4223 1772 4292; x_wconf 91' lang='lat' dir='ltr'><strong>quidem</strong></span> <span class='ocrx_word' id='word_1_495' title='bbox 1822 4233 1907 4282; x_wconf 84' lang='lat' dir='ltr'><strong>est</strong></span> <span class='ocrx_word' id='word_1_496' title='bbox 1943 4236 2135 4282; x_wconf 86' lang='lat' dir='ltr'><strong>natura</strong></span> 
     </span>
    </p>
   </div>
   <div class='ocr_carea' id='block_1_74' title="bbox 565 4311 2134 4382">
    <p class='ocr_par' dir='ltr' id='par_1_74' title="bbox 565 4311 2134 4382">
     <span class='ocr_line' id='line_1_74' title="bbox 565 4311 2134 4382; baseline 0.005 -21"><span class='ocrx_word' id='word_1_497' title='bbox 565 4318 767 4374; x_wconf 87' lang='lat' dir='ltr'><strong>motus,</strong></span> <span class='ocrx_word' id='word_1_498' title='bbox 799 4327 932 4365; x_wconf 90' lang='lat' dir='ltr'><strong>usus</strong></span> <span class='ocrx_word' id='word_1_499' title='bbox 964 4321 1145 4365; x_wconf 88' lang='lat' dir='ltr'><strong>autem</strong></span> <span class='ocrx_word' id='word_1_500' title='bbox 1188 4326 1298 4365; x_wconf 87' lang='lat' dir='ltr'><strong>non</strong></span> <span class='ocrx_word' id='word_1_501' title='bbox 1335 4327 1457 4366; x_wconf 82' lang='lat' dir='ltr'><strong>raro</strong></span> <span class='ocrx_word' id='word_1_502' title='bbox 1493 4311 1836 4378; x_wconf 87' lang='lat' dir='ltr'><strong>innaturalis,</strong></span> <span class='ocrx_word' id='word_1_503' title='bbox 1868 4315 2021 4382; x_wconf 88' lang='lat' dir='ltr'><strong>quod</strong></span> <span class='ocrx_word' id='word_1_504' title='bbox 2047 4332 2134 4369; x_wconf 61' lang='grc' dir='ltr'>ινι-</span> 
     </span>
    </p>
   </div>
   <div class='ocr_carea' id='block_1_75' title="bbox 569 4400 1351 4471">
    <p class='ocr_par' dir='ltr' id='par_1_75' title="bbox 569 4400 1351 4471">
     <span class='ocr_line' id='line_1_75' title="bbox 569 4400 1351 4471; baseline 0.005 -20"><span class='ocrx_word' id='word_1_505' title='bbox 569 4400 716 4455; x_wconf 81' lang='lat' dir='ltr'><strong>tione</strong></span> <span class='ocrx_word' id='word_1_506' title='bbox 749 4401 971 4455; x_wconf 89' lang='lat' dir='ltr'><strong>minime</strong></span> <span class='ocrx_word' id='word_1_507' title='bbox 996 4402 1351 4471; x_wconf 82' lang='lat' dir='ltr'><strong>gubernetur.</strong></span> 
     </span>
    </p>
   </div>
   <div class='ocr_carea' id='block_1_76' title="bbox 2232 3208 3786 3288">
    <p class='ocr_par' dir='ltr' id='par_1_76' title="bbox 2232 3208 3786 3288">
     <span class='ocr_line' id='line_1_76' title="bbox 2232 3208 3786 3288; baseline -0.014 -9"><span class='ocrx_word' id='word_1_508' title='bbox 2232 3227 2333 3280; x_wconf 70' lang='grc' dir='ltr'><strong>οὐκ</strong></span> <span class='ocrx_word' id='word_1_509' title='bbox 2355 3221 2705 3280; x_wconf 81' lang='grc' dir='ltr'>ἀνταπέδωκε</span> <span class='ocrx_word' id='word_1_510' title='bbox 2734 3217 2811 3288; x_wconf 83' lang='grc' dir='ltr'>τῷ</span> <span class='ocrx_word' id='word_1_511' title='bbox 2839 3215 2956 3286; x_wconf 82' lang='grc' dir='ltr'>Θεῷ</span> <span class='ocrx_word' id='word_1_512' title='bbox 2986 3213 3126 3267; x_wconf 80' lang='grc' dir='ltr'><strong>κατὰ</strong></span> <span class='ocrx_word' id='word_1_513' title='bbox 3147 3213 3207 3265; x_wconf 85' lang='grc' dir='ltr'>τὺ</span> <span class='ocrx_word' id='word_1_514' title='bbox 3227 3211 3576 3279; x_wconf 71' lang='grc' dir='ltr'>ἀνταπόδομα</span> <span class='ocrx_word' id='word_1_515' title='bbox 3605 3208 3786 3270; x_wconf 84' lang='grc' dir='ltr'>αὑτοῦ,</span> 
     </span>
    </p>
   </div>
   <div class='ocr_carea' id='block_1_77' title="bbox 2235 3300 3788 3389">
    <p class='ocr_par' dir='ltr' id='par_1_77' title="bbox 2235 3300 3788 3389">
     <span class='ocr_line' id='line_1_77' title="bbox 2235 3300 3788 3389; baseline -0.03 -1"><span class='ocrx_word' id='word_1_516' title='bbox 2235 3321 2309 3389; x_wconf 75' lang='grc' dir='ltr'><strong>μὴ</strong></span> <span class='ocrx_word' id='word_1_517' title='bbox 2337 3316 2599 3383; x_wconf 62' lang='grc' dir='ltr'><strong>ἐξισιιῖὶσαξ</strong></span> <span class='ocrx_word' id='word_1_518' title='bbox 2631 3312 2709 3382; x_wconf 85' lang='grc' dir='ltr'><strong>τῷ</strong></span> <span class='ocrx_word' id='word_1_519' title='bbox 2730 3308 2947 3382; x_wconf 78' lang='grc' dir='ltr'>μεγέθει</span> <span class='ocrx_word' id='word_1_520' title='bbox 2966 3309 3061 3377; x_wconf 86' lang='grc' dir='ltr'>τῆς</span> <span class='ocrx_word' id='word_1_521' title='bbox 3079 3303 3370 3375; x_wconf 77' lang='grc' dir='ltr'>σωτηρίας,</span> <span class='ocrx_word' id='word_1_522' title='bbox 3399 3303 3460 3355; x_wconf 62' lang='grc' dir='ltr'><strong>τὶ)</strong></span> <span class='ocrx_word' id='word_1_523' title='bbox 3483 3301 3681 3371; x_wconf 77' lang='grc' dir='ltr'>πλῆθος</span> <span class='ocrx_word' id='word_1_524' title='bbox 3696 3300 3788 3368; x_wconf 73' lang='grc' dir='ltr'>τῆς</span> 
     </span>
    </p>
   </div>
   <div class='ocr_carea' id='block_1_78' title="bbox 2235 3392 3787 3481">
    <p class='ocr_par' dir='ltr' id='par_1_78' title="bbox 2235 3392 3787 3481">
     <span class='ocr_line' id='line_1_78' title="bbox 2235 3392 3787 3481; baseline -0.012 -19"><span class='ocrx_word' id='word_1_525' title='bbox 2235 3408 2582 3481; x_wconf 79' lang='grc' dir='ltr'>εὐχαριστίας</span> <span class='ocrx_word' id='word_1_526' title='bbox 2614 3423 2629 3439; x_wconf 79' lang='grc' dir='ltr'><strong>ο</strong></span> <span class='ocrx_word' id='word_1_527' title='bbox 2668 3403 2801 3475; x_wconf 80' lang='grc' dir='ltr'>μηδὲ</span> <span class='ocrx_word' id='word_1_528' title='bbox 2819 3400 2883 3472; x_wconf 78' lang='grc' dir='ltr'>τῇ</span> <span class='ocrx_word' id='word_1_529' title='bbox 2911 3397 3198 3469; x_wconf 61' lang='grc' dir='ltr'>εὐεργεσία</span> <span class='ocrx_word' id='word_1_530' title='bbox 3242 3395 3337 3449; x_wconf 81' lang='grc' dir='ltr'><strong>τοῦ</strong></span> <span class='ocrx_word' id='word_1_531' title='bbox 3380 3393 3675 3457; x_wconf 76' lang='grc' dir='ltr'>σώσαντος,</span> <span class='ocrx_word' id='word_1_532' title='bbox 3702 3392 3787 3445; x_wconf 63' lang='grc' dir='ltr'><strong>ἀνα</strong></span> 
     </span>
    </p>
   </div>
   <div class='ocr_carea' id='block_1_79' title="bbox 2234 3489 3213 3570">
    <p class='ocr_par' dir='ltr' id='par_1_79' title="bbox 2234 3489 3213 3570">
     <span class='ocr_line' id='line_1_79' title="bbox 2234 3489 3213 3570; baseline -0.012 -16"><span class='ocrx_word' id='word_1_533' title='bbox 2234 3500 2567 3570; x_wconf 79' lang='grc' dir='ltr'>τιμετρήσας</span> <span class='ocrx_word' id='word_1_534' title='bbox 2592 3496 2690 3567; x_wconf 81' lang='grc' dir='ltr'>τὴν</span> <span class='ocrx_word' id='word_1_535' title='bbox 2721 3492 2928 3546; x_wconf 78' lang='grc' dir='ltr'>οἰκείαν</span> <span class='ocrx_word' id='word_1_536' title='bbox 2955 3489 3213 3542; x_wconf 84' lang='grc' dir='ltr'>διάθεσιν.</span> 
     </span>
    </p>
   </div>
   <div class='ocr_carea' id='block_1_80' title="bbox 2305 3570 3788 3657">
    <p class='ocr_par' dir='ltr' id='par_1_80' title="bbox 2305 3570 3788 3657">
     <span class='ocr_line' id='line_1_80' title="bbox 2305 3570 3788 3657; baseline -0.015 -12"><span class='ocrx_word' id='word_1_537' title='bbox 2305 3597 2408 3644; x_wconf 78' lang='grc' dir='ltr'>κα’.</span> <span class='ocrx_word' id='word_1_538' title='bbox 2439 3589 2767 3657; x_wconf 81' lang='grc' dir='ltr'>Φωτίσωμεν</span> <span class='ocrx_word' id='word_1_539' title='bbox 2801 3583 2886 3637; x_wconf 85' lang='grc' dir='ltr'><strong>τδν</strong></span> <span class='ocrx_word' id='word_1_540' title='bbox 2920 3581 3043 3635; x_wconf 88' lang='grc' dir='ltr'>νοῦν</span> <span class='ocrx_word' id='word_1_541' title='bbox 3072 3580 3182 3642; x_wconf 77' lang='grc' dir='ltr'>τοῖς</span> <span class='ocrx_word' id='word_1_542' title='bbox 3213 3576 3376 3639; x_wconf 83' lang='grc' dir='ltr'>θείοις</span> <span class='ocrx_word' id='word_1_543' title='bbox 3408 3577 3644 3646; x_wconf 84' lang='grc' dir='ltr'>νοήμασι</span> <span class='ocrx_word' id='word_1_544' title='bbox 3677 3587 3691 3602; x_wconf 80' lang='lat'><strong>&#39;</strong></span> <span class='ocrx_word' id='word_1_545' title='bbox 3729 3570 3788 3623; x_wconf 82' lang='grc' dir='ltr'><strong>τδ</strong></span> 
     </span>
    </p>
   </div>
   <div class='ocr_carea' id='block_1_81' title="bbox 2233 3662 3787 3751">
    <p class='ocr_par' dir='ltr' id='par_1_81' title="bbox 2233 3662 3787 3751">
     <span class='ocr_line' id='line_1_81' title="bbox 2233 3662 3787 3751; baseline -0.014 -15"><span class='ocrx_word' id='word_1_546' title='bbox 2233 3684 2289 3735; x_wconf 77' lang='grc' dir='ltr'><strong>δὲ</strong></span> <span class='ocrx_word' id='word_1_547' title='bbox 2319 3682 2477 3751; x_wconf 80' lang='grc' dir='ltr'>σῶμα</span> <span class='ocrx_word' id='word_1_548' title='bbox 2531 3681 2641 3740; x_wconf 81' lang='grc' dir='ltr'>τοῖς</span> <span class='ocrx_word' id='word_1_549' title='bbox 2670 3678 2778 3729; x_wconf 86' lang='grc' dir='ltr'><strong>τῶν</strong></span> <span class='ocrx_word' id='word_1_550' title='bbox 2802 3672 3099 3744; x_wconf 80' lang='grc' dir='ltr'>νοηθέντων</span> <span class='ocrx_word' id='word_1_551' title='bbox 3131 3669 3417 3739; x_wconf 74' lang='grc' dir='ltr'>θειοτέρων</span> <span class='ocrx_word' id='word_1_552' title='bbox 3459 3667 3637 3734; x_wconf 83' lang='grc' dir='ltr'>λόγων</span> <span class='ocrx_word' id='word_1_553' title='bbox 3674 3662 3787 3733; x_wconf 89' lang='grc' dir='ltr'>τρό-</span> 
     </span>
    </p>
   </div>
   <div class='ocr_carea' id='block_1_82' title="bbox 2238 3753 3785 3843">
    <p class='ocr_par' dir='ltr' id='par_1_82' title="bbox 2238 3753 3785 3843">
     <span class='ocr_line' id='line_1_82' title="bbox 2238 3753 3785 3843; baseline -0.015 -15"><span class='ocrx_word' id='word_1_554' title='bbox 2238 3792 2357 3837; x_wconf 75' lang='grc' dir='ltr'>ποις</span> <span class='ocrx_word' id='word_1_555' title='bbox 2389 3770 2793 3843; x_wconf 82' lang='grc' dir='ltr'>φαιδρύνωμεν,</span> <span class='ocrx_word' id='word_1_556' title='bbox 2826 3764 3025 3837; x_wconf 82' lang='grc' dir='ltr'>ἀρετῆς</span> <span class='ocrx_word' id='word_1_557' title='bbox 3056 3761 3217 3816; x_wconf 75' lang='grc' dir='ltr'>αὑτὸν</span> <span class='ocrx_word' id='word_1_558' title='bbox 3259 3758 3542 3821; x_wconf 79' lang='grc' dir='ltr'>ποιοῦντες</span> <span class='ocrx_word' id='word_1_559' title='bbox 3586 3753 3785 3824; x_wconf 77' lang='grc' dir='ltr'>λογικὸν</span> 
     </span>
    </p>
   </div>
   <div class='ocr_carea' id='block_1_83' title="bbox 2236 3843 3787 3936">
    <p class='ocr_par' dir='ltr' id='par_1_83' title="bbox 2236 3843 3787 3936">
     <span class='ocr_line' id='line_1_83' title="bbox 2236 3843 3787 3936; baseline -0.014 -19"><span class='ocrx_word' id='word_1_560' title='bbox 2236 3863 2618 3936; x_wconf 81' lang='grc' dir='ltr'>ἐργαστήριον,</span> <span class='ocrx_word' id='word_1_561' title='bbox 2650 3862 2717 3928; x_wconf 84' lang='grc' dir='ltr'>τῇ</span> <span class='ocrx_word' id='word_1_562' title='bbox 2752 3855 2990 3923; x_wconf 75' lang='grc' dir='ltr'>ἀποϐολῇ</span> <span class='ocrx_word' id='word_1_563' title='bbox 3031 3852 3140 3905; x_wconf 84' lang='grc' dir='ltr'>τῶν</span> <span class='ocrx_word' id='word_1_564' title='bbox 3187 3849 3377 3904; x_wconf 78' lang='grc' dir='ltr'>παθῶν</span> <span class='ocrx_word' id='word_1_565' title='bbox 3407 3863 3419 3878; x_wconf 89' lang='grc'><strong>·</strong></span> <span class='ocrx_word' id='word_1_566' title='bbox 3453 3848 3522 3902; x_wconf 74' lang='grc' dir='ltr'>τὰ</span> <span class='ocrx_word' id='word_1_567' title='bbox 3558 3846 3667 3917; x_wconf 84' lang='grc' dir='ltr'><strong>γὰρ</strong></span> <span class='ocrx_word' id='word_1_568' title='bbox 3698 3843 3787 3914; x_wconf 77' lang='grc' dir='ltr'><strong>ἐμ-</strong></span> 
     </span>
    </p>
   </div>
   <div class='ocr_carea' id='block_1_84' title="bbox 2238 3937 3789 4026">
    <p class='ocr_par' dir='ltr' id='par_1_84' title="bbox 2238 3937 3789 4026">
     <span class='ocr_line' id='line_1_84' title="bbox 2238 3937 3789 4026; baseline -0.014 -16"><span class='ocrx_word' id='word_1_569' title='bbox 2238 3973 2376 4026; x_wconf 75' lang='grc' dir='ltr'>φυτα</span> <span class='ocrx_word' id='word_1_570' title='bbox 2399 3953 2543 4022; x_wconf 81' lang='grc' dir='ltr'>πάθη</span> <span class='ocrx_word' id='word_1_571' title='bbox 2568 3952 2659 4005; x_wconf 84' lang='grc' dir='ltr'><strong>τοῦ</strong></span> <span class='ocrx_word' id='word_1_572' title='bbox 2687 3952 2954 4019; x_wconf 81' lang='grc' dir='ltr'>σώματος,</span> <span class='ocrx_word' id='word_1_573' title='bbox 2976 3947 3117 4013; x_wconf 82' lang='grc' dir='ltr'>λόγω</span> <span class='ocrx_word' id='word_1_574' title='bbox 3145 3944 3241 4017; x_wconf 82' lang='grc' dir='ltr'><strong>μὲν</strong></span> <span class='ocrx_word' id='word_1_575' title='bbox 3266 3939 3676 4011; x_wconf 82' lang='grc' dir='ltr'>κυϐερνώμενα,</span> <span class='ocrx_word' id='word_1_576' title='bbox 3697 3937 3789 3989; x_wconf 76' lang='grc' dir='ltr'>οὐκ</span> 
     </span>
    </p>
   </div>
   <div class='ocr_carea' id='block_1_85' title="bbox 2237 4026 3791 4114">
    <p class='ocr_par' dir='ltr' id='par_1_85' title="bbox 2237 4026 3791 4114">
     <span class='ocr_line' id='line_1_85' title="bbox 2237 4026 3791 4114; baseline -0.012 -16"><span class='ocrx_word' id='word_1_577' title='bbox 2237 4048 2349 4114; x_wconf 75' lang='grc' dir='ltr'>ἔχει</span> <span class='ocrx_word' id='word_1_578' title='bbox 2400 4041 2652 4110; x_wconf 82' lang='grc' dir='ltr'>διαϐολήν</span> <span class='ocrx_word' id='word_1_579' title='bbox 2683 4055 2696 4069; x_wconf 70' lang='grc'><strong><em>⁸</em></strong></span> <span class='ocrx_word' id='word_1_580' title='bbox 2746 4037 3045 4104; x_wconf 80' lang='grc' dir='ltr'>κινούμενα</span> <span class='ocrx_word' id='word_1_581' title='bbox 3088 4035 3145 4087; x_wconf 80' lang='grc' dir='ltr'>δὲ</span> <span class='ocrx_word' id='word_1_582' title='bbox 3179 4032 3368 4085; x_wconf 77' lang='grc' dir='ltr'>τούτου</span> <span class='ocrx_word' id='word_1_583' title='bbox 3425 4026 3791 4100; x_wconf 76' lang='grc' dir='ltr'>χωρίς,φέρει</span> 
     </span>
    </p>
   </div>
   <div class='ocr_carea' id='block_1_86' title="bbox 2236 4118 3785 4205">
    <p class='ocr_par' dir='ltr' id='par_1_86' title="bbox 2236 4118 3785 4205">
     <span class='ocr_line' id='line_1_86' title="bbox 2236 4118 3785 4205; baseline -0.014 -15"><span class='ocrx_word' id='word_1_584' title='bbox 2236 4136 2505 4205; x_wconf 73' lang='grc' dir='ltr'>διαϐολήν.</span> <span class='ocrx_word' id='word_1_585' title='bbox 2534 4134 2575 4185; x_wconf 89' lang='grc' dir='ltr'>Τ</span> <span class='ocrx_word' id='word_1_586' title='bbox 2580 4132 2749 4185; x_wconf 77' lang='grc' dir='ltr'>οὑτων</span> <span class='ocrx_word' id='word_1_587' title='bbox 2782 4125 2873 4182; x_wconf 76' lang='grc' dir='ltr'><strong>οὖν</strong></span> <span class='ocrx_word' id='word_1_588' title='bbox 2901 4128 3046 4194; x_wconf 79' lang='grc' dir='ltr'>λέγει</span> <span class='ocrx_word' id='word_1_589' title='bbox 3076 4124 3324 4194; x_wconf 82' lang='grc' dir='ltr'>γίνεσθαι</span> <span class='ocrx_word' id='word_1_590' title='bbox 3357 4123 3466 4175; x_wconf 78' lang='grc' dir='ltr'>δεῖν</span> <span class='ocrx_word' id='word_1_591' title='bbox 3490 4118 3785 4188; x_wconf 74' lang='grc' dir='ltr'>ἀποϐολὴν,</span> 
     </span>
    </p>
   </div>
   <div class='ocr_carea' id='block_1_87' title="bbox 2235 4210 3788 4296">
    <p class='ocr_par' dir='ltr' id='par_1_87' title="bbox 2235 4210 3788 4296">
     <span class='ocr_line' id='line_1_87' title="bbox 2235 4210 3788 4296; baseline -0.013 -16"><span class='ocrx_word' id='word_1_592' title='bbox 2235 4222 2309 4279; x_wconf 75' lang='grc' dir='ltr'>ὧν</span> <span class='ocrx_word' id='word_1_593' title='bbox 2339 4226 2577 4296; x_wconf 66' lang='grc' dir='ltr'>ἔμφυτος</span> <span class='ocrx_word' id='word_1_594' title='bbox 2605 4222 2701 4292; x_wconf 79' lang='grc' dir='ltr'>μὲν</span> <span class='ocrx_word' id='word_1_595' title='bbox 2729 4222 2761 4291; x_wconf 87' lang='grc' dir='ltr'><strong>ή</strong></span> <span class='ocrx_word' id='word_1_596' title='bbox 2795 4220 3030 4288; x_wconf 81' lang='grc' dir='ltr'>κίνησις,</span> <span class='ocrx_word' id='word_1_597' title='bbox 3056 4214 3204 4285; x_wconf 82' lang='grc' dir='ltr'>παρὰ</span> <span class='ocrx_word' id='word_1_598' title='bbox 3233 4213 3409 4283; x_wconf 79' lang='grc' dir='ltr'>’φύσιν</span> <span class='ocrx_word' id='word_1_599' title='bbox 3476 4211 3535 4263; x_wconf 70' lang='grc' dir='ltr'>δὲ</span> <span class='ocrx_word' id='word_1_600' title='bbox 3595 4210 3788 4279; x_wconf 86' lang='grc' dir='ltr'>γίνεται</span> 
     </span>
    </p>
   </div>
   <div class='ocr_carea' id='block_1_88' title="bbox 2238 4305 3523 4386">
    <p class='ocr_par' dir='ltr' id='par_1_88' title="bbox 2238 4305 3523 4386">
     <span class='ocr_line' id='line_1_88' title="bbox 2238 4305 3523 4386; baseline -0.012 -15"><span class='ocrx_word' id='word_1_601' title='bbox 2238 4318 2498 4379; x_wconf 78' lang='grc' dir='ltr'>πολλάκις</span> <span class='ocrx_word' id='word_1_602' title='bbox 2523 4317 2555 4385; x_wconf 85' lang='grc' dir='ltr'><strong>ἡ</strong></span> <span class='ocrx_word' id='word_1_603' title='bbox 2589 4314 2804 4386; x_wconf 75' lang='grc' dir='ltr'>χρῆσις,</span> <span class='ocrx_word' id='word_1_604' title='bbox 2831 4311 2974 4380; x_wconf 65' lang='grc' dir='ltr'>λόγῳ</span> <span class='ocrx_word' id='word_1_605' title='bbox 3010 4307 3085 4378; x_wconf 75' lang='grc' dir='ltr'>μὴ</span> <span class='ocrx_word' id='word_1_606' title='bbox 3114 4305 3523 4376; x_wconf 75' lang='grc' dir='ltr'>κυϐερνωμένη.</span> 
     </span>
    </p>
   </div>
   <div class='ocr_carea' id='block_1_89' title="bbox 637 4474 2132 4567">
    <p class='ocr_par' dir='ltr' id='par_1_89' title="bbox 637 4491 2132 4565">
     <span class='ocr_line' id='line_1_89' title="bbox 637 4491 2132 4565; baseline 0.005 -22"><span class='ocrx_word' id='word_1_607' title='bbox 637 4491 726 4544; x_wconf 72' lang='grc'><strong>22.</strong></span> <span class='ocrx_word' id='word_1_608' title='bbox 754 4491 1018 4561; x_wconf 89' lang='lat' dir='ltr'><strong>Quisquis</strong></span> <span class='ocrx_word' id='word_1_609' title='bbox 1038 4493 1108 4547; x_wconf 92' lang='lat' dir='ltr'><strong>ob</strong></span> <span class='ocrx_word' id='word_1_610' title='bbox 1132 4508 1195 4547; x_wconf 88' lang='lat' dir='ltr'><strong>ea</strong></span> <span class='ocrx_word' id='word_1_611' title='bbox 1226 4492 1390 4558; x_wconf 86' lang='lat' dir='ltr'><strong>dona,</strong></span> <span class='ocrx_word' id='word_1_612' title='bbox 1422 4511 1545 4564; x_wconf 62' lang='lat' dir='ltr'><strong>quas</strong></span> <span class='ocrx_word' id='word_1_613' title='bbox 1583 4496 1814 4565; x_wconf 88' lang='lat' dir='ltr'><strong>accepit,</strong></span> <span class='ocrx_word' id='word_1_614' title='bbox 1846 4496 2015 4550; x_wconf 83' lang='lat' dir='ltr'><strong>altum</strong></span> <span class='ocrx_word' id='word_1_615' title='bbox 2051 4514 2132 4552; x_wconf 82' lang='lat' dir='ltr'><strong>sa-</strong></span> 
     </span>
    </p>
   </div>
   <div class='ocr_carea' id='block_1_90' title="bbox 2233 4474 3789 4567">
    <p class='ocr_par' dir='ltr' id='par_1_90' title="bbox 2307 4474 3789 4567">
     <span class='ocr_line' id='line_1_90' title="bbox 2307 4474 3789 4567; baseline -0.012 -17"><span class='ocrx_word' id='word_1_616' title='bbox 2307 4496 2407 4567; x_wconf 57' lang='lat' dir='ltr'><strong>le&#39;.</strong></span> <span class='ocrx_word' id='word_1_617' title='bbox 2438 4497 2551 4557; x_wconf 72' lang='grc' dir='ltr'><strong>Πᾶς</strong></span> <span class='ocrx_word' id='word_1_618' title='bbox 2578 4495 2607 4545; x_wconf 87' lang='grc' dir='ltr'><strong>ό</strong></span> <span class='ocrx_word' id='word_1_619' title='bbox 2663 4491 2885 4561; x_wconf 51' lang='lat' dir='ltr'><strong>sesua;</strong></span> <span class='ocrx_word' id='word_1_620' title='bbox 2930 4488 3126 4541; x_wconf 68' lang='grc' dir='ltr'>ἑαυτοῦ</span> <span class='ocrx_word' id='word_1_621' title='bbox 3175 4485 3270 4556; x_wconf 80' lang='grc' dir='ltr'><strong>τὴν</strong></span> <span class='ocrx_word' id='word_1_622' title='bbox 3312 4483 3539 4555; x_wconf 86' lang='grc' dir='ltr'>καρδίαν</span> <span class='ocrx_word' id='word_1_623' title='bbox 3559 4522 3575 4546; x_wconf 91' lang='grc'><strong>,</strong></span> <span class='ocrx_word' id='word_1_624' title='bbox 3607 4482 3688 4550; x_wconf 61' lang='grc' dir='ltr'><strong>ἔφ’</strong></span> <span class='ocrx_word' id='word_1_625' title='bbox 3716 4474 3789 4540; x_wconf 76' lang='grc' dir='ltr'>οἷς</span> 
     </span>
    </p>
   </div>
   <div class='ocr_carea' id='block_1_91' title="bbox 570 4583 2132 4656">
    <p class='ocr_par' dir='ltr' id='par_1_91' title="bbox 570 4583 2132 4656">
     <span class='ocr_line' id='line_1_91' title="bbox 570 4583 2132 4656; baseline 0.004 -21"><span class='ocrx_word' id='word_1_626' title='bbox 570 4583 746 4651; x_wconf 82' lang='lat' dir='ltr'><strong>piens,</strong></span> <span class='ocrx_word' id='word_1_627' title='bbox 790 4591 1048 4653; x_wconf 89' lang='lat' dir='ltr'><strong>tanquam</strong></span> <span class='ocrx_word' id='word_1_628' title='bbox 1087 4599 1197 4640; x_wconf 86' lang='lat' dir='ltr'><strong>non</strong></span> <span class='ocrx_word' id='word_1_629' title='bbox 1234 4587 1528 4656; x_wconf 87' lang='lat' dir='ltr'><strong>acceperit,</strong></span> <span class='ocrx_word' id='word_1_630' title='bbox 1567 4588 1811 4645; x_wconf 87' lang='lat' dir='ltr'><strong>animum</strong></span> <span class='ocrx_word' id='word_1_631' title='bbox 1854 4590 2132 4653; x_wconf 75' lang='lat' dir='ltr'><strong>extulerit,</strong></span> 
     </span>
    </p>
   </div>
   <div class='ocr_carea' id='block_1_92' title="bbox 570 4673 2135 4749">
    <p class='ocr_par' dir='ltr' id='par_1_92' title="bbox 570 4673 2135 4749">
     <span class='ocr_line' id='line_1_92' title="bbox 570 4673 2135 4749; baseline 0.005 -25"><span class='ocrx_word' id='word_1_632' title='bbox 570 4674 623 4725; x_wconf 83' lang='lat' dir='ltr'><strong>in</strong></span> <span class='ocrx_word' id='word_1_633' title='bbox 650 4687 708 4727; x_wconf 76' lang='lat' dir='ltr'><strong>se</strong></span> <span class='ocrx_word' id='word_1_634' title='bbox 736 4673 932 4729; x_wconf 90' lang='lat' dir='ltr'><strong>merito</strong></span> <span class='ocrx_word' id='word_1_635' title='bbox 972 4674 1106 4729; x_wconf 88' lang='lat' dir='ltr'><strong>iram</strong></span> <span class='ocrx_word' id='word_1_636' title='bbox 1137 4677 1386 4745; x_wconf 85' lang='lat' dir='ltr'><strong>suscipit,</strong></span> <span class='ocrx_word' id='word_1_637' title='bbox 1430 4679 1781 4746; x_wconf 86' lang='lat' dir='ltr'><strong>permittente</strong></span> <span class='ocrx_word' id='word_1_638' title='bbox 1827 4680 1936 4735; x_wconf 85' lang='lat' dir='ltr'><strong>Deo</strong></span> <span class='ocrx_word' id='word_1_639' title='bbox 1971 4680 2135 4749; x_wconf 85' lang='lat' dir='ltr'><strong>spiri-</strong></span> 
     </span>
    </p>
   </div>
   <div class='ocr_carea' id='block_1_93' title="bbox 571 4759 2133 4834">
    <p class='ocr_par' dir='ltr' id='par_1_93' title="bbox 571 4759 2133 4834">
     <span class='ocr_line' id='line_1_93' title="bbox 571 4759 2133 4834; baseline 0.004 -21"><span class='ocrx_word' id='word_1_640' title='bbox 571 4759 662 4813; x_wconf 76' lang='lat' dir='ltr'><strong>tali</strong></span> <span class='ocrx_word' id='word_1_641' title='bbox 685 4774 819 4814; x_wconf 87' lang='lat' dir='ltr'><strong>cum</strong></span> <span class='ocrx_word' id='word_1_642' title='bbox 858 4774 925 4815; x_wconf 92' lang='lat' dir='ltr'><strong>eo</strong></span> <span class='ocrx_word' id='word_1_643' title='bbox 962 4763 1259 4818; x_wconf 89' lang='lat' dir='ltr'><strong>certamine</strong></span> <span class='ocrx_word' id='word_1_644' title='bbox 1299 4763 1577 4819; x_wconf 88' lang='lat' dir='ltr'><strong>diabolum</strong></span> <span class='ocrx_word' id='word_1_645' title='bbox 1611 4766 1894 4834; x_wconf 79' lang='lat' dir='ltr'><strong>congredi,</strong></span> <span class='ocrx_word' id='word_1_646' title='bbox 1923 4782 1986 4820; x_wconf 87' lang='lat' dir='ltr'><strong>ac</strong></span> <span class='ocrx_word' id='word_1_647' title='bbox 2019 4776 2133 4820; x_wconf 88' lang='lat' dir='ltr'><strong>tum</strong></span> 
     </span>
    </p>
   </div>
   <div class='ocr_carea' id='block_1_94' title="bbox 568 4848 2133 4925">
    <p class='ocr_par' dir='ltr' id='par_1_94' title="bbox 568 4848 2133 4925">
     <span class='ocr_line' id='line_1_94' title="bbox 568 4848 2133 4925; baseline 0.007 -25"><span class='ocrx_word' id='word_1_648' title='bbox 568 4848 788 4905; x_wconf 83' lang='lat' dir='ltr'><strong>virtutis</strong></span> <span class='ocrx_word' id='word_1_649' title='bbox 811 4849 1004 4905; x_wconf 90' lang='lat' dir='ltr'><strong>modos</strong></span> <span class='ocrx_word' id='word_1_650' title='bbox 1027 4852 1261 4907; x_wconf 86' lang='lat' dir='ltr'><strong>actionis</strong></span> <span class='ocrx_word' id='word_1_651' title='bbox 1292 4853 1441 4906; x_wconf 88' lang='lat' dir='ltr'><strong>cultu</strong></span> <span class='ocrx_word' id='word_1_652' title='bbox 1474 4862 1744 4919; x_wconf 86' lang='lat' dir='ltr'><strong>evertere,</strong></span> <span class='ocrx_word' id='word_1_653' title='bbox 1783 4862 2007 4925; x_wconf 87' lang='lat' dir='ltr'><strong>tumque</strong></span> <span class='ocrx_word' id='word_1_654' title='bbox 2049 4858 2133 4910; x_wconf 91' lang='lat' dir='ltr'><strong>lu-</strong></span> 
     </span>
    </p>
   </div>
   <div class='ocr_carea' id='block_1_95' title="bbox 569 4938 2138 5011">
    <p class='ocr_par' dir='ltr' id='par_1_95' title="bbox 569 4938 2138 5011">
     <span class='ocr_line' id='line_1_95' title="bbox 569 4938 2138 5011; baseline 0.009 -24"><span class='ocrx_word' id='word_1_655' title='bbox 569 4938 719 4992; x_wconf 71' lang='lat' dir='ltr'><strong>ridas</strong></span> <span class='ocrx_word' id='word_1_656' title='bbox 742 4939 985 4995; x_wconf 72' lang='lat' dir='ltr'><strong>scientia:</strong></span> <span class='ocrx_word' id='word_1_657' title='bbox 1010 4940 1249 4995; x_wconf 89' lang='lat' dir='ltr'><strong>rationes</strong></span> <span class='ocrx_word' id='word_1_658' title='bbox 1274 4942 1677 5011; x_wconf 89' lang='lat' dir='ltr'><strong>contemplandi</strong></span> <span class='ocrx_word' id='word_1_659' title='bbox 1708 4943 1890 4999; x_wconf 91' lang='lat' dir='ltr'><strong>studio</strong></span> <span class='ocrx_word' id='word_1_660' title='bbox 1919 4946 2138 5001; x_wconf 83' lang='lat' dir='ltr'><strong>turbare</strong></span> 
     </span>
    </p>
   </div>
   <div class='ocr_carea' id='block_1_96' title="bbox 570 5029 2142 5101">
    <p class='ocr_par' dir='ltr' id='par_1_96' title="bbox 570 5029 2142 5101">
     <span class='ocr_line' id='line_1_96' title="bbox 570 5029 2142 5101; baseline 0.006 -21"><span class='ocrx_word' id='word_1_661' title='bbox 570 5046 631 5081; x_wconf 73' lang='lat' dir='ltr'><strong>ac</strong></span> <span class='ocrx_word' id='word_1_662' title='bbox 654 5029 1021 5085; x_wconf 79' lang='lat' dir='ltr'><strong>confundere:</strong></span> <span class='ocrx_word' id='word_1_663' title='bbox 1048 5046 1159 5099; x_wconf 89' lang='lat' dir='ltr'><strong>quo</strong></span> <span class='ocrx_word' id='word_1_664' title='bbox 1174 5031 1429 5084; x_wconf 88' lang='lat' dir='ltr'><strong>nimirum</strong></span> <span class='ocrx_word' id='word_1_665' title='bbox 1452 5047 1605 5085; x_wconf 86' lang='lat' dir='ltr'><strong>suam</strong></span> <span class='ocrx_word' id='word_1_666' title='bbox 1633 5034 1746 5101; x_wconf 91' lang='lat' dir='ltr'><strong>ipse</strong></span> <span class='ocrx_word' id='word_1_667' title='bbox 1770 5034 1967 5089; x_wconf 85' lang='lat' dir='ltr'><strong>doctus</strong></span> <span class='ocrx_word' id='word_1_668' title='bbox 1993 5035 2142 5090; x_wconf 82' lang='lat' dir='ltr'><strong>inlir-</strong></span> 
     </span>
    </p>
   </div>
   <div class='ocr_carea' id='block_1_97' title="bbox 570 5121 2139 5194">
    <p class='ocr_par' dir='ltr' id='par_1_97' title="bbox 570 5121 2139 5194">
     <span class='ocr_line' id='line_1_97' title="bbox 570 5121 2139 5194; baseline 0.008 -23"><span class='ocrx_word' id='word_1_669' title='bbox 570 5121 834 5187; x_wconf 86' lang='lat' dir='ltr'><strong>milatem,</strong></span> <span class='ocrx_word' id='word_1_670' title='bbox 873 5122 1093 5177; x_wconf 86' lang='lat' dir='ltr'><strong>unicam</strong></span> <span class='ocrx_word' id='word_1_671' title='bbox 1124 5124 1271 5177; x_wconf 87' lang='lat' dir='ltr'><strong>illam</strong></span> <span class='ocrx_word' id='word_1_672' title='bbox 1304 5122 1465 5194; x_wconf 75' lang='lat'><strong>563</strong></span> <span class='ocrx_word' id='word_1_673' title='bbox 1493 5127 1793 5193; x_wconf 88' lang='lat' dir='ltr'><strong>potentiam</strong></span> <span class='ocrx_word' id='word_1_674' title='bbox 1822 5127 2053 5183; x_wconf 68' lang='lat' dir='ltr'><strong>allectus</strong></span> <span class='ocrx_word' id='word_1_675' title='bbox 2086 5130 2139 5183; x_wconf 93' lang='lat' dir='ltr'><strong>in</strong></span> 
     </span>
    </p>
   </div>
   <div class='ocr_carea' id='block_1_98' title="bbox 568 5212 2133 5290">
    <p class='ocr_par' dir='ltr' id='par_1_98' title="bbox 568 5212 2133 5290">
     <span class='ocr_line' id='line_1_98' title="bbox 568 5212 2133 5290; baseline 0.007 -27"><span class='ocrx_word' id='word_1_676' title='bbox 568 5212 729 5266; x_wconf 90' lang='lat' dir='ltr'><strong>nobis</strong></span> <span class='ocrx_word' id='word_1_677' title='bbox 752 5228 815 5266; x_wconf 90' lang='lat' dir='ltr'><strong>ac</strong></span> <span class='ocrx_word' id='word_1_678' title='bbox 838 5213 1098 5268; x_wconf 86' lang='lat' dir='ltr'><strong>libidines</strong></span> <span class='ocrx_word' id='word_1_679' title='bbox 1122 5224 1546 5284; x_wconf 79' lang='lat' dir='ltr'><strong>expugnantem,</strong></span> <span class='ocrx_word' id='word_1_680' title='bbox 1576 5220 1810 5282; x_wconf 83' lang='lat' dir='ltr'><strong>noverit,</strong></span> <span class='ocrx_word' id='word_1_681' title='bbox 1830 5220 2133 5290; x_wconf 85' lang='lat' dir='ltr'><strong>ductusth</strong></span> 
     </span>
    </p>
   </div>
   <div class='ocr_carea' id='block_1_99' title="bbox 571 5303 2132 5381">
    <p class='ocr_par' dir='ltr' id='par_1_99' title="bbox 571 5303 2132 5381">
     <span class='ocr_line' id='line_1_99' title="bbox 571 5303 2132 5381; baseline 0.008 -29"><span class='ocrx_word' id='word_1_682' title='bbox 571 5303 892 5367; x_wconf 75' lang='lat' dir='ltr'><strong>pmnitentia</strong></span> <span class='ocrx_word' id='word_1_683' title='bbox 920 5303 1261 5367; x_wconf 87' lang='lat' dir='ltr'><strong>humilietur,</strong></span> <span class='ocrx_word' id='word_1_684' title='bbox 1311 5304 1490 5361; x_wconf 87' lang='lat' dir='ltr'><strong>inanis</strong></span> <span class='ocrx_word' id='word_1_685' title='bbox 1532 5308 1704 5361; x_wconf 80' lang='lat' dir='ltr'><strong>fastus</strong></span> <span class='ocrx_word' id='word_1_686' title='bbox 1738 5324 1801 5362; x_wconf 90' lang='lat' dir='ltr'><strong>ac</strong></span> <span class='ocrx_word' id='word_1_687' title='bbox 1832 5326 1981 5366; x_wconf 61' lang='lat' dir='ltr'><strong>vanae</strong></span> <span class='ocrx_word' id='word_1_688' title='bbox 2013 5314 2132 5381; x_wconf 85' lang='lat' dir='ltr'><strong>opi-</strong></span> 
     </span>
    </p>
   </div>
   <div class='ocr_carea' id='block_1_100' title="bbox 571 5386 2131 5468">
    <p class='ocr_par' dir='ltr' id='par_1_100' title="bbox 571 5386 2131 5468">
     <span class='ocr_line' id='line_1_100' title="bbox 571 5386 2131 5468; baseline 0.012 -32"><span class='ocrx_word' id='word_1_689' title='bbox 571 5386 750 5440; x_wconf 83' lang='lat' dir='ltr'><strong>nionis</strong></span> <span class='ocrx_word' id='word_1_690' title='bbox 770 5397 981 5443; x_wconf 86' lang='lat' dir='ltr'><strong>tumore</strong></span> <span class='ocrx_word' id='word_1_691' title='bbox 1001 5391 1247 5457; x_wconf 85' lang='lat' dir='ltr'><strong>abjeeto;</strong></span> <span class='ocrx_word' id='word_1_692' title='bbox 1272 5392 1550 5462; x_wconf 84' lang='lat' dir='ltr'><strong>Deumque</strong></span> <span class='ocrx_word' id='word_1_693' title='bbox 1569 5395 1801 5450; x_wconf 81' lang='lat' dir='ltr'><strong>reddens</strong></span> <span class='ocrx_word' id='word_1_694' title='bbox 1818 5400 2131 5468; x_wconf 85' lang='lat' dir='ltr'><strong>propitium,</strong></span> 
     </span>
    </p>
   </div>
   <div class='ocr_carea' id='block_1_101' title="bbox 572 5480 2135 5560">
    <p class='ocr_par' dir='ltr' id='par_1_101' title="bbox 572 5480 2135 5560">
     <span class='ocr_line' id='line_1_101' title="bbox 572 5480 2135 5560; baseline 0.013 -34"><span class='ocrx_word' id='word_1_695' title='bbox 572 5480 1048 5542; x_wconf 75' lang='lat' dir='ltr'><strong>supervenientem</strong></span> <span class='ocrx_word' id='word_1_696' title='bbox 1082 5481 1551 5549; x_wconf 71' lang='lat' dir='ltr'><strong>impmnitcntibus</strong></span> <span class='ocrx_word' id='word_1_697' title='bbox 1576 5486 1711 5539; x_wconf 84' lang='lat' dir='ltr'><strong>iram</strong></span> <span class='ocrx_word' id='word_1_698' title='bbox 1736 5499 1975 5557; x_wconf 73' lang='lat' dir='ltr'><strong>avertat;</strong></span> <span class='ocrx_word' id='word_1_699' title='bbox 2015 5510 2135 5560; x_wconf 67' lang='lat' dir='ltr'><strong>qua:</strong></span> 
     </span>
    </p>
   </div>
   <div class='ocr_carea' id='block_1_102' title="bbox 644 5609 1292 5677">
    <p class='ocr_par' dir='ltr' id='par_1_102' title="bbox 644 5609 1292 5677">
     <span class='ocr_line' id='line_1_102' title="bbox 644 5609 1292 5677; baseline 0.014 -18"><span class='ocrx_word' id='word_1_700' title='bbox 644 5612 687 5639; x_wconf 60' lang='grc' dir='ltr'>εν</span> <span class='ocrx_word' id='word_1_701' title='bbox 720 5609 763 5661; x_wconf 88' lang='lat' dir='ltr'><strong>ll</strong></span> <span class='ocrx_word' id='word_1_702' title='bbox 796 5611 971 5666; x_wconf 79' lang='lat' dir='ltr'><strong>Paral.</strong></span> <span class='ocrx_word' id='word_1_703' title='bbox 1003 5630 1167 5677; x_wconf 57' lang='grc' dir='ltr'>χχιιι,</span> <span class='ocrx_word' id='word_1_704' title='bbox 1204 5618 1292 5669; x_wconf 65' lang='grc' dir='ltr'><strong>ἓὸ.</strong></span> 
     </span>
    </p>
   </div>
   <div class='ocr_carea' id='block_1_103' title="bbox 647 5722 1272 5797">
    <p class='ocr_par' dir='ltr' id='par_1_103' title="bbox 647 5722 1272 5797">
     <span class='ocr_line' id='line_1_103' title="bbox 647 5722 1272 5797; baseline 0.006 -20"><span class='ocrx_word' id='word_1_705' title='bbox 647 5726 662 5742; x_wconf 72' lang='grc'><em>’</em></span> <span class='ocrx_word' id='word_1_706' title='bbox 696 5722 764 5778; x_wconf 79' lang='lat' dir='ltr'><strong>cr</strong></span> <span class='ocrx_word' id='word_1_707' title='bbox 811 5724 879 5778; x_wconf 86' lang='lat' dir='ltr'><strong>ad</strong></span> <span class='ocrx_word' id='word_1_708' title='bbox 910 5725 1065 5781; x_wconf 78' lang='lat' dir='ltr'><strong>Tltal.</strong></span> <span class='ocrx_word' id='word_1_709' title='bbox 1099 5742 1153 5797; x_wconf 54' lang='grc' dir='ltr'><strong>α.</strong></span> <span class='ocrx_word' id='word_1_710' title='bbox 1187 5728 1272 5783; x_wconf 67' lang='lat'><strong>53.</strong></span> 
     </span>
    </p>
   </div>
   <div class='ocr_carea' id='block_1_104' title="bbox 2236 4570 3788 4656">
    <p class='ocr_par' dir='ltr' id='par_1_104' title="bbox 2236 4570 3788 4656">
     <span class='ocr_line' id='line_1_104' title="bbox 2236 4570 3788 4656; baseline -0.012 -15"><span class='ocrx_word' id='word_1_711' title='bbox 2236 4588 2400 4641; x_wconf 77' lang='grc' dir='ltr'>ἔλαϐε</span> <span class='ocrx_word' id='word_1_712' title='bbox 2448 4585 2771 4656; x_wconf 83' lang='grc' dir='ltr'>χαρίσμασι,</span> <span class='ocrx_word' id='word_1_713' title='bbox 2808 4582 2950 4651; x_wconf 76' lang='grc' dir='ltr'>μέγα</span> <span class='ocrx_word' id='word_1_714' title='bbox 3008 4574 3403 4649; x_wconf 71' lang='grc' dir='ltr'>φρονήσας,ὼς</span> <span class='ocrx_word' id='word_1_715' title='bbox 3464 4576 3541 4644; x_wconf 78' lang='grc' dir='ltr'>μὴ</span> <span class='ocrx_word' id='word_1_716' title='bbox 3598 4570 3788 4633; x_wconf 83' lang='grc' dir='ltr'>λαϐὼν,</span> 
     </span>
    </p>
   </div>
   <div class='ocr_carea' id='block_1_105' title="bbox 2237 4662 3785 4745">
    <p class='ocr_par' dir='ltr' id='par_1_105' title="bbox 2237 4662 3785 4745">
     <span class='ocr_line' id='line_1_105' title="bbox 2237 4662 3785 4745; baseline -0.013 -12"><span class='ocrx_word' id='word_1_717' title='bbox 2237 4680 2460 4740; x_wconf 81' lang='grc' dir='ltr'>ἐνδίκως</span> <span class='ocrx_word' id='word_1_718' title='bbox 2509 4675 2723 4745; x_wconf 83' lang='grc' dir='ltr'>δέχεται</span> <span class='ocrx_word' id='word_1_719' title='bbox 2776 4671 3068 4739; x_wconf 72' lang='grc' dir='ltr'>γινομένην</span> <span class='ocrx_word' id='word_1_720' title='bbox 3112 4667 3198 4719; x_wconf 76' lang='grc' dir='ltr'><strong>ἐπ’</strong></span> <span class='ocrx_word' id='word_1_721' title='bbox 3233 4666 3383 4735; x_wconf 77' lang='grc' dir='ltr'>αὐτῷ</span> <span class='ocrx_word' id='word_1_722' title='bbox 3431 4664 3533 4734; x_wconf 79' lang='grc' dir='ltr'>τὴν</span> <span class='ocrx_word' id='word_1_723' title='bbox 3588 4662 3785 4734; x_wconf 76' lang='grc' dir='ltr'>ὀργὴν.</span> 
     </span>
    </p>
   </div>
   <div class='ocr_carea' id='block_1_106' title="bbox 2239 4747 3789 4839">
    <p class='ocr_par' dir='ltr' id='par_1_106' title="bbox 2239 4747 3789 4839">
     <span class='ocr_line' id='line_1_106' title="bbox 2239 4747 3789 4839; baseline -0.012 -16"><span class='ocrx_word' id='word_1_724' title='bbox 2239 4765 2644 4839; x_wconf 76' lang='grc' dir='ltr'>συγχωροῦντος</span> <span class='ocrx_word' id='word_1_725' title='bbox 2713 4761 2807 4816; x_wconf 67' lang='lat' dir='ltr'><strong>ruﬁ</strong></span> <span class='ocrx_word' id='word_1_726' title='bbox 2848 4759 2985 4813; x_wconf 83' lang='grc' dir='ltr'>Θεοῦ</span> <span class='ocrx_word' id='word_1_727' title='bbox 3027 4758 3105 4829; x_wconf 80' lang='grc' dir='ltr'><strong>τῷ</strong></span> <span class='ocrx_word' id='word_1_728' title='bbox 3153 4756 3385 4826; x_wconf 82' lang='grc' dir='ltr'>διαϐόλῳ</span> <span class='ocrx_word' id='word_1_729' title='bbox 3414 4754 3626 4827; x_wconf 84' lang='grc' dir='ltr'>νοητῶς</span> <span class='ocrx_word' id='word_1_730' title='bbox 3653 4747 3789 4839; x_wconf 55' lang='grc' dir='ltr'>αὐτῷ</span> 
     </span>
    </p>
   </div>
   <div class='ocr_carea' id='block_1_107' title="bbox 2239 4838 3791 4931">
    <p class='ocr_par' dir='ltr' id='par_1_107' title="bbox 2239 4838 3791 4931">
     <span class='ocr_line' id='line_1_107' title="bbox 2239 4838 3791 4931; baseline -0.014 -17"><span class='ocrx_word' id='word_1_731' title='bbox 2239 4880 2300 4914; x_wconf 81' lang='grc' dir='ltr'><strong>συ</strong></span> <span class='ocrx_word' id='word_1_732' title='bbox 2311 4838 2647 4931; x_wconf 69' lang='grc' dir='ltr'>μπλακῆναιο</span> <span class='ocrx_word' id='word_1_733' title='bbox 2682 4853 2777 4907; x_wconf 75' lang='grc' dir='ltr'>καὶ</span> <span class='ocrx_word' id='word_1_734' title='bbox 2799 4850 2923 4913; x_wconf 82' lang='grc' dir='ltr'>τοὺς</span> <span class='ocrx_word' id='word_1_735' title='bbox 2944 4850 3087 4903; x_wconf 71' lang='grc' dir='ltr'>κατὰ</span> <span class='ocrx_word' id='word_1_736' title='bbox 3114 4849 3214 4918; x_wconf 78' lang='grc' dir='ltr'>τὴν</span> <span class='ocrx_word' id='word_1_737' title='bbox 3238 4845 3435 4917; x_wconf 79' lang='grc' dir='ltr'>πρᾶξιν</span> <span class='ocrx_word' id='word_1_738' title='bbox 3459 4838 3791 4913; x_wconf 83' lang='grc' dir='ltr'>παρασαλεῦ-</span> 
     </span>
    </p>
   </div>
   <div class='ocr_carea' id='block_1_108' title="bbox 2244 4931 3791 5018">
    <p class='ocr_par' dir='ltr' id='par_1_108' title="bbox 2244 4931 3791 5018">
     <span class='ocr_line' id='line_1_108' title="bbox 2244 4931 3791 5018; baseline -0.014 -14"><span class='ocrx_word' id='word_1_739' title='bbox 2244 4969 2330 5004; x_wconf 64' lang='lat' dir='ltr'><strong>aut</strong></span> <span class='ocrx_word' id='word_1_740' title='bbox 2381 4949 2616 5018; x_wconf 82' lang='grc' dir='ltr'>τρόπους</span> <span class='ocrx_word' id='word_1_741' title='bbox 2661 4943 2761 5011; x_wconf 66' lang='grc' dir='ltr'>τῆς</span> <span class='ocrx_word' id='word_1_742' title='bbox 2805 4939 3030 5011; x_wconf 80' lang='grc' dir='ltr'>ἀρετῆς,</span> <span class='ocrx_word' id='word_1_743' title='bbox 3082 4938 3175 4990; x_wconf 73' lang='grc' dir='ltr'><strong>καὶ</strong></span> <span class='ocrx_word' id='word_1_744' title='bbox 3219 4937 3347 4999; x_wconf 76' lang='grc' dir='ltr'>τοὺς</span> <span class='ocrx_word' id='word_1_745' title='bbox 3388 4936 3527 4988; x_wconf 80' lang='grc' dir='ltr'>κατὰ</span> <span class='ocrx_word' id='word_1_746' title='bbox 3569 4931 3791 5003; x_wconf 78' lang='grc' dir='ltr'>θεωρίαν</span> 
     </span>
    </p>
   </div>
   <div class='ocr_carea' id='block_1_109' title="bbox 2239 5018 3789 5107">
    <p class='ocr_par' dir='ltr' id='par_1_109' title="bbox 2239 5018 3789 5107">
     <span class='ocr_line' id='line_1_109' title="bbox 2239 5018 3789 5107; baseline -0.016 -14"><span class='ocrx_word' id='word_1_747' title='bbox 2239 5041 2482 5107; x_wconf 77' lang='grc' dir='ltr'>διαυγεῖς</span> <span class='ocrx_word' id='word_1_748' title='bbox 2513 5033 2836 5088; x_wconf 75' lang='grc' dir='ltr'>ὲπιθολῶσαι</span> <span class='ocrx_word' id='word_1_749' title='bbox 2856 5031 3045 5099; x_wconf 79' lang='grc' dir='ltr'>λόγους</span> <span class='ocrx_word' id='word_1_750' title='bbox 3075 5028 3172 5098; x_wconf 80' lang='grc' dir='ltr'><strong>τῆς</strong></span> <span class='ocrx_word' id='word_1_751' title='bbox 3195 5026 3471 5094; x_wconf 77' lang='grc' dir='ltr'>γνώσεως,</span> <span class='ocrx_word' id='word_1_752' title='bbox 3499 5025 3586 5079; x_wconf 83' lang='grc' dir='ltr'>ἵνα</span> <span class='ocrx_word' id='word_1_753' title='bbox 3618 5018 3789 5093; x_wconf 85' lang='grc' dir='ltr'>μαθὼν</span> 
     </span>
    </p>
   </div>
   <div class='ocr_carea' id='block_1_110' title="bbox 2239 5114 3787 5201">
    <p class='ocr_par' dir='ltr' id='par_1_110' title="bbox 2239 5114 3787 5201">
     <span class='ocr_line' id='line_1_110' title="bbox 2239 5114 3787 5201; baseline -0.014 -18"><span class='ocrx_word' id='word_1_754' title='bbox 2239 5132 2337 5201; x_wconf 76' lang='grc' dir='ltr'><strong>τὴν</strong></span> <span class='ocrx_word' id='word_1_755' title='bbox 2377 5127 2584 5198; x_wconf 69' lang='grc' dir='ltr'>οἰκείαν</span> <span class='ocrx_word' id='word_1_756' title='bbox 2628 5124 2937 5186; x_wconf 78' lang='grc' dir='ltr'>ἀσθένειαν,</span> <span class='ocrx_word' id='word_1_757' title='bbox 2965 5118 3172 5188; x_wconf 82' lang='grc' dir='ltr'>ἐπιγνῷ</span> <span class='ocrx_word' id='word_1_758' title='bbox 3214 5116 3316 5187; x_wconf 76' lang='grc' dir='ltr'>τὴν</span> <span class='ocrx_word' id='word_1_759' title='bbox 3348 5116 3516 5185; x_wconf 87' lang='grc' dir='ltr'>μόνην</span> <span class='ocrx_word' id='word_1_760' title='bbox 3547 5114 3787 5181; x_wconf 81' lang='grc' dir='ltr'>δύναμιν,</span> 
     </span>
    </p>
   </div>
   <div class='ocr_carea' id='block_1_111' title="bbox 2241 5209 3785 5291">
    <p class='ocr_par' dir='ltr' id='par_1_111' title="bbox 2241 5209 3785 5291">
     <span class='ocr_line' id='line_1_111' title="bbox 2241 5209 3785 5291; baseline -0.015 -15"><span class='ocrx_word' id='word_1_761' title='bbox 2241 5224 2337 5291; x_wconf 77' lang='grc' dir='ltr'><strong>τὴν</strong></span> <span class='ocrx_word' id='word_1_762' title='bbox 2361 5221 2428 5274; x_wconf 79' lang='grc' dir='ltr'>τὰ</span> <span class='ocrx_word' id='word_1_763' title='bbox 2457 5219 2602 5288; x_wconf 87' lang='grc' dir='ltr'>πάθη</span> <span class='ocrx_word' id='word_1_764' title='bbox 2629 5219 2687 5270; x_wconf 78' lang='grc' dir='ltr'>ὲν</span> <span class='ocrx_word' id='word_1_765' title='bbox 2716 5217 2849 5284; x_wconf 83' lang='grc' dir='ltr'>ἡμῖν</span> <span class='ocrx_word' id='word_1_766' title='bbox 2875 5210 3377 5269; x_wconf 83' lang='grc' dir='ltr'>καταπαλαίουσαν,</span> <span class='ocrx_word' id='word_1_767' title='bbox 3409 5209 3503 5261; x_wconf 74' lang='grc' dir='ltr'>καὶ</span> <span class='ocrx_word' id='word_1_768' title='bbox 3531 5218 3785 5291; x_wconf 55' lang='grc' dir='ltr'>ταπεινωέ</span> 
     </span>
    </p>
   </div>
   <div class='ocr_carea' id='block_1_112' title="bbox 2242 5290 3786 5383">
    <p class='ocr_par' dir='ltr' id='par_1_112' title="bbox 2242 5290 3786 5383">
     <span class='ocr_line' id='line_1_112' title="bbox 2242 5290 3786 5383; baseline -0.014 -20"><span class='ocrx_word' id='word_1_769' title='bbox 2242 5290 2306 5383; x_wconf 73' lang='grc' dir='ltr'>θῇ</span> <span class='ocrx_word' id='word_1_770' title='bbox 2342 5308 2699 5379; x_wconf 80' lang='grc' dir='ltr'>μετανοήσας,</span> <span class='ocrx_word' id='word_1_771' title='bbox 2718 5304 2807 5358; x_wconf 78' lang='grc' dir='ltr'><strong>τὸν</strong></span> <span class='ocrx_word' id='word_1_772' title='bbox 2822 5302 2983 5371; x_wconf 76' lang='grc' dir='ltr'>ὄγκον</span> <span class='ocrx_word' id='word_1_773' title='bbox 3014 5298 3300 5354; x_wconf 79' lang='grc' dir='ltr'>ἀποϐαλὼν</span> <span class='ocrx_word' id='word_1_774' title='bbox 3320 5298 3418 5368; x_wconf 81' lang='grc' dir='ltr'>τῆς</span> <span class='ocrx_word' id='word_1_775' title='bbox 3446 5300 3688 5371; x_wconf 71' lang='grc' dir='ltr'>οἰήσεως,</span> <span class='ocrx_word' id='word_1_776' title='bbox 3705 5290 3786 5383; x_wconf 61' lang='grc' dir='ltr'><strong>καὶ</strong></span> 
     </span>
    </p>
   </div>
   <div class='ocr_carea' id='block_1_113' title="bbox 2241 5378 3785 5465">
    <p class='ocr_par' dir='ltr' id='par_1_113' title="bbox 2241 5378 3785 5465">
     <span class='ocr_line' id='line_1_113' title="bbox 2241 5378 3785 5465; baseline -0.014 -11"><span class='ocrx_word' id='word_1_777' title='bbox 2241 5378 2349 5454; x_wconf 57' lang='grc' dir='ltr'><strong>τόν</strong></span> <span class='ocrx_word' id='word_1_778' title='bbox 2386 5400 2518 5453; x_wconf 70' lang='grc' dir='ltr'>Θεὸν</span> <span class='ocrx_word' id='word_1_779' title='bbox 2555 5396 2868 5465; x_wconf 81' lang='grc' dir='ltr'>ἱλεώσηται,</span> <span class='ocrx_word' id='word_1_780' title='bbox 2900 5393 2994 5445; x_wconf 77' lang='grc' dir='ltr'><strong>καὶ</strong></span> <span class='ocrx_word' id='word_1_781' title='bbox 3017 5389 3337 5461; x_wconf 65' lang='grc' dir='ltr'>ἀποστρέψῃ</span> <span class='ocrx_word' id='word_1_782' title='bbox 3366 5389 3464 5458; x_wconf 81' lang='grc' dir='ltr'><strong>τὴν</strong></span> <span class='ocrx_word' id='word_1_783' title='bbox 3504 5378 3785 5454; x_wconf 73' lang='grc' dir='ltr'>ἐπερχομέ-</span> 
     </span>
    </p>
   </div>
   <div class='ocr_carea' id='block_1_114' title="bbox 2242 5475 3793 5565">
    <p class='ocr_par' dir='ltr' id='par_1_114' title="bbox 2242 5475 3793 5565">
     <span class='ocr_line' id='line_1_114' title="bbox 2242 5475 3793 5565; baseline -0.013 -17"><span class='ocrx_word' id='word_1_784' title='bbox 2242 5514 2336 5565; x_wconf 77' lang='grc' dir='ltr'><strong>νην</strong></span> <span class='ocrx_word' id='word_1_785' title='bbox 2363 5497 2472 5557; x_wconf 82' lang='grc' dir='ltr'>τοῖς</span> <span class='ocrx_word' id='word_1_786' title='bbox 2524 5494 2597 5564; x_wconf 81' lang='grc' dir='ltr'><strong>μὴ</strong></span> <span class='ocrx_word' id='word_1_787' title='bbox 2644 5487 2995 5563; x_wconf 63' lang='grc' dir='ltr'>μετανοοῦσιν</span> <span class='ocrx_word' id='word_1_788' title='bbox 3049 5485 3240 5559; x_wconf 80' lang='grc' dir='ltr'>ὀργὴν,</span> <span class='ocrx_word' id='word_1_789' title='bbox 3269 5484 3367 5556; x_wconf 70' lang='grc' dir='ltr'><strong>τὴν</strong></span> <span class='ocrx_word' id='word_1_790' title='bbox 3402 5475 3793 5553; x_wconf 60' lang='grc' dir='ltr'>ἀφαιρουμένην</span> 
     </span>
    </p>
   </div>
  </div>
