4060 6322
352 424 498 493 19269

1024 424 1356 486 CAPITUM
1389 422 1810 495 QUINQUIES
1847 419 2364 481 CENTENORUM
2402 421 2792 481 CENTURIA
2832 421 2947 480 III.

3453 414 3589 478 1270

348 538 457 605 τὴν
481 533 824 606 φρουροῦσαν
855 532 952 603 τὴν
980 532 1159 609 ψυχὴν
1193 533 1375 604 χάριν,
1395 532 1490 586 καὶ
1515 530 1723 609 ἔρημον
1759 546 1930 583 κατα-

2046 544 2227 599 nempe
2256 530 2485 600 gratiam
2510 530 2748 585 anlmam
2782 528 3118 585 munientem
3152 524 3385 589 auferat,
3420 525 3602 595 ingra-

349 625 731 697 λιμπάνουσαν
763 622 853 678 τὸν
882 622 1171 696 ἀγνώμονα
1197 622 1342 679 νοῦν.

422 805 535 867 κγ’.
576 797 744 870 Ὀργὴ
776 800 1043 870 σωτήριός
1063 801 1232 863 ἐστιν,
1267 801 1301 869 ἡ
1334 800 1470 870 πρὸς
1484 798 1545 853 τὸ
1576 796 1929 869 πολεμεῖσθαι

353 889 446 943 τὸν
504 890 854 962 ὑψηλόφρονα
900 877 1025 945 νοῦν
1066 894 1182 954 τοῖς
1215 892 1444 946 πάθεσιν
1475 890 1580 944 ὑπὸ
1604 890 1714 943 τῶν
1746 889 1932 959 δαιμό-

355 997 483 1043 νων,
521 982 639 1036 θεία
665 982 1011 1053 συγχώρησις
1040 999 1053 1013 ·
1092 983 1179 1036 ἵνα
1198 982 1310 1053 γνῷ
1334 981 1557 1051 πάσχων
1581 980 1813 1049 ἀτίμως,
1841 978 1931 1032 ἐπ’

354 1071 579 1140 ἀρεταῖς
637 1071 1172 1142 μεγαλαυχούμενος,
1207 1070 1291 1134 τίς
1338 1071 1367 1125 ὁ
1415 1066 1620 1121 τούτων
1691 1067 1929 1140 ὑπάρχει

351 1158 520 1228 δοτήρ
544 1174 557 1188 ’
597 1159 631 1230 ἢ
667 1160 892 1233 γένηται
924 1160 1031 1214 τῶν
1075 1160 1377 1232 ἀλλοτρίων
1411 1157 1642 1229 γυμνὸς.
1665 1158 1808 1231 άπερ
1855 1158 1930 1221 ὼς

340 1250 435 1322 μὴ
465 1250 665 1316 λαϐὼν,
694 1251 838 1324 ἔχειν
863 1251 1104 1323 ἐνόμιζε.

430 1427 526 1479 κδ’.
562 1429 848 1499 Μακάριος
902 1428 1070 1492 ὅντως
1113 1429 1317 1491 ἐκεῖνος
1344 1430 1372 1481 ὁ
1396 1429 1540 1493 νοῦς,
1569 1430 1597 1480 ὸ
1623 1429 1737 1489 τοῖς
1780 1424 1930 1480 οὖσιν
1968 1502 1972 1506 4

356 1510 562 1571 ἅπασιν
606 1518 905 1582 ὲπαινετῶς
963 1518 1251 1573 ἀποθανών
1282 1535 1297 1550 ο
1328 1521 1440 1582 τοῖς
1474 1518 1575 1588 μὲν
1628 1517 1929 1588 αἰσθητοῖς,

354 1610 423 1677 τῇ
450 1608 710 1660 ἀποθέσει
757 1608 853 1678 τῆς
887 1609 1006 1661 κατ’
1037 1607 1290 1677 αἴσθησιν
1334 1607 1613 1678 ἐνεργείας
1645 1623 1659 1637 ο
1709 1609 1824 1669 τοῖς
1875 1605 1931 1657 δὲ

356 1701 598 1767 νοητοῖς,
630 1700 695 1768 τῇ
743 1698 847 1768 τῆς
891 1699 1085 1767 νοερᾶς
1135 1697 1443 1751 ἀποπαύσει
1502 1698 1791 1765 κινήσεως.
1824 1695 1929 1764 Ση-

359 1788 597 1858 μείωσαι
625 1787 683 1839 δὲ
716 1788 798 1840 ὅτι
827 1785 919 1839 νοῦ
946 1786 1176 1841 θάνατον
1205 1786 1596 1856 ἐπαινούμενον
1624 1785 1807 1853 λέγει,
1830 1782 1929 1851 τὴν

2034 629 2252 689 tamque
2278 630 2517 679 mentem
2550 629 2714 690 atque
2754 619 3063 690 improbam
3098 632 3327 675 vacuam
3364 617 3602 674 derelin—

2031 720 2181 780 quaL

2098 802 2185 855 2'5.
2216 803 2301 857 Ira
2316 803 2572 859 salutaris
2595 811 2709 868 est,
2725 803 2913 858 divina
2934 800 3222 872 permissio
3249 796 3604 867 impugnandi

2031 893 2267 971 animam
2301 893 2409 947 alta
2457 893 2759 963 sapientem
2801 893 3107 947 daemonum
3137 905 3323 960 opera,
3354 887 3449 956 qui
3482 886 3607 940 libi-

2030 984 2191 1041 dines
2223 992 2388 1054 atque
2433 985 2665 1043 allectus
2717 985 3183 1049 suceendant;.ut
3211 982 3341 1036 dum
3371 980 3607 1049 turpiter

2031 1092 2095 1131 ac
2127 1076 2485 1145 ignominioso
2514 1076 2768 1141 afficitur,
2812 1076 2907 1146 qui
2945 1076 3206 1130 virtutum
3238 1072 3459 1126 nomine
3487 1071 3603 1140 glo-

2035 1166 2302 1230 riabatur,
2329 1169 2548 1225 noverit
2587 1168 2714 1237 quis
2759 1168 2977 1223 illarum
3017 1165 3089 1221 sit
3115 1165 3306 1229 dator;
3333 1172 3428 1219 aut
3455 1167 3605 1217 certe

2034 1257 2231 1311 alienis
2263 1257 2526 1323 nudetur,
2555 1274 2679 1327 qua:
2714 1258 2794 1313 sic
2827 1258 3029 1313 habere
3066 1255 3432 1318 existimabat,
3457 1269 3522 1306 ac
3558 1251 3604 1307 si

2034 1363 2144 1404 non
2183 1351 2509 1418 accepisset.

2101 1438 2191 1493 24.
2220 1438 2420 1496 Beatus
2441 1454 2637 1494 revera
2658 1432 2755 1493 ille
2788 1439 3023 1500 animus,
3060 1436 3152 1506 qui
3176 1434 3392 1489 cunctis
3414 1432 3604 1487 lauda-

2032 1527 2220 1582 biliter
2266 1528 2434 1583 rebus
2464 1537 2719 1583 mortuus
2762 1534 2882 1591 est;
2933 1527 3002 1580 iis
3041 1525 3265 1593 quidem
3294 1537 3416 1591 qua:
3442 1536 3605 1575 sensu

2032 1610 2433 1686 percipiuntur,
2456 1617 2669 1689 abjecta
2709 1615 2981 1672 sentiendi
3008 1614 3359 1683 operatione;
3388 1611 3456 1666 iis
3475 1626 3609 1664 vero

2031 1724 2153 1777 qua:
2206 1717 2410 1775 mente,
2462 1710 2773 1768 cessatione
2821 1708 2891 1761 ab
2945 1703 3283 1776 intelligendi
3334 1712 3487 1757 motu
3548 1718 3612 1757 ac

2032 1800 2332 1855 iunctione.
2358 1801 2670 1856 Notandum
2698 1816 2830 1855 vero
2892 1798 3226 1853 laudabilem
3261 1795 3431 1850 animi
3469 1809 3613 1848 mor-

359 1883 498 1952 πρὸς
533 1882 711 1933 πάντα
742 1881 809 1932 τὰ
834 1880 963 1933 ὂντα
1002 1879 1290 1950 γνωμικὴν
1323 1877 1648 1945 άπογένεσιν
1684 1878 1783 1947 (y),
1814 1874 1932 1946 μεθ’

2046 1901 2147 1947 tem
2194 1892 2493 1961 appellare,
2539 1909 2661 1962 quae
2705 1893 2987 1947 voluntate
3019 1888 3298 1957 animique
3340 1885 3610 1942 sententia

357 1973 425 2044 ῆν
456 1971 553 2040 τὴν
575 1971 695 2042 θείᾳ
719 1973 899 2045 χάριτι
936 1970 1080 2041 ζωὴν
1117 1968 1471 2040 ὑποδέχεσθαι
1503 1969 1745 2038 πέφυκεν
1767 1984 1782 1998 ⁸
1810 1966 1931 2021 ἀντὶ

356 2062 470 2116 τῶν
518 2062 709 2129 ὄντων,
736 2062 797 2116 τὸ
839 2063 1013 2119 αἴτιον
1060 2060 1168 2115 τῶν
1207 2062 1377 2115 ὄντων
1431 2061 1764 2131 ἁνεννοήτως
1790 2059 1927 2113 ἀπο-

358 2151 540 2209 λαϐών
550 2193 561 2205 .

433 2344 530 2380 κε.
561 2330 847 2399 Μακάριος
879 2332 907 2385 ὁ
960 2330 1201 2399 συνάψας
1256 2330 1316 2382 τὸ
1358 2331 1455 2400 μὲν
1497 2328 1801 2400 πρακτικὸν
1856 2325 1934 2395 τῷ

359 2418 507 2471 κατά
563 2418 727 2486 φύσιν
774 2419 967 2489 ἀγαθῷ
1003 2436 1016 2449 ·
1052 2420 1115 2475 τὸ
1168 2420 1224 2473 δὲ
1276 2418 1632 2494 θεωρητικὸν,
1666 2420 1735 2488 τῇ
1794 2415 1934 2469 κατὰ

360 2505 526 2574 φύσιν
564 2506 813 2577 ἀληθείᾳ.
853 2507 1011 2561 Πᾶσα
1054 2509 1165 2577 γὰρ
1217 2504 1435 2577 πρᾶξις,
1467 2504 1556 2557 διὰ
1608 2503 1670 2555 τὸ
1725 2501 1932 2571 ἀγαθὸν

361 2598 607 2665 γίνεσθαι
644 2598 855 2666 πέφυκε
884 2615 896 2629 ο
926 2599 1021 2651 καὶ
1053 2600 1201 2654 πᾶσα
1233 2597 1453 2663 θεωρία,
1476 2596 1575 2666 τὴν
1616 2595 1817 2665 γνῶσιν
1844 2594 1932 2647 διὰ

366 2689 535 2759 μόνην
564 2688 717 2759 ζητεῖ
745 2690 843 2759 τὴν
873 2689 1133 2759 ἀλήθειαν
1168 2705 1182 2717 ·
1215 2681 1289 2742 ὧν
1326 2688 1719 2741 διανυσθέντων
1737 2729 1753 2753 ,
1777 2686 1933 2740 οὐδὲν

363 2778 518 2832 ἔσται
556 2780 839 2833 τοσύνολον
878 2780 938 2832 τὸ
967 2779 1201 2850 πλῆττον
1235 2779 1332 2849 τῆς
1369 2778 1549 2849 ψυχῆς
1582 2780 1644 2831 τὸ
1672 2795 1926 2849 επρακτι-

365 2871 481 2935 κὸν,
517 2869 640 2923 οὔτε
671 2870 776 2942 μὴν
803 2872 865 2924 τὸ
899 2870 1236 2942 θεωρητικὸν
1270 2871 1463 2939 αὐτῆς,
1488 2869 1575 2927 διὰ
1616 2869 1780 2934 ξένων
1813 2868 1933 2939 δρι-

369 2959 568 3031 μύττον
617 2960 992 3031 θεωρημάτων
1028 2978 1042 2990 ·
1086 2962 1286 3025 παντὸς
1331 2962 1586 3019 ἐπέκεινα
1637 2960 1936 3030 γενομένης

367 3050 464 3105 καὶ
493 3049 666 3117 ὄντος,
697 3050 802 3112 ,καὶ
830 3052 1148 3124 νοουμένου,
1184 3053 1281 3106 καὶ
1317 3054 1399 3115 εἰς
1423 3051 1589 3106 αὑτὸν
1609 3051 1937 3121 είσδυσάσης

367 3139 459 3194 τὸν
486 3142 618 3196 Θεὸν
653 3143 745 3195 τὸν
776 3144 936 3214 μόνον
964 3145 1169 3212 ἀγαθὸν
1208 3147 1303 3201 καί⁵
1338 3143 1616 3222 ἀληθινὸν,
1647 3142 1741 3211 καὶ
1796 3143 1938 3215 ὑπὲρ

372 3234 552 3287 πᾶσαν
577 3234 767 3288 οὐσίαν
800 3237 928 3295 ὄντα
957 3237 1051 3293 καὶ
1082 3239 1289 3309 νόησιν.

444 3505 558 3563 χέρ’.
586 3500 903 3570 Πρακτικῆς
937 3501 1139 3574 ἀρετῆς
1190 3501 1343 3566 τέλος
1369 3497 1510 3555 εἷναί
1542 3520 1675 3571 φασι
1713 3503 1774 3556 τὸ
1810 3504 1946 3569 ἀγα-

374 3590 490 3645 θόν.
517 3590 687 3644 Τοῦτο
715 3591 792 3656 δὲ,
826 3591 976 3655 θείας
1012 3593 1296 3663 ἐνεργείας
1339 3593 1574 3665 ὑπάρχει
1616 3594 1947 3665 συμπλήρω-

376 3698 484 3744 σις,
516 3681 652 3753 πρὸς
694 3681 759 3752 ἢν
799 3681 921 3749 ἄγει
962 3681 1023 3735 τὸ
1064 3682 1281 3749 λογικὸν
1314 3681 1414 3752 τῆς
1455 3683 1655 3755 ψυχῆς,
1683 3683 1760 3752 τῷ
1790 3682 1947 3753 θυμῷ

375 3764 473 3826 καὶ
534 3773 600 3840 τῇ
664 3771 931 3845 ἐπιθυμίᾳ
993 3772 1274 3843 χρώμενον
1337 3773 1480 3825 κατά
1533 3773 1739 3841 φύσινο
1795 3775 1853 3825 ὲν
1912 3768 1944 3847 ᾖ

375 3864 435 3917 τὸ
460 3861 583 3915 καθ’
617 3862 874 3932 ὁμοίωσιν
907 3861 1299 3931 ἀναφαίνεσθαι
1344 3861 1555 3931 πέφυκε
1588 3863 1791 3925 κάλλος
1818 3863 1891 3933 (ι)
1928 3880 1942 3894 ·

376 3954 720 4026 θεωρητικῆς
771 3952 828 4005 δέ
890 3970 1021 4022 φασι
1079 3952 1394 4022 φιλοσοφίας
1441 3950 1580 4006 εἶναι
1640 3953 1737 4023 τὴν
1807 3953 1944 4024 άλήο

378 4048 532 4101 θειαν
556 4087 571 4107 ,
599 4047 752 4107 τέλος
785 4061 799 4077 ·
836 4046 959 4116 ἥτις
987 4046 1210 4116 ἀμερῶς
1238 4045 1345 4098 τῶν
1383 4045 1511 4114 περὶ
1528 4044 1662 4097 Θεὸν
1690 4045 1947 4099 ἀπάντων

378 4137 619 4206 ὲνοειδής
647 4141 763 4192 ἐστι
797 4139 1020 4207 γνῶσις,
1050 4136 1187 4209 πρὸς
1234 4137 1301 4206 ἣν
1347 4137 1376 4188 ὁ
1423 4136 1687 4208 καθαρὸς,
1722 4136 1948 4207 φέρεται

378 4227 525 4289 νοῦς’
555 4227 866 4292 ἀποσϐέσας
898 4226 1092 4291 ἑαυτοῦ
1120 4225 1399 4290 παντελῶς
1423 4227 1524 4298 τὴν
1547 4228 1666 4281 κατ’
1698 4226 1950 4298 αἴσθήσιν

381 4318 563 4389 κρίσιν
596 4337 609 4350 ·
641 4313 757 4392 ὲνῇ
812 4317 1032 4389 (γνώσει
1087 4317 1350 4390 δηλονότι)
1399 4316 1685 4388 ἀκίϐδηλον
1736 4317 1799 4373 τὸ
1854 4319 1952 4390 τῆς

382 4409 534 4473 θείας
563 4410 772 4475 εἰκόνος
801 4410 1016 4482 ἀξίωμα
1037 4410 1332 4465 δείκνυται.

454 4578 557 4644 κζ’.
591 4583 607 4601 '
644 4580 834 4642 Οὐδεὶς
858 4580 1078 4634 δύναται
1115 4580 1207 4634 τὸν
1247 4578 1380 4633 Θεὸν
1417 4578 1659 4648 εὐλογεῖν
1709 4578 1945 4655 άληθῶς,

468 4716 589 4772 ‘Cl‘.
618 4719 684 4773 ad
717 4718 961 4774 Thalass.
993 4734 1048 4788 q.
1084 4720 1172 4774 44.

461 4841 538 4911 (y)
574 4841 696 4909 Τὴν
731 4841 878 4906 πρὸς
915 4839 1110 4893 πάντα
1146 4840 1218 4894 τὰ
1252 4840 1396 4894 ὄντα
1453 4841 1757 4911 γνωμικὴν
1807 4843 1955 4895 ἀπο-

388 4910 649 4979 τένὲσιν.
704 4911 792 4966 Uti
818 4911 1027 4977 γένεσις
1056 4919 1253 4962 natura
1286 4919 1403 4973 est;
1439 4910 1773 4976 οιγίνεσθαι,
1798 4913 1949 4975 oriri,

388 4983 443 5035 in
475 4996 653 5033 rerum
695 4989 946 5033 naturam
973 4979 1225 5048 produci;
1276 4980 1356 5048 sic
1392 4979 1731 5046 άπογένεσις.
1767 4980 1954 5035 desitio

390 5058 549 5120 atque
579 5047 999 5120 nihilumflllens
1018 5063 1147 5120 ergo
1171 5047 1518 5120 laudabiliter
1548 5049 1799 5120 moritur,
1813 5064 1951 5120 cum

391 5116 471 5171 sic
508 5134 565 5173 se
597 5118 760 5172 habet
788 5117 855 5171 ad
882 5132 970 5170 res
997 5117 1152 5179 alias,
1210 5132 1273 5171 ac
1320 5116 1366 5171 si
1416 5131 1485 5170 ne
1513 5125 1659 5170 esset
1694 5118 1952 5186 quidem;

391 5187 539 5255 quod
572 5188 680 5241 illis
706 5186 1000 5255 superatis,
1052 5187 1145 5240 uni
1166 5187 1278 5240 Deo
1326 5193 1383 5240 et
1409 5186 1621 5238 auctori
1676 5194 1790 5241 tota
1847 5187 1953 5239 im-

390 5257 791 5324 penditur.Non
818 5255 950 5310 satis
981 5257 1163 5319 Picus,
1195 5263 1543 5325 spontaneum
1570 5257 1802 5325 omnium
1840 5272 1958 5325 qua:

390 5323 518 5379 sunt
555 5328 906 5396 ptivationem
927 5343 948 5391 ;
971 5340 1091 5394 quas
1122 5323 1270 5380 esset
1294 5323 1634 5395 paupertatis
1684 5323 1955 5396 definitio,

393 5411 511 5466 non
556 5394 907 5466 excellentia:
969 5397 1089 5466 ejus
1137 5401 1361 5466 status,
1414 5394 1604 5466 quem
1690 5394 1967 5466 Maximus

391 5463 636 5586 irgvterndit
662 5461 1260 5535 ‘lescribereIllesych.
1313 5462 1725 5529 ἀπογενόμενοι,
1754 5461 1967 5515 ἀποθα-

391 5550 421 5584 ν
517 5550 593 5586 ες.

391 5550 593 5586 νοντες.

467 5552 656 5671 magis?
669 5595 708 5671 ᾖ
721 5602 784 5655 τὸ
802 5603 932 5658 καθ’
949 5603 1232 5670 ὁμοίωσιν
1246 5602 1677 5671 ἀναφαίνεσθαι
1699 5599 1968 5671 πέφυκεν

391 5670 641 5741 κάλλος.
676 5670 753 5725 ⁷1η
789 5687 892 5739 quo
943 5672 1322 5741 complementa
1370 5670 1563 5726 divina:
1622 5670 1962 5741 operationis,

390 5740 559 5795 elucet
595 5736 957 5799 similitudinis
988 5736 1180 5797 dei-or:
1218 5743 1272 5798 id
1305 5742 1450 5812 quod
1492 5748 1576 5818 est
1601 5736 1669 5794 ad
1713 5736 1963 5794 similitu-

2035 1990 2140 2046 est,
2179 1996 2308 2051 erga
2341 1997 2431 2037 res
2453 1997 2645 2037 omnes
2665 1981 2822 2050 quasi
2851 1980 3136 2034 decessum
3160 1992 3221 2031 ac
3246 1973 3608 2035 desitionem;

2034 2079 2348 2140 postquam,
2396 2082 2520 2140 quae
2576 2088 2675 2141 per
2722 2071 2954 2141 gratiam
3012 2078 3120 2134 est,
3190 2066 3360 2121 vitam
3447 2063 3616 2118 habet

2037 2161 2349 2231 suscipere;
2376 2176 2562 2217 rerum
2598 2162 2740 2226 loco,
2776 2161 2957 2230 ipsum
2987 2172 3173 2213 rerum
3204 2156 3499 2213 Auctorem
3528 2168 3615 2208 re-

2038 2249 2281 2318 cipiens,
2302 2264 2412 2319 qua
2434 2265 2599 2305 nemo
2622 2249 2892 2328 intelligat
2916 2248 3151 2302 ratione.

2104 2340 2195 2394 25.
2237 2340 2438 2395 Beatus
2470 2339 2567 2409 qui
2605 2338 2800 2408 agendi
2838 2338 2949 2393 vim
2982 2335 3220 2392 naturali
3259 2334 3405 2388 bono
3441 2346 3613 2399 copu-

2035 2430 2200 2496 lavit;
2232 2429 2449 2499 vimque
2499 2428 2932 2497 contemplandi,
2983 2425 3219 2483 naturali
3267 2422 3486 2478 veritati
3518 2419 3615 2473 ad-

2035 2515 2193 2571 dixit.
2235 2515 2419 2570 Omnis
2461 2515 2610 2571 enim
2655 2514 2820 2579 actio,
2870 2514 2997 2567 boni
3043 2525 3210 2567 causa
3256 2508 3374 2563 fieri
3415 2506 3612 2571 habet,

2036 2606 2329 2675 omnisque
2386 2604 2777 2674 contemplatio
2826 2619 2923 2661 seu
2983 2601 3307 2671 speeulatio,
3366 2596 3614 2653 veritatis

2043 2695 2218 2749 solum
2260 2694 2432 2765 gratia
2470 2693 2755 2751 scientiam
2799 2694 2997 2762 quaerit
3034 2711 3046 2745 :
3098 2689 3301 2760 quibus
3350 2686 3615 2743 absolutis

2038 2795 2200 2857 atque
2233 2786 2494 2856 peractis,
2524 2786 2661 2842 nihil
2690 2800 2917 2856 prorsus
2940 2783 3068 2849 erit,
3101 2781 3249 2851 quod
3274 2778 3470 2851 agendi
3501 2776 3613 2830 vim

2038 2876 2205 2933 animi
2239 2876 2420 2946 pulset
2453 2885 2550 2931 aut
2591 2873 2835 2933 offendat
2861 2914 2875 2939 ,
2912 2873 3159 2942 nihilque
3192 2868 3339 2939 quod
3371 2863 3614 2937 peregri-

2037 2969 2123 3023 nis
2148 2968 2534 3037 extraneisque
2579 2982 2642 3021 ac
2683 2965 2841 3020 novis
2883 2960 3311 3019 eonsiderationi
3357 2956 3612 3028 objectis,

2037 3059 2282 3131 ejusdem
2314 3057 2722 3127 contemplandi
2759 3056 2868 3109 vim
2910 3053 3160 3109 mordeat
3191 3067 3256 3106 ac
3280 3055 3569 3117 exasperet
3597 3063 3611 3097 :

2039 3166 2164 3205 cum
2197 3149 2479 3214 nimirum,
2506 3154 2767 3217 superato
2794 3145 3064 3216 quidquid
3099 3152 3185 3199 est
3211 3158 3275 3196 ac
3314 3139 3612 3209 cogitatur,

2045 3239 2099 3292 in
2123 3240 2302 3308 ipsum
2332 3238 2526 3303 Deum,
2563 3236 2657 3306 qui
2687 3237 2837 3290 solus
2868 3236 3047 3289 bonus
3078 3244 3350 3299 verusque
3376 3235 3482 3290 est,
3503 3241 3619 3280 om-

2045 3326 2211 3395 nique
2271 3323 2513 3379 essentia
2578 3332 2635 3378 et
2694 3324 2980 3384 intellectu
3039 3319 3316 3390 superior,
3392 3316 3618 3371 immea-

2046 3417 2210 3471 verit.

2113 3508 2203 3561 26.
2228 3508 2381 3577 Ejus,
2407 3523 2528 3577 quae
2557 3507 2610 3560 in
2644 3506 2865 3560 actione
2898 3512 3173 3567 versatur,
3191 3499 3412 3555 virtutis
3434 3498 3618 3557 lirium,

2047 3598 2255 3651 bonum
2291 3612 2412 3652 esse
2441 3597 2616 3651 aiunt.
2648 3596 2765 3651 Hoc
2792 3604 2999 3658 autem,
3043 3592 3243 3646 divinae
3283 3587 3621 3660 operationis

2047 3687 2511 3758 complementum
2542 3686 2789 3750 exsistit;
2821 3684 2889 3737 ad
2914 3682 3063 3752 quod
3102 3683 3333 3736 facultas
3371 3678 3620 3743 rationis,

2047 3778 2128 3831 ira
2174 3784 2335 3832 utens
2381 3790 2447 3830 ac
2491 3775 2794 3844 cupiditate
2836 3782 2896 3828 ut
2940 3782 3149 3828 natura:
3197 3779 3621 3827 consentaneum

2048 3875 2152 3930 est,
2179 3865 2365 3932 ducit;
2396 3865 2452 3920 in
2482 3880 2659 3933 eoque
2679 3868 2799 3935 ejus
2816 3864 2964 3934 quod
2988 3870 3072 3918 est
3090 3861 3158 3915 ad
3182 3861 3620 3921 similitudinem,

2050 3955 2406 4028 pulchritudo
2438 3956 2621 4009 elucet
2651 3973 2663 4007 :
2701 3954 2977 4008 studentis
3004 3966 3136 4007 vero
3166 3949 3619 4018 contemplationi

2051 4050 2413 4122 philosophia:
2445 4052 2630 4112 linem,
2660 4047 2950 4101 veritatem
2979 4060 3101 4100 esse
3123 4044 3347 4107 dicunt;
3376 4040 3620 4095 omnium

2051 4140 2261 4194 scilicet
2290 4136 2522 4194 indivise
2540 4136 2687 4190 circa
2707 4136 2874 4190 Deum
2895 4131 3272 4187 exsistentium
3295 4127 3621 4183 uniformem

2052 4229 2363 4296 scientiam,
2394 4226 2556 4298 564
2583 4226 2650 4279 ad
2692 4239 2857 4294 quam
2903 4235 3059 4276 mens
3097 4235 3234 4289 pura
3268 4217 3470 4281 fertur;
3508 4221 3621 4267 tum

2052 4320 2336 4383 nimirum,
2359 4333 2484 4373 eum
2501 4330 2697 4371 sensus
2714 4313 2987 4384 judicium
3020 4326 3051 4365 a
3074 4325 3133 4365 se
3160 4322 3388 4380 prorsus
3414 4305 3619 4359 exstin-

2057 4411 2232 4464 xerit:
2272 4409 2328 4463 in
2360 4423 2467 4478 qua
2490 4407 2705 4478 (utique
2735 4403 2987 4474 scientia)
3018 4403 3233 4457 sincera
3262 4398 3461 4455 divina:
3492 4397 3619 4450 ima-

1985 4506 2026 4560 D
2061 4501 2203 4571 ginis
2228 4499 2466 4570 dignitas
2497 4513 2616 4552 sese
2644 4495 2930 4566 magniﬁce
2960 4493 3162 4565 prodit.

2125 4590 2213 4644 27.
2263 4590 2436 4643 Deum
2483 4602 2647 4643 nemo
2692 4601 2819 4641 vere
2866 4583 3196 4639 benedicere
3245 4587 3445 4652 potest,
3492 4579 3623 4651 quin

2059 4846 2255 4917 dinem.
2278 4847 2466 4917 itaque
2490 4846 2646 4917 ppltil
2670 4843 2937 4917 Maximus
2953 4839 3334 4917 similitudinis
3361 4837 3626 4917 rationein

2061 4862 2255 4900 amem.
2282 4862 2466 4917 Itaque
2510 4862 2646 4898 Olllt
2670 4862 2937 4898 maxunus
2957 4862 3334 4897 Slmllltuunlls
3362 4862 3626 4890 ruttuucul

2061 4915 2116 4968 in
2154 4915 2460 4969 imitatione
2487 4862 2708 4984 {livinie
2734 4912 3182 4984 bonitatis,_q_uae
3238 4908 3309 4962 sit
3364 4907 3435 4984 in.
3468 4905 3630 4959 nobis

2060 4984 2331 5059 virtutum
2357 4986 2505 5059 cultu
2523 4982 2861 5059 etaetione;
2890 4979 3303 5059 imaginis-vero
3335 4979 3626 5059 rationnem,

2065 5051 2118 5105 in
2156 5050 2556 5122 perfectissima
2588 5053 2676 5104 illa
2701 5050 2947 5122 omnium
2978 5043 3122 5122 circa
3153 5047 3323 5122 Deum
3360 5043 3621 5122 uniformi

2063 5112 2316 5183 scientia,
2366 5137 2487 5188 quae
2536 5119 2818 5187 expressio
2846 5118 2917 5188 sit
2947 5116 3166 5188 divinae
3215 5112 3477 5188 veritatis.
3507 5112 3629 5188 Non

2063 5189 2202 5242 bene
2239 5180 2436 5244 Picus:
2473 5189 2535 5241 In
2574 5180 2689 5257 qua:
2710 5202 2805 5254 pro
2836 5183 3185 5257 similitudine
3210 5180 3442 5257 relucet-5:
3493 5181 3628 5257 solet

2062 5259 2326 5327 quoddam
2381 5245 2784 5327 ornamentum:
2817 5254 2974 5327 quasi
3028 5252 3110 5313 τὸ,
3159 5254 3216 5327 ἓν
3242 5245 3298 5327 ᾗ,
3334 5250 3536 5327 referat
3571 5250 3633 5302 τὸ

2068 5319 2168 5397 τῆς
2198 5327 2397 5395 ψυχῆς,
2431 5343 2538 5379 non
2566 5325 2647 5388 τὸ,
2683 5319 3073 5397 συμπλήρῳεις
3111 5321 3223 5397 ’τῆς
3247 5319 3421 5397 "ge-fa;
3477 5320 3632 5397 ἐνερ.

2069 5388 2251 5463 γε’ίας.
2279 5388 2591 5464 Utrumque
2621 5388 2844 5464 saneet
2863 5388 3165 5464 similitudo
3212 5396 3268 5464 et
3303 5388 3506 5464 .imago
3528 5428 3541 5446 .
3576 5389 3631 5464 in

2067 5457 2248 5518 anima
2275 5464 2476 5526 elucet,
2503 5457 2620 5516 'non
2644 5477 2742 5531 pro
2797 5462 2927 5531 ejus
2955 5459 3265 5531 substantia
3294 5457 3475 5531 (quod
3500 5457 3632 5510 atti-

2067 5543 2162 5587 net
2191 5533 2257 5586 ad
2294 5532 2512 5586 Maximi
2545 5526 2897 5599 Itic'scoplim
2920 5528 2939 5599 )
2963 5528 3069 5599 sed,
3089 5536 3255 5598 prout
3286 5526 3373 5581 vel
3426 5526 3633 5599 virtute

2066 5604 2152 5655 vel
2184 5601 2410 5657 scientia
2440 5602 2626 5670 pollet,
2654 5596 2862 5671 Deique
2883 5596 2938 5655 in
2966 5614 3025 5653 se
3057 5596 3359 5653 bonitatem
3387 5612 3451 5653 ac
3481 5596 3625 5652 veri~

2066 5681 2234 5727 tatem
2263 5681 2494 5741 utraque
2524 5671 2711 5725 refert.
