4122 6320
586 414 717 487 Ιῖη

1747 421 1810 483 S.
1850 420 2133 480 MAXIMI
2171 419 2673 486 CONFESSORIS

3687 432 3813 500 1272

583 537 786 595 corpus
810 520 1110 578 virtutibus
1124 522 1568 590 sanctificaverit,
1596 525 1951 596 animumque
1980 525 2161 581 scien-

2267 527 2343 599 μὴ
2368 530 2429 584 τὸ
2464 531 2623 603 σῶμα
2649 533 2992 602 καθαγιάσας
3014 535 3137 599 ταῖς
3175 536 3419 607 ἀρεταῖς,
3452 546 3546 591 καὶ
3591 539 3686 612 τὴν
3719 545 3815 613 Ψυ-

585 614 663 668 tia
737 627 802 667 ac
892 612 1213 667 nationibus
1277 613 1655 669 illustraverit.
1716 616 1944 669 Virtutis
2010 615 2159 669 enim

585 701 803 757 affectio
849 717 915 757 ac
959 702 1268 773 dispositio,
1310 705 1731 774 contemplantis
1780 706 1945 759 animi
1991 705 2161 760 facies

585 798 690 855 est,
742 791 1104 860 tanquamin
1152 792 1374 857 coelum,
1416 792 1472 845 in
1521 792 1755 847 sublime
1791 801 1972 848 erecta
2020 808 2162 847 vera:

587 882 920 952 cognitionis
948 896 1012 936 ac
1043 881 1308 936 scientiae.

656 973 745 1026 28.
794 971 993 1027 Beatus
1038 973 1127 1027 cui
1167 989 1299 1028 vere
1354 975 1695 1044 exploratum
1741 975 1834 1041 sit,
1882 975 2056 1029 Deum
2106 973 2161 1028 in

589 1063 845 1118 omnibus
874 1073 1132 1133 tanquam
1167 1065 1390 1134 organis
1422 1066 1696 1121 actionem
1733 1074 1790 1121 et
1822 1065 2160 1135 contempla-

590 1155 819 1218 tionem,
835 1155 1203 1226 virtutemque
1219 1164 1275 1210 et
1303 1157 1610 1224 scientiam,
1634 1156 1920 1212 victoriam
1943 1171 2162 1225 quoque

589 1252 651 1297 ει·
676 1245 1020 1315 sapientium,
1076 1262 1291 1302 necnon
1321 1245 1621 1303 bonitatem
1651 1262 1717 1302 ac
1736 1247 2023 1302 veritatem
2047 1244 2164 1301 effi-

591 1351 738 1400 cere,
796 1337 935 1391 nihil
990 1338 1150 1393 nobis
1200 1354 1427 1408 prorsus
1484 1338 1914 1404 conferentibus,
1969 1345 2164 1409 pmtcr

590 1440 915 1495 propensam
954 1427 1009 1480 in
1049 1443 1114 1481 ea
1152 1443 1275 1498 qua:
1319 1428 1547 1482 honesta
1581 1442 1645 1501 ac
1681 1427 1847 1482 officii
1884 1435 2033 1492 sunt,
2063 1442 2162 1481 vo-

590 1516 854 1571 luntatem
890 1535 902 1571 :
941 1502 1047 1586 qua
1085 1518 1347 1585 prteditus
1362 1533 1590 1588 magnus
1624 1516 2164 1596 Zorobabel,pr:eter

591 1621 654 1659 ea
679 1620 803 1675 quae
831 1607 976 1661 dicta
1019 1615 1168 1672 sunt,
1202 1607 1275 1661 ita
1306 1605 1474 1661 Deum
1509 1607 1796 1676 alloquens
1836 1605 1912 1659 ait
1946 1623 1958 1657 :
1990 1604 2163 1658 Bene-

590 1692 757 1745 dictus
786 1709 859 1757 es,
892 1695 985 1763 qui
1017 1694 1203 1759 dedisti
1246 1696 1371 1747 mihi
1405 1696 1759 1764 sapientiam;
1800 1703 1847 1748 et
1878 1694 1968 1748 tibi
2002 1694 2163 1763 conﬁ-

591 1783 733 1835 teor!
759 1782 979 1836 Domine
1002 1792 1236 1853 patrum.
1260 1785 1363 1838 Abs
1400 1792 1447 1839 te
1477 1793 1551 1838 est
1568 1786 1785 1838 victoria
1815 1792 1862 1836 et
1888 1784 1980 1837 abs
2000 1792 2050 1837 te
2075 1802 2160 1839 sa-

2260 619 2364 689 χὴν
2399 624 2785 692 καταφωτίσας
2830 626 2951 689 ταῖς
2977 625 3266 695 γνώσεσιν.
3307 629 3375 681 Ἠ
3411 628 3518 701 γάρ
3548 631 3663 685 κατ’
3693 634 3813 705 ἀρε-

2259 707 2358 778 τὴν
2391 708 2652 780 διάθεσις,
2687 714 2977 783 πρόσωπόν
3025 718 3142 769 ἐστι
3194 715 3288 770 τοῦ
3322 715 3654 789 θεωρητικοῦ
3680 721 3809 789 νοὸς,

2224 858 2237 873 .
2259 798 2335 861 ὼς
2365 800 2446 864 είς
2485 802 2716 874 οὐρανὸν
2744 804 2881 875 πρὸς
2925 803 2986 858 τὸ
3015 803 3148 875 ὕψος
3175 805 3276 893 τῆς
3297 806 3559 879 ἀληθινῆς
3606 812 3812 885 ἐπαιρό-

2264 905 2423 958 μενον
2450 890 2724 959 γνώσεως.

2330 978 2440 1049 κη’.
2486 983 2769 1054 Μακάριος
2800 987 2829 1039 ὁ
2868 986 2927 1039 ἐν
2959 980 3186 1060 ἀληθείᾳ
3228 987 3405 1061 είδὼς,
3441 992 3521 1046 ὅτι
3551 994 3728 1049 πᾶσαν
3760 996 3811 1050 ἐν

2256 1072 2394 1142 ’ἡμῖν
2421 1071 2496 1136 ὡς
2524 1073 2775 1144 ὀργάνοις
2801 1078 2830 1130 ὁ
2861 1077 2995 1143 Θεὸς
3034 1079 3274 1134 ὲπιτελεῑ
3303 1082 3501 1153 πρᾶξιν
3546 1084 3641 1138 καὶ
3688 1085 3809 1139 θεω-

2265 1161 2406 1230 ρίαν,
2436 1164 2640 1236 ἀρετήν
2669 1184 2726 1220 τε
2756 1169 2851 1223 καὶ
2882 1170 3103 1239 γνῶσιν,
3135 1172 3232 1228 καὶ
3265 1174 3421 1245 νίκην
3462 1176 3560 1229 καὶ
3610 1170 3807 1247 σοφίαν,

2263 1252 2356 1305 καὶ
2386 1254 2695 1327 ἀγαθότητα
2724 1260 2817 1313 καὶ
2847 1260 3127 1332 ἀλήθειαν,
3152 1264 3321 1334 μηδὲν
3351 1266 3384 1335 ή
3395 1265 3510 1336 μῶν
3540 1284 3811 1337 συνεισφε-

2267 1344 2467 1411 ρδντων
2494 1347 2798 1415 τοσύνολον,
2838 1351 2978 1425 πλὴν
3005 1355 3103 1424 τῆς
3122 1354 3384 1427 θελούσης
3421 1357 3490 1410 τὰ
3525 1358 3671 1412 καλά
3715 1360 3814 1414 δια-

2264 1432 2469 1499 θέσεως
2499 1454 2512 1468 ’
2544 1437 2612 1508 ἢν
2647 1437 2787 1509 ἔχων
2819 1442 2848 1493 ὀ
2874 1442 3047 1512 μέγας
3074 1444 3398 1514 Ζοροϐάϐελ,
3436 1446 3573 1517 πρὸς
3598 1451 3710 1513 τοῖς
3734 1451 3817 1503 ἐι-

2267 1523 2542 1593 ρημένοις,
2573 1528 2737 1598 φησὶν
2764 1567 2779 1595 ,
2828 1533 3178 1604 Εὐλογητὸς
3231 1531 3305 1602 εἷ,
3361 1537 3496 1608 πρὸς
3552 1539 3649 1592 τὸν
3697 1540 3815 1596 Θεὸν

2263 1615 2457 1685 λέγων,
2486 1617 2555 1683 ὃς
2591 1619 2817 1689 ἔδωκάς
2846 1641 2948 1693 μοι
2989 1626 3234 1695 σοφίαν,
3265 1627 3366 1682 καί
3411 1630 3511 1683 σοι
3538 1631 3814 1703 ὁμολογῶ,

2264 1707 2535 1765 Δέσποτα
2562 1709 2682 1765 τῶν
2701 1713 2991 1781 πατέρων·
3025 1716 3183 1785 παρὰ
3198 1717 3313 1771 σοῦ
3336 1718 3374 1785 ἠ
3393 1720 3555 1787 νίκη,
3578 1721 3681 1774 καὶ
3713 1737 3814 1775 κα-

2256 1796 2336 1863 ρὰ
2365 1796 2482 1850 σοῦ
2512 1800 2551 1866 ἠ
2586 1801 2791 1868 σοφία,
2819 1802 2919 1856 καί
2934 1803 3033 1857 σοί
3056 1804 3094 1871 ἠ
3126 1804 3297 1870 δόξα,
3323 1806 3423 1862 καί
3459 1807 3574 1878 ἐγὼ
3599 1809 3714 1874 σὸς
3746 1812 3834 1863 01--

590 1874 808 1942 pientia,
852 1882 902 1926 et
947 1875 1038 1929 tibi
1067 1884 1150 1927 est
1170 1874 1411 1938 claritas,
1452 1882 1501 1928 et
1547 1891 1639 1945 ego
1682 1873 1914 1944 famulus
1945 1883 2061 1929 tuus
2091 1876 2157 1927 ⁸³.

2261 1855 2465 1955 διέτης.
2511 1855 2597 1952 ’ὸς
2630 1855 2925 1962 εύγνῶμων
2953 1855 3121 1958 but-oi;
3403 1855 3579 1951 πάύτα
3603 1855 3816 1970 τῷῚΘεῷ

591 1963 872 2033 Tanquam
919 1980 1108 2019 revera
1149 1966 1356 2035 probus
1393 1982 1456 2019 ac
1494 1973 1682 2035 gratus
1717 1980 1929 2029 servus,
1966 1974 2161 2020 cuncta

590 2054 703 2107 Deo
731 2064 953 2124 accepta
990 2056 1197 2121 retulit,
1229 2057 1322 2125 qui
1348 2056 1607 2114 donasset
1635 2058 1851 2124 omnia;
1884 2058 1957 2123 ei,
1990 2074 2020 2110 a
2052 2072 2162 2126 quo

590 2155 871 2215 acceptam
931 2147 1168 2201 habebat
1224 2148 1572 2217 sapientiam,
1629 2156 1887 2217 tanquam
1944 2157 2160 2218 patrum

591 2235 845 2300 Domino,
877 2236 1147 2290 bonorum
1179 2253 1565 2292 conccsserum
1592 2238 1701 2291 vim
1734 2248 1921 2308 aperta
1953 2239 2164 2294 confes-

591 2326 747 2380 sione
783 2327 1098 2393 ascribens;
1144 2344 1341 2398 nempe
1394 2328 1652 2383 unionem
1704 2329 1948 2384 victoriae
1995 2339 2051 2385 et
2078 2345 2163 2386 sa-

590 2415 832 2485 pientiae,
848 2417 927 2470 uti
944 2416 1289 2482 dietumest;
1324 2418 1546 2472 virtutis
1569 2432 1791 2486 quoque
1816 2428 1874 2473 et
1897 2418 2160 2486 scientiaa,

589 2506 931 2577 actionisque
973 2516 1033 2563 et
1067 2509 1567 2579 contemplationis,
1601 2524 1706 2563 uec
1747 2525 1856 2563 non
1900 2510 2163 2565 bonitatis

589 2604 653 2650 et.
676 2597 941 2652 veritatis.
989 2598 1083 2652 Hae
1121 2600 1266 2652 enim
1312 2600 1433 2653 alia:
1468 2597 1592 2654 aliis
1623 2600 1951 2668 conjunctaa,
1998 2614 2163 2653 unam

589 2684 685 2737 Dei
715 2685 1018 2741 claritatem
1053 2701 1117 2739 ac
1144 2686 1501 2755 splendorem
1524 2686 1784 2741 emicant.

658 2776 748 2831 29.
779 2776 973 2832 Omnia
1006 2785 1323 2836 sanctorum
1370 2778 1564 2832 merita
1597 2792 1660 2832 ac
1696 2786 1845 2833 recte
1871 2781 2031 2846 facta,
2064 2780 2162 2834 Dei

589 2866 782 2934 procul
803 2867 972 2922 dubio
998 2868 1328 2924 exstiterunt
1357 2869 1501 2923 dona
1531 2909 1545 2933 ,
1579 2884 1706 2923 cum
1738 2884 1902 2924 nemo
1933 2880 2162 2939 prorsus

589 2962 737 3016 aliud
777 2962 910 3031 quid
962 2962 1090 3017 boni
1138 2964 1359 3029 habeat,
1409 2979 1573 3034 quam
1612 2964 1760 3033 quod
1807 2964 1995 3019 datum
2042 2975 2158 3031 est;

591 3053 769 3123 ipsum
810 3056 1070 3110 nimirum
1107 3058 1281 3111 a'Deo
1325 3065 1585 3127 tanquam
1617 3057 1871 3122 Domino,
1914 3073 2015 3126 pro
2044 3059 2163 3128 ejus

2264 1975 2485 2031 ἀνέθετο
2514 1977 2592 2047 τῷ
2618 1979 2797 2035 πάντα
2846 1982 3238 2055 δωρησαμένῳ,
3272 1985 3334 2050 ἐξ
3374 1980 3436 2040 οὖ
3478 1986 3662 2040 λαϐὼν
3716 1985 3814 2059 εἶχε

2261 2066 2361 2137 τὴν
2413 2068 2626 2137 σοφίαν,
2659 2070 2810 2141 αύτῷ
2846 2071 3122 2142 ὁμολογῶν
3176 2074 3252 2136 ὡς
3299 2076 3544 2148 Δεσπότῃ
3574 2079 3816 2149 πατέρων

2262 2157 2370 2212 τῶν
2399 2160 2813 2230 κεχαρισμένων
2846 2160 3068 2229 ἀγαθῶν
3095 2162 3194 2233 τὴν
3221 2163 3472 2236 δύναμιν,
3495 2165 3641 2237 ἅπερ
3670 2169 3812 2231 εἰσὶν,

2262 2248 2456 2313 ἓνωσις
2481 2249 2660 2321 νίκης,
2690 2250 2768 2314 ὡς
2796 2253 3031 2324 εἴρηται,
3061 2254 3156 2329 καλ.
3183 2254 3619 2327 σοφίας,ἀρετῆς
3646 2274 3705 2310 τε
3734 2258 3816 2312 καὶ

2263 2339 2537 2410 γνώσεως,
2563 2341 2818 2413 πράξεως
2855 2345 2950 2398 καὶ
2979 2344 3235 2419 θεωρίας,
3273 2347 3610 2419 ἀγαθότητός
3637 2367 3697 2403 τε
3726 2350 3816 2405 ’καὶ

2262 2432 2523 2504 ἀληθείας
2555 2450 2570 2467 ⁸
2639 2429 2799 2489 αὗται
2857 2435 2970 2507 γάρ
3029 2435 3288 2508 ἀλλήλαις
3344 2440 3662 2512 ἑνούμεναι,
3702 2440 3815 2512 μίαν

2262 2522 2715 2592 ἀπαστράπτουσι
2741 2525 2900 2590 δόξαν
2932 2527 3025 2580 καὶ
3058 2514 3234 2600 αὐγὴν
3260 2530 3416 2585 Θεοῦ.

2335 2763 2440 2818 κθ⁸.
2468 2764 2654 2819 Πάντα
2671 2763 2741 2818 τὰ
2768 2764 2875 2819 τῶν
2903 2765 3074 2834 ἁγίων
3105 2766 3520 2838 κατορθωματα,
3545 2768 3680 2824 Θεοῦ
3702 2785 3817 2840 προ-

2262 2854 2438 2926 δήλως
2514 2855 2760 2927 ὑπῆρχον
2828 2857 3144 2927 χαρίσματα
3169 2874 3184 2888 ⁸
3227 2857 3453 2927 μηδενὸς
3501 2860 3816 2931 τοπαράπαν

2263 2944 2476 3015 ἔχοντος
2499 2947 2731 3018 μηδὲν,ἦ
2757 2946 2817 3000 τὸ
2845 2947 2993 3002 δοθὲν
3018 2948 3222 3017 ἀγαθόν
3247 2966 3263 2981 ’
3287 2950 3363 3013 ὡς
3384 2950 3534 3021 παρά
3560 2952 3816 3005 Δεσπότου

2263 3039 2357 3093 τοῦ
2387 3039 2545 3106 Θεοῦ,
2574 3041 2711 3111 πρὸς
2740 3041 3032 3109 ἀναλογίαν
3059 3042 3159 3113 τῆς
3186 3042 3607 3113 εὐγνωμοσύνης
3650 3062 3707 3098 τε
3737 3044 3818 3101 καὶ

591 3143 687 3211 qui
719 3144 918 3212 accipit
959 3146 1252 3214 probitatis
1297 3148 1551 3217 gratique
1593 3147 1762 3201 animi
1806 3162 1872 3201 ac
1908 3148 2159 3203 benevoli

2267 3130 2485 3195 εὐνοίας
2515 3130 2612 3184 τοῦ
2639 3131 2931 3202 δεχομένου
2982 3132 3350 3203 μετρούμενον
3374 3150 3388 3166 ο
3423 3136 3654 3187 κάκεῖνα
3697 3134 3819 3206 μόνα

589 3232 837 3301 modulo,
865 3250 1278 3303 commensum;
1315 3253 1492 3307 eaque
1515 3239 1780 3292 duntaxat
1805 3242 2038 3307 quisque
2060 3237 2159 3292 ha-

591 3324 735 3388 beat,
772 3339 894 3393 quae
922 3325 1147 3380 donanti
1183 3327 1417 3382 Domino
1445 3327 1739 3382 adlibeant.

661 3415 748 3469 50.
790 3414 894 3481 Qui
931 3416 1155 3471 virtutis
1181 3432 1245 3471 ac
1276 3418 1519 3473 scientiae
1542 3420 1668 3490 jura
1696 3427 1882 3475 tuetur
1922 3420 2158 3487 animus,

592 3505 792 3577 cuique
829 3506 969 3562 adeo
1001 3508 1345 3577 propositum
1387 3509 1480 3575 sit,
1520 3517 1582 3562 ut
1610 3509 1905 3566 affectuum
1949 3526 2014 3565 ac
2041 3510 2164 3566 libi-

591 3595 783 3650 dinum
811 3612 1036 3666 pravam
1058 3599 1376 3653 servitutem
1421 3599 1663 3654 excutiat
1691 3616 1706 3654 :
1734 3599 2053 3669 Prwvalent,
2081 3602 2165 3656 in-

592 3687 735 3757 quit,
782 3688 1048 3752 mulieres,
1097 3699 1160 3741 et-
1197 3705 1356 3759 super
1410 3692 1588 3745 omnia
1637 3692 1793 3746 vincit
1845 3694 2038 3746 veritas
2087 3693 2160 3760 ἐς

593 3794 812 3849 nempe,
856 3780 1117 3835 mulieres
1157 3796 1376 3847 vocans,
1411 3781 1643 3837 virtutes
1680 3781 1922 3848 deiﬁcas,
1965 3783 2165 3852 quibus

593 3867 852 3921 unionem
890 3867 1098 3922 faciens
1133 3883 1257 3922 cum
1306 3869 1438 3933 Deo,
1484 3869 1879 3939 hominumque
1913 3872 2058 3924 inter
2106 3885 2164 3926 se

593 3968 804 4022 mutuo,
831 3961 1089 4015 consistit
1114 3961 1353 4015 charitas
1386 3978 1400 4014 :
1437 3977 1558 4031 quae
1579 3961 1861 4027 nimirum,
1887 3961 1957 4016 ab
1983 3963 2162 4015 omni-

594 4050 698 4104 bus
719 4066 839 4119 quze
859 4051 1115 4105 oriuntur
1144 4066 1207 4106 ac
1232 4052 1533 4115 intereunt,
1567 4052 1763 4120 bisque
1786 4050 2166 4121 superioribus

593 4141 934 4210 spiritalibus
991 4142 1333 4208 substantiis,
1390 4140 1551 4212 535
1597 4143 1841 4197 animum
1888 4142 2161 4206 extrahat,

2267 3220 2605 3293 κεκτημένου
2628 3260 2644 3289 ,
2710 3221 2811 3275 ὅσα
2866 3220 2944 3292 τῷ
3005 3223 3250 3295 Δεσπὸτῃ
3311 3224 3646 3295 δωρουμένῳ
3694 3241 3818 3295 παρ-

2265 3310 2496 3370 ίσταται.

2331 3405 2396 3463 λ’.
2440 3406 2499 3460 ’0
2524 3407 2623 3478 τῆς
2645 3407 2844 3479 ἀρετῆς
2876 3408 2977 3475 καὶι
2996 3407 3097 3476 τῆς
3146 3405 3402 3475 γνώσεως
3432 3410 3819 3480 προϊστάμενος

2254 3497 2406 3563 νοῦς,
2438 3498 2532 3552 καὶ
2562 3500 2663 3570 τῆς
2696 3499 2875 3567 κακῆς
2905 3499 3014 3551 τῶν
3039 3498 3225 3551 παθῶν
3251 3498 3495 3563 δουλείας
3524 3500 3627 3569 τὴν
3659 3498 3819 3570 ψυχὴν

2265 3588 2591 3660 στερηθῆναι
2647 3588 3062 3659 βεϐουλημένος,
3098 3588 3283 3660 φησὶν,
3326 3588 3821 3660 ’Υπερισχύουσιν

2263 3684 2323 3735 αι
2352 3681 2648 3751 rumine,
2675 3682 2773 3735 καί
2810 3679 3104 3750 ὺπερνικᾷ
3156 3680 3194 3749 ἡ
3239 3682 3493 3748 ἀλήθεια
3525 3700 3538 3711 ·
3570 3683 3820 3750 γυναῖκας

2266 3771 2367 3839 μὲν
2427 3769 2615 3835 είπὼν,
2663 3770 2760 3834 τὰς
2817 3771 3093 3834 θεοποιοὺς
3146 3770 3369 3842 ἀρετὰς,
3411 3770 3469 3836 ἐξ
3507 3767 3582 3825 ὧν
3623 3772 3655 3842 ή
3701 3770 3823 3841 πρὸς

2264 3863 2396 3918 Θεὺν
2437 3863 2533 3918 καὶ
2570 3863 2829 3933 ἀλλήλους
2865 3865 2978 3925 τοῖς
3025 3861 3333 3933 ἀνθρώποις
3361 3861 3605 3925 ὲνοποιδς
3648 3862 3820 3931 ἀγάπη

2269 3956 2602 4025 συνέστηκεν
2632 3969 2647 3983 ⁶
2705 3954 2960 4009 ἁπάντων
2988 3954 3089 4025 τὴν
3126 3952 3303 4024 ψυχήν
3344 3952 3728 4024 ὲξαρπάζουσα
3752 3953 3822 4022 (a)

2263 4046 2370 4099 τῶν
2396 4046 2501 4098 ὑπὸ
2519 4046 2732 4114 γένεσιν
2756 4046 2851 4099 καὶ
2879 4028 3106 4114 φθορὰν,
3128 4044 3223 4097 καὶ
3245 4043 3353 4098 τῶν
3382 4044 3523 4114 ὑπὲρ
3553 4044 3700 4097 αὐτὰ
3721 4060 3826 4112 νοη⁴

2263 4135 2371 4188 τῶν
2402 4133 2622 4198 οὐσιῶν,
2657 4134 2753 4188 καὶ
2782 4133 2935 4204 αι’)τῷ
2961 4132 3039 4205 τῷ
3074 4133 3193 4204 Θεῷ
3233 4133 3355 4188 κατ’
3393 4135 3672 4205 ἐρωτικήν
3713 4149 3825 4186 τινα

595 4232 808 4301 ipsique
851 4233 963 4287 Deo
998 4234 1202 4287 amoris
1239 4232 1473 4301 quadam
1517 4233 1936 4303 temperatione,
1983 4232 2162 4301 quoad

2268 4227 2570 4297 σύγκρασιν
2624 4225 3062 4298 περιπλέκουσα,
3105 4224 3228 4280 καθ’
3260 4226 3383 4279 ὅσον
3438 4227 3557 4280 ἐστὶ
3614 4226 3828 4281 δυνατὸν

594 4336 692 4390 per
734 4322 987 4376 humana!
1024 4331 1235 4376 naturae
1272 4322 1583 4376 facultatem
1620 4322 1768 4380 licet.
1814 4322 2057 4392 implicet
2104 4338 2162 4379 ac

2266 4318 2581 4390 ἀνθρωπίνῃ
2617 4316 2797 4386 φύσει,
2817 4317 2912 4370 καὶ
2959 4316 3062 4389 τὴν
3088 4316 3358 4387 ἄχραντον
3400 4317 3494 4370 καὶ
3532 4316 3689 4370 θείαν
3732 4333 3826 4387 μυ-

593 4412 855 4476 ἰηηθοιοιο,
916 4412 1367 4482 hnpullutumque
1415 4421 1582 4483 atque
1625 4415 1881 4468 divinum
1935 4416 2162 4485 mystice

2269 4408 2468 4474 στικῶς
2501 4408 2910 4480 δημιουργοῦσα
2950 4408 3277 4478 συμϐίωσιν.
3323 4407 3609 4478 Ἀλήθειαν
3641 4409 3701 4462 δὲ
3739 4408 3829 4477 φή.

593 4502 905 4555 convictum
945 4502 1126 4556 faciat.
1159 4505 1451 4560 Veritatem
1485 4514 1667 4560 autem
1708 4506 2008 4576 appellans,
2041 4508 2161 4560 uni-

2270 4496 2388 4567 σας,
2427 4500 2525 4570 τὴν
2561 4500 2729 4571 μόνην
2766 4500 2858 4554 καὶ
2891 4499 3021 4570 μίαν
3053 4499 3231 4553 αἰτίαν
3259 4499 3367 4553 τῶν
3392 4500 3586 4565 ὄντων,
3630 4501 3725 4556 καὶ
3741 4501 3830 4570 ἀρ-

592 4606 711 4644 cam
742 4606 806 4645 ac
835 4593 1004 4645 solam
1043 4609 1224 4650 rerum
1264 4612 1487 4651 causam
1526 4611 1622 4651 seu
1665 4606 1970 4665 auctorem,
2007 4597 2160 4669 prin-

2269 4594 2369 4663 χὴν
2392 4594 2489 4646 καὶ
2510 4591 2788 4663 βασιλείαν
2817 4591 2913 4645 καὶ
2940 4590 3170 4661 δύναμιν
3203 4591 3298 4644 καὶ
3324 4590 3501 4658 δόξαν,
3534 4591 3596 4657 ἐξ
3645 4587 3716 4664 ἦς
3744 4590 3830 4644 καὶ

592 4680 907 4750 cipiumque
938 4690 995 4737 et
1033 4700 1261 4755 regnum
1292 4696 1347 4742 et
1383 4689 1683 4757 potentiam
1722 4694 1779 4743 et
1809 4690 2062 4759 gloriam,
2092 4705 2161 4746 ex

2267 4686 2333 4738 δι’
2358 4684 2425 4755 ἣν
2454 4685 2631 4738 πάντα
2653 4682 2844 4752 γέγονέ
2871 4700 2931 4736 τε
2952 4683 3045 4737 καὶ
3074 4682 3304 4752 γίνεται,
3325 4682 3420 4735 καὶ
3451 4682 3591 4753 πρὸς
3613 4685 3676 4737 τὸ
3698 4679 3828 4736 εἶναι

589 4784 718 4838 qua,
770 4785 834 4825 ac
874 4771 1031 4841 cujus
1071 4775 1242 4844 gratia
1288 4786 1485 4831 cuncta
1536 4779 1674 4833 facta
1721 4788 1850 4833 sunt
1890 4790 1948 4835 et
2000 4780 2158 4848 fiunt,

2268 4776 2361 4841 ὑπῗ
2390 4777 2564 4847 αὐτῆς
2615 4777 2710 4838 καὶ
2756 4775 2825 4827 δι’
2849 4773 3021 4844 αὐτῆς
3076 4776 3467 4844 συγκρατεῖται
3497 4790 3513 4805 ·
3548 4775 3647 4828 καὶ
3697 4772 3828 4843 ὑπὲρ

589 4869 754 4930 atque
788 4862 856 4916 ab
893 4878 1009 4942 ipsa
1046 4874 1111 4925 et.
1146 4883 1244 4937 per
1281 4868 1454 4938 ipsam
1491 4869 1845 4924 continentur
1873 4880 1932 4926 ut
1961 4873 2071 4926 sint
2103 4873 2158 4927 in

2265 4868 2334 4945 ἧς
2380 4874 2530 4927 πᾶσα
2588 4869 2700 4929 τοῖς
2750 4864 3019 4935 φιλοθέοις
3075 4865 3194 4918 ἐστὶ
3259 4864 3467 4935 σπουδή
3512 4881 3573 4919 τε
3616 4865 3713 4919 καὶ
3753 4863 3829 4917 κί-

590 4968 775 5008 rerum
805 4965 1052 5032 natura:
1088 4975 1196 5028 pro
1235 4976 1342 5030 qua
1388 4961 1625 5030 denique
1664 4962 1851 5019 omnis.
1875 4963 2158 5033 diligentia
2263 4981 2438 5034 νησις.

587 5049 879 5112 motusque
916 5046 1188 5116 religiosis
1219 5048 1437 5118 piisque
1461 5050 1594 5104 viris
1623 5060 1817 5105 certat.

654 5129 744 5184 5i.
781 5133 1072 5189 Mulierum
1118 5138 1341 5194 nomine
1385 5139 1651 5201 virtutum
1701 5139 1863 5196 finem
1902 5142 2155 5214 designau-

2264 5126 2267 5129 λ
2335 5144 2441 5196 λα’,
2467 5143 2566 5197 Διά
2599 5140 2698 5210 μὲν
2728 5136 2840 5194 τῶν
2871 5133 3165 5203 γυναικῶν,
3201 5133 3264 5187 τδ
3319 5132 3471 5197 τέλος
3532 5130 3824 5194 ἐνεδείξατο

585 5219 687 5284 vit,
730 5236 929 5294 nempe
974 5228 1330 5295 charitatem;
1374 5229 1470 5297 qui
1506 5229 1803 5297 videlicet,
1823 5246 2015 5288 eorum
2059 5235 2154 5303 qui

2261 5233 2367 5287 τῶν
2392 5231 2621 5304 ἀρετῶν,
2652 5232 2751 5301 τὴν
2784 5227 3010 5298 ἀγάπην
3043 5243 3057 5257 ·
3092 5226 3227 5294 ὅπερ
3254 5224 3399 5277 ἐστὶν
3430 5225 3464 5294 ἡ
3496 5225 3618 5277 κατ’
3647 5223 3822 5292 ἔφεσιν

656 5400 703 5433 ⁸³
731 5401 799 5456 ΠΙ
827 5402 984 5457 Esdr.
1022 5421 1095 5466 Iv,
1126 5406 1215 5470 59,
1245 5405 1334 5460 60.
1409 5404 1454 5437 "‘
1486 5405 1618 5462 ibid.
1644 5407 1733 5471 54,
1760 5409 1847 5462 il.

619 5576 1055 5702 ,(“g'A-‘Tdﬂw‘
1080 5585 1209 5654 τὴν
1243 5587 1456 5656 ψυχὴν
1510 5587 1944 5657 ἐξαρπάζουσα.
1991 5587 2148 5652 Quod

621 5656 662 5701 ιι
733 5648 991 5702 iaximus.
1063 5657 1353 5702 extrahere.
1398 5657 1721 5702 a-haritnmm
1768 5658 1838 5702 ah
1888 5657 2149 5702 omnibus

2261 5605 2421 5653 mam,
2457 5598 2568 5644 tum
2630 5606 2810 5644 eorum
2866 5588 2986 5660 qud:
3022 5587 3348 5656 generationi
3397 5593 3448 5653 et
3504 5583 3824 5665 corr-agnoui

2261 5666 2377 5702 Iunt
2396 5658 2637 5702 nbnnm’n,
2668 5670 2755 5702 nn-
2821 5659 2966 5702 Eum
2985 5656 3148 5702 etiam
3178 5668 3437 5702 necnrnm
3468 5661 3527 5702 et
3549 5665 3819 5702 stu-mum.

584 5648 674 5708 ait
706 5648 991 5733 biaximus,
1063 5648 1370 5733 estrah'eré'
1398 5648 1838 5733 charitaiempab
1888 5648 2149 5733 omnibus
2250 5648 2642 5733 suntobnoria,
2668 5648 2966 5733 etc._Ergc-
2985 5648 3527 5733 eliam_pecnrnmret
3549 5648 3819 5733 stirpium.

583 5720 784 5798 creatis
814 5720 1074 5798 animam,
1108 5724 1330 5798 l_)eoque
1351 5726 1505 5795 quasi
1545 5727 1903 5798 commiscere
1949 5741 2015 5798 ac
2066 5727 2144 5798 illi
2255 5728 2477 5797 bamque
2504 5720 2940 5798 ipsa'eharitatis
2981 5720 3199 5796 capacia
3229 5732 3377 5788 sum.
3406 5732 3462 5777 (ξι
3496 5733 3555 5780 ιιι
3608 5720 3692 5777 Sic
3721 5722 3821 5776 DN

587 5787 902 5867 Miuugere,
942 5789 1088 5853 {cedo
1118 5787 1281 5851 Picu's
1307 5787 1497 5851 errore
1528 5812 1544 5850 :
1570 5795 1813 5872 Onyzium
1841 5796 1981 5867 rapit
2027 5797 2157 5851 αηέ-Δ
2254 5787 2624 5868 copulentur?
