4060 6322
305 417 446 489 1ῒ13

973 428 1308 492 CAPITUM
1345 429 1768 504 QUINQUIES
1803 427 2324 493 CENTENORUM
2361 431 2747 494 CENTUBIA
2787 432 2899 493 ΙΙΙ.

3421 425 3560 492 ιλιι

302 546 400 601 τοῦ
445 541 605 613 φύσει
629 539 834 609 ἀγαθοῦ
861 540 970 596 τῶν
996 544 1330 613 μετεχόντων
1365 543 1703 606 ἀδιάπτωτος
1720 539 1871 612 ἡδονὴ

1984 551 2179 598 natura
2210 543 2341 598 boni
2381 552 2507 600 sunt
2529 544 2845 615 participes,
2889 541 3040 597 ﬁrma
3070 556 3135 597 ac
3168 549 3428 597 constans
3463 558 3560 596 vo-

305 638 400 690 καὶ
431 632 731 705 ἀδιαίρετος
751 635 962 696 ἐνωσις.
986 633 1084 688 Διὰ
1111 634 1170 688 δὲ
1199 635 1296 706 τῆς
1319 635 1596 706 ἀληθείας,
1623 634 1684 688 τὸ
1703 632 1876 705 πέρας

307 733 496 787 πασῶν
527 725 845 794 ἐπεσήμανε
879 724 987 777 τῶν
1039 723 1316 793 γνώσεων,
1345 726 1440 779 καὶ
1485 725 1667 779 αὐτῶν
1713 740 1877 793 γινω-

307 817 586 886 σκομένων
619 831 633 847 ο
669 817 750 879 είς
780 816 936 887 ὅπερ,
968 816 1043 881 ὡς
1077 816 1251 888 ἀρχὴν
1295 817 1389 870 καὶ
1429 817 1604 888 πέρας
1657 817 1876 871 πάντων

302 907 410 961 τῶν
438 907 626 971 ὄντων,
659 908 715 960 αἱ
752 907 895 960 κατὰ
927 907 1086 976 φύσιν
1110 909 1353 978 κινήσεις
1381 907 1583 978 γενικῷ
1602 922 1712 971 τινι
1733 907 1876 978 λόγῳ

305 997 653 1050 συνέλκονται
687 1013 700 1027 ·
733 997 912 1050 πάντα
957 997 1198 1070 νικώσης
1247 997 1390 1051 κατὰ
1433 997 1594 1067 φύσιν
1626 984 1703 1062 ὡς
1745 999 1877 1070 ἀλη-

305 1087 455 1151 θείας
506 1088 606 1158 τῆς
647 1086 754 1140 τῶν
802 1087 974 1141 ὄντων
1018 1089 1193 1158 ἀρχῆς
1248 1089 1344 1142 καὶ
1385 1088 1587 1152 αἰτίας,
1619 1089 1715 1142 καὶ
1741 1089 1877 1162 πρὸς

303 1181 504 1251 ἑαυτὴν
545 1178 908 1250 συνελκούσης
939 1178 1048 1234 τῶν
1079 1180 1380 1247 γεγονότων
1401 1180 1501 1251 τὴν
1531 1182 1768 1252 κίνησιν.

371 1351 471 1423 λβ⁹.
498 1353 578 1422 Τῇ
621 1353 744 1406 καθ’
780 1353 1056 1425 ὑπεροχὴν
1096 1356 1349 1426 στερήσει
1383 1355 1491 1410 τῶν
1527 1357 1766 1423 πολλῶν,
1801 1357 1876 1420 ὡς

301 1442 361 1497 ἓν
409 1444 505 1496 καὶ
538 1445 697 1513 μόνον
731 1445 764 1515 ή
796 1444 1022 1515 ἀλήθεια
1069 1445 1314 1515 πέφυκεν
1341 1446 1750 1516 ἀναφαίνεσθαι,
1779 1465 1879 1501 κα-

301 1525 580 1587 λύπτουσα
603 1534 821 1588 πάντων
851 1537 960 1588 τῶν
1013 1538 1154 1590 νοεῖν
1186 1536 1219 1607 ἢ
1272 1538 1508 1592 νοεῖσθαι
1559 1539 1876 1610 δυναμένων

302 1628 400 1689 τὰς
424 1626 730 1694 γνωστικὰς
761 1627 1039 1697 δυνάμεις,
1057 1626 1131 1692 ὡς
1163 1629 1302 1701 ὑπὲρ
1332 1629 1401 1684 τὰ
1430 1631 1656 1685 νοοῦντα
1691 1649 1750 1685 τε
1784 1632 1878 1687 καὶ

301 1718 567 1789 νοούμενα
594 1719 714 1771 καθ’
742 1718 976 1789 ὓπαρξιν
1003 1719 1330 1792 ὑπερούσιον
1358 1718 1514 1777 οὖσαο
1546 1724 1639 1777 καὶ
1660 1725 1875 1795 ἀπείρῳ

300 1810 528 1880 δυνάμει
548 1809 646 1873 τὰς
671 1810 812 1864 κατὰ
837 1811 937 1882 τὴν
973 1812 1145 1884 ἀρχὴν
1183 1814 1278 1867 καὶ
1310 1816 1370 1868 τὺ
1394 1815 1548 1880 τέλος
1570 1817 1679 1870 τῶν
1708 1817 1876 1871 ὄντων

301 1899 614 1970 ἀκρότητας
639 1900 1082 1970 περιγράφουσα,
1125 1904 1306 1956 πᾶσαν
1336 1905 1557 1959 πάντων
1580 1905 1715 1977 πρὸς
1745 1907 1874 1960 ἐαυ-

301 1988 399 2056 τὴν
423 1987 671 2041 συνέλκει
703 1988 956 2059 κίνησιν
992 1993 1106 2051 τοῖς
1151 1991 1252 2061 μὲν
1287 1996 1634 2066 παρεχομένη
1676 1997 1878 2065 γνῶσιν

299 2077 557 2148 ἀρίδηλον
576 2072 644 2150 ἦς
685 2079 1066 2149 ἐστερήθησαν
1104 2082 1326 2153 χάριτος
1360 2099 1374 2114 ·
1410 2086 1525 2148 τοῖς
1575 2086 1634 2139 δὲ
1674 2087 1879 2160 δωρου-

303 2169 440 2237 μένη
473 2172 594 2222 κατ’
629 2170 885 2241 αἴσθησιν
923 2171 1182 2242 ἀρῤητον,
1241 2169 1306 2246 ἧς
1346 2172 1492 2247 εἶχον
1552 2178 1652 2250 τὴν
1693 2179 1878 2251 ἔφεσιν

299 2259 658 2332 ἁγαθότητος,
680 2265 745 2333 τῇ
777 2263 996 2334 μεθέξει
1028 2265 1270 2336 φανερὰν
1293 2266 1392 2338 τὴν
1417 2269 1733 2339 ἐπίγνωσιν.

367 2500 470 2570 λγ¹.
523 2503 581 2556 Ὀ
623 2503 768 2571 νοῦς,
815 2507 1011 2574 σοφίας
1061 2508 1315 2580 ὄργανον,
1381 2512 1580 2582 φησίν·
1609 2515 1638 2566 6
1694 2516 1874 2584 λόγος,

299 2591 555 2658 γνώσεως
589 2609 604 2624 ⁸
638 2595 671 2663 ή
730 2596 853 2647 κατ’
908 2597 1077 2666 ἄμφω
1125 2602 1330 2670 φυσικὴ
1379 2601 1746 2674 πληροφορία,
1777 2607 1878 2674 τῆς

301 2680 424 2733 κατ’
460 2681 628 2750 ἄμφω
664 2686 1066 2756 συνισταμένης
1099 2689 1337 2754 πίστεως
1361 2706 1375 2722 ο
1405 2691 1499 2744 τοῦ
1545 2691 1600 2744 δὲ
1652 2693 1760 2746 τῶν
1797 2696 1877 2747 ἰα-

304 2771 495 2840 μάτων
552 2774 916 2845 χαρίσματος,
957 2780 990 2848 ή
1039 2781 1246 2850 φυσικὴ
1306 2781 1708 2855 φιλανθρωπία.
1759 2787 1874 2840 Πᾶν

299 2862 410 2932 γὰρ
433 2863 680 2934 χάρισμα
705 2867 867 2932 θεῖον,
891 2870 1194 2939 ἐπιτήδειον
1215 2873 1270 2925 ἐν
1292 2875 1419 2943 ἡμῖν
1447 2874 1559 2945 ἔχει
1589 2878 1682 2930 καὶ
1705 2895 1876 2948 προσ-

301 2954 457 3021 φυὲς,
493 2955 682 3028 ῶσπερ
721 2959 954 3029 δύναμιν
982 3003 996 3027 ,
1030 2963 1063 3033 ἢ
1123 2963 1235 3029 ἕξιν
1277 2965 1309 3036 ἢ
1352 2967 1613 3035 διάθεσιν,
1644 2970 1874 3041 ὄργανον

298 3042 566 3099 δεκτικόν.
585 3043 730 3114 Οίον,
751 3052 778 3103 6
807 3051 897 3103 τὶν
915 3053 1038 3104 νοῦν
1061 3055 1244 3126 πάσης
1273 3058 1547 3128 αἰσθητῶν
1575 3064 1876 3130 φαντασίας

301 3137 535 3225 ποιήσας
582 3140 844 3209 καθαρὸν,
879 3144 1094 3214 δέχεται
1155 3147 1381 3215 σοφίαν·
1412 3153 1440 3205 ὁ
1473 3151 1530 3204 δὲ
1571 3153 1664 3206 τὸν
1719 3155 1875 3225 λόγον

299 3223 407 3276 τῶν
435 3227 693 3294 ἐμφύτων
717 3232 925 3300 παθῶν,
948 3235 1121 3304 θυμοῦ
1145 3240 1290 3308 λέγω
1319 3241 1413 3294 καὶ
1437 3243 1755 3314 ἐπιθυμίας,
1780 3223 1877 3302 κα-

298 3318 580 3386 ταστήσας
611 3319 905 3392 δεσπότην,
933 3327 1146 3397 δέχεται
1182 3331 1388 3399 γνῶσιν
1415 3352 1429 3366 ·
1464 3337 1492 3388 6
1520 3337 1576 3390 δὲ
1603 3337 1703 3396 τὴν
1735 3341 1876 3395 κατὰ

297 3405 426 3501 νοῦν
454 3409 549 3461 καὶ
583 3411 742 3480 λόγον
772 3417 901 3486 περὶ
929 3417 999 3470 τὰ
1034 3418 1150 3473 θεῖα
1176 3422 1470 3478 ἀσάλευτον
1501 3405 1876 3501 πληροφορίαν

299 3497 460 3568 ἔχων,
505 3502 604 3571 τὴν
641 3505 819 3559 πάντα
873 3508 1181 3582 δυναμένην
1227 3513 1441 3586 δέχεται
1503 3497 1786 3575 πίστινήοδ
1819 3523 1875 3575 δὲ

297 3587 396 3683 τὴν
423 3594 658 3665 φυσικὴν
684 3599 1038 3670 κατορθώσας
1062 3605 1476 3677 φιλανθρωπίαν
1506 3613 1645 3680 μετὰ
1664 3613 1760 3683 τὴν
1783 3631 1875 3667 τε-

297 3680 452 3736 λείαν
513 3685 614 3753 τῆς
677 3688 964 3757 φιλαυτίας
1019 3695 1318 3767 ἀναίρεσιν,
1352 3700 1596 3771 ίαμάτων
1657 3680 1872 3773 δέχεται

295 3774 626 3845 χαρίσματα.

366 4041 461 4134 .
492 4045 769 4111 Ἕκαστος
808 4051 966 4120 ἡμῶν
986 4093 1000 4117 ,
1034 4057 1176 4110 κατὰ
1207 4057 1304 4129 τήν
1336 4060 1630 4130 ἀναλογίαν
1659 4065 1759 4134 τῆς
1811 4069 1868 4122 ἐν

294 4131 442 4225 αύτῷ
461 4135 718 4202 πίστεως,
736 4156 966 4212 φανερου
975 4144 1143 4215 μένην
1165 4147 1424 4220 κέκτηται
1440 4151 1533 4204 τοῦ
1551 4153 1868 4225 Πνεύματος

292 4221 394 4320 τὴν
421 4226 729 4296 ἐνέργειαν.
762 4231 927 4287 Ὥστε
979 4238 1184 4307 ταμίας
1231 4241 1466 4313 ὑπάρχει
1506 4245 1606 4314 τῆς
1644 4221 1868 4320 χάριτος

292 4314 522 4381 ἕκαστος
570 4321 764 4375 ἐαυτοῦ
799 4340 814 4356 ο
850 4325 944 4378 καὶ
1001 4329 1185 4384 οὔποτ’
1215 4331 1282 4385 ἂν
1342 4331 1402 4388 εὖ
1459 4314 1676 4407 φρονῶν
1723 4314 1869 4412 άλλῳ

293 4405 610 4478 φθονήσειεν
651 4412 1089 4485 ἐνευδοκιμοῦντι
1126 4425 1248 4486 ταῖς
1301 4405 1540 4496 χάρισιν,
1589 4430 1676 4482 ἐπ’
1717 4405 1868 4505 αὑτῶ

1902 3197 1946 3258 C

1980 633 2162 703 luptas
2211 634 2557 704 indivisaque
2604 635 2736 689 unio
2775 642 2882 688 est.
2929 632 3190 688 Veritatis
3239 641 3424 687 autem
3464 649 3565 688 no-

1976 722 2148 790 mine,
2207 724 2458 778 omnium
2505 723 2852 788 notitiarum,
2909 722 3263 793 ipsorumque
3314 722 3562 777 omnium

1977 827 2098 882 quae
2139 823 2447 868 noscuntur
2478 822 2643 882 atque
2681 812 2953 877 sciuntur,
2991 812 3154 866 finem
3192 810 3559 882 Signiﬁcavit;

1978 905 2032 957 in
2075 919 2259 974 quem,
2291 914 2351 959 ut
2379 905 2712 976 principium
2753 905 3027 974 ﬁnemque
3069 918 3254 958 rerum
3289 904 3557 966 omnium,

1977 995 2256 1050 naturales
2284 1006 2464 1050 motus
2479 997 2720 1067 generali
2748 995 2983 1066 quadam
3010 994 3223 1049 ratione
3245 1005 3520 1064 coguntur
3543 1011 3556 1047 :

1978 1101 2102 1141 cum
2137 1102 2331 1157 nempe
2371 1089 2555 1143 vincat
2593 1087 2776 1143 omnia
2816 1097 3074 1157 tanquam
3110 1084 3332 1149 veritas,
3373 1101 3558 1139 rerum

1978 1176 2317 1246 principium
2356 1192 2418 1232 ac
2455 1193 2644 1243 causa,
2685 1184 2742 1232 et
2785 1177 2851 1231 ad
2897 1192 2975 1242 se,
3007 1190 3198 1230 eorum
3227 1190 3349 1244 quae
3379 1184 3560 1230 creata

1977 1275 2128 1332 sunt,
2155 1268 2384 1337 perinde
2405 1277 2612 1323 motum
2639 1269 2840 1323 trahat.
3129 1327 3134 1332 _

2047 1356 2138 1410 52.
2169 1355 2246 1410 Ea
2273 1356 2568 1410 multarum
2611 1356 2944 1426 privatione,
2985 1372 3105 1426 qua:
3143 1371 3242 1426 per
3280 1356 3560 1411 excellen-

1979 1446 2111 1502 tiam
2140 1457 2244 1512 est,
2281 1447 2485 1501 veritas
2529 1455 2591 1501 ut
2633 1463 2802 1500 unum
2845 1455 2902 1502 et
2926 1447 3201 1518 singulare
3225 1454 3425 1501 natura
3462 1462 3561 1502 sua

1977 1539 2179 1600 elucet,
2207 1539 2453 1593 omnium
2483 1554 2606 1608 qua:
2631 1539 2939 1609 intelligere
2960 1547 3058 1593 aut
3089 1539 3324 1609 intelligi
3352 1539 3560 1604 valent,

1978 1628 2319 1700 intelligendi
2340 1629 2628 1684 facultates
2652 1630 2945 1700 obtegens;
2983 1629 3184 1699 quippe
3216 1645 3338 1699 quae
3367 1644 3562 1698 super-

1977 1719 2253 1774 cssentiali
2300 1721 2640 1787 exsistentia,
2675 1737 2799 1775 cum
2825 1721 2934 1776 illis
2955 1737 3077 1790 qua:
3100 1721 3433 1790 intelligunt,
3449 1730 3562 1775 tum

1977 1825 2098 1879 quae
2136 1810 2544 1880 intelliguntur,
2597 1811 2871 1878 emineat;
2925 1811 3249 1881 inﬁnitaque
3293 1812 3561 1882 potentia,

1980 1914 2162 1954 rerum
2212 1900 2587 1955 extremitates
2639 1907 2696 1955 et
2744 1901 3002 1971 principii
3055 1901 3272 1956 ratione
3322 1910 3379 1956 et
3435 1900 3563 1956 ﬁnis

1978 1990 2514 2056 circumscribendo,
2556 2007 2775 2046 omnem
2827 1992 3073 2046 omnium
3125 1992 3194 2046 ad
3243 2007 3301 2047 se
3345 2001 3558 2047 motum

1979 2081 2186 2151 pariter
2213 2081 2395 2135 trahat
2427 2097 2441 2134 :
2477 2081 2601 2135 aliis
2631 2081 2856 2151 quidem
2884 2083 3004 2152 ejus
3025 2081 3213 2152 gratiae
3236 2097 3343 2151 qua
3363 2082 3562 2150 privati

1978 2182 2127 2238 sunt,
2155 2174 2358 2227 claram
2401 2175 2651 2228 notitiam
2697 2174 2982 2244 praebens;
3017 2173 3140 2229 aliis
3175 2187 3330 2238 vero,
3364 2188 3564 2228 arcano

1977 2280 2142 2320 sensu
2171 2281 2234 2321 ac
2258 2273 2444 2336 gustu,
2481 2282 2602 2321 eam
2629 2265 2954 2329 bonitatem,
2992 2257 3151 2336 Cujus
3177 2264 3456 2320 desiderio
3481 2272 3568 2320 te-

1978 2357 2276 2422 nebantur,
2321 2373 2387 2412 ex
2436 2357 2794 2427 perceptione
2839 2356 3126 2411 manifeste
3165 2356 3564 2426 agnoscendam

1979 2447 2256 2500 tribuens.

2047 2535 2134 2590 55.
2172 2535 2509 2600 Intellectus,
2545 2535 2827 2605 sapientia:
2851 2551 3148 2606 organum;
3181 2537 3342 2601 ratio,
3379 2537 3564 2592 scien-

1977 2624 2462 2694 tize;.utriusque
2531 2625 2798 2679 naturalis
2867 2625 3164 2689 certitudo,
3226 2626 3376 2690 ﬁdei,
3439 2641 3562 2695 qua:

1977 2724 2212 2786 utraque
2240 2723 2472 2792 constat.
2523 2716 2659 2771 Doni
2700 2718 3020 2781 sanitatum,
3058 2716 3328 2771 naturalis
3363 2716 3560 2770 huma-

1975 2806 2119 2860 nitas
2159 2821 2225 2861 ac
2262 2805 2592 2877 benignitas.
2639 2805 2810 2861 Onmc
2851 2807 2997 2861 enim
3039 2807 3285 2862 divinum
3330 2807 3561 2871 donum,

1977 2897 2235 2952 idoneum
2272 2900 2325 2953 in
2370 2899 2532 2954 nobis
2561 2900 3043 2970 commodumque,
3082 2900 3233 2954 velut
3259 2901 3560 2970 potentiam

1975 2995 2072 3042 aut
2097 2988 2346 3042 habitum
2385 3004 2480 3043 seu
2517 2988 2957 3058 dispositionem,
2987 3005 3251 3060 organum
3289 2989 3439 3044 illius
3463 3004 3559 3042 ca~~

1976 3093 2081 3147 pax
2116 3079 2300 3134 habet.
2333 3079 2579 3149 Exempli
2619 3094 2803 3144 causa,
2840 3080 2934 3150 qui
2976 3079 3046 3133 ab
3081 3080 3230 3134 omni
3272 3095 3459 3134 rerum
3503 3078 3559 3134 in

1974 3184 2200 3224 sensum
2229 3169 2546 3224 cadentium
2586 3171 2914 3240 cogitatione
2959 3171 3202 3224 animum
3228 3170 3561 3225 emundavc-

1979 3261 2072 3324 rit,
2112 3261 2434 3330 sapientiam
2465 3261 2658 3330 recipit
2690 3277 2705 3314 :
2747 3261 2840 3330 qui
2873 3277 3007 3316 vero
3042 3277 3234 3316 eorum
3263 3260 3561 3317 aﬁectuum

1977 3350 2072 3419 qui
2111 3366 2140 3402 a
2171 3359 2366 3404 natura
2393 3350 2553 3404 nobis
2590 3350 2740 3405 insiti
2780 3357 2910 3404 sunt
2940 3351 3056 3421 (irae
3079 3351 3291 3406 scilicet
3313 3359 3369 3405 et
3400 3352 3558 3422 cupi.

1977 3439 2184 3506 ditatis)
2243 3441 2510 3494 rationem
2560 3441 2826 3496 arbitram
2869 3442 3240 3507 constituerit,
3285 3441 3465 3514 566,
3506 3443 3559 3498 is

1976 3531 2266 3586 scientiam
2297 3531 2534 3601 accipit:
2567 3531 2662 3600 qui
2690 3541 2872 3584 autem
2904 3541 3087 3586 mente
3117 3547 3180 3586 ac
3215 3531 3427 3586 ratione
3467 3532 3554 3586 in-

1975 3636 2295 3676 concussam
2327 3621 2470 3676 circa
2498 3621 2681 3675 divina
2718 3623 3108 3677 certitudinem
3144 3633 3340 3678 nactus
3371 3633 3477 3688 est,
3511 3624 3565 3679 is

1975 3711 2125 3776 ﬁdei,
2153 3728 2273 3782 qua:
2309 3711 2490 3765 omnia
2527 3720 2730 3780 potest,
2769 3728 2995 3782 compos
3017 3713 3254 3768 efﬁcitur
3280 3732 3292 3767 ε
3320 3716 3415 3784 qui
3460 3715 3557 3769 de-

1972 3809 2141 3876 nique
2173 3808 2388 3862 sublato
2423 3806 2664 3877 perfecte
2690 3822 2833 3862 ειεεο
2878 3808 2963 3861 ειιί
3009 3823 3194 3862 amore
3239 3822 3303 3861 ac
3345 3806 3558 3866 carnali

1974 3900 2285 3970 (φιλαυτίαν
2315 3896 2533 3968 vocant)
2569 3898 3288 3954 naturalcmhumanitatcm
3322 3896 3560 3966 adeptus

1970 4001 2077 4057 est,
2109 3995 2154 4048 is
2174 3992 2333 4047 donis
2354 3992 2649 4047 sanitatum
2686 3993 2914 4062 potitur.

2041 4086 2130 4140 54.
2161 4084 2404 4153 Quisque
2425 4093 2699 4148 nostrum,
2739 4099 2840 4152 pro
2864 4084 2982 4154 ejus
3016 4081 3142 4136 ﬁdei
3167 4083 3400 4149 ratione,
3433 4099 3564 4153 quai-

1971 4174 2027 4228 in
2060 4173 2178 4243 ipso
2211 4182 2314 4238 est,
2357 4171 2705 4226 manifestam
2751 4173 3092 4228 nanciscitur
3136 4172 3375 4242 Spiritus
3417 4188 3563 4243 opes

1972 4264 2260 4317 rationem.
2294 4261 2550 4325 Proinde,
2582 4277 2695 4317 sua:
2724 4263 2976 4332 quisquis
2998 4263 3183 4333 gratiae
3213 4263 3421 4318 arbiter
3444 4273 3560 4328 est,

1969 4369 2077 4408 nec
2117 4354 2260 4408 ullus
2295 4366 2538 4422 unquam
2562 4353 2680 4406 sani
2712 4353 2908 4423 capitis
2947 4367 3014 4407 eo
3039 4352 3260 4408 nomine
3287 4353 3378 4407 alii
3400 4353 3563 4422 ,invi-

1969 4449 2134 4515 derit,
2166 4447 2311 4518 quod
2345 4446 2538 4518 gratiis
2575 4446 2816 4518 fulgeat;
2859 4449 3062 4518 quippe
3097 4463 3222 4502 cum
3266 4447 3562 4518 dispositio

293 4500 558 4572 κειμένης
621 4505 718 4576 τῆς
769 4509 1030 4583 δεκτικῆς
1083 4515 1192 4570 τῶν
1231 4517 1390 4573 θείων
1431 4521 1653 4590 ἀγαθῶν
1683 4500 1863 4580 διαθέ.ζ

1974 4542 2249 4611 animique
2281 4539 2498 4594 affectio
2523 4539 2838 4618 divjnorum
2859 4558 3028 4613 capax
3061 4542 3358 4608 bonorum,
3398 4542 3454 4597 in
3483 4543 3562 4604 iis

292 4607 452 4654 σεως.

359 4681 467 4782 λε’ἒ
485 4685 668 4782 Αἴτιον
691 4683 828 4782 εἷναί
881 4710 1014 4765 φησι
1071 4697 1175 4766 τῆς
1223 4699 1330 4754 τῶν
1389 4702 1550 4758 θείων
1601 4706 1866 4782 διανομῆς

286 4774 528 4869 ἀγαθῶν,
552 4777 838 4850 τδμέτρον
861 4784 961 4853 τῆς
983 4785 1213 4863 ἐκάστου
1247 4790 1502 4857 πίστεως.
1536 4795 1730 4861 Καθὼς

288 4866 640 4937 πιστεύομεν,
673 4871 768 4924 καὶ
797 4871 893 4942 τὴν
916 4873 1008 4925 ἐπὶ
1037 4875 1098 4926 τὸ
1130 4877 1390 4946 πράττειν
1415 4883 1517 4952 τῆς
1546 4866 1858 4960 προθυμίας

285 4954 525 5010 ἐπίδοσιν
555 4958 772 5029 ἔχομεν.
817 4963 876 5015 '0
905 4964 1034 5032 γοῦν
1070 4967 1355 5035 πράττων,
1389 4975 1531 5027 κατὰ
1726 4954 1852 5034 tiva-

283 5044 470 5114 λογίαν
556 5051 658 5120 τῆς
738 5053 992 5124 πράξεως
1061 5057 1431 5117 ἐπιδείκνυται
1513 5068 1574 5120 τὸ
1628 5044 1860 5143 ⁷μέτρον

285 5137 382 5232 της
424 5139 696 5232 πίστεως,
745 5143 1032 5215 δεχόμενος
1094 5148 1170 5214 ὡς
1220 5151 1504 5208 ἐπίστευσε
1551 5158 1612 5211 τὸ
1662 5137 1858 5232 μέτρον

281 5230 382 5320 τῆς
433 5230 694 5300 χάριτος·
746 5236 775 5287 6
822 5235 878 5290 δὲ
927 5237 1002 5308 μὴ
1052 5242 1328 5312 πράττων,
1391 5247 1531 5302 κατὰ
1587 5251 1685 5320 τὴν
1725 5230 1858 5308 ἀνα-

281 5316 473 5415 λογίαν
499 5321 620 5415 τῆς-
653 5324 925 5415 ἀπραξίας
975 5331 1344 5388 ἐπιδείκνυται
1398 5337 1460 5390 τὸ
1517 5316 1717 5412 μέτρον
1761 5346 1860 5415 τῆς

283 5407 562 5474 ἀπιστίας,
602 5413 892 5484 δεχόμενος
929 5419 1005 5482 ὡς
1037 5423 1328 5494 ήπίστησε,
1361 5427 1462 5498 τῆς
1501 5431 1724 5499 χάριτος
1761 5407 1859 5505 τήν

284 5497 559 5597 στέρησιν.
579 5501 788 5557 Ούκοῦν
811 5509 997 5571 κακῶς
1022 5517 1167 5566 ποιεῖ
1189 5515 1497 5584 βασκαίνων
1521 5524 1633 5586 τοῖς
1661 5497 1855 5597 κατορ-

281 5584 468 5646 θοῦσιν
493 5589 523 5640 6
553 5589 849 5673 φθονερὸς2
889 5597 976 5651 ἐπ’
1011 5602 1159 5674 αὐτῷ
1201 5607 1389 5676 σαφῶς
1410 5647 1426 5672 ,
1459 5611 1559 5663 ούκ
1593 5613 1679 5665 ἐπ’
1711 5584 1854 5688 ἄλλῳ

353 5761 401 5801 ⁸³
432 5763 592 5824 Rom.
626 5783 716 5838 xu,
761 5778 806 5835 6⁵

1971 4636 2081 4690 lius
2114 4633 2184 4688 sit
2203 4633 2306 4688 sita
2331 4633 2506 4687 libera
2537 4633 2847 4688 voluntate.

2041 4725 2130 4781 55.
2171 4723 2402 4779 Causam
2423 4739 2544 4778 esse
2568 4724 2646 4779 ait
2675 4725 3089 4781 distributionis
3111 4725 3423 4781 divinorum
3448 4725 3555 4781 bon

1971 4833 2190 4882 norum,
2225 4816 2349 4871 fidei
2379 4815 2646 4888 cujusque
2691 4833 3004 4873 mensuram
3044 4818 3110 4870 ⁸⁸.
3161 4818 3266 4871 Pro
3293 4832 3359 4870 eo
3402 4817 3556 4870 enim

1960 4923 2024 4962 ac
2051 4907 2350 4972 credimus,
2377 4908 2544 4963 etiam
2569 4907 2637 4962 ad
2665 4909 2935 4980 agendum
2962 4907 3182 4976 majoris
3212 4907 3318 4958 vim
3349 4906 3557 4960 alacri-.

1960 4999 2087 5052 tatis
2111 4999 2396 5052 habemus.
2441 5000 2544 5064 Qui
2584 5016 2715 5070 ergo
2745 5001 2962 5054 actione
3006 4996 3271 5064 fungitur,
3302 5010 3403 5064 pro
3425 4996 3550 5066 ejus

1961 5093 2076 5138 rata
2105 5085 2338 5148 ratione,
2375 5085 2497 5139 ﬁdei
2529 5101 2843 5140 mensuram
2881 5084 3144 5146 ostendit,
3179 5084 3364 5153 gratia:
3394 5098 3547 5136 men-

1963 5189 2148 5228 suram
2183 5183 2396 5236 nactus,
2419 5191 2520 5243 pro
2557 5191 2624 5229 co
2643 5191 2707 5229 ac
2735 5175 2966 5230 credidit
2995 5192 3008 5226 :
3045 5175 3139 5243 qui
3168 5184 3349 5228 autem
3375 5174 3548 5229 actio-
3609 5231 3614 5236 ,

1968 5275 2092 5314 nem
2129 5278 2235 5316 non
2277 5273 2516 5332 prrestat,
2549 5280 2648 5333 pro
2674 5264 2901 5318 desidia:
2944 5263 3107 5316 modo
3143 5261 3547 5318 incredulitatis

1968 5366 2281 5406 mensuram
2328 5353 2531 5421 prodit,
2569 5353 2758 5422 gratia:
2787 5353 3093 5422 privatione
3129 5353 3410 5415 multatus,
3442 5367 3542 5420 pro

1963 5455 2031 5494 eo
2058 5455 2122 5495 ac
2160 5441 2262 5496 fuit
2295 5441 2630 5496 incredulus.
2661 5443 2796 5496 Male
2824 5442 2990 5511 igitur
3017 5440 3168 5503 facit,
3205 5441 3298 5509 qui
3335 5439 3545 5496 invidia

1961 5529 2240 5596 laborans,
2271 5519 2503 5587 aliorum
2537 5534 2743 5588 virtute
2774 5533 3133 5595 contabescit,
3161 5547 3286 5586 eum
3320 5531 3373 5585 in
3398 5532 3541 5602 ejus,

1959 5635 2068 5674 non
2090 5622 2336 5688 alterius,
2364 5625 2650 5696 perspicue
2681 5625 2862 5696 posita
2888 5623 2958 5678 sit
2994 5624 3250 5679 facultate
3275 5621 3539 5682 credendi
