4122 6320
325 382 456 455 1277

985 379 1318 440 CAPITUM
1353 378 1777 451 QUINQUIES
1812 378 2333 444 CENTENORUM
2369 384 2755 449 CENTURIA
2789 388 2906 447 III.

3411 387 3545 451 1278

256 556 257 559 η
321 492 430 551 κῶν
449 488 725 561 δυνάμεων
759 488 894 560 πρὸς
938 492 1066 553 τοὺς
1090 490 1322 556 τρόπους
1377 490 1472 544 καὶ
1527 490 1647 553 τοὺς
1694 489 1885 560 λόγους

1994 495 2165 552 modis
2222 495 2640 571 rationibusque
2709 498 3086 557 mandatorum
3143 498 3544 571 contemperari

321 582 426 637 τῶν
449 580 675 634 ἐντολῶν
706 596 721 609 ⁸
757 578 980 650 πνεῦμα
1006 579 1063 632 δὲ
1101 579 1292 647 σοφίας
1330 581 1500 646 ἐστὶν,
1532 581 1568 651 ὴ
1608 580 1743 653 πρὸς
1787 581 1884 651 τὴν

323 671 500 727 αἰτίαν
528 669 636 723 τῶν
660 670 718 724 ὲν
750 672 870 734 ταῖς
896 669 1135 734 ἐντολαῖς
1164 670 1689 743 πνευματικωτέρων
1714 671 1886 739 λόγων

323 763 585 834 ἀνάληψις
628 781 688 817 τε
733 764 828 818 καὶ
860 764 1075 829 ἒνωσις,
1119 763 1242 818 καθ’
1269 764 1336 835 ἢν
1357 764 1653 832 ἀγνώστως
1672 764 1797 828 τοὺς
1829 766 1887 818 ὲν

323 854 458 925 Θεῷ,
490 854 633 910 κατὰ
658 854 718 908 τὸ
766 854 984 926 θεμιτὸν
1009 854 1337 926 ἀνθρώποις,
1370 855 1556 918 ἁπλῶς
1592 854 1886 925 μυούμενοι

321 950 426 1005 τῶν
454 949 621 1007 ὄντων
647 949 857 1017 λόγους,
881 949 956 1013 ὡς
985 949 1048 1002 ἔκ
1067 966 1215 1013 τινος
1262 948 1679 1020 βλυστανούσης,
1703 949 1887 1019 πηγῆς

321 1041 417 1110 τῆς
446 1039 695 1109 καρδίας,
737 1043 834 1110 τὴν
886 1040 943 1093 ὲν
987 1041 1101 1103 τοῖς
1144 1039 1286 1104 ὅλοις
1332 1041 1590 1112 ἀλήθειαν
1627 1038 1886 1100 ποικίλως

321 1134 430 1195 τοῖς
450 1131 628 1211 ἄλλοις
657 1130 965 1211 ἀνθρώποις
994 1131 1398 1204 προσφέρομεν.

391 1240 465 1310 μ’.
491 1240 623 1295 ’Δπὺ
645 1241 745 1311 μὲν
764 1240 865 1295 τῶν
883 1243 947 1296 ἐκ
966 1241 1101 1296 Θεοῦ
1117 1241 1463 1309 τελευταίων,
1486 1245 1618 1314 ἡμῖν
1642 1243 1699 1296 δὲ
1717 1260 1889 1314 προσ-

322 1330 481 1405 εχῶν,
533 1331 625 1386 ἐπὶ
661 1331 731 1385 τά
762 1331 976 1403 πρῶτα,
1026 1333 1122 1387 καὶ
1163 1333 1317 1403 ήμῶν
1351 1333 1448 1403 μὲν
1475 1336 1683 1406 πόρρω,
1721 1334 1798 1405 τῷ
1833 1335 1890 1388 δὲ

320 1419 439 1491 Θεῷ
464 1421 729 1492 προσεχῆ,
749 1421 873 1474 καθ’
897 1420 1016 1476 ὁδὸν
1046 1422 1139 1476 καὶ
1161 1422 1317 1488 τάξιν
1339 1422 1722 1494 ἀναϐαίνομεν.
1757 1423 1890 1477 Ἀπὸ

319 1512 428 1583 γὰρ
452 1512 548 1583 τῆς
567 1513 759 1581 ἀργίας
786 1512 895 1567 τῶν
928 1512 1114 1568 κακῶν
1145 1513 1236 1567 διὰ
1265 1512 1459 1581 φόϐου,
1496 1514 1591 1568 ἐπὶ
1639 1514 1741 1586 τὴν
1781 1514 1891 1568 τῶν

320 1603 530 1672 ἀρετῶν
556 1603 622 1656 δι’
663 1603 844 1673 ἰσχύος
874 1604 1150 1674 ὲρχόμεθα
1175 1605 1376 1675 πρᾶξιν
1406 1623 1423 1637 ⁸
1454 1606 1564 1661 ἀπὸ
1578 1605 1638 1658 δὲ
1655 1605 1755 1675 τῆς
1782 1606 1892 1659 τῶν

320 1694 529 1764 ἀρετῶν
586 1695 860 1764 πράξεως,
910 1696 1006 1749 ἐπὶ
1042 1696 1145 1765 τὴν
1189 1695 1464 1766 διάκρισιν
1507 1695 1608 1766 τῆς
1649 1694 1843 1765 βουλῆς
1873 1708 1887 1724 ⁸

317 1785 427 1839 ἀπὸ
453 1785 509 1838 δὲ
535 1786 631 1855 τῆς
668 1786 1016 1857 διακρίσεως,
1072 1788 1165 1841 ἐπὶ
1191 1787 1291 1858 τὴν
1334 1786 1448 1852 ἕξιν
1497 1786 1607 1840 τῶν
1657 1786 1889 1857 ἀρετῶν,

318 1876 485 1946 ἠγουν
511 1877 825 1948 ἐπιστήμην
855 1892 870 1907 ⁸
902 1878 1020 1931 ἀπὸ
1061 1879 1117 1932 δὲ
1166 1880 1265 1951 τῆς
1308 1879 1471 1945 ἕξεως
1515 1879 1626 1965 τῶν
1657 1879 1888 1951 ἀρετῶν,

320 1968 414 2022 int
464 1970 563 2040 τὴν
611 1971 816 2039 γνῶσιν
848 1972 959 2052 τῶν
984 1975 1041 2027 ἐν
1067 1974 1257 2037 αὐταῖς
1276 1976 1397 2037 ταῖς
1421 1975 1642 2043 ἀρεταῖς
1667 1972 1841 2042 λόγων
1874 1990 1889 2006 ⁸

323 2059 430 2114 ἀπὸ
450 2060 506 2115 δὲ
532 2061 755 2133 ταύτης,
785 2065 866 2126 εἰς
884 2063 985 2134 τὴν
999 2065 1134 2136 πρὸς
1167 2066 1293 2129 τοὺς
1313 2065 1684 2134 ἐγνωσμένους
1704 2065 1894 2133 λόγους

319 2150 433 2205 τῶν
477 2152 690 2223 ἀρετῶν
738 2156 1168 2226 μιταποιητικὴν
1211 2156 1343 2223 ἕξιν·
1380 2155 1524 2227 φημὶ
1555 2156 1612 2209 δὲ
1639 2155 1737 2226 τὴν
1767 2156 1893 2209 σύν-

319 2256 436 2294 εσιν
462 2257 476 2272 ⁸
512 2242 608 2294 καὶ
639 2243 748 2295 ἀπὸ
782 2243 1008 2314 ταύτης,
1046 2246 1126 2306 είς
1179 2245 1278 2315 τὴν
1305 2243 1488 2314 ἁπλῆν
1518 2243 1619 2313 τῆς
1652 2245 1710 2296 ὲν
1751 2243 1919 2306 ὅλοις,

322 2329 579 2400 ἀληθείας
615 2332 820 2403 άκριϐἧ
861 2332 1095 2405 θεωρίαν
1128 2350 1142 2364 ⁸
1178 2334 1272 2403 ἀφ’
1306 2328 1375 2405 ἦς
1411 2331 1741 2404 ὁρμώμενοι,
1767 2333 1895 2386 πολ-

322 2420 449 2484 λοὺς
502 2422 598 2476 καὶ
649 2423 928 2487 ποικίλους
967 2425 1031 2477 ὲκ
1061 2427 1162 2495 τῆς
1198 2424 1310 2476 τῶν
1339 2423 1512 2478 ὄντων
1535 2422 1809 2492 αἰσθητῶν
1834 2439 1896 2475 τε

322 2513 418 2569 καὶ
438 2512 647 2583 νοητῶν
677 2512 879 2568 οὐσιῶν
913 2513 1087 2584 σοφῆς
1111 2514 1368 2585 θεωρίας,
1418 2513 1662 2576 εὐσεϐεῖς
1703 2513 1895 2583 λόγους

323 2604 451 2676 περὶ
481 2604 580 2675 τῆς
609 2603 872 2669 ἀλτκθείας
897 2602 1278 2659 ἀποδώσομεν.

396 2904 508 2968 μα’.
540 2897 613 2951 Τὸ
641 2896 777 2961 πρὸς
807 2895 952 2966 ἡμᾶς
974 2894 1097 2948 κατ’
1127 2893 1413 2965 ἐνέργειαν
1438 2893 1652 2964 πρῶτον
1670 2892 1891 2963 ἀγαθὸν,

322 2989 458 3060 ὅπερ
504 2986 653 3039 ἐστὶν
686 2986 715 3039 ὁ
771 2984 954 3055 φόϐος,
1008 2983 1316 3039 τελευταῖον
1347 2982 1771 3055 ἀπηριθμήσατο
1796 2983 1896 3053 τῆς

323 3075 546 3147 Γραφῆς
567 3076 595 3128 ὁ
617 3074 793 3143 λόγος,
816 3073 892 3138 ὡς
916 3072 1109 3142 σοφίας
1136 3072 1334 3144 ἀρχὴν,
1357 3071 1451 3141 ἀφ’
1473 3065 1534 3125 οὗ
1565 3070 1892 3141 κινούμενοι,

1985 585 2297 657 contingit;
2362 587 2592 656 spiritus
2654 590 2974 658 sapientiae,
3038 589 3431 659 spiritaliorum
3490 587 3548 643 in

1984 679 2256 735 mandatis
2272 679 2543 734 rationum
2590 682 2644 734 in
2690 681 2986 736 Auctorem
3008 691 3062 735 et
3086 697 3304 736 causam
3338 696 3547 735 assum.-

1985 772 2103 844 ptio
2133 771 2397 842 unioque,
2424 788 2554 842 qua,
2578 773 2762 843 ignota
2795 773 3028 837 ratione,
3053 788 3173 842 quae
3194 773 3251 827 in
3275 773 3387 827 Deo
3421 785 3551 827 sunt

1986 879 2169 919 rerum
2193 864 2433 918 rationes
2458 863 2783 934 simpliciter
2816 862 3016 933 (quoad
3039 863 3355 919 hominibus
3397 862 3548 929 licet)

1985 952 2212 1017 edocti,
2269 954 2422 1009 velut
2476 969 2545 1008 ex
2582 953 2768 1009 cordis
2821 953 3055 1022 quadam
3112 953 3443 1023 scaturigine
3487 968 3551 1006 ac

1985 1043 2137 1099 fonte
2159 1086 2174 1111 ,
2210 1045 2568 1100 exsistcntem
2617 1044 2673 1101 in
2715 1044 2990 1100 universis
3022 1045 3307 1100 veritatem
3329 1084 3345 1108 ,
3403 1043 3550 1097 varie

1988 1133 2112 1191 aliis
2129 1134 2450 1190 hominibus
2483 1134 2876 1206 expromimus.

2056 1247 2143 1302 40.
2174 1247 2257 1302 Ab
2277 1246 2344 1301 iis
2372 1262 2492 1316 quae
2517 1263 2547 1301 a
2574 1247 2686 1301 Deo
2710 1256 2983 1317 postrema
3010 1256 3157 1311 sunt,
3183 1245 3344 1301 nobis
3369 1254 3551 1299 autem

1988 1338 2239 1408 proxima
2278 1338 2539 1407 velutque
2578 1337 2863 1402 haerentia,
2891 1338 2957 1392 ad
2992 1337 3189 1406 prima,
3210 1345 3372 1406 atque
3402 1351 3432 1388 a
3454 1351 3552 1387 no-

1988 1436 2075 1491 bis
2099 1434 2323 1506 quidem
2348 1440 2580 1498 remota,
2632 1433 2746 1488 Deo
2784 1440 2966 1487 autem
2996 1432 3267 1501 proxima,
3313 1431 3396 1484 via
3422 1444 3557 1498 qua-

1990 1526 2115 1582 dam
2164 1524 2470 1595 ordineque
2516 1523 2886 1579 ascendimus.
2936 1521 3020 1575 Ab
3057 1536 3127 1575 eo
3157 1520 3302 1575 enim
3345 1518 3489 1589 quod
3526 1533 3556 1571 a

1990 1615 2150 1671 malis
2182 1630 2283 1685 per
2304 1615 2555 1668 timorem
2580 1612 2971 1675 abstineamus,
3001 1610 3070 1665 ad
3092 1609 3359 1664 virtutum
3389 1622 3555 1677 opera

1989 1721 2087 1776 per
2111 1703 2486 1760 fortitudinem
2508 1702 2812 1772 prmstanda
2834 1701 3117 1765 venimus;
3153 1714 3184 1754 a
3210 1697 3558 1768 praestatione

1992 1795 2156 1867 568
2191 1803 2375 1851 autem
2404 1795 2694 1858 virtutum,
2739 1792 2805 1847 ad
2832 1791 3044 1869 consilii
3081 1790 3501 1852 discretionem;
3528 1803 3560 1841 ει

1993 1887 2326 1942 discretione
2350 1893 2557 1950 autem,
2590 1883 2657 1938 ad
2693 1883 2959 1937 virtutum
2985 1880 3256 1944 habitum,
3290 1879 3403 1933 sive
3430 1894 3561 1948 pru-

1993 1976 2265 2042 dentiam;
2310 1990 2341 2031 a
2370 1974 2640 2030 virtutum
2690 1982 2875 2028 autem
2920 1971 3134 2034 habitu,
3177 1968 3246 2024 ad
3282 1967 3561 2023 rationum

1993 2066 2049 2120 in
2085 2066 2385 2121 virtutibus
2416 2065 2551 2135 ipsis
2580 2063 2899 2129 scientiam;
2932 2063 3000 2116 ab
3030 2061 3255 2130 illaque,
3298 2057 3366 2112 ad
3397 2057 3561 2112 habi-

1992 2164 2109 2211 tum
2145 2171 2256 2227 quo
2310 2156 2378 2210 ad
2421 2155 2732 2226 exploratas
2777 2151 2938 2207 nobis
2986 2152 3256 2205 virtutum
3313 2148 3561 2202 rationes

1993 2246 2366 2301 convertimur
2400 2245 2455 2299 in
2472 2259 2674 2314 easque
2700 2244 3153 2304 transmutamur’,
3179 2253 3377 2307 nempe
3397 2235 3562 2291 intel-

1993 2336 2307 2407 ligentiam;
2348 2342 2512 2404 atque
2543 2335 2610 2388 ab
2637 2334 2764 2397 hoc,
2801 2331 2866 2386 ad
2894 2329 3200 2399 simplicem
3238 2326 3487 2382 veritatis
3507 2325 3562 2379 in

1995 2425 2272 2481 universis
2325 2431 2636 2479 accuratam
2705 2420 3278 2491 contemplationem:
3332 2433 3400 2472 ex
3455 2432 3562 2486 qua

1994 2515 2226 2587 profecti
2260 2514 2483 2585 orsique
2506 2554 2520 2579 ,
2556 2514 2745 2583 plures
2767 2520 2931 2580 atque
2979 2509 3249 2572 diversas,
3284 2522 3352 2561 οι
3377 2522 3562 2560 rerum

1996 2616 2112 2662 tum
2137 2622 2259 2676 qua:
2283 2606 2338 2659 in
2372 2620 2592 2659 sensum
2620 2602 2843 2666 cadunt,
2872 2609 2988 2655 tum
3011 2614 3132 2670 quae
3157 2604 3338 2652 mente
3365 2596 3564 2651 intelli-

1995 2706 2219 2770 guntur,
2263 2695 2457 2767 pietati
2486 2695 2760 2750 hmrentes
2784 2692 2852 2748 de
2876 2692 3106 2747 veritate
3151 2688 3564 2745 reddemus.ra«

1997 2789 2197 2845 tiones.

2065 2903 2155 2960 41.
2189 2902 2433 2957 Primum
2453 2899 2635 2971 quoad
2671 2912 2772 2953 nos
2805 2897 2860 2952 in
2893 2903 3017 2951 actu
3052 2894 3280 2959 bonum,
3311 2889 3564 2945 timorem

1998 2992 2228 3059 scilicet,
2260 2999 2597 3062 postremum
2635 2984 2914 3042 recensuit
2954 2983 3269 3052 Scriptura,
3305 2988 3564 3048 tanquam

1997 3079 2281 3150 sapientia:
2305 3077 2638 3148 principium
2662 3092 2678 3141 ;
2713 3090 2744 3133 a
2778 3089 2887 3145 quo
2911 3072 3076 3127 ducto
3109 3077 3290 3125 motus
3315 3065 3563 3129 exordio,

324 3168 457 3239 πρὸς
496 3166 556 3218 τὸ
587 3164 687 3234 τῆς
722 3162 914 3234 σοφίας
940 3163 1093 3227 τέλος
1116 3162 1215 3234 τὴν
1247 3160 1464 3215 σύνεσιν
1487 3160 1582 3231 (cl,
1612 3158 1894 3214 ἀναϐαίνο-

1997 3173 2064 3227 ad
2089 3171 2368 3242 sapientia:
2390 3170 2554 3224 ﬁnem
2581 3167 2660 3238 (id
2689 3174 2794 3226 est,
2836 3158 3276 3233 intelligentiam)
3301 3157 3525 3214 escendi
3548 3187 3564 3197 -

328 3274 446 3330 μεν,
492 3255 611 3328 μεθ’
649 3256 715 3328 ἢν
761 3256 1048 3325 προσεχεῖς
1100 3251 1250 3327 αὐτῷ
1308 3252 1571 3324 γινόμεθα
1621 3251 1700 3322 τῷ
1753 3250 1909 3322 Θεῷ,-

329 3346 496 3416 μόνην
545 3344 645 3415 τὴν
702 3342 892 3413 σοφίαν
942 3342 1044 3414 τῆς
1096 3343 1236 3413 πρὸς
1266 3342 1430 3397 αὐτὸν
1458 3339 1704 3406 ἑνώσεως
1736 3358 1893 3413 μεσι-

326 3437 585 3492 τεύουσαν
628 3434 866 3506 ἔχοντες.
896 3433 970 3488 Ού
1007 3434 1114 3505 γάρ
1138 3434 1253 3486 ἐστι
1282 3432 1508 3487 δυνατὸν
1538 3431 1896 3486 ἐπιλαϐέσθαι

328 3527 538 3596 σοφίας,
576 3526 666 3581 τὸν
692 3526 766 3596 μὴ
801 3526 1068 3597 πρότερον
1094 3524 1182 3578 διὰ
1209 3522 1303 3578 τοῦ
1333 3524 1519 3595 φόϐου,
1557 3524 1654 3577 καὶ⁵
1678 3522 1787 3577 τῶν
1808 3522 1896 3576 διὰ

330 3619 495 3688 μέσου
521 3616 725 3670 λοιπῶν
751 3614 1124 3686 χαρισμάτων,
1159 3614 1259 3684 τὴν
1295 3631 1355 3667 τε
1388 3612 1685 3685 λήμηνίτῆς
1716 3611 1898 3681 ἀγνοί-

327 3724 414 3772 ας,
453 3708 549 3762 καὶ
581 3707 675 3761 τὸν
734 3707 834 3779 τῆς
877 3704 1079 3767 κακίας
1130 3703 1429 3776 κονιορτὸν,
1468 3701 1662 3756 ἑαυτοῦ
1696 3716 1899 3755 παντες

327 3797 435 3860 λῶς
456 3795 912 3867 ἀποσεισάμενον.
961 3795 1059 3848 Διά
1098 3792 1257 3847 τοῦτο
1310 3791 1428 3864 Θεῷ
1486 3793 1606 3862 μὲν,
1652 3792 1897 3863 προσεχῆ

326 3890 424 3959 τὴν
464 3887 653 3958 σοφίαν
684 3927 699 3953 ,
735 3887 869 3957 ἡμῖν
906 3884 985 3952 δὲ,
1019 3884 1113 3938 τὸν
1144 3883 1309 3955 φόϐον
1365 3884 1399 3954 ή
1457 3880 1701 3955 γραφικὴ
1747 3882 1899 3948 τάξις

327 3979 594 4051 διέθηκεν,
646 3979 732 4033 ἵνα
794 3978 957 4049 ἡμεῖς
1005 3976 1256 4047 εὐταξίας
1316 3975 1577 4047 μάθωμεν
1629 3974 1752 4046 ὅρον
1806 3974 1901 4028 καὶ

327 4071 509 4140 νόμον.

404 4182 513 4255 μ6¹.
543 4184 642 4237 Διὰ
667 4182 872 4237 τούτων
898 4178 990 4236 οὗν
1035 4180 1419 4243 ἀναϐαίνοντες
1456 4177 1564 4231 τῶν
1607 4174 1900 4247 ὀφθαλμῶν

326 4275 429 4344 τῆς
482 4275 738 4337 πίστεως,
793 4274 958 4346 ἤγουν
987 4271 1303 4344 φωτισμῶν,
1339 4269 1474 4342 προς
1498 4268 1596 4340 τὴν
1623 4267 1771 4322 θείαν
1801 4258 1900 4337 τῆς

333 4366 525 4434 σοφίας
571 4365 917 4435 συναγόμεθα
961 4364 1166 4436 μονάδα
1193 4379 1207 4394 ⁸
1260 4364 1358 4434 τὴν
1411 4361 1786 4431 γεγενημένην
1831 4358 1899 4412 δι’

332 4458 478 4528 ἡμᾶς
531 4455 637 4509 τῶν
687 4457 1042 4528 χαρισμάτων
1090 4455 1376 4524 διαίρεσιν,
1410 4454 1546 4526 πρὸς
1588 4451 1685 4523 τὴν
1717 4449 1896 4503 αἰτίαν

333 4547 438 4603 τῶν
486 4547 842 4619 χαρισμάτων
878 4548 1225 4615 συνάγοντες,
1263 4547 1380 4610 ταῖς
1420 4543 1559 4597 κατά
1593 4543 1756 4615 μέρος
1783 4540 1891 4594 τῶν

332 4639 540 4707 ἀρετῶν
565 4638 886 4702 άναϐάσεσι,
936 4639 1103 4711 μηδὲν
1132 4637 1241 4691 τῶν
1289 4636 1593 4709 εἰρημένων
1634 4632 1894 4703 συνεργίᾳ

332 4728 468 4783 Ε)εοῦ
494 4730 1024 4802 παραλιμπάνοντες,
1052 4731 1137 4785 ἵνα
1164 4729 1237 4801 μὴ
1265 4730 1385 4782 κατ’
1419 4726 1598 4795 ὀλίγον
1635 4722 1899 4795 ἀμελοῦν·

331 4840 441 4887 τες,
463 4824 666 4895 τυφλὴν
708 4823 866 4895 ἡμῶν
909 4804 1006 4894 τῆν
1058 4822 1237 4874 πίστιν
1266 4819 1360 4878 καὶ
1389 4821 1702 4889 ἀνόμματον
1724 4830 1898 4869 καταο

334 4913 638 4986 στήσωμεν,
697 4914 796 4968 ούκ
850 4913 1077 4984 ἔχουσαν
1106 4914 1225 4975 τοὺς
1287 4910 1373 4965 διὰ
1416 4910 1526 4964 τῶν
1572 4908 1746 4978 ἔργων
1798 4903 1894 4958 τοῦ

332 5005 648 5077 Πνεύματος
683 5002 1017 5077 φωτισμοὺς,
1063 5005 1158 5060 καὶ
1195 5002 1547 5072 κολασθῶμεν
1567 4998 1791 5060 δικαίως
1815 4997 1897 5062 είς

410 5180 479 5250 (ε)
516 5184 663 5253 Πρὸς
716 5188 780 5240 τὸ
826 5184 936 5252 τῆς
983 5184 1201 5253 σοφίας
1229 5182 1403 5253 τέλος
1450 5179 1565 5247 τὴν
1615 5179 1893 5253 σύνεσιν.

334 5247 659 5322 Singularis
688 5255 782 5310 hic
829 5247 1231 5308 vid—etur'vocis
1259 5247 1412 5314 τέλος
1448 5250 1731 5322 acceptio.
1777 5247 1896 5302 Non

336 5318 871 5402 enim-intelligentia
905 5331 960 5377 et
1004 5322 1225 5402 ξύνεσις
1257 5319 1497 5402 'proprie
1528 5318 1653 5372 ﬁnis
1694 5325 1784 5402 est
1806 5330 1897 5370 sa-

337 5391 578 5514 rientiae,
605 5386 729 5447 eum
763 5394 877 5447 haec
901 5390 1198 5462 perfectior
1227 5386 1299 5445 sit
1327 5386 1684 5513 omniumque
1738 5386 1898 5440 abso-

359 5470 493 5514 utto.
516 5476 621 5514 oua
646 5461 745 5514 insi
764 5460 1076 5514 immediate
1104 5460 1327 5514 unimur
1355 5461 1488 5514 Deo:
1514 5473 1573 5513 se
1641 5457 1895 5513 ultimum

359 5460 493 5522 utio,
516 5476 621 5528 qua
646 5461 745 5531 ipsi
764 5457 1076 5525 immediate
1104 5460 1327 5515 unimur
1355 5461 1488 5524 Deo;
1514 5457 1610 5513 sed
1641 5457 1895 5531 ultimum

340 5537 426 5583 est
452 5535 510 5609 et
534 5524 699 5609 quasi
726 5524 1213 5609 limes,_§poc,.que
1240 5536 1520 5609 postremo
1569 5524 1894 5609 sapientiam

342 5595 728 5663 nanciscimur,
755 5614 858 5656 nec
883 5595 1027 5654 aliud
1056 5595 1322 5655 Maximus
1363 5598 1465 5652 hac
1488 5595 1749 5665 loquendi
1783 5595 1895 5665 fer:

344 5681 429 5721 ma
464 5661 737 5735 voluerit;
768 5668 994 5724 ultimus
1023 5668 1234 5724 scilicet
1263 5667 1330 5722 ad
1368 5681 1485 5721 eam
1517 5661 1754 5735 gradusg
1790 5661 1894 5735 Qui

345 5735 472 5794 velit
493 5734 642 5801 τέλος
674 5731 785 5805 hic,
808 5736 1086 5804 edoctum,
1108 5752 1251 5802 esse,
1286 5751 1451 5808 quam
1480 5731 1600 5809 ej‘us
1638 5733 1790 5791 vocis
1818 5731 1894 5787 si-

1995 3278 2117 3317 mus
2145 3280 2157 3314 :
2185 3276 2347 3331 quem
2372 3258 2543 3324 nacti,
2571 3258 2686 3314 Deo
2710 3255 2960 3327 proxime
2984 3252 3326 3308 cohaerentes
3351 3288 3365 3312 ,
3394 3248 3567 3305 solam

1994 3352 2215 3407 unionis
2249 3365 2375 3407 cum
2415 3350 2535 3420 ipso
2568 3347 2813 3403 medium
2843 3344 3126 3400 vinculum
3179 3341 3445 3397 habemus
3484 3354 3566 3395 sa-

1995 3439 2277 3511 pientiam.
2337 3438 2457 3493 Non
2509 3436 2656 3491 enim
2708 3448 2941 3505 usquam
2993 3430 3192 3502 aliquis
3242 3428 3577 3498 sapientiam

1995 3529 2388 3600 apprehendat,
2430 3527 2563 3596 quin
2593 3525 2749 3596 prius
2777 3541 2875 3595 per
2902 3524 3154 3577 timorem
3184 3519 3437 3589 donaque
3475 3534 3575 3573 rea

1995 3621 2141 3691 liqua
2173 3620 2479 3689 interjeeta,
2510 3633 2541 3672 a
2574 3632 2633 3670 se
2676 3616 2793 3686 ipse
2822 3623 2941 3667 tum
2983 3610 3304 3682 ignorantiae
3345 3610 3574 3672 lentam,

1998 3718 2112 3765 tum
2146 3708 2368 3764 malitia:
2407 3707 2688 3776 pulverem
2720 3703 2943 3774 penitus
2967 3701 3290 3757 excusserit.
3330 3698 3575 3763 Idcirco,

1996 3797 2107 3851 Deo
2132 3795 2354 3866 quidem
2377 3794 2627 3864 proxime
2653 3790 2995 3862 sapientiam,
3014 3787 3177 3843 nobis
3198 3793 3381 3841 autem
3410 3785 3582 3838 timo~

1998 3901 2136 3953 rem,
2185 3884 2482 3953 Scriptum
2514 3874 2660 3936 ordo.
2687 3878 2918 3950 digessit
2947 3887 3010 3932 ut
3049 3886 3107 3933 et
3138 3892 3241 3933 nos
3275 3873 3585 3947 compositi

1998 3974 2209 4029 ordinis
2237 3972 2508 4027 rationem
2538 3969 2824 4042 legemque
2849 3966 3185 4024 noverimus.

2069 4176 2158 4255 .42.
2189 4175 2293 4228 Per
2318 4173 2420 4227 hos
2461 4171 2627 4241 igitur
2649 4169 2773 4223 ﬁdei
2811 4167 3022 4231 oculos,
3062 4166 3168 4220 hoc
3193 4173 3295 4235 est,
3327 4163 3584 4218 illustraa

2000 4254 2197 4328 tiones,
2230 4263 2287 4318 in
2339 4260 2587 4316 divinam
2623 4256 2917 4328 Sapientia:
2969 4255 3219 4326 cogimur
3268 4254 3585 4319 unitatem;

1999 4370 2120 4413 eam
2167 4352 2397 4415 scilicet,
2438 4364 2559 4421 quae
2606 4355 2833 4418 propter
2882 4361 2983 4403 nos
3026 4345 3271 4413 exstitit,
3299 4346 3579 4402 donorum

2000 4446 2350 4509 divisionem,
2375 4442 2429 4498 in
2448 4441 2719 4497 donorum
2743 4439 2923 4510 ipsum
2938 4439 3236 4495 Auctorem
3261 4452 3326 4493 ac
3348 4451 3579 4496 causam

1997 4539 2334 4609 colligentes,
2356 4531 2785 4607 particularihus
2802 4531 3068 4587 virtutum
3090 4528 3585 4605 progressionibus

1997 4644 2189 4686 eorum
2211 4643 2329 4698 qua:
2348 4626 2493 4682 dicta
2512 4630 2659 4688 sunt,
2677 4623 2789 4678 Deo
2807 4621 3048 4699 auSpice,
3068 4621 3208 4677 nihil
3223 4623 3537 4679 omittentes
3552 4637 3579 4686 ’,ζ

2000 4738 2091 4787 ne,
2114 4721 2244 4776 dum
2271 4716 2531 4790 paulatim
2553 4713 2900 4785 negligimus,
2923 4729 3118 4770 eaeam
3140 4702 3393 4773 nostram
3408 4711 3580 4773 ﬁdem.

2004 4822 2168 4883 atque
2207 4811 2383 4866 oculis
2434 4807 2683 4863 orbatam
2730 4813 3034 4860 statuamus
3060 4844 3076 4869 ,
3123 4819 3288 4875 quam
3320 4801 3579 4859 absentia

1997 4919 2248 4975 operum,
2286 4899 2526 4969 Spiritus
2550 4894 2968 4963 filiustrationcs
3005 4894 3292 4960 deﬁciant;
3336 4891 3562 4949 merito«

1999 5012 2105 5069 que
2145 4995 2202 5048 in
2226 4992 2444 5047 inﬁnita
2477 4990 2675 5047 macula
2701 4989 3016 5059 puniamur,
3049 4994 3111 5041 ut
3141 4985 3235 5054 qui
3279 4985 3338 5041 in
3377 4979 3571 5049 nobis,

2004 5171 2411 5243 gniﬁcationem
2460 5169 2609 5243 inter
2632 5166 2838 5243 primas
2868 5163 3018 5243 illius
3048 5161 3206 5243 ponit
3249 5158 3565 5243 Thesauri“,

2004 5231 2107 5297 nec
2135 5243 2228 5296 isa
2261 5256 2395 5295 vero
2427 5231 2651 5293 abierit:
2690 5235 2783 5290 Sic
2803 5234 2974 5298 enim,
3007 5231 3064 5288 c.‘
3106 5231 3196 5293 44,
3244 5231 3567 5298 sapientiam

2002 5311 2238 5366 monada
2299 5325 2396 5364 seu
2429 5308 2697 5363 unitatem
2752 5304 2979 5374 exponit
3027 5301 3312 5374 Masimus,
3361 5311 3569 5374 ex_qua

2001 5365 2237 5435 virtutes
2268 5380 2493 5448 reliquae
2532 5365 2905 5448 intelligantur
2927 5369 3247 5448 procedere,
3281 5367 3336 5421 in
3366 5365 3569 5448 quibus

2002 5449 2216 5519 origine
2238 5435 2431 5519 prima
2460 5447 2493 5516 ή
2528 5435 2765 5519 σύνεσις.
2805 5435 3058 5519 ipsa'quo
3079 5439 3151 5519 ad
3206 5440 3306 5518 nos
3332 5435 3564 5519 Διιιιῑιηιι,

1994 5503 2121 5587 (μιιῖ
2142 5503 2749 5587 incipientes'atimorc
2779 5503 3098 5587 gradum
3137 5505 3459 5587 sapientiam
3485 5503 3568 5587 fa-

2003 5573 2201 5646 c'imus.
2236 5573 2357 5656 dum
2389 5593 2475 5640 est
2533 5584 2626 5656 illa
2651 5573 2923 5656 virtutum
2967 5580 3033 5634 ad
3086 5573 3261 5656 ipsam
3289 5573 3567 5656 ἀττοκατάτ

2006 5644 2211 5717 στασις,
2245 5644 2343 5710 seu
2369 5652 2681 5710 revocatio:
2706 5650 2854 5720 quod
2892 5644 3186 5719 utrumque
3217 5644 3569 5715 Maximusmt

2002 5726 2418 5790 subtilissimus,
2453 5725 2509 5781 in
2532 5729 2715 5781 mente
2748 5720 3024 5779 habuerit.
