4122 6320
628 450 769 520 1279

1793 445 1853 503 S.
1893 440 2180 503 ΜΑΧΙΜΙ
2217 433 2358 497 CON
2368 427 2720 491 FESSORIS

630 570 781 643 quod
819 569 876 628 in
909 566 1070 621 nobis
1100 574 1205 629 est,
1231 563 1450 621 divinos
1479 563 1606 619 ﬁdei
1633 561 1823 617 oculos
1847 557 2206 617 cxcazeaveri-

2309 546 2571 617 ἀπείρους
2613 541 2834 606 αἰῶνας,
2880 539 2953 601 ὼς
3001 536 3058 589 ὲν
3107 536 3317 600 ἑαυτοῖς
3365 534 3506 589 κατά
3540 536 3635 605 τὴν
3667 535 3893 591 πίστινπ

700 836 791 891 45.
820 834 1083 903 Quisquis
1111 833 1169 886 in
1198 847 1257 886 se
1287 845 1385 900 per
1412 826 1679 883 desidiam
1712 839 1819 879 non
1853 820 2206 891 exsequendo

632 926 910 991 mandata,
942 923 1211 996 ejusmodi
1236 922 1425 976 oculos
1454 917 1664 980 effodit,
1689 930 1917 987 prorsus
1939 913 2207 983 reprobus

633 1026 739 1084 est,
784 1017 879 1088 qui
924 1017 1097 1070 Deum
1128 1015 1184 1067 in
1220 1013 1397 1082 ipsum
1440 1008 1796 1078 aspicientem
1836 1003 2072 1073 amplius
2095 1016 2207 1055 non

636 1109 853 1164 habeat.
886 1105 1169 1177 Siquidem
1204 1102 1352 1157 enim
1376 1099 1549 1154 divini
1580 1096 1820 1167 Spiritus
1854 1094 2207 1163 Operationes

636 1199 956 1268 aﬁlatusque
1012 1196 1298 1264 Scriptura
1344 1189 1533 1245 oculos
1576 1185 1792 1242 Domini
1839 1182 2205 1251 nuncupat",

636 1285 732 1355 qui
769 1283 1044 1354 implendo
1073 1279 1327 1335 mandata
1357 1270 1461 1331 hos
1493 1290 1603 1329 non
1627 1273 1824 1343 aperit,
1856 1271 2027 1324 Deum
2062 1269 2117 1323 in
2144 1284 2209 1323 se

636 1376 992 1446 aspicientem
1027 1388 1137 1426 non
1171 1370 1356 1424 habet.
1388 1366 1542 1421 Haud
1581 1366 1728 1419 enim
1746 1363 1861 1427 alii,
1888 1370 1949 1416 ut
1978 1375 2077 1429 par
2100 1368 2206 1423 est,

636 1467 787 1521 oculi
811 1474 961 1528 sunt,
997 1463 1201 1533 quibus
1252 1461 1395 1515 Deus
1428 1455 1592 1528 569
1623 1454 1929 1523 terrigenas
1964 1450 2210 1521 aspicere

637 1554 820 1620 novit;
847 1553 1050 1623 quippe
1094 1566 1219 1605 cum
1253 1556 1441 1602 nostra
1480 1545 1700 1600 virtutis
1728 1543 1852 1597 luce
1889 1539 2207 1604 illustratio,

638 1644 810 1699 divini
837 1650 1098 1711 aspectus
1125 1638 1317 1693 radius
1346 1636 1439 1691 sit.

710 1735 798 1790 4-1.
830 1731 1130 1803 Sapientia,
1160 1730 1470 1793 unitas‘est,
1498 1742 1619 1796 qua:
1650 1725 1705 1782 in
1735 1722 1969 1778 diversis
2005 1736 2071 1776 ex
2094 1719 2211 1789 ipsa

638 1824 937 1880 virtutibus
992 1822 1273 1877 indivisim
1326 1818 1740 1880 consideretur,
1795 1815 1963 1883 inque
2015 1825 2208 1866 eorum

2304 642 2429 696 ὅσον
2447 638 2508 693 :6
2542 637 2627 706 ἐφ’
2655 637 2808 707 ἡμῖν,
2836 633 2961 696 τοὺς
2981 630 3162 694 θείους
3186 628 3627 699 έκτυφλώσαντες
3674 631 3856 699 ὀφθαλ.

2310 745 2463 800 μους.

2379 824 2490 891 μγ’.
2534 817 2650 880 Πᾶς
2685 817 2714 869 6
2756 815 2858 884 τῆς
2889 811 3126 874 πίστεως
3158 811 3216 863 ἐν
3242 807 3422 879 ἐαυτῷ
3449 807 3541 861 διά
3559 807 3658 878 τῆς
3678 807 3855 879 ἀργίας

2304 911 2416 964 τῶν
2468 908 2696 963 ἐντολῶν
2749 906 2879 968 τοὺς
2925 902 3202 965 τοιούτους
3240 898 3507 969 ἀνορύξας
3543 898 3855 968 ὀφθαλμοὺς,

2306 998 2526 1061 πάντως
2552 996 2899 1065 κατάκριτος,
2929 990 3126 1062 μηκέτι
3150 990 3244 1043 τὸν
3276 988 3409 1042 Θεὸν
3436 986 3575 1058 ἔχων
3604 987 3683 1050 είς
3715 988 3855 1042 αὐτὸν

2308 1088 2686 1142 ἐπιϐλέποντα.
2740 1085 2805 1139 El
2847 1083 2958 1154 γάρ
2980 1081 3078 1146 τάς
3105 1079 3385 1151 ἐνεργείας
3408 1078 3503 1132 τοῦ
3536 1077 3856 1157 Πνεύματος,

2310 1179 2494 1251 φησὶν,
2541 1176 2853 1247 ὀφθαλμοὺς
2889 1174 3096 1245 Κυρίου
3145 1170 3543 1243 προσαγορεύει
3589 1172 3619 1223 6
3648 1169 3853 1238 λόγος,ό

2312 1274 2387 1343 μὴ
2423 1271 2646 1334 τούτους
2697 1271 2764 1339 τῇ
2794 1266 2990 1338 πράξει
3018 1263 3129 1317 τῶν
3158 1261 3388 1314 ἐντολῶν
3420 1259 3724 1327 διανοίγων,
3754 1261 3852 1311 ἐπι-

2308 1362 2575 1416 ὁλέποντα
2595 1360 2686 1413 τὸν
2715 1357 2846 1411 Θεὸν
2876 1356 2963 1409 ἐπ’
2983 1354 3147 1409 αὑτὸν
3168 1353 3269 1405 οὐκ
3291 1351 3424 1421 ἔχει.
3453 1351 3534 1403 Δι’
3554 1349 3730 1405 ἄλλων
3744 1351 3850 1421 γὰρ,

2307 1455 2384 1517 ὡς
2408 1453 2575 1519 εἰκὸς,
2605 1447 2897 1519 ὀφθαλμῶν
2927 1446 3248 1498 ἐπισκοπεῖν
3290 1443 3417 1506 τοὺς
3442 1442 3539 1495 ἐπὶ
3565 1445 3669 1512 γῆς
3695 1442 3753 1493 οὐ
3780 1442 3855 1493 τε.

2311 1561 2484 1614 φυκεν
2529 1545 2558 1597 6
2605 1541 2761 1605 Θεὸς,
2810 1538 2970 1608 εἴπερ
3003 1535 3155 1597 θείας
3188 1533 3430 1604 ὁράσεως
3459 1533 3621 1596 ἀκτίς
3659 1533 3855 1595 ἐστιν,ό

2309 1632 2432 1687 κατ’
2460 1630 2662 1703 ἀρετὴν
2688 1627 2850 1700 ἡμῶν
2877 1622 3178 1694 φωτισμός.

2379 1722 2482 1792 μδθ.
2525 1721 2589 1774 Ἦ
2619 1718 2782 1787 σοφία
2809 1715 2976 1788 μονάς
3033 1714 3170 1777 ἔστι,
3210 1713 3330 1775 ταῖς
3366 1710 3428 1775 ἐξ
3477 1711 3651 1780 αὐτῆς
3694 1709 3855 1779 διαφό-

2311 1827 2425 1881 ροις
2471 1810 2694 1879 ἀρεταῖς
2747 1805 3007 1875 άτμήτως
3054 1800 3468 1871 ὲνθεωρουμένη
3500 1814 3516 1830 ο
3574 1799 3672 1852 καὶ
3733 1816 3857 1868 μονο-

639 1911 1056 1983 Operationibus
1105 1908 1459 1964 uniformiter‘
1503 1905 1966 1974 intelligatur;ac
2016 1914 2211 1953 rursus

2311 1901 2466 1964 ειδῶς
2484 1897 2810 1989 ταῖςμύτῶν
2845 1893 3147 1965 ἐνεργείαις
3175 1892 3557 1961 ὲπινοουμένη·
3597 1891 3693 1944 καὶ
3720 1889 3854 1942 πάλιν

639 2003 869 2073 simplex
915 2002 1096 2055 unitas
1121 1999 1422 2054 virtutibus
1448 2012 1569 2067 qua:
1587 2011 1654 2049 ex
1681 1996 1796 2064 ipsa
1820 2002 1968 2057 sunt,
1996 1992 2063 2046 ad
2089 2006 2210 2046 eam

639 2106 737 2146 seu
774 2091 1042 2160 originem
1078 2086 1475 2149 remeantibus,
1530 2083 1880 2147 ostenditur;
1941 2096 2067 2135 cum
2111 2094 2212 2134 nos

641 2181 870 2243 scilicet,
893 2194 1128 2248 quorum
1154 2193 1338 2240 causa,
1368 2175 1709 2245 singularum
1741 2174 2013 2229 virtutum
2047 2185 2214 2240 gene—

642 2272 857 2326 ratione
913 2253 1301 2340 progreditur,
1350 2267 1591 2336 ipsarum
1649 2264 1987 2335 singularum
2036 2262 2209 2324 cultu,

641 2362 950 2419 sublimiori
974 2376 1203 2416 ascensu
1242 2360 1297 2413 in
1323 2361 1495 2428 ipsam
1524 2356 1854 2426 eolligimur.

712 2456 803 2510 45.
839 2454 968 2509 Fide
1004 2468 1145 2507 carca
1180 2450 1444 2521 praeditus
1468 2456 1584 2511 est,
1609 2446 1702 2516 qui
1726 2461 1837 2499 non
1866 2451 2087 2513 priestat
2124 2441 2212 2496 di-

642 2547 769 2603 vina
800 2546 926 2599 ﬁdei
969 2551 1261 2614 praecepta.
1291 2540 1429 2594 Cum
1473 2538 1622 2592 enim
1653 2536 1748 2590 Dei
1790 2542 2061 2604 praecepta
2102 2533 2215 2586 sint

641 2631 764 2693 lux;
793 2630 969 2699 palam
1015 2635 1100 2681 est
1141 2638 1329 2679 carere
1358 2622 1544 2676 divina
1587 2620 1730 2682 luce,
1760 2619 1853 2687 qui
1885 2633 1992 2679 non
2019 2632 2215 2687 opera-

643 2730 733 2778 tur
755 2721 938 2773 divina
990 2711 1717 2786 prmcepta“;nudamque,
1769 2725 1878 2763 non
1928 2724 2051 2777 qua:
2086 2722 2213 2761 vere

642 2812 735 2879 sit,
764 2809 1121 2866 circumferre
1147 2806 1391 2861 divinam
1413 2801 1863 2873 appellationem.

710 2979 801 3035 46.
823 2978 997 3032 Nemo
1023 2974 1117 3045 qui
1147 2982 1357 3045 peccet,
1382 2973 1563 3029 carnis
1604 2969 2002 3034 inﬁrmitatem,
2044 2983 2214 3023 excu-

640 3069 813 3125 sando
832 3079 1136 3140 peccatum,
1151 3074 1447 3136 praetexere
1464 3070 1661 3134 potest.
1682 3061 1835 3128 Quod
1858 3061 2004 3114 enim
2021 3068 2217 3114 natura

641 3161 756 3215 Deo
779 3161 960 3215 Verbo
990 3159 1140 3212 unita
1168 3165 1273 3221 est,
1312 3155 1492 3211 soluta
1528 3151 1938 3216 maledictione,
1967 3160 2078 3205 tota
2104 3153 2211 3205 vir-

642 3260 763 3306 tute
816 3259 979 3319 atque
1036 3249 1238 3302 robore
1288 3248 1594 3301 instaurata
1638 3250 1766 3307 est,
1834 3242 2215 3296 utexcusandi
2245 3225 2288 3286 (ἶ

642 3342 993 3414 proclivioris
1013 3345 1069 3396 in
1090 3342 1223 3394 vitia
1243 3356 1306 3395 ac
1337 3338 1600 3393 libidines
1622 3337 1875 3401 aﬁ‘ectus,
1908 3337 2091 3391 omnis
2113 3352 2217 3391 no-

644 3434 732 3491 bis
753 3443 1048 3504 prtetextus
1078 3433 1328 3486 sublatus
1363 3430 1454 3484 sit.
1487 3429 1653 3484 Verbi
1693 3430 1839 3483 enim
1878 3429 2074 3493 deitas,
2102 3428 2218 3498 ipsa

646 3543 865 3597 semper
890 3526 1145 3579 ﬁdelibus
1175 3539 1380 3590 comes,
1421 3522 1779 3577 exsistentem
1808 3520 1865 3575 in
1899 3536 2064 3576 carne
2090 3536 2219 3575 nec-

647 3616 755 3670 cati
776 3616 949 3685 legem
982 3614 1301 3683 exstinguit.

718 3706 808 3760 47.
838 3705 939 3772 Qui
979 3705 1085 3759 ﬁde
1112 3706 1167 3759 in
1194 3705 1367 3758 Deum
1402 3712 1458 3758 et
1499 3704 1787 3768 charitate,
1826 3703 2219 3759 innaturalium

648 3794 944 3850 affectuum
980 3795 1340 3849 abhorrentes
1372 3810 1403 3847 a
1445 3793 1654 3848 ratione
1693 3794 2055 3864 cupiditates,
2102 3796 2220 3851 sive

650 3897 853 3954 motus,
886 3888 1110 3951 devicit,
1132 3888 1247 3957 ipsa
1280 3902 1496 3956 quoque
1530 3887 1765 3940 naturali
1804 3887 1922 3957 lege
1948 3888 2217 3953 excessit;

651 3987 908 4049 totusque
940 3980 1007 4033 ad
1057 3978 1487 4048 iutciligibilium
1545 3980 1825 4049 regionem
1884 3979 2080 4033 transit
2117 3996 2222 4035 :ac

652 4069 801 4139 quod
840 4078 1035 4123 natura
1087 4068 1245 4123 aﬁinc
1278 4068 1637 4137 ejusdemque
1673 4066 1890 4137 generis
1927 4078 2011 4123 est
2034 4109 2049 4130 ,
2094 4085 2219 4123 cum

654 4158 744 4215 his
773 4176 895 4228 qua:
921 4159 996 4212 illi
1041 4168 1393 4213 accesserunt
1477 4173 1584 4212 una
1624 4172 1811 4212 secum
1851 4157 1921 4212 ab
1962 4168 2221 4215 extranea

652 4252 922 4307 servitute
950 4250 1156 4305 educit.

724 4341 812 4396 48.
840 4341 1114 4405 Seiontia,
1152 4338 1259 4393 nisi
1296 4353 1415 4394 eam
1448 4337 1684 4393 actionis
1729 4338 1881 4392 cultu
1921 4337 2111 4393 divino
2150 4341 2220 4396 ti-

656 4448 809 4487 more
848 4447 1128 4495 coerceas,
1156 4431 1325 4485 animi
1365 4432 1664 4486 elationem
1705 4430 1869 4496 facit;
1917 4431 1967 4486 ei
2013 4433 2222 4487 scilicet

656 4521 753 4591 qui
793 4537 857 4575 ea
903 4519 1126 4575 inﬂatus
1161 4521 1252 4586 sit,
1297 4527 1489 4575 auctor
1511 4520 1801 4584 cxsisteus,
1838 4528 1900 4574 ut
1944 4521 2090 4590 quod
2138 4522 2219 4576 le—

2309 1992 2453 2063 ἁπλῆ
2483 1979 2649 2061 μονδῖς
2687 1985 3142 2055 ἀποδεικνυμένη,
3174 1985 3295 2065 ταῖς
3330 1982 3467 2052 πρὸς
3494 1980 3669 2052 αὐτὴν
3694 1982 3790 2033 τῶν
3811 1979 3856 2045 ἐξ

2307 2083 2476 2152 αὐτῆς
2505 2079 2716 2151 ἀρετῶν
2740 2074 3247 2132 ἀποκαταστάσεσιν
3270 2091 3283 2104 ·
3305 2072 3435 2125 ὅταν
3463 2072 3650 2142 ἡμεῖς,
3685 2069 3749 2121 δι’
3778 2066 3853 2130 οὓς

2309 2171 2452 2226 κατὰ
2485 2171 2584 2241 τὴν
2612 2168 2850 2238 ἑκάστης
2880 2168 3078 2237 ἀρετῆς
3115 2164 3331 2232 γένεσιν
3366 2164 3606 2216 ποιεῖται
3626 2162 3721 2232 τὴν
3741 2160 3853 2230 πρό-

2307 2264 2445 2325 οδον,
2480 2258 2819 2322 ἀνατατικῶς
2863 2257 2933 2312 δι’
2993 2256 3230 2327 ἑκάστης
3282 2255 3483 2326 ἀρετῆς
3530 2254 3671 2324 πρὸς
3712 2250 3852 2320 αὐτὴν

2311 2342 2680 2422 συναίόμεθα.

2384 2451 2487 2515 με’.
2518 2443 2741 2512 Τυφλὴν
2764 2440 2877 2511 ἔχει
2896 2439 2996 2511 τὴν
3025 2438 3232 2498 πίστιν,
3256 2437 3286 2488 6
3308 2436 3376 2490 τά
3403 2436 3544 2489 κατά
3569 2435 3676 2505 τὴν
3697 2435 3851 2486 πίστιν

2311 2537 2431 2589 θεῖα
2464 2534 2863 2605 προστάγματα
2904 2532 2978 2603 μὴ
3007 2529 3394 2603 ἐργαζόμενος.
3418 2529 3480 2581 El.
3505 2527 3623 2599 γάρ
3645 2528 3752 2597 φῶς
3768 2528 3850 2581 sic:

2309 2626 2380 2679 τὰ
2412 2625 2505 2679 τοῦ
2551 2624 2687 2678 Θεοῦ
2747 2623 3169 2694 προστάγματα,
3219 2619 3377 2690 δῆλον
3420 2620 3503 2671 ὅτι
3549 2618 3681 2688 δίχα
3734 2618 3850 2670 θείου

2312 2715 2486 2783 φωτός
2523 2716 2690 2777 ἐστιν,
2722 2715 2751 2767 6
2795 2712 2869 2783 μὴ
2908 2712 3163 2779 πράττων
3208 2708 3278 2762 τά
3309 2708 3428 2762 θεῖα
3461 2708 3850 2777 προστάγματα,

2314 2805 2407 2857 καί¹
2439 2804 2623 2874 ψιλὴν,
2656 2803 2772 2856 ἀλλ’
2802 2802 2904 2855 οὐκ
2935 2800 3110 2871 ἀληθῆ
3159 2798 3260 2869 τὴν
3310 2797 3464 2851 θείαν
3528 2798 3852 2868 περιφέρεται

2315 2898 2528 2969 κλῆσιν.
2662 2954 2665 2958 ,

2390 2983 2506 3058 μς’.
2559 2985 2744 3049 Οὐδεὶς
2802 2982 3132 3054 ἁμαρτάνων
3192 2979 3418 3033 δύναται
3474 2981 3577 3048 τῆς
3620 2975 3853 3047 ἁμαρτίας

2319 3077 2614 3148 συνήγορον
2640 3074 2784 3144 ἔχειν
2815 3076 2914 3144 τῆς
2941 3071 3142 3143 σαρκὸς
3170 3070 3269 3140 τὴν
3293 3068 3603 3123 ἀσθένειαν.
3661 3068 3722 3120 Ἦ
3766 3065 3852 3135 γὰρ

2319 3166 2456 3238 πρὸς
2488 3166 2579 3218 τὸν
2609 3164 2740 3218 Θεὸν
2763 3163 2933 3232 Λόγον
2955 3162 3167 3227 ἓνωσις,
3199 3159 3328 3228 ὃλην
3350 3157 3451 3228 τὴν
3471 3158 3635 3226 φύσιν
3652 3158 3712 3226 τῇ
3732 3153 3853 3207 λύσει

2318 3260 2417 3327 τῆς
2438 3257 2683 3327 κατάρας
2705 3256 3039 3327 ἀνέρρωσεν,
3066 3251 3473 3322 ἀπροφάσιστον
3497 3251 3635 3319 ἡμῖν
3661 3262 3853 3314 ποιησαι

2322 3347 2458 3417 μένη
2508 3347 2607 3416 τὴν
2656 3344 2793 3417 πρὸς
2826 3343 2895 3397 τά
2926 3342 3072 3412 πάθη
3100 3343 3199 3411 τῆς
3225 3338 3449 3409 γνώμης
3485 3334 3852 3409 προσπάθειαν.

2331 3436 2395 3490 Ἦ
2423 3435 2532 3507 γάρ
2562 3434 2653 3489 τοῦ
2683 3434 2858 3502 Λόγου
2895 3432 3116 3502 θεότης,
3158 3430 3301 3484 κατά
3325 3431 3482 3500 χάριν
3515 3429 3607 3481 ἀεὶ
3656 3426 3855 3481 συνοῦσα

2319 3531 2431 3590 τοῖς
2462 3529 2543 3591 εἰς
2577 3526 2741 3580 αὐτὸν
2767 3524 3109 3589 πιστεύουσι,
3149 3522 3242 3575 τὸν
3285 3522 3345 3575 ὲν
3389 3523 3459 3592 τῇ
3514 3522 3677 3592 σαρκὶ
3719 3520 3855 3589 νόμον

2318 3623 2417 3690 τῆς
2445 3619 2719 3690 ἁμαρτίας
2756 3615 3145 3686 ἀπομαραίνει.
3780 3629 3787 3637 ·

2396 3706 2503 3777 μετ’.
2548 3706 2606 3760 '0
2638 3706 2747 3759 τῶν
2772 3706 2921 3776 παρά
2957 3703 3119 3774 φύσιν
3155 3704 3345 3758 παθῶν
3382 3703 3472 3756 διὰ
3501 3705 3603 3774 τῆς
3634 3702 3709 3763 είς
3745 3697 3857 3751 Θεὸν

2321 3799 2558 3860 πίστεως
2587 3797 2683 3850 καὶ
2716 3796 2939 3867 ἀγάπης
2968 3796 3195 3865 νικήσας
3224 3793 3323 3857 τὰς
3347 3793 3688 3863 παραλόγους
3704 3786 3857 3842 ἐπιθυ-

2324 3890 2474 3961 μίας,
2534 3890 2706 3941 είτουν
2741 3888 3000 3957 κινήσεις,
3034 3887 3148 3945 ,καὶ
3171 3885 3337 3939 αὑτοῦ
3385 3883 3479 3937 τοῦ
3537 3881 3679 3936 κατά
3723 3879 3858 3947 φύσιν

2321 3979 2427 4045 ἔξω
2462 3980 2672 4049 γίνεται
2705 3979 2895 4049 νόμου,
2926 3979 3022 4031 καὶ
3046 3977 3182 4048 πρὸς
3209 3977 3307 4046 τὴν
3339 3976 3526 4045 χώραν
3552 3976 3660 4028 τῶν
3681 3971 3857 4042 νοητῶν

2319 4071 2439 4133 ὅὶος
2466 4068 2917 4139 μεταϐιϐάζεται,
2936 4070 3030 4121 καὶ
3055 4067 3116 4131 τὸ
3147 4068 3285 4119 κατά
3307 4067 3471 4134 φύσιν
3491 4064 3754 4136 ὁμόφυλον
3776 4060 3856 4130 (ὀ).

2324 4161 2463 4230 μετά
2524 4161 2633 4213 τῶν
2689 4159 3141 4230 προσγενομένων
3199 4157 3369 4227 αὐτῷ,
3435 4160 3536 4227 τῆς
3606 4151 3858 4223 ἀλλοτρίας

2321 4251 2497 4321 ἑαυτῷ
2536 4251 2890 4306 συνεκϐάλλει
2917 4242 3205 4313 δουλείας(

2394 4341 2504 4414 μη’.
2533 4344 2624 4414 Μὴ
2663 4342 3024 4413 χαλινουμένη
3076 4339 3153 4410 τῷ
3208 4339 3338 4409 θείῳ
3396 4337 3549 4408 φόὸῳ
3607 4336 3741 4390 κατὰ
3782 4332 3860 4400 τὴν

2323 4431 2522 4502 πρᾶξιν
2561 4434 2594 4502 ὴ
2634 4430 2857 4500 γνῶσις,
2895 4429 3061 4499 τύφον
3110 4428 3421 4500 ἐργάζεται,
3472 4428 3550 4491 ὡς
3600 4429 3786 4480 οἰκεῖον
3816 4421 3861 4472 τὸ

2254 4553 2296 4609 ο
2322 4522 2725 4590 δεδανεισμένον
2753 4521 3153 4593 προϐάλλεσθαι
3198 4520 3460 4573 πείθουσα
3491 4519 3587 4572 τὸν
3617 4518 3707 4571 ἐπ’
3750 4515 3858 4581 αὐτῇ

3730 418 3855 485 nso
3962 375 3968 383 ’

657 4622 850 4667 nerato
904 4612 1135 4682 accepit,
1182 4612 1332 4666 velut
1377 4610 1659 4681 proprium
1682 4617 1956 4677 ostentet;
2008 4613 2089 4666 sic
2120 4627 2216 4682 per

2323 4611 2662 4680 τυφωθέντα,
2696 4612 2835 4683 πρὸς
2863 4613 3063 4665 οἰκεῖον
3089 4612 3312 4666 ἔπαινον
3339 4611 3434 4665 τὸν
3460 4610 3657 4681 ἔρανον
3686 4607 3770 4660 τοῦ
3796 4603 3861 4655 λό-

655 4717 775 4755 eam
819 4703 1089 4757 sermonis
1132 4702 1438 4773 symbolum
1469 4701 1777 4778 conferens,
1809 4709 1871 4755 ut
1918 4702 1973 4756 in
2003 4717 2071 4756 eo
2112 4704 2216 4759 sibi

2325 4720 2423 4773 γου
2451 4702 2793 4772 ποιούμενον.
2829 4704 2893 4755 Ἦ
2916 4703 2972 4756 δὲ
3001 4703 3199 4775 πρᾶξις
3227 4703 3304 4773 τῷ
3332 4702 3460 4774 θείῳ
3487 4700 3860 4764 συναυξάνουσα

652 4789 868 4846 laudem
901 4799 1101 4860 captet.
1148 4790 1280 4857 Quae
1311 4799 1493 4867 autem
1527 4790 1672 4843 actio
1716 4805 1824 4844 una
1858 4806 1986 4845 cum
2028 4791 2216 4848 divino

2325 4794 2495 4866 πόθῳ,
2529 4794 2628 4864 τὴν
2657 4794 2796 4859 ὑπὲρ
2824 4794 2892 4847 τά
2920 4795 3168 4865 πρακτέα
3200 4795 3275 4865 μὴ
3303 4793 3653 4864 λαμϐάνουσα
3672 4789 3859 4858 γνῶσιν.

652 4897 838 4938 amore
870 4882 986 4952 ipsa
1034 4889 1386 4953 augmentum
1418 4879 1587 4943 facit,
1635 4878 1768 4933 dum
1812 4880 1917 4934 sibi
1955 4883 2215 4953 majorem

2321 4886 2413 4939 τὸν
2441 4885 2740 4956 πρακτικὸν
2794 4885 3085 4956 ἐργάζεται
3138 4885 3565 4954 ταπεινόφρονα,
3592 4884 3701 4945 τοῖς
3747 4874 3860 4941 ὑπὲρ

649 4989 812 5045 quam
853 4988 956 5043 pro
985 4972 1323 5044 agendorum
1363 4972 1577 5026 ratione
1602 4969 1891 5026 scientiam
1922 4988 2034 5028 non
2068 4988 2216 5029 arro-

2324 4975 2423 5047 τὴν
2446 4976 2653 5030 οἰκείαν
2680 4975 2909 5048 δύναμιν
2940 4977 3124 5046 λόγοις
3174 4976 3312 5049 πρὸς
3361 4977 3555 5029 ἑαυτὸν
3609 4965 3859 5028 συστελλό-

649 5073 759 5132 gat,
785 5078 935 5129 eum,
966 5063 1061 5133 qui
1095 5063 1190 5118 illa
1232 5062 1511 5133 fungatur,
1546 5062 1614 5116 ad
1651 5076 1847 5117 sensus
1891 5064 2219 5120 modestiam
2330 5083 2509 5136 μενον.

650 5157 954 5226 componit,
992 5156 1088 5225 qui
1118 5155 1380 5209 nimirum
1418 5153 1731 5209 rationibus
1774 5169 1927 5209 suam
1971 5155 2121 5213 illius
2147 5157 2462 5214 facultatem
2492 5158 2883 5230 superantibus
2913 5157 2969 5215 in
2995 5173 3054 5215 se
3082 5157 3463 5215 contrahatur.

725 5269 770 5302 ⁸⁷
798 5268 1025 5324 Zachar.
1057 5283 1136 5334 ιιι,
1160 5266 1215 5322 9.
1292 5264 1336 5299 "
1361 5267 1522 5323 Prov.
1546 5283 1619 5333 τι,

728 5383 752 5409 ’
773 5384 930 5442 Conf.
973 5385 1041 5441 ad
1067 5385 1223 5440 Thal.
1251 5402 1304 5458 q.
1334 5385 1423 5441 55.

692 5494 803 5579 .(d)
868 5497 942 5579 1a
990 5495 1374 5579 aug-6.59691:
1424 5494 1765 5579 ῥμόρυλον.
1798 5494 2073 5579 Allegoria
2112 5504 2216 5579 est,

2331 5496 2543 5579 Hebraei
2588 5514 2602 5549 :
2644 5495 2734 5579 illa
2773 5498 2926 5563 quasi
2977 5496 3302 5579 adven-tilia;
3347 5510 3468 5576 quae
3513 5487 3858 5579 omnia-simul

657 5566 779 5644 eius
799 5566 944 5632 quod
970 5563 1225 5646 habetur
1258 5565 1302 5646 l__
1549 5580 1618 5646 n._
1646 5578 1779 5646 .qu‘o
1840 5563 2222 5646 recenseo-tur,
2326 5566 2525 5646 educta
2548 5575 2676 5646 sunt
2710 5581 2776 5620 ex
2793 5566 3094 5646 peregrina
3132 5565 3223 5646 illa
3255 5563 3532 5646 servitute;
3584 5563 3725 5642 Nihil
3755 5569 3858 5646 apto;

659 5624 754 5703 q'ui
784 5624 984 5705 egressi
1009 5645 1138 5689 sunt
1167 5636 1234 5689 de
1264 5634 1537 5704 Babylone
1553 5631 1619 5688 ad
1646 5624 2057 5705 instaurandum
2095 5624 2225 5688 Hie;
2327 5635 2507 5699 Picus,
2542 5636 2609 5690 Et
2666 5624 2821 5705 quod'
2838 5624 3036 5705 (1"in
3089 5643 3315 5705 natura,
3338 5631 3612 5705 etc._ll:ec
3663 5632 3768 5700 ipsa
3785 5624 3856 5680 ibi

662 5702 992 5782 rosolyma_nt_
1035 5714 1094 5757 et
1122 5702 1408 5782 templum,
1448 5703 1757 5782 numeratis
1799 5702 1965 5755 etiam
2001 5702 2221 5782 illorum
2325 5707 2575 5782 plurimis
2612 5702 2862 5782 maxime.
2906 5702 3080 5782 amica
3134 5703 3212 5782 illi
3252 5702 3525 5775 allegoria,
3584 5707 3831 5769 sensuque

662 5771 858 5835 servis,
893 5780 948 5825 et
974 5771 1251 5840 iumentis
1269 5789 1365 5827 seu
1414 5771 1744 5895 pecoribus;
1771 5787 1894 5852 qua;
1940 5783 2069 5824 sunt
2117 5772 2218 5852 ista
2325 5771 2557 5846 spiritali
2579 5784 2634 5831 et
2652 5773 2988 5848 tropologico
3013 5773 3280 5844 exposita.

664 5841 1089 5895 προσγενόμενα.
1147 5852 1344 5895 ιιι-αξιοι*
1384 5859 1411 5895 τ
1470 5839 1761 5895 ὁμόφυλον.
1789 5856 1883 5895 (ιιιι
1926 5851 2081 5895 crant
2115 5843 2219 5895 insi

664 5839 1089 5916 προσγενόμενα,
1147 5852 1344 5914 ιιι-αξιοι*
1384 5839 1443 5895 :6
1470 5839 1761 5912 ὁμόφυλον,
1789 5839 1883 5911 qui
1926 5851 2081 5897 crant
2115 5842 2219 5915 ipsi
