4122 6320
361 333 489 400 3281

1016 334 1348 397 CAPITUM
1382 334 1801 413 QUINQUIES
1834 324 2353 400 CENTENORUM
2392 336 2777 401 CENTURIA
2814 339 2929 401 IlI.

3452 338 3589 404 1282

429 442 536 513 μθ¹.
574 438 837 510 Οὐράνιον
887 439 1200 511 οἰκητήριίν
1252 442 1419 508 ἐστιν,
1466 445 1499 513 ἡ
1550 445 1671 496 κατ’
1719 442 1920 511 ἀρετὴν

2090 448 2179 502 49.
2209 447 2443 504 Coeleste
2464 448 2804 504 domicilium
2828 456 2933 511 est,
2972 446 3260 503 affectibus
3292 461 3493 504 vacans
3524 465 3590 505 ac

355 532 568 602 ἀπαθὴς
621 526 758 595 ἕξις,
790 531 883 584 καὶ
913 534 946 602 ὴ
995 532 1161 603 μηδὲν
1190 531 1387 604 ἔχουσα
1416 535 1624 605 πλάνης
1651 533 1918 605 πολεμοῦν

355 625 491 694 αὐτῇ
515 624 710 692 νόημα,
750 622 973 691 γνῶσις.
1722 612 1723 615 η

426 721 488 768 ν’.
552 715 762 784 Ὠσπερ
822 714 974 776 τέλος
1027 716 1345 787 κινηθείσης
1400 716 1626 787 μοιάδος
1676 715 1824 768 ἐστὶν
1883 714 1918 784 ή

361 806 581 874 μυριὰς,
623 805 717 859 καὶ
742 805 885 875 ἀρχὴ
913 804 988 875 μὴ
1024 805 1339 876 κινηθείσης
1370 806 1631 875 μυριάδος
1682 806 1830 858 ἐστὶν
1882 806 1917 874 η

362 895 530 965 μονάς
561 912 575 927 ·
604 895 746 967 ἀρχὴ
777 896 886 966 γὰρ
917 897 1115 961 παντὸς
1135 897 1344 961 τέλους,
1366 898 1399 966 ἡ
1421 897 1540 950 κατ’
1570 897 1703 949 αὐτὸ
1736 893 1920 963 σαφῶς

358 985 614 1055 ἀκινησία
642 985 947 1057 καθέστηκε
972 1003 986 1016 ·
1023 987 1118 1040 καὶ
1144 987 1296 1051 τέλος
1330 986 1512 1058 πάσης
1538 987 1732 1057 ἀρχῆς,
1765 988 1800 1056 ἡ
1825 987 1921 1055 τῆς

356 1077 476 1132 κατ’
519 1075 687 1147 αὐτὴν
732 1078 994 1148 κινήσεως
1041 1078 1276 1149 ὑπάρχει
1320 1077 1750 1148 συμπλήρωσιςο
1781 1074 1922 1129 οὕτω

353 1167 451 1221 καὶ
485 1168 518 1237 ἡ
551 1167 753 1230 πίστις,
782 1168 926 1239 ἀρχὴ
954 1170 1100 1243 λιατά
1128 1169 1290 1237 φύσιν
1319 1167 1530 1241 ἀρετῶν
1580 1168 1920 1237 ὑπάρχουσα,

356 1254 509 1316 τέλος
545 1253 657 1324 ἔχει
688 1254 781 1308 τοῦ
812 1255 880 1308 δι’
904 1255 1085 1309 αὐτῶν
1117 1257 1324 1325 ἀγαθοῦ
1352 1258 1451 1326 τὴν
1481 1256 1873 1328 συμπλήρωσιν
1904 1270 1918 1284 ⁸

357 1345 452 1398 καὶ
484 1345 545 1397 τὸ
579 1346 719 1399 κατὰ
753 1346 916 1415 φύσιν
943 1348 1169 1416 ἀγαθὸν,
1198 1352 1273 1412 ὡς
1300 1348 1511 1419 ἀρετῶν
1539 1349 1713 1412 τέλος,
1751 1345 1923 1419 ἀρχὴν

356 1434 478 1506 ἕχον
502 1437 600 1508 τὴν
630 1438 832 1503 πίστιν,
862 1441 996 1510 πρὸς
1025 1439 1194 1510 αὐτὴν
1247 1441 1563 1505 ὲνδιαθέτως
1611 1443 1922 1507 συνάγεται.

355 1526 543 1590 Πίστις
579 1528 685 1597 γάρ
730 1530 879 1582 ἐστιν
925 1530 1224 1582 ἐνδιάθετον
1287 1532 1511 1599 ἀγαθὸν,
1575 1532 1666 1584 καὶ
1721 1530 1924 1599 ἀγαθόν

353 1618 500 1669 ἐστιν
530 1618 889 1689 ἐνεργηθεῖσα
940 1621 1142 1682 πίστις.
1193 1622 1391 1685 Πιστὸς
1428 1622 1485 1674 δὲ
1543 1622 1685 1676 κατά
1742 1622 1922 1690 φύσιν,

354 1708 447 1759 καὶ
470 1707 670 1775 ἀγαθός
689 1711 837 1762 ἐστιν
858 1711 887 1762 ὁ
910 1710 1044 1772 Θεός
1065 1728 1077 1741 ·
1115 1713 1172 1764 τὸ
1206 1712 1325 1782 μὲν,
1355 1712 1430 1774 ὡς
1459 1712 1675 1784 πρῶτον
1701 1712 1922 1780 ἀγαθόν·

352 1800 413 1851 τὸ
438 1799 519 1863 δὲ,
561 1801 636 1862 ὡς
674 1800 900 1871 ἔσχατον
937 1802 1180 1874 ὀρεκτόν.
1208 1803 1416 1857 Ταὺτδν
1461 1783 1519 1856 δὲ
1559 1803 1731 1856 ταῦτα
1794 1803 1926 1857 καθ·
1959 1783 1997 1837 Β

355 1889 552 1960 έστηκε
577 1892 735 1944 παντὶ
761 1893 1208 1964 τρόπῳάλλήλοις
1218 1893 1372 1958 ὅντα,
1405 1893 1593 1964 μηδενὶ
1621 1892 1765 1964 λόγῳ
1787 1894 1926 1963 πλὴν

253 1982 256 1985 “
351 1979 446 2031 τοῦ
480 1980 598 2033 κατ’
633 1982 877 2035 ἐπίνοιαν
914 1983 1176 2055 ἀλλήλων
1213 1983 1599 2054 διαιρούμενα·
1621 1984 1922 2049 παντελῶς,

352 2070 442 2122 διὰ
467 2071 566 2141 τὴν
600 2072 709 2124 τῶν
737 2075 832 2127 ἀπ’
868 2054 1033 2127 αδτοῦ
1081 2074 1422 2148 ἀρχομένων,
1476 2076 1581 2129 καὶ
1628 2078 1709 2140 είς
1764 2075 1924 2128 αὑτὸν

355 2160 652 2230 ληγόντων,
677 2163 912 2234 κίνησιν,
950 2166 1094 2236 Ἀρα
1122 2167 1156 2236 ή
1195 2165 1398 2237 μυριὰς
1428 2168 1658 2236 ἐσχάτου
1695 2165 1923 2238 ὀρεκτοῦ

354 2252 595 2323 φέρουσα
641 2256 829 2319 τύπον,
881 2257 990 2309 τῶν
1035 2257 1171 2326 πρὸς
1195 2257 1330 2309 αὐτὸ
1357 2256 1692 2325 κινουμένων
1717 2256 1924 2309 τελείαν

354 2344 687 2413 περιγράφει
725 2347 826 2416 τὴν
865 2345 1050 2413 ἔφεσιν
1078 2363 1093 2377 ·
1120 2348 1215 2401 καὶ
1240 2349 1274 2417 ἡ
1314 2347 1503 2417 μονὰς,
1538 2346 1754 2417 πρώτου
1788 2349 1924 2414 ἀγα-

353 2432 448 2485 θοῦ
490 2434 733 2502 φέρουσα
780 2434 1071 2505 σύμϐολον,
1120 2437 1230 2488 τῶν
1262 2436 1356 2488 ἀπ’
1384 2435 1551 2489 αὑτοῦ
1589 2436 1922 2504 κινουμένων

351 2522 565 2576 τελείαν
598 2524 920 2596 ἐπιφέρεται
958 2524 1115 2595 βάσιν
1148 2527 1275 2598 [duo
1301 2526 1428 2596 Reg.
1477 2525 1685 2596 φύσιν].

420 2691 521 2746 νο.’.
552 2692 752 2763 Πρώτη
788 2694 935 2747 ἐστὶν
981 2693 1240 2760 ἀπάθεια,
1314 2696 1348 2763 ἡ
1426 2693 1692 2762 παντελὴς
1746 2693 1922 2764 ἀποχὴ

349 2782 458 2836 τῶν
509 2784 631 2837 κατ’
684 2783 966 2853 ἐνέργειαν
1016 2785 1222 2847 κακῶν,
1279 2786 1339 2837 ὲν
1389 2787 1502 2846 τοῖς
1550 2782 1923 2853 εἰσαγομένοις

353 2873 697 2943 θεωρουμένη
730 2888 743 2901 ’
774 2873 1004 2944 δευτέρα
1035 2874 1113 2939 δὲ,
1151 2875 1183 2943 ἡ
1217 2873 1482 2943 παντελὴς
1516 2874 1656 2926 κατὰ
1687 2873 1922 2927 διάνοιαν

268 3031 273 3035 θ
352 2964 484 3033 περὶ
510 2966 609 3034 τὴν
640 2962 751 3017 τῶν
797 2964 984 3018 κακῶν
1027 2964 1428 3031 συγκατάθεσιν
1468 2963 1711 3032 ἀποϐολὴ
1775 2963 1923 3031 λογι-

356 3055 531 3121 σμῶν,
553 3054 622 3106 έν
648 3055 761 3116 τοῖς
791 3054 929 3124 μετά
963 3054 1122 3122 λόγου
1150 3055 1250 3124 τὴν
1285 3053 1483 3125 ἀρετὴν
1509 3054 1754 3124 μετιοῦσι
1779 3070 1920 3121 γινο·

358 3143 493 3211 μένη
566 3143 722 3212 τρίτη
753 3144 831 3207 δὲ,
873 3145 906 3212 ἡ
953 3144 1075 3197 κατ’
1127 3143 1427 3214 ἐπιθυμίαν
1479 3144 1611 3222 περι
1651 3144 1719 3197 τά
1772 3143 1918 3214 πάθη

352 3232 622 3303 παντελὴς
663 3235 944 3304 ἀκινησία,
979 3237 1037 3289 ὲν
1069 3235 1296 3297 τοῖςδιά
1326 3236 1434 3290 τῶν
1477 3235 1773 3306 σχημάτων
1797 3237 1922 3299 τοὺς

352 3321 539 3389 λόγους
565 3322 765 3391 νοητῶς
816 3324 1108 3394 θεωμένοις
1155 3324 1264 3378 τῶν
1307 3326 1601 3397 ὁρωμένων
1631 3340 1644 3353 ·
1688 3326 1920 3395 τετάρτη

350 3411 411 3466 δέ
439 3414 587 3464 ἐστιν
614 3413 870 3478 ἀπάθεια,
895 3415 929 3484 ἡ
956 3415 1049 3470 καὶ
1077 3416 1247 3486 αὐτῆς
1299 3415 1400 3485 τῆς
1432 3415 1594 3485 ψιλῆς
1624 3415 1922 3484 φαντασίας

353 3504 618 3568 παντελὴς
636 3505 920 3576 κάθαρσις,
950 3510 1007 3561 ὲν
1035 3509 1145 3570 τοῖς
1177 3508 1266 3562 διὰ
1295 3506 1551 3576 γνώσεως
1572 3509 1665 3562 καὶ
1689 3507 1921 3579 θεωρίας

353 3594 592 3666 καθαρὸν
644 3597 738 3649 καὶ
789 3597 978 3660 διειδὲς
1029 3597 1295 3668 ἔσοπτρον
1327 3598 1423 3652 τοῦ
1457 3598 1592 3653 Θεοῦ
1616 3598 1919 3669 ποιησαμέ-

350 3708 463 3754 νοις
489 3691 553 3744 τὺ
584 3692 933 3762 ἡγεμονικὸν,
962 3690 1349 3760 συνισταμένη.
1390 3690 1447 3743 '0
1472 3688 1649 3742 τοίνυν
1676 3687 1920 3757 καθάρας

352 3782 542 3835 ἑαυτὸν
588 3783 869 3853 ἐνεργείας
910 3781 1122 3861 παθῶν,
1174 3781 1269 3833 καὶ
1308 3778 1413 3851 τῆς
1445 3780 1531 3834 ἐπ’
1566 3779 1747 3841 αὐτοῖς
1778 3777 1920 3831 κατά

349 3872 588 3926 διάνοιαν
623 3872 1072 3942 συγκαταθέσεως
1108 3869 1512 3945 ἐλευθερωθεὶς,
1542 3869 1638 3924 καὶ
1667 3870 1765 3940 τῆς
1792 3868 1919 3938 περὶ

350 3964 492 4017 αὐτὰ
541 3964 659 4016 κατ’
710 3962 1007 4033 ἐπιθυμίαν
1067 3963 1335 4033 κινήσεως
1380 3961 1569 4014 στάσιν
1593 3957 1793 4023 λαϐὼν,
1824 3957 1920 4011 καὶ

348 4052 449 4122 τῆς
476 4053 653 4107 αὐτῶν
711 4052 874 4125 ψιλῆς
919 4051 1220 4122 φαντασίας
1267 4050 1359 4103 τὸν
1400 4048 1525 4109 νοῦν
1569 4048 1918 4116 καταστήσας

349 4140 667 4214 ἀμόλυντον,
704 4144 806 4209 τὰς
855 4144 1129 4216 τέσσαρας
1180 4142 1406 4211 γενικὰς
1457 4141 1723 4203 ἀπαθείας
1755 4138 1915 4209 ἔχων,

350 4234 628 4306 ἐξέρχεται
683 4237 779 4305 τῆς
830 4235 963 4306 ῦλης
1013 4236 1108 4289 καὶ
1138 4234 1247 4287 τῶν
1274 4232 1495 4298 ὑλικῶν,
1528 4234 1624 4286 καὶ
1652 4230 1788 4301 πρὸς
1819 4227 1917 4301 τὴν

350 4325 541 4396 νοεράν
568 4328 659 4381 καὶ
677 4325 825 4380 θείαν
855 4327 948 4379 καὶ
976 4324 1257 4396 εἰρηνικὴν
1278 4323 1386 4377 τῶν
1412 4320 1618 4392 νοητῶν
1639 4319 1921 4389 ἐπείγεται

349 4415 519 4487 λῆξιν.

348 4682 352 4686 ’
416 4679 513 4754 νβ’.
572 4680 801 4753 Πρώτην
844 4681 1114 4736 ἀπάθειαν
1144 4677 1317 4747 λέγει,
1343 4667 1441 4747 τῆν
1466 4676 1602 4748 πρὸς
1635 4675 1911 4747 ἁμαρτίαν

347 4771 441 4826 τοῦ
497 4772 746 4843 σώματος
801 4771 921 4824 κατ’
971 4770 1247 4839 ἐνέργειαν
1307 4766 1587 4836 ἀνέπαφον
1653 4767 1867 4836 κίνησιν
1895 4781 1911 4797 ο

346 4861 604 4934 δευτέραν
626 4862 707 4929 δὲ,
736 4862 834 4932 τὴν
854 4860 997 4915 κατά
1021 4858 1198 4930 ψυχὴν
1222 4857 1329 4921 τῶν
1354 4857 1617 4929 ὲμπαθῶν
1639 4856 1915 4928 λογισμῶν

346 4954 555 5009 τελείαν
578 4952 871 5023 ἀποϐολὴν,
899 4952 967 5005 δι’
993 4947 1061 5024 ἦς
1094 4949 1202 5004 τῶν
1249 4948 1438 5003 παθῶν
1479 4948 1916 5020 ἀπομαραίνεται

347 5045 491 5100 κατὰ
512 5045 611 5118 τὴν
643 5044 867 5115 πρώτην
899 5043 1166 5097 ἀπάθειαν
1195 5041 1430 5111 κίνησις,
1463 5039 1794 5104 ὲξάπτοντας
1821 5040 1916 5093 αὖα

344 5136 444 5208 τὴν
474 5135 613 5208 πρὸς
646 5137 928 5207 ἐνέργειαν
980 5134 1080 5193 οὐκ
1131 5132 1330 5203 ἔχουσα
1361 5133 1486 5195 τοὺς
1529 5131 1793 5201 ἐμπαθεῖς
1833 5133 1921 5186 λο-

345 5229 577 5299 γισμούς
609 5244 625 5260 ο
649 5228 840 5299 τρίτην
870 5226 947 5291 δὲ,
975 5225 1075 5295 τὴν
1120 5225 1249 5295 περὶ
1287 5222 1358 5277 τά
1391 5222 1538 5291 πάθη
1577 5222 1792 5279 τελείαν
1814 5224 1915 5294 τῆς

346 5320 646 5391 ἰπιθυμίας
668 5320 981 5390 ἀκινησίαν,
1017 5315 1086 5370 δι’
1120 5318 1186 5388 ῆν
1213 5315 1307 5370 καὶ⁵
1348 5316 1376 5387 ἡ
1404 5314 1630 5385 δευτέρα
1667 5313 1914 5383 γίνεσθαι

318 5469 321 5471 Α
347 5407 582 5478 πέφυκε,
607 5410 677 5481 τῇ
705 5407 814 5461 τῶν
839 5404 1111 5477 λογισμῶν
1159 5403 1489 5474 καθαρότητι
1525 5401 1911 5474 συνισταμένηο

345 5497 616 5568 τετάρτην
649 5498 707 5551 δὲ
736 5497 886 5566 λέγει
907 5495 1198 5558 ἀπάθειαν,
1229 5494 1329 5563 τὴν
1359 5492 1500 5547 κατά
1531 5492 1769 5548 διάνοιαν
1808 5511 1913 5547 πα-

349 5587 459 5642 σῶν
512 5587 622 5641 τῶν
649 5649 652 5653 ν
675 5585 950 5658 αἰσθητῶν
1002 5581 1316 5656 φαντασιῶν
1369 5580 1585 5667 τελείαν
1633 5582 1912 5658 ἀπόθεσιν,

345 5677 470 5732 καθ’
501 5680 569 5751 ἢν
597 5679 632 5751 ὴ
654 5679 812 5750 τρίτη
827 5652 940 5749 -τὴν
959 5652 1175 5748 γένεσιν
1201 5658 1446 5746 εἴληφεν,
1468 5673 1567 5726 οὐκ
1596 5671 1795 5743 ἔχουσα
1816 5652 1913 5738 τὰς

2021 540 2348 608 tranquillus
2374 539 2592 595 virtutis
2615 540 2864 606 habitus;
2894 537 3255 608 scientiaque,
3298 553 3421 608 quae
3442 539 3593 595 nullo
3685 556 3691 561 '

2018 630 2226 687 erroris
2257 631 2496 702 cogitatu
2531 631 2763 701 falsique
2792 631 2986 685 notitia
3021 630 3393 701 impugnetur.

2089 720 2175 775 50.
2232 720 2702 787 Quemadmodum
2747 721 2976 775 unitatis
3025 729 3186 775 mota:
3239 706 3400 790 57d
3445 719 3592 787 ﬁnis,

2019 812 2223 883 myrias
2244 820 2362 878 est;
2392 812 2839 881 principiumque
2881 820 3041 866 motae
3074 810 3335 882 myriadis
3364 818 3447 866 est
3475 812 3593 865 uni.

2020 912 2104 956 tas
2128 904 2327 972 (omnis
2356 902 2501 957 enim
2548 900 2676 956 ﬁnis
2716 901 3047 971 principium
3076 939 3091 964 ,
3128 900 3253 970 .ejus
3307 899 3592 969 perspicue

2021 990 2377 1044 immobilitas
2421 999 2507 1045 est
2537 1033 2553 1056 ,
2619 989 2853 1060 ﬁnisque
2900 989 3080 1043 omnis
3114 988 3388 1059 principii,
3445 989 3595 1043 illius

2021 1090 2204 1136 motus
2228 1083 2690 1151 complementum
2715 1081 2819 1152 est)
2846 1081 2928 1135 sic
2956 1090 3011 1135 et
3043 1079 3201 1145 ﬁdes,
3235 1094 3360 1134 cum
3387 1080 3458 1134 sit
3497 1096 3595 1134 na-

2021 1179 2145 1226 tura
2169 1172 2435 1226 virtutum
2486 1172 2849 1241 principium,
2887 1173 3006 1243 ejus
3052 1171 3181 1225 boni
3227 1171 3597 1240 complemen-

2023 1272 2160 1324 tum,
2189 1260 2337 1330 quod
2386 1276 2483 1331 per
2524 1261 2647 1315 illas
2694 1269 3017 1330 praestatur,
3064 1259 3228 1314 ﬁnem
3262 1260 3457 1326 habet;
3495 1260 3595 1314 bo-

2022 1368 2266 1422 numque
2318 1362 2549 1416 natura,
2602 1361 2859 1422 tanquam
2899 1353 3076 1421 ipsum
3124 1352 3388 1406 virtutum
3437 1351 3591 1411 ﬁnis.

2022 1445 2168 1514 quod
2231 1444 2391 1498 ﬁdem
2440 1443 2774 1513 principium
2820 1443 3040 1506 habeat,
3096 1441 3162 1496 ad
3211 1457 3332 1496 eam
3377 1442 3595 1497 interno

2025 1535 2209 1589 animo
2246 1535 2551 1605 colligitur.
2589 1534 2686 1588 Est
2735 1533 2883 1588 enim
2928 1531 3062 1587 ﬁdes
3088 1532 3296 1586 bonum
3333 1532 3502 1586 animi
3533 1546 3596 1585 ac

2026 1625 2339 1690 internum;
2410 1625 2769 1695 bonumque,
2842 1623 3021 1692 ipsum
3071 1621 3209 1678 ﬁdes
3259 1621 3447 1676 efﬁcax
3488 1631 3594 1677 est.

2026 1716 2190 1786 Atqui
2236 1718 2382 1771 Deus
2435 1728 2633 1770 natura
2669 1715 2844 1769 ﬁdelis
2882 1730 2946 1769 ac
2975 1714 3155 1768 bonus
3205 1721 3321 1781 est;
3366 1713 3595 1769 alterum

2024 1808 2268 1877 quidem,
2299 1816 2360 1862 ut
2389 1808 2627 1877 primum
2675 1807 2881 1860 bonum
2911 1822 2925 1867 :
2961 1807 3195 1860 alterum
3225 1820 3391 1869 vero,
3420 1813 3481 1859 ut
3500 1820 3596 1858 su-

2025 1911 2276 1965 premum
2301 1897 2618 1966 appetibile;
2666 1896 2792 1952 llaec
2834 1911 2965 1950 vero
2998 1896 3141 1950 idem
3175 1896 3319 1951 inter
3361 1910 3421 1950 se
3449 1894 3594 1949 omni

2024 1986 2188 2040 modo
2218 1994 2366 2049 sunt,
2397 1986 2549 2040 nulla
2582 2002 2810 2056 prorsus
2854 1987 3072 2042 ratione
3112 1986 3394 2053 distincta,
3431 2003 3596 2056 quam

2024 2090 2145 2144 qua:
2185 2075 2372 2133 subtili
2423 2076 2663 2143 cogitatu
2713 2075 2995 2140 noscitur;
3031 2075 3101 2131 ob
3152 2090 3342 2129 eorum
3387 2075 3595 2129 scilicet

2025 2175 2258 2235 motum;
2295 2181 2417 2235 quae
2446 2165 2516 2219 ab
2552 2166 2647 2220 illo
2684 2166 2893 2221 ducunt
2922 2166 3216 2235 originem,
3243 2175 3301 2221 et
3329 2166 3385 2221 in
3419 2166 3596 2236 ipsum

2023 2255 2307 2313 desinunt.
2365 2256 2789 2328 Myriasjgitur,
2821 2272 2944 2328 quas
2993 2256 3236 2326 supremi
3286 2256 3597 2326 appetibilis

2022 2346 2252 2401 formam
2281 2355 2454 2418 gerat,
2477 2364 2668 2403 eorum
2694 2388 2710 2413 ,
2742 2363 2865 2418 quas
2911 2347 2968 2401 in
3012 2346 3193 2416 ipsum
3250 2351 3597 2407 moveantur,

2022 2437 2320 2507 perfectam
2365 2437 2760 2507 appetitionem
2789 2437 2983 2492 deﬁnit
3019 2454 3033 2490 :
3068 2437 3355 2506 unitasque
3380 2474 3398 2500 ,
3434 2434 3593 2505 primi

2023 2527 2154 2582 boni
2179 2529 2448 2600 symbolo,
2474 2545 2667 2584 eorum
2691 2545 2812 2598 quae
2850 2529 2919 2583 ab
2943 2529 3065 2598 ipso
3099 2535 3412 2591 moventur,
3435 2541 3591 2598 'pe‘r-

2021 2617 2218 2673 lectam
2254 2619 2427 2674 basim
2457 2618 2624 2673 infert
2649 2633 2712 2674 ac
2734 2618 3172 2673 fundamentum.

2090 2708 2178 2762 51.
2204 2709 2387 2765 Prima
2410 2709 2670 2773 ,ἀπάθεια
2706 2717 2791 2763 est
2817 2707 3240 2778 (imperturbatio
3291 2708 3595 2776 affectuum-

2023 2811 2122 2866 que
2146 2799 2406 2868 vacuitas)
2439 2813 2563 2852 cum
2585 2813 2615 2850 a
2644 2797 2800 2853 malis
2818 2796 2949 2866 ipso
2972 2811 3138 2866 Opere
3167 2798 3395 2866 prorsus
3427 2793 3596 2871 absti-

2021 2900 2217 2940 nemus
2246 2903 2261 2938 :
2296 2886 2463 2955 inque
2506 2885 2616 2939 illis
2660 2885 3067 2949 consideratur,
3095 2884 3189 2954 qui
3215 2883 3398 2938 adhuc
3432 2882 3596 2936 indu-

2022 2982 2221 3027 cuntur
2255 2991 2271 3037 ξ
2302 2974 2560 3036 secunda,
2597 2989 2721 3028 cum
2744 2989 2937 3029 omnes
2976 2974 3179 3032 animo.
3206 2973 3408 3045 quibus
3440 2972 3597 3026 malis

2023 3064 2453 3129 consentiamus,
2509 3064 2893 3136 cogitationes.
2929 3065 3247 3134 abigimits;
3279 3063 3445 3132 inque
3486 3063 3598 3116 illis

2023 3154 2312 3225 contingit,
2347 3156 2441 3224 qui
2468 3156 2678 3210 ratione
2708 3155 2907 3210 comite
2936 3157 3196 3210 virtutem
3228 3156 3435 3209 colunt.
3466 3153 3597 3207 Ter-

2008 3247 2120 3312 tia,
2165 3263 2291 3301 cum
2314 3248 2610 3316 appetendi
2648 3248 2881 3303 facultas
2924 3248 3085 3303 nullo.
3120 3247 3283 3302 modo
3308 3245 3597 3301 affectibus
3675 3314 3679 3320 ι

2020 3346 2273 3392 movetur
2302 3352 2366 3392 ac
2400 3338 2645 3403 libidine,
2700 3339 2755 3392 in
2811 3339 2880 3393 iis
2906 3338 3000 3408 qui
3040 3352 3139 3407 per
3177 3336 3376 3406 ﬁguras
3414 3351 3595 3391 rerum

2020 3429 2198 3484 oculis
2217 3430 2608 3500 subjectarum,
2631 3430 2958 3500 spiritaliter
2980 3429 3223 3484 rationes
3245 3436 3594 3482 eontuentur.

2020 3519 2223 3586 Quarta
2247 3521 2488 3591 denique
2514 3521 2962 3590 ilnperturbatio,
2989 3529 3075 3575 est
3112 3520 3194 3574 vel
3220 3518 3288 3573 ab
3311 3521 3428 3589 ipsa
3446 3519 3597 3573 nuda

2021 3604 2350 3674 cogitatione
2390 3607 2548 3675 plena
2583 3607 2902 3677 integraque
2927 3605 3285 3673 emundatio;
3318 3607 3374 3661 in
3401 3606 3468 3662 iis
3493 3607 3593 3677 qui
3636 3610 3643 3619 ‘

2019 3708 2121 3762 per
2140 3695 2428 3750 scientiam
2452 3703 2510 3749 et
2529 3695 3069 3764 contemplationem,
3103 3695 3368 3750 mundum
3391 3711 3455 3750 ac
3480 3697 3597 3766 pel-

2019 3780 2263 3835 lucidum
2291 3782 2386 3835 Dei
2436 3781 2719 3850 speculum
2777 3789 3016 3857 mentem
3061 3783 3444 3839 reddiderunt.
3487 3784 3592 3856 Qui

2019 3872 2185 3944 igitur
2212 3872 2283 3926 ab
2310 3872 2427 3941 ipso
2457 3888 2516 3927 se
2538 3873 2798 3933 vitiorum
2823 3888 2921 3939 seu
2942 3873 3233 3927 libidinum
3260 3884 3383 3928 actu
3405 3890 3597 3930 emun-

2019 3962 2191 4027 davit,
2213 3977 2278 4016 ac
2312 3978 2382 4016 ne
2409 3962 2521 4018 illis
2545 3964 2728 4018 animo
2756 3964 3064 4020 consentiat
3099 3965 3242 4019 liber
3277 3967 3470 4031 evasit,
3510 3968 3593 4024 af-

2018 4053 2275 4124 fectuque
2316 4053 2383 4108 ad
2416 4069 2482 4109 ea
2517 4055 2727 4108 moveri
2776 4062 2939 4124 atque
2974 4054 3106 4138 illici
3137 4055 3303 4111 desiit
3338 4057 3472 4126 :qui
3505 4057 3594 4112 de-

2002 4142 2186 4211 nique
2223 4158 2255 4197 a
2300 4141 2450 4202 nudo
2483 4143 2603 4213 ipso
2648 4143 2887 4213 cogitatu
2923 4143 3300 4200 intaminatam
3350 4155 3588 4207 mentem

2018 4232 2277 4298 reddidit,
2312 4234 2361 4288 is
2385 4233 2800 4304 quadruplicem
2841 4236 3151 4321 generieam
3178 4238 3440 4293 ἀπάθειαν
3465 4238 3589 4310 (im-

2017 4323 2491 4392 perturbationem
2530 4322 2762 4395 scilicet)
2811 4332 3026 4390 nactus,
3072 4341 3105 4380 e
3145 4334 3290 4381 terra
3323 4328 3586 4399 terrenis-

1946 4420 1991 4477 D
2018 4428 2126 4484 que
2156 4412 2455 4483 egreditur,
2507 4423 2565 4470 et
2611 4413 2680 4469 ad
2726 4414 2993 4469 mentium
3025 4416 3376 4487 divinamque
3422 4424 3586 4491 atque

2018 4514 2268 4577 pacatam
2297 4505 2630 4576 spiritalium
2664 4505 2930 4576 requiem,
2958 4507 3256 4579 beatasque
3281 4510 3438 4567 sedes
3455 4526 3588 4567 con-

2017 4597 2214 4652 tendit.
3135 4652 3139 4659 ,

2085 4685 2172 4747 52.
2228 4686 2467 4741 Primam
2522 4687 2793 4742 ἀπάθειαν
2841 4689 3407 4761 (imperturbationem
3455 4693 3584 4764 απε-

2016 4783 2297 4845 ctuumque
2323 4776 2676 4846 vacuitatem)
2723 4786 2904 4843 vocat,
2940 4778 3212 4834 illibatum
3257 4777 3507 4851 corporis
3527 4781 3585 4835 in

2014 4874 2299 4934 peccatum
2340 4866 2458 4936 ipso
2491 4876 2615 4922 actu
2643 4867 2798 4939 571
2830 4877 3068 4936 motum;
3098 4870 3321 4925 alteram
3344 4911 3358 4936 ,
3404 4870 3585 4940 perfe-

2014 4966 2102 5013 cte
2131 4958 2317 5013 animo
2342 4958 2624 5014 abdicatas
2671 4960 2995 5015 libidinosas
3034 4960 3283 5030 vitioque
3315 4961 3587 5017 haerentes

2016 5049 2396 5120 cogitationes,
2425 5065 2493 5104 ex
2515 5066 2626 5120 quo
2651 5059 2756 5114 est,
2786 5057 2846 5104 ut
2864 5065 2967 5120 pro
2994 5048 3196 5121 prioris
3222 5050 3588 5120 imperturba-

2016 5141 2182 5196 tionis
2204 5141 2387 5207 modo,
2413 5140 2708 5195 libidinum
2730 5149 2910 5196 motus
2930 5139 3332 5211 exstinguatur,
3355 5140 3444 5196 cui
3462 5140 3590 5196 libi-

2015 5231 2223 5286 dinosae
2243 5231 2604 5301 cogitationes
2635 5230 2836 5295 desint,
2868 5230 3069 5300 quibus
3099 5230 3157 5284 in
3181 5240 3365 5286 actum
3386 5247 3584 5287 accen-

2015 5321 2178 5375 datur
2207 5338 2220 5374 :
2248 5320 2486 5386 tertiam,
2512 5320 2811 5389 perfectam
2837 5319 3148 5390 appetentis
3170 5320 3338 5375 animi
3375 5319 3432 5373 in
3453 5319 3586 5376 vitia

2014 5426 2080 5467 ac
2112 5410 2375 5466 libidines
2397 5396 2913 5480 cessationem,'qua
2934 5418 2991 5464 et
3017 5409 3258 5465 secunda
3285 5410 3364 5478 ﬁt,
3387 5425 3508 5479 quae
3527 5410 3585 5464 in

2013 5503 2408 5574 cogitationum
2441 5501 2687 5571 puritate
2717 5501 2972 5558 consistit
2999 5519 3014 5554 :
3043 5510 3295 5570 quartam
3320 5500 3583 5570 denique,

2014 5604 2123 5660 qua
2159 5588 2407 5643 omnium
2457 5603 2579 5658 quae
2626 5602 2788 5642 sensu
2836 5588 3184 5658 attinguntur
3226 5587 3588 5659 cogitationes

2015 5680 2203 5736 animo
2248 5677 2626 5749 proﬁigamus,
2658 5678 2804 5733 unde
2852 5684 2908 5734 et
2935 5677 3097 5734 tertia
3138 5686 3322 5737 ortum
3368 5676 3579 5735 habuit.
