4122 6320
646 316 777 383 1287

644 425 1004 500 impenditur,
1030 420 1350 493 imprudens
1392 420 1447 476 in
1493 417 1810 490 quempiam
1847 415 2219 487 nequissimo-

643 535 769 575 rum
803 519 1094 590 spirituum
1121 514 1344 579 incidat,
1383 513 1476 582 qui
1503 513 1686 582 aliquo
1712 511 1998 566 sensilium
2031 525 2216 564 rerum

646 612 901 674 incursu,
927 615 1133 663 castam
1165 605 1351 660 cordis
1402 604 1805 674 dispectionem
1853 617 2218 671 corrumpere

644 701 868 754 soleant.

715 791 802 845 59.
858 788 962 854 Qui
1015 787 1240 841 virtutis
1289 795 1385 841 aut
1441 786 1688 841 scientia:
1734 787 1980 850 nomine,
2038 785 2219 840 inanis

642 881 830 951 gloriae
858 879 1049 959 aculeo
1078 879 1190 932 ullo
1228 879 1553 932 vulneratus
1593 888 1700 943 est,
1751 877 2012 932 elationis
2048 875 2218 930 animi

644 991 879 1038 comam,
908 977 1083 1029 instar
1107 972 1418 1036 Absalonis,
1455 973 1620 1027 stulte
1683 972 1938 1027 nutriens
1966 973 2048 1036 9';
2101 977 2219 1024 artc

644 1069 879 1122 fucatam
909 1066 1237 1134 mistamque
1278 1064 1426 1118 velut
1460 1064 1693 1128 mulum,
1742 1079 1848 1134 qua
1883 1071 2221 1132 spectatores

645 1158 1167 1224 seducat,moralem
1181 1156 1792 1226 ostent'atdisciplinam
1830 1173 1842 1207 :
1875 1171 1984 1224 qua
2004 1163 2221 1209 tumens

643 1261 808 1321 atque
829 1250 1070 1314 inflatus,
1106 1249 1222 1304 fore
1253 1249 1555 1313 existimat,
1587 1258 1648 1302 ut
1673 1248 1767 1317 qui
1788 1246 2044 1301 doctrina
2062 1245 2220 1300 verbi

645 1344 855 1414 genuit,
895 1349 1176 1411 parentem
1227 1340 1488 1409 subigat;
1536 1340 1642 1393 hoc
1697 1351 1896 1406 nempe
1941 1345 2217 1406 satagens,

645 1440 706 1488 ut
745 1439 963 1487 omnem
1013 1431 1237 1486 virtutis
1291 1445 1355 1484 ac
1394 1429 1640 1484 scientia:
1696 1428 2004 1482 claritatem
2041 1467 2055 1490 ,
2101 1441 2223 1495 quze

643 1525 832 1579 divino
865 1539 1092 1577 munere
1117 1521 1259 1591 patri
1293 1520 1555 1590 suppetit,
1589 1519 1647 1572 in
1692 1533 1750 1572 se
1785 1518 1902 1587 ipse
1945 1517 2098 1570 velut
2126 1532 2223 1570 su-

644 1615 848 1685 perbus
881 1612 1161 1685 tyrannice
1193 1610 1508 1666 transferat.
1553 1610 1754 1664 Verum
1821 1607 1913 1662 hic
1948 1607 2073 1662 talis
2097 1646 2111 1670 ,
2154 1605 2222 1659 ad

645 1704 915 1759 naturalis
943 1704 1000 1757 in
1037 1703 1234 1772 spiritu
1261 1686 1655 1771 speculationis
1682 1699 1795 1754 lata
1827 1713 2108 1768 egressus,
2154 1687 2256 1751 ad'

645 1796 850 1850 bellum
882 1793 1027 1863 quod
1048 1809 1147 1862 pro
1175 1793 1408 1848 veritate
1448 1791 1662 1845 ratione
1695 1789 2060 1844 committitur
2083 1827 2099 1852 ,
2145 1788 2226 1841 vi-

647 1897 810 1958 gente
838 1888 893 1940 in
915 1901 982 1941 eo
1013 1902 1196 1951 sensu,
1226 1901 1256 1939 e
1278 1885 1448 1939 densa
1479 1899 1686 1953 quercu
1712 1891 2069 1938 terrenorum
2098 1895 2226 1950 spe-

650 1979 1013 2042 culabilium,
1075 1993 1230 2032 coma
1285 1985 1524 2041 tenetur,
1572 1977 1746 2045 ipsam
1800 1977 2017 2031 inanem
2063 1975 2232 2030 animi

646 2071 950 2126 elationem
987 2069 1154 2122 morti
1185 2069 1556 2123 innectentem
1591 2107 1606 2132 ,
1661 2068 1973 2136 caelumque
2001 2068 2146 2120 inter
2177 2075 2234 2120 et

651 2172 876 2225 terram,
915 2157 1642 2227 medium’suspendentem,
1680 2157 1911 2211 habens.
1945 2156 2049 2222 Qui
2084 2157 2231 2210 enim

648 2251 831 2304 inanis
851 2249 1036 2319 gloria:
1065 2248 1202 2301 vitio
1230 2249 1462 2312 laborat,
1518 2248 1694 2302 instar
1742 2248 1869 2301 coeli
1895 2248 2230 2311 ,-scicntiam

647 2356 760 2394 non
790 2341 977 2404 habet,
1004 2355 1126 2408 quae
1148 2354 1368 2392 sursum
1428 2338 1570 2392 ferat
1618 2354 1651 2392 a
1704 2339 2030 2393 detrahente
2065 2339 2230 2393 stulta

652 2432 738 2486 sui
784 2431 1047 2500 opinione
1083 2448 1096 2482 :
1131 2445 1195 2484 ac
1239 2445 1422 2498 neque
1483 2444 1678 2483 rursus
1721 2437 1925 2483 terram
1976 2429 2232 2491 (actionis

657 2523 871 2578 scilicet
917 2524 977 2576 in
1039 2521 1350 2575 humilitate
1407 2520 1604 2590 basim)
1652 2536 1682 2574 a
1739 2535 1956 2575 sursum
2008 2521 2233 2575 tollente

651 2615 794 2668 fastu
849 2612 1012 2684 574¹
1060 2627 1123 2666 ac
1175 2613 1454 2677 elatione,
1512 2611 1758 2680 proclive
1809 2610 2230 2680 depritnentem.

660 2704 838 2768 Hunc,
879 2704 973 2773 qui
1007 2704 1198 2773 genuit
1229 2701 1445 2767 doctor,
1494 2701 1852 2756 humanitatis
1879 2701 2064 2766 sensu,
2108 2711 2232 2755 tan-

650 2811 814 2865 quam
845 2797 972 2865 pius
1011 2809 1075 2849 ac
1123 2795 1437 2864 religiosus,
1474 2802 1531 2848 et
1577 2802 1861 2847 mortuum
1902 2793 2086 2864 luget;
2134 2793 2230 2848 Dei

651 2888 864 2941 scilicet
896 2887 1172 2954 exemplo,
1228 2886 1425 2940 nolens
1456 2893 1690 2940 mortem
1739 2886 2087 2955 peccatoris,
2135 2885 2230 2941 sed

649 2990 712 3033 ut
741 2985 1094 3032 convertatur
1119 2984 1175 3031 et
1203 2977 1354 3031 vivat
1387 2977 1456 3028 ⁸³.

719 3069 810 3123 60.
844 3069 1287 3138 Uniuscujusque
1335 3067 1578 3121 hominis
1627 3066 1825 3121 salutis
1871 3066 2091 3120 initium
2141 3081 2228 3120 sa-

651 3161 857 3230 pientia
871 3169 1120 3229 est;qua:
1135 3160 1357 3229 quidem
1387 3159 1678 3228 incipiens,
1705 3160 1946 3228 primum
1973 3159 2229 3212 timorem

651 3251 838 3314 edicit,
890 3259 1195 3320 posteaque
1243 3267 1368 3306 cum
1413 3251 1586 3305 fuerit
1631 3257 2052 3314 consummata,
2089 3250 2234 3305 desi-

651 3342 866 3396 derium
915 3355 1270 3410 amoremque
1319 3341 1627 3395 constituit.
1668 3343 1765 3396 Vel
1813 3341 1998 3410 potius
2044 3341 2161 3410 ipsa
2201 3357 2232 3395 a

650 3434 924 3504 principio
943 3441 1169 3501 propter
1191 3447 1292 3486 nos
1314 3431 1724 3501 dispensatione
1748 3432 1915 3486 timor
1935 3433 2227 3495 exsistens,

651 3533 713 3579 ut
740 3533 1011 3578 amantem
1042 3539 1073 3576 a
1103 3523 1238 3577 vitio
1266 3538 1328 3577 ac
1354 3523 1624 3594 pravitate
1661 3533 2000 3592 compescat,
2029 3539 2093 3579 ac
2109 3541 2231 3594 qua:

647 3623 839 3685 postea
872 3615 986 3684 ipsa
1017 3623 1242 3684 propter
1283 3629 1341 3669 se
1369 3629 1526 3668 amor
1564 3623 1760 3669 natura
1807 3615 1860 3668 in
1913 3614 2022 3670 fine
2075 3614 2230 3670 inve-

650 3708 859 3773 niatur,
897 3715 957 3760 ut
983 3722 1078 3761 cos
1106 3706 1200 3776 qui
1245 3709 1365 3777 ejus
1404 3707 1721 3761 convictum
1761 3707 1932 3761 rebus
1964 3707 2228 3762 omnibus

649 3797 1014 3866 antiquiorem
1041 3797 1376 3861 habuerunt,
1413 3797 1649 3866 spiritali
1679 3798 1796 3852 risu
1837 3799 2152 3868 adimpleat.

719 3887 806 3942 61.
840 3887 1118 3957 Sapientia
1143 3896 1200 3943 et
1239 3889 1403 3942 timor
1434 3898 1539 3954 est,
1583 3905 1706 3958 qua:
1750 3891 2054 3945 secundum
2088 3890 2228 3961 fugae

649 3975 916 4030 rationem
945 4017 958 4038 ,
1014 3992 1124 4030 non
1159 3977 1551 4046 appetentibus
1582 3979 1820 4048 privatio
1847 3979 2076 4033 exsistat
2104 3995 2118 4045 ;
2167 3986 2226 4033 et

648 4081 804 4119 amor
842 4082 936 4120 seu
967 4067 1328 4132 desiderium,
1361 4085 1483 4138 quae
1521 4068 1758 4124 fruentis
1797 4070 1966 4123 animi
2000 4071 2225 4126 habitus

648 4157 1003 4228 diligentibus
1039 4159 1152 4213 fiat.
1183 4158 1308 4214 Htec
1333 4161 1480 4214 enim
1509 4161 1765 4230 supplicii
1811 4163 2223 4231 exspectatione

649 4263 679 4303 a
709 4248 858 4302 vitiis
883 4249 1237 4315 liberans,'et
1267 4251 1525 4306 timorem
1546 4251 1696 4317 facit,
1726 4262 1782 4307 et
1812 4263 2054 4309 amorem
2091 4271 2224 4325 ope-

649 4349 822 4402 ratur,
857 4355 978 4409 qua:
1002 4341 1274 4395 virtutum
1311 4341 1674 4410 acquisitione
1702 4342 1769 4396 ad
1817 4343 2054 4398 videnda
2101 4361 2222 4415 quae

650 4429 832 4484 futura
860 4437 1009 4491 sunt,
1044 4440 1285 4486 mentem
1320 4432 1666 4487 assuefaciat.

720 4520 809 4574 62.
861 4519 1053 4576 Omnis
1095 4521 1372 4578 confessio
1417 4521 1662 4576 animum
1709 4521 2004 4590 humiliat;
2055 4523 2228 4580 altera

651 4608 896 4677 quidem,
939 4611 1115 4679 gratia
1143 4612 1540 4681 justiticatam;
1579 4613 1752 4668 altera
1797 4630 1952 4681 vero,
1994 4604 2228 4686 propriae

651 4699 851 4753 mentis
883 4698 1118 4769 ignavia,
1167 4715 1315 4754 ream
1345 4702 1516 4771 ipsam
1539 4701 1766 4757 docens.

719 4875 808 4928 65.
839 4874 1213 4937 Confessionis
1258 4879 1462 4948 duplex
1511 4889 1596 4933 est
1639 4879 1780 4934 ratio
1809 4897 1824 4933 :
1855 4881 2024 4936 altera
2047 4924 2061 4948 ,
2099 4899 2220 4953 quae

650 4966 950 5035 gratiarum
986 4968 1222 5023 actionis
1273 4985 1437 5024 causa
1481 4970 1550 5024 ob
1595 4970 1741 5025 bona
1792 4975 2032 5042 praestita
2081 4975 2216 5044 ﬁat;

651 5059 822 5112 altera
847 5099 862 5123 ,
899 5075 1019 5128 qua:
1052 5060 1268 5114 dicatur
1321 5061 1386 5115 ad
1426 5062 1707 5130 arguenda
1748 5079 1812 5118 ac
1855 5066 2217 5124 examinanda

653 5155 862 5215 patrata
903 5150 1062 5204 mala.
1093 5151 1332 5205 Vocatur
1373 5152 1519 5206 enim
1555 5153 1848 5220 confessio,
1887 5165 2000 5210 tum
2049 5157 2219 5214 bene-

654 5234 900 5290 ficiorum
917 5238 1165 5307 quibusa
1187 5240 1299 5294 Deo
1329 5239 1510 5296 affecti
1539 5258 1748 5308 sumus,
1765 5259 1888 5299 cum
1922 5246 2220 5315 gratiarum

652 5325 867 5380 actione
887 5329 1360 5394 commemoratio,
1407 5340 1521 5384 tum
1551 5333 1690 5386 male
1716 5343 2017 5403 gestorum,
2053 5337 2121 5390 ab
2155 5337 2223 5392 iis

653 5416 744 5482 qui
774 5417 851 5471 rei
883 5428 1030 5484 sunt,
1066 5419 1207 5474 facta
1249 5423 1548 5493 evulgatio.
1596 5425 1836 5494 Utraque
1887 5427 2034 5482 enim
2074 5430 2222 5499 ejus.

655 5507 800 5560 modi
821 5511 1088 5580 suntqua:
1108 5512 1369 5569 humilem
1395 5530 1614 5570 sensum
1639 5518 1875 5586 pariant.
1907 5519 2044 5592 Tum
2073 5522 2220 5578 enim

721 5684 769 5718 "
800 5685 847 5740 ll
884 5687 1016 5760 Reg.
1048 5708 1197 5756 xvm,
1232 5695 1288 5749 9.
1364 5696 1409 5729 ⁹²
1439 5697 1642 5752 Ezech.
1678 5713 1829 5765 xvm,
1859 5699 1947 5754 52.

1808 309 1867 366 S.
1908 306 2097 366 MAXI
2106 305 2194 366 MI
2227 299 2737 364 CONFESSORIS

2248 431 2291 486 Α
2326 414 2580 484 πονηρῶν
2629 413 2975 484 πνευμάτων,
3010 408 3108 482 τὴν
3141 407 3315 480 ἁγνὴν
3364 406 3457 477 τῆς
3513 404 3739 478 καρδίας
3766 408 3876 462 διά-

3749 291 3877 360 1288

2323 505 2536 577 σκεψιν.

2390 773 2488 830 νϐ’.
2527 775 2584 828 ’0
2638 772 2915 844 κενοδοξία
2963 771 3089 834 τινὶ,
3125 770 3190 822 δι’
3231 768 3430 836 ἀρετὴν
3460 767 3491 837 ἦ
3527 765 3726 834 γνῶσιν
3750 782 3875 834 τρω-

2322 868 2456 933 θεὶς,
2488 867 2585 936 τὴν
2611 868 2788 937 κόμην
2821 863 3064 934 ματαίας
3101 862 3426 932 διατρέφων,
3458 857 3708 927 καθάπερ
3734 856 3877 909 Ἀσε-

2324 958 2519 1022 σαλὼν,
2557 958 2655 1027 τῆς
2691 959 2938 1027 οἰήσεως,
2973 952 3504 1022 ἐπιτετεχνασμ.ένην
3554 968 3613 1002 τε
3673 949 3768 1003 καὶ
3800 965 3876 1020 μισ

2324 1050 2460 1117 κτὴν
2483 1049 2671 1126 ὥσπερ
2694 1047 3068 1119 ήμίονονπρδς
3093 1046 3311 1114 ἀπάτην
3337 1043 3445 1096 τῶν
3463 1041 3774 1112 θεωμένων,
3793 1043 3876 1113 τὴν

2323 1140 2522 1212 ἠθικὴν
2571 1139 2939 1192 ἐπιδείκνυται
2991 1136 3301 1189 πολιτείαν’
3344 1131 3428 1202 ἐφ’
3479 1128 3548 1204 ἦς
3593 1133 3875 1203 αἱωροὺιιε·

2323 1249 2435 1298 νος,
2468 1233 2640 1284 οἴεται
2671 1230 2763 1284 τὸν
2807 1231 3151 1300 γεννήσαντα
3175 1229 3263 1281 διὰ
3293 1228 3392 1298 τῆς
3417 1223 3769 1288 διδασκαλίας
3798 1226 3874 1278 τοῦ

2323 1325 2484 1392 λόγου
2534 1323 2748 1394 πατέρα
2797 1321 3187 1392 χειρώσασθαι,
3231 1320 3410 1373 πᾶσαν
3451 1317 3774 1388 βουλόμενος
3799 1315 3875 1386 τὴν

2323 1415 2402 1486 τῷ
2432 1415 2601 1483 πατρὶ
2634 1411 2947 1484 προσοῦσαν
2987 1411 3174 1465 θεόθεν
3223 1409 3382 1474 δόξαν
3426 1409 3525 1478 τῆς
3571 1408 3779 1478 ἀρετῆς
3804 1407 3876 1459 καὶ

2324 1509 2424 1579 τῆς
2451 1507 2724 1576 γνώσεως,
2750 1506 2824 1569 ώς
2856 1505 3207 1575 ὑπερήφανος
3236 1504 3314 1566 είς
3343 1501 3534 1556 ἑαυτὸν
3564 1499 3879 1572 τυραννικῶς

2326 1597 2756 1669 ἐφελκύσασθαι.
2793 1597 2932 1659 Ἀλλῗ
2965 1599 2993 1650 6
3025 1595 3266 1659 τοιοῦτος
3307 1593 3536 1659 ἐξελθὼν
3567 1595 3651 1656 εἰς
3679 1593 3739 1644 τὸ
3765 1591 3878 1644 πλά-

2327 1707 2420 1752 τος
2463 1689 2560 1759 τῆς
2595 1691 2654 1740 ὲν
2692 1688 2967 1758 πνεύματι
3019 1687 3256 1757 φυσικῆς
3306 1685 3561 1755 θεωρίας,
3615 1683 3755 1754 πρὸς
3808 1682 3879 1735 τὸν

2262 1775 2300 1830 Β
2329 1781 2467 1852 ὑπὲρ
2499 1779 2760 1850 ἀληθείας
2813 1778 3032 1847 λογικὸν
3063 1778 3320 1848 πόλεμον,
3349 1779 3436 1832 διὰ
3478 1777 3576 1848 τὴν
3607 1777 3786 1841 ζῶσαν
3814 1777 3880 1829 αῖ·

2332 1876 2548 1946 σθησιν,
2579 1875 2656 1944 τῷ
2699 1875 2852 1928 δάσει
2907 1873 3009 1943 τῆς
3059 1872 3218 1942 δρυὸς
3243 1871 3350 1926 τῶν
3379 1870 3582 1924 ὑλικῶν
3614 1870 3879 1941 θεαμάτων

2332 1968 2618 2038 κρατεῖται
2669 1965 2768 2036 τῆς
2817 1964 3017 2034 κόμης,
3083 1962 3267 2033 αὐτὴν
3310 1961 3450 2032 ἔχων
3499 1961 3878 2031 συνδεσμοῦσαν

2332 2059 2469 2136 πρὸς
2503 2057 2756 2122 θάνατον,
2788 2057 2888 2128 τὴν
2921 2056 3170 2110 διάκενον
3199 2055 3400 2124 οἴησιν,
3432 2054 3530 2123 τὴν
3560 2052 3878 2124 κρεμνοῦσαν

2331 2148 2492 2202 αὐτὸν
2514 2148 2787 2218 άναμέσον
2811 2145 2905 2199 τοῦ
2939 2143 3194 2216 οὐρανοῦ,
3227 2144 3322 2198 καὶ
3353 2144 3631 2212 ἀναμέσον
3661 2143 3759 2211 τῆς
3779 2145 3876 2211 γῆς.

2331 2241 2408 2294 Οὐ
2444 2241 2553 2311 γὰρ
2588 2239 2701 2310 ἔχει
2732 2237 2937 2307 γνῶσιν
2974 2239 3002 2289 6
3050 2235 3349 2301 κενόδοξος,
3381 2235 3640 2302 καθάπερ
3685 2235 3877 2304 οὐρανὸν

2330 2331 2664 2384 ἁνέλκουσαν
2697 2329 2862 2382 αὑτὸν
2889 2328 2992 2398 τῆς
3039 2329 3410 2396 κατασπώσης
3464 2327 3740 2396 οἰήσεως·
3792 2325 3875 2379 οὐδ’

2333 2418 2403 2475 αὖ
2433 2419 2598 2473 πάλιν
2638 2420 2764 2488 γῆν,
2797 2418 2897 2490 τὴν
2947 2419 3006 2472 ἐν
3037 2419 3104 2489 τῇ
3155 2414 3487 2470 ταπεινώσει
3545 2413 3699 2482 λέγω
3753 2413 3876 2483 βάσιν

2331 2515 2439 2584 τῆς
2464 2514 2740 2586 πράξεως,
2781 2513 3156 2567 καθέλκουσαν
3211 2511 3373 2565 αὐτὸν
3416 2511 3518 2580 τῆς
3573 2508 3877 2576 ἀνασπὼσης

2333 2607 2654 2677 φυσιώσεως
2680 2625 2693 2637 ·
2731 2607 2789 2660 ὂν
2842 2605 3031 2660 πενθεῖ
3063 2606 3160 2659 καὶ
3208 2603 3438 2658 θανόντα
3476 2601 3567 2657 διὰ
3597 2602 3875 2672 φιλανθρω-

2333 2701 2462 2752 πίαν
2495 2701 2569 2764 ὡς
2602 2698 2847 2768 φιλόθεος
2883 2701 2910 2752 ό
2952 2699 3221 2769 γεννήσας
3269 2693 3613 2759 διδάσκαλος,
3685 2690 3876 2765 μιμήσει

2334 2791 2494 2857 Θεοῦ,
2559 2792 2632 2862 μὴ
2686 2791 3011 2862 βουλόμενος
3044 2790 3135 2843 τὸν
3170 2789 3400 2843 θάνατον
3425 2787 3520 2840 τοῦ
3552 2783 3875 2858 ἁμαρτωλοῦ,

2333 2885 2408 2949 ὡς
2436 2883 2496 2938 τὸ
2527 2883 2877 2954 ἐπιστρέψαι,
2909 2884 3003 2936 καὶ
3033 2881 3131 2952 ζῇν
3155 2881 3336 2934 αὐτόν.

2408 3061 2472 3129 ξ’.
2518 3061 2686 3133 Ἀρχὴ
2731 3061 2824 3115 καὶ
2875 3060 3027 3124 τέλος
3057 3061 3175 3113 ἐστὶ
3205 3060 3303 3129 τῆς
3334 3059 3571 3114 ἑκάστου
3608 3058 3874 3129 σωτηρίας.

2335 3154 2369 3226 ή
2426 3155 2636 3223 σοφία-⁸
2679 3153 2843 3222 φόὸον
2900 3153 2998 3222 μὲν
3043 3151 3323 3223 ἀρχομένη
3373 3150 3593 3221 πρῶτον
3650 3151 3876 3220 δημιουρ-

2335 3245 2526 3314 γοῦσα,
2560 3244 2653 3297 καὶ
2699 3243 2865 3298 πόθον
2896 3244 3125 3313 ὕστερον
3155 3243 3508 3313 τελειουμένη
3559 3241 3874 3295 συνιστῶσα·

2339 3335 2539 3406 μᾶλλον
2574 3334 2632 3387 δέ
2657 3335 2825 3403 φόϐος
2851 3334 2990 3404 αὐτὴ
3024 3335 3145 3386 κατ’
3173 3335 3347 3404 ἀρχὰς
3368 3335 3436 3387 δι’
3459 3337 3611 3404 ἡμᾶς
3635 3336 3876 3402 οἰκονομι-

2334 3429 2446 3491 κῶς
2475 3427 2756 3498 γινομένη,
2791 3428 2876 3480 ἵνα
2920 3427 3102 3498 παύσῃ
3153 3427 3354 3490 κακίας
3397 3427 3490 3480 τὸν
3521 3427 3775 3498 ἐραστὴν,
3802 3426 3876 3478 καὶ

2333 3519 2500 3582 πόθος
2531 3517 2755 3589 ὕστερον
2776 3519 3024 3587 φυσικῶς
3051 3519 3419 3589 εὑρισκομένη
3453 3519 3517 3571 δι’
3536 3519 3734 3589 ἑαυτὴν
3764 3517 3876 3569 κατὰ

2331 3609 2392 3662 τὸ
2417 3609 2590 3674 τέλος,
2618 3610 2706 3663 ἵνα
2737 3608 3001 3680 πληρώσῃ
3027 3609 3263 3676 γέλωτος
3288 3609 3504 3679 νοητοῦ,
3533 3609 3661 3672 τοὺς
3683 3608 3778 3675 τὴν
3797 3606 3876 3659 σὺ·

2331 3700 2429 3770 τῆς
2459 3700 2676 3754 πάντων
2704 3699 2812 3752 τῶν
2841 3698 3010 3754 ὖντων
3035 3698 3442 3772 ἁλλαξαμένους
3469 3701 3784 3771 συμϐίωσιν.

2257 3121 2299 3180 C

2399 3873 2502 3942 ξα’.
2538 3877 2605 3928 Ἦ
2635 3875 2796 3944 σοφία
2828 3876 2924 3928 καὶ
2952 3874 3117 3944 φόϐος
3155 3874 3293 3938 ἐστὶ,
3325 3874 3468 3928 κατά
3497 3874 3596 3946 τὴν
3618 3871 3874 3943 ἀποφυγὴν

2328 3969 2590 4040 γινομένη
2652 3969 2928 4040 στέρησις,
2983 3971 3097 4032 τοῖς
3148 3969 3250 4022 οὐκ
3285 3969 3642 4041 ὀρεγομένοις
3696 3968 3870 4037 αὑτῆς³

2327 4061 2422 4114 καὶ
2447 4060 2613 4125 πόθος
2667 4062 2838 4126 ἐστὶν,
2865 4060 2979 4126 ἕξις
3013 4060 3417 4130 ἀπολαυστικῆς
3446 4061 3729 4132 ἐνεργείας
3755 4060 3876 4128 εὑρι-

2328 4155 2568 4225 σκομένη
2599 4155 2713 4217 τοῖς
2741 4139 3033 4221 ἀγαπῶσιν
3063 4152 3254 4223 αὐτήν.
3280 4151 3428 4223 Αὕτη
3456 4151 3567 4222 γὰρ
3603 4152 3772 4205 ὲλπίδι
3802 4162 3875 4200 κο-

2325 4245 2534 4308 λάσεως
2562 4244 2750 4298 παθῶν
2789 4243 3239 4308 ἀπαλλάσσουσα,
3273 4243 3369 4295 καὶ
3397 4242 3564 4311 φόϐον
3597 4243 3767 4296 ποιεῖ·
3799 4238 3875 4292 καὶ

2325 4336 2488 4389 πόθον
2519 4336 2831 4408 ἐργάζεται,
2859 4338 2926 4408 τῇ
2959 4335 3069 4388 τῶν
3098 4333 3310 4404 ἀρετῶν
3334 4333 3624 4405 ἐπικτήσει
3656 4335 3745 4387 τὸν
3773 4330 3872 4385 νοῦν

2257 4454 2301 4508 D
2325 4427 2578 4490 ἐθίζουσα
2612 4426 2830 4497 βλέπειν
2853 4427 2922 4480 τὰ
2953 4426 3236 4498 μέλλοντα.

2400 4515 2498 4588 ξβν.
2527 4519 2686 4572 Πᾶσα
2738 4517 3146 4591 ἐξομολόγησις,
3186 4525 3436 4576 ταπεινοῖ
3471 4523 3576 4593 τὴν
3620 4516 3869 4594 ψυχήψή

2330 4607 2448 4678 μὲν,
2479 4609 2662 4679 χάριτι
2690 4609 2826 4663 Θεοῦ
2853 4609 3270 4667 δικαιωθείσαν·
3307 4615 3339 4684 ή
3373 4613 3450 4678 δὲ,
3485 4614 3735 4686 ῥᾳθυμία
3760 4611 3870 4682 γνώ-

2330 4716 2438 4769 μης
2457 4698 2665 4763 οἰκείας
2721 4699 2807 4752 ἐπ’
2842 4701 3180 4772 ἐγκλήμασιν
3226 4703 3576 4775 ἐνεχομένην,
3609 4707 3773 4776 αὐτὴν
3807 4705 3870 4756 ἐκ·

2323 4790 2671 4846 διδάσκουσα.

2398 4880 2498 4950 ξγ’.
2527 4883 2710 4946 Διττδς
2735 4884 2762 4937 6
2788 4885 2888 4956 τῆς
2917 4886 3356 4960 ἐξομολογήσεως
3379 4889 3535 4960 λόγος
3560 4911 3574 4924 ·
3605 4895 3634 4946 6
3665 4892 3780 4963 μὲν,
3802 4890 3868 4945 ἐπ’

2327 4971 2646 5043 εὐχαριστίᾳ
2677 4973 2788 5026 τῶν
2829 4975 3216 5048 δεδωρημένων
3245 4979 3466 5048 ἀγαθῶν
3498 4984 3808 5052 γινόμενος·
3850 4981 3871 5032 ὁ

2325 5062 2402 5129 δὲ,
2437 5063 2524 5115 ἐπ’
2559 5063 2768 5135 ἐλέγχῳ
2821 5066 2915 5119 καὶ
2945 5068 3166 5140 ἐτασμῷ
3211 5069 3320 5122 τῶν
3358 5071 3546 5135 κακῶς
3579 5069 3870 5143 πεπραγμέ·

2325 5172 2431 5207 νων
2455 5149 2771 5226 λεγόμενος.
2821 5156 3241 5230 Ἐξομολόγησις
3273 5161 3380 5232 γὰρ
3429 5162 3672 5231 λέγεται,
3722 5167 3804 5218 καὶ
3841 5163 3866 5228 ἠ

2317 5247 2425 5300 τῶν
2453 5243 2512 5302 εὖ
2545 5249 2892 5304 πεπονθότων
2927 5252 3042 5321 μετ’
3071 5253 3422 5324 εὐχαριστίας
3451 5256 3558 5309 τῶν
3595 5257 3751 5311 θείων
3793 5255 3863 5308 εὖ·

2319 5339 2586 5411 εργεσιῶν
2610 5341 3006 5414 ἀπαρίθμησις,
3036 5347 3130 5399 καὶ
3149 5348 3186 5416 ἡ
3220 5347 3328 5401 τῶν
3353 5348 3540 5414 κακῶς
3569 5349 3866 5423 πεπραγμέ-

2319 5449 2424 5486 νων
2459 5434 2612 5504 παρὰ
2648 5435 2757 5488 τῶν
2782 5435 3049 5491 ὑπαιτίων
3077 5438 3457 5511 ὲξαγόρευσις·
3496 5445 3772 5514 ἀμφότερα
3799 5439 3863 5500 δὲ,

2319 5524 2706 5592 ταπεινώσεως
2732 5527 2967 5602 ὑπάρχει
2998 5533 3278 5604 ποιητικά.
3329 5533 3397 5591 "0
3423 5553 3482 5591 τε
3511 5536 3618 5608 γὰρ
3647 5535 3731 5591 ἐπ’
3755 5535 3866 5601 ἀγα-
