  <div class='ocr_page' id='page_1' title='image "/cluster/home/n/w/nwhite01/storage/ocr_20150623/90/mdp.39015022223161/650.png"; bbox 0 0 4122 6320; ppageno 0'>
   <div class='ocr_carea' id='block_1_1' title="bbox 344 386 497 459">
    <p class='ocr_par' dir='ltr' id='par_1_1' title="bbox 344 386 497 459">
     <span class='ocr_line' id='line_1_1' title="bbox 344 386 497 459; baseline 0.007 -3"><span class='ocrx_word' id='word_1_1' title='bbox 344 412 349 417; x_wconf 94' lang='grc'>·</span> <span class='ocrx_word' id='word_1_2' title='bbox 363 386 497 459; x_wconf 70' lang='grc'><strong>1289</strong></span> 
     </span>
    </p>
   </div>
   <div class='ocr_carea' id='block_1_2' title="bbox 999 395 2911 471">
    <p class='ocr_par' dir='ltr' id='par_1_2' title="bbox 999 395 2911 471">
     <span class='ocr_line' id='line_1_2' title="bbox 999 395 2911 471; baseline 0.002 -16"><span class='ocrx_word' id='word_1_3' title='bbox 999 395 1330 458; x_wconf 83' lang='lat' dir='ltr'><strong>CAPITUM</strong></span> <span class='ocrx_word' id='word_1_4' title='bbox 1366 397 1785 471; x_wconf 87' lang='lat' dir='ltr'><strong>QUINQUIES</strong></span> <span class='ocrx_word' id='word_1_5' title='bbox 1820 399 2332 465; x_wconf 74' lang='lat' dir='ltr'><strong>CENTENORUM</strong></span> <span class='ocrx_word' id='word_1_6' title='bbox 2369 400 2748 461; x_wconf 84' lang='lat' dir='ltr'><strong>CENTURIA</strong></span> <span class='ocrx_word' id='word_1_7' title='bbox 2796 400 2911 459; x_wconf 89' lang='lat' dir='ltr'><strong>III.</strong></span> 
     </span>
    </p>
   </div>
   <div class='ocr_carea' id='block_1_3' title="bbox 3453 404 3586 471">
    <p class='ocr_par' dir='ltr' id='par_1_3' title="bbox 3453 404 3586 471">
     <span class='ocr_line' id='line_1_3' title="bbox 3453 404 3586 471; baseline 0.015 -4"><span class='ocrx_word' id='word_1_8' title='bbox 3453 404 3586 471; x_wconf 71' lang='lat'><strong>1290</strong></span> 
     </span>
    </p>
   </div>
   <div class='ocr_carea' id='block_1_4' title="bbox 359 500 1937 580">
    <p class='ocr_par' dir='ltr' id='par_1_4' title="bbox 359 500 1917 579">
     <span class='ocr_line' id='line_1_4' title="bbox 359 500 1917 579; baseline 0.002 -22"><span class='ocrx_word' id='word_1_9' title='bbox 359 506 472 569; x_wconf 82' lang='grc' dir='ltr'>θοίς</span> <span class='ocrx_word' id='word_1_10' title='bbox 504 500 844 574; x_wconf 72' lang='grc' dir='ltr'><strong>εὐχαριστῶν</strong></span> <span class='ocrx_word' id='word_1_11' title='bbox 872 502 1028 574; x_wconf 77' lang='grc' dir='ltr'>ὁμοῦ,</span> <span class='ocrx_word' id='word_1_12' title='bbox 1065 506 1159 559; x_wconf 77' lang='grc' dir='ltr'>καὶ</span> <span class='ocrx_word' id='word_1_13' title='bbox 1182 507 1211 558; x_wconf 92' lang='lat'><strong>6</strong></span> <span class='ocrx_word' id='word_1_14' title='bbox 1233 507 1319 560; x_wconf 75' lang='grc' dir='ltr'><strong>ἐπ’</strong></span> <span class='ocrx_word' id='word_1_15' title='bbox 1353 506 1692 579; x_wconf 74' lang='grc' dir='ltr'><strong>ἐγκλήμασιν</strong></span> <span class='ocrx_word' id='word_1_16' title='bbox 1725 507 1917 571; x_wconf 80' lang='grc' dir='ltr'>ὲταζό-</span> 
     </span>
    </p>
   </div>
   <div class='ocr_carea' id='block_1_5' title="bbox 2037 500 3595 580">
    <p class='ocr_par' dir='ltr' id='par_1_5' title="bbox 2037 508 3595 580">
     <span class='ocr_line' id='line_1_5' title="bbox 2037 508 3595 580; baseline 0.006 -19"><span class='ocrx_word' id='word_1_17' title='bbox 2037 510 2112 578; x_wconf 54' lang='lat' dir='ltr'><strong>tui</strong></span> <span class='ocrx_word' id='word_1_18' title='bbox 2146 508 2216 563; x_wconf 91' lang='lat' dir='ltr'><strong>ob</strong></span> <span class='ocrx_word' id='word_1_19' title='bbox 2243 509 2384 577; x_wconf 83' lang='lat' dir='ltr'><strong>dona</strong></span> <span class='ocrx_word' id='word_1_20' title='bbox 2416 510 2610 564; x_wconf 80' lang='lat' dir='ltr'><strong>collata</strong></span> <span class='ocrx_word' id='word_1_21' title='bbox 2645 508 2847 580; x_wconf 83' lang='lat' dir='ltr'><strong>gratias</strong></span> <span class='ocrx_word' id='word_1_22' title='bbox 2872 508 3002 577; x_wconf 88' lang='lat' dir='ltr'><strong>agit,</strong></span> <span class='ocrx_word' id='word_1_23' title='bbox 3052 523 3111 563; x_wconf 90' lang='lat' dir='ltr'><strong>se</strong></span> <span class='ocrx_word' id='word_1_24' title='bbox 3145 508 3420 577; x_wconf 84' lang='lat' dir='ltr'><strong>humiliat,</strong></span> <span class='ocrx_word' id='word_1_25' title='bbox 3471 523 3595 570; x_wconf 89' lang='lat' dir='ltr'><strong>tum-</strong></span> 
     </span>
    </p>
   </div>
   <div class='ocr_carea' id='block_1_6' title="bbox 336 592 1922 672">
    <p class='ocr_par' dir='ltr' id='par_1_6' title="bbox 336 592 1922 672">
     <span class='ocr_line' id='line_1_6' title="bbox 336 592 1922 672; baseline 0.003 -24"><span class='ocrx_word' id='word_1_26' title='bbox 336 612 537 666; x_wconf 82' lang='grc' dir='ltr'>-μενος,</span> <span class='ocrx_word' id='word_1_27' title='bbox 564 592 918 648; x_wconf 76' lang='grc' dir='ltr'><strong>ταπεινοῦται</strong></span> <span class='ocrx_word' id='word_1_28' title='bbox 944 611 958 626; x_wconf 75' lang='grc' dir='ltr'><strong><em>ο</em></strong></span> <span class='ocrx_word' id='word_1_29' title='bbox 1007 598 1036 649; x_wconf 91' lang='lat'><strong>6</strong></span> <span class='ocrx_word' id='word_1_30' title='bbox 1083 598 1202 668; x_wconf 82' lang='grc' dir='ltr'>μὲν,</span> <span class='ocrx_word' id='word_1_31' title='bbox 1232 600 1423 653; x_wconf 75' lang='grc' dir='ltr'>ἑαυτὸν</span> <span class='ocrx_word' id='word_1_32' title='bbox 1455 600 1674 665; x_wconf 84' lang='grc' dir='ltr'>ἀνάξιον</span> <span class='ocrx_word' id='word_1_33' title='bbox 1719 601 1922 672; x_wconf 85' lang='grc' dir='ltr'>κρίνων</span> 
     </span>
    </p>
   </div>
   <div class='ocr_carea' id='block_1_7' title="bbox 355 685 1922 762">
    <p class='ocr_par' dir='ltr' id='par_1_7' title="bbox 355 685 1922 762">
     <span class='ocr_line' id='line_1_7' title="bbox 355 685 1922 762; baseline 0.003 -23"><span class='ocrx_word' id='word_1_34' title='bbox 355 686 464 739; x_wconf 83' lang='grc' dir='ltr'><strong>τῶν</strong></span> <span class='ocrx_word' id='word_1_35' title='bbox 490 686 749 740; x_wconf 78' lang='grc' dir='ltr'><strong>δοθέντων</strong></span> <span class='ocrx_word' id='word_1_36' title='bbox 777 685 979 740; x_wconf 72' lang='grc' dir='ltr'>καλῶν*</span> <span class='ocrx_word' id='word_1_37' title='bbox 1008 689 1036 741; x_wconf 98' lang='lat'><strong>6</strong></span> <span class='ocrx_word' id='word_1_38' title='bbox 1071 688 1149 752; x_wconf 81' lang='grc' dir='ltr'>δὲ,</span> <span class='ocrx_word' id='word_1_39' title='bbox 1180 689 1365 745; x_wconf 77' lang='grc' dir='ltr'>λαϐεῖν</span> <span class='ocrx_word' id='word_1_40' title='bbox 1388 693 1579 762; x_wconf 74' lang='grc' dir='ltr'>ἄφεσιν</span> <span class='ocrx_word' id='word_1_41' title='bbox 1608 692 1717 745; x_wconf 84' lang='grc' dir='ltr'><strong>τῶν</strong></span> <span class='ocrx_word' id='word_1_42' title='bbox 1743 691 1922 761; x_wconf 89' lang='grc' dir='ltr'>πλημ-</span> 
     </span>
    </p>
   </div>
   <div class='ocr_carea' id='block_1_8' title="bbox 354 776 1006 848">
    <p class='ocr_par' dir='ltr' id='par_1_8' title="bbox 354 776 1006 848">
     <span class='ocr_line' id='line_1_8' title="bbox 354 776 1006 848; baseline 0.006 -20"><span class='ocrx_word' id='word_1_43' title='bbox 354 776 706 847; x_wconf 81' lang='grc' dir='ltr'>μεληθέντων</span> <span class='ocrx_word' id='word_1_44' title='bbox 730 778 1006 848; x_wconf 88' lang='grc' dir='ltr'>δεόμενος.</span> 
     </span>
    </p>
   </div>
   <div class='ocr_carea' id='block_1_9' title="bbox 337 867 1923 945">
    <p class='ocr_par' dir='ltr' id='par_1_9' title="bbox 337 867 1923 945">
     <span class='ocr_line' id='line_1_9' title="bbox 337 867 1923 945; baseline 0.008 -28"><span class='ocrx_word' id='word_1_45' title='bbox 337 911 343 917; x_wconf 90' lang='grc'><strong>.</strong></span> <span class='ocrx_word' id='word_1_46' title='bbox 427 867 520 934; x_wconf 83' lang='grc' dir='ltr'>ξδ’.</span> <span class='ocrx_word' id='word_1_47' title='bbox 547 869 621 921; x_wconf 84' lang='grc' dir='ltr'><strong>Τὸ</strong></span> <span class='ocrx_word' id='word_1_48' title='bbox 643 868 744 938; x_wconf 82' lang='grc' dir='ltr'><strong>τῆς</strong></span> <span class='ocrx_word' id='word_1_49' title='bbox 767 870 1146 941; x_wconf 76' lang='grc' dir='ltr'><strong>ὑπερηφανίας</strong></span> <span class='ocrx_word' id='word_1_50' title='bbox 1172 872 1373 936; x_wconf 73' lang='grc' dir='ltr'>πάθος,</span> <span class='ocrx_word' id='word_1_51' title='bbox 1393 877 1457 926; x_wconf 81' lang='grc' dir='ltr'>ὲκ</span> <span class='ocrx_word' id='word_1_52' title='bbox 1485 874 1579 928; x_wconf 86' lang='grc' dir='ltr'><strong>δύο</strong></span> <span class='ocrx_word' id='word_1_53' title='bbox 1597 876 1923 945; x_wconf 77' lang='grc' dir='ltr'><strong>συνέστηκεν</strong></span> 
     </span>
    </p>
   </div>
   <div class='ocr_carea' id='block_1_10' title="bbox 276 959 1919 1036">
    <p class='ocr_par' dir='ltr' id='par_1_10' title="bbox 276 959 1919 1036">
     <span class='ocr_line' id='line_1_10' title="bbox 276 959 1919 1036; baseline 0.004 -22"><span class='ocrx_word' id='word_1_54' title='bbox 276 978 279 981; x_wconf 93' lang='grc'>·</span> <span class='ocrx_word' id='word_1_55' title='bbox 357 959 607 1029; x_wconf 83' lang='grc' dir='ltr'>ἀγνοιῶν.</span> <span class='ocrx_word' id='word_1_56' title='bbox 644 960 747 1014; x_wconf 87' lang='grc' dir='ltr'><strong>Δύο</strong></span> <span class='ocrx_word' id='word_1_57' title='bbox 790 962 847 1014; x_wconf 79' lang='grc' dir='ltr'>δὲ</span> <span class='ocrx_word' id='word_1_58' title='bbox 885 962 1237 1017; x_wconf 78' lang='grc' dir='ltr'><strong>συνελθοῦσαι</strong></span> <span class='ocrx_word' id='word_1_59' title='bbox 1277 965 1410 1035; x_wconf 79' lang='grc' dir='ltr'>πρὸς</span> <span class='ocrx_word' id='word_1_60' title='bbox 1460 966 1654 1020; x_wconf 74' lang='grc' dir='ltr'>ἕνωσιν</span> <span class='ocrx_word' id='word_1_61' title='bbox 1685 968 1919 1036; x_wconf 81' lang='grc' dir='ltr'>ἄγνοιαι,</span> 
     </span>
    </p>
   </div>
   <div class='ocr_carea' id='block_1_11' title="bbox 361 1053 1923 1130">
    <p class='ocr_par' dir='ltr' id='par_1_11' title="bbox 361 1053 1923 1130">
     <span class='ocr_line' id='line_1_11' title="bbox 361 1053 1923 1130; baseline 0.005 -25"><span class='ocrx_word' id='word_1_62' title='bbox 361 1053 490 1123; x_wconf 87' lang='grc' dir='ltr'>μίαν</span> <span class='ocrx_word' id='word_1_63' title='bbox 520 1054 781 1124; x_wconf 75' lang='grc' dir='ltr'><strong>φρόνησιν</strong></span> <span class='ocrx_word' id='word_1_64' title='bbox 803 1054 1214 1124; x_wconf 72' lang='grc' dir='ltr'><strong>συγκεχυμένην</strong></span> <span class='ocrx_word' id='word_1_65' title='bbox 1235 1055 1579 1112; x_wconf 79' lang='grc' dir='ltr'>ἀποτελοῦσι.</span> <span class='ocrx_word' id='word_1_66' title='bbox 1613 1059 1787 1121; x_wconf 86' lang='grc' dir='ltr'><strong>Μόνος</strong></span> <span class='ocrx_word' id='word_1_67' title='bbox 1816 1059 1923 1130; x_wconf 87' lang='grc' dir='ltr'><strong>γάρ</strong></span> 
     </span>
    </p>
   </div>
   <div class='ocr_carea' id='block_1_12' title="bbox 358 1143 1921 1220">
    <p class='ocr_par' dir='ltr' id='par_1_12' title="bbox 358 1143 1921 1220">
     <span class='ocr_line' id='line_1_12' title="bbox 358 1143 1921 1220; baseline 0.006 -25"><span class='ocrx_word' id='word_1_68' title='bbox 358 1143 562 1206; x_wconf 77' lang='grc' dir='ltr'>ἐκεῖνός</span> <span class='ocrx_word' id='word_1_69' title='bbox 584 1145 734 1197; x_wconf 79' lang='grc' dir='ltr'>ἐστιν</span> <span class='ocrx_word' id='word_1_70' title='bbox 758 1145 1122 1215; x_wconf 81' lang='grc' dir='ltr'>ὑπερήφανος,</span> <span class='ocrx_word' id='word_1_71' title='bbox 1156 1148 1183 1198; x_wconf 93' lang='lat'><strong>6</strong></span> <span class='ocrx_word' id='word_1_72' title='bbox 1217 1146 1309 1200; x_wconf 71' lang='grc' dir='ltr'><strong>καὶ</strong></span> <span class='ocrx_word' id='word_1_73' title='bbox 1348 1148 1443 1217; x_wconf 75' lang='grc' dir='ltr'><strong>τὴν</strong></span> <span class='ocrx_word' id='word_1_74' title='bbox 1470 1148 1619 1203; x_wconf 84' lang='grc' dir='ltr'>θείαν</span> <span class='ocrx_word' id='word_1_75' title='bbox 1652 1149 1921 1220; x_wconf 84' lang='grc' dir='ltr'>βοήθειαν.</span> 
     </span>
    </p>
   </div>
   <div class='ocr_carea' id='block_1_13' title="bbox 358 1234 1925 1308">
    <p class='ocr_par' dir='ltr' id='par_1_13' title="bbox 358 1234 1925 1308">
     <span class='ocr_line' id='line_1_13' title="bbox 358 1234 1925 1308; baseline 0.005 -22"><span class='ocrx_word' id='word_1_76' title='bbox 358 1234 452 1287; x_wconf 75' lang='grc' dir='ltr'><strong>καὶ</strong></span> <span class='ocrx_word' id='word_1_77' title='bbox 499 1235 597 1305; x_wconf 82' lang='grc' dir='ltr'>τὴν</span> <span class='ocrx_word' id='word_1_78' title='bbox 653 1235 1002 1304; x_wconf 80' lang='grc' dir='ltr'><strong>ἀνθρωπίνην</strong></span> <span class='ocrx_word' id='word_1_79' title='bbox 1053 1239 1324 1308; x_wconf 77' lang='grc' dir='ltr'><strong>ἀγνοήσας</strong></span> <span class='ocrx_word' id='word_1_80' title='bbox 1377 1238 1680 1293; x_wconf 88' lang='grc' dir='ltr'>ἀσθένειαν.</span> <span class='ocrx_word' id='word_1_81' title='bbox 1717 1240 1925 1295; x_wconf 83' lang='grc' dir='ltr'><strong>υὺκοῦν</strong></span> 
     </span>
    </p>
   </div>
   <div class='ocr_carea' id='block_1_14' title="bbox 360 1325 1971 1401">
    <p class='ocr_par' dir='ltr' id='par_1_14' title="bbox 360 1325 1971 1401">
     <span class='ocr_line' id='line_1_14' title="bbox 360 1325 1971 1401; baseline 0.004 -24"><span class='ocrx_word' id='word_1_82' title='bbox 360 1325 709 1396; x_wconf 78' lang='grc' dir='ltr'><strong>ὑπερηφανία</strong></span> <span class='ocrx_word' id='word_1_83' title='bbox 746 1328 884 1392; x_wconf 70' lang='grc' dir='ltr'>ἐστὶ,</span> <span class='ocrx_word' id='word_1_84' title='bbox 933 1328 1084 1392; x_wconf 84' lang='grc' dir='ltr'>θείας</span> <span class='ocrx_word' id='word_1_85' title='bbox 1129 1329 1224 1382; x_wconf 77' lang='grc' dir='ltr'><strong>καὶ</strong></span> <span class='ocrx_word' id='word_1_86' title='bbox 1272 1329 1622 1401; x_wconf 84' lang='grc' dir='ltr'>ἀνθρωπίνης</span> <span class='ocrx_word' id='word_1_87' title='bbox 1672 1330 1925 1399; x_wconf 83' lang='grc' dir='ltr'>γνώσεως</span> <span class='ocrx_word' id='word_1_88' title='bbox 1966 1368 1971 1371; x_wconf 30' lang='grc' dir='ltr'><em>Α</em></span> 
     </span>
    </p>
   </div>
   <div class='ocr_carea' id='block_1_15' title="bbox 362 1418 1923 1493">
    <p class='ocr_par' dir='ltr' id='par_1_15' title="bbox 362 1418 1923 1493">
     <span class='ocr_line' id='line_1_15' title="bbox 362 1418 1923 1493; baseline 0.003 -22"><span class='ocrx_word' id='word_1_89' title='bbox 362 1418 637 1489; x_wconf 81' lang='grc' dir='ltr'>στέρησις.</span> <span class='ocrx_word' id='word_1_90' title='bbox 673 1420 750 1489; x_wconf 82' lang='grc' dir='ltr'><strong>Τῇ</strong></span> <span class='ocrx_word' id='word_1_91' title='bbox 811 1420 920 1489; x_wconf 78' lang='grc' dir='ltr'><strong>γὰρ</strong></span> <span class='ocrx_word' id='word_1_92' title='bbox 967 1419 1075 1473; x_wconf 84' lang='grc' dir='ltr'><strong>τῶν</strong></span> <span class='ocrx_word' id='word_1_93' title='bbox 1114 1419 1328 1493; x_wconf 81' lang='grc' dir='ltr'>ἀληθῶν</span> <span class='ocrx_word' id='word_1_94' title='bbox 1376 1421 1563 1493; x_wconf 76' lang='grc' dir='ltr'>ἄκρων</span> <span class='ocrx_word' id='word_1_95' title='bbox 1627 1422 1923 1493; x_wconf 83' lang='grc' dir='ltr'>ἀποφάσει,</span> 
     </span>
    </p>
   </div>
   <div class='ocr_carea' id='block_1_16' title="bbox 363 1507 1431 1583">
    <p class='ocr_par' dir='ltr' id='par_1_16' title="bbox 363 1507 1431 1583">
     <span class='ocr_line' id='line_1_16' title="bbox 363 1507 1431 1583; baseline 0.004 -21"><span class='ocrx_word' id='word_1_96' title='bbox 363 1507 460 1580; x_wconf 85' lang='grc' dir='ltr'><strong>μία</strong></span> <span class='ocrx_word' id='word_1_97' title='bbox 489 1510 583 1563; x_wconf 78' lang='grc' dir='ltr'>καὶ</span> <span class='ocrx_word' id='word_1_98' title='bbox 610 1509 811 1581; x_wconf 79' lang='grc' dir='ltr'>ψευδὴς</span> <span class='ocrx_word' id='word_1_99' title='bbox 841 1512 1075 1583; x_wconf 80' lang='grc' dir='ltr'>ὑπάρχει</span> <span class='ocrx_word' id='word_1_100' title='bbox 1094 1512 1431 1581; x_wconf 84' lang='grc' dir='ltr'>κατάφασις.</span> 
     </span>
    </p>
   </div>
   <div class='ocr_carea' id='block_1_17' title="bbox 430 1596 1927 1673">
    <p class='ocr_par' dir='ltr' id='par_1_17' title="bbox 430 1596 1927 1673">
     <span class='ocr_line' id='line_1_17' title="bbox 430 1596 1927 1673; baseline 0.005 -22"><span class='ocrx_word' id='word_1_101' title='bbox 430 1596 525 1665; x_wconf 81' lang='grc' dir='ltr'>ξε’.</span> <span class='ocrx_word' id='word_1_102' title='bbox 586 1598 650 1652; x_wconf 85' lang='grc' dir='ltr'><strong>Ἦ</strong></span> <span class='ocrx_word' id='word_1_103' title='bbox 699 1599 996 1666; x_wconf 78' lang='grc' dir='ltr'><strong>κενοδοξία,</strong></span> <span class='ocrx_word' id='word_1_104' title='bbox 1053 1601 1258 1657; x_wconf 79' lang='grc' dir='ltr'>σκοποῦ</span> <span class='ocrx_word' id='word_1_105' title='bbox 1314 1603 1412 1673; x_wconf 82' lang='grc' dir='ltr'><strong>μὲν</strong></span> <span class='ocrx_word' id='word_1_106' title='bbox 1459 1603 1554 1657; x_wconf 82' lang='grc' dir='ltr'>τοῦ</span> <span class='ocrx_word' id='word_1_107' title='bbox 1608 1603 1750 1657; x_wconf 86' lang='grc' dir='ltr'>κατὰ</span> <span class='ocrx_word' id='word_1_108' title='bbox 1795 1603 1927 1658; x_wconf 88' lang='grc' dir='ltr'>Θεόν</span> 
     </span>
    </p>
   </div>
   <div class='ocr_carea' id='block_1_18' title="bbox 361 1688 1928 1767">
    <p class='ocr_par' dir='ltr' id='par_1_18' title="bbox 361 1688 1928 1767">
     <span class='ocr_line' id='line_1_18' title="bbox 361 1688 1928 1767; baseline 0.006 -25"><span class='ocrx_word' id='word_1_109' title='bbox 361 1690 508 1742; x_wconf 70' lang='grc' dir='ltr'>ἐστιν</span> <span class='ocrx_word' id='word_1_110' title='bbox 552 1688 847 1754; x_wconf 70' lang='grc' dir='ltr'>ἔκστασιςο</span> <span class='ocrx_word' id='word_1_111' title='bbox 916 1692 1054 1762; x_wconf 81' lang='grc' dir='ltr'>πρὸς</span> <span class='ocrx_word' id='word_1_112' title='bbox 1105 1692 1164 1745; x_wconf 67' lang='grc' dir='ltr'>δὲ</span> <span class='ocrx_word' id='word_1_113' title='bbox 1212 1693 1372 1747; x_wconf 75' lang='grc' dir='ltr'>ἄλλον</span> <span class='ocrx_word' id='word_1_114' title='bbox 1424 1694 1627 1747; x_wconf 79' lang='grc' dir='ltr'>σκοπὸν</span> <span class='ocrx_word' id='word_1_115' title='bbox 1662 1696 1813 1767; x_wconf 84' lang='grc' dir='ltr'>παρὰ</span> <span class='ocrx_word' id='word_1_116' title='bbox 1838 1697 1928 1752; x_wconf 82' lang='grc' dir='ltr'><strong>τὸν</strong></span> 
     </span>
    </p>
   </div>
   <div class='ocr_carea' id='block_1_19' title="bbox 361 1776 1928 1857">
    <p class='ocr_par' dir='ltr' id='par_1_19' title="bbox 361 1776 1928 1857">
     <span class='ocr_line' id='line_1_19' title="bbox 361 1776 1928 1857; baseline 0.005 -25"><span class='ocrx_word' id='word_1_117' title='bbox 361 1776 504 1833; x_wconf 77' lang='grc' dir='ltr'>θεῖον</span> <span class='ocrx_word' id='word_1_118' title='bbox 560 1780 793 1853; x_wconf 84' lang='grc' dir='ltr'>ὑπάρχει</span> <span class='ocrx_word' id='word_1_119' title='bbox 850 1782 1169 1853; x_wconf 78' lang='grc' dir='ltr'>μετάϐασις.</span> <span class='ocrx_word' id='word_1_120' title='bbox 1218 1784 1507 1850; x_wconf 83' lang='grc' dir='ltr'>Κενόδοξος</span> <span class='ocrx_word' id='word_1_121' title='bbox 1553 1785 1661 1857; x_wconf 87' lang='grc' dir='ltr'><strong>γάρ</strong></span> <span class='ocrx_word' id='word_1_122' title='bbox 1698 1788 1868 1852; x_wconf 79' lang='grc' dir='ltr'>ἐστιν,</span> <span class='ocrx_word' id='word_1_123' title='bbox 1899 1788 1928 1840; x_wconf 93' lang='lat'><strong>6</strong></span> 
     </span>
    </p>
   </div>
   <div class='ocr_carea' id='block_1_20' title="bbox 360 1870 1930 1949">
    <p class='ocr_par' dir='ltr' id='par_1_20' title="bbox 360 1870 1930 1949">
     <span class='ocr_line' id='line_1_20' title="bbox 360 1870 1930 1949; baseline 0.005 -26"><span class='ocrx_word' id='word_1_124' title='bbox 360 1870 459 1940; x_wconf 83' lang='grc' dir='ltr'>τῆς</span> <span class='ocrx_word' id='word_1_125' title='bbox 488 1872 715 1938; x_wconf 87' lang='grc' dir='ltr'>οἰκείας,</span> <span class='ocrx_word' id='word_1_126' title='bbox 763 1872 900 1926; x_wconf 81' lang='grc' dir='ltr'><strong>ἀλλά</strong></span> <span class='ocrx_word' id='word_1_127' title='bbox 950 1873 1028 1946; x_wconf 80' lang='grc' dir='ltr'>μὴ</span> <span class='ocrx_word' id='word_1_128' title='bbox 1063 1874 1161 1944; x_wconf 85' lang='grc' dir='ltr'>τῆς</span> <span class='ocrx_word' id='word_1_129' title='bbox 1211 1874 1361 1939; x_wconf 83' lang='grc' dir='ltr'>θείας</span> <span class='ocrx_word' id='word_1_130' title='bbox 1411 1877 1574 1930; x_wconf 74' lang='grc' dir='ltr'>ἕνεκα</span> <span class='ocrx_word' id='word_1_131' title='bbox 1624 1876 1805 1947; x_wconf 78' lang='grc' dir='ltr'>δόξης,</span> <span class='ocrx_word' id='word_1_132' title='bbox 1831 1877 1930 1949; x_wconf 82' lang='grc' dir='ltr'><strong>τὴν</strong></span> 
     </span>
    </p>
   </div>
   <div class='ocr_carea' id='block_1_21' title="bbox 362 1960 1932 2034">
    <p class='ocr_par' dir='ltr' id='par_1_21' title="bbox 362 1960 1932 2034">
     <span class='ocr_line' id='line_1_21' title="bbox 362 1960 1932 2034; baseline 0.006 -21"><span class='ocrx_word' id='word_1_133' title='bbox 362 1960 560 2031; x_wconf 82' lang='grc' dir='ltr'>ἀρετὴν</span> <span class='ocrx_word' id='word_1_134' title='bbox 593 1961 951 2033; x_wconf 78' lang='grc' dir='ltr'><strong>ἐπιτηδεύων,</strong></span> <span class='ocrx_word' id='word_1_135' title='bbox 982 1964 1077 2016; x_wconf 78' lang='grc' dir='ltr'>καὶ</span> <span class='ocrx_word' id='word_1_136' title='bbox 1119 1963 1301 2027; x_wconf 83' lang='grc' dir='ltr'>πόνοις</span> <span class='ocrx_word' id='word_1_137' title='bbox 1343 1965 1564 2030; x_wconf 88' lang='grc' dir='ltr'>οἰκείοις</span> <span class='ocrx_word' id='word_1_138' title='bbox 1598 1967 1726 2031; x_wconf 83' lang='grc' dir='ltr'>τοὺς</span> <span class='ocrx_word' id='word_1_139' title='bbox 1752 1967 1812 2034; x_wconf 79' lang='grc' dir='ltr'><strong>ἐξ</strong></span> <span class='ocrx_word' id='word_1_140' title='bbox 1840 1968 1932 2022; x_wconf 89' lang='grc' dir='ltr'>ἀν-</span> 
     </span>
    </p>
   </div>
   <div class='ocr_carea' id='block_1_22' title="bbox 364 2049 1682 2127">
    <p class='ocr_par' dir='ltr' id='par_1_22' title="bbox 364 2049 1682 2127">
     <span class='ocr_line' id='line_1_22' title="bbox 364 2049 1682 2127; baseline 0.006 -23"><span class='ocrx_word' id='word_1_141' title='bbox 364 2049 596 2123; x_wconf 85' lang='grc' dir='ltr'>θρώπων</span> <span class='ocrx_word' id='word_1_142' title='bbox 625 2052 1032 2117; x_wconf 83' lang='grc' dir='ltr'>ἀνυποστάτους</span> <span class='ocrx_word' id='word_1_143' title='bbox 1059 2053 1319 2118; x_wconf 81' lang='grc' dir='ltr'>ἐπαίνους</span> <span class='ocrx_word' id='word_1_144' title='bbox 1346 2055 1682 2127; x_wconf 86' lang='grc' dir='ltr'>ὠνούμενος.</span> 
     </span>
    </p>
   </div>
   <div class='ocr_carea' id='block_1_23' title="bbox 434 2139 1932 2221">
    <p class='ocr_par' dir='ltr' id='par_1_23' title="bbox 434 2139 1932 2221">
     <span class='ocr_line' id='line_1_23' title="bbox 434 2139 1932 2221; baseline 0 -16"><span class='ocrx_word' id='word_1_145' title='bbox 434 2139 540 2207; x_wconf 78' lang='grc' dir='ltr'><strong>ξςὀ</strong></span> <span class='ocrx_word' id='word_1_146' title='bbox 584 2142 642 2195; x_wconf 84' lang='grc' dir='ltr'>Ὀ</span> <span class='ocrx_word' id='word_1_147' title='bbox 693 2144 1177 2215; x_wconf 84' lang='grc' dir='ltr'>ἁνθρωπάρεσκος,</span> <span class='ocrx_word' id='word_1_148' title='bbox 1232 2146 1409 2217; x_wconf 88' lang='grc' dir='ltr'>μόνων</span> <span class='ocrx_word' id='word_1_149' title='bbox 1447 2149 1794 2221; x_wconf 69' lang='grc' dir='ltr'>ἐπιμελεῖται</span> <span class='ocrx_word' id='word_1_150' title='bbox 1821 2149 1932 2206; x_wconf 82' lang='grc' dir='ltr'>τῶν</span> 
     </span>
    </p>
   </div>
   <div class='ocr_carea' id='block_1_24' title="bbox 364 2233 1927 2311">
    <p class='ocr_par' dir='ltr' id='par_1_24' title="bbox 364 2233 1927 2311">
     <span class='ocr_line' id='line_1_24' title="bbox 364 2233 1927 2311; baseline 0.008 -26"><span class='ocrx_word' id='word_1_151' title='bbox 364 2233 704 2303; x_wconf 81' lang='grc' dir='ltr'>φαινομένων</span> <span class='ocrx_word' id='word_1_152' title='bbox 734 2234 901 2304; x_wconf 77' lang='grc' dir='ltr'>ὴθῶν,</span> <span class='ocrx_word' id='word_1_153' title='bbox 932 2237 1026 2290; x_wconf 78' lang='grc' dir='ltr'>καὶ</span> <span class='ocrx_word' id='word_1_154' title='bbox 1059 2239 1165 2311; x_wconf 82' lang='grc' dir='ltr'>μὴν</span> <span class='ocrx_word' id='word_1_155' title='bbox 1192 2242 1287 2295; x_wconf 77' lang='grc' dir='ltr'>καὶ</span> <span class='ocrx_word' id='word_1_156' title='bbox 1315 2240 1474 2310; x_wconf 80' lang='grc' dir='ltr'>λόγου</span> <span class='ocrx_word' id='word_1_157' title='bbox 1512 2239 1607 2294; x_wconf 81' lang='grc' dir='ltr'>τοῦ</span> <span class='ocrx_word' id='word_1_158' title='bbox 1650 2241 1883 2306; x_wconf 85' lang='grc' dir='ltr'>κόλακος</span> <span class='ocrx_word' id='word_1_159' title='bbox 1911 2257 1927 2273; x_wconf 89' lang='grc'>⁶</span> 
     </span>
    </p>
   </div>
   <div class='ocr_carea' id='block_1_25' title="bbox 367 2318 1933 2400">
    <p class='ocr_par' dir='ltr' id='par_1_25' title="bbox 367 2318 1933 2400">
     <span class='ocr_line' id='line_1_25' title="bbox 367 2318 1933 2400; baseline 0.007 -29"><span class='ocrx_word' id='word_1_160' title='bbox 367 2318 455 2372; x_wconf 78' lang='grc' dir='ltr'><strong>ἵνα</strong></span> <span class='ocrx_word' id='word_1_161' title='bbox 484 2321 599 2383; x_wconf 81' lang='grc' dir='ltr'>τοῖς</span> <span class='ocrx_word' id='word_1_162' title='bbox 632 2321 729 2391; x_wconf 90' lang='grc' dir='ltr'>μὲν</span> <span class='ocrx_word' id='word_1_163' title='bbox 774 2321 871 2393; x_wconf 81' lang='grc' dir='ltr'><strong>τὴν</strong></span> <span class='ocrx_word' id='word_1_164' title='bbox 898 2322 1089 2394; x_wconf 80' lang='grc' dir='ltr'>ὅρασιν</span> <span class='ocrx_word' id='word_1_165' title='bbox 1109 2367 1125 2392; x_wconf 96' lang='grc'><strong>,</strong></span> <span class='ocrx_word' id='word_1_166' title='bbox 1151 2327 1230 2399; x_wconf 86' lang='grc' dir='ltr'><strong>τῷ</strong></span> <span class='ocrx_word' id='word_1_167' title='bbox 1271 2329 1329 2383; x_wconf 86' lang='grc' dir='ltr'>δὲ</span> <span class='ocrx_word' id='word_1_168' title='bbox 1369 2328 1470 2399; x_wconf 82' lang='grc' dir='ltr'>τὴν</span> <span class='ocrx_word' id='word_1_169' title='bbox 1492 2328 1660 2400; x_wconf 79' lang='grc' dir='ltr'>ἀκοὴν</span> <span class='ocrx_word' id='word_1_170' title='bbox 1685 2329 1933 2400; x_wconf 71' lang='grc' dir='ltr'>σφετερίε-</span> 
     </span>
    </p>
   </div>
   <div class='ocr_carea' id='block_1_26' title="bbox 367 2409 1933 2489">
    <p class='ocr_par' dir='ltr' id='par_1_26' title="bbox 367 2409 1933 2489">
     <span class='ocr_line' id='line_1_26' title="bbox 367 2409 1933 2489; baseline 0.007 -28"><span class='ocrx_word' id='word_1_171' title='bbox 367 2409 548 2478; x_wconf 77' lang='grc' dir='ltr'>ζηται,</span> <span class='ocrx_word' id='word_1_172' title='bbox 588 2410 697 2464; x_wconf 84' lang='grc' dir='ltr'><strong>τῶν</strong></span> <span class='ocrx_word' id='word_1_173' title='bbox 731 2411 912 2482; x_wconf 87' lang='grc' dir='ltr'>μόνοις</span> <span class='ocrx_word' id='word_1_174' title='bbox 946 2415 1222 2485; x_wconf 76' lang='grc' dir='ltr'><strong>ἡδομένων</strong></span> <span class='ocrx_word' id='word_1_175' title='bbox 1270 2418 1303 2489; x_wconf 76' lang='grc' dir='ltr'>ἢ</span> <span class='ocrx_word' id='word_1_176' title='bbox 1353 2418 1451 2471; x_wconf 71' lang='grc' dir='ltr'><strong>καὶ</strong></span> <span class='ocrx_word' id='word_1_177' title='bbox 1482 2418 1933 2489; x_wconf 80' lang='grc' dir='ltr'>καταπληττομέ-</span> 
     </span>
    </p>
   </div>
   <div class='ocr_carea' id='block_1_27' title="bbox 366 2503 1935 2582">
    <p class='ocr_par' dir='ltr' id='par_1_27' title="bbox 366 2503 1935 2582">
     <span class='ocr_line' id='line_1_27' title="bbox 366 2503 1935 2582; baseline 0.006 -29"><span class='ocrx_word' id='word_1_178' title='bbox 366 2516 473 2554; x_wconf 85' lang='grc' dir='ltr'>νων</span> <span class='ocrx_word' id='word_1_179' title='bbox 518 2503 630 2566; x_wconf 81' lang='grc' dir='ltr'>τοῖς</span> <span class='ocrx_word' id='word_1_180' title='bbox 662 2504 1008 2573; x_wconf 83' lang='grc' dir='ltr'>φαινομένοις</span> <span class='ocrx_word' id='word_1_181' title='bbox 1044 2523 1103 2560; x_wconf 91' lang='grc' dir='ltr'><strong>τε</strong></span> <span class='ocrx_word' id='word_1_182' title='bbox 1138 2508 1232 2560; x_wconf 63' lang='grc' dir='ltr'><strong>καί¹</strong></span> <span class='ocrx_word' id='word_1_183' title='bbox 1260 2509 1635 2579; x_wconf 82' lang='grc' dir='ltr'>ἀκουομένοις,</span> <span class='ocrx_word' id='word_1_184' title='bbox 1665 2509 1759 2561; x_wconf 81' lang='grc' dir='ltr'><strong>καὶ</strong></span> <span class='ocrx_word' id='word_1_185' title='bbox 1796 2510 1935 2582; x_wconf 82' lang='grc' dir='ltr'>μόνῃ</span> 
     </span>
    </p>
   </div>
   <div class='ocr_carea' id='block_1_28' title="bbox 367 2590 1937 2668">
    <p class='ocr_par' dir='ltr' id='par_1_28' title="bbox 367 2590 1937 2668">
     <span class='ocr_line' id='line_1_28' title="bbox 367 2590 1937 2668; baseline 0.006 -26"><span class='ocrx_word' id='word_1_186' title='bbox 367 2592 433 2660; x_wconf 78' lang='grc' dir='ltr'><strong>τῇ</strong></span> <span class='ocrx_word' id='word_1_187' title='bbox 465 2590 718 2661; x_wconf 80' lang='grc' dir='ltr'>αἰσθήσει</span> <span class='ocrx_word' id='word_1_188' title='bbox 750 2594 1202 2664; x_wconf 86' lang='grc' dir='ltr'>περιγραφόντων</span> <span class='ocrx_word' id='word_1_189' title='bbox 1227 2596 1325 2666; x_wconf 79' lang='grc' dir='ltr'>τὴν</span> <span class='ocrx_word' id='word_1_190' title='bbox 1384 2597 1611 2666; x_wconf 86' lang='grc' dir='ltr'>ἀρετήν.</span> <span class='ocrx_word' id='word_1_191' title='bbox 1656 2596 1937 2668; x_wconf 86' lang='grc' dir='ltr'>Ἀνθρωπ-</span> 
     </span>
    </p>
   </div>
   <div class='ocr_carea' id='block_1_29' title="bbox 367 2679 1938 2759">
    <p class='ocr_par' dir='ltr' id='par_1_29' title="bbox 367 2679 1938 2759">
     <span class='ocr_line' id='line_1_29' title="bbox 367 2679 1938 2759; baseline 0.006 -25"><span class='ocrx_word' id='word_1_192' title='bbox 367 2682 660 2753; x_wconf 78' lang='grc' dir='ltr'>αρέσκειαν</span> <span class='ocrx_word' id='word_1_193' title='bbox 688 2679 780 2737; x_wconf 74' lang='grc' dir='ltr'><strong>οὖν</strong></span> <span class='ocrx_word' id='word_1_194' title='bbox 816 2702 1016 2754; x_wconf 82' lang='grc' dir='ltr'>φαμεν,</span> <span class='ocrx_word' id='word_1_195' title='bbox 1065 2686 1164 2756; x_wconf 83' lang='grc' dir='ltr'>τὴν</span> <span class='ocrx_word' id='word_1_196' title='bbox 1206 2685 1281 2750; x_wconf 83' lang='grc' dir='ltr'><strong>ὡς</strong></span> <span class='ocrx_word' id='word_1_197' title='bbox 1309 2687 1396 2740; x_wconf 78' lang='grc' dir='ltr'><strong>ἐπ’</strong></span> <span class='ocrx_word' id='word_1_198' title='bbox 1421 2689 1589 2757; x_wconf 86' lang='grc' dir='ltr'>ἀρετῇ</span> <span class='ocrx_word' id='word_1_199' title='bbox 1622 2686 1689 2743; x_wconf 89' lang='grc' dir='ltr'><strong>δι’</strong></span> <span class='ocrx_word' id='word_1_200' title='bbox 1728 2686 1938 2759; x_wconf 82' lang='grc' dir='ltr'>ἀνθρώ-</span> 
     </span>
    </p>
   </div>
   <div class='ocr_carea' id='block_1_30' title="bbox 369 2773 1734 2845">
    <p class='ocr_par' dir='ltr' id='par_1_30' title="bbox 369 2773 1734 2845">
     <span class='ocr_line' id='line_1_30' title="bbox 369 2773 1734 2845; baseline 0.004 -22"><span class='ocrx_word' id='word_1_201' title='bbox 369 2787 505 2835; x_wconf 90' lang='grc' dir='ltr'>πους</span> <span class='ocrx_word' id='word_1_202' title='bbox 536 2773 830 2845; x_wconf 82' lang='grc' dir='ltr'>γινομένην</span> <span class='ocrx_word' id='word_1_203' title='bbox 860 2774 968 2828; x_wconf 84' lang='grc' dir='ltr'>τῶν</span> <span class='ocrx_word' id='word_1_204' title='bbox 991 2776 1137 2845; x_wconf 69' lang='grc' dir='ltr'><strong>ᾑθῶν</strong></span> <span class='ocrx_word' id='word_1_205' title='bbox 1160 2794 1219 2829; x_wconf 85' lang='grc' dir='ltr'><strong>τε</strong></span> <span class='ocrx_word' id='word_1_206' title='bbox 1251 2776 1424 2845; x_wconf 90' lang='grc' dir='ltr'>λόγων</span> <span class='ocrx_word' id='word_1_207' title='bbox 1451 2775 1734 2842; x_wconf 78' lang='grc' dir='ltr'>ἐπίδειξιν.</span> 
     </span>
    </p>
   </div>
   <div class='ocr_carea' id='block_1_31' title="bbox 472 3031 1939 3109">
    <p class='ocr_par' dir='ltr' id='par_1_31' title="bbox 472 3031 1939 3109">
     <span class='ocr_line' id='line_1_31' title="bbox 472 3031 1939 3109; baseline -0.021 -1"><span class='ocrx_word' id='word_1_208' title='bbox 472 3031 539 3107; x_wconf 65' lang='grc' dir='ltr'><strong>ζ’·</strong></span> <span class='ocrx_word' id='word_1_209' title='bbox 577 3031 898 3104; x_wconf 75' lang='grc' dir='ltr'>Ύπάκρισίς</span> <span class='ocrx_word' id='word_1_210' title='bbox 944 3036 1083 3098; x_wconf 77' lang='grc' dir='ltr'>ἐστι,</span> <span class='ocrx_word' id='word_1_211' title='bbox 1133 3034 1317 3104; x_wconf 80' lang='grc' dir='ltr'>φιλίας</span> <span class='ocrx_word' id='word_1_212' title='bbox 1348 3035 1711 3108; x_wconf 80' lang='grc' dir='ltr'>προσποίησις</span> <span class='ocrx_word' id='word_1_213' title='bbox 1734 3052 1750 3068; x_wconf 78' lang='grc' dir='ltr'><strong><em>ο</em></strong></span> <span class='ocrx_word' id='word_1_214' title='bbox 1782 3034 1817 3109; x_wconf 74' lang='grc' dir='ltr'><strong>ἢ</strong></span> <span class='ocrx_word' id='word_1_215' title='bbox 1847 3038 1939 3107; x_wconf 78' lang='grc' dir='ltr'>μῖ-</span> 
     </span>
    </p>
   </div>
   <div class='ocr_carea' id='block_1_32' title="bbox 375 3123 1939 3198">
    <p class='ocr_par' dir='ltr' id='par_1_32' title="bbox 375 3123 1939 3198">
     <span class='ocr_line' id='line_1_32' title="bbox 375 3123 1939 3198; baseline 0.002 -21"><span class='ocrx_word' id='word_1_216' title='bbox 375 3139 484 3188; x_wconf 88' lang='grc' dir='ltr'>σος,</span> <span class='ocrx_word' id='word_1_217' title='bbox 541 3123 784 3193; x_wconf 86' lang='grc' dir='ltr'>σχήματι</span> <span class='ocrx_word' id='word_1_218' title='bbox 837 3125 1023 3192; x_wconf 86' lang='grc' dir='ltr'>φιλίας</span> <span class='ocrx_word' id='word_1_219' title='bbox 1077 3124 1600 3197; x_wconf 78' lang='grc' dir='ltr'>κεκαλυμμένονοῆ</span> <span class='ocrx_word' id='word_1_220' title='bbox 1648 3126 1839 3198; x_wconf 81' lang='grc' dir='ltr'>ἔχθρα,</span> <span class='ocrx_word' id='word_1_221' title='bbox 1870 3126 1939 3180; x_wconf 87' lang='grc' dir='ltr'><strong>δι’</strong></span> 
     </span>
    </p>
   </div>
   <div class='ocr_carea' id='block_1_33' title="bbox 371 3213 1939 3291">
    <p class='ocr_par' dir='ltr' id='par_1_33' title="bbox 371 3213 1939 3291">
     <span class='ocr_line' id='line_1_33' title="bbox 371 3213 1939 3291; baseline 0.003 -24"><span class='ocrx_word' id='word_1_222' title='bbox 371 3213 584 3279; x_wconf 79' lang='grc' dir='ltr'>εὐνοίας</span> <span class='ocrx_word' id='word_1_223' title='bbox 612 3215 987 3286; x_wconf 80' lang='grc' dir='ltr'>ἐνεργουμένη</span> <span class='ocrx_word' id='word_1_224' title='bbox 1010 3233 1025 3250; x_wconf 81' lang='grc' dir='ltr'><strong><em>ο</em></strong></span> <span class='ocrx_word' id='word_1_225' title='bbox 1057 3217 1089 3287; x_wconf 79' lang='grc' dir='ltr'>ἤ</span> <span class='ocrx_word' id='word_1_226' title='bbox 1118 3216 1332 3285; x_wconf 78' lang='grc' dir='ltr'>φθόνος,</span> <span class='ocrx_word' id='word_1_227' title='bbox 1362 3217 1583 3288; x_wconf 84' lang='grc' dir='ltr'>ἀγάπης</span> <span class='ocrx_word' id='word_1_228' title='bbox 1610 3216 1939 3291; x_wconf 82' lang='grc' dir='ltr'>χαρακτῆρα</span> 
     </span>
    </p>
   </div>
   <div class='ocr_carea' id='block_1_34' title="bbox 375 3304 1938 3379">
    <p class='ocr_par' dir='ltr' id='par_1_34' title="bbox 375 3304 1938 3379">
     <span class='ocr_line' id='line_1_34' title="bbox 375 3304 1938 3379; baseline 0.003 -21"><span class='ocrx_word' id='word_1_229' title='bbox 375 3304 749 3376; x_wconf 86' lang='grc' dir='ltr'>μιμούμενος·</span> <span class='ocrx_word' id='word_1_230' title='bbox 804 3305 836 3377; x_wconf 84' lang='grc' dir='ltr'>ἢ</span> <span class='ocrx_word' id='word_1_231' title='bbox 894 3306 1032 3376; x_wconf 87' lang='grc' dir='ltr'>βίος,</span> <span class='ocrx_word' id='word_1_232' title='bbox 1088 3307 1290 3378; x_wconf 82' lang='grc' dir='ltr'>ἀρετῆς</span> <span class='ocrx_word' id='word_1_233' title='bbox 1350 3308 1654 3379; x_wconf 82' lang='grc' dir='ltr'>πλάσματι,</span> <span class='ocrx_word' id='word_1_234' title='bbox 1708 3309 1824 3363; x_wconf 83' lang='grc' dir='ltr'>ἀλλ’</span> <span class='ocrx_word' id='word_1_235' title='bbox 1875 3309 1938 3362; x_wconf 89' lang='grc' dir='ltr'><strong>οὑ</strong></span> 
     </span>
    </p>
   </div>
   <div class='ocr_carea' id='block_1_35' title="bbox 376 3396 1942 3470">
    <p class='ocr_par' dir='ltr' id='par_1_35' title="bbox 376 3396 1942 3470">
     <span class='ocr_line' id='line_1_35' title="bbox 376 3396 1942 3470; baseline 0.001 -20"><span class='ocrx_word' id='word_1_236' title='bbox 376 3397 658 3467; x_wconf 81' lang='grc' dir='ltr'>πράγματι</span> <span class='ocrx_word' id='word_1_237' title='bbox 682 3397 745 3450; x_wconf 82' lang='grc' dir='ltr'>τὸ</span> <span class='ocrx_word' id='word_1_238' title='bbox 777 3397 1004 3464; x_wconf 87' lang='grc' dir='ltr'>κόσμιον</span> <span class='ocrx_word' id='word_1_239' title='bbox 1032 3396 1192 3465; x_wconf 70' lang='grc' dir='ltr'>ἔχων·</span> <span class='ocrx_word' id='word_1_240' title='bbox 1213 3398 1253 3469; x_wconf 72' lang='grc' dir='ltr'>ἢ</span> <span class='ocrx_word' id='word_1_241' title='bbox 1270 3397 1620 3468; x_wconf 74' lang='grc' dir='ltr'>δικαιοσύνης</span> <span class='ocrx_word' id='word_1_242' title='bbox 1646 3400 1942 3470; x_wconf 72' lang='grc' dir='ltr'>προσποίησ-</span> 
     </span>
    </p>
   </div>
   <div class='ocr_carea' id='block_1_36' title="bbox 387 3482 1939 3560">
    <p class='ocr_par' dir='ltr' id='par_1_36' title="bbox 387 3482 1939 3560">
     <span class='ocr_line' id='line_1_36' title="bbox 387 3482 1939 3560; baseline 0.002 -20"><span class='ocrx_word' id='word_1_243' title='bbox 387 3502 493 3551; x_wconf 82' lang='grc' dir='ltr'>σις,</span> <span class='ocrx_word' id='word_1_244' title='bbox 542 3489 609 3557; x_wconf 76' lang='grc' dir='ltr'>τῇ</span> <span class='ocrx_word' id='word_1_245' title='bbox 643 3486 737 3540; x_wconf 79' lang='grc' dir='ltr'>τοῦ</span> <span class='ocrx_word' id='word_1_246' title='bbox 768 3482 904 3540; x_wconf 74' lang='grc' dir='ltr'>εἶναι</span> <span class='ocrx_word' id='word_1_247' title='bbox 934 3485 1153 3557; x_wconf 85' lang='grc' dir='ltr'>δοκήσει</span> <span class='ocrx_word' id='word_1_248' title='bbox 1181 3489 1589 3559; x_wconf 83' lang='grc' dir='ltr'>συντηρουμένη</span> <span class='ocrx_word' id='word_1_249' title='bbox 1617 3504 1631 3518; x_wconf 92' lang='grc'><strong>·</strong></span> <span class='ocrx_word' id='word_1_250' title='bbox 1665 3489 1699 3559; x_wconf 80' lang='grc' dir='ltr'>ἢ</span> <span class='ocrx_word' id='word_1_251' title='bbox 1732 3490 1939 3560; x_wconf 86' lang='grc' dir='ltr'>ἀπάτη,</span> 
     </span>
    </p>
   </div>
   <div class='ocr_carea' id='block_1_37' title="bbox 374 3574 1942 3649">
    <p class='ocr_par' dir='ltr' id='par_1_37' title="bbox 374 3574 1942 3649">
     <span class='ocr_line' id='line_1_37' title="bbox 374 3574 1942 3649; baseline 0 -18"><span class='ocrx_word' id='word_1_252' title='bbox 374 3575 631 3648; x_wconf 75' lang='grc' dir='ltr'>ἀληθείας</span> <span class='ocrx_word' id='word_1_253' title='bbox 669 3574 873 3644; x_wconf 75' lang='grc' dir='ltr'>ἔχουσα</span> <span class='ocrx_word' id='word_1_254' title='bbox 923 3575 1206 3646; x_wconf 82' lang='grc' dir='ltr'>μόρφωσιν</span> <span class='ocrx_word' id='word_1_255' title='bbox 1226 3593 1240 3606; x_wconf 75' lang='grc' dir='ltr'><strong>ο</strong></span> <span class='ocrx_word' id='word_1_256' title='bbox 1279 3577 1344 3647; x_wconf 82' lang='grc' dir='ltr'><strong>ἥν</strong></span> <span class='ocrx_word' id='word_1_257' title='bbox 1374 3578 1422 3630; x_wconf 91' lang='grc' dir='ltr'><strong>οί</strong></span> <span class='ocrx_word' id='word_1_258' title='bbox 1449 3577 1539 3629; x_wconf 77' lang='grc' dir='ltr'>τὸν</span> <span class='ocrx_word' id='word_1_259' title='bbox 1572 3579 1694 3647; x_wconf 74' lang='grc' dir='ltr'>ὄφιν</span> <span class='ocrx_word' id='word_1_260' title='bbox 1726 3580 1794 3649; x_wconf 80' lang='grc' dir='ltr'>τῇ</span> <span class='ocrx_word' id='word_1_261' title='bbox 1830 3578 1942 3632; x_wconf 82' lang='grc' dir='ltr'><strong>τῶν</strong></span> 
     </span>
    </p>
   </div>
   <div class='ocr_carea' id='block_1_38' title="bbox 374 3665 1727 3737">
    <p class='ocr_par' dir='ltr' id='par_1_38' title="bbox 374 3665 1727 3737">
     <span class='ocr_line' id='line_1_38' title="bbox 374 3665 1727 3737; baseline 0 -17"><span class='ocrx_word' id='word_1_262' title='bbox 374 3666 520 3737; x_wconf 78' lang='grc' dir='ltr'><strong>ὴθῶν</strong></span> <span class='ocrx_word' id='word_1_263' title='bbox 550 3665 858 3737; x_wconf 82' lang='grc' dir='ltr'>σκολιότητι</span> <span class='ocrx_word' id='word_1_264' title='bbox 899 3666 1253 3736; x_wconf 83' lang='grc' dir='ltr'>μιμούμενοι,</span> <span class='ocrx_word' id='word_1_265' title='bbox 1289 3667 1727 3736; x_wconf 80' lang='grc' dir='ltr'>ἐπιτηδεύουσιν.</span> 
     </span>
    </p>
   </div>
   <div class='ocr_carea' id='block_1_39' title="bbox 444 3839 1943 3916">
    <p class='ocr_par' dir='ltr' id='par_1_39' title="bbox 444 3839 1943 3916">
     <span class='ocr_line' id='line_1_39' title="bbox 444 3839 1943 3916; baseline 0 -17"><span class='ocrx_word' id='word_1_266' title='bbox 444 3843 546 3916; x_wconf 81' lang='grc' dir='ltr'>ξη¹.</span> <span class='ocrx_word' id='word_1_267' title='bbox 588 3844 652 3898; x_wconf 81' lang='grc' dir='ltr'><strong><em>Ἦ</em></strong></span> <span class='ocrx_word' id='word_1_268' title='bbox 685 3843 793 3898; x_wconf 84' lang='grc' dir='ltr'>τῶν</span> <span class='ocrx_word' id='word_1_269' title='bbox 824 3844 991 3897; x_wconf 74' lang='grc' dir='ltr'>ὄντων</span> <span class='ocrx_word' id='word_1_270' title='bbox 1045 3843 1212 3908; x_wconf 89' lang='grc' dir='ltr'>αἰτία,</span> <span class='ocrx_word' id='word_1_271' title='bbox 1264 3843 1360 3897; x_wconf 72' lang='grc' dir='ltr'>καὶ</span> <span class='ocrx_word' id='word_1_272' title='bbox 1388 3842 1496 3897; x_wconf 83' lang='grc' dir='ltr'>τῶν</span> <span class='ocrx_word' id='word_1_273' title='bbox 1545 3845 1602 3899; x_wconf 84' lang='grc' dir='ltr'><strong>ὲν</strong></span> <span class='ocrx_word' id='word_1_274' title='bbox 1647 3846 1759 3907; x_wconf 81' lang='grc' dir='ltr'>τοῖς</span> <span class='ocrx_word' id='word_1_275' title='bbox 1791 3839 1943 3899; x_wconf 85' lang='grc' dir='ltr'>οὖσιν</span> 
     </span>
    </p>
   </div>
   <div class='ocr_carea' id='block_1_40' title="bbox 376 3933 1933 4007">
    <p class='ocr_par' dir='ltr' id='par_1_40' title="bbox 376 3933 1933 4007">
     <span class='ocr_line' id='line_1_40' title="bbox 376 3933 1933 4007; baseline -0.004 -17"><span class='ocrx_word' id='word_1_276' title='bbox 376 3936 616 4004; x_wconf 83' lang='grc' dir='ltr'>ἀγαθῶν,</span> <span class='ocrx_word' id='word_1_277' title='bbox 650 3936 798 3989; x_wconf 74' lang='grc' dir='ltr'>ἐστὶν</span> <span class='ocrx_word' id='word_1_278' title='bbox 836 3937 865 3988; x_wconf 91' lang='lat'><strong>6</strong></span> <span class='ocrx_word' id='word_1_279' title='bbox 893 3934 1047 3999; x_wconf 87' lang='grc' dir='ltr'>Θεός.</span> <span class='ocrx_word' id='word_1_280' title='bbox 1087 3934 1146 3988; x_wconf 84' lang='lat'><strong>&#39;0</strong></span> <span class='ocrx_word' id='word_1_281' title='bbox 1174 3933 1357 3989; x_wconf 87' lang='grc' dir='ltr'>τοίνυν</span> <span class='ocrx_word' id='word_1_282' title='bbox 1388 3935 1518 4005; x_wconf 79' lang='grc' dir='ltr'>περὶ</span> <span class='ocrx_word' id='word_1_283' title='bbox 1543 3935 1644 4006; x_wconf 85' lang='grc' dir='ltr'><strong>τὴν</strong></span> <span class='ocrx_word' id='word_1_284' title='bbox 1668 3936 1871 4007; x_wconf 80' lang='grc' dir='ltr'>ἀρετὴν</span> <span class='ocrx_word' id='word_1_285' title='bbox 1899 3936 1933 4005; x_wconf 79' lang='grc' dir='ltr'>ἢ</span> 
     </span>
    </p>
   </div>
   <div class='ocr_carea' id='block_1_41' title="bbox 377 4020 1944 4095">
    <p class='ocr_par' dir='ltr' id='par_1_41' title="bbox 377 4020 1944 4095">
     <span class='ocr_line' id='line_1_41' title="bbox 377 4020 1944 4095; baseline -0.001 -19"><span class='ocrx_word' id='word_1_286' title='bbox 377 4023 473 4095; x_wconf 85' lang='grc' dir='ltr'><strong>τὴν</strong></span> <span class='ocrx_word' id='word_1_287' title='bbox 500 4025 699 4093; x_wconf 86' lang='grc' dir='ltr'>γνῶσιν</span> <span class='ocrx_word' id='word_1_288' title='bbox 724 4022 1107 4093; x_wconf 75' lang='grc' dir='ltr'>ἐπαιρόμενος,</span> <span class='ocrx_word' id='word_1_289' title='bbox 1143 4022 1238 4075; x_wconf 78' lang='grc' dir='ltr'>καὶ</span> <span class='ocrx_word' id='word_1_290' title='bbox 1269 4021 1343 4093; x_wconf 81' lang='grc' dir='ltr'>μὴ</span> <span class='ocrx_word' id='word_1_291' title='bbox 1379 4020 1457 4092; x_wconf 82' lang='grc' dir='ltr'>τῷ</span> <span class='ocrx_word' id='word_1_292' title='bbox 1506 4023 1690 4092; x_wconf 82' lang='grc' dir='ltr'>μέτρῳ</span> <span class='ocrx_word' id='word_1_293' title='bbox 1738 4022 1837 4093; x_wconf 82' lang='grc' dir='ltr'>τῆς</span> <span class='ocrx_word' id='word_1_294' title='bbox 1884 4022 1944 4076; x_wconf 72' lang='grc' dir='ltr'><strong>ἓν</strong></span> 
     </span>
    </p>
   </div>
   <div class='ocr_carea' id='block_1_42' title="bbox 379 4106 1944 4185">
    <p class='ocr_par' dir='ltr' id='par_1_42' title="bbox 379 4106 1944 4185">
     <span class='ocr_line' id='line_1_42' title="bbox 379 4106 1944 4185; baseline 0 -20"><span class='ocrx_word' id='word_1_295' title='bbox 379 4113 563 4185; x_wconf 83' lang='grc' dir='ltr'>χάριτι</span> <span class='ocrx_word' id='word_1_296' title='bbox 609 4113 810 4184; x_wconf 82' lang='grc' dir='ltr'>ἀρετῆς</span> <span class='ocrx_word' id='word_1_297' title='bbox 863 4106 982 4182; x_wconf 74' lang='grc' dir='ltr'>ἦτοι</span> <span class='ocrx_word' id='word_1_298' title='bbox 1032 4111 1337 4181; x_wconf 83' lang='grc' dir='ltr'>προκοπῆς,</span> <span class='ocrx_word' id='word_1_299' title='bbox 1391 4109 1818 4163; x_wconf 88' lang='grc' dir='ltr'>συνεπεκτείνων</span> <span class='ocrx_word' id='word_1_300' title='bbox 1843 4108 1944 4179; x_wconf 84' lang='grc' dir='ltr'>τῆς</span> 
     </span>
    </p>
   </div>
   <div class='ocr_carea' id='block_1_43' title="bbox 377 4199 1941 4271">
    <p class='ocr_par' dir='ltr' id='par_1_43' title="bbox 377 4199 1941 4271">
     <span class='ocr_line' id='line_1_43' title="bbox 377 4199 1941 4271; baseline -0.004 -14"><span class='ocrx_word' id='word_1_301' title='bbox 377 4203 579 4265; x_wconf 83' lang='grc' dir='ltr'>οἰκείας</span> <span class='ocrx_word' id='word_1_302' title='bbox 607 4202 887 4265; x_wconf 85' lang='grc' dir='ltr'>ἀσθενείας</span> <span class='ocrx_word' id='word_1_303' title='bbox 913 4203 1012 4271; x_wconf 84' lang='grc' dir='ltr'>τὴν</span> <span class='ocrx_word' id='word_1_304' title='bbox 1046 4200 1520 4271; x_wconf 82' lang='grc' dir='ltr'>ὲπιγνωμοσύνην,</span> <span class='ocrx_word' id='word_1_305' title='bbox 1552 4199 1613 4252; x_wconf 82' lang='grc' dir='ltr'>τὸ</span> <span class='ocrx_word' id='word_1_306' title='bbox 1641 4200 1740 4270; x_wconf 76' lang='grc' dir='ltr'>τῆς</span> <span class='ocrx_word' id='word_1_307' title='bbox 1770 4201 1941 4268; x_wconf 83' lang='grc' dir='ltr'>ὑπερ-</span> 
     </span>
    </p>
   </div>
   <div class='ocr_carea' id='block_1_44' title="bbox 379 4291 1947 4367">
    <p class='ocr_par' dir='ltr' id='par_1_44' title="bbox 379 4291 1947 4367">
     <span class='ocr_line' id='line_1_44' title="bbox 379 4291 1947 4367; baseline -0.001 -19"><span class='ocrx_word' id='word_1_308' title='bbox 379 4295 614 4367; x_wconf 74' lang='grc' dir='ltr'>ηφανίας</span> <span class='ocrx_word' id='word_1_309' title='bbox 640 4294 808 4348; x_wconf 81' lang='grc' dir='ltr'>κακὸν</span> <span class='ocrx_word' id='word_1_310' title='bbox 841 4294 902 4346; x_wconf 91' lang='grc' dir='ltr'><strong>οὑ</strong></span> <span class='ocrx_word' id='word_1_311' title='bbox 930 4293 1205 4361; x_wconf 89' lang='grc' dir='ltr'>διέφυγεν.</span> <span class='ocrx_word' id='word_1_312' title='bbox 1241 4291 1300 4346; x_wconf 87' lang='lat'><strong>&#39;0</strong></span> <span class='ocrx_word' id='word_1_313' title='bbox 1327 4293 1385 4345; x_wconf 85' lang='grc' dir='ltr'>δὲ</span> <span class='ocrx_word' id='word_1_314' title='bbox 1411 4292 1568 4363; x_wconf 83' lang='grc' dir='ltr'>δόξης</span> <span class='ocrx_word' id='word_1_315' title='bbox 1594 4291 1779 4348; x_wconf 73' lang='grc' dir='ltr'>ἕνεκεν</span> <span class='ocrx_word' id='word_1_316' title='bbox 1811 4291 1947 4355; x_wconf 83' lang='grc' dir='ltr'>ἰδίας</span> 
     </span>
    </p>
   </div>
   <div class='ocr_carea' id='block_1_45' title="bbox 360 4385 1946 4457">
    <p class='ocr_par' dir='ltr' id='par_1_45' title="bbox 360 4385 1946 4457">
     <span class='ocr_line' id='line_1_45' title="bbox 360 4385 1946 4457; baseline -0.003 -17"><span class='ocrx_word' id='word_1_317' title='bbox 360 4386 440 4440; x_wconf 81' lang='grc' dir='ltr'>-τδ</span> <span class='ocrx_word' id='word_1_318' title='bbox 468 4386 630 4441; x_wconf 76' lang='grc' dir='ltr'>καλὸν</span> <span class='ocrx_word' id='word_1_319' title='bbox 658 4385 1011 4457; x_wconf 72' lang='grc' dir='ltr'>ἐπιτηδεύων,</span> <span class='ocrx_word' id='word_1_320' title='bbox 1043 4385 1358 4439; x_wconf 74' lang='grc' dir='ltr'>ἐαυτὸψτοῦ</span> <span class='ocrx_word' id='word_1_321' title='bbox 1381 4385 1517 4437; x_wconf 83' lang='grc' dir='ltr'>Θεοῦ</span> <span class='ocrx_word' id='word_1_322' title='bbox 1557 4385 1946 4455; x_wconf 85' lang='grc' dir='ltr'>προτετίμηκε,</span> 
     </span>
    </p>
   </div>
   <div class='ocr_carea' id='block_1_46' title="bbox 2023 593 3586 667">
    <p class='ocr_par' dir='ltr' id='par_1_46' title="bbox 2023 593 3586 667">
     <span class='ocr_line' id='line_1_46' title="bbox 2023 593 3586 667; baseline 0.004 -19"><span class='ocrx_word' id='word_1_323' title='bbox 2023 596 2116 665; x_wconf 85' lang='lat' dir='ltr'><strong>qui</strong></span> <span class='ocrx_word' id='word_1_324' title='bbox 2151 595 2495 651; x_wconf 84' lang='lat' dir='ltr'><strong>examinatur</strong></span> <span class='ocrx_word' id='word_1_325' title='bbox 2521 596 2591 650; x_wconf 89' lang='lat' dir='ltr'><strong>ob</strong></span> <span class='ocrx_word' id='word_1_326' title='bbox 2620 603 2832 664; x_wconf 87' lang='lat' dir='ltr'><strong>patrata</strong></span> <span class='ocrx_word' id='word_1_327' title='bbox 2866 593 3131 661; x_wconf 88' lang='lat' dir='ltr'><strong>crimina;</strong></span> <span class='ocrx_word' id='word_1_328' title='bbox 3157 606 3394 665; x_wconf 72' lang='lat' dir='ltr'><strong>Quorum</strong></span> <span class='ocrx_word' id='word_1_329' title='bbox 3422 600 3586 667; x_wconf 85' lang='lat' dir='ltr'><strong>alter,</strong></span> 
     </span>
    </p>
   </div>
   <div class='ocr_carea' id='block_1_47' title="bbox 2024 686 3586 757">
    <p class='ocr_par' dir='ltr' id='par_1_47' title="bbox 2024 686 3586 757">
     <span class='ocr_line' id='line_1_47' title="bbox 2024 686 3586 757; baseline 0.004 -16"><span class='ocrx_word' id='word_1_330' title='bbox 2024 686 2263 755; x_wconf 83' lang='lat' dir='ltr'><strong>acceptis</strong></span> <span class='ocrx_word' id='word_1_331' title='bbox 2309 687 2474 741; x_wconf 85' lang='lat' dir='ltr'><strong>bonis</strong></span> <span class='ocrx_word' id='word_1_332' title='bbox 2512 686 2798 756; x_wconf 85' lang='lat' dir='ltr'><strong>indignum</strong></span> <span class='ocrx_word' id='word_1_333' title='bbox 2855 701 2914 740; x_wconf 90' lang='lat' dir='ltr'><strong>se</strong></span> <span class='ocrx_word' id='word_1_334' title='bbox 2962 686 3205 756; x_wconf 77' lang='lat' dir='ltr'><strong>iudicet;</strong></span> <span class='ocrx_word' id='word_1_335' title='bbox 3252 689 3391 746; x_wconf 90' lang='lat' dir='ltr'><strong>alter</strong></span> <span class='ocrx_word' id='word_1_336' title='bbox 3432 707 3586 757; x_wconf 83' lang='lat' dir='ltr'><strong>vero,</strong></span> 
     </span>
    </p>
   </div>
   <div class='ocr_carea' id='block_1_48' title="bbox 2028 776 3136 848">
    <p class='ocr_par' dir='ltr' id='par_1_48' title="bbox 2028 776 3136 848">
     <span class='ocr_line' id='line_1_48' title="bbox 2028 776 3136 848; baseline 0 -15"><span class='ocrx_word' id='word_1_337' title='bbox 2028 779 2239 833; x_wconf 82' lang='lat' dir='ltr'><strong>veniam</strong></span> <span class='ocrx_word' id='word_1_338' title='bbox 2269 778 2597 833; x_wconf 75' lang='lat' dir='ltr'><strong>delictorum</strong></span> <span class='ocrx_word' id='word_1_339' title='bbox 2629 778 2879 847; x_wconf 90' lang='lat' dir='ltr'><strong>accipere</strong></span> <span class='ocrx_word' id='word_1_340' title='bbox 2910 776 3136 848; x_wconf 83' lang='lat' dir='ltr'><strong>ﬂagitet.</strong></span> 
     </span>
    </p>
   </div>
   <div class='ocr_carea' id='block_1_49' title="bbox 2096 867 3591 945">
    <p class='ocr_par' dir='ltr' id='par_1_49' title="bbox 2096 867 3591 945">
     <span class='ocr_line' id='line_1_49' title="bbox 2096 867 3591 945; baseline 0.004 -22"><span class='ocrx_word' id='word_1_341' title='bbox 2096 870 2183 924; x_wconf 69' lang='lat'><strong>64.</strong></span> <span class='ocrx_word' id='word_1_342' title='bbox 2216 867 2501 939; x_wconf 68' lang='lat' dir='ltr'><strong>Superbiae</strong></span> <span class='ocrx_word' id='word_1_343' title='bbox 2546 870 2748 923; x_wconf 84' lang='lat' dir='ltr'><strong>vitium</strong></span> <span class='ocrx_word' id='word_1_344' title='bbox 2793 884 2860 923; x_wconf 80' lang='lat' dir='ltr'><strong>ex</strong></span> <span class='ocrx_word' id='word_1_345' title='bbox 2901 868 3111 945; x_wconf 82' lang='lat' dir='ltr'><strong>duplici</strong></span> <span class='ocrx_word' id='word_1_346' title='bbox 3155 879 3374 926; x_wconf 81' lang='lat' dir='ltr'><strong>constat</strong></span> <span class='ocrx_word' id='word_1_347' title='bbox 3435 874 3591 944; x_wconf 83' lang='lat' dir='ltr'><strong>igno-</strong></span> 
     </span>
    </p>
   </div>
   <div class='ocr_carea' id='block_1_50' title="bbox 2026 962 3592 1037">
    <p class='ocr_par' dir='ltr' id='par_1_50' title="bbox 2026 962 3592 1037">
     <span class='ocr_line' id='line_1_50' title="bbox 2026 962 3592 1037; baseline 0.003 -21"><span class='ocrx_word' id='word_1_348' title='bbox 2026 962 2224 1018; x_wconf 88' lang='lat' dir='ltr'><strong>rantia.</strong></span> <span class='ocrx_word' id='word_1_349' title='bbox 2272 962 2366 1017; x_wconf 73' lang='lat' dir='ltr'><strong>Has</strong></span> <span class='ocrx_word' id='word_1_350' title='bbox 2412 977 2584 1027; x_wconf 88' lang='lat' dir='ltr'><strong>vero,</strong></span> <span class='ocrx_word' id='word_1_351' title='bbox 2635 962 2692 1016; x_wconf 89' lang='lat' dir='ltr'><strong>in</strong></span> <span class='ocrx_word' id='word_1_352' title='bbox 2744 978 2914 1016; x_wconf 90' lang='lat' dir='ltr'><strong>unum</strong></span> <span class='ocrx_word' id='word_1_353' title='bbox 2959 967 3258 1030; x_wconf 79' lang='lat' dir='ltr'><strong>coeuntes,</strong></span> <span class='ocrx_word' id='word_1_354' title='bbox 3310 965 3592 1037; x_wconf 84' lang='lat' dir='ltr'><strong>alteraque</strong></span> 
     </span>
    </p>
   </div>
   <div class='ocr_carea' id='block_1_51' title="bbox 2025 1053 3594 1126">
    <p class='ocr_par' dir='ltr' id='par_1_51' title="bbox 2025 1053 3594 1126">
     <span class='ocr_line' id='line_1_51' title="bbox 2025 1053 3594 1126; baseline 0.002 -17"><span class='ocrx_word' id='word_1_355' title='bbox 2025 1055 2181 1110; x_wconf 85' lang='lat' dir='ltr'><strong>alteri</strong></span> <span class='ocrx_word' id='word_1_356' title='bbox 2210 1063 2497 1119; x_wconf 64' lang='lat' dir='ltr'><strong>conserta,</strong></span> <span class='ocrx_word' id='word_1_357' title='bbox 2534 1053 2816 1111; x_wconf 84' lang='lat' dir='ltr'><strong>confusam</strong></span> <span class='ocrx_word' id='word_1_358' title='bbox 2850 1070 3013 1109; x_wconf 89' lang='lat' dir='ltr'><strong>unam</strong></span> <span class='ocrx_word' id='word_1_359' title='bbox 3063 1054 3308 1110; x_wconf 89' lang='lat' dir='ltr'><strong>elliciunt</strong></span> <span class='ocrx_word' id='word_1_360' title='bbox 3347 1058 3594 1126; x_wconf 87' lang='lat' dir='ltr'><strong>pruden-</strong></span> 
     </span>
    </p>
   </div>
   <div class='ocr_carea' id='block_1_52' title="bbox 2028 1144 3594 1215">
    <p class='ocr_par' dir='ltr' id='par_1_52' title="bbox 2028 1144 3594 1215">
     <span class='ocr_line' id='line_1_52' title="bbox 2028 1144 3594 1215; baseline 0.001 -15"><span class='ocrx_word' id='word_1_361' title='bbox 2028 1145 2180 1201; x_wconf 88' lang='lat' dir='ltr'><strong>tiam.</strong></span> <span class='ocrx_word' id='word_1_362' title='bbox 2210 1144 2372 1201; x_wconf 89' lang='lat' dir='ltr'><strong>Solus</strong></span> <span class='ocrx_word' id='word_1_363' title='bbox 2392 1145 2539 1209; x_wconf 84' lang='lat' dir='ltr'><strong>enim</strong></span> <span class='ocrx_word' id='word_1_364' title='bbox 2571 1145 2663 1200; x_wconf 91' lang='lat' dir='ltr'><strong>ille</strong></span> <span class='ocrx_word' id='word_1_365' title='bbox 2693 1145 2966 1215; x_wconf 88' lang='lat' dir='ltr'><strong>superbus</strong></span> <span class='ocrx_word' id='word_1_366' title='bbox 2994 1154 3097 1209; x_wconf 88' lang='lat' dir='ltr'><strong>est,</strong></span> <span class='ocrx_word' id='word_1_367' title='bbox 3133 1146 3228 1214; x_wconf 88' lang='lat' dir='ltr'><strong>qui</strong></span> <span class='ocrx_word' id='word_1_368' title='bbox 3269 1154 3323 1200; x_wconf 87' lang='lat' dir='ltr'><strong>et</strong></span> <span class='ocrx_word' id='word_1_369' title='bbox 3343 1147 3594 1201; x_wconf 86' lang='lat' dir='ltr'><strong>divinum</strong></span> 
     </span>
    </p>
   </div>
   <div class='ocr_carea' id='block_1_53' title="bbox 2026 1234 3596 1307">
    <p class='ocr_par' dir='ltr' id='par_1_53' title="bbox 2026 1234 3596 1307">
     <span class='ocr_line' id='line_1_53' title="bbox 2026 1234 3596 1307; baseline 0 -15"><span class='ocrx_word' id='word_1_370' title='bbox 2026 1238 2312 1302; x_wconf 80' lang='lat' dir='ltr'><strong>auxilium,</strong></span> <span class='ocrx_word' id='word_1_371' title='bbox 2346 1244 2403 1291; x_wconf 93' lang='lat' dir='ltr'><strong>et</strong></span> <span class='ocrx_word' id='word_1_372' title='bbox 2424 1238 2719 1291; x_wconf 86' lang='lat' dir='ltr'><strong>humanam</strong></span> <span class='ocrx_word' id='word_1_373' title='bbox 2750 1237 2965 1307; x_wconf 81' lang='lat' dir='ltr'><strong>ignorat</strong></span> <span class='ocrx_word' id='word_1_374' title='bbox 3005 1238 3456 1293; x_wconf 85' lang='lat' dir='ltr'><strong>imbecillitatem.</strong></span> <span class='ocrx_word' id='word_1_375' title='bbox 3497 1234 3596 1294; x_wconf 85' lang='lat' dir='ltr'><strong>Est</strong></span> 
     </span>
    </p>
   </div>
   <div class='ocr_carea' id='block_1_54' title="bbox 2028 1327 3593 1399">
    <p class='ocr_par' dir='ltr' id='par_1_54' title="bbox 2028 1327 3593 1399">
     <span class='ocr_line' id='line_1_54' title="bbox 2028 1327 3593 1399; baseline 0 -16"><span class='ocrx_word' id='word_1_376' title='bbox 2028 1329 2212 1398; x_wconf 84' lang='lat' dir='ltr'><strong>itaque</strong></span> <span class='ocrx_word' id='word_1_377' title='bbox 2242 1328 2520 1397; x_wconf 85' lang='lat' dir='ltr'><strong>superbia,</strong></span> <span class='ocrx_word' id='word_1_378' title='bbox 2557 1327 2756 1382; x_wconf 67' lang='lat' dir='ltr'><strong>divinae</strong></span> <span class='ocrx_word' id='word_1_379' title='bbox 2798 1328 3160 1399; x_wconf 66' lang='lat' dir='ltr'><strong>humanaeque</strong></span> <span class='ocrx_word' id='word_1_380' title='bbox 3184 1328 3430 1384; x_wconf 65' lang='lat' dir='ltr'><strong>scientiae</strong></span> <span class='ocrx_word' id='word_1_381' title='bbox 3476 1330 3593 1399; x_wconf 89' lang='lat' dir='ltr'><strong>pri-</strong></span> 
     </span>
    </p>
   </div>
   <div class='ocr_carea' id='block_1_55' title="bbox 2026 1413 3591 1486">
    <p class='ocr_par' dir='ltr' id='par_1_55' title="bbox 2026 1413 3591 1486">
     <span class='ocr_line' id='line_1_55' title="bbox 2026 1413 3591 1486; baseline 0.002 -18"><span class='ocrx_word' id='word_1_382' title='bbox 2026 1413 2193 1469; x_wconf 80' lang='lat' dir='ltr'><strong>vatio.</strong></span> <span class='ocrx_word' id='word_1_383' title='bbox 2256 1413 2641 1467; x_wconf 77' lang='lat' dir='ltr'><strong>Extremorum</strong></span> <span class='ocrx_word' id='word_1_384' title='bbox 2694 1429 2932 1483; x_wconf 89' lang='lat' dir='ltr'><strong>namque</strong></span> <span class='ocrx_word' id='word_1_385' title='bbox 2973 1429 3231 1470; x_wconf 86' lang='lat' dir='ltr'><strong>verorum</strong></span> <span class='ocrx_word' id='word_1_386' title='bbox 3277 1415 3591 1486; x_wconf 76' lang='lat' dir='ltr'><strong>negatione,</strong></span> 
     </span>
    </p>
   </div>
   <div class='ocr_carea' id='block_1_56' title="bbox 2029 1500 2992 1572">
    <p class='ocr_par' dir='ltr' id='par_1_56' title="bbox 2029 1500 2992 1572">
     <span class='ocr_line' id='line_1_56' title="bbox 2029 1500 2992 1572; baseline 0.002 -16"><span class='ocrx_word' id='word_1_387' title='bbox 2029 1517 2136 1557; x_wconf 91' lang='lat' dir='ltr'><strong>una</strong></span> <span class='ocrx_word' id='word_1_388' title='bbox 2166 1501 2408 1572; x_wconf 80' lang='lat' dir='ltr'><strong>falsaque</strong></span> <span class='ocrx_word' id='word_1_389' title='bbox 2432 1501 2647 1557; x_wconf 80' lang='lat' dir='ltr'><strong>exsistit</strong></span> <span class='ocrx_word' id='word_1_390' title='bbox 2680 1500 2992 1558; x_wconf 81' lang='lat' dir='ltr'><strong>afﬁrmatio.</strong></span> 
     </span>
    </p>
   </div>
   <div class='ocr_carea' id='block_1_57' title="bbox 2098 1591 3597 1664">
    <p class='ocr_par' dir='ltr' id='par_1_57' title="bbox 2098 1591 3597 1664">
     <span class='ocr_line' id='line_1_57' title="bbox 2098 1591 3597 1664; baseline 0.003 -17"><span class='ocrx_word' id='word_1_391' title='bbox 2098 1592 2188 1647; x_wconf 83' lang='lat'><strong>65.</strong></span> <span class='ocrx_word' id='word_1_392' title='bbox 2216 1592 2399 1647; x_wconf 87' lang='lat' dir='ltr'><strong>Inanis</strong></span> <span class='ocrx_word' id='word_1_393' title='bbox 2426 1592 2623 1663; x_wconf 82' lang='lat' dir='ltr'><strong>gloria,</strong></span> <span class='ocrx_word' id='word_1_394' title='bbox 2650 1607 2679 1647; x_wconf 88' lang='lat' dir='ltr'><strong>a</strong></span> <span class='ocrx_word' id='word_1_395' title='bbox 2723 1591 2914 1647; x_wconf 88' lang='lat' dir='ltr'><strong>divino</strong></span> <span class='ocrx_word' id='word_1_396' title='bbox 2951 1607 3118 1663; x_wconf 85' lang='lat' dir='ltr'><strong>secpo</strong></span> <span class='ocrx_word' id='word_1_397' title='bbox 3159 1608 3337 1664; x_wconf 88' lang='lat' dir='ltr'><strong>exque</strong></span> <span class='ocrx_word' id='word_1_398' title='bbox 3393 1595 3597 1652; x_wconf 77' lang='lat' dir='ltr'><strong>divinis</strong></span> 
     </span>
    </p>
   </div>
   <div class='ocr_carea' id='block_1_58' title="bbox 2029 1683 3597 1757">
    <p class='ocr_par' dir='ltr' id='par_1_58' title="bbox 2029 1683 3597 1757">
     <span class='ocr_line' id='line_1_58' title="bbox 2029 1683 3597 1757; baseline 0.002 -19"><span class='ocrx_word' id='word_1_399' title='bbox 2029 1683 2336 1739; x_wconf 85' lang='lat' dir='ltr'><strong>rationibus</strong></span> <span class='ocrx_word' id='word_1_400' title='bbox 2354 1683 2685 1739; x_wconf 81' lang='lat' dir='ltr'><strong>exorbitatio</strong></span> <span class='ocrx_word' id='word_1_401' title='bbox 2707 1694 2810 1749; x_wconf 91' lang='lat' dir='ltr'><strong>est,</strong></span> <span class='ocrx_word' id='word_1_402' title='bbox 2835 1683 2993 1755; x_wconf 81' lang='lat'><strong>575</strong></span> <span class='ocrx_word' id='word_1_403' title='bbox 3007 1684 3172 1754; x_wconf 90' lang='lat' dir='ltr'><strong>inque</strong></span> <span class='ocrx_word' id='word_1_404' title='bbox 3187 1685 3354 1739; x_wconf 89' lang='lat' dir='ltr'><strong>alium</strong></span> <span class='ocrx_word' id='word_1_405' title='bbox 3371 1700 3597 1757; x_wconf 86' lang='lat' dir='ltr'><strong>scopum</strong></span> 
     </span>
    </p>
   </div>
   <div class='ocr_carea' id='block_1_59' title="bbox 2032 1774 3600 1846">
    <p class='ocr_par' dir='ltr' id='par_1_59' title="bbox 2032 1774 3600 1846">
     <span class='ocr_line' id='line_1_59' title="bbox 2032 1774 3600 1846; baseline 0.001 -16"><span class='ocrx_word' id='word_1_406' title='bbox 2032 1791 2194 1846; x_wconf 89' lang='lat' dir='ltr'><strong>quam</strong></span> <span class='ocrx_word' id='word_1_407' title='bbox 2215 1775 2461 1830; x_wconf 88' lang='lat' dir='ltr'><strong>divinum</strong></span> <span class='ocrx_word' id='word_1_408' title='bbox 2490 1774 2751 1830; x_wconf 89' lang='lat' dir='ltr'><strong>deviatio.</strong></span> <span class='ocrx_word' id='word_1_409' title='bbox 2795 1775 2979 1831; x_wconf 88' lang='lat' dir='ltr'><strong>Inanis</strong></span> <span class='ocrx_word' id='word_1_410' title='bbox 3004 1775 3153 1830; x_wconf 87' lang='lat' dir='ltr'><strong>enim</strong></span> <span class='ocrx_word' id='word_1_411' title='bbox 3195 1775 3384 1846; x_wconf 61' lang='lat' dir='ltr'><strong>gloriae</strong></span> <span class='ocrx_word' id='word_1_412' title='bbox 3421 1778 3600 1833; x_wconf 83' lang='lat' dir='ltr'><strong>cultor</strong></span> 
     </span>
    </p>
   </div>
   <div class='ocr_carea' id='block_1_60' title="bbox 2032 1867 3600 1938">
    <p class='ocr_par' dir='ltr' id='par_1_60' title="bbox 2032 1867 3600 1938">
     <span class='ocr_line' id='line_1_60' title="bbox 2032 1867 3600 1938; baseline 0.003 -17"><span class='ocrx_word' id='word_1_413' title='bbox 2032 1875 2158 1933; x_wconf 89' lang='lat' dir='ltr'><strong>est,</strong></span> <span class='ocrx_word' id='word_1_414' title='bbox 2217 1867 2311 1937; x_wconf 90' lang='lat' dir='ltr'><strong>qui</strong></span> <span class='ocrx_word' id='word_1_415' title='bbox 2347 1882 2462 1922; x_wconf 73' lang='lat' dir='ltr'><strong>suae</strong></span> <span class='ocrx_word' id='word_1_416' title='bbox 2519 1867 2933 1938; x_wconf 65' lang='lat' dir='ltr'><strong>gloriat&#39;causa,</strong></span> <span class='ocrx_word' id='word_1_417' title='bbox 2976 1883 3088 1923; x_wconf 87' lang='lat' dir='ltr'><strong>non</strong></span> <span class='ocrx_word' id='word_1_418' title='bbox 3134 1867 3355 1936; x_wconf 65' lang='lat' dir='ltr'><strong>divinae,</strong></span> <span class='ocrx_word' id='word_1_419' title='bbox 3407 1869 3600 1925; x_wconf 82' lang='lat' dir='ltr'><strong>virtuti</strong></span> 
     </span>
    </p>
   </div>
   <div class='ocr_carea' id='block_1_61' title="bbox 2031 1957 3601 2030">
    <p class='ocr_par' dir='ltr' id='par_1_61' title="bbox 2031 1957 3601 2030">
     <span class='ocr_line' id='line_1_61' title="bbox 2031 1957 3601 2030; baseline 0.001 -17"><span class='ocrx_word' id='word_1_420' title='bbox 2031 1957 2236 2023; x_wconf 86' lang='lat' dir='ltr'><strong>studet,</strong></span> <span class='ocrx_word' id='word_1_421' title='bbox 2269 1959 2493 2027; x_wconf 87' lang='lat' dir='ltr'><strong>suisque</strong></span> <span class='ocrx_word' id='word_1_422' title='bbox 2525 1958 2811 2014; x_wconf 88' lang='lat' dir='ltr'><strong>laboribus</strong></span> <span class='ocrx_word' id='word_1_423' title='bbox 2839 1958 3060 2030; x_wconf 83' lang='lat' dir='ltr'><strong>fragiles</strong></span> <span class='ocrx_word' id='word_1_424' title='bbox 3085 1974 3149 2015; x_wconf 89' lang='lat' dir='ltr'><strong>ac</strong></span> <span class='ocrx_word' id='word_1_425' title='bbox 3180 1974 3304 2030; x_wconf 66' lang='lat' dir='ltr'><strong>quae</strong></span> <span class='ocrx_word' id='word_1_426' title='bbox 3339 1974 3409 2014; x_wconf 90' lang='lat' dir='ltr'><strong>ne</strong></span> <span class='ocrx_word' id='word_1_427' title='bbox 3450 1961 3601 2017; x_wconf 80' lang='lat' dir='ltr'><strong>exsi-</strong></span> 
     </span>
    </p>
   </div>
   <div class='ocr_carea' id='block_1_62' title="bbox 2031 2049 3250 2120">
    <p class='ocr_par' dir='ltr' id='par_1_62' title="bbox 2031 2049 3250 2120">
     <span class='ocr_line' id='line_1_62' title="bbox 2031 2049 3250 2120; baseline 0.002 -16"><span class='ocrx_word' id='word_1_428' title='bbox 2031 2057 2185 2106; x_wconf 85' lang='lat' dir='ltr'><strong>stant</strong></span> <span class='ocrx_word' id='word_1_429' title='bbox 2209 2049 2457 2120; x_wconf 80' lang='lat' dir='ltr'><strong>quidem,</strong></span> <span class='ocrx_word' id='word_1_430' title='bbox 2483 2049 2756 2105; x_wconf 76' lang='lat' dir='ltr'><strong>humanas</strong></span> <span class='ocrx_word' id='word_1_431' title='bbox 2782 2049 3006 2105; x_wconf 86' lang='lat' dir='ltr'><strong>redimit</strong></span> <span class='ocrx_word' id='word_1_432' title='bbox 3037 2050 3250 2109; x_wconf 87' lang='lat' dir='ltr'><strong>laudes.</strong></span> 
     </span>
    </p>
   </div>
   <div class='ocr_carea' id='block_1_63' title="bbox 2101 2141 3605 2209">
    <p class='ocr_par' dir='ltr' id='par_1_63' title="bbox 2101 2141 3605 2209">
     <span class='ocr_line' id='line_1_63' title="bbox 2101 2141 3605 2209; baseline 0 -12"><span class='ocrx_word' id='word_1_433' title='bbox 2101 2143 2188 2198; x_wconf 87' lang='lat'>66.</span> <span class='ocrx_word' id='word_1_434' title='bbox 2234 2141 2340 2209; x_wconf 85' lang='lat' dir='ltr'><strong>Qui</strong></span> <span class='ocrx_word' id='word_1_435' title='bbox 2383 2142 2779 2198; x_wconf 88' lang='lat' dir='ltr'><strong>assentationis</strong></span> <span class='ocrx_word' id='word_1_436' title='bbox 2825 2142 2965 2198; x_wconf 88' lang='lat' dir='ltr'><strong>vitio</strong></span> <span class='ocrx_word' id='word_1_437' title='bbox 3007 2143 3242 2208; x_wconf 87' lang='lat' dir='ltr'><strong>laborat,</strong></span> <span class='ocrx_word' id='word_1_438' title='bbox 3287 2158 3459 2197; x_wconf 89' lang='lat' dir='ltr'><strong>unum</strong></span> <span class='ocrx_word' id='word_1_439' title='bbox 3498 2143 3605 2198; x_wconf 90' lang='lat' dir='ltr'><strong>hoc</strong></span> 
     </span>
    </p>
   </div>
   <div class='ocr_carea' id='block_1_64' title="bbox 2033 2233 3607 2305">
    <p class='ocr_par' dir='ltr' id='par_1_64' title="bbox 2033 2233 3607 2305">
     <span class='ocr_line' id='line_1_64' title="bbox 2033 2233 3607 2305; baseline 0.002 -18"><span class='ocrx_word' id='word_1_440' title='bbox 2033 2242 2191 2289; x_wconf 91' lang='lat' dir='ltr'><strong>curat</strong></span> <span class='ocrx_word' id='word_1_441' title='bbox 2223 2241 2283 2287; x_wconf 90' lang='lat' dir='ltr'><strong>ut</strong></span> <span class='ocrx_word' id='word_1_442' title='bbox 2313 2235 2562 2288; x_wconf 82' lang='lat' dir='ltr'><strong>exterius</strong></span> <span class='ocrx_word' id='word_1_443' title='bbox 2586 2243 2744 2305; x_wconf 82' lang='lat' dir='ltr'><strong>gestu</strong></span> <span class='ocrx_word' id='word_1_444' title='bbox 2766 2233 3074 2305; x_wconf 89' lang='lat' dir='ltr'><strong>habituque</strong></span> <span class='ocrx_word' id='word_1_445' title='bbox 3097 2248 3282 2290; x_wconf 89' lang='lat' dir='ltr'><strong>mores</strong></span> <span class='ocrx_word' id='word_1_446' title='bbox 3302 2249 3434 2290; x_wconf 88' lang='lat' dir='ltr'><strong>suos</strong></span> <span class='ocrx_word' id='word_1_447' title='bbox 3456 2250 3607 2290; x_wconf 90' lang='lat' dir='ltr'><strong>com-</strong></span> 
     </span>
    </p>
   </div>
   <div class='ocr_carea' id='block_1_65' title="bbox 2033 2323 3602 2393">
    <p class='ocr_par' dir='ltr' id='par_1_65' title="bbox 2033 2323 3602 2393">
     <span class='ocr_line' id='line_1_65' title="bbox 2033 2323 3602 2393; baseline 0.003 -17"><span class='ocrx_word' id='word_1_448' title='bbox 2033 2332 2199 2393; x_wconf 88' lang='lat' dir='ltr'><strong>ponat</strong></span> <span class='ocrx_word' id='word_1_449' title='bbox 2229 2340 2243 2376; x_wconf 90' lang='lat'><strong>:</strong></span> <span class='ocrx_word' id='word_1_450' title='bbox 2279 2323 2375 2379; x_wconf 87' lang='lat' dir='ltr'><strong>sed</strong></span> <span class='ocrx_word' id='word_1_451' title='bbox 2396 2333 2452 2377; x_wconf 89' lang='lat' dir='ltr'><strong>et</strong></span> <span class='ocrx_word' id='word_1_452' title='bbox 2484 2323 2773 2378; x_wconf 86' lang='lat' dir='ltr'><strong>adulatorii</strong></span> <span class='ocrx_word' id='word_1_453' title='bbox 2810 2325 3083 2379; x_wconf 87' lang='lat' dir='ltr'><strong>sermonis</strong></span> <span class='ocrx_word' id='word_1_454' title='bbox 3099 2324 3366 2379; x_wconf 90' lang='lat' dir='ltr'><strong>rationem</strong></span> <span class='ocrx_word' id='word_1_455' title='bbox 3400 2324 3602 2388; x_wconf 85' lang='lat' dir='ltr'><strong>habet;</strong></span> 
     </span>
    </p>
   </div>
   <div class='ocr_carea' id='block_1_66' title="bbox 2036 2413 3605 2484">
    <p class='ocr_par' dir='ltr' id='par_1_66' title="bbox 2036 2413 3605 2484">
     <span class='ocr_line' id='line_1_66' title="bbox 2036 2413 3605 2484; baseline 0.001 -18"><span class='ocrx_word' id='word_1_456' title='bbox 2036 2421 2097 2467; x_wconf 89' lang='lat' dir='ltr'><strong>ut</strong></span> <span class='ocrx_word' id='word_1_457' title='bbox 2119 2413 2378 2468; x_wconf 89' lang='lat' dir='ltr'><strong>nimirum</strong></span> <span class='ocrx_word' id='word_1_458' title='bbox 2413 2414 2589 2469; x_wconf 91' lang='lat' dir='ltr'><strong>altero</strong></span> <span class='ocrx_word' id='word_1_459' title='bbox 2614 2421 2899 2484; x_wconf 88' lang='lat' dir='ltr'><strong>aspectum</strong></span> <span class='ocrx_word' id='word_1_460' title='bbox 2925 2414 3191 2481; x_wconf 88' lang='lat' dir='ltr'><strong>deliniat;</strong></span> <span class='ocrx_word' id='word_1_461' title='bbox 3222 2415 3395 2470; x_wconf 90' lang='lat' dir='ltr'><strong>altero</strong></span> <span class='ocrx_word' id='word_1_462' title='bbox 3417 2423 3605 2470; x_wconf 84' lang='lat' dir='ltr'><strong>autem</strong></span> 
     </span>
    </p>
   </div>
   <div class='ocr_carea' id='block_1_67' title="bbox 2034 2504 3604 2575">
    <p class='ocr_par' dir='ltr' id='par_1_67' title="bbox 2034 2504 3604 2575">
     <span class='ocr_line' id='line_1_67' title="bbox 2034 2504 3604 2575; baseline 0.001 -17"><span class='ocrx_word' id='word_1_463' title='bbox 2034 2518 2130 2558; x_wconf 90' lang='lat' dir='ltr'><strong>cos</strong></span> <span class='ocrx_word' id='word_1_464' title='bbox 2146 2504 2403 2568; x_wconf 88' lang='lat' dir='ltr'><strong>mulceat,</strong></span> <span class='ocrx_word' id='word_1_465' title='bbox 2420 2504 2513 2573; x_wconf 91' lang='lat' dir='ltr'><strong>qui</strong></span> <span class='ocrx_word' id='word_1_466' title='bbox 2529 2504 2743 2559; x_wconf 87' lang='lat' dir='ltr'><strong>nonnisi</strong></span> <span class='ocrx_word' id='word_1_467' title='bbox 2761 2504 2893 2559; x_wconf 87' lang='lat' dir='ltr'><strong>visis</strong></span> <span class='ocrx_word' id='word_1_468' title='bbox 2913 2505 3222 2575; x_wconf 89' lang='lat' dir='ltr'><strong>auditisque</strong></span> <span class='ocrx_word' id='word_1_469' title='bbox 3238 2506 3604 2572; x_wconf 89' lang='lat' dir='ltr'><strong>delectantur,</strong></span> 
     </span>
    </p>
   </div>
   <div class='ocr_carea' id='block_1_68' title="bbox 2036 2592 3605 2660">
    <p class='ocr_par' dir='ltr' id='par_1_68' title="bbox 2036 2592 3605 2660">
     <span class='ocr_line' id='line_1_68' title="bbox 2036 2592 3605 2660; baseline -0.001 -12"><span class='ocrx_word' id='word_1_470' title='bbox 2036 2608 2135 2648; x_wconf 87' lang='lat' dir='ltr'><strong>seu</strong></span> <span class='ocrx_word' id='word_1_471' title='bbox 2167 2594 2332 2647; x_wconf 88' lang='lat' dir='ltr'><strong>etiam</strong></span> <span class='ocrx_word' id='word_1_472' title='bbox 2355 2593 2464 2648; x_wconf 89' lang='lat' dir='ltr'><strong>illis</strong></span> <span class='ocrx_word' id='word_1_473' title='bbox 2489 2592 2851 2648; x_wconf 89' lang='lat' dir='ltr'><strong>admiratione</strong></span> <span class='ocrx_word' id='word_1_474' title='bbox 2875 2593 3175 2660; x_wconf 89' lang='lat' dir='ltr'><strong>ducuntur,</strong></span> <span class='ocrx_word' id='word_1_475' title='bbox 3209 2608 3273 2648; x_wconf 88' lang='lat' dir='ltr'><strong>ac</strong></span> <span class='ocrx_word' id='word_1_476' title='bbox 3295 2594 3412 2649; x_wconf 90' lang='lat' dir='ltr'><strong>solo</strong></span> <span class='ocrx_word' id='word_1_477' title='bbox 3436 2609 3605 2649; x_wconf 85' lang='lat' dir='ltr'><strong>sensu</strong></span> 
     </span>
    </p>
   </div>
   <div class='ocr_carea' id='block_1_69' title="bbox 2035 2684 3605 2755">
    <p class='ocr_par' dir='ltr' id='par_1_69' title="bbox 2035 2684 3605 2755">
     <span class='ocr_line' id='line_1_69' title="bbox 2035 2684 3605 2755; baseline 0.001 -17"><span class='ocrx_word' id='word_1_478' title='bbox 2035 2684 2300 2739; x_wconf 83' lang='lat' dir='ltr'><strong>virtutem</strong></span> <span class='ocrx_word' id='word_1_479' title='bbox 2339 2684 2832 2740; x_wconf 87' lang='lat' dir='ltr'><strong>circumscribunt.</strong></span> <span class='ocrx_word' id='word_1_480' title='bbox 2859 2684 3265 2739; x_wconf 85' lang='lat' dir='ltr'><strong>Assentationis</strong></span> <span class='ocrx_word' id='word_1_481' title='bbox 3293 2687 3476 2755; x_wconf 91' lang='lat' dir='ltr'><strong>itaque</strong></span> <span class='ocrx_word' id='word_1_482' title='bbox 3507 2701 3605 2740; x_wconf 86' lang='lat' dir='ltr'><strong>seu</strong></span> 
     </span>
    </p>
   </div>
   <div class='ocr_carea' id='block_1_70' title="bbox 1952 2769 3603 2843">
    <p class='ocr_par' dir='ltr' id='par_1_70' title="bbox 1952 2769 3603 2843">
     <span class='ocr_line' id='line_1_70' title="bbox 1952 2769 3603 2843; baseline -0.001 -18"><span class='ocrx_word' id='word_1_483' title='bbox 1952 2772 1955 2775; x_wconf 63' lang='grc'><em>“</em></span> <span class='ocrx_word' id='word_1_484' title='bbox 2038 2769 2359 2825; x_wconf 90' lang='lat' dir='ltr'><strong>demerendi</strong></span> <span class='ocrx_word' id='word_1_485' title='bbox 2378 2770 2631 2826; x_wconf 88' lang='lat' dir='ltr'><strong>homines</strong></span> <span class='ocrx_word' id='word_1_486' title='bbox 2649 2771 2845 2826; x_wconf 84' lang='lat' dir='ltr'><strong>vitium</strong></span> <span class='ocrx_word' id='word_1_487' title='bbox 2875 2771 3443 2843; x_wconf 76' lang='grc' dir='ltr'>(ἀνθρωπαρέσκειαν)</span> <span class='ocrx_word' id='word_1_488' title='bbox 3466 2770 3603 2826; x_wconf 84' lang='lat' dir='ltr'><strong>dici-</strong></span> 
     </span>
    </p>
   </div>
   <div class='ocr_carea' id='block_1_71' title="bbox 2038 2862 3607 2932">
    <p class='ocr_par' dir='ltr' id='par_1_71' title="bbox 2038 2862 3607 2932">
     <span class='ocr_line' id='line_1_71' title="bbox 2038 2862 3607 2932; baseline 0.001 -16"><span class='ocrx_word' id='word_1_489' title='bbox 2038 2878 2181 2927; x_wconf 85' lang='lat' dir='ltr'><strong>mus,</strong></span> <span class='ocrx_word' id='word_1_490' title='bbox 2222 2877 2344 2931; x_wconf 74' lang='lat' dir='ltr'><strong>quze</strong></span> <span class='ocrx_word' id='word_1_491' title='bbox 2374 2862 2428 2916; x_wconf 90' lang='lat' dir='ltr'><strong>in</strong></span> <span class='ocrx_word' id='word_1_492' title='bbox 2458 2862 2706 2918; x_wconf 87' lang='lat' dir='ltr'><strong>moribus</strong></span> <span class='ocrx_word' id='word_1_493' title='bbox 2734 2878 2799 2919; x_wconf 92' lang='lat' dir='ltr'><strong>ac</strong></span> <span class='ocrx_word' id='word_1_494' title='bbox 2826 2863 3175 2919; x_wconf 86' lang='lat' dir='ltr'><strong>sermonibus</strong></span> <span class='ocrx_word' id='word_1_495' title='bbox 3203 2862 3360 2932; x_wconf 88' lang='lat' dir='ltr'><strong>quasi</strong></span> <span class='ocrx_word' id='word_1_496' title='bbox 3385 2862 3607 2918; x_wconf 83' lang='lat' dir='ltr'><strong>virtutis</strong></span> 
     </span>
    </p>
   </div>
   <div class='ocr_carea' id='block_1_72' title="bbox 2039 2952 2916 3023">
    <p class='ocr_par' dir='ltr' id='par_1_72' title="bbox 2039 2952 2916 3023">
     <span class='ocr_line' id='line_1_72' title="bbox 2039 2952 2916 3023; baseline 0.001 -17"><span class='ocrx_word' id='word_1_497' title='bbox 2039 2952 2263 3009; x_wconf 84' lang='lat' dir='ltr'><strong>nomine</strong></span> <span class='ocrx_word' id='word_1_498' title='bbox 2297 2952 2594 3007; x_wconf 88' lang='lat' dir='ltr'><strong>ostentatio</strong></span> <span class='ocrx_word' id='word_1_499' title='bbox 2626 2954 2916 3023; x_wconf 82' lang='lat' dir='ltr'><strong>contingit.</strong></span> 
     </span>
    </p>
   </div>
   <div class='ocr_carea' id='block_1_73' title="bbox 2111 3043 3609 3116">
    <p class='ocr_par' dir='ltr' id='par_1_73' title="bbox 2111 3043 3609 3116">
     <span class='ocr_line' id='line_1_73' title="bbox 2111 3043 3609 3116; baseline -0.001 -17"><span class='ocrx_word' id='word_1_500' title='bbox 2111 3044 2199 3099; x_wconf 88' lang='lat'><strong>67.</strong></span> <span class='ocrx_word' id='word_1_501' title='bbox 2249 3043 2566 3116; x_wconf 78' lang='lat' dir='ltr'><strong>Hypocrisis</strong></span> <span class='ocrx_word' id='word_1_502' title='bbox 2599 3085 2614 3110; x_wconf 96' lang='lat'><strong>,</strong></span> <span class='ocrx_word' id='word_1_503' title='bbox 2671 3044 2927 3100; x_wconf 65' lang='lat' dir='ltr'><strong>amicitia?</strong></span> <span class='ocrx_word' id='word_1_504' title='bbox 3003 3043 3284 3098; x_wconf 88' lang='lat' dir='ltr'><strong>simulatio</strong></span> <span class='ocrx_word' id='word_1_505' title='bbox 3337 3053 3458 3111; x_wconf 89' lang='lat' dir='ltr'><strong>est;</strong></span> <span class='ocrx_word' id='word_1_506' title='bbox 3513 3053 3609 3098; x_wconf 86' lang='lat' dir='ltr'><strong>aut</strong></span> 
     </span>
    </p>
   </div>
   <div class='ocr_carea' id='block_1_74' title="bbox 2042 3135 3606 3205">
    <p class='ocr_par' dir='ltr' id='par_1_74' title="bbox 2042 3135 3606 3205">
     <span class='ocr_line' id='line_1_74' title="bbox 2042 3135 3606 3205; baseline 0.001 -12"><span class='ocrx_word' id='word_1_507' title='bbox 2042 3135 2254 3204; x_wconf 88' lang='lat' dir='ltr'><strong>odium,</strong></span> <span class='ocrx_word' id='word_1_508' title='bbox 2282 3137 2536 3193; x_wconf 63' lang='lat' dir='ltr'><strong>amicitiae</strong></span> <span class='ocrx_word' id='word_1_509' title='bbox 2556 3137 2749 3193; x_wconf 88' lang='lat' dir='ltr'><strong>habitu</strong></span> <span class='ocrx_word' id='word_1_510' title='bbox 2772 3137 3103 3194; x_wconf 89' lang='lat' dir='ltr'><strong>occultatum</strong></span> <span class='ocrx_word' id='word_1_511' title='bbox 3127 3156 3141 3205; x_wconf 92' lang='lat'><strong>;</strong></span> <span class='ocrx_word' id='word_1_512' title='bbox 3177 3145 3270 3193; x_wconf 82' lang='lat' dir='ltr'><strong>aut</strong></span> <span class='ocrx_word' id='word_1_513' title='bbox 3287 3137 3606 3202; x_wconf 75' lang='lat' dir='ltr'><strong>inimicitiae,</strong></span> 
     </span>
    </p>
   </div>
   <div class='ocr_carea' id='block_1_75' title="bbox 2042 3230 3611 3301">
    <p class='ocr_par' dir='ltr' id='par_1_75' title="bbox 2042 3230 3611 3301">
     <span class='ocr_line' id='line_1_75' title="bbox 2042 3230 3611 3301; baseline 0.001 -16"><span class='ocrx_word' id='word_1_514' title='bbox 2042 3246 2164 3300; x_wconf 68' lang='lat' dir='ltr'><strong>quas</strong></span> <span class='ocrx_word' id='word_1_515' title='bbox 2186 3231 2587 3286; x_wconf 72' lang='lat' dir='ltr'><strong>benevolentia:</strong></span> <span class='ocrx_word' id='word_1_516' title='bbox 2611 3230 2736 3286; x_wconf 78' lang='lat' dir='ltr'><strong>[icta</strong></span> <span class='ocrx_word' id='word_1_517' title='bbox 2764 3231 2947 3301; x_wconf 90' lang='lat' dir='ltr'><strong>specie</strong></span> <span class='ocrx_word' id='word_1_518' title='bbox 2978 3240 3377 3297; x_wconf 80' lang='lat' dir='ltr'><strong>exerceantur;</strong></span> <span class='ocrx_word' id='word_1_519' title='bbox 3407 3239 3501 3285; x_wconf 91' lang='lat' dir='ltr'><strong>aut</strong></span> <span class='ocrx_word' id='word_1_520' title='bbox 3526 3231 3611 3286; x_wconf 90' lang='lat' dir='ltr'><strong>in-</strong></span> 
     </span>
    </p>
   </div>
   <div class='ocr_carea' id='block_1_76' title="bbox 2040 3319 3612 3391">
    <p class='ocr_par' dir='ltr' id='par_1_76' title="bbox 2040 3319 3612 3391">
     <span class='ocr_line' id='line_1_76' title="bbox 2040 3319 3612 3391; baseline 0.001 -18"><span class='ocrx_word' id='word_1_521' title='bbox 2040 3320 2208 3383; x_wconf 87' lang='lat' dir='ltr'><strong>vidia,</strong></span> <span class='ocrx_word' id='word_1_522' title='bbox 2248 3320 2560 3375; x_wconf 86' lang='lat' dir='ltr'><strong>dilectionis</strong></span> <span class='ocrx_word' id='word_1_523' title='bbox 2598 3319 2829 3391; x_wconf 80' lang='lat' dir='ltr'><strong>ﬁguram</strong></span> <span class='ocrx_word' id='word_1_524' title='bbox 2861 3319 3106 3374; x_wconf 86' lang='lat' dir='ltr'><strong>referens</strong></span> <span class='ocrx_word' id='word_1_525' title='bbox 3148 3337 3162 3373; x_wconf 88' lang='lat'><strong>:</strong></span> <span class='ocrx_word' id='word_1_526' title='bbox 3207 3329 3304 3375; x_wconf 91' lang='lat' dir='ltr'><strong>aut</strong></span> <span class='ocrx_word' id='word_1_527' title='bbox 3340 3320 3473 3387; x_wconf 91' lang='lat' dir='ltr'><strong>vita,</strong></span> <span class='ocrx_word' id='word_1_528' title='bbox 3499 3323 3612 3376; x_wconf 74' lang='lat' dir='ltr'><strong>vir-</strong></span> 
     </span>
    </p>
   </div>
   <div class='ocr_carea' id='block_1_77' title="bbox 2041 3410 3614 3482">
    <p class='ocr_par' dir='ltr' id='par_1_77' title="bbox 2041 3410 3614 3482">
     <span class='ocr_line' id='line_1_77' title="bbox 2041 3410 3614 3482; baseline 0.002 -17"><span class='ocrx_word' id='word_1_529' title='bbox 2041 3410 2174 3466; x_wconf 89' lang='lat' dir='ltr'><strong>tutis</strong></span> <span class='ocrx_word' id='word_1_530' title='bbox 2207 3412 2354 3477; x_wconf 83' lang='lat' dir='ltr'><strong>fuco,</strong></span> <span class='ocrx_word' id='word_1_531' title='bbox 2395 3428 2506 3467; x_wconf 91' lang='lat' dir='ltr'><strong>non</strong></span> <span class='ocrx_word' id='word_1_532' title='bbox 2552 3412 2672 3482; x_wconf 88' lang='lat' dir='ltr'><strong>ipsa</strong></span> <span class='ocrx_word' id='word_1_533' title='bbox 2701 3427 2760 3466; x_wconf 91' lang='lat' dir='ltr'><strong>re</strong></span> <span class='ocrx_word' id='word_1_534' title='bbox 2806 3412 3152 3467; x_wconf 85' lang='lat' dir='ltr'><strong>honestatem</strong></span> <span class='ocrx_word' id='word_1_535' title='bbox 3210 3412 3466 3475; x_wconf 86' lang='lat' dir='ltr'><strong>habens:</strong></span> <span class='ocrx_word' id='word_1_536' title='bbox 3517 3424 3614 3468; x_wconf 88' lang='lat' dir='ltr'><strong>aut</strong></span> 
     </span>
    </p>
   </div>
   <div class='ocr_carea' id='block_1_78' title="bbox 2034 3502 3607 3575">
    <p class='ocr_par' dir='ltr' id='par_1_78' title="bbox 2034 3502 3607 3575">
     <span class='ocr_line' id='line_1_78' title="bbox 2034 3502 3607 3575; baseline -0.001 -18"><span class='ocrx_word' id='word_1_537' title='bbox 2034 3503 2263 3575; x_wconf 61' lang='lat' dir='ltr'><strong>justitiae</strong></span> <span class='ocrx_word' id='word_1_538' title='bbox 2292 3503 2574 3558; x_wconf 82' lang='lat' dir='ltr'><strong>simulatio</strong></span> <span class='ocrx_word' id='word_1_539' title='bbox 2603 3544 2618 3570; x_wconf 92' lang='lat'><strong>,</strong></span> <span class='ocrx_word' id='word_1_540' title='bbox 2659 3518 2780 3572; x_wconf 83' lang='lat' dir='ltr'><strong>quae</strong></span> <span class='ocrx_word' id='word_1_541' title='bbox 2828 3503 2945 3557; x_wconf 89' lang='lat' dir='ltr'><strong>sola</strong></span> <span class='ocrx_word' id='word_1_542' title='bbox 2973 3502 3297 3574; x_wconf 88' lang='lat' dir='ltr'><strong>apparentia</strong></span> <span class='ocrx_word' id='word_1_543' title='bbox 3347 3512 3607 3564; x_wconf 84' lang='lat' dir='ltr'><strong>constet;</strong></span> 
     </span>
    </p>
   </div>
   <div class='ocr_carea' id='block_1_79' title="bbox 2041 3593 3614 3663">
    <p class='ocr_par' dir='ltr' id='par_1_79' title="bbox 2041 3593 3614 3663">
     <span class='ocr_line' id='line_1_79' title="bbox 2041 3593 3614 3663; baseline 0 -14"><span class='ocrx_word' id='word_1_544' title='bbox 2041 3603 2135 3649; x_wconf 89' lang='lat' dir='ltr'><strong>aut</strong></span> <span class='ocrx_word' id='word_1_545' title='bbox 2155 3610 2335 3660; x_wconf 89' lang='lat' dir='ltr'><strong>error,</strong></span> <span class='ocrx_word' id='word_1_546' title='bbox 2356 3594 2606 3650; x_wconf 82' lang='lat' dir='ltr'><strong>veritatis</strong></span> <span class='ocrx_word' id='word_1_547' title='bbox 2624 3593 2855 3648; x_wconf 84' lang='lat' dir='ltr'><strong>formam</strong></span> <span class='ocrx_word' id='word_1_548' title='bbox 2887 3593 3134 3660; x_wconf 88' lang='lat' dir='ltr'><strong>habens;</strong></span> <span class='ocrx_word' id='word_1_549' title='bbox 3162 3609 3325 3663; x_wconf 90' lang='lat' dir='ltr'><strong>quam</strong></span> <span class='ocrx_word' id='word_1_550' title='bbox 3360 3593 3399 3648; x_wconf 91' lang='lat' dir='ltr'><strong>ii</strong></span> <span class='ocrx_word' id='word_1_551' title='bbox 3423 3594 3614 3649; x_wconf 88' lang='lat' dir='ltr'><strong>colunt</strong></span> 
     </span>
    </p>
   </div>
   <div class='ocr_carea' id='block_1_80' title="bbox 2042 3685 3613 3757">
    <p class='ocr_par' dir='ltr' id='par_1_80' title="bbox 2042 3685 3613 3757">
     <span class='ocr_line' id='line_1_80' title="bbox 2042 3685 3613 3757; baseline 0.001 -17"><span class='ocrx_word' id='word_1_552' title='bbox 2042 3700 2205 3755; x_wconf 84' lang='lat' dir='ltr'><strong>atque</strong></span> <span class='ocrx_word' id='word_1_553' title='bbox 2245 3693 2549 3751; x_wconf 86' lang='lat' dir='ltr'><strong>sectantur,</strong></span> <span class='ocrx_word' id='word_1_554' title='bbox 2599 3685 2695 3754; x_wconf 90' lang='lat' dir='ltr'><strong>qui</strong></span> <span class='ocrx_word' id='word_1_555' title='bbox 2743 3699 2958 3739; x_wconf 90' lang='lat' dir='ltr'><strong>morum</strong></span> <span class='ocrx_word' id='word_1_556' title='bbox 2993 3686 3262 3755; x_wconf 87' lang='lat' dir='ltr'><strong>pravitate</strong></span> <span class='ocrx_word' id='word_1_557' title='bbox 3299 3695 3613 3757; x_wconf 84' lang='lat' dir='ltr'><strong>serpentem</strong></span> 
     </span>
    </p>
   </div>
   <div class='ocr_carea' id='block_1_81' title="bbox 2044 3774 2356 3829">
    <p class='ocr_par' dir='ltr' id='par_1_81' title="bbox 2044 3774 2356 3829">
     <span class='ocr_line' id='line_1_81' title="bbox 2044 3774 2356 3829; baseline 0.006 -2"><span class='ocrx_word' id='word_1_558' title='bbox 2044 3774 2356 3829; x_wconf 87' lang='lat' dir='ltr'><strong>imitantur.</strong></span> 
     </span>
    </p>
   </div>
   <div class='ocr_carea' id='block_1_82' title="bbox 2114 3866 3616 3935">
    <p class='ocr_par' dir='ltr' id='par_1_82' title="bbox 2114 3866 3616 3935">
     <span class='ocr_line' id='line_1_82' title="bbox 2114 3866 3616 3935; baseline 0.001 -16"><span class='ocrx_word' id='word_1_559' title='bbox 2114 3866 2202 3920; x_wconf 88' lang='lat'>68.</span> <span class='ocrx_word' id='word_1_560' title='bbox 2258 3866 2404 3919; x_wconf 88' lang='lat' dir='ltr'><strong>Deus</strong></span> <span class='ocrx_word' id='word_1_561' title='bbox 2453 3881 2639 3918; x_wconf 82' lang='lat' dir='ltr'><strong>rerum</strong></span> <span class='ocrx_word' id='word_1_562' title='bbox 2678 3874 2872 3920; x_wconf 89' lang='lat' dir='ltr'><strong>auctor</strong></span> <span class='ocrx_word' id='word_1_563' title='bbox 2931 3874 3036 3926; x_wconf 87' lang='lat' dir='ltr'><strong>est,</strong></span> <span class='ocrx_word' id='word_1_564' title='bbox 3080 3881 3143 3920; x_wconf 89' lang='lat' dir='ltr'><strong>ac</strong></span> <span class='ocrx_word' id='word_1_565' title='bbox 3184 3866 3457 3920; x_wconf 91' lang='lat' dir='ltr'><strong>bonorum</strong></span> <span class='ocrx_word' id='word_1_566' title='bbox 3493 3881 3616 3935; x_wconf 76' lang='lat' dir='ltr'><strong>quae</strong></span> 
     </span>
    </p>
   </div>
   <div class='ocr_carea' id='block_1_83' title="bbox 2046 3952 3619 4024">
    <p class='ocr_par' dir='ltr' id='par_1_83' title="bbox 2046 3952 3619 4024">
     <span class='ocr_line' id='line_1_83' title="bbox 2046 3952 3619 4024; baseline 0.002 -18"><span class='ocrx_word' id='word_1_567' title='bbox 2046 3952 2214 4007; x_wconf 89' lang='lat' dir='ltr'><strong>rebus</strong></span> <span class='ocrx_word' id='word_1_568' title='bbox 2242 3953 2453 4007; x_wconf 89' lang='lat' dir='ltr'><strong>insunt.</strong></span> <span class='ocrx_word' id='word_1_569' title='bbox 2485 3952 2536 4007; x_wconf 87' lang='lat' dir='ltr'><strong>Is</strong></span> <span class='ocrx_word' id='word_1_570' title='bbox 2563 3953 2771 4021; x_wconf 90' lang='lat' dir='ltr'><strong>itaque,</strong></span> <span class='ocrx_word' id='word_1_571' title='bbox 2821 3954 2916 4024; x_wconf 89' lang='lat' dir='ltr'><strong>qui</strong></span> <span class='ocrx_word' id='word_1_572' title='bbox 2955 3954 3180 4009; x_wconf 84' lang='lat' dir='ltr'><strong>virtutis</strong></span> <span class='ocrx_word' id='word_1_573' title='bbox 3222 3962 3319 4009; x_wconf 87' lang='lat' dir='ltr'><strong>aut</strong></span> <span class='ocrx_word' id='word_1_574' title='bbox 3369 3955 3619 4010; x_wconf 75' lang='lat' dir='ltr'><strong>scicntia:</strong></span> 
     </span>
    </p>
   </div>
   <div class='ocr_carea' id='block_1_84' title="bbox 2046 4044 3616 4115">
    <p class='ocr_par' dir='ltr' id='par_1_84' title="bbox 2046 4044 3616 4115">
     <span class='ocr_line' id='line_1_84' title="bbox 2046 4044 3616 4115; baseline 0.001 -18"><span class='ocrx_word' id='word_1_575' title='bbox 2046 4046 2267 4098; x_wconf 88' lang='lat' dir='ltr'><strong>nomine</strong></span> <span class='ocrx_word' id='word_1_576' title='bbox 2292 4044 2597 4109; x_wconf 81' lang='lat' dir='ltr'><strong>extollitur,</strong></span> <span class='ocrx_word' id='word_1_577' title='bbox 2632 4060 2736 4099; x_wconf 90' lang='lat' dir='ltr'><strong>nec</strong></span> <span class='ocrx_word' id='word_1_578' title='bbox 2778 4061 2878 4115; x_wconf 89' lang='lat' dir='ltr'><strong>pro</strong></span> <span class='ocrx_word' id='word_1_579' title='bbox 2904 4045 3066 4099; x_wconf 90' lang='lat' dir='ltr'><strong>modo</strong></span> <span class='ocrx_word' id='word_1_580' title='bbox 3108 4045 3330 4100; x_wconf 90' lang='lat' dir='ltr'><strong>virtutis</strong></span> <span class='ocrx_word' id='word_1_581' title='bbox 3365 4060 3459 4101; x_wconf 88' lang='lat' dir='ltr'><strong>seu</strong></span> <span class='ocrx_word' id='word_1_582' title='bbox 3485 4061 3616 4115; x_wconf 86' lang='lat' dir='ltr'><strong>pro-</strong></span> 
     </span>
    </p>
   </div>
   <div class='ocr_carea' id='block_1_85' title="bbox 2044 4132 3619 4205">
    <p class='ocr_par' dir='ltr' id='par_1_85' title="bbox 2044 4132 3619 4205">
     <span class='ocr_line' id='line_1_85' title="bbox 2044 4132 3619 4205; baseline 0 -17"><span class='ocrx_word' id='word_1_583' title='bbox 2044 4132 2241 4199; x_wconf 82' lang='lat' dir='ltr'><strong>fectus,</strong></span> <span class='ocrx_word' id='word_1_584' title='bbox 2285 4143 2576 4203; x_wconf 65' lang='lat' dir='ltr'><strong>praestante</strong></span> <span class='ocrx_word' id='word_1_585' title='bbox 2604 4134 2798 4205; x_wconf 84' lang='lat' dir='ltr'><strong>gratia,</strong></span> <span class='ocrx_word' id='word_1_586' title='bbox 2853 4134 3187 4190; x_wconf 84' lang='lat' dir='ltr'><strong>inﬁrmitatis</strong></span> <span class='ocrx_word' id='word_1_587' title='bbox 3224 4151 3335 4191; x_wconf 64' lang='lat' dir='ltr'><strong>suae</strong></span> <span class='ocrx_word' id='word_1_588' title='bbox 3371 4135 3619 4191; x_wconf 80' lang='lat' dir='ltr'><strong>modesto</strong></span> 
     </span>
    </p>
   </div>
   <div class='ocr_carea' id='block_1_86' title="bbox 2045 4225 3618 4296">
    <p class='ocr_par' dir='ltr' id='par_1_86' title="bbox 2045 4225 3618 4296">
     <span class='ocr_line' id='line_1_86' title="bbox 2045 4225 3618 4296; baseline 0.002 -18"><span class='ocrx_word' id='word_1_589' title='bbox 2045 4239 2211 4279; x_wconf 88' lang='lat' dir='ltr'><strong>sensu</strong></span> <span class='ocrx_word' id='word_1_590' title='bbox 2244 4225 2580 4294; x_wconf 78' lang='lat' dir='ltr'><strong>agnitionem</strong></span> <span class='ocrx_word' id='word_1_591' title='bbox 2615 4226 2849 4281; x_wconf 89' lang='lat' dir='ltr'><strong>intendit</strong></span> <span class='ocrx_word' id='word_1_592' title='bbox 2876 4267 2891 4290; x_wconf 94' lang='lat'><strong>,</strong></span> <span class='ocrx_word' id='word_1_593' title='bbox 2952 4227 3226 4296; x_wconf 73' lang='lat' dir='ltr'><strong>superbia:</strong></span> <span class='ocrx_word' id='word_1_594' title='bbox 3270 4228 3475 4282; x_wconf 89' lang='lat' dir='ltr'><strong>malum</strong></span> <span class='ocrx_word' id='word_1_595' title='bbox 3506 4242 3618 4282; x_wconf 86' lang='lat' dir='ltr'><strong>non</strong></span> 
     </span>
    </p>
   </div>
   <div class='ocr_carea' id='block_1_87' title="bbox 2047 4313 3620 4387">
    <p class='ocr_par' dir='ltr' id='par_1_87' title="bbox 2047 4313 3620 4387">
     <span class='ocr_line' id='line_1_87' title="bbox 2047 4313 3620 4387; baseline 0.004 -20"><span class='ocrx_word' id='word_1_596' title='bbox 2047 4313 2259 4384; x_wconf 70' lang='lat' dir='ltr'><strong>elfugit.</strong></span> <span class='ocrx_word' id='word_1_597' title='bbox 2286 4314 2389 4380; x_wconf 86' lang='lat' dir='ltr'><strong>Qui</strong></span> <span class='ocrx_word' id='word_1_598' title='bbox 2416 4332 2567 4372; x_wconf 85' lang='lat' dir='ltr'><strong>vero.</strong></span> <span class='ocrx_word' id='word_1_599' title='bbox 2592 4317 2827 4386; x_wconf 77' lang='lat' dir='ltr'><strong>propriae</strong></span> <span class='ocrx_word' id='word_1_600' title='bbox 2852 4318 3039 4387; x_wconf 71' lang='lat' dir='ltr'><strong>gloriae</strong></span> <span class='ocrx_word' id='word_1_601' title='bbox 3060 4332 3223 4372; x_wconf 90' lang='lat' dir='ltr'><strong>causa</strong></span> <span class='ocrx_word' id='word_1_602' title='bbox 3272 4316 3620 4373; x_wconf 86' lang='lat' dir='ltr'><strong>honestatem</strong></span> 
     </span>
    </p>
   </div>
   <div class='ocr_carea' id='block_1_88' title="bbox 2049 4404 3618 4476">
    <p class='ocr_par' dir='ltr' id='par_1_88' title="bbox 2049 4404 3618 4476">
     <span class='ocr_line' id='line_1_88' title="bbox 2049 4404 3618 4476; baseline 0 -19"><span class='ocrx_word' id='word_1_603' title='bbox 2049 4404 2201 4467; x_wconf 87' lang='lat' dir='ltr'><strong>colit,</strong></span> <span class='ocrx_word' id='word_1_604' title='bbox 2256 4405 2374 4474; x_wconf 90' lang='lat' dir='ltr'><strong>ipse</strong></span> <span class='ocrx_word' id='word_1_605' title='bbox 2417 4420 2476 4459; x_wconf 90' lang='lat' dir='ltr'><strong>se</strong></span> <span class='ocrx_word' id='word_1_606' title='bbox 2526 4406 2659 4469; x_wconf 92' lang='lat' dir='ltr'><strong>Deo,</strong></span> <span class='ocrx_word' id='word_1_607' title='bbox 2707 4407 2886 4460; x_wconf 90' lang='lat' dir='ltr'><strong>inanis</strong></span> <span class='ocrx_word' id='word_1_608' title='bbox 2920 4406 3105 4476; x_wconf 77' lang='lat' dir='ltr'><strong>gloriae</strong></span> <span class='ocrx_word' id='word_1_609' title='bbox 3155 4406 3310 4460; x_wconf 84' lang='lat' dir='ltr'><strong>clavo</strong></span> <span class='ocrx_word' id='word_1_610' title='bbox 3348 4404 3618 4469; x_wconf 82' lang='lat' dir='ltr'><strong>conﬁxus,</strong></span> 
     </span>
    </p>
   </div>
   <div class='ocr_carea' id='block_1_89' title="bbox 379 4475 1937 4571">
    <p class='ocr_par' dir='ltr' id='par_1_89' title="bbox 379 4475 1937 4548">
     <span class='ocr_line' id='line_1_89' title="bbox 379 4475 1937 4548; baseline -0.001 -18"><span class='ocrx_word' id='word_1_611' title='bbox 379 4477 457 4547; x_wconf 81' lang='grc' dir='ltr'><strong>τῷ</strong></span> <span class='ocrx_word' id='word_1_612' title='bbox 484 4478 581 4548; x_wconf 80' lang='grc' dir='ltr'>τῆς</span> <span class='ocrx_word' id='word_1_613' title='bbox 611 4478 916 4543; x_wconf 84' lang='grc' dir='ltr'>κενοδοξίας</span> <span class='ocrx_word' id='word_1_614' title='bbox 945 4476 1061 4547; x_wconf 81' lang='grc' dir='ltr'>ἥλῳ</span> <span class='ocrx_word' id='word_1_615' title='bbox 1114 4477 1466 4547; x_wconf 88' lang='grc' dir='ltr'>περιπαρείς.</span> <span class='ocrx_word' id='word_1_616' title='bbox 1511 4477 1571 4529; x_wconf 89' lang='lat'><strong>&#39;0</strong></span> <span class='ocrx_word' id='word_1_617' title='bbox 1618 4476 1676 4528; x_wconf 78' lang='grc' dir='ltr'>δὲ</span> <span class='ocrx_word' id='word_1_618' title='bbox 1724 4476 1859 4547; x_wconf 72' lang='grc' dir='ltr'>πρὸς</span> <span class='ocrx_word' id='word_1_619' title='bbox 1888 4475 1937 4528; x_wconf 77' lang='grc' dir='ltr'><strong>τί</strong></span> 
     </span>
    </p>
   </div>
   <div class='ocr_carea' id='block_1_90' title="bbox 2037 4475 3623 4571">
    <p class='ocr_par' dir='ltr' id='par_1_90' title="bbox 2050 4475 3623 4563">
     <span class='ocr_line' id='line_1_90' title="bbox 2050 4475 3623 4563; baseline 0.002 -16"><span class='ocrx_word' id='word_1_620' title='bbox 2050 4495 2384 4563; x_wconf 90' lang='lat' dir='ltr'><strong>anteposuit.</strong></span> <span class='ocrx_word' id='word_1_621' title='bbox 2423 4493 2527 4561; x_wconf 86' lang='lat' dir='ltr'><strong>Qui</strong></span> <span class='ocrx_word' id='word_1_622' title='bbox 2566 4504 2747 4551; x_wconf 84' lang='lat' dir='ltr'><strong>autem</strong></span> <span class='ocrx_word' id='word_1_623' title='bbox 2778 4506 2839 4551; x_wconf 93' lang='lat' dir='ltr'><strong>ut</strong></span> <span class='ocrx_word' id='word_1_624' title='bbox 2878 4475 2946 4550; x_wconf 86' lang='lat' dir='ltr'><strong>ab</strong></span> <span class='ocrx_word' id='word_1_625' title='bbox 2996 4497 3315 4552; x_wconf 90' lang='lat' dir='ltr'><strong>hominibus</strong></span> <span class='ocrx_word' id='word_1_626' title='bbox 3367 4497 3623 4552; x_wconf 86' lang='lat' dir='ltr'><strong>videatur</strong></span> 
     </span>
    </p>
   </div>
   <div class='ocr_carea' id='block_1_91' title="bbox 286 4565 1944 4637">
    <p class='ocr_par' dir='ltr' id='par_1_91' title="bbox 286 4565 1944 4637">
     <span class='ocr_line' id='line_1_91' title="bbox 286 4565 1944 4637; baseline 0.001 -19"><span class='ocrx_word' id='word_1_627' title='bbox 286 4570 295 4577; x_wconf 83' lang='grc'><strong>“</strong></span> <span class='ocrx_word' id='word_1_628' title='bbox 382 4565 641 4637; x_wconf 80' lang='grc' dir='ltr'>θεαθῆναι</span> <span class='ocrx_word' id='word_1_629' title='bbox 688 4569 797 4629; x_wconf 82' lang='grc' dir='ltr'>τοῖς</span> <span class='ocrx_word' id='word_1_630' title='bbox 830 4565 1162 4637; x_wconf 83' lang='grc' dir='ltr'>ἀνθρώποις,</span> <span class='ocrx_word' id='word_1_631' title='bbox 1218 4566 1390 4620; x_wconf 84' lang='grc' dir='ltr'>ποιῶν</span> <span class='ocrx_word' id='word_1_632' title='bbox 1430 4567 1464 4637; x_wconf 83' lang='grc' dir='ltr'>ἢ</span> <span class='ocrx_word' id='word_1_633' title='bbox 1516 4565 1694 4619; x_wconf 85' lang='grc' dir='ltr'>λαλῶν</span> <span class='ocrx_word' id='word_1_634' title='bbox 1743 4567 1818 4636; x_wconf 84' lang='grc' dir='ltr'>(Ιι)</span> <span class='ocrx_word' id='word_1_635' title='bbox 1844 4565 1944 4636; x_wconf 76' lang='grc' dir='ltr'>τὴν</span> 
     </span>
    </p>
   </div>
   <div class='ocr_carea' id='block_1_92' title="bbox 384 4657 1946 4730">
    <p class='ocr_par' dir='ltr' id='par_1_92' title="bbox 384 4657 1946 4730">
     <span class='ocr_line' id='line_1_92' title="bbox 384 4657 1946 4730; baseline -0.001 -19"><span class='ocrx_word' id='word_1_636' title='bbox 384 4659 609 4729; x_wconf 81' lang='grc' dir='ltr'>ἀρετὴν,</span> <span class='ocrx_word' id='word_1_637' title='bbox 629 4658 732 4729; x_wconf 85' lang='grc' dir='ltr'>τῆς</span> <span class='ocrx_word' id='word_1_638' title='bbox 763 4657 913 4721; x_wconf 88' lang='grc' dir='ltr'>θείας</span> <span class='ocrx_word' id='word_1_639' title='bbox 939 4658 1120 4728; x_wconf 82' lang='grc' dir='ltr'>πολλῷ</span> <span class='ocrx_word' id='word_1_640' title='bbox 1147 4658 1246 4729; x_wconf 81' lang='grc' dir='ltr'>τὴν</span> <span class='ocrx_word' id='word_1_641' title='bbox 1279 4658 1628 4730; x_wconf 86' lang='grc' dir='ltr'>ἀνθρωπίνην</span> <span class='ocrx_word' id='word_1_642' title='bbox 1674 4657 1946 4728; x_wconf 82' lang='grc' dir='ltr'>ἀποδοχὴν</span> 
     </span>
    </p>
   </div>
   <div class='ocr_carea' id='block_1_93' title="bbox 384 4749 1946 4822">
    <p class='ocr_par' dir='ltr' id='par_1_93' title="bbox 384 4749 1946 4822">
     <span class='ocr_line' id='line_1_93' title="bbox 384 4749 1946 4822; baseline 0 -20"><span class='ocrx_word' id='word_1_643' title='bbox 384 4749 710 4822; x_wconf 83' lang='grc' dir='ltr'>ὑπερέθηκε,</span> <span class='ocrx_word' id='word_1_644' title='bbox 766 4750 846 4822; x_wconf 84' lang='grc' dir='ltr'><strong>τῷ</strong></span> <span class='ocrx_word' id='word_1_645' title='bbox 890 4750 990 4819; x_wconf 81' lang='grc' dir='ltr'>τῆς</span> <span class='ocrx_word' id='word_1_646' title='bbox 1037 4749 1561 4821; x_wconf 86' lang='grc' dir='ltr'>ἀνθρωπαρεσκείας</span> <span class='ocrx_word' id='word_1_647' title='bbox 1593 4749 1757 4804; x_wconf 88' lang='grc' dir='ltr'>πάθει</span> <span class='ocrx_word' id='word_1_648' title='bbox 1784 4767 1946 4820; x_wconf 81' lang='grc' dir='ltr'>νοση-</span> 
     </span>
    </p>
   </div>
   <div class='ocr_carea' id='block_1_94' title="bbox 383 4840 1949 4912">
    <p class='ocr_par' dir='ltr' id='par_1_94' title="bbox 383 4840 1949 4912">
     <span class='ocr_line' id='line_1_94' title="bbox 383 4840 1949 4912; baseline 0 -20"><span class='ocrx_word' id='word_1_649' title='bbox 383 4840 704 4910; x_wconf 80' lang='grc' dir='ltr'>λευόμενος·</span> <span class='ocrx_word' id='word_1_650' title='bbox 743 4843 773 4894; x_wconf 90' lang='lat'><strong>6</strong></span> <span class='ocrx_word' id='word_1_651' title='bbox 825 4840 881 4894; x_wconf 79' lang='grc' dir='ltr'>δὲ</span> <span class='ocrx_word' id='word_1_652' title='bbox 937 4842 1097 4911; x_wconf 90' lang='grc' dir='ltr'>μόνον</span> <span class='ocrx_word' id='word_1_653' title='bbox 1125 4842 1192 4910; x_wconf 79' lang='grc' dir='ltr'>τῇ</span> <span class='ocrx_word' id='word_1_654' title='bbox 1243 4841 1362 4894; x_wconf 83' lang='grc' dir='ltr'>κατ’</span> <span class='ocrx_word' id='word_1_655' title='bbox 1409 4840 1609 4912; x_wconf 81' lang='grc' dir='ltr'>ἀρετὴν</span> <span class='ocrx_word' id='word_1_656' title='bbox 1656 4842 1949 4911; x_wconf 84' lang='grc' dir='ltr'>σεμνότητι</span> 
     </span>
    </p>
   </div>
   <div class='ocr_carea' id='block_1_95' title="bbox 383 4929 1949 5003">
    <p class='ocr_par' dir='ltr' id='par_1_95' title="bbox 383 4929 1949 5003">
     <span class='ocr_line' id='line_1_95' title="bbox 383 4929 1949 5003; baseline 0.001 -20"><span class='ocrx_word' id='word_1_657' title='bbox 383 4930 520 5000; x_wconf 79' lang='grc' dir='ltr'>πρὸς</span> <span class='ocrx_word' id='word_1_658' title='bbox 549 4931 765 5003; x_wconf 83' lang='grc' dir='ltr'>ἀπάτην</span> <span class='ocrx_word' id='word_1_659' title='bbox 794 4931 1116 5001; x_wconf 86' lang='grc' dir='ltr'>κακούργως</span> <span class='ocrx_word' id='word_1_660' title='bbox 1141 4929 1455 5001; x_wconf 65' lang='grc' dir='ltr'>ἐπιχρώσας</span> <span class='ocrx_word' id='word_1_661' title='bbox 1485 4931 1554 4984; x_wconf 77' lang='grc' dir='ltr'>τὰ</span> <span class='ocrx_word' id='word_1_662' title='bbox 1578 4931 1706 5002; x_wconf 83' lang='grc' dir='ltr'>ήθη,</span> <span class='ocrx_word' id='word_1_663' title='bbox 1735 4932 1829 4984; x_wconf 77' lang='grc' dir='ltr'>καὶ</span> <span class='ocrx_word' id='word_1_664' title='bbox 1849 4930 1949 5002; x_wconf 82' lang='grc' dir='ltr'><strong>τὴν</strong></span> 
     </span>
    </p>
   </div>
   <div class='ocr_carea' id='block_1_96' title="bbox 385 5022 1953 5095">
    <p class='ocr_par' dir='ltr' id='par_1_96' title="bbox 385 5022 1953 5095">
     <span class='ocr_line' id='line_1_96' title="bbox 385 5022 1953 5095; baseline -0.001 -19"><span class='ocrx_word' id='word_1_665' title='bbox 385 5023 628 5095; x_wconf 78' lang='grc' dir='ltr'>πονηρὰν</span> <span class='ocrx_word' id='word_1_666' title='bbox 658 5023 756 5094; x_wconf 82' lang='grc' dir='ltr'>τῆς</span> <span class='ocrx_word' id='word_1_667' title='bbox 787 5022 1014 5095; x_wconf 84' lang='grc' dir='ltr'>γνώμης</span> <span class='ocrx_word' id='word_1_668' title='bbox 1059 5022 1298 5077; x_wconf 84' lang='grc' dir='ltr'>διάθεσιν</span> <span class='ocrx_word' id='word_1_669' title='bbox 1330 5022 1410 5093; x_wconf 85' lang='grc' dir='ltr'><strong>τῷ</strong></span> <span class='ocrx_word' id='word_1_670' title='bbox 1462 5023 1773 5093; x_wconf 81' lang='grc' dir='ltr'>φαινομένῳ</span> <span class='ocrx_word' id='word_1_671' title='bbox 1802 5025 1953 5093; x_wconf 78' lang='grc' dir='ltr'>-σχήο</span> 
     </span>
    </p>
   </div>
   <div class='ocr_carea' id='block_1_97' title="bbox 384 5114 1959 5187">
    <p class='ocr_par' dir='ltr' id='par_1_97' title="bbox 384 5114 1959 5187">
     <span class='ocr_line' id='line_1_97' title="bbox 384 5114 1959 5187; baseline -0.001 -18"><span class='ocrx_word' id='word_1_672' title='bbox 384 5133 520 5186; x_wconf 84' lang='grc' dir='ltr'>ματι</span> <span class='ocrx_word' id='word_1_673' title='bbox 550 5116 844 5170; x_wconf 89' lang='grc' dir='ltr'>καλύπτων</span> <span class='ocrx_word' id='word_1_674' title='bbox 876 5117 976 5187; x_wconf 82' lang='grc' dir='ltr'>τῆς</span> <span class='ocrx_word' id='word_1_675' title='bbox 1008 5116 1314 5179; x_wconf 78' lang='grc' dir='ltr'>εὐλαϐείας,</span> <span class='ocrx_word' id='word_1_676' title='bbox 1363 5114 1440 5185; x_wconf 77' lang='grc' dir='ltr'>τῷ</span> <span class='ocrx_word' id='word_1_677' title='bbox 1487 5115 1586 5184; x_wconf 82' lang='grc' dir='ltr'>τῆς</span> <span class='ocrx_word' id='word_1_678' title='bbox 1612 5116 1959 5187; x_wconf 80' lang='grc' dir='ltr'>ὑποκρίσεως</span> 
     </span>
    </p>
   </div>
   <div class='ocr_carea' id='block_1_98' title="bbox 384 5208 1950 5282">
    <p class='ocr_par' dir='ltr' id='par_1_98' title="bbox 384 5208 1950 5282">
     <span class='ocr_line' id='line_1_98' title="bbox 384 5208 1950 5282; baseline -0.003 -18"><span class='ocrx_word' id='word_1_679' title='bbox 384 5211 664 5278; x_wconf 83' lang='grc' dir='ltr'>ὲξωνεῖται</span> <span class='ocrx_word' id='word_1_680' title='bbox 690 5210 830 5281; x_wconf 87' lang='grc' dir='ltr'>δόλῳ</span> <span class='ocrx_word' id='word_1_681' title='bbox 865 5211 964 5281; x_wconf 80' lang='grc' dir='ltr'><strong>τὴν</strong></span> <span class='ocrx_word' id='word_1_682' title='bbox 986 5211 1205 5282; x_wconf 86' lang='grc' dir='ltr'>ἀρετήν.</span> <span class='ocrx_word' id='word_1_683' title='bbox 1240 5209 1455 5263; x_wconf 81' lang='grc' dir='ltr'>Οὐκοῦν</span> <span class='ocrx_word' id='word_1_684' title='bbox 1498 5211 1527 5262; x_wconf 90' lang='lat'><strong>6</strong></span> <span class='ocrx_word' id='word_1_685' title='bbox 1570 5208 1829 5273; x_wconf 82' lang='grc' dir='ltr'>τοιοῦτος,</span> <span class='ocrx_word' id='word_1_686' title='bbox 1861 5208 1950 5261; x_wconf 78' lang='grc' dir='ltr'><strong>ἐπ’</strong></span> 
     </span>
    </p>
   </div>
   <div class='ocr_carea' id='block_1_99' title="bbox 386 5298 1952 5374">
    <p class='ocr_par' dir='ltr' id='par_1_99' title="bbox 386 5298 1952 5374">
     <span class='ocr_line' id='line_1_99' title="bbox 386 5298 1952 5374; baseline -0.001 -19"><span class='ocrx_word' id='word_1_687' title='bbox 386 5301 520 5355; x_wconf 79' lang='grc' dir='ltr'>ἄλλα</span> <span class='ocrx_word' id='word_1_688' title='bbox 553 5302 703 5374; x_wconf 82' lang='grc' dir='ltr'><strong>παρά</strong></span> <span class='ocrx_word' id='word_1_689' title='bbox 726 5301 823 5373; x_wconf 81' lang='grc' dir='ltr'>τὴν</span> <span class='ocrx_word' id='word_1_690' title='bbox 855 5301 1034 5355; x_wconf 88' lang='grc' dir='ltr'>αἰτίαν</span> <span class='ocrx_word' id='word_1_691' title='bbox 1078 5301 1309 5354; x_wconf 76' lang='grc' dir='ltr'>ἑκάστου</span> <span class='ocrx_word' id='word_1_692' title='bbox 1344 5299 1548 5355; x_wconf 89' lang='grc' dir='ltr'>τούτων</span> <span class='ocrx_word' id='word_1_693' title='bbox 1578 5299 1829 5371; x_wconf 83' lang='grc' dir='ltr'>ἀπήγαγε</span> <span class='ocrx_word' id='word_1_694' title='bbox 1860 5298 1952 5353; x_wconf 78' lang='grc' dir='ltr'>τὸν</span> 
     </span>
    </p>
   </div>
   <div class='ocr_carea' id='block_1_100' title="bbox 389 5394 611 5449">
    <p class='ocr_par' dir='ltr' id='par_1_100' title="bbox 389 5394 611 5449">
     <span class='ocr_line' id='line_1_100' title="bbox 389 5394 611 5449; baseline 0.014 -3"><span class='ocrx_word' id='word_1_695' title='bbox 389 5394 611 5449; x_wconf 87' lang='grc' dir='ltr'>σκοπόν.</span> 
     </span>
    </p>
   </div>
   <div class='ocr_carea' id='block_1_101' title="bbox 458 5482 1952 5555">
    <p class='ocr_par' dir='ltr' id='par_1_101' title="bbox 458 5482 1952 5555">
     <span class='ocr_line' id='line_1_101' title="bbox 458 5482 1952 5555; baseline -0.001 -18"><span class='ocrx_word' id='word_1_696' title='bbox 458 5484 556 5550; x_wconf 83' lang='grc' dir='ltr'>ξθ¹.</span> <span class='ocrx_word' id='word_1_697' title='bbox 586 5488 602 5507; x_wconf 85' lang='grc'>⁶</span> <span class='ocrx_word' id='word_1_698' title='bbox 631 5484 820 5546; x_wconf 73' lang='grc' dir='ltr'>Οὐδεὶς</span> <span class='ocrx_word' id='word_1_699' title='bbox 847 5482 954 5536; x_wconf 84' lang='grc' dir='ltr'><strong>τῶν</strong></span> <span class='ocrx_word' id='word_1_700' title='bbox 982 5483 1231 5555; x_wconf 81' lang='grc' dir='ltr'>πονηρῶν</span> <span class='ocrx_word' id='word_1_701' title='bbox 1254 5482 1543 5553; x_wconf 88' lang='grc' dir='ltr'>δαιμόνων,</span> <span class='ocrx_word' id='word_1_702' title='bbox 1576 5482 1669 5536; x_wconf 83' lang='grc' dir='ltr'>τοῦ</span> <span class='ocrx_word' id='word_1_703' title='bbox 1700 5483 1952 5554; x_wconf 79' lang='grc' dir='ltr'>ἐναρέτου</span> 
     </span>
    </p>
   </div>
   <div class='ocr_carea' id='block_1_102' title="bbox 462 5596 1143 5668">
    <p class='ocr_par' dir='ltr' id='par_1_102' title="bbox 462 5596 1143 5668">
     <span class='ocr_line' id='line_1_102' title="bbox 462 5596 1143 5668; baseline -0.004 -11"><span class='ocrx_word' id='word_1_704' title='bbox 462 5600 481 5623; x_wconf 74' lang='grc'><strong><em>⁸</em></strong></span> <span class='ocrx_word' id='word_1_705' title='bbox 508 5599 591 5657; x_wconf 80' lang='lat' dir='ltr'><strong>Cf.</strong></span> <span class='ocrx_word' id='word_1_706' title='bbox 615 5600 683 5655; x_wconf 90' lang='lat' dir='ltr'><strong>ad</strong></span> <span class='ocrx_word' id='word_1_707' title='bbox 707 5596 951 5655; x_wconf 82' lang='lat' dir='ltr'><strong>Thalass.</strong></span> <span class='ocrx_word' id='word_1_708' title='bbox 977 5615 1031 5668; x_wconf 92' lang='lat' dir='ltr'><strong>q.</strong></span> <span class='ocrx_word' id='word_1_709' title='bbox 1057 5600 1143 5655; x_wconf 82' lang='lat'><strong>56.</strong></span> 
     </span>
    </p>
   </div>
   <div class='ocr_carea' id='block_1_103' title="bbox 2050 4585 3687 4657">
    <p class='ocr_par' dir='ltr' id='par_1_103' title="bbox 2050 4585 3687 4657">
     <span class='ocr_line' id='line_1_103' title="bbox 2050 4585 3687 4657; baseline 0.001 -18"><span class='ocrx_word' id='word_1_710' title='bbox 2050 4593 2146 4639; x_wconf 90' lang='lat' dir='ltr'><strong>aut</strong></span> <span class='ocrx_word' id='word_1_711' title='bbox 2174 4585 2305 4640; x_wconf 86' lang='lat' dir='ltr'><strong>facit</strong></span> <span class='ocrx_word' id='word_1_712' title='bbox 2335 4602 2458 4656; x_wconf 74' lang='lat' dir='ltr'><strong>qua:</strong></span> <span class='ocrx_word' id='word_1_713' title='bbox 2483 4587 2705 4641; x_wconf 87' lang='lat' dir='ltr'><strong>virtutis</strong></span> <span class='ocrx_word' id='word_1_714' title='bbox 2737 4597 2884 4651; x_wconf 89' lang='lat' dir='ltr'><strong>sunt,</strong></span> <span class='ocrx_word' id='word_1_715' title='bbox 2919 4597 3014 4642; x_wconf 88' lang='lat' dir='ltr'><strong>aut</strong></span> <span class='ocrx_word' id='word_1_716' title='bbox 3039 4588 3286 4657; x_wconf 88' lang='lat' dir='ltr'><strong>loquitur</strong></span> <span class='ocrx_word' id='word_1_717' title='bbox 3310 4628 3325 4653; x_wconf 93' lang='lat'><strong>,</strong></span> <span class='ocrx_word' id='word_1_718' title='bbox 3371 4595 3622 4643; x_wconf 84' lang='lat' dir='ltr'><strong>assenta-</strong></span> <span class='ocrx_word' id='word_1_719' title='bbox 3678 4594 3687 4599; x_wconf 75' lang='lat'><strong><em>&#39;</em></strong></span> 
     </span>
    </p>
   </div>
   <div class='ocr_carea' id='block_1_104' title="bbox 2052 4675 3626 4747">
    <p class='ocr_par' dir='ltr' id='par_1_104' title="bbox 2052 4675 3626 4747">
     <span class='ocr_line' id='line_1_104' title="bbox 2052 4675 3626 4747; baseline 0 -19"><span class='ocrx_word' id='word_1_720' title='bbox 2052 4675 2220 4730; x_wconf 89' lang='lat' dir='ltr'><strong>tionis</strong></span> <span class='ocrx_word' id='word_1_721' title='bbox 2242 4675 2437 4729; x_wconf 89' lang='lat' dir='ltr'><strong>morbo</strong></span> <span class='ocrx_word' id='word_1_722' title='bbox 2457 4676 2734 4742; x_wconf 87' lang='lat' dir='ltr'><strong>laborans,</strong></span> <span class='ocrx_word' id='word_1_723' title='bbox 2774 4676 2934 4747; x_wconf 88' lang='lat' dir='ltr'><strong>longe</strong></span> <span class='ocrx_word' id='word_1_724' title='bbox 2969 4677 3140 4746; x_wconf 76' lang='lat' dir='ltr'><strong>pluris</strong></span> <span class='ocrx_word' id='word_1_725' title='bbox 3166 4677 3335 4731; x_wconf 84' lang='lat' dir='ltr'><strong>habet</strong></span> <span class='ocrx_word' id='word_1_726' title='bbox 3366 4686 3425 4731; x_wconf 91' lang='lat' dir='ltr'><strong>ut</strong></span> <span class='ocrx_word' id='word_1_727' title='bbox 3445 4676 3626 4730; x_wconf 78' lang='lat' dir='ltr'><strong>homi-</strong></span> 
     </span>
    </p>
   </div>
   <div class='ocr_carea' id='block_1_105' title="bbox 2052 4766 3625 4838">
    <p class='ocr_par' dir='ltr' id='par_1_105' title="bbox 2052 4766 3625 4838">
     <span class='ocr_line' id='line_1_105' title="bbox 2052 4766 3625 4838; baseline 0.001 -18"><span class='ocrx_word' id='word_1_728' title='bbox 2052 4767 2238 4831; x_wconf 88' lang='lat' dir='ltr'><strong>nibus,</strong></span> <span class='ocrx_word' id='word_1_729' title='bbox 2298 4782 2462 4836; x_wconf 87' lang='lat' dir='ltr'><strong>quam</strong></span> <span class='ocrx_word' id='word_1_730' title='bbox 2491 4776 2554 4823; x_wconf 89' lang='lat' dir='ltr'><strong>ut</strong></span> <span class='ocrx_word' id='word_1_731' title='bbox 2599 4768 2713 4823; x_wconf 91' lang='lat' dir='ltr'><strong>Deo</strong></span> <span class='ocrx_word' id='word_1_732' title='bbox 2762 4769 3049 4838; x_wconf 88' lang='lat' dir='ltr'><strong>probetur.</strong></span> <span class='ocrx_word' id='word_1_733' title='bbox 3090 4768 3194 4834; x_wconf 84' lang='lat' dir='ltr'><strong>Qui</strong></span> <span class='ocrx_word' id='word_1_734' title='bbox 3232 4767 3471 4837; x_wconf 86' lang='lat' dir='ltr'><strong>denique</strong></span> <span class='ocrx_word' id='word_1_735' title='bbox 3506 4766 3625 4821; x_wconf 89' lang='lat' dir='ltr'><strong>sola</strong></span> 
     </span>
    </p>
   </div>
   <div class='ocr_carea' id='block_1_106' title="bbox 2053 4855 3627 4916">
    <p class='ocr_par' dir='ltr' id='par_1_106' title="bbox 2053 4855 3627 4916">
     <span class='ocr_line' id='line_1_106' title="bbox 2053 4855 3627 4916; baseline -0.001 -8"><span class='ocrx_word' id='word_1_736' title='bbox 2053 4855 2275 4910; x_wconf 86' lang='lat' dir='ltr'><strong>virtutis</strong></span> <span class='ocrx_word' id='word_1_737' title='bbox 2306 4856 2595 4913; x_wconf 89' lang='lat' dir='ltr'><strong>honestate</strong></span> <span class='ocrx_word' id='word_1_738' title='bbox 2621 4859 2689 4913; x_wconf 91' lang='lat' dir='ltr'><strong>ad</strong></span> <span class='ocrx_word' id='word_1_739' title='bbox 2720 4858 2908 4916; x_wconf 73' lang='lat' dir='ltr'><strong>fucum</strong></span> <span class='ocrx_word' id='word_1_740' title='bbox 2949 4857 3261 4911; x_wconf 83' lang='lat' dir='ltr'><strong>faciendum</strong></span> <span class='ocrx_word' id='word_1_741' title='bbox 3314 4856 3457 4910; x_wconf 88' lang='lat' dir='ltr'><strong>malo</strong></span> <span class='ocrx_word' id='word_1_742' title='bbox 3501 4858 3627 4907; x_wconf 73' lang='lat' dir='ltr'><strong>astu’</strong></span> 
     </span>
    </p>
   </div>
   <div class='ocr_carea' id='block_1_107' title="bbox 2054 4944 3626 5018">
    <p class='ocr_par' dir='ltr' id='par_1_107' title="bbox 2054 4944 3626 5018">
     <span class='ocr_line' id='line_1_107' title="bbox 2054 4944 3626 5018; baseline -0.002 -19"><span class='ocrx_word' id='word_1_743' title='bbox 2054 4960 2238 5001; x_wconf 77' lang='lat' dir='ltr'><strong>mores</strong></span> <span class='ocrx_word' id='word_1_744' title='bbox 2259 4946 2490 5015; x_wconf 82' lang='lat' dir='ltr'><strong>imbuit,</strong></span> <span class='ocrx_word' id='word_1_745' title='bbox 2521 4963 2856 5018; x_wconf 89' lang='lat' dir='ltr'><strong>pravamque</strong></span> <span class='ocrx_word' id='word_1_746' title='bbox 2883 4948 3052 5003; x_wconf 90' lang='lat' dir='ltr'><strong>animi</strong></span> <span class='ocrx_word' id='word_1_747' title='bbox 3099 4944 3446 5000; x_wconf 83' lang='lat' dir='ltr'><strong>affectionem</strong></span> <span class='ocrx_word' id='word_1_748' title='bbox 3490 4956 3626 4997; x_wconf 82' lang='lat' dir='ltr'><strong>con-</strong></span> 
     </span>
    </p>
   </div>
   <div class='ocr_carea' id='block_1_108' title="bbox 2056 5037 3628 5111">
    <p class='ocr_par' dir='ltr' id='par_1_108' title="bbox 2056 5037 3628 5111">
     <span class='ocr_line' id='line_1_108' title="bbox 2056 5037 3628 5111; baseline -0.007 -16"><span class='ocrx_word' id='word_1_749' title='bbox 2056 5039 2248 5109; x_wconf 85' lang='lat' dir='ltr'><strong>spicuo</strong></span> <span class='ocrx_word' id='word_1_750' title='bbox 2282 5039 2560 5110; x_wconf 84' lang='lat' dir='ltr'><strong>religionis</strong></span> <span class='ocrx_word' id='word_1_751' title='bbox 2590 5041 3031 5111; x_wconf 69' lang='lat' dir='ltr'><strong>pietatishabitu</strong></span> <span class='ocrx_word' id='word_1_752' title='bbox 3072 5040 3303 5109; x_wconf 86' lang='lat' dir='ltr'><strong>obtegit,</strong></span> <span class='ocrx_word' id='word_1_753' title='bbox 3357 5038 3404 5092; x_wconf 90' lang='lat' dir='ltr'><strong>is</strong></span> <span class='ocrx_word' id='word_1_754' title='bbox 3456 5037 3628 5108; x_wconf 72' lang='lat' dir='ltr'><strong>hypo-</strong></span> 
     </span>
    </p>
   </div>
   <div class='ocr_carea' id='block_1_109' title="bbox 2056 5126 3628 5200">
    <p class='ocr_par' dir='ltr' id='par_1_109' title="bbox 2056 5126 3628 5200">
     <span class='ocr_line' id='line_1_109' title="bbox 2056 5126 3628 5200; baseline -0.003 -17"><span class='ocrx_word' id='word_1_755' title='bbox 2056 5128 2218 5183; x_wconf 90' lang='lat' dir='ltr'><strong>crisis</strong></span> <span class='ocrx_word' id='word_1_756' title='bbox 2242 5128 2371 5183; x_wconf 90' lang='lat' dir='ltr'><strong>dolo</strong></span> <span class='ocrx_word' id='word_1_757' title='bbox 2398 5129 2657 5184; x_wconf 86' lang='lat' dir='ltr'><strong>virtutem</strong></span> <span class='ocrx_word' id='word_1_758' title='bbox 2691 5130 2936 5185; x_wconf 88' lang='lat' dir='ltr'><strong>redimit.</strong></span> <span class='ocrx_word' id='word_1_759' title='bbox 2965 5130 3068 5196; x_wconf 91' lang='lat' dir='ltr'><strong>Qui</strong></span> <span class='ocrx_word' id='word_1_760' title='bbox 3100 5145 3231 5200; x_wconf 84' lang='lat' dir='ltr'><strong>ergo</strong></span> <span class='ocrx_word' id='word_1_761' title='bbox 3263 5127 3385 5183; x_wconf 88' lang='lat' dir='ltr'><strong>talis</strong></span> <span class='ocrx_word' id='word_1_762' title='bbox 3407 5134 3513 5190; x_wconf 88' lang='lat' dir='ltr'><strong>cst,</strong></span> <span class='ocrx_word' id='word_1_763' title='bbox 3560 5126 3628 5179; x_wconf 74' lang='grc' dir='ltr'>ιιίι</span> 
     </span>
    </p>
   </div>
   <div class='ocr_carea' id='block_1_110' title="bbox 2058 5215 3630 5290">
    <p class='ocr_par' dir='ltr' id='par_1_110' title="bbox 2058 5215 3630 5290">
     <span class='ocr_line' id='line_1_110' title="bbox 2058 5215 3630 5290; baseline -0.003 -18"><span class='ocrx_word' id='word_1_764' title='bbox 2058 5219 2164 5273; x_wconf 89' lang='lat' dir='ltr'><strong>alia</strong></span> <span class='ocrx_word' id='word_1_765' title='bbox 2208 5235 2373 5289; x_wconf 88' lang='lat' dir='ltr'><strong>quam</strong></span> <span class='ocrx_word' id='word_1_766' title='bbox 2430 5220 2496 5275; x_wconf 87' lang='lat' dir='ltr'><strong>ad</strong></span> <span class='ocrx_word' id='word_1_767' title='bbox 2547 5228 2848 5284; x_wconf 88' lang='lat' dir='ltr'><strong>auctorem,</strong></span> <span class='ocrx_word' id='word_1_768' title='bbox 2899 5220 3097 5274; x_wconf 91' lang='lat' dir='ltr'><strong>horum</strong></span> <span class='ocrx_word' id='word_1_769' title='bbox 3140 5220 3407 5290; x_wconf 81' lang='lat' dir='ltr'><strong>cujusque</strong></span> <span class='ocrx_word' id='word_1_770' title='bbox 3462 5215 3630 5270; x_wconf 81' lang='lat' dir='ltr'><strong>linem</strong></span> 
     </span>
    </p>
   </div>
   <div class='ocr_carea' id='block_1_111' title="bbox 2059 5310 2271 5365">
    <p class='ocr_par' dir='ltr' id='par_1_111' title="bbox 2059 5310 2271 5365">
     <span class='ocr_line' id='line_1_111' title="bbox 2059 5310 2271 5365; baseline 0.005 -2"><span class='ocrx_word' id='word_1_771' title='bbox 2059 5310 2271 5365; x_wconf 85' lang='lat' dir='ltr'><strong>retulit.</strong></span> 
     </span>
    </p>
   </div>
   <div class='ocr_carea' id='block_1_112' title="bbox 2115 5484 3633 5559">
    <p class='ocr_par' dir='ltr' id='par_1_112' title="bbox 2115 5484 3633 5559">
     <span class='ocr_line' id='line_1_112' title="bbox 2115 5484 3633 5559; baseline -0.001 -19"><span class='ocrx_word' id='word_1_772' title='bbox 2115 5484 2202 5541; x_wconf 88' lang='lat'><strong>69.</strong></span> <span class='ocrx_word' id='word_1_773' title='bbox 2217 5486 2411 5543; x_wconf 90' lang='lat' dir='ltr'><strong>Nullus</strong></span> <span class='ocrx_word' id='word_1_774' title='bbox 2426 5504 2668 5559; x_wconf 83' lang='lat' dir='ltr'><strong>unquam</strong></span> <span class='ocrx_word' id='word_1_775' title='bbox 2682 5488 3149 5559; x_wconf 79' lang='lat' dir='ltr'><strong>nequissimornni</strong></span> <span class='ocrx_word' id='word_1_776' title='bbox 3163 5486 3493 5551; x_wconf 78' lang='lat' dir='ltr'><strong>daemonum,</strong></span> <span class='ocrx_word' id='word_1_777' title='bbox 3510 5484 3633 5556; x_wconf 84' lang='lat' dir='ltr'><strong>ejus</strong></span> 
     </span>
    </p>
   </div>
   <div class='ocr_carea' id='block_1_113' title="bbox 574 5688 1937 5769">
    <p class='ocr_par' dir='ltr' id='par_1_113' title="bbox 574 5688 1937 5769">
     <span class='ocr_line' id='line_1_113' title="bbox 574 5688 1937 5769; baseline 0.001 -22"><span class='ocrx_word' id='word_1_778' title='bbox 574 5688 766 5747; x_wconf 76' lang='grc' dir='ltr'><strong>Ποιῶν</strong></span> <span class='ocrx_word' id='word_1_779' title='bbox 785 5693 822 5759; x_wconf 82' lang='grc' dir='ltr'><strong>ἢ</strong></span> <span class='ocrx_word' id='word_1_780' title='bbox 850 5692 1083 5769; x_wconf 61' lang='grc' dir='ltr'>λα.ίῶνέ</span> <span class='ocrx_word' id='word_1_781' title='bbox 1100 5694 1234 5748; x_wconf 85' lang='lat' dir='ltr'><strong>Male</strong></span> <span class='ocrx_word' id='word_1_782' title='bbox 1255 5694 1420 5757; x_wconf 86' lang='lat' dir='ltr'><strong>editis</strong></span> <span class='ocrx_word' id='word_1_783' title='bbox 1441 5694 1647 5769; x_wconf 70' lang='grc' dir='ltr'>δοκῷν,</span> <span class='ocrx_word' id='word_1_784' title='bbox 1698 5696 1845 5766; x_wconf 91' lang='lat' dir='ltr'><strong>quod</strong></span> <span class='ocrx_word' id='word_1_785' title='bbox 1896 5708 1937 5752; x_wconf 71' lang='lat' dir='ltr'><strong>et</strong></span> 
     </span>
    </p>
   </div>
   <div class='ocr_carea' id='block_1_114' title="bbox 2037 5688 3634 5769">
    <p class='ocr_par' dir='ltr' id='par_1_114' title="bbox 2037 5694 3634 5769">
     <span class='ocr_line' id='line_1_114' title="bbox 2037 5694 3634 5769; baseline -0.001 -16"><span class='ocrx_word' id='word_1_786' title='bbox 2037 5697 2336 5758; x_wconf 64' lang='lat' dir='ltr'><strong>ilcecismus</strong></span> <span class='ocrx_word' id='word_1_787' title='bbox 2363 5708 2467 5768; x_wconf 89' lang='lat' dir='ltr'><strong>est,</strong></span> <span class='ocrx_word' id='word_1_788' title='bbox 2501 5714 2605 5757; x_wconf 88' lang='lat' dir='ltr'><strong>nec</strong></span> <span class='ocrx_word' id='word_1_789' title='bbox 2640 5699 2771 5755; x_wconf 87' lang='lat' dir='ltr'><strong>satis</strong></span> <span class='ocrx_word' id='word_1_790' title='bbox 2808 5698 2900 5753; x_wconf 86' lang='lat' dir='ltr'><strong>hic</strong></span> <span class='ocrx_word' id='word_1_791' title='bbox 2969 5698 3240 5769; x_wconf 79' lang='lat' dir='ltr'><strong>congruit,</strong></span> <span class='ocrx_word' id='word_1_792' title='bbox 3294 5695 3397 5753; x_wconf 85' lang='lat' dir='ltr'><strong>etsi</strong></span> <span class='ocrx_word' id='word_1_793' title='bbox 3473 5694 3634 5751; x_wconf 87' lang='lat' dir='ltr'><strong>Picus</strong></span> 
     </span>
    </p>
   </div>
   <div class='ocr_carea' id='block_1_115' title="bbox 395 5690 1647 5828">
    <p class='ocr_par' dir='ltr' id='par_1_115' title="bbox 395 5690 1647 5828">
     <span class='ocr_line' id='line_1_115' title="bbox 457 5690 1647 5819; baseline -0.001 -72"><span class='ocrx_word' id='word_1_794' title='bbox 457 5690 539 5819; x_wconf 52' lang='lat'><strong>3/2</strong></span> <span class='ocrx_word' id='word_1_795' title='bbox 574 5690 766 5747; x_wconf 75' lang='grc' dir='ltr'><strong>Ποιῶν</strong></span> <span class='ocrx_word' id='word_1_796' title='bbox 785 5693 822 5759; x_wconf 81' lang='grc' dir='ltr'><strong>ἢ</strong></span> <span class='ocrx_word' id='word_1_797' title='bbox 850 5692 1074 5746; x_wconf 65' lang='grc' dir='ltr'><em>λαλῶν.</em></span> <span class='ocrx_word' id='word_1_798' title='bbox 1100 5694 1234 5748; x_wconf 85' lang='lat' dir='ltr'><strong>Male</strong></span> <span class='ocrx_word' id='word_1_799' title='bbox 1255 5694 1420 5757; x_wconf 86' lang='lat' dir='ltr'><strong>editis</strong></span> <span class='ocrx_word' id='word_1_800' title='bbox 1455 5694 1647 5757; x_wconf 80' lang='grc' dir='ltr'>δοκῶν,</span> 
     </span>
     <span class='ocr_line' id='line_1_116' title="bbox 395 5762 1647 5828; baseline -0.003 -6"><span class='ocrx_word' id='word_1_801' title='bbox 395 5782 453 5822; x_wconf 83' lang='lat' dir='ltr'><strong>re</strong></span> <span class='ocrx_word' id='word_1_802' title='bbox 531 5768 624 5820; x_wconf 87' lang='lat' dir='ltr'><strong>e&#39;re</strong></span> <span class='ocrx_word' id='word_1_803' title='bbox 648 5772 879 5818; x_wconf 90' lang='lat' dir='ltr'><strong>conatus</strong></span> <span class='ocrx_word' id='word_1_804' title='bbox 905 5773 1008 5828; x_wconf 88' lang='lat' dir='ltr'><strong>est,</strong></span> <span class='ocrx_word' id='word_1_805' title='bbox 1038 5762 1261 5817; x_wconf 74' lang='lat' dir='ltr'><strong>Exercet</strong></span> <span class='ocrx_word' id='word_1_806' title='bbox 1285 5773 1376 5817; x_wconf 79' lang='lat' dir='ltr'><strong>aut</strong></span> <span class='ocrx_word' id='word_1_807' title='bbox 1407 5764 1647 5819; x_wconf 70' lang='lat' dir='ltr'><strong>simulat.</strong></span> 
     </span>
    </p>
   </div>
   <div class='ocr_carea' id='block_1_116' title="bbox 678 5853 1282 5917">
    <p class='ocr_par' dir='ltr' id='par_1_116' title="bbox 678 5853 1282 5917">
     <span class='ocr_line' id='line_1_117' title="bbox 678 5853 1282 5917; baseline -0.003 0"><span class='ocrx_word' id='word_1_808' title='bbox 678 5856 946 5917; x_wconf 65' lang='lat' dir='ltr'><strong>Parant.</strong></span> <span class='ocrx_word' id='word_1_809' title='bbox 995 5853 1111 5917; x_wconf 75' lang='lat' dir='ltr'><strong>Gn.</strong></span> <span class='ocrx_word' id='word_1_810' title='bbox 1160 5854 1282 5916; x_wconf 80' lang='lat' dir='ltr'><strong>XC.</strong></span> 
     </span>
    </p>
   </div>
   <div class='ocr_carea' id='block_1_117' title="bbox 3241 5855 3312 5915">
    <p class='ocr_par' dir='ltr' id='par_1_117' title="bbox 3241 5855 3312 5915">
     <span class='ocr_line' id='line_1_118' title="bbox 3241 5855 3312 5915; baseline 0.014 -1"><span class='ocrx_word' id='word_1_811' title='bbox 3241 5855 3312 5915; x_wconf 78' lang='grc' dir='ltr'><strong>ιιι</strong></span> 
     </span>
    </p>
   </div>
  </div>
