4122 6320
597 369 726 434 1291

1759 361 1821 420 S.
1857 360 2146 422 MAXIMI
2183 361 2694 426 CONFESSORIS

3728 366 3857 435 1299

589 485 687 552 qui
721 479 942 535 virtutis
967 477 1147 534 cultor
1188 485 1293 540 est,
1353 474 1694 530 alacritatem
1749 481 2163 542 promptumque

2282 473 2415 527 ποτὲ
2451 473 2653 528 κωλύει
2677 475 2739 529 τὸ
2763 474 3046 548 πρόθυμον
3067 494 3082 509 ο
3119 478 3260 535 ἀλλὰ
3287 479 3382 534 καὶ
3412 478 3608 551 μᾶλλον
3641 480 3751 545 τὰς
3780 483 3858 537 t1-

587 572 834 628 animum
863 570 1123 640 prohibet
1157 587 1170 622 :
1205 569 1343 638 quin
1393 567 1562 620 etiam
1607 565 1876 620 virtutum
1921 563 2176 620 defectus

589 661 717 716 dolo
748 669 1059 728 amputans,
1085 659 1324 730 majores
1350 665 1582 712 conatus
1599 655 1866 710 adbibere
1892 655 2171 721 hortatur,

586 767 776 823 parem
808 767 934 806 cum
964 751 1034 806 iis
1060 751 1156 822 qui
1193 751 1498 806 certamine
1551 748 1860 818 funguntur
1903 747 2177 804 exhibens

586 842 929 897 alacritatem
953 857 969 908 ;
1002 841 1168 913 576
1190 842 1297 896 hoc
1329 839 1544 895 scilicet
1563 854 1750 910 agens,
1777 846 1840 892 ut
1860 838 2176 894 exercentis

586 933 655 988 ad
699 935 962 1004 pietatem
1013 940 1188 988 totum
1234 933 1291 987 in
1335 948 1395 987 se
1425 932 1669 986 animum
1714 930 1918 996 trahat,
1971 930 2176 986 amisso

585 1026 988 1084 mediocritatis
1008 1025 1362 1097 aequilibrio;
1422 1025 1579 1095 isque
1615 1024 1756 1080 adeo
1804 1024 2132 1094 imprudens
2157 1065 2173 1090 ,

586 1117 654 1172 ad
702 1115 853 1171 aliud
881 1132 1048 1186 quam
1100 1116 1394 1172 videbatur
1447 1115 1820 1170 diversorium
1871 1115 1980 1170 iter
2047 1129 2178 1170 con-

537 1191 542 1196 .
585 1207 797 1262 tendat.

657 1297 746 1352 70.
781 1299 1088 1363 Daemones,
1110 1312 1215 1353 nec
1241 1297 1556 1354 castitatem
1598 1297 1862 1362 oderunt,
1892 1312 1997 1352 nec
2024 1297 2173 1367 jeju-

583 1390 737 1444 nium
773 1397 1133 1444 exsecrantur
1173 1405 1187 1441 :
1226 1405 1335 1443 non
1372 1389 1732 1458 pecuniarum
1764 1389 2170 1459 elargitionem,

583 1495 695 1533 non
717 1479 1175 1549 hospitalitatem,
1203 1495 1313 1534 non
1336 1480 1674 1549 psalmorum
1699 1479 2169 1543 decantationem,

582 1586 695 1624 non
739 1571 999 1625 lectionis
1031 1587 1254 1640 operam
1280 1611 1294 1635 ,
1337 1586 1448 1625 non
1484 1570 1764 1626 silentium
1809 1585 1873 1625 ac
1919 1571 2173 1626 solitudi-

582 1677 733 1726 nem,
771 1676 882 1715 non
915 1661 1115 1718 eximie
1152 1662 1419 1717 sublimes
1463 1661 1807 1732 disciplinas,
1862 1677 1974 1716 non
2014 1663 2172 1717 strati

582 1753 737 1807 humi
756 1752 1044 1818 duritiem,
1063 1768 1173 1807 non
1199 1755 1434 1824 vigilias,
1470 1770 1581 1808 non
1611 1755 1822 1825 reliqua
1845 1756 2031 1809 omnia
2049 1755 2172 1825 qui-

2275 561 2482 632 λείψεις
2510 563 2747 635 δολερῶς
2781 565 3089 635 περικόψας
3120 566 3231 621 τῶν
3263 567 3499 637 ἀρετῶν,
3530 566 3628 630 τὰς
3665 567 3856 624 tani-

2275 670 2391 718 σεις
2421 655 2778 728 ὑπαγορεύει,
2831 658 2949 721 τοῖς
2977 657 3318 726 ἀγωνισταῖς
3342 658 3856 730 συμπροθυμούμεο

2275 762 2384 808 νος·
2420 746 2509 800 ἵνα
2542 747 2679 818 πρὸς
2711 747 2906 802 ἑαυτὸν
2939 748 3071 816 ὃλην
3119 752 3417 822 ποιήσηται
3449 749 3548 804 τοῦ
3577 750 3855 822 ἀσκουμέ-

2277 852 2371 889 νου
2402 837 2504 907 τὴν
2536 836 2772 901 ἔννοιαν,
2802 840 3269 910 παραπολέσασαν
3309 841 3372 895 τὸ
3414 842 3534 898 ἴσον
3554 841 3660 911 τῆς
3699 843 3855 913 μεσό-

2275 945 2439 997 τητος
2474 927 2758 1000 στάθμιον,
2787 931 2885 986 καὶ
2905 931 3045 1006 λάϐῃ
3081 933 3220 1004 πρὸς
3247 932 3381 988 ἀλλο
3399 931 3556 1006 παρά
3579 933 3647 986 τὸ
3671 931 3851 990 δοκοῦν

2275 1021 2536 1077 όδεύουσα
2562 1023 2931 1093 καταγώγιον.

2346 1277 2407 1325 o'.
2459 1270 2523 1324 Οἱ
2571 1271 2825 1341 δαίμονες
2858 1269 2986 1326 οὔτε
3024 1271 3384 1343 σωφροσύνην
3420 1271 3704 1342 μισοῦσιν,
3739 1271 3850 1326 οὔτε

2274 1363 2531 1435 νηστείαν
2561 1363 2981 1434 βδελύσσονταιο
3035 1365 3100 1418 οὐ
3155 1365 3462 1437 χρημάτων
3496 1363 3766 1431 διάδοσιν,
3796 1365 3848 1418 οὗ

2273 1453 2600 1522 φιλοξενίαν,
2637 1455 2699 1508 οὐ
2729 1454 3074 1526 ψαλμῳδίαν,
3107 1455 3168 1508 ού
3227 1455 3426 1527 σχολὴν
3465 1455 3848 1524 ἀναγνώσεως,

2271 1547 2372 1616 οὐχ
2403 1547 2659 1616 ἡσυχίαν,
2689 1548 2751 1600 ού
2801 1546 2912 1600 τῶν
2945 1545 3290 1618 μαθημάτων
3321 1547 3392 1601 τά
3425 1547 3768 1617 ὑψηλότατα,
3795 1548 3847 1600 ού

2272 1638 2595 1709 χαμευνίαν,
2627 1640 2728 1692 οὐκ
2777 1639 3108 1710 ἀγρυπνίαν,
3159 1638 3222 1693 ού
3250 1639 3320 1692 τά
3351 1638 3518 1692 λοιπὰ
3547 1639 3758 1700 πάντα,
3789 1637 3848 1691 δι’

2274 1722 2350 1782 ὧν
2375 1729 2404 1782 ὁ
2435 1728 2578 1783 κατά
2610 1729 2743 1782 Θεὸν
2771 1730 3239 1801 χαρακτηρίζεται
3275 1730 3411 1801 βίος,
3440 1730 3546 1796 ἕως
3584 1731 3728 1801 πρὸς
3757 1729 3847 1783 αύ-

581 1845 691 1900 bus
713 1845 1010 1914 insignitur
1032 1846 1142 1900 vita
1173 1820 1432 1916 religiose
1461 1846 1658 1917 pieque
1690 1820 1963 1910 instituta,
1989 1820 2163 1916 quan-

2264 1821 2390 1884 τοὺς
2424 1821 2681 1875 νένευκεν
2715 1823 2744 1875 ὁ
2783 1822 2986 1887 σκοπὸς
3015 1823 3110 1876 καὶ
3142 1823 3180 1894 ἡ
3208 1822 3357 1876 αἰτία
3384 1820 3496 1876 τῶν
3522 1820 3841 1891 γινομένων.

582 1935 678 1990 diu
707 1951 902 1990 eorum
926 1950 1049 2005 quae
1081 1945 1317 2006 aguntur
1346 1936 1414 1990 ad
1437 1951 1535 1991 eos
1565 1936 1742 2006 vergit
1771 1936 2027 1990 intentio.

652 2050 737 2102 71.
776 2047 1039 2118 Reliquos
1061 2046 1200 2102 forte
1235 2047 1514 2102 daemones
1538 2049 1703 2102 citius
1724 2047 2166 2117 deprehendens,

581 2140 679 2210 qui
728 2139 797 2193 ad
847 2140 1110 2208 pietatem
1147 2147 1391 2204 exercet,
1435 2139 1584 2208 quod
1636 2139 1705 2193 ab
1757 2139 1868 2193 illis
1918 2139 2171 2193 imminet

583 2232 866 2291 damnum,
894 2230 1056 2284 facile
1087 2229 1318 2301 effugiet
1353 2247 1366 2284 :
1412 2239 1488 2296 at,
1529 2230 1624 2299 qui
1661 2231 1716 2285 in
1740 2231 1962 2285 virtutis
1991 2230 2170 2286 stadio

579 2324 687 2394 ipsi
736 2322 870 2377 socii
918 2337 983 2376 ac
1030 2321 1316 2393 adjutores
1365 2321 1704 2387 videantur,
1761 2323 1967 2392 quique
2015 2323 2170 2377 velut

578 2415 743 2468 simul
767 2415 962 2468 collata
986 2428 1150 2482 opera
1181 2427 1289 2466 una
1316 2412 1580 2481 templum
1605 2411 1877 2467 aediﬁcare
1901 2412 2074 2467 velint
2097 2412 2164 2477 ”,

579 2521 832 2575 quaenam
862 2504 1001 2558 adeo
1026 2501 1282 2557 sublimis
1311 2515 1470 2555 mens
1505 2509 1565 2555 ut
1593 2501 1992 2570 deprehendat,
2025 2502 2167 2557 citra

575 2595 857 2650 efﬁcacem
893 2593 1191 2663 vivumque
1237 2605 1579 2656 sermonem,
1613 2592 1707 2661 qui
1739 2592 1927 2646 omnia
1971 2607 2168 2663 perva-

576 2686 680 2749 dit,
713 2694 768 2740 et
797 2700 970 2754 usque
1004 2684 1072 2739 ad
1099 2682 1428 2738 divisionem
1460 2682 1656 2738 animm
1684 2699 1748 2737 ac
1774 2684 2003 2752 spiritus
2033 2701 2164 2755 per-

576 2778 741 2847 tingit
773 2777 857 2829 “?
879 2777 973 2846 qui
1003 2791 1202 2845 nempe
1229 2775 1508 2829 discernat
1563 2790 1628 2829 ac
1658 2775 1873 2846 judicct
1910 2790 2163 2846 quaenam

573 2887 743 2942 opera
776 2885 1049 2940 sensaque
1081 2886 1146 2925 ac
1171 2870 1409 2940 cogitata
1435 2870 1694 2923 animalia
1721 2870 1831 2924 sint
1860 2870 2164 2940 (naturales

573 2963 786 3017 scilicet
819 2960 1038 3015 virtutis
1069 2958 1283 3028 species
1306 2957 1648 3028 motusque),
1673 2973 1737 3011 ac
1764 2973 2016 3027 quaenam
2049 2957 2162 3026 spi-

573 3051 757 3108 ritalia
795 3052 940 3123 (qua
965 3050 1229 3104 nimirum
1269 3049 1534 3119 superent
1578 3057 1833 3103 naturam
1875 3049 2160 3118 Deumque

572 3141 915 3211 insigniant;
969 3146 1183 3193 naturae
1214 3153 1350 3193 vero
1385 3138 1701 3192 tribuantur
1735 3153 1835 3206 per
1858 3134 2113 3206 gratiam)
2144 3153 2156 3188 :

574 3233 669 3303 qui
705 3232 871 3286 etiam
899 3245 1227 3300 compagum
1272 3239 1329 3284 et
1361 3229 1732 3282 medullarum
1769 3228 2019 3298 (virtutis
2049 3229 2159 3282 sci-

570 3326 701 3380 licet
739 3324 1029 3378 modorum
1078 3336 1204 3376 cum
1253 3321 1598 3390 spiritalibus
1640 3319 1973 3390 rationibus)
2021 3333 2157 3373 con-

570 3417 887 3471 venientem
913 3415 1002 3468 vel
1039 3412 1892 3482 disconvenientemjuncturam
1931 3409 2158 3464 omnino

569 3509 790 3562 noverit
825 3524 836 3558 :
871 3505 1262 3573 discernatque
1313 3503 1678 3573 cogitationes
1717 3511 1772 3556 et
1821 3503 2157 3558 intentiones

569 3595 822 3651 eordium
853 3595 899 3626 9"
925 3593 1210 3664 (obscuras
1236 3591 1472 3655 scilicet,
1501 3593 1555 3645 in
1588 3591 1655 3646 iis
1677 3609 1799 3662 quae
1823 3593 1968 3647 dicta
2001 3601 2151 3656 sunt,

567 3702 671 3758 pro
704 3685 1081 3756 profunditate
1114 3683 1439 3738 affectiones
1484 3699 1580 3737 seu
1630 3684 2009 3748 habitudines,
2064 3699 2156 3738 ea-

569 3790 805 3845 rumque
835 3775 1021 3828 animo
1048 3772 1353 3827 invisibiles
1387 3789 1584 3828 causas
1628 3790 1690 3827 ae
1721 3773 1982 3845 rationes)
2017 3791 2029 3828 :
2061 3773 2150 3828 cui

2341 2017 2440 2073 οα’.
2470 2019 2610 2082 Τοὺς
2633 2020 2732 2089 μὲν
2755 2019 2948 2084 ἄλλους
2972 2018 3253 2090 δαίμονας,
3276 2018 3463 2090 τάχιον
3489 2017 3624 2083 ῐσως
3643 2019 3675 2073 δ
3690 2018 3843 2089 ἀσκηο

2269 2110 2368 2183 τὴς
2395 2110 2870 2180 καταλαϐόμενος,
2910 2109 3112 2182 ῥᾳδίως
3163 2110 3265 2182 τὴν
3296 2109 3356 2176 ἐξ
3401 2109 3586 2164 αὐτῶν
3651 2108 3840 2179 suam

2269 2202 2637 2274 διαδιδράσκει
2659 2222 2674 2235 ο
2723 2206 2850 2267 τοὺς
2884 2203 2944 2256 δὲ
2986 2201 3282 2266 δοκοῦντας
3311 2205 3598 2274 συνεργεῖν
3624 2203 3706 2274 τῷ
3735 2201 3838 2273 δρό-

2272 2311 2358 2366 μῳ
2395 2295 2498 2364 τῆς
2521 2294 2748 2366 ἀρετῆς,
2791 2294 2887 2348 καὶ
2916 2290 3030 2347 οἷον
3061 2293 3462 2362 ωνοικοδομεῖν
3495 2293 3838 2365 βουλομένους

2266 2387 2356 2440 τδν
2383 2386 2511 2441 ναὸν
2536 2387 2751 2459 Κυρίῳ,
2781 2387 2868 2450 τίς
2897 2385 2964 2440 ἂν
2988 2384 3096 2439 τῶν
3127 2387 3266 2454 ἀγαν
3300 2386 3522 2456 ὑψηλῶν
3553 2385 3838 2440 καταλάῦοι

2267 2480 2412 2544 νοῦς,
2448 2479 2619 2550 χωρὶς
2643 2478 2738 2532 τοῦ
2766 2479 2855 2532 διά
2890 2480 3110 2534 πάντων
3135 2479 3440 2550 χωροῦντος
3478 2479 3740 2550 ἐνεργοῦς
3765 2478 3836 2531 λό-

2265 2588 2364 2640 γου
2402 2573 2498 2625 καὶ
2532 2569 2758 2636 ζῶντος,
2810 2570 2907 2624 καλ¹
2961 2570 3337 2642 διικνουμένου
3379 2570 3510 2642 ἄχρι
3573 2569 3832 2642 μερισμοῦ

2262 2662 2442 2732 ψυχῆς
2472 2661 2567 2715 καὶ
2592 2660 3218 2732 πνεύματοςμιουτέστι,
3249 2659 3711 2729 διαγινώσκοντος
3731 2659 3833 2712 τίνα

2263 2752 2373 2804 τῶν
2405 2751 2583 2822 ἔργων
2617 2749 2650 2821 ἢ
2686 2749 2979 2820 νοημάτων
3012 2750 3124 2803 είσὶ
3144 2749 3377 2821 ψυχικὰ,
3410 2750 3701 2804 τουτέστιν
3730 2747 3829 2817 εῐδη

2264 2838 2472 2908 φυσικά
2501 2840 2598 2906 τῆς
2629 2840 2832 2909 ἀρετῆς
2875 2839 2908 2910 ἢ
2966 2841 3267 2910 κινήματα,
3306 2839 3402 2894 καὶ
3429 2839 3552 2892 τίνα
3583 2838 3830 2909 τυγχάνει

2264 2934 2634 3005 πνευματικὰ,
2663 2933 2966 2998 τουτέστιν,
3006 2933 3147 3002 ὑπὲρ
3173 2933 3336 3002 φύσιν
3367 2933 3463 2985 καὶ
3493 2932 3634 2986 Θεὸν
3678 2948 3828 3004 χαρα-

2264 3028 2626 3098 κτηρίζοντα·
2671 3030 2737 3098 τῇ
2803 3024 2965 3095 φύσει
3016 3025 3073 3078 δὲ
3131 3025 3278 3078 κατὰ
3329 3024 3494 3096 χάριν
3546 3024 3822 3095 διδόμενα·

2265 3120 2458 3191 ἁρμῶν
2479 3136 2537 3172 τε
2573 3119 2668 3172 καὶ
2697 3117 2934 3188 μυελῶν,
2975 3116 3076 3188 τὴν
3105 3116 3241 3187 πρὸς
3277 3116 3403 3180 τοὺς
3437 3115 3826 3187 πνευματικοὺς

2261 3210 2454 3278 λόγους
2479 3208 2587 3263 τῶν
2630 3209 2754 3264 κατ’
2782 3209 2988 3280 ἀρετὴν
3027 3207 3268 3278 τρόπων,
3303 3207 3562 3279 ἁρμόδιον
3602 3207 3638 3278 ἦ
3679 3207 3827 3276 ἀναρ-

2265 3302 2447 3373 μόδιον
2470 3301 2645 3356 διόλου
2681 3299 2967 3354 σύννευσιν
3018 3299 3411 3370 ἐπισταμένου,
3470 3297 3748 3370 κρίνοντός
3773 3312 3823 3350 τι

2259 3395 2359 3458 τὰς
2389 3393 2726 3464 ἐνθυμήσεις
2759 3392 2974 3454 καὶτὰς
3005 3392 3213 3454 ἐννοίας
3251 3391 3359 3445 τῶν
3387 3390 3652 3462 καρδιῶν,
3683 3405 3824 3442 τουτ-

2258 3485 2396 3550 έστι,
2429 3484 2532 3546 τάς
2558 3483 2650 3536 ἐπὶ
2683 3486 2795 3547 τοῖς
2822 3482 3136 3554 εἰρημένοις
3165 3484 3392 3551 ἀφανεῖς
3416 3482 3556 3536 κατὰ
3582 3481 3644 3534 τὸ
3674 3479 3822 3550 βάθος

2261 3578 2497 3649 σχέσεις,
2541 3579 2635 3630 καὶ
2668 3577 2770 3639 τὰς
2806 3576 2949 3629 κατά
2982 3575 3164 3646 ψυχὴν
3186 3575 3456 3647 ἀοράτους
3501 3573 3708 3627 τούτων
3743 3572 3824 3623 αι·

2256 3671 2396 3735 τίας,
2427 3663 2471 3738 ᾧ
2501 3670 2600 3722 οὐκ
2623 3667 2740 3722 ἔστι
2774 3667 2954 3730 κτίσις
2985 3667 3218 3738 ἀφανὴς,
3258 3668 3316 3720 ἐν
3343 3667 3476 3736 ἡμῖν
3496 3667 3610 3728 τοῖς
3644 3661 3821 3716 λανθά-

2256 3779 2368 3815 νειν
2400 3760 2647 3814 δοκοῦσι·
2687 3759 2865 3814 πάντα
2906 3758 2965 3812 δὲ
3003 3758 3187 3829 γυμνά
3213 3760 3307 3812 καὶ
3338 3756 3817 3829 τετραχηλισμένα,

568 3867 719 3920 nulla
747 3873 1000 3918 creatura
1029 3851 1323 3917 invisibilis
1375 3871 1461 3917 est
1497 3864 1514 3934 (
1543 3865 1595 3917 in
1628 3865 1790 3921 nobis
1813 3866 2026 3928 scilicet
2057 3868 2151 3937 qui

2264 3852 2314 3904 οὐ
2389 3853 2554 3922 μόνον
2605 3849 2674 3903 τά
2724 3848 3069 3920 γεγενημένα
3100 3865 3161 3900 τε
3213 3848 3306 3902 καὶ
3363 3848 3686 3919 νενοημένα,
3717 3845 3818 3899 ἀλλ’

565 3955 737 4010 latere
765 3953 1063 4022 videmur),
1096 3953 1192 4006 sed
1221 3953 1366 4006 nuda
1394 3954 1580 4008 omnia
1636 3963 1692 4009 ct
1728 3967 1920 4026 aperta
1947 3959 1992 3989 ⁸⁸
2016 3958 2148 4029 (ηοη

2264 3941 2354 4013 ἤδη
2381 3942 2477 3995 καὶ
2521 3940 2592 3995 τὰ
2616 3941 2988 4009 γεννησόμενα
3037 3941 3169 4010 παρ’
3223 3938 3382 4011 ἡμῶν
3419 3940 3516 3993 καὶ
3566 3935 3816 4011 νοηθησό·

566 4046 822 4100 easolum
840 4043 1118 4114 quaafacta
1140 4051 1270 4098 sunt
1289 4053 1345 4098 et
1368 4045 1628 4114 cogitata,
1655 4046 1751 4100 sed
1801 4057 1856 4102 et
1883 4064 2006 4117 quae
2033 4049 2147 4119 jam
2257 4051 2415 4106 μεναο

565 4136 814 4191 futurum
862 4143 948 4191 est
980 4141 1096 4188 uta
1144 4135 1303 4190 nobis
1349 4134 1481 4190 [iant
1527 4146 1583 4191 et
1615 4137 1972 4209 cogitentur).

640 4248 730 4302 72.
789 4245 1129 4300 Divisionem
1175 4243 1371 4298 anima:
1421 4252 1477 4298 et
1523 4243 1752 4313 spiritus
1795 4255 1974 4311 vocat,
2031 4246 2146 4303 dis-

2321 4247 2418 4318 οβ’.
2455 4245 2739 4316 Μερισμὸν
2790 4243 2968 4315 ψυχῆς
3000 4245 3096 4298 καὶ
3153 4243 3472 4316 πνεύματος,
3512 4245 3686 4313 λέγει,
3729 4243 3816 4314 τὴν

564 4339 888 4392 tinctionem
924 4337 1215 4399 virtutum,
1243 4351 1365 4405 qua;
1391 4350 1456 4389 ex
1489 4344 1686 4390 natura
1727 4348 1877 4400 sunt,
1910 4353 2145 4407 quarum

2264 4339 2512 4410 Βιαφορὰν
2542 4337 2652 4390 τῶν
2681 4339 2745 4390 ὲκ
2773 4336 2990 4406 φύσεως
3021 4335 3254 4407 ἀρετῶν,
3304 4329 3379 4389 ὧν
3413 4336 3665 4404 φυσικῶς
3708 4337 3813 4406 ἔχο-

561 4438 761 4484 natura
782 4428 1051 4482 habemus
1069 4427 1312 4481 rationes
1339 4444 1353 4492 ;
1383 4435 1438 4481 et
1460 4442 1671 4492 earum,
1691 4444 1813 4498 qua:
1835 4446 1898 4484 ex
1924 4431 2143 4499 spiritu,

2264 4449 2352 4499 μεν
2386 4432 2514 4494 τοὺς
2543 4429 2764 4498 λόγουςβ
2799 4430 2893 4482 καὶ
2921 4428 3030 4481 τῶν
3081 4431 3147 4482 ἐκ
3196 4427 3530 4497 πνεύματος,
3579 4421 3659 4482 ὧν
3689 4427 3816 4482 κατὰ

562 4535 797 4589 quarum
847 4517 940 4572 Dei
998 4534 1226 4572 munere
1289 4517 1519 4588 gratiam
1571 4520 1892 4589 accipimus.
1936 4522 2140 4578 [larum

2264 4523 2456 4594 ῑωρεὰν
2482 4522 2755 4593 δεχόμεθα
2805 4523 2903 4592 τὴν
2942 4522 3124 4593 χάριν.
3167 4521 3387 4575 Τούτων
3411 4522 3521 4592 γὰρ
3561 4521 3815 4592 εὐκρινῶς

562 4611 710 4666 enim
734 4611 883 4665 clare
915 4609 1324 4664 distinctionem
1353 4609 1484 4664 facit
1509 4610 1788 4666 discretor
1812 4629 2015 4669 sermo.

2264 4614 2347 4684 ςὴν
2375 4613 2659 4685 διαστολὴν
2690 4615 2926 4666 ποιεῖται
2961 4612 3166 4684 κρίνων
3199 4615 3228 4665 ὁ
3257 4613 3430 4682 λόγος.

631 4720 1122 4790 73.Cogitationes
1158 4731 1215 4775 et
1263 4722 1621 4786 intentiones,
1669 4739 1904 4792 quarum
1954 4739 2140 4782 sermo

2318 4726 2417 4797 ογ⁹.
2447 4727 2560 4790 Τάς
2590 4727 2917 4798 ἐνθυμήσεις
2945 4727 3040 4779 καὶ
3068 4727 3165 4789 τὰς
3191 4725 3422 4789 ἐννοίας,
3446 4717 3523 4779 ὧν
3556 4725 3678 4784 ἐστι
3705 4739 3813 4794 κρι-

560 4808 833 4865 discretor
858 4817 964 4872 est,
993 4807 1160 4862 animi
1190 4809 1244 4862 in
1276 4809 1480 4864 divinis
1505 4809 1816 4866 rationibus
1845 4822 1900 4864 et
1926 4811 2141 4882 cogita-

2264 4821 2399 4884 εικὸς
2448 4821 2473 4872 ὁ
2521 4819 2704 4887 λόγος,
2761 4819 2930 4888 φησὶν
2976 4812 3117 4870 εἶναι
3154 4817 3256 4881 τάς
3287 4817 3387 4887 τῆς
3418 4815 3605 4888 ψυχῆς
3644 4818 3811 4870 suis:

557 4903 807 4958 tionibus
837 4901 1161 4957 aliectioncs
1192 4910 1372 4966 vocat,
1405 4918 1708 4971 earumque
1741 4903 1960 4972 (nempe
2007 4903 2142 4959 alle-

2264 4914 2359 4975 ιοῖς
2385 4910 2548 4974 Θείοις
2573 4909 2752 4976 λόγοις
2782 4910 2878 4963 καὶ
2902 4910 3014 4972 τοῖς
3039 4908 3321 4979 λογισμοῖς
3343 4909 3578 4979 σχέσεις,
3607 4909 3701 4963 καὶ
3724 4907 3811 4969 τὰς

557 4994 823 5064 ctionum)
878 4994 1037 5064 577
1082 5009 1294 5048 causas.
1344 4993 1616 5064 Cogitatio
1675 5010 1914 5064 namque
1959 5003 2146 5051 movet

2264 5003 2430 5056 ιὺτῶν
2461 5001 2663 5074 δηλαδὴ
2695 5000 2804 5055 τῶν
2838 4999 3077 5070 σχέσεων
3103 4999 3306 5064 αἰτίας.
3341 5001 3407 5056 Ἦ
3444 4999 3553 5071 γὰρ
3581 5000 3807 5070 ἐνθύμη-

555 5087 904 5151 mcmoriam,
961 5087 1119 5156 cujus
1171 5085 1394 5155 propria
1438 5085 1657 5141 aﬂ'ectio
1695 5093 1783 5140 est
1838 5104 1850 5140 :
1907 5087 2144 5143 intentio

2264 5113 2352 5160 ςις,
2382 5097 2523 5148 κινεῖ
2557 5095 2798 5164 μνήμην,
2830 5087 2896 5164 ἦς
2919 5093 3117 5145 οἰκεῖον
3145 5093 3179 5162 ἡ
3231 5091 3452 5163 σχέσις
3487 5093 3522 5161 ἡ
3559 5091 3622 5144 δὲ
3647 5091 3810 5145 ἔννοια

554 5185 740 5234 autem
781 5177 953 5232 linem
1003 5177 1261 5242 attendit,
1314 5178 1409 5246 qui
1463 5177 1687 5248 quidem
1731 5177 1960 5233 denotat
2011 5195 2143 5234 cau-

2264 5189 2428 5258 πέρας
2458 5187 2782 5252 ἀποσκοπεῖ,
2819 5185 2956 5252 ὅπερ
2996 5183 3175 5238 αἰτίαν
3206 5181 3630 5254 χαρακτηρίζει.

553 5284 667 5324 sam
678 5312 690 5324 .

625 5383 713 5438 74.
741 5382 880 5439 Cum
896 5386 1039 5440 Deus
1063 5385 1437 5440 essentialiter
1469 5384 1541 5439 sit
1564 5384 1814 5448 scientia,
1843 5384 2133 5454 palamque

551 5487 772 5526 omnem
800 5475 1086 5530 scientiam
1121 5474 1414 5530 antecedat
1441 5491 1618 5540 mens,
1643 5475 1746 5529 sub
1773 5490 1937 5545 quam
1964 5475 2131 5529 etiam

553 5560 633 5620 illi
671 5575 1047 5633 comparatum
1079 5574 1164 5622 est
1190 5573 1250 5620 ut
1284 5567 1444 5620 cadat
1475 5584 1488 5619 :
1524 5566 1683 5636 plane
1709 5567 1854 5620 Deus
1898 5566 2130 5620 scientia

2315 5385 2407 5440 05'.
2469 5384 2531 5438 Εἰ
2562 5384 2680 5437 κατ’
2702 5385 2890 5439 οὐσίαν
2919 5384 3120 5454 γνῶσίς
3149 5385 3299 5438 ἔστιν
3321 5386 3351 5437 ὁ
3370 5385 3527 5449 Θεὸς,
3559 5383 3803 5456 προηγεῖ-

2220 5491 2330 5541 ,ται
2376 5475 2435 5528 δὲ
2491 5473 2678 5543 σαφῶς
2721 5474 2904 5546 πάσης
2938 5473 3196 5543 γνώσεως
3225 5473 3371 5540 νοῦς,
3424 5467 3469 5544 ᾧ
3498 5477 3595 5528 καὶ
3620 5469 3804 5528 ὑποπί-

2239 5582 2397 5619 πτειν
2425 5566 2668 5634 πέφυκεν
2686 5581 2700 5596 ·
2753 5565 2862 5636 ἄρα
2890 5564 3032 5636 ὑπὲρ
3059 5564 3268 5637 ταύτην
3294 5565 3444 5620 ἐστὶν
3473 5567 3502 5620 ό
3527 5564 3688 5629 Θεὸς,
3728 5560 3802 5615 ὅτι

624 5739 670 5770 ⁸³
693 5737 758 5792 lll
789 5737 947 5793 Esdr.
995 5755 1047 5804 ν,
1082 5740 1149 5792 68
1247 5741 1293 5772 “
1322 5739 1485 5793 llebr.
1518 5757 1588 5804 Iv,
1628 5742 1710 5794 l2.
1790 5743 1835 5774 ⁸⁵
1867 5742 2000 5796 ibid.
2081 5741 2128 5773 "
2159 5740 2296 5796 ibid.
2325 5739 2411 5794 l5.
