4122 6320
428 429 562 495 1293

1069 443 1400 506 CAPITUM
1447 447 1865 520 QUINQUIES
1919 449 2439 518 CENTENORUM
2493 461 2880 524 CENTURIA
2921 467 3035 526 III.

3532 479 3668 538 1294

421 546 515 597 καὶ
545 544 684 615 ὑπὲρ
711 545 886 600 πάντα
915 547 1061 611 νοῦν.
1094 545 1138 620 ᾧ
1169 554 1369 623 γνῶσις
1398 557 1518 609 καθ’
1542 557 1719 610 ὁτιοῦν
1747 559 1967 628 πέφυκεε

2090 565 2340 634 superior
2369 579 2473 633 est,
2511 585 2634 624 cum
2666 582 2721 627 et
2753 590 2971 630 onmem
2993 577 3204 633 infinite
3239 580 3468 638 excedat
3517 599 3670 642 men-

419 635 768 704 ὑποπίπτειν,
801 638 1189 714 ὑπεραπείρως
1213 643 1538 717 καθέστηκε.

485 815 578 863 οεν.
634 810 731 876 Τίς
772 810 864 865 τὸν
897 811 1038 866 θεῖον
1084 814 1185 867 οὑκ
1215 815 1354 886 έχων
1386 817 1698 872 ἐνοικοῦντα
1725 818 1882 888 λόγον
1913 820 1991 891 τῷ
2021 869 2029 877 .

415 901 576 971 βάθει»
617 906 720 972 τῆς
763 905 991 975 καρδίας
1011 945 1026 971 ,
1083 903 1376 977 δυνήσεται
1408 911 1535 974 τοὺς
1561 912 1785 980 ἀφανεῖς
1805 913 1990 977 δόλους

413 995 512 1064 τῆς
537 995 662 1048 καθ’
683 996 842 1066 ὴμῶν
879 998 1218 1070 ὑποκρίσεως
1247 1002 1356 1053 τῶν
1382 1002 1651 1073 δαιμόνων
1670 1005 1985 1075 ὑποκλίνας,

414 1087 604 1156 στῆναι
655 1089 778 1141 καθ’
804 1090 996 1144 ἐαυτὸν
1048 1092 1392 1161 μονώτατος,
1457 1094 1629 1165 χωρίς
1679 1112 1823 1158 τινος
1866 1099 1988 1150 ἐπι·

415 1177 618 1246 μιξίας,
661 1178 755 1232 καὶ
784 1181 1138 1252 οἰκοδομῆσαι
1169 1182 1267 1235 τοῦ
1299 1183 1505 1253 Κυρίου
1537 1183 1628 1237 τὸν
1653 1183 1801 1249 ναδν,
1847 1187 1989 1240 κατὰ

410 1267 503 1320 τὸν
534 1268 708 1338 μέγαν
735 1270 1042 1340 Ζοροϐάϐελ
1071 1273 1164 1325 καὶ
1189 1273 1282 1326 τὸν
1310 1273 1520 1344 Ἰησοῦν
1550 1275 1644 1328 καὶ
1669 1277 1796 1339 τοὺς
1822 1277 1988 1346 ἡγου-

414 1358 608 1426 μένους
644 1359 752 1412 τῶν
780 1360 1026 1432 πατριῶν
1045 1402 1060 1426 ,
1122 1361 1431 1431 φάσκοντας
1453 1363 1750 1436 διαρρήδην
1776 1366 1987 1439 μεγάλῃ

408 1451 475 1518 τῇ
505 1452 656 1520 φωνῇ
697 1454 808 1513 τοῖς
850 1452 1130 1506 ἀπατεῶσι
1175 1453 1450 1520 πνεύμασι
1482 1456 1581 1526 τῆς
1609 1456 1988 1528 ὑπερηφανίας

410 1536 502 1587 καὶ
530 1538 627 1606 τῆς
662 1537 967 1605 κενοδοξίας
999 1541 1094 1594 καὶ
1124 1541 1224 1610 τῆς
1252 1541 1742 1614 ἀνθρωπαρεσκίας
1768 1548 1860 1599 καὶ
1888 1548 1986 1625 τῇς

407 1624 744 1694 ὑποκρίσεως
763 1642 777 1656 ·
810 1630 931 1698 Οὐχ
953 1630 1100 1699 ἡμῖν
1128 1633 1225 1686 καὶ
1254 1633 1398 1701 ὑμῖν
1440 1635 1550 1688 τοῦ
1595 1624 1985 1706 οἰκοδομῆσαι

405 1711 512 1766 τὸν
546 1710 717 1768 οἷκον
747 1720 942 1785 Κυρίῳ
974 1719 1052 1785 τῷ
1084 1723 1204 1786 Θεῷ
1231 1721 1428 1790 ἡμῶν·
1477 1724 1644 1792 ἡμεῖς
1677 1727 1786 1795 γὰρ
1809 1729 1986 1795 μόνοι

407 1806 882 1878 οἰκοδομήσομεν
914 1810 993 1876 τῷ
1015 1815 1210 1881 Κυρίῳ
1237 1815 1344 1868 τοῦ
1385 1816 1662 1882 Ἰσραήλο
1699 1817 1984 1886 γινώσκων

403 1895 479 1959 ὠς
524 1898 558 1968 ή
605 1897 811 1953 τούτων
843 1901 1112 1972 ἐπιμιξία,
1147 1907 1244 1972 τῆς
1269 1905 1402 1975 ὅλης
1428 1908 1716 1979 οἰκοδομῆς
1747 1913 1980 1964 ποιεῖται
2012 1899 2057 1956 Β

405 1987 609 2058 φθορὰν
640 1991 732 2044 καὶ
762 1992 1103 2064 καθαίρεσιν,
1127 1998 1220 2050 καὶ
1243 1997 1377 2068 συλᾷ
1403 2001 1503 2070 τῆς
1530 2000 1638 2054 τῶν
1658 2001 1816 2055 θείων
1844 2003 1977 2056 ἁνα-

404 2076 662 2149 θημάτων
689 2082 1019 2154 εὐπρεπείας
1052 2087 1155 2157 τὴν
1179 2087 1358 2160 χάριν.

473 2176 578 2234 ους-³.
614 2172 803 2233 Οὐδεὶς
833 2173 1054 2229 δύναταί
1082 2193 1204 2232 τινα
1230 2178 1342 2232 τῶν
1368 2180 1677 2253 εἰρημένων
1705 2182 1979 2253 δαιμόνων

365 2253 368 2255 λ
399 2260 543 2331 ἒχων
574 2263 679 2333 τὴν
718 2265 922 2338 ἀρετὴν
955 2270 1491 2342 συμμετερχόμενον,
1524 2273 1730 2346 ταύτην
1759 2276 1837 2345 τῷ
1863 2278 1978 2329 Κυ-

331 2407 335 2412 ,
405 2349 503 2420 ρίῳ
529 2350 914 2422 οίκοδομῇσαι’
965 2355 1023 2407 οὐ
1055 2356 1162 2427 γὰρ
1193 2358 1309 2426 ἔχει
1335 2359 1429 2412 τὸν
1457 2360 1592 2414 Θεὸν
1619 2362 1728 2417 τῶν
1754 2364 1978 2434 γινομέ-

400 2455 507 2494 νων
534 2440 688 2507 τέλος
712 2481 728 2507 ,
774 2443 834 2496 ὃν
866 2443 1137 2516 θεώμενος
1169 2449 1376 2520 ταύτην
1405 2451 1660 2517 διέξεισιν
1685 2469 1698 2483 ⁸
1751 2453 1886 2508 ἀλλὰ
1915 2455 1977 2508 τὸ

403 2529 592 2596 πάθος,
625 2532 764 2605 ὅπερ
786 2533 874 2589 διὰ
899 2535 1104 2608 ταύτης
1137 2538 1474 2610 συνίστησιν.

464 2701 562 2766 οζν.
591 2705 654 2757 Ol
686 2708 805 2760 κατ’
829 2702 1063 2778 ἔλλειψιν
1087 2710 1286 2782 ἀρετῆς
1315 2713 1698 2786 πολεμοῦντες,
1721 2718 1975 2788 δαίμονές

401 2791 569 2860 εἰσιν,
621 2797 670 2847 οἱ
719 2799 977 2869 πορνείαν
1026 2802 1122 2854 καὶ
1149 2803 1352 2874 μέθην,
1405 2807 1772 2880 φιλαργυρίαν
1793 2829 1853 2864 τε
1881 2813 1975 2868 καὶ

397 2883 590 2952 φθόνον
619 2887 963 2955 διδάσκοντες
981 2910 993 2922 ·
1027 2893 1162 2948 οίδέ
1191 2897 1314 2950 καθ’
1340 2898 1648 2973 ὑπερϐολὴν
1677 2903 1975 2975 πολεμοῦν-

395 2990 487 3035 τες
512 3014 529 3041 ,
585 2977 720 3031 εἰσὶν
761 2981 812 3033 οι
871 2982 970 3052 τὴν
1023 2985 1197 3054 οἴησιν
1255 2987 1347 3041 καὶ
1398 2991 1497 3061 τὴν
1547 2995 1850 3061 κενοδοξίαν
1880 2998 1974 3052 καὶ

395 3065 494 3137 τὴν
543 3069 918 3140 ὑπερηφανίαν
970 3073 1338 3144 διδάσκοντες,
1385 3084 1482 3136 καὶ
1515 3083 1604 3137 διὰ
1650 3087 1758 3141 τῶν
1783 3089 1972 3157 δεξιῶν

391 3158 506 3222 τοῖς
534 3159 851 3232 ἀριστεροῖς
877 3157 1370 3239 ἐπικεκρυμμένως
1399 3173 1781 3248 ἐμπείροντες.

458 3292 561 3359 οην.
597 3289 724 3344 Εῐθε
756 3293 970 3360 γένοιτο
998 3297 1094 3350 καὶ
1122 3299 1268 3370 ἡμᾶς
1294 3302 1382 3357 ἀεὶ
1409 3303 1589 3374 λέγειν
1610 3310 1724 3372 τοῖς
1752 3312 1812 3363 ἐν
1836 3311 1970 3367 πλά-

392 3393 560 3448 σματι
608 3382 794 3450 φιλίας
841 3391 1220 3460 πνευματικῆς
1268 3395 1516 3464 ἀοράτως
1561 3401 1966 3468 προσϐάλλουσι

391 3469 664 3541 πνεύμασι
695 3477 792 3546 τῆς
831 3478 1114 3549 πονηρίας,
1145 3481 1240 3534 καὶ
1270 3484 1356 3537 διὰ
1382 3486 1479 3540 τοῦ
1509 3489 1717 3558 ἀγαθοῦ
1750 3493 1968 3566 λεληθό-

388 3576 497 3627 τως
513 3563 852 3634 βουλομένοις
877 3573 1318 3641 κατεργάσασθαι
1345 3577 1444 3647 τῆς
1467 3571 1741 3653 ἁμαρτίας
1766 3563 1966 3640 τὸννθάέ

387 3671 546 3709 νατον
568 3659 660 3709 καὶ
679 3658 914 3727 λέγουσι·
930 3665 1532 3738 ’Συνοικοδομήσομεν
1544 3673 1684 3740 ὑμῖν
1697 3673 1805 3727 τὸν
1814 3677 1965 3730 ναὸν

387 3742 469 3810 τῷ
481 3746 864 3816 Κυρίῳὺμῶν·
883 3753 1006 3820 Οὐχ
1024 3752 1168 3821 ἡμῖν
1183 3755 1281 3807 καὶ
1294 3756 1437 3824 ὑμῖν
1451 3759 1556 3812 τοῦ
1574 3762 1964 3832 οἰκοδομῆσαι

387 3835 496 3892 τὸν
515 3833 689 3891 οἷκον
711 3841 906 3908 Κυρίῳ
933 3842 1013 3907 τῷ
1037 3843 1160 3910 Θεῷ
1187 3845 1358 3913 ἡμῶν
1379 3863 1394 3878 ο
1451 3847 1624 3916 ἡμεῖς
1650 3852 1760 3919 γὰρ
1787 3853 1962 3920 μόνοι

385 3931 864 4003 οικοδομήσομεν
891 3933 970 4000 τῷ
993 3937 1190 4004 Κυρίῳ
1217 3938 1322 3992 τοῦ
1355 3939 1612 4007 Ἰσραήλ.
1640 3944 1808 3997 Μόνοι
1834 3945 1956 4014 μὲν,

383 4024 464 4078 ὅτι
490 4025 598 4078 τῶν
623 4026 743 4079 κατ’
769 4025 1004 4096 ἔλλειψιν
1032 4029 1133 4098 τῆς
1159 4030 1362 4100 ἀρετῆς
1391 4031 1775 4102 πολεμούντων
1804 4037 1958 4090 ἐλευ-

386 4115 714 4186 θερωθέντες
768 4119 1094 4189 πνευμάτων
1117 4160 1132 4184 ,
1187 4113 1262 4172 ὧν
1295 4123 1386 4174 καὶ
1418 4123 1798 4196 ἐκϐεϐήκαμεν
1822 4166 1836 4191 ,
1894 4131 1956 4183 οὐ

384 4204 691 4276 βουλόμεθα·
715 4211 838 4272 ταῖς
870 4209 1200 4280 ὑπερϐολαῖς
1225 4210 1294 4263 δι’
1316 4213 1468 4283 ὑμῶν
1495 4217 1824 4287 ἐπαρθέντες
1848 4221 1955 4275 πά-

381 4292 466 4348 λιν
495 4299 863 4369 περιπαρῆναι
889 4340 904 4364 ,
956 4303 1052 4354 καὶ
1080 4305 1267 4358 πεσεῖν
1297 4305 1527 4372 πτῶσιν,
1576 4307 1828 4363 τοσοῦτον
1856 4310 1955 4381 τῆς

382 4387 652 4458 προτέρας
707 4388 1096 4462 χαλεπωτέραν
1121 4432 1137 4457 ,
1189 4394 1311 4447 ὅσον
1343 4396 1444 4464 τῆς
1476 4394 1668 4470 μὲνῆν
1692 4400 1950 4454 ἐπανόδου

380 4477 534 4542 ἐλπὶς
559 4478 808 4550 εὐχερὴς,
838 4483 1229 4551 συγγνωσθεῖσι
1249 4485 1339 4539 διὰ
1350 4487 1448 4558 τὴν
1463 4488 1764 4544 ἀσθένειαν·
1787 4491 1946 4562 τῇδὲ,

377 4567 412 4638 ἦ
458 4569 558 4622 οὐκ
601 4569 768 4636 ἐστιν,
821 4572 854 4643 ἢ
898 4574 1161 4645 δυσχερὴς
1208 4576 1358 4631 ἐσται
1407 4582 1682 4651 μισηθείσι
1723 4583 1808 4636 διὰ
1849 4583 1948 4655 τὴν

379 4659 757 4729 ὑπερηφανίαν
782 4700 798 4727 ,
857 4665 954 4716 καὶ
989 4664 1082 4718 τοῦ
1114 4667 1285 4732 δεξιοῦ
1316 4674 1660 4743 ποιουμένοις
1685 4675 1870 4748 ἕτερόν
1894 4695 1947 4731 τι

375 4747 712 4821 δεξιώτερον.
771 4753 846 4808 Οὑ
877 4755 1108 4824 μόνοιδέ
1137 4759 1320 4824 πάλιν,
1366 4763 1448 4816 ὅτι
1478 4766 1603 4828 τοὺς
1631 4747 1817 4834 ἁγίους
1841 4771 1944 4837 άγ-

376 4839 566 4906 γέλους
605 4841 801 4913 ἔχομεν
834 4845 942 4898 τῶν
969 4847 1151 4902 καλῶν
1178 4851 1554 4924 συλλήπτορας
1578 4872 1593 4885 ·
1652 4842 1851 4926 μᾶλλον
1887 4862 1945 4915 δὲ

374 4930 465 4982 τὸν
506 4932 638 4985 Θεὸν
675 4935 838 4989 αὑτὸν
859 4979 873 5002 ,
929 4939 1062 5007 ἡμῖν
1102 4940 1294 4995 ἐαυτὸν
1322 4944 1688 5013 ἐμφανίζοντα
1721 4949 1808 5001 διὰ
1836 4950 1943 5004 τῶν

375 5017 549 5090 ἔργων
575 5023 674 5092 τῆς
698 5024 1046 5097 δικαιοσύνης
1065 5069 1080 5094 ,
1138 5031 1232 5083 καὶ
1260 5034 1406 5102 ἡμᾶς
1432 5035 1610 5105 ἐαυτῷ
1639 5039 1764 5091 ναὸν
1786 5039 1956 5110 ἅγιον

372 5107 776 5177 οἰκοδομοῦντα,
809 5113 902 5167 καὶ
925 5116 1128 5180 παντὸς
1156 5117 1360 5184 πάθους
1391 5120 1691 5195 ἐλεύθερον.

379 5229 384 5236 ’
438 5239 536 5294 οθν.
585 5235 965 5319 Ἀρετῆςὸρος
991 5251 1138 5304 ἐστὶν
1163 5293 1177 5317 ,
1214 5254 1247 5324 ἡ
1278 5254 1378 5325 τῆς
1406 5256 1750 5332 ἀνθρωπίνης
1777 5265 1942 5320 ἀσοεί

369 5332 514 5397 νείας
545 5337 664 5388 κατ’
686 5338 979 5406 ἐπίγνωσιν
1007 5344 1148 5413 πρὸς
1171 5346 1271 5414 τὴν
1296 5347 1445 5402 θείαν
1467 5350 1696 5423 δύναμιν
1719 5356 1934 5423 ἓνωσις.

381 5421 439 5473 '0
478 5425 657 5479 τοίνυν
699 5429 890 5483 ἑαυτὸν
933 5435 1000 5504 τῇ
1030 5434 1282 5508 ἀσθενείᾳ
1313 5421 1668 5513 περιγράφων
1702 5449 1800 5519 τῆς
1832 5421 1936 5521 φά..

369 5527 503 5578 σεως,
530 5555 547 5581 ,
604 5518 740 5588 πρὸς
766 5523 855 5576 τὸν
882 5523 1007 5595 ὅρον
1039 5527 1136 5581 οὑκ
1161 5523 1290 5599 ἦλθε
1319 5530 1418 5604 τῆς
1445 5535 1646 5607 ἀρετῆς
1663 5555 1675 5568 ·
1726 5543 1818 5596 καὶ
1843 5518 1936 5600 διὰ

435 5668 481 5698 ⁸⁷
516 5667 586 5722 lll
616 5671 774 5727 Esdr.
800 5691 854 5748 v,
883 5676 970 5731 71.

431 5781 454 5808 “
481 5782 565 5839 Cf.
596 5785 661 5840 ad
691 5787 931 5845 Thalass.
965 5808 1018 5866 q.
1052 5794 1135 5849 56.

1995 3223 2039 3281 C

2096 665 2225 720 tem,
2259 658 2314 712 in
2351 676 2516 730 quam
2550 673 2606 717 ut
2631 666 2789 721 cadat
2823 669 2936 723 ullo
2967 669 3130 726 modo
3160 673 3409 730 scientia:
3444 689 3667 748 compa-

2091 758 2271 803 ratum
2291 761 2400 806 εει,

2160 842 2246 894 75.
2276 842 2410 908 Quis
2464 847 2571 901 nisi
2615 849 2728 904 alto
2770 860 2997 920 pectore
3047 854 3296 911 divinum
3351 867 3665 916 sermonem

2089 934 2537 991 contubernalem
2570 940 2798 1006 habens,
2838 943 3210 1002 invisibilibus
3249 949 3559 1004 dtemonum
3603 951 3664 1008 in

2088 1038 2190 1078 nos
2222 1025 2589 1086 simulationis
2637 1042 2796 1089 caute
2840 1037 3026 1092 vitatis
3079 1039 3240 1106 dolis,
3285 1055 3386 1111 per
3429 1055 3491 1098 se
3539 1043 3664 1114 ipse

2089 1114 2560 1185 singularissimus
2629 1133 2772 1180 stare
2830 1131 3056 1196 poterit,
3107 1132 3242 1200 quin
3287 1131 3385 1187 u‘l‘li
3429 1137 3661 1189 commi-

2089 1215 2328 1272 sceatur,
2356 1213 2732 1284 templumque
2767 1217 2982 1273 Domini
3014 1221 3186 1276 instar
3208 1225 3390 1294 magni
3414 1225 3659 1282 Zoroba—

2087 1295 2174 1350 bel
2205 1307 2260 1352 et
2288 1299 2416 1355 Jesu
2438 1315 2491 1358 et
2516 1304 2717 1361 ducum
2741 1308 3067 1366 familiarum
3091 1315 3411 1382 exstruere;
3451 1319 3544 1386 qui
3575 1319 3660 1373 di-

2086 1396 2230 1442 serte
2260 1404 2454 1461 magna
2487 1409 2621 1450 voce
2657 1388 3042 1457 seductoribus
3078 1405 3362 1473 spiritibus
3383 1408 3659 1477 superbiae

2086 1476 2372 1549 inanisque
2399 1483 2583 1552 gloriae
2605 1495 2659 1539 et
2691 1491 3074 1547 assentationis
3105 1509 3168 1548 ac
3215 1495 3522 1566 hypocrisis
3571 1497 3661 1552 di-

2085 1577 2211 1622 cant
2239 1587 2252 1620 :
2282 1571 2402 1625 Non
2425 1583 2500 1627 est
2523 1577 2666 1630 nobis
2683 1586 2731 1630 et
2754 1580 2890 1634 vobis
2913 1582 3177 1650 (edi/icere
3200 1587 3412 1640 domum
3431 1587 3657 1644 Domino

2086 1655 2192 1711 Deo
2223 1669 2401 1714 nostra
2433 1678 2452 1716 :
2481 1680 2573 1718 nos
2602 1671 2741 1720 enim
2769 1669 2870 1724 soli
2915 1671 3291 1740 wdiﬁcabimus
3319 1675 3545 1731 Domino
3571 1679 3654 1733 Is-

2084 1747 2200 1802 rael
2230 1750 2274 1782 ³⁷
2306 1768 2321 1817 ;
2349 1752 2437 1805 cui
2468 1769 2663 1824 nempe
2693 1760 3032 1828 exploratum
3058 1763 3148 1827 sit,
3173 1764 3369 1820 horum
3397 1767 3657 1823 mistione

2083 1847 2140 1893 et
2183 1845 2515 1899 commercio
2543 1846 2834 1905 aedificium
2892 1865 3054 1909 omne
3099 1856 3283 1925 perire
3339 1868 3397 1913 et
3432 1861 3651 1928 everti,

2085 1929 2507 2003 divinorumque
2563 1936 2919 1997 denariorum
2983 1943 3202 2001 decoris
3265 1949 3498 2018 gratiam
3558 1966 3654 2006 au-

2077 2017 2227 2076 ferri.

2142 2185 2244 2256 ’76.
2292 2201 2465 2258 Nemo
2497 2206 2592 2276 qui
2646 2207 2816 2262 ullum
2873 2209 3146 2268 dictorum
3195 2215 3507 2272 daemonum
3552 2233 3650 2276 co-

2076 2292 2241 2348 lenda
2285 2296 2491 2353 virtute
2545 2299 2854 2370 adjutorem
2908 2318 2973 2358 ac
3018 2306 3229 2362 socium
3285 2309 3483 2366 na'ctus
3537 2313 3646 2376 sit.

2076 2386 2308 2442 Domino
2334 2389 2607 2446 aedificare
2633 2399 2852 2461 potest;
2881 2396 3083 2466 quippe
3113 2399 3209 2467 qui
3233 2399 3426 2466 Deum,
3453 2411 3648 2458 eorum

2076 2491 2198 2546 quae
2246 2478 2387 2534 ﬁunt
2438 2480 2601 2536 ﬁnem
2643 2499 2753 2538 non
2789 2485 3026 2552 habeat,
3071 2489 3127 2542 in
3182 2501 3350 2560 quem”
3395 2503 3650 2562 spectans

2075 2569 2169 2623 illa
2202 2570 2568 2642 de‘f‘ungatur,
2616 2574 2713 2629 sed
2763 2575 3019 2631 affectum
3077 2580 3303 2651 (vitium
3333 2584 3546 2640 scilicet
3583 2601 3650 2640 ac

2073 2658 2382 2730 libidinem)
2415 2675 2577 2731 quem
2611 2659 2808 2719 collata
2861 2666 2918 2719 in
2951 2681 3073 2722 eam
3125 2675 3292 2740 Opera
3352 2674 3644 2730 substruit.

2146 2750 2231 2803 77.
2265 2750 2368 2816 Qui
2400 2767 2501 2821 per
2529 2754 2801 2810 defectum
2831 2758 3066 2814 virtutis
3086 2760 3406 2833 impugnant
3441 2765 3648 2821 daemo-

2073 2853 2193 2904 nes,
2249 2840 2306 2893 hi
2344 2849 2491 2908 sunt,
2551 2845 2644 2913 qui
2709 2843 3129 2904 fornicationem
3175 2860 3233 2906 et
3272 2850 3642 2920 ebrietatem“,

2073 2927 2482 2998 avaritiamque
2512 2939 2569 2985 et
2616 2931 2882 2988 invidiam
2926 2934 3174 2992 docent:
3211 2939 3312 3008 qui
3357 2953 3500 3014 vero
3543 2955 3645 3012 per

2072 3027 2378 3082 excessum,
2409 3018 2502 3087 qui
2529 3021 2792 3077 tumentis
2818 3023 2990 3078 animi
3016 3024 3292 3082 fastumet
3321 3030 3642 3095 elationem,

2072 3103 2400 3177 inanemque
2426 3110 2654 3179 gloriam
2679 3121 2743 3167 οι·
2765 3114 3078 3184 superbiam
3106 3132 3230 3172 cum
3260 3118 3516 3185 doceant,
3540 3136 3645 3191 per

2071 3209 2136 3251 ea
2169 3213 2292 3267 quae
2323 3202 2562 3256 secunda
2591 3212 2739 3269 sunt,
2771 3205 3012 3262 sinistris
3036 3209 3252 3264 occulte
3291 3211 3567 3267 inserunt.

2139 3327 2225 3382 78.
2284 3329 2506 3386 Utinam
2567 3348 2669 3388 nos
2724 3339 2943 3405 quoque
3001 3341 3229 3410 semper
3283 3343 3642 3414 aequissimis

2067 3414 2370 3483 spiritibus,
2421 3418 2542 3473 ficta
2596 3422 2860 3491 spiritalis
2901 3427 3156 3484 amicitiae
3207 3433 3392 3502 s’pe‘cie
3441 3435 3636 3492 invisi-

2066 3505 2252 3560 biliter
2279 3508 2680 3578 adorientibus,
2700 3513 2939 3586 bonique
2963 3529 3229 3589 praetextu
3257 3529 3320 3579 ac’
3344 3527 3639 3583 occasione

2064 3599 2276 3654 occulte
2329 3603 2538 3669 peccati
2590 3613 2823 3661 mortem
2868 3613 3210 3670 consciscere
3280 3617 3640 3676 molientibus

2062 3702 2127 3741 ac
2155 3689 2467 3745 dicentibus
2499 3710 2512 3744 :
2537 3693 3220 3762 Ediﬁcabimustbiscum
3251 3709 3501 3778 templum
3527 3711 3635 3766 Do-

2063 3778 2204 3830 mino
2241 3787 2431 3843 vestro,
2467 3781 2754 3838 dicamus:
2788 3787 2905 3840 Non
2937 3799 3014 3842 est
3064 3794 3208 3847 nobis
3256 3797 3312 3848 et’
3335 3799 3473 3852 vobis
3503 3801 3634 3855 uadi-

2059 3864 2224 3934 ﬁcare
2253 3868 2467 3922 domum
2507 3870 2732 3927 Domino
2769 3875 2878 3929 Deo
2927 3889 3106 3934 no‘stro
3138 3899 3156 3935 :
3204 3887 3298 3937 nos
3354 3890 3492 3942 enim
3533 3894 3636 3946 εοίί

2059 3955 2434 4024 ιεάίῇεαὺῑηιιιδ
2465 3960 2689 4017 Domino
2713 3965 2900 4022 Israel.
2959 3969 3068 4025 Soli
3099 3970 3353 4042 "quidem.
3400 3981 3526 4050 quia
3563 3985 3633 4038 ab

2060 4047 2127 4102 iis
2177 4050 2391 4104 liberati
2448 4053 2756 4122 spiritibus,
2801 4060 2894 4128 qui
2941 4077 3039 4130 per
3085 4065 3308 4124 virtutis
3355 4047 3631 4129 defectum

2058 4135 2475 4206 impugnabant,
2509 4158 2649 4212 quos
2683 4156 2738 4199 et
2760 4150 3036 4207 evasimus
3060 4194 3074 4219 ,
3111 4156 3373 4213 nolumus
3402 4176 3500 4229 per
3531 4179 3630 4218 vos

2056 4228 2256 4283 iterum
2283 4233 2621 4288 excellentiis
2656 4238 2784 4292 elati
2817 4242 3081 4314 transfigi,
3132 4228 3417 4319 tantoque
3442 4254 3629 4322 priore

2057 4314 2226 4393 578
2254 4319 2505 4396 graviore
2535 4343 2664 4384 casu
2693 4347 2876 4399 ruere,
2910 4348 3117 4406 quanto
3166 4341 3235 4394 ab
3278 4314 3372 4396 illo
3401 4314 3626 4414 quidem

2056 4412 2234 4468 facilis
2278 4424 2396 4469 erat
2442 4434 2567 4486 spes
2603 4420 2814 4476 reditus
2839 4464 2854 4488 ,
2907 4427 3110 4494 quibus
3141 4429 3210 4483 ob
3248 4412 3626 4490 infirmitatem

2054 4503 2314 4572 proclivis
2343 4508 2500 4562 venia
2550 4509 2738 4565 foret:
2775 4513 2844 4568 ab
2899 4516 3006 4570 hoc
3050 4527 3266 4587 autem,
3316 4534 3412 4579 aut
3452 4525 3624 4594 nulla,

2055 4603 2150 4649 aut
2171 4611 2332 4664 quam
2355 4599 2589 4655 diflicilis
2614 4603 2740 4667 erit,
2770 4620 2908 4674 quos
2932 4610 3189 4677 superbia
3210 4628 3406 4669 exosos
3437 4616 3620 4683 faciat,

2053 4701 2117 4739 ac
2169 4688 2263 4756 qui
2310 4703 2378 4742 eo
2420 4692 2564 4759 quod
2619 4694 2874 4750 dextrum
2913 4709 3034 4765 est,
3086 4703 3234 4759 aliud
3284 4708 3415 4776 quid
3451 4715 3625 4781 magis

2053 4776 2310 4832 dextrum
2351 4797 2768 4850 praesumamus.
2818 4791 3028 4847 Rursus
3065 4794 3250 4851 autem
3305 4816 3414 4854 non
3467 4805 3565 4856 soli
3605 4845 3618 4865 ,

2051 4868 2198 4935 quod
2233 4878 2453 4926 sanctos
2494 4877 2717 4945 angelos
2771 4879 3041 4936 bonorum
3089 4885 3369 4956 adjutores
3415 4891 3621 4945 habea-

2051 4970 2210 5021 mus;
2236 4959 2368 5027 quin
2393 4961 2502 5017 imo
2546 4964 2726 5034 ipsum
2761 4969 2953 5035 Deum,
2979 4988 3078 5040 per
3108 4974 3334 5043 justitize
3362 4975 3524 5047 opera
3559 4997 3620 5037 se

2047 5049 2209 5101 nobis
2231 5051 2691 5118 manifestantem,
2724 5074 2934 5128 nosque
2958 5062 3063 5115 sibi
3092 5064 3149 5116 in
3198 5067 3461 5135 templum
3489 5085 3616 5125 san-

2048 5149 2218 5203 ctum,
2250 5157 2314 5196 ac
2345 5145 2495 5200 omni
2531 5162 2731 5204 vacans
2762 5151 2904 5216 labe,
2927 5154 3315 5212 aedificantem.

2121 5275 2206 5330 79.
2239 5277 2472 5335 Virtutis
2501 5282 2640 5337 ratio
2670 5293 2772 5347 est,
2819 5285 3158 5345 infirmitatis
3195 5293 3451 5353 humane
3487 5314 3614 5356 cum

2045 5366 2229 5423 divina
2272 5371 2516 5439 potentia
2554 5388 2653 5442 per
2694 5376 3027 5445 agnitionem
3076 5384 3222 5440 unio.
3276 5385 3379 5453 Qui
3428 5389 3614 5461 itaque

2043 5456 2159 5526 ipse
2191 5473 2248 5512 se
2283 5468 2493 5516 na'urze
2516 5462 2832 5520 infirmitate
2883 5470 3281 5530 circumscribit
3334 5478 3402 5532 ad
3433 5480 3613 5537 virtu—

2043 5548 2112 5602 tis
2141 5550 2409 5606 rationem
2443 5567 2549 5607 non
2580 5555 2764 5621 venit;
2794 5553 3026 5625 ideoque
3054 5560 3348 5634 delinquit,
3376 5568 3610 5624 necdum
