4122 6320
541 407 675 473 1395

1695 401 1754 460 S.
1800 402 2084 461 MAXlMl
2123 397 2630 465 CONFESSORIS

3669 406 3800 472 ιιεδ

537 531 824 579 assecutus
868 519 1170 591 potentiam
1198 557 1212 581 ,
1267 515 1414 570 vires
1451 512 1785 567 tribuentem
1826 513 1917 576 ei,
1964 512 2110 582 quod

2220 509 2374 565 τοῦτο
2417 509 2758 581 πλημμελεῖ,
2824 511 2991 582 μήπω
3031 512 3212 566 λαϐὼν
3246 512 3341 586 τήν
3369 514 3427 567 τὺ
3454 514 3679 580 ἀσθενὲς
3709 523 3797 571 ὲν-

539 614 818 670 inﬁrmum
842 611 1074 667 exsistit.
1115 609 1219 676 Qui
1245 617 1429 662 autem
1471 621 1626 660 suam
1662 605 1778 674 ipse
1818 604 2113 658 inﬁrmita-

541 717 673 770 tem,
709 712 965 772 tanquam
1007 701 1178 754 robur
1222 715 1289 754 ex
1337 698 1570 752 adverso
1608 696 1809 750 divina
1855 696 2116 766 potentia:

537 802 859 866 arroganter
906 792 1179 855 obtendit,
1222 791 1270 845 is
1320 789 1544 844 virtutis
1573 787 1840 842 rationem
1882 794 2115 842 metam-

537 902 644 957 que
674 885 955 956 superavit
996 902 1010 950 ;
1045 900 1109 938 ac
1148 883 1272 937 ideo
1307 882 1635 954 delinquens
1695 895 1807 934 non
1847 880 2114 950 agnoscit,

538 987 600 1033 ut
619 993 758 1047 opus
778 975 926 1046 quod
939 974 1257 1045 praacellens
1277 989 1340 1028 ac
1360 972 1584 1026 virtutis
1607 978 1712 1034 est,
1731 980 1881 1026 retro
1906 984 2119 1024 manse-

539 1068 646 1121 rit:
670 1081 795 1120 nam
819 1067 1102 1128 virtutem,
1125 1062 1388 1116 delictum
1402 1075 1524 1115 esse
1546 1058 1914 1128 sentit.Magis
1935 1057 2118 1127 itaque

539 1159 738 1228 dignus
759 1155 920 1211 venia
953 1163 1059 1220 est,
1089 1153 1183 1224 qui
1206 1151 1445 1207 naturali
1499 1151 1823 1206 inﬁrmitate
1874 1149 2120 1218 seipsum

539 1247 994 1317 circumscripsit,
1023 1247 1113 1301 cui
1150 1261 1248 1315 per
1295 1243 1567 1314 ignaviam
1600 1242 1788 1312 potius
1834 1239 2119 1304 acciderit,

539 1339 688 1410 quod
719 1354 750 1392 a
774 1338 980 1392 virtute
1013 1336 1255 1390 excidit:
1285 1348 1452 1404 quam
1492 1333 1586 1402 qui
1617 1348 1770 1386 suam
1818 1330 1936 1400 ipse
1970 1328 2124 1383 inﬁr-

543 1431 809 1492 mitatem,
833 1439 1092 1498 tanquam
1119 1428 1290 1482 robur
1313 1427 1378 1479 ad
1409 1440 1472 1479 ea
1491 1423 1800 1494 praestanda
1821 1437 1942 1491 qua:
1959 1420 2122 1475 oﬁicii

540 1528 688 1585 sunt,
731 1521 992 1588 potentiae
1024 1518 1226 1572 divinre
1276 1516 1569 1586 opposuit,
1601 1524 1662 1569 ut
1703 1514 1796 1584 qui
1852 1513 1967 1583 ipse
2017 1511 2124 1566 sibi

543 1610 716 1681 magis
733 1625 833 1679 per
855 1607 1196 1678 superbiam,
1224 1615 1285 1660 ut
1317 1621 1345 1658 a
1371 1589 1571 1659 virtute
1601 1603 1904 1667 excideret,
1931 1610 2126 1658 auctor

542 1703 664 1756 fuit.

611 1807 699 1862 80.
745 1803 1201 1874 Quandoquidem
1251 1801 1458 1856 dictum
1506 1809 1592 1856 est
1641 1818 1654 1852 :
1713 1800 1939 1854 Multum
1982 1799 2122 1853 valet

2221 601 2514 672 ισχύουσαν
2561 603 2812 673 δύναμιν.
2859 603 2918 657 ’0
2947 604 3003 658 δὲ
3068 605 3168 676 τῆς
3205 606 3354 670 θείας
3397 607 3680 678 δυνάμεως
3707 613 3804 682 την

2215 693 2422 747 οἰκείαν
2455 694 2748 748 ἀσθένειαν
2770 737 2785 762 ,
2831 696 2908 760 ὠς
2955 699 3109 768 ἰσχὺν
3138 698 3387 763 αὐθαδῶς
3411 701 3803 773 ἀντιπροϐαλό-

2219 800 2400 854 μενος,
2450 785 2540 838 τὸν
2568 787 2691 856 ὅρον
2724 787 2970 857 παρῆλθε
3001 789 3100 859 τῆς
3128 790 3358 862 ἀρετῆς·
3397 793 3493 846 καὶ
3525 793 3617 847 διὰ
3640 795 3802 849 τοῦτο

2218 875 2574 944 πλημμελῶν,
2605 876 2680 940 ὡς
2705 878 2800 931 τοῦ
2826 879 3054 933 κατόπιν
3077 881 3287 952 ὐπερφε
3298 883 3499 955 ροῠς(ἱ)
3524 885 3655 957 παρ’
3677 887 3803 940 ἐαυ-

2216 964 2296 1036 τῷ
2328 967 2614 1037 γινομένου
2639 1009 2655 1034 ,
2712 970 2813 1022 οὐκ
2844 971 3198 1038 ἐπιγινώσκει
3223 991 3237 1007 ·
3297 975 3497 1045 ἀρετὴν
3524 977 3633 1047 γάρ
3663 974 3803 1032 εἶναι

2217 1057 2430 1128 νομίζει
2459 1059 2520 1111 τὸ
2547 1061 2951 1132 πλημμέλημα.
2973 1064 3323 1132 Συγγνωστὸς
3343 1061 3436 1120 οὖν
3467 1069 3667 1138 μᾶλλον
3691 1072 3720 1125 6
3740 1075 3804 1143 τῇ

2220 1151 2361 1204 κατά
2386 1152 2545 1219 φύσιν
2570 1154 2821 1227 ἀσθενείᾳ
2843 1157 3040 1211 ἐαυτὸν
3068 1160 3434 1230 περιγράψας,
3461 1162 3649 1216 παθὼν
3675 1167 3806 1233 μᾶλ-

2220 1242 2311 1295 λον
2358 1244 2423 1296 ἐκ
2463 1244 2734 1315 ῥᾳθυμίας
2770 1246 2868 1317 τὴν
2889 1247 3161 1302 ἔκπτωσιν
3189 1250 3288 1320 τῆς
3315 1253 3544 1322 ἀρετῆςο
3592 1255 3625 1324 ἢ
3658 1256 3690 1309 6
3715 1256 3806 1326 τὴν

2221 1333 2432 1387 οἰκείαν
2481 1335 2768 1390 ἀσθένειαν
2813 1338 2888 1402 ὡς
2924 1340 3078 1410 ίσχὺν
3111 1342 3249 1410 πρὸς
3275 1341 3372 1413 τὴν
3399 1343 3506 1396 τῶν
3533 1345 3804 1416 καθηκόν-

2223 1442 2329 1478 των
2373 1425 2592 1495 ποίησιν
2637 1428 3170 1501 ἀντιπροϐαλόμενος
3199 1433 3299 1502 τῆς
3326 1433 3476 1498 θείας
3501 1434 3804 1506 δυνάμεως,

2222 1515 2425 1602 δράσας
2458 1518 2658 1588 μᾶλλον
2689 1520 2748 1586 ἐξ
2771 1521 3062 1587 αὐθαδείας
3101 1523 3200 1594 τῆς
3228 1525 3433 1596 ἀρετῆς
3467 1527 3565 1599 τὴν
3591 1526 3806 1583 ἔκπτω-

2227 1623 2332 1662 σιν.

2300 1804 2371 1849 π’.
2411 1804 2428 1818 ·
2458 1797 2673 1870 Ἐπειδὴ
2706 1799 2943 1870 εἴρηται·
2979 1801 3158 1854 Πολὺ
3219 1803 3418 1871 ἰσχύει
3463 1803 3676 1873 δέησις
3723 1807 3806 1860 δι-

543 1897 850 1968 deprecatio,
855 1894 994 1964 justi
1028 1893 1206 1963 eﬂicax
1239 1889 1284 1922 ’θ
1313 1908 1328 1956 ;
1362 1889 1580 1944 duobus
1606 1887 1784 1942 modis
1811 1887 1955 1942 hanc
1998 1901 2118 1940 esse

2223 1890 2399 1942 καίου
2432 1889 2858 1960 ἐνεργουμένη,
2894 1891 3032 1944 κατὰ
3058 1892 3152 1945 δύο
3198 1893 3434 1964 τρόπους
3464 1891 3580 1949 οῖδα
3604 1899 3807 1968 ταύτην

542 1989 819 2045 cﬁicacem
854 1986 1104 2056 intelligo
1135 2003 1147 2038 :
1177 2000 1288 2040 uno
1308 1983 1530 2054 quidem
1555 1982 1741 2048 modo,
1776 1996 1902 2036 cum
1945 1982 1992 2036 is
2018 1981 2115 2050 qui

543 2092 685 2148 orat,
747 2079 1102 2151 exsequendo
1159 2077 1343 2146 reipsa
1387 2074 1644 2129 mandata
1674 2113 1688 2138 ,
1750 2087 1816 2127 ac
1857 2072 2119 2141 operibus

544 2175 820 2238 comitem,
843 2170 1291 2241 deprecationem
1313 2167 1519 2222 divinis
1542 2166 1834 2221 obtutibus
1853 2164 2114 2228 adhibet;

544 2284 614 2322 ne
648 2265 860 2322 scilicet
885 2263 1034 2318 nudo
1067 2262 1334 2316 duntaxat
1359 2273 1619 2314 sermone
1671 2258 1934 2327 inanique
1964 2255 2119 2310 vocis

544 2373 680 2414 sono
711 2373 807 2413 ore
835 2357 977 2421 fusa,
1036 2354 1189 2408 iners
1217 2366 1500 2421 vacuaque
1527 2352 1729 2422 jaceat,
1773 2350 1870 2404 sed
1930 2348 2119 2404 eiIicax

543 2461 599 2507 et
625 2451 772 2515 viva,
805 2449 1008 2519 quibus
1029 2445 1284 2501 mandata
1315 2451 1658 2514 praestamus,
1693 2442 1959 2512 operibus
1994 2439 2117 2494 ani-

543 2550 688 2598 mata
722 2541 1006 2596 consistat.
1035 2536 1316 2592 Orationis
1365 2535 1514 2590 enim
1561 2549 1660 2589 seu
1711 2532 2122 2602 deprecationis

545 2635 629 2690 vis
645 2643 702 2690 et
727 2631 882 2703 quasi
904 2628 1239 2694 substantia,
1261 2625 1648 2682 mandatorum
1671 2626 1942 2680 virtutum
1967 2625 2120 2679 cultu

543 2724 721 2793 palam
756 2719 1080 2790 adimpletio
1126 2729 1233 2785 est,
1252 2732 1361 2788 qua
1383 2718 1569 2787 justus
1615 2714 1850 2770 validam
1888 2729 1954 2769 ac
2002 2729 2124 2782 quae

543 2814 730 2870 omnia
758 2811 954 2882 possit,
987 2809 1261 2864 mandatis
1297 2807 1580 2863 efﬁcacem
1634 2805 1854 2874 illisque
1901 2804 2120 2858 haeren-

543 2915 655 2962 tem
689 2902 1135 2975 deprecationem
1160 2899 1351 2954 habet.
1394 2898 1518 2952 Alio
1545 2905 1730 2952 autem
1761 2895 1948 2961 modo,
1996 2910 2122 2950 cum

544 2999 614 3064 is,
645 2995 740 3066 qui
781 2995 917 3067 justi
956 3007 1153 3064 preces
1177 2990 1454 3060 implorat,
1499 3004 1692 3044 earum
1734 2987 1852 3057 ipse
1898 2993 2125 3056 praestat

543 3103 742 3158 opera;
775 3102 840 3142 ac
874 3095 994 3140 tum
1041 3083 1392 3154 superiorem
1444 3081 1614 3136 vitam
1669 3079 1951 3144 emendat,
2004 3088 2122 3134 tum

541 3177 674 3248 justi
717 3175 1164 3245 deprecationem
1195 3214 1210 3238 ,
1263 3174 1495 3228 honesta
1546 3187 1644 3227 sua
1693 3171 2120 3226 conversatione

545 3269 878 3332 roboratam,
909 3266 1146 3320 validam
1178 3280 1242 3319 ac
1261 3265 1461 3319 fortem
1491 3264 1695 3318 reddit.

613 3369 778 3443 579
800 3368 890 3423 81.
918 3367 1068 3422 Nihil
1095 3366 1250 3437 juvat
1275 3365 1593 3434 deprecatio
1615 3361 1771 3434 justi,
1799 3377 1927 3417 cum
1957 3363 2002 3417 is
2029 3362 2124 3432 qui

545 3462 694 3515 illam
729 3467 906 3530 rogat,
941 3458 1065 3527 plus
1097 3455 1204 3511 sibi
1225 3453 1442 3530 delictis
1463 3454 1663 3523 placet,
1707 3467 1872 3522 quam
1900 3451 2124 3518 virtuti-

544 3553 669 3608 bus.
700 3524 835 3606 Νειῆ
869 3524 1203 3618 et—niagnus
1247 3524 1492 3610 Samum,
1540 3543 1760 3599 Saulem
1803 3550 2121 3613 peccantem

543 3645 696 3697 luctu
725 3647 1076 3712 prosecutus,
1105 3637 1253 3693 haud
1291 3644 1477 3692 tamen
1508 3637 1682 3690 Deum
1716 3636 1932 3705 placare
1959 3634 2123 3704 eique

543 3733 847 3802 propitium
873 3729 1105 3784 reddere
1123 3727 1346 3797 potuit;
1381 3725 1532 3796 quod
1563 3739 1762 3794 nempe
1789 3721 2126 3778 conveniens

544 3821 918 3892 delinquentis
945 3817 1262 3874 emendatio
1299 3815 1380 3870 illi
1423 3813 1608 3871 oranti
1654 3813 1881 3867 minime
1928 3827 2126 3881 suppe-

543 3914 649 3968 tias
680 3913 803 3968 iret.
829 3908 1206 3977 Quamobrem
1245 3908 1414 3962 etiam
1442 3905 1590 3959 Deus
1621 3917 1841 3959 servum
1870 3917 2029 3956 suum
2056 3901 2125 3957 ab

546 4003 725 4058 inutili
759 4002 912 4056 luctu
955 4012 1336 4068 compescens,
1374 4010 1551 4064 eoque
1599 4007 1820 4048 cessare
1861 3991 2066 4063 jubens
2107 4008 2121 4044 :

548 4096 840 4167 Usquequo,
880 4093 1079 4162 inquit,
1113 4099 1170 4143 tu
1201 4089 1341 4159 luges
1365 4085 1518 4150 Saul,
1554 4100 1673 4139 cum
1710 4099 1804 4154 ego
1831 4082 2116 4154 spreverim

543 4204 680 4251 eum,
715 4203 779 4240 ne
805 4193 981 4256 regnet
1015 4197 1175 4254 super
1201 4177 1376 4235 Israel
1405 4178 1486 4229 °°?

612 4279 700 4333 82.
732 4278 945 4332 Rursus
977 4275 1144 4330 etiam
1190 4272 1456 4329 Jeremias
1495 4268 1581 4323 vir
1622 4264 1974 4321 miseratione
2012 4251 2117 4316 im;

544 4370 930 4442 pensissimus,
973 4381 1076 4436 pro
1118 4365 1436 4421 Iudaeorum
1489 4359 1692 4430 populo
1736 4372 1920 4422 orans,
1965 4356 2116 4410 insa-

613 4508 657 4539 ’⁸
681 4508 795 4562 Jac.
827 4524 878 4572 v,
910 4507 996 4562 l6.
1074 4507 1119 4538 ”
1151 4507 1172 4560 Ι
1203 4506 1336 4576 Reg.
1373 4519 1481 4568 xvr,
1512 4500 1564 4558 1.

614 4645 637 4670 ⁶
664 4644 746 4700 Cf.
776 4645 844 4700 ad
874 4644 910 4700 Ἰ
923 4645 1117 4700 halass.
1148 4661 1203 4716 q.
1232 4645 1317 4700 57.

2221 1980 2624 2050 ἐνεργουμένην
2647 1995 2662 2009 ·
2724 1981 2844 2035 καθ’
2861 1981 2957 2034 ἕνα
2988 1982 3106 2052 μὲν,
3147 1985 3350 2038 ὁπόταν
3381 1986 3522 2056 μετά
3548 1988 3660 2040 τῶν
3691 1990 3807 2042 κατ’

2219 2070 2437 2141 ἐντολὴν
2456 2071 2653 2142 ἔργων,
2673 2071 2752 2142 τῷ
2772 2071 2891 2143 Θεῷ
2916 2073 3013 2144 τὴν
3038 2073 3242 2144 ταύτης
3271 2078 3490 2143 ποιῆται
3521 2095 3804 2150 προσαγω-

2219 2164 2324 2233 γὴν
2359 2167 2458 2234 τῆς
2484 2163 2722 2234 δεήσεως
2744 2165 2772 2216 6
2822 2163 3150 2234 εὐχόμενος,
3183 2165 3260 2230 ὡς
3292 2167 3366 2238 μὴ
3399 2169 3560 2237 μόνον
3588 2173 3644 2224 ὲν
3669 2171 3804 2241 ψιλῷ

2218 2258 2361 2328 λόγῳ
2413 2257 2506 2311 καὶ
2551 2256 2783 2327 διακένῳ
2825 2259 3008 2326 φωνῆς
3055 2259 3173 2330 ἤχῳ
3216 2259 3317 2330 τῆς
3361 2261 3607 2333 γλώττης
3647 2263 3803 2316 ἐκπέο

2221 2365 2460 2402 πτουσαν
2489 2349 2665 2420 ἀργὴν
2689 2348 2902 2403 κεῖσθαι
2935 2349 3034 2420 τὴν
3061 2350 3265 2420 δέησιν,
3293 2353 3388 2405 καὶ
3413 2353 3801 2420 ἀνυπόστατον,

2220 2442 2336 2496 ἀλλ’
2354 2441 2576 2513 ἐνεργὸν
2605 2441 2698 2494 καὶ
2724 2440 2927 2507 ζῶσαν,
2959 2445 3072 2506 τοῖς
3097 2442 3281 2514 ἔργοις
3311 2445 3419 2498 τῶν
3448 2445 3684 2500 ἐντολῶν
3706 2448 3801 2516 ψυ-

2220 2533 2512 2605 χουμένην.
2564 2534 2742 2604 Εὐχῆς
2766 2536 2873 2606 γὰρ
2902 2534 2998 2588 καὶ
3018 2535 3255 2606 δεήσεως
3277 2535 3602 2601 ὑπόστασις,
3661 2541 3697 2608 ἡ
3725 2538 3804 2592 διὰ

2221 2623 2330 2678 τῶν
2361 2623 2572 2696 ἀρετῶν
2623 2623 2731 2677 τῶν
2759 2623 2988 2677 ἐντολῶν
3035 2625 3270 2696 ὑπάρχει
3299 2625 3579 2696 προδήλως
3602 2627 3803 2697 ἐκπλή-

2225 2732 2412 2786 ρωσις,
2435 2714 2636 2787 καθ’ἥν
2665 2716 2892 2786 ίσχυρὰν
2913 2717 3010 2768 καὶ
3031 2716 3206 2769 πάντα
3228 2716 3534 2788 δυναμένην
3554 2717 3585 2770 6
3603 2719 3801 2782 δίκαιος

2222 2809 2336 2878 ἔχει
2385 2807 2483 2877 τὴν
2525 2807 2741 2878 δέησιν,
2779 2807 3184 2880 ἐνεργουμένην
3215 2813 3338 2873 ταῖς
3365 2811 3634 2876 ἐντολαῖς.
3673 2812 3798 2868 Καθ’

2223 2897 2412 2968 ἕτερον
2440 2898 2499 2951 δὲ
2525 2898 2728 2968 τρόπον
2758 2939 2773 2964 ,
2836 2899 3039 2953 ὁπόταν
3090 2900 3118 2952 6
3153 2900 3258 2969 τῆς
3284 2901 3451 2972 εὐχῆς
3480 2903 3577 2956 τοῦ
3604 2903 3800 2957 δικαίου

2222 2988 2477 3059 δεόμενος
2499 3027 2514 3053 ,
2567 2989 2636 3042 τὰ
2669 2987 2807 3058 ἔργα
2835 2988 2936 3057 τῆς
2963 2989 3133 3059 εὐχῆς
3167 2990 3594 3063 διαπράττηται,
3633 2994 3724 3048 τόν
3745 3011 3800 3047 τι

2224 3079 2488 3149 πρότερον
2519 3077 2901 3149 διορθούμενος
2934 3078 3069 3150 βίον,
3107 3081 3204 3133 καὶ
3233 3081 3332 3152 τὴν
3359 3082 3546 3154 δέησιν
3582 3085 3800 3157 ίσχυράν

2223 3169 2316 3223 τοῦ
2347 3168 2557 3222 δικαίου
2591 3168 2914 3240 ποιούμενος
2933 3209 2950 3235 ,
3001 3171 3091 3224 διά
3123 3172 3217 3243 τῆς
3242 3172 3448 3236 οἰκείας
3476 3175 3651 3246 καλῆς
3679 3178 3800 3230 ἀνα-

2227 3261 2467 3332 στροφῆς
2493 3260 2932 3332 δυναμουμένην.

2296 3353 2414 3406 πα’.
2472 3353 2637 3406 Οὐδὲν
2675 3352 2866 3421 ὄφελος
2908 3353 3008 3423 τῆς
3038 3353 3132 3407 τοῦ
3161 3355 3370 3411 δικαίου
3402 3358 3678 3428 δεήσεως,
3711 3363 3800 3416 τοῦ

2225 3442 2430 3513 ταύτης
2484 3441 2777 3514 χρῄζοντος
2801 3444 2897 3514 (j),
2955 3444 3120 3498 πλέον
3170 3447 3280 3501 τῶν
3309 3449 3518 3518 ἀρετῶν
3542 3452 3800 3522 ἡδομένου

2225 3537 2339 3597 τοῖς
2395 3532 2887 3604 πλημμελήμασιν.
2936 3535 3090 3588 Ἐπεὶ
3142 3538 3238 3590 καὶ
3271 3540 3299 3591 6
3333 3540 3506 3610 μέγας
3535 3543 3668 3597 ποτὲ
3699 3545 3801 3598 Σα.

2228 3623 2403 3695 μουὴλ
2453 3623 2668 3677 ἐπένθει
2710 3623 2801 3676 τὸν
2843 3625 3018 3680 Σαοὺλ
3052 3629 3480 3700 πλημμελοῦντα
3504 3649 3518 3663 ·
3574 3633 3801 3690 ἀλλὀὐκ

2227 3715 2411 3785 ῐσχυσε
2441 3715 2531 3768 τὸν
2561 3714 2692 3768 Θεὸν
2727 3715 3050 3772 ἱλεώσασθαι
3077 3758 3092 3782 ,
3149 3721 3224 3791 μὴ
3249 3720 3430 3776 λαϐὼν
3459 3724 3797 3796 συλλήπτορα

2222 3807 2316 3860 τοῦ
2370 3805 2598 3870 πένθους
2650 3808 2749 3879 τὴν
2799 3808 3149 3880 καθήκουσαν
3208 3812 3300 3865 τοῦ
3355 3814 3797 3886 πλημμελοῦντος

2223 3896 2529 3968 διόρθωσιν.
2589 3896 2680 3950 Διὸ
2731 3897 2825 3951 τοῦ
2877 3899 3133 3970 ἀνονήτου
3165 3901 3394 3968 πένθους
3423 3907 3450 3957 6
3477 3905 3612 3968 Θεὸς
3641 3925 3798 3960 κατα-

2225 3988 2415 4041 παύων
2447 3989 2541 4042 τὸν
2567 3988 2762 4042 ἐαυτοῦ
2793 3990 3117 4059 θεράποντα,
3139 3992 3273 4063 φησὶ
3302 3995 3436 4065 πρὸς
3457 3997 3798 4065 αὐτὸν,”Εως

2225 4083 2370 4136 πότε
2395 4080 2476 4134 σὺ
2500 4081 2737 4147 πενθεῖς
2766 4082 2862 4135 ἐπὶ
2910 4083 3129 4148 Σαοὺλ,
3159 4085 3257 4139 καί
3281 4086 3395 4155 ἐγὼ
3429 4088 3799 4155 ἑξοιιδέτωκα

2226 4171 2429 4234 αὐτὸν,
2467 4171 2572 4224 τοῦ
2598 4171 2956 4235 βασιλεύειν
2981 4174 3079 4226 ἐπὶ
3109 4175 3216 4229 τὸν
3257 4177 3541 4246 Ἰσραήλ;

2298 4260 2405 4332 πβ¹.
2455 4260 2561 4314 Καὶ
2598 4261 2760 4314 πάλιν
2791 4263 3063 4334 Ἱερεμίας
3092 4267 3120 4318 6
3147 4267 3623 4336 συμπαθέστατος,
3664 4271 3799 4340 ὑπὲρ

2223 4351 2317 4406 τοῦ
2345 4350 2474 4405 λαοῦ
2502 4350 2610 4405 τῶν
2643 4351 2913 4408 Ἰουδαίων
2935 4393 2952 4418 ,
3007 4356 3138 4426 περὶ
3167 4357 3270 4426 τὴν
3291 4355 3504 4430 πλάνην
3537 4361 3796 4430 μανέντος

615 4782 678 4853 (ἱ)
722 4782 833 4859 Τοῦ
885 4784 1146 4859 ,κατόπιν
1178 4779 1581 4859 ῠαζερφεροῦςη
1627 4777 1721 4843 Τὸ,
1752 4775 2115 4859 ’ὐπερφερές,

2221 4773 2452 4859 gratiam
2506 4772 3012 4859 a’ccipimus.‘l:3_rat
3061 4775 3246 4859 editis,
3282 4777 3602 4859 ὐπερφερὴς
3674 4787 3797 4853 παρ’

559 4846 802 4924 Ηέέγοῒιε
833 4852 994 4924 μέγα,
1024 4851 1162 4920 ὑπὲρ
1197 4846 1380 4924 φύσιν,
1404 4846 1709 4924 ὐῂπεράγον.
1752 4846 1902 4900 Idem
1935 4846 2120 4924 proin-

543 4925 611 4978 de
640 4915 729 4978 hic
749 4915 1010 4991 Maximo,
1038 4915 1201 4990 atque
1215 4915 1300 4991 "1:6
1323 4915 1568 4991 κρεῖττον
1589 4933 1603 4946 ·
1660 4919 1826 4991 virtus
1881 4915 2113 4978 scilicet,

543 4990 765 5063 etquod
790 5001 1043 5063 naturam
1070 4988 1306 5053 eicedit,
1346 4988 1614 5063 nobisque
1649 4988 1821 5063 a_Deo
1857 4993 1981 5063 est.“
2015 5000 2115 5054 po-

544 5055 716 5118 tentia
743 5075 839 5114 sua
892 5061 1187 5115 roborante
1218 5068 1459 5113 nostram
1506 5055 1900 5110 inﬁrmitatem.
1943 5055 2116 5120 Quem

543 5133 766 5189 virtutis
809 5133 933 5202 ὅρον
975 5130 1408 5202 sapientissime_
1443 5129 1534 5182 hic
1595 5127 1789 5182 statuit
1849 5126 2116 5181 Maximus

544 5207 663 5256 κατ’
695 5199 1012 5271 ἐπίγνωσιν,
1044 5209 1106 5271 ut
1138 5214 1334 5269 nempe
1358 5199 1447 5271 psic
1483 5211 1844 5268 agnoscamus
1875 5210 2115 5271 vereque

544 5264 868 5336 sentiamus,
907 5270 1153 5324 nancisci
1181 5264 1282 5324 nos
1317 5264 1579 5323 virtutein
1630 5283 1742 5321 non
1791 5265 1996 5321 nostris
2029 5264 2114 5318 vi-

544 5343 720 5408 ribus,
755 5343 851 5397 sed
872 5343 930 5396 in
957 5340 1062 5394 hoc
1083 5341 1196 5394 Deo
1217 5339 1379 5394 nobis
1406 5342 1555 5392 vires
1584 5345 1899 5406 praestante,
1933 5345 2118 5390 utnec

543 5428 644 5481 per
670 5413 964 5474 defectum,
993 5410 1185 5533 gusilli
1225 5409 1397 5463 animi
1429 5409 1631 5473 simus;
1661 5423 1764 5461 nec
1797 5421 1894 5474 per
1928 5420 2117 5459 exces-

544 5497 687 5533 sum.
721 5481 968 5533 snnerbi.
1014 5481 1102 5533 ‘ic.
1128 5495 1249 5533 can.
1275 5480 1361 5533 7i.
1387 5477 1603 5533 egregie
1632 5476 1889 5531 distincta
1944 5474 2114 5528 Maxi-

544 5474 687 5544 sum.
706 5481 968 5551 superbi.
993 5474 1102 5543 Sic,
1128 5495 1249 5551 cap.
1275 5480 1361 5542 7i,
1387 5477 1603 5551 egregie
1632 5476 1889 5551 distincta
1944 5474 2114 5528 Maxi-

545 5566 635 5605 mo
661 5550 730 5603 τὰ
754 5545 860 5602 τῶν
887 5550 1062 5619 ἔργων
1111 5545 1212 5602 καῖ
1241 5545 1543 5619 νοημάτων
1567 5547 1772 5619 ψυχικᾶι
1791 5545 1896 5619 ’καλ
1923 5561 2108 5619 *πνευ-

549 5619 755 5688 ματικόι
788 5636 800 5648 ’
856 5613 1189 5688 clariusque,
1226 5613 1355 5688 cap.
1385 5618 1472 5682 72,
1501 5613 1748 5688 exposita
1774 5614 1997 5688 divisio
2020 5613 2111 5667 illa

544 5684 722 5768 ςξςυχῆς
751 5689 847 5768 καὶἶ
872 5684 1200 5768 πνεύματοὲ
1225 5684 1389 5758 quam
1417 5689 1471 5741 in
1497 5684 1657 5740 nobis
1708 5685 1839 5739 facit
1888 5684 2112 5764 divinus

548 5754 770 5825 Sermo;
798 5754 1064 5813 virtutum
1087 5754 1295 5813 scilicet
1312 5772 1547 5827 quarum
1561 5771 1625 5810 ex
1646 5765 1840 5827 natura
1871 5754 2113 5808 rationes

548 5829 842 5897 habemus,
876 5837 932 5884 et
976 5843 1209 5898 quarum
1261 5825 1343 5883 ex’
1367 5827 1588 5897 spiritu,
1640 5825 1827 5879 divino
1885 5839 2112 5879 munere

2251 4843 2396 4910 αυτῷ
2428 4843 2737 4920 γενόμενος,
2771 4843 3064 4920 redditque
3087 4847 3273 4910 Picus,
3323 4843 3799 4920 δείρειιίτίριατςιῖιο

2217 4914 2410 4967 lentem
2461 4913 2660 4982 faciens
2713 4922 2762 4966 et
2827 4916 2964 4984 quod
3003 4925 3077 4970 est
3119 4934 3152 4970 α
3195 4925 3363 4987 tergo.
3395 4913 3553 4983 Quod
3578 4913 3798 4977 'durilts

2216 4993 2322 5038 est.

2289 5052 2352 5124 (j)
2377 5053 2500 5136 ,Τοῦ
2530 5055 2750 5136 tabent:
2775 5053 3118 5136 ζρῂζφῖος.
3146 5057 3281 5136 ΗροΔ
3307 5057 3484 5136 ipsum
3523 5061 3795 5136 superiori

2212 5139 2333 5193 cap.
2359 5124 2595 5188 dixerat,
2625 5194 2637 5200 _
2660 5125 2718 5177 Ὀ
2755 5125 2856 5200 τῇς
2903 5125 3072 5200 εὐχῆς
3099 5127 3209 5200 τοῦ
3253 5124 3467 5200 δικαίου
3520 5124 3793 5200 δεόμενος,

2211 5167 2595 5317 Tioutroque’
2625 5194 2747 5249 loco
2787 5167 3110 5260 liicusz’ui
3164 5167 3799 5266 opus'ﬁab'etvz-zizx

2250 5272 2375 5317 ιιειι.
2407 5280 2490 5317 cui
2543 5273 2618 5317 est
2657 5266 2973 5317 necessaria.
3004 5265 3073 5317 At
3105 5266 3373 5317 Maximus
3403 5283 3525 5317 can-
3548 5269 3616 5317 83
3647 5282 3704 5317 et
3731 5270 3797 5317 Μ

2250 5265 2375 5328 usti,
2407 5266 2490 5339 ᾳιιὶ
2543 5273 2618 5317 est
2657 5266 2973 5339 necessaria.
2998 5265 3073 5339 ᾼι
3105 5265 3373 5322 MaXimus
3403 5283 3525 5339 cap.
3548 5269 3616 5324 83
3647 5282 3704 5326 et
3731 5270 3797 5326 ει

2214 5333 3060 5420 ᾁειρθιὶιξριιθ.ιιιειὶιιειειιροηίι,
3085 5352 3194 5406 qua
3216 5333 3486 5420 pe‘ceator'
3492 5340 3627 5420 justi
3669 5356 3793 5420 pre-

2187 5419 2339 5457 ~cum
2368 5403 2628 5477 suffragia
2688 5403 2975 5477 imploret;
3038 5403 3159 5475 qua:
3213 5403 3298 5461 est
3347 5403 3598 5477 proxima
3651 5403 3791 5464 ratio

2215 5471 2410 5554 orandi
2443 5471 2654 5554 pro:e_o,
2701 5471 2962 5529 et'altera
2984 5471 3176 5554 earum
3209 5471 3788 5554 vocu'm__signiﬁcatio;

2220 5543 2336 5611 ipsa
2364 5557 2473 5621 non
2513 5543 2892 5621 abhorrens‘a
2920 5546 3128 5614 priore,
3169 5547 3266 5601 sed
3290 5565 3359 5621 ex
3400 5543 3511 5602 illa'
3543 5557 3698 5603 orta:
3726 5563 3789 5602 ex

2216 5628 2283 5693 eo
2308 5613 2454 5693 enim
2477 5613 2925 5693 quodﬂegeamus,
2949 5631 3206 5693 rogamus
3227 5620 3322 5687 qui
3339 5621 3520 5693 possit
3551 5619 3793 5693 indigen-

2218 5683 2351 5760 tiam
2386 5682 2591 5760 levare.
2622 5682 2776 5760 Saepe
2802 5682 3166 5760 Clirys._'illos
3195 5682 3455 5759 eiagi'tat,
3491 5690 3584 5759 qui
3622 5682 3788 5760 suam

2218 5752 2322 5822 ipsi
2349 5752 2514 5829 vitam
2546 5752 2932 5824 negligentes:
2949 5757 3185 5813 aliorum
3242 5752 3526 5829 prccibus-
3562 5758 3786 5814 salutem

2219 5839 2276 5878 se
2309 5823 2604 5891 adepturos
2626 5823 2868 5893 sperant.
