4122 6320
401 409 532 475 1207

1055 389 1389 494 CAOPITUM
1426 381 1848 461 QUINQUIES
1884 378 2406 442 CENTENORUM
2450 376 2839 442 CENTURIA
2875 377 2994 439 III.

3510 370 3646 433 1203

395 527 503 581 τῶν
533 518 846 592 δαιμονίων,
878 516 977 571 οὑκ
1005 513 1348 568 εἰσακούεται
1382 503 1840 580 προσευχόμενος,
1875 496 1976 550 οὑκ

2086 494 2264 550 niente
2297 510 2426 566 erga
2472 508 2717 550 errorem
2759 493 3089 556 daemonum,
3130 502 3233 543 nec
3278 487 3394 557 ipse
3425 488 3651 541 exaudi-

399 617 537 686 ἔχων
585 613 666 674 είς
711 609 1018 682 προσευχῆς
1051 606 1278 676 δύναμιν
1297 643 1313 670 ,
1373 600 1474 670 τὴν
1501 597 1609 652 ἀπὸ
1639 595 1738 666 τῆς
1769 592 1978 686 πλάνης

398 685 505 760 τῶν
532 704 708 759 ἀθέων
735 701 1006 755 Ἰουδαίων
1033 695 1387 768 ἐπιστροφήν.
1423 691 1586 746 Ὅθεν
1608 686 1703 741 τοῦ
1725 685 1978 753 διακενῆς

401 798 801 872 προσεύχεσθαι
834 798 927 850 καὶ
955 791 1144 847 τοῦτον
1171 790 1399 858 ἀπάγων
1429 789 1456 840 ό
1482 785 1636 848 Θεὸς,
1673 782 1832 851 φησὶ,
1855 776 1977 872 Alia}

402 866 483 948 ait
514 866 982 963 ,αὴ-προσεύχου
1024 884 1158 953 περὶ
1188 881 1294 936 τοῦ
1323 878 1477 934 λαοῦ
1507 876 1745 937 τούτου,
1773 870 1870 925 καὶ
1891 866 1977 963 μὴ

403 961 582 1050 ἀξίου
629 983 736 1037 τοῦ
776 978 1099 1048 ἐλεηθῆναι
1127 972 1371 1038 αὐτοὺς,
1403 969 1499 1024 καί
1526 967 1612 1038 μὴ
1641 965 1846 1034 εὔχου,
1882 961 1979 1014 καὶ

399 1074 486 1145 μὴ
521 1073 863 1142 προσέλθῃς
887 1087 990 1139 μοι
1022 1066 1154 1135 περὶ
1183 1061 1382 1119 αὐτῶν
1407 1060 1496 1116 ἔτι
1517 1103 1532 1127 ,
1589 1055 1679 1112 ότι
1711 1056 1823 1111 οὐκ
1854 1055 1979 1107 εισ-

405 1165 759 1232 (ικούσομαι.

481 1261 595 1323 πγ’.
631 1253 842 1321 Πολλῆς
868 1251 1035 1314 ὅντως
1065 1249 1214 1302 ἐστὶν
1243 1244 1592 1316 ἀϐελτηρίας,
1623 1241 1711 1294 ἵνα
1738 1237 1814 1309 μὴ
1838 1235 1980 1303 λέγω

410 1345 837 1417 παραφροσύνης
862 1384 876 1409 ,
930 1345 996 1397 δι’
1019 1344 1184 1414 εὑχῆς
1230 1339 1456 1393 δικαίων
1497 1334 1776 1404 ἐπιζητεῖν
1804 1347 1982 1400 σωτη-

413 1430 532 1507 ρῖαν
557 1477 573 1503 ,
635 1437 729 1490 τδν
774 1435 918 1491 κατὰ
962 1433 1202 1488 διάθεσιν
1240 1433 1353 1494 τοῖς
1392 1426 1656 1500 ὀλεθρίοις
1684 1423 1978 1496 ἡδόμενονο

409 1527 677 1581 κάκείνων
734 1524 1004 1581 αἰτεῖσθαι
1061 1518 1452 1594 συγχώρησιν,
1512 1511 1594 1579 οἷς
1643 1513 1982 1584 ὲγκαυχᾶται

409 1619 527 1672 κατ’
543 1618 824 1688 ἐνέργειαν
851 1615 1108 1689 προθέσει
1141 1611 1521 1681 σπιλοὺμενος,
1557 1607 1675 1661 δέον
1707 1605 1782 1677 μὴ
1808 1602 1984 1674 ἀργὴν

408 1712 503 1781 ἐᾷν
544 1708 792 1778 γίνεσθαι
838 1709 932 1762 καὶ
971 1706 1229 1776 ἀκίνητον
1275 1704 1370 1758 τοῦ
1407 1700 1619 1756 δικαίου
1648 1698 1746 1769 τὴν
1775 1696 1981 1766 δέησιν,

408 1801 498 1864 τὴν
552 1798 756 1868 ταύτης
800 1797 1088 1868 δεόμενον,
1144 1797 1302 1868 εἴπερ
1342 1792 1558 1864 ἀληθῶς
1585 1792 1700 1853 τοῖς
1728 1787 1983 1857 πονηροῖς

411 1888 774 1960 ἀπεχθάνεται
793 1905 808 1921 ο
861 1889 979 1944 ἀλλ’
997 1889 1222 1960 ἐνεργὸν
1247 1888 1423 1940 ποιεῖν
1453 1884 1550 1938 καὶ
1579 1881 1828 1953 ἰσχυρὰν,
1857 1881 1982 1942 ταῖς

410 1981 636 2044 οίκείαις
682 1981 905 2052 ἀρεταῖς
950 1981 1346 2052 πτερουμένην,
1396 1979 1491 2033 καὶ
1535 1977 1844 2046 φθάνουσαν
1890 1972 1982 2026 τὸν

415 2071 760 2145 συγχώρησιν
784 2073 985 2128 διδόναι
1007 2073 1117 2128 τῶν
1139 2070 1643 2144 πλημμεληθέντων
1665 2067 1980 2138 δυνάμενον.

487 2251 591 2306 πδ¹.
645 2252 813 2307 [lolii
853 2253 1050 2322 ἰσχύει
1095 2251 1201 2307 τοῦ
1233 2251 1467 2306 δικαίου
1509 2251 1548 2319 ἠ
1580 2248 1826 2318 δέησις,
1875 2247 1986 2300 εἴτε

417 2343 480 2395 ἐκ
524 2341 621 2394 τοῦ
668 2343 995 2414 ποιουμένου
1022 2343 1225 2412 ταύτην
1251 2343 1460 2396 δικαίου
1479 2383 1494 2408 ,
1555 2342 1666 2394 εῐτε
1693 2340 1759 2393 ὲκ
1781 2337 1876 2391 τοῦ
1901 2335 1988 2405 γί-

417 2433 603 2487 νεσθαι
631 2434 802 2504 αὑτὴν
830 2435 1148 2504 αἰτουμένου
1179 2434 1273 2487 τὸν
1296 2434 1503 2487 δίκαιον
1529 2471 1542 2496 ,
1596 2422 1984 2501 ἐνεργουμένη.

429 2523 564 2576 Ὑπὸ
589 2524 686 2594 μὲν
713 2525 821 2596 γὰρ
844 2524 938 2580 τοῦ
962 2525 1168 2579 δικαίου
1195 2523 1585 2595 ἐνεργουμένη,
1607 2523 1822 2574 δίδωσιν
1842 2519 1989 2591 αὑτῷ

422 2615 733 2686 παρρησίαν
756 2617 892 2688 πρὸς
912 2617 1006 2670 τὸν
1030 2617 1212 2671 δοῦναι
1235 2617 1528 2686 δυνάμενον
1548 2615 1616 2668 τὰ
1634 2613 1745 2667 τῶν
1765 2613 1990 2667 δικαίων

419 2706 716 2777 αίτὴματα·
748 2706 852 2760 ὑπὸ
875 2707 931 2759 δὲ
955 2706 1047 2760 τοῦ
1073 2707 1278 2778 ταύτην
1306 2704 1626 2774 αἰτουμένου
1650 2704 1741 2757 τὸν
1760 2702 1985 2767 δίκαιον,

420 2795 519 2866 τῆς
543 2795 819 2866 προτέρας
844 2796 1006 2849 αὑτὸν
1035 2796 1337 2867 μοχθηρίας
1363 2796 1623 2866 ἀφίστησι
1649 2835 1662 2860 ,
1718 2793 1989 2866 μεταϐάλ-

419 2885 587 2940 λουσα
620 2887 754 2956 πρός
783 2886 986 2958 άρετὴν
1016 2886 1164 2957 αὑτῷ
1190 2886 1288 2957 τὴν
1314 2887 1570 2940 διάθεσιν.

493 2982 596 3031 πε⁹.
614 2977 634 2998 ‘
654 2976 760 3029 Τοῦ
777 2977 1102 3031 ’Δποστὸλου
1128 2979 1431 3048 εἰρηκότος,
1449 2969 1610 3045 Ἐ’νῷ
1623 2976 1993 3048 ἀγαλλιᾶσθε

423 3067 632 3136 ὀλίγον
659 3065 810 3134 ἄρτι,
844 3069 897 3121 ει
942 3066 1082 3122 δέον
1117 3068 1248 3122 ἐστι
1293 3067 1681 3138 λυπηθέντας
1719 3067 1877 3137 ὑμᾶς
1923 3067 1994 3121 ἐν

422 3156 724 3222 ποικίλοις
757 3157 1128 3226 πειρασμοῖς,
1163 3157 1280 3222 πῶς
1305 3177 1390 3224 τις
1416 3158 1754 3229 λυπούμενος
1781 3159 1839 3211 ὲν
1873 3173 1994 3211 πει-

424 3248 654 3317 ρασμοῖς
683 3245 902 3301 δύναται
933 3247 1288 3317 ἀγαλλιᾶσθαι
1314 3251 1371 3302 ὲν
1395 3242 1438 3318 ᾧ
1461 3248 1707 3302 λυπεῖται
1733 3267 1750 3317 ;

497 3430 613 3489 πς¹.
645 3425 757 3496 Τὴν
779 3424 956 3498 λύπην
979 3426 1162 3497 διττὴν
1186 3423 1296 3480 οίδε
1328 3427 1429 3496 τῆς
1455 3427 1710 3498 ἀληθείας
1738 3430 1766 3483 ό
1794 3428 1950 3497 λόγος
1974 3444 1988 3458 ·

423 3516 520 3586 τὴν
549 3515 666 3585 μὲν,
694 3518 837 3572 κατὰ
861 3517 1038 3589 ψυχὴν
1064 3519 1286 3588 ἀφανῶς
1308 3538 1322 3551 ο
1371 3519 1468 3588 τὴν
1493 3521 1571 3584 δὲ,
1597 3519 1716 3574 κατ’
1741 3519 1994 3590 αἴσθησιν

427 3606 678 3675 φανερῶς
704 3597 1118 3677 συνισταμένην·
1151 3609 1246 3661 καὶ
1272 3609 1370 3678 τὴν
1403 3609 1524 3680 μὲν,
1552 3610 1672 3664 ὅλον
1698 3610 1794 3680 τῆς
1815 3609 1994 3681 ψυχῆς

423 3697 487 3748 τὸ
517 3695 681 3766 βάθος
707 3697 1240 3769 περιλαμϐάνουσαν,
1274 3703 1341 3769 τῇ
1372 3701 1596 3769 μάστιγι
1623 3701 1724 3770 τῆς
1748 3701 1994 3770 συνειδή-

427 3803 562 3850 σεως
591 3786 954 3859 αἰκιζόμενονο
987 3789 1085 3860 τὴν
1113 3789 1192 3852 δὲ,
1226 3790 1405 3842 πᾶσαν
1432 3791 1531 3861 τὴν
1561 3790 1812 3862 αἴσθησιν
1838 3809 1993 3861 περι-

424 3877 740 3951 γράφουσαν
764 3919 779 3943 ,
831 3879 911 3950 τῷ
953 3879 1108 3951 βάρει
1139 3879 1248 3933 τῶν
1270 3879 1533 3947 ἀλγεινῶν
1566 3880 1994 3952 συστελλομένην

425 3967 526 4036 τῆς
550 3972 784 4040 φυσικῆς
807 3970 1109 4041 διαχύσεως
1126 3986 1139 4002 ·
1203 3971 1298 4024 καὶ
1324 3971 1424 4041 τὴν
1455 3971 1556 4041 μὲν
1573 4013 1589 4036 ,
1639 3974 1739 4042 τῆς
1767 3973 1886 4026 κατ’
1909 3973 1996 4026 ατ·-

429 4052 618 4122 σθησιν
646 4056 834 4128 ἡδονῆς
867 4073 881 4083 ·
939 4057 1038 4128 τὴν
1065 4057 1142 4120 δὲ,
1164 4058 1264 4125 τῆς
1295 4061 1434 4112 κατὰ
1456 4058 1633 4131 ψυχὴν
1658 4061 1995 4130 εὐφροσύνης

426 4144 577 4211 τέλος
605 4146 956 4219 ὑπάρχουσαν
981 4165 996 4180 ο
1037 4149 1238 4219 μᾶλλον
1263 4151 1320 4204 δὲ
1350 4152 1450 4222 τὴν
1477 4151 1600 4222 μὲν,
1633 4151 1742 4204 τῶν
1771 4155 1890 4205 κατ’
1909 4137 1995 4206 αῖ-

431 4239 619 4308 σθησιν
659 4240 954 4310 γνωμικῶν
978 4258 992 4272 ³
1045 4242 1144 4312 τὴν
1183 4243 1260 4307 δὲ,
1294 4242 1403 4296 τῶν
1439 4243 1558 4296 κατ’
1583 4241 1753 4315 αὐτὴν
1783 4244 1993 4315 συμπέ-

430 4349 614 4402 ρασμα
643 4334 792 4404 παρὰ
815 4334 1038 4405 γνώμην
1067 4334 1254 4388 παθῶν
1278 4335 1666 4405 τυγχάνουσαν.

2080 595 2188 650 tur,
2227 585 2372 655 quod
2416 584 2568 653 impii
2611 582 2786 638 Judaei
2829 577 3199 635 convertendo
3241 590 3300 630 se
3334 574 3402 629 ab
3435 589 3644 638 errore,

2077 679 2257 733 nullas
2300 676 2605 748 precationi
2642 676 2790 729 vires
2827 673 3109 727 afferrent.
3147 668 3302 724 Unde
3336 676 3391 722 et
3434 667 3574 721 Deus
3618 681 3649 720 a

2076 767 2390 822 irustraneo
2431 765 2525 819 illo
2571 778 2798 834 precum
2835 760 3046 815 ambitu
3088 773 3215 813 eum
3255 771 3534 812 avocans:
3575 754 3650 808 Tu

2080 872 2302 928 quoque,
2356 855 2556 926 inquit,
2605 853 2713 907 noli
2753 842 2909 906 orare
2949 869 3044 922 pro
3086 847 3278 920 populo
3326 848 3440 911 hoc,
3484 855 3532 898 et
3586 861 3650 898 ne

2080 963 2228 1019 roges
2262 955 2320 1000 ut
2359 963 2538 1000 eorum
2577 947 2866 1018 miserear;
2902 959 2995 997 nec
3031 942 3176 996 ultra
3219 957 3313 1012 pro
3354 942 3426 993 eis
3461 939 3530 992 ad
3569 954 3651 991 me

2080 1039 2376 1104 accesseris,
2402 1039 2527 1106 quia
2554 1053 2654 1090 non
2674 1019 2959 1090 eiaudiam
2992 1036 3030 1088 ¹.

2152 1218 2239 1273 85.
2274 1218 2510 1273 Summae
2541 1231 2729 1270 revera
2765 1212 3080 1269 stoliditatis
3116 1220 3219 1275 est,
3253 1226 3321 1265 ne
3347 1211 3522 1265 dicam
3553 1209 3652 1265 de-

2082 1312 2321 1377 mentiaz,
2346 1312 2622 1381 justorum
2661 1308 2918 1378 precibus
2946 1306 3178 1361 salutem
3209 1305 3523 1372 exquirere,
3559 1303 3654 1373 qui

2083 1403 2329 1459 exitiosis
2369 1402 2536 1456 rebus
2578 1415 2641 1454 ac
2689 1415 2810 1469 qua:
2851 1399 3133 1452 interitum
3179 1395 3418 1466 pariant,
3470 1395 3656 1449 animo

2083 1493 2423 1559 delectetur;
2448 1506 2750 1560 eorumque
2779 1489 2995 1545 veniam
3019 1497 3228 1559 petere,
3249 1485 3452 1556 quibus
3477 1486 3657 1554 reipsa

2083 1586 2316 1641 sordens
2339 1585 2543 1640 mentis
2583 1582 2870 1654 proposito
2886 1581 3180 1652 glorietur;
3215 1594 3339 1634 cum
3364 1594 3464 1648 par
3488 1587 3654 1641 esset,

2083 1684 2145 1732 ut
2171 1677 2263 1747 qui
2294 1677 2426 1748 justi
2461 1675 2904 1746 deprecationem
2953 1671 3231 1741 implorat,
3272 1685 3383 1724 non
3425 1669 3657 1724 otiosam

2084 1775 2378 1835 motusque
2409 1775 2688 1835 expertem
2729 1779 2793 1819 ac
2828 1762 3072 1818 desidem
3115 1777 3235 1816 eam
3272 1759 3404 1815 ﬁeri
3427 1759 3668 1820 sineret,

2012 1836 2056 1892 Β
2085 1857 2130 1911 si
2177 1856 2340 1911 modo
2371 1871 2501 1911 vere
2531 1856 2610 1910 illi
2650 1854 2792 1908 mala
2825 1852 3217 1922 diSplicerent;
3247 1849 3342 1904 sed
3381 1847 3658 1903 eﬂicacem

2081 1947 2452 2016 validamque,
2500 1946 2742 2016 propriis
2789 1944 2961 2014 ipsius
3019 1942 3320 1996 virtutibus
3369 1939 3658 1994 subnixam

2083 2043 2365 2110 altumque
2391 2039 2664 2093 volantem
2699 2037 2974 2101 redderet,
2992 2051 3226 2104 eumque
3255 2041 3656 2103 assequentem,

2086 2129 2180 2200 qui
2205 2136 2386 2198 potest
2405 2127 2734 2182 delictorum
2759 2127 2976 2189 veniam
3001 2126 3267 2196 praebere.

2157 2234 2244 2288 84,
2287 2231 2513 2286 Multum
2552 2230 2691 2286 valet
2718 2231 2876 2302 justi.
2907 2230 3224 2301 deprecatio,
3270 2230 3387 2284 sive
3425 2243 3492 2283 ex
3526 2214 3682 2298 justi.

2087 2323 2261 2394 ipsius
2293 2321 2576 2377 offerentis
2605 2335 2860 2391 persona,
2901 2320 3017 2375 sive
3047 2319 3212 2384 illius,
3245 2320 3401 2391 cujus
3425 2321 3541 2390 ipse
3572 2337 3669 2376 ro-

2087 2419 2214 2481 gatu
2242 2409 2455 2464 Numen
2486 2409 2817 2478 interpellat,
2855 2407 3067 2462 efﬁcax.
3103 2408 3259 2462 Justo
3299 2408 3446 2463 enim
3477 2407 3667 2463 effica-

2089 2512 2208 2552 cem
2249 2495 2522 2559 reddenti,
2564 2495 2821 2548 ﬁduciam
2863 2493 3192 2562 impetrandi
3244 2495 3472 2564 praebet,
3514 2497 3661 2564 apud

2089 2598 2215 2638 eum
2244 2583 2337 2651 qui
2367 2584 2643 2652 justorum
2676 2580 2974 2651 petitiones
3004 2587 3188 2649 potest
3216 2581 3492 2648 tribuere;
3533 2597 3662 2636 eum

2089 2687 2221 2727 vero
2249 2674 2343 2742 qui
2365 2673 2572 2742 justum
2606 2678 2950 2740 precatorem
2985 2669 3229 2734 adhibet,
3261 2686 3291 2724 a
3331 2670 3516 2740 priore
3557 2671 3662 2725 im-

2089 2766 2365 2837 probitate
2393 2763 2657 2835 abjungit,
2677 2763 2796 2834 ejus
2824 2760 3067 2816 animum
3089 2760 3156 2815 ad
3183 2760 3443 2817 virtutem
3472 2762 3665 2817 trado-

2092 2869 2241 2910 cens.

2161 2947 2250 3002 85.
2299 2945 2436 3003 Cum
2467 2943 2759 3016 Apostolus
2801 2943 2950 3000 dicat
2985 2960 2999 2996 :
3043 2943 3109 2998 In
3157 2958 3258 3013 quo
3312 2941 3663 3006 exsultabitis,

2092 3040 2354 3095 modicum
2391 3056 2550 3103 nunc,
2595 3039 2640 3092 si
2689 3044 2889 3108 oportet
2919 3037 3221 3091 contristari
3264 3052 3353 3092 vos
3401 3037 3456 3091 in
3504 3037 3666 3089 variis

2019 3162 2064 3222 ο
2096 3130 2466 3185 tentationibus
2495 3131 2546 3196 ';
2584 3128 2860 3199 quomodo
2892 3129 2987 3199 qui
3042 3128 3098 3182 in
3136 3127 3533 3182 tentationibus
3568 3127 3668 3180 tri-

2094 3230 2290 3288 statur,
2338 3221 2394 3275 in
2444 3237 2511 3276 eo
2552 3220 2829 3276 exsultare
2883 3219 3058 3289 possit
3111 3218 3168 3273 in
3218 3234 3329 3288 quo
3373 3218 3662 3283 tristatur;

2094 3312 2250 3382 cujus
2279 3326 2476 3380 nempe
2500 3309 2671 3381 gratia
2698 3310 2934 3364 maeret?
3647 3376 3649 3378 η

2163 3400 2250 3456 86.
2313 3399 2599 3470 Duplicem
2656 3398 2934 3453 tristitiam
2985 3398 3141 3453 novit
3206 3415 3338 3454 vera
3386 3398 3663 3464 doctrina;

2094 3489 2319 3548 alteram
2342 3507 2463 3562 qua:
2487 3491 2544 3544 in
2573 3491 2758 3545 animo
2782 3489 3012 3544 occultis
3035 3489 3340 3544 rationibus
3361 3489 3631 3544 conﬂatur
3648 3507 3680 3554 ;~

2094 3582 2341 3646 alteram,
2375 3595 2497 3650 quae
2521 3578 2683 3648 580
2709 3578 2767 3632 in
2810 3593 2975 3633 sensu
3013 3578 3300 3634 manifeste
3329 3579 3506 3649 posita
3539 3588 3622 3634 est
3650 3598 3680 3632 :-

2095 3686 2158 3726 ac
2194 3673 2341 3725 illam
2388 3670 2634 3740 quidem,
2679 3677 2856 3722 totum
2900 3669 3067 3722 animi
3117 3670 3452 3739 profundum
3499 3686 3666 3726 occu-

2095 3779 2247 3834 pare,
2281 3762 2428 3832 quod
2469 3761 2820 3815 conscientiae
2846 3761 3061 3831 ﬂagello
3091 3765 3313 3832 vapulet
3341 3780 3355 3816 :
3397 3764 3540 3820 hanc
3566 3781 3666 3819 au-

2095 3864 2242 3920 tem,
2275 3868 2496 3910 sensum
2551 3868 2770 3908 omnem
2816 3854 3240 3919 circumvenire,
3290 3869 3459 3924 quem
3503 3872 3667 3926 grave

2095 3945 2472 4001 molestiarum
2495 3944 2712 4014 pondus
2745 3960 2774 3998 a
2798 3945 3038 3999 naturali
3060 3944 3352 4000 diffusione
3383 3957 3663 4013 coerceat;

2096 4039 2354 4108 illamque
2374 4037 2511 4092 adeo
2530 4037 2827 4107 voluptatis
2860 4052 3074 4101 sensus,
3099 4037 3240 4092 ba’nc
3261 4037 3464 4093 laetitiae
3495 4039 3675 4093 animi-

2097 4129 2260 4183 iinem
2281 4129 2546 4184 exsistere
2574 4146 2585 4180 :
2618 4130 2750 4198 quin
2788 4129 2990 4199 potius,
3034 4129 3180 4184 illam
3213 4130 3436 4200 quidem
3472 4146 3668 4186 sensus

2095 4220 2390 4276 aﬂ‘ectuum
2426 4236 2492 4275 ex
2525 4220 2838 4286 voluntate;
2891 4221 3032 4274 banc
3067 4230 3272 4285 autem,
3311 4236 3502 4275 eorum
3547 4238 3666 4291 quae

2095 4320 2295 4383 praeter
2326 4312 2665 4368 voluntatem
2703 4327 2880 4382 eaque
2912 4312 3084 4366 invita
3123 4313 3200 4366 illi
3237 4313 3512 4381 accidunt,
3542 4330 3664 4370 esse

2095 4404 2411 4460 terminum.

497 4510 603 4577 σις’⁶
644 4512 804 4582 Λύπη
837 4513 953 4566 ἐστὶ
975 4553 990 4576 ,
1038 4515 1157 4567 κατ’
1181 4513 1280 4584 ἐμὲ
1311 4512 1496 4584 φάναι,
1529 4514 1769 4580 διάθεσις
1792 4517 1987 4587 ἡδονῶν

2169 4496 2258 4550 87.
2284 4496 2531 4551 Tristitia
2557 4505 2641 4553 est
2663 4496 2831 4569 (quod
2862 4497 3085 4568 quidem
3114 4498 3391 4570 existimo)
3425 4497 3660 4568 disposi-

429 4605 764 4675 ὲστερημένη
783 4620 798 4634 ⁶
837 4606 1090 4675 στέρησις
1117 4605 1172 4658 δὲ
1202 4605 1540 4676 καθέστηκεν
1564 4607 1788 4678 ἡδονῶν,
1818 4609 1993 4663 πόνων

427 4693 690 4763 ἐπαγωγή
714 4711 729 4725 ο
782 4696 943 4757 πόνος
968 4695 1024 4748 δὲ
1055 4694 1240 4764 σαφῶς
1266 4696 1405 4760 ἐστι,
1454 4699 1691 4769 φυσικῆς
1720 4698 1886 4763 ἕξεως
1911 4700 1994 4753 έλ-

426 4777 602 4847 λειψις
653 4779 686 4850 ἢ
741 4780 1128 4852 ὑποχώρησις·
1188 4783 1424 4854 ἔλλειψις
1462 4787 1519 4840 δὲ
1572 4792 1804 4860 φυσικῆς
1848 4792 1992 4844 ἐστιν

425 4866 596 4932 ἕξεως
616 4911 632 4935 ,
693 4870 864 4935 πάθος
910 4874 1007 4942 τῆς
1039 4873 1180 4928 κατὰ
1207 4874 1369 4942 φύσιν
1396 4877 1760 4949 ὑποκειμένης
1790 4883 1855 4952 τῇ
1882 4880 1992 4945 ἔξει

427 4959 730 5029 δυνάμεως.
767 4962 840 5015 Τὸ
864 4964 918 5016 δὲ
947 4964 1115 5029 πάθος
1145 4966 1243 5037 τῆς
1271 4968 1411 5021 κατὰ
1435 4970 1595 5038 φύσιν
1627 4972 1994 5043 ὑποκειμένης

426 5053 490 5123 τῇ
539 5051 650 5116 ἕξει
694 5053 974 5123 δυνάμεώς
1012 5057 1191 5123 ἐστιν,
1252 5059 1280 5111 ὁ
1311 5059 1451 5113 κατὰ
1500 5060 1596 5132 τὴν
1645 5063 1992 5134 παράχρησιν

427 5143 524 5213 τῆς
563 5146 798 5214 φυσικῆς
827 5145 1105 5216 ἐνεργείας
1141 5147 1342 5218 τρόπος
1365 5165 1380 5180 ·
1439 5152 1780 5223 παράχρησις
1808 5154 1863 5205 δὲ
1897 5152 1991 5206 τοῦ

429 5237 546 5287 κατ’
570 5235 848 5308 ἐνέργειαν
871 5238 1073 5308 τρόπου
1105 5239 1461 5311 καθέστηκεν,
1492 5243 1524 5312 ἡ
1558 5242 1693 5313 πρὸς
1715 5243 1775 5295 τὸ
1805 5243 1878 5316 μὴ
1901 5262 1993 5296 πε-

428 5324 770 5392 φυκδςκατὰ
798 5327 956 5395 φύσιν
984 5329 1075 5381 καὶ
1099 5327 1462 5399 ὑφιστάμενον
1487 5329 1556 5400 (It)
1587 5331 1684 5402 τῆς
1715 5331 1994 5403 δυνάμεως

428 5414 659 5485 κίνησις.

503 5565 518 5596 ’
550 5566 751 5622 Jerem.
787 5586 880 5635 vn,
924 5571 1011 5627 i6.
1063 5574 1281 5629 ’lPetr.
1320 5591 1356 5639 ι,
1386 5576 1437 5630 6.

499 5679 517 5697 ο
551 5677 634 5735 cr.
661 5682 728 5736 ad
756 5666 998 5742 Thalass.
1023 5703 1078 5757 q.
1109 5688 1194 5743 58.

2100 4587 2178 4642 tio
2211 4588 2380 4642 animi
2413 4603 2511 4643 seu
2551 4587 2769 4644 affectio
2798 4589 3174 4659 voluptatibus
3204 4605 3417 4644 carens.
3459 4589 3665 4644 [larum

2100 4688 2282 4735 autem
2310 4680 2566 4750 privatio,
2597 4682 2845 4736 laborum
2874 4681 3104 4738 inflictio
3123 4689 3225 4738 est.
3256 4681 3435 4738 Labor
3457 4690 3662 4746 autem,

2091 4773 2358 4828 naturalis
2392 4773 2614 4829 habitus
2641 4774 2820 4844 palam
2859 4774 3126 4840 defectus,
3157 4790 3254 4830 seu
3281 4775 3577 4830 subductio
3601 4790 3666 4828 ac

2095 4878 2345 4920 recessus
2378 4872 2482 4919 est.
2525 4855 2783 4921 Defectus
2811 4876 2997 4920 autem
3026 4874 3081 4921 et
3118 4865 3366 4920 absentia
3397 4863 3665 4920 naturalis

2099 4954 2343 5021 habitus,
2379 4957 2562 5026 passio
2599 4966 2681 5012 est
2722 4965 2779 5011 et
2818 4958 2971 5013 labes
3010 4972 3105 5011 seu
3145 4955 3412 5027 aegritudo
3441 4957 3562 5028 ejus
3586 4956 3666 5011 fa-
3711 4959 3738 5017 ’Ξ

2098 5047 2340 5113 cultatis,
2383 5063 2504 5118 quae
2541 5057 2739 5104 natura
2785 5049 2998 5104 babitui
3024 5049 3282 5119 subjecta
3325 5056 3428 5103 est.
3478 5048 3665 5103 Passio

2097 5145 2280 5192 autem
2311 5150 2367 5193 et
2407 5139 2559 5194 labes
2602 5155 2698 5194 seu
2745 5139 3010 5210 aegritudo
3052 5141 3171 5209 ejus
3218 5139 3512 5204 facultatis,
3543 5155 3670 5208 qua:

2097 5240 2293 5286 natura
2323 5232 2536 5287 habitui
2576 5233 2821 5303 subjecta
2851 5241 2954 5297 est,
2987 5233 3183 5287 modus
3205 5241 3289 5286 est
3311 5247 3408 5302 per
3433 5231 3663 5286 abusum

2091 5325 2359 5380 naturalis
2392 5325 2748 5394 operationis.
2800 5325 2972 5380 Porro
3027 5324 3233 5379 abusus
3272 5323 3418 5378 modi
3464 5338 3664 5392 opera-

2091 5419 2281 5483 tionis,
2308 5426 2490 5472 motus
2517 5425 2600 5472 est
2631 5417 2929 5480 facultatis,
2971 5417 3027 5471 in
3061 5415 3114 5470 id
3149 5416 3296 5485 quod
3329 5424 3524 5470 natura
3560 5415 3662 5468 lni-

2094 5512 2240 5566 nimc
2274 5518 2649 5579 comparatum
2672 5516 2773 5572 est,
2807 5523 2986 5578 neque
3026 5522 3153 5561 vere
3187 5515 3290 5561 est.

503 5793 576 5864 (ἃ)
617 5796 685 5851 Ἦ
698 5798 846 5865 πρὸς
891 5799 953 5854 τὸ
997 5800 1084 5870 μὴ
1136 5801 1402 5870 πεφυκὸς
1450 5804 1597 5858 κατὰ
1640 5806 1827 5872 φύσιν
1886 5805 1981 5860 καὶ

2086 5806 2447 5878 πιστάμενον.
2485 5803 2654 5859 Motus
2719 5804 2988 5876 facultatis
3055 5806 3109 5860 in
3161 5806 3217 5860 id
3249 5802 3386 5876 quod
3426 5817 3529 5855 non
3584 5806 3660 5854 est
