4122 6320
401 303 538 374 13m

928 297 936 304 ’
1049 308 1384 372 CAPITUM
1419 310 1841 384 QUINQUIES
1877 311 2400 376 CENTE‘NORIJM
2438 315 2821 378 CENTURIA
2862 319 2978 378 111.

3511 318 3648 385 1302

465 413 576 489 ιιΥ.
615 417 675 473 '0
729 415 830 489 μὲν
882 415 1090 492 Κύριος
1138 420 1475 492 ἀπεύχεσθαι
1527 423 1657 487 τοὺς
1691 423 1973 490 ἑκουσίους

2153 425 2243 482 95.
2280 415 2548 484 Dominus
2571 428 2816 499 quidem,
2838 445 2932 486 eas
2960 445 3062 486 nos
3099 431 3434 487 tentationes
3455 431 3652 501 deprc-

396 506 548 582 ἡμᾶς
578 509 820 564 διδάσκει
846 512 1212 582 πειρασμοὺς,
1249 512 1325 576 ὡς
1354 513 1558 584 σαρκὸς
1587 513 1708 584 μὲν,
1737 513 1935 586 ἡδονῆς
1953 531 1968 546 ο

395 601 575 672 ψυχῆς
593 601 671 665 δὲ,
720 603 1035 673 ποιητικοὺς
1062 602 1255 673 ὀδύνης
1275 616 1290 632 ·
1344 604 1373 655 ὁ
1402 603 1460 656 δὲ
1491 602 1663 674 μέγας
1696 604 1970 671 Ἰάκωϐος,

398 694 490 748 ἐπὶ
520 693 632 756 τοῖς
651 691 926 758 ἀκουσίοις
965 695 1097 765 ἡμῖν
1127 697 1380 766 παραινεῖ
1400 696 1609 766 χαίρειν
1626 697 1969 766 πειρασμοῖς,

398 782 471 846 ὥς
502 782 704 854 σαρκὸς
735 783 834 855 μὲν
864 783 1080 856 ἡδονὴν,
1111 783 1291 858 ψυχῆς
1319 783 1377 839 δὲ
1408 784 1603 857 ὀδύνην
1629 783 1970 858 ἀφαιρουμέ-

397 892 529 939 νοις.

469 1050 574 1119 ιιᾶ.
619 1051 838 1116 Τέλειός
864 1052 1040 1120 ἐστιν,
1076 1053 1105 1106 ὁ
1131 1055 1242 1119 τοῖς
1269 1055 1537 1121 ἑκουσίοις
1565 1055 1632 1109 δι’
1649 1056 1974 1129 ἐγκρατείας

402 1144 710 1215 μαχόμενος
734 1183 750 1209 ,
805 1145 900 1198 καὶ
943 1146 1058 1210 τοῖς
1085 1146 1361 1211 ἀκουσίοις
1387 1147 1453 1201 δι’
1475 1147 1750 1220 ὑπομονῆς
1775 1152 1976 1222 ὲγκαρ-

398 1233 575 1304 τιρῶν
604 1237 932 1306 πειρασμοῖς
955 1248 970 1268 ⁵
1026 1234 1121 1290 καὶ
1147 1235 1442 1311 ὁλόκληρὸς
1465 1241 1646 1307 ἐστιν,
1697 1243 1726 1295 ὁ
1755 1244 1849 1298 καὶ
1875 1244 1975 1314 τὴν

401 1324 599 1398 πρᾶξιν
635 1327 776 1398 μετά
800 1326 1054 1397 γνώσεως
1076 1371 1092 1394 ,
1153 1332 1248 1384 καὶ
1277 1331 1378 1401 τὴν
1406 1330 1641 1404 θεωρίαν
1668 1335 1767 1390 οὑκ
1798 1336 1976 1406 ἄπρα-

399 1434 527 1472 κτον
553 1417 806 1474 διανύων.

471 1601 571 1666 ιε’.
614 1601 967 1673 Διῃρημένης
1002 1602 1082 1668 είς
1107 1606 1286 1676 ψυχήν
1305 1623 1366 1661 τε
1399 1607 1491 1660 καὶ
1519 1607 1771 1678 αἴσθησιν
1796 1609 1894 1680 τῆς
1914 1627 1974 1663 τε

397 1685 572 1759 λύπης
610 1691 706 1744 καὶ
734 1692 834 1761 τῆς
860 1693 1055 1764 ἡδονῆς
1077 1735 1093 1760 ,
1147 1697 1175 1748 ὁ
1213 1697 1314 1766 τὴν
1338 1699 1437 1768 τῆς
1460 1697 1638 1768 ψυχῆς
1662 1700 1976 1770 περιποιού-

401 1797 561 1850 μενος
590 1781 783 1854 ὴδονὴν
807 1822 823 1847 ,
887 1783 984 1854 τὴν
1006 1784 1064 1839 δὲ
1093 1787 1193 1856 τῆς
1214 1788 1524 1858 αἰσθήσεως
1556 1789 1674 1860 μεθ’
1701 1791 1976 1864 ὑπομονῆς

399 1871 831 1942 καταδεχόμενος
872 1873 1049 1946 λύπην
1073 1916 1088 1940 ,
1150 1877 1374 1947 δόκιμος
1407 1880 1614 1947 γίνεται
1649 1882 1740 1935 καὶ
1773 1881 1976 1946 τέλειος

399 1961 496 2015 καὶ
525 1961 834 2034 ὁλόκληρος·
862 1964 1085 2036 δόκιμος
1110 1968 1231 2035 μὲν,
1267 1969 1354 2022 διὰ
1380 1971 1478 2041 τὴν
1505 1975 1698 2043 πεῖραν
1724 1972 1833 2026 τῶν
1857 1975 1975 2026 κατ’

401 2051 657 2124 αἴσθησιν
688 2053 949 2109 ἐναντίων
967 2071 982 2087 '
1042 2057 1248 2123 τέλειος
1276 2059 1356 2125 δὲ,
1391 2062 1468 2125 ὡς
1492 2064 1558 2133 τῇ
1585 2063 1706 2117 κατ’
1727 2065 1976 2135 αἴσθησιν

402 2143 564 2214 ἡδονῇ
596 2159 655 2197 τε
689 2146 784 2199 καὶ⁴
807 2146 952 2218 λύπῃ
986 2146 1054 2201 δι’
1080 2151 1409 2221 ἐγκρατείας
1453 2153 1549 2206 καὶ
1581 2149 1860 2228 ὑπομονῆς
1885 2157 1978 2211 άν-

404 2233 630 2298 ενδὸτως
658 2238 984 2307 μαχόμενος·
1015 2241 1306 2312 ὁλόκληρος
1329 2243 1407 2307 δὲ,
1437 2244 1513 2309 ὡς
1537 2246 1638 2310 τὰς
1663 2249 1978 2320 μαχομένας

403 2329 527 2390 ταῖς
576 2330 697 2381 κατ’
738 2329 992 2402 αἴσθησιν
1041 2332 1305 2404 ἀλλήλαις
1346 2337 1753 2407 ἀντικειμέναις
1799 2341 1979 2394 διαθέ-

407 2431 558 2469 σεσιν
586 2417 729 2482 ἔξεις
751 2458 766 2485 ,
829 2421 889 2474 ἂν
914 2424 980 2492 τῇ
1015 2423 1370 2495 σταθερότητι
1401 2425 1502 2494 τῆς
1535 2431 1679 2482 κατὰ
1706 2431 1798 2483 τὸν
1820 2431 1978 2496 λόγον

405 2508 764 2579 ταυτότητος,
802 2512 1118 2584 ἀλωσήτους
1151 2513 1560 2584 διαφυλάττωνο
1617 2520 1759 2589 φημὶ
1790 2520 1847 2572 δὲ
1882 2521 1979 2589 τὴν

407 2600 607 2670 πρᾶξιν
641 2601 736 2654 καὶ
761 2603 859 2672 τὴν
889 2602 1144 2676 Θεωρίαν,
1177 2604 1439 2676 ἀλλήλαις
1469 2609 1855 2678 συνεχομένας,
1885 2613 1980 2666 καὶ

419 2691 682 2762 μηδεμίαν
727 2693 829 2762 τῆς
870 2695 1063 2766 ἑτέρας
1095 2696 1486 2769 διεζευγμένην
1511 2717 1524 2731 ·
1584 2701 1721 2754 ἀλλά
1752 2702 1850 2774 τὴν
1881 2703 1982 2773 μὲν

408 2780 608 2850 πρᾶξιν
669 2783 768 2854 τῆς
817 2784 1048 2855 θεωρίας
1109 2786 1208 2857 τὴν
1250 2787 1452 2856 γνῶσιν
1496 2789 1583 2844 διὰ
1622 2790 1730 2844 τῶν
1765 2793 1982 2862 τρόπων

409 2874 838 2942 προφαίνουσαν·
871 2876 970 2947 τὴν
1002 2877 1059 2930 δὲ
1091 2876 1345 2948 θεωρίαν,
1381 2880 1480 2950 οὑχ
1507 2875 1670 2954 ἦττον
1698 2882 1792 2936 τοῦ
1821 2883 1981 2954 λόγου

409 2960 510 3035 τὴν
535 2963 738 3036 ἀρετὴν
764 2965 1250 3040 τεθωρακισμένην
1282 2968 1384 3041 τῆς
1413 2970 1685 3042 πράξεως.

480 3133 598 3203 ιις’.
645 3135 703 3190 '0
746 3136 925 3207 λύπης
972 3139 1067 3192 καὶ
1100 3140 1296 3212 ἡδονῆς
1326 3142 1528 3213 σαρκὸς
1560 3145 1754 3216 πεῖραν
1779 3143 1980 3212 λαϐὼν,

409 3226 608 3297 λέγοιτ’
629 3227 694 3282 ἂν
722 3227 964 3300 δόκιμος
996 3232 1072 3294 ὼς
1100 3233 1386 3304 εὐχερείας
1408 3236 1502 3289 καὶ
1524 3236 1844 3306 δυσχερείας
1875 3237 1985 3290 τῶν

411 3318 543 3387 περὶ
586 3319 763 3390 σάρκα
799 3322 1140 3391 πραγμάτων
1180 3327 1608 3396 πεπειραμένος.
1660 3328 1878 3392 Τέλειος
1902 3329 1982 3393 δὲ,

410 3411 442 3463 ὁ
465 3409 562 3479 τὴν
588 3410 783 3482 ἡδονὴν
813 3411 912 3482 τῆς
937 3412 1140 3483 σαρκὸς
1165 3415 1262 3468 καὶ
1285 3414 1383 3485 τὴν
1404 3416 1594 3488 ὀδύνην
1617 3421 1684 3489 τῇ
1709 3417 1801 3471 τοῦ
1824 3419 1986 3488 λόγου

410 3499 640 3572 δυνάμει
685 3501 1102 3570 καταπαλαίσας
1125 3520 1141 3536 ⁸
1193 3506 1487 3578 ὁλόκληρος
1526 3508 1612 3572 δὲ,
1658 3511 1688 3563 ὁ
1718 3509 1818 3572 τὰς
1846 3511 1986 3566 κατά

309 3657 319 3667 .
409 3590 510 3662 τὴν
553 3593 755 3664 πρᾶξιν
797 3597 892 3648 καὶ
935 3595 1168 3667 θεωρίαν
1212 3596 1385 3662 ἔξεις,
1423 3600 1728 3668 ἀτρέπτους
1760 3603 1828 3673 τῇ
1859 3602 1987 3673 περὶ

410 3677 502 3731 τὸν
527 3676 668 3733 θεῖον
695 3679 860 3735 πόθον
893 3683 1142 3755 συντονίᾳ
1171 3685 1528 3757 διατηρήσας.

481 3854 588 3923 ῑιζν.
618 3857 731 3928 Τῆς
760 3858 858 3929 μὲν
887 3860 1029 3915 κατά
1053 3859 1230 3932 ψυχὴν
1251 3860 1428 3933 λύπης
1452 3864 1588 3929 ἐστὶ,
1619 3862 1794 3926 διττὸς
1815 3867 1844 3918 ὁ
1863 3865 1988 3936 τρό-

411 3961 532 4008 πος
551 3946 581 4000 ὁ
613 3947 732 4018 μὲν,
758 3948 851 4002 ἐπὶ
881 3951 994 4013 τοῖς
1015 3951 1260 4014 οίκείοιςο
1278 3953 1306 4004 ὁ
1332 3951 1410 4017 δὲ,
1432 3952 1526 4004 ἐπὶ
1554 3953 1667 4016 τοῖς
1688 3952 1989 4024 ἀλλοτρίοις

419 4035 857 4110 πλημμελήμασι
917 4042 1328 4113 συνιστάμενος.
1373 4043 1534 4097 Αίτία
1572 4043 1629 4096 δὲ
1670 4044 1770 4115 τῆς
1807 4044 1992 4098 τοιαύ-

411 4144 512 4197 της
542 4127 751 4200 λύπης,
798 4132 833 4202 ή
863 4132 982 4186 κατ’
1007 4133 1260 4202 αἴσθησιν
1290 4132 1386 4187 τοῦ
1415 4133 1754 4206 λυπουμένου
1781 4135 1988 4205 σαφῶς,

411 4219 446 4290 ἢ
474 4219 581 4275 τῶν
610 4221 678 4275 δι⁹
701 4221 797 4286 οὓς
825 4214 1078 4278 λυπεῖται
1110 4226 1450 4296 καθέστηκεν
1477 4227 1665 4298 ἡδονή.
1701 4227 1860 4282 Κατὰ
1884 4227 1992 4300 γὰρ

412 4311 503 4367 τὸν
526 4313 731 4385 ἀκριϐῆ
755 4315 932 4384 λόγον,
963 4317 1064 4370 οὑκ
1088 4316 1202 4372 ἔστι
1232 4319 1509 4383 παντελῶς
1538 4319 1782 4390 ἁμαρτία
1806 4321 1991 4392 σχεδὸν

2073 518 2189 574 cari
2222 518 2405 585 docet,
2443 534 2566 589 quae
2602 520 2781 574 nostri
2809 529 2938 576 sunt
2965 521 3181 577 arbitrii
3215 538 3278 578 ac
3312 522 3648 586 voluntatis;

2075 617 2136 664 ut
2177 625 2299 679 quae
2348 609 2532 664 carnis
2574 609 2796 678 quidem
2842 610 3208 680 voluptatem,
3246 610 3416 665 animi
3464 619 3648 664 autem

2073 699 2321 754 dolorem
2342 697 2619 753 elIiciant:
2650 713 2882 768 magnus
2912 708 3097 754 autem
3123 699 3382 764 Iacobus,
3415 714 3508 754 eas
3548 713 3650 752 nos

2075 790 2440 855 tentationes,
2488 804 2610 858 qua:
2657 789 2860 844 invitos
2905 797 3129 860 petunt,
3174 791 3331 845 laetos
3370 790 3651 859 suscipere

2075 879 2370 945 admonet;
2399 886 2460 933 ut
2485 895 2607 949 qua:
2638 880 2823 934 carnis
2850 880 3212 950 voluptatem,
3253 880 3530 951 animique
3555 879 3651 934 do-

2073 954 2248 1027 lorem
2279 970 2542 1026 eximant.
3512 972 3515 974 '

2145 1063 2234 1118 94.
2263 1061 2544 1118 Perfeetus
2571 1071 2674 1126 est,
2710 1064 2803 1133 qui
2832 1079 2932 1133 per
2961 1061 3360 1118 continentiam
3387 1063 3652 1118 adversus

2073 1152 2418 1208 voluntarias
2459 1154 2798 1209 tentationes
2845 1153 3161 1224 depugnat;
3209 1163 3265 1208 et
3298 1170 3399 1223 per
3437 1155 3653 1224 patien—

2074 1243 2229 1309 tiam,
2267 1245 2324 1298 in
2361 1242 2429 1298 iis
2459 1259 2580 1314 quae
2604 1243 2864 1298 violenta:
2894 1253 3025 1300 sunt
3055 1260 3120 1310 ac
3154 1244 3342 1300 invitis
3365 1245 3649 1304 accidunt.

2075 1343 2334 1391 constans
2373 1343 2712 1405 perseverat.
2757 1336 2977 1406 Integer
3019 1344 3203 1390 autem
3238 1345 3342 1400 est,
3387 1337 3484 1406 qui
3534 1345 3651 1391 tum

2075 1424 2348 1480 actionem
2376 1441 2500 1480 cum
2539 1425 2792 1492 scientia,
2833 1436 2948 1482 tum
2982 1426 3503 1497 contemplationem
3539 1442 3654 1494 non.

2075 1517 2307 1572 otiosam
2334 1531 2429 1570 seu
2453 1516 2686 1571 inertem
2723 1525 2962 1588 praestat.

2146 1606 2308 1677 582
2334 1606 2420 1662 95.
2450 1607 2586 1664 Cum
2608 1609 2757 1663 enim
2808 1615 2925 1663 tum
2961 1607 3188 1662 tristitia
3221 1614 3450 1676 tumque
3501 1606 3657 1660 volu-

2076 1708 2198 1768 ptas
2245 1699 2302 1753 in
2342 1700 2581 1756 animam
2609 1716 2672 1754 ac
2713 1716 2912 1768 corpus
2949 1699 3140 1754 divisae
3175 1699 3316 1766 sint;
3349 1700 3443 1770 qui
3485 1700 3653 1752 animi

2076 1792 2416 1861 voluptatem
2458 1799 2830 1855 consectatur,
2874 1806 3178 1860 sensusque
3211 1790 3494 1845 tristitiam
3535 1805 3652 1843 am-

2075 1881 2360 1952 plectitur,
2396 1882 2443 1936 is
2479 1880 2752 1957 probatus.
2781 1897 2844 1936 ac
2875 1879 3156 1950 perfectus
3186 1879 3508 1950 integerque
3540 1877 3654 1932 eili-

2075 1971 2222 2026 citur
2249 1988 2263 2024 :
2301 1971 2565 2040 probatus
2593 1971 2840 2041 quidem,
2871 1986 3066 2025 eorum
3100 1968 3350 2039 periculo
3381 1985 3502 2039 quae
3528 1983 3655 2023 sen-

2076 2078 2170 2118 sus
2214 2063 2426 2117 ratione
2471 2063 2748 2117 eontraria
2798 2070 2960 2128 sunt;
3011 2061 3290 2131 perfectus
3340 2069 3546 2126 autem,
3591 2069 3655 2116 ut

2076 2153 2170 2222 qui
2187 2167 2286 2220 per
2310 2149 2709 2206 continentiam
2727 2165 2792 2204 ac
2816 2149 3140 2219 patientiam
3165 2149 3433 2204 adversus
3455 2163 3654 2209 sensus

2075 2241 2386 2310 libidinem,
2419 2249 2476 2296 et
2505 2240 2792 2296 tristitiam
2819 2255 2914 2296 seu
2949 2234 3219 2306 dolorem,
3256 2236 3458 2294 obnixe
3482 2240 3656 2308 depu—

2077 2339 2240 2403 gnet;
2287 2333 2499 2401 integer
2529 2331 2792 2400 denique,
2831 2339 2894 2385 ut
2935 2331 3030 2401 qui
3077 2329 3373 2385 contrariis
3417 2330 3563 2383 inter
3595 2343 3653 2382 se

2079 2435 2274 2476 sensus
2301 2419 2514 2473 ratione
2557 2418 2946 2474 affectionibus
2974 2427 3282 2489 pugnantes
3313 2417 3556 2483 habitus,
3596 2417 3654 2470 in

2078 2509 2272 2565 eadem
2303 2507 2536 2563 rationis
2569 2509 2880 2563 constantia
2911 2506 3116 2564 illaesos
3138 2517 3324 2564 servet
3343 2522 3407 2562 ac
3442 2507 3655 2561 incolu-

2079 2616 2198 2656 mes
2233 2599 2530 2671 (actionem
2571 2599 2788 2655 scilicet
2827 2607 2884 2656 et
2927 2597 3475 2670 contemplationem)
3508 2599 3656 2652 inter

2081 2707 2140 2748 se
2165 2691 2532 2755 cohaerentes,
2572 2696 2942 2760 neutramque
2989 2691 3216 2745 alteram
3253 2689 3322 2742 ab
3347 2688 3518 2743 altera
3549 2686 3657 2740 dis-

2076 2785 2361 2856 junctam;
2391 2783 2486 2837 sed
2521 2781 2596 2836 ita
2622 2789 2685 2835 ut
2718 2781 2883 2846 actio,
2917 2781 3180 2836 exteriori
3214 2781 3368 2836 cultu
3398 2793 3462 2834 ac
3487 2777 3658 2832 moria-

2083 2874 2192 2930 bus
2229 2874 2586 2944 praelucente,
2611 2873 3095 2944 contemplationis
3143 2871 3377 2927 scientia
3416 2860 3654 2941 polleat;

2083 2963 2586 3034 contemplatioque
2629 2962 2995 3017 nihilominus
3043 2961 3280 3016 rationis
3310 2959 3514 3014 virtute
3559 2973 3669 3028 per.
3785 2965 3792 2970 '

2010 3080 2054 3141 ο
2085 3054 2358 3109 actionem
2389 3061 2503 3107 tuta
2537 3068 2599 3107 ac
2621 3052 2834 3106 munita
2858 3052 3146 3106 consistat.

2153 3142 2245 3199 96.
2277 3142 2382 3208 Qui
2425 3142 2635 3197 doloris
2672 3157 2735 3198 ac
2780 3142 3078 3212 voluptatis
3115 3140 3318 3202 carnis,
3350 3138 3652 3208 periculum

2083 3233 2233 3298 fecit,
2285 3233 2332 3287 is
2377 3233 2645 3302 probatus
2681 3231 2921 3296 dicatur,
2952 3239 3213 3300 tanquam
3243 3228 3336 3298 qui
3368 3242 3551 3282 rerum
3588 3226 3660 3282 ad

2084 3338 2307 3379 carnem
2342 3323 2713 3392 spectantium
2746 3336 3010 3391 prospera
3032 3320 3374 3388 adversaque
3399 3325 3661 3387 expertus

2084 3413 2176 3469 sit.
2208 3412 2493 3469 Perfectus
2515 3427 2671 3477 vero,
2701 3419 2763 3464 ut
2796 3411 2890 3480 qui
2919 3410 3102 3465 carnis
3134 3409 3476 3478 voluptatem
3509 3407 3663 3461 dolo-

2085 3519 2312 3574 remque
2348 3503 2621 3558 sermonis
2659 3502 2904 3572 potentia
2955 3516 3020 3556 ac
3059 3499 3290 3554 rationis
3317 3511 3664 3568 expugnave-

2086 3595 2177 3649 rit.
2229 3595 2448 3664 lnteger
2495 3593 2758 3662 denique,
2803 3600 2862 3646 ut
2895 3592 2986 3661 qui
3031 3591 3266 3646 actionis
3305 3605 3370 3645 ac
3416 3597 3665 3644 contem-

2086 3684 2348 3755 plationis
2383 3684 2626 3745 habitus,
2659 3697 2770 3752 quo
2803 3683 2978 3737 Deum
3013 3689 3276 3736 contento
3310 3694 3497 3736 amore
3535 3693 3666 3754 pro-

2089 3775 2362 3844 sequitur,
2397 3773 2772 3828 immutabiles
2801 3771 3133 3826 servaverit.

2157 3866 2246 3920 97.
2290 3863 2556 3919 Tristitiae
2584 3862 2752 3917 animi
2793 3862 2996 3932 duplex
3033 3861 3230 3917 modus
3263 3869 3383 3926 est;
3427 3875 3666 3930 quorum

2089 3957 2228 4012 alter
2271 3973 2340 4012 ex
2382 3955 2656 4026 propriis;
2705 3954 2846 4010 alter
2892 3969 3047 4018 vero,
3097 3968 3165 4008 ex
3209 3950 3404 4007 alienis
3449 3950 3669 4006 delictis

2091 4045 2383 4102 conﬂatur.
2427 4045 2747 4100 Istiusmodi
2806 4053 2991 4100 autem
3039 4058 3204 4098 causa
3247 4041 3508 4106 tristitiae,
3547 4041 3670 4111 ejus

2090 4141 2252 4210 plane
2285 4139 2377 4209 qui
2425 4137 2649 4193 tristitia
2675 4137 2936 4202 efficitur,
2963 4144 3058 4190 aut
3095 4149 3310 4198 eorum,
3352 4134 3407 4187 in
3434 4147 3669 4203 quorum

2092 4231 2320 4301 gratiam
2364 4230 2456 4284 illa
2481 4227 2742 4295 afﬁcitur,
2765 4243 2961 4283 sensus
2989 4226 3244 4295 voluptas
3280 4239 3342 4278 ac
3363 4223 3538 4280 libido
3561 4231 3668 4278 est.

2095 4322 2165 4376 Ut
2195 4321 2342 4376 enim
2380 4334 2510 4375 vera
2539 4326 2798 4389 certaque
2843 4318 2955 4374 fert
2981 4316 3144 4380 ratio,
3176 4315 3268 4370 vix
3305 4315 3477 4370 ullum
3510 4325 3671 4384 pror-

413 4404 471 4457 ἐν
504 4404 836 4477 ἀνθρώποις,
875 4407 950 4479 μὴ
981 4409 1082 4478 τῆς
1113 4408 1292 4480 ψυχῆς
1322 4410 1462 4480 πρὸς
1489 4411 1762 4482 αῐσθησιν,
1799 4411 1983 4484 ἡδονῆς

2097 4428 2192 4468 sus
2215 4412 2361 4468 inter
2383 4410 2638 4466 homines
2671 4417 2852 4465 exstat
2881 4416 3196 4480 peccatum,
3228 4407 3377 4477 quod
3407 4422 3521 4461 sua:
3562 4407 3674 4461 ori-

412 4491 599 4548 ένεκεν
626 4494 912 4565 ἀλόγιστον
940 4498 1146 4569 σχέσιν,
1170 4498 1342 4572 ἀρχὴν
1369 4501 1467 4569 τῆς
1493 4501 1700 4566 οἰκείας
1726 4503 1992 4571 γενέσεως

414 4584 632 4656 ἔχουσα.
681 4588 793 4660 Τῆς
817 4589 875 4643 δὲ
909 4591 1050 4645 κατά
1076 4592 1254 4664 ψυχὴν
1283 4592 1480 4663 ἡδονῆς
1507 4593 1677 4662 αἰτία,
1710 4595 1992 4668 προδήλως

413 4677 564 4733 ἐστὶν
587 4717 604 4742 ,
665 4679 701 4752 ἠ
730 4681 848 4735 κατ’
871 4681 1126 4752 αἴσθησιν
1161 4683 1255 4736 τοῦ
1284 4684 1377 4738 ἐπὶ
1403 4686 1522 4750 ταῖς
1547 4685 1777 4750 οἰκείαις
1806 4687 1839 4759 ἢ
1873 4692 1994 4753 ταῖς

414 4771 727 4850 ἀλλοτρίαις
751 4775 977 4845 ἀρεταῖς
1003 4775 1265 4846 ἡδομένου
1291 4793 1349 4829 τε
1398 4776 1495 4830 καὶ
1514 4777 1798 4849 χαίροντος
1824 4779 1991 4852 λύπη.

415 4864 575 4918 Κατά
603 4863 713 4936 γὰρ
742 4865 834 4919 τὸν
859 4867 1063 4938 ἀκριϐῆ
1093 4867 1272 4936 λόγον,
1304 4869 1405 4924 οὐκ
1433 4869 1579 4925 ἐστιν
1605 4870 1777 4943 ἀρετὴ
1809 4872 1995 4942 σχεδὸν

417 4953 478 5007 ιν
519 4955 832 5026 ἀνθρώποις
855 4995 871 5021 ,
939 4958 1014 5028 μὴ
1054 4958 1156 5028 τῆς
1186 4958 1367 5030 ψυχῆς
1397 4961 1534 5032 πρὸς
1563 4961 1817 5032 αἴσθησιν
1847 4963 1994 5016 λελο-

416 5046 684 5116 γισμένην
720 5046 1072 5102 ἀποδιάθεσιν
1091 5087 1106 5112 ,
1155 5049 1329 5120 ἀρχὴν
1361 5049 1458 5120 τῆς
1487 5049 1696 5114 οίκείας
1726 5051 1995 5120 γενέσεως

418 5135 640 5208 έχουσα.

489 5235 600 5302 ΨΥ·
649 5228 836 5302 Χωρὶς
882 5229 984 5302 τῆς
1025 5230 1170 5286 κατά
1201 5231 1379 5303 ψυχὴν
1422 5231 1702 5303 ὲμπαθοῦς
1738 5235 1874 5305 πρὸς
1907 5235 1996 5290 αῖ.

421 5319 615 5392 σθησιν
655 5323 914 5395 σχέσεως,
964 5321 1067 5378 οὑκ
1105 5323 1254 5378 ἐστιν
1292 5326 1350 5378 ὲν
1385 5322 1694 5396 ἀνθρώποις
1717 5327 1999 5392 παντελῶς

421 5414 683 5486 ἁμαρτία·
717 5416 898 5488 πάσης
923 5415 979 5470 δὲ
1007 5413 1611 5489 λύπηςλσυνισταμένης
1634 5418 1774 5472 κατὰ
1797 5417 1994 5492 ψυχὴν,

338 5555 348 5557 _
422 5505 582 5578 ἡδονὴ
615 5507 818 5579 σαρκὸς
849 5509 1194 5580 προηγεῖται.

493 5601 599 5666 ιιθι.
656 5602 874 5666 Γένεσις
917 5601 1121 5675 ἀρετῆς
1169 5604 1316 5656 ἐστιν
1361 5604 1614 5675 ἀληθὴς,
1653 5606 1688 5676 ἡ
1739 5604 1874 5676 πρὸς
1901 5603 2000 5676 τὴν

427 5692 604 5766 σάρκα
633 5693 733 5766 τῆς
757 5695 935 5767 ψυχῆς
960 5696 1208 5762 ἑκούσιος
1231 5696 1603 5768 ἀλλοτρίωσις’
1637 5697 1919 5768 εὐφραίνει
1942 5697 1998 5750 δὲ

2093 4501 2238 4573 ginis
2260 4501 2615 4573 principium,
2643 4502 2700 4556 in
2737 4499 2904 4554 animi
2931 4499 2999 4554 ad
3030 4513 3253 4554 sensum
3283 4511 3351 4553 ex
3386 4498 3672 4566 voluptate

2095 4610 2160 4650 ac
2201 4593 2440 4649 libidine
2485 4592 2854 4648 inconsultam
2889 4591 3239 4646 affectionem
3281 4605 3395 4644 non
3442 4589 3666 4644 referat.

2093 4685 2280 4742 Animi
2310 4701 2443 4740 vero
2484 4683 2786 4754 voluptatis
2811 4682 3105 4753 perspicue
3145 4697 3312 4757 causa
3337 4689 3444 4744 est,
3475 4694 3673 4735 sensus

2095 4777 2275 4844 dolor,
2312 4779 2454 4849 ejus,
2495 4776 2591 4847 qui
2635 4775 2705 4830 de
2750 4775 2885 4841 suis,
2934 4781 3030 4829 aut
3076 4773 3311 4828 aliorum
3367 4769 3670 4826 virtutibus

2095 4868 2318 4941 gaudet.
2350 4870 2421 4926 Ut
2445 4869 2593 4924 enim
2619 4883 2751 4922 vera
2783 4866 2950 4925 habet
2983 4863 3147 4929 ratio,
3180 4865 3270 4918 vix
3303 4863 3416 4917 ulla
3443 4875 3672 4931 prorsus

2096 4963 2153 5018 in
2183 4961 2503 5018 hominibus
2529 4962 2709 5015 virtus
2745 4968 2850 5024 est,
2887 4973 3010 5027 quae
3054 4955 3287 5026 originis
3315 4969 3429 5010 sum
3461 4953 3669 5024 princi-

2094 5056 2270 5127 pium,
2302 5054 2470 5109 animi
2507 5068 2636 5122 erga
2665 5064 2889 5106 sensum
2925 5047 3234 5103 consultam
3259 5047 3492 5101 affectus
3517 5043 3672 5100 abdi-

2095 5149 2370 5204 cationem
2403 5161 2514 5200 non
2545 5144 2767 5198 habeat.

2165 5239 2255 5307 98.
2289 5236 2442 5294 Citra
2471 5235 2638 5291 animi
2669 5233 2736 5289 ad
2762 5248 2986 5290 sensum
3031 5229 3386 5286 libidinosam
3419 5225 3673 5282 affectio-

2097 5345 2224 5386 nem
2245 5329 2460 5385 nullum
2490 5341 2720 5398 prorsus
2737 5326 2793 5380 in
2811 5323 3130 5380 hominibus
3150 5326 3331 5376 exstat
3361 5327 3670 5388 peccatum.

2095 5421 2257 5479 Omni
2292 5428 2477 5476 autem
2527 5418 2583 5473 in
2625 5417 2809 5472 animo
2851 5413 3177 5474 consistenti
3216 5410 3476 5475 tristitiae,
3514 5409 3676 5480 praeit

2098 5513 2284 5572 carnis
2312 5513 2593 5582 voluptas.

2169 5604 2258 5660 99.
2283 5601 2520 5658 Virtutis
2541 5615 2671 5655 vera
2713 5599 2871 5670 origo
2911 5610 2974 5652 ac
3001 5603 3220 5658 natura,
3255 5593 3422 5648 animi
3455 5608 3482 5646 a
3509 5605 3675 5646 carne

2102 5705 2405 5766 spontanea
2447 5692 2777 5748 abalienatio
2823 5697 2928 5747 est.
2974 5687 3136 5759 583
3182 5685 3439 5741 Animum
3491 5688 3675 5737 autem
