4122 6320
361 381 498 445 13θῦ

1019 377 1354 442 CAPITUM
1390 375 1814 452 QUINQUIES
1849 375 2373 442 CENTENORUM
2411 381 2797 445 CENTURIA
2836 385 2935 447 IV.
3030 454 3034 457 _

3479 386 3614 452 1303

427 495 489 551 ε’.
531 495 588 549 '0
621 493 741 558 νοῦς
783 492 898 562 ἅμα
941 491 1042 563 τὴν
1065 494 1316 565 αἰσθησιν
1354 493 1559 547 οἰκείαν
1597 493 1738 547 κατὰ
1767 489 1931 562 φύσιν

2106 494 2158 549 5.
2207 495 2380 560 Mens,
2419 512 2544 551 mox
2574 512 2638 552 ac
2685 513 2906 553 sensum
2940 496 3051 552 vim
3095 497 3374 568 propriam
3406 515 3470 554 ex
3515 517 3603 554 na-

358 588 618 658 ἠγήσεται
642 585 894 656 δύναμιν,
915 588 1035 648 ταῖς
1060 585 1169 638 τῶν
1197 584 1473 656 αἰσθητῶν
1505 583 1937 654 ἐπιπλεκόμενος

358 676 718 746 ἐπιφανείαις,
744 678 1040 729 ἐπινοεῖται
1060 678 1160 737 τὰς
1193 675 1460 746 σαρκικὰς
1499 673 1715 744 ἡδονὰς,
1754 673 1815 726 οὐ
1845 673 1937 726 δυ-

358 768 588 836 νάμενος
625 767 734 820 τῶν
777 767 986 838 ὁρατῶν
1029 767 1278 838 διαϐῆναι
1325 767 1423 837 τὴν
1456 766 1638 836 φύσιν,
1680 768 1746 836 τῇ
1800 765 1938 836 πρὸς

356 859 458 930 τὴν
494 859 748 928 αἴσθησιν
776 859 1016 929 ἐμπαθεῖ
1056 859 1238 930 σχέσει
1272 857 1651 928 κατασχεθείς.

428 949 504 1015 ς’.
537 949 598 1004 Εἰ
629 953 736 1004 οὑκι
777 951 894 1004 ἐστι
923 951 1150 1004 δυνατὸν
1197 950 1333 1021 πρὸς
1383 950 1453 1002 τὰ
1502 949 1743 1017 συγγενῆ
1771 946 1937 1018 νοητὰ

355 1043 447 1096 τὸν
473 1043 597 1097 νοῦν
625 1044 894 1114 διαϐῆναι,
926 1037 1050 1114 δίχα
1083 1045 1183 1114 τῆς
1206 1043 1314 1096 τῶν
1334 1042 1421 1095 διὰ
1447 1041 1613 1111 μέσου
1634 1037 1938 1112 προϐεϐλη-

361 1136 538 1206 μένων
560 1135 835 1206 αἰσθητῶν
872 1135 1125 1208 θεωρίας’
1157 1134 1358 1205 ταύτην
1387 1134 1445 1186 δέ
1486 1133 1760 1202 γενέσθαι,
1798 1149 1936 1186 παν-

356 1230 527 1292 τελῶς
565 1231 846 1301 ἀμήχανον
871 1230 1044 1301 χωρὶς
1076 1229 1176 1298 τῆς
1207 1228 1354 1299 αὐτῷ
1398 1228 1497 1298 μὲν
1542 1225 1934 1296 συγκειμένης,

363 1325 476 1387 τοῖς
514 1322 792 1390 αἰσθητοῖς
816 1321 874 1374 δὲ
906 1321 1047 1375 κατὰ
1087 1320 1248 1390 φύσιν
1281 1319 1576 1388 συγγενοῦς
1607 1318 1934 1389 αἰσθήσεως⁶

359 1413 585 1476 εἰκότως
615 1416 664 1467 εἰ
693 1413 792 1483 μὲν
833 1410 1123 1483 προϐαλὼν
1167 1410 1394 1480 ἐνσχεθῇ
1430 1411 1550 1472 ταῖς
1590 1407 1936 1476 ἐπιφανείαις

357 1503 467 1557 τῶν
498 1502 730 1573 ὁρατῶν,
773 1502 1055 1571 ἐνέργειαν
1106 1495 1250 1552 εἶναι
1290 1499 1527 1568 φυσικὴν
1566 1497 1666 1567 τὴν
1713 1510 1935 1562 συγκει-

363 1594 530 1664 μένην
561 1594 806 1663 οἰόμενος
844 1592 1116 1660 αἴσθησιν,
1169 1591 1276 1644 τῶ)
1321 1590 1417 1660 μὲν
1465 1587 1606 1642 κατὰ
1635 1587 1796 1655 φύσιν
1841 1588 1936 1640 ἐκ-

363 1687 618 1738 πέπτωκε
658 1683 886 1756 νοητῶψ
933 1683 1040 1737 τῶν
1084 1683 1141 1736 δὲ
1195 1681 1345 1753 παρὰ
1378 1679 1538 1748 φύσιν
1584 1680 1786 1749 ἀμφοῖν
1815 1679 1934 1729 ταῖν

359 1777 562 1845 χεροῖν,
601 1775 629 1828 ὃ
667 1775 732 1844 δὴ
759 1775 997 1842 λέγεται,
1028 1772 1323 1826 ἐπελάϐετο
1351 1770 1640 1840 σωμάτων·
1669 1762 1748 1830 οἷς
1781 1766 1934 1838 παρὰ

360 1869 450 1920 τὸν
482 1867 639 1936 λόγον
673 1865 1088 1936 ἐνεργούμενος,
1131 1865 1220 1918 διὰ
1243 1862 1340 1933 τὴν
1376 1861 1535 1916 αὑτὸν
1565 1860 1934 1930 ἐκνικήσασαν

360 1958 636 2030 αἴσθησιν,
665 1958 764 2029 τῆς
801 1959 898 2028 μὲν
927 1956 1069 2010 κατὰ
1085 1955 1260 2026 ψυχὴν
1283 1953 1462 2024 λύπης
1501 1953 1780 2022 γεννήτωρ
1806 1949 1938 2004 καθ-

363 2049 599 2111 ίσταται,
630 2050 851 2119 συχναῖς
885 2049 1008 2111 ταῖς
1058 2045 1198 2100 κατὰ
1227 2044 1531 2114 συνείδησιν
1571 2041 1820 2113 μάστιξιν
1852 2041 1938 2094 αἰ-

360 2141 668 2212 κιζόμιενος⁸
710 2143 809 2212 τῆς
837 2139 894 2192 δέ
920 2141 1039 2192 κατ’
1073 2137 1328 2208 αἴσθησιν
1354 2135 1548 2207 ἡδονῆς
1577 2133 1831 2206 ἀρίδηλος
1851 2132 1937 2203 γί-

359 2251 513 2290 νεται
562 2235 831 2306 ποιητὴς,
887 2235 1011 2297 ταῖς
1049 2231 1316 2295 ἐπινοίαις
1361 2230 1471 2284 τῶν
1504 2229 1936 2301 περιποιητικῶν

359 2324 576 2394 τρόπων
610 2326 713 2394 τῆς
754 2323 955 2394 σαρκὸς
991 2323 1397 2393 λιπαινόμενος.
1431 2322 1495 2374 Εἰ
1543 2320 1600 2374 δέ
1650 2319 1749 2391 τὴν
1800 2319 1936 2388 πρὸς

360 2415 634 2485 αἴσθησιν,
664 2415 780 2484 ἅμα
809 2415 875 2484 τῇ
906 2413 1182 2484 προσϐολῇ
1213 2412 1321 2466 τῶν
1344 2411 1638 2481 ὁρωμένων
1663 2410 1936 2480 διατεμὼν

360 2506 705 2575 ἐπιφάνειαν,
734 2507 861 2568 τοὺς
891 2505 1300 2576 πνευματικοὺς
1322 2505 1432 2558 τῶν
1466 2506 1634 2558 ὄντων
1659 2503 1936 2574 καθαροὺς

357 2597 468 2653 τῶν
513 2597 600 2650 ἐπ’
637 2597 822 2660 αὐτοῖς
845 2597 1141 2667 σχημάτων
1167 2593 1418 2649 θεάσεται
1449 2595 1662 2663 λόγους,
1698 2594 1796 2666 τὴν
1837 2596 1936 2666 μέν

356 2689 456 2758 τῆς
487 2688 667 2758 ψυχῆς
695 2687 890 2758 ἡδονὴν
934 2686 1355 2758 κατειργάσατο,
1389 2685 1577 2754 μηδενὶ
1605 2685 1712 2740 τῶν
1741 2684 1934 2756 αἰσθη-

357 2780 468 2834 τῶν
495 2779 886 2850 θεωρουμένων
933 2778 1338 2850 κρατουμένης,
1369 2779 1468 2850 τὴν
1505 2778 1563 2832 δέ
1613 2779 1713 2848 τῆς
1744 2775 1937 2848 αἰσθή-

359 2893 494 2939 σεως
520 2877 895 2946 συνεστήσατο
938 2873 1143 2946 λύπην,
1187 2873 1408 2928 πάντων
1458 2873 1600 2927 κατὰ
1633 2870 1795 2940 φύσιν
1824 2868 1935 2924 τῶν

359 2965 631 3037 αἰσθητῶν
664 2965 1058 3035 ἐστερημένης.

428 3053 493 3119 ζ’.
548 3053 766 3124 Ἐπειδὴ
795 3053 892 3124 τὴν
938 3053 1037 3123 μέν
1073 3053 1171 3124 τῆς
1199 3053 1378 3124 ψυχῆς
1407 3053 1604 3122 λύπην,
1649 3053 1815 3124 ῆγουν
1845 3051 1936 3105 τὸν

2041 593 2162 640 tura
2187 601 2308 642 esse
2329 587 2569 652 duxerit,
2607 604 2793 642 rerum
2825 588 3112 643 sensilium
3139 589 3330 659 ﬁguris
3364 604 3427 643 ac
3457 590 3610 644 colo-

2037 680 2193 734 ribus
2246 679 2546 751 implicata,
2590 681 2774 736 carnis
2806 683 3117 752 voluptates
3160 682 3456 751 excogitat,
3499 700 3610 738 non

2036 773 2227 827 valens
2277 789 2462 826 rerum
2521 773 2935 847 aSpectabilium
2992 782 3248 828 naturam
3310 789 3608 842 superare,

2037 879 2160 934 qua:
2186 865 2481 918 libidinosa
2505 865 2572 918 ad
2607 881 2826 920 sensum
2855 865 3145 919 all‘eclione
3170 866 3381 920 irretita
3412 867 3503 920 sit.

2109 958 2163 1012 6.
2187 957 2322 1011 Cum
2351 958 2467 1012 ﬁeri
2500 973 2610 1011 non
2647 959 2844 1028 possit,
2880 968 2942 1012 ut
2972 973 3129 1013 mens
3167 958 3233 1012 ad
3267 967 3496 1028 cognata
3529 958 3614 1012 in-

2037 1047 2341 1118 telligibilia
2386 1057 2646 1113 transeat,
2681 1050 2814 1118 quin
2866 1050 3117 1115 sensilia,
3149 1065 3271 1119 quae
3312 1049 3493 1104 media
3528 1049 3614 1102 in—

2037 1141 2264 1211 terjecta
2291 1149 2441 1205 sunt,
2476 1141 2826 1210 speculetur;
2873 1142 3099 1210 haecque
3130 1141 3223 1195 illa
3256 1141 3410 1194 nullo
3449 1156 3611 1210 pror-

2036 1248 2132 1288 sus
2170 1233 2334 1286 modo
2363 1232 2568 1300 absque
2601 1246 2792 1298 sensu,
2828 1233 2904 1285 illi
2936 1231 3159 1302 quidem
3185 1230 3520 1293 adhaerente,
3557 1235 3613 1282 at

2035 1327 2131 1396 qui
2164 1334 2361 1380 natura
2393 1325 2688 1379 sensilibus
2733 1324 2912 1378 afﬁnis
2950 1325 3042 1388 sit,
3082 1323 3353 1393 speculari
3382 1322 3564 1376 valeat
3593 1337 3608 1374 :

2035 1417 2235 1471 merito
2266 1431 2418 1480 sane,
2467 1415 2742 1485 siquidem
2779 1432 2841 1470 ea
2867 1415 3209 1484 attingendo,
3235 1429 3427 1468 rerum
3448 1427 3611 1482 aspe-

2034 1509 2317 1566 ctabilium
2338 1507 2526 1579 ﬁguris
2553 1521 2616 1560 ac
2639 1506 2920 1561 coloribus
2944 1505 3287 1569 inbmreseat,
3305 1503 3608 1573 simplicem

2034 1616 2156 1656 esse
2192 1609 2310 1654 rata
2340 1598 2740 1669 operationem,
2769 1613 2891 1666 qua:
2917 1613 3114 1652 sensus
3136 1595 3475 1664 compositus
3504 1602 3609 1658 est,

2035 1691 2102 1746 ab
2118 1691 2558 1763 intelligibilibus
2571 1705 2634 1744 ac
2649 1688 3012 1760 spiritalibus,
3029 1703 3152 1758 quae
3163 1695 3292 1740 sunt
3307 1701 3370 1740 ex
3389 1692 3609 1750 natura,

2037 1781 2313 1851 prolapsa,
2341 1780 2611 1834 ambabus
2649 1779 2817 1849 (quod
2863 1776 3038 1846 aiunt)
3077 1775 3352 1840 manibus,
3387 1775 3614 1826 innatu-

2039 1873 2175 1926 ralia
2196 1887 2428 1942 corpora
2456 1869 2843 1940 apprehendit,
2874 1884 2936 1922 ac
2958 1866 3239 1934 complexa
3261 1872 3378 1920 est:
3407 1863 3614 1933 quibus

2037 1965 2199 2019 aliter
2225 1979 2291 2018 ac
2318 1963 2513 2017 suadet
2544 1961 2686 2014 ratio
2711 1962 2892 2014 excita
2927 1973 2989 2012 ac
3033 1965 3201 2018 mota,
3229 1955 3300 2008 ob
3335 1968 3528 2008 sensus
3557 1954 3612 2007 in

2036 2071 2156 2110 eam
2181 2054 2494 2118 victoriam,
2532 2052 2772 2106 tristitiae
2801 2049 2970 2104 animi
3003 2046 3217 2101 crebris
3257 2044 3613 2100 conscientia:

2035 2146 2369 2202 verberibus
2402 2143 2738 2214 vapulantis,
2767 2157 2971 2212 parens
3009 2139 3263 2203 exsistit;
3306 2150 3613 2202 sensusque

2035 2241 2216 2311 palam
2247 2235 2549 2306 voluptatis
2575 2240 2769 2288 auctor
2796 2231 3055 2295 efﬁcitur,
3094 2243 3217 2298 quae
3245 2226 3460 2280 scilicet
3499 2241 3617 2280 mo-

2037 2334 2123 2388 dis
2167 2329 2416 2386 fovendae
2445 2326 2630 2382 carnis
2667 2321 3042 2394 excogitandis
3085 2319 3319 2375 nimium
3346 2325 3613 2388 quantum

2035 2425 2344 2478 delectetur
2363 2435 2428 2474 ac
2446 2419 2602 2473 velut
2627 2415 3018 2485 impinguetur.
3043 2411 3140 2466 Sin
3164 2419 3345 2465 autem
3381 2422 3508 2461 mox
3548 2419 3613 2462 ac

2036 2514 2216 2585 attigit
2253 2509 2632 2582 percepitque,
2678 2515 2906 2560 externa
2957 2518 3143 2557 rerum
3193 2499 3611 2572 aSpectabilium

2036 2607 2269 2661 dissecta
2297 2601 2502 2672 specie,
2535 2596 2814 2667 spiritales
2855 2607 3038 2647 rerum
3067 2592 3328 2655 rationes,
3368 2589 3609 2659 ipsarum

2035 2696 2226 2768 ﬁguris
2277 2693 2573 2762 depuratas
2621 2683 2992 2755 conspexerit,
3055 2682 3225 2736 animi
3272 2682 3610 2750 voluptatem

2036 2784 2315 2859 produxit,
2369 2781 2464 2853 qui
2510 2778 2664 2833 nullo
2701 2776 2946 2829 visorum
2997 2772 3283 2827 sensilium
3322 2777 3610 2835 teneatur;

2036 2890 2340 2946 sensusque
2372 2873 2642 2934 dolorem,
2679 2864 2937 2922 omnibus
2967 2879 3035 2919 ex
3072 2872 3268 2918 natura
3313 2860 3614 2918 sensilibus

2034 2971 2254 3042 privati,
2287 2969 2595 3024 constituit.
3163 3027 3166 3030 ,

2109 3063 2161 3116 7.
2189 3059 2328 3126 Quia
2359 3061 2525 3130 igitur
2561 3059 2729 3114 animi
2759 3057 2984 3128 quidem
3017 3049 3295 3108 tristitiam
3322 3060 3420 3100 seu
3457 3041 3614 3096 dolo-

359 3145 521 3200 πὸνον
537 3144 750 3217 (ταύτὸν
768 3144 875 3216 γὰρ
904 3145 1156 3215 ἀλλήλοις
1173 3144 1508 3216 ἀμφότερα),
1537 3147 1568 3216 ή
1590 3145 1710 3198 κατ’
1736 3143 1931 3214 αἴσθη-

2041 3168 2158 3208 rem
2198 3153 2464 3222 (laborem
2511 3153 2758 3206 scilicet:
2795 3161 2924 3204 sunt
2951 3147 3098 3202 enim
3129 3143 3244 3196 hazc
3266 3134 3482 3203 eadem)
3517 3149 3615 3186 vo—

359 3257 443 3292 σιν
469 3238 632 3308 ἡδονὴ
669 3237 970 3308 συνίστησιο
1001 3238 1100 3308 τὴν
1126 3237 1183 3291 δέ
1233 3240 1334 3309 τῆς
1378 3237 1685 3306 αἰσθήσεως
1727 3235 1928 3306 λύπην,

339 3331 525 3400 εῆγουν
558 3329 650 3382 τὸν
683 3329 860 3392 πόνον,
897 3329 931 3398 ή
967 3328 1108 3390 κατᾲ
1154 3328 1334 3398 ψυχὴν
1364 3330 1537 3380 ποιεῖν
1570 3327 1730 3396 ἡδονὴ
1762 3326 1938 3394 πέφυ-

361 3437 476 3485 κεν,
510 3419 731 3482 εἰκότως
759 3422 787 3472 ὁ
816 3419 914 3490 τῆς
943 3419 1064 3472 κατ’
1095 3419 1286 3472 ἐλπίδα
1332 3416 1479 3488 ζωῆς
1517 3418 1624 3472 τοῦ
1653 3419 1802 3473 Θεοῦ
1838 3417 1966 3472 καί-

361 3509 633 3578 Σωτῆρος
675 3509 845 3581 ἡμῶν
888 3509 1092 3578 Ἰησοῦ
1123 3509 1404 3579 Χριστοῦ,
1441 3509 1515 3563 δι’
1547 3509 1939 3576 ἀναστάσεως

359 3601 588 3672 νεκρῶν
613 3605 702 3667 εἰς
730 3603 1141 3671 κληρονομίαν
1170 3602 1480 3671 ἄφθαρτον
1507 3601 1606 3656 καὶ
1645 3602 1940 3670 ἀμίαντον

360 3695 457 3748 καὶ
487 3694 834 3764 ἀμάραντον
862 3693 1275 3764 τετηρημένην
1311 3693 1380 3747 ἐν
1430 3693 1743 3760 οὐρανοῖς,
1790 3693 1940 3762 ἐφιέ-

364 3803 549 3855 μενος,
579 3785 723 3838 me
753 3784 853 3856 μέν
897 3787 995 3856 τὴν
1020 3784 1199 3856 ψυχὴν
1224 3784 1548 3853 ἀγαλλίασιν
1587 3784 1722 3852 ἔχει,
1763 3783 1940 3854 χαρὰν

361 3875 742 3946 ἁνεκλάλητον,
773 3876 1035 3946 διηνεκῶς
1061 3878 1126 3946 τῇ
1153 3874 1261 3928 τῶν
1291 3875 1590 3945 μελλόντων
1613 3875 1788 3928 ἐλπίδι
1813 3892 1940 3942 γαν-

360 3967 588 4038 νύμενος
626 3967 868 4036 ἀγαθῶν·
902 3967 1048 4020 κατὰ
1075 3967 1131 4018 δέ
1157 3966 1257 4036 τὴν
1290 3966 1470 4035 σάρκα
1505 3966 1601 4018 καὶ
1627 3964 1726 4035 τὴν
1747 3964 1938 4033 αἴσθη-

362 4077 464 4125 σιν,
498 4058 697 4132 λύπην,
735 4059 902 4130 ῆγουν
931 4058 1056 4120 τοὺς
1087 4059 1151 4110 ἐκ
1179 4056 1288 4110 τῶν
1323 4056 1582 4109 ποικίλων
1618 4056 1939 4126 πειρασμῶν

359 4153 768 4222 ἐπιγινομένους
795 4152 932 4222 αὐτῇ
975 4151 1194 4214 πόνους,
1221 4151 1316 4203 καὶ
1344 4150 1442 4211 τὰς
1471 4151 1556 4202 ἐπ’
1589 4150 1781 4211 αὐτοῖς
1817 4148 1929 4201 ὁδύ·

359 4258 476 4306 νας.
524 4243 681 4316 Πάσῃ
711 4243 822 4314 γὰρ
865 4243 1055 4313 ἀρετῇ,
1087 4242 1248 4312 ἡδονὴ
1281 4241 1374 4294 καὶ
1413 4240 1573 4304 πόνος
1606 4241 1935 4311 παρέπεται·

360 4333 521 4397 πόνος
561 4334 662 4405 μὲν
690 4333 914 4404 σαρκὸς,
960 4333 1334 4404 ἐστερημένης
1373 4332 1474 4402 τῆς
1506 4333 1809 4404 προσηνοῦς
1846 4332 1938 4386 καὶ

358 4423 638 4497 λειοτέρας
685 4425 1008 4496 αἰσθήσεωςο
1064 4424 1227 4497 ἡδονὴ
1286 4425 1342 4478 δὲ
1387 4423 1586 4494 ψυχῆς,
1620 4423 1818 4487 παντὸς
1852 4426 1936 4478 αἰ-

364 4513 559 4584 σθητοῦ
589 4515 851 4587 καθαροῖς
893 4514 1246 4586 ἐντρυφώσης
1290 4517 1404 4577 τοῖς
1447 4516 1505 4568 ἐν
1551 4513 1818 4585 πνεύματι
1846 4515 1938 4568 λό-
1972 4497 2016 4552 D

361 4625 496 4678 γοις.

433 4707 504 4772 η’.
533 4700 662 4755 Δέον
697 4700 815 4754 ἐστί
857 4700 952 4754 τὸν
987 4699 1113 4754 νοῦν
1153 4703 1296 4756 κατὰ
1327 4701 1426 4775 τὴν
1452 4705 1740 4777 παροῦσαν
1795 4706 1942 4778 ζωὴν

366 4790 543 4865 (τοῦτο
560 4791 666 4862 γάρ
689 4809 776 4863 μοι
806 4794 1026 4858 νοεῖται,
1058 4790 1120 4846 τὸ
1146 4791 1285 4864 νῦν),
1304 4796 1445 4848 κατὰ
1471 4798 1649 4867 σάρκα
1676 4798 1944 4870 λυπούμε-

364 4901 472 4949 νον,
501 4885 590 4938 διὰ
626 4885 754 4948 τοὺς
787 4883 1016 4948 πολλοὺς
1049 4885 1244 4948 πόνους
1287 4885 1398 4938 τῶν
1435 4888 1574 4959 ὑπὲρ
1615 4889 1817 4960 ἀρετῆς
1851 4889 1944 4943 αὐ·

363 4977 440 5047 τῷ
467 4979 889 5048 προσαγομένων
915 4977 1263 5048 πειρασμῶν,
1289 4978 1376 5031 ἀεὶ
1407 4983 1618 5051 χαίρειν
1654 4983 1794 5036 κατὰ
1830 4982 1936 5048 ψυ-

364 5068 485 5139 χὴν,
527 5069 619 5121 καὶ
660 5067 885 5138 ἥδεσθαι
914 5068 1003 5121 διὰ
1031 5067 1129 5138 τὴν
1165 5068 1357 5122 ἐλπίδα
1390 5069 1499 5121 τῶν
1540 5071 1774 5124 αἰωνίων
1800 5073 1939 5140 ἀγα-

366 5159 492 5223 θῶν,
525 5160 630 5212 κᾶν
664 5159 762 5231 ἔχῃ
785 5160 1272 5230 καταπονουμένην
1296 5159 1394 5229 τὴν
1410 5159 1682 5230 αἴσθησιν.
1717 5164 1799 5215 Οὐ
1827 5162 1940 5233 γὰρ

366 5251 504 5316 ἄξια
536 5252 606 5305 τὰ
628 5251 946 5320 παθήματα
975 5251 1084 5306 τοῦ
1107 5251 1226 5305 νῦν
1243 5251 1449 5320 καιροῦ
1479 5253 1630 5320 πρὸς
1653 5253 1768 5322 τὴν
1794 5257 1940 5323 μέλ-

364 5347 603 5397 λουσαν
627 5343 816 5408 δόξαν
843 5345 1379 5398 ἀποκαλύπτεσθαι
1422 5346 1510 5410 εἰς
1551 5343 1730 5414 ἡμᾶς,
1773 5347 1940 5418 φησὶν

367 5435 396 5486 ὁ
423 5434 566 5498 θεῖος
610 5435 954 5499 Ἀπόστολος.

439 5524 504 5579 θ’.
535 5526 749 5596 Ψυχῆς,
793 5529 827 5597 ὴ
877 5529 1034 5597 σὰρξ,
1068 5529 1182 5583 ἀλλ’
1215 5529 1278 5583 ού
1313 5533 1515 5603 σαρκὸς
1552 5534 1586 5603 ἡ
1626 5532 1811 5604 ψυχή’
1845 5533 1940 5588 τοῦ

367 5614 476 5684 γὰρ
499 5617 828 5687 κρείττονος,
861 5619 994 5688 φησί
1014 5660 1028 5685 ,
1068 5619 1130 5672 τὸ
1155 5615 1337 5693 ἦττον,
1362 5623 1480 5676 ἀλλ’
1509 5624 1566 5675 οὐ
1596 5622 1687 5676 τοῦ
1717 5624 1938 5694 ἥττονος

443 5798 463 5830 ⁷
494 5798 513 5855 1
541 5799 685 5854 Petr.
721 5817 757 5860 ι.
789 5799 841 5854 ὅ.
922 5798 942 5829 ⁸
969 5799 990 5856 l
1019 5800 1163 5855 Petr.
1201 5815 1234 5862 I,
1265 5799 1316 5853 6.
1393 5800 1414 5830 ε’
1443 5798 1600 5853 Rom.
1633 5814 1745 5854 vin.
1780 5800 1844 5854 18

2037 3221 2221 3315 luptas
2247 3259 2442 3299 sensus
2469 3243 2789 3307 constituit;
2815 3251 3116 3307 sensusque
3144 3221 3390 3287 dolorem
3412 3225 3488 3298 (id
3506 3233 3612 3286 est,

2038 3333 2308 3404 laborem)
2342 3333 2510 3388 animi
2547 3333 2804 3402 voluptas
2836 3330 3019 3385 facere
3061 3321 3378 3385 consuevit;
3414 3315 3615 3372 merito

2039 3425 2106 3492 is.
2135 3425 2229 3495 qui
2267 3426 2396 3480 vita:
2435 3425 2490 3479 in
2522 3439 2617 3494 spe
2647 3423 2860 3494 posita},
2890 3420 2988 3474 Dei
3019 3435 3082 3472 ac
3115 3413 3410 3470 Saluatoris
3449 3406 3616 3463 nostri

2037 3516 2164 3572 Iesu
2197 3515 2393 3572 Christi
2425 3533 2517 3588 per
2546 3514 2978 3569 resurrectionem
3006 3526 3070 3564 ea:
3096 3506 3337 3569 mortuis,
3358 3504 3414 3556 in
3447 3503 3618 3555 barre-

2039 3609 2258 3663 ditatem
2304 3599 2752 3678 incﬂrruptibilem
2809 3613 2858 3658 et
2899 3600 3376 3656 incontaminatam
3419 3601 3466 3646 et
3513 3593 3615 3645 im-

2038 3683 2444 3754 marcescibilem
2476 3706 2835 3750 conservatam
2872 3696 2928 3748 in
2967 3691 3106 3745 caelis
3145 3689 3185 3753 ",
3229 3683 3505 3741 desiderio
3536 3689 3617 3735 te-

2039 3801 2224 3855 netur,
2276 3791 2460 3845 animo
2499 3789 2722 3858 quidem
2766 3786 3023 3848 exsultat,
3067 3780 3378 3852 gaudetque
3415 3773 3616 3846 gaudio

2041 3883 2417 3946 inenarrabili,
2446 3882 2719 3935 bonorum
2753 3877 2914 3949 585
2945 3876 3258 3929 futurorum
3292 3885 3387 3938 spe
3411 3867 3617 3938 iugiter

2039 3977 2336 4048 ganniens;
2377 3991 2542 4030 carne
2585 3982 2768 4027 autem
2816 3987 2878 4025 ac
2921 3983 3085 4024 sensu
3143 3963 3388 4018 dolorem
3427 3958 3611 4019 habet,

2038 4069 2256 4124 labores
2282 4068 2492 4124 scilicet
2517 4067 2610 4136 qui
2640 4081 2707 4120 ex
2744 4063 2913 4117 variis
2951 4055 3344 4114 tentationibus
3379 4050 3455 4105 illi
3479 4065 3613 4103 cono

2039 4160 2262 4226 ﬂantur,
2305 4175 2369 4215 ac
2417 4173 2553 4228 quas
2594 4158 2672 4212 illi
2705 4169 2978 4210 mrumnas
3015 4165 3078 4204 ac
3117 4148 3338 4203 dolores
3373 4141 3612 4213 pariunt.

2038 4253 2202 4309 Omni
2251 4252 2400 4308 enim
2458 4249 2654 4305 virtuti
2702 4258 2815 4302 tum
2870 4246 3146 4314 voluptas,
3195 4247 3310 4292 tum
3357 4243 3413 4288 ct
3461 4233 3616 4285 labor

2040 4359 2225 4399 comes
2245 4341 2462 4398 exsistit
2492 4359 2506 4395 :
2545 4356 2742 4409 nempe
2775 4338 2959 4392 carnis
2985 4335 3162 4396 labor,
3192 4344 3354 4400 quam
3384 4322 3618 4380 blandus

2039 4432 2328 4501 leniorque
2377 4444 2573 4484 sensus
2619 4426 2858 4489 deﬁciat,
2904 4422 3179 4491 animique
3220 4417 3489 4486 voluptas,
3522 4410 3616 4481 qui

2044 4522 2114 4576 ab
2140 4521 2291 4575 omni
2323 4519 2511 4576 sensili
2538 4517 2693 4588 puris
2727 4516 2782 4569 in
2820 4514 3021 4585 spiritu
3067 4507 3374 4565 rationibus
3404 4502 3620 4559 deliciis

2044 4613 2252 4669 afﬂuat.

2115 4706 2167 4760 8.
2197 4703 2389 4773 Operae
2428 4700 2668 4771 pretium
2702 4707 2786 4754 est
2818 4707 2878 4753 ut
2908 4697 3127 4752 animus
3156 4695 3271 4750 vita
3301 4693 3406 4746 hac
3439 4690 3622 4759 (hunc

2043 4797 2190 4853 enim
2217 4793 2352 4849 mihi
2382 4809 2604 4848 sensum
2635 4791 2823 4854 habet,
2846 4789 2991 4861 quod
3019 4789 3244 4851 dicitur,
3266 4782 3424 4850 nunc)
3456 4794 3620 4835 carne

2042 4890 2236 4945 dolens
2261 4902 2325 4942 ac
2351 4901 2613 4950 mmrcns,
2638 4885 2709 4939 ob
2739 4899 2932 4939 carum
2967 4881 3329 4936 tentationum
3349 4876 3391 4939 ⁸,
3421 4871 3622 4942 quibus

2043 4981 2266 5037 virtutis
2297 4994 2462 5034 causa
2495 4978 2791 5048 appetitor,
2827 4973 3184 5043 multiplicem
3225 4967 3498 5029 laborem,
3531 4976 3621 5016 se-

2045 5089 2169 5129 cum
2206 5073 2323 5144 ipse
2358 5086 2576 5140 semper
2600 5067 2830 5138 gaudeat
2858 5081 2922 5119 ac
2948 5061 3302 5135 jucundetur,
3329 5071 3423 5125 spe
3449 5054 3622 5107 fretus

2043 5166 2359 5220 futurorum
2384 5163 2679 5223 bonorum,
2707 5158 2811 5213 etsi
2839 5169 3066 5212 sensum
3094 5149 3377 5206 laboribus
3403 5145 3614 5200 divexa-

2045 5263 2160 5310 tum
2207 5242 2425 5307 habeat.
2460 5251 2530 5306 Ut
2564 5249 2711 5303 enim
2753 5247 2830 5301 ait
2861 5244 3084 5300 divinus
3119 5237 3415 5311 Apostolus
3452 5251 3466 5286 :
3502 5233 3622 5287 N02

2045 5352 2168 5398 sunt
2197 5343 2469 5414 condigna:
2499 5340 2765 5412 passiones
2795 5336 2951 5407 hujus
2983 5331 3252 5403 temporis,
3285 5326 3354 5382 ad
3387 5325 3623 5397 futuram

2047 5437 2298 5509 gloriam,
2327 5449 2444 5506 qua:
2475 5429 2794 5486 revelabitur
2819 5429 2874 5481 in
2904 5425 3050 5480 nobis
3069 5425 3114 5477 ’.

2116 5531 2169 5586 9.
2201 5530 2362 5594 Caro,
2397 5525 2566 5581 animi
2602 5531 2706 5588 est,
2738 5537 2843 5576 non
2882 5517 3122 5574 vicissim
3161 5512 3378 5568 animus
3419 5505 3620 5564 carnis.

2046 5624 2143 5682 Est
2189 5620 2335 5676 enim
2387 5614 2810 5689 praestantioris,
2843 5609 3051 5680 inquit,
3086 5606 3140 5662 id
3186 5602 3334 5676 quod
3380 5595 3626 5656 deterius
