4122 6320
545 377 691 446 1307

1710 379 1773 440 S.
1813 377 2101 439 ΜΑΧΙΜΙ
2141 373 2652 445 CONFESSORIS

3673 390 3824 458 1308

549 507 636 552 est
669 510 684 546 τ
724 489 871 546 haud
909 502 1040 546 vero
1077 491 1394 558 deterioris,
1431 493 1582 564 quod
1621 507 1710 551 est
1747 495 2116 566 praestantius.

2228 496 2280 553 τό
2305 502 2568 570 κρεῖττον.
2602 502 2835 567 Οὐκοῦν,
2866 501 3056 574 ἐπειδὴ
3083 503 3150 575 τῇ
3177 503 3342 575 σαρκὶ
3375 503 3468 559 διὰ
3496 504 3596 576 τὴν
3625 507 3823 577 παρᾶ-

544 584 684 650 Quia
734 583 903 655 igitur
940 584 1094 638 carni
1140 584 1208 638 ad
1253 588 1735 657 transgressionem
1783 589 1991 658 peccati
2031 589 2122 645 lex

546 676 793 739 inolevit,
827 676 972 744 quod
1005 687 1089 730 est
1121 691 1314 732 sensus
1343 681 1595 750 voluptas
1627 689 1790 751 atque
1826 681 2019 746 libido,
2050 682 2121 737 ob

545 783 709 836 quam
752 783 849 836 per
888 767 1104 823 labores
1143 769 1359 825 decreta
1395 772 1589 826 mortis
1623 776 1807 827 carnis
1843 773 2120 828 damnatio

544 869 657 920 est,
687 860 754 912 ad
792 860 1115 914 abolendam
1151 863 1334 915 carnis
1366 863 1538 933 legem
1579 865 1812 918 solerter
1844 866 2063 918 inventa
2101 882 2114 917 :

545 950 704 1018 plane
735 949 828 1018 qui
864 949 934 1003 ob
970 960 1274 1018 peccatum,
1307 953 1426 1020 ejus
1458 953 1712 1006 abolendi
1748 969 1934 1017 causa,
1965 967 2117 1006 mor-

545 1049 653 1094 tem
679 1043 1066 1109 supervenisse
1090 1058 1197 1096 non
1224 1044 1419 1104 nescit,
1444 1060 1661 1114 semper
1685 1046 1869 1100 animo
1895 1047 2116 1116 gaudet,

544 1130 635 1199 qui
668 1146 764 1199 per
795 1133 979 1186 varios
1007 1134 1252 1198 labores,
1282 1136 1455 1205 legem
1497 1137 1707 1206 peccati
1748 1153 1778 1190 a
1817 1153 1915 1192 sua
1955 1153 2121 1193 carne

545 1219 852 1276 desciscere
889 1221 1101 1286 videat,
1137 1239 1247 1292 quo
1284 1224 1526 1279 futuram
1569 1227 1623 1280 in
1667 1228 1863 1296 spiritu
1906 1229 2122 1282 beatam

543 1312 712 1365 vitam
747 1312 1036 1382 suscipiat;
1067 1331 1228 1383 quam
1259 1315 1417 1370 aliter
1441 1332 1604 1371 nemo
1633 1319 1893 1388 consequi
1925 1321 2118 1388 possit,

545 1402 677 1470 quin
703 1403 876 1471 prius,
903 1420 1004 1458 ceu
1031 1421 1097 1460 ex
1125 1421 1249 1462 vase
1273 1407 1530 1475 quodam,
1555 1425 1622 1462 ex
1654 1425 1840 1474 carne,
1865 1413 2121 1480 praesenti

545 1509 710 1562 quam
759 1496 1010 1552 ducimus
1054 1499 1193 1562 vita,
1239 1499 1450 1567 peccati
1500 1502 1704 1570 legem,
1741 1519 1848 1572 qua
1899 1504 1955 1557 in
2000 1519 2122 1559 eam

545 1585 837 1643 aﬂectione
871 1605 936 1643 ac
971 1591 1198 1645 libidine
1223 1593 1474 1648 voluntas
1508 1593 1730 1650 ducitur
1753 1597 2118 1651 evacuaverit.

623 1759 710 1814 10.
742 1760 846 1827 Qui
895 1778 959 1817 ea
1001 1765 1212 1818 ratione
1257 1782 1363 1835 qua
1410 1767 1670 1825 virtutem
1714 1772 1865 1839 colit,
1899 1784 2125 1844 propter

547 1849 766 1908 labores
798 1862 960 1923 atque
991 1871 1267 1912 aerumnas
1299 1875 1465 1916 carne
1497 1862 1664 1925 dolet,
1692 1865 1936 1936 ejusdem
1970 1869 2122 1923 cultu

549 1945 736 1999 animo
762 1946 982 2016 gaudet,
1012 1948 1104 2016 qui
1135 1949 1284 2004 velut
1311 1953 1420 2022 jam
1457 1963 1780 2022 praesentem
1813 1956 2126 2012 futurorum

550 2037 807 2094 decorem
859 2042 1195 2110 conspiciat;
1243 2045 1401 2115 cujus
1453 2047 1661 2116 gratia,
1704 2049 1856 2102 velut
1900 2065 2128 2120 magnus

550 2121 721 2182 David
743 2130 807 2193 ⁸ο,
827 2130 1025 2186 mentis
1048 2134 1330 2202 proposito
1353 2151 1382 2189 a
1407 2151 1570 2192 carne
1591 2137 1970 2204 desciscendo,
1992 2156 2130 2210 quo-

553 2218 688 2274 tidie
715 2221 969 2293 moritur,
996 2224 1091 2292 qui
1125 2225 1356 2295 spiritali
1390 2227 1575 2282 animo
1606 2230 1958 2299 generatione
1989 2247 2130 2286 sem-

550 2323 652 2380 per
690 2309 1014 2378 innovetur;
1061 2323 1175 2368 tum
1221 2330 1419 2386 nempe
1456 2318 1752 2373 salutarem
1791 2321 2128 2390 voluptatem

549 2411 774 2468 nactus,
813 2410 929 2458 tum
968 2405 1244 2460 tristitiam
1285 2409 1496 2463 utilem.
1535 2409 1839 2465 Tristitiam
1877 2413 2025 2466 enim
2063 2427 2129 2468 ac

550 2492 799 2549 dolorem
843 2495 1099 2562 dicimus,
1138 2515 1250 2553 non
1295 2499 1685 2556 abhorrentem
1731 2518 1761 2557 a
1807 2504 2018 2558 ratione
2063 2521 2130 2559 ac

549 2585 730 2654 qualis
766 2587 914 2658 vulgi
957 2588 1061 2654 sit;
1107 2605 1230 2658 qua:
1271 2591 1482 2646 scilicet
1518 2607 1584 2646 eo
1624 2595 1843 2649 nomine
1883 2595 2128 2651 animum

549 2689 785 2731 maerore
811 2677 1062 2733 conﬁciat
1095 2694 1158 2734 ac
1186 2683 1484 2747 excruciet,
1513 2684 1658 2752 quod
1693 2685 1920 2740 affectus
1949 2687 2129 2742 desint

550 2778 618 2820 ac
663 2767 949 2832 libidines,
984 2785 1087 2827 nec
1133 2780 1476 2827 terrenorum
1525 2775 1680 2844 copia
1725 2775 1937 2843 ailluat;
1979 2778 2130 2834 velut

551 2868 751 2927 nempe
794 2858 956 2930 586
1002 2876 1214 2926 eorum,
1251 2865 1343 2932 qui
1393 2865 1562 2919 invita
1609 2875 1823 2932 natura,
1857 2885 1979 2939 quae
2019 2886 2130 2926 non

553 2946 764 3012 deceat,
791 2959 1069 3020 appetant,
1099 2962 1154 3006 et
1186 2968 1215 3005 a
1250 2954 1449 3023 quibus
1480 2971 1588 3010 non
1623 2956 1799 3022 decet,
1829 2960 2127 3030 refugiant;

550 3037 648 3091 sed
697 3042 1038 3106 consultam,
1085 3044 1328 3114 virisque
1371 3046 1557 3101 divina
1606 3050 1872 3118 sapientia
1919 3053 2130 3108 ornatis

2221 592 2383 646 ϐασιν
2434 593 2670 666 ὲνεφύρη
2722 593 2822 664 τῆς
2874 595 3151 666 ἁμαρτίας
3183 597 3425 662 όνόμος,
3475 597 3615 668 ὅπερ
3658 598 3823 652 ἐστὶν

2221 685 2256 753 ἡ
2286 683 2406 737 κατ’
2437 684 2691 755 αἴσθησιν
2721 687 2903 757 ἡδονὴ,
2949 688 3018 741 δι’
3065 687 3132 759 ἢν
3165 687 3254 742 διὰ
3287 688 3463 742 πόνων
3501 689 3818 759 κατεκρίθη

2221 776 2319 846 τῆς
2353 777 2551 846 σαρκὸς
2584 777 2612 828 ό
2643 776 2896 841 θάνατος,
2918 780 2998 842 είς
3025 778 3122 849 τὴν
3145 779 3240 833 τοῦ
3276 779 3441 850 νόμου
3468 779 3571 848 τῆς
3601 781 3818 849 σαρκὸς

2221 867 2501 937 ἀναίρεσιν
2536 870 2988 940 ἐπινενοημὲνος,
3047 872 3076 922 ό
3125 870 3378 939 διαγνοὺς
3426 871 3510 924 ὃτι
3559 871 3649 924 διὰ
3705 872 3817 943 τὴν

2222 957 2498 1028 ἁμαρτίαν
2531 959 2611 1022 εἰς
2636 959 2734 1031 τὴν
2764 961 2936 1031 αὐτῆς
2975 961 3254 1031 ἀναίρεσιν
3288 961 3607 1031 ἐπεισῆλθεν
3639 964 3670 1014 ὁ
3707 960 3813 1015 θά-

2221 1062 2399 1112 νατος,
2428 1049 2513 1100 ἀεὶ
2547 1049 2838 1119 χαίρουσαν
2864 1049 2981 1119 ἔχει
3000 1051 3096 1122 τὴν
3121 1051 3334 1123 ψυχὴν,
3357 1051 3443 1105 διὰ
3474 1052 3652 1105 πόνων
3680 1069 3805 1106 ποι-

2222 1139 2388 1193 κίλων
2438 1140 2718 1209 οεωμένην
2763 1141 3153 1212 ἀπογινόμενον
3191 1143 3290 1213 τῆς
3345 1143 3553 1207 οἰκείας
3593 1143 3804 1214 σαρκὸς

2222 1230 2314 1283 τὸν
2342 1229 2505 1299 νόμον
2543 1231 2643 1299 τῆς
2668 1231 2961 1300 ἁμαρτίας.
2999 1232 3135 1302 πρὸς
3164 1232 3431 1303 ὑποδοχὴν
3457 1231 3560 1302 τῆς
3589 1233 3814 1303 μελλού-

2225 1337 2325 1391 σης
2364 1323 2421 1372 ἐν
2449 1321 2724 1392 πνεύματι
2753 1322 3030 1392 μακαρίας
3062 1322 3231 1391 ζωῆς,
3261 1313 3328 1394 ἧς
3359 1322 3534 1384 ἄλλως
3559 1322 3658 1375 οὐκ
3692 1322 3810 1376 ἐστι

2223 1415 2424 1482 τυχεῖν,
2467 1413 2543 1484 μὴ
2599 1413 2866 1484 πρότερον
2902 1413 3232 1476 κενωθέντος
3266 1413 3342 1477 ὡς
3382 1413 3442 1478 ἐξ
3473 1413 3696 1481 ἀγγείου
3726 1430 3809 1467 τι·-

2222 1504 2308 1565 νὸς
2331 1521 2431 1574 της
2461 1504 2664 1574 σαρκὸς
2695 1504 2753 1557 ἐν
2793 1505 2860 1574 τῇ
2893 1503 3147 1577 παρούσῃ
3173 1504 3308 1575 ζωῇ,
3350 1504 3492 1559 κατά
3507 1506 3624 1574 τὴν
3663 1504 3806 1574 πρὸς

2223 1596 2392 1668 αὐτὴν
2441 1596 2624 1667 σχέσιν
2677 1597 2778 1668 τῆς
2817 1597 3066 1667 γνώμης,
3111 1595 3205 1649 τοῦ
3255 1596 3421 1668 νόμου
3466 1595 3568 1664 τῆς
3615 1597 3803 1668 ἀμαρ-

2222 1691 2361 1754 τίας.

2300 1790 2350 1836 t'.
2399 1782 2458 1836 Ὀ
2497 1781 2564 1852 τῇ
2592 1781 2763 1851 ἀρετῇ
2801 1778 2944 1834 κατά
2984 1779 3164 1850 σάρκα
3197 1778 3284 1832 διά
3315 1779 3444 1842 τοὺς
3485 1775 3686 1838 πόνους
3710 1775 3807 1828 λυο

2229 1873 2518 1945 πούμενος,
2561 1871 2621 1927 ὲν
2672 1872 2809 1942 αὐτῇ
2859 1871 3040 1942 χαίρει
3089 1873 3155 1942 τῇ
3191 1871 3360 1940 ἀρετῇ
3413 1866 3552 1921 κατὰ
3601 1866 3804 1937 ψυχὴν,

2226 1967 2301 2030 ὡς
2341 1964 2623 2036 παροῦσαν
2665 1963 2935 2034 θεώμενος
2967 1962 3064 2034 τὴν
3101 1961 3209 2015 τῶν
3250 1961 3553 2030 μελλόντων
3600 1958 3804 2028 εὐπρέ-

2227 2075 2408 2112 πειαν·
2430 2059 2568 2128 ὑπὲρ
2589 2051 2678 2128 ἦς,
2700 2053 2842 2109 κατά
2870 2055 2958 2108 τὸν
2995 2053 3168 2124 μέγαν
3191 2053 3376 2116 Δασιδ,
3408 2053 3476 2123 τῇ
3499 2050 3644 2104 κατά
3666 2048 3804 2119 γνὼ-

2231 2168 2338 2221 μην
2368 2150 2692 2218 ἀπογενέσει
2726 2149 2824 2219 τῆς
2861 2147 3086 2220 σαρκὸς,
3129 2145 3250 2200 καθ’
3289 2145 3527 2215 ἑκάστην
3564 2143 3808 2213 ἀποθνή-

2229 2257 2349 2294 σκει
2385 2238 2486 2311 τὴν
2517 2240 2750 2311 ἡμέραν,
2781 2241 2810 2294 ὁ
2859 2238 3004 2293 κατὰ
3049 2237 3148 2309 τὴν
3178 2238 3278 2309 τῆς
3315 2237 3494 2308 ψυχῆς
3534 2238 3598 2289 ἑν
3641 2235 3807 2288 πνεύ-

2231 2349 2363 2402 ματι
2400 2331 2614 2400 γένεσιν
2653 2331 2742 2385 ἀεὶ
2769 2331 3167 2401 καινιζόμενος,
3201 2328 3297 2383 ἅτε
3333 2328 3397 2397 δὴ
3436 2329 3532 2381 καὶ
3556 2326 3659 2396 τὴν
3679 2326 3806 2396 ἠδο-

2229 2425 2324 2495 νὴν
2350 2423 2490 2494 ἔχων
2521 2421 2808 2491 σωτήριον,
2839 2422 2935 2476 καὶ
2957 2421 3056 2492 τὴν
3081 2420 3259 2491 λύπην
3286 2419 3582 2489 ὠφέλιμον.
3614 2417 3810 2488 Δύπην

2229 2515 2339 2586 γάρ
2369 2532 2570 2586 φαμεν,
2606 2515 2667 2566 οὐ
2709 2515 2808 2584 τὴν
2840 2511 3148 2582 παράλογον
3178 2513 3272 2566 καὶ
3313 2511 3422 2564 τῶν
3449 2509 3686 2573 πολλῶν,
3714 2509 3807 2562 ἐπὶ

2233 2607 2488 2677 στερήσει
2543 2603 2733 2658 παθῶν
2777 2605 2811 2676 ἢ
2863 2603 3204 2675 πραγμάτων
3240 2601 3441 2656 ὕλικῶν
3491 2602 3591 2671 τὴν
3630 2598 3806 2670 ψυχὴν

2231 2698 2652 2770 βασανίζουσαν,
2685 2699 2762 2762 ὡς
2791 2697 2888 2762 τὰς
2933 2696 3110 2768 ὁρμὰς
3153 2695 3305 2767 παρά
3336 2695 3500 2764 φύσιν
3529 2691 3618 2761 ἐφ’
3649 2690 3684 2745 ἀ
3731 2691 3807 2762 μὴ

2227 2797 2326 2856 δεῖ,
2363 2795 2458 2850 καὶ
2505 2795 2607 2858 τὰς
2637 2793 2924 2864 ἀποφυγὰς
2958 2792 3051 2860 ἀφ’
3084 2784 3159 2844 ὧν
3203 2790 3278 2860 μὴ
3320 2788 3401 2841 δεῖ
3429 2783 3805 2855 ποιουμένων*

2227 2887 2363 2942 ἀλλά
2395 2887 2492 2959 τὴν
2521 2884 2932 2956 λελογισμένην,
2968 2882 3065 2938 καὶ
3094 2883 3208 2944 τοῖς
3239 2879 3307 2933 τὰ
3345 2879 3465 2932 θεῖα
3496 2876 3680 2946 σοφοῖς
3704 2876 3804 2944 ὲγο

2229 2978 2531 3050 κριθεῖσαν,
2558 2977 2654 3032 καὶ
2676 2977 2736 3030 τὺ
2755 2977 2928 3048 παρὸν
2959 2974 3133 3028 κακὸν
3157 2970 3666 3041 ὑποσημαίνουσαν·
3700 2982 3807 3020 πα-

2231 3071 2324 3141 ρὸν
2351 3068 2462 3140 γὰρ
2486 3067 2676 3132 κακὸν,
2697 3067 2862 3136 φασὶν
2895 3060 3036 3119 εῖναι
3056 3063 3156 3136 τὴν
3182 3062 3380 3132 λύπην,
3405 3057 3804 3127 συνισταμένην

551 3130 869 3200 probatam,
897 3149 961 3187 ac
993 3149 1116 3202 qua:
1148 3150 1390 3204 praesens
1426 3139 1626 3191 malum
1662 3140 1929 3211 designet.
1959 3141 2127 3198 Aiunt

2231 3130 2330 3230 μὲν
2364 3130 2522 3213 ’κᾷτά
2564 3130 2774 3228 ψυχὴν,
2817 3155 2944 3210 ὅταν
2983 3157 3018 3226 ἡ
3063 3130 3187 3207 κατ’
3223 3130 3476 3222 αἴσθησιν
3509 3149 3672 3220 ἡδονὴ
3702 3150 3808 3216 τῆς
3872 3155 3882 3161 ·

547 3219 700 3275 enim
738 3221 1013 3276 tristitiam
1049 3239 1147 3278 seu
1180 3225 1421 3280 dolorem
1457 3243 1700 3297 praesens
1734 3245 1856 3285 esse
1891 3233 2123 3300 malum,

550 3316 668 3364 tum
693 3311 915 3379 quidem
950 3315 1006 3368 in
1037 3315 1219 3369 animo
1240 3327 1571 3384 versantem,
1600 3334 1724 3374 cum
1759 3337 1950 3379 sensus
1975 3325 2129 3380 volu-

549 3409 675 3474 ptas
707 3404 903 3474 judicii
942 3407 1172 3462 rationis
1211 3410 1448 3478 potitur;
1486 3412 1542 3465 in
1575 3428 1739 3469 sensu
1773 3431 1905 3470 vero
1944 3419 2128 3473 consi-

549 3503 810 3560 stentem,
833 3512 957 3551 cum
988 3499 1106 3553 sine
1134 3499 1527 3570 impedimento
1553 3519 1617 3558 ac
1637 3506 1888 3574 expedite
1909 3509 2132 3566 virtutis

554 3596 752 3636 cursus
794 3584 977 3638 animo
1019 3589 1328 3658 peragitur;
1375 3591 1541 3645 tantis
1581 3594 1803 3648 sensum
1845 3596 2132 3655 laboribus

552 3671 850 3743 subigens,
890 3686 1150 3746 quantam
1199 3681 1382 3734 animo
1430 3693 1582 3736 creat
1623 3684 1990 3755 voluptatem;
2035 3691 2130 3760 qui

555 3761 669 3818 Deo
703 3766 1089 3832 admoveatur,
1121 3785 1218 3839 per
1249 3783 1536 3842 cognatam
1568 3775 1792 3832 virtutis
1823 3778 2131 3851 fulgoribus

553 3865 621 3909 ac
643 3854 887 3911 scientiae
911 3857 1355 3915 illustrationem.

629 3946 714 3999 11.
742 3947 1088 4018 Voluptatem
1119 3953 1412 4009 salutarem
1436 3967 1616 4024 vocat,
1641 3960 1811 4016 animi
1837 3977 1905 4016 ex
1927 3962 2132 4020 virtute

554 4039 814 4108 gaudium
861 4059 875 4096 :
926 4044 1204 4100 tristitiam
1251 4065 1382 4105 vero
1429 4053 1647 4119 utilem,
1691 4057 1873 4111 carnis
1913 4058 2132 4113 virtutis

555 4136 718 4188 causa
757 4133 1022 4191 dolorem.
1055 4137 1157 4204 Qui
1201 4141 1369 4210 igitur
1409 4143 1697 4200 affectibus
1733 4147 2004 4218 rebusque
2044 4150 2130 4204 in-

557 4222 693 4288 hiat,
711 4242 775 4281 ea
801 4230 1009 4298 appetit
1033 4247 1153 4301 qua:
1177 4249 1287 4287 non
1315 4234 1502 4302 decet;
1530 4238 1734 4307 quique
1763 4254 1857 4293 eos
1881 4251 2129 4306 eventus,

555 4314 759 4383 quibus
791 4318 1088 4372 all‘ectuum
1121 4337 1413 4392 rerumque
1454 4324 1690 4393 privatio
1728 4328 1996 4400 contingit
2022 4345 2134 4385 non

554 4407 925 4476 Amplectitur,
951 4410 1076 4481 fuga
1100 4428 1131 4466 a
1155 4413 1356 4482 quibus
1378 4431 1487 4470 non
1511 4418 1666 4473 decet
1691 4420 1882 4474 resilit.

632 4581 718 4635 l2.
745 4582 857 4637 Nec
887 4583 1068 4639 divina
1101 4589 1294 4657 gratia,
1320 4591 1454 4660 quin
1484 4591 1624 4646 adsit
1652 4593 1744 4662 qui
1777 4610 1874 4664 per
1902 4594 2130 4651 faculta-

559 4677 669 4726 tem
702 4681 910 4727 natura:
944 4675 1364 4734 illustrationem
1400 4683 1605 4751 capiat,
1639 4684 1880 4751 scicntia:
1912 4695 2131 4755 praestat

560 4762 980 4833 illustrationes;
1011 4777 1068 4821 at
1096 4785 1274 4840 neque
1302 4773 1447 4840 quod
1480 4789 1647 4843 rapax
1667 4759 1789 4838 est,
1821 4777 1924 4830 nisi
1958 4779 2132 4847 gratia

558 4855 1034 4922 subministrante,
1057 4860 1300 4916 scientiae
1329 4863 1746 4920 illustrationem
1781 4876 2020 4935 praestat.

635 4946 719 5003 15.
749 4947 939 5018 Neque
967 4951 1296 5006 sanctissimi
1332 4952 1572 5022 Spiritus
1603 4956 1775 5025 gratia
1806 4958 2130 5027 sapientiam

561 5036 618 5097 in
649 5039 852 5094 sanctis
881 5052 1160 5110 operatur,
1191 5044 1397 5114 absque
1432 5056 1614 5102 mente
1647 5063 1768 5116 quae
1799 5064 1920 5103 eam
1952 5052 2133 5106 susci-

560 5125 707 5196 piat;
755 5146 934 5200 neque
979 5133 1297 5199 scientiam,
1346 5136 1553 5206 absque
1598 5137 1857 5195 facultate
1906 5143 2135 5197 rationis

560 5218 680 5301 ejus
719 5235 948 5290 capace;
988 5239 1168 5294 neque
1212 5225 1410 5291 ﬁdem,
1445 5231 1652 5301 absque
1690 5232 2034 5301 futurorum,
2069 5252 2134 5292 ac

561 5299 685 5379 qua:
722 5311 991 5371 hactenus
1023 5319 1239 5374 cunctis
1276 5321 1510 5377 obscura
1548 5324 1686 5390 sint,
1719 5335 1901 5382 mente
1943 5343 2008 5382 ac
2043 5344 2132 5384 ra-

563 5400 712 5457 tione
744 5406 1104 5477 certitudine;
1141 5427 1321 5483 neque
1353 5416 1701 5472 sanationum
1734 5418 1895 5484 dona,
1925 5419 2134 5490 absque

563 5497 799 5550 naturali
831 5499 1174 5559 humanitate
1201 5521 1218 5560 :
1244 5521 1349 5563 nec
1369 5508 1608 5582 denique
1633 5510 1806 5566 ullum
1832 5511 1983 5568 aliud
2008 5513 2135 5569 reli-

637 5650 680 5684 “
711 5653 852 5710 Psal.
894 5674 1041 5727 xuu,
1066 5660 1157 5718 ξε.

645 5807 665 5836 ⁶
692 5804 779 5864 Cf.
806 5807 875 5866 ad
899 5808 1054 5868 Thai.
1088 5828 1143 5879 q.
1173 5815 1260 5873 59.

2226 3248 2448 3316 λογικῆς
2512 3248 2690 3317 κρατῇ
2737 3244 3062 3314 διακρίσεως
3089 3257 3105 3275 °
3144 3239 3517 3312 ὐφισταμένην
3562 3237 3622 3290 δὲ
3678 3237 3806 3289 κατ’

2227 3339 2504 3410 αἴσθησιν,
2547 3339 2678 3391 ὅταν
2708 3337 2808 3406 τῆς
2839 3335 3018 3406 ψυχῆς
3060 3334 3184 3387 κατ’
3211 3331 3413 3402 ἀρετὴν
3447 3329 3744 3388 ἀκωλύτως
3775 3327 3809 3379 ὖ

2227 3432 2425 3502 δρόμος
2453 3430 2705 3501 ἀνύηταιο
2747 3425 2998 3482 τοσοῦτον
3043 3425 3264 3493 ὲπάγων
3302 3425 3365 3493 τῇ
3395 3419 3808 3518 diedi-1551:1055

2230 3523 2444 3584 πόνους,
2478 3521 2602 3574 ὅσον
2631 3519 2821 3591 ἡδονὴν
2849 3518 3066 3588 ἐμποιεῖ
3098 3515 3191 3568 καὶ
3218 3513 3396 3584 χαρὰν
3423 3513 3486 3582 τῇ
3521 3511 3688 3579 ψυχῇ.
3723 3511 3809 3574 τῷ

2229 3616 2347 3686 Θεῷ
2375 3611 2786 3684 προσαγομένη,
2809 3609 2899 3663 διὰ
2924 3607 3024 3680 τῆς
3053 3605 3352 3677 συγγενοῦς
3378 3604 3494 3658 κατ’
3518 3599 3724 3672 ἀρετήν
3742 3615 3808 3654 τα

2229 3707 2322 3761 καὶ
2352 3705 2554 3776 γνῶσιν
2584 3701 2924 3774 ὲλλάμψεως.

2305 3969 2395 4019 ια’.
2427 3961 2652 4033 Ἡδονὴν
2696 3959 2847 4028 λέγει
2877 3958 3019 4029 σωτή
3031 3975 3161 4028 ριον,
3195 3957 3294 4027 τὴν
3319 3954 3406 4009 ἐπ’
3425 3955 3595 4025 ἀρετῇ
3631 3952 3811 4024 χαρὰν

2230 4056 2331 4125 τῆς
2359 4054 2555 4125 ψυχῆς
2603 4053 2877 4124 ὠφέλιμον
2929 4051 2988 4104 δὲ
3035 4049 3234 4121 λύπην.
3286 4049 3384 4119 τὴν
3427 4047 3570 4118 ὑπὲρ
3602 4046 3806 4115 ἀρετῆς

2231 4147 2424 4216 ὀδύνην
2473 4148 2571 4216 τῆς
2607 4145 2828 4218 σαρκός.
2877 4144 2938 4197 Ὀ
2982 4143 3114 4212 γοῦν
3168 4140 3368 4194 πάθεσι
3418 4133 3810 4210 προστετηκὼς

2231 4240 2327 4292 καὶ
2366 4236 2708 4307 πράγμασιν,
2753 4235 2838 4302 ἐφ’
2867 4232 2904 4287 ἃ
2937 4232 3010 4304 μὴ
3056 4231 3135 4284 δεῖ
3181 4230 3282 4293 τὰς
3330 4228 3508 4299 ὁρμὰς
3545 4228 3800 4280 ’ωιεῖταιο

2231 4329 2326 4382 καὶ
2369 4331 2398 4382 ό
2445 4327 2543 4391 τὰς
2577 4325 2864 4395 ποιητικὰς
2889 4324 2988 4393 τῆς
3013 4321 3121 4375 τῶν
3145 4321 3336 4374 παθῶν
3362 4320 3456 4371 καὶ
3485 4318 3594 4371 τῶν
3625 4332 3810 4386 πραγ-

2239 4417 2429 4488 μάτων
2465 4415 2774 4486 στερήσεως
2813 4412 3113 4481 συμϐάσεις
3149 4410 3248 4461 οὐκ
3275 4405 3680 4475 ἀσπαζόμενος,
3712 4403 3810 4473 ἀφ’

2161 4490 2208 4546 Ῐ)
2233 4501 2308 4562 ὧν
2335 4507 2410 4577 μὴ
2433 4505 2516 4557 δεῖ
2537 4503 2636 4565 τὰς
2666 4501 2953 4570 ἀποφυγὰς
2984 4501 3238 4553 ποιεῖται.

2316 4598 2403 4668 ιβ’.
2439 4598 2458 4618 ⁶
2484 4595 2620 4648 Ούτε
2654 4595 2687 4664 ἡ
2715 4593 2835 4646 θεία
2877 4593 3038 4663 χάρις
3070 4591 3286 4660 ἐνεργεῖ
3314 4588 3631 4658 φωτισμοὺς
3661 4584 3811 4655 γνῶ·

2238 4704 2394 4753 σεως,
2439 4685 2539 4739 οὐκ
2570 4682 2720 4745 ὄντος
2748 4679 2842 4735 τοῦ
2881 4680 3023 4733 κατά
3055 4678 3284 4748 δύναμιν
3321 4677 3557 4746 φυσικὴν
3581 4675 3805 4745 δεχομέ-

2235 4797 2325 4834 νου
2349 4778 2442 4831 τὸν
2481 4774 2762 4844 φωτισμόν
2785 4789 2799 4802 ·
2840 4771 2962 4825 οὔτε
2997 4771 3104 4841 μὴν
3143 4769 3205 4822 τὸ
3242 4768 3492 4823 δεκτικὸν
3533 4765 3659 4836 δίχα.
3710 4759 3812 4828 τῆς

2235 4867 2578 4940 χορηγούσης
2608 4865 2850 4935 χάριτος,
2881 4862 2970 4915 τὸν
2998 4859 3276 4930 φωτισμὸν
3304 4860 3516 4929 ἐνεργεῖ
3529 4857 3810 4924 γνώσεως.

2306 4967 2392 5029 ιγ’.
2428 4957 2563 5012 Ούτε
2597 4958 2631 5028 ἡ
2671 4956 2830 5027 χάρις
2875 4953 2970 5029 τοῦ
3004 4953 3272 5021 παναγίου
3303 4949 3618 5021 Πνεύματος
3652 4950 3811 5020 ἐνερ-

2231 5055 2320 5122 γεῖ
2349 5049 2536 5118 σοφίαν
2567 5049 2624 5101 ὲν
2644 5049 2756 5110 τοῖς
2799 5046 2995 5115 ἁγίοις,
3027 5046 3196 5116 χωρὶς
3222 5042 3314 5096 τοῦ
3338 5043 3542 5113 ταύτην
3580 5042 3811 5110 δεχομέ-

2233 5159 2324 5196 νου
2357 5139 2493 5203 νοός·
2530 5137 2656 5192 οὔτε
2685 5135 2887 5206 γνῶσιν
2911 5137 3083 5206 χωρὶς
3112 5135 3212 5204 τῆς
3243 5133 3498 5202 δεκτικῖνκ
3524 5131 3619 5185 τοῦ
3650 5130 3810 5198 λόγου

2233 5231 2533 5300 δυνάμεως⁶
2564 5227 2690 5283 οὕτε
2718 5227 2899 5281 πίστει
2927 5224 3174 5295 ἀνευητῆς
3203 5223 3344 5276 κατά
3376 5221 3501 5275 νοῦν
3528 5221 3623 5275 καὶ
3649 5219 3812 5289 λόγον

2236 5321 2347 5374 τῶν
2379 5320 2681 5392 μελλόντων
2711 5320 2804 5372 καὶ
2836 5319 2972 5371 πᾶσι
3001 5317 3139 5379 τέως
3167 5315 3381 5386 ἀδήλων
3413 5310 3807 5384 πληροφορίας·

2239 5411 2362 5468 οὔτε
2396 5410 2641 5482 ἰαμάτων
2664 5409 2997 5481 χαρίσματα,
3025 5408 3147 5478 δίχα
3187 5411 3286 5478 τῆς
3332 5405 3474 5460 κατὰ
3502 5403 3662 5474 φύσιν
3692 5399 3816 5472 φιλ-

2239 5509 2573 5583 ανθρωπίας*
2623 5505 2748 5561 οὕτε
2798 5522 2850 5560 τι
2904 5502 3090 5572 ἕτερον
3147 5499 3256 5556 τῶν
3301 5499 3509 5554 λοιπῶν
3536 5494 3814 5571 χαρισμάο
