4122 6322
341 373 476 442 1309

1005 385 1336 450 CAPITUM
1374 391 1794 466 QUINQUIES
1831 395 2348 461 CENTENORUM
2385 401 2770 465 CENTUBIA
2811 404 2912 466 IV.

3447 394 3580 461 tam

330 505 459 550 των,
487 491 658 581 χωρὶς
683 490 783 581 τῆς
809 492 1042 548 ἑκάστου
1065 495 1317 571 δεκτικῆς
1352 498 1517 566 ἒξεώς
1533 520 1592 556 τε
1619 503 1719 557 ικαὶ
1745 504 1907 560 δυνάά

2009 521 2242 576 quorum
2273 509 2511 575 donum,
2539 510 2744 581 absque
2775 511 2967 568 habitu
2999 527 3068 567 ac
3096 508 3360 567 facultate
3391 510 3579 578 cujus-

335 596 499 648 μεως·
537 579 664 635 οὔτε
708 573 814 653 μήν
857 585 1020 642 πάλιν
1064 587 1123 641 ἒν
1159 591 1268 643 τῶν
1310 592 1786 666 ἀπηριθμημένων
1809 597 1906 652 ἄν-

332 669 548 740 θρωπος
596 674 859 740 κτήσεται
912 677 1050 730 κατά
1091 679 1320 751 δύναμιν
1355 685 1612 753 φυσικὴν,
1657 685 1780 755 δίχα
1804 690 1905 756 τῆς

327 761 672 830 χορηγούσης
688 763 858 816 ταῦτα
884 765 1031 831 θείας
1055 768 1354 839 δυνάμεως.
1377 774 1484 825 Καὶ
1504 775 1722 841 δηλοῦσι
1746 776 1906 830 τοῦτο

333 853 517 920 σαφῶς
563 855 761 918 πάντες
823 857 986 927 ἅγιοι,
1044 862 1184 929 μετὰ
1228 863 1326 925 τὰς
1376 866 1742 935 ἀποκαλύψεις
1794 868 1903 920 τῶν

329 944 508 1011 θείων,
538 945 828 1016 ζητοῦντες
873 950 982 1004 τῶν
1015 953 1508 1023 ἀποκαλυφθέντων
1544 960 1670 1024 τοὺς
1689 961 1898 1028 λόγους.

419 1116 480 1172 δ’.
521 1117 578 1173 ’0
607 1119 727 1190 δίχα
756 1121 961 1187 πάθους
995 1126 1182 1192 αἰτῶν,
1210 1129 1482 1198 λαμϐάνει
1503 1131 1600 1202 τὴν
1626 1133 1721 1186 τοῦ
1752 1135 1901 1206 ἐνερ-

327 1210 442 1276 γεῖν
481 1209 745 1270 δύνασθαι
791 1215 950 1288 χάριν
998 1219 1141 1272 κατὰ
1178 1220 1275 1288 τὴν
1302 1221 1500 1291 πρᾶξιν
1549 1224 1647 1288 τὰς
1679 1227 1896 1298 ἀρετάςο

325 1300 419 1390 καὶ
461 1302 489 1354 ὁ
533 1301 710 1372 ζητῶν
771 1305 1021 1371 ἀπαθῶς,
1070 1309 1316 1379 εὑρίσκει
1359 1316 1499 1368 κατὰ
1534 1314 1631 1386 τὴν
1666 1319 1902 1390 φυσικὴν

325 1388 578 1460 θεωρίαν,
606 1394 702 1468 τὴν
733 1396 790 1448 ἐν
821 1398 934 1458 τοῖς
977 1396 1129 1452 οὖσιν
1168 1401 1424 1472 ἀλήθειαν
1453 1421 1466 1434 ο
1491 1407 1586 1458 καὶ
1625 1407 1654 1460 ὁ
1685 1388 1900 1477 κρούων

321 1480 547 1545 ἀπαθῶς
589 1483 686 1554 τὴν
729 1484 897 1557 θύραν
926 1487 1022 1555 τῆς
1053 1489 1324 1557 γνώσεως,
1373 1493 1666 1558 ἀκωλύτως
1697 1498 1776 1560 είς
1800 1498 1901 1566 τὴν

323 1571 643 1642 ἀπόκρυφον
670 1574 770 1645 τῆς
801 1580 1071 1650 μυστικῆς
1100 1579 1377 1652 θεολογίας
1403 1583 1686 1639 ἐλεύσεται
1715 1587 1895 1656 χάριν.

395 1669 476 1716 ιε’.
511 1663 568 1718 Ὀ
588 1666 817 1731 ἀπαθῶς
834 1669 902 1721 τὰ
920 1668 1040 1723 θεῖα
1064 1667 1242 1740 ζητῶν
1267 1671 1384 1742 (m),
1413 1674 1628 1738 πάντως
1646 1675 1895 1747 λήψεται,

320 1753 385 1806 τὸ
429 1753 784 1827 ζητούμενον.
827 1759 886 1813 '0
933 1760 991 1814 δὲ
1052 1761 1193 1832 μετά
1241 1781 1386 1826 τινος
1439 1766 1643 1829 πάθους
1694 1767 1894 1838 ζητῶν,

320 1845 679 1912 ἀποτεύξεται
733 1848 828 1904 τοῦ
891 1849 1243 1922 ζητουμένου.
1289 1857 1428 1924 Φησὶ
1480 1857 1610 1926 γὰρ,
1643 1859 1894 1925 Αἰτεῖτε,
1935 1839 1974 1894 Β

321 1937 421 1992 καί
453 1941 525 1997 οὐ
553 1940 910 2009 λαμϐάνετε,
949 1943 1101 2006 διότι
1143 1945 1341 2012 κακῶς
1363 1949 1598 2004 αἰτεῖτε.

391 2119 490 2178 ις’.
522 2116 690 2184 Ζητεῖ
703 2115 760 2168 ὲν
785 2116 918 2188 ἡμῖν
947 2118 1045 2190 τὴν
1070 2119 1178 2172 τῶν
1209 2119 1379 2176 ὄντων
1407 2122 1613 2191 γνῶσιν
1634 2124 1694 2178 τὺ
1728 2126 1902 2180 Πνεῦ-

321 2220 398 2272 μα
431 2204 492 2260 τὸ
523 2203 699 2274 ἄγων,
733 2208 828 2266 καὶ
855 2209 1056 2282 ἐρευνᾷ
1079 2226 1093 2240 ·
1130 2211 1245 2263 ἀλλ’
1284 2213 1386 2265 οὐκ
1429 2214 1610 2285 ἐαυτῷ
1656 2215 1812 2288 ζητεῖ
1841 2218 1902 2276 τὸ

316 2295 670 2376 ζητούμενον,
698 2299 782 2352 ὅτι
809 2299 962 2365 Θεὸς,
996 2301 1092 2354 καὶ
1130 2303 1311 2375 πάσης
1341 2306 1600 2360 ἐπέκεινα
1624 2308 1897 2377 γνώσεως·

313 2385 428 2442 ἀλλ’
454 2387 585 2460 ἡμῖν
609 2389 720 2454 τοῖς
743 2389 1020 2460 δεομένοις
1051 2394 1149 2466 τῆς
1176 2393 1451 2464 γνώσεως·
1486 2397 1676 2471 ὥσπερ
1705 2402 1898 2470 ἀμέλει

313 2476 409 2534 καὶ
436 2477 465 2529 ὀ
496 2478 670 2549 Λόγος
699 2480 910 2549 γίνεται
950 2484 1108 2556 σὰρξ,
1157 2487 1255 2556 οὐχ
1292 2489 1502 2561 ἐαυτῷ,
1534 2489 1648 2543 ἀλλ’
1678 2493 1808 2562 ἡμῖν
1839 2493 1902 2548 τὸ

316 2569 407 2632 διὰ
447 2570 550 2643 τῆς
582 2574 786 2643 σαρκὸς
837 2575 1079 2642 ἐξανύων
1119 2581 1442 2650 μυστήριον.
1480 2581 1570 2645 Ὠς
1593 2582 1701 2654 γὰρ
1728 2586 1900 2656 χωρὶς

315 2663 520 2733 σαρκὸς
555 2664 757 2738 νοερῶς
790 2666 1170 2741 ὲψυχωμένης,
1196 2671 1296 2725 οὐκ
1324 2673 1544 2744 ἐνήργει
1578 2674 1900 2746 θεοπρεπῶς

312 2752 382 2806 τὰ
415 2754 558 2810 κατά
588 2755 754 2822 φύσιν
800 2757 828 2808 ὁ
876 2758 1052 2826 Λόγος
1086 2762 1188 2830 τῆς
1236 2763 1460 2832 σαρκὸς,
1495 2761 1670 2829 οὕτως
1693 2767 1898 2822 οὐδὲτὸ

313 2843 540 2915 Πνεῦμα
567 2844 628 2898 τὸ
649 2844 803 2916 ἅγιον
842 2848 899 2902 ὲν
936 2851 1049 2914 τοῖς
1079 2851 1254 2921 ἁγίοις
1299 2856 1511 2925 ἐνεργεῖ
1539 2857 1638 2920 τὰς
1667 2857 1899 2926 γνώσεις

312 2934 421 2988 τῶν
453 2935 795 3006 μυστηρίων,
831 2939 1003 3010 χωρὶς
1039 2941 1140 3011 τῆς
1171 2943 1312 2997 κατὰ
1343 2945 1521 3014 φύσιν·
1538 2947 1810 3023 ζητούσης
1835 2969 1895 3006 τε

311 3025 409 3081 καὶ
446 3025 753 3102 ἐρευνώσης
783 3029 882 3102 τὴν
919 3031 1124 3099 γνῶσιν
1158 3035 1466 3108 δυνάμεως.

383 3206 470 3272 ιζ’.
501 3207 715 3281 ’Ὠσπερ
744 3211 846 3264 οὐκ
875 3210 993 3264 ἔστι
1017 3216 1188 3286 χωρὶς
1227 3215 1456 3288 ἡλιακοῦ
1488 3221 1666 3288 φωτὸς
1697 3223 1899 3310 ὀφθαλ-
1925 3203 1969 3260 (ἶ

316 3299 415 3368 μὸν
447 3300 940 3371 ἀντιλαμϐάνεσθαι
963 3304 1074 3356 τῶν
1105 3306 1401 3379 αἰσθητῶν,
1430 3309 1574 3365 οὕτω
1595 3312 1718 3383 δίχα
1741 3302 1902 3369 πνευ-

317 3393 549 3463 ματικοῦ
579 3395 758 3463 φὼτὸς
810 3397 934 3462 νοῦς
967 3399 1309 3470 ἀνθρώπινος
1359 3405 1545 3462 οὕποτ⁹
1577 3408 1645 3462 ἂν
1691 3411 1902 3477 δέξεται

315 3484 546 3556 θεωρίαν
574 3490 972 3561 πνευματικήν.
1011 3491 1086 3544 Τὸ
1129 3494 1228 3563 μὲν
1286 3495 1396 3567 γὰρ
1451 3500 1709 3571 αἰσθητὸν
1761 3503 1900 3572 φῶς,

311 3576 454 3634 κατὰ
473 3577 633 3650 φύσιν
648 3580 872 3648 φωτίζει
901 3581 1000 3653 τὴν
1030 3583 1284 3656 αἴσθησιν
1303 3587 1442 3660 πρὸς
1467 3588 1568 3661 τὴν
1583 3591 1692 3646 τῶν
1716 3609 1902 3664 σωμα-

310 3667 479 3722 τικῶν
497 3669 798 3741 ἀντίληψιν·
823 3672 886 3727 τὸ
901 3673 958 3726 δὲ
979 3679 1368 3747 πνευματικὸν,
1390 3680 1526 3752 πρὸς
1545 3681 1642 3753 τὴν
1667 3684 1900 3756 θεωρίαν

223 3791 228 3800 ι
310 3757 403 3812 τὸν
440 3757 566 3814 νοῦν
600 3761 940 3832 καταυγάζει
976 3764 1114 3835 πρὸς
1145 3768 1476 3839 κατανόησιν
1507 3771 1616 3826 τῶν
1647 3773 1790 3846 ὑπὲρ
1812 3777 1897 3830 ατ-

311 3847 529 3920 σθησιν.

383 3948 473 4012 ιη¹.
509 3942 622 4008 Τὰς
683 3944 783 4016 μὲν
817 3945 1120 4018 ζητητικάς
1157 3967 1217 4003 τε
1261 3951 1356 4004 καὶ
1380 3952 1744 4025 ὲρευνητικάς
1774 3956 1890 4029 [ᾳιι.

309 4033 378 4090 59
407 4035 480 4092 ad
522 4035 765 4098 Thala“.
792 4038 1133 4112 ὲξερευνητ.]
1171 4040 1279 4094 τῶν
1309 4042 1470 4097 θείων
1512 4045 1773 4116 δυνάμεις
1800 4048 1892 4100 οὑ-

308 4123 521 4190 σιωδῶς
555 4123 673 4196 ἔχει
708 4126 1200 4197 καταϐεϐλημένας
1233 4129 1374 4201 αὐτῇ
1412 4130 1564 4201 παρά
1611 4131 1706 4184 τοῦ
1758 4132 1892 4186 Κτί-

307 4232 502 4281 σαντος
552 4217 675 4270 κατ’
708 4217 883 4289 αὐτὴν
914 4218 1013 4289 τὴν
1049 4221 1130 4282 είς
1163 4220 1225 4276 τὸ
1256 4215 1397 4276 εἶναι
1426 4221 1683 4294 πάροδον,
1722 4225 1755 4294 ἠ
1783 4224 1891 4281 τῶν

305 4304 611 4376 ἀνθρώπων
639 4307 838 4376 φύσις⁶
886 4306 988 4372 τὰς
1033 4308 1093 4362 δὲ
1147 4307 1255 4363 τῶν
1310 4309 1473 4363 θείων
1497 4310 1888 4382 ἀποκαλύψεις,

263 4404 267 4408 ’
306 4397 448 4452 κατά
478 4398 639 4469 χάριν
681 4401 714 4470 ή
762 4399 855 4453 τοῦ
910 4399 1178 4468 παναγίου
1210 4400 1526 4472 Πνεύματος
1555 4404 1892 4474 ὲπιφοιτῶσα

2008 617 2116 671 que
2147 602 2366 657 illorum
2401 619 2620 673 capace.
2655 605 2725 659 At
2753 621 2932 674 neque
2963 620 3154 659 rursus
3183 603 3270 657 vel
3305 616 3477 655 unum
3511 615 3580 653 ex

2009 694 2344 747 enumeratis
2384 694 2550 749 homo
2588 706 2960 764 consequatur
2999 711 3067 750 ex
3099 703 3308 750 naturae
3342 691 3576 755 viribus,

2006 798 2070 837 ae
2098 785 2205 838 nisi
2233 784 2417 839 divina
2445 787 2648 840 virtute
2681 788 2795 841 haec
2827 787 3299 841 subministrante.
3332 783 3579 851 Remque

2005 873 2297 945 perspicue
2346 877 2645 931 ostendunt
2694 880 2868 932 sancti
2921 893 3144 941 omnes,
3192 883 3317 946 post
3364 875 3579 927 divinas

2005 968 2384 1033 revelationes,
2410 984 2604 1023 eorum
2632 985 2754 1039 qua:
2783 971 3020 1025 revelata
3049 976 3254 1033 essent,
3283 965 3579 1036 quaerendo

2005 1055 2246 1109 rationes
2269 1057 2332 1109 “.
3335 1075 3337 1077 ‘

2074 1152 2162 1204 Μ.
2196 1150 2300 1216 Qui
2349 1151 2466 1206 sine
2510 1152 2922 1221 perturbatione
2965 1152 3131 1222 petit,
3164 1151 3389 1222 gratiam
3429 1150 3577 1203 acci-

2003 1241 2083 1311 pit
2105 1243 2170 1304 ¹²,
2194 1258 2298 1311 qua
2329 1243 2564 1297 actionis
2589 1245 2737 1297 cultu
2767 1245 3000 1299 virtutes
3028 1245 3242 1313 operari
3276 1245 3447 1313 possit
3472 1261 3484 1296 :
3513 1257 3578 1296 ac

2001 1333 2094 1402 qui
2128 1333 2528 1401 imperturbate
2555 1335 2771 1404 quaerit,
2795 1335 3078 1389 veritatem
3114 1336 3170 1388 in
3203 1335 3386 1398 rebus,
3411 1343 3577 1388 natu-

2001 1424 2129 1478 ralis
2160 1423 2213 1476 vi
2249 1424 2671 1493 speculationis,
2705 1425 2934 1479 invenit.
2967 1426 3070 1492 Qui
3104 1427 3340 1495 denique
3373 1427 3578 1495 imper-

2000 1515 2217 1571 turbate
2247 1517 2496 1572 scientiae
2529 1518 2708 1586 pulsat
2732 1519 2977 1588 januam,
3003 1519 3152 1572 nullo
3182 1517 3578 1586 impedimento

2001 1605 2068 1659 ad
2095 1607 2367 1661 occultam
2395 1610 2636 1680 mysticm
2661 1609 2953 1679 theologia:
2981 1609 3200 1662 invadet
3221 1607 3470 1678 gratiam.

2073 1696 2156 1750 15.
2185 1695 2290 1762 Qui
2331 1698 2727 1768 imperturbate
2761 1700 3054 1768 animoque
3091 1697 3379 1753 affectibus
3408 1712 3581 1752 vacuo

2001 1787 2185 1842 divina
2222 1789 2440 1859 quierit,
2471 1791 2596 1855 hoc,
2623 1790 2772 1860 quod
2815 1791 3034 1860 quatrit,
3063 1790 3289 1845 omnino
3324 1789 3579 1859 accipiet.

2000 1881 2102 1946 Qui
2133 1889 2314 1935 autem
2341 1881 2500 1956 587
2523 1882 2722 1937 an‘ectu
2747 1882 2933 1952 aliquo
2956 1897 3020 1936 ac
3045 1881 3460 1952 perturbatione
3485 1897 3582 1935 seu

1999 1974 2230 2029 libidine
2271 1977 2501 2044 quaerit,
2538 1975 2765 2030 minime
2809 1984 3199 2045 consequetur.
3232 1974 3322 2028 Ait
3363 1974 3511 2028 enim
3563 1988 3580 2028 :

2000 2066 2208 2129 Petitis,
2235 2073 2284 2119 et
2309 2081 2412 2120 non
2441 2067 2699 2136 accipitis,
2723 2083 2784 2120 eo
2813 2067 2950 2137 quod
2979 2064 3118 2120 male
3148 2067 3338 2136 petatis
3360 2065 3427 2118 ¹³.

2075 2157 2161 2212 l6.
2189 2155 2396 2222 Quaarit
2425 2157 2480 2210 in
2512 2157 2674 2211 nobis
2699 2157 2938 2227 Spiritus
2965 2167 3186 2211 sanctus
3214 2171 3280 2210 ac
3306 2162 3584 2210 scrutatur

2001 2263 2188 2304 rerum
2215 2249 2534 2315 scientiam;
2565 2263 2677 2303 non
2705 2257 2890 2303 tamen
2935 2263 3058 2303 eam
3098 2246 3203 2301 sibi
3247 2247 3364 2316 ipse
3388 2245 3584 2315 quaerit

2004 2340 2199 2413 (utqui
2223 2343 2369 2396 Deus
2396 2342 2496 2406 sit,
2533 2357 2862 2413 omnemque
2883 2341 3112 2396 excedat
3131 2339 3465 2407 scientiam),
3487 2337 3580 2393 sed

2000 2433 2181 2496 nobis,
2206 2433 2411 2501 quibus
2447 2433 2538 2486 illa
2569 2448 2708 2502 opus
2739 2433 2833 2486 sit.
2862 2431 2948 2487 Uti
2982 2431 3147 2486 etiam
3181 2446 3313 2485 sane
3343 2429 3583 2485 Verbum

2000 2537 2129 2577 caro
2159 2522 2258 2589 fit;
2292 2538 2402 2578 non
2441 2523 2620 2592 ipsum
2653 2523 2782 2586 sibi,
2811 2523 2907 2577 sed
2939 2521 3120 2584 nobis,
3149 2520 3295 2590 quod
3330 2536 3428 2589 per
3458 2534 3583 2574 car-

1999 2630 2126 2670 nem
2153 2625 2238 2671 est
2261 2617 2488 2687 ejusque
2514 2615 2912 2685 assumptione,
2939 2613 3260 2685 mysterium
3294 2625 3582 2682 peragens.

1999 2702 2469 2773 Quemadmodum
2511 2707 2656 2762 enim
2694 2706 2962 2769 Verbum,
2988 2721 3096 2760 non
3139 2704 3258 2759 sine
3299 2717 3462 2758 carne
3497 2701 3579 2755 in-

1999 2799 2361 2870 telligentium
2403 2813 2554 2853 more
2595 2798 2867 2861 animata,
2901 2813 3022 2869 quae
3059 2812 3126 2850 ex
3168 2795 3348 2850 carnis
3383 2801 3580 2848 natura

1997 2900 2184 2955 erant,
2215 2891 2401 2945 divine
2430 2890 2768 2960 operabatur
2804 2906 2817 2942 :
2852 2887 2932 2943 sic
2966 2903 3144 2957 neque
3180 2885 3419 2956 Spiritus
3450 2899 3582 2939 san-

1997 2989 2148 3048 ctus,
2179 2981 2386 3051 absque
2417 2981 2655 3036 naturali
2687 2980 2944 3036 facultate
2977 2978 3265 3034 scientiam
3300 2985 3581 3047 quaarente

1997 3086 2062 3126 ac
2100 3080 2410 3140 scrutante,
2442 3072 2828 3144 mysteriorum
2865 3071 3092 3127 notitias
3125 3070 3181 3124 in
3213 3067 3414 3123 sanctis
3443 3083 3580 3138 ope-

2001 3171 2176 3285 rat”:
2194 3231 2350 3286 Sicut
2371 3231 2490 3286 ﬁeri
2513 3247 2624 3286 non
2652 3239 2852 3301 potest,
2879 3238 2939 3285 ut
2961 3231 3158 3286 oculus
3186 3232 3394 3304 absque
3417 3227 3580 3286 solari

2002 3322 2124 3375 luce
2152 3337 2241 3376 res
2273 3321 2560 3391 percipiat,
2585 3337 2707 3390 qum
2738 3322 2795 3374 in
2827 3336 3045 3376 sensum
3080 3321 3286 3376 cadunt
3318 3339 3332 3376 :
3367 3322 3449 3376 sic
3481 3331 3586 3374 nec

2003 3413 2099 3468 ﬁat
2135 3428 2409 3482 unquam,
2443 3422 2502 3467 ut
2533 3429 2690 3468 mens
2720 3413 2959 3467 humana
2992 3413 3129 3467 citra
3163 3413 3462 3483 spiritalem
3495 3411 3575 3465 lu-

2005 3517 2146 3566 cem,
2179 3503 2480 3573 spiritalem
2519 3504 3042 3573 contemplationem
3082 3504 3367 3576 suscipiat.
3396 3504 3581 3559 Altera

2001 3592 2148 3646 enim
2195 3593 2321 3656 lux,
2360 3593 2427 3647 ad
2477 3593 2832 3662 percipienda
2879 3607 3145 3662 corpora,
3188 3608 3288 3663 per
3333 3602 3581 3646 naturam

1999 3694 2222 3736 sensum
2253 3682 2524 3747 illustrat;
2556 3682 2752 3744 altera,
2777 3682 2844 3736 ad
2880 3683 3398 3751 contemplationem
3429 3697 3594 3737 men-

1998 3777 2109 3823 tem
2139 3770 2435 3838 illuminat,
2465 3779 2528 3825 ut
2557 3787 2622 3826 ea
2652 3787 2775 3841 quae
2805 3787 3030 3828 sensum
3061 3773 3340 3829 excedunt
3369 3773 3584 3845 perspi-

1995 3861 2126 3916 ciat.

2071 3954 2158 4008 18.
2183 3955 2344 4011 Vires
2373 3953 2653 4026 quan-cudi
2679 3953 2865 4011 divina
2891 3969 2955 4010 ac
2979 3955 3282 4021 scrutandi,
3306 3954 3576 4010 essentia-

1992 4045 2119 4100 liter
2146 4061 2178 4101 a
2209 4048 2387 4117 prima
2421 4049 2536 4118 ipsa
2569 4049 2887 4105 conditione
2922 4063 2985 4103 ac
3011 4048 3226 4118 Origine
3259 4047 3326 4103 ab
3354 4055 3576 4102 auctore

1992 4137 2229 4192 insertas
2251 4137 2419 4192 habet
2443 4139 2682 4195 humana
2705 4149 2934 4209 natura;
2965 4154 3158 4198 verum
3184 4139 3398 4200 divinas
3423 4156 3570 4201 reve-

1990 4227 2255 4295 lationes,
2294 4244 2394 4300 per
2439 4231 2704 4301 gratiam,
2743 4235 3074 4291 sanctissimi
3122 4236 3362 4308 Spiritus
3401 4237 3574 4294 virtus

1991 4319 2313 4388 adveniens,
2345 4330 2587 4392 prestat.
2621 4323 2778 4392 Quod
2823 4333 3005 4382 tamen
3041 4329 3154 4399 jam
3193 4329 3372 4394 initio,
3412 4330 3574 4386 hasce

1989 4412 2141 4469 vires
2183 4429 2284 4484 per
2326 4423 2646 4484 peccatum,
2683 4432 2869 4472 rerum
2916 4418 2988 4473 ob
3031 4419 3222 4474 oculos
3268 4421 3573 4490 positarum

266 4489 542 4582 ῗποιείται
577 4485 851 4560 ,δύναμις
895 4487 1116 4559 Ἐπειδὴ
1161 4489 1219 4542 δὲ
1273 4489 1396 4544 κατ’
1443 4491 1618 4562 ἀρχὰς
1660 4493 1748 4548 διὰ
1788 4493 1890 4563 τῆς

1996 4510 2223 4558 naturaa.
2255 4503 2500 4574 Nequam
2536 4505 2627 4560 ille
2662 4505 2928 4573 aﬂixerat,
2955 4523 3059 4564 nec
3089 4517 3208 4563 erat
3234 4485 3336 4580 ,ιι-υἱ
3369 4508 3574 4564 intelli-

305 4577 600 4648 ἁμαρτίας,
642 4581 709 4649 τῇ
756 4577 917 4647 φύσει
949 4578 1059 4632 τῶν
1101 4581 1310 4651 ὁρατῶν
1348 4581 1551 4646 ταύτας
1581 4584 1611 4635 ὁ
1656 4581 1923 4656 πονηρὺς¹

1996 4602 2146 4663 geret
2179 4603 2275 4649 aut
2305 4596 2622 4665 exquireret
2654 4597 2829 4653 Deum
2853 4599 2918 4664 η’,
2952 4599 3099 4670 quod
3141 4577 3328 4656 cuncti
3365 4610 3576 4659 natura:

306 4667 629 4739 προσήλωσε
661 4667 760 4733 τὰς
792 4669 1070 4740 δυνάμεις,
1099 4669 1196 4723 καὶ¹
1219 4670 1320 4724 οὐκ
1349 4665 1418 4741 ἦν
1449 4673 1477 4724 ὁ
1505 4671 1701 4727 συνιὼν
1732 4673 1765 4744 ἢ
1801 4675 1893 4730 ὲκο

304 4757 484 4829 ζητῶν
511 4758 602 4812 τὸν
635 4758 790 4822 Θεὸν,
817 4758 1035 4821 πάντων
1063 4759 1174 4816 τῶν
1211 4761 1620 4837 μετειληφότων
1645 4764 1745 4835 τῆς
1789 4764 1891 4835 φύ-

305 4865 463 4915 σεως,
491 4849 592 4920 τὴν
634 4848 828 4920 νοεράν
871 4867 929 4903 τε
969 4850 1064 4904 καὶ⁸
1115 4849 1342 4922 λογικὴν
1380 4851 1609 4925 δύναμιν
1655 4854 1888 4924 ἑχόντων

302 4942 831 5013 περιγεγραμμένην
863 4943 928 5013 τῇ
961 4941 1252 5013 ἐπιφανείᾳ
1294 4943 1406 4997 τῶν
1439 4945 1747 5016 αἰσθητῶν,
1791 4947 1888 5000 καὶ

305 5030 578 5102 μηδεμίαν
617 5031 976 5102 κεκτημένων
1013 5030 1221 5086 ἔννοιαν
1270 5030 1379 5084 τῶν
1425 5033 1564 5105 ὑπὲρ
1607 5033 1877 5105 αἴσθησιν,

301 5120 528 5186 εἰκότως
556 5124 590 5194 ὴ
625 5121 719 5184 τοῦ
762 5122 1031 5192 παναγίου
1077 5121 1394 5194 Πνεύματος
1444 5124 1626 5195 χάρις,
1655 5129 1771 5192 ταῖς
1804 5127 1882 5204 μὴ

303 5211 446 5266 κατὰ
478 5213 738 5283 πρόθεσιν
773 5212 1098 5277 ὲνδιαθέτως
1129 5213 1236 5272 ὑπὸ
1264 5214 1366 5285 τὴν
1405 5216 1626 5289 ἀπάτην
1649 5220 1879 5290 γενομι.

302 5319 435 5368 νοις,
485 5305 598 5359 τῶν
645 5305 850 5361 ὑλικῶν
888 5304 1246 5378 ἀφηλώσασα,
1281 5306 1382 5378 τὴν
1436 5309 1871 5385 προσηλωμένην

369 5459 409 5493 ⁸³
449 5460 584 5529 Dan.
620 5478 715 5530 ιιι,
749 5461 815 5530 8;
846 5461 1075 5528 Zachar.
1106 5478 1180 5532 tv,
1213 5463 1269 5524 5.

372 5573 470 5657 (ιη)
537 5575 600 5629 '0
625 5576 960 5657 ἀπαθῶς-τὰ
983 5578 1334 5657 θεῖα-ζητῶν.
1367 5580 1502 5657 Nem

299 5646 546 5700 animum
576 5646 716 5715 petit
743 5649 922 5722 oratio
947 5664 1012 5722 ac
1039 5646 1356 5722 illibatum:
1395 5646 1665 5722 quidquid
1707 5655 1868 5711 deni-

300 5729 406 5785 que
437 5729 503 5769 ea
540 5729 665 5797 vos,
695 5717 996 5797 toties_hic
1045 5720 1278 5797 Maximo
1310 5717 1608 5797 inculcata,
1642 5723 1867 5797 Graeco-

300 5799 418 5840 rum
439 5799 541 5841 usu
564 5787 825 5841 insinuat.
851 5787 1021 5844 Erant
1043 5788 1191 5845 edita
1219 5791 1360 5849 male
1385 5787 1601 5861 luxata,
1625 5794 1870 5851 confusis

1988 4687 2310 4756 participes,
2340 4687 2686 4762 intelligendi
2729 4691 2843 4746 vim
2888 4707 2953 4748 ac
2994 4693 3248 4760 rationis,
3284 4709 3470 4751 rerum
3515 4693 3574 4749 in

1987 4792 2210 4834 sensum
2254 4779 2572 4838 cadentium
2613 4782 2909 4855 superﬁcie
2942 4801 3008 4841 ac
3039 4787 3191 4842 velut
3223 4789 3428 4845 cortice
3458 4790 3570 4845 eir-

1984 4867 2380 4938 eumscriptam
2406 4869 2696 4938 haberent,
2721 4873 2985 4943 ornnique
3008 4891 3193 4929 rerum
3218 4890 3380 4930 sensu
3409 4892 3572 4945 supe-

1985 4956 2194 5012 riorum
2220 4959 2465 5031 cogitatu
2491 4977 2768 5036 sensuque
2797 4972 3082 5033 carerent;
3114 4965 3310 5021 merito
3340 4966 3570 5021 sanctis-

1990 5047 2116 5104 simi
2147 5049 2388 5121 Spiritus
2413 5054 2605 5124 gratia,
2632 5055 2721 5121 iis,
2749 5057 2844 5126 qui
2874 5070 2985 5110 non
3015 5056 3266 5114 consulto
3295 5065 3349 5112 et
3372 5057 3568 5112 animi.

1987 5147 2078 5201 tus
2117 5142 2294 5200 errori
2337 5154 2757 5210 concesserant,
2791 5161 2822 5201 a
2870 5147 3134 5211 terrenis,
3169 5147 3370 5216 quibus
3406 5147 3566 5207 allixa

1986 5232 2302 5298 tenebatur,
2333 5235 2578 5290 avulsam
2622 5251 2686 5292 ac
2730 5237 2886 5307 quasi
2936 5237 3160 5293 reﬁxam
3209 5238 3561 5304 facultatem,

1985 5323 2092 5386 sibi
2126 5323 2300 5394 ipsam
2334 5327 2579 5386 restituit
2605 5343 2618 5383 :
2644 5343 2810 5400 quam
2833 5329 3092 5387 videlicet
3113 5329 3301 5404 gratia:
3329 5345 3564 5388 munere

1370 5463 1414 5498 “
1443 5464 1636 5529 Matth.
1666 5484 1761 5536 vn,
1794 5470 1849 5528 8.
1929 5477 1970 5510 ⁸³
1993 5479 2107 5537 Jac.
2144 5499 2218 5549 ιν,
2251 5483 2308 5544 5,
2386 5481 2428 5514 ³⁸
2458 5483 2603 5545 Psal.
2636 5499 2752 5550 xm,
2778 5484 2846 5552 Ως
2882 5501 2974 5551 ιη,
3015 5485 3071 5544 '5.

1610 5585 1862 5670 ﬁdem!!!
1971 5595 2077 5670 boc
2102 5605 2158 5652 et
2186 5598 2436 5670 sequenti
2452 5599 2628 5670 capite
2649 5616 2672 5667 ς,
2697 5601 2978 5670 nonnullis
3000 5600 3167 5657 etiam
3200 5601 3553 5665 desideratis.

1971 5665 2290 5748 Importune
2323 5665 2682 5748 Pieusfdjcta
2707 5669 2782 5748 de
2799 5670 2978 5729 Verbo
2990 5670 3063 5748 in
3090 5687 3280 5742 carne,
3301 5672 3461 5748 quasi
3483 5673 3565 5738 de

1974 5736 2134 5799 nobis
2163 5751 2225 5796 ac
2255 5737 2323 5802 de
2364 5753 2529 5802 carne
2561 5739 2702 5815 ipsa,
2730 5739 2878 5802 dicta
2910 5740 3112 5802 reddit.
