4110 6318
540 343 673 410 1311

1718 339 1777 401 S.
1820 340 2107 401 MAXIMI
2147 337 2655 401 CONFESSORIS

3651 331 3810 395 1312

542 455 802 510 mundam
849 452 1064 522 adepti,
1109 449 1448 520 qumsieruut
1495 447 1736 519 primum
1785 457 1850 504 et
1886 449 2153 509 scrutatii

2255 451 2623 521 ποκατέστησε
2655 449 2908 519 δύναμινο
2932 443 2998 513 ἡν
3032 446 3278 518 καθαρὰν
3316 443 3685 506 ἀπολαϐόντες
3710 442 3811 496 διὰ

542 547 768 606 διηιιης
812 553 1038 612 tumque
1076 541 1489 611 exquisierunt,
1519 549 1575 595 et
1615 551 1744 597 sunt
1783 544 2113 611 exscrutati,

543 652 642 705 per
668 633 916 688 eamdem
943 632 1155 687 scilicet
1178 631 1419 700 Spiritus
1442 631 1690 701 gratiam.

616 808 700 861 19.
737 807 1059 859 Animorum
1107 803 1320 858 scilicet
1359 802 1579 873 proprie
1618 803 1795 868 salus,
1829 803 1957 860 ﬁdei
1994 804 2120 860 ﬁnis

542 907 647 953 est.
684 897 834 952 Fidei
876 912 1010 949 vero
1049 894 1192 958 linis,
1219 895 1338 964 ejus
1379 895 1526 963 quod
1563 894 1835 948 creditum
1872 904 1957 950 est
1989 912 2120 950 vera

545 989 808 1043 revelatio
836 996 920 1041 est
943 1001 1007 1040 ac
1038 985 1426 1039 manifestatio.
1449 986 1588 1041 Vera
1617 994 1800 1039 autem
1831 986 1950 1055 ejus
1974 987 2121 1056 quod

547 1081 817 1136 creditum
853 1079 1017 1149 588
1041 1087 1126 1132 est
1148 1077 1412 1132 revelatio
1433 1086 1490 1131 et
1511 1077 1899 1141 manifestatio,
1923 1094 2121 1132 arcana

547 1178 634 1222 est
657 1183 756 1237 pro
779 1168 897 1237 ejus
920 1167 1046 1221 ﬁdei
1081 1167 1292 1221 ratione
1325 1183 1432 1236 qua
1463 1167 1697 1236 quisque
1727 1167 1986 1235 praditus
2018 1176 2123 1232 est,

549 1260 670 1328 ejus
704 1257 851 1328 quod
892 1259 1164 1312 creditum
1196 1267 1281 1312 est
1312 1258 1751 1327 comprehensio.
1779 1259 1912 1328 Ejus
1942 1268 2124 1313 autem

551 1351 698 1418 quod
745 1350 1015 1404 creditum
1065 1358 1150 1403 est
1192 1350 1634 1419 comprehensio,
1668 1365 1860 1404 eorum
1905 1358 1988 1404 est
2031 1351 2126 1420 qui

552 1439 915 1494 crediderunt
946 1441 1013 1492 ad
1044 1439 1378 1508 principium
1413 1455 1511 1508 pro
1541 1440 1664 1493 ﬁnis
1696 1439 1909 1494 ratione
1942 1455 2126 1495 rever-

554 1529 655 1583 sio.
703 1530 908 1583 Eorum
955 1537 1136 1582 autem
1186 1530 1281 1597 qui
1330 1528 1686 1583 crediderunt
1728 1529 1796 1583 ad
1843 1531 2127 1600 preprium

555 1618 888 1691 principium
937 1636 1037 1690 pro
1104 1620 1228 1674 ﬁnis
1279 1621 1491 1674 ratione
1540 1621 1817 1685 reversio,
1869 1621 2127 1677 desiderii

556 1711 873 1780 adimpletio
914 1719 1018 1764 est.
1062 1711 1331 1765 Dcsidcrii
1377 1719 1560 1764 autem
1603 1711 1946 1780 adimpletio,
1983 1713 2130 1783 jugis

557 1809 740 1856 motus
767 1801 925 1870 quies
949 1810 1031 1854 est
1056 1801 1434 1870 appetentinm
1465 1801 1612 1856 circa
1639 1803 1956 1872 appetibile.
1981 1804 2133 1872 Jugis

559 1900 741 1946 autem
778 1900 961 1946 motus
999 1892 1155 1961 quies
1200 1893 1580 1961 appetentium
1622 1893 1766 1948 circa
1805 1895 2130 1964 appetihile,

555 1986 704 2056 jugis
725 1991 810 2038 est
831 1991 886 2038 et
913 1984 1174 2038 continua
1199 1984 1514 2052 appetibilis
1538 1985 1747 2038 fruitio.
1770 1985 1924 2056 Jugis
1953 1996 2134 2041 autem

563 2084 621 2130 et
679 2076 942 2131 continua
1002 2074 1319 2144 appetibilis
1380 2075 1608 2139 fruitio,
1651 2076 1962 2130 divinorum
2025 2079 2135 2131 vim

562 2183 782 2222 omnem
825 2175 1034 2221 natura:
1071 2167 1451 2236 superantium
1494 2167 1840 2236 participatio
1881 2183 1944 2222 ac
1983 2184 2136 2222 com-

564 2256 831 2311 mercium
873 2263 976 2310 est.
1004 2255 1325 2308 Divinorum
1364 2264 1545 2308 autem
1585 2263 1795 2310 natura":
1822 2255 1931 2309 vim
1968 2271 2135 2325 supc-

566 2347 809 2401 rantium
861 2345 1212 2416 participatio
1255 2361 1318 2400 ac
1356 2345 1777 2409 commercium,
1816 2361 2007 2400 eorum
2052 2354 2134 2401 est

566 2437 662 2505 qui
699 2436 1115 2506 participatione
1152 2450 1215 2489 ac
1253 2435 1583 2490 commercio
1622 2436 1878 2505 gaudent,
1908 2453 2030 2490 cum
2067 2451 2135 2491 eo

567 2529 636 2582 de
663 2529 820 2598 cujus
846 2528 1084 2596 gaudent
1111 2526 1529 2596 participatione
1550 2536 1606 2581 et
1629 2527 1956 2582 commercio
1985 2528 2138 2582 simi-

567 2618 764 2672 litudo.
798 2617 1110 2673 Similitudo
1141 2624 1322 2670 autem
1375 2631 1565 2670 eorum
1597 2616 1688 2684 qui
1722 2616 2139 2685 participatione

569 2717 627 2763 ct
655 2709 988 2765 commercio
1021 2708 1280 2778 gaudent,
1307 2721 1432 2761 cum
1469 2707 1586 2774 ipso
1613 2706 1681 2758 de
1713 2707 1868 2772 cujus
1901 2705 2139 2775 gaudent

572 2797 990 2867 participatione
1039 2805 1094 2851 et
1143 2795 1506 2856 commercio,
1553 2794 1604 2847 vi
1654 2793 2030 2848 similitudinis
2081 2795 2137 2849 in

2215 543 2314 613 τῆς
2339 543 2583 614 χάριτος,
2621 544 2837 613 πρῶτον
2874 538 3148 609 ἐζήτησαν
3189 537 3285 591 καὶ
3333 537 3674 607 ἠρεύνησαν,
3708 536 3811 586 καὶ

2217 633 2388 695 οὓτως
2415 632 2748 702 ἐξεζήτησαν
2790 630 2883 682 καὶ
2931 627 3324 698 ἐξηρεύνησαν,
3355 627 3442 680 διὰ
3489 627 3588 696 τῆς
3619 624 3813 693 αὐτῆς

2217 723 2415 795 δηλαδὴ
2441 723 2532 775 τοῦ
2567 721 2884 790 Πνεύματος
2912 720 3154 790 χάριτος.

2294 814 2380 868 ιϐ’.
2418 814 2670 884 Σωτηρία
2696 812 2897 883 δηλαδὴ
2922 812 3128 882 ψυχῶν,
3161 810 3365 881 κυρίως
3392 810 3528 871 ἐστὶ,
3558 809 3619 860 τὸ
3645 807 3814 866 τέλος

2219 907 2321 975 τῆς
2350 907 2605 966 πίστεως.
2635 905 2799 967 Τέλος
2821 905 2878 958 δὲ
2924 903 3160 965 πίστεώς
3196 905 3363 967 ἐστιν,
3395 902 3543 972 ήτοῦ
3577 917 3812 953 πιστευ-

2223 996 2405 1059 θέντος
2434 994 2637 1064 ἀληθὴς
2667 992 3030 1061 ἀποκάλυψις.
3074 990 3303 1060 Ἀληθὴς
3343 991 3401 1043 δὲ
3430 988 3525 1042 τοῦ
3575 1005 3802 1040 πιστευ-

2225 1083 2410 1146 θέντος
2439 1084 2586 1135 ἐστὶν
2626 1081 2990 1150 ἀποκάλυψις,
3027 1083 3060 1150 ἠ
3107 1080 3249 1133 κατὰ
3284 1079 3576 1146 ἀναλογίαν
3606 1082 3711 1148 τῆς
3745 1079 3813 1129 ἐν

2226 1175 2444 1244 ἑκάστῳ
2495 1174 2728 1236 πίστεως
2787 1173 3024 1244 άρῤητος
3075 1169 3172 1222 τοῦ
3233 1169 3674 1239 πεπιστευμένου
3725 1168 3810 1239 (ιι)

2227 1265 2620 1336 περιχώρησις.
2680 1262 3057 1334 Περιχώρησις
3113 1261 3170 1315 δὲ
3219 1261 3314 1314 τοῦ
3360 1259 3811 1330 πεπιστευμένου

2229 1357 2589 1426 καθέστηκεν,
2626 1359 2660 1426 ἠ
2714 1356 2850 1427 πρὸς
2897 1355 2997 1425 τὴν
3029 1354 3203 1426 ἀρχὴν
3233 1354 3374 1406 κατά
3418 1354 3480 1407 τὸ
3513 1353 3672 1414 τέλος
3702 1351 3815 1403 τῶν

2229 1445 2670 1498 πεπιστευκότων
2717 1445 3019 1508 ἐπάνοδος..
3073 1444 3138 1497 Ἦ
3188 1444 3244 1497 δέ
3291 1443 3428 1513 πρὸς
3459 1443 3562 1512 τὴν
3597 1441 3816 1494 οἰκείαν

2227 1537 2402 1608 ἀρχὴν
2447 1537 2589 1590 κατὰ
2633 1537 2694 1588 τὸ
2726 1537 2880 1600 τέλος
2927 1535 3035 1588 τῶν
3068 1534 3514 1588 πεπιστευκότων
3545 1531 3817 1592 ἐπάνοδός

2230 1628 2397 1688 ἐστιν,
2437 1629 2470 1697 ὴ
2508 1629 2608 1697 τῆς
2653 1626 2893 1694 ἐφέσεως
2935 1625 3233 1696 πλήρωσις.
3287 1625 3559 1693 Ἐφέσεως
3587 1622 3645 1674 δέ
3681 1621 3818 1692 πλή-

2235 1715 2400 1786 ρωσις
2429 1717 2595 1777 ἐστιν,
2631 1717 2663 1785 ή
2694 1717 2822 1787 περὶ
2847 1716 2908 1769 τὸ
2935 1716 3127 1786 ἐφετὸν
3153 1716 3260 1769 τῶν
3295 1714 3606 1784 ἐφιεμένων
3631 1712 3817 1766 ἀεικε-

2237 1823 2395 1874 νητος
2429 1807 2637 1868 στάσις.
2685 1807 3018 1876 Ἀεικενητος
3044 1807 3098 1860 δέ
3135 1805 3326 1868 στάσις
3361 1805 3492 1875 περὶ
3518 1804 3583 1856 τὸ
3617 1802 3819 1871 ἐφετὸν

2238 1897 2348 1951 τῶν
2373 1897 2673 1966 ἐφιεμένων
2699 1896 2863 1960 ἐστὶν,
2902 1900 2934 1968 ἡ
2962 1897 3055 1950 τοῦ
3101 1897 3294 1965 ἐφετοῦ
3343 1895 3600 1966 διηνεκής
3628 1911 3692 1946 τε
3724 1893 3821 1946 καὶ

2239 1987 2561 2050 ἁδιάστατος
2611 1987 2930 2051 ἀπόλαυσις.
2995 1988 3318 2050 Ἀπὸλαυσις
3364 1987 3419 2039 δέ
3449 1984 3715 2055 διηνεκὴς
3759 1999 3819 2034 τε

2242 2082 2337 2132 καὶ
2365 2079 2685 2142 ἁδιάστατος
2719 2078 2814 2132 τοῦ
2853 2079 3068 2148 ἐφετοῦ,
3097 2080 3129 2149 ἡ
3159 2079 3266 2133 τῶν
3296 2079 3433 2150 ὺπέρ
3461 2076 3626 2144 φύσιν
3652 2076 3821 2127 θείων

2243 2165 2548 2237 καθέστηκε
2569 2167 2804 2236 μέθεξις.
2829 2166 3058 2232 Μέθεξις
3083 2167 3138 2220 δέ
3168 2167 3274 2220 τῶν
3299 2166 3441 2235 ὑπὲρ
3464 2165 3628 2233 φύσιν
3654 2163 3822 2225 θεξῳν

2240 2258 2412 2321 ἐστὶν,
2434 2259 2468 2329 ἡ
2494 2258 2629 2329 πρὸς
2643 2258 2706 2311 τὸ
2730 2259 3088 2328 μετεχόμενον
3112 2258 3218 2311 τῶν
3245 2256 3580 2328 μετεχόντων
3609 2255 3824 2324 ὁμοίω-

2243 2363 2347 2410 σις.
2404 2347 2469 2400 Ἦ
2512 2348 2568 2401 δέ
2601 2348 2738 2419 πρὸς
2783 2349 2844 2402 τὸ
2913 2349 3269 2419 μετεχόμενον
3327 2346 3437 2400 τῶν
3477 2345 3824 2417 μετεχόντων

2241 2438 2497 2508 ὁμοίωσὶς
2531 2441 2695 2506 ἐστιν,
2735 2443 2768 2512 ἡ
2809 2443 2930 2495 κατ’
2960 2441 3238 2512 ἐνέργειαν
3286 2438 3422 2508 πρὸς
3469 2437 3604 2490 αὐτὸ
3629 2436 3690 2487 τὸ
3725 2452 3824 2506 με-

2241 2531 2526 2601 τεχόμενον
2589 2532 2698 2586 τῶν
2756 2534 3089 2604 μετεχόντων
3143 2532 3209 2585 δι’
3245 2531 3562 2601 ὁμοιότητος
3608 2528 3826 2597 ἐνδεχο-

2245 2621 2380 2691 μένη
2413 2624 2698 2694 ταυτότης.
2745 2624 2810 2677 Ἦ
2856 2625 2914 2677 δέ
2967 2624 3076 2678 τῶν
3110 2624 3444 2695 μετεχόντων
3488 2618 3822 2690 ἐνδεχομένη

2243 2711 2362 2763 κατ’
2379 2713 2656 2783 ἐνέργειαν
2678 2715 2745 2768 δι’
2766 2715 3080 2786 ὁμοιότητος
3094 2714 3378 2784 ταυτότης,
3408 2715 3440 2782 ἡ
3471 2711 3539 2766 δι’
3567 2711 3824 2781 ὁμοιότη-

2243 2815 2335 2864 τος
2359 2802 2495 2871 πρὸς
2526 2803 2586 2856 τὸ
2612 2805 2969 2877 μετεχόμενόν
2992 2809 3106 2860 ἐστι
3133 2806 3324 2870 θέωσις
3347 2803 3456 2858 τῶν
3487 2803 3829 2873 ἀξιουμένων

571 2897 718 2949 actu,
745 2896 947 2957 quanta
988 2887 1231 2956 pnestari
1272 2893 1451 2955 potest
1481 2884 1566 2955 (ιιι
1601 2885 1838 2956 vocant),
1881 2884 2138 2945 identilas

2251 2892 2482 2958 Βεώσεως
2513 2899 2548 2952 ·,

574 2989 676 3035 est.
707 2980 909 3034 Eorum
943 2980 1178 3049 denique
1240 2978 1334 3049 qui
1369 2979 1786 3049 participatione
1855 2995 1918 3034 ac
1985 2986 2318 3041 commercio
2375 2990 2648 3058 gaudent,
2685 3001 2889 3062 quanta
2938 2993 3180 3063 praestari
3224 3000 3407 3062 potest
3452 2992 3507 3045 in
3554 2997 3681 3045 actu
3724 3003 3829 3058 per

577 3073 992 3126 similitudinem
1016 3070 1296 3142 identitas,
1319 3085 1442 3124 cum
1465 3086 1532 3125 eo
1552 3071 1708 3142 cujus
1731 3070 2152 3141 participatione
2185 3082 2241 3129 et
2258 3079 2590 3135 commercio
2610 3082 2870 3152 gaudent,
2893 3098 3087 3138 eorum
3113 3091 3198 3138 est
3219 3082 3312 3152 qui
3335 3081 3482 3152 digni
3544 3088 3673 3135 sunt
3728 3079 3828 3148 qui

577 3161 779 3216 dcitate
803 3163 1097 3226 donentur,
1118 3161 1413 3216 deiﬁcatio.

648 3246 737 3306 20.
771 3251 1006 3315 Natura,
1036 3266 1229 3306 eorum
1263 3266 1384 3319 qua:
1417 3259 1545 3304 sunt
1577 3265 1740 3320 supra
1776 3260 2026 3306 naturam
2063 3269 2152 3308 ra-

581 3344 758 3398 tiones
783 3359 890 3397 non
919 3330 1112 3406 habet;
1145 3342 1226 3394 uti
1252 3356 1432 3410 neque
1461 3353 1652 3395 eorum
1682 3342 1850 3412 leges,
1878 3359 1999 3412 qua:
2027 3353 2156 3399 sunt

582 3445 780 3506 praeter
815 3443 1088 3489 naturam.
1118 3431 1292 3502 Supra
1329 3442 1585 3486 naturam
1623 3443 1808 3488 autem
1845 3449 1965 3489 esse
2007 3435 2152 3500 dico,

583 3528 824 3582 divinam
862 3527 1010 3581 illam
1045 3524 1304 3593 omnique
1338 3524 1600 3594 majorem
1633 3525 1871 3593 cogitatu
1902 3525 2156 3594 volupta-

587 3629 726 3684 tem,
753 3633 918 3687 quam
952 3617 1062 3670 Deo
1093 3614 1274 3684 dignis
1307 3629 1407 3683 per
1435 3612 1664 3684 gratiam
1701 3614 1856 3667 unito
1894 3625 2155 3684 praestare

585 3718 782 3765 natura
827 3715 1204 3778 comparatum
1241 3715 1326 3760 est
1366 3722 1378 3758 ε
1424 3714 1624 3775 praater
1658 3715 1908 3760 naturam
1948 3715 2152 3772 autem,

585 3801 679 3869 qui
715 3799 878 3870 hujus
913 3797 1219 3869 privatione
1252 3796 1404 3850 nulla
1432 3796 1485 3850 vi
1516 3797 1786 3851 sermonis
1817 3797 2159 3866 explicabilis

587 3891 861 3947 conﬂatur
887 3891 1074 3958 dolor;
1106 3891 1264 3961 cujus
1290 3891 1456 3954 Deus,
1478 3887 1680 3958 quibus
1708 3898 1904 3956 praeter
1931 3889 2158 3958 gratiam

590 3983 648 4037 in
669 3981 848 4052 dignis
872 3982 1081 4046 unitur,
1105 3990 1302 4035 natura
1323 3980 1536 4035 exsistit
1557 3987 1768 4034 auctor.
1791 3980 1896 4034 Pro
1916 3979 2162 4049 subjecta

590 4075 739 4129 enim
776 4075 1041 4144 cujusque
1084 4072 1462 4142 dispositionis
1504 4071 1790 4143 qualitate,
1822 4069 1916 4138 qui
1954 4069 2169 4123 cunctis

596 4167 845 4231 uniatur,
879 4166 1053 4229 Deus,
1085 4180 1192 4234 qua
1235 4163 1388 4217 novit
1425 4163 1541 4232 ipse
1585 4161 1828 4226 ratione,
1864 4175 1962 4229 pro
1999 4175 2066 4214 eo
2105 4175 2169 4214 ac

597 4257 826 4327 quisque
872 4272 904 4310 a
946 4258 1128 4326 seipse
1169 4257 1440 4310 formatus
1479 4261 1564 4308 est
1605 4268 1670 4306 ac
1710 4258 2057 4320 comparatus
2100 4249 2166 4304 ad

595 4361 722 4398 eum
757 4346 1196 4415 suscipiendum,
1227 4344 1321 4415 qui
1355 4343 1581 4397 omnino
1611 4342 1668 4395 in
1703 4339 1809 4395 ﬁne
1843 4340 2169 4394 saeculorum

597 4434 855 4489 omnibus
880 4434 1155 4489 uniendus
1177 4441 1281 4500 est,
1305 4430 1506 4503 singuli
1531 4444 1756 4487 sensum
1783 4427 2009 4498 praebet.

668 4547 713 4579 ’ί
738 4546 780 4600 1.
802 4547 948 4600 Petr.
979 4564 1016 4610 ι,
1054 4547 1136 4600 lt).

2327 3266 2395 3313 κ’.
2427 3262 2540 3314 Οὐκ
2569 3262 2681 3332 ἔχει
2708 3263 2740 3334 ἠ
2773 3263 2934 3331 φύσις
2963 3264 3072 3316 τῶν
3099 3264 3236 3334 ὑπὲρ
3271 3263 3430 3333 φύσιν
3453 3264 3578 3338 τοὺς
3606 3265 3826 3332 λόγους,

2256 3347 2446 3422 ὥσπερ
2497 3352 2619 3404 οὐδέ
2673 3353 2780 3406 τῶν
2824 3353 2976 3424 παρὰ
3006 3353 3168 3423 φύσιν
3203 3354 3328 3418 τοὺς
3376 3354 3593 3423 νόμους.
3653 3354 3830 3426 ’Υπὲρ

2257 3438 2419 3506 φύσιν
2443 3440 2500 3492 δὲ
2527 3441 2690 3510 λέγω,
2712 3442 2810 3512 τὴν
2857 3443 3010 3496 θείαν
3039 3443 3135 3496 καὶ
3163 3444 3479 3512 ἀνεννόητον
3507 3444 3727 3513 ἡδονὴν,
3763 3446 3830 3516 ην

2259 3533 2432 3582 ποιεῖν
2466 3532 2708 3600 πέφυκεν
2734 3533 2762 3584 ό
2789 3533 2922 3597 Θεὸς
2944 3534 3125 3601 φύσει,
3157 3533 3298 3587 κατὰ
3321 3533 3480 3604 χάριν
3506 3536 3614 3595 τοῖς
3651 3534 3833 3598 ἀξίοις

2261 3619 2564 3689 ἐνούμενος·
2602 3622 2751 3690 παρὰ
2781 3622 2942 3692 φύσιν
2983 3623 3058 3688 δέ,
3089 3625 3187 3694 τὴν
3237 3627 3376 3677 κατὰ
3407 3623 3662 3693 στέρησιν
3694 3624 3830 3676 ταύ-

2261 3727 2360 3778 της
2406 3713 2800 3785 συνισταμένην
2844 3714 3204 3786 όινεκλάλητον
3247 3714 3440 3783 ὀδύνην
3464 3755 3480 3779 ,
3531 3713 3598 3784 ἢν
3653 3716 3834 3766 ποιεῖν

2262 3800 2452 3855 εἴωθεν
2481 3805 2510 3855 ὀ
2541 3802 2674 3866 Θεὸς
2707 3805 2887 3873 φύσει,
2933 3807 3084 3876 παρὰ
3114 3804 3213 3875 τὴν
3257 3806 3416 3877 χάριν
3438 3807 3552 3868 τοῖς
3587 3805 3834 3869 ἀναξίοις

2263 3890 2571 3960 ἐνούμενος.
2606 3894 2762 3947 Κατά
2790 3895 2897 3965 γὰρ
2915 3896 3013 3965 τὴν
3040 3894 3408 3965 ὑποκειμένην
3444 3896 3659 3964 ἐκάστφ
3691 3896 3836 3947 ποιό-

2263 3997 2402 4048 τητα
2439 3983 2539 4050 τῆς
2574 3983 2887 4048 διαθέσεως,
2935 3987 2964 4038 ὁ
2998 3985 3130 4049 Θεὸς
3175 3989 3286 4048 τοῖς
3315 3988 3484 4039 πᾶσιν
3519 3987 3833 4058 ἑνούμενος,

2262 4069 2338 4131 ὡς
2362 4065 2498 4122 οἶδεν
2531 4071 2713 4136 αὐτὸς,
2743 4073 2840 4142 τὴν
2867 4072 3118 4144 αἴσθησιν
3145 4075 3358 4144 ἑκάστῳ
3383 4076 3708 4145 παρέχεται,
3731 4094 3836 4130 κα-

2266 4160 2373 4224 θώς
2402 4163 2549 4214 ἐστιν
2578 4163 2806 4226 ἕκαστος
2841 4165 2931 4233 ὑφ’
2957 4165 3150 4217 ἐαυτοῦ
3177 4165 3674 4236 διαπεπλασμένος,
3700 4166 3836 4235 πρὸς

2267 4249 2533 4320 ὑποδοχὴν
2560 4251 2655 4303 τοῦ
2691 4253 2904 4315 πάντως
2944 4254 3111 4306 πᾶσιν
3161 4253 3570 4324 ἐνωθησομένου
3609 4256 3755 4308 κατὰ
3780 4255 3839 4308 τὸ

2267 4341 2444 4413 πέρας
2465 4342 2573 4396 τῶν
2606 4343 2836 4399 αἰώνων.

670 4641 687 4658 ’
711 4638 1028 4708 Sequuntur
1057 4640 1214 4710 longe
1233 4639 1394 4709 plura
1415 4649 1505 4708 qu.
1536 4637 1628 4693 illa
1651 4632 1924 4706 59,digna
1953 4632 2171 4690 Maxnmi
2205 4647 2362 4689 vena.

675 4758 752 4826 (η)
769 4759 829 4812 Ἡ
846 4757 1102 4825 ἇρῤητος
1115 4760 1509 4825 περιχώρησις
1530 4758 1634 4826 τοῦ
1648 4740 2153 4826 πεπιστευμένου.

2269 4750 2359 4826 Sic
2393 4762 2524 4826 ergo
2547 4745 2840 4826 Maximum
2863 4741 3651 4826 intelligoz‘Manifestationem
3677 4759 3742 4826 ac
3758 4759 3844 4795 re-

602 4821 720 4884 Alia
736 4821 991 4897 profano
1011 4841 1114 4897 usu
1133 4821 1297 4897 hujus
1330 4821 1477 4897 vocis
1493 4823 1843 4897 signiﬁcatio,
1871 4837 2032 4891 quam
2073 4821 2165 4875 hic

605 4894 915 4953 conveniat.
943 4895 1099 4960 Quod
1129 4894 1260 4950 vero
1292 4894 1474 4948 reddit
1493 4894 1675 4956 Picus,
1707 4909 1910 4946 arcana
1956 4907 2165 4961 proces-

603 4970 701 5030 sio,
733 4983 841 5020 non
893 4963 1190 5028 satisfacit;
1223 4979 1324 5018 nec
1353 4962 1495 5017 satis
1515 4962 1676 5015 video
1728 4961 1863 5030 quid
1921 4976 1984 5014 ea
2031 4975 2166 5030 10cc

605 5029 756 5092 velit.
779 5035 1014 5090 Budaeus
1045 5035 1204 5103 longe
1229 5033 1443 5088 doctior
1490 5031 1544 5084 in
1577 5029 1911 5103 Damasceno
1944 5030 2011 5103 de
2040 5029 2166 5082 Tri-

606 5108 708 5160 nit.
760 5106 1002 5160 divinam
1062 5100 1423 5170 personarum
1469 5100 1858 5170 περιχώρησιν,
1917 5101 2169 5170 unionem

581 5176 826 5237 ‘reddit;
855 5173 1002 5242 quod
1055 5167 1196 5226 forte
1254 5172 1418 5240 paulo
1463 5167 1876 5242 liberius—est:
1931 5167 2170 5242 theologi

609 5237 1145 5300 circuminccssionem
1181 5237 1395 5302 vocant,
1442 5240 1599 5309 quasi
1636 5239 1799 5293 unius
1833 5253 2082 5310 persona:
2117 5237 2173 5310 in

614 5315 775 5368 aliam
822 5313 1066 5379 undique
1128 5305 1569 5375 immeationém;
1620 5310 1806 5362 malim
1835 5305 1978 5379 ’ego,
2025 5305 2173 5379 quod

612 5398 722 5437 una
737 5383 916 5451 capiat
934 5375 1094 5436 aliam
1111 5396 1176 5451 ac
1190 5381 1341 5435 velut
1354 5380 1632 5451 contineat
1646 5385 1702 5431 et
1715 5375 2172 5451 comprehendat;

614 5448 892 5518 quomodo
927 5452 1093 5505 etiam
1124 5450 1386 5504 dicuntur
1419 5449 1617 5502 divinae
1645 5462 1890 5518 persona;
1929 5448 2180 5513 ἀνεκφοι-

616 5516 794 5587 τήτως
819 5521 1136 5587 procedere,
1176 5521 1254 5572 ita
1282 5527 1338 5572 ut
1360 5520 1472 5572 alia
1501 5526 1655 5571 extra
1689 5516 1856 5570 aliam
1880 5531 1986 5587 non
2005 5530 2179 5587 Aeace-

618 5582 749 5639 dum
771 5603 789 5642 :
813 5582 931 5660 quae
951 5589 1100 5643 vocis
1125 5582 1345 5660 χωρεῖν,
1382 5589 1508 5642 trita
1537 5587 1828 5660 admodum
1852 5582 2176 5660 signiﬁcatio

620 5665 727 5717 est,
760 5652 1006 5736 soletque
1031 5652 1192 5736 et_ad
1213 5652 1481 5736 'animum
1528 5655 1837 5736 transferri,
1881 5652 2057 5736 quod“
2085 5652 2175 5736 ille

621 5723 780 5796 quasi
815 5721 1145 5780 continendo
1168 5741 1232 5781 ac
1256 5725 1312 5780 in
1341 5741 1399 5781 se
1425 5741 1541 5782 rem
1575 5725 1848 5789 habendo,
1890 5721 2171 5790 intelligat.

2271 4812 2603 4874 velatidnem
2637 4817 2717 4869 rei
2749 4815 2973 4869 creditae
3016 4812 3079 4868 ac
3126 4814 3222 4867 Dei
3256 4816 3398 4882 (quae
3437 4812 3498 4864 ﬁt
3542 4828 3644 4882 per
3700 4813 3841 4867 dona

2272 4889 2510 4958 Spiritus
2524 4885 2836 4956 adjuvantia
2862 4883 3044 4958 ﬁdem)
3066 4885 3186 4954 ejus
3213 4884 3267 4936 in
3289 4883 3448 4958 nobis
3478 4882 3845 4958 comprehen-

2272 4951 2485 5034 sionem
2515 4951 2722 5034 essene
2747 4951 3153 5034 perceptionem
3188 4969 3201 5004 :
3226 4963 3287 5006 ut
3317 4952 3447 5005 hinc
3476 4951 3532 5004 in
3557 4952 3725 5004 nobis
3755 4951 3848 5034 ha-

2273 5028 2540 5081 bitantem
2576 5022 2876 5078 habeamus
2905 5022 3192 5092 ipsumque
3219 5030 3575 5092 pr:nselit_em_
3588 5035 3653 5092 ac
3687 5022 3848 5074 nobis

2277 5097 2533 5151 intimum
2569 5089 2978 5163 cognoscamus,
2998 5089 3151 5163 juxta
3174 5089 3312 5163 illud
3335 5089 3743 5163 Pauli_A(AEphes.
3767 5107 3843 5152 Ill,

2277 5165 2367 5238 υ)
2399 5182 2430 5238 :_
2446 5160 2702 5238 Habitare
2713 5161 3090 5238 Christumper
3108 5160 3265 5228 ﬁdem
3291 5162 3344 5213 in
3374 5160 3613 5238 cordibus
3637 5163 3843 5238 uestris.

2277 5229 2392 5291 Nec
2420 5234 2567 5289 istud
2608 5241 2758 5286 vetat
2787 5229 3290 5301 aliquidlarcanam
3317 5229 3602 5301 _u_i_iione_m
3636 5229 3847 5288 dicere,

2278 5314 2335 5359 et
2353 5304 2506 5373 quasi
2525 5299 2980 5364 commistioném,
3004 5300 3158 5373 juxta
3187 5299 3331 5373 quod
3352 5299 3593 5373 ilcsych.
3613 5315 3850 5373 περιχω-

2287 5316 2335 5359 et
2353 5320 2506 5373 quasu
2525 5316 2980 5364 commistionem,
3004 5316 3158 5367 Juxm
3186 5316 3331 5422 cdjuoa
3358 5316 3593 5368 ucsycn.
3613 5316 3846 5368 περιχω-

2287 5377 2387 5444 ρεῖ,
2432 5373 2809 5444 συμμίσγεται
2833 5370 3078 5444 exponit.
3253 5369 3309 5422 in
3352 5368 3441 5421 his
3458 5368 3846 5444 Διξξιίξηιιίιιιιιε,

2282 5436 2385 5498 etsi
2414 5436 2587 5498 Graeci
2622 5436 2785 5498 paulo
2817 5436 2978 5494 nobis
3011 5438 3242 5492 vocibus
3293 5445 3420 5491 sunt
3454 5436 3754 5491 feliciores.
3792 5437 3848 5491 lu

2281 5513 2424 5577 aliis,
2457 5512 2593 5565 nihil
2617 5505 2730 5581 fere
2764 5511 2946 5581 Picus
2979 5508 3210 5570 felicior,
3250 5516 3310 5560 ut
3365 5505 3514 5575 quod
3541 5507 3849 5581 ἀεικίνητος

2284 5584 2492 5643 στάσις,
2520 5582 2599 5634 illi
2625 5579 2728 5642 est,
2757 5579 2981 5632 conditio
3005 5593 3211 5647 semper
3247 5592 3491 5647 movens;
3544 5592 3662 5631 non
3710 5579 3854 5647 quia

2282 5651 2395 5722 iugi
2420 5652 2640 5707 incitata
2669 5658 2813 5705 motu
2830 5666 2849 5714 ;
2874 5648 3052 5717 qualis
3088 5645 3388 5702 l'ruentium
3410 5645 3544 5700 Deo.
