4110 6318
283 413 424 479 1312)

954 399 1287 464 CAPITUM
1326 399 1750 473 QUINQUIES
1786 393 2306 459 CENTENORUM
2342 396 2732 458 CENTURIA
2769 397 2868 459 IV.

3411 397 3546 464 1314

347 524 458 578 καί.
495 519 632 581 Τοὺς
681 512 1048 584 ὲκξητοῦντας
1092 513 1152 564 ἐν
1197 510 1468 581 πνεύματι
1495 511 1594 580 τὴν
1623 509 1732 563 τῶν
1758 508 1860 579 ψυο

2033 506 2124 562 21.
2155 507 2263 562 Eos
2295 505 2391 577 qui
2426 508 2481 561 in
2517 508 2712 578 spiritu
2749 521 3059 562 animarum
3087 505 3321 563 salutem
3349 511 3543 579 exqui-

278 614 388 684 χῶν
417 609 712 681 σωτηρίαν,
751 607 847 661 καὶ
875 603 1278 676 ἐξερευνῶντας
1305 602 1433 665 τοὺς
1459 601 1661 673 ταύτης
1689 617 1857 652 πνευ-

281 702 543 773 ματικοὺς
603 699 704 768 τῆς
769 695 1046 766 σωτηρίας
1101 692 1294 760 λόγους
1347 709 1408 745 τε
1452 692 1548 746 καὶ
1599 690 1858 761 τρόπους,

277 795 460 864 ὁδηγεῖ
488 791 625 862 πρὸς
669 788 998 859 κατανόησιν
1050 787 1112 840 τὸ
1158 785 1381 855 Πνεῦμα
1423 784 1484 837 τὸ
1541 783 1716 851 ἅγιον,
1759 782 1860 835 οὐκ

277 885 383 938 ἐῶν
425 881 687 951 ἀκίνητον
725 879 908 941 αὐτοῖς
960 877 1161 948 μένειν,
1214 877 1312 930 καὶ
1367 875 1730 946 ἀνενέργητον
1761 874 1862 944 τὴν

277 975 345 1028 δι’
376 970 443 1045 ἧς
479 972 548 1026 τὰ
575 972 696 1026 θεῖα
724 970 978 1041 ἐκζητεῖν
1012 967 1293 1038 πεφύκασι
1321 965 1482 1038 [unus
1517 965 1649 1036 Reg.
1683 964 1860 1034 πεφύ-

278 1065 482 1137 καμεν]
515 1066 768 1134 δύναμιν.

347 1157 455 1228 κβθ.
499 1155 726 1228 Πρῶτόν
766 1171 851 1217 τις
896 1153 1052 1224 ζητεῖ
1085 1154 1152 1223 τῇ
1204 1150 1527 1222 προαιρέσει
1580 1148 1859 1221 νεκρῶσαι

277 1248 378 1320 τὴν
412 1246 711 1320 ἁμαρτίαν,
748 1244 842 1298 καὶ
880 1243 979 1313 τὴν
1005 1242 1330 1314 προαίρεσιν
1368 1243 1436 1310 τῇ
1455 1239 1732 1310 ἁμαρτίᾳο
1758 1239 1859 1293 καὶ

283 1340 457 1402 οὕτως
511 1340 731 1408 ἐρευνᾷ,
765 1335 884 1399 πῶς
923 1335 1004 1387 δεῖ
1038 1337 1133 1387 κα)⁸
1169 1332 1310 1404 ποίῳ
1349 1332 1538 1403 τρόπῳ
1590 1331 1862 1400 νεκρῶσαι

281 1431 489 1491 ταύτας
523 1427 812 1499 ἀλλήλαις;
845 1427 951 1479 Καὶ
981 1425 1144 1479 πάλιν
1173 1424 1317 1494 μετὰ
1336 1425 1437 1495 τὴν
1459 1421 1665 1476 τούτων
1693 1421 1860 1492 ἀλλή-

279 1523 401 1582 λαις
440 1520 654 1575 τελείαν
699 1520 991 1590 νέκρωσιν,
1033 1515 1188 1590 ζητεῖ
1228 1517 1329 1587 τὴν
1370 1515 1492 1568 κατ’
1534 1513 1736 1584 ἀρετὴν
1764 1515 1863 1585 τῆς

281 1612 686 1684 προαιρέσεως,
719 1611 815 1664 καὶ
843 1611 944 1680 τῆς
985 1608 1188 1680 ἀρετῆς
1226 1608 1324 1680 τὴν
1351 1606 1494 1660 κατὰ
1537 1605 1862 1678 προαίρεσιν

284 1705 464 1773 ζωήν·
507 1703 601 1755 καὶ
630 1700 804 1764 οὕτως
844 1700 1066 1771 ἐρευνᾷ,
1099 1699 1215 1763 πῶς
1242 1698 1323 1751 δεῖ
1352 1701 1447 1750 καὶ
1489 1697 1628 1767 ποίῳ
1675 1695 1864 1766 τρόπῳ

280 1797 380 1867 τὴν
403 1799 462 1850 ἐν
497 1796 760 1866 ἀλλήλαις
783 1794 990 1848 τούτων
1023 1793 1087 1862 δη
1099 1794 1430 1863 μιουργῆσαι
1467 1789 1633 1860 ζωήν.
1672 1790 1861 1842 Ἔστιν

1969 608 2118 664 runt,
2155 601 2382 670 ejusque
2421 600 2613 655 salutis
2652 601 2926 670 spiritales
2966 600 3205 654 rationes
3243 601 3545 669 modosque

1967 699 2374 756 exscrutantur,
2397 693 2585 762 dirigit
2608 692 2845 762 Spiritus
2867 700 3090 746 sanctus
3113 701 3172 746 ut
3193 701 3374 746 mente
3398 707 3554 745 assc-

1968 791 2238 853 quantur;
2279 783 2442 854 589
2478 800 2582 840 nec
2613 784 2733 838 sine
2768 793 2919 838 motu
2956 791 3121 852 atque
3156 783 3388 837 inertem
3423 797 3544 835 eam

1968 876 2078 930 illis
2115 875 2224 929 vim
2261 891 2484 930 manere
2521 876 2671 939 sinit,
2700 891 2798 944 per
2833 890 2998 944 quam
3036 882 3099 928 ut
3137 873 3320 928 divina
3354 874 3547 942 exqui-

1969 976 2114 1030 rant,
2141 967 2247 1020 illis
2275 967 2516 1036 proclive
2541 963 2916 1039 comparatum
2945 973 3048 1019 est.

2038 1141 2126 1195 22.
2153 1141 2398 1195 Primum
2423 1141 2547 1210 quis
2575 1140 2772 1210 quaerit
2792 1139 3060 1196 voluntati
3085 1147 3370 1208 peccatum
3400 1153 3545 1192 mor—

1971 1233 2181 1291 tiﬁcare
2227 1241 2284 1288 et.
2327 1235 2661 1288 voluntatem
2705 1242 2964 1302 peccato;
3010 1231 3197 1299 sicque
3249 1239 3544 1296 scrutatur,

1970 1324 2246 1395 quomodo
2285 1341 2350 1379 ac
2387 1341 2494 1394 qua
2534 1326 2744 1379 ratione
2775 1325 2891 1378 haec
2924 1323 3028 1376 alia
3060 1322 3182 1376 aliis
3214 1321 3546 1376 mortiﬁcare

1969 1415 2296 1471 conveniat?
2321 1416 2660 1484 Rursusque,
2688 1414 2773 1467 his
2797 1413 3037 1482 perfecte
3066 1413 3207 1466 inter
3231 1429 3288 1467 se
3312 1412 3543 1466 mortiﬁ-

1969 1507 2135 1570 catis,
2174 1506 2342 1560 vitam
2385 1505 2685 1559 voluntatis
2726 1520 2848 1574 quae
2892 1504 3097 1558 virtute
3142 1514 3452 1573 przcstatur,
3489 1514 3546 1559 et

1968 1595 2214 1658 virtutis,
2247 1611 2368 1664 qua:
2407 1601 2696 1664 praestatur
2735 1595 3039 1653 voluntate,
3073 1593 3269 1662 quaerit
3311 1611 3324 1647 :
3368 1603 3424 1648 et
3465 1594 3546 1648 sic

1969 1693 2272 1750 scrutatur,
2305 1686 2582 1754 quomodo
2617 1701 2792 1754 quave
2828 1685 3039 1740 ratione
3073 1685 3270 1738 borum
3309 1685 3454 1740 inter
3485 1701 3544 1738 se

1969 1780 2084 1838 vita
2125 1777 2412 1833 conﬂanda
2455 1777 2547 1830 sit.
2583 1776 2679 1830 Est
2723 1776 2908 1845 igitur,
2943 1786 3003 1829 ut
3040 1777 3192 1845 quasi
3234 1774 3545 1830 deﬁniendo

282 1866 497 1957 οὗνζώς
545 1890 606 1942 ἐν
651 1886 868 1958 ὁρισμῷ
913 1885 1122 1949 λαϐεῖν,
1153 1887 1186 1955 ή
1231 1884 1329 1954 μὲν
1380 1881 1629 1953 ζήτησις,
1683 1880 1860 1952 ὄρεξις

1965 1869 2320 1938 complectar,
2343 1867 2489 1936 quod
2517 1867 2835 1936 quaerimus,
2859 1866 3238 1922 desiderabilis
3261 1868 3544 1939 cujusdam

283 1981 623 2052 καταθυμίου
650 1980 796 2043 τινός
817 1996 832 2011 ο
859 1981 894 2050 ἡ
928 1979 986 2032 δέ
1015 1977 1324 2049 ἐρεύνησις,
1350 1975 1549 2046 τρόπος
1577 1975 1676 2043 τῆς
1722 1973 1860 2045 πρὸς

283 2073 347 2127 τὸ
384 2072 726 2143 καταθύμιον
757 2071 994 2143 ὀρέξεως
1027 2068 1342 2130 ἀνυστικός.

356 2170 462 2234 κγ’.
503 2165 594 2216 Δεῖ
639 2165 716 2226 ὡς
767 2161 982 2231 ἀληθῶς
1023 2160 1115 2213 τὸν
1152 2159 1556 2230 σωθησόμενον,
1590 2159 1666 2230 μὴ
1699 2159 1861 2229 μόνον

285 2257 352 2327 τῇ
387 2254 707 2324 προαιρέσει
756 2251 1032 2323 νεκρῶσαι
1077 2250 1177 2320 τὴν
1221 2250 1516 2322 ἁμαρτίαν,
1578 2250 1714 2304 ἀλλὰ
1769 2251 1863 2303 καὶ

287 2346 459 2416 αὐτὴν
507 2345 606 2416 τὴν
663 2343 988 2414 προαίρεσιν
1041 2345 1108 2412 τῇ
1159 2342 1558 2412 ἁμαρτίᾳ·καί¹
1589 2341 1664 2412 μὴ
1700 2341 1862 2411 μόνον

289 2437 598 2507 ἀναστῆσαι
633 2438 698 2506 τῇ
730 2436 902 2506 ἀρετῇ
937 2433 1036 2504 τὴν
1066 2434 1408 2503 προαίρεσιν,
1450 2432 1588 2487 ἀλλὰ
1626 2435 1722 2486 καὶ
1761 2432 1862 2486 αύ-

285 2527 387 2598 τὴν
413 2530 480 2598 τῇ
524 2525 847 2596 προαιρέσει
889 2525 989 2594 τὴν
1021 2525 1252 2593 ἀρετήν·
1289 2523 1378 2575 ἵνα
1419 2523 1589 2594 νεκρὰ
1635 2525 1859 2594 νεκρᾶς,

288 2616 383 2687 ὅλη
416 2615 544 2685 ὅλης
579 2614 678 2684 τῆς
707 2612 982 2683 ἁμαρτίας
1012 2611 1347 2681 διαιρεθεῖσα
1399 2611 1474 2683 μὴ
1515 2611 1860 2683 αἰσθάνηται,

291 2705 383 2760 καὶ
403 2705 554 2770 ζῶσα
583 2703 784 2774 ζώσης,
816 2702 911 2773 ὅλη
943 2701 1072 2778 ὅλης
1086 2701 1187 2772 τῆς
1216 2701 1420 2772 ἀρετῆς
1446 2701 1860 2770 ἐπαισθάνηται,

289 2798 414 2854 καθ’
449 2799 646 2852 ἕνωσιν
690 2796 1016 2851 ἀδιάστατον
1059 2795 1094 2865 ἡ
1137 2790 1477 2864 προαίρεσις.
1518 2793 1578 2846 '0
1631 2794 1739 2865 γὰρ
1775 2811 1863 2846 νε-

291 2891 512 2962 κρώσας
541 2893 610 2960 τῇ
642 2887 888 2959 ἁμαρτίᾳ
925 2887 1028 2957 τὴν
1074 2885 1418 2957 προαίρεσιν,
1458 2884 1741 2956 σύμφυτος
1770 2885 1864 2951 γέ-

289 2998 416 3051 γονε
453 2980 530 3050 τῷ
559 2978 868 3050 ὁμοιώματι
911 2976 1006 3031 τοῦ
1043 2977 1279 3032 θανάτου
1318 2976 1416 3030 τοῦ
1459 2974 1734 3046 Χριστοῦ·
1768 2976 1865 3029 καὶ

283 3076 312 3128 ὅ
348 3071 554 3144 ταύτην
580 3071 892 3141 ἀναστήσας
915 3072 982 3141 τῇ
1013 3067 1351 3142 δικαιοσύνῃ,
1377 3067 1657 3140 σύμφυτος
1673 3067 1863 3136 γέγονε

291 3163 384 3218 καὶ
409 3163 510 3234 τῆς
533 3161 888 3224 ἀναστάσεως
915 3159 1101 3215 αὐτοῦ.

1960 1961 2260 2030 appetitio;
2284 1959 2431 2030 quod
2456 1974 2586 2013 vero
2610 1967 2943 2024 scrutamur,
2969 1959 3164 2014 modus
3183 1974 3293 2028 quo
3316 1975 3381 2014 ea
3400 1959 3547 2015 desi—

1961 2051 2223 2106 derabilis
2253 2051 2519 2121 appetitio
2548 2051 2755 2120 expleri
2787 2053 2984 2121 possit.

2033 2143 2123 2198 23.
2150 2143 2364 2198 Revera
2388 2143 2666 2206 convenit,
2693 2151 2755 2196 ut
2777 2144 2871 2212 qui
2898 2143 3194 2198 salvandus
3222 2145 3312 2209 sit,
3338 2145 3543 2199 nedum

1960 2235 2564 2304 voluntatipeccatum
2622 2233 2949 2298 mortiﬁcet,
3000 2251 3190 2289 verum
3252 2243 3309 2289 et
3367 2236 3542 2306 ipsam

1961 2326 2300 2381 voluntatem
2337 2333 2562 2394 peccato
2595 2342 2609 2379 :
2642 2341 2745 2380 nec
2775 2326 2953 2380 solum
2981 2327 3320 2381 voluntatem
3351 2327 3541 2381 virtuti

1961 2417 2222 2482 viviﬁcet,
2250 2418 2344 2472 sed
2380 2424 2438 2472 et
2465 2417 2727 2471 virtutem
2765 2418 2866 2486 ipsi
2899 2419 3196 2482 voluntati;
3235 2427 3294 2473 ut
3327 2429 3544 2474 mortua

1962 2517 2265 2569 mortuum,
2293 2515 2410 2566 tota
2444 2525 2474 2562 a
2513 2517 2628 2562 toto
2651 2508 2846 2572 divisa,
2873 2517 3155 2578 peccatum
3186 2524 3288 2563 nec
3314 2524 3543 2579 persen-

1965 2600 2092 2665 tiat,
2147 2598 2448 2667 vivensque
2501 2599 2812 2664 viventem,
2871 2607 2986 2653 tota
3046 2609 3248 2665 totam,
3308 2601 3542 2656 indivisa

1964 2690 2168 2745 unione
2224 2689 2476 2744 voluntas
2529 2690 2832 2760 persentiat
2886 2689 3175 2744 virtutem.
3228 2691 3332 2758 Qui
3390 2692 3542 2746 enim

1963 2782 2300 2836 voluntatem
2343 2789 2568 2849 peccato
2606 2779 2983 2844 mortiﬁcavit,
3019 2781 3420 2850 complantatus
3459 2781 3543 2836 fa-

1964 2883 2086 2930 ctus
2117 2882 2202 2928 est
2229 2873 2577 2928 similitudini
2608 2872 2802 2926 mortis
2831 2872 3036 2927 Christi
3060 2873 3102 2904 ¹⁶
3132 2891 3146 2926 :
3177 2888 3243 2927 ac
3273 2872 3364 2942 qui
3400 2873 3544 2928 hanc

1963 2965 2156 3020 virtuti
2225 2966 2543 3031 suscitavit,
2598 2967 3000 3036 complantatus
3067 2964 3245 3020 factus
3296 2975 3383 3023 est
3422 2968 3544 3039 ejus

1963 3057 2131 3112 etiam
2156 3056 2505 3112 similitudini
2533 3055 2976 3112 resurrectionis.

356 3218 575 3310 και-Ἦ
623 3218 883 3323 ἁμαρτία⁷
920 3251 1017 3303 καὶ
1053 3252 1087 3322 ἡ
1129 3251 1451 3320 προαίρεσις
1496 3245 1860 3319 νεκρούμεναι

2033 3248 2126 3303 24.
2151 3249 2443 3303 Peccatum
2477 3256 2642 3317 atque
2666 3248 2944 3313 voluntas,
2975 3263 3084 3319 qua
3118 3250 3353 3305 alterum
3381 3249 3541 3305 alteri

287 3347 568 3418 ἀλλήλαις,
598 3345 796 3416 διπλῆν
827 3344 1013 3415 εχουσι
1042 3343 1178 3415 πρὸς
1207 3343 1445 3413 ἀλλήλας
1469 3342 1568 3413 τὴν
1601 3339 1864 3410 ἀναισθη-

289 3439 430 3494 σίαν.
461 3439 573 3491 Καὶ
602 3438 636 3508 ἡ
665 3435 980 3507 δικαιοσύνη
1031 3435 1126 3488 καὶ
1155 3437 1187 3505 ἠ
1230 3433 1573 3504 προαίρεσις,
1604 3433 1862 3505 ἀλλήλαις

286 3530 507 3602 ἔχουσαι
533 3528 634 3599 τὴν
659 3527 826 3598 ζωὴν,
861 3526 1053 3597 διπλῆν
1082 3525 1263 3596 ἔχουσι
1293 3525 1391 3598 τὴν
1422 3525 1694 3596 αἴσθησιν.

355 3628 454 3676 κε’.
495 3621 627 3684 Θεὸς
678 3619 941 3692 ὑπάρχων
993 3618 1154 3687 φύσει
1205 3617 1302 3670 καὶ
1350 3616 1696 3688 ἄνθρωποςὸ
1725 3616 1861 3686 Χρι-

286 3712 432 3777 στὸς,
459 3711 548 3779 ὑφ’
585 3708 744 3781 ἡμῶν
776 3710 853 3773 ὡς
887 3709 1020 3772 Θεὸς
1063 3707 1207 3776 ὑπὲρ
1245 3705 1408 3775 φύσιν
1445 3707 1630 3775 χάριτι
1658 3704 1861 3774 κληροο

285 3805 552 3873 νομεῖται,
601 3801 741 3854 κατὰ
785 3799 884 3869 τὴν
933 3800 1174 3870 ἄρρητον
1211 3795 1459 3866 μέθεξιν·
1494 3795 1587 3848 καὶ
1612 3794 1681 3848 δι’
1711 3795 1861 3865 ἡμᾶς

287 3897 345 3948 ἐν
368 3894 500 3947 εῖδει
527 3892 605 3964 τῷ
626 3891 750 3945 καθ’
778 3891 926 3962 ἡμᾶς
949 3890 1024 3953 ὼς
1055 3887 1342 3959 ἄνθρωπος
1370 3887 1519 3956 ἡμᾶς
1555 3885 1862 3955 οἰκειούμε-

285 4002 396 4050 νος,
428 3984 624 4037 ἐαυτδν
653 3983 984 4052 κληρονομεῖ
1010 3980 1110 4032 σὺν
1137 3981 1270 4050 ἡμῖν
1308 3977 1449 4032 κατὰ
1481 3976 1578 4048 τὴν
1607 3977 1862 4046 ἀνεννόη-

284 4093 375 4130 τον
433 4067 876 4144 συγκατάϐασιῦο
907 4072 966 4126 ὃν
1018 4070 1096 4141 τῷ
1152 4068 1426 4139 πνεύματι
1479 4066 1756 4139 μυστικῶς
1809 4067 1860 4120 οἱ

286 4167 430 4235 ἅγιοι
461 4165 970 4236 προθεωρήσαντες,
987 4159 1343 4230 ἐδιδάχθησαν
1369 4158 1444 4221 ὼς
1465 4157 1572 4229 χρὴ
1591 4156 1691 4226 τῆς
1721 4155 1860 4210 κατὰ

283 4257 344 4310 τὸ
380 4256 572 4327 μέλλον
605 4253 990 4325 φανησομένης
1013 4250 1105 4304 διὰ
1151 4251 1250 4321 τὴν
1300 4247 1502 4321 ἀρετὴν
1533 4250 1591 4302 ἐν
1638 4246 1860 4320 Χριστῷ

285 4347 461 4418 δόξης,
497 4346 568 4400 τὰ
596 4349 676 4410 εἰς
714 4345 877 4399 αὑτὸν
938 4344 1078 4414 ὑπὲρ
1131 4343 1330 4415 ἀρετῆς
1379 4341 1522 4398 κατά
1574 4341 1638 4395 τδ
1685 4343 1858 4413 παρὸν

287 4435 758 4508 προκαθηγεῖσθαι
785 4435 1105 4506 παθήματα.

358 4618 470 4677 κς’.
521 4611 580 4665 '0
612 4612 710 4681 μὲν
745 4614 869 4671 νοῦς
920 4609 1061 4664 κατὰ
1105 4609 1275 4680 μόνην
1299 4606 1398 4678 τὴν
1433 4607 1619 4678 ἔφεσιν
1676 4605 1856 4675 ἀγνώ-

290 4717 429 4765 στως
449 4701 608 4772 ιπρὸς
635 4700 733 4772 τὴν
759 4699 868 4755 τῶν
905 4699 1077 4753 ὅντων
1118 4698 1297 4753 αἰτίαν
1325 4697 1668 4768 κινούμενος,
1705 4696 1858 4767 ζητεῖ

295 4793 454 4862 μόνον
472 4810 487 4825 ·
517 4796 547 4848 ὅ
576 4792 633 4846 δέ
678 4791 858 4862 λόγος,
887 4791 1014 4855 τοὺς
1061 4791 1119 4845 ἐν
1166 4793 1281 4854 τοῖς
1310 4784 1461 4847 οὖσιν
1490 4787 1710 4858 ἀληθεῖς
1743 4805 1860 4842 ποις

288 4884 450 4947 κίλως
473 4881 743 4952 ἐφοδεύων
781 4883 980 4954 ἐρευνᾷ
1009 4881 1222 4950 λόγους.

361 4973 464 5038 κζ’.
506 4975 743 5046 Ζήτησίς
784 4977 932 5028 ἐστιν
966 4975 999 5044 ἡ
1036 4971 1131 5025 τοῦ
1159 4969 1252 5024 νοῦ
1281 4969 1474 5041 πρώτη
1497 4987 1557 5023 τε
1591 4972 1685 5024 καὶ
1709 4969 1856 5041 ἁπλῆ

287 5066 422 5138 πρὸς
447 5066 546 5136 τὴν
577 5066 713 5119 ἰδίαν
741 5066 920 5120 αἰτίαν
953 5064 1068 5135 μετ’
1099 5063 1336 5132 ἐφέσεως
1356 5062 1571 5133 κίνησις
1589 5079 1604 5093 ο
1629 5063 1857 5134 ἐρεύνη-

289 5175 370 5222 σις
401 5158 459 5211 δέ
492 5159 660 5224 ἐστιν,
683 5161 718 5228 ἡ
750 5156 942 5229 πρώτη
986 5173 1047 5208 τε
1091 5155 1186 5208 καί
1224 5153 1370 5224 ἁπλῆ
1410 5153 1506 5206 τοῦ
1535 5153 1694 5221 λόγου
1726 5154 1858 5227 περὶ

286 5248 380 5319 τὴν
410 5249 546 5302 ἰδίαν
581 5247 761 5302 αἰτίαν
792 5248 932 5320 μετά
961 5262 1107 5309 τινος
1147 5243 1355 5307 ἐννοίας
1399 5243 1693 5315 διάκρισις.
1733 5247 1855 5298 Ἐκ-

285 5339 510 5411 ζήτησις
553 5339 609 5392 δὲ
658 5339 822 5393 πάλιν
867 5339 1036 5404 ἐστὶν,
1075 5339 1109 5409 η
1149 5334 1242 5389 τοῦ
1275 5335 1367 5388 νοῦ
1401 5337 1522 5389 κατ’
1545 5337 1856 5407 ἐπιστήμην

284 5429 559 5500 γνωστικὴ
598 5430 736 5503 πρὸς
767 5430 866 5501 τὴν
903 5430 1042 5484 ἰδίαν
1070 5427 1251 5484 αἰτίαν
1283 5427 1423 5498 μετά
1455 5444 1600 5491 τινος
1624 5427 1856 5499 ζεούσης

287 5517 527 5587 ἐφέσεως
554 5519 767 5590 κίνησις
787 5535 800 5548 ·
833 5519 1182 5589 ἐξερεύνησις
1220 5517 1277 5570 δέ
1306 5519 1474 5582 ἐστιν,
1506 5519 1539 5589 ἡ
1574 5517 1668 5572 τοῦ
1690 5517 1854 5586 λόγου

287 5611 405 5665 κατ’
434 5610 717 5678 ἐνέργειαν
763 5611 870 5665 τῶν
905 5610 1115 5684 ἀρετῶν
1170 5610 1298 5681 περὶ
1343 5610 1442 5682 τὴν
1488 5611 1626 5665 ἰδίαν
1676 5611 1856 5666 αἰτίαν

357 5769 399 5802 ¹⁶
427 5771 585 5826 Rom.
615 5786 688 5833 vi,
716 5771 769 5826 5.
847 5773 887 5803 ¹⁷
923 5772 1081 5828 Rom.
1108 5789 1222 5834 vin,
1244 5749 1332 5828 εδ.

1964 3339 2394 3402 mortificamur,
2423 3339 2698 3408 duplicem
2734 3339 2879 3394 inter
2909 3355 2969 3396 se
3003 3340 3211 3396 habent
3237 3341 3541 3397 absentiam

1963 3445 2180 3485 sensus.
2211 3429 2543 3499 Iustitiaque
2585 3438 2642 3484 et
2684 3431 2960 3498 voluntas,
2993 3431 3100 3487 alia
3140 3433 3233 3487 alii
3270 3433 3540 3502 viventes,

1961 3537 2181 3576 sensum
2212 3521 2485 3591 duplicem
2517 3522 2741 3577 habent.

2032 3612 2120 3665 25.
2163 3612 2444 3674 Christus,
2487 3613 2582 3682 qui
2624 3614 2770 3667 Deus
2813 3623 3010 3668 natura
3058 3624 3115 3669 et
3158 3617 3324 3671 homo
3365 3617 3464 3682 sit,
3502 3638 3532 3676 ιι

1961 3705 2124 3758 nobis
2159 3716 2218 3758 ut
2249 3706 2394 3759 Deus
2429 3720 2595 3774 supra
2628 3715 2913 3771 naturam,
2945 3723 3144 3762 arcana
3179 3725 3278 3779 per
3310 3711 3539 3781 gratiam

1961 3795 2381 3865 participatione
2410 3810 2504 3849 seu
2546 3799 2904 3875 commercio,
2932 3798 3251 3855 haereditate
3287 3803 3539 3870 posside-

1963 3895 2082 3952 tur;
2112 3886 2396 3955 nostrique
2420 3901 2583 3942 causa
2610 3888 2665 3941 in
2691 3887 2869 3942 forma
2895 3888 3056 3943 nobis
3076 3889 3242 3944 simili
3267 3900 3327 3944 ut
3351 3893 3534 3953 homo.

1970 3992 2072 4030 nos
2129 3976 2234 4030 sibi
2289 3977 2578 4032 vindicans
2629 3992 2692 4031 ac
2747 3978 2900 4047 quasi
2953 3994 3248 4049 arrogans,
3297 3981 3539 4052 seipsum

1959 4067 2246 4122 nobiscum
2295 4083 2396 4137 per
2442 4069 2884 4134 inclinationem,
2918 4084 3138 4126 omnem
3183 4073 3383 4128 mentis
3423 4075 3535 4129 vim

1960 4172 2346 4232 superantem,
2395 4160 2716 4216 htereditate
2776 4161 3020 4230 possidet
3073 4179 3086 4216 :
3133 4155 3301 4232 quem
3360 4167 3537 4222 sant-ti

1959 4251 2183 4323 mystice
2209 4251 2266 4304 in
2298 4249 2492 4320 spiritu
2517 4248 2901 4318 praeﬁdentes,
2926 4265 3106 4319 opera:
3134 4252 3373 4320 pretium
3396 4253 3540 4308 didi-

1958 4355 2116 4402 cere,
2152 4350 2215 4395 ut
2247 4339 2660 4394 manifestanda:
2693 4339 2748 4393 in
2781 4340 3029 4394 futurum
3057 4341 3277 4396 virtutis
3310 4345 3537 4412 praemio

1959 4433 2014 4487 in
2044 4432 2262 4489 Christo
2291 4432 2498 4503 gloriae,
2521 4430 2745 4486 virtutis
2774 4447 2934 4486 causa
2961 4431 3015 4486 in
3043 4433 3302 4502 prasenti
3332 4437 3539 4506 passio—

1889 4545 1932 4600 ι)
1961 4543 2060 4582 nes
2089 4535 2255 4596 atque
2281 4541 2540 4580 aerumnae
2568 4526 2621 4579 in
2647 4526 2766 4596 ipso
2789 4527 3051 4595 praeirent
3074 4528 3138 4581 ¹⁷.

2030 4615 2120 4670 26.
2149 4615 2298 4670 Mens
2329 4629 2480 4678 sane,
2506 4630 2626 4684 qua:
2659 4615 2774 4669 solo
2805 4613 3076 4670 desiderio
3111 4617 3292 4687 ignota
3325 4619 3536 4676 ratione

1965 4706 2020 4760 in
2055 4720 2238 4759 rerum
2269 4705 2564 4759 Auctorem
2597 4714 2912 4771 moveatur,
2944 4706 3120 4761 solum
3153 4709 3379 4778 quaerit;
3416 4728 3538 4780 quze

1965 4803 2147 4850 autem
2171 4810 2331 4850 veras
2361 4795 2418 4850 in
2447 4797 2612 4852 rebus
2637 4797 2878 4852 rationes
2901 4800 3052 4854 varie
3082 4801 3351 4870 conjectet
3375 4803 3534 4869 ratio,

1965 4899 2030 4940 ac
2055 4885 2394 4954 argumentis
2417 4887 2750 4951 eonnitatur,
2775 4887 2892 4941 haac
2911 4902 3042 4942 vero
3074 4897 3368 4943 scrutatur.

2033 4978 2198 5049 590
2239 4977 2330 5031 27.
2359 4975 2475 5031 Hoc
2515 4976 2662 5046 quod
2703 4986 2788 5031 est
2831 4994 3096 5046 quaerere,
3127 4979 3302 5048 prima
3345 4988 3429 5033 est
3472 4995 3537 5036 ac

1961 5070 2192 5140 simplex
2221 5068 2420 5122 mentis
2449 5069 2502 5122 in
2532 5069 2810 5137 proprium
2835 5069 3130 5123 Auctorem
3161 5085 3285 5124 cum
3318 5071 3535 5142 cupidi-

1963 5171 2071 5216 tate
2119 5160 2368 5215 incitatio
2418 5177 2430 5212 :
2479 5158 2715 5213 scrutari
2758 5174 2925 5223 vero,
2973 5159 3150 5229 prima
3195 5175 3260 5215 ac
3306 5161 3535 5230 simplex

1961 5251 2193 5308 rationis
2245 5251 2390 5306 circa
2448 5249 2736 5319 proprium
2778 5248 3073 5303 Auctorem
3123 5263 3250 5304 cum
3301 5250 3532 5319 quadam

1963 5342 2268 5398 intentione
2292 5339 2484 5410 judicii
2515 5338 2794 5394 discretio.
2821 5338 2900 5392 Ac
2929 5354 3122 5394 rursus
3149 5339 3254 5394 hoc
3277 5327 3422 5408 quod
3451 5349 3534 5395 est

1961 5429 2270 5499 exquirere,
2294 5427 2492 5482 mentis
2525 5435 2610 5482 est
2631 5427 2933 5482 secundum
2966 5428 3250 5483 scientiam
3276 5427 3534 5498 spiritalis

1961 5521 2288 5591 sapiensque
2342 5519 2396 5571 'n
2449 5517 2730 5587 proprium
2773 5516 3067 5573 Auctorem
3122 5535 3247 5573 cum
3299 5533 3533 5574 accenso

1962 5612 2200 5684 quodam
2245 5610 2520 5666 desiderio
2563 5607 2843 5676 incitatio;
2883 5611 3183 5666 exscrutari
3222 5619 3405 5666 autem
3449 5611 3534 5682 (ut
