  <div class='ocr_page' id='page_1' title='image "/cluster/home/n/w/nwhite01/storage/ocr_20150623/90/mdp.39015022223161/663.png"; bbox 0 0 4110 6318; ppageno 0'>
   <div class='ocr_carea' id='block_1_1' title="bbox 603 385 747 453">
    <p class='ocr_par' dir='ltr' id='par_1_1' title="bbox 603 385 747 453">
     <span class='ocr_line' id='line_1_1' title="bbox 603 385 747 453; baseline 0.007 -1"><span class='ocrx_word' id='word_1_1' title='bbox 603 385 747 453; x_wconf 66' lang='grc' dir='ltr'>ιιιδ</span> 
     </span>
    </p>
   </div>
   <div class='ocr_carea' id='block_1_2' title="bbox 1766 387 2696 458">
    <p class='ocr_par' dir='ltr' id='par_1_2' title="bbox 1766 387 2696 458">
     <span class='ocr_line' id='line_1_2' title="bbox 1766 387 2696 458; baseline 0.001 -4"><span class='ocrx_word' id='word_1_2' title='bbox 1766 393 1826 455; x_wconf 88' lang='lat' dir='ltr'><strong>S.</strong></span> <span class='ocrx_word' id='word_1_3' title='bbox 1867 394 2151 456; x_wconf 80' lang='lat' dir='ltr'><strong>MAXIMI</strong></span> <span class='ocrx_word' id='word_1_4' title='bbox 2189 387 2696 458; x_wconf 81' lang='lat' dir='ltr'><strong>CONFESSORIS</strong></span> 
     </span>
    </p>
   </div>
   <div class='ocr_carea' id='block_1_3' title="bbox 3719 400 3902 466">
    <p class='ocr_par' dir='ltr' id='par_1_3' title="bbox 3719 400 3902 466">
     <span class='ocr_line' id='line_1_3' title="bbox 3719 400 3902 466; baseline 0 -1"><span class='ocrx_word' id='word_1_5' title='bbox 3719 400 3902 466; x_wconf 74' lang='grc'>1⁷316</span> 
     </span>
    </p>
   </div>
   <div class='ocr_carea' id='block_1_4' title="bbox 602 499 2169 591">
    <p class='ocr_par' dir='ltr' id='par_1_4' title="bbox 602 499 2169 576">
     <span class='ocr_line' id='line_1_4' title="bbox 602 499 2169 576; baseline 0.003 -17"><span class='ocrx_word' id='word_1_6' title='bbox 602 503 680 559; x_wconf 79' lang='lat' dir='ltr'><strong>sic</strong></span> <span class='ocrx_word' id='word_1_7' title='bbox 717 499 938 571; x_wconf 87' lang='lat' dir='ltr'><strong>loquar)</strong></span> <span class='ocrx_word' id='word_1_8' title='bbox 975 500 1208 558; x_wconf 74' lang='lat' dir='ltr'><strong>rationis</strong></span> <span class='ocrx_word' id='word_1_9' title='bbox 1245 502 1549 559; x_wconf 81' lang='lat' dir='ltr'><strong>secundum</strong></span> <span class='ocrx_word' id='word_1_10' title='bbox 1585 507 1960 576; x_wconf 78' lang='lat' dir='ltr'><strong>operationem</strong></span> <span class='ocrx_word' id='word_1_11' title='bbox 1997 509 2169 564; x_wconf 81' lang='lat' dir='ltr'><strong>virtu-</strong></span> 
     </span>
    </p>
   </div>
   <div class='ocr_carea' id='block_1_5' title="bbox 2271 499 3892 591">
    <p class='ocr_par' dir='ltr' id='par_1_5' title="bbox 2283 512 3892 591">
     <span class='ocr_line' id='line_1_5' title="bbox 2283 512 3892 591; baseline 0.006 -28"><span class='ocrx_word' id='word_1_12' title='bbox 2283 512 2419 581; x_wconf 84' lang='grc' dir='ltr'>μετά</span> <span class='ocrx_word' id='word_1_13' title='bbox 2457 529 2600 578; x_wconf 88' lang='grc' dir='ltr'>τινος</span> <span class='ocrx_word' id='word_1_14' title='bbox 2652 512 2922 584; x_wconf 78' lang='grc' dir='ltr'><strong>ἔμφρονος</strong></span> <span class='ocrx_word' id='word_1_15' title='bbox 2973 513 3068 569; x_wconf 76' lang='grc' dir='ltr'>καὶ</span> <span class='ocrx_word' id='word_1_16' title='bbox 3113 516 3282 588; x_wconf 72' lang='grc' dir='ltr'>σοφῆς</span> <span class='ocrx_word' id='word_1_17' title='bbox 3331 513 3543 582; x_wconf 73' lang='grc' dir='ltr'>ἐννοίας</span> <span class='ocrx_word' id='word_1_18' title='bbox 3591 520 3892 591; x_wconf 72' lang='grc' dir='ltr'>γινομένη</span> 
     </span>
    </p>
   </div>
   <div class='ocr_carea' id='block_1_6' title="bbox 603 592 2180 671">
    <p class='ocr_par' dir='ltr' id='par_1_6' title="bbox 603 592 2180 671">
     <span class='ocr_line' id='line_1_6' title="bbox 603 592 2180 671; baseline 0.005 -24"><span class='ocrx_word' id='word_1_19' title='bbox 603 603 717 647; x_wconf 85' lang='lat' dir='ltr'><strong>tum</strong></span> <span class='ocrx_word' id='word_1_20' title='bbox 751 593 896 648; x_wconf 89' lang='lat' dir='ltr'><strong>circa</strong></span> <span class='ocrx_word' id='word_1_21' title='bbox 931 592 1217 663; x_wconf 88' lang='lat' dir='ltr'><strong>proprium</strong></span> <span class='ocrx_word' id='word_1_22' title='bbox 1249 593 1564 661; x_wconf 77' lang='lat' dir='ltr'><strong>Auctorem,</strong></span> <span class='ocrx_word' id='word_1_23' title='bbox 1593 611 1718 651; x_wconf 91' lang='lat' dir='ltr'><strong>cum</strong></span> <span class='ocrx_word' id='word_1_24' title='bbox 1752 599 2012 669; x_wconf 79' lang='lat' dir='ltr'><strong>prudenti</strong></span> <span class='ocrx_word' id='word_1_25' title='bbox 2045 615 2180 671; x_wconf 84' lang='lat' dir='ltr'><strong>qua-</strong></span> 
     </span>
    </p>
   </div>
   <div class='ocr_carea' id='block_1_7' title="bbox 601 683 1699 752">
    <p class='ocr_par' dir='ltr' id='par_1_7' title="bbox 601 683 1699 752">
     <span class='ocr_line' id='line_1_7' title="bbox 601 683 1699 752; baseline 0.008 -17"><span class='ocrx_word' id='word_1_26' title='bbox 601 683 722 736; x_wconf 90' lang='lat' dir='ltr'><strong>dam</strong></span> <span class='ocrx_word' id='word_1_27' title='bbox 752 692 806 737; x_wconf 91' lang='lat' dir='ltr'><strong>et</strong></span> <span class='ocrx_word' id='word_1_28' title='bbox 832 683 1062 752; x_wconf 88' lang='lat' dir='ltr'><strong>sapienti</strong></span> <span class='ocrx_word' id='word_1_29' title='bbox 1090 684 1395 741; x_wconf 85' lang='lat' dir='ltr'><strong>intentione</strong></span> <span class='ocrx_word' id='word_1_30' title='bbox 1418 687 1699 744; x_wconf 88' lang='lat' dir='ltr'><strong>discretio.</strong></span> 
     </span>
    </p>
   </div>
   <div class='ocr_carea' id='block_1_8' title="bbox 669 772 2180 847">
    <p class='ocr_par' dir='ltr' id='par_1_8' title="bbox 669 772 2180 847">
     <span class='ocr_line' id='line_1_8' title="bbox 669 772 2180 847; baseline 0.009 -22"><span class='ocrx_word' id='word_1_31' title='bbox 669 772 756 826; x_wconf 68' lang='lat'><strong>28.</strong></span> <span class='ocrx_word' id='word_1_32' title='bbox 784 773 968 828; x_wconf 83' lang='lat' dir='ltr'><strong>Sancti</strong></span> <span class='ocrx_word' id='word_1_33' title='bbox 993 791 1058 830; x_wconf 91' lang='lat' dir='ltr'><strong>ac</strong></span> <span class='ocrx_word' id='word_1_34' title='bbox 1086 775 1258 830; x_wconf 80' lang='lat' dir='ltr'><strong>divini</strong></span> <span class='ocrx_word' id='word_1_35' title='bbox 1287 778 1589 847; x_wconf 80' lang='lat' dir='ltr'><strong>pr0phetae,</strong></span> <span class='ocrx_word' id='word_1_36' title='bbox 1622 780 1689 835; x_wconf 91' lang='lat' dir='ltr'><strong>de</strong></span> <span class='ocrx_word' id='word_1_37' title='bbox 1743 782 1918 838; x_wconf 89' lang='lat' dir='ltr'><strong>salute</strong></span> <span class='ocrx_word' id='word_1_38' title='bbox 1971 785 2180 838; x_wconf 83' lang='lat' dir='ltr'><strong>anima-</strong></span> 
     </span>
    </p>
   </div>
   <div class='ocr_carea' id='block_1_9' title="bbox 600 866 2178 945">
    <p class='ocr_par' dir='ltr' id='par_1_9' title="bbox 600 866 2178 945">
     <span class='ocr_line' id='line_1_9' title="bbox 600 866 2178 945; baseline 0.008 -28"><span class='ocrx_word' id='word_1_39' title='bbox 600 879 723 918; x_wconf 90' lang='lat' dir='ltr'><strong>rum</strong></span> <span class='ocrx_word' id='word_1_40' title='bbox 754 866 1104 935; x_wconf 81' lang='lat' dir='ltr'><strong>exquirentes</strong></span> <span class='ocrx_word' id='word_1_41' title='bbox 1138 884 1201 922; x_wconf 90' lang='lat' dir='ltr'><strong>ac</strong></span> <span class='ocrx_word' id='word_1_42' title='bbox 1231 878 1658 938; x_wconf 81' lang='lat' dir='ltr'><strong>perscrutantes,</strong></span> <span class='ocrx_word' id='word_1_43' title='bbox 1693 889 1982 929; x_wconf 85' lang='lat' dir='ltr'><strong>accensum</strong></span> <span class='ocrx_word' id='word_1_44' title='bbox 2016 884 2178 945; x_wconf 89' lang='lat' dir='ltr'><strong>atque</strong></span> 
     </span>
    </p>
   </div>
   <div class='ocr_carea' id='block_1_10' title="bbox 599 955 2177 1032">
    <p class='ocr_par' dir='ltr' id='par_1_10' title="bbox 599 955 2177 1032">
     <span class='ocr_line' id='line_1_10' title="bbox 599 955 2177 1032; baseline 0.008 -24"><span class='ocrx_word' id='word_1_45' title='bbox 599 955 900 1011; x_wconf 81' lang='lat' dir='ltr'><strong>ferventem</strong></span> <span class='ocrx_word' id='word_1_46' title='bbox 965 974 1095 1013; x_wconf 86' lang='lat' dir='ltr'><strong>cum</strong></span> <span class='ocrx_word' id='word_1_47' title='bbox 1156 960 1379 1015; x_wconf 83' lang='lat' dir='ltr'><strong>solertia</strong></span> <span class='ocrx_word' id='word_1_48' title='bbox 1440 963 1810 1032; x_wconf 77' lang='lat' dir='ltr'><strong>scientiaque,</strong></span> <span class='ocrx_word' id='word_1_49' title='bbox 1864 967 2063 1020; x_wconf 89' lang='lat' dir='ltr'><strong>mentis</strong></span> <span class='ocrx_word' id='word_1_50' title='bbox 2121 966 2177 1020; x_wconf 90' lang='lat' dir='ltr'><strong>in</strong></span> 
     </span>
    </p>
   </div>
   <div class='ocr_carea' id='block_1_11' title="bbox 600 1047 2178 1126">
    <p class='ocr_par' dir='ltr' id='par_1_11' title="bbox 600 1047 2178 1126">
     <span class='ocr_line' id='line_1_11' title="bbox 600 1047 2178 1126; baseline 0.008 -26"><span class='ocrx_word' id='word_1_51' title='bbox 600 1047 772 1100; x_wconf 89' lang='lat' dir='ltr'><strong>Deum</strong></span> <span class='ocrx_word' id='word_1_52' title='bbox 797 1048 1072 1104; x_wconf 89' lang='lat' dir='ltr'><strong>desiderio</strong></span> <span class='ocrx_word' id='word_1_53' title='bbox 1098 1065 1358 1116; x_wconf 79' lang='lat' dir='ltr'><strong>accensae,</strong></span> <span class='ocrx_word' id='word_1_54' title='bbox 1385 1061 1591 1107; x_wconf 90' lang='lat' dir='ltr'><strong>motum</strong></span> <span class='ocrx_word' id='word_1_55' title='bbox 1621 1055 1912 1121; x_wconf 79' lang='lat' dir='ltr'><strong>habebant,</strong></span> <span class='ocrx_word' id='word_1_56' title='bbox 1938 1057 2178 1126; x_wconf 89' lang='lat' dir='ltr'><strong>pruden-</strong></span> 
     </span>
    </p>
   </div>
   <div class='ocr_carea' id='block_1_12' title="bbox 601 1136 2173 1216">
    <p class='ocr_par' dir='ltr' id='par_1_12' title="bbox 601 1136 2173 1216">
     <span class='ocr_line' id='line_1_12' title="bbox 601 1136 2173 1216; baseline 0.006 -27"><span class='ocrx_word' id='word_1_57' title='bbox 601 1136 752 1206; x_wconf 87' lang='lat' dir='ltr'><strong>tique</strong></span> <span class='ocrx_word' id='word_1_58' title='bbox 781 1154 845 1193; x_wconf 89' lang='lat' dir='ltr'><strong>ac</strong></span> <span class='ocrx_word' id='word_1_59' title='bbox 873 1139 1105 1208; x_wconf 86' lang='lat' dir='ltr'><strong>sapienti</strong></span> <span class='ocrx_word' id='word_1_60' title='bbox 1129 1142 1450 1197; x_wconf 81' lang='lat' dir='ltr'><strong>exercendis</strong></span> <span class='ocrx_word' id='word_1_61' title='bbox 1474 1143 1676 1199; x_wconf 88' lang='lat' dir='ltr'><strong>divinis</strong></span> <span class='ocrx_word' id='word_1_62' title='bbox 1703 1160 2002 1216; x_wconf 90' lang='lat' dir='ltr'><strong>eorumque</strong></span> <span class='ocrx_word' id='word_1_63' title='bbox 2028 1155 2173 1211; x_wconf 90' lang='lat' dir='ltr'><strong>actu,</strong></span> 
     </span>
    </p>
   </div>
   <div class='ocr_carea' id='block_1_13' title="bbox 599 1225 2175 1302">
    <p class='ocr_par' dir='ltr' id='par_1_13' title="bbox 599 1225 2175 1302">
     <span class='ocr_line' id='line_1_13' title="bbox 599 1225 2175 1302; baseline 0.006 -23"><span class='ocrx_word' id='word_1_64' title='bbox 599 1225 932 1281; x_wconf 86' lang='lat' dir='ltr'><strong>discretione</strong></span> <span class='ocrx_word' id='word_1_65' title='bbox 976 1229 1256 1298; x_wconf 88' lang='lat' dir='ltr'><strong>pollebant</strong></span> <span class='ocrx_word' id='word_1_66' title='bbox 1298 1247 1312 1282; x_wconf 89' lang='lat'><strong>:</strong></span> <span class='ocrx_word' id='word_1_67' title='bbox 1353 1247 1492 1300; x_wconf 91' lang='lat' dir='ltr'><strong>quos</strong></span> <span class='ocrx_word' id='word_1_68' title='bbox 1529 1234 1623 1302; x_wconf 88' lang='lat' dir='ltr'><strong>qui</strong></span> <span class='ocrx_word' id='word_1_69' title='bbox 1667 1235 2012 1299; x_wconf 73' lang='lat' dir='ltr'><strong>mmulantur,</strong></span> <span class='ocrx_word' id='word_1_70' title='bbox 2050 1251 2175 1289; x_wconf 91' lang='lat' dir='ltr'><strong>cum</strong></span> 
     </span>
    </p>
   </div>
   <div class='ocr_carea' id='block_1_14' title="bbox 598 1319 2173 1395">
    <p class='ocr_par' dir='ltr' id='par_1_14' title="bbox 598 1319 2173 1395">
     <span class='ocr_line' id='line_1_14' title="bbox 598 1319 2173 1395; baseline 0.004 -22"><span class='ocrx_word' id='word_1_71' title='bbox 598 1319 820 1373; x_wconf 88' lang='lat' dir='ltr'><strong>solertia</strong></span> <span class='ocrx_word' id='word_1_72' title='bbox 857 1335 922 1374; x_wconf 88' lang='lat' dir='ltr'><strong>ac</strong></span> <span class='ocrx_word' id='word_1_73' title='bbox 961 1320 1212 1379; x_wconf 87' lang='lat' dir='ltr'><strong>scientia.</strong></span> <span class='ocrx_word' id='word_1_74' title='bbox 1245 1322 1550 1376; x_wconf 91' lang='lat' dir='ltr'><strong>animarum</strong></span> <span class='ocrx_word' id='word_1_75' title='bbox 1592 1325 1822 1379; x_wconf 87' lang='lat' dir='ltr'><strong>salutem</strong></span> <span class='ocrx_word' id='word_1_76' title='bbox 1856 1327 2173 1395; x_wconf 80' lang='lat' dir='ltr'><strong>exquirunt,</strong></span> 
     </span>
    </p>
   </div>
   <div class='ocr_carea' id='block_1_15' title="bbox 597 1411 2174 1484">
    <p class='ocr_par' dir='ltr' id='par_1_15' title="bbox 597 1411 2174 1484">
     <span class='ocr_line' id='line_1_15' title="bbox 597 1411 2174 1484; baseline 0.006 -22"><span class='ocrx_word' id='word_1_77' title='bbox 597 1423 662 1463; x_wconf 88' lang='lat' dir='ltr'><strong>ac</strong></span> <span class='ocrx_word' id='word_1_78' title='bbox 703 1423 827 1463; x_wconf 85' lang='lat' dir='ltr'><strong>cum</strong></span> <span class='ocrx_word' id='word_1_79' title='bbox 873 1411 1165 1479; x_wconf 87' lang='lat' dir='ltr'><strong>prudentia</strong></span> <span class='ocrx_word' id='word_1_80' title='bbox 1207 1411 1584 1482; x_wconf 86' lang='lat' dir='ltr'><strong>sapientiaque</strong></span> <span class='ocrx_word' id='word_1_81' title='bbox 1621 1425 2052 1484; x_wconf 79' lang='lat' dir='ltr'><strong>perscrutantes,</strong></span> <span class='ocrx_word' id='word_1_82' title='bbox 2089 1417 2174 1471; x_wconf 90' lang='lat' dir='ltr'><strong>di-</strong></span> 
     </span>
    </p>
   </div>
   <div class='ocr_carea' id='block_1_16' title="bbox 597 1499 2012 1573">
    <p class='ocr_par' dir='ltr' id='par_1_16' title="bbox 597 1499 2012 1573">
     <span class='ocr_line' id='line_1_16' title="bbox 597 1499 2012 1573; baseline 0.004 -20"><span class='ocrx_word' id='word_1_83' title='bbox 597 1499 888 1554; x_wconf 87' lang='lat' dir='ltr'><strong>scretionis</strong></span> <span class='ocrx_word' id='word_1_84' title='bbox 911 1500 1179 1570; x_wconf 86' lang='lat' dir='ltr'><strong>judicium</strong></span> <span class='ocrx_word' id='word_1_85' title='bbox 1206 1501 1259 1553; x_wconf 91' lang='lat' dir='ltr'><strong>in</strong></span> <span class='ocrx_word' id='word_1_86' title='bbox 1288 1501 1492 1556; x_wconf 83' lang='lat' dir='ltr'><strong>divinis</strong></span> <span class='ocrx_word' id='word_1_87' title='bbox 1514 1504 1777 1573; x_wconf 87' lang='lat' dir='ltr'><strong>operibus</strong></span> <span class='ocrx_word' id='word_1_88' title='bbox 1805 1507 2012 1560; x_wconf 89' lang='lat' dir='ltr'><strong>colunt.</strong></span> 
     </span>
    </p>
   </div>
   <div class='ocr_carea' id='block_1_17' title="bbox 665 1689 2173 1764">
    <p class='ocr_par' dir='ltr' id='par_1_17' title="bbox 665 1689 2173 1764">
     <span class='ocr_line' id='line_1_17' title="bbox 665 1689 2173 1764; baseline 0.003 -18"><span class='ocrx_word' id='word_1_89' title='bbox 665 1689 756 1746; x_wconf 75' lang='lat'><strong>29.</strong></span> <span class='ocrx_word' id='word_1_90' title='bbox 795 1692 1077 1762; x_wconf 90' lang='lat' dir='ltr'><strong>Duplicem</strong></span> <span class='ocrx_word' id='word_1_91' title='bbox 1121 1691 1432 1748; x_wconf 88' lang='lat' dir='ltr'><strong>divinorum</strong></span> <span class='ocrx_word' id='word_1_92' title='bbox 1477 1693 1760 1764; x_wconf 87' lang='lat' dir='ltr'><strong>Scriptura</strong></span> <span class='ocrx_word' id='word_1_93' title='bbox 1802 1696 1956 1750; x_wconf 89' lang='lat' dir='ltr'><strong>novit</strong></span> <span class='ocrx_word' id='word_1_94' title='bbox 1993 1696 2173 1751; x_wconf 89' lang='lat' dir='ltr'><strong>scien-</strong></span> 
     </span>
    </p>
   </div>
   <div class='ocr_carea' id='block_1_18' title="bbox 598 1783 2170 1852">
    <p class='ocr_par' dir='ltr' id='par_1_18' title="bbox 598 1783 2170 1852">
     <span class='ocr_line' id='line_1_18' title="bbox 598 1783 2170 1852; baseline 0.003 -15"><span class='ocrx_word' id='word_1_95' title='bbox 598 1783 764 1849; x_wconf 90' lang='lat' dir='ltr'><strong>tiam,</strong></span> <span class='ocrx_word' id='word_1_96' title='bbox 806 1799 971 1837; x_wconf 89' lang='lat' dir='ltr'><strong>unam</strong></span> <span class='ocrx_word' id='word_1_97' title='bbox 1020 1783 1342 1838; x_wconf 86' lang='lat' dir='ltr'><strong>habitudine</strong></span> <span class='ocrx_word' id='word_1_98' title='bbox 1386 1800 1450 1839; x_wconf 93' lang='lat' dir='ltr'><strong>ac</strong></span> <span class='ocrx_word' id='word_1_99' title='bbox 1493 1787 1756 1840; x_wconf 86' lang='lat' dir='ltr'><strong>relatione</strong></span> <span class='ocrx_word' id='word_1_100' title='bbox 1797 1797 2170 1852; x_wconf 87' lang='lat' dir='ltr'><strong>constantem,</strong></span> 
     </span>
    </p>
   </div>
   <div class='ocr_carea' id='block_1_19' title="bbox 597 1875 2176 1949">
    <p class='ocr_par' dir='ltr' id='par_1_19' title="bbox 597 1875 2176 1949">
     <span class='ocr_line' id='line_1_19' title="bbox 597 1875 2176 1949; baseline 0 -15"><span class='ocrx_word' id='word_1_101' title='bbox 597 1891 694 1934; x_wconf 84' lang='lat' dir='ltr'><strong>seu</strong></span> <span class='ocrx_word' id='word_1_102' title='bbox 723 1875 1161 1940; x_wconf 89' lang='lat' dir='ltr'><strong>intentionalem,</strong></span> <span class='ocrx_word' id='word_1_103' title='bbox 1189 1889 1311 1946; x_wconf 71' lang='lat' dir='ltr'><strong>quae</strong></span> <span class='ocrx_word' id='word_1_104' title='bbox 1337 1877 1392 1931; x_wconf 90' lang='lat' dir='ltr'><strong>in</strong></span> <span class='ocrx_word' id='word_1_105' title='bbox 1421 1878 1534 1932; x_wconf 91' lang='lat' dir='ltr'><strong>sola</strong></span> <span class='ocrx_word' id='word_1_106' title='bbox 1563 1877 1773 1932; x_wconf 89' lang='lat' dir='ltr'><strong>ratione</strong></span> <span class='ocrx_word' id='word_1_107' title='bbox 1801 1880 2086 1949; x_wconf 90' lang='lat' dir='ltr'><strong>sensisque</strong></span> <span class='ocrx_word' id='word_1_108' title='bbox 2111 1896 2176 1935; x_wconf 92' lang='lat' dir='ltr'><strong>ac</strong></span> 
     </span>
    </p>
   </div>
   <div class='ocr_carea' id='block_1_20' title="bbox 587 1968 2174 2040">
    <p class='ocr_par' dir='ltr' id='par_1_20' title="bbox 587 1968 2174 2040">
     <span class='ocr_line' id='line_1_20' title="bbox 587 1968 2174 2040; baseline -0.001 -14"><span class='ocrx_word' id='word_1_109' title='bbox 587 1969 923 2040; x_wconf 57' lang='lat' dir='ltr'><strong>&#39;cogitatibus</strong></span> <span class='ocrx_word' id='word_1_110' title='bbox 960 1969 1136 2038; x_wconf 89' lang='lat' dir='ltr'><strong>posita</strong></span> <span class='ocrx_word' id='word_1_111' title='bbox 1176 1968 1268 2033; x_wconf 86' lang='lat' dir='ltr'><strong>sit,</strong></span> <span class='ocrx_word' id='word_1_112' title='bbox 1298 1983 1400 2024; x_wconf 91' lang='lat' dir='ltr'><strong>nec</strong></span> <span class='ocrx_word' id='word_1_113' title='bbox 1435 1969 1608 2024; x_wconf 89' lang='lat' dir='ltr'><strong>ullum</strong></span> <span class='ocrx_word' id='word_1_114' title='bbox 1647 1970 1826 2039; x_wconf 89' lang='lat' dir='ltr'><strong>reipsa</strong></span> <span class='ocrx_word' id='word_1_115' title='bbox 1868 1985 1964 2040; x_wconf 88' lang='lat' dir='ltr'><strong>per</strong></span> <span class='ocrx_word' id='word_1_116' title='bbox 2007 1986 2174 2040; x_wconf 85' lang='lat' dir='ltr'><strong>expe-</strong></span> 
     </span>
    </p>
   </div>
   <div class='ocr_carea' id='block_1_21' title="bbox 596 2056 2173 2130">
    <p class='ocr_par' dir='ltr' id='par_1_21' title="bbox 596 2056 2173 2130">
     <span class='ocr_line' id='line_1_21' title="bbox 596 2056 2173 2130; baseline 0.003 -20"><span class='ocrx_word' id='word_1_117' title='bbox 596 2056 848 2111; x_wconf 88' lang='lat' dir='ltr'><strong>rientiam</strong></span> <span class='ocrx_word' id='word_1_118' title='bbox 872 2057 1074 2126; x_wconf 82' lang='lat' dir='ltr'><strong>cogniti</strong></span> <span class='ocrx_word' id='word_1_119' title='bbox 1103 2072 1322 2111; x_wconf 84' lang='lat' dir='ltr'><strong>sensum</strong></span> <span class='ocrx_word' id='word_1_120' title='bbox 1348 2058 1576 2124; x_wconf 87' lang='lat' dir='ltr'><strong>habeat;</strong></span> <span class='ocrx_word' id='word_1_121' title='bbox 1603 2073 1702 2128; x_wconf 90' lang='lat' dir='ltr'><strong>per</strong></span> <span class='ocrx_word' id='word_1_122' title='bbox 1723 2074 1885 2128; x_wconf 85' lang='lat' dir='ltr'><strong>quam</strong></span> <span class='ocrx_word' id='word_1_123' title='bbox 1911 2060 2173 2130; x_wconf 67' lang='lat' dir='ltr'><strong>praesenti</strong></span> 
     </span>
    </p>
   </div>
   <div class='ocr_carea' id='block_1_22' title="bbox 593 2145 2175 2217">
    <p class='ocr_par' dir='ltr' id='par_1_22' title="bbox 593 2145 2175 2217">
     <span class='ocr_line' id='line_1_22' title="bbox 593 2145 2175 2217; baseline 0.003 -19"><span class='ocrx_word' id='word_1_124' title='bbox 593 2146 708 2198; x_wconf 88' lang='lat' dir='ltr'><strong>vita</strong></span> <span class='ocrx_word' id='word_1_125' title='bbox 741 2145 1086 2214; x_wconf 91' lang='lat' dir='ltr'><strong>disponimur</strong></span> <span class='ocrx_word' id='word_1_126' title='bbox 1117 2161 1180 2200; x_wconf 89' lang='lat' dir='ltr'><strong>ac</strong></span> <span class='ocrx_word' id='word_1_127' title='bbox 1211 2145 1614 2215; x_wconf 81' lang='lat' dir='ltr'><strong>gnbemamur;</strong></span> <span class='ocrx_word' id='word_1_128' title='bbox 1650 2147 1876 2201; x_wconf 86' lang='lat' dir='ltr'><strong>alteram</strong></span> <span class='ocrx_word' id='word_1_129' title='bbox 1911 2148 2086 2217; x_wconf 85' lang='lat' dir='ltr'><strong>reipsa</strong></span> <span class='ocrx_word' id='word_1_130' title='bbox 2120 2156 2175 2203; x_wconf 89' lang='lat' dir='ltr'><strong>et</strong></span> 
     </span>
    </p>
   </div>
   <div class='ocr_carea' id='block_1_23' title="bbox 595 2237 2173 2309">
    <p class='ocr_par' dir='ltr' id='par_1_23' title="bbox 595 2237 2173 2309">
     <span class='ocr_line' id='line_1_23' title="bbox 595 2237 2173 2309; baseline 0.003 -19"><span class='ocrx_word' id='word_1_131' title='bbox 595 2237 818 2306; x_wconf 87' lang='lat' dir='ltr'><strong>proprie</strong></span> <span class='ocrx_word' id='word_1_132' title='bbox 851 2253 1058 2301; x_wconf 89' lang='lat' dir='ltr'><strong>veram,</strong></span> <span class='ocrx_word' id='word_1_133' title='bbox 1089 2237 1144 2290; x_wconf 92' lang='lat' dir='ltr'><strong>in</strong></span> <span class='ocrx_word' id='word_1_134' title='bbox 1180 2238 1294 2291; x_wconf 91' lang='lat' dir='ltr'><strong>sola</strong></span> <span class='ocrx_word' id='word_1_135' title='bbox 1332 2238 1386 2291; x_wconf 92' lang='lat' dir='ltr'><strong>in</strong></span> <span class='ocrx_word' id='word_1_136' title='bbox 1420 2245 1543 2292; x_wconf 91' lang='lat' dir='ltr'><strong>actu</strong></span> <span class='ocrx_word' id='word_1_137' title='bbox 1578 2239 1936 2307; x_wconf 78' lang='lat' dir='ltr'><strong>experientia,</strong></span> <span class='ocrx_word' id='word_1_138' title='bbox 1967 2240 2173 2309; x_wconf 83' lang='lat' dir='ltr'><strong>absque</strong></span> 
     </span>
    </p>
   </div>
   <div class='ocr_carea' id='block_1_24' title="bbox 596 2329 2172 2400">
    <p class='ocr_par' dir='ltr' id='par_1_24' title="bbox 596 2329 2172 2400">
     <span class='ocr_line' id='line_1_24' title="bbox 596 2329 2172 2400; baseline 0 -15"><span class='ocrx_word' id='word_1_139' title='bbox 596 2331 813 2385; x_wconf 90' lang='lat' dir='ltr'><strong>ratione</strong></span> <span class='ocrx_word' id='word_1_140' title='bbox 873 2329 1150 2397; x_wconf 89' lang='lat' dir='ltr'><strong>animique</strong></span> <span class='ocrx_word' id='word_1_141' title='bbox 1208 2329 1566 2400; x_wconf 87' lang='lat' dir='ltr'><strong>conceptibus</strong></span> <span class='ocrx_word' id='word_1_142' title='bbox 1625 2345 1689 2383; x_wconf 90' lang='lat' dir='ltr'><strong>ac</strong></span> <span class='ocrx_word' id='word_1_143' title='bbox 1750 2329 2172 2399; x_wconf 80' lang='lat' dir='ltr'><strong>cogitationibus</strong></span> 
     </span>
    </p>
   </div>
   <div class='ocr_carea' id='block_1_25' title="bbox 597 2419 2174 2489">
    <p class='ocr_par' dir='ltr' id='par_1_25' title="bbox 597 2419 2174 2489">
     <span class='ocr_line' id='line_1_25' title="bbox 597 2419 2174 2489; baseline -0.002 -14"><span class='ocrx_word' id='word_1_144' title='bbox 597 2422 777 2484; x_wconf 83' lang='lat' dir='ltr'><strong>sitam,</strong></span> <span class='ocrx_word' id='word_1_145' title='bbox 806 2435 926 2489; x_wconf 70' lang='lat' dir='ltr'><strong>qua:</strong></span> <span class='ocrx_word' id='word_1_146' title='bbox 955 2427 1125 2472; x_wconf 87' lang='lat' dir='ltr'><strong>totum</strong></span> <span class='ocrx_word' id='word_1_147' title='bbox 1157 2419 1383 2488; x_wconf 80' lang='lat' dir='ltr'><strong>cogniti,</strong></span> <span class='ocrx_word' id='word_1_148' title='bbox 1415 2419 1742 2474; x_wconf 86' lang='lat' dir='ltr'><strong>commercio</strong></span> <span class='ocrx_word' id='word_1_149' title='bbox 1776 2419 1867 2472; x_wconf 93' lang='lat' dir='ltr'><strong>illo</strong></span> <span class='ocrx_word' id='word_1_150' title='bbox 1899 2419 2043 2488; x_wconf 89' lang='lat' dir='ltr'><strong>quod</strong></span> <span class='ocrx_word' id='word_1_151' title='bbox 2077 2435 2174 2489; x_wconf 87' lang='lat' dir='ltr'><strong>per</strong></span> 
     </span>
    </p>
   </div>
   <div class='ocr_carea' id='block_1_26' title="bbox 595 2509 2170 2582">
    <p class='ocr_par' dir='ltr' id='par_1_26' title="bbox 595 2509 2170 2582">
     <span class='ocr_line' id='line_1_26' title="bbox 595 2509 2170 2582; baseline 0 -17"><span class='ocrx_word' id='word_1_152' title='bbox 595 2511 824 2582; x_wconf 79' lang='lat' dir='ltr'><strong>gratiam</strong></span> <span class='ocrx_word' id='word_1_153' title='bbox 860 2518 962 2573; x_wconf 90' lang='lat' dir='ltr'><strong>est,</strong></span> <span class='ocrx_word' id='word_1_154' title='bbox 989 2525 1210 2565; x_wconf 89' lang='lat' dir='ltr'><strong>sensum</strong></span> <span class='ocrx_word' id='word_1_155' title='bbox 1244 2509 1485 2578; x_wconf 69' lang='lat' dir='ltr'><strong>praebeat</strong></span> <span class='ocrx_word' id='word_1_156' title='bbox 1522 2526 1535 2562; x_wconf 89' lang='lat'><strong>:</strong></span> <span class='ocrx_word' id='word_1_157' title='bbox 1568 2526 1667 2580; x_wconf 87' lang='lat' dir='ltr'><strong>per</strong></span> <span class='ocrx_word' id='word_1_158' title='bbox 1703 2524 1864 2580; x_wconf 60' lang='lat' dir='ltr'><strong>qua.</strong></span> <span class='ocrx_word' id='word_1_159' title='bbox 1899 2510 1954 2564; x_wconf 93' lang='lat' dir='ltr'><strong>in</strong></span> <span class='ocrx_word' id='word_1_160' title='bbox 1988 2510 2170 2565; x_wconf 79' lang='lat' dir='ltr'><strong>futura</strong></span> 
     </span>
    </p>
   </div>
   <div class='ocr_carea' id='block_1_27' title="bbox 592 2599 2168 2670">
    <p class='ocr_par' dir='ltr' id='par_1_27' title="bbox 592 2599 2168 2670">
     <span class='ocr_line' id='line_1_27' title="bbox 592 2599 2168 2670; baseline 0.001 -16"><span class='ocrx_word' id='word_1_161' title='bbox 592 2601 786 2670; x_wconf 85' lang='lat' dir='ltr'><strong>requie</strong></span> <span class='ocrx_word' id='word_1_162' title='bbox 811 2616 874 2656; x_wconf 93' lang='lat' dir='ltr'><strong>ac</strong></span> <span class='ocrx_word' id='word_1_163' title='bbox 904 2599 1184 2664; x_wconf 78' lang='lat' dir='ltr'><strong>felicitate,</strong></span> <span class='ocrx_word' id='word_1_164' title='bbox 1210 2608 1418 2654; x_wconf 68' lang='lat' dir='ltr'><strong>naturae</strong></span> <span class='ocrx_word' id='word_1_165' title='bbox 1444 2600 1556 2653; x_wconf 85' lang='lat' dir='ltr'><strong>vim</strong></span> <span class='ocrx_word' id='word_1_166' title='bbox 1577 2616 1794 2655; x_wconf 82' lang='lat' dir='ltr'><strong>onmem</strong></span> <span class='ocrx_word' id='word_1_167' title='bbox 1823 2611 2168 2670; x_wconf 79' lang='lat' dir='ltr'><strong>superantem</strong></span> 
     </span>
    </p>
   </div>
   <div class='ocr_carea' id='block_1_28' title="bbox 592 2687 2169 2762">
    <p class='ocr_par' dir='ltr' id='par_1_28' title="bbox 592 2687 2169 2762">
     <span class='ocr_line' id='line_1_28' title="bbox 592 2687 2169 2762; baseline -0.002 -16"><span class='ocrx_word' id='word_1_168' title='bbox 592 2691 797 2762; x_wconf 81' lang='lat' dir='ltr'><strong>iugiter</strong></span> <span class='ocrx_word' id='word_1_169' title='bbox 833 2691 888 2744; x_wconf 88' lang='lat' dir='ltr'><strong>in</strong></span> <span class='ocrx_word' id='word_1_170' title='bbox 929 2698 1052 2743; x_wconf 87' lang='lat' dir='ltr'><strong>actu</strong></span> <span class='ocrx_word' id='word_1_171' title='bbox 1092 2704 1154 2743; x_wconf 85' lang='lat' dir='ltr'><strong>ac</strong></span> <span class='ocrx_word' id='word_1_172' title='bbox 1188 2687 1458 2742; x_wconf 72' lang='lat' dir='ltr'><strong>efﬁcacem</strong></span> <span class='ocrx_word' id='word_1_173' title='bbox 1502 2689 1832 2758; x_wconf 87' lang='lat' dir='ltr'><strong>suscipimus</strong></span> <span class='ocrx_word' id='word_1_174' title='bbox 1866 2689 2169 2744; x_wconf 62' lang='lat' dir='ltr'><strong>deificatim</strong></span> 
     </span>
    </p>
   </div>
   <div class='ocr_carea' id='block_1_29' title="bbox 596 2775 2170 2844">
    <p class='ocr_par' dir='ltr' id='par_1_29' title="bbox 596 2775 2170 2844">
     <span class='ocr_line' id='line_1_29' title="bbox 596 2775 2170 2844; baseline 0.001 -13"><span class='ocrx_word' id='word_1_175' title='bbox 596 2792 745 2832; x_wconf 92' lang='lat' dir='ltr'><strong>nem.</strong></span> <span class='ocrx_word' id='word_1_176' title='bbox 776 2776 852 2830; x_wconf 82' lang='lat' dir='ltr'><strong>Ac</strong></span> <span class='ocrx_word' id='word_1_177' title='bbox 890 2775 1110 2844; x_wconf 84' lang='lat' dir='ltr'><strong>quidem</strong></span> <span class='ocrx_word' id='word_1_178' title='bbox 1151 2775 1295 2828; x_wconf 89' lang='lat' dir='ltr'><strong>illam</strong></span> <span class='ocrx_word' id='word_1_179' title='bbox 1342 2775 1664 2830; x_wconf 85' lang='lat' dir='ltr'><strong>habitudine</strong></span> <span class='ocrx_word' id='word_1_180' title='bbox 1700 2785 2037 2831; x_wconf 84' lang='lat' dir='ltr'><strong>constantem</strong></span> <span class='ocrx_word' id='word_1_181' title='bbox 2073 2794 2170 2832; x_wconf 88' lang='lat' dir='ltr'><strong>seu</strong></span> 
     </span>
    </p>
   </div>
   <div class='ocr_carea' id='block_1_30' title="bbox 597 2865 2172 2936">
    <p class='ocr_par' dir='ltr' id='par_1_30' title="bbox 597 2865 2172 2936">
     <span class='ocr_line' id='line_1_30' title="bbox 597 2865 2172 2936; baseline 0.003 -16"><span class='ocrx_word' id='word_1_182' title='bbox 597 2865 1045 2929; x_wconf 89' lang='lat' dir='ltr'><strong>intentionalem,</strong></span> <span class='ocrx_word' id='word_1_183' title='bbox 1071 2866 1221 2920; x_wconf 89' lang='lat' dir='ltr'><strong>velut</strong></span> <span class='ocrx_word' id='word_1_184' title='bbox 1260 2867 1314 2919; x_wconf 90' lang='lat' dir='ltr'><strong>in</strong></span> <span class='ocrx_word' id='word_1_185' title='bbox 1357 2866 1568 2920; x_wconf 89' lang='lat' dir='ltr'><strong>ratione</strong></span> <span class='ocrx_word' id='word_1_186' title='bbox 1599 2867 1876 2936; x_wconf 87' lang='lat' dir='ltr'><strong>animique</strong></span> <span class='ocrx_word' id='word_1_187' title='bbox 1907 2870 2080 2923; x_wconf 86' lang='lat' dir='ltr'><strong>sensis</strong></span> <span class='ocrx_word' id='word_1_188' title='bbox 2108 2883 2172 2924; x_wconf 91' lang='lat' dir='ltr'><strong>ac</strong></span> 
     </span>
    </p>
   </div>
   <div class='ocr_carea' id='block_1_31' title="bbox 596 2956 2169 3028">
    <p class='ocr_par' dir='ltr' id='par_1_31' title="bbox 596 2956 2169 3028">
     <span class='ocr_line' id='line_1_31' title="bbox 596 2956 2169 3028; baseline 0.001 -16"><span class='ocrx_word' id='word_1_189' title='bbox 596 2957 927 3028; x_wconf 86' lang='lat' dir='ltr'><strong>cogitatibus</strong></span> <span class='ocrx_word' id='word_1_190' title='bbox 960 2957 1213 3024; x_wconf 87' lang='lat' dir='ltr'><strong>positam,</strong></span> <span class='ocrx_word' id='word_1_191' title='bbox 1240 2970 1305 3009; x_wconf 89' lang='lat' dir='ltr'><strong>ea</strong></span> <span class='ocrx_word' id='word_1_192' title='bbox 1340 2956 1390 3009; x_wconf 89' lang='lat' dir='ltr'><strong>vi</strong></span> <span class='ocrx_word' id='word_1_193' title='bbox 1422 2957 1628 3025; x_wconf 79' lang='lat' dir='ltr'><strong>pollere</strong></span> <span class='ocrx_word' id='word_1_194' title='bbox 1658 2958 1833 3019; x_wconf 88' lang='lat' dir='ltr'><strong>aiunt,</strong></span> <span class='ocrx_word' id='word_1_195' title='bbox 1863 2967 1922 3012; x_wconf 86' lang='lat' dir='ltr'><strong>ut</strong></span> <span class='ocrx_word' id='word_1_196' title='bbox 1950 2957 2169 3013; x_wconf 87' lang='lat' dir='ltr'><strong>deside-</strong></span> 
     </span>
    </p>
   </div>
   <div class='ocr_carea' id='block_1_32' title="bbox 597 3045 2169 3116">
    <p class='ocr_par' dir='ltr' id='par_1_32' title="bbox 597 3045 2169 3116">
     <span class='ocr_line' id='line_1_32' title="bbox 597 3045 2169 3116; baseline 0.002 -15"><span class='ocrx_word' id='word_1_197' title='bbox 597 3048 738 3102; x_wconf 89' lang='lat' dir='ltr'><strong>rium</strong></span> <span class='ocrx_word' id='word_1_198' title='bbox 787 3045 1026 3116; x_wconf 88' lang='lat' dir='ltr'><strong>pelliciat</strong></span> <span class='ocrx_word' id='word_1_199' title='bbox 1074 3061 1136 3099; x_wconf 89' lang='lat' dir='ltr'><strong>ac</strong></span> <span class='ocrx_word' id='word_1_200' title='bbox 1184 3045 1576 3115; x_wconf 83' lang='lat' dir='ltr'><strong>cupiditatem,</strong></span> <span class='ocrx_word' id='word_1_201' title='bbox 1618 3046 1672 3100; x_wconf 91' lang='lat' dir='ltr'><strong>in</strong></span> <span class='ocrx_word' id='word_1_202' title='bbox 1717 3061 1835 3101; x_wconf 91' lang='lat' dir='ltr'><strong>eam</strong></span> <span class='ocrx_word' id='word_1_203' title='bbox 1879 3063 2004 3116; x_wconf 67' lang='lat' dir='ltr'><strong>qua:</strong></span> <span class='ocrx_word' id='word_1_204' title='bbox 2041 3064 2169 3104; x_wconf 74' lang='lat' dir='ltr'><strong>vera</strong></span> 
     </span>
    </p>
   </div>
   <div class='ocr_carea' id='block_1_33' title="bbox 2279 601 2568 673">
    <p class='ocr_par' dir='ltr' id='par_1_33' title="bbox 2279 601 2568 673">
     <span class='ocr_line' id='line_1_33' title="bbox 2279 601 2568 673; baseline -0.003 -18"><span class='ocrx_word' id='word_1_205' title='bbox 2279 601 2568 673; x_wconf 84' lang='grc' dir='ltr'>διάκρισις.</span> 
     </span>
    </p>
   </div>
   <div class='ocr_carea' id='block_1_34' title="bbox 2352 775 3891 853">
    <p class='ocr_par' dir='ltr' id='par_1_34' title="bbox 2352 775 3891 853">
     <span class='ocr_line' id='line_1_34' title="bbox 2352 775 3891 853; baseline 0.003 -23"><span class='ocrx_word' id='word_1_206' title='bbox 2352 775 2457 849; x_wconf 84' lang='grc' dir='ltr'><strong>κη’.</strong></span> <span class='ocrx_word' id='word_1_207' title='bbox 2500 779 2562 832; x_wconf 85' lang='grc' dir='ltr'><strong>Οἱ</strong></span> <span class='ocrx_word' id='word_1_208' title='bbox 2597 778 2740 847; x_wconf 78' lang='grc' dir='ltr'>ἅγιοι</span> <span class='ocrx_word' id='word_1_209' title='bbox 2771 779 2866 832; x_wconf 70' lang='grc' dir='ltr'><strong>καὶ</strong></span> <span class='ocrx_word' id='word_1_210' title='bbox 2891 779 3021 832; x_wconf 79' lang='grc' dir='ltr'>θεῖοι</span> <span class='ocrx_word' id='word_1_211' title='bbox 3050 779 3344 851; x_wconf 74' lang='grc' dir='ltr'><strong>προφῆται,</strong></span> <span class='ocrx_word' id='word_1_212' title='bbox 3381 780 3509 852; x_wconf 71' lang='grc' dir='ltr'>περὶ</span> <span class='ocrx_word' id='word_1_213' title='bbox 3540 781 3642 851; x_wconf 82' lang='grc' dir='ltr'>τῆς</span> <span class='ocrx_word' id='word_1_214' title='bbox 3678 798 3891 853; x_wconf 72' lang='grc' dir='ltr'>σωτη-</span> 
     </span>
    </p>
   </div>
   <div class='ocr_carea' id='block_1_35' title="bbox 2285 870 3889 944">
    <p class='ocr_par' dir='ltr' id='par_1_35' title="bbox 2285 870 3889 944">
     <span class='ocr_line' id='line_1_35' title="bbox 2285 870 3889 944; baseline 0.003 -22"><span class='ocrx_word' id='word_1_215' title='bbox 2285 871 2405 940; x_wconf 88' lang='grc' dir='ltr'>ρίας</span> <span class='ocrx_word' id='word_1_216' title='bbox 2436 870 2544 922; x_wconf 86' lang='grc' dir='ltr'>τῶν</span> <span class='ocrx_word' id='word_1_217' title='bbox 2575 870 2763 941; x_wconf 78' lang='grc' dir='ltr'>ψυχῶν</span> <span class='ocrx_word' id='word_1_218' title='bbox 2798 870 3204 941; x_wconf 73' lang='grc' dir='ltr'>ὲκζητήσαντές</span> <span class='ocrx_word' id='word_1_219' title='bbox 3233 889 3292 925; x_wconf 86' lang='grc' dir='ltr'><strong>τε</strong></span> <span class='ocrx_word' id='word_1_220' title='bbox 3339 872 3434 924; x_wconf 75' lang='grc' dir='ltr'>καὶ</span> <span class='ocrx_word' id='word_1_221' title='bbox 3461 873 3889 944; x_wconf 71' lang='grc' dir='ltr'>έξερευνήσανο</span> 
     </span>
    </p>
   </div>
   <div class='ocr_carea' id='block_1_36' title="bbox 2278 957 3884 1036">
    <p class='ocr_par' dir='ltr' id='par_1_36' title="bbox 2278 957 3884 1036">
     <span class='ocr_line' id='line_1_36' title="bbox 2278 957 3884 1036; baseline 0.001 -24"><span class='ocrx_word' id='word_1_222' title='bbox 2278 977 2391 1022; x_wconf 81' lang='grc' dir='ltr'>τες,</span> <span class='ocrx_word' id='word_1_223' title='bbox 2431 960 2696 1031; x_wconf 78' lang='grc' dir='ltr'><strong>διάπυρον</strong></span> <span class='ocrx_word' id='word_1_224' title='bbox 2751 957 2896 1031; x_wconf 69' lang='grc' dir='ltr'>εἶχον</span> <span class='ocrx_word' id='word_1_225' title='bbox 2945 960 3042 1014; x_wconf 73' lang='grc' dir='ltr'>καὶ</span> <span class='ocrx_word' id='word_1_226' title='bbox 3098 961 3327 1025; x_wconf 78' lang='grc' dir='ltr'>ζέουσαν</span> <span class='ocrx_word' id='word_1_227' title='bbox 3386 967 3503 1032; x_wconf 83' lang='grc' dir='ltr'>μετ’</span> <span class='ocrx_word' id='word_1_228' title='bbox 3537 967 3884 1036; x_wconf 69' lang='grc' dir='ltr'>ἐπιστήμης</span> 
     </span>
    </p>
   </div>
   <div class='ocr_carea' id='block_1_37' title="bbox 2280 1051 3882 1126">
    <p class='ocr_par' dir='ltr' id='par_1_37' title="bbox 2280 1051 3882 1126">
     <span class='ocr_line' id='line_1_37' title="bbox 2280 1051 3882 1126; baseline 0.003 -20"><span class='ocrx_word' id='word_1_229' title='bbox 2280 1054 2374 1107; x_wconf 73' lang='grc' dir='ltr'>καὶ</span> <span class='ocrx_word' id='word_1_230' title='bbox 2400 1051 2654 1120; x_wconf 83' lang='grc' dir='ltr'>γνώσεως</span> <span class='ocrx_word' id='word_1_231' title='bbox 2677 1053 2813 1121; x_wconf 68' lang='grc' dir='ltr'>πρὸς</span> <span class='ocrx_word' id='word_1_232' title='bbox 2842 1054 2932 1106; x_wconf 83' lang='grc' dir='ltr'><strong>τὸν</strong></span> <span class='ocrx_word' id='word_1_233' title='bbox 2970 1054 3102 1107; x_wconf 77' lang='grc' dir='ltr'>Θεὸν</span> <span class='ocrx_word' id='word_1_234' title='bbox 3140 1055 3237 1126; x_wconf 85' lang='grc' dir='ltr'><strong>τὴν</strong></span> <span class='ocrx_word' id='word_1_235' title='bbox 3262 1055 3358 1108; x_wconf 83' lang='grc' dir='ltr'><strong>τοῦ</strong></span> <span class='ocrx_word' id='word_1_236' title='bbox 3393 1054 3485 1108; x_wconf 84' lang='grc' dir='ltr'><strong>νοῦ</strong></span> <span class='ocrx_word' id='word_1_237' title='bbox 3517 1059 3639 1109; x_wconf 83' lang='grc' dir='ltr'>κατ’</span> <span class='ocrx_word' id='word_1_238' title='bbox 3672 1057 3882 1125; x_wconf 72' lang='grc' dir='ltr'>ἔφεσιν</span> 
     </span>
    </p>
   </div>
   <div class='ocr_carea' id='block_1_38' title="bbox 2279 1148 3876 1220">
    <p class='ocr_par' dir='ltr' id='par_1_38' title="bbox 2279 1148 3876 1220">
     <span class='ocr_line' id='line_1_38' title="bbox 2279 1148 3876 1220; baseline 0.004 -20"><span class='ocrx_word' id='word_1_239' title='bbox 2279 1148 2514 1217; x_wconf 82' lang='grc' dir='ltr'>κίνησιν,</span> <span class='ocrx_word' id='word_1_240' title='bbox 2548 1148 2641 1200; x_wconf 72' lang='grc' dir='ltr'>καὶ</span> <span class='ocrx_word' id='word_1_241' title='bbox 2669 1149 2916 1218; x_wconf 77' lang='grc' dir='ltr'>ἔμφρονα</span> <span class='ocrx_word' id='word_1_242' title='bbox 2953 1148 3048 1202; x_wconf 65' lang='grc' dir='ltr'><strong>καὶ</strong></span> <span class='ocrx_word' id='word_1_243' title='bbox 3081 1149 3252 1219; x_wconf 66' lang='grc' dir='ltr'>σοφὴν</span> <span class='ocrx_word' id='word_1_244' title='bbox 3276 1149 3376 1220; x_wconf 85' lang='grc' dir='ltr'><strong>τὴν</strong></span> <span class='ocrx_word' id='word_1_245' title='bbox 3409 1149 3504 1204; x_wconf 83' lang='grc' dir='ltr'><strong>τοῦ</strong></span> <span class='ocrx_word' id='word_1_246' title='bbox 3528 1150 3701 1220; x_wconf 80' lang='grc' dir='ltr'>λόγου</span> <span class='ocrx_word' id='word_1_247' title='bbox 3718 1155 3876 1207; x_wconf 68' lang='grc' dir='ltr'>κατὰ</span> 
     </span>
    </p>
   </div>
   <div class='ocr_carea' id='block_1_39' title="bbox 2277 1237 3874 1313">
    <p class='ocr_par' dir='ltr' id='par_1_39' title="bbox 2277 1237 3874 1313">
     <span class='ocr_line' id='line_1_39' title="bbox 2277 1237 3874 1313; baseline 0.003 -23"><span class='ocrx_word' id='word_1_248' title='bbox 2277 1237 2376 1310; x_wconf 83' lang='grc' dir='ltr'><strong>τὴν</strong></span> <span class='ocrx_word' id='word_1_249' title='bbox 2406 1238 2688 1307; x_wconf 78' lang='grc' dir='ltr'><strong>ἐνέργειαν</strong></span> <span class='ocrx_word' id='word_1_250' title='bbox 2725 1239 2838 1291; x_wconf 81' lang='grc' dir='ltr'><strong>τῶν</strong></span> <span class='ocrx_word' id='word_1_251' title='bbox 2868 1238 3030 1292; x_wconf 81' lang='grc' dir='ltr'>θείων</span> <span class='ocrx_word' id='word_1_252' title='bbox 3053 1237 3476 1310; x_wconf 78' lang='grc' dir='ltr'>διάκρισινόὒς</span> <span class='ocrx_word' id='word_1_253' title='bbox 3497 1244 3552 1294; x_wconf 70' lang='grc' dir='ltr'><strong>οἱ</strong></span> <span class='ocrx_word' id='word_1_254' title='bbox 3586 1243 3874 1313; x_wconf 77' lang='grc' dir='ltr'>μιμούμε-</span> 
     </span>
    </p>
   </div>
   <div class='ocr_carea' id='block_1_40' title="bbox 2275 1328 3872 1402">
    <p class='ocr_par' dir='ltr' id='par_1_40' title="bbox 2275 1328 3872 1402">
     <span class='ocr_line' id='line_1_40' title="bbox 2275 1328 3872 1402; baseline 0.003 -22"><span class='ocrx_word' id='word_1_255' title='bbox 2275 1345 2377 1388; x_wconf 85' lang='grc' dir='ltr'>νοι,</span> <span class='ocrx_word' id='word_1_256' title='bbox 2419 1328 2556 1397; x_wconf 80' lang='grc' dir='ltr'>μετὰ</span> <span class='ocrx_word' id='word_1_257' title='bbox 2599 1328 2854 1396; x_wconf 85' lang='grc' dir='ltr'>γνώσεως</span> <span class='ocrx_word' id='word_1_258' title='bbox 2891 1330 2985 1382; x_wconf 79' lang='grc' dir='ltr'>καὶ</span> <span class='ocrx_word' id='word_1_259' title='bbox 3041 1330 3354 1400; x_wconf 74' lang='grc' dir='ltr'><strong>ἐπιστήμης</strong></span> <span class='ocrx_word' id='word_1_260' title='bbox 3384 1330 3482 1401; x_wconf 85' lang='grc' dir='ltr'><strong>τὴν</strong></span> <span class='ocrx_word' id='word_1_261' title='bbox 3526 1331 3639 1384; x_wconf 80' lang='grc' dir='ltr'>τῶν</span> <span class='ocrx_word' id='word_1_262' title='bbox 3671 1332 3872 1402; x_wconf 74' lang='grc' dir='ltr'>ψυχῶν</span> 
     </span>
    </p>
   </div>
   <div class='ocr_carea' id='block_1_41' title="bbox 2277 1418 3871 1489">
    <p class='ocr_par' dir='ltr' id='par_1_41' title="bbox 2277 1418 3871 1489">
     <span class='ocr_line' id='line_1_41' title="bbox 2277 1418 3871 1489; baseline 0.003 -20"><span class='ocrx_word' id='word_1_263' title='bbox 2277 1418 2569 1488; x_wconf 76' lang='grc' dir='ltr'>ἐκζητοῦσι</span> <span class='ocrx_word' id='word_1_264' title='bbox 2604 1419 2901 1489; x_wconf 82' lang='grc' dir='ltr'><strong>σωτηρίαν,</strong></span> <span class='ocrx_word' id='word_1_265' title='bbox 2935 1419 3030 1472; x_wconf 70' lang='grc' dir='ltr'><strong>καὶ</strong></span> <span class='ocrx_word' id='word_1_266' title='bbox 3075 1418 3212 1488; x_wconf 80' lang='grc' dir='ltr'>μετὰ</span> <span class='ocrx_word' id='word_1_267' title='bbox 3263 1421 3579 1489; x_wconf 81' lang='grc' dir='ltr'>φρονήσεως</span> <span class='ocrx_word' id='word_1_268' title='bbox 3623 1423 3728 1474; x_wconf 80' lang='grc' dir='ltr'><strong>καὶ</strong></span> <span class='ocrx_word' id='word_1_269' title='bbox 3777 1439 3871 1474; x_wconf 78' lang='grc' dir='ltr'><strong>σο-</strong></span> 
     </span>
    </p>
   </div>
   <div class='ocr_carea' id='block_1_42' title="bbox 2277 1509 3869 1580">
    <p class='ocr_par' dir='ltr' id='par_1_42' title="bbox 2277 1509 3869 1580">
     <span class='ocr_line' id='line_1_42' title="bbox 2277 1509 3869 1580; baseline 0.003 -20"><span class='ocrx_word' id='word_1_270' title='bbox 2277 1511 2404 1578; x_wconf 82' lang='grc' dir='ltr'>φίας</span> <span class='ocrx_word' id='word_1_271' title='bbox 2438 1509 2848 1579; x_wconf 72' lang='grc' dir='ltr'>ἐξερευνῶντες,</span> <span class='ocrx_word' id='word_1_272' title='bbox 2888 1509 3241 1580; x_wconf 75' lang='grc' dir='ltr'>μετέρχονται</span> <span class='ocrx_word' id='word_1_273' title='bbox 3276 1510 3376 1578; x_wconf 83' lang='grc' dir='ltr'><strong>τὴν</strong></span> <span class='ocrx_word' id='word_1_274' title='bbox 3420 1511 3478 1562; x_wconf 82' lang='grc' dir='ltr'>ὲν</span> <span class='ocrx_word' id='word_1_275' title='bbox 3526 1514 3648 1574; x_wconf 79' lang='grc' dir='ltr'>τοῖς</span> <span class='ocrx_word' id='word_1_276' title='bbox 3696 1512 3869 1575; x_wconf 83' lang='grc' dir='ltr'>θείοις</span> 
     </span>
    </p>
   </div>
   <div class='ocr_carea' id='block_1_43' title="bbox 2284 1598 2796 1668">
    <p class='ocr_par' dir='ltr' id='par_1_43' title="bbox 2284 1598 2796 1668">
     <span class='ocr_line' id='line_1_43' title="bbox 2284 1598 2796 1668; baseline 0 -17"><span class='ocrx_word' id='word_1_277' title='bbox 2284 1598 2472 1668; x_wconf 77' lang='grc' dir='ltr'>ἔργοις</span> <span class='ocrx_word' id='word_1_278' title='bbox 2500 1599 2796 1667; x_wconf 76' lang='grc' dir='ltr'><strong>διάκρισιν.</strong></span> 
     </span>
    </p>
   </div>
   <div class='ocr_carea' id='block_1_44' title="bbox 2347 1685 3864 1760">
    <p class='ocr_par' dir='ltr' id='par_1_44' title="bbox 2347 1685 3864 1760">
     <span class='ocr_line' id='line_1_44' title="bbox 2347 1685 3864 1760; baseline 0 -19"><span class='ocrx_word' id='word_1_279' title='bbox 2347 1689 2447 1742; x_wconf 87' lang='grc' dir='ltr'><strong>κθ’.</strong></span> <span class='ocrx_word' id='word_1_280' title='bbox 2491 1689 2724 1759; x_wconf 67' lang='grc' dir='ltr'>*Διττὴν</span> <span class='ocrx_word' id='word_1_281' title='bbox 2759 1685 2868 1742; x_wconf 69' lang='grc' dir='ltr'>οἵδε</span> <span class='ocrx_word' id='word_1_282' title='bbox 2902 1689 3000 1760; x_wconf 82' lang='grc' dir='ltr'><strong>τὴν</strong></span> <span class='ocrx_word' id='word_1_283' title='bbox 3044 1688 3154 1740; x_wconf 86' lang='grc' dir='ltr'><strong>τῶν</strong></span> <span class='ocrx_word' id='word_1_284' title='bbox 3193 1689 3350 1742; x_wconf 88' lang='grc' dir='ltr'>θείων</span> <span class='ocrx_word' id='word_1_285' title='bbox 3376 1689 3578 1758; x_wconf 86' lang='grc' dir='ltr'>γνῶσιν</span> <span class='ocrx_word' id='word_1_286' title='bbox 3610 1691 3639 1742; x_wconf 82' lang='grc' dir='ltr'><strong>ὁ</strong></span> <span class='ocrx_word' id='word_1_287' title='bbox 3680 1689 3864 1758; x_wconf 78' lang='grc' dir='ltr'>λόγος,</span> 
     </span>
    </p>
   </div>
   <div class='ocr_carea' id='block_1_45' title="bbox 2275 1779 3868 1852">
    <p class='ocr_par' dir='ltr' id='par_1_45' title="bbox 2275 1779 3868 1852">
     <span class='ocr_line' id='line_1_45' title="bbox 2275 1779 3868 1852; baseline 0.002 -21"><span class='ocrx_word' id='word_1_288' title='bbox 2275 1779 2374 1849; x_wconf 83' lang='grc' dir='ltr'><strong>τὴν</strong></span> <span class='ocrx_word' id='word_1_289' title='bbox 2413 1780 2532 1850; x_wconf 82' lang='grc' dir='ltr'>μὲν,</span> <span class='ocrx_word' id='word_1_290' title='bbox 2570 1779 2824 1851; x_wconf 77' lang='grc' dir='ltr'>σχετικὴν</span> <span class='ocrx_word' id='word_1_291' title='bbox 2853 1781 2949 1850; x_wconf 86' lang='grc' dir='ltr'><strong>(ο),</strong></span> <span class='ocrx_word' id='word_1_292' title='bbox 2994 1781 3070 1843; x_wconf 84' lang='grc' dir='ltr'>ὡς</span> <span class='ocrx_word' id='word_1_293' title='bbox 3116 1781 3175 1832; x_wconf 80' lang='grc' dir='ltr'><strong>έν</strong></span> <span class='ocrx_word' id='word_1_294' title='bbox 3220 1781 3364 1851; x_wconf 87' lang='grc' dir='ltr'>λόγῳ</span> <span class='ocrx_word' id='word_1_295' title='bbox 3409 1782 3558 1851; x_wconf 81' lang='grc' dir='ltr'>μόνῳ</span> <span class='ocrx_word' id='word_1_296' title='bbox 3589 1783 3868 1852; x_wconf 75' lang='grc' dir='ltr'>κειμένην</span> 
     </span>
    </p>
   </div>
   <div class='ocr_carea' id='block_1_46' title="bbox 2276 1871 3866 1942">
    <p class='ocr_par' dir='ltr' id='par_1_46' title="bbox 2276 1871 3866 1942">
     <span class='ocr_line' id='line_1_46' title="bbox 2276 1871 3866 1942; baseline 0.001 -20"><span class='ocrx_word' id='word_1_297' title='bbox 2276 1871 2371 1924; x_wconf 75' lang='grc' dir='ltr'>καὶ</span> <span class='ocrx_word' id='word_1_298' title='bbox 2409 1871 2667 1940; x_wconf 77' lang='grc' dir='ltr'><strong>νοήμασι,</strong></span> <span class='ocrx_word' id='word_1_299' title='bbox 2712 1871 2808 1924; x_wconf 76' lang='grc' dir='ltr'>καὶ</span> <span class='ocrx_word' id='word_1_300' title='bbox 2845 1871 2944 1942; x_wconf 86' lang='grc' dir='ltr'><strong>τὴν</strong></span> <span class='ocrx_word' id='word_1_301' title='bbox 2999 1871 3121 1924; x_wconf 78' lang='grc' dir='ltr'>κατ’</span> <span class='ocrx_word' id='word_1_302' title='bbox 3146 1871 3434 1942; x_wconf 71' lang='grc' dir='ltr'>ἐνέργειαν</span> <span class='ocrx_word' id='word_1_303' title='bbox 3455 1873 3553 1926; x_wconf 83' lang='grc' dir='ltr'><strong>τοῦ</strong></span> <span class='ocrx_word' id='word_1_304' title='bbox 3582 1873 3866 1940; x_wconf 72' lang='grc' dir='ltr'>γνωσθέν-</span> 
     </span>
    </p>
   </div>
   <div class='ocr_carea' id='block_1_47' title="bbox 2274 1960 3864 2036">
    <p class='ocr_par' dir='ltr' id='par_1_47' title="bbox 2274 1960 3864 2036">
     <span class='ocr_line' id='line_1_47' title="bbox 2274 1960 3864 2036; baseline 0.003 -22"><span class='ocrx_word' id='word_1_305' title='bbox 2274 1979 2365 2024; x_wconf 84' lang='grc' dir='ltr'><strong>τος</strong></span> <span class='ocrx_word' id='word_1_306' title='bbox 2413 1961 2502 2015; x_wconf 85' lang='grc' dir='ltr'>διὰ</span> <span class='ocrx_word' id='word_1_307' title='bbox 2541 1961 2735 2034; x_wconf 79' lang='grc' dir='ltr'>πείρας</span> <span class='ocrx_word' id='word_1_308' title='bbox 2773 1963 2873 2016; x_wconf 72' lang='grc' dir='ltr'><strong>οὐκ</strong></span> <span class='ocrx_word' id='word_1_309' title='bbox 2918 1961 3149 2031; x_wconf 72' lang='grc' dir='ltr'>ἔχουσαν</span> <span class='ocrx_word' id='word_1_310' title='bbox 3195 1963 3467 2035; x_wconf 75' lang='grc' dir='ltr'>αἴσθησιν.</span> <span class='ocrx_word' id='word_1_311' title='bbox 3505 1965 3575 2017; x_wconf 85' lang='grc' dir='ltr'><strong>δι’</strong></span> <span class='ocrx_word' id='word_1_312' title='bbox 3603 1960 3676 2036; x_wconf 76' lang='grc' dir='ltr'><strong>ἧς</strong></span> <span class='ocrx_word' id='word_1_313' title='bbox 3717 1965 3864 2018; x_wconf 72' lang='grc' dir='ltr'>κατὰ</span> 
     </span>
    </p>
   </div>
   <div class='ocr_carea' id='block_1_48' title="bbox 2274 2053 3865 2126">
    <p class='ocr_par' dir='ltr' id='par_1_48' title="bbox 2274 2053 3865 2126">
     <span class='ocr_line' id='line_1_48' title="bbox 2274 2053 3865 2126; baseline 0.003 -21"><span class='ocrx_word' id='word_1_314' title='bbox 2274 2054 2376 2125; x_wconf 86' lang='grc' dir='ltr'><strong>τὴν</strong></span> <span class='ocrx_word' id='word_1_315' title='bbox 2402 2055 2684 2124; x_wconf 82' lang='grc' dir='ltr'>παροῦσαν</span> <span class='ocrx_word' id='word_1_316' title='bbox 2732 2053 2878 2125; x_wconf 81' lang='grc' dir='ltr'>ζωὴν</span> <span class='ocrx_word' id='word_1_317' title='bbox 2905 2054 3340 2126; x_wconf 77' lang='grc' dir='ltr'>οἱκονομούμεθα</span> <span class='ocrx_word' id='word_1_318' title='bbox 3358 2073 3372 2088; x_wconf 80' lang='grc'><em>’</em></span> <span class='ocrx_word' id='word_1_319' title='bbox 3403 2056 3503 2126; x_wconf 84' lang='grc' dir='ltr'><strong>τὴν</strong></span> <span class='ocrx_word' id='word_1_320' title='bbox 3527 2056 3611 2122; x_wconf 74' lang='grc' dir='ltr'><strong>δὲ,</strong></span> <span class='ocrx_word' id='word_1_321' title='bbox 3642 2058 3865 2126; x_wconf 73' lang='grc' dir='ltr'>κυρίως</span> 
     </span>
    </p>
   </div>
   <div class='ocr_carea' id='block_1_49' title="bbox 2275 2148 3865 2224">
    <p class='ocr_par' dir='ltr' id='par_1_49' title="bbox 2275 2148 3865 2224">
     <span class='ocr_line' id='line_1_49' title="bbox 2275 2148 3865 2224; baseline 0.003 -22"><span class='ocrx_word' id='word_1_322' title='bbox 2275 2148 2558 2219; x_wconf 76' lang='grc' dir='ltr'>ἀληθινὴν,</span> <span class='ocrx_word' id='word_1_323' title='bbox 2601 2151 2694 2202; x_wconf 70' lang='grc' dir='ltr'><strong>ἐπὶ</strong></span> <span class='ocrx_word' id='word_1_324' title='bbox 2730 2151 2866 2221; x_wconf 80' lang='grc' dir='ltr'>μόνῃ</span> <span class='ocrx_word' id='word_1_325' title='bbox 2906 2154 2972 2222; x_wconf 81' lang='grc' dir='ltr'>τῇ</span> <span class='ocrx_word' id='word_1_326' title='bbox 3015 2153 3200 2223; x_wconf 82' lang='grc' dir='ltr'>πείρᾳ,</span> <span class='ocrx_word' id='word_1_327' title='bbox 3243 2153 3365 2205; x_wconf 81' lang='grc' dir='ltr'>κατ’</span> <span class='ocrx_word' id='word_1_328' title='bbox 3403 2153 3704 2220; x_wconf 73' lang='grc' dir='ltr'>ἐνέργειαν</span> <span class='ocrx_word' id='word_1_329' title='bbox 3736 2153 3865 2224; x_wconf 76' lang='grc' dir='ltr'>δίχα</span> 
     </span>
    </p>
   </div>
   <div class='ocr_carea' id='block_1_50' title="bbox 2273 2235 3862 2310">
    <p class='ocr_par' dir='ltr' id='par_1_50' title="bbox 2273 2235 3862 2310">
     <span class='ocr_line' id='line_1_50' title="bbox 2273 2235 3862 2310; baseline 0.005 -22"><span class='ocrx_word' id='word_1_330' title='bbox 2273 2235 2435 2304; x_wconf 84' lang='grc' dir='ltr'>λόγου</span> <span class='ocrx_word' id='word_1_331' title='bbox 2493 2239 2589 2292; x_wconf 76' lang='grc' dir='ltr'><strong>καὶ</strong></span> <span class='ocrx_word' id='word_1_332' title='bbox 2633 2239 2946 2309; x_wconf 80' lang='grc' dir='ltr'>νοημάτων,</span> <span class='ocrx_word' id='word_1_333' title='bbox 2993 2241 3124 2310; x_wconf 83' lang='grc' dir='ltr'>ὃλην</span> <span class='ocrx_word' id='word_1_334' title='bbox 3163 2241 3258 2294; x_wconf 85' lang='grc' dir='ltr'><strong>τοῦ</strong></span> <span class='ocrx_word' id='word_1_335' title='bbox 3313 2241 3652 2309; x_wconf 80' lang='grc' dir='ltr'>γνωσθέντος</span> <span class='ocrx_word' id='word_1_336' title='bbox 3711 2241 3862 2296; x_wconf 74' lang='grc' dir='ltr'>κατὰ</span> 
     </span>
    </p>
   </div>
   <div class='ocr_carea' id='block_1_51' title="bbox 2273 2327 3860 2405">
    <p class='ocr_par' dir='ltr' id='par_1_51' title="bbox 2273 2327 3860 2405">
     <span class='ocr_line' id='line_1_51' title="bbox 2273 2327 3860 2405; baseline 0.004 -25"><span class='ocrx_word' id='word_1_337' title='bbox 2273 2327 2435 2399; x_wconf 77' lang='grc' dir='ltr'>χάριν</span> <span class='ocrx_word' id='word_1_338' title='bbox 2481 2329 2698 2400; x_wconf 79' lang='grc' dir='ltr'>μεθέξει</span> <span class='ocrx_word' id='word_1_339' title='bbox 2744 2331 3130 2401; x_wconf 81' lang='grc' dir='ltr'>παρεχομένην</span> <span class='ocrx_word' id='word_1_340' title='bbox 3179 2332 3278 2402; x_wconf 78' lang='grc' dir='ltr'><strong>τὴν</strong></span> <span class='ocrx_word' id='word_1_341' title='bbox 3322 2330 3608 2402; x_wconf 81' lang='grc' dir='ltr'>αισθησιν,</span> <span class='ocrx_word' id='word_1_342' title='bbox 3666 2333 3745 2386; x_wconf 79' lang='grc' dir='ltr'><strong>δι’</strong></span> <span class='ocrx_word' id='word_1_343' title='bbox 3789 2328 3860 2405; x_wconf 67' lang='grc' dir='ltr'>ἧς</span> 
     </span>
    </p>
   </div>
   <div class='ocr_carea' id='block_1_52' title="bbox 2273 2421 3854 2494">
    <p class='ocr_par' dir='ltr' id='par_1_52' title="bbox 2273 2421 3854 2494">
     <span class='ocr_line' id='line_1_52' title="bbox 2273 2421 3854 2494; baseline 0.001 -19"><span class='ocrx_word' id='word_1_344' title='bbox 2273 2422 2416 2475; x_wconf 77' lang='grc' dir='ltr'>κατὰ</span> <span class='ocrx_word' id='word_1_345' title='bbox 2447 2422 2547 2491; x_wconf 83' lang='grc' dir='ltr'><strong>τὴν</strong></span> <span class='ocrx_word' id='word_1_346' title='bbox 2586 2421 2886 2492; x_wconf 85' lang='grc' dir='ltr'>μέλλουσαν</span> <span class='ocrx_word' id='word_1_347' title='bbox 2915 2421 3090 2492; x_wconf 81' lang='grc' dir='ltr'>λῆξιν,</span> <span class='ocrx_word' id='word_1_348' title='bbox 3122 2422 3219 2492; x_wconf 84' lang='grc' dir='ltr'><strong>τὴν</strong></span> <span class='ocrx_word' id='word_1_349' title='bbox 3251 2422 3394 2494; x_wconf 80' lang='grc' dir='ltr'>ὑπὲρ</span> <span class='ocrx_word' id='word_1_350' title='bbox 3439 2424 3612 2492; x_wconf 80' lang='grc' dir='ltr'>φύσιν</span> <span class='ocrx_word' id='word_1_351' title='bbox 3652 2424 3854 2476; x_wconf 72' lang='grc' dir='ltr'><strong>ὑποδε-</strong></span> 
     </span>
    </p>
   </div>
   <div class='ocr_carea' id='block_1_53' title="bbox 2273 2511 3861 2584">
    <p class='ocr_par' dir='ltr' id='par_1_53' title="bbox 2273 2511 3861 2584">
     <span class='ocr_line' id='line_1_53' title="bbox 2273 2511 3861 2584; baseline 0.001 -20"><span class='ocrx_word' id='word_1_352' title='bbox 2273 2512 2480 2584; x_wconf 84' lang='grc' dir='ltr'>χόμεθα</span> <span class='ocrx_word' id='word_1_353' title='bbox 2505 2511 2700 2565; x_wconf 87' lang='grc' dir='ltr'>θέωσιν</span> <span class='ocrx_word' id='word_1_354' title='bbox 2722 2511 3015 2574; x_wconf 77' lang='grc' dir='ltr'>ἀπαύστως</span> <span class='ocrx_word' id='word_1_355' title='bbox 3044 2513 3466 2582; x_wconf 75' lang='grc' dir='ltr'>ἐνεργουμένην.</span> <span class='ocrx_word' id='word_1_356' title='bbox 3493 2513 3606 2566; x_wconf 72' lang='grc' dir='ltr'><strong>Καὶ</strong></span> <span class='ocrx_word' id='word_1_357' title='bbox 3631 2514 3739 2584; x_wconf 82' lang='grc' dir='ltr'><strong>τὴν</strong></span> <span class='ocrx_word' id='word_1_358' title='bbox 3761 2514 3861 2584; x_wconf 75' lang='grc' dir='ltr'>μὲν</span> 
     </span>
    </p>
   </div>
   <div class='ocr_carea' id='block_1_54' title="bbox 2275 2598 3857 2671">
    <p class='ocr_par' dir='ltr' id='par_1_54' title="bbox 2275 2598 3857 2671">
     <span class='ocr_line' id='line_1_54' title="bbox 2275 2598 3857 2671; baseline 0 -19"><span class='ocrx_word' id='word_1_359' title='bbox 2275 2599 2552 2670; x_wconf 79' lang='grc' dir='ltr'>σχετικὴν,</span> <span class='ocrx_word' id='word_1_360' title='bbox 2596 2598 2672 2662; x_wconf 82' lang='grc' dir='ltr'>ὼς</span> <span class='ocrx_word' id='word_1_361' title='bbox 2717 2599 2776 2651; x_wconf 73' lang='grc' dir='ltr'>ιν</span> <span class='ocrx_word' id='word_1_362' title='bbox 2813 2599 2958 2670; x_wconf 87' lang='grc' dir='ltr'>λόγῳ</span> <span class='ocrx_word' id='word_1_363' title='bbox 3007 2601 3270 2671; x_wconf 81' lang='grc' dir='ltr'>κειμένην</span> <span class='ocrx_word' id='word_1_364' title='bbox 3317 2602 3553 2661; x_wconf 71' lang='grc' dir='ltr'>καὶτοῖς</span> <span class='ocrx_word' id='word_1_365' title='bbox 3591 2602 3857 2670; x_wconf 71' lang='grc' dir='ltr'>νοήμασι,</span> 
     </span>
    </p>
   </div>
   <div class='ocr_carea' id='block_1_55' title="bbox 2271 2685 3861 2762">
    <p class='ocr_par' dir='ltr' id='par_1_55' title="bbox 2271 2685 3861 2762">
     <span class='ocr_line' id='line_1_55' title="bbox 2271 2685 3861 2762; baseline -0.001 -17"><span class='ocrx_word' id='word_1_366' title='bbox 2271 2690 2557 2762; x_wconf 76' lang='grc' dir='ltr'>κινητικὴν</span> <span class='ocrx_word' id='word_1_367' title='bbox 2603 2685 2744 2744; x_wconf 77' lang='grc' dir='ltr'>εἶναί</span> <span class='ocrx_word' id='word_1_368' title='bbox 2797 2705 2953 2758; x_wconf 84' lang='grc' dir='ltr'>φασι,</span> <span class='ocrx_word' id='word_1_369' title='bbox 2993 2690 3092 2760; x_wconf 85' lang='grc' dir='ltr'>τῆς</span> <span class='ocrx_word' id='word_1_370' title='bbox 3143 2691 3279 2761; x_wconf 80' lang='grc' dir='ltr'>πρὸς</span> <span class='ocrx_word' id='word_1_371' title='bbox 3322 2690 3426 2760; x_wconf 78' lang='grc' dir='ltr'><strong>τὴν</strong></span> <span class='ocrx_word' id='word_1_372' title='bbox 3463 2690 3688 2760; x_wconf 73' lang='grc' dir='ltr'>μεθέξει</span> <span class='ocrx_word' id='word_1_373' title='bbox 3736 2701 3861 2744; x_wconf 65' lang='grc' dir='ltr'>κατ’</span> 
     </span>
    </p>
   </div>
   <div class='ocr_carea' id='block_1_56' title="bbox 2271 2773 3856 2853">
    <p class='ocr_par' dir='ltr' id='par_1_56' title="bbox 2271 2773 3856 2853">
     <span class='ocr_line' id='line_1_56' title="bbox 2271 2773 3856 2853; baseline -0.001 -18"><span class='ocrx_word' id='word_1_374' title='bbox 2271 2783 2559 2853; x_wconf 68' lang='grc' dir='ltr'>ἐνέργειαν</span> <span class='ocrx_word' id='word_1_375' title='bbox 2595 2781 2798 2851; x_wconf 82' lang='grc' dir='ltr'>γνῶσιν</span> <span class='ocrx_word' id='word_1_376' title='bbox 2844 2780 3086 2850; x_wconf 75' lang='grc' dir='ltr'>ἐφέσεως</span> <span class='ocrx_word' id='word_1_377' title='bbox 3111 2799 3126 2814; x_wconf 72' lang='grc' dir='ltr'><strong>ο</strong></span> <span class='ocrx_word' id='word_1_378' title='bbox 3154 2781 3264 2852; x_wconf 74' lang='grc' dir='ltr'><strong>τὴν</strong></span> <span class='ocrx_word' id='word_1_379' title='bbox 3283 2781 3342 2834; x_wconf 76' lang='grc' dir='ltr'><strong>δὲ</strong></span> <span class='ocrx_word' id='word_1_380' title='bbox 3382 2783 3505 2834; x_wconf 79' lang='grc' dir='ltr'>κατ’</span> <span class='ocrx_word' id='word_1_381' title='bbox 3537 2773 3856 2851; x_wconf 71' lang='grc' dir='ltr'>ἐνέργειαν,</span> 
     </span>
    </p>
   </div>
   <div class='ocr_carea' id='block_1_57' title="bbox 2269 2865 3856 2941">
    <p class='ocr_par' dir='ltr' id='par_1_57' title="bbox 2269 2865 3856 2941">
     <span class='ocr_line' id='line_1_57' title="bbox 2269 2865 3856 2941; baseline -0.003 -18"><span class='ocrx_word' id='word_1_382' title='bbox 2269 2870 2359 2924; x_wconf 77' lang='grc' dir='ltr'><strong>διὰ</strong></span> <span class='ocrx_word' id='word_1_383' title='bbox 2382 2871 2482 2940; x_wconf 76' lang='grc' dir='ltr'>τῆς</span> <span class='ocrx_word' id='word_1_384' title='bbox 2517 2870 2707 2941; x_wconf 82' lang='grc' dir='ltr'>πείρας</span> <span class='ocrx_word' id='word_1_385' title='bbox 2728 2869 2942 2940; x_wconf 83' lang='grc' dir='ltr'>μεθέξει</span> <span class='ocrx_word' id='word_1_386' title='bbox 2982 2869 3361 2940; x_wconf 82' lang='grc' dir='ltr'>παρεχομένην</span> <span class='ocrx_word' id='word_1_387' title='bbox 3392 2869 3488 2919; x_wconf 83' lang='grc' dir='ltr'><strong>τοῦ</strong></span> <span class='ocrx_word' id='word_1_388' title='bbox 3511 2865 3856 2934; x_wconf 69' lang='grc' dir='ltr'>γνωσθέντος</span> 
     </span>
    </p>
   </div>
   <div class='ocr_carea' id='block_1_58' title="bbox 2269 2956 3854 3032">
    <p class='ocr_par' dir='ltr' id='par_1_58' title="bbox 2269 2956 3854 3032">
     <span class='ocr_line' id='line_1_58' title="bbox 2269 2956 3854 3032; baseline -0.003 -19"><span class='ocrx_word' id='word_1_389' title='bbox 2269 2960 2366 3031; x_wconf 86' lang='grc' dir='ltr'><strong>τὴν</strong></span> <span class='ocrx_word' id='word_1_390' title='bbox 2383 2960 2639 3032; x_wconf 74' lang='grc' dir='ltr'>αἴσθησιν</span> <span class='ocrx_word' id='word_1_391' title='bbox 2666 2957 2828 3032; x_wconf 77' lang='lat' dir='ltr'><strong>[male</strong></span> <span class='ocrx_word' id='word_1_392' title='bbox 2844 2960 3006 3022; x_wconf 65' lang='lat' dir='ltr'><strong>edita,</strong></span> <span class='ocrx_word' id='word_1_393' title='bbox 3029 2959 3238 3028; x_wconf 81' lang='grc' dir='ltr'>ἔφεσιν,</span> <span class='ocrx_word' id='word_1_394' title='bbox 3265 2956 3658 3030; x_wconf 75' lang='lat' dir='ltr'><strong>cupiditatem],</strong></span> <span class='ocrx_word' id='word_1_395' title='bbox 3679 2958 3854 3026; x_wconf 76' lang='grc' dir='ltr'>ἀφαι-</span> 
     </span>
    </p>
   </div>
   <div class='ocr_carea' id='block_1_59' title="bbox 2273 3045 3853 3122">
    <p class='ocr_par' dir='ltr' id='par_1_59' title="bbox 2273 3045 3853 3122">
     <span class='ocr_line' id='line_1_59' title="bbox 2273 3045 3853 3122; baseline -0.001 -20"><span class='ocrx_word' id='word_1_396' title='bbox 2273 3050 2494 3122; x_wconf 83' lang='grc' dir='ltr'>ρετικὴν</span> <span class='ocrx_word' id='word_1_397' title='bbox 2539 3045 2680 3104; x_wconf 79' lang='grc' dir='ltr'>εἶναι</span> <span class='ocrx_word' id='word_1_398' title='bbox 2726 3050 2828 3120; x_wconf 82' lang='grc' dir='ltr'>τῆς</span> <span class='ocrx_word' id='word_1_399' title='bbox 2868 3051 2928 3104; x_wconf 74' lang='grc' dir='ltr'>ὲν</span> <span class='ocrx_word' id='word_1_400' title='bbox 2973 3049 3116 3120; x_wconf 82' lang='grc' dir='ltr'>λόγῳ</span> <span class='ocrx_word' id='word_1_401' title='bbox 3158 3047 3424 3120; x_wconf 67' lang='grc' dir='ltr'>κειμένης</span> <span class='ocrx_word' id='word_1_402' title='bbox 3462 3048 3562 3104; x_wconf 73' lang='grc' dir='ltr'><strong>καὶ</strong></span> <span class='ocrx_word' id='word_1_403' title='bbox 3598 3047 3853 3118; x_wconf 77' lang='grc' dir='ltr'>νοήμασι</span> 
     </span>
    </p>
   </div>
   <div class='ocr_carea' id='block_1_60' title="bbox 596 3131 2169 3208">
    <p class='ocr_par' dir='ltr' id='par_1_60' title="bbox 596 3137 2160 3206">
     <span class='ocr_line' id='line_1_60' title="bbox 596 3137 2160 3206; baseline 0.001 -15"><span class='ocrx_word' id='word_1_404' title='bbox 596 3138 778 3206; x_wconf 88' lang='lat' dir='ltr'><strong>reipsa</strong></span> <span class='ocrx_word' id='word_1_405' title='bbox 807 3137 1225 3206; x_wconf 90' lang='lat' dir='ltr'><strong>participatione</strong></span> <span class='ocrx_word' id='word_1_406' title='bbox 1255 3152 1319 3191; x_wconf 89' lang='lat' dir='ltr'><strong>ac</strong></span> <span class='ocrx_word' id='word_1_407' title='bbox 1345 3138 1676 3191; x_wconf 90' lang='lat' dir='ltr'><strong>commercio</strong></span> <span class='ocrx_word' id='word_1_408' title='bbox 1701 3147 1805 3203; x_wconf 89' lang='lat' dir='ltr'><strong>est,</strong></span> <span class='ocrx_word' id='word_1_409' title='bbox 1833 3139 2116 3193; x_wconf 87' lang='lat' dir='ltr'><strong>scientiam</strong></span> <span class='ocrx_word' id='word_1_410' title='bbox 2145 3155 2160 3193; x_wconf 87' lang='lat'><strong>:</strong></span> 
     </span>
    </p>
   </div>
   <div class='ocr_carea' id='block_1_61' title="bbox 2271 3131 2519 3208">
    <p class='ocr_par' dir='ltr' id='par_1_61' title="bbox 2271 3141 2519 3208">
     <span class='ocr_line' id='line_1_61' title="bbox 2271 3141 2519 3208; baseline 0 -14"><span class='ocrx_word' id='word_1_411' title='bbox 2271 3141 2519 3208; x_wconf 85' lang='grc' dir='ltr'>γνώσεως</span> 
     </span>
    </p>
   </div>
   <div class='ocr_carea' id='block_1_62' title="bbox 595 3225 3852 3301">
    <p class='ocr_par' dir='ltr' id='par_1_62' title="bbox 595 3225 3852 3301">
     <span class='ocr_line' id='line_1_62' title="bbox 595 3225 3852 3301; baseline 0 -20"><span class='ocrx_word' id='word_1_412' title='bbox 595 3226 740 3281; x_wconf 84' lang='lat' dir='ltr'><strong>hanc</strong></span> <span class='ocrx_word' id='word_1_413' title='bbox 787 3233 969 3279; x_wconf 80' lang='lat' dir='ltr'><strong>autem</strong></span> <span class='ocrx_word' id='word_1_414' title='bbox 1015 3241 1138 3293; x_wconf 78' lang='lat' dir='ltr'><strong>quae</strong></span> <span class='ocrx_word' id='word_1_415' title='bbox 1187 3239 1378 3278; x_wconf 88' lang='lat' dir='ltr'><strong>revera</strong></span> <span class='ocrx_word' id='word_1_416' title='bbox 1427 3240 1526 3294; x_wconf 87' lang='lat' dir='ltr'><strong>per</strong></span> <span class='ocrx_word' id='word_1_417' title='bbox 1571 3225 2010 3294; x_wconf 67' lang='lat' dir='ltr'><strong>experientiam,</strong></span> <span class='ocrx_word' id='word_1_418' title='bbox 2049 3231 2170 3296; x_wconf 81' lang='lat' dir='ltr'><strong>ejus</strong></span> <span class='ocrx_word' id='word_1_419' title='bbox 2238 3229 2412 3301; x_wconf 84' lang='lat' dir='ltr'><strong>ipsius</strong></span> <span class='ocrx_word' id='word_1_420' title='bbox 2445 3229 2592 3299; x_wconf 84' lang='lat' dir='ltr'><strong>quod</strong></span> <span class='ocrx_word' id='word_1_421' title='bbox 2632 3228 2806 3284; x_wconf 87' lang='lat' dir='ltr'><strong>scitur</strong></span> <span class='ocrx_word' id='word_1_422' title='bbox 2840 3241 2906 3283; x_wconf 88' lang='lat' dir='ltr'><strong>ac</strong></span> <span class='ocrx_word' id='word_1_423' title='bbox 2944 3225 3315 3300; x_wconf 67' lang='lat' dir='ltr'><strong>cognoscitur,</strong></span> <span class='ocrx_word' id='word_1_424' title='bbox 3376 3229 3496 3297; x_wconf 77' lang='lat' dir='ltr'><strong>ipsa</strong></span> <span class='ocrx_word' id='word_1_425' title='bbox 3533 3225 3685 3282; x_wconf 86' lang='lat' dir='ltr'><strong>illius</strong></span> <span class='ocrx_word' id='word_1_426' title='bbox 3721 3242 3852 3297; x_wconf 51' lang='lat' dir='ltr'><strong>per»</strong></span> 
     </span>
    </p>
   </div>
   <div class='ocr_carea' id='block_1_63' title="bbox 593 3318 3850 3404">
    <p class='ocr_par' dir='ltr' id='par_1_63' title="bbox 593 3318 3850 3404">
     <span class='ocr_line' id='line_1_63' title="bbox 593 3318 3850 3404; baseline 0 -29"><span class='ocrx_word' id='word_1_427' title='bbox 593 3319 847 3390; x_wconf 80' lang='lat' dir='ltr'><strong>eeptione</strong></span> <span class='ocrx_word' id='word_1_428' title='bbox 867 3333 1086 3373; x_wconf 87' lang='lat' dir='ltr'><strong>sensum</strong></span> <span class='ocrx_word' id='word_1_429' title='bbox 1109 3319 1336 3387; x_wconf 69' lang='lat' dir='ltr'><strong>prabet,</strong></span> <span class='ocrx_word' id='word_1_430' title='bbox 1355 3318 1623 3388; x_wconf 86' lang='lat' dir='ltr'><strong>ejusmodi</strong></span> <span class='ocrx_word' id='word_1_431' title='bbox 1642 3333 1784 3404; x_wconf 68' lang='lat' dir='ltr'><strong>esse,</strong></span> <span class='ocrx_word' id='word_1_432' title='bbox 1838 3327 1900 3374; x_wconf 85' lang='lat' dir='ltr'><strong>ut</strong></span> <span class='ocrx_word' id='word_1_433' title='bbox 1915 3320 2200 3377; x_wconf 83' lang='lat' dir='ltr'><strong>scientiam</strong></span> <span class='ocrx_word' id='word_1_434' title='bbox 2237 3323 2476 3393; x_wconf 84' lang='lat' dir='ltr'><strong>aboleat,</strong></span> <span class='ocrx_word' id='word_1_435' title='bbox 2543 3323 2600 3378; x_wconf 91' lang='lat' dir='ltr'><strong>in</strong></span> <span class='ocrx_word' id='word_1_436' title='bbox 2636 3322 2849 3380; x_wconf 84' lang='lat' dir='ltr'><strong>ratione</strong></span> <span class='ocrx_word' id='word_1_437' title='bbox 2887 3321 3167 3392; x_wconf 82' lang='lat' dir='ltr'><strong>animique</strong></span> <span class='ocrx_word' id='word_1_438' title='bbox 3207 3321 3391 3377; x_wconf 79' lang='lat' dir='ltr'><strong>sensis</strong></span> <span class='ocrx_word' id='word_1_439' title='bbox 3415 3335 3480 3377; x_wconf 71' lang='lat' dir='ltr'><strong>ac</strong></span> <span class='ocrx_word' id='word_1_440' title='bbox 3511 3319 3850 3390; x_wconf 74' lang='lat' dir='ltr'><strong>cogitatibus</strong></span> 
     </span>
    </p>
   </div>
   <div class='ocr_carea' id='block_1_64' title="bbox 642 3411 858 3466">
    <p class='ocr_par' dir='ltr' id='par_1_64' title="bbox 642 3411 858 3466">
     <span class='ocr_line' id='line_1_64' title="bbox 642 3411 858 3466; baseline -0.014 0"><span class='ocrx_word' id='word_1_441' title='bbox 642 3411 858 3466; x_wconf 85' lang='lat' dir='ltr'><strong>ositam.</strong></span> 
     </span>
    </p>
   </div>
   <div class='ocr_carea' id='block_1_65' title="bbox 594 3428 2166 3578">
    <p class='ocr_par' dir='ltr' id='par_1_65' title="bbox 594 3428 2166 3578">
     <span class='ocr_line' id='line_1_65' title="bbox 642 3428 858 3466; baseline -0.014 0"><span class='ocrx_word' id='word_1_442' title='bbox 642 3428 858 3466; x_wconf 79' lang='lat' dir='ltr'><strong>osuam.</strong></span> 
     </span>
     <span class='ocr_line' id='line_1_66' title="bbox 594 3428 2166 3578; baseline 0.001 -23"><span class='ocrx_word' id='word_1_443' title='bbox 594 3428 633 3483; x_wconf 59' lang='grc' dir='ltr'><strong>Ρ</strong></span> <span class='ocrx_word' id='word_1_444' title='bbox 667 3499 756 3556; x_wconf 77' lang='grc'><strong>50.</strong></span> <span class='ocrx_word' id='word_1_445' title='bbox 790 3497 1072 3567; x_wconf 89' lang='lat' dir='ltr'><strong>Duplicem</strong></span> <span class='ocrx_word' id='word_1_446' title='bbox 1105 3495 1240 3550; x_wconf 90' lang='lat' dir='ltr'><strong>dicit</strong></span> <span class='ocrx_word' id='word_1_447' title='bbox 1281 3510 1402 3550; x_wconf 88' lang='lat' dir='ltr'><strong>esse</strong></span> <span class='ocrx_word' id='word_1_448' title='bbox 1451 3495 1818 3578; x_wconf 81' lang='lat' dir='ltr'><strong>cognitionem</strong></span> <span class='ocrx_word' id='word_1_449' title='bbox 1852 3512 1950 3553; x_wconf 90' lang='lat' dir='ltr'><strong>seu</strong></span> <span class='ocrx_word' id='word_1_450' title='bbox 1986 3497 2166 3556; x_wconf 87' lang='lat' dir='ltr'><strong>scien-</strong></span> 
     </span>
    </p>
   </div>
   <div class='ocr_carea' id='block_1_66' title="bbox 595 3585 2169 3656">
    <p class='ocr_par' dir='ltr' id='par_1_66' title="bbox 595 3585 2169 3656">
     <span class='ocr_line' id='line_1_67' title="bbox 595 3585 2169 3656; baseline 0 -11"><span class='ocrx_word' id='word_1_451' title='bbox 595 3591 760 3656; x_wconf 87' lang='lat' dir='ltr'><strong>tiam;</strong></span> <span class='ocrx_word' id='word_1_452' title='bbox 793 3590 1024 3643; x_wconf 87' lang='lat' dir='ltr'><strong>alteram</strong></span> <span class='ocrx_word' id='word_1_453' title='bbox 1046 3587 1102 3641; x_wconf 90' lang='lat' dir='ltr'><strong>in</strong></span> <span class='ocrx_word' id='word_1_454' title='bbox 1132 3586 1342 3640; x_wconf 88' lang='lat' dir='ltr'><strong>ratione</strong></span> <span class='ocrx_word' id='word_1_455' title='bbox 1369 3585 1678 3656; x_wconf 88' lang='lat' dir='ltr'><strong>divinisque</strong></span> <span class='ocrx_word' id='word_1_456' title='bbox 1707 3588 1883 3644; x_wconf 86' lang='lat' dir='ltr'><strong>seusis</strong></span> <span class='ocrx_word' id='word_1_457' title='bbox 1907 3605 1970 3644; x_wconf 89' lang='lat' dir='ltr'><strong>ac</strong></span> <span class='ocrx_word' id='word_1_458' title='bbox 1992 3593 2169 3646; x_wconf 86' lang='lat' dir='ltr'><strong>notio-</strong></span> 
     </span>
    </p>
   </div>
   <div class='ocr_carea' id='block_1_67' title="bbox 593 3677 2166 3754">
    <p class='ocr_par' dir='ltr' id='par_1_67' title="bbox 593 3677 2166 3754">
     <span class='ocr_line' id='line_1_68' title="bbox 593 3677 2166 3754; baseline -0.003 -14"><span class='ocrx_word' id='word_1_459' title='bbox 593 3680 760 3740; x_wconf 84' lang='lat' dir='ltr'><strong>nibus</strong></span> <span class='ocrx_word' id='word_1_460' title='bbox 789 3679 1053 3754; x_wconf 84' lang='lat' dir='ltr'><strong>positam,</strong></span> <span class='ocrx_word' id='word_1_461' title='bbox 1087 3692 1190 3735; x_wconf 83' lang='lat' dir='ltr'><strong>nec</strong></span> <span class='ocrx_word' id='word_1_462' title='bbox 1220 3678 1401 3750; x_wconf 88' lang='lat' dir='ltr'><strong>ipsum</strong></span> <span class='ocrx_word' id='word_1_463' title='bbox 1429 3677 1734 3735; x_wconf 79' lang='lat' dir='ltr'><strong>secundum</strong></span> <span class='ocrx_word' id='word_1_464' title='bbox 1763 3681 1998 3751; x_wconf 86' lang='lat' dir='ltr'><strong>speciem</strong></span> <span class='ocrx_word' id='word_1_465' title='bbox 2025 3697 2166 3751; x_wconf 69' lang='lat' dir='ltr'><strong>prte-</strong></span> 
     </span>
    </p>
   </div>
   <div class='ocr_carea' id='block_1_68' title="bbox 591 3771 2167 3842">
    <p class='ocr_par' dir='ltr' id='par_1_68' title="bbox 591 3771 2167 3842">
     <span class='ocr_line' id='line_1_69' title="bbox 591 3771 2167 3842; baseline -0.004 -11"><span class='ocrx_word' id='word_1_466' title='bbox 591 3783 828 3838; x_wconf 78' lang='lat' dir='ltr'><strong>sentem,</strong></span> <span class='ocrx_word' id='word_1_467' title='bbox 861 3772 1019 3842; x_wconf 73' lang='lat'><strong>591</strong></span> <span class='ocrx_word' id='word_1_468' title='bbox 1060 3785 1250 3827; x_wconf 89' lang='lat' dir='ltr'><strong>eorum</strong></span> <span class='ocrx_word' id='word_1_469' title='bbox 1294 3787 1416 3840; x_wconf 65' lang='lat' dir='ltr'><strong>quas</strong></span> <span class='ocrx_word' id='word_1_470' title='bbox 1455 3780 1584 3826; x_wconf 88' lang='lat' dir='ltr'><strong>sunt</strong></span> <span class='ocrx_word' id='word_1_471' title='bbox 1622 3771 1916 3836; x_wconf 86' lang='lat' dir='ltr'><strong>intellecta,</strong></span> <span class='ocrx_word' id='word_1_472' title='bbox 1949 3786 2167 3827; x_wconf 88' lang='lat' dir='ltr'><strong>sensum</strong></span> 
     </span>
    </p>
   </div>
   <div class='ocr_carea' id='block_1_69' title="bbox 591 3860 2168 3930">
    <p class='ocr_par' dir='ltr' id='par_1_69' title="bbox 591 3860 2168 3930">
     <span class='ocr_line' id='line_1_70' title="bbox 591 3860 2168 3930; baseline -0.001 -11"><span class='ocrx_word' id='word_1_473' title='bbox 591 3863 920 3928; x_wconf 81' lang='lat' dir='ltr'><strong>habentem;</strong></span> <span class='ocrx_word' id='word_1_474' title='bbox 971 3863 1197 3918; x_wconf 86' lang='lat' dir='ltr'><strong>alteram</strong></span> <span class='ocrx_word' id='word_1_475' title='bbox 1250 3861 1306 3916; x_wconf 89' lang='lat' dir='ltr'><strong>in</strong></span> <span class='ocrx_word' id='word_1_476' title='bbox 1354 3870 1480 3916; x_wconf 90' lang='lat' dir='ltr'><strong>actu</strong></span> <span class='ocrx_word' id='word_1_477' title='bbox 1531 3860 1741 3930; x_wconf 90' lang='lat' dir='ltr'><strong>reipsa,</strong></span> <span class='ocrx_word' id='word_1_478' title='bbox 1786 3862 1902 3917; x_wconf 92' lang='lat' dir='ltr'><strong>sine</strong></span> <span class='ocrx_word' id='word_1_479' title='bbox 1957 3863 2168 3917; x_wconf 76' lang='lat' dir='ltr'><strong>ratione</strong></span> 
     </span>
    </p>
   </div>
   <div class='ocr_carea' id='block_1_70' title="bbox 582 3953 2166 4024">
    <p class='ocr_par' dir='ltr' id='par_1_70' title="bbox 582 3953 2166 4024">
     <span class='ocr_line' id='line_1_71' title="bbox 582 3953 2166 4024; baseline -0.002 -14"><span class='ocrx_word' id='word_1_480' title='bbox 582 3955 874 4024; x_wconf 80' lang='lat' dir='ltr'><strong>animique</strong></span> <span class='ocrx_word' id='word_1_481' title='bbox 909 3955 1086 4010; x_wconf 88' lang='lat' dir='ltr'><strong>sensis</strong></span> <span class='ocrx_word' id='word_1_482' title='bbox 1114 3970 1178 4010; x_wconf 86' lang='lat' dir='ltr'><strong>ae</strong></span> <span class='ocrx_word' id='word_1_483' title='bbox 1204 3953 1556 4024; x_wconf 84' lang='lat' dir='ltr'><strong>cogitatibus,</strong></span> <span class='ocrx_word' id='word_1_484' title='bbox 1583 3969 1839 4010; x_wconf 84' lang='lat' dir='ltr'><strong>verorum</strong></span> <span class='ocrx_word' id='word_1_485' title='bbox 1867 3954 2166 4008; x_wconf 86' lang='lat' dir='ltr'><strong>secundum</strong></span> 
     </span>
    </p>
   </div>
   <div class='ocr_carea' id='block_1_71' title="bbox 591 4043 2170 4114">
    <p class='ocr_par' dir='ltr' id='par_1_71' title="bbox 591 4043 2170 4114">
     <span class='ocr_line' id='line_1_72' title="bbox 591 4043 2170 4114; baseline -0.001 -14"><span class='ocrx_word' id='word_1_486' title='bbox 591 4046 832 4114; x_wconf 84' lang='lat' dir='ltr'><strong>speciem</strong></span> <span class='ocrx_word' id='word_1_487' title='bbox 874 4045 1165 4099; x_wconf 85' lang='lat' dir='ltr'><strong>habentem</strong></span> <span class='ocrx_word' id='word_1_488' title='bbox 1212 4043 1560 4100; x_wconf 78' lang='lat' dir='ltr'><strong>fruition‘em.‘</strong></span> <span class='ocrx_word' id='word_1_489' title='bbox 1589 4043 1746 4110; x_wconf 82' lang='lat' dir='ltr'><strong>Quod</strong></span> <span class='ocrx_word' id='word_1_490' title='bbox 1787 4044 1932 4098; x_wconf 90' lang='lat' dir='ltr'><strong>enim</strong></span> <span class='ocrx_word' id='word_1_491' title='bbox 1980 4060 2043 4098; x_wconf 91' lang='lat' dir='ltr'><strong>ea</strong></span> <span class='ocrx_word' id='word_1_492' title='bbox 2088 4045 2170 4098; x_wconf 79' lang='lat' dir='ltr'><strong>vis</strong></span> 
     </span>
    </p>
   </div>
   <div class='ocr_carea' id='block_1_72' title="bbox 528 4135 2168 4205">
    <p class='ocr_par' dir='ltr' id='par_1_72' title="bbox 528 4135 2168 4205">
     <span class='ocr_line' id='line_1_73' title="bbox 528 4135 2168 4205; baseline -0.001 -15"><span class='ocrx_word' id='word_1_493' title='bbox 528 4156 531 4157; x_wconf 49' lang='grc' dir='ltr'><strong>ν</strong></span> <span class='ocrx_word' id='word_1_494' title='bbox 592 4136 832 4191; x_wconf 79' lang='lat' dir='ltr'><strong>rationis</strong></span> <span class='ocrx_word' id='word_1_495' title='bbox 856 4149 1019 4205; x_wconf 87' lang='lat' dir='ltr'><strong>atque</strong></span> <span class='ocrx_word' id='word_1_496' title='bbox 1053 4135 1454 4204; x_wconf 85' lang='lat' dir='ltr'><strong>sermonis-per</strong></span> <span class='ocrx_word' id='word_1_497' title='bbox 1482 4135 1769 4189; x_wconf 82' lang='lat' dir='ltr'><strong>scientiam</strong></span> <span class='ocrx_word' id='word_1_498' title='bbox 1804 4151 1869 4188; x_wconf 85' lang='lat' dir='ltr'><strong>ac</strong></span> <span class='ocrx_word' id='word_1_499' title='bbox 1899 4135 2168 4204; x_wconf 85' lang='lat' dir='ltr'><strong>cognitio-</strong></span> 
     </span>
    </p>
   </div>
   <div class='ocr_carea' id='block_1_73' title="bbox 591 4225 2171 4294">
    <p class='ocr_par' dir='ltr' id='par_1_73' title="bbox 591 4225 2171 4294">
     <span class='ocr_line' id='line_1_74' title="bbox 591 4225 2171 4294; baseline -0.001 -14"><span class='ocrx_word' id='word_1_500' title='bbox 591 4241 720 4280; x_wconf 89' lang='lat' dir='ltr'><strong>nem</strong></span> <span class='ocrx_word' id='word_1_501' title='bbox 753 4235 858 4289; x_wconf 87' lang='lat' dir='ltr'><strong>est,</strong></span> <span class='ocrx_word' id='word_1_502' title='bbox 885 4234 945 4280; x_wconf 76' lang='lat' dir='ltr'><strong>ut</strong></span> <span class='ocrx_word' id='word_1_503' title='bbox 976 4225 1030 4279; x_wconf 91' lang='lat' dir='ltr'><strong>id</strong></span> <span class='ocrx_word' id='word_1_504' title='bbox 1065 4225 1210 4294; x_wconf 90' lang='lat' dir='ltr'><strong>quod</strong></span> <span class='ocrx_word' id='word_1_505' title='bbox 1247 4225 1420 4280; x_wconf 91' lang='lat' dir='ltr'><strong>scitur</strong></span> <span class='ocrx_word' id='word_1_506' title='bbox 1445 4239 1509 4278; x_wconf 91' lang='lat' dir='ltr'><strong>ac</strong></span> <span class='ocrx_word' id='word_1_507' title='bbox 1537 4225 1884 4294; x_wconf 76' lang='lat' dir='ltr'><strong>cognoscitur</strong></span> <span class='ocrx_word' id='word_1_508' title='bbox 1912 4225 2171 4279; x_wconf 81' lang='lat' dir='ltr'><strong>subnotet</strong></span> 
     </span>
    </p>
   </div>
   <div class='ocr_carea' id='block_1_74' title="bbox 587 4314 2167 4385">
    <p class='ocr_par' dir='ltr' id='par_1_74' title="bbox 587 4314 2167 4385">
     <span class='ocr_line' id='line_1_75' title="bbox 587 4314 2167 4385; baseline 0 -15"><span class='ocrx_word' id='word_1_509' title='bbox 587 4331 658 4370; x_wconf 89' lang='lat' dir='ltr'><strong>ac</strong></span> <span class='ocrx_word' id='word_1_510' title='bbox 687 4315 948 4380; x_wconf 87' lang='lat' dir='ltr'><strong>insinuet,</strong></span> <span class='ocrx_word' id='word_1_511' title='bbox 975 4330 1164 4370; x_wconf 87' lang='lat' dir='ltr'><strong>eorum</strong></span> <span class='ocrx_word' id='word_1_512' title='bbox 1198 4314 1291 4384; x_wconf 88' lang='lat' dir='ltr'><strong>qui</strong></span> <span class='ocrx_word' id='word_1_513' title='bbox 1325 4315 1441 4384; x_wconf 86' lang='lat' dir='ltr'><strong>ipso</strong></span> <span class='ocrx_word' id='word_1_514' title='bbox 1476 4323 1765 4370; x_wconf 85' lang='lat' dir='ltr'><strong>moventur</strong></span> <span class='ocrx_word' id='word_1_515' title='bbox 1793 4315 2167 4385; x_wconf 75' lang='lat' dir='ltr'><strong>cupiditatem,</strong></span> 
     </span>
    </p>
   </div>
   <div class='ocr_carea' id='block_1_75' title="bbox 587 4404 1886 4475">
    <p class='ocr_par' dir='ltr' id='par_1_75' title="bbox 587 4404 1886 4475">
     <span class='ocr_line' id='line_1_76' title="bbox 587 4404 1886 4475; baseline -0.001 -16"><span class='ocrx_word' id='word_1_516' title='bbox 587 4405 660 4459; x_wconf 84' lang='lat' dir='ltr'><strong>ad</strong></span> <span class='ocrx_word' id='word_1_517' title='bbox 689 4404 741 4458; x_wconf 92' lang='lat' dir='ltr'><strong>id</strong></span> <span class='ocrx_word' id='word_1_518' title='bbox 766 4406 913 4474; x_wconf 85' lang='lat' dir='ltr'><strong>quod</strong></span> <span class='ocrx_word' id='word_1_519' title='bbox 943 4405 1214 4475; x_wconf 84' lang='lat' dir='ltr'><strong>signatum</strong></span> <span class='ocrx_word' id='word_1_520' title='bbox 1241 4413 1344 4470; x_wconf 90' lang='lat' dir='ltr'><strong>est,</strong></span> <span class='ocrx_word' id='word_1_521' title='bbox 1371 4404 1670 4459; x_wconf 76' lang='lat' dir='ltr'><strong>fruendum</strong></span> <span class='ocrx_word' id='word_1_522' title='bbox 1687 4414 1886 4458; x_wconf 86' lang='lat' dir='ltr'><strong>movet.</strong></span> 
     </span>
    </p>
   </div>
   <div class='ocr_carea' id='block_1_76' title="bbox 660 4493 2172 4564">
    <p class='ocr_par' dir='ltr' id='par_1_76' title="bbox 660 4493 2172 4564">
     <span class='ocr_line' id='line_1_77' title="bbox 660 4493 2172 4564; baseline 0.001 -18"><span class='ocrx_word' id='word_1_523' title='bbox 660 4493 749 4547; x_wconf 80' lang='lat'><strong>5|.</strong></span> <span class='ocrx_word' id='word_1_524' title='bbox 788 4494 960 4547; x_wconf 86' lang='lat' dir='ltr'><strong>Aiunt</strong></span> <span class='ocrx_word' id='word_1_525' title='bbox 995 4495 1099 4547; x_wconf 88' lang='lat' dir='ltr'><strong>viri</strong></span> <span class='ocrx_word' id='word_1_526' title='bbox 1130 4495 1411 4563; x_wconf 90' lang='lat' dir='ltr'><strong>sapientes</strong></span> <span class='ocrx_word' id='word_1_527' title='bbox 1448 4493 1564 4548; x_wconf 81' lang='lat' dir='ltr'><strong>ﬁeri</strong></span> <span class='ocrx_word' id='word_1_528' title='bbox 1607 4509 1717 4548; x_wconf 91' lang='lat' dir='ltr'><strong>non</strong></span> <span class='ocrx_word' id='word_1_529' title='bbox 1751 4509 1932 4562; x_wconf 87' lang='lat' dir='ltr'><strong>posse,</strong></span> <span class='ocrx_word' id='word_1_530' title='bbox 1962 4502 2025 4547; x_wconf 89' lang='lat' dir='ltr'><strong>ut</strong></span> <span class='ocrx_word' id='word_1_531' title='bbox 2050 4509 2172 4564; x_wconf 69' lang='lat' dir='ltr'><strong>qua:</strong></span> 
     </span>
    </p>
   </div>
   <div class='ocr_carea' id='block_1_77' title="bbox 591 4581 2169 4655">
    <p class='ocr_par' dir='ltr' id='par_1_77' title="bbox 591 4581 2169 4655">
     <span class='ocr_line' id='line_1_78' title="bbox 591 4581 2169 4655; baseline 0.003 -19"><span class='ocrx_word' id='word_1_532' title='bbox 591 4581 663 4637; x_wconf 86' lang='lat' dir='ltr'><strong>de</strong></span> <span class='ocrx_word' id='word_1_533' title='bbox 695 4582 808 4637; x_wconf 88' lang='lat' dir='ltr'><strong>Deo</strong></span> <span class='ocrx_word' id='word_1_534' title='bbox 826 4585 968 4637; x_wconf 86' lang='lat' dir='ltr'><strong>ratio</strong></span> <span class='ocrx_word' id='word_1_535' title='bbox 995 4593 1099 4649; x_wconf 90' lang='lat' dir='ltr'><strong>est,</strong></span> <span class='ocrx_word' id='word_1_536' title='bbox 1131 4600 1238 4639; x_wconf 90' lang='lat' dir='ltr'><strong>una</strong></span> <span class='ocrx_word' id='word_1_537' title='bbox 1265 4585 1338 4639; x_wconf 87' lang='lat' dir='ltr'><strong>sit</strong></span> <span class='ocrx_word' id='word_1_538' title='bbox 1371 4599 1496 4638; x_wconf 89' lang='lat' dir='ltr'><strong>cum</strong></span> <span class='ocrx_word' id='word_1_539' title='bbox 1528 4585 1625 4639; x_wconf 89' lang='lat' dir='ltr'><strong>Dei</strong></span> <span class='ocrx_word' id='word_1_540' title='bbox 1649 4587 2055 4655; x_wconf 85' lang='lat' dir='ltr'><strong>experimento;</strong></span> <span class='ocrx_word' id='word_1_541' title='bbox 2083 4587 2169 4640; x_wconf 90' lang='lat' dir='ltr'><strong>vel</strong></span> 
     </span>
    </p>
   </div>
   <div class='ocr_carea' id='block_1_78' title="bbox 593 4670 2163 4744">
    <p class='ocr_par' dir='ltr' id='par_1_78' title="bbox 593 4670 2163 4744">
     <span class='ocr_line' id='line_1_79' title="bbox 593 4670 2163 4744; baseline 0.002 -19"><span class='ocrx_word' id='word_1_542' title='bbox 593 4679 658 4725; x_wconf 93' lang='lat' dir='ltr'><strong>ut</strong></span> <span class='ocrx_word' id='word_1_543' title='bbox 686 4670 944 4742; x_wconf 77' lang='lat' dir='ltr'><strong>cogitatio</strong></span> <span class='ocrx_word' id='word_1_544' title='bbox 977 4682 1140 4742; x_wconf 85' lang='lat' dir='ltr'><strong>atque</strong></span> <span class='ocrx_word' id='word_1_545' title='bbox 1169 4674 1343 4738; x_wconf 91' lang='lat' dir='ltr'><strong>notio,</strong></span> <span class='ocrx_word' id='word_1_546' title='bbox 1378 4690 1482 4728; x_wconf 90' lang='lat' dir='ltr'><strong>una</strong></span> <span class='ocrx_word' id='word_1_547' title='bbox 1512 4689 1637 4727; x_wconf 93' lang='lat' dir='ltr'><strong>cum</strong></span> <span class='ocrx_word' id='word_1_548' title='bbox 1667 4675 1765 4728; x_wconf 90' lang='lat' dir='ltr'><strong>Dei</strong></span> <span class='ocrx_word' id='word_1_549' title='bbox 1799 4690 1964 4730; x_wconf 85' lang='lat' dir='ltr'><strong>sensu</strong></span> <span class='ocrx_word' id='word_1_550' title='bbox 2002 4690 2163 4744; x_wconf 63' lang='lat' dir='ltr'><strong>repeo</strong></span> 
     </span>
    </p>
   </div>
   <div class='ocr_carea' id='block_1_79' title="bbox 2339 3497 3849 3574">
    <p class='ocr_par' dir='ltr' id='par_1_79' title="bbox 2339 3497 3849 3574">
     <span class='ocr_line' id='line_1_80' title="bbox 2339 3497 3849 3574; baseline -0.002 -17"><span class='ocrx_word' id='word_1_551' title='bbox 2339 3502 2403 3558; x_wconf 86' lang='grc' dir='ltr'><strong>λ’.</strong></span> <span class='ocrx_word' id='word_1_552' title='bbox 2444 3503 2638 3574; x_wconf 86' lang='grc' dir='ltr'>Διττὴν</span> <span class='ocrx_word' id='word_1_553' title='bbox 2684 3497 2824 3556; x_wconf 79' lang='grc' dir='ltr'>εἶναι</span> <span class='ocrx_word' id='word_1_554' title='bbox 2863 3500 3012 3570; x_wconf 82' lang='grc' dir='ltr'>λέγει</span> <span class='ocrx_word' id='word_1_555' title='bbox 3059 3499 3160 3570; x_wconf 82' lang='grc' dir='ltr'><strong>τὴν</strong></span> <span class='ocrx_word' id='word_1_556' title='bbox 3203 3499 3428 3568; x_wconf 73' lang='grc' dir='ltr'>γνῶσιν,</span> <span class='ocrx_word' id='word_1_557' title='bbox 3477 3499 3574 3566; x_wconf 79' lang='grc' dir='ltr'><strong>τὴν</strong></span> <span class='ocrx_word' id='word_1_558' title='bbox 3621 3498 3755 3572; x_wconf 71' lang='grc' dir='ltr'>μὲν,</span> <span class='ocrx_word' id='word_1_559' title='bbox 3793 3501 3849 3554; x_wconf 70' lang='grc' dir='ltr'>ὲν</span> 
     </span>
    </p>
   </div>
   <div class='ocr_carea' id='block_1_80' title="bbox 2266 3581 3847 3665">
    <p class='ocr_par' dir='ltr' id='par_1_80' title="bbox 2266 3581 3847 3665">
     <span class='ocr_line' id='line_1_81' title="bbox 2266 3581 3847 3665; baseline -0.01 -15"><span class='ocrx_word' id='word_1_560' title='bbox 2266 3595 2410 3665; x_wconf 82' lang='grc' dir='ltr'>λόγῳ</span> <span class='ocrx_word' id='word_1_561' title='bbox 2449 3595 2706 3665; x_wconf 84' lang='grc' dir='ltr'>κειμένην</span> <span class='ocrx_word' id='word_1_562' title='bbox 2737 3594 2830 3646; x_wconf 74' lang='grc' dir='ltr'><strong>καὶ</strong></span> <span class='ocrx_word' id='word_1_563' title='bbox 2855 3591 3018 3653; x_wconf 84' lang='grc' dir='ltr'>θείοις</span> <span class='ocrx_word' id='word_1_564' title='bbox 3061 3592 3318 3660; x_wconf 81' lang='grc' dir='ltr'>νοήμασι,</span> <span class='ocrx_word' id='word_1_565' title='bbox 3357 3588 3475 3643; x_wconf 73' lang='grc' dir='ltr'>κατ’</span> <span class='ocrx_word' id='word_1_566' title='bbox 3505 3581 3648 3650; x_wconf 71' lang='grc' dir='ltr'>εἶδος</span> <span class='ocrx_word' id='word_1_567' title='bbox 3685 3607 3847 3661; x_wconf 84' lang='grc' dir='ltr'>παρ-</span> 
     </span>
    </p>
   </div>
   <div class='ocr_carea' id='block_1_81' title="bbox 2266 3679 3847 3756">
    <p class='ocr_par' dir='ltr' id='par_1_81' title="bbox 2266 3679 3847 3756">
     <span class='ocr_line' id='line_1_82' title="bbox 2266 3679 3847 3756; baseline -0.003 -16"><span class='ocrx_word' id='word_1_568' title='bbox 2266 3686 2430 3741; x_wconf 85' lang='grc' dir='ltr'>οὖσαν</span> <span class='ocrx_word' id='word_1_569' title='bbox 2468 3687 2568 3756; x_wconf 81' lang='grc' dir='ltr'><strong>τὴν</strong></span> <span class='ocrx_word' id='word_1_570' title='bbox 2620 3684 2872 3752; x_wconf 75' lang='grc' dir='ltr'>αἴσθησιν</span> <span class='ocrx_word' id='word_1_571' title='bbox 2924 3681 3047 3736; x_wconf 83' lang='grc' dir='ltr'>τῶν·</span> <span class='ocrx_word' id='word_1_572' title='bbox 3091 3681 3395 3751; x_wconf 82' lang='grc' dir='ltr'>νοηθέντων</span> <span class='ocrx_word' id='word_1_573' title='bbox 3442 3680 3541 3733; x_wconf 76' lang='grc' dir='ltr'>οὐκ</span> <span class='ocrx_word' id='word_1_574' title='bbox 3573 3679 3847 3750; x_wconf 63' lang='grc' dir='ltr'>ἔχουσαν</span> 
     </span>
    </p>
   </div>
   <div class='ocr_carea' id='block_1_82' title="bbox 2265 3771 3846 3846">
    <p class='ocr_par' dir='ltr' id='par_1_82' title="bbox 2265 3771 3846 3846">
     <span class='ocr_line' id='line_1_83' title="bbox 2265 3771 3846 3846; baseline -0.003 -18"><span class='ocrx_word' id='word_1_575' title='bbox 2265 3778 2366 3846; x_wconf 75' lang='grc' dir='ltr'><strong>τὴν</strong></span> <span class='ocrx_word' id='word_1_576' title='bbox 2395 3777 2474 3839; x_wconf 81' lang='grc' dir='ltr'><strong>δὲ,</strong></span> <span class='ocrx_word' id='word_1_577' title='bbox 2510 3777 2631 3829; x_wconf 78' lang='grc' dir='ltr'>κατ’</span> <span class='ocrx_word' id='word_1_578' title='bbox 2685 3775 2968 3844; x_wconf 77' lang='grc' dir='ltr'>ἐνέργειαν</span> <span class='ocrx_word' id='word_1_579' title='bbox 3023 3773 3189 3842; x_wconf 81' lang='grc' dir='ltr'>μόνην</span> <span class='ocrx_word' id='word_1_580' title='bbox 3229 3771 3478 3842; x_wconf 70' lang='grc' dir='ltr'>ἔχουσαν,</span> <span class='ocrx_word' id='word_1_581' title='bbox 3514 3771 3640 3842; x_wconf 77' lang='grc' dir='ltr'>δίχα</span> <span class='ocrx_word' id='word_1_582' title='bbox 3681 3771 3846 3840; x_wconf 76' lang='grc' dir='ltr'>λόγου</span> 
     </span>
    </p>
   </div>
   <div class='ocr_carea' id='block_1_83' title="bbox 2269 3857 3847 3937">
    <p class='ocr_par' dir='ltr' id='par_1_83' title="bbox 2269 3857 3847 3937">
     <span class='ocr_line' id='line_1_84' title="bbox 2269 3857 3847 3937; baseline -0.004 -15"><span class='ocrx_word' id='word_1_583' title='bbox 2269 3869 2362 3922; x_wconf 64' lang='grc' dir='ltr'><strong>καὶ</strong></span> <span class='ocrx_word' id='word_1_584' title='bbox 2404 3867 2692 3937; x_wconf 81' lang='grc' dir='ltr'>νοημάτων</span> <span class='ocrx_word' id='word_1_585' title='bbox 2736 3865 2848 3918; x_wconf 87' lang='grc' dir='ltr'><strong>τῶν</strong></span> <span class='ocrx_word' id='word_1_586' title='bbox 2887 3864 3106 3934; x_wconf 71' lang='grc' dir='ltr'>ἀληθῶν</span> <span class='ocrx_word' id='word_1_587' title='bbox 3135 3865 3232 3934; x_wconf 77' lang='grc' dir='ltr'><strong>τὴν</strong></span> <span class='ocrx_word' id='word_1_588' title='bbox 3272 3865 3395 3918; x_wconf 79' lang='grc' dir='ltr'>κατ’</span> <span class='ocrx_word' id='word_1_589' title='bbox 3427 3857 3567 3926; x_wconf 70' lang='grc' dir='ltr'>εἶδος</span> <span class='ocrx_word' id='word_1_590' title='bbox 3612 3862 3847 3917; x_wconf 74' lang='grc' dir='ltr'><strong>ἀπόλαυ-</strong></span> 
     </span>
    </p>
   </div>
   <div class='ocr_carea' id='block_1_84' title="bbox 2270 3955 3846 4029">
    <p class='ocr_par' dir='ltr' id='par_1_84' title="bbox 2270 3955 3846 4029">
     <span class='ocr_line' id='line_1_85' title="bbox 2270 3955 3846 4029; baseline -0.003 -16"><span class='ocrx_word' id='word_1_591' title='bbox 2270 3977 2372 4014; x_wconf 88' lang='grc' dir='ltr'>σιν.</span> <span class='ocrx_word' id='word_1_592' title='bbox 2422 3959 2640 4026; x_wconf 83' lang='grc' dir='ltr'>Ἐπειδὴ</span> <span class='ocrx_word' id='word_1_593' title='bbox 2688 3957 2797 4029; x_wconf 86' lang='grc' dir='ltr'><strong>γὰρ</strong></span> <span class='ocrx_word' id='word_1_594' title='bbox 2832 3956 2922 4011; x_wconf 81' lang='grc' dir='ltr'><strong>διὰ</strong></span> <span class='ocrx_word' id='word_1_595' title='bbox 2961 3955 3213 4024; x_wconf 85' lang='grc' dir='ltr'>γνώσεως</span> <span class='ocrx_word' id='word_1_596' title='bbox 3257 3956 3286 4007; x_wconf 81' lang='grc' dir='ltr'><strong>ὁ</strong></span> <span class='ocrx_word' id='word_1_597' title='bbox 3327 3955 3484 4022; x_wconf 82' lang='grc' dir='ltr'>λόγος</span> <span class='ocrx_word' id='word_1_598' title='bbox 3513 3955 3575 4007; x_wconf 80' lang='grc' dir='ltr'><strong>τὸ</strong></span> <span class='ocrx_word' id='word_1_599' title='bbox 3603 3955 3846 4023; x_wconf 77' lang='grc' dir='ltr'>γνωστὸν</span> 
     </span>
    </p>
   </div>
   <div class='ocr_carea' id='block_1_85' title="bbox 2269 4045 3845 4118">
    <p class='ocr_par' dir='ltr' id='par_1_85' title="bbox 2269 4045 3845 4118">
     <span class='ocr_line' id='line_1_86' title="bbox 2269 4045 3845 4118; baseline -0.003 -16"><span class='ocrx_word' id='word_1_600' title='bbox 2269 4051 2514 4118; x_wconf 81' lang='grc' dir='ltr'>πέφυκεν</span> <span class='ocrx_word' id='word_1_601' title='bbox 2547 4048 2972 4118; x_wconf 62' lang='grc' dir='ltr'>ὑποσημαίνειν,</span> <span class='ocrx_word' id='word_1_602' title='bbox 3005 4049 3146 4100; x_wconf 80' lang='grc' dir='ltr'>κινεῖ</span> <span class='ocrx_word' id='word_1_603' title='bbox 3191 4046 3302 4114; x_wconf 63' lang='grc' dir='ltr'><strong>τὴν</strong></span> <span class='ocrx_word' id='word_1_604' title='bbox 3317 4046 3502 4113; x_wconf 64' lang='grc' dir='ltr'>ὕφεσιν</span> <span class='ocrx_word' id='word_1_605' title='bbox 3523 4046 3633 4097; x_wconf 83' lang='grc' dir='ltr'>τῶν</span> <span class='ocrx_word' id='word_1_606' title='bbox 3651 4045 3718 4097; x_wconf 77' lang='grc' dir='ltr'><strong>δι’</strong></span> <span class='ocrx_word' id='word_1_607' title='bbox 3749 4046 3845 4099; x_wconf 84' lang='grc' dir='ltr'><strong>αὒ-</strong></span> 
     </span>
    </p>
   </div>
   <div class='ocr_carea' id='block_1_86' title="bbox 2267 4137 3842 4212">
    <p class='ocr_par' dir='ltr' id='par_1_86' title="bbox 2267 4137 3842 4212">
     <span class='ocr_line' id='line_1_87' title="bbox 2267 4137 3842 4212; baseline -0.003 -18"><span class='ocrx_word' id='word_1_608' title='bbox 2267 4141 2364 4194; x_wconf 87' lang='grc' dir='ltr'><strong>τοῦ</strong></span> <span class='ocrx_word' id='word_1_609' title='bbox 2391 4141 2747 4212; x_wconf 81' lang='grc' dir='ltr'>κινουμένων,</span> <span class='ocrx_word' id='word_1_610' title='bbox 2781 4140 2918 4212; x_wconf 82' lang='grc' dir='ltr'>πρὸς</span> <span class='ocrx_word' id='word_1_611' title='bbox 2943 4139 3043 4211; x_wconf 84' lang='grc' dir='ltr'><strong>τὴν</strong></span> <span class='ocrx_word' id='word_1_612' title='bbox 3067 4137 3161 4193; x_wconf 86' lang='grc' dir='ltr'><strong>τοῦ</strong></span> <span class='ocrx_word' id='word_1_613' title='bbox 3209 4137 3579 4208; x_wconf 78' lang='grc' dir='ltr'>σημανθέντος</span> <span class='ocrx_word' id='word_1_614' title='bbox 3608 4138 3842 4193; x_wconf 73' lang='grc' dir='ltr'><strong>ἀπόλαυ-</strong></span> 
     </span>
    </p>
   </div>
   <div class='ocr_carea' id='block_1_87' title="bbox 2273 4249 2394 4286">
    <p class='ocr_par' dir='ltr' id='par_1_87' title="bbox 2273 4249 2394 4286">
     <span class='ocr_line' id='line_1_88' title="bbox 2273 4249 2394 4286; baseline 0.008 -1"><span class='ocrx_word' id='word_1_615' title='bbox 2273 4249 2394 4286; x_wconf 84' lang='grc' dir='ltr'>σιν.·</span> 
     </span>
    </p>
   </div>
   <div class='ocr_carea' id='block_1_88' title="bbox 2337 4476 3841 4555">
    <p class='ocr_par' dir='ltr' id='par_1_88' title="bbox 2337 4476 3841 4555">
     <span class='ocr_line' id='line_1_89' title="bbox 2337 4476 3841 4555; baseline -0.01 -15"><span class='ocrx_word' id='word_1_616' title='bbox 2337 4485 2442 4541; x_wconf 85' lang='grc' dir='ltr'>λα’.</span> <span class='ocrx_word' id='word_1_617' title='bbox 2494 4485 2800 4555; x_wconf 81' lang='grc' dir='ltr'>’Δμήχανον</span> <span class='ocrx_word' id='word_1_618' title='bbox 2839 4478 2980 4537; x_wconf 74' lang='grc' dir='ltr'>εἷναί</span> <span class='ocrx_word' id='word_1_619' title='bbox 3028 4496 3193 4549; x_wconf 83' lang='grc' dir='ltr'>φασιν</span> <span class='ocrx_word' id='word_1_620' title='bbox 3245 4479 3296 4531; x_wconf 82' lang='grc' dir='ltr'><strong>οἱ</strong></span> <span class='ocrx_word' id='word_1_621' title='bbox 3346 4476 3524 4544; x_wconf 60' lang='grc' dir='ltr'>σοφοὶ,</span> <span class='ocrx_word' id='word_1_622' title='bbox 3564 4477 3841 4544; x_wconf 67' lang='grc' dir='ltr'>συνυπάρ-</span> 
     </span>
    </p>
   </div>
   <div class='ocr_carea' id='block_1_89' title="bbox 2269 4568 3836 4649">
    <p class='ocr_par' dir='ltr' id='par_1_89' title="bbox 2269 4568 3836 4649">
     <span class='ocr_line' id='line_1_90' title="bbox 2269 4568 3836 4649; baseline -0.009 -17"><span class='ocrx_word' id='word_1_623' title='bbox 2269 4596 2388 4649; x_wconf 86' lang='grc' dir='ltr'>χειν</span> <span class='ocrx_word' id='word_1_624' title='bbox 2412 4579 2479 4648; x_wconf 83' lang='grc' dir='ltr'>τῇ</span> <span class='ocrx_word' id='word_1_625' title='bbox 2515 4579 2682 4646; x_wconf 66' lang='grc' dir='ltr'>πείρᾳ</span> <span class='ocrx_word' id='word_1_626' title='bbox 2711 4573 2804 4627; x_wconf 88' lang='grc' dir='ltr'><strong>τοῦ</strong></span> <span class='ocrx_word' id='word_1_627' title='bbox 2836 4574 2992 4638; x_wconf 88' lang='grc' dir='ltr'>Θεοῦ,</span> <span class='ocrx_word' id='word_1_628' title='bbox 3019 4572 3112 4625; x_wconf 81' lang='grc' dir='ltr'><strong>τὸν</strong></span> <span class='ocrx_word' id='word_1_629' title='bbox 3137 4572 3266 4644; x_wconf 71' lang='grc' dir='ltr'>περὶ</span> <span class='ocrx_word' id='word_1_630' title='bbox 3305 4569 3470 4623; x_wconf 81' lang='grc' dir='ltr'>αὐτοῦ</span> <span class='ocrx_word' id='word_1_631' title='bbox 3505 4569 3691 4635; x_wconf 80' lang='grc' dir='ltr'>λόγον,</span> <span class='ocrx_word' id='word_1_632' title='bbox 3719 4568 3753 4638; x_wconf 79' lang='grc' dir='ltr'><strong>ἦ</strong></span> <span class='ocrx_word' id='word_1_633' title='bbox 3778 4570 3836 4636; x_wconf 77' lang='grc' dir='ltr'>τῇ</span> 
     </span>
    </p>
   </div>
   <div class='ocr_carea' id='block_1_90' title="bbox 2271 4658 3838 4740">
    <p class='ocr_par' dir='ltr' id='par_1_90' title="bbox 2271 4658 3838 4740">
     <span class='ocr_line' id='line_1_91' title="bbox 2271 4658 3838 4740; baseline -0.009 -17"><span class='ocrx_word' id='word_1_634' title='bbox 2271 4672 2526 4740; x_wconf 75' lang='grc' dir='ltr'>αἰσθήσει</span> <span class='ocrx_word' id='word_1_635' title='bbox 2565 4667 2659 4720; x_wconf 86' lang='grc' dir='ltr'><strong>τοῦ</strong></span> <span class='ocrx_word' id='word_1_636' title='bbox 2693 4665 2849 4731; x_wconf 87' lang='grc' dir='ltr'>Θεοῦ,</span> <span class='ocrx_word' id='word_1_637' title='bbox 2871 4664 2970 4736; x_wconf 82' lang='grc' dir='ltr'><strong>τὴν</strong></span> <span class='ocrx_word' id='word_1_638' title='bbox 2999 4663 3127 4734; x_wconf 78' lang='grc' dir='ltr'>περὶ</span> <span class='ocrx_word' id='word_1_639' title='bbox 3159 4662 3324 4716; x_wconf 81' lang='grc' dir='ltr'>αὑτοῦ</span> <span class='ocrx_word' id='word_1_640' title='bbox 3353 4661 3561 4730; x_wconf 82' lang='grc' dir='ltr'>νόησιν.</span> <span class='ocrx_word' id='word_1_641' title='bbox 3591 4660 3768 4725; x_wconf 82' lang='grc' dir='ltr'>Λόγον</span> <span class='ocrx_word' id='word_1_642' title='bbox 3788 4658 3838 4710; x_wconf 75' lang='grc' dir='ltr'><strong>δὲ</strong></span> 
     </span>
    </p>
   </div>
   <div class='ocr_carea' id='block_1_91' title="bbox 594 4750 2169 4832">
    <p class='ocr_par' dir='ltr' id='par_1_91' title="bbox 594 4761 2160 4832">
     <span class='ocr_line' id='line_1_92' title="bbox 594 4761 2160 4832; baseline 0.003 -19"><span class='ocrx_word' id='word_1_643' title='bbox 594 4761 794 4816; x_wconf 89' lang='lat' dir='ltr'><strong>riatur.</strong></span> <span class='ocrx_word' id='word_1_644' title='bbox 820 4761 1111 4817; x_wconf 82' lang='lat' dir='ltr'><strong>Rationem</strong></span> <span class='ocrx_word' id='word_1_645' title='bbox 1139 4773 1320 4818; x_wconf 79' lang='lat' dir='ltr'><strong>autem</strong></span> <span class='ocrx_word' id='word_1_646' title='bbox 1364 4763 1434 4818; x_wconf 89' lang='lat' dir='ltr'><strong>de</strong></span> <span class='ocrx_word' id='word_1_647' title='bbox 1461 4764 1575 4818; x_wconf 90' lang='lat' dir='ltr'><strong>Deo</strong></span> <span class='ocrx_word' id='word_1_648' title='bbox 1601 4763 1749 4828; x_wconf 90' lang='lat' dir='ltr'><strong>dico,</strong></span> <span class='ocrx_word' id='word_1_649' title='bbox 1791 4779 1912 4832; x_wconf 78' lang='lat' dir='ltr'><strong>qua:</strong></span> <span class='ocrx_word' id='word_1_650' title='bbox 1974 4780 2041 4819; x_wconf 85' lang='lat' dir='ltr'><strong>ex</strong></span> <span class='ocrx_word' id='word_1_651' title='bbox 2071 4780 2160 4818; x_wconf 88' lang='lat' dir='ltr'><strong>re-</strong></span> 
     </span>
    </p>
   </div>
   <div class='ocr_carea' id='block_1_92' title="bbox 2271 4750 3836 4832">
    <p class='ocr_par' dir='ltr' id='par_1_92' title="bbox 2271 4750 3836 4830">
     <span class='ocr_line' id='line_1_93' title="bbox 2271 4750 3836 4830; baseline -0.009 -16"><span class='ocrx_word' id='word_1_652' title='bbox 2271 4762 2394 4830; x_wconf 72' lang='grc' dir='ltr'>περὶ</span> <span class='ocrx_word' id='word_1_653' title='bbox 2422 4759 2558 4814; x_wconf 90' lang='grc' dir='ltr'>Θεοῦ</span> <span class='ocrx_word' id='word_1_654' title='bbox 2609 4775 2771 4828; x_wconf 80' lang='grc' dir='ltr'>φημι,</span> <span class='ocrx_word' id='word_1_655' title='bbox 2814 4757 2912 4827; x_wconf 82' lang='grc' dir='ltr'><strong>τὴν</strong></span> <span class='ocrx_word' id='word_1_656' title='bbox 2961 4758 3026 4809; x_wconf 83' lang='grc' dir='ltr'><strong>ὲκ</strong></span> <span class='ocrx_word' id='word_1_657' title='bbox 3065 4755 3174 4808; x_wconf 85' lang='grc' dir='ltr'>τῶν</span> <span class='ocrx_word' id='word_1_658' title='bbox 3210 4755 3379 4808; x_wconf 72' lang='grc' dir='ltr'>ὅντων</span> <span class='ocrx_word' id='word_1_659' title='bbox 3419 4752 3717 4819; x_wconf 82' lang='grc' dir='ltr'>ἀναλογίαν</span> <span class='ocrx_word' id='word_1_660' title='bbox 3748 4750 3836 4817; x_wconf 72' lang='grc' dir='ltr'><strong>τῆς</strong></span> 
     </span>
    </p>
   </div>
   <div class='ocr_carea' id='block_1_93' title="bbox 592 4849 2164 4924">
    <p class='ocr_par' dir='ltr' id='par_1_93' title="bbox 592 4849 2164 4924">
     <span class='ocr_line' id='line_1_94' title="bbox 592 4849 2164 4924; baseline 0.001 -18"><span class='ocrx_word' id='word_1_661' title='bbox 592 4849 698 4906; x_wconf 83' lang='lat' dir='ltr'><strong>bus</strong></span> <span class='ocrx_word' id='word_1_662' title='bbox 724 4867 822 4923; x_wconf 81' lang='lat' dir='ltr'><strong>per</strong></span> <span class='ocrx_word' id='word_1_663' title='bbox 873 4853 1288 4923; x_wconf 89' lang='lat' dir='ltr'><strong>proportionem</strong></span> <span class='ocrx_word' id='word_1_664' title='bbox 1317 4863 1580 4923; x_wconf 87' lang='lat' dir='ltr'><strong>certaque</strong></span> <span class='ocrx_word' id='word_1_665' title='bbox 1609 4854 2025 4922; x_wconf 86' lang='lat' dir='ltr'><strong>comparatione</strong></span> <span class='ocrx_word' id='word_1_666' title='bbox 2045 4853 2164 4924; x_wconf 87' lang='lat' dir='ltr'><strong>spi-</strong></span> 
     </span>
    </p>
   </div>
   <div class='ocr_carea' id='block_1_94' title="bbox 659 5025 1394 5099">
    <p class='ocr_par' dir='ltr' id='par_1_94' title="bbox 659 5025 1394 5099">
     <span class='ocr_line' id='line_1_95' title="bbox 659 5025 1394 5099; baseline -0.005 -13"><span class='ocrx_word' id='word_1_667' title='bbox 659 5029 681 5052; x_wconf 87' lang='lat'>&quot;</span> <span class='ocrx_word' id='word_1_668' title='bbox 710 5027 795 5086; x_wconf 82' lang='lat' dir='ltr'><strong>Cf.</strong></span> <span class='ocrx_word' id='word_1_669' title='bbox 830 5028 899 5084; x_wconf 90' lang='lat' dir='ltr'><strong>ad</strong></span> <span class='ocrx_word' id='word_1_670' title='bbox 929 5025 1176 5084; x_wconf 89' lang='lat' dir='ltr'><strong>Thalass.</strong></span> <span class='ocrx_word' id='word_1_671' title='bbox 1217 5045 1272 5099; x_wconf 89' lang='lat' dir='ltr'><strong>q.</strong></span> <span class='ocrx_word' id='word_1_672' title='bbox 1307 5027 1394 5082; x_wconf 88' lang='lat'><strong>60.</strong></span> 
     </span>
    </p>
   </div>
   <div class='ocr_carea' id='block_1_95' title="bbox 657 5199 2164 5331">
    <p class='ocr_par' dir='ltr' id='par_1_95' title="bbox 657 5199 2164 5331">
     <span class='ocr_line' id='line_1_96' title="bbox 657 5199 2164 5331; baseline -0.001 -73"><span class='ocrx_word' id='word_1_673' title='bbox 657 5204 735 5331; x_wconf 48' lang='lat'><strong>3?</strong></span> <span class='ocrx_word' id='word_1_674' title='bbox 768 5204 885 5270; x_wconf 79' lang='grc' dir='ltr'>Τὴν</span> <span class='ocrx_word' id='word_1_675' title='bbox 907 5201 1022 5272; x_wconf 84' lang='grc' dir='ltr'>μὲν</span> <span class='ocrx_word' id='word_1_676' title='bbox 1043 5201 1353 5271; x_wconf 71' lang='grc' dir='ltr'>σχετικὴν.</span> <span class='ocrx_word' id='word_1_677' title='bbox 1378 5201 1538 5255; x_wconf 92' lang='lat' dir='ltr'><strong>Nulla</strong></span> <span class='ocrx_word' id='word_1_678' title='bbox 1565 5199 1654 5278; x_wconf 78' lang='lat' dir='ltr'><strong>hic</strong></span> <span class='ocrx_word' id='word_1_679' title='bbox 1673 5199 2016 5256; x_wconf 91' lang='lat' dir='ltr'><strong>commodius</strong></span> <span class='ocrx_word' id='word_1_680' title='bbox 2030 5215 2164 5256; x_wconf 88' lang='lat' dir='ltr'><strong>voce</strong></span> 
     </span>
     <span class='ocr_line' id='line_1_97' title="bbox 733 5270 2157 5331; baseline -0.003 -3"><span class='ocrx_word' id='word_1_681' title='bbox 733 5276 749 5328; x_wconf 89' lang='lat' dir='ltr'><strong>i</strong></span> <span class='ocrx_word' id='word_1_682' title='bbox 787 5273 1063 5331; x_wconf 86' lang='lat' dir='ltr'><strong>videatur,</strong></span> <span class='ocrx_word' id='word_1_683' title='bbox 1114 5287 1279 5331; x_wconf 86' lang='lat' dir='ltr'><strong>quam</strong></span> <span class='ocrx_word' id='word_1_684' title='bbox 1331 5272 1376 5324; x_wconf 89' lang='lat' dir='ltr'><strong>si</strong></span> <span class='ocrx_word' id='word_1_685' title='bbox 1432 5270 1834 5324; x_wconf 81' lang='lat' dir='ltr'><strong>intentionalem</strong></span> <span class='ocrx_word' id='word_1_686' title='bbox 1871 5271 2157 5331; x_wconf 87' lang='lat' dir='ltr'><strong>dicamus;</strong></span> 
     </span>
    </p>
   </div>
   <div class='ocr_carea' id='block_1_96' title="bbox 592 5267 2157 5341">
    <p class='ocr_par' dir='ltr' id='par_1_96' title="bbox 592 5267 2157 5341">
     <span class='ocr_line' id='line_1_98' title="bbox 592 5267 2157 5341; baseline -0.006 -8"><span class='ocrx_word' id='word_1_687' title='bbox 592 5267 749 5333; x_wconf 78' lang='lat' dir='ltr'><strong>reddi</strong></span> <span class='ocrx_word' id='word_1_688' title='bbox 787 5267 1063 5332; x_wconf 76' lang='lat' dir='ltr'><strong>videatur,</strong></span> <span class='ocrx_word' id='word_1_689' title='bbox 1088 5267 1289 5341; x_wconf 51' lang='lat' dir='ltr'><strong>&quot;quam</strong></span> <span class='ocrx_word' id='word_1_690' title='bbox 1331 5272 1376 5324; x_wconf 92' lang='lat' dir='ltr'><strong>si</strong></span> <span class='ocrx_word' id='word_1_691' title='bbox 1432 5267 1842 5341; x_wconf 75' lang='lat' dir='ltr'><strong>intentibnalem</strong></span> <span class='ocrx_word' id='word_1_692' title='bbox 1871 5271 2157 5341; x_wconf 88' lang='lat' dir='ltr'><strong>dicamus;</strong></span> 
     </span>
    </p>
   </div>
   <div class='ocr_carea' id='block_1_97' title="bbox 591 5339 2160 5417">
    <p class='ocr_par' dir='ltr' id='par_1_97' title="bbox 591 5339 2160 5417">
     <span class='ocr_line' id='line_1_99' title="bbox 591 5339 2160 5417; baseline -0.006 -16"><span class='ocrx_word' id='word_1_693' title='bbox 591 5345 746 5417; x_wconf 90' lang='lat' dir='ltr'><strong>quasi</strong></span> <span class='ocrx_word' id='word_1_694' title='bbox 793 5344 848 5397; x_wconf 90' lang='lat' dir='ltr'><strong>in</strong></span> <span class='ocrx_word' id='word_1_695' title='bbox 876 5342 1042 5396; x_wconf 90' lang='lat' dir='ltr'><strong>animi</strong></span> <span class='ocrx_word' id='word_1_696' title='bbox 1073 5339 1386 5417; x_wconf 75' lang='lat' dir='ltr'><strong>rationibus</strong></span> <span class='ocrx_word' id='word_1_697' title='bbox 1415 5351 1482 5394; x_wconf 89' lang='lat' dir='ltr'><strong>et-</strong></span> <span class='ocrx_word' id='word_1_698' title='bbox 1512 5339 1956 5417; x_wconf 70' lang='lat' dir='ltr'><strong>apprehensione</strong></span> <span class='ocrx_word' id='word_1_699' title='bbox 2013 5340 2160 5417; x_wconf 44' lang='lat' dir='ltr'><strong>posit</strong></span> 
     </span>
    </p>
   </div>
   <div class='ocr_carea' id='block_1_98' title="bbox 593 5408 2160 5481">
    <p class='ocr_par' dir='ltr' id='par_1_98' title="bbox 593 5408 2160 5481">
     <span class='ocr_line' id='line_1_100' title="bbox 593 5408 2160 5481; baseline -0.003 -14"><span class='ocrx_word' id='word_1_700' title='bbox 593 5408 701 5468; x_wconf 76' lang='lat' dir='ltr'><strong>tam</strong></span> <span class='ocrx_word' id='word_1_701' title='bbox 723 5432 737 5478; x_wconf 94' lang='lat'><strong>;</strong></span> <span class='ocrx_word' id='word_1_702' title='bbox 763 5427 925 5481; x_wconf 87' lang='lat' dir='ltr'><strong>quam</strong></span> <span class='ocrx_word' id='word_1_703' title='bbox 948 5421 1004 5464; x_wconf 91' lang='lat' dir='ltr'><strong>et</strong></span> <span class='ocrx_word' id='word_1_704' title='bbox 1031 5411 1406 5481; x_wconf 75' lang='lat' dir='ltr'><strong>abstractivam</strong></span> <span class='ocrx_word' id='word_1_705' title='bbox 1425 5408 1640 5481; x_wconf 78' lang='lat' dir='ltr'><strong>rudiori</strong></span> <span class='ocrx_word' id='word_1_706' title='bbox 1672 5409 1942 5481; x_wconf 78' lang='lat' dir='ltr'><strong>vocabulo</strong></span> <span class='ocrx_word' id='word_1_707' title='bbox 1986 5408 2160 5481; x_wconf 79' lang='lat' dir='ltr'><strong>nostri</strong></span> 
     </span>
    </p>
   </div>
   <div class='ocr_carea' id='block_1_99' title="bbox 594 5479 2161 5551">
    <p class='ocr_par' dir='ltr' id='par_1_99' title="bbox 594 5479 2161 5551">
     <span class='ocr_line' id='line_1_101' title="bbox 594 5479 2161 5551; baseline -0.003 -15"><span class='ocrx_word' id='word_1_708' title='bbox 594 5479 830 5551; x_wconf 75' lang='lat' dir='ltr'><strong>theologi</strong></span> <span class='ocrx_word' id='word_1_709' title='bbox 857 5490 1077 5536; x_wconf 89' lang='lat' dir='ltr'><strong>vocant.</strong></span> <span class='ocrx_word' id='word_1_710' title='bbox 1126 5480 1324 5551; x_wconf 81' lang='lat' dir='ltr'><strong>Aﬂinis</strong></span> <span class='ocrx_word' id='word_1_711' title='bbox 1349 5495 1483 5551; x_wconf 83' lang='lat' dir='ltr'><strong>usus</strong></span> <span class='ocrx_word' id='word_1_712' title='bbox 1516 5479 1668 5534; x_wconf 91' lang='lat' dir='ltr'><strong>illius</strong></span> <span class='ocrx_word' id='word_1_713' title='bbox 1711 5479 1865 5551; x_wconf 86' lang='lat' dir='ltr'><strong>vocis</strong></span> <span class='ocrx_word' id='word_1_714' title='bbox 1907 5479 2161 5532; x_wconf 89' lang='lat' dir='ltr'><strong>Patribus</strong></span> 
     </span>
    </p>
   </div>
   <div class='ocr_carea' id='block_1_100' title="bbox 592 5549 2160 5620">
    <p class='ocr_par' dir='ltr' id='par_1_100' title="bbox 592 5549 2160 5620">
     <span class='ocr_line' id='line_1_102' title="bbox 592 5549 2160 5620; baseline -0.004 -15"><span class='ocrx_word' id='word_1_715' title='bbox 592 5566 667 5606; x_wconf 84' lang='lat' dir='ltr'><strong>vn</strong></span> <span class='ocrx_word' id='word_1_716' title='bbox 725 5549 940 5620; x_wconf 77' lang='lat' dir='ltr'><strong>synodi,</strong></span> <span class='ocrx_word' id='word_1_717' title='bbox 992 5551 1123 5604; x_wconf 91' lang='lat' dir='ltr'><strong>dum</strong></span> <span class='ocrx_word' id='word_1_718' title='bbox 1172 5550 1553 5604; x_wconf 86' lang='lat' dir='ltr'><strong>adorationem</strong></span> <span class='ocrx_word' id='word_1_719' title='bbox 1611 5549 1933 5620; x_wconf 81' lang='lat' dir='ltr'><strong>imaginum,</strong></span> <span class='ocrx_word' id='word_1_720' title='bbox 1997 5561 2160 5620; x_wconf 82' lang='lat' dir='ltr'><strong>quam</strong></span> 
     </span>
    </p>
   </div>
   <div class='ocr_carea' id='block_1_101' title="bbox 595 5616 2161 5689">
    <p class='ocr_par' dir='ltr' id='par_1_101' title="bbox 595 5616 2161 5689">
     <span class='ocr_line' id='line_1_103' title="bbox 595 5616 2161 5689; baseline -0.004 -15"><span class='ocrx_word' id='word_1_721' title='bbox 595 5616 869 5682; x_wconf 79' lang='lat' dir='ltr'><strong>sanciunt,</strong></span> <span class='ocrx_word' id='word_1_722' title='bbox 896 5620 1148 5689; x_wconf 82' lang='grc' dir='ltr'>σχετικὴν</span> <span class='ocrx_word' id='word_1_723' title='bbox 1177 5630 1414 5684; x_wconf 89' lang='lat' dir='ltr'><strong>vocant;</strong></span> <span class='ocrx_word' id='word_1_724' title='bbox 1444 5635 1567 5688; x_wconf 66' lang='lat' dir='ltr'><strong>qum</strong></span> <span class='ocrx_word' id='word_1_725' title='bbox 1593 5617 1948 5689; x_wconf 13' lang='lat' dir='ltr'><strong>scilicetgnon</strong></span> <span class='ocrx_word' id='word_1_726' title='bbox 1980 5617 2048 5689; x_wconf 86' lang='lat' dir='ltr'><strong>ad</strong></span> <span class='ocrx_word' id='word_1_727' title='bbox 2076 5616 2161 5689; x_wconf 89' lang='lat' dir='ltr'><strong>ip-_</strong></span> 
     </span>
    </p>
   </div>
   <div class='ocr_carea' id='block_1_102' title="bbox 593 5686 2160 5751">
    <p class='ocr_par' dir='ltr' id='par_1_102' title="bbox 593 5686 2160 5751">
     <span class='ocr_line' id='line_1_104' title="bbox 593 5686 2160 5751; baseline -0.006 -5"><span class='ocrx_word' id='word_1_728' title='bbox 593 5703 710 5746; x_wconf 77' lang='lat' dir='ltr'><strong>sam</strong></span> <span class='ocrx_word' id='word_1_729' title='bbox 736 5702 874 5749; x_wconf 91' lang='lat' dir='ltr'><strong>rem,</strong></span> <span class='ocrx_word' id='word_1_730' title='bbox 905 5686 965 5740; x_wconf 87' lang='lat' dir='ltr'><strong>ut</strong></span> <span class='ocrx_word' id='word_1_731' title='bbox 996 5689 1048 5741; x_wconf 91' lang='lat' dir='ltr'><strong>in</strong></span> <span class='ocrx_word' id='word_1_732' title='bbox 1093 5686 1151 5751; x_wconf 82' lang='lat' dir='ltr'><strong>se</strong></span> <span class='ocrx_word' id='word_1_733' title='bbox 1181 5697 1286 5751; x_wconf 87' lang='lat' dir='ltr'><strong>est,</strong></span> <span class='ocrx_word' id='word_1_734' title='bbox 1335 5686 1684 5750; x_wconf 83' lang='lat' dir='ltr'><strong>terminatur,</strong></span> <span class='ocrx_word' id='word_1_735' title='bbox 1737 5687 1833 5741; x_wconf 90' lang='lat' dir='ltr'><strong>sed</strong></span> <span class='ocrx_word' id='word_1_736' title='bbox 1888 5695 1948 5739; x_wconf 91' lang='lat' dir='ltr'><strong>ut</strong></span> <span class='ocrx_word' id='word_1_737' title='bbox 1989 5687 2042 5738; x_wconf 87' lang='lat' dir='ltr'><strong>in</strong></span> <span class='ocrx_word' id='word_1_738' title='bbox 2075 5686 2160 5739; x_wconf 89' lang='lat' dir='ltr'><strong>sui</strong></span> 
     </span>
    </p>
   </div>
   <div class='ocr_carea' id='block_1_103' title="bbox 595 5748 2161 5830">
    <p class='ocr_par' dir='ltr' id='par_1_103' title="bbox 595 5748 2161 5830">
     <span class='ocr_line' id='line_1_105' title="bbox 595 5748 2161 5830; baseline -0.004 -17"><span class='ocrx_word' id='word_1_739' title='bbox 595 5748 973 5820; x_wconf 82' lang='lat' dir='ltr'><strong>similitudine,</strong></span> <span class='ocrx_word' id='word_1_740' title='bbox 1011 5748 1196 5811; x_wconf 81' lang='lat' dir='ltr'><strong>animo</strong></span> <span class='ocrx_word' id='word_1_741' title='bbox 1223 5748 1481 5826; x_wconf 83' lang='lat' dir='ltr'><strong>cogitanti</strong></span> <span class='ocrx_word' id='word_1_742' title='bbox 1509 5748 1931 5830; x_wconf 36' lang='lat' dir='ltr'><strong>quasi&#39;praesens</strong></span> <span class='ocrx_word' id='word_1_743' title='bbox 1972 5755 2161 5824; x_wconf 72' lang='lat' dir='ltr'><strong>objici-</strong></span> 
     </span>
    </p>
   </div>
   <div class='ocr_carea' id='block_1_104' title="bbox 2272 4841 3839 4924">
    <p class='ocr_par' dir='ltr' id='par_1_104' title="bbox 2272 4841 3839 4924">
     <span class='ocr_line' id='line_1_106' title="bbox 2272 4841 3839 4924; baseline -0.008 -19"><span class='ocrx_word' id='word_1_744' title='bbox 2272 4853 2404 4924; x_wconf 73' lang='lat' dir='ltr'><strong>mp‘t</strong></span> <span class='ocrx_word' id='word_1_745' title='bbox 2434 4849 2598 4904; x_wconf 85' lang='grc' dir='ltr'>αὐτοῦ</span> <span class='ocrx_word' id='word_1_746' title='bbox 2623 4851 2930 4918; x_wconf 86' lang='grc' dir='ltr'>γνωστικῆς</span> <span class='ocrx_word' id='word_1_747' title='bbox 2961 4847 3222 4918; x_wconf 79' lang='grc' dir='ltr'>θεωρίας·</span> <span class='ocrx_word' id='word_1_748' title='bbox 3249 4845 3502 4917; x_wconf 75' lang='grc' dir='ltr'>αἴσθησιν</span> <span class='ocrx_word' id='word_1_749' title='bbox 3529 4843 3610 4908; x_wconf 76' lang='grc' dir='ltr'>δὲ,</span> <span class='ocrx_word' id='word_1_750' title='bbox 3648 4842 3750 4913; x_wconf 82' lang='grc' dir='ltr'><strong>τὴν</strong></span> <span class='ocrx_word' id='word_1_751' title='bbox 3785 4841 3839 4892; x_wconf 74' lang='grc' dir='ltr'>ὲν</span> 
     </span>
    </p>
   </div>
   <div class='ocr_carea' id='block_1_105' title="bbox 2273 5195 3836 5268">
    <p class='ocr_par' dir='ltr' id='par_1_105' title="bbox 2273 5195 3836 5268">
     <span class='ocr_line' id='line_1_107' title="bbox 2273 5195 3836 5268; baseline -0.001 -15"><span class='ocrx_word' id='word_1_752' title='bbox 2273 5207 2384 5264; x_wconf 91' lang='lat' dir='ltr'><strong>tur,</strong></span> <span class='ocrx_word' id='word_1_753' title='bbox 2413 5213 2478 5254; x_wconf 89' lang='lat' dir='ltr'><strong>ac</strong></span> <span class='ocrx_word' id='word_1_754' title='bbox 2502 5197 2734 5268; x_wconf 87' lang='lat' dir='ltr'><strong>quadam</strong></span> <span class='ocrx_word' id='word_1_755' title='bbox 2762 5197 2816 5251; x_wconf 92' lang='lat' dir='ltr'><strong>in</strong></span> <span class='ocrx_word' id='word_1_756' title='bbox 2843 5212 2963 5251; x_wconf 88' lang='lat' dir='ltr'><strong>eam</strong></span> <span class='ocrx_word' id='word_1_757' title='bbox 2988 5195 3293 5268; x_wconf 84' lang='lat' dir='ltr'><strong>intentione</strong></span> <span class='ocrx_word' id='word_1_758' title='bbox 3333 5207 3408 5250; x_wconf 77' lang='lat' dir='ltr'><strong>ac&#39;</strong></span> <span class='ocrx_word' id='word_1_759' title='bbox 3430 5206 3836 5268; x_wconf 83' lang='lat' dir='ltr'><strong>motu,_secun-</strong></span> 
     </span>
    </p>
   </div>
   <div class='ocr_carea' id='block_1_106' title="bbox 2270 5265 3836 5337">
    <p class='ocr_par' dir='ltr' id='par_1_106' title="bbox 2270 5265 3836 5337">
     <span class='ocr_line' id='line_1_108' title="bbox 2270 5265 3836 5337; baseline -0.003 -14"><span class='ocrx_word' id='word_1_760' title='bbox 2270 5270 2399 5323; x_wconf 90' lang='lat' dir='ltr'><strong>dum</strong></span> <span class='ocrx_word' id='word_1_761' title='bbox 2421 5265 2582 5337; x_wconf 81' lang='lat' dir='ltr'><strong>quam</strong></span> <span class='ocrx_word' id='word_1_762' title='bbox 2606 5267 2806 5321; x_wconf 87' lang='lat' dir='ltr'><strong>dicitur</strong></span> <span class='ocrx_word' id='word_1_763' title='bbox 2836 5269 3012 5337; x_wconf 83' lang='lat' dir='ltr'><strong>honor</strong></span> <span class='ocrx_word' id='word_1_764' title='bbox 3043 5267 3291 5337; x_wconf 74' lang='lat' dir='ltr'><strong>imaginis</strong></span> <span class='ocrx_word' id='word_1_765' title='bbox 3318 5265 3633 5337; x_wconf 77' lang='lat' dir='ltr'><strong>transire_ad</strong></span> <span class='ocrx_word' id='word_1_766' title='bbox 3657 5282 3836 5318; x_wconf 81' lang='lat' dir='ltr'><strong>exem-</strong></span> 
     </span>
    </p>
   </div>
   <div class='ocr_carea' id='block_1_107' title="bbox 2267 5334 3837 5407">
    <p class='ocr_par' dir='ltr' id='par_1_107' title="bbox 2267 5334 3837 5407">
     <span class='ocr_line' id='line_1_109' title="bbox 2267 5334 3837 5407; baseline -0.01 -16"><span class='ocrx_word' id='word_1_767' title='bbox 2267 5341 2386 5407; x_wconf 73' lang='lat' dir='ltr'><strong>plar</strong></span> <span class='ocrx_word' id='word_1_768' title='bbox 2414 5334 2508 5391; x_wconf 78' lang='lat' dir='ltr'><strong>seu</strong></span> <span class='ocrx_word' id='word_1_769' title='bbox 2536 5346 2908 5407; x_wconf 65' lang='lat' dir='ltr'><strong>prototypum,</strong></span> <span class='ocrx_word' id='word_1_770' title='bbox 2932 5336 3077 5389; x_wconf 88' lang='lat' dir='ltr'><strong>Nihil</strong></span> <span class='ocrx_word' id='word_1_771' title='bbox 3108 5337 3174 5407; x_wconf 80' lang='lat' dir='ltr'><strong>ad</strong></span> <span class='ocrx_word' id='word_1_772' title='bbox 3203 5349 3340 5394; x_wconf 89' lang='lat' dir='ltr'><strong>rem,</strong></span> <span class='ocrx_word' id='word_1_773' title='bbox 3364 5334 3510 5407; x_wconf 86' lang='lat' dir='ltr'><strong>quod</strong></span> <span class='ocrx_word' id='word_1_774' title='bbox 3545 5335 3709 5407; x_wconf 75' lang='lat' dir='ltr'><strong>Piens</strong></span> <span class='ocrx_word' id='word_1_775' title='bbox 3749 5351 3837 5407; x_wconf 57' lang='grc' dir='ltr'><strong>ξς-</strong></span> 
     </span>
    </p>
   </div>
   <div class='ocr_carea' id='block_1_108' title="bbox 2269 5403 3834 5473">
    <p class='ocr_par' dir='ltr' id='par_1_108' title="bbox 2269 5403 3834 5473">
     <span class='ocr_line' id='line_1_110' title="bbox 2269 5403 3834 5473; baseline -0.003 -12"><span class='ocrx_word' id='word_1_776' title='bbox 2269 5403 2375 5462; x_wconf 85' lang='lat' dir='ltr'><strong>inel</strong></span> <span class='ocrx_word' id='word_1_777' title='bbox 2397 5417 2454 5462; x_wconf 90' lang='lat' dir='ltr'><strong>et</strong></span> <span class='ocrx_word' id='word_1_778' title='bbox 2484 5403 2682 5462; x_wconf 81' lang='lat' dir='ltr'><strong>iterum</strong></span> <span class='ocrx_word' id='word_1_779' title='bbox 2716 5403 3059 5459; x_wconf 64' lang='lat' dir='ltr'><strong>reconditam.</strong></span> <span class='ocrx_word' id='word_1_780' title='bbox 3096 5404 3178 5459; x_wconf 88' lang='lat' dir='ltr'><strong>Ac</strong></span> <span class='ocrx_word' id='word_1_781' title='bbox 3233 5403 3391 5460; x_wconf 85' lang='lat' dir='ltr'><strong>certe</strong></span> <span class='ocrx_word' id='word_1_782' title='bbox 3416 5406 3580 5473; x_wconf 77' lang='lat' dir='ltr'><strong>longe</strong></span> <span class='ocrx_word' id='word_1_783' title='bbox 3615 5403 3834 5458; x_wconf 86' lang='lat' dir='ltr'><strong>inaudi-</strong></span> 
     </span>
    </p>
   </div>
   <div class='ocr_carea' id='block_1_109' title="bbox 2270 5474 3835 5544">
    <p class='ocr_par' dir='ltr' id='par_1_109' title="bbox 2270 5474 3835 5544">
     <span class='ocr_line' id='line_1_111' title="bbox 2270 5474 3835 5544; baseline -0.001 -16"><span class='ocrx_word' id='word_1_784' title='bbox 2270 5484 2384 5530; x_wconf 88' lang='lat' dir='ltr'><strong>tum</strong></span> <span class='ocrx_word' id='word_1_785' title='bbox 2406 5477 2633 5539; x_wconf 89' lang='lat' dir='ltr'><strong>mundo,</strong></span> <span class='ocrx_word' id='word_1_786' title='bbox 2677 5475 2824 5544; x_wconf 88' lang='lat' dir='ltr'><strong>quod</strong></span> <span class='ocrx_word' id='word_1_787' title='bbox 2872 5475 2998 5544; x_wconf 91' lang='lat' dir='ltr'><strong>quis</strong></span> <span class='ocrx_word' id='word_1_788' title='bbox 3048 5490 3115 5528; x_wconf 82' lang='lat' dir='ltr'><strong>ex</strong></span> <span class='ocrx_word' id='word_1_789' title='bbox 3159 5476 3292 5544; x_wconf 80' lang='lat' dir='ltr'><strong>ejus</strong></span> <span class='ocrx_word' id='word_1_790' title='bbox 3331 5474 3835 5544; x_wconf 82' lang='lat' dir='ltr'><strong>interpretamentis</strong></span> 
     </span>
    </p>
   </div>
   <div class='ocr_carea' id='block_1_110' title="bbox 2265 5543 3828 5612">
    <p class='ocr_par' dir='ltr' id='par_1_110' title="bbox 2265 5543 3828 5612">
     <span class='ocr_line' id='line_1_112' title="bbox 2265 5543 3828 5612; baseline -0.002 -14"><span class='ocrx_word' id='word_1_791' title='bbox 2265 5545 2565 5600; x_wconf 84' lang='lat' dir='ltr'><strong>conﬁceret</strong></span> <span class='ocrx_word' id='word_1_792' title='bbox 2604 5543 3062 5599; x_wconf 81' lang='lat' dir='ltr'><strong>vocabulariuui-:</strong></span> <span class='ocrx_word' id='word_1_793' title='bbox 3104 5543 3333 5598; x_wconf 35' lang='lat' dir='ltr'><strong>sic’sine</strong></span> <span class='ocrx_word' id='word_1_794' title='bbox 3375 5543 3586 5612; x_wconf 85' lang='lat' dir='ltr'><strong>judicio</strong></span> <span class='ocrx_word' id='word_1_795' title='bbox 3634 5553 3828 5598; x_wconf 80' lang='lat' dir='ltr'><strong>cuneta</strong></span> 
     </span>
    </p>
   </div>
   <div class='ocr_carea' id='block_1_111' title="bbox 2262 5612 3823 5682">
    <p class='ocr_par' dir='ltr' id='par_1_111' title="bbox 2262 5612 3823 5682">
     <span class='ocr_line' id='line_1_113' title="bbox 2262 5612 3823 5682; baseline -0.002 -16"><span class='ocrx_word' id='word_1_796' title='bbox 2262 5615 2734 5677; x_wconf 12' lang='lat' dir='ltr'><strong>viro‘arbitraria;</strong></span> <span class='ocrx_word' id='word_1_797' title='bbox 2759 5621 2828 5666; x_wconf 81' lang='lat' dir='ltr'><strong>ut</strong></span> <span class='ocrx_word' id='word_1_798' title='bbox 2858 5615 3006 5682; x_wconf 90' lang='lat' dir='ltr'><strong>quod</strong></span> <span class='ocrx_word' id='word_1_799' title='bbox 3045 5612 3156 5678; x_wconf 88' lang='lat' dir='ltr'><strong>hic,</strong></span> <span class='ocrx_word' id='word_1_800' title='bbox 3190 5615 3222 5682; x_wconf 79' lang='grc' dir='ltr'><strong>ἡ</strong></span> <span class='ocrx_word' id='word_1_801' title='bbox 3258 5612 3626 5680; x_wconf 63' lang='grc' dir='ltr'>μεθέξειικατ⁹</span> <span class='ocrx_word' id='word_1_802' title='bbox 3681 5612 3823 5682; x_wconf 75' lang='grc' dir='ltr'>ἐνέρ-</span> 
     </span>
    </p>
   </div>
   <div class='ocr_carea' id='block_1_112' title="bbox 2267 5682 3828 5753">
    <p class='ocr_par' dir='ltr' id='par_1_112' title="bbox 2267 5682 3828 5753">
     <span class='ocr_line' id='line_1_114' title="bbox 2267 5682 3828 5753; baseline 0.001 -18"><span class='ocrx_word' id='word_1_803' title='bbox 2267 5701 2423 5750; x_wconf 86' lang='grc' dir='ltr'>γειαν</span> <span class='ocrx_word' id='word_1_804' title='bbox 2455 5685 2677 5752; x_wconf 81' lang='grc' dir='ltr'>γνῶσις,</span> <span class='ocrx_word' id='word_1_805' title='bbox 2711 5682 2788 5736; x_wconf 88' lang='lat' dir='ltr'><strong>illi</strong></span> <span class='ocrx_word' id='word_1_806' title='bbox 2818 5684 3044 5753; x_wconf 75' lang='lat' dir='ltr'><strong>cggnilio</strong></span> <span class='ocrx_word' id='word_1_807' title='bbox 3071 5693 3156 5753; x_wconf 80' lang='lat' dir='ltr'><strong>est</strong></span> <span class='ocrx_word' id='word_1_808' title='bbox 3182 5683 3444 5752; x_wconf 77' lang='lat' dir='ltr'><strong>particeps</strong></span> <span class='ocrx_word' id='word_1_809' title='bbox 3465 5683 3781 5752; x_wconf 65' lang='lat' dir='ltr'><strong>operationis</strong></span> <span class='ocrx_word' id='word_1_810' title='bbox 3808 5691 3828 5736; x_wconf 77' lang='lat'><strong>:</strong></span> 
     </span>
    </p>
   </div>
   <div class='ocr_carea' id='block_1_113' title="bbox 2264 5739 3516 5822">
    <p class='ocr_par' dir='ltr' id='par_1_113' title="bbox 2264 5739 3516 5822">
     <span class='ocr_line' id='line_1_115' title="bbox 2264 5739 3516 5822; baseline 0 -18"><span class='ocrx_word' id='word_1_811' title='bbox 2264 5739 2409 5822; x_wconf 74' lang='lat' dir='ltr'><strong>quod</strong></span> <span class='ocrx_word' id='word_1_812' title='bbox 2458 5739 2675 5822; x_wconf 45' lang='lat' dir='ltr'><strong>ipsum,</strong></span> <span class='ocrx_word' id='word_1_813' title='bbox 2699 5767 2798 5822; x_wconf 88' lang='lat' dir='ltr'><strong>pro</strong></span> <span class='ocrx_word' id='word_1_814' title='bbox 2829 5739 3078 5822; x_wconf 51' lang='grc' dir='ltr'>ἆσθησιν</span> <span class='ocrx_word' id='word_1_815' title='bbox 3099 5739 3516 5821; x_wconf 46' lang='grc' dir='ltr'>(Ιοὸοῳιιιίοιοί</span> 
     </span>
    </p>
   </div>
  </div>
