4122 6322
353 405 489 472 1317

1019 397 1350 465 CAPITUM
1392 394 1815 471 QUINQUIES
1852 385 2370 458 CENTENOR'UM
2408 396 2794 462 UENTURIA
2829 397 2928 462 IV.

3463 390 3600 458 1318

341 524 409 592 τῇ
448 518 663 592 μεθέξει
705 516 902 590 πετραν
929 515 1038 570 τῶν
1068 514 1209 585 ὑπὲρ
1239 513 1400 584 φύσιν
1449 511 1700 580 ἁγαθιυν·
1731 508 1911 580 νόησιν

2021 506 2198 565 ritalis
2237 509 2508 580 doctaque
2563 510 2632 566 de
2679 511 2799 581 ipso
2843 508 3218 568 consideratio
3278 527 3345 569 ac
3395 527 3597 583 specu-

341 610 420 678 δὲ,
450 610 552 682 τὴν
584 611 651 663 έκ
679 609 791 663 τῶν
823 608 994 662 ὅντων
1026 606 1205 676 ἁπλῆν
1242 605 1375 678 περὶ
1397 603 1562 658 αὑτοῦ
1592 603 1687 657 καὶ
1709 601 1920 656 ἑνιαίαν

341 701 545 770 γνῶσιν
566 717 583 734 ·
616 701 757 772 τάχα
784 701 842 755 δὲ
874 699 971 754 καὶ
999 699 1086 752 ἐπ’
1116 697 1278 754 ἄλλου
1303 696 1505 760 παντὸς
1531 695 1688 749 τοῦτο
1716 692 1918 762 γνωρι-

341 791 522 857 ζεταισ
599 790 758 862 εἴπερ
822 792 856 860 ἡ
905 787 1058 843 τοῦδε
1119 786 1215 841 106
1259 787 1582 858 πράγματος
1609 789 1792 855 πεῖρα,
1827 784 1919 836 τὸν

342 883 471 953 περὶ
509 881 676 936 αὑτοῦ
702 878 1012 935 καταπαύει
1057 879 1217 946 λόγον
1243 894 1258 909 ο
1289 877 1383 930 καὶ
1409 880 1443 946 ὴ
1470 875 1623 929 τοῦδε
1653 875 1748 928 106
1771 874 1916 943 πρά.

340 989 552 1043 γματος
577 971 851 1042 αῑσθησις,
883 970 980 1042 τὴν
1005 970 1128 1040 περὶ
1156 967 1320 1022 αὑτοῦ
1350 967 1716 1036 σχολάζουσαν
1749 965 1916 1036 ὲργόιο

340 1065 495 1128 ζεται
517 1063 722 1134 νόησιν.
754 1063 957 1134 Πείραν
985 1061 1040 1116 δὲ
1066 1059 1233 1129 λέγω,
1267 1059 1436 1128 αὐτὴν
1470 1057 1568 1128 τὴν
1616 1059 1737 1112 κατ’
1768 1056 1917 1126 ὲνέρ·

342 1173 496 1224 γειαν
521 1156 746 1226 γνῶσιν,
778 1153 876 1225 τὴν
909 1153 1049 1224 μετὰ
1079 1154 1258 1206 πάντα
1292 1151 1452 1218 λόγον
1495 1151 1882 1220 ὲπιγινομένην
1901 1165 1913 1179 ·

337 1248 592 1318 αῐσθησιν
620 1247 698 1312 δὲ,
728 1247 899 1316 αὐτὴν
927 1243 1024 1298 τοῦ
1054 1243 1389 1314 γνωσθέντος
1410 1243 1509 1312 τὴν
1561 1241 1795 1311 μέθεξιν,
1820 1241 1917 1309 τὴν

341 1337 480 1406 μετὰ
508 1338 688 1390 πᾶσαν
728 1335 912 1404 νόησιν
945 1333 1366 1402 ἐκφαινομένην.
1405 1331 1516 1384 Καὶ
1551 1330 1709 1384 τοῦτο
1756 1331 1916 1398 τυχὸν

342 1424 617 1493 μυστικῶς
642 1423 909 1476 διδάσκων
931 1424 960 1475 ὀ
988 1423 1166 1492 μέγας
1199 1422 1549 1485 Ἀπόστολος,
1579 1421 1761 1492 φησιν·
1780 1421 1916 1474 Εἴτε

337 1515 406 1568 δὲ
441 1513 795 1582 προφητεῖαι
847 1512 1433 1581 καταργηθήσονται,
1482 1512 1602 1565 εἴτε
1644 1511 1918 1580 γλῶσσαι

338 1607 702 1670 παύσονται,
751 1603 873 1657 εἴτε
925 1602 1151 1672 γνῶσις
1209 1601 1743 1671 καταργηθήσεται,
1791 1602 1919 1672 περὶ

339 1699 440 1769 τῆς
467 1698 528 1750 ὲν
558 1695 703 1766 λόγῳ
723 1695 986 1767 κειμένης
1009 1694 1104 1748 καὶ
1134 1698 1368 1765 νοήμασι
1398 1693 1650 1763 γνώσεως
1677 1693 1919 1763 δηλονότι

339 1789 586 1857 φάσκων.

2019 600 2152 656 latio
2178 611 2302 668 est;
2336 617 2556 657 sensum
2588 618 2753 666 vero,
2786 617 2909 656 eam
2939 602 3214 657 bonorum
3259 613 3458 660 natura
3504 621 3598 660 su-

2018 695 2302 764 periorum
2357 695 2754 766 experientiam
2782 736 2802 760 ,
2841 711 2962 765 quae
2998 697 3420 766 participatione
3464 713 3596 752 con-

2017 789 2210 844 sistit:
2245 788 2635 858 cogitationem
2686 803 2819 842 vero
2870 803 2966 841 seu
2998 788 3304 849 notionem,
3353 805 3474 858 qua:
3526 790 3594 842 de

2016 881 2137 951 ipso
2157 887 2327 934 estex
2348 879 2515 932 rebus
2529 881 2833 948 simplicem
2857 893 2921 932 ac
2944 878 3277 946 singularem
3301 879 3592 933 scientiam

2016 985 2078 1024 ac
2104 969 2494 1039 cognitionem.
2529 969 2689 1023 Forte
2716 983 2847 1022 vero
2894 969 3061 1021 etiam
3116 968 3173 1022 in
3229 984 3288 1023 re
3347 970 3594 1037 qualibet

2001 1062 2162 1116 idem
2205 1077 2306 1115 usu
2341 1062 2526 1127 venit;
2571 1061 2847 1131 siquidem
2896 1061 2978 1114 rei
3024 1061 3150 1116 talis
3203 1061 3545 1131 experientia
3575 1102 3589 1124 ,

2015 1169 2136 1222 qua:
2159 1152 2228 1206 de
2244 1153 2334 1205 illa
2356 1161 2462 1215 est,
2485 1153 2752 1206 rationem
2774 1167 2988 1206 cessare
3011 1151 3176 1215 facit;
3203 1153 3475 1222 hujusque
3510 1153 3592 1206 rei

2001 1237 2142 1291 talis
2172 1253 2388 1301 sensus,
2409 1254 2530 1307 quae
2559 1239 2626 1292 de
2657 1239 2750 1293 illa
2768 1248 2874 1302 est,
2905 1239 3294 1308 cogitationem
3315 1256 3410 1294 seu
3440 1255 3592 1296 com-

2016 1329 2406 1382 mentationem
2435 1330 2664 1383 otiosam
2695 1329 2900 1383 reddit.
2937 1329 3381 1398 Experimentum
3409 1341 3592 1387 autem

2020 1419 2170 1483 dico,
2194 1419 2365 1487 ipsam
2395 1419 2575 1488 reipsa
2596 1420 2652 1472 in
2673 1430 2795 1474 actu
2816 1420 3100 1474 scientiam
3118 1437 3182 1475 ac
3199 1423 3589 1492 cognitionem,

2015 1526 2137 1580 quae
2157 1519 2279 1580 post
2303 1526 2522 1566 omnem
2547 1511 2760 1566 accedit
2780 1513 3048 1566 rationem
3066 1523 3231 1583 atque
3243 1530 3590 1570 sermonem:

2016 1619 2240 1658 sensum
2273 1618 2430 1666 vero,
2462 1604 2638 1674 ipsam
2659 1605 2779 1674 ejus
2809 1605 2958 1674 quod
3001 1607 3200 1660 scitum
3249 1615 3334 1660 est
3361 1646 3375 1670 ,
3428 1614 3594 1676 atque

2019 1695 2298 1764 cognitum
2317 1694 2726 1765 perceptionem
2745 1698 3270 1766 commerciumque,
3287 1705 3410 1766 post
3426 1697 3595 1751 animi

2021 1782 2321 1851 cogitatum
2351 1796 2570 1835 omnem
2599 1796 2664 1835 ac
2693 1781 3118 1852 intelligentiam
3142 1786 3391 1838 elucens.
3422 1782 3598 1854 idque

339 1879 573 1936 forsitan
603 1879 832 1950 mystice
863 1877 1066 1933 docens
1103 1891 1334 1947 magnus
1365 1875 1660 1946 Apostolus
1681 1874 1901 1931 aiebat:
1934 1875 2050 1932 Sive
2075 1873 2357 1947 prophetia:
2382 1874 2793 1936 evacuabuntur,
2828 1875 2935 1926 sive
2955 1872 3147 1943 linguae
3175 1876 3470 1940 cessabunt,
3489 1879 3605 1932 sive

334 1970 556 2026 εσίειιιίσ
576 1969 877 2024 destruetur
900 1967 980 2034 ης
1021 1981 1220 2036 nempe
1240 1966 1308 2022 de
1330 1966 1637 2036 ealoquens
1665 1965 1918 2032 scientia,
1959 1982 2082 2036 qua:
2108 1966 2169 2021 in
2197 1965 2409 2019 ratione
2438 1963 2718 2032 animique
2783 1964 2963 2018 sensis
3009 1972 3066 2019 et
3101 1966 3434 2036 cogitatibus
3463 1985 3598 2025 con-

338 2062 460 2118 siati
471 2069 511 2116 t.

407 2149 506 2222 λβ’.
559 2152 758 2221 Ἐχρῆν
802 2149 880 2214 ὡς
925 2148 1144 2221 ἀληθῶς
1172 2149 1262 2202 τὸν
1301 2148 1442 2202 κατὰ
1490 2148 1652 2217 φύσιν
1681 2149 1778 2217 τῆς
1809 2149 1911 2202 τῶν

2087 2150 2176 2206 52.
2211 2148 2454 2204 Decebat
2485 2146 2634 2202 enim
2682 2163 2878 2202 revera
2907 2187 2928 2212 ,
2963 2163 3116 2214 eum,
3150 2149 3245 2218 qui
3287 2150 3594 2206 secundum

335 2241 506 2295 ὅντων
544 2241 734 2302 οὐσίας
779 2240 1137 2312 δημιουργὸν,
1166 2242 1260 2294 καὶ
1291 2241 1391 2310 τῆς
1428 2243 1570 2296 κατὰ
1595 2241 1756 2311 χάριν
1784 2243 1917 2294 αὑτ-

335 2328 529 2399 ουργὸν
585 2327 838 2395 γενέσθαι
885 2327 998 2381 τῶν
1073 2329 1377 2396 γεγονότων
1433 2328 1722 2394 θεώσεωςέ
1770 2331 1917 2384 ἴναό

336 2420 433 2472 τοῦ
469 2415 608 2473 εἶναι
652 2419 841 2490 δοτὴρ,
877 2421 1019 2490 φανῇ
1060 2421 1156 2472 καὶ
1197 2419 1292 2472 τοῦ
1321 2421 1408 2474 ἀεὶ
1429 2417 1488 2474 εὖ
1515 2416 1654 2473 εῖναι
1677 2439 1918 2493 χαριστι-

337 2510 453 2572 κός.
488 2509 641 2562 Ἐπεὶ
669 2506 764 2563 οὖν
789 2509 944 2563 οὐδὲν
976 2508 1084 2563 τῶν
1107 2509 1277 2562 ὄντων
1322 2511 1481 2563 ἑαυτὸ
1505 2513 1852 2582 τοπαράπαν,
1881 2512 1914 2582 ἢ

339 2601 468 2657 ἄλλο
515 2601 773 2671 γινώσκει
799 2603 827 2655 δ
853 2601 904 2654 τί
947 2619 1076 2655 ποτε
1101 2601 1220 2656 κατ’
1243 2602 1430 2655 οὐσίαν
1475 2604 1641 2666 ἐστὶν,
1692 2602 1915 2667 εἰκότως

336 2693 461 2748 οὐδὲ
514 2693 623 2747 τῶν
664 2694 1044 2763 γενησομένων
1097 2692 1311 2757 οὐδενὸς
1347 2692 1501 2745 οὐδὲν
1555 2693 1665 2746 τῶν
1725 2692 1913 2760 ὄντων,

339 2781 452 2854 ἔχει
481 2783 623 2836 κατὰ
654 2782 816 2852 φύσιν
848 2781 946 2852 τὴν
974 2782 1303 2851 πρόγνωσιν,
1359 2781 1502 2853 πλὴν
1547 2781 1640 2835 106
1671 2783 1810 2852 ὑπὲρ
1846 2783 1916 2836 τὰ

336 2874 467 2928 ῦντα
488 2873 642 2941 Θεοῦ,
671 2877 765 2927 καὶ
793 2873 987 2926 ἑαυτὸν
1036 2873 1413 2942 γινώσκοντος.
1441 2874 1469 2926 ὅ
1495 2891 1548 2925 τι
1574 2875 1694 2926 κατ’
1729 2873 1914 2926 οὐσίαν

337 2965 477 3033 ἐστὶ,
513 2966 608 3020 καὶ
643 2965 856 3018 πάντων
885 2963 994 3017 τῶν
1048 2963 1138 3016 ὑπ’
1185 2963 1352 3016 αὐτοῦ
1385 2967 1786 3035 πεποιημένων,
1822 2966 1915 3018 καὶ

337 3058 469 3128 πρὶν
498 3055 752 3126 γενέσθαι
789 3055 1196 3126 προεγνωκότος
1222 3055 1321 3126 τὴν
1351 3053 1584 3127 ὕπαρξιν
1610 3072 1624 3087 ο
1661 3057 1752 3108 καί
1784 3056 1914 3125 μέλ-

337 3142 519 3206 λοντος
549 3143 690 3197 κατὰ
710 3143 871 3213 χάριν
922 3142 1330 3213 φιλοτιμεῖσθαι
1367 3146 1479 3206 τοῖς
1507 3137 1623 3196 οὖσι
1655 3144 1755 3214 τὴν
1786 3146 1914 3197 ἐαυ-

337 3230 468 3295 τῶν,
499 3230 594 3283 καὶ
640 3229 837 3293 ἄλλων,
867 3231 896 3283 ὅ
939 3231 991 3282 τί
1032 3245 1163 3282 ποτε
1205 3231 1326 3284 κατ’
1375 3231 1562 3284 οὐσίαν
1613 3231 1916 3300 ὑπάρχουσι

337 3322 562 3390 γνῶσιν,
601 3321 698 3374 καὶ
739 3322 868 3384 τοὺς
907 3322 964 3373 ὲν
1005 3321 1155 3391 αὐτῷ
1207 3322 1491 3392 μονοειδῶς
1519 3323 1786 3392 προόντας
1816 3321 1917 3392 τῆς

339 3412 518 3468 αὐτῶν
540 3411 810 3480 γενέσεως
839 3412 1156 3482 φανερῶσαι
1186 3413 1400 3480 λόγους.

2017 2249 2274 2295 naturam
2302 2238 2558 2293 essentia:
2601 2254 2788 2293 rerum
2831 2239 3088 2293 conditor
3134 2240 3227 2304 sit,
3278 2251 3594 2297 ereatorum

2017 2347 2238 2402 quoque
2267 2330 2653 2396 deiﬁcationis,
2695 2347 2817 2400 quae
2845 2347 2946 2401 per
2971 2332 3204 2401 gratiam
3233 2341 3342 2398 est,
3395 2349 3594 2388 aucto-

2017 2439 2133 2476 rem
2163 2424 2471 2488 exsistere;
2507 2432 2566 2476 ut
2598 2423 2693 2492 qui
2720 2432 2780 2476 ut
2805 2432 2992 2476 essent
3037 2433 3426 2489 concesserat,
3473 2427 3594 2495 ejus

2015 2513 2164 2582 quod
2195 2522 2526 2581 cstocmper
2567 2513 2708 2567 bene
2749 2528 2869 2566 esse
2901 2513 3363 2583 sempiternaeque
3412 2515 3592 2570 felici-

2017 2606 2148 2659 tatis
2178 2605 2408 2674 largitor
2423 2605 2682 2659 eniteret.
2711 2603 2846 2657 Cum
2875 2604 3042 2673 igitur
3071 2605 3217 2657 nulla
3246 2620 3334 2659 res
3363 2606 3599 2659 omnino‘

2018 2693 2138 2763 ipsa
2164 2710 2245 2756 se,
2297 2703 2461 2748 autve
2495 2695 2658 2751 aliam
2693 2702 3025 2763 cognoscat,
3073 2693 3336 2762 quidnam
3385 2695 3457 2749 sit
3491 2711 3590 2764 per

2017 2784 2349 2849 essentiam;
2392 2783 2589 2837 merito
2619 2782 2698 2847 ﬁt,
2733 2792 2794 2836 ut
2827 2798 2930 2838 nec
2973 2784 3082 2837 ulla
3130 2785 3364 2856 alicujus
3394 2801 3591 2842 eorum

2016 2887 2137 2940 quae
2170 2871 2357 2924 futura
2389 2881 2537 2935 sunt,
2570 2886 2641 2925 ex
2683 2881 2878 2924 natura
2924 2871 3323 2940 pmscientiam
3365 2873 3587 2940 habeat,

2015 2978 2128 3015 uno
2157 2961 2443 3022 duntaxat,
2471 2961 2564 3029 qui
2599 2969 2683 3015 est
2713 2976 2878 3030 super
2913 2961 3099 3015 omnia
3123 3003 3138 3026 ,
3188 2973 3422 3032 excepto
3451 2964 3586 3031 Deo,

2015 3051 2110 3121 qui
2167 3062 2224 3105 et
2274 3051 2391 3120 ipse
2437 3049 2678 3119 seipsum
2712 3060 3006 3120 cognoscat
3054 3052 3314 3120 quidnam
3371 3055 3443 3109 sit
3490 3071 3590 3125 per

2014 3140 2332 3203 essentiam,
2364 3143 2721 3208 omniumque
2748 3155 2936 3193 eorum
2960 3156 3082 3210 quae
3111 3141 3180 3194 ab
3218 3142 3337 3210 ipso
3366 3144 3592 3200 condita

2017 3237 2167 3294 sunt,
2196 3229 2514 3296 priusquam
2546 3228 2716 3281 etiam
2747 3229 3118 3283 conderentur
3161 3229 3322 3300 592
3373 3225 3592 3288 essent-

2018 3335 2126 3388 que
2164 3318 2333 3382 edita,
2388 3320 2753 3374 substantiam
2801 3328 3108 3388 praenoscat
3142 3337 3156 3373 :
3193 3322 3288 3392 qui
3347 3323 3592 3395 denique

2019 3426 2120 3480 per
2149 3410 2380 3481 gratiam
2401 3411 2686 3465 liberalius
2717 3411 2880 3465 rebus
2911 3411 3212 3467 collaturus
3230 3413 3322 3479 sit,
3371 3425 3429 3468 ut
3458 3416 3593 3485 ipsa

339 3524 438 3574 se,
465 3509 820 3578 vicissimque
873 3506 996 3561 aliae
1049 3507 1184 3562 alias
1231 3515 1605 3578 cognoscant,
1650 3505 1916 3579 quidnam
1960 3507 2194 3577 s‘mtper
2228 3505 2547 3571 essentiam,
2589 3505 2757 3576 inque
2822 3505 3008 3574 seipso
3057 3505 3405 3563 uniformiter
3444 3524 3592 3580 prae-

337 3597 639 3655 existentes
666 3613 857 3653 earum
886 3597 1117 3668 originis
1155 3599 1335 3668 palam
1379 3600 1512 3670 ipsis
1541 3599 1789 3654 facturus
1825 3598 2088 3652 rationes.
2624 3657 2631 3665 _

410 3688 512 3758 λγ¹.
564 3689 758 3759 Ὁ-τὴν
803 3688 966 3758 φύσιν
1001 3688 1110 3741 τῶν
1154 3687 1457 3758 ἀνθρώπων
1503 3690 1911 3759 δημιουργήσας

2085 3688 2170 3741 55.
2207 3687 2311 3752 Qui
2359 3689 2664 3740 humanam
2696 3695 2959 3739 naturam-
2982 3686 3231 3742 condidit
3275 3689 3420 3746 Deus
3452 3731 3466 3754 ,
3518 3709 3590 3750 eo

268 3786 271 3787 ⁷
338 3778 500 3847 λόγος
521 3776 632 3850 [qq.
680 3776 751 3831 ad
790 3775 1006 3831 Thalna.
1041 3792 1093 3846 q.
1143 3774 1231 3828 (il.
1272 3775 1451 3847 Gsbcj,
1487 3777 1550 3828 οὐ
1595 3777 1910 3829 συνέκτισεν

339 3869 479 3939 αὐτῇ
503 3867 648 3921 κατὰ
670 3867 944 3937 αἰσθησιν,
978 3864 1102 3918 οὔτε
1130 3865 1343 3935 ἡδονὴν,
1378 3863 1500 3917 οὔτε
1533 3864 1722 3934 ὀδύνην
1739 3881 1751 3896 ·
1776 3863 1911 3917 ἀλλὰ

339 3957 570 4028 δύναμίν
609 3974 730 4009 τινα
763 3956 904 4009 κατὰ
933 3955 1056 4008 νοῦν
1099 3956 1240 4025 αὐτῇ
1271 3954 1406 4024 πρὸς
1435 3952 1649 4024 ἡδονὴν,
1687 3953 1810 4007 καθ’
1843 3955 1908 4025 ἣν

337 4048 588 4120 ἀρρήτως
635 4047 928 4103 ἀπολαύειν
955 4045 1120 4099 αὐτοῦ
1159 4044 1466 4116 δυνήσεται,
1501 4046 1906 4115 ὲνετεκτήνατο.

338 4137 555 4210 Ταύτην
593 4139 650 4192 δὲ
697 4138 796 4209 τὴν
842 4137 1099 4207 δύναμιν,
1147 4136 1294 4204 λέγω
1341 4135 1402 4189 δὲ
1428 4135 1528 4206 τὴν
1563 4137 1703 4190 κατὰ
1745 4136 1906 4205 φύσιν

335 4228 432 4282 τοῦ
466 4227 558 4282 νοῦ
588 4227 727 4299 πρὸς
766 4229 858 4280 τὸν
891 4227 1024 4280 Θεὴν
1059 4225 1266 4295 ἔφεσιν,
1301 4226 1416 4296 ἅμα
1443 4225 1520 4296 τῷ
1535 4226 1808 4294 γενέσθαι,
1837 4229 1905 4296 τεῇ

341 4317 588 4388 αἰσθήσει
615 4318 738 4380 δοὺς
765 4318 795 4370 ὀ
831 4317 1048 4386 πρῶτος
1075 4316 1384 4386 ἄνθρωπος,
1408 4315 1544 4388 πρὸς
1574 4315 1642 4368 τὰ
1676 4314 1906 4383 αἰσθητὰ

337 4406 458 4459 κατ’
491 4405 660 4475 αὐτὴν
693 4404 792 4475 τὴν
839 4404 1064 4475 πρώτην
1105 4404 1320 4475 κίνησιν
1355 4403 1450 4459 ,διὰ
1493 4403 1665 4474 μέσης
1688 4405 1788 4474 τῆς
1821 4404 1907 4457 αἰ-

337 4495 584 4566 σθήσεως
625 4494 754 4565 ἔσχε
806 4496 961 4566 παρὰ
1007 4495 1168 4564 φύσιν
1205 4495 1610 4565 ἐνεργουμένην
1650 4494 1750 4566 τὴν
1782 4495 1906 4564 ἡδο-

334 4587 466 4656 νήν·
500 4579 647 4658 ᾗτινι
712 4586 856 4638 κατὰ
899 4586 1155 4657 πρόνοιαν
1208 4586 1236 4638 ὁ
1288 4586 1389 4656 τῆς
1429 4585 1587 4656 ἡμῶν
1632 4587 1906 4656 σωτηρίας

338 4676 656 4746 κηδόμενος,
678 4677 998 4746 παρέπηξεν
1029 4676 1218 4748 ὥσπερ
1243 4677 1365 4730 τινὰ
1394 4677 1635 4748 τιμωρὸν
1655 4676 1902 4748 δύναμιν,

335 4766 435 4837 τὴν
468 4765 700 4836 ὀδύνην·
753 4767 876 4820 καθ’
919 4769 986 4839 ἦν
1031 4769 1058 4820 ὁ
1108 4767 1200 4819 τοῦ
1248 4766 1476 4820 Θανάτου
1535 4767 1676 4836 μετέιΔ
1716 4767 1905 4834 σοφίας

335 4856 666 4929 nepetam
692 4859 758 4929 τῇ
783 4856 874 4910 106
899 4858 1152 4926 σώματος
1175 4857 1336 4926 φύσει
1365 4858 1550 4926 νόμος,
1579 4857 1904 4929 περιορίζων

332 4947 434 5019 τῆς
471 4947 566 5001 τοῦ
599 4948 692 5003 νοῦ
747 4949 948 5017 μανίας
998 4948 1152 5020 παρὰ
1197 4951 1363 5018 φύσιν
1415 4947 1508 5000 ἐπὶ
1552 4947 1621 5000 τὰ
1665 4947 1901 5018 αἰσθητὰ

335 5040 662 5111 κινουμένην
684 5039 782 5111 τὴν
807 5039 1015 5109 ἔφεσιν.

402 5131 500 5187 λδ’.
551 5133 745 5205 Ἡδονὴ
796 5135 891 5188 καὶ
937 5132 1124 5204 ὀδύνη,
1171 5133 1238 5203 τῆ
1272 5132 1434 5202 φύσει
1460 5131 1561 5202 τῆς
1591 5125 1796 5202 σαρκὸς
1839 5132 1900 5185 οὐ

335 5225 767 5296 συνεκτίσθησαν
786 5243 800 5255 ·
835 5225 949 5280 ἀλλ’
985 5226 1019 5297 ὴ
1046 5224 1376 5296 παράϐασις,
1405 5225 1504 5294 τὴν
1535 5223 1654 5294 μὲν,
1679 5212 1904 5294 ἐπενόη-

335 5332 425 5370 σεν
453 5318 534 5381 εἰς
560 5317 768 5389 φθορὰν
806 5319 905 5388 τῆς
932 5316 1306 5389 προαιρέσεως
1325 5333 1338 5346 ·
1375 5316 1475 5387 τὴν
1501 5315 1581 5380 δὲ,
1615 5314 1904 5369 κατεδίκα-

334 5399 429 5462 σεν
457 5410 538 5473 εἰς
569 5408 722 5464 λύσιν
760 5414 858 5482 τῆς
889 5411 1103 5480 φύσεως
1125 5426 1138 5440 ·
1169 5409 1256 5465 ἵνα
1285 5411 1319 5480 ἡ
1369 5408 1468 5479 μὲν
1495 5407 1682 5479 ἡδονὴ.
1719 5407 1899 5477 ψυχῆς

331 5501 580 5556 ἑκούσιον
634 5503 934 5574 ἐργάσηται
991 5501 1223 5557 Θάνατον
1275 5501 1376 5572 τὴν
1413 5499 1719 5571 ἁμαρτίαν·
1763 5500 1798 5569 ἡ
1843 5498 1902 5551 δὲ

331 5593 492 5664 ὀδύνη
519 5593 734 5664 διὰττῆς
779 5593 1007 5661 λύσεως,
1039 5594 1137 5665 τὴν
1159 5595 1284 5648 κατ’
1314 5588 1455 5660 εῐδος
1477 5591 1774 5663 ποιήσηται
1804 5591 1905 5662 τῆς

328 5805 332 5808 .
403 5749 448 5787 ⁸⁸
478 5751 644 5808 lCor.
669 5767 784 5819 xm,
816 5753 866 5807 8.

2013 3779 2159 3847 quod
2187 3779 2454 3843 condidit,
2495 3792 2674 3845 neque
2715 3778 3053 3845 voluptatem
3108 3793 3288 3848 neque
3336 3782 3586 3840 dolorem

2010 3867 2161 3920 illius
2189 3867 2373 3920 sensui
2407 3865 2608 3919 indidit
2646 3883 2659 3918 :
2693 3865 2789 3919 sed
2824 3866 2936 3919 vim
2977 3868 3269 3934 quamdam
3298 3871 3485 3926 animo
3513 3875 3585 3930 ad

2003 3956 2349 4025 voluptatem
2375 3956 2677 4010 fabricatus
2699 3963 2805 4019 est,
2835 3955 3142 4009 secundum
3175 3972 3340 4027 quam
3381 3974 3582 4019 arcana

2008 4047 2284 4115 nullisque
2315 4046 2504 4101 verbis
2560 4046 2874 4114 cxplicabil‘i
2924 4047 3180 4113 ratione,
3237 4051 3358 4120 ipso
3397 4064 3585 4123 posset.

2007 4137 2138 4190 frui.
2178 4136 2331 4191 Hanc
2371 4137 2554 4207 itaque
2586 4139 2697 4193 vim
2730 4138 3002 4210 (naturale
3049 4140 3262 4196 scilicet
3295 4147 3497 4200 mentis
3525 4147 3585 4204 in

2007 4224 2180 4278 Deum
2209 4224 2570 4295 desiderium)
2600 4226 2812 4295 primus
2855 4228 3024 4282 homo
3051 4244 3180 4282 mox
3216 4245 3288 4285 ac
3324 4234 3586 4294 conditus

2006 4312 2204 4377 fuerat,
2256 4315 2442 4369 sensui
2488 4315 2787 4382 addicens,
2839 4333 3112 4387 propense
3145 4320 3198 4374 in
3239 4336 3304 4376 ea
3348 4339 3472 4393 qua:
3526 4327 3586 4384 in

2006 4422 2229 4461 sensum
2255 4407 2478 4472 cadunt,
2504 4408 2682 4477 primo
2709 4410 2828 4478 ipso
2851 4418 3026 4477 motu,
3061 4411 3390 4470 intermedio
3417 4432 3588 4476 sensu

2008 4498 2377 4553 innaturalem
2409 4501 2596 4568 reipsa
2641 4501 2940 4554 exercitam
2971 4509 3135 4572 atque
3175 4503 3453 4576 vigentem
3489 4523 3590 4563 vo-

2008 4588 2276 4657 luptatem
2309 4588 2536 4655 habuit;
2561 4590 2768 4659 cuiper
2790 4591 3220 4660 providentiam,
3258 4596 3352 4665 qui
3381 4605 3592 4654 nostra

2008 4694 2200 4734 curam
2227 4679 2421 4734 salutis
2445 4681 2590 4750 agit,
2649 4696 2751 4735 ceu
2804 4683 2916 4735 vim
2956 4685 3252 4752 quamdam
3305 4686 3588 4757 ultricem,

2007 4771 2257 4825 dolorem
2286 4769 2493 4837 allixit;
2530 4787 2639 4841 quo
2672 4771 2952 4842 sapienter
2990 4775 3186 4830 mortis
3221 4776 3328 4842 lex,
3377 4786 3591 4838 natura)

2005 4863 2259 4931 corporis
2282 4863 2408 4918 altis
2425 4861 2602 4917 deﬁxa
2625 4863 2908 4918 radicibus
2929 4871 3035 4930 est,
3061 4865 3388 4935 desipientis
3408 4869 3584 4926 animi

2008 4952 2292 5006 incitatam
2330 4953 2383 5006 in
2419 4969 2515 5007 res.
2536 4953 2722 5007 sensui
2753 4954 2998 5024 objectas
3025 4955 3386 5009 innaturalem
3421 4957 3584 5030 cupi-

1938 5027 1982 5082 D
2015 5042 2248 5097 ditatem
2287 5041 2579 5096 eliminans
2607 5051 2774 5110 atque
2811 5040 3132 5096 extrudens.

2083 5133 2171 5188 54.
2209 5132 2470 5202 Voluptas
2499 5147 2564 5188 ac
2588 5131 2767 5196 dolor,
2799 5147 2908 5186 non
2940 5147 3047 5186 una
3079 5147 3202 5194 cum
3233 5142 3430 5188 natura
3455 5149 3580 5189 car-

2009 5223 2097 5278 nis
2121 5219 2345 5277 condita
2386 5228 2551 5285 sunt;
2595 5219 2690 5274 sed
2743 5218 3104 5289 transgressio
3147 5220 3309 5275 aliam
3354 5221 3578 5291 quidem

2011 5313 2080 5367 ad
2107 5309 2404 5365 voluntatis
2431 5308 2600 5362 animi
2630 5307 2810 5362 labem
2861 5307 3177 5374 adinvenit;
3223 5309 3461 5363 alterum
3509 5326 3581 5366 ex

2009 5405 2357 5459 damnatione
2375 5401 2428 5454 in
2445 5401 2728 5456 interitum
2750 5409 2960 5455 natura:
2979 5399 3188 5456 invexit
3211 5419 3224 5454 :
3249 5416 3359 5471 quo
3375 5417 3579 5473 nempe

2007 5497 2260 5565 voluptas
2282 5492 2508 5562 quidem
2537 5507 2602 5547 ac
2633 5491 2807 5546 libido
2836 5497 3196 5561 spontaneam
3228 5492 3398 5547 animi
3429 5508 3578 5551 mor-

2011 5596 2120 5644 tem
2150 5588 2458 5656 (peccatum
2493 5583 2722 5654 scilicet)
2757 5582 3082 5651 ascisceret;
3106 5583 3267 5640 dolor
3296 5599 3433 5641 vero
3461 5583 3572 5641 (ἤδη
