4110 6318
651 387 784 452 1319

1807 383 1866 442 S.
1907 380 2194 442 MAXIMI
2234 380 2740 444 CONFESSORIS

3755 384 3886 448 1320

645 496 910 552 solvendo
940 535 954 560 ,
1017 492 1202 548 carnis
1226 493 1408 563 ipsam
1444 498 1698 547 naturam
1749 490 2020 544 aboleret.
2070 491 2204 544 Deus

2321 494 2524 563 σαρκὲς
2557 495 2898 562 ἁπογένεσιν.
2932 495 3089 548 Κατὰ
3116 497 3370 566 πρόνοιαν
3413 495 3521 566 γὰρ
3560 497 3700 566 πρὸς
3733 499 3888 550 κόλα-

644 589 792 643 enim
822 602 928 655 qua
962 601 1048 638 res
1064 585 1339 639 humanas
1363 583 1711 655 providentia
1733 581 2024 653 gubernat,
2050 582 2215 636 casti-

643 678 832 748 ganda:
855 675 1071 730 libidini
1097 691 1219 744 quae
1258 685 1343 729 est
1389 674 1559 729 animi
1610 674 1915 737 voluntate,
1962 673 2214 727 involun—

643 769 840 821 tarium
874 775 1086 820 natura:
1109 765 1378 829 dolorem,
1409 780 1494 830 ac,
1521 765 1679 834 cujus
1711 764 1802 817 ille
1846 763 2104 833 pararius
2128 770 2213 818 est

641 877 706 914 ac
728 870 942 924 auctor,
972 871 1204 914 mortem
1229 861 1500 930 adjunxit.

709 951 796 1005 55.
828 952 909 1006 Ob
932 967 1074 1013 eam.
1107 967 1228 1020 qua:
1257 952 1566 1006 abhorrens
1616 942 1645 1004 a
1700 951 1917 1004 ratione
1957 949 2213 1018 voluptas

640 1053 849 1097 natum
876 1041 1196 1106 inoleverat,
1232 1041 1324 1110 qui
1350 1056 1417 1095 ex
1443 1040 1657 1094 ratione
1688 1051 1774 1096 est
1799 1041 2000 1094 invasit
2028 1041 2207 1104 dolor;

639 1148 738 1201 per
760 1133 958 1187 multas
989 1133 1199 1187 scilicet
1236 1147 1534 1195 aerumnas,
1559 1131 1831 1200 inquibus
1850 1141 1905 1185 et
1925 1147 1988 1185 ex
2013 1131 2213 1199 quibus

637 1224 829 1277 mortis
848 1224 1020 1296 origo,
1042 1224 1407 1277 innaturalem
1445 1231 1736 1292 amputans
1758 1222 2096 1291 voluptatem
2119 1237 2133 1286 ;
2157 1229 2213 1274 at

636 1328 744 1369 non
790 1315 1016 1369 omnino
1065 1315 1232 1369 etiam
1296 1315 1523 1368 abolens
1573 1330 1638 1368 ac
1689 1315 2049 1378 interimens;
2105 1327 2213 1381 qua

633 1407 894 1462 nimirum
935 1422 1057 1477 quae
1084 1414 1270 1461 mente
1305 1414 1410 1472 est,
1445 1406 1647 1461 divinae
1684 1404 1984 1476 voluptatis
2011 1404 2208 1474 gratia,

635 1498 856 1552 elucere
884 1497 1052 1551 habet
1084 1511 1148 1550 ac
1176 1510 1235 1549 se
1265 1495 1523 1565 prodere.

704 1610 792 1664 36.
829 1609 1033 1679 Sponte
1057 1607 1341 1662 adinventi
1370 1606 2012 1676 assumptiquelabores,
2045 1615 2209 1676 atque

633 1701 822 1755 invitis
880 1700 1073 1754 indicti
1133 1699 1472 1768 iuﬂictique,
1533 1699 1793 1753 auferunt
1849 1698 2072 1768 quidem
2132 1699 2212 1754 illi

633 1794 992 1860 voluptatem,
1030 1793 1152 1860 ejus
1199 1790 1256 1843 in
1307 1799 1431 1843 actu
1484 1790 1746 1844 sistentes
1799 1798 2043 1855 motum;
2098 1805 2211 1844 non

2317 599 2400 636 σιν
2433 585 2530 654 τῆς
2561 588 2704 639 κατὰ
2735 587 3056 656 προαίρεσιν
3083 587 3299 656 ἡδονῆς,
3339 586 3572 639 δέδωκεν
3603 588 3630 637 6
3661 587 3800 649 856;
3819 592 3880 657 τῇ

2316 675 2495 743 φύσει,
2524 676 2621 748 τὴν
2677 679 2828 748 παρὰ
2885 679 3207 748 προαίρεσιν
3259 679 3472 747 ὀδύνην,
3507 678 3599 730 καὶ
3643 678 3747 730 τὸν
3797 681 3877 732 ἐπ’

2313 765 2448 834 αὐτῇ
2477 766 2720 820 θάνατον.

2384 941 2481 994 λε’.
2524 943 2621 995 Διὰ
2664 943 2762 1014 τὴν
2806 945 3144 999 ἐπελθοῦσαν
3177 949 3244 1016 τῇ
3299 947 3461 1015 φύσει
3526 948 3685 1016 παρὰ
3731 948 3882 1015 λόγον

2314 1035 2526 1106 ἡδονὴν,
2558 1038 2591 1106 ἡ
2624 1037 2764 1089 κατὰ
2794 1037 2950 1104 λόγον
2981 1038 3301 1107 ἐπεισῆλθεν
3323 1055 3326 1058 ’
3347 1039 3528 1108 ὀδύνη,
3559 1039 3652 1091 διὰ
3682 1039 3880 1094 πολλῶδ

2314 1127 2678 1197 παθημάτων,
2707 1131 2764 1180 ἐν
2795 1127 2876 1192 οἷς
2917 1131 3012 1184 καὶ
3057 1130 3118 1193 ἐξ
3144 1125 3218 1184 ὧν
3245 1133 3274 1184 6
3300 1131 3548 1198 θάνατος,
3583 1132 3875 1200 ποιουμένη

2311 1221 2408 1290 τῆς
2444 1220 2594 1288 παρὰ
2634 1221 2795 1288 φύσιν
2846 1222 3038 1292 ἡδονῆς
3095 1225 3192 1292 τὴν
3240 1224 3563 1294 ἀφαίρεσιν·
3595 1225 3662 1276 οὐ
3705 1225 3807 1293 μὴν
3830 1223 3876 1273 δὲ

2312 1313 2408 1364 καὶ
2435 1311 2648 1366 τελείαν
2675 1314 2979 1383 ἀναίρεσιν,
3015 1317 3108 1367 καὶ
3129 1317 3194 1384 ἢν
3222 1318 3252 1384 ἡ
3299 1321 3438 1368 κατὰ
3459 1318 3587 1368 νοῦν
3618 1316 3724 1386 τῆς
3748 1315 3878 1375 θείας

2313 1404 2524 1474 ἡδονῆς,
2561 1406 2977 1460 ἁναδείκνυσθαι
3005 1408 3213 1475 πέφυκε
3243 1407 3421 1476 χάρις.

2385 1595 2494 1661 λς’.
2546 1599 2610 1651 Ἦ
2641 1599 2751 1652 τῶν
2790 1600 3055 1655 ἑκουσίων
3109 1601 3286 1655 πόνων
3336 1603 3567 1664 ἐπίνοια,
3595 1605 3700 1658 καὶ
3730 1607 3763 1675 ἠ
3787 1606 3877 1658 τῶν

2311 1689 2582 1745 ἀκουσίων
2640 1692 2930 1761 ἐπαγωγὴ,
2965 1693 3323 1763 ἀφαιροῦνται
3378 1695 3475 1764 μὲν
3520 1695 3626 1766 τὴν
3680 1696 3875 1768 ἡδονὴν,

2312 1781 2412 1851 τὴν
2465 1783 2587 1833 κατ’
2628 1783 2907 1852 ἐνέργειαν
2954 1783 3126 1853 αὐτῆς
3165 1785 3582 1839 καταπαύουσαι
3635 1789 3874 1859 κίνησινο

609 1875 813 1938 ἰειηιοη
849 1898 972 1952 qum
1017 1882 1169 1935 velut
1214 1880 1444 1950 originis
1475 1880 1564 1934 lex
1597 1889 1808 1934 naturae
1852 1880 2027 1934 indita
2083 1891 2204 1946 est,

2313 1871 2412 1923 οὐκ
2439 1870 2722 1940 ἀναιροῦσι
2753 1872 2816 1924 δέ
2849 1871 2946 1942 τὴν
2976 1871 3165 1940 ὥσπερ
3193 1875 3355 1943 νόμον
3401 1877 3466 1944 τῇ
3510 1874 3680 1943 φύσει
3719 1879 3879 1945 ἐγκειο

629 1975 929 2047 potentiam
963 1973 1263 2044 perimunt.
1298 1971 1428 2038 Qua:
1459 1971 1607 2026 enim
1635 1971 1985 2040 philosophia
2027 1973 2206 2026 virtu—

630 2076 739 2121 tem
771 2067 925 2131 colit,
960 2064 1092 2120 facit
1122 2064 1216 2117 illa
1244 2062 1470 2132 quidem
1499 2061 1659 2131 593
1702 2061 2005 2115 voluntatis
2037 2061 2206 2116 animi

631 2157 1205 2228 imperturbationem,
1234 2164 1290 2209 at
1321 2169 1432 2208 non
1465 2169 1534 2208 ex
1565 2162 1763 2207 natura
1793 2152 2056 2207 all‘ectum
2085 2166 2206 2205 om-

631 2266 756 2304 nem
792 2249 942 2320 ejicit
973 2266 986 2302 :
1018 2265 1122 2319 qua
1154 2247 1419 2301 nimirum
1458 2245 1762 2300 voluntatis
1792 2245 1961 2298 animi
2004 2244 2210 2314 imper-

631 2338 946 2393 turbatione
997 2336 1211 2392 accedit
1267 2333 1472 2388 divina:
1524 2334 1822 2403 voluptatis
1891 2333 2086 2405 gratia,
2148 2333 2206 2389 in

631 2439 814 2485 mente
845 2429 1177 2483 consistens.

699 2541 788 2594 57.
825 2538 1015 2594 Omnis
1041 2537 1218 2603 labor,
1249 2545 1310 2592 ut
1365 2552 1478 2592 sua:
1517 2551 1741 2592 causam
1780 2518 2012 2608 originis
2039 2577 2054 2602 ,
2107 2551 2206 2592 vo-

627 2634 892 2704 luptatem
924 2645 1020 2686 seu
1053 2629 1336 2685 libidinem
1370 2629 1546 2698 reipsa
1587 2637 1926 2698 praseuntem
1974 2628 2204 2693 habens,

628 2725 793 2796 plane
824 2723 1073 2777 debitum
1125 2731 1233 2785 est,
1272 2720 1419 2790 quod
1459 2721 1611 2774 velut
1645 2735 1710 2773 ex
1760 2729 1917 2773 reatu
1945 2760 1959 2784 ,
2013 2735 2208 2775 omnes

627 2814 962 2869 naturaliter
1006 2813 1243 2877 solvant,
1295 2811 1388 2882 qui
1445 2819 1575 2865 sunt
1621 2819 1833 2865 natura:
1885 2810 2204 2882 participes.

627 2907 910 2977 Voluptati
962 2905 1110 2960 enim
1153 2912 1356 2974 praeter
1407 2910 1683 2966 naturam,
1735 2902 1964 2956 omnino
2007 2913 2208 2958 natura

605 3015 815 3076 lcomes
851 3006 938 3052 est
970 2996 1149 3059 labor,
1206 2995 1262 3048 in
1311 2992 1591 3057 omnibus,
1647 3007 1882 3060 quorum
1935 2993 2206 3064 originem

625 3088 925 3145 antecessit
951 3085 1250 3155 voluptatis
1282 3085 1390 3148 lex,
1421 3083 1539 3153 ipsa
1568 3098 1732 3136 causa
1763 3098 1984 3136 vacans.
2027 3081 2207 3137 Causa

626 3186 812 3234 autem
837 3183 1120 3230 vacantem
1154 3173 1493 3242 voluptatem
1543 3171 1686 3236 dico,
1745 3187 1866 3240 quae
1915 3187 1982 3225 ex
2029 3181 2208 3226 trans-

628 3268 913 3341 gressione
962 3272 1088 3328 est,
1118 3267 1250 3333 Lquae
1299 3263 1565 3317 nimirum
1609 3260 1948 3330 superiorem
1992 3263 2202 3316 nullum

628 3360 877 3416 dolorem
909 3365 1101 3411 secuta
1138 3363 1242 3409 est.

695 3473 784 3527 38.
813 3470 976 3525 Nullo
1006 3481 1238 3537 prorsus
1260 3463 1425 3518 modo
1453 3463 1571 3518 ﬁeri
1601 3473 1819 3534 poterat
1843 3502 1858 3526 ,
1891 3471 1952 3517 ut
1981 3472 2200 3526 natura,

626 3578 750 3633 qua:
780 3570 894 3614 tum
927 3565 1242 3627 spontaneaa
1278 3554 1570 3623 voluptati,
1607 3563 1722 3608 tum
1743 3555 1994 3616 violento
2023 3554 2201 3610 dolori

627 3655 833 3710 collum
872 3650 1206 3707 submiserat
1237 3689 1252 3714 ,
1303 3647 1370 3701 ad
1405 3642 1697 3716 pristinam
1749 3655 2102 3702 revocaretur
2139 3664 2203 3703 ac

629 3747 1030 3802 instauraretur
1062 3741 1253 3804 vitam,
1291 3739 1425 3809 quin
1461 3739 1576 3806 ipse
1608 3737 1791 3808 Opil‘ex
1817 3738 1982 3793 homo
2015 3739 2198 3806 ﬁeret;

628 3833 724 3904 qui
755 3846 954 3902 nempe
984 3831 1103 3901 ipse
1129 3837 1346 3900 sponte,
1408 3829 1767 3884 adinventum
1817 3829 2064 3885 dolorem
2099 3847 2202 3901 pu-

626 3923 845 3980 nienda:
870 3937 1035 3978 causa
1066 3922 1368 3991 voluptatis
1418 3922 1701 3976 voluntate
1741 3930 1950 3977 natura:
1973 3923 2157 3979 ascitae
2181 3963 2196 3989 ,

625 4021 954 4079 assumeret,
987 4013 1076 4068 cui
1110 4013 1264 4083 origo
1289 4028 1354 4067 ex
1379 4014 1663 4082 voluptate
1680 4028 1744 4068 ac
1768 4013 2020 4080 libidine,
2048 4015 2199 4070 nulla

625 4105 961 4175 praeivi'sset;
993 4118 1102 4172 quo
1127 4103 1342 4157 scilicet
1365 4103 1436 4157 ab
1465 4112 1594 4157 ortu
1622 4102 1929 4157 nativitatis
1950 4119 2018 4157 ex
2047 4104 2200 4158 dam-

625 4194 850 4249 natione
880 4194 1098 4248 invecto
1125 4201 1374 4247 naturam
1394 4192 1674 4257 liberaret,
1693 4199 1876 4248 ortum
1894 4194 2198 4251 nativitatis

623 4284 924 4339 admittens
949 4323 965 4349 ,
1003 4282 1102 4354 qui
1144 4297 1214 4337 ex
1259 4283 1412 4336 nulla
1465 4283 1750 4352 voluptate
1791 4283 2058 4354 originem
2101 4284 2199 4339 ha—

626 4378 801 4433 beret.

692 4465 782 4519 59.
814 4461 952 4528 Quia
985 4468 1110 4530 post
1145 4457 1669 4528 transgressionem.
1718 4461 1980 4516 mortales
2006 4477 2198 4517 omnes

2314 1962 2485 2030 μένην
2525 1960 2662 2031 πρὸς
2687 1962 2904 2028 γένεσιν
2934 1963 3071 2033 αὐτῇ
3099 1963 3349 2033 δύναμιν.
3389 1965 3454 2017 Ἦ
3475 1965 3589 2036 γὰρ
3611 1968 3738 2020 κατ’
3763 1969 3875 2039 ἀρε-

2307 2052 2407 2123 τὴν
2465 2053 2774 2122 φιλοσοφία,
2826 2054 3053 2125 γνώμης
3094 2055 3389 2122 ἀπάθειαν,
3436 2058 3550 2112 ἀλλ’
3575 2059 3646 2112 οὐ
3678 2061 3876 2128 φύσεως

2310 2144 2640 2214 ἐργάζεσθαι
2671 2145 2915 2215 πέφυκεο
2943 2147 3068 2201 καθ’
3095 2150 3162 2220 ἢν
3211 2149 3412 2220 δηλαδὴ
3454 2150 3555 2221 τὴν
3598 2155 3874 2223 γνωμικὴν

2309 2236 2604 2303 ἀπάθειαν,
2632 2239 2665 2308 ἠ
2697 2237 2838 2293 κατὰ
2877 2237 3006 2294 νοῦν
3051 2240 3154 2311 τῆς
3175 2240 3325 2306 Θείας
3351 2241 3545 2313 ἡδονῆς
3577 2244 3871 2314 ἐπιγίνεται

2307 2329 2488 2402 χάρις.

2382 2528 2478 2594 λζ’.
2507 2531 2621 2594 Πᾶς
2651 2532 2832 2598 πόνος,
2853 2531 2927 2595 ὡς
2947 2532 3125 2586 αἰτίαν
3147 2532 3248 2603 τῆς
3273 2534 3408 2598 ίδίας
3423 2536 3703 2602 γενέσεως
3727 2538 3864 2609 ἔχων,

2309 2625 2432 2677 κατ’
2484 2622 2766 2692 ἐνέργειαν
2824 2625 3246 2694 προηγουμένην
3293 2625 3393 2697 τὴν
3449 2627 3673 2698 ἡδονὴν,
3731 2632 3867 2700 χρέος

2308 2716 2427 2768 ἐστὶ
2451 2714 2672 2786 δηλαδὴ,
2701 2715 2947 2784 φυσικῶς
2989 2719 3110 2770 κατ’
3137 2718 3316 2780 αἰτίαν
3347 2717 3497 2788 παρὰ
3523 2720 3748 2774 πάντων
3772 2723 3865 2775 τῶν

2313 2805 2718 2877 μετειληφότων
2762 2808 2860 2878 τῆς
2909 2806 3124 2877 φύσεως
3173 2807 3581 2880 ἐκτιννύμενον.
3633 2811 3710 2882 Τῇ
3770 2813 3864 2880 γὰρ

2307 2896 2463 2968 παρὰ
2508 2898 2670 2968 φύσιν
2703 2898 2886 2970 ἡδονῇ,
2942 2899 3158 2962 πάντως
3195 2899 3503 2969 παρέπεται
3557 2904 3798 2971 φυσικῶς
3840 2906 3865 2958 6

2309 2989 2469 3052 πόνος
2513 2989 2570 3042 ἐν
2627 2991 2815 3056 πᾶσιν,
2873 2983 2946 3044 ὧν
2990 2991 3018 3042 6
3072 2990 3172 3060 τῆς
3203 2991 3396 3062 ἡδονῆς
3432 2993 3598 3063 νόμος
3632 2997 3863 3060 ἀναιτίως

2311 3077 2777 3149 προκαθηγήσατο
2799 3080 2902 3150 τῆς
2930 3078 3201 3149 γενέσεως
3232 3078 3329 3151 (p).
3366 3080 3634 3136 Ἀναίτιον
3656 3085 3713 3138 δέ
3741 3103 3862 3156 φημι

2309 3169 2407 3240 τὴν
2452 3173 2516 3224 ἐκ
2567 3175 2666 3242 τῆς
2702 3173 3070 3244 παραόἀσεως
3113 3179 3326 3250 ἡδονὴν,
3351 3180 3428 3244 ὡς
3469 3180 3545 3252 μὴ
3579 3182 3862 3253 γενομένην

2309 3259 2548 3331 δηλονότι
2573 3263 2934 3334 προλαϐόντος
2965 3267 3126 3322 πόνου
3153 3269 3413 3342 διάδοχον.

2381 3455 2482 3527 λη’.
2538 3457 2841 3528 Ἀμήχανον
2876 3456 2948 3534 ἦν
2998 3464 3300 3528 παντελῶς,
3323 3465 3422 3536 τὴν
3459 3466 3622 3536 φύσιν
3650 3470 3857 3523 ὑποχλι-

2311 3545 2491 3600 θεῖσαν
2515 3550 2580 3618 τῇ
2614 3566 2674 3601 τε
2700 3549 2840 3604 κατὰ
2874 3553 3201 3625 προαίρεσιν
3244 3556 3431 3628 ἡδονῇ,
3462 3560 3553 3611 καὶ
3599 3564 3668 3631 τῇ
3724 3562 3862 3632 παρὰ

2308 3637 2628 3709 προαίρεσιν
2658 3639 2839 3712 ὀδύνῃ,
2873 3641 3038 3696 πάλιν
3087 3645 3167 3708 είς
3220 3647 3318 3726 τὴν
3363 3648 3598 3722 ἐξαρχῆς
3646 3654 3862 3724 ἀνακλη-

2309 3727 2468 3800 θῆναι
2494 3728 2660 3802 ζωὴν,
2688 3732 2735 3785 εί
2775 3733 2849 3804 μὴ
2873 3735 3097 3803 γέγονεν
3126 3737 3411 3809 ἄνθρωπος
3441 3744 3470 3795 ό
3515 3743 3857 3816 δημιουργὸς,

2305 3823 2628 3894 προαιρέσει
2669 3823 2957 3895 δεχόμενος
3001 3825 3100 3898 τὴν
3155 3829 3292 3899 πρὸς
3343 3831 3566 3886 κόλασιν
3614 3835 3708 3905 τῆς
3736 3836 3858 3889 κατᾶ

2306 3912 2626 3983 προαίρεσιν
2676 3913 2778 3982 τῆς
2830 3914 3042 3983 φύσεως
3097 3918 3309 3989 ἡδονῆς,
3343 3923 3721 3994 ἐπινοηθεῖσαν
3752 3928 3858 3981 ὀδύ-

2305 4019 2422 4074 νην,
2455 4002 2554 4056 οὑκ
2587 4003 2817 4074 ἔχουσαν
2843 4009 3268 4081 προηγουμένην
3317 4014 3492 4084 αὐτῆς
3521 4018 3624 4087 τὴν
3650 4019 3707 4083 ἐξ
3753 4021 3854 4090 fﬁc-

2305 4097 2400 4166 νῆς
2433 4097 2647 4166 γένεσιν
2666 4115 2680 4130 ⁸
2715 4100 2802 4152 ἵνα
2842 4105 2942 4171 τῆς
2971 4105 3035 4156 ἐκ
3063 4105 3362 4177 καταδίκης
3406 4109 3752 4185 ἐλευθερώσῃ
3777 4116 3857 4184 τὴν

2305 4186 2466 4257 φύσιν
2495 4189 2821 4258 γεννήσεως,
2856 4191 2916 4256 ἐξ
2945 4193 3136 4264 ἡδονῆς
3165 4195 3339 4267 ἀρχὴν
3377 4199 3479 4252 οὐκ
3513 4200 3743 4272 ἔχουσαν
3774 4223 3858 4258 κα-

2302 4277 2658 4350 ταδεχόμενος
2687 4281 2958 4354 γέννησιν.

2372 4458 2470 4514 λθ’.
2521 4457 2740 4530 Ἐπειδὴ
2787 4463 2925 4530 μετὰ
2951 4455 3050 4534 τὴν
3091 4464 3405 4523 παράϐασιν
3431 4467 3641 4534 πάντες
3673 4471 3838 4542 ἄνθρω

626 4554 960 4624 voluptatem
997 4550 1275 4605 habebant
1304 4551 1533 4620 proprio
1609 4551 1760 4605 ortui
1808 4563 2006 4608 natura
2049 4568 2194 4623 prae-

2308 4569 2388 4605 ποι
2428 4550 2526 4622 τὴν
2572 4551 2766 4624 ἡδονὴν
2810 4549 2955 4624 εἶχον
3002 4559 3099 4626 τῆς
3146 4556 3280 4622 ίδίας
3328 4560 3578 4627 φυσικῶς
3635 4563 3857 4634 προκαθ-

631 4653 880 4708 euntem,
935 4657 1040 4697 nec
1085 4642 1231 4696 ullus
1274 4656 1504 4711 prorsus
1548 4641 1617 4696 ab
1652 4641 1865 4712 origine
1903 4644 2201 4714 voluptatis

627 4736 751 4792 labe
804 4733 1111 4805 inquinata,
1157 4739 1352 4788 natura
1386 4733 1646 4786 immunis
1697 4741 1857 4800 erat;
1907 4734 2001 4788 sed
2044 4735 2196 4789 velut

627 4826 877 4882 naturale
925 4823 1207 4879 reddendo
1253 4822 1526 4887 debitum,
1566 4822 1807 4887 labores,
1853 4834 2196 4894 mortemque

628 4919 738 4973 illis
760 4916 1050 4980 asseclam,
1071 4913 1452 4979 sustinebant;
1477 4912 1768 4982 nullusque
1795 4913 2018 4969 ouiuino
2046 4932 2196 4972 asse-

696 5072 795 5144 (1)),
816 5072 1121 5144 Ἀναιτίως
1157 5071 1540 5144 προηγήσατο
1570 5070 1681 5144 τῆς
1711 5072 2021 5140 γενέσεως.
2055 5075 2212 5143 Quod

2305 4645 2616 4714 ηγουμένην
2658 4645 2943 4713 γενέσεως,
2975 4647 3071 4701 καὶ
3099 4649 3275 4713 οὐδεὶς
3301 4645 3369 4720 ἦν
3409 4653 3704 4708 τοσύνολον
3727 4660 3754 4709 6
3777 4655 3858 4721 τῆς

2306 4735 2428 4790 καθ’
2469 4735 2661 4807 ἡδονὴν
2696 4736 2980 4804 ἐμπαθοῦς
3010 4740 3276 4805 γενέσεως
3325 4744 3574 4810 φυσικῶς
3623 4746 3857 4815 ὑπάρχων

2304 4825 2588 4894 ἐλεύθερος
2611 4840 2623 4853 ·
2656 4825 2771 4877 ἀλλ’
2807 4826 2882 4891 ὡς
2924 4829 3083 4896 χρέος
3122 4830 3322 4892 πάντες
3347 4833 3857 4898 φυσικὺνὰποδιδόνο

2299 4935 2393 4982 τες
2417 4919 2541 4980 τοὺς
2567 4916 2786 4983 πόνους,
2821 4919 2916 4970 καὶ
2946 4919 3037 4974 τὸν
3080 4921 3165 4973 ἐπ’
3194 4921 3378 4985 αὐτοῖς
3413 4910 3691 4994 ὑπέμενον
3720 4924 3856 4977 θάνα-

2315 5076 2717 5148 οιιίίευοοθὰοι,
2771 5079 2999 5148 ejusque
3045 5097 3209 5136 causa
3257 5083 3347 5146 sit,
3396 5084 3610 5138 nullum
3662 5085 3853 5138 habent.

631 5141 801 5199 semel
827 5152 885 5198 et
917 5142 1118 5195 iterum
1141 5151 1300 5214 cavet
1330 5141 1622 5214 Maximus,
1653 5143 1758 5214 hoc
1788 5152 1844 5214 et
1889 5143 1958 5198 59
1988 5141 2110 5214 cap.
2143 5162 2212 5202 ne
2313 5147 2468 5202 Unde
2495 5162 2596 5200 nec
2640 5141 2997 5204 Chris'tus'sic
3026 5152 3265 5205 ἀναίτιον
3292 5141 3640 5207 nativitatem
3667 5171 3732 5208 ex
3755 5152 3858 5207 libi-

590 5214 688 5267 «τὸ
721 5215 979 5273 ἀναιτίως
1025 5219 1081 5264 et
1129 5212 1388 5275 ἀναίτιον,
1444 5211 1599 5280 quasi
1656 5213 1937 5266 innoxium
1989 5211 2210 5270 et_sine

626 5284 790 5351 culpa
812 5281 1137 5352 accipiatur,
1166 5296 1288 5348 quae
1320 5291 1408 5334 est
1446 5281 1708 5352 proclivis
1753 5284 1872 5352 ejus
1910 5285 2063 5338 vocis
2113 5301 2207 5340 ac-

627 5350 830 5420 ceptio,
886 5351 939 5405 id
997 5365 1130 5404 vero
1185 5365 1456 5421 propense
1507 5350 1672 5405 Picus
1723 5350 2094 5421 amplectitur,
2143 5371 2206 5409 ac

630 5418 844 5493 ubique
877 5418 1302 5493 interpretatur.
1346 5418 1443 5493 Est
1470 5428 1618 5493 certe
1675 5421 1792 5493 haec
1815 5418 2091 5493 ‘voluptas
2134 5439 2202 5478 eo

631 5504 796 5560 sensu
832 5489 978 5544 haud
1029 5490 1289 5560 ἀναίτιος,
1318 5489 1415 5543 sed
1445 5490 1618 5560 culpze
1664 5489 1986 5560 conjuncta,
2027 5503 2084 5546 et
2131 5509 2198 5548 ex

631 5558 812 5624 culpa,
843 5560 899 5610 ni
935 5559 1108 5629 magis
1132 5561 1246 5627 ipsa
1278 5560 1474 5629 culpa;
1515 5559 1630 5628 ipse
1674 5558 1884 5615 natura:
1922 5570 2105 5616 reatus
2131 5578 2198 5616 ex

632 5628 1086 5698 transgressione,
1111 5630 1188 5682 sic
1211 5628 1564 5696 quasi’bruta:
1590 5630 1732 5693 vitae,
1789 5646 1910 5698 quae
1967 5631 2196 5686 libidine

634 5694 891 5769 ducatur,
915 5712 1017 5749 nec
1048 5699 1159 5769 jam
1190 5694 1420 5759 ratione.
1455 5699 1550 5752 sed
1589 5700 1760 5769 magis
1806 5694 1970 5753 sensu
2007 5701 2192 5754 vivat:

634 5761 870 5827 ἀναίτιος
918 5761 1070 5830 vero,
1110 5765 1163 5818 id
1219 5775 1303 5820 est
1361 5769 1478 5823 sine
1504 5761 1705 5832 causa:
1728 5769 1875 5837 quod
1928 5770 2190 5835 laborem,

2310 5218 2440 5270 dine
2473 5217 2790 5285 assumpsit,
2821 5219 2967 5286 quod
3001 5236 3111 5273 non
3136 5221 3229 5276 illo
3274 5224 3438 5277 modo
3485 5225 3744 5287 ἀναίτιος,
3775 5220 3856 5275 sed

2307 5287 2683 5367 illi_comitem_
2710 5287 3179 5367 lab_orem,_exque
3203 5292 3318 5356 illa,
3345 5294 3420 5356 ὡς
3443 5294 3746 5367 attingant
3802 5304 3860 5367 eo

2300 5357 2466 5436 juste,
2499 5371 2623 5436 cum
2773 5357 2882 5436 illo_
2923 5357 3168 5436 mjustus;
3188 5373 3353 5436 esset,
3401 5363 3787 5436 nulloiscilicet
3812 5359 3857 5412 in

2304 5425 2636 5504 ipsoreatu,
2658 5425 2806 5504 illam
2835 5425 3302 5504 aboleret._Quam
3328 5433 3475 5504 belle
3497 5435 3756 5494 cohaeret,
3807 5436 3856 5480 ul

2311 5494 2555 5570 Maximo
2574 5495 2905 5570 ᾴδικωτάτη,
2934 5494 3302 5568 injustissima,
3356 5503 3430 5557 sit
3469 5503 3584 5557 haec
3625 5505 3855 5570 voluptas

2307 5578 2405 5648 seu
2461 5563 2659 5648 libido,
2690 5571 2760 5648 ,εί
2800 5563 3440 5648 tamenhipsa‘cltvatiuo;
3488 5574 3578 5638 sit,
3605 5574 3724 5648 ipsa
3754 5563 3854 5648 ξένιε

2304 5633 2482 5703 culpa,
2503 5633 2649 5704 bello
2688 5633 2988 5704 interprete
3016 5633 3183 5692 Pico?
3207 5641 3319 5694 Nec
3336 5633 3481 5695 enim
3508 5633 3576 5696 ut
3604 5633 3755 5696 labor
3779 5639 3851 5690 in-

2301 5703 2625 5776 justus,_s_ic
2650 5711 2706 5776 e_t
2734 5703 3017 5774 voluptas;
3059 5709 3204 5776 quod
3254 5711 3371 5767 hinc
3399 5728 3430 5766 a
3469 5713 3746 5767 voluntate
3770 5723 3852 5762 cx-

2304 5773 2485 5842 sistat,
2522 5772 2614 5826 ille
2637 5773 2705 5827 ab
2737 5772 3010 5831 exteriore
3039 5772 3258 5846 agente.
