4110 6318
373 408 502 476 i321

1024 405 1381 465 ‘CAPITUM
1420 399 1842 475 QUINQUIES
1870 396 2389 459 CENTENORUM
2424 395 2813 473 CENTURIA
2855 394 2951 452 IV.

3490 382 3625 454 1322

367 542 494 578 τονσ
525 519 617 576 καὶ
657 515 729 591 ἦν
765 516 970 589 ἄπορος
1019 517 1373 571 παντάπασιν
1418 516 1447 568 ό
1484 516 1583 586 τῆς
1625 513 1940 584 ἐλευθερίας

2059 508 2233 563 rendae
2258 508 2344 563 eis
2378 508 2657 583 libertatis
2685 504 2886 560 modus
2923 503 3278 574 suppetebat,
3306 501 3403 573 qui
3437 502 3625 573 iniqua

366 614 590 687 τρόπος,
615 614 726 674 τοῖς
760 610 866 663 ὑπὸ
893 609 994 681 τῆς
1017 608 1214 687 ἀδίκου·
1233 607 1694 680 τυραννουμένοις
1721 605 1939 676 ἡδονῆς,

367 682 461 759 καὶ
500 703 608 757 ὑπὸ
634 701 745 756 τῶν
782 701 1008 756 δικαίων
1054 682 1254 768 πόνων,
1293 700 1388 755 καὶ
1415 698 1511 753 τοῦ
1541 698 1627 753 ἐπ’
1654 697 1836 760 αὐτοῖς
1869 695 1946 749 δι-

368 794 658 847 καιοτάτου
720 791 954 847 Θανάτου
1003 790 1256 860 φυσικῶς
1302 788 1676 861 ἐνεχομένοις’
1723 786 1834 841 ἔδει
1886 784 1946 838 δὲ

369 886 504 957 πρὸς
532 883 814 954 ἀναίρεσιν
853 882 951 953 μὲν
970 883 1069 954 τῆς
1095 880 1435 952 ἀδικωτάτης
1465 878 1693 947 ἡδονῆς..
1717 877 1808 931 καὶ
1835 876 1946 931 τῶν

366 977 436 1030 δι’
482 974 652 1045 αὐτὴν
687 974 1046 1029 δικαιοτάτων
1083 972 1284 1041 πόνων,
1318 973 1410 1042 ὑφ’
1450 962 1526 1026 ὧν
1573 971 1825 1033 ἐλεεινῶς
1867 971 1947 1023 δι-

367 1071 573 1123 εσπᾶτο
599 1069 825 1138 πάσχων
848 1068 876 1120 ὁ
899 1065 1205 1138 ἄνθρωπος,
1230 1067 1296 1119 ἐκ
1312 1064 1519 1136 φθορᾶς
1546 1064 1649 1134 τῆς
1675 1062 1800 1118 καθ’
1826 1062 1947 1131 ἡδο-

370 1162 468 1232 νὴν
499 1160 636 1231 ἔχων
680 1159 781 1229 τὴν
812 1156 989 1229 ἀρχὴν
1027 1156 1126 1227 τῆς
1166 1157 1456 1226 γενέσεως,
1487 1156 1583 1210 καὶ⁵
1625 1157 1706 1219 εἰς
1741 1152 1949 1224 φθορὰν

370 1252 468 1324 τὴν
496 1251 587 1307 διὰ
613 1249 711 1306 τοῦ
742 1250 980 1305 θανάτου
1004 1248 1069 1303 τὸ
1096 1249 1196 1319 τῆς
1222 1247 1367 1320 ζωῆς
1398 1248 1725 1317 καταλήγων
1760 1245 1944 1309 τέλος·

372 1343 511 1415 πρὸς
548 1343 607 1396 δὲ
636 1342 738 1413 τὴν
765 1339 1147 1412 ἐπανόρθωσιν
1169 1341 1270 1410 τῆς
1300 1338 1546 1403 ἀπαθοῦς
1564 1342 1582 1361 ‘
1608 1338 1824 1409 φύσεως
1848 1338 1946 1409 (ᾳ),

372 1432 723 1505 ἐπινοηθῆναι
745 1433 906 1486 πόνον
931 1430 1025 1484 κα)⁸
1041 1429 1292 1494 θάνατον,
1313 1429 1496 1484 ἄδικον
1522 1427 1658 1499 ὁμοῦ
1687 1428 1784 1481 καὶ
1795 1427 1952 1480 ἀναίο

370 1542 486 1578 τιον
513 1540 526 1553 ·
561 1525 801 1579 ἀναίτιον
835 1524 955 1595 μὲν,
989 1522 1066 1587 ὡς
1099 1522 1355 1592 οὐδαμῶς
1407 1520 1790 1594 προλαϐοῦσαν
1827 1519 1951 1589 ἡδοο

2048 600 2351 669 voluptatis
2398 598 2576 670 pressi
2613 596 2944 670 tyrannide,
2999 593 3164 666 justis
3214 594 3502 650 laboribus
3538 598 3628 668 ju-

2048 692 2416 762 stissimaeque
2440 708 2509 747 ex
2537 691 2650 746 illis
2690 689 2860 745 morti
2897 696 3098 743 natura
3147 685 3375 743 obnoxii
3424 696 3625 753 erant;

2045 799 2232 856 operte
2254 785 2608 856 pretiumque
2634 793 2776 848 erat,
2796 790 2913 837 tum
2934 780 3003 836 ad
3030 779 3435 851 iniquissimam
3451 779 3628 835 inter-

2047 875 2328 932 imendum
2380 876 2754 946 voluptatem,
2808 875 3069 951 ejusque‘
3105 888 3272 929 causa
3315 872 3630 945 justissime

2046 968 2301 1023 invectos
2340 967 2564 1043 labores
2586 965 2895 1027 abolendos
2922 1006 2938 1031 ,
2981 965 3185 1035 quibus
3229 965 3394 1019 homo
3425 964 3630 1019 misere

2047 1059 2311 1115 laborans
2342 1058 2762 1115 distrahebatur
2808 1059 2916 1132 (cui
2968 1057 3184 1114 scilicet
3222 1073 3291 1112 ex
3328 1057 3630 1126 voluptatis

2046 1166 2114 1207 ac
2140 1149 2388 1206 libidinis
2406 1149 2531 1205 labe
2551 1149 2784 1220 originis
2814 1155 2968 1205 esset
2996 1147 3243 1210 initium,
3281 1147 3451 1216 inque
3477 1160 3631 1200 mor-

2050 1242 2122 1298 tis
2157 1241 2343 1301 tabem
2369 1241 2495 1296 Viue
2520 1239 2646 1295 ﬁnis
2671 1239 2993 1310 desineret),
3040 1249 3156 1296 tum
3202 1238 3271 1294 ad
3323 1237 3633 1293 laborantis

2054 1342 2265 1391 naturae
2294 1332 2786 1399 instaurationem,
2818 1331 3065 1388 laborem
3105 1330 3409 1399 mortisque
3452 1330 3633 1386 inter-

2051 1432 2189 1486 itum
2237 1429 2576 1500 excogitari,
2629 1428 2899 1500 injustum
2945 1427 3112 1483 simul
3158 1436 3217 1482 et
3256 1441 3480 1482 causam
3519 1441 3633 1481 non

2053 1522 2373 1581 habentem.
2404 1520 2612 1590 Nempe
2643 1533 2757 1575 non
2801 1517 3105 1574 habentem
3151 1532 3397 1582 causam,
3441 1524 3504 1571 ut
3538 1518 3635 1588 qui

373 1615 466 1685 νῆν
493 1614 769 1685 ἐσχηκότα
800 1613 937 1686 πρὸς
964 1614 1179 1682 γένεσιν
1200 1632 1214 1645 ·
1244 1615 1429 1669 ἄδικον
1474 1613 1552 1678 δέ,
1582 1612 1658 1677 ὡς
1693 1611 1951 1682 οὐδεμιᾶς

2059 1622 2391 1683 praeeuntem
2422 1627 2537 1668 sua:
2583 1610 3173 1681 originivoluptatem
3205 1608 3636 1679 haudquaquam

370 1702 699 1771 τοπαράπαν
733 1701 878 1773 ζωῆς
905 1701 1186 1773 ἐμπαθούς
1214 1702 1343 1757 ὄντα
1369 1703 1638 1773 διάδοχον,
1663 1702 1754 1757 ἵνα
1787 1702 1951 1772 μέσος

2059 1705 2376 1772 habuisset;
2418 1704 2689 1775 injustam
2729 1717 2901 1768 vero,
2952 1711 3015 1759 ut
3059 1702 3157 1773 qui
3209 1701 3349 1758 nulli
3404 1717 3637 1772 prorsus

371 1792 690 1863 διαληφθεὶς
736 1792 934 1863 ἡδονῆς
979 1793 1192 1859 ἀδίκου,
1225 1795 1320 1848 καὶ
1366 1794 1532 1849 πόνου
1576 1793 1673 1846 καὶ
1719 1792 1949 1847 θανάτου

2059 1795 2370 1853 libidinosa:
2402 1797 2529 1852 vite
2553 1811 2739 1853 comes
2766 1803 2958 1860 esset,
3008 1802 3072 1850 ut
3114 1793 3379 1850 nimirum
3418 1795 3636 1851 medius

371 1885 737 1950 δικαιοτάτου,
776 1884 941 1952 πόνος
990 1887 1087 1940 καὶ
1123 1886 1351 1951 θάνατος
1396 1885 1753 1953 ἀδικώτατος,
1783 1887 1948 1959 ἀνέλῃ

2059 1890 2397 1959 interceptus
2420 1888 2567 1945 inter
2591 1889 2854 1961 injustam
2889 1887 3253 1957 voluptatem,
3275 1886 3638 1958 laboremque

371 1978 547 2032 διόλου
569 1977 667 2048 τὴν
703 1977 763 2042 ἐξ
793 1978 989 2048 ἡδονῆς
1036 1978 1381 2050 ἀδικωτάτην
1414 1976 1612 2050 ἀρχὴν,
1655 1979 1751 2033 καὶ
1780 1978 1844 2032 τὸ
1879 1978 1946 2030 δι’

2059 1989 2108 2036 et
2162 1991 2399 2036 mortem
2451 1981 2819 2051 iustissimam
2844 2019 2862 2045 ,
2911 1977 3076 2050 595
3127 1977 3286 2034 labor
3327 1979 3637 2038 mortisque

373 2070 547 2141 αὐτὴν
586 2070 674 2124 διὰ
711 2069 947 2125 θανάτου
984 2069 1326 2125 δικαιότατον
1371 2069 1527 2135 τέλος
1568 2068 1669 2139 τῆς
1708 2067 1945 2139 φύσεως,

2059 2068 2764 2139 lnteritusinjustissimus,
2798 2066 3226 2140 injustissimam
3250 2081 3321 2122 ex
3351 2067 3640 2138 voluptate

374 2163 468 2217 καὶ
497 2162 725 2231 γένηται
771 2162 933 2217 πάλιν
973 2161 1172 2235 ἡδονῆς
1209 2164 1305 2218 καὶ
1346 2160 1537 2234 ὀδύνης
1577 2160 1864 2233 ἐλεύθερον
1888 2162 1950 2214 τὸ

2059 2159 2325 2231 originem
2351 2175 2585 2231 prorsus
2609 2159 2881 2220 aboleret.
2905 2174 2991 2224 ac,
3011 2157 3107 2229 qui
3128 2160 3442 2231 ejus_causa
3490 2174 3644 2214 mox»

374 2254 536 2322 γένος
572 2254 681 2307 τῶν
722 2251 1047 2325 ἀνθρώπων,
1078 2253 1176 2326 τὴν
1216 2253 1454 2327 ἐξαρχῆς
1493 2251 1790 2323 εὐκληρίαν
1811 2251 1950 2306 ἀπο-

2059 2250 2123 2307 tis
2139 2251 2463 2307 iuteritione
2480 2249 3189 2322 inoleverat,justissimum
3205 2258 3420 2307 naturae
3441 2250 3604 2306 ﬁnem
3621 2268 3638 2318 ;

373 2343 645 2416 λαϐούσης
676 2345 781 2416 τῆς
812 2344 1049 2415 φύσεως,
1071 2344 1259 2418 μηδενὶ
1284 2345 1394 2400 τῶν
1419 2342 1814 2415 ἐμπεφυκότων
1838 2346 1950 2407 τοῖς

2059 2344 2470 2414 humanumque
2500 2358 2678 2415 genus
2716 2357 2915 2400 rursus
2954 2357 2987 2397 a
3023 2338 3314 2413 voluptate
3334 2342 3663 2414 doloreque'

377 2434 479 2490 ὑπὸ
512 2438 728 2505 γένεσιν
775 2439 868 2492 καὶ
893 2437 1101 2509 φθορὰν
1130 2438 1528 2511 γνωρισμάτων
1556 2434 1947 2506 μολυνομένην.

2059 2435 2355 2499 eximeret,
2387 2444 2587 2491 natura
2617 2436 2910 2506 pristinam
2954 2436 3264 2506 recipiente
3304 2434 3640 2497 claritatem,

375 2529 476 2583 Διά
506 2529 667 2584 τοῦτο
698 2528 831 2594 Θεὸς
859 2529 1122 2603 ὑπάρχων
1164 2528 1370 2592 τέλειος
1416 2526 1558 2583 κατά
1589 2526 1752 2597 φύσιν
1797 2528 1826 2580 ό
1852 2524 1943 2579 τοῦ

2059 2525 2220 2582 nullis
2254 2541 2445 2583 earum
2474 2542 2662 2582 rerum
2698 2528 2848 2583 notis
2878 2527 3144 2583 fmdatam
3168 2568 3184 2594 ,
3225 2542 3348 2598 quae
3380 2527 3529 2582 ortui
3576 2542 3644 2581 ac

373 2619 511 2673 Θεοῦ
574 2622 767 2689 Λόγος,
827 2620 1042 2690 γίνεται
1089 2620 1293 2686 τέλειος
1343 2620 1630 2692 ἄνθρωπος
1661 2620 1729 2673 ἐκ
1773 2619 1951 2691 ψυχῆς

375 2714 569 2783 νοερᾶς
599 2713 693 2766 καὶ
727 2712 981 2784 σώματος
1008 2713 1255 2785 παθητοῦ
1287 2712 1436 2781 κατὰ,
1462 2710 1624 2783 φύσιν
1662 2712 1953 2784 παραπλη-

376 2805 507 2868 σίως
555 2806 707 2876 ἡμῖν,
742 2806 915 2878 χωρὶς
956 2806 1128 2877 μόνης
1179 2805 1457 2877 ἁμαρτίας
1516 2802 1816 2868 συνεστώς·
1851 2804 1951 2876 τὴν

380 2894 478 2963 μὲν
527 2895 591 2946 ἐκ
634 2896 733 2964 τῆς
789 2896 1078 2968 παρακοῆς
1121 2896 1335 2967 ἡδονὴν,
1377 2895 1628 2967 οὐδαμῶς
1668 2894 1951 2950 τοσύνολον

376 2983 647 3056 ἐσχηκὼς,
689 2986 1108 3058 προηγουμένην
1140 2985 1307 3040 αὐτοῦ
1348 2987 1447 3059 τῆς
1490 2989 1555 3040 ἐκ
1592 2987 1853 3057 γυναικὸς
1892 2990 1952 3043 ἐν

377 3073 557 3147 χρόνῳ
569 3077 872 3148 γεννήσεως
891 3093 908 3109 ·
933 3076 1032 3149 τὴν
1060 3077 1117 3130 δὲ
1153 3076 1221 3130 δι’
1247 3076 1421 3147 αὐτὴν
1443 3076 1654 3147 ὀδύνην,
1679 3078 1952 3151 ὑπάρχου-

362 3181 479 3218 ίσαν
519 3166 672 3231 τέλος
704 3167 804 3237 τῆς
845 3169 1082 3238 φύσεως,
1107 3166 1195 3247 διά
1234 3165 1646 3239 φιλανθρωπίαν
1679 3169 1823 3222 κατά
1860 3168 1949 3222 θέ-

2052 2618 2309 2674 interitui
2339 2618 2595 2675 obnoxiae
2624 2628 2774 2675 sunt.
2817 2618 3036 2674 Idcirco
3059 2634 3188 2674 cum
3223 2619 3373 2673 Deus
3399 2633 3499 2688 per
3541 2634 3642 2672 na-

2053 2724 2235 2766 turam
2255 2711 2541 2782 perfectus
2560 2720 2728 2777 esset,
2753 2711 2851 2767 Dei
2875 2711 3116 2766 Verbum
3158 2710 3442 2781 perlectus
3471 2710 3642 2764 homo

2053 2802 2135 2867 fit,
2170 2818 2240 2858 ex
2269 2803 2457 2859 anima
2493 2803 2859 2873 intelligente,
2894 2818 2958 2858 ac
3009 2801 3230 2857 mortali
3260 2808 3641 2879 per‘naturam

2054 2909 2313 2965 corpore,
2342 2895 2511 2951 simili
2533 2896 2696 2951 nobis
2718 2896 2956 2960 ratione,
2985 2910 3097 2949 uno
3121 2878 3393 2950 duntaxat
3412 2902 3645 2964 peccato

2052 2998 2308 3060 excepto,
2346 2988 2665 3045 consistens
2702 2989 2828 3060 :qui
2879 3003 2999 3043 eam
3030 2986 3257 3057 quidem
3282 2987 3643 3059 voluptatem

2051 3098 2152 3138 seu
2203 3081 2534 3145 libidinem,
2588 3096 2709 3151 quae
2764 3080 2997 3134 inolevit
3028 3094 3097 3134 ex
3149 3076 3591 3148 transgressione
3622 3115 3639 3140 ,

2058 3171 2353 3243 temporali
2382 3171 2558 3242 ipsius
2589 3188 2657 3226 ex
2707 3170 2942 3226 muliere
2980 3167 3260 3223 nativitati
3300 3175 3641 3238 praeeuntem

378 3256 532 3327 λησιν
562 3259 1012 3329 ηπροσηκὰμενος,
1039 3259 1127 3313 ἵνα
1150 3257 1378 3330 πάσχων
1400 3258 1627 3326 ἀδίκως,
1663 3260 1828 3334 ἀνέλῃ
1857 3260 1955 3332 τὴν

2061 3265 2216 3320 nullo
2266 3280 2498 3334 prorsus
2549 3263 2718 3318 modo
2749 3261 3002 3325 haberet,
3040 3260 3265 3315 tametsi
3297 3260 3448 3313 illius
3483 3274 3648 3314 causa

378 3345 438 3411 ἐξ
465 3346 658 3416 ἡδονῆς
690 3346 878 3400 ἀδίκου
920 3349 1295 3418 τυραννοῦσαν
1320 3348 1420 3421 τὴν
1454 3348 1618 3419 φύσιν
1654 3351 1831 3423 ἀρχὴν
1861 3352 1960 3422 τῆς

378 3434 648 3503 γενέσεως
667 3452 681 3468 ·
711 3438 812 3492 οὐκ
838 3437 1071 3509 ἔχουσαν
1099 3439 1175 3503 ὡς
1200 3424 1368 3511 ’χρέος
1392 3441 1535 3512 ὑπὲρ
1569 3442 1745 3514 αὐτῆς
1785 3428 1961 3498 ἐκτιν-

379 3527 608 3597 νύμενον
637 3530 781 3583 κατά
808 3532 935 3594 τοὺς
964 3530 1163 3596 ἄλλους
1196 3530 1519 3604 ἀνθρώπους
1551 3537 1647 3590 καὶ
1707 3535 1802 3589 τοῦ
1844 3538 1961 3589 Κυ-

364 3617 498 3689 ¹ρίου
529 3619 621 3672 τὸν
647 3620 894 3687 θάνατον,
920 3621 1060 3677 ἀλλά
1097 3623 1300 3693 μᾶλλον
1327 3624 1447 3678 κατ’
1471 3624 1643 3696 αὐτῆς
1659 3627 1961 3698 προϐεϐλη-

378 3708 541 3778 μένον
559 3725 574 3740 ·
603 3711 701 3764 καὶ
733 3710 795 3765 τὸ
822 3710 1034 3765 Grai-toﬁ
1069 3710 1302 3766 θανάτου
1345 3713 1557 3767 δίκαιον
1586 3715 1737 3779 τέλος
1762 3717 1964 3786 ἐξαφαο

379 3799 503 3873 νίσῃ
526 3801 625 3871 τῆς
654 3803 893 3870 φύσεως,
923 3804 1024 3858 οὐκ
1052 3803 1191 3875 ἔχων
1219 3804 1318 3876 τὴν
1346 3803 1415 3856 δι’
1436 3804 1501 3877 ἦν
1523 3805 1835 3877 ἐπεισῆλθε,
1870 3808 1963 3861 καὶ

380 3890 471 3941 ὑπ’
504 3892 670 3945 αὐτοῦ
712 3893 938 3957 δικαίως
990 3894 1437 3966 τιμωρουμένην,
1501 3895 1577 3958 ὡς
1632 3896 1814 3950 αἰτίαν
1858 3897 1953 3952 τοῦ

380 3976 519 4035 εἶναι
551 3985 870 4056 παράνομον
901 3985 1114 4057 ἡδονήν.

2063 3358 2349 3414 invectum
2390 3355 2641 3413 dolorem
2676 3396 2690 3421 ,
2725 3354 2821 3426 qui
2851 3364 3066 3409 natura:
3096 3351 3223 3407 ﬁnis
3253 3351 3505 3418 exsistat,
3535 3366 3650 3423 prae

2060 3436 2276 3509 summa
2308 3449 2657 3509 humanitate
2687 3461 2752 3502 ac
2796 3444 3167 3517 benignitate,
3206 3445 3491 3501 voluntate
3531 3444 3650 3514 ipse

2065 3556 2165 3597 sua
2213 3539 2579 3603 admisisset,
2632 3547 2695 3592 ut
2747 3537 2952 3608 injuste
3010 3537 3229 3607 patiens
3269 3536 3647 3606 moriensque,

2068 3630 2300 3700 primam
2340 3645 2407 3684 ex
2442 3629 2632 3700 iniqua
2663 3627 2948 3698 voluptate
2979 3629 3275 3705 originem,
3309 3637 3562 3685 naturam
3594 3628 3651 3682 vi

2065 3720 2497 3791 opprimentem,
2533 3717 2882 3790 proﬂigaret;
2913 3735 3034 3790 quae
3056 3719 3290 3785 scilicet,
3328 3720 3556 3790 perinde
3587 3736 3652 3774 ac

2068 3810 2416 3882 reliquorum
2444 3810 2736 3883 hominum
2762 3851 2777 3874 ,
2829 3809 2911 3865 sic
2938 3797 2995 3865 et
3026 3810 3244 3865 Domini
3277 3820 3512 3865 mortem
3549 3826 3652 3880 pro

2072 3918 2138 3959 ea
2169 3901 2464 3957 obnoxiam
2505 3915 2572 3957 ac
2604 3900 2760 3955 velut
2792 3915 2860 3956 ex
2893 3898 3084 3955 debito
3116 3900 3433 3955 solvendam
3461 3940 3478 3965 ,
3540 3917 3653 3955 non

2063 3996 2332 4060 haberet;
2363 3994 2462 4049 Sed
2483 4003 2612 4064 quae
2634 3993 2819 4064 potius
2847 3992 2927 4049 illi
2950 3991 3185 4048 adversa
3209 4000 3380 4057 esset,
3404 3984 3650 4063 justum-

379 4089 486 4142 que
524 4077 728 4136 mortis.
762 4076 1082 4134 interitione
1131 4086 1343 4135 naturae
1379 4077 1543 4135 linem
1598 4078 1881 4150 aboleret;
1912 4085 2001 4141 cui
2035 4088 2301 4143 nimirum
2351 4087 2540 4157 iniqua
2576 4087 2834 4157 voluptas
2856 4101 2920 4141 ac
2949 4085 3144 4150 libido,
3173 4084 3331 4155 Cujus
3353 4083 3447 4139 ille
3469 4085 3651 4155 gratia

381 4173 628 4239 inolevit,
657 4190 720 4229 ac
757 4189 924 4245 quam
985 4175 1132 4246 juste
1172 4174 1509 4241 ulciscatur,
1582 4186 1643 4232 ut
1681 4193 1795 4233 sua:
1827 4188 2024 4237 auctor
2058 4183 2292 4255 originis
2331 4183 2565 4239 minime
2599 4189 2941 4252 suppeteret.
3284 4244 3288 4248 Α
3530 4178 3541 4181 ’
3595 4194 3599 4199 '

454 4274 526 4338 μ’.
571 4267 719 4321 Ἔδει
748 4269 824 4332 ὡς
858 4268 1096 4339 ἀληθῶς,
1144 4269 1274 4337 ἔδει,
1310 4271 1471 4339 σοφὸν
1509 4273 1603 4326 καὶ
1632 4273 1837 4355 δίκαιον
1870 4278 1961 4329 καὶ

388 4360 616 4414 δυνατὸν
645 4362 772 4415 ὄντα
804 4363 946 4416 κατὰ
974 4366 1143 4431 φύσιν
1168 4364 1260 4418 τὸν
1286 4364 1513 4437 Κύριον,
1537 4365 1614 4430 ὡς
1647 4366 1746 4437 μὲν
1774 4370 1959 4438 σοφὸν,

2141 4278 2231 4334 40.
2259 4278 2505 4334 Decebat
2548 4279 2711 4350 plane
2764 4293 2828 4333 ac
2881 4293 2983 4348 par
3014 4282 3154 4342 erat,
3192 4276 3513 4341 Dominum,
3555 4278 3651 4347 qui

2069 4396 2170 4450 per
2196 4391 2451 4447 naturam
2484 4379 2727 4449 sapiens,
2765 4379 3061 4449 justusque
3086 4393 3149 4432 ac
3175 4356 3374 4448 potens
3399 4380 3648 4444 exsistat,

385 4452 459 4543 μὴ
494 4452 760 4523 ἀγνοῆσαι
798 4455 891 4508 τὸν
939 4455 1141 4526 τρόπον
1182 4456 1283 4527 τῆς
1320 4460 1589 4528 ἰατρείας·
1634 4461 1709 4526 ὠς
1761 4462 1959 4517 δίκαιοι

2073 4481 2135 4527 ιιι
2170 4472 2398 4543 quidem
2428 4471 2759 4542 sapientem,
2795 4488 2910 4527 non
2945 4473 3168 4528 nescire
3197 4473 3502 4528 curationis
3530 4489 3650 4529 mo-

380 4534 458 4603 δέ,
511 4546 600 4613 μὴ·
644 4546 975 4618 τυραννικὴν
1022 4547 1353 4618 ποιήσασθαι
1388 4548 1483 4604 τοῦ
1524 4552 1962 4625 κατειλημμένου

384 4634 525 4687 κατά
557 4635 786 4707 γνώμην
823 4637 928 4689 ὑπὸ
960 4636 1059 4708 τῆς
1101 4639 1376 4709 ἁμαρτίας
1406 4639 1694 4714 ἀνθρώπου
1725 4645 1824 4716 τὴν
1857 4662 1963 4700 σω-

384 4725 579 4794 τηρίαν
602 4743 617 4757 ·
648 4727 725 4790 ὡς
752 4727 809 4781 δὲ
840 4728 1020 4782 πάντα
1069 4729 1385 4801 δυνάμενον,
1413 4732 1489 4805 μὴ
1524 4735 1782 4807 ἀτονῆσαι
1827 4738 1963 4809 πρὸς

384 4817 484 4886 τὴν
512 4819 611 4886 τῆς
651 4820 894 4892 ίατρείας
924 4811 1296 4896 ἐκπλήρωσιν.
1678 4866 1683 4871 κ

462 4916 570 4979 μα’.
612 4912 687 4965 Τὸ
722 4912 822 4983 μὲν
854 4913 1017 4982 σοφὸν
1046 4913 1141 4967 τοῦ
1186 4913 1342 4979 Θεοῦ,
1377 4917 1436 4970 ἐν
1468 4916 1547 4991 τῷ
1582 4920 1835 4989 γενέσθαι
1867 4922 1966 4992 φύ-

390 5019 472 5055 σει
515 5006 637 5056 κατ’
673 5004 940 5076 ἀλήθειαν
980 5005 1296 5078 ἄνθρωπον,
1335 5009 1644 5065 δείκνυται·
1695 5013 1757 5065 τὸ
1799 5013 1855 5066 δέ
1889 5015 1969 5068 δί-

390 5112 563 5160 καιον,
591 5098 648 5149 ἐν
699 5097 777 5167 τῷ
814 5098 874 5150 ab
913 5097 1155 5169 παθητὸν
1200 5100 1339 5154 κατά
1383 5100 1482 5172 τὴν
1511 5102 1728 5169 γένεσιν
1763 5104 1966 5176 ὁμοίως

388 5188 518 5257 ἡμῖν
551 5189 905 5261 ἀνειληφέναι
937 5191 1036 5260 τῆς
1065 5189 1281 5260 φύσεως
1303 5207 1316 5221 '
1349 5190 1409 5244 τὸ
1442 5192 1498 5245 δὲ
1531 5192 1774 5259 δυνατὸν,
1806 5196 1863 5248 ἐν
1888 5195 1966 5267 τῷ

2073 4564 2250 4620 dum:
2290 4574 2351 4621 ut
2378 4575 2564 4621 autem
2612 4567 2850 4638 justum,
2899 4582 3011 4621 non
3065 4566 3119 4620 vi
3161 4566 3364 4637 palam,
3408 4566 3652 4631 hominis

2073 4670 2172 4708 sua
2195 4653 2481 4710 voluntate
2513 4665 2741 4727 peccato
2769 4653 2904 4713 facti
2929 4654 3184 4720 obnoxii,
3241 4656 3475 4713 salutem
3508 4674 3654 4728 pra:-

2072 4755 2220 4800 stare
2252 4764 2264 4798 :
2294 4753 2463 4817 atque
2492 4756 2553 4801 ut
2578 4734 3387 4817 omnipotentem,complenda
3418 4749 3660 4817 sanitate

2073 4852 2184 4890 non
2223 4834 2482 4893 deiicere.
2770 4894 2773 4897 .
2984 4884 2999 4909 ρ

2143 4927 2230 4981 41.
2271 4927 2369 4982 Dei
2405 4929 2633 4997 quidem
2677 4931 2950 5000 sapientia
2998 4931 3053 4984 in
3110 4946 3178 4985 eo
3219 4932 3451 4996 elucet,
3505 4933 3650 5001 quod

2073 5032 2202 5073 vere
2228 5029 2428 5075 natura
2455 5020 2635 5075 factus
2669 5022 2742 5077 sit
2767 5023 2934 5079 homo
2981 5041 2995 5078 :
3029 5024 3246 5093 justitia
3273 5039 3407 5079 vero
3433 5064 3448 5088 ,
3503 5025 3650 5095 quod

2066 5111 2239 5193 Asimili
2274 5110 2437 5166 nobis
2467 5106 2682 5182 ratione
2706 5122 2916 5169 naturae
2944 5115 3054 5168 vim
3080 5115 3364 5184 patibile’m
3388 5124 3513 5170 ortu
3550 5132 3652 5172 suo

2062 5203 2438 5272 .assumpserit
2474 5221 2484 5255 :
2524 5205 2769 5273 potentia
2806 5204 3070 5275 denique,
3117 5207 3263 5279 quod
3297 5208 3651 5278 passionihus

460 5331 478 5349 ⁴
504 5330 607 5400 Qq.
640 5330 705 5385 ad
739 5330 957 5385 Thalas.
985 5346 1042 5400 q.
1068 5330 1160 5395 61,
1189 5329 1501 5403 παθούσης
1529 5334 1679 5403 quod
1709 5343 1766 5389 et
1792 5336 2106 5408 legendum.

464 5442 540 5511 (τι)
587 5442 702 5509 Τῆς
740 5436 1010 5508 ἀπαθοῦς
1036 5444 1298 5510 φύσεως.
1347 5443 1438 5499 Sic
1465 5444 1613 5500 dicta
1648 5444 1705 5499 in
1742 5444 1964 5503 Christo

391 5522 622 5599 natura,
662 5513 850 5599 sicque
896 5521 1292 5599 repraesentant
1342 5515 1517 5599 _c_odd.
1544 5587 1556 5599 _
1581 5524 1746 5599 atque
1767 5518 1959 5599 edita,

394 5580 485 5634 cui
509 5582 737 5655 proinde
754 5580 913 5655 labor
935 5580 1100 5655 atque
1134 5598 1303 5655 mors,
1330 5584 1517 5655 ἄδικος
1534 5580 1671 5655 ὀμοῦ
1695 5587 1792 5641 καὶ
1807 5580 1962 5641 ἅναξ-ἔ

394 5667 520 5726 τιος-
544 5650 704 5725 foret.
745 5651 857 5726 Sed
881 5650 1023 5726 mihi
1048 5652 1194 5726 istud
1218 5654 1489 5726 durius:
1509 5650 1667 5726 longe
1696 5671 1827 5711 vero
1860 5673 1960 5712 ex-

470 5719 637 5797 ditius
667 5722 815 5797 quod
845 5721 1109 5797 habetur,
1135 5721 1331 5797 Quam.
1363 5725 1432 5779 ad
1450 5719 1766 5797 Τήαί.”πρὺς
1794 5728 1962 5797 ἐπαν-

431 5789 630 5860 ρθωσιν
678 5789 778 5861 τῆς
818 5791 1095 5862 παθούσης
1134 5795 1347 5862 φύσεως
1384 5811 1399 5825 ο
1440 5796 1585 5862 quod
1629 5789 1686 5850 et
1718 5796 1953 5854 reddidi.

720 5885 987 5945 Parum"
1033 5885 1145 5945 Gn.
1184 5884 1304 5946 XC.

2073 5451 2166 5528 δίο
2188 5467 2337 5528 certe
2362 5453 3026 5528 totalaborabatnatura,
3073 5463 3296 5527 totaque
3325 5463 3652 5528 reparanda,

2068 5523 2274 5599 Christi
2319 5525 2607 5599 laboribus
2653 5533 2709 5599 e_t
2747 5532 2926 5599 morte
2952 5541 3083 5599 _non
3131 5523 3343 5599 natura),
3378 5523 3650 5599 ἀπαθοῦς,

2068 5596 2220 5664 quod
2246 5612 2351 5651 nec
2372 5596 2492 5717 ipsa
2525 5595 2606 5649 sic
2641 5594 2893 5649 absolute
2935 5594 3155 5651 dicatur
3185 5595 3392 5653 Christi
3429 5594 3652 5670 natura,

2068 5680 2190 5717 una:
2220 5666 2281 5717 τὸ
2310 5684 2386 5717 πα
2422 5664 2550 5717 iith
2579 5664 2762 5717 carnis
2805 5664 3052 5717 haberet.
3088 5670 3447 5717 quantumvis
3507 5682 3651 5717 ρεςρι

2066 5680 2190 5734 qua;
2220 5666 2281 5729 τ),
2310 5664 2762 5735 παθὴτδνῗςὲῐᾟίὸ
2805 5664 3052 5731 haberet,
3088 5670 3447 5735 quantumvis
3507 5664 3651 5730 esset

2067 5735 2305 5809 ἀπαθὴς,
2343 5734 2488 5806 quOd
2516 5734 2584 5790 ad
2610 5734 2802 5789 vitium
2828 5735 3027 5790 attinet
3047 5734 3369 5807 ac’culpam.

3260 5895 3337 5951 212

3668 2590 3705 2617 Ι
