4110 6318
544 369 680 440 i323

1710 362 1772 424 s.
1810 359 2099 421 MAXIM!
2142 342 2652 422 CONFESSORIS

3671 358 3828 425 1324

540 502 605 544 ac
636 494 837 545 morte.
873 481 1270 554 sempiternam
1312 486 1527 535 naturae
1573 476 1746 532 vitam
1792 473 2124 547 impatibili-

2232 472 2316 526 διὰ
2352 471 2698 542 παθημάτων
2729 470 2825 524 καὶ
2854 469 3114 536 θανάτου,
3145 467 3292 542 ζωὴν
3344 471 3514 526 ἀΐδιον
3544 476 3611 545 τῇ
3649 476 3832 545 φύσει

543 591 822 651 tatemque
842 574 1260 633 immutabilem
1294 570 1630 629 condiderit.

611 689 702 745 ιε.
743 684 1040 757 Sapientia:
1084 684 1311 755 quidem
1343 680 1613 737 Dominus
1661 679 1811 734 clare
1842 676 2125 747 specimen

540 780 818 843 exhibuit,
856 777 909 831 in
963 777 1271 833 curationis
1315 773 1502 835 modo.
1540 772 1683 828 citra
1725 784 1947 825 omnem
1999 782 2125 821 mu-

542 872 806 928 tationem
837 885 902 926 ae
936 871 1022 924 vel
1051 869 1341 924 minimam
1367 866 1452 923 sui
1479 865 1681 929 labem,
1706 863 1888 919 factus
1918 861 2121 917 homo:

532 966 767 1038 iustitiae
797 972 932 1020 vero
956 962 1328 1033 aequalitatem
1352 958 1627 1030 prodidit,
1658 958 1715 1012 in
1747 952 2126 1011 inelinationis

539 1058 709 1128 inque
732 1071 845 1111 rem
866 1063 1113 1110 nostram
1138 1051 1497 1108 demissionis
1516 1047 1907 1118 magnitudine
1932 1062 1948 1111 ;
1970 1059 2128 1099 nem-

539 1165 607 1221 pe
629 1164 753 1219 quaz
787 1148 844 1202 in
874 1155 1088 1201 naturae
1121 1144 1284 1215 595
1323 1150 1483 1214 parte
1532 1139 1748 1213 patibili
1790 1147 1877 1194 est
1926 1144 2126 1208 sponte

540 1241 769 1298 subiens
798 1239 1236 1302 damnationem,
1267 1250 1501 1305 eamque
1529 1234 1598 1288 ad
1634 1230 1970 1287 abolendum
1994 1243 2123 1298 pce-

539 1343 747 1398 catum,
779 1346 845 1386 ac
880 1346 1003 1402 quae
1026 1346 1095 1385 ex
1117 1330 1212 1384 illo
1241 1336 1349 1393 est,
1395 1336 1657 1391 mortem,
1705 1324 1763 1379 in
1803 1337 1956 1378 arma
2002 1334 2128 1375 ver-

540 1434 661 1481 tens
682 1423 1034 1494 (abolendam
1045 1463 1059 1488 ,
1081 1422 1326 1491 inquam,
1341 1419 1685 1489 voluptatem
1698 1430 1796 1472 seu
1809 1414 2122 1477 libidinem,

540 1532 628 1581 ac,
670 1517 767 1587 qui
807 1522 1038 1585 prepter
1063 1528 1188 1569 eam
1240 1510 1509 1575 inolevit,
1563 1508 1833 1579 dolorem)
1868 1524 1881 1561 :
1920 1507 1975 1561 in
2015 1520 2126 1576 qua

537 1609 804 1664 nimirum
835 1607 1015 1679 (parte
1044 1605 1311 1661 nimirum
1360 1603 1600 1679 patibili)
1651 1600 1863 1672 peccati
1900 1598 2016 1663 vis,
2060 1611 2127 1652 ac

522 1699 738 1762 mortis
774 1677 1118 1762 exsistebat;
1145 1710 1232 1760 ac,
1276 1709 1399 1764 quae
1424 1677 1709 1763 voluptate
1742 1706 1840 1746 seu
1868 1687 2122 1753 libidine,

539 1791 753 1862 peccati
808 1788 1060 1860 tyrannis
1111 1786 1463 1853 concrescit;
1506 1800 1730 1841 necnon
1768 1785 1930 1856 cujus
1967 1790 2123 1838 reatu

2230 562 2640 638 δημιουργῆσαι
2679 567 2774 621 καὶ
2798 565 3070 621 ἀπάθειαν
3090 565 3383 638 ἄτρεπτον.

2301 680 2413 750 μβὀ
2455 679 2562 733 Τδν
2602 679 2709 751 μὲν
2728 679 2831 749 τῆς
2858 682 3052 749 σοφίας
3087 680 3266 748 λόγον,
3298 682 3359 734 ὲν
3387 680 3466 751 τῷ
3492 683 3687 753 τρόπῳ
3716 677 3837 749 τῆς

2232 771 2501 842 ἰατρείας,
2532 772 2767 845 φανερὸν
2808 772 2838 824 ὀ
2875 770 3079 843 Κύριος
3117 772 3367 842 ἐποίησε,
3399 774 3571 843 χωρὶς
3603 777 3833 847 τροπῆς

2230 863 2325 916 καὶ
2356 865 2456 935 τῆς
2486 864 2706 918 οἱασοῦν
2758 863 3119 928 ἀλλοιώσεως,
3160 865 3454 934 γενόμενος
3485 866 3784 935 ἄνθρωπος
3813 881 3829 894 ⁸

2226 956 2328 1026 τὴν
2366 956 2591 1026 ἰσότητα
2622 956 2680 1008 δὲ
2725 956 2823 1027 τῆς
2854 955 3224 1026 δικαιοσύνης,
3256 956 3317 1009 ἐν
3341 956 3422 1027 τῷ
3460 957 3689 1027 μεγέθει
3722 960 3830 1029 τῆς

2230 1046 2696 1115 συγκαταϐάσεως
2724 1044 2916 1112 ἔδειξε,
2949 1047 3009 1100 τὸ
3037 1049 3096 1102 ἐν
3124 1047 3203 1119 τῷ
3234 1046 3466 1119 παθητῷ
3495 1048 3834 1119 κατάκριμα

2232 1139 2334 1209 τῆς
2361 1138 2600 1209 φύσεως,
2627 1138 2770 1192 κατὰ
2803 1139 3025 1210 θέλησιν
3065 1139 3287 1204 ὑποδὺς.
3325 1141 3551 1194 κάκεῖνο
3580 1141 3829 1211 ποιήσας

2227 1231 2394 1285 ὅπλον
2438 1231 2582 1304 πρὸς
2615 1231 2720 1302 τὴν
2745 1234 2847 1303 τῆς
2876 1232 3154 1302 ἁμαρτίας
3185 1232 3469 1303 άναξρεσιν
3501 1231 3598 1285 καὶ
3633 1230 3735 1284 τοῦ
3757 1233 3827 1284 δι’

2227 1325 2398 1396 αὐτὴν
2422 1323 2685 1390 θανάτου,
2717 1325 2967 1378 τουτέστι
2998 1327 3101 1395 τῆς
3132 1324 3328 1395 ἡδονῆς
3363 1325 3459 1378 καὶ
3487 1324 3589 1395 τῆς
3625 1325 3703 1378 δι’
3730 1325 3829 1378 αὐ-

2226 1417 2327 1489 τὴν
2359 1417 2578 1488 ὀδύνης,
2612 1418 2671 1472 ὲν
2700 1410 2746 1486 ᾧ
2768 1418 2872 1487 τῆς
2913 1418 3192 1490 ἁμαρτίας
3221 1417 3434 1487 ὑπῆρχε
3468 1417 3567 1470 καὶ
3596 1415 3702 1469 τοῦ
3733 1414 3834 1471 θα.-

2227 1508 2390 1561 νὰτου
2416 1508 2480 1561 τὸ
2512 1508 2735 1579 κράτος,
2766 1508 2863 1561 καὶ
2892 1509 2926 1579 ἡ
2962 1508 3104 1561 κατὰ
3128 1508 3231 1580 τὴν
3259 1508 3453 1580 ἡδονὴν
3500 1508 3601 1580 τῆς
3632 1510 3830 1580 ἀμαρ-

2226 1601 2352 1666 τίας
2381 1602 2666 1672 τυραννὶς,
2702 1599 2799 1655 καὶ
2833 1601 2868 1672 ἡ
2896 1600 2965 1653 δι’
2994 1600 3169 1673 αὐτὴν
3200 1601 3343 1655 κατὰ
3372 1601 3471 1672 τὴν
3497 1600 3703 1672 ὀδύνην
3731 1600 3830 1655 τοῦ

2227 1693 2461 1749 θανάτου
2497 1693 2810 1748 δυναστεία.
2857 1692 2947 1747 Ἐν
2977 1692 3090 1765 γὰρ
3134 1691 3214 1764 τῷ
3256 1692 3487 1765 παθητῷ
3532 1695 3831 1766 προδήλως

2227 1785 2467 1857 ὑπάρχει
2502 1786 2604 1857 τῆς
2634 1785 2875 1855 φύσεως,
2913 1786 2976 1840 τὸ
3013 1787 3114 1858 τῆς
3144 1786 3336 1858 ἡδονῆς
3369 1787 3575 1858 κράτος
3615 1788 3721 1842 καὶ
3767 1789 3833 1841 τὸ

539 1898 640 1953 per
663 1882 914 1937 dolorem
948 1889 1116 1950 atque
1148 1894 1447 1944 aerumnas,
1487 1878 1685 1933 mortis
1713 1886 1959 1948 potestas
1987 1890 2122 1931 con-

2232 1876 2327 1946 τῆς
2352 1875 2569 1948 ὀδύνης.
2609 1875 2721 1930 Καὶ
2748 1876 2862 1947 γάρ
2898 1893 3017 1941 πως
3049 1857 3150 1947 τῆς
3179 1876 3372 1946 ὀδύνης
3407 1857 3574 1931 πλέον
3594 1879 3660 1931 τὸ
3682 1882 3831 1933 κατὰ

539 1972 788 2033 valescit.
816 1972 983 2027 Plane
1011 1970 1158 2026 enim
1189 1969 1492 2041 voluptatis
1516 1968 1841 2039 dolorisque
1873 1967 2124 2021 domina-

541 2063 616 2117 tio
645 2077 710 2116 ac
738 2061 931 2126 robur,
959 2062 1016 2115 in
1042 2069 1257 2115 naturas
1280 2068 1437 2130 parte
1479 2057 1697 2129 patibili
1740 2056 1977 2111 exsistit.
2012 2055 2124 2110 Na-

541 2154 738 2208 turalis
767 2151 975 2225 quippe
1010 2150 1220 2207 doloris
1252 2164 1471 2221 poenam
1506 2146 1896 2204 vehementius
1945 2146 2127 2200 inten-

528 2262 658 2301 .sam
696 2244 981 2315 voluptate
1014 2243 1185 2299 solari
1233 2239 1647 2313 quodammodo
1695 2239 1947 2293 nitimur.
1982 2239 2123 2293 Dum

540 2351 781 2407 namque
810 2336 1104 2390 molestum
1131 2333 1345 2390 doloris
1387 2346 1614 2388 sensum
1664 2330 1918 2402 mitigare
1960 2329 2123 2385 volu-

526 2440 690 2491 mus,
721 2422 791 2480 ad
822 2426 1163 2494 voluptatem
1188 2420 1542 2491 confugimus
1568 2459 1584 2484 ,
1612 2418 1668 2473 id
1709 2419 1987 2473 enitentes
2009 2454 2025 2481 ,
2067 2424 2131 2470 ut

541 2527 796 2572 naturam
840 2516 1057 2572 doloris
1104 2514 1322 2585 ﬂagello
1352 2526 1711 2583 oppressam,
1746 2510 1897 2565 illius
1930 2508 2130 2564 solatio

523 2613 809 2665 .levcmus.
850 2608 961 2664 Sed
998 2608 1131 2664 dum
1180 2606 1394 2662 doloris
1438 2606 1666 2661 aculeos
1709 2602 2013 2673 voluptatis
2051 2602 2131 2656 le-

541 2702 764 2758 nocinio
787 2701 1011 2756 mollire
1056 2699 1359 2770 satagimus
1385 2712 1452 2753 ac
1489 2694 1790 2753 retundere
1810 2734 1825 2761 ,
1874 2694 1997 2765 ejus
2024 2692 2127 2748 ad-

2229 1966 2394 2036 φύσιν
2427 1967 2833 2039 ἐπιτεινόμενον
2875 1969 3196 2040 πρόστιμον,
3229 1969 3318 2023 διὰ
3350 1970 3451 2040 τῆς
3493 1969 3702 2042 ἡδονῆς
3731 1972 3831 2024 αὒο

2228 2057 2329 2130 τὴν
2356 2058 2805 2130 παραμυθεῖσθαι
2842 2058 3249 2132 σπουδάζομεν
3281 2061 3529 2127 θέλοντες
3568 2062 3683 2135 γὰρ
3732 2064 3832 2118 ἐκ.

2231 2151 2424 2219 φυγεῖν
2449 2151 2549 2222 τὴν
2576 2151 2720 2206 κατὰ
2740 2151 2840 2223 τὴν
2865 2152 3061 2224 ὀδύνην
3080 2152 3339 2208 ἐπίπονον
3364 2154 3641 2226 αἴσθησιν,
3681 2154 3826 2227 πρὶς

2230 2242 2331 2310 τὴν
2377 2242 2573 2314 ἡδονὴν
2612 2245 3056 2317 καταφεύγομεν,
3085 2246 3165 2317 τῷ
3194 2246 3297 2316 τῆς
3329 2247 3525 2318 ὀδύνης
3568 2247 3826 2318 αἰκισμῷ

2228 2335 2563 2406 πιεζομένην
2604 2335 2703 2406 τὴν
2767 2336 2950 2405 φύσιν,
3006 2337 3414 2410 ἐπιχειροῦντες
3467 2338 3825 2410 παραμυθεῖ-

2233 2426 2378 2481 σθαι.
2420 2428 2755 2494 Σπεύδοντες
2792 2431 2851 2485 δὲ
2895 2430 2984 2485 διὰ
3026 2431 3129 2499 τῆς
3168 2431 3365 2503 ἡδονῆς
3396 2432 3465 2487 τὰ
3488 2434 3593 2503 τῆς
3625 2433 3824 2503 ὀδύνης

2226 2517 2503 2589 ἀμϐλῦναι
2553 2522 2852 2592 κινήματα,
2907 2521 3070 2576 πλέον
3122 2522 3294 2594 αὐτῆς
3340 2522 3402 2576 τὸ
3453 2523 3581 2577 καθ’
3608 2526 3823 2578 ἑαυτῶν

2227 2610 2598 2682 ὲπικυροῦμεν
2635 2612 3024 2686 χειρόγραφον,
3065 2614 3259 2685 ὀδύνης
3306 2614 3402 2669 καὶ
3452 2616 3638 2669 πόνων
3672 2616 3824 2686 ἔχειν

2228 2697 2328 2771 τὴν
2354 2700 2553 2772 ἡδονὴν
2575 2702 2988 2775 ἀπολελυμένην
3015 2705 3077 2757 οὐ
3108 2705 3422 2777 δυνάμενοι.

540 2806 763 2846 versum
797 2806 900 2846 nos
930 2788 1362 2861 chirographum
1385 2787 1560 2860 magis
1614 2784 2033 2851 conﬁrmamus,
2097 2786 2193 2856 qui
2233 2791 2516 2863 voluptate
2548 2832 2563 2860 ,
2622 2792 2813 2850 dolore
2870 2811 2938 2851 ac
2988 2794 3272 2853 laboribus
3326 2798 3511 2854 soluta
3548 2797 3668 2855 frui
3714 2813 3816 2853 ne—

540 2897 830 2953 queamus.

610 3018 702 3075 45.
730 3015 1069 3072 Excellentis
1102 3022 1288 3071 autem
1322 3015 1592 3087 potentiae
1632 3013 1746 3069 vim
1784 3012 1999 3086 liquido
2027 3027 2122 3069 os-

2299 3014 2412 3086 μγ’.
2442 3016 2553 3089 Τὴν
2582 3016 2641 3073 δὲ
2690 3020 2790 3090 τῆς
2832 3019 3282 3094 ὑπερϐαλλούσης
3332 3023 3623 3095 δυνάμεως
3663 3028 3825 3101 ἰσχὺν

546 3109 743 3174 tendit,
779 3107 927 3179 quod
955 3123 1054 3178 per
1076 3122 1141 3163 ea
1171 3108 1474 3172 contraria,
1525 3122 1646 3177 quae
1674 3105 1793 3177 ipse
1820 3119 2121 3176 perpessus

2232 3107 2385 3180 δῆλον
2420 3109 2747 3181 κατέστησε,
2796 3111 2905 3165 τῶν
2937 3109 3020 3176 οἷς
3060 3112 3222 3179 αὐτὸς
3260 3115 3500 3188 ἔπασχεν
3533 3119 3820 3185 ἐναντίων,

541 3210 651 3262 est,
679 3198 1080 3257 immutabilem
1124 3207 1337 3252 natura:
1371 3198 1686 3268 genituram
1726 3204 2024 3266 ortumque
2068 3210 2131 3249 ae

2236 3201 2550 3272 ὑποστήσας
2575 3203 2643 3273 τῇ
2672 3200 2833 3271 φύσει
2861 3203 2960 3276 τὴν
2982 3204 3200 3273 γένεσιν
3226 3206 3501 3279 ἄτρεπτον
3534 3226 3551 3243 ’
3589 3211 3679 3265 διὰ
3715 3214 3825 3267 πά-

544 3289 919 3347 substantiam
952 3289 1225 3344 condidit.
1260 3290 1366 3343 Per
1400 3288 1713 3357 passionem
1737 3288 1910 3353 enim,
1938 3287 2136 3342 immu-

2239 3292 2365 3355 θους
2394 3292 2506 3363 γὰρ
2534 3293 2634 3366 τὴν
2657 3294 2950 3358 ἀπάθειαν,
2984 3296 3080 3349 καὶ
3121 3296 3212 3351 διὰ
3258 3300 3434 3353 πόνων
3473 3302 3574 3370 τὴν
3608 3303 3824 3369 ἄνεσιν,

542 3399 643 3439 nes
671 3397 794 3438 esse
822 3397 853 3436 a
881 3380 1169 3452 passione;
1196 3396 1295 3451 per
1329 3381 1569 3445 labores,
1604 3379 1996 3436 remissionem
2025 3396 2040 3446 ;
2071 3394 2131 3435 ac

2239 3385 2334 3438 καὶ
2358 3385 2448 3441 διὰ
2501 3385 2736 3440 θανάτου
2784 3387 2884 3459 τὴν
2925 3389 3096 3443 ἀΐδιον
3139 3389 3284 3460 ζωὴν
3330 3395 3397 3463 τῇ
3448 3393 3615 3461 φύσει
3669 3395 3822 3464 δοὺς,

544 3488 645 3545 per
676 3473 940 3534 martem,
966 3469 1362 3540 sempiternam
1400 3477 1617 3525 naturae
1656 3469 1908 3526 tribuens
1936 3468 2132 3535 vitam,

545 3563 782 3636 pristina
816 3560 1084 3617 felicitate
1130 3555 1410 3629 restit'uit;
1464 3561 1670 3632 quibus
1712 3562 1830 3632 ipse
1878 3560 2134 3632 penuriis

546 3659 858 3723 laboravit,
891 3665 1104 3712 natura:
1125 3655 1350 3711 habitus
1388 3654 1746 3720 instaurans;
1787 3668 1853 3708 ac
1880 3668 1990 3724 qua
2016 3667 2138 3707 car-

547 3766 676 3807 nem
705 3748 906 3814 induit,
951 3757 1165 3803 naturze
1199 3746 1310 3802 vim
1340 3761 1560 3802 omnem
1606 3753 1967 3816 superantem
2010 3758 2136 3815 gra-

550 3842 679 3898 tiam
720 3841 797 3914 (id
819 3851 926 3906 est,
951 3836 1387 3910 deiﬁcationem)
1418 3845 1631 3893 natura:
1653 3836 1885 3892 donans-

615 3960 705 4014 44.
744 3958 892 4013 Deus
914 3971 1045 4012 vere
1069 3955 1250 4011 factus
1275 3961 1361 4011 est
1384 3953 1573 4018 homo,
1592 3951 1868 4023 aliamque
1896 3950 2130 4007 secundi

548 4058 705 4105 ortus
735 4057 946 4104 natura:
983 4047 1138 4104 dedit
1172 4046 1442 4117 originem
1465 4061 1481 4112 ;
1504 4060 1628 4115 quae
1651 4043 1863 4099 scilicet
1887 4056 1918 4097 a
1944 4042 2135 4098 labore

549 4148 750 4213 erepta,
793 4140 851 4194 in
892 4139 1092 4194 futura:
1122 4138 1251 4192 vitae
1285 4136 1517 4192 delicias
1563 4134 1802 4190 desinat.
1855 4132 2135 4200 Quemad-

550 4231 775 4301 modum
796 4231 949 4286 enim
974 4228 1196 4299 primus
1222 4215 1429 4298 parens
1463 4223 1729 4289 Adamus,
1762 4221 1910 4293 quod
1956 4221 2133 4277 divini

550 4323 793 4379 mandati
827 4319 1289 4393 transgressione,
1323 4318 1487 4375 aliam
1515 4333 1582 4374 ex
1619 4317 1909 4387 voluptate
1959 4329 2024 4368 ac
2059 4312 2131 4367 li-

540 4415 739 4471 bidine
772 4413 1068 4485 originem,
1112 4411 1407 4481 interjecto
1437 4409 1627 4465 labore
1672 4415 1839 4479 atque
1885 4420 2131 4462 aerumna

550 4508 609 4562 in
645 4514 880 4560 mortem
935 4502 1280 4558 desinentem
1309 4542 1323 4565 ,
1374 4509 1578 4572 praeter
1619 4515 1742 4556 eam
1782 4514 1904 4569 quae
1947 4497 2129 4567 primo
2164 4531 2206 4585 ο

548 4596 778 4653 condita
828 4594 1031 4657 fuerat,
1070 4593 1327 4662 sequiore
1358 4590 1590 4648 consilio
1638 4591 1965 4654 invexerat;
2008 4603 2127 4643 ser-

550 4686 845 4758 pontisque
889 4698 1055 4739 suasu
1114 4684 1452 4755 voluptatem
1482 4723 1496 4747 ,
1550 4697 1673 4752 quae
1725 4681 1988 4736 anteriori
2048 4680 2127 4735 la-

551 4776 675 4832 bori
730 4792 840 4831 non
876 4774 1203 4831 succederet
1232 4813 1248 4841 ,
1298 4773 1394 4831 sed
1424 4790 1546 4845 qum
1578 4772 1693 4843 ipsa
1723 4772 1909 4843 potius
1958 4772 2012 4826 in
2047 4772 2130 4826 la-

552 4869 743 4925 borem
777 4877 1190 4932 aerumnamque
1219 4865 1465 4929 cederet,
1495 4865 1880 4927 adinvenerat,
1934 4877 2128 4917 omnes

551 4973 619 5012 ex
644 4957 763 5027 ipso
787 4972 953 5012 carne
990 4956 1066 5011 illi
1098 4956 1264 5011 simili
1288 4962 1640 5026 propagatos,
1673 4952 1746 5008 ob
1783 4954 2032 5022 iniquam
2060 4971 2127 5008 ex

553 5049 834 5119 voluptate
856 5047 1149 5118 originem,
1183 5049 1237 5101 in
1266 5047 1462 5102 mortis
1494 5048 1657 5100 linem
1696 5061 1761 5101 ac
1787 5047 2129 5101 interitionis

553 5154 740 5195 secum
766 5139 973 5210 pariter
990 5141 1148 5211 *juste
1173 5138 1426 5193 trahebat
1452 5155 1464 5192 2
1501 5136 1581 5193 sic
1603 5151 1826 5208 quoque
1865 5137 2134 5194 Dominus

555 5231 732 5287 factus
782 5232 987 5295 homo,
1036 5232 1314 5301 aliamque
1365 5229 1595 5286 secundi
1656 5238 1817 5285 ortus
1860 5229 2133 5300 originem

559 5319 721 5392 596
737 5336 803 5376 ex
829 5320 1041 5392 Spiritu
1071 5331 1265 5377 sancto
1286 5330 1504 5375 naturae
1534 5319 1857 5384 fabricatus,
1888 5319 2137 5393 justissi-

559 5426 812 5481 mamque
873 5411 1067 5468 Adami
1120 5428 1220 5483 per
1278 5412 1566 5477 laborem,
1618 5420 1784 5481 atque
1829 5424 2133 5466 aerumnam

563 5510 791 5555 mortem
820 5504 1130 5573 suscipiens
1177 5505 1257 5574 (in
1303 5519 1370 5560 eo
1421 5506 1615 5576 utique
1662 5504 2084 5575 iniustissimam
2116 5543 2132 5567 ,

561 5591 650 5645 cui
677 5592 889 5648 scilicet
907 5596 1119 5665 proprii
1142 5604 1300 5666 ortus
1322 5596 1479 5668 origo
1498 5596 1846 5667 iniquissima
1881 5611 1947 5651 ex
1969 5594 2135 5666 primi

563 5683 806 5747 parentis
852 5688 1289 5757 transgressione
1331 5688 1608 5760 deesset),
1651 5687 1922 5743 utrumvis
1955 5694 2138 5742 extre-

564 5788 738 5837 mum,
789 5783 903 5829 tum
952 5790 1148 5839 nempe
1180 5777 1469 5847 originem,
1519 5788 1634 5832 tum
1697 5777 1860 5833 ﬁnem
1906 5772 2133 5855 humani

2215 3476 2402 3561 ,πάλιν
2445 3478 2860 3544 ἀποκατέστησε
2887 3497 2902 3511 ·
2951 3484 3074 3546 ταῖς
3124 3482 3322 3536 ἑαυτοῦ
3380 3487 3831 3556 καταστερήσεσι

2236 3568 2335 3632 τὰς
2355 3566 2499 3635 ἕξεις
2527 3570 2884 3634 άνακαινίσας
2917 3572 3015 3642 τῆς
3039 3571 3275 3641 φύσεως,
3308 3575 3514 3629 καὶιδιὰ
3540 3579 3641 3647 τῆς
3678 3578 3834 3643 ἰδίας

2239 3659 2592 3733 σαρκώσεως,
2631 3663 2731 3733 τὴν
2772 3664 2914 3736 ὑπὲρ
2942 3665 3105 3735 φύσιν
3144 3666 3308 3737 χάριν
3328 3667 3728 3740 δωρησάμενος
3754 3675 3826 3745 τῇ

2237 3748 2421 3819 φύσει,
2451 3751 2551 3820 τὴν
2576 3749 2790 3807 θέωσιν.

2311 3926 2413 3999 μδ’.
2446 3929 2679 3997 Γέγονεν
2700 3931 2731 3984 ὀ
2754 3931 2889 3996 Θεὸς
2926 3936 3047 3988 κατ’
3080 3934 3339 4006 ἀλήθειαν
3369 3938 3682 4010 ἄνθρωπος,
3727 3942 3830 3997 καὶ

2233 4019 2467 4075 δέδωκεν
2488 4020 2658 4094 ἄλλην
2685 4022 2862 4095 ἀρχὴν
2888 4027 2954 4097 τῇ
3003 4025 3165 4097 φύσει
3214 4028 3471 4101 δευτέρας
3528 4033 3826 4100 γενέσεως,

2233 4110 2321 4164 διὰ
2361 4112 2528 4167 πόνου
2571 4114 2710 4187 πρὸς
2734 4115 2930 4188 ἡδονὴν
2960 4117 3263 4191 μελλούσης
3292 4120 3439 4191 ζωῆς
3470 4124 3829 4195 καταλῆγον-

2239 4216 2361 4255 σαν.
2400 4200 2489 4266 Ὠς
2522 4202 2632 4275 γὰρ
2681 4203 2854 4275 ’Δδὰμ
2882 4205 2910 4258 ὁ
2943 4207 3249 4277 προπάτωρ
3279 4208 3377 4279 τὴν
3406 4209 3559 4265 θείαν
3596 4214 3831 4283 ἐντολὴν

2239 4291 2516 4362 παραϐὰς,
2567 4293 2734 4366 ἄλλην
2789 4296 2965 4367 ἀρχὴν
3024 4299 3315 4366 γενέσεως,
3366 4300 3426 4366 ἐξ
3471 4303 3671 4374 ἡδονῆς
3719 4306 3832 4372 μὲν

2240 4387 2666 4459 συνισταμένην,
2694 4389 2774 4454 εἰς
2797 4389 2856 4444 δὲ
2884 4392 2977 4446 τὸν
3019 4392 3108 4447 διὰ
3139 4392 3305 4448 πόνου
3359 4395 3594 4451 θάνατον
3636 4399 3836 4452 τελευ-

2237 4476 2419 4532 τῶσαν
2442 4480 2510 4549 τῇ
2538 4478 2701 4547 φύσει
2724 4483 2878 4552 παρὰ
2909 4483 3009 4555 τὴν
3039 4484 3263 4556 πρώτην
3291 4468 3702 4558 παρεισήγαγε,
3732 4491 3835 4545 καὶ

2232 4568 2500 4662 ἐπενόησε
2532 4571 2676 4626 κατὰ
2702 4574 2804 4644 τὴν
2831 4591 2895 4628 συ
2904 4574 3143 4647 μδουλὴν
3167 4577 3261 4631 τοῦ
3289 4578 3468 4648 ὄφεως
3497 4580 3695 4651 ἡδονὴν
3722 4584 3834 4637 οὐκ

2233 4660 2402 4718 οὖσαν
2441 4662 2807 4735 προλαϐόντος
2850 4668 3012 4722 πόνου
3047 4669 3311 4740 διάδοχον,
3340 4671 3478 4729 ἀλλὰ
3513 4672 3724 4743 μᾶλλον
3747 4678 3834 4739 εἰς

2232 4753 2324 4807 τὸν
2350 4754 2509 4808 πόνον
2537 4758 2962 4829 περαιουμένην,
2988 4760 3196 4824 πάντας
3217 4763 3345 4826 τοὺς
3373 4761 3434 4826 ἐξ
3453 4763 3618 4817 αὐτοῦ
3661 4766 3835 4838 σαρκὶ

2234 4846 2558 4916 γενομένους
2584 4847 2703 4900 κατ’
2728 4848 2912 4913 αὑτὸν,
2937 4850 3027 4905 διὰ
3050 4851 3146 4921 τὴν
3171 4852 3230 4919 ἐξ
3268 4853 3464 4925 ἡδονῆς
3502 4854 3697 4911 ἄδικον
3730 4860 3838 4931 ἀρ·

2236 4939 2359 5009 χὴν,
2406 4933 2521 5010 εἶχε
2576 4941 3057 5011 συνυπαγομένους
3100 4944 3252 5021 αὐτῷ
3288 4946 3537 5012 δικαίως,
3577 4949 3717 5021 πρὸς
3772 4954 3837 5006 τὸ

2236 5032 2325 5085 διὰ
2356 5032 2519 5086 πόνου
2546 5030 2689 5086 κατὰ
2718 5031 2811 5087 τὸν
2842 5033 3070 5088 θάνατον
3100 5035 3255 5099 τέλος
3278 5051 3293 5064 ·
3326 5034 3472 5091 οὕτω
3499 5041 3592 5091 καὶ
3635 5043 3667 5091 ὀ
3712 5041 3834 5093 Κύ-

2238 5143 2350 5197 ριος
2383 5127 2673 5199 γενόμενος
2700 5124 3008 5198 ἄνθρωπος,
3032 5129 3128 5182 καὶ
3153 5129 3325 5201 ἄλλην
3358 5130 3538 5202 ἀρχὴν
3567 5131 3837 5201 δευτέρας

2236 5216 2505 5288 γενέσεως
2525 5221 2590 5273 ὲκ
2613 5220 2938 5290 ,Πνεύματος
2972 5221 3133 5288 ἁγίου
3178 5223 3247 5294 τῇ
3285 5223 3448 5292 φύσει
3485 5224 3838 5298 δημιουργή-

2240 5327 2358 5385 σας,
2385 5311 2481 5363 ttat
2508 5310 2600 5363 τὸν
2629 5308 2718 5363 διὰ
2753 5311 2917 5363 πόνου
2947 5311 3042 5364 τοῦ
3079 5310 3251 5381 ’Λδὰμ
3276 5312 3627 5366 δικαιότατον
3656 5330 3836 5366 κατα-

2242 5401 2531 5473 δεξάμενος
2580 5402 2830 5469 θάνατον,
2866 5402 2925 5456 ἐν
2969 5401 3121 5474 αὐτῷ
3150 5401 3354 5474 δηλαδὴ
3392 5404 3689 5473 γενόμενον
3715 5404 3839 5457 ἁδι-

2245 5494 2506 5560 κώτατον,
2550 5497 2625 5558 ὡς
2677 5495 2775 5548 οὐκ
2825 5492 3021 5564 ἔχοντα
3046 5495 3147 5565 τῆς
3178 5495 3313 5558 ἰδίας
3353 5495 3624 5563 γενέσεως
3655 5496 3836 5566 ἀρῄν

2241 5588 2339 5661 τὴν
2367 5589 2430 5641 ὲκ
2453 5588 2733 5660 παρακοῆς
2763 5588 3107 5658 ἁδικωτάτην
3130 5585 3223 5641 τοῦ
3248 5588 3597 5657 προπάτορος
3616 5586 3829 5660 ἡδονὴν,

2242 5680 2569 5752 ἀμφοτέρων
2595 5680 2702 5734 τῶν
2726 5679 2937 5751 ἄκρων,
2972 5680 3145 5751 ἀρχῆς
3201 5696 3261 5733 τε
3312 5679 3461 5747 λέγω
3494 5682 3590 5733 καὶ
3643 5677 3831 5734 τέλους

2241 5775 2341 5844 τῆς
2389 5774 2530 5828 κατὰ
2570 5774 2662 5828 τὸν
2722 5773 2899 5843 Ἀδὰμ
2943 5772 3291 5844 ἀνθρωπίνης
3319 5753 3615 5841 γενέσεως,
3648 5765 3737 5824 οἷα
3768 5767 3839 5840 δὴ
