4110 6318
399 371 539 436 1325

1089 359 1424 422 CAPITUM
1461 352 1884 428 OUINQUIES
1921 351 2436 430 CENTENORUM
2476 353 2867 416 CENTURIA
2905 355 3005 415 IV.

3525 351 3662 418 1326

397 477 830 556 προηγουμένως
879 473 979 527 οὐκ
1024 472 1194 526 ὄντων
1229 474 1291 526 ἐκ
1323 472 1419 526 τοῦ
1445 470 1603 536 Θεοῦ,
1635 469 1735 539 τὴν
1763 467 1978 552 ἀναίρε-

2095 474 2238 520 irtus
2273 481 2373 536 pro
2396 468 2517 537 ejus
2541 465 2718 534 ipsius
2743 464 2959 520 ratione
2991 462 3252 528 sustulit;
3294 469 3357 518 ut
3401 477 3523 533 quae
3550 481 3665 522 nan

401 593 485 630 σιν
526 573 841 640 ἐποιήσατο,
874 565 972 618 καὶ
1003 567 1212 628 πάντας
1250 565 1376 625 τοῦς
1408 559 1689 633 μυστικῶς
1722 559 1780 623 ἐξ
1812 558 1977 610 αὑτοῦ

401 656 900 728 ἀναγεννωμένους,
937 653 1038 722 τῆς
1070 650 1156 704 ἐπ’
1213 650 1385 719 αὐτῆς
1435 647 1628 720 ὲνοχῆς
1660 647 1979 716 ἐλευθέρους

402 753 722 820 κατέστησε.

472 842 712 916 με’.Τὴν
743 843 809 894 ὲκ
832 840 924 893 τοῦ
980 837 1144 908 νόμου
1198 835 1302 905 τῆς
1346 833 1620 905 ἁμαρτίας
1665 831 1860 903 ἡδονὴν
1903 833 1983 892 εἰς
2066 855 2068 858 ν

401 938 656 1008 ἀθέτησιν
709 934 811 1004 τῆς
863 932 1006 986 κατά
1056 931 1236 1000 σάρκα
1271 929 1578 1008 γεννήσεως
1613 926 1720 979 τῶν
1751 929 1808 978 ὲν
1835 922 1984 993 αὐτῷ

402 1004 586 1101 χάριτι
611 1028 698 1081 διὰ
721 1024 1038 1095 Πνεύματος
1073 1004 1432 1091 γεννωμένῶν
1477 1020 1505 1071 6
1541 1017 1747 1088 Κύριος
1784 1014 1983 1085 ἀφελό-

408 1137 590 1191 μενος,
627 1120 717 1172 τὸν
751 1119 830 1180 εἰς
858 1115 1157 1185 καταδίκην
1189 1112 1250 1165 τὸ
1281 1111 1546 1184 πρότερον
1578 1109 1710 1163 ὄντα
1746 1108 1847 1189 τῆς
1881 1106 1984 1176 φύ-

406 1228 564 1275 σεως,
602 1211 682 1270 εἰς
717 1207 814 1277 τὴν
849 1206 947 1274 τῆς
977 1202 1253 1275 ἁμαρτίας
1285 1199 1612 1282 κατάκρισιν
1643 1197 1826 1259 αὐτοῖς
1849 1210 1982 1261 συγ-

403 1303 574 1373 χωρεῖ
606 1297 855 1368 δέδχεσθαι
911 1295 1160 1360 θάνατον,
1217 1291 1440 1361 ἔχοντας
1496 1289 1595 1360 μὲν
1647 1286 1743 1340 τοῦ
1813 1284 1986 1354 Ἀδὰμ

403 1393 589 1448 οὐκέτι
630 1391 728 1462 τὴν
762 1393 826 1440 ἐκ
884 1388 979 1440 τοῦ
1036 1385 1210 1454 ’Λδὰμ
1261 1383 1456 1454 ἡδονὴν
1508 1382 1610 1451 τῆς
1665 1379 1934 1448 γενέσεως
1968 1393 1982 1406 ·

410 1487 576 1558 μόνην
615 1485 671 1537 δὲ
716 1483 817 1553 τὴν
864 1480 952 1534 διὰ
999 1479 1090 1532 τὸν
1139 1477 1313 1547 ’Λδάμ
1342 1475 1538 1545 ὀδύνην
1568 1472 1902 1543 ἐνεργοῦσαν
1929 1472 1986 1523 ἐν

406 1577 587 1638 αὐτοῖς
617 1592 630 1604 ·
655 1574 715 1627 οῦ
748 1572 890 1626 κατά
925 1571 1086 1641 χρέος
1145 1568 1286 1638 ὑπὲρ
1334 1566 1634 1638 ἁμαρτίας,
1681 1562 1822 1617 ἀλλὰ
1864 1563 1984 1615 κατ’

403 1664 734 1733 οἰκονομίαν,
765 1661 852 1714 διὰ
884 1663 983 1731 τὴν
1019 1659 1162 1713 κατὰ
1214 1655 1378 1727 φύσιν
1433 1652 1781 1725 περίστασιν,
1843 1650 1987 1704 κατὰ

402 1757 504 1827 τῆς
537 1755 837 1826 ἁμαρτίας,
872 1753 962 1807 τὸν
994 1752 1225 1806 θάνατον
1255 1765 1269 1780 ·
1300 1749 1360 1811 ὃς
1381 1747 1584 1800 ὁπόταν
1614 1744 1688 1816 μὴ
1720 1744 1835 1814 ἔχει
1864 1758 1989 1812 γεν-

2085 556 2267 626 primo
2298 571 2330 610 a
2357 557 2467 611 Deo
2508 564 2729 620 essent;
2778 564 3120 624 cunctosque
3162 555 3395 625 mystice
3437 570 3505 612 ex
3542 557 3667 628 ipso

2083 656 2462 713 renaseentes,
2503 649 2650 702 illius
2680 653 2838 702 reatu
2875 647 3133 702 absolvit.

2156 824 2244 878 45.
2284 823 2416 890 Quae
2461 839 2528 878 ex
2579 825 2701 894 lege
2749 825 2965 894 peccati
2994 834 3099 889 est,
3135 824 3420 894 voluptate
3453 823 3669 881 sublata

2089 927 2154 967 ac
2184 913 2436 979 libidine,
2469 914 2537 968 ad
2563 928 2757 968 eorum
2786 915 2880 984 qui
2930 915 2987 969 in
3037 915 3158 985 ipso
3204 916 3394 985 gratiae
3438 929 3670 972 munere

2089 1018 2194 1072 per
2213 1003 2480 1073 Spiritum
2511 1013 2817 1061 nascuntur
2843 1006 3169 1062 abolendam
3193 1008 3472 1063 carnalem
3513 1009 3669 1064 nati-

2092 1095 2343 1163 vitatem,
2384 1096 2632 1166 indulget
2681 1098 2989 1163 Dominus,
3038 1108 3099 1153 ut
3127 1108 3363 1154 mortem
3391 1141 3406 1166 ,
3460 1116 3583 1171 quae
3609 1101 3668 1156 in

2091 1193 2306 1241 naturae
2327 1188 2483 1256 prius
2512 1188 2922 1245 damnationem
2950 1198 3100 1255 erat,
3157 1190 3224 1244 ad
3276 1191 3488 1260 peccati
3535 1205 3674 1246 con-

2086 1277 2498 1334 demnationem
2529 1279 2856 1350 suscipiant,
2881 1282 2976 1350 qui
2994 1297 3212 1353 nempe,
3232 1297 3340 1338 non
3375 1283 3490 1352 jam
3512 1291 3672 1337 ortus

2095 1385 2165 1424 ex
2198 1371 2410 1426 Adamo
2436 1371 2747 1436 libidinem,
2779 1372 2873 1427 sed
2906 1373 3175 1428 duntaxat
3197 1373 3409 1428 Adamo
3443 1379 3676 1429 auctore

2090 1461 2374 1516 invectum
2407 1461 2658 1517 dolorem
2686 1478 2752 1518 ac
2767 1479 3069 1519 aerumnam
3097 1465 3360 1530 habeant;
3383 1480 3495 1520 non
3516 1465 3677 1536 quasi

2082 1568 2159 1607 ex
2186 1553 2376 1609 debito
2405 1553 2619 1623 peccati
2659 1564 2839 1618 reatu,
2867 1556 2965 1610 sed
3011 1564 3164 1614 certa
3199 1557 3419 1612 consilii
3456 1557 3679 1612 ratione

2089 1658 2156 1698 ac
2180 1643 2618 1714 dispensatione,
2655 1645 2732 1700 ob
2771 1647 3083 1702 naturalem
3123 1649 3536 1716 necessitatem,
3575 1649 3678 1706 ad-

2089 1750 2288 1791 versus
2318 1745 2607 1806 peccatum
2627 1736 2820 1806 illique
2846 1737 3146 1802 abolendo,
3172 1747 3408 1794 mortem
3437 1741 3700 1811 operan-'

403 1813 590 1900 νῶσαν
613 1813 778 1898 αῦτὸν
798 1813 1025 1914 ’μητέρα
1051 1841 1170 1912 τὴν,
1194 1836 1262 1912 ἦς
1295 1838 1544 1907 γίνεσθαι
1571 1813 1785 1904 πέφυκε
1814 1850 1988 1904 τιμω-

2095 1832 2224 1880 tem.
2255 1825 2384 1880 Haec
2415 1827 2588 1890 enim,
2613 1826 2711 1880 ubi
2729 1826 2914 1896 ipsius
2931 1843 3154 1898 parens.
3181 1830 3342 1900 cujus
3363 1830 3532 1885 ultrix
3555 1845 3680 1886 esse

407 1939 523 2010 ρὸς,
543 1937 733 2006 ἡδονὴν
759 1936 931 1989 ἀϊδίου
954 1934 1102 2004 ζωῆς
1127 1931 1412 2004 προδήλως
1435 1929 1759 1984 καθίσταται
1781 1928 1924 1996 πατή
1935 1942 1984 1994 ρ.

418 2030 506 2091 Ὠς
555 2028 665 2096 γὰρ
713 2025 808 2078 τοῦ
877 2023 1050 2094 Ἀδὰμ
1108 2025 1142 2093 ἡ
1181 2021 1302 2075 καθ’
1336 2019 1532 2091 ἡδονὴν
1569 2017 1706 2089 ζωὴ,
1751 2017 1986 2070 θανάτου

407 2121 502 2174 καὶ
527 2119 732 2188 φθορᾶς
762 2118 953 2186 γέγονε
982 2116 1187 2187 μήτηρ,
1224 2112 1370 2167 οὕτω
1389 2112 1486 2166 xui.
1518 2114 1548 2165 6
1572 2110 1664 2164 διὰ
1684 2109 1778 2162 τὸν
1815 2108 1990 2178 Ἀδὰμ

405 2214 502 2268 τοῦ
525 2215 734 2282 Κυρίου
760 2213 990 2274 Θάνατος
1012 2211 1276 2280 ὑπάρχων
1301 2207 1402 2278 τῆς
1425 2208 1489 2260 ὲκ
1511 2205 1606 2259 τοῦ
1638 2203 1811 2275 Ἀδὰμ
1834 2202 1990 2256 ἐλεύ-

404 2306 564 2378 θερος
598 2305 810 2376 ἡδονῆς,
847 2302 1018 2358 ἀϊδίου
1046 2301 1327 2372 γεννήτωρ
1351 2298 1564 2367 γίνεται
1605 2295 1771 2368 ζωῆς.

483 2577 599 2640 μςν.
647 2569 850 2641 Ἀρχὴν
883 2569 1010 2640 ἔσχε
1048 2568 1190 2638 μετά
1219 2566 1318 2638 τὴν
1351 2565 1664 2638 παράϐασιν
1697 2566 1731 2634 ἡ
1761 2563 1871 2619 τῶν
1897 2564 1994 2618 ἀνο

405 2662 644 2730 θρώπων
696 2667 859 2728 φύσις
900 2663 1000 2731 τῆς
1041 2659 1176 2722 ίδίας
1213 2658 1481 2727 γενέσεως
1513 2657 1612 2727 τὴν
1643 2655 1768 2709 καθ’
1798 2654 1992 2725 ἡδονὴν

408 2756 474 2808 ὲκ
498 2755 706 2823 σπορᾶς
730 2750 1012 2822 σύλληψιν,
1049 2751 1147 2804 καὶ
1174 2750 1274 2822 τὴν
1304 2748 1450 2802 κατὰ
1473 2748 1659 2818 ῥεῦσιν
1691 2745 1947 2816 γέννησιν
1972 2763 1991 2778 ο

409 2845 503 2898 καὶ
523 2844 698 2908 τέλος,
728 2846 820 2896 τὸν
856 2842 980 2896 κατ’
1009 2841 1202 2912 ὀδύνην
1224 2840 1313 2894 διὰ
1343 2839 1550 2910 φθορᾶς
1577 2837 1807 2892 θάνατον
1834 2853 1850 2883 ε
1877 2839 1907 2891 6
1935 2836 1994 2890 δὲ

409 2934 616 3006 Κύριος
634 2935 841 3004 ταύτην
862 2935 963 2988 οὐκ
989 2934 1130 3004 ἔχων
1157 2932 1334 3004 ἀρχὴν
1360 2933 1459 3002 τῆς
1482 2930 1625 2984 κατὰ
1653 2930 1834 3001 σάρκα
1863 2945 1992 2998 γεν-

410 3025 642 3096 νήσεως,
679 3023 804 3078 οὔτε
848 3023 928 3095 τῷ
962 3025 1128 3090 τέλει,
1156 3023 1407 3077 τουτέστι
1434 3022 1515 3092 τῷ
1539 3021 1781 3092 θανάτῳ,
1811 3020 1991 3091 ὑπῆρ-

410 3132 504 3184 χεν
531 3115 761 3179 ἀλωτός.

483 3206 590 3276 με’.
627 3206 732 3259 Τὸν
787 3206 959 3277 ’Δδάμ
988 3209 1020 3277 ἡ
1054 3207 1300 3278 ἁμαρτία
1341 3205 1622 3277 καταρχὰς
1666 3204 1990 3267 δελεάσασα,

409 3299 546 3370 πρὸς
576 3298 892 3369 παράϐασιν
919 3299 1017 3369 τῆς
1047 3299 1198 3362 θείας
1229 3299 1568 3371 παρέπεισεν
1613 3295 1790 3350 ἐλθεῖν
1839 3297 1993 3348 ἐντο-

409 3390 510 3460 λῆς
543 3406 556 3419 '
611 3390 734 3442 καθ’
778 3391 846 3460 ἢν
890 3391 992 3459 τὴν
1023 3390 1220 3461 ἡδονὴν
1251 3390 1629 3459 ὑποστήσασα,
1667 3388 1763 3440 καὶ
1792 3385 1994 3456 ἑαυτὴν

406 3480 500 3535 διὰ
526 3480 630 3550 τῆς
650 3480 844 3551 ἡδονῆς
870 3482 928 3534 ὲν
955 3479 1107 3551 αὒτῷ
1133 3479 1503 3550 καθηλώσασα
1533 3480 1611 3550 τῷ
1636 3477 1874 3548 πυθμένι
1894 3479 1995 3549 τῆς

410 3571 646 3640 φύσεως,
677 3572 771 3624 τὸν
800 3571 1030 3626 θάνατον
1081 3572 1182 3643 τῆς
1233 3573 1365 3640 ὅλης
1414 3572 1705 3642 κατέκρινε
1753 3569 1992 3638 φύσεως,

410 3662 628 3718 ὠθοῦσα
658 3663 796 3732 πρὸς
818 3664 1144 3732 ἀπογένεσιν
1167 3663 1310 3716 κατὰ
1349 3663 1444 3715 τὸν
1475 3661 1708 3715 θάνατον
1757 3660 1848 3714 διὰ
1898 3658 1994 3713 τοῦ

411 3754 723 3826 ἀνθρώπου,
761 3753 858 3824 τὴν
899 3753 1066 3823 φύσιν
1118 3753 1231 3805 τῶν
1275 3753 1605 3821 γεγονότων.
1671 3751 1844 3805 Τοῦτο
1884 3749 1996 3820 γὰρ

413 3846 510 3900 καὶ
541 3848 902 3916 μεμηχάνητο
929 3843 1007 3914 τῷ
1037 3845 1232 3913 σπορεϊ
1251 3845 1350 3914 τῆς
1377 3841 1675 3913 ἁμαρτίας,
1705 3841 1802 3895 καὶ
1826 3842 1996 3911 πατρὶ

409 3938 508 4007 τῆς
527 3937 724 4000 κακίας
754 3936 976 4007 πονηρῷ
995 3920 1246 4006 διαϐόλῳ,
1270 3935 1348 4006 τῷ
1381 3934 1573 3990 ἑαυτὸν
1605 3934 1704 4005 μὲν
1741 3933 1800 4001 ιε
1826 3934 1997 4004 ὑπερ.

412 4030 646 4098 ηφανίας
708 4029 811 4098 τῆς
863 4028 1014 4092 θείας
1063 4025 1393 4092 ἐξοικίσαντι
1439 4025 1620 4096 δόξης,
1662 4025 1754 4079 διά
1798 4023 1996 4094 φθόνον

411 4122 468 4174 δὲ
497 4122 589 4175 τόν
630 4138 690 4173 τε
725 4120 865 4192 πρὸς
895 4119 1047 4189 ἡμᾶς
1096 4119 1192 4172 καὶ
1239 4119 1330 4172 τὸν
1377 4117 1531 4182 Θεὸν,
1582 4116 1677 4172 τοῦ
1735 4115 1998 4187 παραδεί-

416 4228 512 4266 σου
543 4215 634 4266 τὺν
678 4213 852 4281 ’Δδάμ
899 4213 1251 4278 ὲξοικίσαντι,
1301 4209 1565 4280 ἀφανίσαι
1621 4210 1692 4264 τὰ
1734 4209 1873 4280 ἔργα
1899 4208 1995 4262 τοῦ

411 4303 570 4371 θεοῦ,
604 4305 702 4357 καὶ
730 4303 980 4358 διαλῦσαι
1009 4302 1076 4356 τὰ
1109 4301 1422 4356 συνεστῶτα
1447 4302 1586 4373 πρὸς
1610 4301 1849 4371 γένεσιν.

2085 1917 2401 1981 consuevit,
2438 1917 2696 1988 voluptas
2728 1917 3016 1989 libidoque
3043 1918 3307 1985 defuerit,
3345 1922 3464 1991 ipsa
3491 1926 3680 1992 palam

2090 2007 2444 2076 sempiterna:
2488 2008 2618 2062 vita:
2658 2022 2861 2078 parens
2908 2010 3148 2064 exsistit.
3201 2010 3682 2078 Quemadmodum

2087 2095 2240 2150 enim
2275 2097 2592 2166 voluptaria
2625 2112 2691 2151 ac
2715 2097 3019 2154 libidinosa
3047 2100 3244 2155 Adami
3273 2102 3422 2169 vita,
3480 2107 3684 2161 mortis

2088 2202 2155 2242 ac
2178 2187 2437 2244 interitus
2456 2203 2657 2258 parens
2673 2190 2885 2246 exstitit
2911 2208 2925 2244 :
2959 2192 3040 2246 sic
3060 2209 3284 2264 quoque
3305 2211 3468 2265 quam
3491 2197 3684 2252 Domi-

2090 2295 2196 2334 nus
2216 2291 2445 2350 propter
2465 2279 2736 2336 Adamu‘m
2753 2289 2992 2337 mortem
3021 2284 3214 2352 subiit,
3245 2302 3368 2356 quae
3388 2289 3458 2342 ab
3483 2288 3684 2346 Adami

2088 2370 2410 2428 libidineac
2445 2369 2730 2444 voluptate
2762 2372 3028 2430 immunis
3050 2376 3144 2442 sit,
3177 2380 3532 2449 sempiternae
3557 2384 3686 2438 vitae

2091 2489 2294 2542 parens
2318 2475 2559 2530 exsistit.

2162 2565 2252 2620 46.
2291 2565 2610 2621 Humanum
2641 2584 2817 2640 genus
2839 2585 2872 2625 a
2906 2574 3378 2645 transgressione,
3403 2587 3562 2634 ortus
3597 2582 3687 2634 sui

2090 2655 2388 2726 originem,
2438 2657 2813 2728 voluptariam
2863 2677 2928 2717 ac
2962 2662 3320 2720 libidinosam
3351 2683 3421 2722 ex
3470 2670 3688 2724 semine

2093 2755 2316 2803 nactum
2353 2756 2438 2804 est
2467 2753 2886 2822 conceptionem
2913 2795 2926 2820 ,
2966 2770 3146 2827 exque
3179 2757 3425 2815 ﬂuxione
3473 2762 3649 2816 nativi
3671 2793 3688 2803 -

2093 2847 2294 2907 tatem;
2325 2855 2391 2897 ac
2419 2852 2705 2912 postremo
2739 2845 2933 2914 ﬁnem,
2973 2864 3098 2918 quae
3125 2849 3318 2906 labore
3353 2861 3411 2907 et
3437 2850 3687 2911 aerumna

2090 2933 2388 3000 conﬂatur,
2417 2937 2616 2992 mortis
2638 2938 3016 2996 interitionem
3046 2958 3059 2995 :
3087 2943 3358 3001 Dominus
3382 2961 3517 3000 vero
3539 2988 3554 3010 ,
3586 2948 3686 3017 qui

2092 3024 2237 3080 hanc
2292 3041 2404 3082 non
2457 3027 2692 3086 haberet
2733 3033 3046 3088 nativitatis
3097 3036 3340 3091 carnalis
3389 3038 3684 3109 originem,

2020 3153 2063 3211 Ε
2095 3128 2202 3168 nec
2227 3115 2397 3170 etiam
2430 3116 2528 3172 lini
2563 3117 2755 3190 (morti
2786 3120 3026 3192 scilicet)
3055 3122 3330 3180 obnoxius
3360 3135 3501 3182 erat.

2169 3207 2260 3261 47.
2293 3207 2610 3276 Peccatum,
2635 3212 2789 3267 velut
2827 3215 3016 3269 oblata
3056 3231 3182 3271 esca
3210 3257 3224 3281 ,
3261 3217 3534 3272 Adamum
3561 3259 3574 3281 ,
3626 3229 3688 3274 ut

2097 3296 2274 3352 divini
2311 3307 2693 3372 trausgressor
2729 3305 2976 3360 mandati
3011 3306 3173 3362 ﬁeret
3208 3307 3372 3363 initio
3411 3309 3632 3365 induxit
3668 3330 3684 3366 :

2095 3404 2203 3458 qua
2235 3405 2436 3461 nempe
2487 3402 2684 3448 auctor
2733 3395 2814 3450 illi
2847 3398 3154 3469 voluptatis
3194 3400 3400 3456 factum
3447 3417 3512 3457 ac
3554 3402 3687 3456 libi-

2097 3480 2267 3548 dinis,
2309 3499 2519 3555 perque
2568 3486 2768 3557 ipsam,
2799 3488 2939 3559 ipsis
2969 3501 3183 3547 natura:
3210 3494 3337 3550 imis
3376 3495 3688 3549 visceribus

2097 3573 2208 3627 alte
2232 3561 2483 3641 inliirum,
2509 3586 2765 3633 naturam
2789 3595 3011 3637 omnem
3044 3585 3240 3640 mortis
3259 3602 3406 3640 ream
3436 3586 3682 3650 addixit;

2099 3664 2342 3722 hominis
2372 3667 2467 3722 illo
2497 3677 2677 3733 reatu,
2704 3679 3024 3727 ereatorum
3053 3691 3226 3745 genus
3248 3693 3412 3734 omne
3444 3679 3499 3733 in
3525 3679 3688 3734 nihili

2099 3752 2442 3820 barathrum,
2479 3765 2538 3811 et
2574 3766 2636 3811 ut
2665 3775 2734 3815 ne
2761 3761 2874 3815 sint
2915 3763 3144 3832 quidem
3177 3767 3493 3837 impellens.
3550 3772 3687 3828 Nam

2099 3842 2206 3898 hoc
2247 3859 2471 3915 quoque
2507 3849 2733 3905 molitus
2767 3862 2890 3908 erat
2941 3857 3153 3924 peccati
3188 3865 3340 3913 sator
3383 3863 3690 3930 pessimus-

2098 3952 2206 4006 que
2232 3939 2494 4009 nequitiae
2521 3957 2726 4011 parens
2753 3943 3031 4014 diabolus,
3062 3949 3157 4018 qui
3193 3957 3310 4004 tum
3337 3967 3397 4006 se
3436 3953 3555 4024 ipse
3585 3972 3689 4026 per

2098 4027 2419 4098 superbiam
2451 4047 2482 4085 a
2511 4032 2700 4088 divina
2735 4035 2991 4093 claritate
3024 4043 3348 4108 extruserit,
3385 4055 3500 4098 tum
3539 4047 3688 4100 Ada-

2100 4133 2250 4173 mum
2283 4135 2383 4190 per
2405 4121 2669 4180 invidiam
2701 4125 2757 4180 in
2775 4143 2878 4183 nos
2907 4131 3117 4200 pariter
3144 4147 3208 4186 ac
3235 4133 3406 4188 Deum
3429 4139 3688 4206 paradiso

2100 4205 2262 4280 597
2289 4214 2667 4282 expulerat,ut
2690 4217 2786 4272 Dci
2811 4235 2981 4290 opera
3011 4222 3281 4290 aboleret,
3312 4236 3370 4281 et
3407 4205 3528 4297 qua:
3560 4243 3686 4286 ortu

2099 4301 2248 4358 edita
2284 4304 2451 4375 inque
2482 4323 2671 4363 rerum
2706 4321 2903 4367 natura
2928 4315 3342 4384 consisterent,
3383 4319 3502 4375 haec
3552 4339 3687 4379 vero

2100 4392 2452 4452 dissolveret.

484 4470 850 4551 μηὀΦθονῶν
877 4480 956 4553 τῷ
984 4481 1106 4552 Θεῷ
1151 4482 1244 4536 καὶ
1301 4482 1431 4552 ἡμῖν
1458 4481 1487 4534 δ
1540 4450 1808 4548 διάϐολος,
1856 4480 1991 4552 δόλῳ

2167 4488 2257 4542 48.
2299 4490 2585 4556 Diabolus,
2639 4511 2747 4564 qua
2793 4498 2848 4551 in
2901 4515 3004 4555 nos
3057 4501 3342 4573 Deumque
3396 4505 3552 4561 ardet
3600 4507 3687 4562 in—

411 4571 502 4623 τὸν
554 4571 841 4642 ἄνθρωπον
896 4573 1003 4625 ὑπὸ
1050 4571 1187 4626 Θεοῦ
1242 4570 1557 4640 φθονεῖσθαι
1618 4573 1990 4642 παραπείσας,

413 4661 732 4733 παραϐῆναι
751 4662 852 4734 τὴν
875 4663 1094 4734 ἐντολὴν
1122 4664 1527 4735 παρεσκεύασε.
1579 4664 1668 4736 Τῷ
1700 4664 1820 4735 Θεῷ
1869 4666 1990 4735 μὲν,

415 4753 501 4805 ἵνα
536 4757 747 4826 φανερά
787 4755 863 4825 μὴ
898 4756 1128 4824 γένηται
1165 4757 1284 4810 κατ’
1321 4756 1602 4826 ἐνέργειαν
1637 4758 1671 4826 ἡ
1702 4756 1994 4826 πανύμνη-

412 4859 505 4906 τος
536 4845 702 4898 αὑτοῦ
729 4845 960 4916 δύναμις
1003 4843 1343 4916 θεουργοῦσα
1393 4844 1485 4898 τὸν
1532 4844 1820 4916 ἄνθρωπον
1855 4861 1868 4874 ’
1917 4845 1996 4915 τῷ

413 4935 457 4987 δ’
493 4936 769 5007 ἀνθρώπῳ
797 4921 1106 5008 προδήλως,
1145 4938 1232 4991 ἵνα
1266 4936 1342 5008 μὴ
1375 4938 1600 5008 γένηται
1632 4941 1730 5008 τῆς
1755 4938 1906 5002 θείας
1935 4942 1993 4992 ὲν

413 5024 543 5077 εῖδει
593 5027 716 5079 κατ’
744 5027 946 5097 ἀρετὴν
985 5027 1212 5096 μέτοχος
1242 5026 1422 5096 δόξης.
1449 5026 1637 5080 Φθονεῖ
1669 5026 1776 5097 γὰρ
1803 5029 1831 5080 6
1865 5045 1994 5097 μια-

411 5117 654 5186 ρώτατος
675 5119 735 5172 οὑ
766 5119 929 5186 μόνον
951 5120 1081 5189 ἡμῖν
1117 5121 1218 5190 τῆς
1245 5119 1336 5171 ὲπὶ
1368 5117 1446 5187 τῷ
1470 5117 1589 5188 Θεῷ
1618 5117 1707 5172 διὰ
1731 5118 1832 5190 τὴν
1860 5122 1993 5192 ἁρε-

371 5240 373 5242 -
411 5206 510 5278 τὴν
542 5209 722 5280 δόξης,
749 5209 886 5263 ἀλλὰ
920 5213 1013 5263 καὶ
1047 5209 1126 5280 τῷ
1163 5208 1283 5279 Θεῷ
1323 5212 1421 5281 τῆς
1455 5209 1540 5279 ἐφ’
1577 5211 1708 5281 ἡμῖν
1753 5212 1841 5264 διὰ
1897 5212 1994 5283 τὴν

415 5299 689 5370 σωτηρίαν
715 5301 1066 5371 πανυμνήτου
1092 5300 1394 5371 δυνάμεως.

489 5574 596 5644 μθ⁹.
641 5577 854 5646 ’Ὥσπερ
892 5580 948 5630 ὲν
985 5577 1064 5648 τῷ
1117 5577 1288 5646 ’Δδάμ
1317 5582 1353 5632 6-
1383 5579 1615 5644 θάνατος
1661 5584 1758 5649 τῆς
1790 5581 2005 5647 φύσεως

484 5755 503 5779 ¹
669 5762 735 5818 ad
767 5761 982 5819 Thalas.
1018 5781 1072 5834 q.
1105 5764 1194 5832 61,
1227 5766 1633 5836 πνευματικῶς.

2091 4579 2273 4645 vidia,
2335 4598 2434 4652 per
2485 4584 2737 4642 fraudem
2797 4590 3010 4646 homini
3065 4599 3445 4664 persuadens,
3513 4600 3689 4656 Deum

2095 4669 2176 4760 illi
2207 4670 2476 4738 invidere,
2516 4679 2959 4747 transgrediendi
2994 4685 3317 4741 mandatum
3352 4689 3456 4760 ipsi
3493 4699 3689 4746 auctor

2095 4756 2220 4812 fuit.
2257 4760 2369 4815 Deo
2390 4763 2618 4832 quidem
2641 4767 2734 4823 ille
2773 4771 3012 4839 invidet,
3049 4790 3118 4830 ne
3153 4778 3274 4847 ejus
3316 4756 3500 4849 re-ipsa
3533 4791 3692 4836 aclu-

2095 4864 2205 4917 que
2229 4854 2524 4912 manifesta
2559 4859 2672 4924 ﬁat,
2706 4861 2922 4921 donans
2955 4867 3240 4922 hominem
3275 4870 3502 4932 deitate.
3536 4871 3689 4928 omni

2103 4944 2265 5000 laude
2299 4953 2686 5019 prosequenda
2715 4959 2965 5026 potentia
2996 4976 3160 5031 ;erga
3183 4962 3466 5018 hominem
3503 4974 3686 5021 autem

2101 5033 2282 5089 fertur
2340 5039 2585 5108 invidia,
2644 5061 2713 5100 ne
2747 5047 2793 5101 is
2848 5050 3077 5104 virtutis
3135 5053 3291 5107 cultu
3339 5054 3542 5111 divina:
3590 5074 3690 5128 per

2101 5127 2344 5195 speciem
2369 5131 2556 5201 gloria:
2589 5151 2821 5193 consors
2859 5141 3076 5196 evadat.
3133 5143 3348 5198 Nedum
3380 5146 3528 5200 enim
3571 5127 3690 5202 sice-

2101 5217 2435 5278 lestissimus
2457 5225 2548 5280 ille
2573 5228 2735 5284 nobis
2759 5229 2991 5297 invidet,
3011 5234 3132 5304 ejus
3153 5234 3424 5290 claritatis
3441 5237 3684 5302 nomine,

2101 5326 2267 5380 quam
2307 5317 2454 5384 apud
2489 5320 2662 5374 Deum
2699 5337 2767 5376 ex
2793 5323 3002 5380 virtute
3036 5327 3462 5398 consequimur;
3494 5346 3690 5386 venum

2097 5403 2262 5458 etiam
2287 5405 2422 5472 Deo,
2450 5408 2522 5464 ob
2545 5426 2666 5466 eam
2690 5414 2870 5468 modis
2893 5417 3154 5472 omnibus
3182 5419 3460 5474 laudatam
3496 5430 3693 5494 poten-

2113 5498 2366 5562 tentiam,
2397 5517 2505 5570 qua
2538 5506 2702 5561 nobis
2732 5507 2966 5563 salutem
2995 5512 3231 5567 confert.

2186 5589 2270 5643 49.
2307 5590 2786 5658 Quemadmodum
2810 5601 2866 5655 in
2893 5601 3104 5659 Adamo
3129 5620 3278 5661 mors
3299 5615 3509 5663 natura:
3535 5606 3690 5663 dam-
