4110 6318
506 317 639 382 1327

1670 305 1734 366 S.
1769 303 2061 364 MAXlMl
2098 304 2609 368 CONFESSORIS

3647 312 3783 381 ΠΒ

505 427 658 489 natio
685 430 829 490 erat,
875 416 1089 494 proprii
1138 414 1355 472 scilicet
1397 420 1557 469 ortus
1587 411 1890 484 originem,
1936 412 2093 468 volu-

2206 415 2415 487 ὑπῆρχε
2459 414 2811 487 κατάκρισις,
2857 417 3040 490 ἀρχὴν
3077 418 3307 492 ἐχούσης
3339 420 3437 492 τὴν
3457 420 3659 493 ἡδονὴν
3689 424 3791 491 τῆς

504 529 713 591 ptatem
734 515 950 572 habens
977 524 992 566 :
1025 510 1106 566 sic
1138 507 1196 564 in
1224 506 1473 572 Christo,
1512 519 1665 561 mors
1694 503 1909 576 peccati
1939 503 2099 559 dam-

504 612 658 667 natio
686 609 828 664 facta
862 613 968 670 est,
1015 602 1074 657 in
1126 614 1239 672 quo
1275 613 1475 655 rursus
1508 605 1713 654 natura
1759 596 2028 653 mundam
2067 611 2099 651 a

503 702 787 770 voluptate
818 704 876 753 et
906 693 1140 750 libidine
1168 692 1444 764 originem
1472 697 1637 746 nacta
1660 696 1768 745 est.

574 791 662 848 50.
695 791 751 844 Si
774 804 897 855 nos,
924 786 1022 859 qui
1059 784 1163 842 Dei
1196 784 1399 841 domus
1429 782 1621 855 gratiae
1663 781 1815 837 dono
1842 795 1945 853 per
1970 781 2099 851 Spi-

504 886 676 939 ritum
705 880 848 937 edici
884 879 1214 943 meruimus,
1277 884 1489 933 tantam
1525 872 1760 946 iustitia:
1803 887 1973 929 causa
2029 872 2100 928 ad

504 975 916 1033 damnationem
942 972 1154 1044 peccati
1185 969 1456 1027 exhibere
1476 967 1750 1024 debemus
1776 966 2100 1039 passionum

505 1069 856 1129 tolerantiam
892 1080 959 1122 ac
982 1076 1385 1129 aerumnarum,
1428 1067 1782 1130 mortemque
1807 1066 2102 1115 contume-

506 1161 886 1224 liosissimam,
917 1157 1327 1213 sceleratorum
1367 1168 1549 1219 more,
1582 1151 1880 1224 quantavis
1909 1150 2103 1221 probi-

509 1262 619 1308 tate
652 1252 983 1323 l'ulgeamus,
1014 1248 1186 1304 alacri
1219 1246 1409 1302 animo
1475 1244 1686 1302 referre
1745 1261 1760 1296 :
1797 1243 1928 1310 Quis
1977 1242 2102 1312 ﬁnis

508 1360 712 1409 rerum,
746 1343 838 1413 qui
865 1357 971 1399 non
1003 1339 1225 1394 credunt
1268 1336 1363 1392 Dei
1388 1334 1683 1407 Evangelia
1706 1336 1752 1368 ²¹¹
1778 1335 1804 1387 ?
1838 1335 1945 1389 hoc
1975 1343 2099 1389 est:

510 1438 696 1503 Qualis
710 1437 818 1493 erit
832 1448 1029 1492 eorum
1059 1432 1206 1494 linis.
1228 1448 1325 1488 seu
1351 1430 1646 1502 judicium,
1668 1428 1764 1499 qui
1781 1442 1892 1483 non
1916 1426 2099 1481 solum

514 1530 689 1584 vivam
722 1536 890 1598 atque
911 1526 1188 1597 vigentem
1206 1524 1650 1592 exercitamque,
1672 1520 1860 1576 animo
1890 1518 2105 1589 pariter

523 1627 581 1672 ct
617 1630 876 1687 corpore,
910 1614 1196 1684 animique
1227 1611 1507 1668 sententia
1557 1618 1616 1665 et
1652 1616 1872 1673 natura,
1915 1606 2105 1663 libidi-

509 1726 703 1765 nosam
736 1716 953 1764 naturae
979 1705 1361 1762 dominantem
1395 1703 1452 1758 in
1487 1702 1653 1757 linem
1688 1716 1866 1771 usque
1906 1697 2099 1755 Adami

510 1801 783 1870 originem
822 1797 1017 1854 sedulo
1057 1797 1450 1860 retinuerunt;
1482 1795 1580 1849 sed
1610 1807 1795 1863 neque
1816 1791 2009 1846 Deunu
2041 1796 2100 1845 et
2129 1774 2173 1829 Β

512 1890 749 1951 i'atrcm,
784 1902 885 1957 per
926 1884 1127 1939 Filium
1170 1890 1457 1952 assumpta
1505 1895 1675 1936 carne
1709 1881 2098 1935 exhortantem

510 1985 896 2048 susceperunt;
920 1989 1103 2044 neque
1135 1989 1269 2029 vero
1294 1972 1657 2028 Mediatorem
1673 1987 1738 2026 ac
1770 1971 1975 2025 Filium
1998 1984 2101 2039 pro

512 2074 670 2125 l’atre
702 2066 978 2139 legatione
1009 2064 1334 2135 fungentem
1368 2064 1414 2096 “
1445 2080 1461 2130 ;
1508 2063 1645 2132 qui‘,
1680 2071 1746 2116 ut
1794 2076 1899 2116 nos
1946 2060 2102 2115 Patri

514 2161 923 2224 reconciliaret,
978 2157 1099 2227 ipse
1135 2171 1195 2212 se
1232 2155 1522 2213 voluntate
1566 2153 1749 2209 Patris
1796 2168 1900 2223 pro
1940 2151 2107 2207 nobis

518 2262 716 2323 sponte
745 2253 913 2308 morti
930 2247 1231 2307 tradiderit
1261 2265 1277 2315 ;
1305 2255 1368 2303 ut
1389 2262 1492 2303 nos
1517 2254 1751 2317 propter
1774 2243 2109 2312 se,-deitatis

514 2365 624 2402 sum
646 2345 847 2401 decore
876 2341 1270 2414 praefulgentcs
1290 2347 1507 2394 tantum
1530 2336 1896 2402 clariﬁcaret,
1924 2351 2108 2406 quan-

515 2452 630 2493 mm
679 2446 910 2507 propter
945 2449 1048 2491 nos
1072 2434 1284 2487 nostris
1335 2431 1453 2502 ipse
1486 2428 1850 2487 dehonestari
1897 2428 2111 2500 passio-

514 2530 682 2585 nibus
709 2527 1004 2584 sustinuit.

582 2622 671 2676 5i.
727 2619 1193 2691 Quandoquidem
1246 2619 1397 2675 Deus
1443 2614 1694 2671 omnium
1731 2612 1829 2683 qui
1866 2611 2100 2667 salutent

516 2720 926 2783 consequentur
956 2711 1110 2767 locus
1144 2709 1255 2767 erit
1295 2710 1364 2774 ",
1402 2704 1925 2774 incircumscriptus
1973 2718 2106 2758 con-

516 2802 815 2873 tinuusque
839 2811 895 2856 ct
926 2802 1199 2867 inﬁnitus,
1222 2801 1317 2872 qui
1344 2815 1446 2871 pro
1468 2808 1621 2857 certa
1637 2796 1867 2869 iustitiae
1892 2794 2108 2851 ratione

516 2893 701 2946 omnia
725 2892 989 2948 omnibus
1012 2892 1141 2959 ﬁat;
1166 2890 1441 2962 quinimo,
1474 2888 1569 2960 qui
1591 2903 1694 2959 pro
1724 2885 1890 2942 modo
1915 2900 2106 2942 earum

517 2987 837 3057 passionum
877 3000 943 3042 ac
979 3001 1355 3042 aerumnarum
1385 3024 1400 3050 ,
1446 2983 1653 3054 quibus
1689 2997 1809 3039 aevo
1846 2981 1955 3036 hoc
1980 2995 2110 3036 cum

518 3077 748 3133 scientia
774 3076 1180 3149 perfungimur,
1212 3075 1379 3147 598
1431 3074 1676 3144 seipsum
1724 3071 1958 3143 singulis
1999 3070 2107 3126 lar—

518 3169 735 3239 giturus
760 3167 851 3231 sit.
889 3167 1038 3223 haud
1065 3180 1227 3223 secus
1248 3179 1314 3220 ac
1342 3163 1550 3230 anima,
1581 3177 1682 3233 pro
1706 3161 1956 3232 subjecta
1991 3158 2107 3215 cui-

520 3272 625 3328 que
656 3256 906 3313 membro
946 3256 1229 3320 facultate,
1273 3253 1511 3323 seipsam
1545 3260 1870 3322 Operantem
1898 3249 2104 3319 prodit,

520 3364 584 3405 ac
608 3346 910 3411 efﬁcacem,
940 3345 1107 3415 vique
1132 3358 1252 3409 sua,
1300 3341 1552 3396 membra
1592 3338 1844 3395 continet
1876 3346 1938 3393 ut
1974 3339 2104 3403 sint,

525 3451 580 3498 et
612 3440 682 3496 ad
710 3440 837 3495 vitae
882 3436 1071 3492 munia
1104 3443 1298 3506 vegeta
1339 3433 1453 3489 sint
1486 3449 1499 3485 :
1532 3432 1728 3503 impius
1779 3437 1829 3483 et
1866 3426 2110 3502 peccator

524 3534 611 3588 ubi
635 3531 895 3605 parebunt
920 3533 966 3563 “
991 3569 1007 3595 ,
1067 3527 1163 3600 qui
1213 3527 1320 3582 hac
1350 3525 1533 3598 gratia
1573 3522 1953 3579 deﬁciamur?
2004 3521 2110 3590 Qui

525 3624 673 3680 enim
707 3623 806 3678 Dei
850 3620 1207 3692 presentiatn
1246 3617 1572 3687 beatitatem
1613 3624 1973 3687 praestantem
2020 3630 2112 3671 ca-

524 3729 659 3786 pere
688 3727 795 3768 non
818 3711 986 3775 valet,
1014 3709 1239 3765 ubinam
1268 3706 1508 3778 parebit,
1546 3720 1673 3762 cum
1702 3722 1734 3761 a
1762 3704 1954 3763 divina
1976 3706 2108 3772 vita,

526 3819 690 3862 omne
753 3802 1015 3859 saeculum
1067 3812 1397 3873 tempusque
1445 3814 1512 3856 ac
1558 3798 1747 3855 locum
1787 3808 2109 3870 superante,

523 3911 649 3952 eum
679 3895 952 3951 excidisse
991 3892 1336 3963 contigerit?

594 3986 681 4042 52.
723 3986 827 4054 Qui
875 3986 972 4042 Dei
1037 3985 1106 4041 ad
1163 3984 1487 4040 beatitatem
1548 3983 1718 4039 vitam
1770 3982 2114 4040 continentis

528 4093 751 4150 compos
806 4093 919 4133 non
974 4078 1066 4142 sit,
1108 4079 1204 4148 qui
1254 4077 1374 4148 ipse
1422 4076 1580 4132 locus
1621 4075 1806 4147 dignis
1854 4074 2115 4130 omnibus

528 4178 670 4243 erit;
709 4187 953 4245 quonam
982 4170 1148 4226 modo
1178 4187 1299 4226 sese
1349 4168 1601 4234 habebit,
1649 4169 1740 4225 cui
1791 4168 1940 4224 Deus
1996 4167 2114 4238 ipse

529 4264 835 4321 secundum
861 4262 1145 4320 beatitatis
1180 4263 1236 4316 in
1261 4263 1375 4317 Deo
1411 4260 1821 4332 perennitatem
1848 4274 1916 4314 ac
1940 4257 2114 4312 ﬁrmi-

532 4365 699 4412 tatem
724 4355 910 4412 desit?
938 4356 1037 4419 Ac,
1066 4355 1112 4411 si
1142 4369 1284 4424 aegre
1316 4351 1614 4407 admodum
1648 4352 1836 4423 justus
1869 4349 2114 4407 salvabi-

2202 507 2343 571 ίδίας
2374 508 2645 577 γενέσεως
2679 525 2690 538 ·
2717 508 2895 573 οὕτως
2928 513 2958 564 ὁ
3000 510 3233 576 θάνατος
3291 516 3352 567 ὲν
3392 512 3641 585 Χριστῷ,
3692 518 3796 585 τῆς

2197 599 2477 671 ἁμαρτίας
2520 601 2850 671 κατάκρισις
2891 601 3138 672 γέγονεν,
3195 604 3390 675 ἡδονῆς
3436 604 3697 676 καθαρὰν
3737 607 3787 658 ὲ·

2198 693 2422 764 Χριστῷ
2453 693 2616 747 πάλιν
2645 697 2741 766 τῆς
2768 696 2983 765 φύσεως
3010 697 3393 769 ἀπολαϐούσης
3417 698 3516 769 τὴν
3540 699 3791 767 γένεσιν.

2272 782 2337 838 ν’.
2371 786 2435 838 Et
2465 787 2625 855 ἡμεῖς
2667 789 2717 840 οἱ
2754 782 2904 851 οἶκος
2953 787 3049 842 τοῦ
3108 787 3245 841 Θεοῦ
3293 778 3478 860 χάριτι
3530 790 3795 857 γενέσθαι

2198 876 2526 944 ἀξιωθέντες
2560 879 2650 933 διὰ
2674 880 2815 933 Πνεύ
2824 897 3016 950 ματος,
3044 880 3314 951 τοσαύτην
3339 882 3479 953 ὑπὲρ
3510 881 3798 936 δικαιοσύ-

2199 988 2297 1043 νης
2323 973 2403 1035 είς
2440 972 2767 1044 κατάκρισιν
2805 973 2905 1044 τῆς
2945 973 3218 1043 ἁμαρτίας
3269 972 3547 1044 ὑπομονὴν
3584 974 3794 1027 ἐπιδεί-

2201 1063 2429 1117 κνυσθαι
2463 1063 2804 1133 παθημάτων
2823 1063 3132 1135 ὀφείλομεν,
3155 1066 3250 1119 καὶ
3267 1065 3344 1129 ὡς
3372 1064 3685 1136 κακοῦργοι
3708 1067 3795 1118 τὸν

2200 1155 2553 1227 ὲφύόριστον,
2588 1155 2789 1224 ἀγαθοὶ
2816 1157 3205 1226 τυγχάνοντες,
3235 1156 3540 1229 προθύμως
3581 1157 3793 1226 ἀποφέ-

2204 1242 2396 1314 ρεσθαι
2443 1241 2695 1305 θάνατον,
2733 1243 2790 1295 τί
2812 1241 2882 1295 τὸ
2909 1242 3085 1309 τέλος
3115 1242 3235 1297 τῶν
3272 1244 3698 1299 ἀπειθούντων
3724 1243 3797 1310 τῷ

2202 1335 2311 1389 τοῦ
2339 1333 2492 1390 Θεοῦ
2518 1334 2869 1404 Εὑαγγελιῳ
2898 1350 2919 1399 ;
2956 1336 3204 1389 τουτέστι
3228 1335 3567 1389 ποῖον-ἔσται
3611 1337 3678 1389 τὸ
3711 1336 3796 1388 τέ-

2201 1422 2315 1487 λος,
2345 1424 2514 1493 ἧγουν
2547 1424 2582 1493 ἡ
2613 1422 2816 1492 κρίσις,
2858 1421 2969 1474 τῶν
3017 1423 3091 1493 μὴ
3141 1423 3304 1493 μόνον
3347 1423 3533 1497 (si)st
3587 1441 3656 1477 τε
3706 1423 3799 1477 καὶ

2203 1502 2630 1581 ἐνεργουμένην,
2662 1509 2808 1563 κατὰ
2833 1525 2894 1562 τε
2926 1509 3108 1579 ψυχὴν
3137 1511 3233 1567 καὶ
3284 1509 3463 1580 σῶμα,
3499 1510 3709 1584 γνώμῃ
3742 1529 3796 1565 τε

2202 1600 2302 1656 καὶ
2330 1599 2491 1670 φύσει
2533 1600 2634 1670 τὴν
2673 1598 2795 1653 καθ’
2840 1599 3036 1670 ἡδονὴν
3071 1600 3166 1654 τοῦ
3230 1601 3402 1672 Ἀδὰμ
3435 1604 3798 1674 κρατήσασαν

2203 1694 2304 1756 τῆς
2337 1692 2554 1761 φύσεως
2584 1691 2800 1758 γένεσιν
2834 1691 2998 1763 μέχρι
3025 1693 3211 1757 τέλους
3234 1693 3323 1747 διὰ
3358 1695 3602 1764 σπουδῆς
3632 1696 3795 1766 ἐσχη-

2202 1786 2379 1841 κότων
2398 1826 2415 1848 ,
2471 1783 2611 1841 ἀλλὰ
2661 1786 2798 1855 μήτε
2852 1785 3311 1855 προσδεξαμένων
3372 1788 3798 1858 παρακαλοῦντα

2201 1876 2296 1932 τὸν
2332 1875 2467 1931 Θεὸν
2527 1876 2622 1931 καὶ
2680 1877 2902 1947 Πατέρα
2948 1876 3019 1930 δι’
3055 1877 3187 1932 Υίοῦ
3251 1879 3638 1948 σαρκωθέντος
3668 1897 3685 1910 ο
3726 1882 3795 1949 μή

2200 1986 2262 2021 τε
2295 1969 2404 2039 μὴν
2452 1966 2617 2021 αὐτὸν
2665 1968 2761 2022 τὸν
2820 1968 2963 2039 ὑπὲρ
3003 1968 3097 2022 τοῦ
3149 1970 3362 2041 Πατρὸς
3420 1970 3797 2041 πρεσϐεύοντα

2207 2060 2437 2130 μεσίτην
2464 2061 2561 2114 καί⁸
2580 2060 2734 2123 Υιὸν,
2762 2061 2857 2115 καὶ
2876 2061 3021 2132 ὑπὲρ
3043 2061 3147 2133 τῆς
3172 2065 3206 2133 ἡ
3216 2064 3334 2133 μῶν
3353 2064 3432 2125 είς
3457 2064 3551 2116 τὸν
3576 2064 3793 2135 Πατέρα

2204 2150 2580 2221 καταλλαγῆς,
2632 2151 2827 2205 ἑαυτὸν
2882 2151 3132 2222 βουλήσει
3170 2153 3266 2207 τοῦ
3316 2154 3555 2225 Πατρὸς,
3594 2156 3678 2218 είς
3708 2158 3796 2208 τὸν

2207 2245 2351 2317 ὑπὲρ
2378 2246 2538 2317 ἡμῶν
2568 2246 2805 2301 θάνατον
2832 2248 2973 2302 κατά
3000 2248 3221 2318 θέλησιν
3255 2250 3610 2322 προϊέμενον,
3656 2252 3794 2313 ὅπως

2207 2337 2277 2392 δι’
2326 2337 2523 2393 ἑαυτὸν
2565 2340 2716 2408 ἡμᾶς
2763 2338 3022 2393 τοσοῦτον
3045 2339 3268 2411 δοξάσῃ,
3298 2340 3376 2411 τῷ
3403 2341 3597 2394 κάλλει
3632 2358 3794 2395 κατα-

2173 2460 2183 2470 -
2209 2428 2508 2500 φαιδρύνας
2532 2429 2632 2500 τῆς
2670 2431 2876 2494 οἰκείας
2905 2430 3181 2502 θεότητος,
3214 2433 3337 2485 ὅσον
3368 2431 3438 2485 δι’
3459 2433 3618 2504 ἡμᾶς
3646 2433 3794 2496 αὑτὲς

2207 2518 2538 2585 κατεδέξατο
2556 2523 2667 2584 τοῖς
2694 2520 2854 2591 ἡμῶν
2892 2521 3267 2591 ἀτιμασθῆναι
3311 2521 3662 2594 παθήμασιν.

2275 2609 2379 2666 να’.
2419 2610 2644 2682 Ἐπειδὴ
2666 2612 2887 2667 πάντων
2915 2613 3027 2667 τῶν
3057 2612 3383 2683 σωζομένων
3412 2616 3441 2668 ὁ
3459 2615 3623 2681 Θεὸς,
3655 2616 3792 2670 ἔσται

2203 2701 2371 2766 τόπος
2402 2702 2790 2775 ἀπερίγραφός
2835 2721 2894 2757 τε
2940 2706 3037 2759 καὶ
3073 2704 3397 2770 ἀδιάστατος
3429 2706 3527 2760 καὶ
3545 2707 3789 2779 ἄπειρος.

2208 2795 2342 2848 πᾶσι
2408 2794 2587 2848 πάντα
2649 2796 2935 2866 γινόμενος
2990 2796 3132 2851 κατᾶ
3186 2797 3286 2868 τὴν
3342 2797 3650 2867 ἀναλογίαν
3701 2802 3793 2869 τῆς

2207 2883 2580 2956 δικαιοσύνης,
2616 2885 2818 2955 μᾶλλον
2845 2886 2905 2940 δὲ
2948 2886 3095 2940 κατά
3138 2886 3200 2940 τὸ
3254 2889 3454 2961 μέτρον
3493 2889 3610 2942 τῶν
3666 2889 3792 2961 μετὰ

2209 2974 2469 3043 γνώσεως
2524 2976 2666 3047 ὑπὲρ
2722 2976 3073 3049 δικαιοσύνης
3126 2979 3364 3035 ἐνταῦθα
3427 2980 3788 3052 παθημάτων,

2212 3066 2405 3121 ἑαυτὸν
2443 3067 2664 3139 ἑκάστῳ
2684 3067 3053 3139 δωρούμενος,
3081 3070 3335 3142 καθάπερ
3362 3071 3510 3144 ψυχὴ
3546 3072 3789 3145 σώματος

2212 3158 2401 3229 μέλεσι
2421 3159 2563 3219 κατά
2582 3159 2684 3231 τὴν
2707 3160 3079 3234 ὑποκειμένην
3112 3163 3334 3234 ἑκάστῳ
3362 3163 3515 3232 μέλει
3545 3164 3787 3235 δύναμιν,

2206 3250 2410 3321 ἑαυτὴν
2444 3246 2777 3322 ἐνεργοῦσαν
2800 3252 3157 3321 ἐκφαίνουσα,
3186 3252 3285 3307 καὶ
3311 3254 3448 3325 πρὸς
3483 3254 3552 3307 τὸ
3573 3251 3709 3310 εἷναι
3726 3255 3788 3309 δι’

2208 3341 2409 3409 ἑαυτῆς
2423 3341 2493 3396 τά
2519 3340 2655 3412 μέλη
2674 3342 2974 3411 συνέχουσα
2994 3343 3131 3414 πρὸς
3150 3343 3298 3414 ζωὴν
3319 3346 3786 3416 συγκρατούμενα·

2209 3435 2243 3486 ό
2271 3431 2500 3499 ἀσεϐὴς
2526 3430 2626 3486 καὶ
2661 3431 3012 3501 ἁμαρτωλὸς
3066 3432 3187 3487 ποῦ
3236 3433 3530 3503 φανεῖται,
3592 3434 3790 3506 ταύτης

2209 3525 2578 3597 ἁστερημένος
2636 3525 2736 3597 τῆς
2786 3526 3045 3596 χάριτος;
3105 3526 3167 3580 Ὀ
3212 3527 3322 3598 γὰρ
3379 3528 3457 3599 μὴ
3496 3527 3789 3599 δυνάμενος

2211 3617 2615 3689 ἐνεργουμένην
2650 3617 2753 3689 τὴν
2785 3619 2931 3671 κατά
2955 3619 3019 3671 τὸ
3059 3615 3125 3673 εὖ
3156 3614 3297 3672 εἶναι
3342 3618 3439 3672 τοῦ
3472 3618 3609 3673 Θεοῦ
3641 3618 3786 3685 δέξα-

2202 3709 2339 3763 σθαι
2389 3710 2718 3782 παρουσίαν,
2760 3709 2867 3764 ποῦ
2897 3713 3168 3782 φανεῖται,
3203 3714 3303 3785 τῆς
3332 3711 3485 3775 θείας
3530 3712 3674 3782 ζωῆς
3695 3712 3787 3781 τῆς

2213 3802 2357 3873 ὑπὲρ
2381 3802 2558 3856 αίῶνα
2589 3802 2687 3856 καὶ
2714 3802 2908 3873 χρόνον
2940 3803 3038 3856 καὶ
3062 3804 3231 3857 τόπον
3265 3801 3566 3874 ὑπομείνας
3588 3803 3685 3874 τὴν
3704 3801 3785 3854 ἐκ-

2213 3910 2421 3950 ⁸κτωσιν
2441 3912 2457 3961 ;

2284 3985 2384 4055 νβ’.
2435 3985 2496 4040 ὐ
2519 3984 2612 4039 τὸν
2639 3985 2773 4040 Θεὸν
2797 3986 2899 4040 οὐκ
2918 3984 3065 4056 ιχων
3103 3987 3243 4057 πρὸς
3284 3986 3346 4040 τὸ
3398 3981 3461 4040 εὖ
3495 3983 3642 4041 εἶναι
3686 4000 3791 4038 συνι

2214 4078 2410 4149 έχοντα
2439 4078 2539 4150 τὴν
2573 4077 2741 4150 ζωὴν,
2774 4079 2868 4133 τὸν
2900 4079 3165 4149 μέλλοντα
3194 4080 3332 4133 πᾶσι
3358 4078 3611 4147 γίνεσθαι
3641 4078 3799 4131 τόπον

2212 4174 2328 4236 τοῖς
2375 4173 2569 4239 ἀξίοις,
2619 4173 2739 4235 πιῖις
2795 4171 2975 4239 ἔσται,
3013 4170 3183 4225 τόπον
3214 4170 3381 4224 αὐτὸν
3409 4171 3513 4224 οὐκ
3539 4170 3681 4242 ἒχων
3709 4168 3791 4221 τὸν

2215 4265 2348 4318 Θεὸν
2373 4265 2517 4318 κατά
2549 4264 2649 4335 τὴν
2672 4265 2778 4320 τῶν
2812 4262 2873 4318 εὖ
2919 4260 3059 4319 εἶναι
3094 4266 3154 4318 ἑν
3208 4264 3329 4335 Θεῷ
3381 4264 3550 4335 μονήν
3599 4280 3662 4316 τε
3709 4261 3793 4313 καὶ

2219 4354 2462 4428 ίδρυσιν;
2493 4356 2603 4409 Καὶ
2631 4357 2680 4408 εί
2718 4355 2855 4427 μετὰ
2908 4354 3109 4426 πολλῆς
3153 4354 3473 4427 δυσχερείας
3516 4355 3545 4406 ὁ
3601 4354 3793 4413 δίκαιος

532 4458 642 4515 tur,
676 4447 810 4521 quid
837 4448 947 4504 erit
982 4454 1148 4503 autve
1181 4447 1277 4502 [iet
1320 4445 1430 4509 illi,
1485 4444 1579 4516 qui
1630 4444 1839 4499 nullam
1892 4442 2108 4513 pietatis

2214 4445 2473 4512 σώζεται,
2496 4445 2551 4499 τί
2576 4445 2751 4504 ἔσται.
2776 4445 2882 4516 ῆτί
2905 4435 3157 4501 πείσεται
3180 4472 3183 4477 ν
3206 4448 3235 4499 ὁ
3270 4446 3474 4517 μηδένα
3512 4444 3673 4516 λόγον
3712 4443 3794 4496 εύ-

530 4549 695 4612 atque
724 4540 970 4604 virtutis,
1005 4539 1253 4613 quandiu
1286 4538 1402 4594 vita
1438 4537 1515 4592 illi
1545 4551 1733 4595 comes
1766 4535 1895 4601 fuit,
1934 4534 2108 4592 ratio-

528 4646 659 4686 nem
687 4628 918 4684 habuit?

602 4722 690 4777 53.
730 4721 880 4776 Deus
908 4720 1159 4791 quidem,
1186 4718 1495 4776 secundum
1520 4733 1689 4774 unam
1725 4716 1954 4772 inﬁnitae
1998 4715 2113 4775 vir-

534 4816 667 4871 tutis
718 4812 989 4870 bonitatis
1032 4827 1146 4885 suae
1184 4812 1527 4868 voluntatem
1551 4850 1566 4877 ,
1623 4823 1822 4865 omnes
1860 4806 2112 4873 omnino,

531 4906 867 4978 angelosquc
892 4914 950 4960 et
979 4902 1240 4959 homines
1265 4943 1280 4968 ,
1310 4902 1602 4973 bonosque
1630 4908 1689 4956 et
1716 4899 1893 4956 malos
1930 4897 2112 4961 conti-

531 4997 689 5053 nebit
726 5017 745 5065 ;
784 5012 898 5053 non
944 5005 1130 5051 tamen
1175 5008 1370 5050 omnes
1428 4991 1718 5065 aaqualiter
1776 4990 2117 5062 paribusque

532 5086 731 5152 modis,
789 5085 1009 5142 cunctis
1055 5083 1313 5140 absolute
1357 5090 1524 5152 atque
1568 5081 1745 5137 libere
1802 5078 2118 5135 immeantis

531 5175 653 5240 Dei,
685 5184 855 5231 erunt
883 5173 1219 5246 participes;
1254 5172 1349 5227 sed
1374 5188 1473 5242 pro
1497 5188 1566 5227 eo
1595 5187 1660 5227 ac
1687 5170 1924 5242 quisque
1950 5169 2115 5229 modo

532 5266 699 5337 capit.

607 5357 695 5413 54.
726 5357 830 5427 Qui
856 5358 1198 5414 voluntatem
1229 5364 1394 5429 atque
1412 5356 1656 5413 animum
1682 5371 1782 5425 per
1805 5353 1990 5409 omnia
2018 5369 2117 5407 na-

2218 4538 2436 4602 σεϐείας
2472 4540 2568 4592 καὶ
2604 4538 2807 4609 ἀρετῆς
2835 4539 2977 4591 κατά
3011 4538 3113 4608 τὴν
3150 4537 3435 4610 παροῦσαν
3460 4537 3613 4607 ζωὴν
3647 4550 3793 4603 ποιη-

2221 4630 2488 4700 “tum;

2291 4728 2390 4790 νγ’.
2428 4723 2487 4774 '0
2539 4722 2639 4792 μὲν
2672 4721 2809 4784 Θεὸς
2855 4722 2999 4776 κατά
3050 4722 3180 4793 μίαν
3232 4719 3675 4792 ἀπειροδύναμον
3705 4717 3799 4785 τῆς

2218 4813 2558 4884 ἀγαθότητος
2590 4813 2868 4884 βούλησιν,
2898 4813 3105 4876 πάντας
3154 4811 3365 4877 συνέξει
3403 4812 3498 4865 καὶ
3539 4810 3800 4880 ἀγγέλους

2219 4906 2319 4960 καὶ
2360 4904 2704 4977 ἀνθρώπους,
2746 4904 2991 4973 ἀγαθούς
3038 4921 3099 4958 τε
3144 4903 3241 4957 καὶ
3289 4901 3560 4972 πονηρούς
3596 4918 3611 4933 ·
3663 4897 3797 4955 οῦτοι

2220 4995 2279 5048 δὲ
2302 4994 2525 5059 πάντες,
2553 4994 2652 5048 ούκ
2676 4995 2807 5055 ίσως
2847 4993 3134 5064 μεθέξουσι
3156 4992 3314 5057 Θεοῦ,
3346 4992 3440 5046 τοῦ
3471 4991 3560 5046 διὰ
3592 4990 3797 5045 πάντων

2222 5089 2470 5160 ἀσχέτως
2492 5090 2865 5160 χωρήσαντος,
2892 5086 3009 5141 ἀλλ’
3037 5085 3317 5155 ἀναλόγως
3351 5086 3587 5147 ἑαυτοῖς.

2296 5350 2388 5405 νδ’.
2423 5353 2484 5404 ΟΞ
2513 5352 2611 5421 μὲν
2643 5353 2706 5422 τῇ
2741 5349 2901 5421 φύσει
2951 5350 3023 5422 (r)
3070 5306 3407 5420 φυλάξαντες
3458 5348 3550 5402 διὰ
3591 5346 3793 5402 πάντων

604 5492 650 5523 ’⁸
676 5492 695 5545 l
720 5492 869 5549 Petr.
898 5511 972 5562 tv,
997 5497 1084 5550 17.
1166 5496 1287 5551 "-ll
1317 5495 1446 5551 Cor.
1482 5512 1537 5561 γ,
1565 5495 1656 5550 20.
1738 5496 1783 5527 ²²
1819 5496 1962 5551 Psal.
1998 5510 2108 5557 cxx,

2206 5532 2213 5548 .
2290 5492 2334 5524 ’³
2361 5490 2382 5544 ι
2408 5491 2554 5545 Petr.
2584 5505 2657 5555 tv,
2689 5490 2775 5544 18.

526 5613 531 5623 ’
606 5601 679 5673 (r)
705 5603 770 5656 Οί
793 5603 910 5671 μὲν
935 5605 1009 5677 τῇ
1034 5608 1237 5677 φύσει.
1276 5605 1447 5677 ραοά
1473 5606 1555 5663 sic
1603 5605 1716 5671 hic,
1768 5614 1825 5661 et
1853 5606 2103 5677 sequenti

538 5689 657 5757 cap.
719 5687 784 5726 ac
826 5676 1043 5757 passim
1077 5678 1229 5757 alibi.
1258 5676 1526 5757 Masimus
1570 5685 1825 5757 naturam
1880 5676 2102 5746 ingerit,

537 5746 768 5816 ejusque
798 5746 1067 5800 rationem
1098 5753 1158 5800 ut
1178 5746 1403 5801 virtutis
1435 5746 1615 5801 omnis
1641 5746 1903 5817 regulam,
1933 5759 1996 5800 ac
2014 5760 2104 5799 nc-

2217 5603 2579 5660 ccssitudinis
2622 5620 2748 5658 cum
2807 5605 2920 5659 Deo
2969 5618 3261 5670 normam;
3311 5612 3373 5658 ut
3408 5612 3641 5656 "tantum
3689 5598 3790 5653 Deo

2216 5677 2476 5746 uniamur
2505 5690 2570 5729 ac
2612 5675 2819 5730 virtute
2869 5674 3197 5746 fulgcamus,
3245 5674 3532 5746 simusque
3578 5678 3789 5741 capaces

2214 5757 2433 5801 mtcrnu:
2457 5744 2836 5811 beatitudinis,
2871 5744 3139 5816 quantum
3182 5744 3342 5801 nobis
3388 5759 3452 5798 ac
3482 5752 3679 5827 nostri:
3697 5750 3787 5791 W-
