4122 6322
340 424 492 501 1329

1026 440 1362 500 CAPITUM
1399 436 1824 509 QUINOUIES
1861 406 2389 499 CENTENORUM
2426 438 2815 500 CENTURJA
2854 441 2953 503 IV.

3492 438 3627 504 1330

341 546 712 620 ἰσονομοῦσαν
742 548 845 621 τὴν
893 551 1149 623 γνώμην,
1183 553 1277 605 καὶ
1320 552 1429 604 τῶν
1475 553 1572 622 τῆς
1610 552 1826 621 φύσεως
1855 551 1944 604 λό-

2052 560 2188 607 turae
2210 551 2539 622 aequabilem
2573 562 2958 620 servaverunt,
2986 554 3281 625 ipsumque
3306 552 3493 625 rcipsa
3533 568 3629 607 na-

339 655 466 711 γων
505 643 623 695 κατ’
655 640 934 713 ἐνέργειαν
983 644 1238 714 δεκτικὴν
1288 644 1458 713 αὐτὴν
1487 642 1937 712 καταστήσαντες

342 732 476 786 καθ’
505 733 626 787 ὅλον
658 734 750 787 τὸν
782 734 873 787 τοῦ
894 736 981 788 ἀεὶ⁸
1007 731 1064 789 εὖ
1087 732 1225 788 εἶναι
1252 735 1430 804 λόγον,
1456 734 1543 787 διὰ
1567 735 1665 805 τὴν
1687 734 1821 804 πρὸς
1843 732 1940 803 τὴν

342 825 506 879 θείαν
536 824 788 897 βούλησιν
828 828 928 898 τῆς
981 828 1207 899 γνώμης
1266 827 1586 890 εὐπάθειαν,
1631 827 1760 897 ὅλης
1814 824 1930 898 [qu.

343 914 448 972 illa
488 918 575 981 61,
616 917 775 990 ὅλως]
824 918 1111 990 μεθέξουσι
1146 920 1246 990 τῆς
1276 920 1635 989 ἀγαθότητος,
1668 919 1812 971 κατὰ
1840 918 1940 987 τὴν

341 1009 536 1073 αὐτοῖς
569 1010 878 1081 ἐπιλάμπου
890 1027 982 1064 ςαν
1002 1011 1078 1074 ὡς
1106 1012 1165 1064 ἐν
1191 1011 1445 1080 ἀγγέλοις
1476 1009 1511 1080 ἢ
1536 1009 1611 1074 ὡς
1645 1011 1702 1063 ἐν
1728 1008 1941 1079 ἀνθρώ-

343 1117 478 1167 ποις
504 1102 655 1156 Θείαν
679 1103 847 1175 ζωήν.
882 1104 945 1157 Οἱ
975 1105 1032 1157 δὲ
1055 1107 1122 1174 τῇ
1145 1104 1305 1174 φύσει
1338 1105 1668 1175 ποιήσαντες
1694 1103 1939 1157 ἀνισονο-

346 1193 561 1263 μοῦσαν
582 1193 669 1249 διὰ
692 1195 908 1249 πάντων
931 1195 1029 1266 τὴν
1051 1194 1304 1266 γνώμην,
1337 1196 1431 1250 καὶ
1453 1194 1564 1248 τῶν
1589 1195 1690 1265 τῆς
1718 1192 1937 1262 φύσεως

342 1284 528 1353 λόγων
574 1287 717 1341 κατὰ
754 1287 853 1359 τὴν
899 1289 1182 1359 ἐνέργειαν
1213 1288 1579 1358 σκεδαστικὴν
1608 1287 1781 1359 αὐτὴν
1808 1288 1940 1340 ἀπο-

341 1375 406 1429 δε
416 1376 464 1443 ίξ
476 1394 625 1440 ιντες
650 1375 771 1431 καθ’
803 1376 923 1430 ὅλον
938 1378 1030 1430 τὸν
1046 1374 1139 1429 τοῦ
1152 1371 1212 1431 εὖ
1231 1376 1367 1429 εἶναι
1383 1376 1557 1445 λόγον,
1576 1375 1667 1429 διὰ
1685 1375 1785 1447 τὴν
1806 1375 1941 1445 πρὸς

344 1468 452 1538 τὴν
491 1468 641 1521 θείαν
687 1467 941 1540 βούλησιν
986 1469 1087 1539 τῆς
1124 1466 1353 1540 γνώμης
1399 1467 1776 1530 ἀντιπάθειαν,
1813 1466 1942 1538 ὅλης

345 1558 716 1613 ἐκπεσοῦνται
762 1560 862 1630 τῆς
906 1560 1264 1632 ἀγαθότητος,
1296 1559 1437 1613 κατὰ
1468 1560 1567 1624 τὴν
1610 1559 1942 1630 ἐμφαινομέ-

344 1669 454 1724 νην
481 1653 664 1715 αὐτοῖς
699 1652 837 1721 πρὸς
861 1651 921 1705 τὸ
950 1651 1053 1722 φεῦ
1081 1647 1221 1706 εἶναι
1251 1654 1350 1722 τῆς
1380 1651 1604 1724 γνώμης
1626 1652 1901 1705 οἰκείωσιν
1924 1666 1940 1681 ·

347 1744 478 1796 καθ’
526 1745 592 1814 ἣν
634 1745 667 1814 ή
713 1746 849 1816 πρὸς
896 1745 988 1799 τὸν
1026 1744 1159 1798 Θεὸν
1208 1745 1363 1799 ἔσται
1392 1744 1500 1799 τῶν
1531 1744 1788 1798 τοιούτων
1819 1744 1939 1797 διά-

351 1850 564 1896 στασις,
590 1833 691 1887 οὐκ
716 1834 950 1904 ἐχόντων
977 1834 1121 1888 κατὰ
1140 1835 1240 1905 τὴν
1267 1836 1529 1904 πρόθεσιν
1559 1835 1657 1904 τῆς
1689 1833 1938 1903 γνώμης,

347 1922 476 1989 ταῖς
511 1925 813 1996 ἐνεργείαις
841 1925 950 1979 τῶν
980 1925 1227 1995 ἀγαθῶν,
1258 1926 1349 1981 τὸν
1373 1927 1468 1981 τοῦ
1498 1924 1558 1981 εὖ
1608 1924 1748 1981 εἶναι
1783 1927 1939 1995 λόγον
1974 1914 2013 1968 Β

349 2015 815 2105 ζωογονούμενον,
850 2017 974 2105 καθ’
1018 2017 1077 2071 ὃν
1127 2020 1160 2089 ή
1214 2018 1333 2073 θεία
1389 2018 1503 2090 ζωὴ
1564 2019 1941 2088 διαφαίνεσθαι

352 2104 596 2175 πέφυκε.

427 2291 521 2341 νιιν.
548 2287 720 2355 Ζυγὸς
741 2288 839 2357 τῆς
865 2288 1097 2344 ἑκάστου
1120 2289 1346 2362 γνώμης
1373 2290 1527 2346 ἔσται
1545 2292 1688 2347 κατὰ
1715 2291 1950 2363 τὴνκρί-

358 2376 621 2447 σιν,ὁτῆς
638 2377 1041 2447 φύσεωςλόγος,
1069 2380 1169 2450 τὴν
1204 2381 1341 2452 πρὸς
1371 2382 1433 2434 τὸ
1463 2382 1587 2451 φεῦ,
1618 2382 1649 2453 ἢ
1685 2378 1743 2436 εὖ
1778 2383 1950 2454 αὐτῆς

354 2466 650 2538 διελέγχων
675 2469 910 2539 κίνησιν,
933 2470 1055 2524 καθ’
1082 2472 1148 2541 ῆν
1182 2472 1215 2541 ή
1243 2471 1344 2543 τῆς
1366 2472 1516 2536 θείας
1549 2474 1694 2545 ζωῆς
1730 2474 1949 2544 μέθεξις

357 2559 395 2629 ἥ
418 2558 683 2628 ἀμεθεξὶα
718 2559 965 2629 γίνεσθαι
1001 2562 1238 2631 πέφυκε.
1268 2563 1424 2618 Κατὰ
1451 2564 1560 2638 γὰρ
1589 2565 1649 2618 τὸ
1676 2562 1817 2620 εἶναι
1851 2567 1943 2621 καὶ

361 2650 452 2702 ἀεὶ
481 2645 641 2714 εἶναι,
670 2650 879 2716 πάντας
910 2652 1122 2718 συνέξει
1153 2655 1345 2725 παρὼν
1372 2658 1399 2709 ὁ
1432 2655 1566 2720 Θεός
1590 2672 1603 2687 ·
1633 2658 1774 2712 κατὰ
1800 2659 1859 2713 δὲ
1885 2659 1946 2714 τὸ

361 2743 452 2795 ἀεὶ
478 2738 536 2797 εὖ
568 2737 731 2811 εἶναι,
763 2744 958 2815 μόνους
999 2745 1317 2817 ἰδιοτρόπως
1366 2749 1491 2813 τοὺς
1533 2750 1744 2818 ἁγίους,
1776 2752 1949 2821 ἀγγέ-

361 2833 491 2899 λους
516 2853 577 2889 τε
605 2839 699 2891 καὶ
726 2835 1072 2909 ἀνθρώπους,
1105 2839 1169 2892 τὸ
1196 2839 1286 2895 ἀεὶ
1328 2839 1432 2911 φεῦ
1485 2838 1650 2907 εἶναι,
1703 2846 1818 2908 τοῖς
1873 2843 1949 2917 μὴ

360 2930 628 2996 τοιούτοις
660 2934 736 2997 ὡς
760 2932 987 3004 γνώμης
1025 2935 1237 3006 καρπὸν
1277 2939 1437 3008 ἀφεὶς
1490 2939 1947 3011 ἐπικιρνώμενον.

2041 653 2178 698 tum
2212 644 2490 700 rationum
2516 659 2775 715 capacem
2794 647 2953 717 juxta
2982 661 3203 701 omnem
3227 646 3369 701 bene
3401 644 3624 701 essendi

2040 736 2312 791 rationem
2343 737 2728 801 reddiderunt,
2756 738 2828 793 ob
2859 737 3029 793 animi
3052 753 3118 793 ac
3150 737 3456 793 voluntatis
3500 752 3626 791 cum

2039 825 2225 881 divina
2250 828 2537 884 voluntate
2564 828 3043 895 convenientiam,
3079 827 3282 884 divinae
3301 827 3485 883 omnis
3524 827 3628 881 bo-

2039 917 2252 985 nitatis,
2299 935 2401 990 pro
2444 920 2647 975 divinae
2677 920 2735 977 in
2764 921 2847 976 eis
2879 920 3028 985 vitae,
3070 930 3134 976 ut
3187 920 3241 975 in
3272 919 3487 991 angelis
3530 929 3630 973 aut

2042 1011 2098 1065 in
2123 1010 2445 1067 hominibus
2473 1012 2769 1079 elucentis,
2827 1012 3064 1077 ratione,
3105 1020 3273 1067 erunt
3298 1010 3624 1082 participes.

2040 1102 2147 1170 Qui
2174 1120 2308 1160 vero
2338 1120 2437 1176 per
2460 1105 2647 1161 omnia
2668 1103 3058 1174 inaequabilem
3084 1103 3433 1158 voluntatem
3456 1110 3628 1171 atque

2041 1197 2288 1250 animum
2345 1203 2557 1251 natura:
2608 1194 3017 1261 reddiderunt,
3063 1203 3385 1264 naturaque
3441 1192 3626 1262 reipsa

2044 1286 2292 1342 rationes
2319 1285 2681 1357 dissipantem
2709 1287 2864 1359 juxta
2896 1302 3116 1342 omnem
3145 1285 3287 1342 bene
3314 1300 3493 1355 exque
3518 1283 3629 1336 vir-

2043 1387 2162 1433 tute
2191 1377 2414 1433 essendi
2455 1377 2726 1433 rationem
2783 1377 3159 1434 exhibuerunt
3183 1418 3198 1442 ,
3235 1376 3307 1433 ob
3343 1375 3513 1431 animi
3563 1390 3629 1431 ac

2042 1470 2348 1524 voluntatis
2381 1484 2507 1524 cum
2533 1467 2721 1524 divina
2744 1468 3031 1525 voluntate
3066 1466 3624 1531 disconvenientiam,

2041 1560 2310 1616 bonitatis
2349 1558 2843 1631 omnisjacturam,
2867 1558 3022 1630 juxta
3063 1558 3382 1613 elucentem
3426 1556 3483 1610 in
3522 1557 3624 1623 eis,

2042 1670 2168 1709 cum
2210 1654 2318 1709 hoc
2343 1652 2491 1723 quod
2520 1658 2605 1707 est
2633 1651 2775 1706 male
2801 1649 3114 1721 misereque
3139 1665 3283 1713 esse,
3325 1648 3630 1703 voluntatis

2041 1745 2323 1815 animique
2355 1743 2848 1809 necessitudinem,
2878 1742 3087 1798 facient
3112 1759 3127 1809 ;
3158 1756 3288 1811 qua,
3314 1755 3510 1796 eorum
3533 1741 3628 1809 qui

2042 1836 2315 1908 ejusmodi
2357 1843 2509 1900 sunt,
2543 1835 2652 1890 erit
2680 1850 2805 1889 cum
2838 1833 2951 1889 Deo
2985 1833 3291 1888 divortium
3325 1831 3631 1904 sejunctio-

2041 1945 2181 2000 que;
2223 1928 2427 1998 quibus
2452 1942 2651 1997 nempe
2682 1925 2828 1981 desit
2854 1924 3057 1979 mentis
3087 1923 3375 1994 proposito
3404 1963 3419 1988 ,
3467 1922 3631 1977 bonis

2042 2019 2308 2093 operibus
2358 2019 2546 2074 vivida
2598 2017 2901 2088 vigensque
2962 2016 3106 2072 bene
3157 2013 3380 2071 essendi
3444 2013 3627 2078 ratio,

2045 2109 2352 2168 secundum
2369 2123 2533 2180 quam
2551 2107 2755 2162 divinae
2770 2105 2896 2163 vita:
2919 2105 3101 2162 exseri
3123 2113 3502 2176 comparatum
3522 2112 3625 2169 est,

2024 2217 2112 2283 #ac
2138 2200 2548 2272 splendescere.

2119 2293 2208 2349 55.
2240 2291 2521 2364 Cujusque
2548 2291 2853 2346 voluntatis
2890 2290 3098 2346 trutina
3127 2290 3185 2344 in
3210 2287 3425 2362 judicio
3448 2287 3627 2341 futura

2046 2397 2133 2442 est
2186 2393 2405 2441 natura:
2452 2384 2635 2448 ratio,
2704 2385 2826 2455 ejus
2886 2383 3152 2438 nimirum
3193 2380 3359 2452 599
3404 2380 3471 2435 ad
3526 2380 3629 2433 hoc:

2045 2477 2193 2550 quod
2241 2488 2327 2532 est
2356 2476 2496 2530 male
2528 2490 2652 2530 esse
2684 2486 2781 2529 aut
2826 2475 2968 2530 bene
2999 2482 3208 2528 motum
3242 2487 3516 2542 arguens;
3565 2486 3631 2524 ex

2044 2571 2205 2643 cujus
2235 2570 2448 2624 ratione
2481 2576 2596 2633 est,
2630 2574 2692 2621 ut
2719 2567 2920 2623 divina:
2962 2566 3089 2621 vita:
3117 2565 3417 2637 participes
3456 2563 3632 2618 simus

2042 2671 2140 2719 aut
2178 2662 2515 2733 inexpertes.
2545 2659 2831 2727 Quatenus
2846 2659 2995 2714 enim
3026 2657 3139 2713 sint
3157 2672 3222 2712 ac
3252 2671 3470 2725 semper
3495 2655 3627 2715 sint,

2044 2769 2291 2825 praesens
2321 2753 2466 2807 Deus
2503 2754 2697 2807 Omnes
2740 2747 3055 2805 continebit
3096 2788 3110 2802 .
3158 2757 3219 2801 ut
3254 2755 3439 2801 autem
3488 2746 3630 2801 bene

2048 2861 2268 2917 semper
2330 2844 2441 2900 illis
2492 2840 2565 2899 sit
2602 2857 2667 2897 ac
2710 2850 2984 2914 perpetua
3023 2832 3288 2895 behatitate
3343 2837 3631 2901 fruantur,

2047 2937 2318 3012 peculiari
2347 2937 2615 2992 duntaxat
2648 2934 2863 2989 ratione
2893 2940 3134 2999 sanctos,
3169 2933 3396 3005 angelos
3425 2932 3635 3004 pariter

360 3031 531 3093 atque
566 3025 847 3093 homines;
884 3028 975 3094 iis,
1004 3028 1099 3100 qui
1123 3046 1234 3086 non
1281 3032 1557 3103 ejusmodi
1615 3034 1843 3098 fuerint,
1914 3042 2181 3104 tanquam
2224 3045 2420 3087 eorum
2465 3028 2635 3084 animi
2684 3043 2748 3083 ac
2790 3026 3097 3082 voluntatis
3161 3025 3438 3087 fructum.
3483 3040 3631 3080 com~

363 3117 590 3172 mistum
634 3118 975 3190 relinquens,
1010 3130 1071 3177 ut
1104 3123 1188 3179 eis
1214 3139 1432 3196 semper
1460 3127 1604 3183 male
1638 3129 1729 3183 sit.

435 3211 544 3276 νς’.
594 3212 668 3264 Οὖ
709 3214 1078 3283 συνεπάγεται
1122 3220 1189 3289 τῇ
1241 3220 1386 3274 κατά
1416 3219 1581 3289 φύσιν
1618 3222 1729 3277 τῶν
1763 3223 1820 3290 ἐξ
1871 3217 1947 3277 ὧν

2121 3218 2209 3273 56.
2240 3217 2453 3272 Divina:
2501 3213 2903 3301 incarnationis
2954 3211 3316 3284 mysterium,
3377 3224 3489 3263 non
3531 3220 3639 3263 una

367 3302 700 3373 συνέστηκεν
734 3305 1038 3375 ἑτερότητι,
1066 3308 1164 3362 καὶ
1192 3309 1293 3381 τὴν
1334 3311 1459 3364 καθ’
1506 3313 1807 3367 ὑπόστασιν
1837 3314 1951 3367 δια-

365 3392 543 3471 φορὰν
577 3393 638 3445 τδ
665 3395 965 3467 μυστήριον
994 3400 1094 3469 τῆς
1130 3398 1283 3463 θείας
1312 3402 1646 3473 σαρκώσεως
1668 3419 1682 3433 ·
1721 3403 1784 3457 τὸ
1826 3404 1949 3474 μὲν,

367 3489 457 3540 ἶνα
492 3489 568 3559 μὴ
594 3490 914 3561 προσθήκην
950 3491 1089 3563 λάϐῃ
1119 3492 1182 3546 τὸ
1220 3495 1322 3565 τῆς
1350 3495 1589 3567 Τριάδος
1614 3500 1949 3569 μυστήριον*

367 3580 431 3635 τὸ
456 3580 531 3648 δὲ,
567 3580 653 3634 ἵνα
686 3582 857 3653 μηδὲν
949 3586 1016 3656 τῇ
1062 3583 1279 3656 θεότητι
1309 3587 1451 3642 κατὰ
1484 3587 1646 3657 φύσιν
1692 3590 1954 3659 ὁμογενὲς

369 3673 463 3725 καὶ
500 3668 808 3743 ὁμοούσιον.
837 3676 944 3729 Δύο
989 3675 1097 3749 γὰρ
1159 3677 1377 3747 φύσεων
1438 3679 1574 3750 πρὸς
1626 3680 1950 3743 ὑπόστασιν,

369 3762 489 3816 ἀλλ’
521 3764 582 3817 οὐ
620 3766 755 3837 πρὸς
790 3767 952 3837 φύσιν
992 3771 1120 3839 μίαν
1166 3771 1357 3838 γέγονε
1414 3769 1671 3834 σύνοδος-ο
1726 3771 1815 3825 ἵνα
1854 3771 1953 3825 καὶ

369 3855 432 3908 τὸ
463 3854 586 3909 καθ’
609 3855 908 3911 ὑπόστασιν
939 3858 999 3912 ἒν
1028 3861 1094 3913 ἐκ
1122 3860 1230 3914 τῶν
1248 3859 1507 3931 ἀλλήλαις
1524 3860 1952 3933 συνδραμουσῶν

373 3945 591 4015 φύσεων
623 3948 808 4021 δειχθῇ
838 3951 981 4005 κατὰ
1003 3951 1101 4023 τὴν
1126 3951 1323 4006 ἕνωσιν
1356 3952 1820 4023 ἀποτελούμενον,
1853 3956 1948 4008 καὶ

372 4039 435 4092 τὸ
471 4039 726 4113 διάφορον
748 4043 857 4096 τῶν
892 4043 1257 4098 συνελθόντων
1283 4044 1420 4116 πρὸς
1446 4042 1545 4115 τὴν
1585 4044 1953 4101 ἀδιάσπαστον

374 4130 571 4187 ἕνωσιν
603 4134 745 4188 κατὰ
768 4135 869 4207 τὴν
900 4136 1138 4208 φυσικὴν
1175 4136 1419 4208 ἰδιότητα
1447 4137 1737 4208 πιστευθῇ,
1770 4139 1955 4208 πάσης

375 4224 534 4290 ἐκτὸς
561 4226 725 4297 μένον
750 4228 963 4300 τροπῆς
990 4230 1084 4282 καὶ
1119 4228 1454 4300 συγχύσεως.

444 4399 544 4465 ναῖ’.
574 4402 650 4456 Ού
673 4403 905 4475 λέγομεν
922 4404 1016 4458 ἐπὶ
1035 4406 1273 4477 Χριστοῦ
1295 4404 1558 4477 διαφορὰν
1582 4408 1955 4474 ὑποστάσεων,

376 4494 461 4548 ὅτι
490 4492 665 4567 Τριὰς
698 4496 1013 4568 μεμένηκεν
1045 4499 1079 4568 ἡ
1108 4496 1301 4569 Τριὰς,
1334 4500 1429 4552 καί¹
1453 4499 1832 4571 σαρκωθέντος
1859 4499 1955 4554 τοῦ

2053 3324 2182 3364 cum
2203 3322 2421 3373 eorum,
2446 3322 2515 3361 ex
2541 3306 2747 3376 quibus
2771 3300 3006 3366 Constat.
3035 3302 3275 3358 naturali
3295 3300 3639 3365 diversitate,

2054 3401 2223 3456 etiam
2269 3398 2623 3469 personalem
2673 3397 2845 3453 infert
2893 3396 3311 3452 distinctionem
3352 3411 3366 3447 :
3404 3394 3641 3449 alterum

2055 3492 2283 3565 quidem
2308 3533 2323 3557 ,
2352 3501 2415 3546 ut
2451 3491 2665 3546 nullum
2711 3488 3004 3545 Trinitatis
3052 3488 3379 3562 mysterium
3429 3486 3645 3543 addita-

2056 3592 2307 3640 mentum
2334 3582 2609 3653 accipiat;
2640 3580 2879 3637 alterum
2918 3595 3070 3645 vero,
3105 3588 3168 3633 ut
3214 3576 3353 3632 nihil
3398 3592 3498 3647 per
3543 3591 3643 3627 hu-

2056 3686 2236 3730 turam
2278 3672 2476 3727 deitati
2530 3678 2979 3741 congenerumct
3027 3666 3504 3725 consubstantiale
3550 3683 3643 3722 ex-

2052 3765 2232 3819 sistat.
2262 3763 2391 3817 Duae
2405 3762 2554 3816 enim
2578 3769 2793 3816 natum
2812 3760 2866 3814 in
2889 3775 3054 3813 unam
3083 3774 3381 3830 personam
3399 3756 3585 3813 coivcr
3604 3776 3640 3818 κ,

2054 3872 2166 3910 non
2214 3855 2270 3909 in
2325 3869 2491 3907 unam
2532 3859 2811 3917 naturam,
2843 3859 2903 3905 ut
2938 3859 3055 3905 tum
3104 3849 3420 3921 personalis
3463 3851 3645 3903 unitas;

2053 3963 2121 4003 ex
2174 3958 2502 4001 naturarum
2551 3943 2699 3997 inter
2757 3958 2817 3997 se
2873 3958 3148 3998 concursu
3194 3957 3295 4012 per
3337 3940 3641 3997 unitioncm

2055 4046 2386 4111 putesceret,
2413 4047 2529 4095 tum
2563 4036 3023 4092 concurrentium
3056 4035 3126 4090 ad
3158 4034 3452 4091 indivisam
3488 4036 3617 4089 uniti

2053 4150 2180 4191 nem
2227 4132 2463 4189 naturali
2521 4129 2863 4201 proprietate
2937 4129 3230 4185 distinctio
3259 4169 3274 4193 ,
3324 4136 3479 4183 extra
3523 4145 3643 4183 om-

2056 4243 2184 4283 nem
2218 4225 2584 4282 mutationem
2607 4237 2673 4278 ac
2723 4223 3115 4279 confusionem
3164 4222 3486 4279 crederetur
3532 4240 3637 4276 im.-

2059 4336 2214 4378 nere.
2786 4366 2793 4367 ,

2133 4415 2221 4471 57.
2271 4414 2641 4469 Personarum
2687 4414 2746 4468 in
2776 4411 2999 4467 Christo
3028 4408 3451 4466 distinctionem
3495 4410 3642 4465 haud

2060 4507 2318 4575 dicimus,
2355 4506 2505 4579 quod
2536 4506 2781 4562 Trinitas
2837 4503 3082 4559 Trinitas
3106 4501 3396 4567 manserit,
3430 4510 3647 4575 postca-

377 4585 573 4656 Λόγου,
608 4586 927 4661 προσθήκης
964 4589 1260 4662 προσώπου
1308 4591 1368 4645 οὐ
1414 4591 1862 4664 προσγενομένης
1887 4594 1949 4663 τῇ

2061 4615 2228 4672 quam
2253 4597 2421 4654 etiam
2451 4599 2696 4655 Verbum
2722 4611 2947 4653 carnem
2988 4595 3333 4666 assumpsit;
3389 4594 3539 4649 nulla
3587 4612 3649 4645 ex

379 4681 512 4753 ἁγίᾳ
549 4681 743 4752 Τριάδι
770 4680 857 4736 διὰ
880 4682 979 4755 τὴν
1008 4683 1286 4754 σάρκωσιν
1307 4701 1322 4716 ⁸
1366 4683 1599 4754 λέγομεν
1641 4683 1699 4736 δὲ
1739 4682 1958 4753 φύσεων

377 4772 662 4845 διαφορὰν,
692 4774 778 4828 ἵνα
821 4774 896 4847 μὴ
926 4774 1005 4847 τῷ
1035 4775 1196 4847 Λόγῳ
1244 4775 1388 4830 κατὰ
1419 4777 1520 4848 τὴν
1559 4775 1723 4848 φύσιν
1760 4775 1959 4847 όμοού·

380 4882 496 4919 σιον
522 4864 623 4936 τὴν
663 4866 843 4936 σάρκα
869 4865 1284 4938 πρεσϐεύωμεν.

453 4956 556 5028 νη’.
606 4959 666 5012 '0
717 4958 792 5032 μὴ
848 4958 1025 5028 λέγων
1079 4959 1297 5029 φύσεων
1349 4962 1635 5034 διαφορὰν,
1684 4963 1785 5016 οὐκ
1845 4960 1962 5034 ἔχει

378 5050 546 5104 πόθεν
604 5049 985 5105 πιστώσασθαι
1024 5052 1125 5123 τὴν
1171 5053 1253 5107 ὅτι
1284 5052 1478 5122 γέγονε
1522 5054 1662 5127 σὰρξ
1706 5056 1735 5108 ό
1788 5054 1961 5124 Λόγος

379 5142 503 5215 δίχα
547 5143 757 5215 τροπῆς
800 5144 1131 5214 ὁμολογίαν·
1191 5147 1267 5217 μὴ
1309 5146 1597 5215 γινώσκων
1652 5146 1962 5217 σωζόμενον

381 5235 523 5289 κατὰ
573 5235 670 5307 τὴν
722 5235 886 5306 φύσιν
939 5236 999 5290 ἐν
1050 5239 1116 5309 τῇ
1164 5239 1264 5309 μιᾷ
1295 5238 1392 5292 τοῦ
1434 5239 1552 5304 ἐνὸς
1585 5238 1825 5311 Χριστοῦ
1867 5241 1965 5295 καὶ

453 5418 469 5441 ⁸
497 5417 581 5476 Cf.
614 5418 682 5475 ad
712 5419 870 5474 Thal.
902 5435 956 5513 q.
986 5418 1072 5474 62.

383 5587 584 5642 luntati
613 5600 739 5640 eum
769 5594 982 5640 naturae
1009 5583 1322 5639 rationibus
1368 5584 1726 5651 convenerit;
1762 5586 1830 5641 de
1856 5601 1956 5641 na-

383 5665 508 5711 tura
536 5665 724 5709 sanata
744 5664 801 5710 et
821 5654 1071 5726 instituta
1094 5671 1193 5726 per
1218 5654 1471 5726 gratiam,
1501 5655 1727 5726 omnino
1747 5656 1957 5711 intelli-

383 5725 625 5805 gendum
674 5742 784 5780 non
813 5724 881 5780 de
929 5726 1046 5795 ipsa
1069 5724 1342 5808 quate—nus
1374 5725 1434 5808 in_
1457 5725 1615 5779 nobis
1661 5742 1728 5780 ex
1750 5735 1957 5808 _trans-

388 5796 672 5866 gressione
716 5812 815 5865 pro
841 5805 1069 5866 peccato
1095 5796 1363 5852 inolevit:
1405 5796 1473 5852 de
1503 5804 1698 5850 natura
1734 5796 1957 5851 demum

388 5865 616 5936 qualisa
655 5867 764 5921 Deo
798 5865 1018 5921 condita
1050 5866 1173 5934 fuit,
1198 5866 1434 5938 imagine
1464 5877 1657 5925 ornata
1701 5879 1755 5922 et.
1802 5867 1959 5923 simi-

2058 4690 2443 4746 incarnatione
2476 4697 2683 4748 sancta:
2703 4688 2965 4745 Trinitati
3010 4687 3154 4743 facta
3189 4702 3440 4759 personae
3471 4702 3654 4741 acu»

2054 4780 2234 4837 sione.
2292 4779 2635 4836 Naturarum
2687 4787 2875 4834 tamen
2924 4778 3345 4835 distinctionem
3392 4778 3649 4837 dicimus,

2058 4890 2130 4931 ne
2158 4889 2385 4931 carnem
2417 4874 2604 4931 Verbo
2632 4871 3175 4929 consubstantialem
3223 4870 3545 4926 sentiamus.

2130 4965 2219 5023 58.
2250 4966 2355 5033 Qui
2387 4975 2714 5022 naturarum
2740 4964 3161 5021 distinctionem
3200 4977 3311 5017 non
3337 4961 3648 5031 profitetur,

2068 5074 2182 5114 non
2206 5058 2377 5113 habet
2409 5059 2555 5114 unde
2581 5065 2799 5112 astruat
2831 5057 2981 5128 quod
3010 5055 3250 5111 Verbum
3278 5053 3486 5108 factum
3525 5071 3647 5108 ea:—

2070 5162 2220 5214 nem,
2268 5147 2410 5202 citra
2458 5162 2680 5202 omnem
2717 5146 3084 5200 mutationem
3127 5141 3498 5207 conﬁtemur;
3555 5142 3649 5209 qui

2069 5254 2269 5311 nempe
2316 5254 2430 5295 non
2478 5238 2770 5311 intelligat,
2816 5238 2913 5293 uni
2968 5236 3135 5294 unius
3177 5234 3276 5291 Dei
3330 5249 3395 5290 ac
3440 5233 3649 5292 Chri-Ai

2090 5582 2340 5647 litudine,
2369 5580 2425 5635 in
2447 5596 2556 5651 qua
2583 5578 2756 5635 divini
2786 5579 3073 5651 elucerent
3117 5578 3497 5651 characteres,
3543 5597 3653 5634 mm

2066 5655 2157 5734 cui
2191 5649 2519 5734 obductae):
2551 5658 2781 5734 peccato
2805 5650 3099 5734 b_r_utorum
3142 5649 3433 5734 ipsa-155011
3480 5650 3649 5734 (Ξιξιῑε

2067 5725 2225 5780 dines
2244 5721 2499 5791 scilicet),
2524 5721 2748 5776 virtutis
2771 5721 2923 5776 cultu
2946 5735 3011 5775 ac
3030 5721 3425 5777 exercitatione
3443 5737 3475 5777 a
3494 5722 3621 5777 ιιειιιῑ

2067 5793 2417 5857 excutienda,
2447 5801 2508 5847 ut
2529 5792 2717 5847 divina
2742 5791 2797 5846 in
2819 5791 2982 5847 nobis
3003 5792 3343 5847 instauretur
3370 5791 3651 5862 vitamum:

2071 5865 2367 5921 nonaliter
2397 5864 2687 5931 habemus,
2728 5879 2894 5932 quam
2917 5861 3124 5919 Christi
3151 5864 3343 5935 gratia.
3538 5882 3545 5885 ν

3633 5764 3636 5771 ι

3632 5744 3657 5773 ὃ
