4110 6318
532 350 663 419 1331

1699 362 1759 422 S.
1801 361 2091 423 ΜΑΧΙΜΙ
2130 360 2644 425 CONFESSORIS

3664 358 3838 426 1332

530 479 809 538 persoua‘,
836 474 968 535 post
996 469 1259 523 unionem
1294 477 1497 523 natura
1527 480 1781 540 perstare
1810 468 2117 536 incolume,

2251 471 2364 527 9εού
2399 475 2656 546 Σωτῆρος
2684 470 2982 527 ὑποστάσει
3015 472 3154 540 μετὰ
3176 470 3275 543 τὴν
3305 471 3520 537 Ξνωσιν,
3549 471 3612 525 τὸ
3639 488 3841 545 προσο

532 553 593 611 id
608 554 760 624 quod
784 555 1086 623 assumpsit
1112 563 1171 612 et
1200 556 1350 627 quod
1386 566 1735 630 assumptum
1767 567 1874 614 est.

608 647 698 702 59.
716 645 852 703 Cum
877 647 1370 705 carnisinChristo
1384 665 1449 704 ac
1465 650 1690 708 deitatis
1710 650 1835 722 post
1850 651 2116 707 unionem

478 740 479 743 “
536 745 767 793 exsnstat
796 737 1084 795 distinctio
1102 741 1230 811 (nec
1245 741 1395 796 enim
1419 741 1598 798 deitas
1620 752 1678 799 et
1693 758 1822 799 caro
1840 743 1988 799 idem
2015 760 2120 798 un-

537 844 703 900 quam
724 831 1101 888 essentialiter
1121 834 1436 907 exsistant),
1461 835 1609 891 haud
1629 851 1905 908 quaquam
1926 851 2121 891 eorum

537 937 662 991 qua:
683 932 1070 979 convenerunt
1090 925 1232 980 iacta
1253 926 1385 981 unio
1405 936 1509 991 est,
1534 936 1593 981 ut
1628 943 1738 981 una
1762 926 2125 982 constituere-

536 1020 632 1067 tur
651 1022 887 1081 natura;
911 1015 1007 1071 sed
1028 1025 1088 1071 ut
1110 1033 1215 1072 una
1242 1034 1501 1089 persona,
1523 1034 1693 1091 penes
1717 1011 1881 1089 quam
1911 1018 2121 1074 nullam

538 1105 657 1161 ullo
675 1108 841 1163 modo
854 1107 1272 1165 distinctionem
1291 1109 1346 1165 in
1356 1109 1579 1166 Christo
1592 1111 1926 1167 invenimus.
1940 1111 2125 1180 Quan-

539 1205 660 1251 tum
686 1199 835 1253 enim
855 1199 923 1253 ad
955 1215 1268 1270 personam,
1296 1202 1544 1258 Verbum
1574 1203 1720 1259 idem
1741 1213 1827 1262 est
1862 1220 1985 1259 cum
2004 1205 2126 1260 'sua

540 1300 731 1341 carne.
751 1286 870 1354 Qua
885 1289 1032 1344 enim
1052 1290 1269 1347 ratione
1287 1292 1452 1347 ullam
1472 1308 1704 1365 prorsus
1725 1292 1984 1349 Christus
1998 1310 2125 1350 cum

540 1392 642 1435 sua
681 1394 847 1435 carne
881 1380 1299 1439 distinctionem
1334 1384 1601 1451 admittit,
1647 1402 1820 1441 unum
1871 1403 1996 1442 cum
2025 1403 2125 1443 sua

540 1484 708 1526 carne
724 1474 875 1528 onmi
893 1474 1057 1529 modo
1075 1491 1198 1531 esse
1211 1476 1437 1548 nequit:
1460 1493 1568 1549 qua
1592 1492 1724 1533 vero
1741 1480 1949 1534 nullam
1965 1495 2126 1550 pror-

544 1579 642 1619 sus
682 1564 1101 1623 distinctionem
1131 1569 1398 1636 admittit,
1445 1586 1616 1625 unum
1650 1570 1740 1641 pie
1782 1573 1934 1628 omni
1965 1573 2130 1629 modo

542 1655 710 1727 600
738 1672 959 1730 semper
990 1659 1047 1714 in
1069 1675 1138 1715 eo
1168 1662 1263 1727 sit,
1298 1662 1477 1734 deque
1504 1665 1600 1720 illo
1627 1663 1738 1718 dici
1770 1662 2051 1718 debuerit.

618 1749 708 1804 60.
742 1749 908 1806 Fides
933 1753 1054 1823 spei
1097 1754 1438 1812 adminiculo
1493 1756 1800 1828 perfectam
1852 1756 1910 1811 in
1956 1757 2130 1811 Deum

2220 566 2383 621 λαϐὸν
2417 566 2512 622 καὶ
2536 566 2597 621 τὸ
2621 567 3123 638 προσειλημμένον.
3246 628 3247 631 η

2293 660 2389 715 v0'.
2425 661 2489 715 Εἰ
2519 660 2721 731 σαρκὸς
2752 662 2810 713 ὲν
2847 660 3068 733 Χριστῷ
3102 659 3199 713 καὶ
3235 657 3491 730 θεότητος
3528 657 3672 728 μετὰ
3716 659 3837 728 τὴν

2222 753 2416 807 ἕνωσιν
2446 753 2682 824 ὑπάρχει
2714 752 2948 823 διαφορὰ
2978 751 3121 807 κατὰ
3145 752 3307 822 φύσιν
3330 769 3344 782 ⁸
3371 751 3434 805 οὐ
3465 751 3579 822 γὰρ
3609 750 3839 803 ταύτὸν

2222 844 2343 896 κατ’
2399 841 2590 897 οὐσίαν
2635 841 2768 896 ποτὲ
2818 843 3005 914 θεότης
3046 842 3142 897 καὶ
3183 839 3350 912 σάρξ·
3404 840 3542 912 πρὸς
3593 839 3837 909 φύσεως

2228 938 2360 1004 μιᾶς
2385 934 2624 1005 γένεσιν,
2658 937 2692 1007 ἡ
2737 934 2848 988 τῶν
2889 935 3256 989 συνελθόντων
3290 934 3546 1004 οὐδαμῶς
3577 934 3837 1002 γέγονεν

2224 1031 2440 1094 ἓνωσις,
2472 1027 2609 1082 ἀλλὰ
2636 1027 2776 1101 πρὸς
2798 1028 2930 1099 μίαν
2965 1028 3285 1093 ὑπόστασιν,
3318 1026 3443 1081 καθ’
3460 1026 3529 1097 ἦν
3550 1025 3835 1095 οὐδεμίαν

2226 1122 2287 1175 ὲν
2319 1121 2543 1193 Χριστῷ
2585 1121 2712 1176 καθ’
2746 1122 3063 1192 οίονδήποτε
3091 1119 3293 1190 τρόπον
3330 1119 3667 1190 εὑρίσκομεν
3700 1117 3834 1170 δια-

2228 1213 2423 1282 φοράν.
2457 1213 2668 1267 Ταύτδν
2703 1212 2812 1286 γὰρ
2848 1215 2915 1285 τῇ
2946 1213 3125 1283 οἰκείᾳ
3164 1210 3328 1281 σαρκὶ
3371 1211 3517 1265 κατὰ
3548 1210 3654 1280 τὴν
3680 1208 3833 1262 ὑπόο

2230 1321 2422 1359 στασιν
2454 1306 2481 1359 ὁ
2507 1305 2701 1374 Λόγος.
2735 1303 2874 1359 Καθ’
2904 1304 2934 1367 δ
2963 1304 3073 1375 γὰρ
3102 1302 3175 1369 ἂν
3212 1306 3242 1358 ὁ
3277 1304 3514 1375 Χριστὸς
3549 1303 3657 1376 ἔχῃ
3705 1304 3835 1357 6m-

2228 1397 2426 1471 φορὰν,
2453 1396 2511 1451 ἒν
2541 1394 2683 1452 εἶναι
2713 1397 2856 1453 κατὰ
2881 1397 3058 1453 πάντα
3074 1398 3277 1467 τρόπον
3301 1397 3361 1450 οὐ
3390 1396 3619 1450 δύναται
3647 1412 3663 1426 ·
3699 1395 3832 1449 καθ’

2228 1490 2259 1544 ὃ
2287 1489 2343 1543 δὲ
2368 1491 2467 1563 τὴν
2504 1488 2718 1544 οίανοῦν
2749 1489 3032 1555 παντελῶς
3057 1490 3158 1544 οὐκ
3186 1488 3496 1560 ἐπιδέχεται
3524 1488 3834 1559 διαφορὰν,

2230 1582 2374 1636 κατὰ
2399 1581 2578 1636 πάντα
2604 1581 2808 1653 τρόπον
2841 1580 2903 1636 τὸ
2947 1580 3006 1635 ἒν
3047 1581 3135 1634 ἐπ’
3168 1578 3334 1633 αὐτοῦ
3390 1577 3458 1651 (ε)
3518 1577 3836 1642 διαπαντὸς

2233 1674 2473 1737 εὐσεεῶς
2500 1673 2617 1744 ἔχει
2647 1673 2741 1726 καὶ
2774 1671 2835 1727 ὃν
2865 1672 2961 1726 καὶ
2976 1671 3290 1742 λεγόμενον.

2306 1764 2371 1830 ξ’.
2413 1764 2478 1817 Ἦ
2502 1764 2682 1826 πίστις
2703 1763 2792 1818 διὰ
2820 1764 2917 1835 τῆς
2951 1762 3166 1826 ἐλπίδος
3196 1761 3297 1832 τὴν
3327 1762 3407 1826 είς
3435 1760 3569 1814 Θεὸν
3590 1760 3833 1829 ἀγάπην

547 1841 880 1898 cbaritatem
909 1845 1242 1913 constituit;
1299 1845 1556 1918 bonaque
1591 1848 1957 1913 conscientia,
2007 1864 2130 1918 qua:

2251 1828 2450 1913 τελείαν
2478 1856 2796 1927 συνίστησιν
2819 1874 2832 1886 ·
2925 1854 3108 1924 ἀγαθὴ
3138 1828 3466 1924 συνείδησις,
3498 1851 3599 1923 τὴν
3620 1854 3714 1915 εἰς
3742 1853 3837 1904 τὸν

546 1949 679 2005 erga
700 1934 1016 2005 proximum
1042 1936 1286 1993 charitas
1312 1946 1419 2006 est,
1453 1940 1843 1996 mandatorum
1874 1940 2134 1995 observa-

544 2023 703 2079 tione
731 2024 924 2098 fulget.
960 2026 1113 2083 Bona
1144 2029 1296 2084 enim
1328 2030 1709 2099 conscientia,
1738 2031 1887 2103 quod
1909 2041 2136 2087 accuset

547 2117 872 2174 mandatum
906 2136 1020 2175 non
1045 2121 1236 2191 habet,
1278 2123 1487 2179 idcirco
1527 2125 1677 2197 quod
1727 2126 1997 2182 violatum
2052 2127 2135 2183 fa-

550 2216 819 2280 ctumque
874 2211 1098 2268 irritum
1131 2214 1223 2269 sit.
1258 2215 1369 2272 Has
1412 2224 1598 2272 autem
1628 2233 1823 2273 eorum
1871 2219 2137 2275 duntaxat

551 2301 773 2359 animus
809 2303 1051 2361 creditas
1081 2307 1340 2379 accipiat,
1391 2309 1488 2380 qui
1520 2325 1668 2367 verae
1725 2311 1926 2367 salutis
1987 2311 2138 2369 desi-

551 2392 712 2450 derio
744 2394 971 2467 fulgeat.

627 2487 716 2543 6i.
751 2488 901 2544 Nihil
931 2491 1171 2548 celerius
1202 2508 1368 2565 quam
1398 2495 1626 2552 credere
1652 2515 1668 2564 ;
1703 2513 1807 2553 nec
1833 2496 2137 2569 quidquam

552 2579 797 2648 facilius,
831 2598 998 2653 quam
1021 2593 1083 2640 ut
1112 2585 1235 2656 ejus
1260 2586 1412 2658 quod
1439 2589 1751 2645 credideris
1773 2590 2010 2662 gratiam
2041 2603 2139 2645 ore

554 2670 896 2726 conﬁtearis.
943 2672 1080 2732 Nam
1111 2673 1249 2730 illud
1277 2676 1527 2747 quidem,
1578 2678 1882 2734 animatam
1923 2679 2138 2734 vivam-

554 2776 666 2830 que
699 2763 821 2833 ejus
859 2763 957 2834 qui
1002 2764 1243 2822 credidit
1286 2782 1419 2839 erga
1464 2776 1750 2825 auctorem
1809 2769 2141 2825 charitatem

557 2850 843 2920 ostendit;
901 2852 1053 2908 istud
1101 2870 1237 2911 vero
1265 2896 1281 2923 ,
1329 2858 1479 2928 piam
1535 2873 1602 2914 ac
1647 2859 1966 2931 religiosam
2010 2875 2143 2932 erga

556 2944 878 3014 proximum
909 2944 1286 3003 aﬂ‘ectionem.
1325 2949 1501 3006 Porro
1529 2950 1774 3008 cbaritas
1813 2951 2143 3023 sinceraque

560 3035 786 3095 aﬂectio
813 3037 972 3111 (fides
995 3038 1210 3097 scilicet
1252 3041 1508 3114 bonaque
1538 3043 1904 3115 conscientia)
1935 3044 2143 3100 occulti

2236 1950 2470 2022 πλησίον
2489 1948 2580 2005 διὰ
2602 1948 2705 2019 τῆς
2736 1947 2990 2020 φυλακῆς
3024 1946 3136 1999 τῶν
3165 1945 3393 2000 ἐντολῶν
3437 1945 3667 2015 ἀγάπην
3724 1944 3837 2012 ὑφο

2242 2045 2474 2115 ίστησιν.
2541 2044 2608 2097 Ἦ
2632 2042 2741 2115 γάρ
2803 2040 2984 2113 ἀγαθὴ
3044 2038 3352 2110 συνείδησις
3404 2036 3837 2108 Μραϐαθείσαν

2238 2136 2461 2209 ἐντολὴν
2491 2139 2593 2191 οὑκ
2620 2135 2735 2207 ἔχει
2766 2134 3093 2207 κατήγορον.
3125 2130 3342 2195 Ταύτας
3367 2130 3426 2184 δὲ
3456 2131 3597 2202 μόνη
3620 2129 3835 2200 καρδία

2240 2229 2596 2285 πιστεύεσθαι
2648 2229 2886 2299 πέφυκε,
2945 2226 3055 2280 τῶν
3101 2224 3409 2296 ἐφιεμένων
3436 2223 3536 2293 τῆς
3584 2221 3835 2293 ἀληθοῦς

2241 2323 2539 2396 σωτηρίας.

2315 2502 2413 2568 ξα’.
2444 2501 2618 2556 Οὐδὲν
2657 2498 2756 2555 τιιῦ
2783 2498 3062 2553 πιστεύειν
3099 2495 3421 2567 ταχύτερον,
3457 2492 3555 2547 καὶ
3598 2490 3704 2545 τοῦ
3745 2489 3832 2543 διὰ

2245 2597 2512 2667 στόματος
2567 2591 2853 2664 ὁμολογεῖν
2908 2591 3005 2646 τοῦ
3057 2587 3447 2650 πιστευθέντος
3504 2584 3608 2655 τὴν
3663 2582 3832 2654 χάριν

2242 2687 2390 2741 ἐστὶν
2416 2683 2786 2754 εὐκολώτερον
2813 2701 2826 2714 ·
2864 2682 2926 2736 τὸ
2959 2685 3059 2754 μὲν
3088 2680 3220 2753 γὰρ,
3246 2678 3396 2751 δηλοῖ
3433 2676 3536 2749 τὴν
3582 2674 3833 2747 ἔμψυχον

2245 2779 2383 2850 πρὸς
2408 2777 2500 2832 τὸν
2523 2776 2867 2847 πεποιηκότα
2890 2773 2985 2829 τοῦ
3016 2770 3443 2833 πεπιστευκότος
3471 2767 3705 2838 ἀγάπην
3727 2781 3744 2795 ·
3773 2769 3831 2819 τὸ

2244 2871 2327 2938 δὲ,
2361 2870 2459 2942 τὴν
2494 2868 2721 2940 θεοφιλῆ
2742 2867 2878 2938 πρὸς
2900 2867 2992 2921 τὸν
3027 2863 3255 2936 πλησίον
3303 2862 3566 2916 διάθεσιν.
3614 2859 3830 2928 ’Δγάπη

2244 2964 2304 3016 δὲ
2337 2963 2433 3017 καὶ
2464 2964 2663 3031 γνησία
2719 2957 2981 3021 διάθεσις,
3037 2957 3207 3027 ἤγουν
3259 2954 3442 3016 πίστις
3496 2951 3596 3005 καὶ
3654 2949 3831 3017 ἀγαθὴ

2249 3053 2580 3122 συνείδησις,
2619 3051 2781 3123 ἔργον
2813 3048 3097 3122 προδήλως
3131 3046 3227 3101 τοῦ
3255 3045 3400 3100 κατὰ
3429 3043 3668 3116 καρδίαν
3690 3045 3834 3113 άφα·

561 3127 734 3199 animi
760 3139 948 3187 motus
978 3124 1158 3203 palam
1189 3149 1331 3205 opus
1356 3144 1508 3203 sunt,
1539 3138 1696 3193 nulla
1726 3152 1958 3210 prorsus
1985 3147 2140 3194 exte-

2251 3149 2374 3213 νοῢς
2404 3148 2643 3218 ὑπάρχει
2660 3145 2985 3217 κινήματος,
3009 3142 3108 3213 τῆς
3124 3140 3283 3206 ὲκτδς
3306 3139 3440 3209 ὕλης
3460 3137 3600 3209 πρὸς
3619 3136 3835 3207 γένεσιν

560 3219 698 3275 riori
732 3222 965 3276 materia
990 3223 1268 3295 indigens,
1311 3235 1373 3282 ut
1405 3228 1524 3282 ﬁat.

635 3311 726 3367 62.
758 3310 865 3379 Qui
913 3315 1234 3372 omnimoda
1282 3332 1412 3389 erga
1443 3319 1499 3374 id
1539 3320 1688 3391 quod
1719 3321 2016 3379 honestum
2064 3335 2150 3381 est

563 3419 631 3461 ac
651 3403 816 3461 ollicii
835 3414 1020 3461 motus
1040 3408 1289 3463 carentia
1312 3408 1640 3482 ignaviaque
1663 3412 1901 3479 laborat,
1922 3416 2150 3471 omnino

564 3512 698 3571 erga
725 3496 924 3555 vitium
948 3513 1013 3555 ac
1032 3501 1237 3556 malum
1263 3502 1557 3575 expeditus
1576 3503 1865 3577 facilisque
1897 3507 2148 3563 exsistat.

567 3590 940 3658 Quamobrem
963 3591 1133 3648 etiam
1175 3592 1467 3666 Scriptura
1498 3595 1713 3668 lapides
1739 3598 2020 3669 appellare
2065 3615 2154 3655 so-

569 3682 650 3737 let
669 3681 738 3748 ",
784 3682 958 3738 animi
1007 3698 1139 3756 erga
1173 3700 1239 3741 ea
1282 3702 1407 3757 qum
1440 3687 1675 3746 honesta
1712 3699 1846 3747 sunt
1884 3701 1943 3747 et
1983 3692 2152 3748 ollieii

571 3774 888 3844 segnitiem,
920 3783 1184 3846 tanquam
1211 3759 1336 3848 quae
1363 3778 1635 3836 virtutum
1670 3796 1840 3837 sensu
1873 3781 2151 3840 destitua-

572 3874 668 3920 tur
707 3882 721 3920 :
758 3864 906 3938 ligna
956 3882 1131 3935 vero,
1174 3868 1520 3926 alacritatem
1559 3886 1688 3942 erga
1738 3887 1803 3928 ea
1845 3888 1969 3944 quae
2014 3875 2158 3930 mala

572 3967 705 4013 sunt
744 3959 814 4013 ”.
864 3958 1073 4016 Sensus
1113 3971 1300 4017 autem
1342 3964 1536 4029 motio,
1590 3964 1794 4021 mentis
1844 3967 2157 4039 operationi

574 4051 891 4122 conjuncta,
924 4053 1186 4109 virtutem
1221 4069 1347 4109 cum
1375 4055 1608 4111 scientia
1641 4057 1992 4131 coniunctam
2020 4074 2161 4131 pra:-

574 4151 707 4200 stat.

646 4236 736 4292 63.
770 4235 1017 4292 Medium
1043 4236 1316 4307 parietem
1339 4238 1386 4271 ¹⁶
1416 4239 1679 4306 arbitror,
1699 4243 2010 4298 naturalem
2040 4257 2163 4297 cor-

575 4329 731 4401 poris
759 4328 934 4400 legem
961 4329 1031 4385 ab
1056 4328 1344 4400 Scriptura
1367 4332 1587 4396 vocari;
1614 4333 1910 4388 maceriem
1940 4348 2071 4390 vero
2093 4335 2160 4399 ",

576 4435 702 4491 quae
739 4420 938 4491 inlege
966 4421 1154 4477 carnis
1178 4420 1431 4489 residet,
1475 4438 1608 4494 erga
1639 4422 1874 4479 allectus
1908 4439 1973 4479 ac
2021 4424 2163 4479 vitia

2254 3240 2535 3303 παντελῶς
2563 3240 2624 3293 οὑ
2659 3238 2937 3309 δεόμενον.

2323 3334 2422 3406 ξβ⁹.
2497 3333 2555 3388 Ὀ
2589 3331 2689 3403 τὴν
2728 3328 2979 3408 ,παντελῆ
3037 3326 3168 3399 περὶ
3212 3325 3274 3379 τὸ
3318 3323 3486 3378 καλὸν
3540 3320 3834 3390 ἀκινησίαν

2250 3426 2449 3493 νοσῶν,
2491 3424 2622 3494 περὶ
2662 3422 2723 3476 τὸ
2761 3421 2932 3476 κακὸν
2975 3419 3212 3491 ὑπάρχει
3272 3417 3489 3480 πάντως
3526 3414 3833 3481 εὐκίνητος.

2253 3520 2390 3578 Κατ’
2419 3521 2589 3591 ἄμφω
2612 3518 2723 3587 γὰρ
2747 3514 3006 3584 ἀκίνητον
3037 3512 3327 3583 ὑπάρχειν,
3363 3508 3641 3564 ἀδύνατον.
3669 3504 3836 3558 Ὅθεν

2255 3617 2350 3670 καὶ
2379 3613 2561 3677 λίθους
2587 3610 2777 3666 καλεῖν
2808 3603 2949 3664 οἶδεν
2979 3609 3014 3678 ἡ
3041 3605 3255 3678 Γραφὴ,
3294 3604 3395 3675 τὴν
3437 3599 3665 3673 περὶτὰ
3697 3598 3838 3654 καλὰ

2254 3709 2355 3780 τῆς
2396 3704 2578 3778 ψυχῆς
2632 3702 2930 3777 ρᾳθυμίαν,
2983 3700 3060 3764 ὡς
3108 3697 3320 3771 ἀρετῶν
3368 3691 3833 3762 ἀναισθητοὺσης·

2259 3799 2393 3866 ξύλα
2417 3798 2499 3863 δὲ,
2531 3797 2631 3868 τὴν
2666 3795 2795 3869 περὶ
2829 3792 2898 3848 τὰ
2939 3791 3091 3846 κακὰ
3132 3787 3464 3861 προθυμίαν.
3520 3786 3585 3841 Ἡ
3627 3782 3686 3837 δὲ
3719 3782 3836 3835 κατ’

2256 3892 2516 3964 αἴσθησιν
2555 3890 2772 3961 κίνησις
2814 3883 3201 3954 συναπτομένη
3236 3884 3303 3953 τῇ
3338 3877 3483 3933 κατὰ
3520 3875 3650 3932 νοῦν
3693 3875 3837 3942 ἐνερ-

2258 3986 2408 4058 γείᾳ,
2439 3984 2587 4039 ποιεῖ
2615 3983 2713 4052 τὴν
2750 3979 2889 4051 μετὰ
2908 3972 3163 4047 γνώσεως
3193 3974 3414 4046 ἀρετήν.

2336 4233 2437 4304 ξγ’.
2488 4228 2825 4300 Μεσότοιχον
2860 4230 2895 4300 ὴ
2943 4225 3159 4299 Γραφὴ,
3215 4224 3304 4278 τὸν
3347 4222 3490 4276 κατὰ
3533 4218 3724 4289 φύσιν,
3771 4217 3839 4279 ὡς

2263 4327 2443 4399 οἶμαι,
2476 4326 2641 4398 νόμον
2677 4322 2772 4377 τοῦ
2818 4322 3072 4392 σώματος
3124 4316 3363 4388 κέκληκε
3391 4332 3405 4346 ’
3462 4316 3724 4385 φραγμὸν
3768 4312 3838 4373 δὲ,

2234 4424 2235 4427 “
2265 4423 2364 4493 τὴν
2390 4422 2448 4475 ὲν
2482 4418 2561 4490 τῷ
2604 4418 2755 4488 νόμῳ
2803 4415 2906 4487 τῆς
2937 4413 3140 4484 σαρκὸς
3181 4411 3320 4481 πρὸς
3358 4406 3430 4462 τὰ
3460 4407 3608 4478 πάθη
3640 4406 3839 4477 σχέσιν.

579 4512 661 4579 (id
684 4523 791 4578 est,
821 4514 1138 4585 peccatum)
1170 4514 1662 4570 necessitudinem.
1693 4514 1819 4571 Sola
1852 4516 2001 4571 enim
2033 4530 2149 4571 cum

2269 4517 2436 4588 ἤγουν
2462 4511 2561 4584 τὴν
2590 4509 2884 4582 ἁμαρτίαν.
2917 4506 3072 4576 Μόνη
3093 4504 3203 4575 γὰρ
3239 4504 3273 4574 ἡ
3312 4501 3450 4572 πρὸς
3474 4499 3543 4552 τὰ
3580 4499 3735 4568 πάθη
3754 4495 3841 4563 τῆς

576 4604 867 4675 probrosis
899 4605 1195 4661 affectibus
1223 4607 1487 4678 vitiisque
1516 4607 1890 4673 necessitudo,
1947 4616 2160 4664 natura:

576 4695 721 4768 legis
755 4695 1020 4766 (patibilis
1048 4698 1261 4754 scilicet
1306 4706 1519 4755 naturae
1564 4697 1860 4770 portionis)
1894 4699 2165 4754 maceries

578 4788 839 4855 ellicitur,
868 4789 1024 4845 velut
1067 4790 1360 4862 interjecto
1414 4805 1576 4846 muro
1612 4806 1817 4861 corpus
1856 4790 1926 4845 ab
1978 4791 2165 4846 animo

580 4881 925 4951 dispescens,
955 4898 1062 4938 nec
1102 4883 1374 4939 rationem
1410 4883 1702 4946 virtutum,
1752 4881 2165 4947 actioniscultu

580 4973 917 5031 intermedia
951 4975 1135 5030 anima
1169 4975 1239 5030 ad
1279 4989 1503 5030 carnem
1556 4972 1794 5029 transire
1840 4974 2051 5029 sinens.
2097 4974 2168 5029 At

582 5064 680 5121 ubi
724 5064 950 5123 advenit
984 5068 1144 5132 ratio,
1196 5067 1487 5139 legemque
1530 5076 1742 5121 naturae
1772 5063 2026 5139 (naturae,
2079 5067 2166 5121 in-

2269 4606 2500 4678 ἀτιμίας
2554 4602 2759 4676 σχέσις,
2814 4598 2909 4652 τοῦ
2953 4597 3122 4668 νόμου
3148 4595 3247 4663 τῆς
3284 4593 3522 4662 φύσεως,
3577 4590 3839 4647 τουτέστι,

2269 4697 2367 4752 τοῦ
2398 4692 2645 4766 παθητοῦ
2678 4692 2778 4759 τῆς
2822 4689 3039 4760 φύσεως
3068 4683 3291 4757 μέρους,
3320 4680 3576 4753 φραγμδς
3615 4680 3837 4748 γίνεται,

2271 4789 2371 4860 τῆς
2393 4786 2576 4860 ψυχῆς
2604 4783 2665 4838 τδ
2697 4783 2858 4853 σῶμα
2882 4778 3247 4848 διατειχίζων,
3290 4775 3387 4828 καὶ
3416 4773 3515 4826 τοῦ
3557 4771 3725 4840 λόγου
3746 4768 3842 4822 τῶν

2272 4859 2484 4951 ἀρετῶν
2522 4874 2622 4946 τὴν
2652 4874 2789 4946 πρὸς
2820 4872 3001 4944 σάρκα
3043 4869 3131 4924 διὰ
3163 4868 3334 4940 μέσης
3360 4864 3543 4936 ψυχῆς
3579 4863 3731 4917 κατὰ
3758 4859 3841 4929 τὴν

2277 4964 2500 5043 πρᾶξιν,
2532 4968 2608 5040 μὴ
2639 4966 2940 5037 συγχωρῶν
2961 4962 3215 5033 γενέσθαι
3243 4958 3523 5013 διάϐασιν·
3556 4960 3587 5011 ό
3612 4956 3672 5010 δὲ
3702 4955 3842 5021 λόγος

2275 5061 2746 5137 παραγενόμενος,
2776 5061 2871 5113 καὶ
2898 5057 2990 5112 τὸν
3021 5057 3121 5129 τῆς
3149 5054 3365 5126 φύσεως
3395 5052 3559 5124 νόμον
3576 5050 3666 5122 (τ),
3690 5051 3842 5121 ἤγουν

655 5221 702 5252 ³³
728 5219 932 5276 Ezech.
968 5236 1040 5285 xx,
1086 5219 1183 5287 l9;
1218 5234 1399 5284 xxxvi,
1426 5218 1516 5274 26.
1592 5220 1637 5251 ’⁸
1669 5217 1861 5273 Matth.
1903 5233 2014 5281 xxx,
2042 5217 2131 5273 l9.

2251 5214 2483 5286 ‘Ephes.
2511 5229 2571 5279 ιι,
2598 5213 2685 5267 ll.
2761 5212 2805 5242 ’⁷
2837 5208 2973 5264 ibid.

654 5373 730 5502 (ᾗ
767 5374 838 5428 Τὸ
866 5372 936 5427 ἐν
962 5372 1056 5426 ἐπ’
1080 5372 1289 5429 αὑτοῦ.
1315 5371 1475 5445 Legit
1507 5372 1675 5429 Picus
1717 5372 1811 5426 ὑπ’
1863 5368 2054 5430 αὐτοῦ,
2111 5385 2175 5424 ac

729 5459 826 5498 ere
853 5452 1087 5499 conatus
1108 5452 1214 5502 est.
1242 5442 1336 5497 Pie
1359 5443 1459 5498 sub
1480 5459 1536 5498 se
1558 5443 1713 5496 habet
1740 5459 1928 5502 unum,
1955 5441 2093 5502 quod
2110 5450 2175 5493 est

591 5441 826 5502 reddere
853 5452 1087 5499 conatus
1108 5452 1214 5507 est,
1242 5442 1336 5497 Pie
1359 5441 1459 5498 sub
1480 5459 1536 5498 se
1558 5443 1713 5496 habet
1740 5459 1928 5505 unum,
1955 5441 2093 5512 quod
2110 5448 2187 5493 est

591 5527 641 5571 ct
666 5515 878 5569 dicitur.
902 5514 1061 5580 Quod
1085 5529 1217 5570 sane
1249 5528 1474 5571 sensum
1503 5513 1671 5568 habet
1692 5511 2182 5574 absurdissimum,

594 5602 662 5642 ac
690 5583 739 5639 si
768 5583 903 5637 velit
920 5579 1204 5639 Christum
1232 5586 1491 5652 superius
1507 5581 1869 5655 praedicatum
1890 5596 2054 5655 esse,
2079 5579 2183 5634 sub

595 5669 709 5727 quo
730 5669 902 5727 unum
927 5663 983 5708 et
1004 5655 1077 5710 sit
1096 5664 1154 5710 et
1176 5652 1536 5727 intelligatur.
1561 5654 1659 5727 Ait_
1678 5653 1863 5727 itaque
1890 5652 2180 5712 Maximus,

598 5720 774 5795 unum
825 5720 911 5793 pie
940 5740 1160 5795 semper
1199 5724 1255 5780 in
1289 5720 1515 5780 Ch'risto
1538 5733 1597 5795 et
1628 5724 1697 5778 de
1721 5720 2085 5795 Christoesse
2126 5732 2183 5774 et

598 5792 856 5868 intelligi,
889 5810 956 5849 ea
1008 5792 1225 5851 ratione
1267 5810 1373 5865 qua
1433 5792 1669 5867 pcr‘sona
1704 5804 1809 5861 est,
1860 5792 2182 5863 nullamque

2281 5367 2698 5423 distinctionem
2742 5361 3007 5418 admittit.
3061 5357 3273 5415 Deinde
3317 5358 3408 5410 ὐπ’
3456 5353 3625 5410 αὑτὸν
3665 5357 3843 5428 legen-

2283 5437 2416 5492 dum
2451 5437 2616 5499 foret,
2655 5433 2802 5502 quod
2833 5446 2939 5488 nec
2961 5432 3079 5502 ipse
3104 5435 3465 5502 repraasentat
3492 5428 3677 5481 Picus.

2355 5453 2416 5491 ;m
2451 5452 2616 5499 lor”,
2695 5452 2802 5489 uoo
2833 5452 2939 5488 nec
2962 5452 3079 5502 Ipse
3105 5452 3465 5498 repraesentat
3492 5452 3677 5481 rusus.

2355 5506 2451 5583 (t)_
2485 5507 2591 5560 Καὶ
2624 5452 2745 5583 rgat
2765 5502 2875 5583 ζῇς
2900 5499 3377 5583 φύσεωςνόιιον.
3409 5497 3613 5583 L‘egem
3646 5505 3841 5583 natura!

2281 5569 2413 5632 toto
2436 5578 2545 5632 hoc
2568 5575 2748 5645 capite
2774 5569 3042 5628 Maximus
3063 5577 3296 5645 usurpat
3313 5584 3414 5637 pro
3438 5569 3558 5637 lege
3582 5569 3836 5636 corporiS.

2280 5663 2379 5703 seu
2418 5648 2601 5703 carnis
2628 5641 2685 5700 et
2702 5658 2917 5706 sensus,
2950 5641 3236 5711 cumalias
3267 5652 3409 5708 saepe
3440 5648 3719 5711 naturam,
3753 5647 3837 5711 pro

2281 5728 2477 5772 natura
2507 5718 2625 5786 ipsa
2658 5711 2903 5769 hominis
2926 5727 3056 5786 qua_
3078 5710 3247 5786 homo
3288 5716 3405 5772 est,
3438 5723 3503 5762 ac
3534 5708 3743 5786 rationr
3772 5708 3835 5753 vi-

2281 5789 2360 5843 vit
2384 5779 2553 5860 atque
2578 5787 2783 5841 virtute
2809 5779 3104 5849 acceperit.
3129 5779 3346 5850 Ubique
3375 5794 3509 5834 sane
3545 5779 3601 5833 in
3629 5793 3727 5833 usu
3752 5788 3834 5827 to-
