4110 6318
322 266 489 336 I333

1044 276 1377 340 CAPITUM
1418 279 1843 354 QUINQUIES
1881 282 2403 353 CENTENORUM
2443 295 2831 360 CENTURJA
2872 303 2971 363 IV.

3515 302 3653 371 1334

318 393 397 443 τὺ
465 389 591 463 τῆς
644 389 859 459 φύσεως
910 390 1155 462 παθητὸν
1213 392 1392 464 [unus
1455 394 1582 465 Reg.
1617 393 1954 468 παθητικὸν]

2068 416 2248 471 quam,
2294 409 2401 462 vim
2438 410 2749 483 patibilem)
2781 413 3140 486 expugnavit,
3177 413 3457 487 vigentem
3495 418 3550 480 in
3579 434 3643 477 ett

322 485 812 548 καταπαλαίσας,
843 484 945 554 τὴν
972 487 1033 538 ὲν
1053 484 1204 556 αὑτῷ
1241 486 1350 540 τῶν
1384 488 1534 559 παρά
1572 487 1736 557 φύσιν
1768 488 1959 543 παθῶν

330 578 562 649 σχέσιν
595 580 970 650 κατήργησεν.

413 671 526 737 ξδ’.
580 673 773 727 Ἦνίκα
803 673 904 744 μὲν
941 672 1009 725 δι’
1041 672 1260 743 ἀπάτης
1296 673 1434 745 δόλῳ
1468 673 1650 726 συλῶν
1697 675 1798 745 τὴν
1830 674 1960 745 περὶ

325 760 491 815 Θεὸν
524 762 779 834 ἔμφυτον
814 763 1017 832 γνῶσιν
1047 763 1149 834 τῆς
1172 762 1410 831 φύσεως,
1441 761 1647 833 ταύτην
1670 765 1698 815 6
1723 763 1960 835 πονηρὸς

320 851 427 914 είς
468 854 691 907 ἑαυτὸν
718 854 1126 925 σφετερίζεται,
1154 854 1399 925 κλέπτης
1429 853 1573 919 ἐστὶ,
1601 853 1737 925 πρὸς
1766 853 1959 908 ἑαυτὸν

327 946 464 999 ἀπὸ
526 948 634 1002 τοῦ
682 947 820 1001 Θεοῦ
872 946 936 1001 τὸ
984 948 1155 1026 σέϐας,
1197 947 1525 1020 μεταφέρειν
1575 948 1955 1019 πειρώμενος·

330 1037 611 1108 ἀπάγων
636 1040 884 1111 δηλονότι
915 1039 1024 1093 τῶν
1062 1041 1121 1094 ἐν
1150 1042 1261 1105 τοῖς
1286 1041 1539 1110 γεγονόσι
1568 1040 1960 1111 πνευματικῶν

332 1128 574 1215 λόγων,
604 1134 703 1203 τὴν
732 1131 877 1185 κατὰ
904 1130 1029 1185 νοῦν
1062 1132 1163 1203 τῆς
1193 1132 1372 1204 ψυχῆς
1408 1131 1667 1203 θεωρίαν,
1698 1132 1793 1183 καὶ
1821 1131 1957 1202 μόνῃ

342 1224 742 1292 περιγράφων
770 1223 869 1294 τὴν
903 1222 1098 1295 νοερὰν
1134 1223 1385 1293 δύναμιν,
1422 1225 1490 1293 τῇ
1526 1222 1669 1275 κατὰ
1710 1221 1807 1293 τὴν
1838 1223 1960 1274 ἐπι-

340 1311 608 1380 φάνειαν
643 1314 906 1385 προσόψει
950 1312 1060 1368 τῶν
1102 1313 1401 1383 αἰσθητῶν.
1473 1311 1741 1383 ὐπηνίκα
1770 1310 1826 1364 δὲ
1872 1310 1960 1364 διὰ

335 1404 474 1458 τῶν
504 1405 759 1474 φυσικῶν
781 1406 1163 1478 ἀπαρχόμενος
1191 1405 1534 1475 κινημάτων,
1562 1402 1699 1472 πρὸς
1718 1402 1785 1455 τὰ
1813 1401 1959 1471 παρά

341 1497 541 1567 φύσιν
560 1498 898 1567 σοφιστικῶς
922 1498 1213 1569 κατασύρῃ
1238 1496 1336 1568 τὴν
1367 1495 1680 1567 πρακτικὴν
1703 1494 1957 1564 δύναμιν,

342 1591 461 1644 καὶ
502 1589 602 1644 διὰ
637 1589 748 1644 τῶν
772 1589 1149 1661 νομιζομένων
1184 1588 1366 1642 καλῶν
1416 1590 1529 1650 τοῖς
1559 1586 1769 1659 χείροσι
1799 1583 1965 1639 πιθα-η

344 1681 473 1746 νῶς
507 1680 845 1753 προσηλώσῃ
878 1681 1085 1752 ταύτης
1112 1679 1210 1752 τὴν
1245 1680 1456 1751 ἔφεσιν,
1493 1681 1587 1735 ἐπὶ
1624 1677 1705 1749 τῷ
1733 1677 1960 1749 ὀνόματι

345 1750 588 1845 Κυρίου
630 1750 842 1846 ὀμνύει⁷
874 1750 1108 1845 ψευδῶς,
1155 1750 1297 1845 πρὸς
1328 1772 1466 1835 ἄλλα
1496 1773 1627 1843 παρ’
1666 1772 1958 1842 ὑπόσχεσιν
1991 1750 2035 1806 Β

348 1867 530 1937 ἄγων
552 1869 655 1940 τὴν
676 1868 1008 1941 πειθομένην
1040 1868 1241 1940 ψυχήν.
1280 1869 1392 1921 Καὶ
1421 1867 1538 1921 ἐστι
1564 1866 1806 1936 κλέπτης
1837 1866 1956 1936 μὲν,

350 1959 443 2023 ὡς
500 1959 644 2031 πρὸς
694 1960 886 2014 ἑαυτὸν
939 1959 1118 2014 συλῶν
1165 1959 1265 2028 τὴν
1323 1958 1529 2027 γνῶσιν
1573 1960 1672 2027 τῆς
1709 1956 1956 2028 φύσεως·

354 2052 639 2123 ἐπίορκος
669 2052 752 2118 δὲ,
809 2052 885 2115 ὤς
918 2038 998 2107 ¹τὸ
1053 2050 1360 2123 πρακτικὸν
1398 2050 1501 2120 τῆς
1545 2049 1725 2122 ψυχῆς
1779 2050 1960 2123 μάτην

356 2139 751 2198 διαπονεῖσθαι
774 2143 978 2197 πείθων
1010 2146 1124 2207 τοῖς
1162 2144 1313 2216 παρὰ
1349 2142 1536 2213 φύσιν.

449 2328 550 2393 Ee’.
580 2330 656 2382 Ἦ
677 2330 843 2383 πάλιν
869 2329 1110 2401 κλέπτης
1150 2331 1322 2394 ἐστὶν,
1352 2330 1380 2384 6
1419 2329 1557 2401 πρὸς
1590 2329 1809 2398 ἀπάτην
1853 2328 1962 2382 τῶν

362 2423 688 2477 ἀκουόντων
731 2423 860 2486 τοὺς
901 2421 1078 2486 θείους
1133 2421 1296 2489 δῆθεν
1352 2420 1696 2489 ἀσκούμενος
1745 2419 1960 2489 λόγους,

365 2512 453 2570 ὧν
489 2515 591 2569 οὑκ
618 2514 837 2584 ἐπέγνω
868 2512 959 2567 διά
1002 2511 1115 2567 τῶν
1165 2512 1345 2582 ἔργων
1398 2511 1498 2584 τὴν
1548 2512 1801 2584 δύναμιν,
1863 2512 1963 2581 τὴν

365 2608 542 2679 ψιλὴν
569 2605 852 2680 προφορὰν
887 2604 1047 2677 δόξης
1073 2603 1346 2677 ἐμπορίαν
1382 2605 1732 2675 ποιούμενος,
1766 2606 1863 2659 καὶ
1883 2606 1964 2677 τῷ

367 2699 470 2754 διὰ
502 2697 757 2769 γλώσσης
783 2698 928 2769 λόγῳ
955 2696 1048 2751 τὸν
1086 2696 1181 2750 τοῦ
1210 2695 1424 2761 δίκαιος
1462 2696 1783 2767 νομίζεσθαι
1813 2698 1965 2768 παρά

368 2792 491 2845 τῶν
542 2790 916 2862 ἀκροωμένων
962 2788 1282 2861 θηρώμενος
1328 2786 1573 2843 ἔπαινον.
1612 2788 1723 2843 Καὶ
1777 2787 1964 2850 ἁπλῶς

373 2889 584 2949 εἰπεῖν,
616 2888 646 2939 6
668 2885 747 2957 τῷ
774 2886 919 2957 λόγῳ
952 2885 1044 2939 τὸν
1076 2884 1188 2954 βίον
1210 2882 1576 2956 ἀνάρμοστον,
1611 2884 1706 2939 καὶ
1732 2886 1798 2955 τῇ
1823 2883 1964 2952 γνώ-

375 2996 470 3034 σει
520 2978 621 3050 τὴν
681 2977 921 3033 διάθεσιν
966 2977 1068 3047 τῆς
1107 2975 1288 3049 ψυχῆς
1354 2970 1496 3047 ἔχων
1555 2977 1962 3049 ἀντικειμένην,

375 3071 628 3141 κλέπτης
652 3071 821 3136 ἐστὶν,
852 3070 917 3123 ὲκ
951 3069 1060 3123 τῶν
1090 3068 1387 3141 ἀλλοτρίων
1437 3067 1661 3138 ἀγαθῶν
1685 3069 1746 3122 οὑ
1780 3068 1965 3132 καλῶς
1996 3112 2041 3170 c

372 3163 821 3234 διαφαινόμενος.
855 3162 999 3234 Πρὸς
1051 3161 1111 3216 δν
1163 3163 1193 3217 6
1233 3161 1394 3231 λόγος
1432 3162 1663 3225 εἰκότως
1696 3163 1830 3234 ἐρεῖ,
1883 3162 1970 3229 Τῷ

375 3256 454 3310 δὲ
482 3252 810 3325 ἀμαρτωλῷ
841 3249 1015 3307 εἶπεν
1059 3256 1094 3309 ὁ
1124 3252 1290 3320 Θεὸς,
1317 3253 1445 3307 Ἵνα
1495 3254 1554 3307 τι
1592 3254 1675 3307 σὺ
1718 3253 1971 3325 ἐκδιηγῆ

377 3347 460 3403 τὰ
481 3343 843 3415 δικαιώματά
863 3362 1003 3414 μου,
1034 3346 1129 3399 καὶ
1149 3342 1593 3415 ἀναλαμϐάνεις
1620 3344 1973 3417 mnam:qu

380 3457 510 3509 xnr
536 3457 656 3510 μου
680 3438 782 3493 διὰ
811 3439 1114 3508 στόματός
1144 3452 1296 3504 σου;

456 3532 567 3599 ξς’.
598 3531 855 3600 κλέπτης
887 3531 1150 3595 ὡσαύτως
1184 3532 1323 3597 ἐστὶ,
1353 3531 1451 3585 καὶ
1496 3532 1527 3586 6
1558 3533 1672 3596 τοῖς
1701 3534 1968 3603 φαινομέ-

380 3644 500 3691 νοις
533 3624 757 3696 τρόποις
788 3623 881 3679 καί¹
904 3624 1084 3697 ῆθεσι,
1119 3623 1221 3695 τὴν
1266 3625 1341 3695 μὴ
1381 3624 1722 3696 φαινομένην
1760 3642 1971 3695 συγκα-

382 3718 611 3773 κύπτων
634 3719 733 3788 τῆς
757 3718 938 3790 ψυχῆς
970 3716 1331 3788 κακουργίαν,
1358 3716 1665 3780 ἐπιεικείας
1698 3716 1972 3786 πλάσματι

383 3812 488 3885 τὴν
508 3810 655 3866 ἔνδον
676 3809 1066 3865 ἐπικαλύπτων
1080 3807 1344 3862 διάθεσινο
1373 3809 1471 3862 καὶ
1490 3808 1762 3874 κλέπτων,
1782 3809 1972 3883 ὥσπερ

384 3907 597 3969 ἐκεῖνος
623 3907 690 3976 τῇ
727 3903 981 3974 προφορᾷ
1018 3900 1131 3955 τῶν
1176 3899 1351 3969 λόγων
1394 3899 1496 3971 τῆς
1549 3900 1829 3970 γνώσεως,
1870 3903 1973 3976 τὴν

382 3998 498 4053 τῶν
553 3997 861 4051 ἀκουόντων
909 3994 1150 4049 διάνοιαν
1168 4010 1184 4025 ’
1242 3992 1388 4046 οὕτω
1430 3993 1495 4065 δὴ
1535 3993 1633 4048 καὶ
1675 3995 1840 4060 αὐτὸς
1892 3998 1973 4071 τῷ

382 4089 577 4160 τρόπῳ
620 4088 721 4159 τῆς
749 4088 859 4141 τῶν
897 4086 1049 4157 ἠθῶν
1104 4086 1473 4157 ὑποκρίσεως,
1517 4086 1631 4140 τῶν
1682 4088 1974 4160 θεωμένων

388 4184 490 4255 τὴν
521 4180 799 4254 ατσθησιν,
837 4181 975 4251 πρὸς
1008 4180 1066 4235 δν
1104 4179 1308 4250 ὁμοίως
1347 4181 1650 4252 εἰρήσεται,
1705 4185 1971 4254 Αἰσχύν-

389 4278 553 4343 ante,
602 4278 655 4329 ot
678 4272 1064 4342 ἐνδεδυμένοι
1105 4270 1309 4343 Ιμάτια
1349 4273 1644 4341 ἀλλότρια
1666 4292 1680 4308 ·
1744 4275 1839 4329 καὶ
1889 4276 1971 4342 τὸ,

402 4366 814 4434 Ἀποκαλύψει
862 4364 1081 4430 Κύριος
1126 4364 1194 4418 τὸ
1251 4363 1463 4434 σχῆμα
1518 4364 1720 4420 αὐτῶν
1775 4366 1847 4420 ἐν
1897 4367 1975 4437 τῇ

2060 498 2458 557 innaturalium
2481 503 2786 560 affectuum
2820 505 3297 563 necessitudinem
3331 508 3659 581 proﬂigavit

2060 604 2124 644 ac
2151 590 2464 648 libidinem.

2129 687 2216 741 64.
2251 687 2387 744 Cum
2441 706 2542 760 per
2587 686 2835 747 errorem
2866 692 3027 757 dolo,
3083 691 3388 763 ingenitam
3437 701 3653 747 natura:

2060 778 2128 834 de
2149 780 2263 836 Deo
2295 783 2667 852 cognitionem
2706 784 3075 855 depraedando
3103 784 3484 855 nequissimus
3537 784 3648 840 sibi

2059 881 2302 944 arrogat,
2338 872 2428 928 fur
2460 884 2564 941 est,
2608 876 2703 946 qui
2755 876 2851 932 Dei
2908 876 2964 932 in
3021 892 3081 932 se
3112 877 3327 933 cultum
3362 892 3429 932 ac
3471 879 3649 947 maie-

2060 973 2257 1018 statem
2282 964 2577 1022 transferre
2599 975 2847 1038 satagat;
2875 967 3463 1039 nempeintelligcntis
3479 968 3651 1024 animi

2060 1056 2497 1124 speculationem
2534 1057 2604 1113 al)
2634 1058 2982 1129 spiritalibus
3028 1060 3084 1114 in
3111 1060 3270 1131 601
3314 1060 3521 1115 creatis
3566 1076 3654 1114 ra-

2064 1147 2310 1203 tionibus
2342 1149 2649 1216 abducens,
2687 1150 2915 1222 solaque
2961 1166 3148 1207 rerum
3186 1152 3241 1206 iu
3292 1167 3519 1207 sensum
3564 1167 3656 1206 ca-

2060 1237 2312 1292 dentium
2343 1247 2570 1293 externa
2596 1240 2781 1310 specie
2806 1250 2971 1311 atque
2984 1248 3286 1311 conspectu
3312 1241 3420 1295 vim
3450 1240 3654 1295 mentis

2062 1329 2354 1385 definiens.
2384 1330 2521 1386 Cum
2542 1347 2675 1387 vero
2691 1346 2722 1386 a
2742 1333 3098 1388 naturalibus
3129 1334 3377 1387 motibus
3394 1333 3651 1402 auspica-

2064 1433 2152 1478 tus
2177 1422 2245 1476 ad
2284 1423 2631 1478 innaturales
2659 1423 2858 1494 agendi
2888 1422 2999 1477 vim
3030 1421 3247 1478 fallacia
3275 1422 3510 1477 traverit
3529 1463 3542 1485 ,
3589 1435 3654 1475 ac

2063 1530 2163 1585 per
2196 1532 2258 1569 ca
2303 1531 2425 1585 qua:
2453 1516 2601 1570 bona
2650 1516 3077 1581 existimantur,
3118 1515 3394 1585 probabili
3446 1514 3652 1584 specie,

2063 1607 2365 1676 voluptatis
2389 1607 2670 1663 lenocinio
2720 1607 2959 1663 illectam
3000 1606 3122 1676 ejus
3153 1605 3520 1676 cupiditatem
3552 1605 3653 1658 de-

2065 1699 2369 1755 terioribus
2401 1698 2661 1765 affixerit,
2692 1701 2749 1755 in
2778 1700 3005 1755 nomine
3047 1698 3267 1754 Domini
3322 1697 3460 1753 falso
3482 1698 3651 1768 jurat.

2070 1789 2180 1844 alio
2212 1806 2377 1861 quam
2421 1789 2705 1861 pollicitus
2741 1789 2922 1846 fuerat
2959 1790 3207 1844 animum
3251 1787 3652 1857 obsequentem

2067 1883 2296 1938 ducens.
2331 1882 2410 1939 Ac
2454 1883 2679 1953 quidem
2724 1881 2815 1937 fur
2854 1892 2978 1948 est,
3028 1898 3135 1953 qua
3183 1882 3399 1938 ratione
3442 1888 3656 1937 natum

2067 1976 2175 2031 sibi
2204 1977 2581 2048 cognitionem
2612 1976 2756 2048 rapit
2782 1995 2795 2030 ε
2829 1979 3090 2050 perjurus
3121 1990 3277 2041 vero,
3311 1990 3422 2046 qua
3455 1973 3652 2046 agendi

2070 2071 2177 2125 vim
2197 2111 2214 2135 ,
2244 2071 2311 2126 iis
2339 2071 2542 2127 frustra
2594 2070 2880 2127 laboribus
2910 2072 3003 2142 qui
3044 2085 3074 2126 a
3100 2077 3294 2126 natura
3326 2068 3652 2131 abhorrent,

2068 2162 2352 2219 suadendo
2387 2161 2616 2220 addicit.

2139 2336 2229 2392 65.
2269 2336 2378 2392 Aut
2396 2351 2593 2392 rursus
2614 2337 2703 2392 fur
2725 2346 2831 2403 est,
2865 2337 2961 2410 qui
2990 2349 3052 2393 ut
3078 2338 3433 2394 auditoribus
3464 2336 3652 2393 fucum

2070 2427 2260 2494 faciat,
2288 2428 2507 2484 divinos
2529 2430 2725 2500 utique
2749 2445 3041 2485 sermones
3074 2430 3227 2495 colit,
3268 2446 3507 2500 quorum
3554 2444 3655 2500 per

2070 2534 2238 2591 opera
2267 2519 2381 2575 vim
2405 2521 2637 2576 minime
2676 2521 2943 2593 agnovit;
2974 2521 3180 2577 nudam
3220 2522 3436 2577 scilicet
3474 2521 3657 2591 prola-

2070 2611 2281 2667 tionem
2312 2612 2369 2667 in
2388 2613 2577 2684 gloria:
2601 2621 2974 2669 mercaturam
3003 2621 3264 2678 vertens;
3293 2628 3357 2667 ac
3376 2627 3653 2671 sermone.

2071 2718 2238 2775 quem
2264 2718 2361 2759 ore
2390 2703 2661 2775 loquitur,
2683 2704 2915 2776 justitize
2950 2704 3173 2759 laudem
3205 2703 3275 2759 ab
3307 2702 3659 2758 auditoribus

2071 2793 2513 2865 captans.Atque
2533 2801 2595 2849 ut
2616 2809 2833 2850 summa
2860 2794 3063 2860 dicam,
3092 2794 3187 2865 qui
3216 2794 3385 2848 vitam
3411 2792 3656 2849 sermoni

2071 2903 2137 2944 ac
2154 2888 2421 2943 doctrina:
2438 2886 2867 2953 dissentaneam,
2894 2886 3177 2957 animique
3195 2886 3453 2942 affectum
3478 2885 3658 2941 scien-

2073 2980 2164 3035 tiae
2183 2980 2589 3047 adversantem,
2604 2979 2792 3045 habet,
2815 2980 2903 3034 fur
2924 2990 3030 3046 est,
3052 2995 3119 3034 ex
3142 2979 3341 3035 alienis
3358 2978 3523 3033 bonis
3542 2994 3651 3033 non

2075 3074 2220 3131 bene
2242 3074 2637 3130 inclareseens.
2669 3073 2752 3129 Ad
2788 3087 2951 3144 quem
2980 3074 3180 3128 merito
3222 3073 3301 3128 ait
3324 3072 3610 3143 Scriptura
3638 3089 3655 3127 :

2073 3163 2346 3219 Peccaton’
2368 3171 2545 3219 autem
2567 3164 2699 3218 dixit
2723 3161 2862 3218 Deus
2889 3181 2908 3219 :
2938 3162 3118 3229 Quare
3145 3172 3202 3217 tu
3236 3179 3461 3217 enarra:
3485 3162 3655 3234 justi-

2072 3259 2175 3312 tias
2231 3274 2397 3323 meas,
2446 3266 2495 3312 et
2546 3258 2771 3313 assumi:
2823 3265 3199 3314 testamentum
3266 3273 3443 3312 meum
3471 3273 3567 3328 per
3599 3273 3657 3311 οε

2072 3357 2222 3403 tuum
2253 3348 2340 3402 '3?

2142 3546 2230 3602 66.
2265 3545 2460 3603 itidem
2487 3546 2575 3603 fur
2607 3553 2713 3612 est,
2756 3544 2851 3616 qui
2877 3555 3107 3603 externa
3129 3542 3320 3601 indole
3343 3553 3509 3614 atquc
3535 3557 3655 3597 mo-

2072 3636 2230 3692 ribus
2281 3636 2556 3693 internam
2609 3646 2775 3708 atque
2804 3637 3068 3693 latentem
3112 3635 3450 3692 fraudulenti
3484 3634 3652 3691 animi
3742 3662 3749 3669 -

2072 3728 2282 3799 obtegit
2300 3727 2641 3797 nequitiam;
2676 3728 2801 3782 ficta
2833 3727 3106 3782 nimirum
3143 3727 3373 3798 pietatis
3422 3742 3489 3782 ac
3537 3741 3657 3783 mo-

2074 3820 2451 3886 destirelarva,
2479 3820 2754 3874 internam
2778 3820 2951 3875 animi
2972 3817 3325 3875 affectionem
3346 3820 3564 3886 celans;
3594 3833 3660 3875 ac

2073 3913 2217 3968 sicut
2239 3912 2350 3976 ille,
2381 3910 2730 3967 eruditorum
2763 3926 3084 3967 sermonum
3124 3910 3459 3983 prolatione,
3492 3910 3656 3965 audi-

2073 4014 2257 4061 torum
2309 4011 2572 4066 mentem,
2623 4003 2704 4059 sic
2754 4012 2813 4059 et
2861 4003 2979 4075 ipse
3027 4003 3390 4059 honestorum
3442 4017 3658 4057 morum

2073 4093 2434 4149 simulatione.
2469 4092 2804 4164 virtutisque
2844 4093 3109 4150 ementita
3157 4091 3342 4163 specie
3372 4133 3387 4158 ,
3433 4092 3658 4148 intuen-

2076 4188 2212 4244 tium
2264 4201 2488 4243 sensum
2556 4186 2804 4255 fallens;
2860 4186 2917 4242 in
2984 4202 3149 4257 quem
3208 4184 3441 4257 perinde
3506 4184 3660 4240 dice-

2076 4290 2167 4337 tur
2196 4299 2209 4335 :
2240 4279 2562 4346 Erubescite,
2585 4280 2677 4351 qui
2697 4279 2984 4333 induimini
3000 4287 3161 4333 vestes
3179 4276 3386 4332 alienas
3402 4278 3471 4331 ".
3492 4277 3658 4332 Item-

2076 4389 2184 4444 que
2201 4391 2214 4428 :
2234 4373 2489 4427 Dominus
2512 4371 2797 4426 denudabit
2820 4371 3059 4426 habitum
3089 4387 3275 4425 earum
3291 4371 3346 4423 in
3368 4370 3449 4424 die
3470 4367 3569 4422 illa
3587 4367 3654 4422 ³⁸.

390 4452 584 4524 ἡμέρᾳ
607 4453 833 4520 ἐκείνῃ.
865 4451 1002 4505 Καθ’
1028 4452 1269 4521 ἑκάστην
1299 4452 1408 4523 γὰρ
1429 4454 1488 4506 ὲν
1511 4452 1592 4523 τῷ
1620 4455 1851 4527 κρυπτῷ
1874 4460 1970 4529 τῆς

2078 4457 2339 4526 Quotidie
2367 4458 2518 4513 enim
2554 4457 2610 4512 in
2644 4455 2834 4511 abdita
2865 4457 3048 4511 cordis
3069 4454 3307 4521 oﬂicina,
3339 4454 3455 4510 haec
3481 4453 3549 4509 ad
3571 4469 3657 4508 me

394 4546 621 4619 καρδίας
669 4543 1041 4615 ἐργαστηρίῳ,
1090 4541 1265 4596 ταῦτά
1306 4559 1396 4612 μοι
1439 4543 1692 4613 λέγοντος
1751 4547 1974 4603 ἀκούειν

392 4636 535 4691 δοκῶ
564 4636 660 4690 τοῦ
698 4634 836 4689 Θεοῦ
869 4635 970 4707 τὴν
1002 4636 1238 4708 ἡμέραν,
1268 4636 1347 4701 ὡς
1376 4635 1466 4689 ἐπ’
1497 4637 1702 4709 ἀμφοῖν
1743 4638 1974 4714 διαρρή-

393 4730 491 4803 δην
523 4728 997 4799 κατεγνωσμένος.

465 4820 563 4889 ξζτ.
592 4820 882 4893 Ἐπίορκός
908 4822 1074 4887 ἐστιν,
1100 4820 1269 4891 ἤγουν
1299 4820 1517 4890 ὀμνύων
1536 4822 1630 4877 ἐπὶ
1648 4823 1730 4895 τῷ
1751 4825 1975 4897 ὀνόματι

395 4914 604 4988 Κυρίου
642 4915 876 4987 ψευδῶς,
915 4917 944 4969 6
965 4912 1438 4986 ἐπαγγελλόμενος
1466 4915 1543 4987 τῷ
1577 4915 1697 4989 Θεῷ
1727 4919 1820 4972 τὸν
1854 4924 1977 4973 κατ’

395 5004 602 5077 ἀρετὴν
640 5006 778 5078 βίον,
807 5007 902 5062 καὶ
928 5006 1185 5079 ἀλλότρια
1214 5005 1369 5078 παρά
1406 5006 1508 5078 τὴν
1540 5007 1835 5080 ὑπόσχεσιν
1878 5011 1979 5082 τῆς

388 5095 604 5161 ρίκείας
639 5095 971 5166 ἐπαγγελίας
1002 5095 1362 5168 ἐπιτηδεύων,
1403 5094 1500 5150 καὶ
1548 5096 1649 5167 τὴν
1700 5096 1981 5168 συνθήκην
2012 5140 2021 5150 .

394 5189 493 5263 τῆς
522 5190 812 5262 ὁμολογίας
845 5191 941 5245 τοῦ
970 5189 1172 5262 σεμνοῦ
1216 5188 1335 5261 βίου
1372 5188 1462 5243 διὰ
1488 5188 1589 5260 τῆς
1628 5187 1831 5260 ἀργίας
1870 5187 1981 5242 τῶν

2072 4550 2394 4621 loquentem
2431 4549 2601 4603 Deum
2642 4547 2779 4603 mihi
2807 4546 3002 4602 audire
3039 4547 3254 4609 videor,
3287 4554 3348 4600 ut
3379 4545 3475 4616 qui
3502 4554 3657 4601 utro-

2075 4658 2182 4713 que
2213 4641 2436 4708 nomine
2460 4640 2752 4712 perspicue
2780 4639 3054 4695 obnoxius
3089 4638 3372 4694 exsistant.

2145 4821 2235 4877 67.
2274 4820 2541 4893 Periurus
2563 4832 2669 4885 est,
2706 4819 2762 4874 id
2792 4829 2899 4887 est,
2932 4818 3071 4874 falso
3098 4820 3289 4889 iurans
3330 4817 3388 4872 in
3429 4815 3654 4872 nomine

2072 4912 2313 4981 Domini,
2352 4913 2447 4983 qui
2472 4913 2721 4969 studiose
2750 4928 2929 4982 exque
2956 4911 3180 4966 virtutis
3217 4911 3434 4965 ratione
3480 4909 3653 4963 vitam

2071 5020 2131 5061 se
2156 5004 2543 5061 instituturum
2563 5005 2865 5074 pollicitus,
2890 5005 3067 5059 aliena
3103 5011 3457 5062 consectatur
3471 5002 3540 5057 ab
3566 5000 3656 5057 bis

2073 5112 2195 5169 quae
2242 5097 2393 5152 vovit
2446 5104 2502 5151 et
2546 5096 2827 5166 professus
2878 5104 3005 5162 est;
3048 5095 3340 5165 fmdusque
3390 5093 3660 5165 religiosa:

2072 5203 2138 5245 ac
2161 5186 2453 5244 sanctioris
2486 5187 2631 5253 vitae,
2665 5201 2778 5241 non
2808 5185 3123 5256 praestando
3165 5184 3447 5250 mandata,
3479 5193 3659 5239 Imus-

395 5279 627 5337 ἐντολῶν
652 5279 1033 5352 παραϐαίνων,
1066 5281 1178 5335 Καὶ
1209 5279 1494 5353 συντόμως
1528 5280 1727 5344 εἰπεῖν,
1772 5281 1801 5333 6
1839 5279 1970 5334 κατά

2076 5276 2347 5350 greditur.
2387 5277 2591 5350 Atque,
2618 5286 2681 5332 ut
2712 5292 2928 5334 summa
2955 5277 3160 5345 dicam,
3188 5277 3284 5348 qui
3324 5292 3449 5332 cum
3478 5279 3568 5349 pie
3592 5289 3659 5329 ac

461 5459 510 5494 "
547 5462 692 5518 Psal.
721 5464 811 5531 49,
846 5463 931 5519 iG.
1006 5465 1052 5497 υ
1077 5463 1319 5535 Sophon.
1348 5479 1386 5529 t,
1415 5463 1468 5519 8.
1546 5466 1590 5497 ³⁸
1619 5464 1720 5521 lsa.
1765 5480 1843 5529 ιιι,
1880 5463 1961 5518 l7.

397 5656 531 5717 eunt
560 5643 896 5717 attendenda
944 5662 1099 5704 mens
1148 5655 1461 5712 auctorum,
1488 5646 1543 5701 ni
1584 5644 1709 5717 quis
1751 5646 1974 5717 gravius
2011 5660 2200 5702 errare
2264 5643 2424 5711 velit,
2487 5643 2759 5716 docetque
2797 5644 2914 5716 ipse
2962 5640 3230 5698 Maximus
3269 5639 3326 5696 in
3369 5640 3485 5696 suis
3521 5638 3654 5709 Dog-

405 5731 456 5770 ω
474 5713 626 5768 uicis.
