4110 6318
357 279 492 345 1335
1521 285 1583 344 S.
1625 286 1911 347 ΜΑΧΙΜΙ

2038 291 2460 361 ’ΝΕΕΞΞυΗΙδ
2718 294 2726 305 ’
3490 304 3624 371 1336

308 429 315 435 ο
351 398 795 483 aozireligiose
808 397 1009 452 vivere
1036 396 1414 463 constituerit,
1441 414 1552 452 non
1582 407 1669 455 est
1694 402 1937 470 perfecte

2043 408 2176 462 Θεὸν
2209 410 2309 480 ζῇν
2340 414 2725 484 προελόμενος,
2761 415 2861 470 καί
2892 416 2970 487 μὴ
3007 416 3231 482 τελείως
3274 418 3353 489 τῷ
3394 423 3632 493 παρόντι

290 485 295 491 ’
357 499 610 544 ttinrtuus
651 489 783 543 huic
817 486 1042 550 saeculo,
1067 486 1303 540 mendax
1327 501 1393 539 ac
1423 487 1683 557 pcrjurus
1712 496 1819 550 est;
1841 489 1939 559 qui

355 579 580 650 quidem
616 579 731 633 Deo
763 575 1036 647 iuraverit
1068 574 1291 647 (nempe
1338 577 1658 646 promiserit
1696 580 1942 634 voverit—

354 671 486 741 que)
531 670 875 738 inculpatum
923 668 982 722 in
1041 666 1247 723 divinis
1296 669 1650 724 sermonibus
1692 685 1937 735 cursum,

355 779 458 818 nec
513 770 694 817 tamen
739 760 1093 831 impleverit;
1153 761 1361 831 quique
1413 761 1555 817 adeo
1605 762 1759 817 nulla
1812 762 1942 817 hinc

352 853 516 908 laude
546 853 747 925 dignus
782 852 877 907 sit.
927 852 1258 907 Laudabitur
1294 853 1464 917 enim,
1521 853 1720 923 inquit,
1768 855 1940 908 omnis

353 946 443 1016 qui
465 946 621 1015 jurat
664 946 720 998 in
753 961 812 998 eo
849 945 890 977 ³³
920 987 935 1009 ,
967 944 1076 999 hoc
1128 952 1234 1007 est,
1276 946 1470 999 omnis
1518 946 1613 1014 qui
1648 960 1776 999 cum
1825 944 1938 999 Deo

353 1035 598 1090 divinam
648 1035 867 1090 voverit
908 1035 1040 1090 vita:
1068 1035 1343 1090 rationem
1366 1075 1382 1101 ,
1436 1035 1669 1091 veritate
1702 1051 1936 1106 operum

268 1122 273 1125 ’
348 1128 602 1197 iustitiae,
633 1128 797 1184 bona:
826 1126 1193 1198 professionis
1214 1129 1440 1199 votique
1481 1130 1806 1201 juramenta
1837 1131 1936 1184 ad-

352 1219 566 1289 implet.

424 1309 512 1363 68.
544 1308 648 1375 Qui
681 1310 797 1364 sola
838 1324 1158 1367 sermonum
1187 1308 1499 1379 prolatione
1526 1309 1817 1365 scientiam
1864 1309 1940 1365 si-

352 1400 592 1463 mulans,
650 1398 706 1453 in
747 1415 905 1455 suam
942 1399 1059 1469 ipse
1093 1398 1325 1469 gloriam
1352 1399 1700 1455 auditorum
1742 1398 1936 1455 furtim

351 1490 523 1544 trahit
561 1490 854 1557 animum;
905 1506 971 1545 ac
1013 1489 1267 1560 perinde,
1316 1490 1413 1560 qui
1453 1491 1731 1546 exteriore
1783 1492 1937 1546 cultu

350 1582 736 1652 moribusque,
760 1582 985 1638 virtutis
1014 1582 1230 1654 objecta
1246 1583 1423 1650 larva,
1445 1583 1502 1637 in
1532 1600 1685 1639 suam
1705 1585 1937 1655 gloriam

350 1675 546 1731 furtim
579 1675 775 1730 itidem
810 1715 826 1740 ,
877 1674 1145 1730 virtutem
1199 1674 1513 1730 simulando
1558 1685 1939 1745 spectatorum

351 1769 528 1824 trahit
555 1775 838 1838 aspectum
862 1784 877 1834 ;
910 1767 1061 1823 furto
1080 1767 1415 1837 obrepentes
1438 1768 1694 1824 simulate
1721 1768 1944 1835 fallunt,
1979 1770 2022 1827 Β

2050 500 2151 572 βίῳ
2180 504 2823 578 νεκρούμενος,ψεύστης
2851 509 2970 562 ἐστί
2996 509 3090 562 καὶ
3117 510 3393 583 ἐπίορκος,
3423 514 3636 584 ὀμόσας

2052 592 2150 659 μὲν
2176 593 2253 664 τῷ
2284 595 2424 666 Θεῷ,
2460 599 2757 665 τουτέστιν,
2790 601 3262 674 ἐπαγγειλάμενος
3293 604 3384 658 τδν
3424 608 3485 660 ἐν
3511 612 3634 672 τοῖς

2049 684 2215 749 θείοις
2235 687 2444 755 ἀγῶσιν
2474 689 2771 768 ἄμεμπτον
2796 693 3018 765 δρόμον,
3060 695 3157 749 καὶ
3191 697 3266 769 μὴ
3300 697 3629 769 πληρώσας,

2048 771 2144 825 καὶ
2188 772 2276 827 διὰ
2293 774 2460 830 τοῦτο
2489 779 2757 850 μηδαμῶς
2799 782 3212 853 ἐπαινούμενος.
3276 787 3627 858 Ἐπαινεθή-

2047 877 2218 918 σεται
2237 865 2347 939 γὰρ
2367 868 2487 937 πᾶς
2508 873 2542 924 ό
2569 873 2810 942 ὀμνύων
2839 876 2910 929 ἐν
2936 875 3117 943 αὐτῷ,
3148 880 3418 948 τουτέστι,
3452 884 3561 947 πᾶς
3596 883 3629 935 6

2047 953 2126 1024 τῷ
2146 955 2266 1026 Θεῷ
2294 958 2385 1012 τὸν
2412 960 2597 1016 ἔνθεον
2630 965 3102 1038 ἐπαγγειλάμενος
3133 969 3271 1039 βίον,
3301 973 3400 1026 καὶ
3418 973 3507 1028 διά
3525 976 3630 1045 τῆς

2046 1045 2305 1117 ἀληθείας
2342 1052 2453 1105 τῶν
2485 1053 2665 1125 ἔργων
2708 1057 2811 1128 τῆς
2857 1059 3206 1132 δικαιοσύνης
3253 1064 3384 1128 τοὺς
3424 1065 3626 1136 ὅρκους

2049 1139 2276 1212 πληρῶν
2306 1143 2407 1214 τῆς
2433 1146 2609 1218 καλῆς
2640 1150 3004 1222 ὑποσχέσεως.

2118 1333 2219 1405 ξηὲ
2265 1338 2322 1392 Ὀ
2349 1341 2493 1394 κατά
2525 1344 2693 1415 μόνην
2721 1347 2822 1416 τὴν
2851 1350 2909 1401 ἐν
2937 1352 3049 1413 τοῖς
3085 1350 3264 1420 λόγοις
3316 1357 3622 1427 προφορὰν,

2049 1427 2249 1494 γνῶσιν
2282 1432 2731 1508 ὑποκρινόμενος,
2777 1442 2916 1512 πρὸς
2952 1443 3113 1508 δόξαν
3150 1445 3360 1500 οἰκείαν
3387 1446 3488 1520 τὴν
3516 1449 3628 1502 τῶν

2045 1520 2352 1577 ἀκουόντων
2383 1526 2606 1583 κλέπτει
2634 1531 2870 1586 διάνοιαν
2895 1551 2909 1567 ο
2962 1536 3055 1588 καί
3095 1538 3124 1589 6
3166 1539 3278 1601 τοῖς
3321 1538 3480 1610 ἤθεσι
3524 1542 3626 1609 τὴν

2044 1612 2246 1683 ἀρετὴν
2274 1615 2718 1691 ὑποκρινόμενος,
2766 1623 2905 1693 πρὸς
2952 1625 3110 1692 δόξαν
3146 1628 3354 1682 οἰκείαν
3397 1628 3625 1684 κλέπτει

2046 1700 2154 1754 τῶν
2185 1702 2474 1778 θεωμένων
2493 1709 2593 1777 τὴν
2611 1712 2800 1784 ὅρασιν
2825 1730 2840 1744 ο
2872 1713 2970 1767 καὶ
2993 1713 3061 1768 δι’
3088 1716 3302 1786 ἀπάτης
3321 1717 3627 1789 ἀμφότεροι

2050 1799 2392 1867 κλέπτοντες,
2451 1802 2747 1872 πλανῶσιν,
2792 1809 2821 1861 6
2875 1807 2998 1878 μὲν,
3026 1807 3265 1862 διάνοιαν
3311 1810 3491 1882 ψυχῆς
3514 1811 3628 1864 τῶν

352 1862 495 1922 alter
522 1860 841 1917 auditorum
880 1869 1147 1926 mentem,
1182 1862 1324 1916 alter
1354 1860 1670 1918 videntium
1693 1862 1937 1932 corporis

2045 1860 2387 1959 ἀκουόντων,
2422 1894 2452 1947 6
2481 1893 2558 1959 δέ,
2592 1894 2702 1951 τῶν

423 2046 511 2102 69.
545 2046 603 2102 Si
630 2046 858 2102 omnino
886 2045 1111 2101 laudem
1134 2044 1324 2110 habet,
1379 2045 1476 2116 qui
1521 2062 1588 2102 ea
1618 2062 1745 2118 quae
1770 2047 1942 2110 vovit,

351 2135 639 2206 adimplet,
670 2146 733 2192 ut
767 2137 865 2206 qui
886 2136 1037 2207 juret
1056 2135 1113 2190 in
1139 2136 1274 2201 Deo,
1300 2151 1405 2191 nec
1424 2153 1455 2191 a
1481 2152 1614 2192 vero
1642 2139 1943 2209 quidquam

351 2228 652 2294 abscedat;
714 2228 895 2298 liquet
949 2226 1144 2296 utique
1205 2226 1413 2297 probro
1478 2228 1776 2283 obnoxium
1826 2228 1943 2284 fore

352 2318 777 2390 ignominiaque
800 2316 1134 2382 notandum,
1173 2316 1270 2387 qui
1299 2332 1397 2371 sua
1431 2317 1547 2388 ipse
1576 2327 1739 2388 pacta
1772 2318 1944 2374 fuerit

351 2410 780 2481 przevaricatus,
809 2418 870 2464 ut
893 2410 988 2480 qui
1010 2410 1211 2480 jurans
1235 2408 1290 2463 in
1315 2408 1430 2464 Deo
1456 2410 1722 2465 mentitus
1773 2411 1867 2467 sit.

426 2500 516 2557 70.
552 2501 675 2562 Non
705 2498 886 2555 omnis
923 2500 1093 2555 homo
1119 2499 1215 2571 qui
1239 2499 1392 2555 venit
1412 2500 1470 2554 in
1496 2500 1648 2556 hunc
1672 2501 1939 2560 mundqu

353 2591 584 2646 «mnino
617 2607 649 2646 α
692 2590 876 2646 Verbo
919 2590 1269 2645 illuminatur
1302 2591 1346 2623 ³¹
1377 2607 1390 2644 :
1428 2592 1591 2647 multi
1640 2592 1791 2648 enim
1828 2609 1940 2648 non

350 2684 651 2740 iituminati
688 2694 936 2748 manent,
970 2698 1075 2739 nec
1104 2683 1225 2753 ejus
1248 2684 1409 2750 lucis,
1434 2700 1556 2754 qua:
1581 2685 1634 2739 in
1656 2687 1939 2755 agnitione

352 2777 533 2844 posita
567 2786 673 2841 est,
713 2784 1041 2846 compotes;
1074 2773 1171 2831 sed
1211 2776 1376 2846 plane
1415 2776 1597 2831 onmis
1624 2777 1812 2843 homo,
1843 2779 1937 2849 qui

351 2868 522 2923 animi
548 2868 837 2923 voluntate
871 2867 930 2923 in
950 2883 1148 2925 verum
1174 2866 1447 2923 virtutum
1470 2869 1740 2924 mundum
1759 2871 1935 2925 venit.

350 2959 546 3015 Omnis
566 2959 715 3015 enim
744 2959 839 3029 qui
869 2974 1004 3016 vere
1025 2960 1343 3016 voluntaria
1379 2960 1668 3016 nativitate
1697 2961 1756 3016 in
1788 2962 1938 3019 hunc

349 3052 622 3107 mundum
649 3053 824 3117 venit,
855 3054 1088 3108 omnino
1120 3068 1152 3107 a
1178 3051 1360 3108 Verbo
1393 3053 1740 3110 illuminatur
1767 3094 1782 3118 ,
1827 3055 1934 3110 im-

352 3143 616 3198 mobilem
647 3143 874 3200 virtutis
898 3151 1099 3199 nactus
1115 3143 1392 3210 habitum,
1411 3160 1666 3216 veraeque
1690 3146 1936 3203 scientiae

349 3245 565 3290 certam
591 3235 868 3292 notitiam.

427 3416 517 3471 7L
540 3414 664 3471 Non
693 3430 887 3471 omnes
926 3432 1180 3487 personae
1211 3420 1423 3489 pariter
1454 3429 1620 3491 atque
1661 3414 1773 3487 res,
1814 3439 1939 3493 qua:

351 3507 550 3564 eodem
588 3517 891 3573 censentur
936 3509 1209 3569 vocabulo
1234 3551 1249 3577 ,
1287 3527 1454 3567 unam
1497 3514 1728 3570 omnino
1769 3524 1936 3586 atque

352 3600 607 3655 eamdem
638 3616 834 3657 sensus
871 3601 1142 3672 spiritalis
1167 3602 1592 3676 intelligentiam
1619 3608 1933 3679 rccipiunt;

349 3692 453 3749 sed
489 3692 707 3764 singula
733 3709 856 3764 quae
887 3695 1151 3752 dicuntur
1182 3712 1285 3767 pro
1327 3698 1575 3769 subjecta
1604 3699 1726 3755 loco
1765 3717 1935 3757 sacrae

353 3782 659 3854 Scriptura:
687 3785 740 3839 vi
766 3785 1140 3857 intelligamus
1169 3804 1399 3844 necesse
1422 3797 1531 3855 est,
1555 3790 1601 3845 si
1629 3792 1792 3847 modo
1822 3778 1933 3863 quo

351 3883 606 3943 spectent
639 3891 703 3930 ea
727 3892 850 3947 quae
877 3878 1079 3950 scripta
1103 3891 1235 3935 sunt
1263 3881 1368 3935 rite
1418 3883 1739 3953 conjectura
1784 3900 1934 3939 asse-

351 3963 535 4017 cuturi
563 3979 773 4019 sumus.

420 4055 508 4109 7'2.
546 4055 706 4111 Nulla
738 4059 1173 4130 perscripturum
1211 4060 1510 4132 Scriptura:
1534 4080 1927 4133 personarum,

352 4145 562 4201 nihilve
614 4147 865 4202 locorum
908 4158 1004 4203 aut
1041 4150 1277 4204 aliarum
1334 4170 1518 4208 rerum
1561 4156 1927 4211 anitnatarum

350 4239 563 4313 pariter
591 4239 898 4312 animmque
928 4244 1262 4313 expertium,
1293 4246 1691 4317 sensiliumqne
1723 4258 1779 4305 et
1808 4267 1929 4320 qua!

351 4330 466 4385 sola
495 4339 681 4385 mente
708 4331 1108 4404 intelligantur,
1131 4352 1243 4391 uno
1269 4322 1492 4407 semper
1512 4339 1675 4410 603
1705 4342 1928 4396 eodem-

350 4435 459 4489 que
480 4420 645 4476 modo
661 4423 1093 4491 consideratum,
1143 4426 1387 4497 undique
1413 4428 1516 4482 sibi
1538 4430 1926 4498 coltmrentem,

347 4512 429 4565 rei
451 4521 620 4582 gestae
646 4515 1021 4571 narrationem
1050 4528 1146 4572 aut
1167 4534 1389 4575 sensum
1413 4522 1716 4592 spiritalem
1742 4523 1927 4580 habet.
1966 4495 2008 4550 θ

346 4602 561 4657 Idcirco
590 4618 773 4673 opera:
801 4606 1067 4675 pretium,
1106 4618 1166 4663 ut
1194 4610 1289 4680 qui
1337 4623 1490 4668 certa
1522 4615 1758 4670 veritate
1790 4616 1930 4671 divi-

344 4709 475 4749 nam
510 4693 813 4765 Scripturze
836 4706 1187 4755 consectatur
1219 4703 1637 4777 intelligentiam
1662 4749 1676 4774 ,
1708 4725 1809 4780 pro
1831 4726 1929 4765 eo-

341 4802 467 4841 rum
506 4801 629 4856 qua:
651 4796 804 4858 gesta
830 4796 928 4843 aut
961 4805 1084 4860 quae
1117 4792 1262 4848 dicta
1296 4794 1619 4852 referuntur
1658 4799 1934 4856 discrimi-

344 4894 416 4934 nc
437 4917 451 4942 ,
513 4879 787 4935 recensita
832 4879 1049 4953 singula
1074 4883 1446 4942 diversimode
1484 4888 1883 4959 interpretetur
1911 4935 1927 4961 ,

345 4971 539 5041 eisque
573 4972 993 5051 convenientem
1030 4960 1135 5046 pro
1176 4978 1301 5033 loco
1337 4990 1434 5035 aut
1475 4988 1720 5052 tempore
1760 4985 1924 5055 spiri-

346 5062 515 5115 talem
540 5062 643 5118 rite
668 5078 892 5119 sensum
930 5066 1250 5125 distribuat.

419 5152 504 5207 75.
535 5154 776 5209 Ducendi
805 5166 933 5211 sunt
960 5172 1154 5216 omnes
1182 5162 1276 5232 qui
1307 5162 1363 5219 in
1391 5165 1541 5218 omni
1568 5167 1773 5222 mundo
1797 5185 1924 5225 ver-

343 5256 557 5315 santur,
586 5257 648 5303 ut
676 5249 791 5303 sola
820 5251 1030 5307 ratione
1057 5252 1242 5308 vivant
1269 5270 1564 5328 moresque
1598 5255 1918 5329 instituant;

344 5348 602 5409 tantaque
631 5341 958 5410 corporibus
991 5358 1119 5398 cura
1157 5344 1567 5415 impenduntur,
1595 5361 1797 5419 quanta
1824 5368 1920 5407 nes

340 5445 495 5487 cesse
530 5440 614 5488 est
649 5442 710 5487 ut
745 5435 918 5489 multa
955 5437 1323 5494 sollicitudine
1359 5454 1422 5494 ac
1455 5440 1736 5512 diligentia
1789 5460 1910 5514 pro-

415 5586 455 5616 ²¹
487 5586 629 5640 Psal.
660 5603 785 5653 an,
816 5591 901 5644 12.
980 5594 1022 5623 ⁸³
1049 5592 1202 5647 Joal.
1245 5611 1280 5657 t,
1307 5596 1356 5647 9.

412 5700 429 5719 ‘
455 5697 536 5753 Cf.
568 5699 634 5753 ad
660 5700 816 5757 Thai.
847 5722 900 5773 q.
928 5707 993 5759 65
1017 5716 1069 5760 et
1101 5709 1167 5761 6i
1202 5708 1338 5763 infra
1371 5710 1434 5764 ad
1472 5700 1621 5764 ntnn.
1655 5710 1737 5764 72.

2116 2068 2216 2136 ξθ¹.
2249 2063 2318 2125 Εί
2346 2070 2564 2135 πάντως
2595 2072 2816 2127 ἔπαινον
2841 2074 2957 2144 εχει
2983 2077 3013 2129 6
3030 2075 3138 2129 τῶν
3165 2076 3385 2131 οἰκείων
3410 2079 3630 2149 πληρω-

2044 2161 2142 2230 τὴς
2173 2161 2538 2230 ἐπαγγελιῶν,
2570 2163 2647 2226 ὡς
2686 2164 2905 2235 ὀμνύων
2936 2167 2995 2220 ἐν
3031 2166 3110 2237 τῷ
3151 2167 3292 2239 Θεῷ,
3340 2168 3435 2221 καὶ
3485 2170 3629 2240 άλη-

2045 2251 2249 2306 θεύων·
2311 2254 2473 2324 δῆλον
2503 2256 2587 2309 ὅτι
2631 2254 2798 2326 ψόγον
2847 2257 2958 2323 ἔξει
2993 2258 3089 2312 καὶ
3124 2259 3371 2329 ἀτιμίαν,
3432 2261 3463 2314 6
3509 2259 3626 2313 τῶν

2042 2346 2260 2399 οἰκείων
2289 2346 2573 2418 συνθηκῶν
2607 2348 2935 2421 παραϐάτης
2979 2350 3282 2421 γινόμενος,
3314 2350 3391 2415 ὡς
3414 2351 3624 2422 ὀμόσας

2042 2438 2101 2491 ἐν
2131 2436 2210 2507 τῷ
2247 2437 2391 2506 Θεῷ,
2427 2438 2524 2493 καὶ
2548 2438 2914 2510 ψευσάμενος.

2112 2536 2174 2584 o'.
2206 2530 2223 2549 ⁶
2249 2530 2327 2583 Οὐ
2371 2533 2481 2596 πᾶς
2521 2530 2811 2604 ἄνθρωπος
2849 2536 2930 2598 εἰς
2964 2533 3155 2588 τοῦτον
3201 2536 3496 2607 ἐρχόμενος
3529 2538 3625 2591 τὸν

2032 2621 2270 2692 ”κὸσμον,
2309 2621 2539 2676 ὑπὺντοῦ
2586 2624 2761 2692 Λόγου
2796 2626 3014 2691 πάντως
3056 2627 3385 2695 φωτίζεται·
3432 2628 3624 2683 πολλοὶ

2041 2712 2151 2781 γάρ
2176 2711 2472 2783 ἁφώτιστοι
2504 2715 2837 2786 διαμένουσι,
2887 2718 3104 2771 καὶτοῦ
3154 2719 3275 2772 κατ’
3325 2721 3623 2790 ἐπίγνωσιν

2040 2805 2300 2875 ἁμέτοχοι
2327 2806 2505 2874 φωτός
2523 2822 2538 2836 ⁸
2582 2805 2720 2860 ἀλλὰ
2753 2805 2913 2877 δῆλον
2936 2809 3017 2862 ὅτι
3039 2809 3149 2872 πᾶς
3180 2808 3468 2881 ἄνθρωπος
3496 2811 3621 2863 κατ’

2039 2897 2247 2951 οἰκείαν
2280 2898 2531 2970 γνώμην,
2570 2901 2651 2962 εἰς
2706 2900 2796 2952 τὸν
2843 2898 3017 2971 ἀληθῆ
3060 2900 3266 2970 κόσμον
3320 2901 3619 2972 ἐρχόμενος

2038 2990 2148 3045 τῶν
2179 2991 2409 3062 ἀρετῶν.
2433 2992 2547 3054 Πᾶς
2572 2992 2681 3062 γὰρ
2699 2993 2728 3045 6
2756 2991 2878 3045 κατ’
2901 2991 3159 3063 ἀλήθειαν
3185 2992 3275 3046 διὰ
3299 2993 3398 3064 τῆς
3430 2993 3619 3047 adﬂato

1965 3124 2007 3181 c
2045 3082 2198 3153 ρέτου
2228 3085 2532 3154 γεννήσεως
2576 3086 2658 3148 εἰς
2684 3082 2873 3137 τοῦτον
2912 3083 3208 3154 ἐρχόμενος
3250 3082 3347 3136 τὸν
3390 3083 3616 3152 κόσμον,

2042 3175 2148 3230 ὑπὸ
2184 3175 2279 3229 τοῦ
2321 3175 2495 3245 Λόγου
2542 3174 2759 3240 πάντως
2807 3173 3124 3245 φωτίζεται,
3169 3174 3455 3245 λαμϐάνων
3492 3173 3621 3239 ,ἕξιν

2042 3269 2242 3340 ἀρετῆς
2271 3267 2695 3340 ἀμετακίνητον,
2724 3268 2820 3322 καὶ
2850 3265 3111 3336 γνώσεως
3131 3264 3361 3337 ἀληθοῦς
3378 3267 3617 3338 ἐπιστή-

2045 3378 2152 3431 μην
2186 3360 2504 3416 ἄπταιστον.

2110 3461 2213 3507 οαθ.
2236 3455 2312 3507 Οὐ
2342 3454 2544 3519 πάντες
2571 3473 2631 3509 τε
2659 3456 2755 3510 καὶ
2784 3458 2964 3514 πάντα
3000 3460 3071 3513 τὰ
3099 3458 3200 3531 τὴν
3230 3458 3399 3529 αὐτὴν
3429 3456 3617 3527 ἐκφὼ-

2039 3563 2196 3617 νησιν
2219 3547 2430 3617 ἔχοντα,
2454 3546 2577 3602 καθ’
2603 3548 2700 3602 ενα
2724 3549 2817 3603 καί
2847 3552 2937 3604 τὸν
2970 3551 3137 3606 αὐτὸν
3168 3548 3382 3613 πάντως
3408 3548 3615 3620 νοηθή-

2038 3656 2189 3693 σεται
2236 3640 2437 3711 τρόπον
2462 3656 2477 3671 ⁸
2526 3640 2643 3695 ἀλλ’
2691 3641 2922 3697 ἕκαστον
2974 3643 3086 3697 τῶν
3132 3643 3440 3714 λεγομένων
3471 3642 3615 3713 πρὸς

2033 3728 2133 3799 τὴν
2189 3729 2558 3801 ὑποκειμένην
2612 3730 2855 3801 δηλονότι
2905 3731 2986 3802 τῷ
3049 3732 3238 3802 τρόπῳ
3303 3732 3402 3802 τῆς
3452 3731 3613 3800 ἁγίας

2035 3821 2258 3891 Γραφῆς
2309 3821 2543 3891 δύναμιν
2585 3822 2828 3892 νοητέον,
2871 3825 2923 3877 εἰ
2965 3823 3255 3894 μέλλοιμεν
3290 3824 3468 3894 ὀρθῶς
3516 3823 3616 3877 τοῦ

2037 3915 2238 3969 σκοποῦ
2264 3915 2375 3969 τῶν
2404 3917 2806 3988 γεγραμμένων
2832 3916 3355 3989 καταστοχάζεσθαι.

2103 4097 2203 4169 οβ’.
2293 4095 2461 4151 Οὐδὲν
2522 4096 2630 4149 τῶν
2712 4096 3221 4170 ἀναγεγραμμένων
3293 4098 3360 4167 τῇ
3418 4096 3613 4167 Γραφῇ

2033 4188 2361 4262 προσώπων,
2393 4188 2427 4258 ἢ
2453 4187 2653 4253 τόπων,
2679 4188 2713 4259 ἢ
2740 4187 2968 4259 χρόνων,
2986 4187 3019 4259 ἢ
3038 4186 3243 4261 ἐτέρων
3270 4186 3613 4257 πραγμάτων

2032 4282 2293 4354 ἐμψύχων
2322 4299 2381 4335 τε
2416 4280 2511 4334 καί
2555 4278 2799 4350 ἀψύχων,
2833 4279 3107 4352 αἰσθητῶν
3145 4296 3206 4333 τε
3246 4279 3345 4333 καὶ
3375 4278 3608 4349 νοητῶν,

2032 4376 2174 4432 κατὰ
2214 4376 2306 4430 τὸν
2335 4373 2496 4429 αὐτὸν
2526 4373 2613 4427 ἀεὶ
2647 4371 2934 4444 νοούμενον
2961 4372 3184 4443 τρόπον,
3212 4371 3328 4441 ἕχει
3368 4369 3610 4439 συμϐαί-

2037 4486 2234 4523 νουσαν
2280 4468 2446 4538 ἑαυτῇ
2484 4464 2659 4519 διόλου
2696 4464 2796 4534 τὴν
2842 4464 3082 4535 ἱστορίαν
3128 4463 3161 4529 ἢ
3206 4462 3305 4532 τὴν
3351 4459 3611 4531 θεωρίαν.

2032 4563 2124 4620 Διὸ
2141 4560 2247 4632 χρὴ
2266 4559 2358 4612 τὸν
2379 4556 2693 4618 ἀπταίστως
2708 4554 2805 4625 τὴν
2821 4554 2974 4608 θείαν
2992 4557 3090 4626 τῆς
3111 4554 3336 4627 Γραφῆς
3357 4551 3592 4619 ἐξασκού
3605 4582 3620 4592 ο

2037 4671 2198 4727 μενον
2233 4651 2460 4720 εἴδησιν,
2491 4649 2610 4711 ταῖς
2629 4648 2911 4717 διαφοραῖς
2939 4645 3050 4700 τῶν
3071 4646 3371 4716 γινομένων
3397 4643 3430 4714 ἢ
3452 4643 3617 4710 λεγο-

2036 4747 2237 4819 μένων,
2294 4741 2564 4812 διαφόρως
2607 4738 2920 4809 ἐκδέχεσθαι
2974 4736 3084 4791 τῶν
3134 4735 3617 4806 ἀπηριθμημένων

2037 4839 2290 4897 ἕκαστον,
2325 4834 2422 4888 καὶ
2445 4831 2542 4904 τὴν
2573 4830 2918 4901 ἁρμόζουσαν
2958 4827 3106 4899 αὐτῷ
3133 4827 3278 4882 κατὰ
3306 4827 3396 4882 τὸν
3419 4825 3615 4892 τόπον,

2041 4930 2072 5000 ἢ
2112 4930 2204 4985 τὸν
2233 4927 2422 5001 χρόνον
2448 4924 2676 4989 δεόντως
2717 4923 2948 4992 θεωρίαν
2978 4920 3327 4993 προσνέμειν.

2101 5177 2200 5246 ογ’.
2239 5176 2520 5231 Διδάσκειν
2553 5175 2659 5247 χρὴ
2692 5174 2895 5236 πάντας
2940 5171 3064 5237 τοὺς
3093 5172 3149 5223 ἐν
3192 5170 3355 5223 παντὶ
3396 5167 3475 5237 τῷ
3524 5168 3623 5222 κό-

2033 5283 2175 5338 σμῳ.
2209 5265 2352 5337 λόγῳ
2378 5265 2478 5337 ζῇν
2507 5266 2655 5339 μόνῳ
2689 5266 2781 5319 καὶ
2807 5262 3206 5325 πολιτεύεσθαι,
3233 5260 3327 5313 καὶ
3352 5257 3616 5311 τοσοῦτον

2026 5358 2172 5427 ἔχειν
2223 5359 2350 5430 περὶ
2391 5359 2501 5412 τῶν
2545 5344 2814 5429 σωμάτων
2870 5356 2969 5428 τὴν
3028 5354 3319 5425 μέριμναν,
3346 5351 3470 5405 ὅσον
3519 5349 3621 5405 διὰ

2026 5449 2228 5521 πολλῆς
2259 5452 2535 5521 φροντίδος
2581 5450 2677 5523 τὴν
2722 5449 2859 5521 πρὸς
2905 5445 3044 5502 αὐτὰ
3101 5445 3282 5516 σχέσιν
3306 5442 3404 5515 τῆς
3422 5440 3618 5514 ψυχῆς

4032 1966 4047 2077 ἓ

4028 2080 4043 2201 l

4034 2388 4045 2703 Ξ

4034 2708 4041 2833 ι

4035 5930 4085 5949 v-
4108 5946 4110 5953 .

4035 5992 4097 6029 *τ
