4110 6318
279 294 418 362 1337.

949 291 1282 352 CAPITUM
1322 291 1748 362 OUlNQUIES
1789 291 2317 356 CENTENORU)!
2359 291 2745 350 CENTURIA
2791 292 2879 350 [Υ.

3407 291 3542 358 1338

273 404 544 473 διακόιξαι,
583 403 676 455 καὶ
721 403 990 472 μηδεμίαν
1034 402 1232 455 διδόναι
1283 403 1562 455 τοσύνολον
1610 403 1740 472 ὕλης
1784 404 1852 472 τῇ
1888 417 1902 461 ε

1974 404 2241 456 :liiiorrni
2277 404 2327 455 in
2360 419 2422 456 ea
2454 403 2620 456 animi
2651 402 2909 457 είῖυριυιιι
2938 421 3004 458 ac
3031 404 3312 459 iibidimtm
3344 422 3538 474 ampu—

274 499 420 568 ψυχῇ
450 496 748 564 φαντασίαν
784 511 796 524 ⁸
835 492 1155 562 σϐεσθείσης
1181 494 1282 565 ἤδη
1313 494 1391 563 τῷ
1427 494 1570 564 λόγῳ
1600 493 1700 562 τῆς
1730 493 1850 544 κατ’

275 592 470 660 ἀρχὰς,
501 589 591 640 τὸν
627 588 723 656 μὲν
755 586 914 652 λόγον
948 585 1371 656 παρωσαμένης,
1402 586 1500 657 τὴν
1544 587 1768 654 ἀλογίαν
1795 586 1851 639 δὲ

275 685 373 749 τῆς
404 681 596 750 ἡδονῆς
625 678 800 745 ὄφεως
830 677 986 747 δίκην
1021 677 1351 748 ἐρπυστικοῦ
1382 677 1850 748 προσδεξαμένης,

275 773 597 842 αἰσθήσεως,
641 771 762 823 καθ’
799 764 867 841 ἧς
901 769 1112 840 ὡρίσθη
1147 770 1374 834 δικαίως
1411 771 1438 822 6
1481 769 1732 835 Θάνατος,
1767 769 1854 823 ἵνα

276 865 557 931 παιὶσηται
585 861 660 932 τῷ
697 861 932 932 διαϐόλῳ
968 862 1102 932 πρὸς
1141 861 1240 930 τὴν
1281 861 1458 934 ψυχὴν
1500 862 1853 933 παρεχομένη

276 956 377 1025 τὴν
407 955 633 1006 εἴσοδον.

349 1137 438 1189 ιδ’.
472 1137 586 1188 Μία
641 1135 964 1207 ὑπάρχουσα
1013 1135 1157 1188 κατά
1215 1139 1278 1188 τὸ
1319 1136 1475 1203 γένος
1505 1137 1539 1205 ἡ
1579 1135 1854 1204 αίσθησις,

277 1227 684 1282 πενταπλοῦται
717 1231 827 1291 τοῖς
858 1228 1047 1291 εἴδεσι,
1076 1228 1166 1282 διὰ
1203 1229 1302 1296 τῆς
1340 1226 1464 1280 καθ’
1491 1226 1721 1280 ἕκαστον
1781 1219 1858 1278 εῖ-

279 1321 367 1384 δος
399 1320 790 1392 ἀντιληπτικῆς
843 1321 1146 1392 ἐνεργείας,
1206 1321 1267 1373 τὸ
1317 1319 1599 1391 προσφυὲς
1664 1317 1856 1389 αἰσθη-

280 1414 392 1473 τλιν,
425 1415 545 1466 ἀντὶ
579 1412 714 1466 Θεοῦ
747 1413 994 1484 στέργειν
1017 1412 1113 1484 τὴν
1144 1412 1503 1482 πλανωμένην
1529 1411 1707 1482 ψυχὴν
1728 1412 1860 1464 ἀνα-

281 1504 566 1558 πείθουσα.
609 1504 810 1577 Διόπερ
869 1506 896 1558 6
935 1504 1011 1574 τῷ
1060 1504 1204 1574 λόγῳ
1235 1503 1414 1572 σοφῶς
1436 1503 1719 1572 ἑπόμενος,
1754 1502 1860 1570 πρὸ

288 1595 383 1649 τοῦ
419 1595 778 1666 βεϐιασμένου
804 1595 897 1648 καὶ
925 1613 997 1646 πα
1010 1594 1077 1666 ρά
1107 1592 1334 1664 γνώμην
1369 1593 1623 1656 Θανάτου,
1648 1592 1737 1644 τὸν
1765 1592 1860 1645 θά-

283 1705 442 1741 νλτον
467 1687 564 1757 τῆς
599 1686 802 1758 σαρκὸς
827 1687 1091 1748 ἑκουσίως
1114 1685 1580 1756 καταψηφίζεται,
1608 1685 1699 1738 τὸν
1726 1684 1862 1754 πρὸς

1964 501 2097 557 tent,
2116 495 2431 564 nullamque
2453 496 2502 549 ei
2528 511 2753 565 prorsus
2777 508 3124 552 terrenorum
3149 497 3541 566 cogitationem

1962 585 2314 656 indulgeant;
2365 588 2638 641 exstincto
2681 590 2792 658 jam
2845 606 2943 658 per
2991 588 3262 642 rationem
3311 589 3542 657 ejusque

1962 677 2236 746 potentia,
2267 677 2361 746 qui
2397 678 2557 734 initio
2591 681 2842 735 submota
2879 681 3122 745 ratione,
3150 681 3448 748 voluptatis
3483 697 3544 734 ac

1961 766 2210 822 libidinis
2242 767 2460 822 brutam
2495 769 2840 825 aﬂ‘ectionem
2879 771 3152 840 serpentis
3184 786 3340 825 more
3374 774 3545 840 repti—

1961 857 2050 922 lis,
2081 873 2276 912 sensus
2311 868 2654 929 susceperat;
2695 861 2962 916 adversus
2997 877 3162 931 quem
3205 862 3400 916 merito
3439 863 3545 916 lata

1961 950 2160 1004 mortis
2200 951 2495 1018 sententia,
2531 967 2643 1022 quo
2683 953 2775 1008 ille
2812 952 3034 1008 diabolo
3057 953 3112 1006 in
3155 953 3401 1007 animum
3441 953 3550 1008 iter

1963 1041 2206 1110 pandere
2231 1042 2468 1098 desinat.

2036 1132 2121 1185 74.
2167 1130 2304 1186 Cum
2352 1148 2548 1188 sensus
2592 1135 2791 1212 unicus
2840 1135 2910 1189 sit
2954 1151 3185 1206 genere,
3222 1136 3548 1205 quintuplex

1963 1231 2048 1276 est
2069 1223 2276 1292 specie,
2300 1240 2403 1294 pro
2427 1227 2694 1296 cujusque
2720 1227 2922 1296 speciei
2955 1229 3328 1298 perceptione,
3353 1230 3549 1283 anima:

1966 1314 2206 1369 seducta:
2238 1313 2432 1370 auctor
2458 1317 2750 1381 exsistens,
2784 1327 2843 1373 ut
2875 1319 2973 1373 Dei
3009 1321 3132 1374 loco
3163 1320 3548 1390 amplectatur,

1966 1408 2112 1476 quod
2144 1407 2302 1462 atIine
2329 1423 2394 1464 ac
2421 1411 2761 1465 conveniens
2784 1411 3065 1481 objectum
3092 1428 3314 1468 sensum
3345 1421 3545 1466 movet.

1967 1498 2175 1554 ldcirco
2219 1499 2312 1568 qui
2361 1500 2661 1570 prudenter
2705 1503 2972 1557 rationem
3024 1503 3222 1558 ducem
3277 1504 3548 1573 sequitur,

1967 1591 2406 1660 ante;violentam
2438 1601 2702 1662 extraque
2720 1594 2888 1648 animi
2913 1596 3268 1661 sententiam,
3293 1607 3550 1660 mortem,

1968 1694 2164 1754 sponte
2194 1700 2414 1741 carnem
2443 1687 2606 1741 morti
2635 1689 2866 1753 addicit,
2892 1689 3138 1743 animum
3168 1705 3199 1743 a
3229 1703 3396 1744 sensu
3424 1704 3551 1758 per-

282 1777 537 1848 αίσθησιν
586 1779 686 1850 τῆς
748 1778 971 1849 γνώμης
1027 1777 1263 1848 παντελῆ
1313 1777 1636 1848 ποιούμενος
1696 1769 1902 1848 χωρι-¹

1974 1774 2108 1828 lecto
2132 1775 2368 1829 divortio
2392 1791 2669 1845 separans.

285 1872 442 1940 σμόν.

355 1967 446 2016 οε’.
467 1959 720 2013 Λαόοῦσα
750 1960 841 2013 τὸν
870 1959 995 2012 νοῦν
1029 1963 1062 2030 ἡ
1091 1960 1354 2032 αἴσθησις
1388 1959 1704 2029 ὑποχείριον
1732 1997 1745 2020 ,
1779 1960 1861 2012 δι-

280 2052 470 2105 δάσκει
503 2051 784 2115 πολύθεον,
818 2052 885 2105 δι’
909 2051 1149 2122 ἑκάστης
1188 2051 1499 2120 αἰσθήσεως
1534 2053 1602 2120 τῇ
1638 2050 1768 2120 περὶ
1797 2051 1864 2104 τὰ

282 2142 434 2211 πάθη
485 2142 702 2214 δουλείᾳ
742 2143 819 2206 ὡς
849 2141 993 2196 θεῖον
1026 2142 1085 2195 τὸ
1108 2142 1386 2213 προσφυὲς
1416 2139 1670 2212 αἰσθητὸν
1698 2124 1863 2212 θεραζ

283 2232 548 2287 πεὺουσα.
663 2291 666 2293 λ
775 2221 782 2227 ’

356 2328 461 2385 οςθ.
499 2325 515 2342 ⁶
565 2322 627 2374 ’0
663 2321 808 2392 μόνῳ
847 2321 925 2391 τῷ
959 2321 1250 2393 γράμματι
1290 2321 1390 2390 τῆς
1424 2321 1649 2392 Γραφῆς
1684 2337 1863 2391 παρα-

286 2414 620 2483 καθήμενος,
659 2414 826 2483 μόνην
871 2413 983 2483 ἔχει
1016 2412 1112 2484 τὴν
1149 2412 1402 2484 αἴσθησιν
1433 2412 1740 2482 κρατοῦσαν
1765 2413 1864 2480 τῆς

287 2503 527 2571 φύσεως,
562 2503 684 2556 καθ’
720 2503 785 2573 ἢν
820 2505 853 2575 ἠ
884 2503 1026 2574 πρὸς
1053 2502 1153 2572 τὴν
1178 2503 1356 2570 σάρκα
1383 2503 1482 2572 τῆς
1525 2501 1704 2571 ψυχῆς
1746 2501 1868 2569 σχέ-

289 2613 377 2658 σις
408 2596 540 2665 μόνη
567 2595 950 2665 διαφαίνεσθαι
980 2593 1214 2664 πέφυκε.
1248 2593 1321 2646 Τὸ
1364 2593 1470 2663 γάρ
1523 2593 1757 2663 γράμμα
1793 2592 1866 2662 μὴ

287 2685 578 2754 νοούμενον
637 2683 1048 2754 πνευματικῶς,
1082 2683 1255 2754 μόνην
1314 2682 1426 2751 ἔχει
1469 2678 1569 2751 τὴν
1614 2680 1868 2751 αἴσθησιν

289 2773 740 2844 περιγράφουσαν
777 2772 944 2825 αὐτοῦ
970 2771 1069 2844 τὴν
1095 2769 1428 2840 ὲκφὼνησιν,
1483 2770 1579 2822 καὶ
1625 2768 1700 2840 μὴ
1740 2785 1869 2839 συγ-

293 2865 583 2938 χωροῦσαν
611 2865 747 2935 πρὸς
767 2866 857 2918 τὸν
880 2865 1006 2918 νοῦν
1035 2863 1291 2935 διαϐῆναι
1321 2863 1428 2916 τῶν
1462 2862 1869 2932 γεγραμμένων

295 2958 399 3026 τὴν
429 2955 678 3025 δύναμιν.
709 2956 772 3007 Εί
802 2955 859 3008 δὲ
888 2955 1028 3026 πρὸς
1065 2954 1230 3026 μόνην
1267 2953 1365 3022 τὴν
1399 2952 1652 3024 αἴσθησιν
1677 2953 1787 3023 ἔχει
1811 2952 1871 3006 τὸ

292 3049 529 3119 γράμμα
553 3046 652 3118 τὴν
675 3047 1006 3117 οἰκειότητα,
1039 3047 1148 3110 πᾶς
1181 3048 1208 3099 6
1231 3045 1357 3100 καθ’
1399 3044 1643 3116 ἱστορίαν
1696 3045 1866 3117 μόνην

305 3137 614 3200 Ἰουδαϊκῶς
641 3137 702 3190 τὸ
745 3138 983 3209 γράμμα
1019 3136 1326 3208 δεχόμενος,
1364 3137 1506 3192 κατά
1554 3137 1732 3206 σάρκα
1779 3136 1870 3206 ζῇ,
1899 3119 1941 3176 C

293 3233 394 3298 τῆς
441 3230 714 3299 ἁμαρτίας
763 3229 886 3282 καθ’
917 3229 1156 3301 ἑκάστην
1201 3229 1416 3300 ἡμέραν
1449 3229 1538 3282 διὰ
1567 3228 1664 3300 τὴν
1693 3226 1873 3291 ζῶσαν

295 3323 550 3391 αἴσθησιν
597 3321 891 3390 γνωμικῶς
934 3319 1298 3392 ἀποθνήσκων
1337 3321 1430 3373 τὸν
1483 3321 1738 3387 θάνατον,
1799 3320 1874 3391 μὴ

297 3413 596 3482 δυνάμενος
624 3410 891 3480 πνεύματι
917 3412 1018 3473 τὰς
1055 3410 1283 3481 πράξεις
1307 3410 1620 3464 θανατῶσαι
1648 3410 1744 3464 τοῦ
1769 3409 1874 3463 σώ-

306 3520 495 3574 ματος,
540 3503 628 3555 ἵνα
676 3501 741 3572 ζῇ
777 3503 875 3571 τὴν
925 3502 982 3553 ὲν
1030 3501 1302 3572 πνεύματι
1367 3501 1647 3572 μακαρίαν
1707 3503 1874 3572 ζωήν.

305 3598 371 3649 Εἰ
403 3596 512 3663 γὰρ
545 3594 696 3648 κατὰ
739 3593 939 3661 σάρκα
966 3589 1120 3660 ζῆτε,
1144 3593 1402 3662 μέλλετε
1437 3592 1874 3660 ἀποθνήσκειν,

303 3688 468 3757 φησὶν
517 3687 546 3738 6
601 3687 742 3749 θεῖος
794 3686 1152 3748 Ἀπόστολος⁶
1195 3686 1248 3737 εὶ
1296 3684 1366 3737 δὲ
1419 3687 1710 3754 πνεύματι
1771 3685 1878 3751 τὰς

303 3779 546 3846 πράξεις
576 3779 681 3832 τοῦ
708 3777 983 3847 σώματος
1016 3776 1343 3831 θανατοῦτε
1373 3816 1386 3837 ,
1417 3775 1690 3840 ζήσεσθε.

375 3869 470 3933 οζ’,
505 3870 594 3940 Μὴ
622 3869 798 3922 τοίνυν
825 3870 915 3921 τὸν
938 3869 1081 3923 θεῖον
1126 3867 1342 3938 λύχνον,
1367 3868 1534 3938 ἤγουν
1586 3867 1677 3921 τὸν
1711 3886 1880 3936 φωτι-

306 3962 490 4016 στικὸν
539 3962 642 4031 τῆς
693 3961 948 4030 γνώσεως
975 3961 1131 4029 λόγον
1159 3961 1496 4026 άνάπτοντες
1521 3960 1611 4013 διὰ
1643 3960 1878 4031 θεωρίας

307 4055 400 4109 καὶ
432 4054 703 4124 πράξεως,
727 4053 832 4106 ὑπὸ
861 4053 952 4105 τὸν
985 4053 1164 4122 μόδιον
1187 4051 1464 4122 θήσωμεν,
1495 4052 1584 4104 ἵνα
1610 4051 1686 4122 μὴ
1713 4069 1882 4106 κατα-

307 4146 584 4218 κριθῶμεν
620 4145 694 4208 ὼς
729 4145 1161 4216 περιγράφοντες
1212 4142 1290 4214 τῷ
1324 4145 1615 4214 γράμματι
1649 4141 1749 4214 τὴν
1781 4142 1883 4211 τῆς

310 4239 502 4307 σοφίας
535 4236 908 4307 ἀπερίληπτον
930 4234 1157 4305 δύναμιν
1185 4251 1199 4265 ·
1226 4233 1341 4288 ἀλλ’
1378 4234 1470 4286 ἐπὶ
1499 4235 1597 4304 τὴν
1621 4233 1845 4304 λυχνίαν
1867 4274 1882 4293 ,

307 4331 448 4398 λέγω
469 4329 563 4400 τὴν
587 4329 746 4398 ἁγίαν
778 4328 1128 4398 Ἐκκλησίαν,
1161 4329 1219 4380 ὲν
1249 4325 1327 4398 τῷ
1354 4326 1479 4396 ὕψει
1514 4327 1614 4396 τῆς
1647 4325 1882 4397 ἀληθοῦς

2042 1952 2126 2006 75.
2154 1951 2388 2006 Addicto
2413 1968 2612 2007 sensus
2639 1953 2825 2007 animo
2852 1953 3069 2022 sibique
3100 1953 3410 2024 subjugato,
3435 1940 3561 2022 plu-1

1971 2042 2115 2097 rium
2156 2058 2284 2096 eum
2325 2042 2556 2097 deorum
2598 2044 2937 2112 impietatem
2977 2045 3157 2109 docet,
3189 2044 3320 2098 dum
3363 2059 3558 2099 sensus

1970 2133 2238 2203 cujusque
2267 2149 2434 2203 opera
2465 2134 2757 2188 serviendo
2785 2135 3094 2202 aﬂ‘ectibns,
3120 2135 3269 2205 quod
3299 2145 3556 2205 agnatum

1971 2224 2171 2279 sensile
2197 2234 2284 2280 est
2306 2226 2460 2279 velut
2485 2226 2600 2281 fere
2625 2228 2840 2282 Numen
2867 2228 3019 2282 colit.

2045 2317 2130 2372 76.
2157 2316 2261 2383 Qui
2294 2318 2350 2372 in
2380 2319 2495 2372 sola
2528 2318 2829 2389 Scriptura:
2855 2320 3038 2374 littera
3068 2319 3414 2386 immoratur,
3437 2335 3560 2375 sen-

1971 2427 2094 2466 sum
2128 2411 2395 2465 duntaxat
2425 2419 2634 2466 natura:
2664 2411 3042 2466 dominantem
3076 2413 3264 2477 habet,
3296 2429 3409 2482 quo
3444 2413 3560 2469 sola

1971 2501 2141 2555 animi
2171 2501 2240 2555 ad
2264 2516 2487 2555 carnem
2513 2501 2734 2556 affectio
2765 2511 2930 2572 atque
2954 2503 3129 2557 libido
3154 2504 3374 2559 elucere
3398 2505 3561 2561 solet-

1973 2591 2181 2646 Littera
2227 2592 2376 2646 enim
2401 2633 2416 2658 ,
2453 2592 2558 2646 nisi
2608 2592 2938 2663 spiritaliter
2981 2593 3348 2665 intelligatur,
3385 2595 3562 2651 solum

1974 2700 2229 2750 sensum,
2264 2685 2414 2739 illius
2455 2684 3001 2741 circumscribentem
3040 2687 3433 2756 prolationem,
3461 2686 3561 2740 ba-

1973 2775 2088 2842 bet,
2117 2792 2220 2831 nec
2253 2776 2527 2831 sinentem
2561 2791 2753 2830 eorum
2785 2793 2908 2846 qua:
2939 2778 3145 2846 scripta
3177 2785 3324 2841 sunt,
3353 2777 3464 2830 vim
3495 2776 3562 2831 ad

1975 2867 2221 2926 animum
2260 2868 2516 2922 transire.
2548 2867 2835 2937 Siquidem
2872 2867 3037 2938 igitur
3067 2868 3250 2922 littera
3287 2883 3412 2922 cum
3448 2867 3566 2922 solo

1976 2977 2142 3016 sensu
2168 2960 2639 3016 necessitudinem
2669 2961 2857 3027 habet,
2879 2960 3135 3031 quisquis
3161 2975 3228 3014 ex
3251 2961 3367 3014 sola
3393 2959 3570 3014 histo-

1977 3053 2074 3107 riae
2110 3051 2324 3107 ratione
2357 3051 2584 3107 Judaice
2619 3051 2860 3106 litteram
2895 3050 3127 3121 accipit,
3159 3065 3226 3105 ex
3263 3049 3444 3104 carnis
3477 3066 3568 3104 ra-

1977 3143 2129 3198 tione
2162 3142 2328 3209 vivit,
2357 3143 2452 3214 qui
2486 3143 2698 3214 peecati
2734 3143 2984 3213 quotidie
3020 3151 3226 3209 morte,
3255 3142 3476 3197 vivente
3511 3140 3567 3196 in

1975 3250 2044 3289 eo
2069 3244 2232 3304 atque
2253 3233 2473 3305 vigente
2502 3249 2690 3301 sensu,
2716 3235 2903 3289 animo
2927 3235 3221 3298 moriatur;
3247 3250 3358 3288 non
3381 3233 3572 3288 valens

1975 3328 2189 3382 scilicet
2210 3338 2369 3382 actus
2391 3328 2642 3397 corporis
2666 3327 2865 3397 Spiritu
2892 3326 3249 3392 mortiﬁrare,
3274 3335 3334 3380 ut
3352 3327 3569 3381 beatam

1975 3415 2033 3469 in
2058 3416 2258 3485 spiritu
2282 3416 2451 3471 vitam
2476 3417 2625 3471 vivat
2655 3436 2668 3469 :
2699 3417 2757 3472 Si
2785 3419 2927 3472 enim
2949 3417 3237 3471 secundum
3261 3416 3426 3488 604
3452 3432 3574 3470 car-

1976 3524 2096 3560 nem
2125 3508 2381 3573 vixeritis,
2410 3507 2591 3578 inquit
2619 3508 2842 3563 divinus
2871 3509 3188 3578 Apostolus,
3216 3509 3518 3563 moriemini
3551 3524 3570 3562 :

1973 3595 2019 3646 si
2054 3603 2232 3649 autem
2261 3597 2453 3665 spiritu
2489 3605 2636 3651 actus
2669 3599 2904 3668 corporis
2939 3597 3406 3666 mortiﬁcaveritis,
3429 3599 3571 3653 vive-

1977 3687 2043 3738 tis
2069 3684 2140 3740 ³³.

2051 3860 2138 3913 77.
2161 3857 2242 3913 Ne
2269 3857 2434 3928 igitur
2459 3856 2702 3911 divinam
2732 3857 3016 3912 lucernam
3044 3857 3435 3927 (illustrantem
3462 3856 3570 3911 sci-

1976 3949 2107 4004 licet
2134 3948 2382 4004 scientiae
2411 3946 2743 4016 sermonem)
2772 3947 3256 4018 contemplationis
3281 3947 3568 4018 diligentia

1979 4057 2044 4095 ac
2082 4041 2320 4096 actionis
2357 4039 2747 4107 acccndentes,
2786 4040 2889 4095 sub
2930 4041 3116 4094 modio
3156 4055 3445 4110 ponamus,
3476 4057 3566 4107 ne,

1980 4131 2132 4186 velut
2181 4131 2277 4203 qui
2325 4129 2610 4201 sapientia
2652 4129 2764 4183 vim
2817 4129 3333 4200 incomprehensam
3383 4130 3566 4186 littera

1981 4224 2541 4292 circumscribamus,
2575 4222 2948 4279 damnationis
2981 4225 3063 4278 rei
3096 4223 3432 4291 babeamur;
3472 4224 3566 4279 sed

1981 4335 2153 4390 super
2192 4316 2614 4381 candelabrum,
2649 4326 2894 4372 sanctam
2939 4317 3199 4371 nimirum
3246 4317 3568 4382 Ecclesiam,

308 4423 563 4494 θεωρίας,
590 4423 724 4474 πᾶσι
765 4421 827 4474 τὸ
857 4420 971 4490 φῶς
999 4421 1106 4476 τῶν
1137 4418 1299 4474 θείων
1330 4419 1616 4490 δογμάτων
1639 4415 1883 4488 πυρσεύ-

1988 4412 2046 4466 ἰη
2083 4411 2232 4465 celso
2267 4424 2413 4464 vera:
2451 4409 2942 4478 contemplationis
2977 4408 3224 4479 fastigio,
3257 4409 3571 4464 divinorum

306 4531 490 4572 ουσαν.

377 4695 478 4766 οη’.
518 4695 576 4748 '0
628 4693 728 4756 τὰς
769 4691 1078 4765 προσϐολὰς
1107 4690 1216 4743 τῶν
1255 4691 1528 4744 ἀκουσίων
1562 4691 1892 4762 πειρασμῶν

307 4787 445 4839 κατὰ
467 4786 554 4840 τὸν
580 4785 850 4856 μακάριον
880 4782 1000 4836 Ἰὼϐ
1031 4781 1270 4844 καὶτοὺς
1297 4783 1581 4849 γενναίους
1604 4783 1890 4853 μάρτυρας

307 4876 686 4944 ἀκατασείστῳ
740 4873 923 4944 φέρων
983 4871 1060 4942 τῷ
1104 4875 1460 4946 φρονήματι,
1507 4872 1698 4943 λύχνος
1743 4874 1890 4926 ἐστὶν

313 4965 553 5034 ἰσχυρὸς,
594 4964 1004 5018 ἀκατάσϐεστον
1027 4963 1121 5016 καὶ
1151 4962 1314 5026 αὐτὸς
1359 4963 1644 5032 φυλάττων
1673 4963 1734 5015 τὸ
1769 4962 1888 5031 φῶς

310 5055 412 5123 τῆς
444 5057 735 5126 σωτηρίας,
772 5059 829 5109 ὲν
859 5057 938 5126 τῷ
965 5057 1150 5126 τρόπῳ
1192 5058 1291 5126 τῆς
1320 5055 1469 5108 κατὰ
1513 5055 1614 5124 τὴν
1665 5055 1890 5125 ἀνδρίαν

314 5145 595 5217 ὑπομονῆς
646 5149 1070 5218 φυλαττόμενον,
1093 5148 1168 5211 ὼς
1214 5146 1305 5202 τὸν
1337 5147 1540 5220 Κύριον
1570 5149 1725 5217 ἰσχὺν
1750 5147 1889 5216 ἔχων

300 5240 410 5292 ’καὶ
445 5239 698 5310 ὖμνησιν.
733 5242 792 5294 '0
821 5242 877 5295 δὲ
911 5241 1196 5310 γινώσκων
1221 5238 1316 5293 τοῦ
1349 5237 1590 5311 πονηροῦ
1613 5239 1680 5292 τά
1711 5255 1888 5308 μηχα-

311 5328 379 5399 νῆ
389 5346 554 5398 ματα,
581 5331 674 5382 καὶ
717 5331 816 5394 τὰς
872 5349 934 5384 συ
944 5332 1192 5401 μπλοκάς
1237 5329 1344 5382 τῶν
1387 5329 1610 5399 ἀφανῶν
1633 5329 1883 5400 πολέμων

315 5420 416 5473 οὐκ
445 5421 675 5489 ἀγνοῶν,
701 5422 796 5475 καὶ
818 5417 972 5485 οὗτος
997 5423 1075 5493 τῷ
1120 5423 1260 5491 φωτὶ
1305 5423 1404 5493 τῆς
1434 5422 1692 5491 γνώσεως
1729 5439 1883 5494 περι-

391 5559 436 5593 ³³
467 5559 625 5614 Rom.
654 5578 766 5623 vni,
799 5563 883 5616 15.
961 5562 1004 5593 ³⁸
1031 5565 1217 5619 Matth.
1249 5582 1301 5628 v,
1332 5565 1413 5618 iii.

395 5677 412 5696 "
447 5673 693 5730 Thalass.
724 5690 777 5744 q.
808 5674 892 5727 65.

1989 4504 2172 4558 lucem
2203 4501 2558 4558 decretorum
2591 4501 2766 4556 instar
2796 4501 2954 4556 factis
2987 4501 3206 4557 cunctis
3237 4501 3397 4572 longe
3429 4516 3570 4571 pra:-

1982 4594 2255 4650 ferentem
2278 4593 2345 4647 “.

2056 4687 2142 4742 78.
2177 4683 2283 4752 Qui
2325 4682 2822 4739 involuntariarum
2871 4681 3239 4738 tentationum
3283 4681 3570 4745 incursus;

1984 4777 2132 4832 haud
2185 4791 2346 4832 secus
2397 4791 2464 4830 ac
2517 4774 2874 4830 beatissimus
2917 4771 3020 4828 Job
3075 4787 3140 4827 ac
3199 4770 3573 4826 strenuissimi

1985 4875 2283 4939 martyres,
2317 4866 2648 4921 inconcusso
2681 4863 2894 4936 perfert
2924 4862 3138 4926 animo,
3168 4861 3395 4915 lucerna
3429 4873 3573 4928 pra:-

1987 4969 2185 5030 potens
2213 4965 2318 5024 est,
2341 4959 2438 5029 qui
2463 4971 2520 5014 et
2546 4959 2663 5028 ipse
2696 4955 3087 5012 inexstinetum
3114 4961 3406 5007 conservet
3429 4949 3575 5006 salu-

1987 5053 2058 5108 tis
2089 5052 2310 5116 lumen,
2342 5049 2492 5119 quod
2527 5049 2583 5103 in
2613 5048 2794 5102 virilis
2829 5045 3111 5116 patientiae
3148 5042 3312 5098 modo
3347 5057 3573 5096 conser-

1987 5157 2178 5212 vatur;
2210 5145 2363 5200 velut
2393 5141 2608 5199 scilicet
2637 5139 2934 5196 Dominum
2971 5136 3144 5190 robur
3178 5143 3374 5188 nactus
3408 5140 3572 5200 atque

1988 5240 2262 5296 canticum
2285 5239 2350 5290 ³⁸.
2375 5235 2480 5304 Qui
2509 5243 2696 5290 autem
2720 5231 3046 5303 nequissimi
3078 5238 3226 5286 artes
3256 5235 3572 5298 perspectas

1992 5331 2188 5397 habet,
2221 5347 2324 5386 nec
2358 5327 2719 5384 invisibilium
2754 5325 3067 5396 praaliorum
3102 5335 3435 5392 congressus
3470 5335 3569 5374 ne-

1989 5423 2124 5488 scit;
2160 5423 2251 5477 hic
2275 5436 2495 5492 quoque
2522 5419 2767 5474 scientiae
2791 5418 2913 5471 luce
2943 5416 3316 5478 collustratus,
3343 5411 3570 5465 lucerna

1494 5566 1538 5596 ³⁵
1565 5565 1610 5617 ll
1635 5563 1768 5632 Reg.
1798 5577 1926 5626 χχιι,
1960 5562 2015 5627 2,
2049 5563 2116 5627 5;
2159 5561 2362 5618 Jerem.
2398 5577 2505 5624 xvr,
2547 5558 2644 5624 l9;
2680 5555 2820 5612 Psal.
2855 5569 2974 5617 Lxx,
3002 5552 3053 5618 6,
3088 5553 3138 5604 7.
