4110 6318
453 248 590 321 1339

455 478 633 536 quens
656 478 672 517 :
698 461 817 517 Non
844 461 983 513 enim
1011 459 1323 529 ignoramus
1350 457 1688 528 cogitationes
1721 459 1835 528 ejus
1857 458 1921 512 ³⁸.

531 639 620 696 79.
666 637 764 691 His
809 634 1035 704 quidem
1087 632 1182 702 qui
1236 631 1387 701 digni
1445 632 1709 685 virtutum
1763 629 2035 685 munditia

462 736 622 792 sunt,
656 726 919 795 Spiritus,
947 730 1171 777 sanctus
1202 737 1301 791 per
1334 721 1394 774 tit
1417 736 1586 775 mrem
1611 729 1668 773 et
1693 721 1955 790 pietatem
1982 731 2039 776 et

464 818 771 881 scientiam,
818 812 1267 868 emundationem
1310 811 1538 881 praebet.
1573 809 1671 866 His
1714 820 1898 866 autem
1944 813 2039 881 qui

464 909 614 980 digni
643 909 765 962 luce
794 916 945 973 sunt,
970 904 1375 960 noscendarum
1403 904 1829 960 illustrationem
1854 920 2040 960 rerum

466 999 769 1055 secundum
802 1013 896 1052 eas
926 995 1128 1066 quibus
1159 995 1432 1050 exsistunt
1461 995 1722 1059 rationes,
1754 1011 1852 1066 per
1884 996 2045 1051 forti-

468 1093 717 1149 tudinem
758 1100 815 1147 et
852 1090 1146 1146 consilium
1189 1098 1246 1144 et
1286 1089 1699 1160 intelligentiam
1749 1088 1935 1144 donat.
1976 1089 2048 1143 iis

469 1183 709 1251 denique
746 1180 842 1250 qui
880 1179 1032 1251 digni
1070 1186 1199 1233 sunt
1235 1178 1603 1242 deiﬁcatione,
1639 1194 1739 1248 per
1772 1178 2047 1233 lucidissi-

469 1288 615 1348 mam
642 1271 1059 1341 simplicemque
1082 1285 1144 1324 ac
1172 1270 1392 1324 totalem
1418 1268 1739 1339 sapientiam
1763 1269 2054 1339 perfectio-

472 1379 599 1420 nem
642 1363 890 1434 largitur,
921 1362 990 1416 ad
1034 1375 1223 1416 rerum
1265 1374 1363 1416 eos
1396 1360 1694 1416 Auctorem
1738 1360 2053 1416 immediate

474 1455 625 1511 omni
664 1454 849 1520 modo,
882 1454 1064 1526 quoad
1103 1452 1315 1508 homini
1355 1467 1679 1507 concessum
1717 1462 1819 1517 est,
1852 1452 2054 1507 subve—

475 1547 645 1613 hens;
679 1546 774 1615 qui
811 1560 879 1601 ex
917 1545 1049 1600 solis
1088 1544 1293 1599 divinis
1330 1542 1595 1598 bonitatis
1629 1543 2058 1613 proprietatibus

1637 253 1698 313 S.
1738 251 2024 313 MAXIMI
2056 248 2564 314 CONFESSORIS

450 373 561 430 aiia
593 368 815 434 claruit,
846 365 966 438 pari
1004 364 1117 421 fere
1156 379 1356 435 magno
1391 363 1656 434 Apostole
1694 365 1908 420 ratione
1949 365 2031 420 lo-
2066 378 2079 426 ε

2177 365 2486 437 ιιμπόμενος
2516 407 2531 431 ,
2579 364 2737 427 ἄλλος
2801 361 3008 435 πέφηνε
3079 361 3271 432 λύχνος

3581 231 3789 297 13ἑι)

3289 404 3304 428 .
3356 359 3434 430 τῷ
3492 359 3785 432 μεγάλῳ

2147 457 2457 527 Ἀποστόλῳ
2483 455 2875 527 προσηκόντως
2902 454 3297 525 φθεγγόμενος,
3333 455 3416 508 Οὐ
3466 454 3581 523 τὰρ
3621 456 3785 509 αὐ-

2133 547 2237 602 τοῦ
2267 547 2338 601 τὰ
2363 547 2636 616 νοήματα
2658 546 3018 615 ἀγνοοῦμεν.

2207 637 2306 691 οθ’.
2340 637 2452 708 Τὴν
2485 636 2584 708 μὲν
2612 635 2883 705 κάθαρσιν
2929 639 3041 700 τοῖς
3072 636 3245 703 ἀξίοις
3285 635 3384 705 τῆς
3427 635 3535 689 τῶν
3592 635 3781 705 ἀρε-

2138 729 2247 783 τῶν
2278 729 2671 800 καθαρότητος,
2708 729 2796 782 διὰ
2832 728 2999 798 φόϐου
3026 727 3119 781 καί
3148 726 3432 792 εὐσεϐείας
3463 728 3557 781 καὶ
3582 727 3778 796 γνὼ-

2144 836 2281 882 σεως
2308 822 2541 873 ποιεῖται
2571 818 2632 872 τὸ
2651 818 2877 888 Πνεῦμα
2900 817 2960 871 τὸ
3000 820 3155 887 ᾰγιον
3189 834 3203 848 ’
3230 817 3323 870 τδν
3350 816 3407 870 δὲ
3438 816 3777 886 φωτισμὸν

2143 909 2241 979 τῆς
2265 909 2376 963 τῶν
2407 908 2576 962 ὄντων
2611 909 2733 961 καθ’
2762 908 2856 972 οὓς
2891 909 3199 980 ὑπάρχουσι
3222 907 3415 976 λόγους
3443 907 3769 976 γνώσεως,

2145 999 2211 1053 δι’
2240 998 2421 1069 ἰσχύος
2463 998 2557 1050 καὶ
2601 996 2797 1067 βουλῆς
2844 998 2941 1051 καὶ
3002 996 3270 1060 συνέσεως
3315 997 3568 1068 δωρεῖται
3615 999 3773 1058 τοῖς

2148 1089 2321 1155 ἀξίοις
2350 1086 2525 1157 φωτός
2561 1104 2575 1117 ’
2603 1089 2704 1158 τὴν
2733 1087 2791 1141 δὲ
2816 1088 3154 1158 τελειότητα,
3184 1088 3271 1142 διὰ
3296 1090 3397 1159 τῆς
3426 1086 3768 1156 πιμφαοῦς

2150 1179 2245 1232 καί
2293 1178 2469 1247 ἁπλῆς
2520 1177 2618 1231 καὶ
2655 1177 2980 1249 ὁλοσχεροῦς
3026 1179 3220 1247 σοφίας
3278 1177 3567 1249 χαρίζεται
3616 1179 3769 1237 τοῖς

2152 1269 2325 1334 ἀξίοις
2341 1267 2612 1333 θεώσεως,
2648 1268 2784 1337 πρὸς
2809 1269 2909 1337 τὴν
2938 1269 3047 1322 τῶν
3079 1270 3248 1323 ὄντων
3280 1269 3476 1330 αἰτίαν,
3499 1268 3769 1338 ἁμέσως

2154 1361 2350 1423 αὖτοὺς
2374 1360 2573 1430 ἀνάγον
2603 1359 2745 1413 κατὰ
2773 1361 2953 1415 πάντα
2984 1361 3203 1432 τρόπον,
3239 1362 3315 1425 ὡς
3351 1360 3494 1413 ἔστιν
3521 1359 3761 1429 ἀνθρώ-

2156 1468 2243 1520 πῳ
2295 1450 2534 1515 δυνατὸν,
2576 1452 2641 1503 ὲκ
2691 1452 2867 1521 μόνων
2908 1451 3016 1504 τῶν
3058 1452 3215 1505 θείων
3252 1452 3350 1520 τῆς
3390 1451 3769 1520 άγαθότητος

2158 1542 2464 1611 ἰδιωμάτων
2517 1540 2988 1613 γνωριζομένους,
3023 1543 3142 1597 καθ’
3197 1544 3264 1614 ἣν
3312 1544 3376 1596 ὲκ
3426 1542 3564 1595 Θεοῦ
3634 1542 3767 1611 μὲν

477 1646 779 1693 noscantur
805 1654 818 1690 :
849 1651 958 1706 qua
985 1635 1248 1690 nimirum
1278 1649 1337 1691 se
1363 1650 1433 1690 ex
1459 1635 1572 1689 Deo
1597 1649 1773 1704 exque
1800 1649 1860 1690 se
1881 1634 2054 1689 Deum

2177 1636 2405 1700 ἑαυτοὺς,
2439 1636 2497 1703 ἐξ
2540 1635 2748 1690 ἑαυτῶν
2798 1636 2855 1689 δὲ
2898 1637 3259 1706 γινώσκοντες
3308 1637 3399 1691 τὸν
3431 1636 3597 1701 Θεὸν,
3634 1637 3769 1688 οὐκ

479 1730 586 1800 ipsi
619 1737 1036 1799 cognoscentes,
1065 1727 1219 1781 nullo
1263 1726 1541 1781 dividente
1576 1724 1758 1779 medio
1796 1739 1861 1779 ac
1892 1724 2061 1780 inter-

2177 1728 2317 1791 5ντος
2344 1727 2489 1790 τινὸς
2524 1727 2689 1798 μέσου
2711 1728 3132 1799 διατειχίζοντος
3158 1746 3174 1760 ο
3207 1730 3398 1799 σοφίας
3424 1728 3535 1799 γὰρ
3570 1717 3771 1798 μέσον

480 1821 737 1877 eludente
778 1819 1010 1891 (nullum
1045 1820 1195 1873 enim
1239 1817 1567 1888 sapientiam
1604 1818 1746 1872 inter
1785 1832 1850 1873 ac
1884 1818 2058 1872 Deum

485 1911 777 1983 medium),
803 1911 973 1966 nullis
991 1910 1283 1965 obnoxiam
1310 1909 1668 1964 varietatibus
1700 1909 2060 1965 immutabili-

483 2012 654 2059 tatem
682 2003 988 2068 habebunt;
1022 2002 1237 2057 cunctis
1264 2001 1479 2056 scilicet
1502 2000 1701 2056 mediis
1731 2016 1798 2055 ex
1829 2010 1947 2056 toto
1981 2000 2061 2055 eis

484 2094 795 2165 superatis,
834 2094 891 2147 in
925 2093 1129 2163 quibus
1167 2099 1229 2145 ut
1266 2092 1320 2145 in
1358 2091 1607 2156 scientia,
1636 2107 1705 2145 ne
1732 2090 2065 2160 quandoque

488 2202 648 2242 error
682 2187 992 2255 obreperet,
1027 2183 1334 2253 periculum
1379 2182 1489 2237 illis
1523 2181 1861 2237 vertebatur.
1897 2181 2068 2235 Porro

490 2277 670 2333 media
694 2285 873 2342 vocat,
897 2290 1084 2330 rerum
1109 2289 1231 2344 quae
1260 2273 1728 2353 intelligunturOac
1755 2287 1879 2341 quae
1902 2287 2066 2328 sensu

2163 1819 2314 1872 οὐδὲν
2346 1818 2481 1888 πρὸς
2505 1818 2659 1874 εῖδεόν⁸
2695 1821 2795 1892 τὴν
2825 1821 3416 1887 ἁναλλοίωτονέξουσιν
3441 1820 3766 1891 ἀτρεψίαν,

2165 1908 2274 1961 τῶν
2335 1910 2513 1978 μέσων
2552 1911 2734 1974 αὐτοῖς
2774 1910 2974 1975 ὑλικῶς
3007 1912 3229 1967 πάντων
3264 1911 3659 1974 διαϐαθέντων,
3695 1912 3771 1963 ὲν

2166 1992 2249 2063 οἷς
2277 1999 2525 2071 ὑπῆρχεν
2555 2003 2584 2055 ό
2620 2004 2747 2072 περῖ
2769 2003 2869 2074 τὴν
2894 2004 3097 2073 γνῶσίν
3128 2022 3257 2058 ποτε
3284 2003 3377 2057 τοῦ
3405 2000 3769 2073 σφάλλεσθαι

2170 2088 2430 2153 κίνδυνος.
2467 2092 2624 2146 Μέσα
2660 2093 2719 2146 δὲ
2757 2094 2932 2160 καλεῖ,
2968 2096 3068 2164 τὴν
3108 2095 3217 2149 τῶν
3250 2094 3455 2164 νοητῶν
3490 2094 3591 2147 καὶ
3632 2091 3764 2146 τῶν

2168 2179 2442 2252 αἰσθητῶν
2466 2183 2673 2250 οὐσίαν,
2697 2184 2763 2238 δι’
2786 2178 2861 2240 ὧν
2878 2187 3015 2257 πρὸς
3044 2185 3176 2240 Θεὸν
3199 2185 3273 2251 ὡς
3306 2185 3484 2239 αἰτίαν
3510 2184 3625 2238 τῶν
3647 2184 3751 2236 δν-

2169 2288 2300 2336 των,
2334 2275 2363 2326 ὁ
2392 2273 2732 2346 ἀνθρώπινος
2764 2280 2888 2342 νοῦς
2931 2277 3229 2346 ἀνάγεσθαι
3262 2278 3494 2346 πέφυκε.

492 2368 880 2440 percipiuntur
921 2365 1309 2432 substantiam,
1337 2364 1542 2436 quibus
1577 2365 1634 2419 in
1668 2364 1841 2418 Deum
1877 2370 1940 2417 ut
1978 2376 2166 2417 rerum
2217 2372 2501 2433 auctorem
2565 2368 2797 2437 provehi
2862 2368 3114 2424 humana:
3180 2376 3394 2423 natura:
3456 2379 3763 2436 compara-

495 2471 612 2516 tum
641 2468 745 2516 εει.

568 2551 658 2607 80.
696 2551 829 2619 Quae
873 2552 1061 2608 studet
1100 2551 1304 2607 actioni
1348 2548 1751 2621 philosophiam
1797 2546 2071 2610 eiiiciunt,

497 2644 686 2709 timor,
714 2643 891 2712 pietas
919 2651 976 2698 et
1006 2642 1237 2697 scientia
1271 2659 1286 2695 :
1319 2640 1625 2695 naturalem
1657 2638 1818 2710 605
1848 2652 1982 2693 vero
2018 2636 2075 2691 in

499 2735 697 2804 spiritu
720 2733 1152 2805 speculationem
1173 2739 1453 2804 praestant,
1475 2730 1762 2796 fortitudo,
1783 2727 2077 2784 consilium

498 2833 560 2879 et
588 2823 902 2879 intellectus
932 2840 946 2877 :
981 2823 1266 2895 mysticam
1300 2820 1541 2890 denique
1574 2818 1933 2889 theologiam,
1964 2815 2080 2872 sola

501 2914 689 2970 divina
716 2913 988 2985 sapientia
1016 2912 1269 2983 largitur.

575 3005 664 3060 81.
700 3004 1175 3072 Quemadmodum
1217 3002 1338 3057 ﬁeri
1377 3016 1490 3056 non
1532 3006 1742 3071 potest,
1772 3006 1831 3053 ut
1874 2997 2083 3067 absque

505 3096 631 3152 oleo
656 3097 883 3153 lucerna
908 3097 1237 3152 inexstincta
1261 3102 1545 3159 servetur;
1576 3092 1657 3148 sic
1681 3106 1862 3161 neque
1886 3099 1947 3145 ut
1966 3090 2085 3145 sine

508 3186 728 3252 habitu,
763 3186 1222 3242 convenientibus
1256 3196 1371 3240 tum
1414 3182 1719 3238 rationibus
1754 3190 1872 3235 tum
1909 3179 2089 3236 modis

510 3276 901 3346 moribusque,
926 3278 1214 3347 sensisque
1245 3291 1311 3331 ac
1337 3272 1767 3345 cogitationibus
1801 3272 2088 3342 congruis,

512 3382 636 3438 quae
665 3367 897 3423 honesta
929 3375 1090 3434 sunt,
1122 3365 1447 3421 confovente
1477 3378 1541 3418 ac
1575 3362 1883 3432 nutriente,
1913 3362 2088 3417 dono—

514 3473 638 3512 rum
679 3458 866 3513 lumen
910 3455 1297 3511 inexstinctum
1332 3452 1696 3508 custodiatur.
1730 3450 1903 3506 Omne
1944 3450 2091 3510 enim

515 3548 765 3618 spiritale
810 3547 1053 3616 donum,
1090 3543 1445 3603 convenieuti
1488 3551 1653 3616 atque
1681 3543 1846 3625 .aiﬁni
1889 3545 2095 3616 indiget

518 3640 732 3709 habitu,
753 3656 865 3712 quo
889 3640 1039 3696 velut
1063 3641 1266 3706 oleum,
1286 3639 1492 3711 jugiter
1512 3638 1563 3695 ei
1587 3638 1653 3694 ad
1679 3637 2094 3709 intelligendum

521 3731 752 3785 materia
788 3729 1140 3796 infundatur,
1169 3737 1231 3783 ut
1262 3744 1362 3799 pro
1395 3728 1516 3800 ejus
1545 3727 1641 3798 qui
1674 3726 1872 3796 recipit
1904 3726 2096 3782 habitu

520 3821 740 3877 ﬁrmum
768 3829 989 3883 maneat
1012 3835 1078 3874 ac
1106 3828 1377 3875 teneatur.

593 3912 682 3967 82.
708 3911 1179 3980 Quemadmodum
1206 3909 1326 3965 ﬁeri
1357 3924 1470 3965 non
1498 3898 1680 3980 potest
1703 3916 1765 3963 ut
1785 3905 1903 3962 sine
1931 3906 2096 3973 oliva,

525 4017 714 4059 verum
742 4011 939 4059 natura
963 4017 1028 4057 ac
1055 4001 1355 4072 genuinum
1385 4000 1568 4055 oleum
1594 4014 1825 4069 usquam
1856 3997 2102 4053 invenia-

525 4104 645 4161 tur;
688 4095 774 4150 vel
814 4103 875 4149 ut
915 4094 1036 4149 sine
1070 4107 1201 4149 vase
1239 4092 1491 4162 capiente
1531 4090 1713 4146 oleum
1753 4089 2103 4145 contineatur

527 4195 693 4257 atque
714 4194 997 4251 servetur;
1027 4200 1090 4240 ac
1117 4185 1279 4254 plane
1308 4184 1382 4237 ita
1405 4183 1573 4238 rebus
1598 4188 1972 4251 comparatum
1995 4187 2100 4247 est,

2246 2554 2321 2603 π’.
2353 2549 2467 2620 Τὴν
2497 2551 2596 2621 μὲν
2626 2552 2937 2623 πρακτικὴν
2974 2549 3329 2621 φιλοσοφίαν,
3361 2548 3559 2620 φόϐος,
3589 2547 3763 2600 εὐσέ-

2177 2637 2301 2694 ϐειά
2334 2655 2394 2693 τε
2421 2640 2517 2693 καὶ
2548 2639 2747 2709 γνῶσις
2777 2639 3102 2712 ἐργάζονται
3127 2654 3143 2671 ⁶
3180 2640 3280 2712 τὴν
3312 2639 3370 2692 δὲ
3401 2636 3642 2708 φυσικὴν
3690 2638 3758 2689 ὲν

2177 2730 2451 2801 πνεύματι
2474 2731 2727 2802 θεωρίαν,
2764 2732 2918 2802 ἰσχὺς
2944 2733 3037 2787 καὶ⁵
3067 2733 3232 2805 βουλὴ
3251 2731 3344 2785 καὶ
3367 2729 3586 2793 σύνεσις
3614 2745 3761 2782 κατ·

2176 2822 2397 2896 ορθοῦσι
2430 2839 2446 2856 ο
2481 2823 2583 2895 τὴν
2632 2822 2690 2877 δὲ
2741 2824 3011 2897 μυστικὴν
3076 2824 3381 2894 θεολογίαν,
3412 2821 3576 2891 σοφία
3635 2820 3764 2874 θεία

2108 2946 2151 3006 C
2187 2916 2322 2988 μόνη
2357 2917 2659 2990 χαρίζεται.

2257 3017 2369 3066 παθ.
2405 3010 2618 3083 Ὥσπερ
2649 3012 2831 3066 ἐλαίου
2853 3011 3046 3083 χωρὶς,
3069 3009 3336 3064 ἄσϐεστον
3363 3003 3763 3077 διατηρηθῆναι

2186 3100 2379 3172 λύχνον
2426 3103 2709 3173 ἀμήχανον
2728 3147 2744 3172 ,
2774 3101 2948 3167 οὕτως
2990 3102 3157 3166 ἕξεως
3189 3098 3393 3171 χωρὶς,
3428 3094 3764 3167 προσφόροις

2190 3193 2282 3247 καὶ
2309 3192 2491 3261 λόγοις
2521 3196 2615 3248 καὶ
2635 3194 2859 3263 τρόποις
2887 3193 2982 3248 καὶ
3015 3193 3192 3265 ἤθεσι,
3220 3189 3455 3262 νοήμασι
3481 3205 3539 3241 τε
3568 3183 3637 3242 αὗ
3657 3186 3763 3243 καὶ

2189 3285 2470 3356 λογισμοῖς
2519 3288 2631 3349 τοῖς
2676 3286 2979 3355 καθήκουσι
3019 3283 3087 3336 τὰ
3128 3282 3271 3336 καλὰ
3313 3278 3756 3352 διατρεφούσης,

2192 3376 2455 3431 ἄσϐεστον
2476 3375 2815 3451 φυλαχθῆναι
2844 3376 2905 3440 τὸ
2928 3374 3044 3448 φῶς
3073 3374 3185 3433 τῶν
3221 3372 3577 3448 χαρισμάτων
3609 3374 3761 3446 ἀμή-

2193 3488 2375 3541 χανον.
2408 3473 2522 3527 Πᾶν
2570 3471 2679 3544 γάρ
2719 3471 2972 3543 χάρισμα
3024 3468 3393 3540 πνευματικὸν
3442 3465 3764 3537 προσφυοῦς

2193 3561 2386 3634 Χρήξει
2410 3562 2512 3632 τῆς
2545 3560 2732 3629 ἕξεως,
2768 3559 3060 3624 ἀπαύστως
3090 3556 3414 3629 ὲπιχεούσης
3445 3553 3590 3625 αὐτῷ
3623 3554 3760 3614 καθ-

2195 3654 2340 3725 άπερ
2393 3653 2572 3708 ἔλαιον
2612 3654 2714 3725 τὴν
2770 3652 2902 3723 ὓλην
2944 3649 3045 3722 τὴν
3089 3649 3322 3721 νοεράν,
3368 3648 3456 3702 ἵνα
3512 3646 3760 3717 διαμείνῃ

2196 3747 2339 3800 κατὰ
2368 3744 2467 3817 τὴν
2492 3744 2607 3809 ἕξιν
2638 3744 2730 3798 τοῦ
2764 3742 3058 3813 δεξαμένου
3092 3740 3486 3811 κρατούμενον.

2271 3924 2384 3996 πβθ.
2416 3922 2632 3992 Ὠσπερ
2662 3919 2848 3982 ἐλαίας
2878 3918 3071 3990 χωρὶς,
3102 3917 3204 3970 οὐκ
3231 3915 3382 3969 ἔστιν
3400 3911 3652 3984 οὐδαμῶς
3671 3913 3760 3966 εὑ-

2203 4019 2317 4090 ρεῖν
2346 4016 2510 4086 φύσει
2538 4014 2660 4069 κατ’
2687 4012 2947 4084 ἀλήθειαν
2964 4011 3189 4080 γνήσιον
3218 4008 3398 4061 ἔλαιον
3432 4023 3448 4039 ·
3484 4006 3681 4075 άγγους
3705 4004 3760 4059 δὲ

2203 4110 2328 4180 δίχα
2356 4106 2677 4181 κρατεῖσθαι
2711 4104 2805 4160 τοῦ
2838 4101 3126 4175 δεχομένου
3153 4101 3214 4154 τὸ
3241 4099 3421 4153 ἔλαιον
3442 4099 3502 4152 οὐ
3527 4095 3760 4151 δυνατόν·

2204 4201 2370 4272 ἐλαίῳ
2398 4200 2454 4253 δὲ
2484 4198 2558 4270 μὴ
2589 4197 2927 4271 τρεφόμενον
2964 4193 3250 4248 σϐέννυται
3293 4192 3510 4253 πάντως
3542 4187 3621 4242 τὺ’
3640 4187 3761 4258 λυχ-

530 4287 593 4334 ιιι
623 4278 769 4348 quod
802 4279 924 4333 oleo
955 4293 1063 4333 non
1096 4277 1340 4332 nutritur
1368 4275 1607 4330 lucernae
1641 4274 1851 4338 lumen,
1876 4271 2079 4328 omnim

2205 4271 2376 4347 νιαῖον
2406 4291 2546 4361 φῶς·
2582 4289 2724 4343 οὕτω
2753 4287 2861 4342 τῶν
2889 4283 3060 4353 ἁγίων
3080 4280 3314 4354 Γραφῶν
3335 4281 3523 4351 χωρὶς,
3544 4279 3638 4332 οὐκ
3653 4277 3762 4331 ἔστι

527 4371 909 4441 exstinguatur
937 4387 952 4424 :
995 4370 1076 4425 sic
1107 4369 1316 4439 absque
1351 4367 1555 4423 divinis
1600 4365 1930 4436 Seripturis,
1961 4365 2075 4420 null

2205 4385 2349 4444 κατὰ
2430 4381 2690 4452 ἀλήθειαν
2761 4379 2994 4450 δύναμις
3069 4375 3358 4447 νοημάτων
3423 4370 3757 4441 θεοπρεπὴς·

533 4478 662 4520 vere
685 4464 873 4519 divina
901 4476 1190 4518 sensorum
1230 4459 1318 4515 vis
1347 4474 1413 4515 ac
1454 4458 1714 4529 majestas
1742 4456 1978 4522 exsistit,
2010 4470 2079 4512 ne

2205 4479 2372 4544 ἕξεως
2399 4475 2459 4531 δὲ
2489 4475 2635 4546 δίχα,
2666 4473 2920 4542 καθάπερ
2954 4470 3157 4540 άγγους
3184 4465 3473 4537 νοημάτων
3494 4462 3759 4527 δεκτικοῦ,

534 4553 655 4608 sine
682 4552 896 4617 habitu,
921 4566 1033 4620 quo
1065 4551 1215 4605 velut
1243 4564 1371 4604 vase
1404 4548 1497 4602 illa
1531 4548 1939 4611 contineantur,
1966 4544 2110 4600 divi-

535 4657 644 4698 nus
674 4658 904 4712 usquam
937 4650 1239 4711 conceptus
1266 4639 1522 4696 consistit
1548 4657 1563 4693 :
1594 4653 1662 4694 ac
1688 4646 1971 4709 postremo
2001 4634 2110 4690 nisi

536 4734 686 4806 quod
713 4734 769 4789 in
796 4733 958 4790 donis
980 4733 1225 4789 scientiae
1251 4738 1440 4788 lumen
1471 4740 1576 4797 est,
1603 4730 1807 4785 divinis
1839 4726 2111 4800 ejusmodi

538 4825 714 4881 sensis
742 4841 807 4881 ac
830 4824 1189 4896 conceptibus
1214 4824 1515 4888 nutriatur,
1536 4822 1625 4877 his
1650 4823 1742 4892 qui
1772 4822 1866 4876 illo
1895 4818 2110 4891 praediti

541 4915 652 4972 sint
668 4954 695 4981 ,κ
711 4915 1099 4972 inexstinctum
1125 4913 1548 4983 haudquaquam
1573 4909 1865 4965 exstiterit.

611 5007 700 5064 85.
726 5005 937 5063 Olivam
965 5021 1087 5077 qua:
1107 5021 1138 5060 a
1162 5003 1401 5062 sinistris
1421 5003 1485 5070 ³⁷,
1508 5003 1679 5058 Vetus
1702 5001 2114 5055 Testamentum

541 5098 852 5171 signiﬁcare
886 5098 1171 5162 existimo,
1205 5105 1266 5151 ut
1294 5094 1444 5167 quod
1476 5092 1878 5165 philosophiam
1914 5089 2114 5145 actioni

542 5189 855 5246 studentem
896 5189 1070 5260 magis
1107 5195 1265 5243 curet
1302 5203 1316 5240 ε
1356 5200 1479 5256 quae
1517 5193 1701 5240 autem
1747 5197 1777 5237 a
1818 5181 2026 5237 dextris
2045 5179 2111 5247 ³⁸,

544 5278 757 5333 Novum
790 5279 1219 5341 Testamentum,
1246 5276 1395 5347 quod
1427 5289 1630 5331 novum
1663 5272 1981 5345 mysterium
2012 5269 2113 5324 do-

546 5378 690 5437 ceat,
719 5385 784 5426 ac
814 5371 909 5441 qui
941 5371 997 5426 in
1027 5369 1259 5441 singulis
1292 5367 1532 5423 ﬁdelium
1564 5375 1668 5431 est,
1698 5363 1945 5419 habitum
1979 5376 2112 5417 con-

552 5460 922 5529 templationis
951 5459 1167 5516 efficiat.
1196 5457 1336 5514 illud
1368 5456 1612 5528 quidem,
1639 5454 1860 5511 virtutis
1890 5451 2109 5518 modos,

618 5645 662 5677 ³⁸
703 5637 746 5694 ιι
774 5636 898 5693 Cor.
928 5654 986 5703 ιι,
1018 5639 1102 5693 ii.
1181 5627 1224 5669 ³³
1253 5636 1478 5691 Zachar.
1507 5652 1579 5702 tv,
1609 5638 1662 5692 5.
1740 5626 1782 5665 ⁵⁸
1818 5629 1953 5686 ibid.

2206 4567 2459 4638 οὐδαμῶς
2484 4566 2549 4620 ἂν
2575 4562 2805 4632 συσταίη
2836 4560 3016 4632 νόημα
3041 4560 3184 4614 θετον
3215 4575 3230 4590 ·
3267 4557 3438 4619 θείοις
3466 4554 3523 4607 δὲ
3546 4556 3760 4624 νοήμασι

2213 4659 2288 4731 μὴ
2313 4657 2649 4729 τρεφόμενον
2682 4653 2744 4708 τὸ
2769 4652 2887 4722 φῶς
2929 4651 3030 4721 τῆς
3059 4650 3118 4703 ὲν
3148 4650 3260 4713 τοῖς
3304 4647 3605 4719 χαρίσμασι
3630 4641 3762 4713 γνώ-

2213 4765 2377 4814 σεως,
2412 4747 2680 4804 ἄσϐεστον
2711 4744 2772 4799 ού
2810 4743 3159 4813 συν-τηρεῖται
3189 4740 3303 4803 τοῖς
3334 4735 3538 4808 ἔχουσι.

2285 4988 2402 5058 πγ’.
2429 4984 2541 5057 Τὴν
2564 4984 2664 5055 μὲν
2683 4980 2932 5037 Παλαιὰν
2962 4980 3258 5051 Διαθήκην,
3288 4977 3387 5049 τὴν
3408 4975 3468 5042 ἐξ
3493 4974 3763 5046 εὐωνύμων

2215 5079 2411 5134 ἐλαίαν
2449 5076 2822 5147 ὑπολαμϐάνω
2870 5074 3182 5146 σημαίνειν,
3211 5072 3288 5136 ὡς
3332 5070 3434 5141 τῆς
3479 5072 3763 5140 πρακτικῆς

2224 5167 2428 5241 μᾶλλον
2462 5164 2872 5238 προνοουμένην
2898 5160 3217 5232 φιλοσοφίας
3237 5176 3252 5191 ’
3286 5158 3382 5231 τὴν
3410 5159 3477 5211 ἐκ
3504 5155 3674 5219 δεξιῶν
3691 5157 3762 5221 δὲ,

2224 5259 2324 5331 τὴν
2357 5258 2505 5312 Νέαν
2543 5254 2842 5327 Διαθήκην,
2877 5253 2953 5317 ὡς
2980 5249 3171 5306 καινοῦ
3210 5248 3508 5322 μυστηρίου
3540 5245 3764 5301 διδάσκα-

2221 5352 2334 5415 λον,
2362 5348 2459 5403 καὶ
2514 5348 2613 5419 τῆς
2662 5348 2720 5401 ὲν
2774 5346 2990 5415 ἑκάστῳ
3032 5342 3155 5403 ,τῶν
3205 5340 3412 5396 πιστῶν
3453 5337 3765 5408 θεωρητικῆς

2219 5445 2385 5513 ἕξεως
2427 5442 2735 5513 ποιητικήν.
2806 5438 2869 5494 Ἥ
2903 5438 3002 5510 μὲν
3033 5436 3162 5509 γὰρ,
3207 5433 3414 5509 ἀρετῆς
3459 5431 3695 5504 τρόπους.
3736 5432 3764 5502 ἡ
