4110 6318
430 243 563 313 1341

1103 245 1439 319 CAPITUM
1479 249 1902 323 QUINQUIES
1940 253 2462 317 CENTENORUM
2499 257 2889 318 CENTURIA
2931 257 3023 318 IV.

3557 255 3694 326 1342
3744 280 3749 281 ί

421 358 501 425 δὲ,
528 357 783 426 γνώσεως
823 358 1015 428 λόγους
1066 362 1370 433 παρέχεται
1404 364 1515 426 τοῖς
1542 364 1607 416 τὰ
1633 363 1754 418 θεῖα
1788 365 2005 433 φιλοσο-

2110 366 2257 423 istud
2286 383 2442 436 vero,
2475 370 2722 425 scientia:
2755 370 2999 431 rationes
3026 368 3214 424 divina
3251 368 3689 440 phil050pbanti-

421 451 602 522 φοῦσι·
633 456 726 507 καὶ
760 457 792 525 ἡ
821 455 939 526 μὲν,
972 456 1072 524 τῆς
1101 456 1212 509 τῶν
1239 457 1534 528 ὁρωμσὲνων
1555 458 1787 531 ὁμίχλης
1813 459 1987 531 ὑφαρ-

422 546 670 612 πάζουσα
690 548 823 617 πρὸς
847 549 906 601 τὸ
938 551 1197 618 συγγενὲς
1215 551 1409 620 ἀνάγει
1429 551 1520 603 τὸν
1536 552 1684 613 νοῦν,
1704 554 1881 623 πάσης
1906 570 2005 606 κα-

423 638 587 710 θαρὸν
635 639 826 712 ὑλικῆς
865 641 1170 711 φαντασίας
1216 645 1582 715 γεγενημένον
1613 660 1628 673 ·
1678 646 1711 712 ἠ
1772 643 1851 705 δὲ,
1904 643 2002 712 τῆς

423 729 612 800 ὑλικῆς
643 732 1017 801 προσπαθείας
1057 734 1218 788 αὑτὸν
1250 734 1641 804 ἀποκαθαίρει,
1666 732 1745 805 τῷ
1781 734 1879 804 τῆς
1910 734 2001 786 ἁν-

420 822 574 891 δρίας
596 824 1016 897 τόνῳ,καθάπερ
1051 824 1235 898 σφύρᾳ
1262 827 1373 880 τινὶ
1415 829 1541 891 τοὺς
1573 827 1708 899 πρὸς
1749 826 1811 879 τὸ
1843 826 2003 897 σῶμα

420 914 518 983 τῆς
540 917 770 986 γνώμης
796 916 940 970 κατὰ
963 917 1062 988 τὴν
1096 917 1279 989 σχέσιν
1305 920 1682 991 ἐκκρουομένη
1708 918 1894 989 ἥλους.

496 1086 604 1143 τπδ’.
653 1089 717 1143 Ἡ
750 1091 851 1161 μὲν
886 1091 1124 1160 Παλαιὰ,
1157 1093 1218 1146 τὸ
1250 1093 1410 1164 σῶμα
1448 1092 1586 1164 πρὸς
1637 1093 1816 1166 ψυχὴν
1854 1093 2002 1162 λογι-

431 1179 558 1233 σθὲν
581 1181 904 1248 ἀναϐιϐάζει
933 1183 1023 1237 διὰ
1061 1185 1242 1255 μέσων
1282 1185 1393 1239 τῶν
1450 1186 1685 1256 ἀρετῶν,
1720 1186 2002 1240 κωλύουσα

423 1273 521 1327 τοῦ
556 1273 690 1345 πρὸς
713 1277 872 1346 σῶμα
902 1276 992 1330 τὸν
1028 1276 1153 1330 νοῦν
1189 1276 1652 1341 καταϐιϐάζεσθαι
1673 1295 1685 1308 ⁸
1712 1280 1745 1348 ἡ
1774 1278 1831 1330 δὲ
1863 1278 1999 1340 Νέα,

423 1368 516 1420 τὸν
547 1367 671 1421 νοῦν
718 1368 854 1439 πρὸς
902 1368 993 1423 τὸν
1043 1369 1175 1422 Θεὸν
1218 1369 1574 1434 ἀναϐιϐάζει,
1605 1370 1683 1440 τῷ
1721 1372 1858 1443 πυρὶ
1890 1371 1993 1439 τῆς

424 1458 649 1529 ἀγάπης
669 1459 1036 1530 πτερουμενον
1068 1463 1103 1513 '.
1137 1462 1245 1515 Καὶ
1272 1463 1304 1532 ἡ
1339 1461 1458 1534 μὲν,
1486 1462 1683 1516 ταύτὸν
1710 1462 2003 1535 ἐργάζεται

402 1548 504 1619 ’τῷ
543 1548 627 1603 νοῒ
689 1550 743 1603 τὸ
804 1551 958 1622 σῶμα
991 1553 1135 1606 κατὰ
1167 1553 1266 1624 τὴν
1304 1554 1452 1608 θέσει
1480 1554 1695 1626 κίνησιν
1724 1554 1822 1625 (ιι)·
1859 1557 1893 1625 ἡ
1921 1554 2000 1620 δὲ,

425 1640 623 1694 ταύτὸν
648 1640 726 1713 τῷ
762 1642 881 1713 Θεῷ
908 1643 999 1696 τὸν
1033 1646 1157 1698 νοῦν
1190 1647 1445 1700 ἀποτελεῖ
1470 1647 1612 1701 κατὰ
1640 1647 1739 1719 τὴν
1764 1647 1876 1711 ἕξιν
1904 1649 2001 1718 τῆς

2105 460 2211 517 bus
2240 462 2451 534 praebet
2479 481 2492 517 :
2523 470 2685 532 atque
2710 463 2951 517 alterum
2980 459 3228 531 quidem,
3253 476 3283 515 a
3308 476 3492 515 rerum
3516 465 3694 520 oculis

2105 553 2482 625 subiectarum
2511 553 2744 625 caligine
2774 552 3036 622 paulatim
3066 552 3311 606 animum
3343 552 3691 623 abstrahens,

2104 644 2172 699 ad
2232 643 2284 699 id
2344 644 2603 699 subvehit
2645 644 2793 714 quod
2838 642 3000 698 affine
3050 653 3107 696 et
3152 650 3446 711 cognatum
3493 654 3611 711 est,
3659 662 3693 701 α

2108 745 2332 791 terreno
2365 736 2517 790 omni
2554 736 2796 806 cogitatu
2833 732 3190 798 mundatum;
3226 732 3458 787 alterum
3485 748 3635 801 vero,
3659 751 3692 789 a

2107 835 2326 882 terrena
2360 826 2653 882 affectione
2689 840 2754 879 ac
2786 823 3017 880 libidine
3051 822 3305 888 mundat,
3343 822 3494 876 velut
3526 822 3692 875 nimi-

2106 936 2228 974 rum
2270 920 2469 974 malleo
2508 917 2771 988 quodam,
2805 914 3150 970 fortitudinis
3185 915 3404 983 vigore,
3448 907 3692 970 excussis

2106 1012 2311 1083 quibus
2336 1012 2554 1080 corpori
2582 1025 2738 1063 mens
2762 1007 3023 1079 illigatur,
3048 1004 3298 1059 libidinis
3325 1004 3513 1058 clavis.

2177 1104 2267 1158 84.
2316 1100 2485 1156 Vetus
2529 1100 2752 1171 quidem
2797 1099 3249 1161 Testamentum,
3295 1111 3498 1166 corpus
3544 1096 3694 1151 velut

2106 1194 2318 1248 ratione
2353 1193 2622 1246 imbutum
2656 1189 2999 1246 intermediis
3020 1187 3323 1243 virtutibus
3351 1186 3416 1240 ad
3447 1186 3692 1240 animum

2106 1285 2383 1349 subvehit,
2419 1284 2720 1354 prohibens
2759 1298 2829 1337 ne
2868 1296 3026 1335 mens
3064 1280 3132 1335 ad
3172 1295 3375 1350 corpus
3414 1278 3691 1348 deprima-

2108 1388 2228 1444 tur;
2257 1377 2471 1432 Novum
2493 1382 2698 1437 autem,
2724 1380 2965 1426 mentem
2994 1371 3050 1424 in
3079 1371 3251 1424 Deum
3279 1369 3485 1436 evehit,
3512 1370 3694 1424 chari-

2106 1471 2234 1526 tatis
2277 1470 2400 1541 igne
2441 1468 2624 1521 volatu
2672 1465 2960 1520 sublimem
3003 1459 3483 1533 606'efl‘cctam.
3516 1463 3693 1532 Atque

2105 1561 2339 1616 alterum
2365 1558 2610 1630 quidem,
2632 1572 2835 1627 corpus
2861 1556 3005 1610 idem
3035 1570 3160 1609 cum
3187 1560 3371 1607 mente
3394 1553 3693 1608 voluntatis

2107 1662 2257 1708 motu
2290 1650 2483 1716 efficit;
2519 1650 2775 1713 alterum,
2802 1647 2948 1702 idem
2985 1661 3110 1700 cum
3142 1644 3256 1699 Deo
3282 1653 3523 1699 mentem
3555 1644 3691 1697 cha-

427 1738 650 1802 χάριτος
689 1733 959 1804 τοσαύτην
1007 1735 1199 1806 ἔχοντα
1226 1738 1363 1807 πρὸς
1386 1738 1519 1791 Θεὸν
1551 1737 1647 1809 τὴν
1681 1739 2000 1808 ἐμφέρειαν,

2109 1744 2289 1800 ritatis
2329 1743 2523 1797 habitu
2563 1740 2762 1805 reddit,
2799 1748 2948 1793 tanta
2985 1754 3111 1793 cum
3148 1735 3263 1791 Deo
3296 1736 3486 1805 sicque
3525 1750 3691 1790 aecu-

426 1821 567 1875 ὥστε
591 1823 680 1876 τὸν
712 1823 844 1878 Θεὸν
867 1826 934 1879 δι’
969 1828 1133 1881 αὑτοῦ
1168 1828 1570 1900 γνωρίζεσθαι,
1596 1830 1687 1882 τὸν
1720 1827 1781 1893 ἐξ
1811 1828 2003 1882 ἑαυτοῦ

426 1914 566 1968 κατὰ
587 1913 747 1985 φύσιν
772 1915 1022 1987 οὐδαμῶς
1045 1920 1369 1991 τοπαράπαν
1388 1920 1563 1974 οὐδενὶ
1583 1922 2003 1992 γινωσκόμενον,

424 2002 501 2068 ὡς
527 2004 591 2059 ἐκ
616 2023 762 2069 τινος
781 2008 991 2072 εἰκόνος
1026 2011 1355 2082 ἀρχέτυπον.

498 2095 604 2151 πε’.
645 2097 708 2152 Ἡ
744 2101 841 2170 μὲν
871 2102 1083 2157 Παλαιὰ
1105 2104 1373 2174 Διαθήκη,
1407 2105 1659 2175 πράξεως
1684 2106 1777 2158 καὶ
1803 2105 2005 2177 ἀρετῆς

426 2186 750 2259 ὑπάρχουσα
807 2191 1099 2262 σύμϐολον,
1132 2200 1443 2265 συμφωνεῖν
1501 2198 1561 2251 τὸ
1609 2198 1767 2268 σῶμα
1816 2198 1893 2268 τῷ
1924 2198 2004 2251 νοῒ

426 2282 841 2382 παρασκευάζει
867 2285 1010 2339 κατὰ
1040 2287 1140 2358 τὴν
1165 2289 1378 2358 κίνησιν
1408 2306 1422 2320 ο
1459 2292 1491 2361 ἠ
1520 2292 1574 2343 δὲ
1602 2292 1735 2356 Νέα,
1769 2293 2003 2359 θεωρίας

424 2372 559 2422 οὖσα
601 2372 696 2424 καὶ
749 2372 1006 2441 γνώσεως
1048 2380 1329 2449 ποιητικὴ,
1374 2379 1464 2432 τὸν
1511 2381 1789 2449 μυστικῶς
1832 2384 2004 2451 αὐτῆς

424 2461 778 2531 ἁντεχὸμενον
847 2465 969 2519 νοῦν
1033 2470 1145 2533 τοῖς
1197 2469 1363 2534 eam;
1425 2473 1659 2543 νοήμασι
1730 2491 2001 2544 καταφαν-

423 2554 614 2622 δρύνει
650 2558 742 2610 καὶ
772 2561 883 2623 τοῖς
934 2562 1282 2633 γνωρίσμασι
1308 2566 1345 2585 ’⁸
1372 2582 1385 2595 ’
1416 2565 1512 2617 καὶ
1539 2566 1575 2637 ἡ
1623 2568 1720 2637 μὲν
1767 2568 2001 2630 Παλαιὰ,

420 2646 500 2716 τῷ
528 2651 815 2721 γνωστικῷ
850 2656 1077 2723 χορηγεῖ
1107 2656 1233 2719 τοὺς
1271 2658 1506 2728 τρόπους
1537 2658 1645 2712 τῶν
1675 2658 1887 2728 ἀρετῶν
1923 2678 1934 2689 ·
1964 2662 1996 2730 ἡ

422 2737 480 2792 δὲ
505 2741 641 2808 Νέα,
663 2742 742 2814 τῷ
776 2747 1065 2818 πρακτικῷ
1092 2746 1348 2815 γνώσεως
1367 2749 1602 2821 ἀληθοῦς
1620 2749 1810 2820 λόγους
1841 2753 2000 2824 χοιρί’

422 2833 594 2897 (aut.

406 2938 415 2946 '
498 2931 617 2989 σις’.
659 2926 913 2982 Ἐκείνων
937 2931 964 2981 ὁ
1000 2930 1131 2992 Θεὸς
1152 2930 1372 2999 λέγεταί
1409 2950 1468 2985 τε
1496 2934 1591 2987 καὶ
1616 2933 1828 3002 γίνεται
1861 2934 2003 2988 κατὰ

2108 1845 2226 1892 rata
2254 1833 2639 1897 similitudine,
2667 1840 2729 1885 ut
2757 1846 2825 1885 ex
2857 1845 2920 1883 ea
2952 1829 3100 1883 Deus
3133 1836 3516 1897 cognoscatur,
3540 1826 3693 1881 velut

2104 1944 2173 1983 ex
2220 1927 2458 1996 imagine
2497 1939 2593 1979 seu
2643 1922 2941 1977 simulacro
2986 1917 3289 1988 exemplar,
3335 1915 3422 1985 qui
3467 1915 3586 1985 ipse
3623 1929 3692 1968 ex

2104 2020 2288 2090 seipse
2318 2034 2350 2074 a
2380 2016 2535 2071 nullo
2558 2028 2790 2084 usquam
2825 2026 3052 2082 prorsus
3084 2018 3283 2064 natura
3316 2006 3689 2078 cognoscitur.

2174 2111 2263 2166 85.
2298 2110 2470 2165 Vetus
2512 2107 2735 2178 quidem
2778 2104 3226 2165 Testamentum,
3260 2099 3411 2171 quod
3456 2098 3691 2153 actionis

2104 2217 2269 2274 atque
2304 2202 2529 2257 virtutis
2567 2200 2639 2255 sit
2679 2197 3012 2268 symbolum,
3047 2194 3297 2265 corporis
3339 2207 3464 2247 cum
3505 2198 3688 2245 mente

2104 2312 2435 2354 consensum
2472 2294 2627 2358 facit,
2657 2291 2804 2363 quod
2851 2290 3048 2344 attinet
3085 2287 3152 2341 ad
3193 2295 3433 2365 motum;
3475 2283 3689 2337 Novum

2104 2395 2322 2449 autem,
2359 2383 2506 2453 quod
2556 2382 2629 2435 sit
2668 2374 3149 2447 contemplationis
3192 2388 3256 2428 ac
3305 2370 3549 2426 scientize
3591 2383 3689 2447 pa-

2103 2494 2260 2544 rens,
2296 2484 2536 2530 mentem
2580 2471 2683 2542 ipsi
2726 2464 2955 2541 mystice
2988 2467 3290 2535 impensam
3327 2470 3493 2530 atque
3527 2458 3688 2513 dedi-

2106 2581 2236 2635 tam,
2270 2568 2476 2625 divinis
2510 2564 2689 2622 sensis
2720 2562 2978 2629 notisque
3009 2561 3242 2613 exornat
3279 2571 3292 2606 ι
3328 2561 3491 2621 atque
3522 2550 3690 2604 Vetus

2102 2662 2350 2734 quidem,
2375 2656 2608 2729 spiritali
2644 2671 2708 2711 ac
2737 2650 2972 2722 sapienti
2999 2649 3271 2702 virtutum
3307 2641 3690 2699 subministrat

2102 2731 2323 2819 modos;
2349 2750 2560 2806 Novum
2587 2754 2793 2811 autem,
2818 2740 3022 2797 colenti
3046 2738 3322 2817 actionem
3343 2747 3488 2789 verae
3510 2731 3690 2786 scien-

2107 2846 2192 2900 tiae
2218 2816 2460 2896 rationes
2484 2837 2701 2893 tribuit.
3300 2816 3303 2817 ν

2174 2948 2263 3002 86.
2296 2946 2502 3001 Eorum
2541 2943 2690 2997 Deus
2721 2953 2820 3009 per
2853 2933 3084 3007 gratiam
3117 2931 3280 2986 Pater
3316 2939 3434 2984 tum
3468 2941 3688 2982 nuneu-

424 3016 583 3086 χάριν
622 3018 812 3111 ῌατὴρ
839 3059 854 3084 ,
884 3021 992 3073 τῶν
1045 3023 1213 3094 μόνην
1252 3023 1485 3093 ἐχόντων
1522 3025 1623 3096 τὴν
1656 3027 1777 3079 κατ’
1800 3028 2000 3098 ἀρετὴν

2109 3047 2266 3108 patur
2297 3045 2413 3091 tum
2446 3031 2701 3108 efficitur,
2723 3016 2823 3098 qui
2854 3025 3027 3081 solam
3059 3021 3244 3077 animo
3277 3018 3503 3074 virtutis
3531 3016 3685 3071 cuitu

422 3107 707 3178 γνωμικὴν
755 3111 812 3160 ἐν
860 3110 1129 3182 πνεύματι
1190 3112 1444 3184 γέννησιν
1479 3131 1493 3144 ·
1539 3115 1663 3169 καθ’
1697 3118 1763 3189 ην
1809 3117 1999 3189 ὥσπερ

422 3198 600 3270 ψυχῆς
646 3200 956 3271 πρόσωπον,
992 3203 1082 3256 τὸν
1139 3205 1196 3255 ἐν
1239 3205 1465 3274 ἀρεταῖς
1498 3206 1591 3260 τοῦ
1648 3209 2002 3278 γεννήσαντος

427 3292 561 3345 Θεοῦ
591 3293 921 3364 χαρακτῆρα
975 3295 1302 3364 φαινόμενον
1324 3296 1539 3366 ἔχοντες
1576 3300 1718 3353 κατὰ
1750 3300 1842 3353 τὸν
1865 3299 1999 3370 βίον,

428 3387 553 3445 τοὺς
601 3382 904 3453 θεωμένους
935 3388 1001 3455 τῇ
1044 3385 1314 3457 μεταϐολῇ
1347 3387 1456 3441 τῶν
1502 3389 1724 3459 τρόπων
1759 3389 2003 3454 δοξάζειν

428 3471 519 3525 τὸν
548 3472 679 3528 Θεὸν
704 3476 1205 3547 παρασκευάζουσι,
1232 3480 1325 3531 τὸν
1347 3480 1544 3532 οἰκεῖον
1580 3480 1693 3551 βίον
1730 3481 1868 3549 πρὸς
1915 3481 2005 3553 μί-

431 3584 598 3638 μησιν
625 3569 952 3640 παρέχοντες
974 3570 1156 3634 αὐτοῖς
1187 3571 1469 3642 ἐξαίρετον
1495 3573 1698 3642 ἀρετῆς
1730 3572 2004 3643 ἐξεμπλὰ-

431 3678 567 3735 ριον.
596 3664 668 3715 Οὐ
700 3665 808 3731 γὰρ
860 3663 1003 3735 λόγῳ
1046 3664 1188 3736 ψιλῷ
1216 3665 1349 3729 Θεὸς
1377 3665 1699 3730 δοξάζεσθαι
1734 3667 2000 3735 πέφυκεν,

428 3753 545 3808 ἀλλ’
573 3753 757 3825 ἔργοις
789 3753 1140 3825 δικαιοσύνης
1173 3755 1355 3827 πολλῴ
1378 3755 1603 3810 πλείονα
1630 3755 1808 3825 λόγων
1848 3756 2009 3829 βοῶσι

428 3845 698 3918 τὴνθείαν
734 3847 1234 3920 μεγαλοπρέπειαν.

498 3939 610 4002 πζ’.
664 3918 1111 4012 ’Δριστερὸςῗμὲν
1140 3943 1167 3993 ὁ
1189 3939 1418 4009 φυσικὸς
1450 3918 1634 4011 νόμος,
1665 3940 1755 3994 διὰ
1780 3940 1881 4010 τὴν
1918 3938 2000 3993 αῐο

433 4029 625 4102 σθησιν
651 4049 666 4064 ·
700 4033 968 4101 προσάγει
1023 4031 1081 4085 δὲ
1145 4031 1224 4103 τῷ
1275 4032 1420 4102 λόγῳ
1450 4031 1579 4095 τοὺς
1623 4032 1860 4102 τρόπους
1899 4030 2010 4084 τῶν

430 4122 661 4192 ἀρετῶν,
703 4123 800 4192 καὶ
821 4126 966 4176 ποιεῖ
993 4122 1195 4190 γνῶσιν
1216 4124 1637 4194 ἐνεργουμένην.
1677 4123 1734 4176 Ὀ
1757 4124 1813 4176 δὲ
1847 4140 2012 4188 πνευ-

435 4216 661 4286 ματικὸς
684 4216 867 4286 νόμος,
892 4214 1064 4281 δεξιὸς
1086 4216 1184 4287 μέν
1213 4219 1330 4270 ἐστι
1357 4216 1447 4269 διὰ
1473 4215 1565 4269 τὸν
1591 4216 1716 4270 νοῦν
1749 4231 1761 4244 ·
1791 4216 2012 4287 μίγνυσι

432 4306 489 4360 δὲ
519 4311 584 4380 τῇ
618 4308 867 4379 αἰσθήσει
892 4309 1020 4370 τοὺς
1068 4310 1127 4361 ὲν
1165 4310 1279 4371 τοῖς
1310 4304 1430 4362 οὖσι
1467 4307 1875 4379 πνευματικοὺς
1918 4307 2007 4361 λόο

433 4413 584 4467 γους,
618 4400 710 4452 καὶ
741 4401 884 4452 ποιεῖ
906 4399 1104 4468 πρᾶξιν
1136 4398 1557 4469 λελογισμένην.

505 4496 616 4559 πη’.
662 4490 720 4543 Ὀ
754 4493 818 4561 τῇ
852 4486 1617 4562 πράξεισωματουμὲνηντὴν
1643 4491 1878 4559 γνῶσιν“,
1914 4492 2009 4547 καὶ

433 4584 499 4652 τῇ
530 4581 728 4651 γνώσει
754 4582 1102 4669 ψυχουμένην
1129 4582 1228 4652 τὴν
1257 4580 1458 4653 πρᾶξιν
1486 4584 1718 4645 δεικνὺς,
1735 4585 1827 4636 τὸν
1848 4585 2010 4654 ἀκρι-

436 4672 509 4745 ϐῆ
547 4674 747 4746 τρόπον
794 4669 921 4742 εὗρε
964 4674 1066 4744 τῆς
1107 4672 1343 4743 ἀληθοῦς
1391 4673 1679 4745 θεουργίας
1733 4675 1825 4745 (υ).
1873 4673 1932 4728 '0
1966 4675 2011 4729 δ’

501 4836 520 4856 ⁶
547 4835 651 4902 Qu.
686 4834 776 4889 65.
808 4832 878 4888 ad
908 4832 1066 4887 Thai.
1103 4829 1366 4903 πυρούμ.,
1399 4847 1671 4885 accensam

490 4974 589 5102 ΣΞ)
634 4973 797 5030 Κατὰ
815 4973 930 5039 τὴν
950 4972 1111 5055 θέσει
1135 4969 1512 5052 κΙτςησιν-..ὃῑο
1532 4966 1700 5022 etiam
1723 4972 1916 5035 quiest.
1946 4965 2015 5020 56

587 5046 792 5101 hulass.
828 5045 947 5099 Non
1005 5051 1142 5098 satis
1177 5041 1361 5102 Picus,
1393 5056 1450 5092 ιη
1498 5037 1795 5102 peragqndo
1844 5045 2014 5089 motu.

439 5037 529 5105 Ad
546 5037 792 5102 Thulass.
828 5037 947 5099 Non
1005 5043 1142 5098 satis
1177 5037 1361 5104 Piens,
1393 5040 1450 5092 in
1498 5037 1795 5108 peragenda
1844 5045 2014 5108 motu.

442 5117 706 5181 Reddidi,
743 5113 1030 5175 voluntatis
1073 5120 1243 5177 metu,
1279 5125 1388 5164 non
1411 5106 1809 5181 quedfleMo-st
1850 5107 2017 5181 velim

441 5175 821 5252 emendatum,
863 5184 959 5239 sed
985 5183 1132 5254 quod
1165 5175 1242 5246 id,
1279 5175 1538 5254 quod—sic
1568 5176 1736 5242 θέσει,
1762 5176 1920 5254 quasi
1950 5175 2020 5254 ab

442 5260 759 5314 extrinseco
793 5244 851 5311 et
874 5244 1085 5309 factitie
1119 5244 1237 5312 est.
1262 5244 1550 5306 voluntate
1582 5254 1688 5307 est,
1722 5244 1798 5300 at'
1823 5247 1878 5301 in
1924 5244 2023 5301 ad-

444 5328 673 5398 optione
696 5369 709 5394 ,
753 5341 862 5397 qua
899 5325 1025 5395 quis
1064 5323 1231 5398 θέσει,
1268 5336 1382 5377 non
1421 5319 1581 5398 φύσει
1610 5358 1625 5380 ,
1652 5317 1734 5397 .in
1760 5315 2023 5398 {milli-am

446 5386 733 5480 filiumque
762 5386 1090 5480 cooptatum.
1123 5394 1215 5449 Sic
1237 5386 1444 5480 corpus
1487 5387 1555 5443 ad
1576 5386 1823 5480 animumI
1853 5386 2022 5480 ch-er-

447 5475 563 5531 tur,
609 5459 730 5535 eius
782 5459 940 5535 quasi
989 5464 1203 5519 ratione
1235 5459 1533 5535 imbutum,
1588 5472 1698 5527 qua
1738 5459 2023 5535 voluntate

446 5532 756 5592 virtutibus
784 5532 1079 5601 excolitur,
1125 5549 1293 5605 supra
1338 5532 1508 5596 illius,
1551 5538 1614 5582 ut
1673 5540 1876 5599 corpus
1900 5533 2021 5590 est,

450 5606 709 5676 meritum
743 5614 910 5676 atque
940 5605 1209 5676 debitum.

525 5672 600 5747 (υ)
632 5675 749 5747 Τῆς
778 5668 1041 5744 ὰξῑηθοῦς
1085 5674 1415 5744 θεουργίας.
1458 5674 1657 5730 Veram
1708 5668 2021 5743 θεουργέαν,

2102 3106 2159 3184 in
2194 3129 2393 3200 spiritu
2426 3106 2770 3182 nativitatem
2802 3116 2944 3173 nacti
2975 3125 3133 3180 sunt;
3168 3128 3307 3182 qua,
3340 3110 3490 3165 velut
3522 3106 3688 3162 animi

2100 3222 2298 3276 faciem
2332 3234 2399 3274 ac
2427 3216 2693 3288 efﬁgiem,
2722 3211 2968 3283 parentis
3002 3208 3097 3263 Dei
3130 3204 3432 3259 virtutibus
3464 3202 3691 3257 elucen-

2105 3319 2235 3372 tem,
2256 3308 2370 3363 vita
2396 3306 2466 3359 iis
2493 3302 2768 3366 instituta,
2791 3300 3170 3354 characterem
3200 3294 3487 3356 habentes,
3512 3290 3564 3343 in
3593 3288 3692 3343 Dei

2103 3400 2325 3455 laudem
2379 3394 2745 3453 conversione
2791 3403 3010 3445 morum
3059 3384 3426 3457 spectantium
3479 3381 3692 3436 animos

2105 3494 2437 3563 provocant;
2488 3481 2997 3557 quibus‘eximium
3036 3478 3263 3533 virtutis
3299 3475 3579 3545 exemplar
3619 3470 3688 3526 ad

2105 3582 2464 3643 imitandum,
2496 3577 2663 3631 vitam
2703 3573 2808 3644 ipsi
2850 3587 3005 3627 suam
3044 3570 3347 3641 praebeant.
3381 3566 3503 3621 Non
3541 3563 3689 3619 enim

2106 3674 2162 3728 in
2190 3671 2340 3727 nudo
2365 3682 2620 3724 sermone
2644 3664 2838 3735 positae
2863 3661 2959 3715 Dei
2984 3660 3195 3725 laudes,
3219 3658 3311 3713 sed
3343 3657 3398 3710 in
3429 3654 3692 3726 operibus

2103 3762 2360 3836 justitiaz;
2405 3773 2528 3828 qua:
2570 3756 2732 3825 longe
2774 3751 2969 3822 majori
3014 3766 3128 3820 pra:
3163 3748 3352 3804 verbis
3391 3746 3687 3818 praeconio,

2108 3853 2349 3909 divinam
2380 3850 2619 3906 clament
2642 3840 3128 3913 magnificentiam.

2181 3944 2269 3998 87.
2305 3940 2417 3996 Lex
2460 3935 2733 3993 naturalis
2779 3932 3005 3988 sinistra
3058 3930 3251 3999 utique
3299 3935 3412 3992 est,
3461 3934 3689 3996 propter

2109 4048 2366 4098 sensum;
2416 4030 2797 4097 virtutumque
2855 4023 3048 4078 modos
3098 4020 3299 4075 rationi
3355 4017 3688 4079 admovens,

2110 4124 2394 4183 scientiam
2419 4120 2691 4177 eflicacem
2726 4133 2789 4173 ac
2821 4125 3101 4172 actuosam
3132 4110 3332 4167 reddit:
3365 4109 3477 4163 Lex
3506 4114 3689 4162 autem

2111 4217 2378 4291 spiritalis
2428 4214 2620 4270 dextra
2649 4219 2755 4276 est,
2781 4218 3006 4280 prepter
3030 4206 3273 4264 animum
3298 4218 3396 4257 seu
3419 4208 3688 4265 mentem;

2111 4310 2458 4378 miscensque
2514 4302 2701 4360 sensui
2757 4298 3032 4371 spiritales
3082 4297 3141 4352 in
3196 4296 3363 4350 rebus
3415 4292 3690 4355 rationes,

2040 4393 2087 4449 Ι)
2114 4400 2386 4457 actionem
2416 4394 2724 4451 consultam
2752 4391 3129 4459 imbutamque
3150 4387 3363 4443 ratione
3389 4384 3539 4440 facit.

2189 4490 2278 4545 88.
2306 4487 2410 4555 Qui
2450 4484 2667 4543 actione
2705 4486 3052 4550 corporatam
3093 4475 3402 4537 scientiam,
3434 4470 3693 4527 scientia-

2115 4598 2225 4654 que
2256 4579 2551 4636 animatam
2586 4573 2858 4629 actionem
2894 4568 3168 4632 ostendit,
3202 4572 3521 4622 accuratum
3554 4576 3694 4617 vene

2117 4672 2402 4746 θεουργίας
2428 4668 2647 4744 (divina:
2675 4665 2887 4722 scilicet
2909 4659 3277 4734 operationis)
3295 4658 3520 4715 modum
3545 4655 3697 4710 inve-

2188 4831 2225 4850 ”
2258 4826 2339 4883 Ad
2372 4824 2626 4880 Thalass.
2660 4820 2982 4893 χαρισμασι.

2111 4980 2210 5021 seu
2241 4962 2486 5018 divinam
2517 4956 2931 5028 operatione_m,_
2952 4949 3176 5004 videtur
3205 4945 3309 5028 ιιπίεῄ
3329 4944 3537 5028 dicere,
3570 4958 3694 5025 qua;

2116 5013 2210 5090 sic
2244 5013 2460 5087 actione
2493 5013 3044 5092 et‘contemplatione
3075 5016 3417 5092 eomple_tur,_
3450 5021 3507 5067 et
3531 5013 3692 5092 quasi

2115 5083 2427 5160 Elimeam
2455 5098 2744 5164 utriusque
2788 5083 2911 5164 vim
2947 5089 3151 5164 habet:
3182 5083 3512 5164 sapientiam
3538 5083 3694 5164 scili-

2119 5152 2415 5242 ἑὲιῗὶιὶιέές
2439 5152 2690 5242 pmgtima
2717 5169 2804 5242 est
2846 5160 2915 5214 ad
2956 5152 3386 5242 deiﬁfationem.
3408 5152 3694 5242 Quomodo

2118 5221 2257 5300 Εἷἶή
2272 5221 3050 5307 ἷΙ-Ιίῖἰεῖοιιίειιιιῐι-θεουργίαν
3075 5223 3357 5307 Dionysio,
3381 5221 3515 5307 quin
3539 5221 3690 5307 dica-

2121 5291 2266 5377 {ﬁt};
2292 5291 2441 5366 nihil
2457 5291 2679 5377 videtur
2705 5291 3116 5377 obstare':_non
3137 5291 3359 5377 quidem
3388 5291 3694 5377 qumlunio:

2128 5358 2436 5455 lifi’rééiié:
2450 5358 2792 5455 intelligatur
2804 5444 2814 5455 ‘
2825 5379 2884 5424 et
2923 5368 2993 5455 ad
3007 5382 3144 5455 eam
3155 5358 3474 5455 "dispone—ns
3520 5358 3691 5430 (quod

2124 5430 2688 5510 ﬁestorianilurt‘uris
2716 5444 2842 5505 est),
2874 5438 2973 5494 sed
3006 5437 3087 5492 illi
3110 5430 3323 5511 comes.
3354 5430 3423 5511 ad
3452 5445 3693 5511 eamque

2129 5501 2591 5593 ὲέίῐιὶὶθῇξῖίιίθιυι
2626 5514 2788 5593 illius
2806 5501 3106 5593 ’δνηαιυὲξ
3140 5506 3203 5593 if‘.
3230 5501 3700 5593 IIP_‘:-‘B??.£9.‘.’.‘§

2130 5569 2561 5649 iriéﬁ'éiirisids
2582 5592 2639 5639 et
2663 5590 2857 5637 auctor
2882 5578 3112 5649 exsistat
3152 5584 3210 5649 et
3230 5569 3693 5649 pcrfectissiutuirt

2423 5638 2603 5727 :cu‘m
2620 5655 2740 5726 ejus
2757 5651 2880 5705 θεον
2888 5648 3035 5722 ργία,
3069 5657 3130 5703 ut
3150 5638 3350 5700 Budmo
3373 5638 3691 5711 capenitur,
