4110 6318
343 378 480 448 1345

1019 378 1351 441 CAPITUM
1388 372 1815 447 QUINQUIES
1855 371 2371 434 CENTENORUM
2409 376 2797 437 CENTURIA
2839 378 2934 438 1v.

3454 378 3592 446 13ίθ

336 500 515 570 πάσης
561 497 763 569 ἀρετῆς
820 495 1060 565 κεφαλὴν
1095 497 1124 547 ὁ
1162 495 1446 566 προφήτης
1472 492 1753 562 ὠνόμασεν
1778 505 1792 518 ’
1825 489 1894 550 ώς

2006 489 2274 544 rationem
2303 497 2469 560 atque
2502 505 2833 555 sermonem,
2864 500 3121 562 tanquam
3154 490 3372 548 virtutis
3407 499 3591 551 omnis

333 591 415 656 τὸ,
455 590 598 644 Ἔδυ
628 591 666 657 ἡ
699 589 931 658 κεφαλή
957 605 1076 657 μου
1099 590 1181 654 είς
1218 587 1487 656 σχισμὰς
1548 584 1732 651 ὀρέων
1752 596 1769 614 ⁸
1805 580 1906 643 τὰς

332 680 388 733 δὲ
417 681 654 744 διανοίας
680 681 790 732 τῶν
823 680 1147 749 πνευμάτων
1188 680 1286 746 τῆς
1352 676 1640 745 πονηρίας,
1670 672 1906 744 σχισμὰς

332 769 441 825 τῶν
468 768 661 837 ὀρέων,
692 770 781 839 ὑφ’
821 763 897 821 ὧν
926 768 1203 839 κατεπόθη
1228 767 1316 821 διὰ
1344 769 1439 837 τῆς
1484 764 1848 835 παραϐάσεως
1876 763 1905 816 ὁ

333 858 598 928 ἡμέτερος
656 858 817 921 νοῦς·
848 859 950 927 γῆν
992 858 1049 910 δὲ
1098 857 1440 926 κατωτάτην,
1477 856 1575 927 τὴν
1640 851 1905 924 μηδαμῶς

332 946 588 1014 γνώσεως
649 946 1048 1018 αἰσθανομένην
1084 946 1337 1019 ¹θείαςμῆ
1389 947 1489 1017 τῆς
1539 946 1662 999 κατ’
1704 944 1903 1015 ἀρετὴν

330 1039 511 1107 ζωῆς,
538 1039 638 1110 τὴν
672 1038 886 1093 οἱανοῦν
919 1041 1132 1109 κίνησιν
1181 1038 1411 1108 ἔχουσαν
1463 1037 1575 1102 ἕξιν
1603 1054 1618 1068 ·
1670 1034 1905 1089 ἄϐυσσον

328 1128 407 1188 δὲ,
434 1128 533 1198 τὴν
567 1129 927 1200 ἐπικειμένην
956 1128 1179 1198 ἄγνοιαν
1202 1131 1269 1199 τῇ
1306 1127 1417 1193 ἔξει
1443 1129 1541 1197 τῆς
1569 1126 1798 1190 κακίας,
1817 1127 1902 1194 ἐφ’

329 1214 363 1293 ᾖ
394 1220 594 1292 βέϐηκε
617 1219 868 1291 καθάπερ
893 1223 986 1292 γῇ,
1012 1220 1080 1272 τὰ
1105 1219 1207 1290 τῆς
1236 1219 1439 1282 κακίας
1464 1219 1676 1289 πελάγη
1706 1218 1739 1288 ἢ
1776 1219 1901 1288 γῆν,

327 1312 426 1382 τὴν
500 1312 707 1381 παγίαν
757 1312 858 1381 τῆς
908 1311 1103 1373 κακίας
1145 1311 1256 1377 ἕξιν
1305 1307 1495 1363 εἶπεν
1537 1308 1789 1368 αἰωνίους
1844 1307 1903 1361 δὲ

332 1404 583 1473 μοχλοὺς,
618 1404 719 1467 τὰς
756 1404 1171 1475 συγκρατούσας
1199 1405 1299 1474 τὴν
1330 1403 1612 1474 χειρίστην
1640 1400 1755 1469 ἒξιν
1797 1402 1901 1472 ὲμ·

330 1496 522 1560 παθεῖς
552 1495 928 1565 προσπαθείας
950 1497 1059 1550 τῶν
1087 1496 1308 1551 ὑλικῶν.

398 1675 506 1740 ὶιγθ.
550 1671 614 1723 Ἦ
645 1670 754 1724 τῶν
777 1670 950 1739 ἁγίων
993 1670 1238 1741 ὑπομονὴ
1264 1710 1281 1737 ,
1312 1670 1410 1740 τὴν
1454 1668 1698 1741 πονηρὰν
1736 1667 1901 1718 δύνα-

332 1780 424 1832 μιν
446 1760 912 1831 προσϐάλλουσαν,
942 1761 1160 1832 δαπανᾷ
1187 1778 1200 1791 ·
1236 1763 1312 1825 ώς
1341 1761 1609 1815 πείθουσα
1627 1762 1737 1823 τοῖς
1760 1758 1901 1829 ὑπὲρ

328 1855 583 1924 ἀληθείας
612 1855 1117 1923 ἐγκαλλωπίζεσθαι
1144 1857 1345 1920 πόνοις,
1367 1856 1490 1919 τοὺς
1529 1854 1699 1922 αὐτῆς
1720 1852 1902 1907 διακό-

327 1964 469 2009 νους,
503 1947 595 1999 καὶ
618 1946 775 2000 πλέον
797 1947 1235 2016 ὲμπλατύνεσθαι
1256 1947 1582 2000 διδάσκουσα
1603 1944 1903 2014 τοῖςπαθή-

331 2053 515 2107 μασιν,
528 2037 562 2109 ἢ
574 2040 692 2100 ταῖς
706 2039 865 2092 ἁνέσε
873 2055 977 2100 σιν,
992 2039 1043 2090 οί
1057 2039 1157 2105 τῆς
1177 2040 1236 2090 ὲν
1251 2038 1412 2107 σαρκὶ
1431 2036 1576 2107 ζωῆς
1588 2038 1725 2104 ἄγαν
1740 2052 1903 2107 φρον-

326 2123 588 2188 τίζοντες,
626 2126 881 2180 ὑπόθεσιν
907 2128 1088 2190 αὐτοῖς
1116 2126 1557 2197 ὑπερϐαλλούσης
1586 2128 1728 2181 κατὰ
1748 2125 1903 2180 πνεῦ-

330 2232 407 2283 μα
436 2215 718 2285 δυνάμεως
755 2217 1072 2287 ποιουμένη,
1100 2216 1200 2287 τὴν
1221 2218 1361 2271 κατὰ
1383 2217 1544 2285 φύσιν
1566 2216 1665 2286 τῆς
1697 2215 1901 2288 σαρκὸς

327 2305 454 2375 περὶ
486 2305 545 2358 τὸ
574 2306 801 2376 πάσχειν
830 2307 1135 2361 ἀσθένειαν.
1169 2309 1310 2378 Ὅρα
1341 2307 1448 2378 γὰρ
1477 2308 1625 2371 ὅπως
1650 2307 1751 2377 τῆς
1775 2306 1898 2360 καθ’

326 2396 632 2467 ὑπερϐολὴν
658 2396 809 2460 θείας
838 2397 1134 2468 ὅδυνάμεώς
1162 2399 1311 2451 ἐστιν
1363 2396 1643 2461 ὑπόθεσις,
1683 2398 1716 2468 ἡ
1756 2397 1898 2451 κατὰ

326 2486 490 2555 φύσιν
525 2488 635 2541 τῶν
666 2489 837 2556 ἁγίων
864 2489 1138 2553 ἀσθένεια,
1163 2485 1231 2560 ἧς
1256 2489 1456 2559 ἥττονα
1494 2488 1584 2543 τὸν
1609 2488 1896 2560 ὑπερήφα-

324 2596 414 2631 νον
438 2578 684 2633 διὰϐολον
708 2582 738 2633 ό
768 2580 972 2651 Κύριος
1001 2580 1223 2646 ἔδειξεν.

395 2669 494 2737 ηδ’.
541 2670 601 2723 Ὀ
635 2670 791 2738 λόγος
818 2672 922 2741 τῆς
948 2672 1193 2742 χάριτος,
1230 2671 1322 2726 διὰ
1344 2670 1556 2725 πολλῶν
1572 2672 1896 2745 πειρασμῶν

325 2765 460 2834 πρὸς
491 2764 589 2835 τὴν
617 2764 725 2816 τῶν
749 2763 1053 2835 ἀνθρώπων
1082 2765 1266 2834 φύσιν,
1293 2765 1462 2837 ῆγουν
1505 2765 1605 2834 τὴν
1660 2765 1769 2818 τῶν
1807 2766 1898 2820 ὲθ-

310 2853 431 2906 ’νῶν
473 2855 825 2925 Ἐκκλησίαν,
859 2854 1049 2926 ὥσπερ
1090 2855 1279 2918 Ἰωνᾶς
1304 2855 1393 2910 διὰ
1414 2856 1625 2911 πολλῶν
1665 2856 1896 2926 θλίψεων

326 2943 463 3013 πρὸς
500 2946 685 3000 Νινευὶ
705 2946 900 3008 διαϐὰς
934 2947 1034 3017 τὴν
1061 2947 1216 3001 πόλιν
1264 2947 1364 3017 τὴν
1408 2948 1650 3017 μεγάλην
1669 2986 1684 3012 ,
1708 2947 1896 3001 ἔπεισε

326 3033 416 3085 τὸν
446 3032 800 3103 βασιλεύοντα
825 3035 986 3105 νόμον
1019 3035 1118 3105 τῆς
1147 3035 1363 3103 φύσεως
1390 3034 1758 3103 ἐξαναστῆναι
1801 3031 1893 3087 τοῦ

2006 574 2337 651 principium
2368 591 2423 635 et
2452 582 2752 652 originem;
2784 586 2861 638 uti
2892 591 2977 637 cst
3006 582 3140 637 illud
3176 600 3189 638 :
3226 582 3393 640 Subiit
3430 597 3588 657 caput

2009 688 2180 724 meum
2211 673 2471 727 scissura:
2510 675 2765 727 montium
2789 674 2852 726 ".
2884 672 3165 728 Scissuras
3203 684 3386 730 autem
3429 691 3588 730 nion-

2006 760 2166 827 tium,
2184 763 2647 832 nequissimorum
2676 764 2967 834 spirituum
2991 765 3218 819 consilia
3246 770 3298 814 et
3327 766 3585 829 rationes,

2006 853 2207 922 quibus
2245 870 2344 924 per
2381 856 2867 926 transgressionem
2906 871 3062 910 mens
3100 867 3289 909 nostra
3329 855 3589 926 absorpta

2005 951 2090 997 est
2132 960 2146 995 :
2196 952 2396 999 terram
2437 960 2568 999 vero
2615 945 2881 1010 infimam,
2912 945 3064 999 omni
3107 946 3349 1000 scientiae
3389 945 3589 999 divinze

2006 1048 2168 1089 sensu
2220 1044 2501 1090 carentem
2550 1037 2832 1105 habitum,
2869 1053 2934 1091 ac
2982 1037 3075 1107 qui
3127 1038 3252 1092 vita:
3295 1053 3325 1091 c
3364 1038 3589 1095 virtutis

2005 1123 2313 1181 rationibus
2348 1127 2613 1183 institutae
2643 1136 2795 1182 motu
2828 1129 2979 1183 omni
3015 1129 3371 1184 dcstituatur.
3404 1129 3551 1201 Abys
3571 1160 3586 1170 -

2005 1231 2150 1282 sum,
2180 1217 2545 1287 ignorantiam
2579 1219 2865 1289 pravitatis
2900 1220 3110 1274 habitui
3147 1220 3582 1287 incumbentem;

2005 1306 2061 1361 in
2111 1322 2310 1376 quam,
2351 1310 2502 1363 velut
2550 1309 2606 1362 in
2659 1320 2860 1364 terram
2913 1310 3282 1365 ascenderunt
3326 1312 3585 1380 nequitia:

2001 1394 2169 1465 608
2212 1397 2418 1460 maria,
2467 1397 2580 1451 sive
2625 1406 2859 1459 terram,
2904 1398 3120 1452 ﬁrmum
3169 1399 3288 1453 vitii
3336 1400 3584 1455 habitum

2001 1488 2362 1558 nuncupavit.
2410 1488 2604 1544 Vectes
2663 1480 2933 1553 aeternos,
2982 1490 3281 1559 pessimum
3332 1492 3583 1547 habitum

2003 1580 2425 1635 corroborantes
2458 1588 2808 1635 terrenorum
2835 1581 3164 1635 libidinosos
3190 1581 3439 1636 aﬂ‘cctus.

2074 1671 2162 1726 95.
2209 1670 2534 1727 Sanctorum
2584 1673 2883 1743 patientia,
2922 1673 3262 1728 adoricntctn
3305 1673 3580 1744 nequissi-

2004 1777 2149 1817 mam
2179 1773 2504 1833 potestatem
2533 1766 2804 1833 absumit;
2836 1774 2898 1820 ut
2920 1782 3043 1836 quze
3070 1748 3352 1821 laboribus
3381 1767 3581 1822 verita-

2006 1852 2078 1906 tis
2115 1868 2280 1908 causa
2317 1854 2564 1909 ferendis
2601 1855 2847 1926 gloriari,
2882 1855 3148 1910 ministris
3184 1856 3299 1910 suis
3334 1857 3579 1922 suadeat,

2006 1939 2308 2012 doceatque
2332 1958 2429 1998 eos
2455 1944 2626 2014 magis
2647 1945 2908 1998 aerumnis
2929 1945 3169 2010 dilatari,
3192 1962 3352 2016 quam
3380 1947 3583 2015 quibus

2002 2032 2242 2086 carnalis
2262 2032 2373 2087 vita
2404 2034 2638 2088 maxime
2666 2049 2812 2089 curae
2838 2042 2941 2100 est,
2964 2036 3175 2091 deliciis
3202 2037 3577 2103 oblectentur;

2002 2124 2321 2180 excellentis
2361 2125 2443 2180 eis
2481 2125 2747 2196 spiritalis
2773 2127 2997 2182 virtutis
3028 2143 3093 2182 ac
3121 2128 3462 2182 fortitudinis
3487 2145 3578 2182 ar-

2001 2222 2323 2286 gumentum
2352 2217 2581 2281 faciens,
2610 2218 2913 2272 naturalem
2946 2218 3127 2273 carnis
3157 2219 3312 2273 malis
3339 2218 3581 2273 ferendis

2000 2308 2454 2364 imbecillitatem.
2480 2307 2615 2364 Vide
2643 2308 2790 2363 enim
2818 2309 3279 2377 quemadmodum
3302 2310 3579 2365 excellen-

2000 2397 2072 2452 tis
2099 2397 2300 2452 divinae
2328 2396 2590 2467 potentiae
2620 2405 3034 2468 argumentum,
3061 2398 3327 2453 naturalis
3357 2408 3572 2455 sancto-

1999 2503 2125 2542 rum
2156 2487 2452 2543 inﬁrmitas
2486 2489 2580 2553 sit,
2611 2504 2719 2558 qua
2750 2488 3015 2545 Dominus
3051 2491 3350 2561 superbum
3382 2491 3576 2548 diabo-

1996 2578 2110 2635 lum
2140 2579 2463 2634 inferiorem
2488 2581 2749 2636 ostendit.

2067 2671 2158 2727 94.
2208 2671 2403 2727 Sermo
2456 2672 2677 2741 gratiae,
2721 2688 2820 2743 per
2867 2674 3067 2729 multas
3123 2676 3455 2733 tentationcs
3504 2676 3575 2731 ad

1997 2761 2299 2817 humanum
2329 2777 2505 2834 genus
2540 2764 2863 2833 (Ecclesiam
2898 2767 3107 2820 scilicet
3133 2766 3397 2838 gentium)
3424 2768 3576 2823 velut

1994 2851 2160 2908 Jonas
2208 2868 2307 2922 per
2355 2855 2554 2910 multas
2599 2854 2922 2911 atllictioncs
2968 2864 3136 2925 atque
3184 2872 3459 2911 aerumnas
3503 2858 3572 2911 ad

1995 2944 2193 3000 Ninive
2221 2944 2501 3001 civitatem
2528 2961 2781 3017 magnam
2806 2962 3120 3002 commeans
3137 2947 3205 3013 5°,
3233 2948 3338 3019 legi
3363 2957 3572 3004 natura:

1997 3036 2148 3091 illius
2185 3037 2332 3107 regia
2371 3046 2641 3107 potestate
2680 3038 2987 3095 dominanti
3024 3048 3219 3094 auctor
3250 3040 3380 3101 fuit,
3410 3049 3470 3094 ut
3502 3040 3571 3094 de

325 3123 541 3195 θρόνου,
572 3125 673 3195 τῆς
710 3126 979 3197 προτέρας
1007 3124 1206 3196 δηλαδὴ
1244 3123 1373 3195 περὶ
1420 3124 1482 3177 τὸ
1533 3124 1701 3178 κακὸν
1746 3124 1891 3179 κατὰ

1997 3127 2136 3181 solio
2168 3136 2417 3198 surgeret
2448 3128 2498 3201 (a
2533 3128 2719 3198 priore
2749 3129 2960 3184 scilicet
2988 3130 3192 3187 malum
3223 3139 3570 3186 consectantc

324 3214 422 3285 τὴν
464 3214 718 3286 αἴσθησιν
743 3215 933 3283 ἕξεως,
959 3218 1055 3271 καὶ
1093 3216 1440 3288 περιελέσθαι
1460 3216 1561 3287 τὴν
1585 3216 1778 3288 στολὴν
1793 3217 1891 3271 αὐ-

324 3305 441 3371 τοῦ,
469 3308 559 3359 τὸν
610 3307 707 3361 ἐπὶ
762 3309 872 3370 τοῖς
918 3308 1073 3376 ῆθεσι
1112 3308 1256 3376 λέγω
1291 3312 1389 3379 τῆς
1426 3309 1701 3378 κοσμικῆς
1732 3308 1891 3379 δόξης

322 3391 621 3447 ἀποθέσθαι
677 3391 879 3461 τῦφον,
925 3394 1019 3451 καὶ
1078 3394 1467 3463 περιϐαλέσθαι
1526 3396 1767 3460 σάκκον,
1829 3395 1891 3449 τὸ

327 3480 522 3543 πένθος
549 3481 750 3553 δηλαδὴ
782 3482 879 3539 καὶ
912 3482 1009 3553 τὴν
1043 3483 1277 3554 δυσχερῆ
1333 3484 1428 3537 καὶ
1478 3488 1737 3557 τραχεῖαν
1791 3486 1891 3555 τῆς

325 3570 733 3636 κακοπαθείας,
776 3572 869 3626 καὶ
912 3570 1012 3642 βίῳ
1053 3572 1131 3642 τῷ
1190 3573 1334 3627 κατά
1387 3574 1519 3628 Θεὸν
1573 3576 1891 3645 πρέπουσαν

314 3660 546 3729 ,ἀγωγήν
580 3675 594 3689 °
635 3663 731 3715 καὶ
760 3662 987 3717 καθίσαι
1015 3664 1111 3717 ἐπὶ
1133 3664 1330 3719 σποδοῦ
1364 3681 1377 3695 ·
1406 3666 1600 3728 σποδὸς
1631 3667 1689 3719 δέ
1741 3668 1890 3721 ἐστιν

325 3748 630 3819 ήπτωχεία
664 3751 759 3803 τοῦ
815 3752 1144 3822 πνεύματος,
1184 3755 1270 3822 ἐφ’
1296 3751 1364 3824 ἧς
1420 3755 1712 3815 καθέζεται
1783 3758 1891 3819 πᾶς

323 3838 563 3902 εὐσεϐῶς
587 3839 690 3911 ζῇν
716 3841 1118 3912 διδασκόμενος,
1137 3846 1234 3901 καὶ
1250 3844 1350 3916 τὴν
1375 3845 1615 3916 μάστιγα
1635 3848 1734 3917 τῆς
1762 3862 1890 3900 συν-

322 3927 580 3998 ειδήσεως
618 3931 757 4001 ἔχων
797 3935 890 3987 έπὶ
917 3938 1028 4000 τοῖς
1047 3934 1539 4008 πλημμεληθεῖσιν,
1564 3937 1729 3990 αὐτὸν
1755 3954 1889 3992 κατ-

319 4020 660 4085 αικίζουσαν.

394 4111 649 4184 ιιεΎΟρα
673 4116 823 4179 ὅπως
855 4116 1081 4187 βασιλέα
1109 4118 1208 4188 μὲν
1236 4114 1374 4174 εἶναι
1405 4120 1574 4190 λέγει,
1602 4122 1695 4174 τὸν
1726 4138 1888 4191 φυσι-

325 4205 420 4257 κον
478 4206 644 4275 νόμον
667 4223 680 4236 ο
717 4206 909 4277 θρόνον
955 4209 1034 4272 δὲ,
1070 4210 1168 4278 τὴν
1216 4210 1440 4283 ἐμπαθῆ
1484 4214 1607 4267 κατ’
1636 4214 1888 4285 αίσθησιν

321 4292 453 4358 ἕξινο
479 4294 580 4365 τὴν
602 4295 660 4349 δὲ
680 4297 893 4368 στολὴν,
932 4298 1029 4369 τὴν
1062 4299 1161 4368 τῆς
1186 4303 1349 4371 κενῆς
1370 4301 1526 4373 δόξης
1564 4303 1836 4374 προϐολήν
1869 4320 1885 4337 ο

319 4384 413 4437 τὸν
440 4384 497 4438 δὲ
544 4386 769 4452 σάκκον,
794 4386 856 4440 τὺ
899 4388 1040 4443 κατὰ
1063 4390 1162 4459 τὴν
1193 4391 1486 4461 μετάνοιαν
1518 4392 1711 4455 πένθος
1736 4409 1751 4423 ·
1786 4393 1887 4464 τὴν

1993 3235 2056 3275 ac
2087 3220 2281 3274 vitium
2314 3234 2510 3274 sensus
2542 3219 2756 3290 habitu)
2791 3220 3100 3288 stolamque
3132 3221 3457 3275 detraheret
3491 3220 3569 3291 (id

1991 3318 2096 3374 est,
2129 3309 2420 3364 mundanae
2458 3309 2643 3380 gloria:
2680 3324 2747 3363 ex
2785 3324 3000 3364 morum
3043 3319 3242 3365 ornatu
3279 3311 3568 3380 quaesitum

1993 3402 2191 3457 fastum
2213 3400 2526 3472 abjiceret),
2547 3416 2609 3455 ac
2629 3417 2789 3457 sacco
2812 3401 3135 3456 indueretur
3163 3402 3390 3472 (luctum
3422 3403 3568 3459 scili-

1992 3502 2110 3557 cet,
2143 3499 2201 3545 et
2246 3493 2534 3547 molestam
2578 3506 2643 3546 ac
2690 3492 2974 3549 laboribus
3021 3508 3300 3564 asperam,
3332 3495 3455 3550 vitae
3499 3511 3567 3548 cx

1991 3583 2212 3652 pietatis
2240 3583 2549 3638 rationibus
2580 3584 2845 3639 institutae
2875 3599 3192 3655 congruam,
3218 3584 3565 3656 disciplinam

1991 3672 2317 3740 assumeret)
2347 3679 2512 3740 atque
2545 3671 2600 3725 in
2631 3672 2816 3727 cinere
2849 3675 3086 3730 sederet.
3113 3675 3208 3729 Est
3239 3692 3370 3729 vero
3402 3677 3562 3741 cinis,

1991 3770 2283 3830 paupertas
2317 3762 2578 3831 spiritus,
2611 3762 2666 3816 in
2699 3778 2809 3832 quo
2844 3765 2998 3818 sedet
3033 3765 3283 3835 quisquis
3321 3766 3444 3821 vita:
3477 3768 3564 3837 pie

1992 3851 2345 3907 instituendas
2389 3853 2677 3922 praeceptis
2721 3852 3009 3917 eruditur;
3065 3871 3161 3918 ac,
3202 3856 3295 3924 qui
3349 3858 3564 3911 audens

1990 3941 2344 3998 conscientiae
2372 3941 2670 4013 flagellum,
2695 3958 2800 4013 pro
2840 3943 2907 3999 iis
2938 3960 3059 4014 qua:
3092 3946 3343 4016 deliquit,
3375 3947 3560 4001 habet.

2058 4122 2146 4178 95.
2189 4121 2326 4179 Vide
2371 4121 2838 4192 quemadmodum
2882 4136 3064 4192 regem
3112 4122 3349 4191 appellet
3386 4123 3561 4192 legem

1989 4214 2327 4280 naturalem;
2361 4212 2557 4268 solium
2591 4206 3143 4277 verm-libidinosum
3177 4227 3371 4267 sensus
3403 4214 3561 4268 babi-

1992 4315 2139 4374 tum;
2167 4308 2385 4373 stolam,
2414 4306 2596 4362 inanis
2625 4306 2811 4378 gloria:
2843 4306 3135 4373 amictum;
3175 4322 3414 4372 saccum,
3443 4324 3562 4378 poe-

1989 4399 2235 4454 nitentia:
2272 4400 2514 4464 luctum;
2559 4399 2830 4462 cinerem,
2862 4398 3096 4452 modesti
3134 4398 3301 4452 animi
3341 4414 3562 4454 sensum

318 4472 379 4525 δὲ
406 4472 621 4538 σποδόν,
644 4474 742 4546 τὴν
764 4480 1286 4550 ταπεινοφροσύνην
1308 4481 1631 4551 ἀνθρώπους
1655 4484 1732 4546 δὲ,
1760 4487 1888 4550 τοὺς

1997 4489 2072 4561 (id
2094 4498 2198 4554 est,
2215 4490 2601 4562 humilitatem)
2625 4489 2893 4553 homines,
2920 4491 3012 4559 qui
3032 4491 3242 4544 ratione
3260 4491 3560 4561 yjumenta,

326 4565 455 4635 περὶ
495 4567 587 4621 τὸν
620 4567 778 4637 λόγον
813 4586 828 4601 ·
857 4572 1029 4641 κτήνη
1068 4571 1145 4635 δὲ,
1176 4575 1304 4636 τοὺς
1366 4576 1497 4645 περὶ
1547 4578 1645 4646 τὴν
1699 4578 1889 4630 ἐπιθυ-

328 4646 495 4725 μίαν”
533 4656 661 4727 βόας
701 4658 781 4723 δὲ,
815 4660 944 4723 τοὺς
992 4661 1122 4732 περὶ
1173 4662 1266 4716 τὸν
1299 4662 1469 4734 θυμόν
1494 4679 1509 4694 ⁸
1539 4664 1787 4744 πρόϐατα
1809 4667 1889 4733 δὲ,

320 4746 446 4806 τοὺς
469 4748 599 4817 περὶ
627 4747 726 4818 τὴν
761 4748 993 4820 θεωρίαν
1015 4751 1124 4805 τῶν
1145 4751 1355 4821 ὁρατῶν
1385 4755 1696 4819 πταίοντας.

392 4836 505 4903 λς’.
548 4839 609 4901 ’0
630 4840 719 4894 διὰ
744 4840 844 4911 τὴν
872 4842 1093 4912 ἔννομον
1132 4844 1330 4916 ἀρετὴν
1355 4846 1464 4898 τῶν
1498 4848 1555 4900 ἐν
1591 4848 1764 4918 σαρκὶ
1786 4865 1891 4903 πα-

322 4927 429 4982 θῶν
453 4930 524 4993 ὼς
588 4933 893 5003 ἀριστερῶν
956 4933 1279 5004 ποιούμενος
1313 4935 1504 5006 λήθην,
1535 4938 1631 4992 καὶ
1672 4940 1760 4993 διὰ
1789 4940 1889 5011 τὴν

319 5019 612 5075 ἄπταιστον
643 5023 865 5091 γνῶσιν.
905 5025 998 5077 ἐπὶ
1056 5028 1169 5087 τοῖς
1206 5026 1592 5098 κατορθώμασι
1638 5032 1703 5101 τῇ
1748 5031 1888 5101 νόσῳ

318 5115 418 5185 τῆς
439 5116 735 5185 (pacto-Jan;
764 5117 995 5186 οἰήσεως
1035 5117 1109 5180 ὡς
1129 5117 1312 5182 δεξιᾶς
1370 5120 1470 5189 οὐχ
1511 5121 1886 5192 ἁλισκόμενος,

487 5209 701 5278 γέγονε,
739 5209 812 5280 μὴ
844 5208 1128 5277 γινώσκων
1173 5211 1356 5276 δεξιὰν
1387 5213 1575 5276 αὑτοῦ,
1609 5214 1686 5277 ta;
1733 5216 1890 5286 δόξης

319 5298 419 5352 οὐκ
460 5299 602 5370 ἐρῶν
642 5302 931 5372 λυομένης,
970 5301 1091 5356 οὐδὲ
1149 5303 1472 5373 ἀριστερὰν,
1498 5305 1572 5368 ώς
1620 5310 1733 5371 τοῖς
1793 5310 1890 5379 τῆς

323 5390 523 5460 σαρκὸς
584 5392 684 5445 οὐκ
731 5392 1111 5463 ἐρεθιζόμενος
1168 5395 1384 5449 πάθεσι.
1423 5396 1615 5461 Δεξιὰν
1663 5394 1776 5461 οὖν,
1809 5400 1885 5463 ὡς

321 5478 515 5547 ἔοικεν,
545 5479 697 5537 εἶπεν
724 5485 753 5535 ὁ
781 5484 957 5553 λόγος,
990 5487 1086 5557 τὴν
1125 5488 1217 5540 ἐπὶ
1244 5491 1355 5552 τοῖς
1402 5488 1562 5558 δῆθεν
1610 5492 1885 5562 κατορθώ-

324 5588 452 5642 μασι
477 5575 802 5641 κενοδοξίανο
837 5579 1131 5649 ἀριστερὰν
1158 5579 1237 5644 δὲ,
1260 5579 1357 5651 τὴν
1387 5581 1475 5635 ἐπὶ
1504 5585 1614 5647 τοῖς
1635 5587 1880 5655 αἰσχροῖς

393 5755 438 5788 ³⁹
462 5756 506 5811 ιι
541 5757 675 5828 Reg.
709 5775 835 5823 χχιι,
870 5761 922 5814 8.
1002 5764 1047 5794 "
1078 5763 1227 5817 lente
1256 5781 1335 5825 ιιι,
1377 5782 1392 5819 ι
1435 5782 1587 5836 seqq.

1665 5769 1704 5799 "
1741 5767 1891 5823 Jonas
1937 5785 2009 5833 tv,
2048 5767 2133 5833 10,
2170 5766 2255 5823 ll.

1990 4583 2085 4652 qui
2116 4582 2445 4652 cupiditate;
2479 4582 2670 4647 boves,
2699 4580 2795 4651 qui
2830 4580 2943 4645 ira;
2981 4596 3131 4644 oves,
3163 4581 3255 4651 qui
3291 4597 3473 4636 rerum
3507 4581 3562 4636 in

1990 4661 2272 4745 aspectum
2302 4673 2618 4730 cadentium
2646 4672 3019 4743 speculatione
3043 4673 3347 4729 offendunt.

2058 4864 2146 4921 96.
2172 4864 2276 4931 Qui
2313 4864 2571 4936 legitimae
2600 4863 2824 4919 virtutis
2864 4879 3060 4928 causa,
3094 4864 3393 4919 carnalium
3427 4863 3562 4917 adc-

1991 4954 2361 5011 ctuum‘velut
2387 4955 2735 5009 sinistrorum
2769 4954 3142 5019 obliviscitur;
3178 4970 3384 5023 proque
3419 4952 3560 5007 inof-

1992 5048 2159 5102 fensae
2196 5046 2442 5100 scientia
2476 5061 2728 5110 munere,
2754 5047 2825 5099 ob
2864 5045 3120 5114 prmclare
3159 5053 3306 5113 gesta
3345 5060 3407 5098 ac
3448 5061 3561 5098 mc-

1991 5139 2118 5201 rita,
2147 5137 2325 5191 inanis
2357 5137 2634 5207 iactantiae
2667 5136 2859 5190 morbo
2892 5135 3144 5209 fastuque
3179 5149 3288 5187 non
3323 5135 3557 5203 capitur,

1993 5230 2050 5284 in
2105 5230 2287 5283 virum
2342 5227 2550 5291 evasit,
2596 5227 2691 5296 qui
2754 5227 2961 5280 nesciat
3009 5226 3287 5280 dexteram
3336 5240 3490 5278 suam
3518 5226 3558 5257 ⁸⁸

1995 5318 2181 5389 (quem
2225 5318 2435 5373 scilicet
2476 5316 2734 5387 periturae
2762 5316 2948 5387 gloriae
2974 5331 3130 5370 amor
3173 5330 3281 5370 non
3329 5316 3557 5386 teneat),

1990 5423 2169 5477 neque
2206 5422 2340 5462 vero
2383 5407 2663 5463 sinistram
2689 5406 2763 5469 ",
2806 5415 2866 5459 ut
2909 5420 3072 5474 quem
3112 5404 3293 5458 carnis
3332 5403 3560 5460 affectus

1988 5514 2086 5569 per
2117 5497 2403 5552 libidinem
2437 5511 2547 5551 non
2580 5496 2829 5552 illiciant.
2860 5497 3147 5551 Dexteram
3186 5496 3369 5567 igitur,
3397 5497 3559 5568 609

1996 5598 2056 5644 ut
2092 5587 2328 5653 videtur,
2358 5589 2571 5643 vocavit
2609 5588 2912 5658 Scriptura,
2944 5588 3163 5643 inanem
3201 5588 3451 5660 gloriam,
3496 5589 3566 5643 ob

2335 5768 2380 5800 δ’
2408 5767 2542 5821 ibid.
