4110 6318
567 355 695 419 134⁸1

1735 356 1795 415 S.
1836 352 2121 413 MAXlMI
2162 347 2670 412 CONFESSORIS
2770 402 2777 409 .

3685 350 3837 419 I348

565 474 713 520 recte
745 462 812 518 l‘ac
834 472 885 520 ta
921 478 985 520 ac
1015 465 1280 519 virtutum
1310 479 1506 536 opera;
1544 465 1823 521 sinistram
1852 483 2003 531 vero,
2027 461 2134 537 qua

2257 466 2487 519 πάθεσιν
2530 462 2849 517 ἀκολασίαν.
2887 462 2945 516 Ὀ
2981 461 3090 533 γὰρ
3120 462 3221 533 τῆς
3258 462 3463 534 ἀρετῆς
3509 462 3692 532 λόγος,
3728 465 3837 536 τῆς

566 571 636 609 ex
670 556 926 624 turpibus
959 554 1251 609 affectibus
1279 566 1386 620 est,
1410 555 1707 611 luxuriam.
1734 557 1971 612 Virtutis
2001 557 2151 612 enim

568 659 752 699 sermo
780 653 943 714 atque
969 644 1130 707 ratio,
1158 652 1445 714 peccatum
1476 646 1661 700 carnis
1691 646 1869 701 nescit
1894 655 2150 717 tanquam

568 736 806 789 sinistrae
836 753 848 788 :
881 734 1129 791 scientiae
1153 752 1286 791 vero
1318 738 1479 801 ratio,
1507 738 1675 793 animi
1700 738 1892 793 vitium
1925 753 1990 793 ac
2021 752 2152 809 pra-

563 824 792 879 vitatem
819 827 1001 881 nescit
1023 837 1283 897 tanquam
1308 829 1530 884 dextrae.

633 915 723 971 97.
761 917 1044 972 Virtutum
1087 934 1155 974 ex
1200 921 1417 975 ratione
1461 921 1693 976 scientia
1736 920 1896 992 (vera
1938 920 2152 976 scilicet

564 1006 747 1075 reipsa
779 1006 1038 1063 Auctoris
1067 1008 1338 1063 virtutum
1371 1011 1597 1081 agnitio)
1629 1012 1998 1066 omnimodam
2032 1011 2152 1080 ejus

566 1105 683 1151 tum
713 1113 996 1162 excessus,
1026 1111 1143 1154 tum
1174 1100 1445 1167 defectus,
1474 1102 1569 1173 qui
1603 1104 1867 1172 utrinque
1891 1120 1921 1158 a
1943 1103 2150 1158 dextris

563 1200 619 1246 et
646 1207 674 1244 a
702 1192 964 1257 sinistris,
992 1194 1265 1248 virtutum
1294 1194 1665 1249 mediocritati
1697 1195 1970 1264 adjacent,
1998 1195 2151 1265 igno-

466 1282 472 1287 ’
565 1284 798 1338 rantiam
864 1297 1127 1354 prmstare
1195 1287 1381 1341 habet.
1452 1286 1735 1355 Siquidem
1799 1287 1947 1341 enim
2010 1286 2149 1340 nihil

563 1389 796 1442 prorsus
846 1387 1229 1445 comparatum
1275 1384 1360 1431 est
1404 1390 1528 1431 esse
1577 1376 1632 1429 in
1678 1376 1892 1431 ratione
1930 1375 2077 1446 quod
2116 1391 2148 1431 a

563 1467 776 1521 ratione
828 1469 1166 1531 abhorreat;
1202 1469 1380 1538 palam
1426 1477 1531 1531 est,
1563 1484 1689 1523 eum
1728 1468 1820 1537 qui
1861 1467 1929 1522 ad
1968 1468 2148 1522 virtu-

563 1563 677 1609 tum
727 1555 1001 1612 rationem
1051 1568 1278 1613 evectus
1327 1558 1418 1622 sit,
1460 1573 1652 1613 eorum
1685 1572 1807 1627 quae
1854 1573 1884 1612 a
1932 1559 2148 1612 ratione

558 1646 900 1702 abhorreant
941 1664 1290 1718 nequaquam
1325 1650 1657 1720 positionem
1700 1663 1929 1719 remque
1963 1650 2150 1721 cogni-

560 1739 930 1793 turum..Non
967 1740 1115 1795 enim
1150 1741 1427 1795 contraria
1460 1740 1766 1795 secundum
1800 1739 1945 1794 idem
1981 1739 2145 1794 simul

557 1829 805 1898 conspici
852 1838 1114 1899 possunt,
1163 1839 1328 1901 atque
1374 1832 1611 1886 alterum
1648 1847 1755 1885 una
1796 1845 1920 1885 cum
1965 1831 2142 1887 altero

556 1921 723 1976 simul
755 1922 999 1978 elucere.

626 2014 713 2071 98.
758 2014 1046 2085 Siquidem
1102 2014 1159 2070 in
1207 2013 1352 2079 ﬁde,
1402 2014 1748 2070 inﬁdelitatis
1794 2014 1945 2069 nulla
1999 2015 2140 2068 ratio

553 2116 674 2171 est;
719 2121 900 2175 neque
945 2107 1039 2161 lux
1091 2122 1190 2177 per
1239 2115 1496 2161 naturam
1540 2106 1897 2161 tenebrarum
1945 2113 2141 2161 auctor

552 2207 669 2266 est;
703 2213 809 2253 nec
845 2198 1070 2253 diabolo
1103 2208 1488 2268 comparatum
1523 2206 1585 2252 ut
1616 2214 1726 2253 una
1760 2214 1885 2253 cum
1916 2197 2140 2254 Christo

553 2299 898 2359 compareat;
934 2291 1097 2361 plane
1141 2304 1323 2359 neque
1369 2298 1431 2344 ut
1460 2289 1667 2343 rationi
1695 2289 1921 2343 omnino
1952 2302 2139 2345 comes

553 2382 802 2449 exsistat,
836 2382 983 2453 quod
1029 2379 1297 2436 abhorret
1324 2398 1355 2435 a
1388 2381 1624 2436 ratione.
1666 2380 1763 2436 Sin
1802 2389 1984 2435 autem
2015 2395 2137 2435 om-

551 2474 688 2529 nino
733 2473 937 2529 rationi
965 2488 1153 2529 comes
1178 2488 1304 2529 esse
1334 2487 1446 2528 non
1477 2480 1660 2543 potest
1691 2468 1840 2542 quod
1872 2470 2140 2527 abhorret

551 2579 585 2618 a
618 2564 868 2628 ratione,
896 2563 994 2634 qui
1038 2563 1106 2619 ad
1141 2563 1411 2617 virtutum
1446 2561 1718 2616 rationem
1763 2570 1988 2616 evectus
2027 2568 2132 2626 est,

549 2655 974 2710 abhorrentium
1014 2669 1045 2708 a
1086 2652 1298 2708 ratione
1334 2652 1667 2723 positionem
1705 2650 2135 2722 haudquaquam

545 2751 846 2815 agnoscet;
900 2743 996 2813 qui
1045 2743 1261 2798 scilicet
1306 2743 1502 2808 solam,
1544 2743 1627 2797 uti
1676 2741 1794 2811 ipsa
1835 2755 1895 2796 se
1944 2740 2130 2808 habet,

547 2849 659 2889 nor.
693 2841 756 2889 ut
801 2833 1173 2898 existimatur,
1206 2841 1504 2905 cognoscat
1545 2832 1810 2888 virtutem
1839 2849 1854 2884 :
1890 2831 2133 2901 hincque

545 2936 656 2993 est,
688 2935 751 2983 ut
790 2943 969 2998 neque
1010 2926 1294 2982 dexteram
1341 2940 1443 2996 per
1486 2939 1797 2988 excessum,
1838 2939 2018 2993 neque
2053 2923 2133 2978 si-

545 3019 777 3074 nistram
812 3032 913 3088 per
957 3015 1260 3079 defectum,
1293 3015 1453 3071 sciat.
1491 3014 1737 3084 Utraque
1780 3012 1931 3067 enim
1971 3019 2132 3082 parte

546 3105 725 3174 palam
755 3104 1102 3175 intelligitur,
1131 3104 1281 3173 quod
1309 3103 1609 3158 abhorreat
1638 3117 1669 3156 a
1698 3102 1934 3155 ratione.

616 3191 708 3246 99.
745 3162 1328 3247 [ﬁdelitatem-vocat
1356 3206 1454 3247 seu
1486 3190 1952 3254 incredulitatem,
1979 3188 2130 3258 quod
2157 3162 2200 3220 θ

544 3284 673 3354 quis
703 3284 941 3353 abneget
980 3284 1268 3349 mandata;
1316 3283 1480 3338 ﬁdem
1516 3297 1673 3345 vero,
1709 3280 2012 3352 quodillis
2048 3297 2136 3338 as—

543 3391 772 3431 sensum
839 3374 1103 3444 przeheat.
1177 3375 1495 3438 Tenebras,
1575 3371 1710 3426 boni
1794 3373 2131 3444 honestique

544 3468 941 3539 ignorantiam;
991 3467 1196 3531 lucem,
1242 3466 1364 3536 ejus
1411 3464 1771 3534 agnitionem.
1821 3462 2129 3532 Christum,

543 3561 676 3615 boni
718 3559 1053 3629 honestique
1095 3557 1403 3628 appellavit
1430 3556 1729 3612 essentiam
1768 3571 1834 3611 ac
1867 3556 2131 3613 substan-

543 3652 698 3707 tiam.
750 3650 1043 3705 Diabolum
1093 3648 1371 3718 denique,
1410 3647 1508 3718 qui
1563 3647 1836 3702 malorum
1879 3649 2128 3704 omnium

541 3756 745 3811 parens
773 3740 1023 3804 exsistat,
1055 3738 1356 3809 pessimum
1391 3737 1667 3792 habitum.

612 3833 740 3888 100.
768 3831 906 3888 Cum
947 3830 1089 3886 ratio
1124 3845 1311 3885 rerum
1351 3829 1478 3885 ﬁnis
1524 3830 1834 3900 modusque
1871 3830 2124 3897 exsistat,

538 3925 772 3996 perinde
808 3934 893 3981 est
933 3924 1001 3979 ad
1048 3923 1280 3979 rationis
1319 3922 1651 3989 absentiam,
1683 3932 1852 3992 atque
1897 3907 2036 3979 adeo
2065 3933 2127 3981 ut

537 4033 568 4071 a
600 4017 816 4073 ratione
846 4017 1162 4078 abhorreat,
1198 4024 1399 4084 ιιι-αξιοι·
1436 4016 1601 4069 ﬁnem
1646 4014 1999 4084 modumque,
2028 4025 2126 4072 aut

537 4126 733 4165 rursus
758 4124 928 4179 supra
960 4108 1073 4171 illa,
1103 4107 1339 4161 moveri.
1370 4105 1656 4164 Utrumvis
1681 4106 1853 4173 enim,
1882 4107 2004 4172 hos,
2027 4108 2124 4177 qui

536 4204 618 4258 sic
664 4208 1015 4262 moveantur,
1048 4199 1117 4254 ab
1154 4214 1222 4253 eo
1268 4198 1417 4268 quod
1463 4206 1548 4253 est
1594 4200 1817 4273 proprie
1864 4213 2123 4256 exerrare

536 4295 668 4349 facit
703 4310 718 4348 :
755 4292 989 4348 alterum
1036 4290 1294 4361 quidem,
1348 4290 1623 4344 incertum
1680 4290 1958 4361 nullisque
2006 4299 2121 4347 ter-

518 4385 701 4440 .minis
732 4383 1021 4439 deﬁnitum
1070 4396 1295 4436 cursum
1338 4395 1606 4452 peragere
1642 4381 1908 4448 suadens;
1932 4383 2123 4454 -610

2254 558 2453 627 σαρκὸς
2510 558 2585 619 ὡς
2624 558 2922 628 ἀριστερᾶς
2973 556 3074 608 οὑκ
3127 551 3267 608 οἶδεν
3318 555 3632 626 ἁμαρτίαν·
3692 561 3723 611 ὁ
3774 559 3836 613 δι

2251 651 2350 720 τῆς
2408 648 2685 719 γνώσεως,
2737 648 2837 721 τὴν
2879 647 3056 718 ψυχῆς
3104 647 3181 711 ὼς
3229 647 3412 711 δεξ.ᾶς
3457 647 3522 701 οὐ
3574 649 3836 716 γινώσκει

2251 744 2469 799 κακίαν.
3600 751 3628 764 ⁸

2286 904 2291 911 .
2323 918 2430 985 HC.
2486 917 2550 971 Ἦ
2573 915 2719 970 κατὰ
2755 916 2915 985 λόγον
2950 915 3151 985 γνῶσις
3185 913 3292 968 τῶν
3339 916 3579 986 ἀρετῶν’
3601 916 3775 987 ἤγουν
3799 918 3833 986 ἡ

2251 1010 2370 1062 κατ’
2399 1007 2685 1079 ἐνέργειαν
2729 1006 2937 1078 ἀληθὴς
2978 1005 3080 1075 τῆς
3111 1005 3221 1058 τῶν
3258 1005 3472 1076 ἀρετῶν
3500 1006 3683 1070 αίτίας
3710 1009 3834 1060 επί-

2249 1117 2474 1168 γνωσις,
2502 1102 2727 1170 ἄγνοιαν
2761 1098 3000 1170 παντελῆ
3027 1098 3240 1167 πέφυκε
3274 1101 3472 1162 ποιεῖν,
3507 1099 3608 1170 τῆς
3647 1098 3832 1165 δεξιᾶς

2251 1194 2346 1246 καὶ
2392 1194 2692 1264 ἀριστερᾶς
2723 1190 3066 1263 ἑκατέρωθεν
3095 1192 3515 1262 παρακειμένης
3550 1195 3617 1264 τῇ
3671 1193 3833 1262 μεσόο

2248 1300 2373 1354 τητι
2421 1285 2534 1338 τῶν
2571 1284 2785 1352 ἀρετῶν
2816 1282 3125 1354 ὑπερϐολῆς
3157 1283 3252 1335 καὶ
3284 1282 3596 1352 ἐλλείψεως.
3626 1283 3694 1336 El
3725 1283 3830 1353 γὰρ

2248 1377 2400 1430 οὐδὲν
2436 1377 2497 1429 ὲν
2525 1376 2603 1446 τῷ
2637 1377 2781 1446 λόγῳ
2816 1374 3095 1438 παντελῶς
3128 1375 3372 1445 πέφυκεν
3413 1371 3551 1429 εἶναι
3588 1375 3832 1445 παράλο-

2249 1485 2368 1538 γον,
2399 1468 2587 1537 σαφῶς
2615 1470 2644 1522 ό
2672 1468 2813 1539 πρὸς
2840 1468 2932 1522 τὸν
2962 1468 3121 1537 λόγον
3158 1467 3269 1522 τῶν
3300 1467 3513 1539 ἀρετῶν
3545 1467 3829 1538 ἀναχθεὶς,

2246 1560 2345 1631 τὴν
2365 1560 2475 1614 τῶν
2491 1561 2822 1632 παραλόγων
2863 1561 3116 1632 οὐδαμῶς
3152 1560 3522 1629 ἐπιγνώσεται
3550 1559 3722 1614 θέσιν.
3755 1562 3830 1614 Οὑ

2247 1653 2357 1724 γὰρ
2387 1652 2619 1707 δυνατὸν
2647 1653 2816 1724 ἄμφω
2848 1652 2992 1705 κατά
3014 1652 3211 1705 ταύτὸν
3237 1652 3355 1721 ἅμα
3381 1651 3732 1723 καταθρῆσαι
3763 1654 3833 1705 τὰ

2250 1744 2624 1814 ἀντικείμενα,
2662 1745 2759 1797 καὶ
2784 1744 2999 1815 θατέρῳ
3023 1742 3140 1813 ἅμα
3157 1742 3218 1796 τὺ
3243 1743 3430 1814 ἕτερον
3458 1742 3667 1814 γνῶναι
3701 1759 3833 1797 συν-

2177 1811 2219 1867 B
2248 1811 2669 1908 εμφαινόμενον.

2317 2016 2428 2088 ιη’.
2469 2016 2544 2073 Et
2570 2018 2834 2089 ἀπιστίας
2873 2018 2932 2070 ὲν
2951 2019 3019 2089 τῇ
3066 2018 3251 2071 πίστει
3281 2015 3438 2086 λόγος
3475 2016 3675 2080 οὐδεὶς,
3704 2015 3832 2070 οὐδὲ

2248 2107 2476 2172 σκότους
2527 2107 2678 2161 αῑτία
2724 2108 2869 2161 κατὰ
2916 2108 3079 2176 φύσιν
3126 2108 3362 2179 ὑπάρχει
3405 2108 3469 2161 τὸ
3508 2108 3647 2175 φῶς,
3698 2109 3831 2161 οὑδὲ

2245 2197 2468 2270 Χριστῷ
2498 2198 2979 2253 συνενδείκνυσθαι
3020 2199 3265 2270 πέφυκεν
3305 2200 3335 2254 ὁ
3375 2198 3640 2262 διάϐολος,
3660 2198 3830 2268 δῆλον

2243 2288 2320 2352 ὼς
2345 2290 2469 2344 οὐδὲ
2499 2290 2579 2361 τῷ
2605 2290 2748 2361 λόγῳ
2775 2292 3106 2362 τοπαράπαν
3125 2292 3461 2362 συνυπάρχει
3493 2291 3555 2344 τὺ
3581 2291 3830 2362 παράλο-

2244 2397 2363 2450 γον.
2396 2381 2459 2435 Εῑ
2500 2380 2559 2436 δὲ
2611 2381 2689 2454 τῷ
2724 2381 2870 2453 λόγῳ
2911 2385 3152 2437 συνεῖναι
3184 2383 3465 2446 παντελῶς
3493 2383 3555 2436 οὑ
3593 2382 3831 2439 δύναται

2246 2470 2310 2524 τὸ
2339 2471 2675 2542 παράλογον,
2703 2474 2734 2526 ὁ
2764 2473 2903 2544 πρὸς
2943 2473 3037 2527 τὸν
3080 2473 3239 2542 λόγον
3276 2472 3388 2527 τῶν
3436 2473 3648 2543 ἀρετῶν
3685 2476 3826 2528 ἁνα-

2240 2561 2412 2633 χθεὶς,
2463 2562 2563 2634 τὴν
2625 2564 2735 2618 τῶν
2780 2564 3113 2636 παραλόγων
3159 2565 3412 2636 οὐδαμῶς
3454 2566 3825 2636 ἐπιγνώσεται

2241 2654 2413 2719 θέσιν,
2456 2655 2625 2727 μόνην
2655 2656 2733 2719 ὼς
2767 2656 2938 2722 ἐστιν,
2974 2657 3092 2711 ἀλλ’
3133 2659 3233 2728 οὑχ
3285 2658 3361 2722 ὡς
3415 2659 3697 2730 νομίζεται
3723 2675 3827 2728 γι-

2239 2747 2469 2802 νῶσκων
2497 2747 2595 2819 τὴν
2626 2750 2830 2820 ἀρετήν
2850 2767 2864 2782 ·
2899 2750 2995 2803 καὶ
3023 2749 3112 2804 διὰ
3141 2748 3301 2803 τοῦτο
3349 2751 3496 2821 μήτε
3523 2749 3705 2816 δεξιὰν
3727 2750 3826 2805 διὰ

2239 2842 2338 2912 τῆς
2368 2840 2609 2913 ὑπερῦολ
2623 2841 2708 2911 ῆς,
2752 2843 2891 2914 μήτε
2934 2843 3231 2916 ἀριστερὰν
3266 2843 3355 2897 διὰ
3396 2843 3499 2914 τῆς
3526 2844 3825 2914 ἐλλείψεως

2239 2932 2626 3003 ἐπιστάμενος.
2671 2933 2791 2987 Ἐπ’
2825 2936 3029 3005 ἀμφοῖν
3066 2936 3183 3013 γὰρ
3213 2936 3508 3006 θεωρεῖται
3537 2935 3726 3004 σαφῶς
3746 2935 3819 2990 τὸ

2238 3023 2565 3094 παράλογον.

2306 3199 2411 3267 ιιθε.
2466 3201 2755 3257 Ἀπιστίαν
2790 3202 2963 3272 λέγει,
2993 3202 3094 3276 τὴν
3121 3204 3354 3274 ἄρνησιν
3389 3204 3493 3258 τῶν
3537 3203 3814 3258 ἐντολῶν·

2236 3289 2418 3343 πίστιν
2455 3291 2535 3354 δὲ,
2578 3291 2678 3362 τὴν
2707 3292 2888 3346 αὐτῶν
2933 3292 3364 3361 συγκατάθεσιν·
3401 3292 3460 3347 τὸ
3494 3292 3554 3347 δὲ
3588 3293 3815 3358 σκότος.

2234 3377 2330 3432 τοῦ
2365 3379 2532 3433 καλοῦ
2557 3381 2657 3451 τὴν
2686 3380 2912 3449 ἄγνοιαν
2933 3398 2948 3412 ·
2985 3381 3046 3434 τὸ
3075 3381 3135 3434 δὲ
3166 3382 3309 3451 φῶς,
3346 3383 3448 3454 τὴν
3477 3386 3671 3437 τούτου
3701 3384 3818 3439 διά-

2231 3486 2458 3537 γνωσιν.
2500 3471 2736 3542 Χριστὸν
2769 3472 2825 3525 δὲ
2852 3471 3116 3544 κέκληκε,
3151 3472 3251 3544 τὴν
3281 3472 3466 3527 οὐσίαν
3506 3473 3603 3527 τοῦ
3637 3474 3811 3528 καλοῦ

2231 3564 2326 3617 καὶ
2375 3561 2476 3633 τὴν
2516 3563 2849 3617 ὑπόστασιν·
2883 3564 2976 3618 τὸν
3017 3564 3266 3619 διάϐολον
3313 3564 3390 3629 δὲ,
3435 3563 3534 3636 τὴν
3573 3564 3812 3622 πάντων

2228 3652 2558 3725 γεννητικὴν
2578 3653 2690 3707 τῶν
2712 3653 2905 3708 κακῶν
2934 3656 3224 3727 χειρίστην
3253 3654 3388 3721 ἕξιν.

2299 3834 2367 3901 ρ’.
2410 3829 2474 3884 El
2506 3832 2632 3901 ὄρος
2664 3832 2901 3904 ὑπάρχει
2950 3833 3044 3887 καὶ
3092 3830 3292 3904 μέτρον
3316 3832 3425 3887 τῶν
3452 3832 3625 3889 όντων
3650 3833 3681 3886 ό
3711 3832 3806 3888 λό-

2225 3937 2342 3990 γος,
2376 3922 2494 3978 ίσον
2536 3923 2674 3995 πρὸς
2721 3923 2946 3993 ἀλογίαν
2972 3926 3110 3990 ἐστὶ,
3141 3925 3237 3979 καὶ
3265 3924 3356 3979 διὰ
3376 3926 3538 3979 τοῦτο
3565 3923 3807 3995 παράλο-

2226 4029 2343 4080 γον,
2374 4013 2438 4066 τὸ
2468 4013 2624 4084 παρὰ
2644 4013 2737 4066 τὸν
2767 4013 2890 4084 ὅρον
2918 4013 3013 4067 καὶ
3040 4013 3191 4082 παρά
3235 4013 3296 4067 τὸ
3322 4014 3546 4084 μέτρον,
3574 4013 3610 4084 ἢ
3641 4012 3801 4067 πάλιν

2225 4103 2366 4174 ὑπὲρ
2395 4103 2487 4156 τὸν
2520 4105 2646 4174 ὅρον
2688 4104 2960 4158 κινεῖσθαι
2981 4105 3077 4157 καὶ
3110 4090 3251 4175 ὑπὲρ
3282 4103 3345 4156 τὸ
3378 4103 3600 4174 μέτρον.
3647 4102 3799 4158 Ἐπί-

2224 4206 2327 4260 σης
2359 4190 2472 4261 γὰρ
2518 4190 2687 4262 ἄμφω
2730 4194 2844 4256 τοῖς
2893 4190 3038 4245 οὕτω
3078 4190 3416 4262 κινουμένοις
3460 4191 3557 4244 τοῦ
3591 4192 3797 4263 κυρίως

2222 4282 2375 4344 ὄντος
2415 4281 2576 4353 φέρει
2616 4283 2719 4354 τὴν
2760 4284 3070 4337 ἔκπτωσιν·
3113 4282 3175 4336 τὸ
3221 4284 3340 4354 μὲν,
3389 4282 3583 4355 ἄδηλον
3616 4284 3801 4348 αὐτοῖς

2222 4374 2492 4427 ποιεῖσθαι
2519 4373 2615 4427 τοῦ
2658 4374 2861 4446 δρόμου
2894 4374 3213 4451 πεῖθοντὴν
3259 4375 3474 4445 κίνησιν
3512 4375 3609 4428 καὶ
3644 4374 3801 4447 ἀόρι-

533 4477 614 4530 sic
663 4476 948 4539 nimirum,
983 4484 1046 4529 ut
1086 4489 1199 4544 prae
1248 4473 1451 4527 mentis
1495 4471 1953 4539 immoderantia,
2002 4481 2123 4527 tan-

2236 4480 2370 4531 στον,
2413 4467 2514 4519 οὑκ
2575 4466 2807 4536 ἔχουσαν
2863 4465 3066 4520 σκοπὸν
3110 4467 3203 4520 τὸν
3243 4466 3379 4520 Θεὸν
3416 4466 3486 4520 δι’
3530 4467 3802 4537 ἀμετρίαν

532 4584 697 4639 quam
728 4567 893 4622 ﬁnem
930 4567 1038 4621 illis
1066 4575 1538 4636 praeconceptum,
1569 4565 1744 4620 Deum
1784 4565 2120 4620 destinatum

531 4676 643 4714 non
690 4659 966 4723 habeant;
1009 4658 1138 4712 dum
1188 4672 1257 4712 eo
1308 4655 1455 4727 quod
1503 4655 1760 4710 dextrum
1805 4663 1924 4719 est,
1973 4656 2121 4711 aliud

530 4744 664 4815 quid
710 4744 887 4816 magis
929 4743 1188 4798 dextrum
1239 4759 1305 4799 ac
1350 4743 1590 4808 beatius,
1626 4744 1900 4799 somniant
1937 4760 1952 4797 :
1988 4744 2121 4799 alte-

529 4853 652 4892 rum
692 4852 825 4893 vero
878 4836 933 4891 in
983 4837 1229 4891 animum
1282 4834 1576 4896 inducens,
1608 4845 1670 4891 ut
1709 4845 1913 4905 praeter
1948 4836 2121 4893 desti-

527 4939 740 4990 natum,
775 4928 831 4982 in
884 4928 1066 4983 solum
1112 4941 1339 4981 sensum
1378 4940 1601 4980 cursum
1640 4924 1957 4991 intendant;
1987 4925 2120 4980 dum

526 5023 639 5086 prae
689 5016 894 5070 mentis
946 5014 1294 5084 pusillitate,
1340 5027 1504 5083 quem
1554 5028 1718 5068 sensu
1766 5014 2119 5069 circumscri-

526 5106 702 5170 bunt,
756 5113 1201 5175 prazconceptum
1254 5103 1418 5159 ﬁnem
1475 5103 1814 5159 existimant.
1860 5103 1988 5159 Haec
2038 5105 2119 5158 rei

528 5198 649 5268 ipso
676 5215 842 5253 sensu
885 5212 993 5252 non
1035 5197 1344 5267 experitur,
1381 5195 1476 5266 qui
1514 5196 1617 5251 soli
1650 5196 1875 5251 virtutis
1916 5196 2117 5251 rationi

525 5290 837 5355 devinctus,
863 5304 1085 5344 omnem
1122 5287 1329 5342 mentis
1360 5302 1471 5342 suae
1499 5285 1777 5342 facultatis
1808 5293 2020 5340 motum
2049 5303 2113 5343 ea

525 5379 808 5445 deﬁnivit;
841 5395 907 5433 ex
937 5393 1048 5447 quo
1082 5376 1157 5431 illi
1186 5385 1293 5440 est,
1322 5385 1387 5432 ut
1420 5376 1560 5431 nihil
1591 5392 1757 5446 supra
1783 5384 1879 5429 aut
1911 5383 2110 5445 praeter

526 5467 816 5531 rationem,
848 5467 1054 5536 illaque
1078 5466 1249 5520 invita
1279 5466 1464 5519 animo
1497 5464 1739 5535 cogitare
1767 5465 1962 5535 possit.

841 5577 1098 5646 QUINTO
1134 5578 1459 5635 CENTENA
1491 5576 1766 5632 CAPITA.

597 5670 648 5724 l.
690 5667 966 5724 Naturalis
995 5671 1158 5734 ratio,
1191 5685 1291 5739 per
1318 5670 1530 5725 medias
1558 5666 1813 5736 virtutes,
1845 5686 1971 5724 eum
2010 5669 2102 5739 qui

594 5781 610 5801 ‘
643 5778 725 5836 Cf.
761 5777 825 5833 ad
857 5778 1014 5835 Thal.
1044 5797 1095 5850 q.
1134 5781 1219 5835 64.

2223 4556 2362 4621 νοὸς,
2390 4557 2467 4621 ὡς
2497 4556 2650 4621 τέλος
2689 4558 2875 4620 αὐτοῖς
2907 4557 3429 4629 προεπινοοὺμενον·
3462 4557 3560 4611 τοῦ
3596 4556 3798 4623 δεξιοῦ,

2219 4646 2537 4718 δεξιώτερον
2584 4647 3114 4719 ἀππλαττομένοις·
3161 4650 3223 4702 τὸ
3263 4649 3340 4714 δὲ,
3379 4647 3531 4719 παρὰ
3556 4648 3649 4702 τὸν
3675 4666 3801 4703 σκο-

2220 4739 2343 4801 πδν,
2378 4740 2517 4811 πρὸς
2564 4740 2731 4811 μόνην
2777 4741 2878 4812 τὴν
2924 4740 3181 4811 αἴσθησιν
3217 4741 3420 4805 αὐτοὺς
3459 4739 3670 4807 πεῖθον,
3702 4741 3798 4795 τοῦ

2221 4830 2422 4903 δρόμου
2449 4831 2722 4885 ποιεῖσθαι
2746 4832 2847 4902 τὴν
2882 4832 3120 4901 κίνησιν,
3144 4833 3212 4885 δι’
3237 4831 3457 4894 ἀτονίας
3487 4832 3631 4897 νοὸς,
3663 4850 3801 4903 προ-

2224 4922 2610 4993 επινοούμενον
2661 4922 2813 4987 τέλος
2857 4923 3201 4994 νομίζοντας,
3266 4922 3326 4975 τὺ
3370 4925 3495 4977 κατ’
3541 4924 3799 4993 αἴσθησιν

2218 5015 2402 5077 αὑτοῖς
2447 5014 2925 5085 περιγραφόμενον
2944 5029 2958 5044 °
2988 5014 3133 5082 ἅπερ
3163 5015 3346 5083 ἀγνοεί
3389 5014 3465 5087 μὴ
3496 5016 3747 5086 πάσχων.
3771 5018 3799 5069 ό

2220 5106 2365 5175 μόνῳ
2408 5104 2485 5176 τῷ
2526 5105 2670 5175 λόγῳ
2717 5105 2823 5174 τῆς
2853 5106 3054 5178 ἀρετῆς
3086 5107 3448 5178 συνημμένος,
3481 5109 3579 5162 καὶ
3614 5109 3797 5162 πᾶσαν

2214 5195 2365 5266 αὑτῷ
2409 5196 2510 5266 τῆς
2537 5195 2681 5249 κατά
2718 5196 2845 5249 νοῦν
2885 5196 3098 5260 οἰκείας
3127 5197 3408 5267 δυνάμεως
3442 5198 3798 5269 περιγράψας

2213 5288 2312 5359 τὴν
2343 5288 2581 5357 κίνησιν,
2627 5289 2723 5343 καὶ
2768 5288 3019 5342 διατοῦτο
3064 5289 3229 5360 μηδὲν
3265 5290 3406 5361 ὑπὲρ
3453 5291 3547 5344 τὸν
3576 5290 3795 5362 λόγονῆ

2218 5382 2368 5451 παρὰ
2396 5379 2488 5432 τὸν
2520 5380 2677 5448 λόγον
2714 5380 3046 5451 διανοεῖσθαι
3079 5381 3396 5450 δυνάμενος.

2615 5579 3031 5632 ΕΚΑΤΟΝΤΑΣ
3070 5579 3388 5634 ΠΕΜΠΤῙΙ.

2283 5677 2352 5724 α’.
2396 5674 2411 5689 ⁶
2447 5673 2507 5726 Ὀ
2546 5673 2685 5727 κατά
2731 5670 2892 5743 φύσιν
2939 5671 3118 5742 λόγος,
3164 5672 3253 5727 διὰ
3302 5671 3483 5742 μέσων
3524 5672 3637 5726 τῶν
3663 5674 3798 5758 ἀρε-
