4122 6322
331 424 475 491 Ῑὸω

1007 422 1341 485 ΟΑΡΙΤΗΜ
1384 421 1806 494 QUINQUIES
1842 422 2367 485 CENTEXORUM
2402 417 2791 486 CENTURIA
2830 426 2894 488 V.

3474 427 3610 496 i350

327 544 462 605 τῶν,
497 541 633 612 πρὸς
663 539 756 594 τὸν
792 537 918 593 νοῦν
959 540 1186 608 ἀνάγειν
1235 540 1449 610 πέφυκε
1491 541 1583 594 τὸν
1623 539 1916 611 ἐπιμελού-

2027 541 2228 595 actioni
2270 540 2610 613 diligentiam
2654 543 2840 611 habet,
2878 543 2949 599 ad
2985 543 3407 615 intelligentiam
3449 561 3611 603 men-

328 652 496 704 μενον
529 634 780 704 πράξεως
800 646 814 660 '
850 637 879 686 ὁ
904 633 961 688 δὲ
1003 632 1127 696 νοῦς
1157 633 1294 705 πρὸς
1326 634 1425 706 τὴν
1467 633 1662 701 σοφίαν
1700 633 1914 702 εἰσάγει

324 724 418 778 διὰ
450 724 687 797 Θεωρίας
727 723 818 778 τὸν
860 726 1146 795 ἐφιέμενον
1186 724 1462 792 γνώσεως.
1499 726 1573 778 Τὸ
1595 726 1650 779 δὲ
1676 725 1916 797 παράλο-

325 830 428 881 γον
456 815 648 879 πάθος,
683 815 820 880 πρὸς
864 814 962 885 τὴν
1006 814 1260 885 αἴσθησιν
1290 815 1468 868 πείθει
1509 814 1917 886 καταφέρεσθαι

325 907 426 961 τὸν
454 906 766 978 ἀμελοῦντα
796 906 905 960 τῶν
941 906 1197 970 ἐντολῶν,
1231 902 1301 980 ἧς
1342 907 1496 971 τέλος
1525 908 1664 973 ἐστὶ,
1691 908 1753 961 τὸ
1780 908 1917 979 πρὸς

324 999 430 1070 τὴν
459 999 654 1070 ἡδονὴν
686 997 1071 1070 καθηλωθῆναι
1091 997 1187 1052 τὸν
1213 997 1361 1053 νοῦν.

402 1178 467 1248 β’.
524 1178 755 1249 Ἀρετὴν
796 1177 976 1240 καλεῖ,
1009 1177 1110 1249 τὴν
1141 1175 1531 1248 ἅπαθεστάτην
1575 1181 1671 1233 καλ⁸
1712 1178 1917 1248 παγίαν

324 1272 461 1343 περὶ
488 1272 549 1324 τὸ
575 1270 741 1325 καλὸν
786 1270 922 1335 ἕξιν,
950 1264 1019 1342 ἦς
1056 1270 1142 1339 ἐφ’
1173 1270 1412 1342 ἑκάτερα
1442 1270 1790 1343 καθέστηκεν
1828 1273 1920 1325 οὑ-

323 1365 438 1428 δὲν,
479 1365 614 1417 Θεοῦ
646 1363 918 1435 φερούσης
942 1365 1296 1436 χαρακτῆρα,
1329 1354 1372 1430 ᾧ
1401 1363 1553 1416 οὐδέν
1577 1363 1727 1417 ἐστιν
1760 1364 1918 1418 ἐναν-

324 1455 461 1510 τίον.
495 1454 655 1508 Αἰτία
701 1454 759 1507 δὲ
797 1452 908 1506 τῶν
943 1453 1154 1524 ἀρετῶν
1188 1454 1340 1506 ἐστιν
1368 1454 1397 1507 ό
1434 1452 1569 1517 Θεός
1589 1468 1604 1484 ο
1636 1453 1827 1507 τούτου
1858 1455 1918 1507 δὲ

325 1546 454 1600 κατ’
475 1546 757 1618 ἐνέργειαν
795 1544 1020 1616 γνῶσις,
1058 1548 1091 1616 ἠ
1123 1546 1214 1599 τοῦ
1236 1545 1360 1600 κατ’
1391 1545 1650 1616 ἀλήθειαν
1673 1546 1919 1615 ἐπεγνω-

325 1640 489 1701 κότος
511 1638 602 1692 τὸν
624 1637 757 1691 Θεὸν
777 1637 915 1709 πρὸς
940 1637 1003 1692 τὸ
1028 1637 1250 1709 πνεῦμα
1276 1635 1419 1692 κατά
1445 1636 1545 1702 τὴν
1567 1636 1682 1702 ἕξιν
1693 1637 1919 1692 ἀλλοίω-

328 1749 439 1796 σις.

399 1829 468 1891 γ’.
496 1802 557 1876 Εἰ
581 1825 609 1876 ό
623 1822 779 1892 λόγος
806 1820 1059 1893 διώρισεν
1079 1821 1156 1887 ὡς
1182 1821 1427 1892 πέφυκεν
1443 1822 1673 1876 ἑκάστου
1695 1823 1794 1894 τὴν
1810 1822 1918 1893 γέ-

2020 641 2243 703 temque
2271 635 2519 703 proclive
2558 634 2816 704 provehit
2845 652 2859 690 :
2894 651 3053 692 mens
3096 651 3233 691 vero
3271 639 3613 709 contempla-

2020 724 2187 779 tionis
2216 726 2367 780 cultu
2400 725 2644 781 scientia:
2671 726 2953 782 desiderio
2979 726 3256 792 allectum,
3287 727 3355 782 ad
3384 729 3605 798 sapien-

2019 816 2150 872 tiam
2182 818 2416 874 inducit.
2441 817 2575 884 Quae
2597 826 2783 874 autem
2802 835 2840 874 -a
2869 819 3083 874 ratione
3110 820 3292 889 passio
3320 818 3608 884 abhorret,

2018 919 2081 965 ut
2129 912 2186 965 in
2233 927 2455 971 sensum
2505 928 2753 984 prteceps
2797 921 2925 968 ruat
2974 913 3053 968 illi
3113 920 3307 968 auctor
3351 921 3464 977 cst,
3509 914 3607 984 qui

2018 1003 2276 1058 mandata
2303 1004 2561 1076 negligit;
2602 1007 2762 1076 cujus
2800 1004 2928 1061 linis
2959 1015 3064 1071 est,
3096 1012 3160 1059 ut
3197 1018 3356 1059 mens
3384 1004 3608 1060 libidini

2019 1094 2227 1150 haereat
2252 1097 2417 1166 eique
2448 1097 2661 1152 conﬁxa
2689 1099 2782 1153 sit.

2087 1186 2143 1240 2.
2194 1187 2468 1243 Virtutem
2530 1198 2726 1255 vocat,
2791 1188 3211 1259 pacatissimum
3277 1188 3609 1258 ﬁrmumque

2019 1279 2243 1336 honesti
2282 1281 2532 1351 rectique
2576 1282 2852 1347 habitum,
2896 1282 3039 1337 nihil
3088 1283 3352 1352 utrinque
3398 1281 3610 1336 haben-

2021 1380 2155 1437 tem,
2183 1374 2279 1443 qui
2314 1375 2413 1430 Dei
2457 1377 2837 1432 characterem
2880 1377 3040 1443 ferat,
3073 1378 3163 1433 cui
3206 1378 3345 1432 nihil
3377 1377 3610 1432 exsistat

2019 1466 2386 1521 contrarium.
2422 1465 2706 1521 Virtutum
2748 1475 2934 1541 autem
2980 1483 3146 1524 causa
3193 1468 3338 1522 Deus
3371 1477 3475 1533 est,
3508 1482 3606 1522 seu

2019 1564 2215 1611 auctor
2248 1573 2260 1609 :
2300 1556 2398 1611 Dei
2441 1572 2577 1611 vero
2620 1557 2677 1611 in
2726 1565 2852 1612 actu
2907 1557 3169 1628 cognitio,
3204 1558 3319 1627 ipsa
3355 1559 3474 1627 ejus
3513 1553 3606 1627 qui

2018 1662 2151 1702 vere
2216 1647 2392 1702 Deum
2448 1649 2677 1719 agnovit
2720 1648 2778 1703 in
2841 1648 3106 1719 spiritum
3163 1648 3357 1704 habitu
3411 1648 3611 1703 immu-

2021 1735 2178 1791 talio.

2090 1829 2143 1884 ’5.
2182 1828 2320 1884 Cum
2362 1830 2526 1895 ratio,
2564 1830 2834 1902 cujusque
2872 1831 2974 1897 rei,
3008 1847 3110 1902 pro
3136 1848 3205 1888 eo
3237 1847 3303 1887 ac
3342 1832 3421 1887 illi
3462 1847 3612 1886 com-

325 1931 498 1977 νεσιν,
526 1914 681 1968 οὐδὲν
709 1913 818 1967 τῶν
840 1913 1008 1968 ὅντων
1038 1914 1201 1968 ἑαυτὸ
1213 1912 1460 1983 φυσικῶς
1482 1913 1515 1983 ἦ
1539 1913 1920 1985 ὑπερϐέϐηκεν

2027 1929 2278 1991 paratum
2306 1930 2412 1987 est,
2448 1923 2814 1979 substantiam
2843 1933 3212 1996 naturamque
3247 1924 3607 1990 discreverit;

330 2005 359 2076 ἢ
398 2005 760 2076 ὑποϐέϐηκεν.
800 2003 1010 2059 Οὐκοῦν
1043 2006 1168 2075 ὄρος
1212 2004 1311 2074 μὲν
1340 2004 1450 2058 τῶν
1475 2004 1646 2057 ὄντων
1690 2003 1856 2069 ἐστὶν,
1887 2007 1920 2074 ἡ

329 2096 454 2148 κατ’
473 2094 658 2167 ἔφεσιν
673 2097 773 2166 τῆς
787 2095 965 2160 αἰτίας
991 2096 1285 2165 ἐπίγνωσις
1305 2111 1321 2127 ⁸
1343 2095 1540 2166 μέτρον
1569 2095 1647 2160 δὲ,
1671 2096 1705 2166 ἡ
1726 2095 1920 2168 ἐφικτὴ

328 2190 445 2251 τοῖς
465 2183 583 2241 οὖσι
613 2189 735 2241 κατ’
779 2187 1061 2254 ἐνέργειαν
1082 2187 1182 2257 τῆς
1210 2187 1389 2249 αἰτίας
1415 2187 1738 2258 ὲκμίμησις.
1769 2187 1843 2240 Τὸ
1865 2186 1922 2240 δὲ

331 2279 477 2349 ὑπὲρ
502 2278 592 2332 τὸν
616 2279 743 2348 ὅρον
776 2279 1043 2349 φέρεσθαι
1067 2279 1161 2332 καὶ
1193 2277 1254 2331 τὸ
1291 2278 1492 2348 μέτρον
1522 2276 1632 2331 τῶν
1669 2274 1924 2348 κινουμέ-

234 2436 241 2442 ,
328 2386 440 2422 νων
466 2367 565 2440 τὴν
593 2367 799 2437 ἔφεσιν,
832 2369 1092 2438 ἀνόνητον
1124 2371 1272 2422 ποιεῖ
1303 2369 1394 2422 τὸν
1416 2369 1638 2439 δρόμον,
1678 2367 1753 2439 μὴ
1779 2385 1916 2421 κατ-

330 2456 621 2513 αντώντων
671 2462 751 2522 εἰς
799 2459 952 2523 Θεὸν,
1005 2460 1064 2512 ὲν
1113 2453 1158 2528 ᾧ
1206 2460 1240 2530 ἡ
1274 2460 1395 2513 κατ’
1444 2460 1632 2528 ἔφεσιν
1696 2460 1917 2513 πάντων

335 2549 555 2602 ἵσταται
604 2548 835 2620 κίνησις,
886 2548 1299 2602 αὐθυπόστατον
1335 2548 1600 2619 δεχομένη
1630 2548 1784 2612 τέλος
1814 2547 1914 2602 τοῦ

333 2638 473 2692 Θεοῦ
508 2638 606 2710 τὴν
631 2640 954 2693 ἀπόλαυσιν.
986 2639 1063 2691 Τὸ
1093 2637 1151 2692 δὲ
1194 2637 1347 2708 παρά
1375 2638 1467 2692 τὸν
1496 2638 1621 2710 ὅρον
1651 2637 1911 2709 φέρεσθαι

337 2731 519 2786 καὶτὸ
553 2732 753 2803 μέτρον
786 2732 896 2785 τῶν
930 2725 1270 2803 κινουμένων
1296 2731 1396 2802 τὴν
1426 2730 1634 2801 ἔφεσιν,
1666 2732 1924 2802 ἀνόνητον

336 2824 484 2876 ποιεῖ
513 2823 603 2876 τὸν
635 2821 857 2894 δρόμον,
887 2820 1010 2876 ἀντὶ
1052 2821 1190 2874 Θεοῦ
1228 2821 1621 2875 καταντῶντων
1662 2820 1802 2893 πρὸς
1824 2821 1925 2892 τὴν

337 2915 617 2984 αἴσθησιν,
664 2916 723 2967 ἐν
842 2913 968 2966 καθ’
1001 2912 1195 2984 ἡδονὴν
1242 2912 1476 2985 βέϐηκεν
1513 2915 1548 2984 ἠ
1582 2913 1693 2967 τῶν
1734 2913 1925 2969 παθῶν

338 3004 712 3067 ἀνυπόστατος
743 3004 1066 3065 ἀπόλαυσις.

2024 2011 2177 2066 nulla
2227 2028 2318 2067 res
2359 2021 2446 2068 est
2493 2028 2615 2084 quae
2663 2015 2902 2084 scipsam
2951 2024 3151 2071 natura
3202 2014 3464 2079 excedat,
3510 2023 3611 2069 aut

2025 2100 2213 2173 seipsa'
2241 2103 2474 2158 inferior
2501 2105 2594 2160 sit.
2628 2104 2821 2175 Itaque
2855 2121 3042 2160 rerum
3076 2105 3202 2160 ﬁnis
3229 2115 3394 2176 atque
3420 2106 3610 2162 temii-

2025 2206 2154 2255 nus,
2194 2190 2454 2248 Auctoris
2499 2192 2779 2248 desiderio
2831 2194 3041 2266 agnitio
3090 2195 3308 2250 exsistit
3352 2210 3366 2247 :
3415 2193 3613 2248 modus

2023 2296 2180 2347 vero,
2211 2283 2335 2354 ejus
2382 2283 2560 2354 ipsius
2604 2284 2844 2341 imitatio
2887 2295 3000 2351 est,
3040 2301 3207 2357 quam
3261 2302 3351 2341 res
3387 2286 3444 2340 in
3486 2294 3613 2341 actu

2024 2374 2245 2444 assequi
2281 2376 2517 2445 possint.
2549 2374 2706 2443 Quod
2743 2386 2909 2447 porro
2950 2393 3117 2449 supra
3161 2377 3325 2433 linem
3362 2376 3616 2433 modum-

2023 2476 2153 2532 que,
2182 2479 2377 2519 eorum
2409 2481 2532 2536 quae
2559 2476 2854 2521 moventur
2877 2468 3156 2537 appetitus
3180 2467 3410 2534 feratur,
3446 2467 3616 2521 inuti-

2020 2554 2129 2610 lem
2161 2555 2346 2611 reddit
2373 2572 2621 2622 cursum,
2655 2558 2803 2628 quod
2828 2558 2895 2613 ad
2924 2559 3097 2614 Deum
3119 2574 3232 2614 non
3261 2559 3610 2629 perveniant,

2023 2642 2080 2697 in
2124 2657 2236 2713 quo
2285 2644 2535 2698 omnium
2581 2645 2942 2715 appetitionis
2990 2655 3208 2710 motus,
3254 2647 3434 2718 ipsum
3478 2659 3613 2700 vero

2021 2735 2380 2790 exsistcntcm
2425 2735 2587 2791 linem
2621 2737 2858 2807 (beatam
2905 2738 3123 2793 scilicet
3163 2738 3258 2794 Dei
3306 2739 3614 2807 possessio-

2023 2825 2171 2899 nem)
2202 2835 2423 2890 nactus,
2452 2828 2816 2897 conquiescit.
2850 2828 2948 2885 Sin
2986 2838 3169 2884 autem
3206 2841 3409 2901 praeter
3444 2831 3611 2886 ﬁnem

2023 2918 2362 2989 modumque
2416 2933 2612 2974 eorum
2661 2919 2943 2992 appetitus
2998 2921 3231 2986 feratur,
3284 2939 3409 2993 qua:
3456 2934 3613 2979 motu

2027 3009 2353 3075 incitantur,
2403 3009 2657 3065 inutilem
2711 3019 2940 3082 praestat
2992 3027 3254 3078 cursum,
3306 3014 3436 3068 dum
3490 3014 3616 3069 loco

339 3093 438 3149 Dei
509 3094 564 3147 in
631 3106 853 3148 sensum
892 3091 1167 3158 incidunt,
1208 3091 1266 3147 in
1305 3107 1418 3163 quo
1457 3093 1638 3149 inanis
1702 3094 2125 3168 frustraneaque
2189 3098 2489 3155 aﬂectuum
2553 3100 2963 3172 libidinumque
3034 3103 3230 3160 fruitio
3297 3096 3615 3176 voluptarie

339 3185 635 3243 conﬂatur.

411 3297 478 3352 δ’.
532 3299 590 3352 Ὀ
620 3296 757 3369 πρὸς
784 3298 882 3370 τὴν
919 3300 1100 3352 αἰτίαν
1145 3299 1253 3355 τῶν
1288 3300 1457 3354 ὄντων
1505 3299 1753 3372 ἀσχέτως
1792 3302 1922 3354 ἀνα-

2097 3283 2258 3353 θιι
2310 3282 2364 3336 4.
2401 3283 2556 3339 Mens
2604 3284 2660 3339 in
2708 3301 2895 3341 rerum
2947 3301 3167 3341 causam
3208 3286 3620 3359 Auctoremque

341 3391 519 3454 τιθεὶς
579 3391 705 3445 νοῦν
737 3431 751 3455 ,
797 3392 1054 3460 ἀγνοήσει
1103 3391 1407 3458 παντελῶς,
1456 3393 1659 3463 μηδένα
1705 3391 1927 3462 θεωρῶν

347 3485 533 3551 λόγον,
572 3484 627 3536 ἐν
668 3482 746 3554 τῷ
786 3482 928 3536 κατὰ
972 3483 1153 3536 πᾶσαν
1179 3482 1361 3537 αἰτίαν
1391 3483 1534 3555 ὑπὲρ
1559 3483 1738 3537 πάντα
1768 3483 1927 3552 λόγον

341 3577 464 3630 ὄντι
497 3576 618 3629 κατ’
632 3574 820 3629 οὐσίαν
842 3573 963 3639 Θεῷ
987 3591 1001 3604 ·
1033 3575 1171 3646 πρὸς
1200 3575 1260 3629 ὃν
1287 3574 1396 3628 ἀπὸ
1424 3575 1534 3627 τῶν
1559 3575 1727 3631 ὄντων
1757 3577 1929 3631 ἁπάν-

342 3683 455 3720 των
492 3664 800 3729 συσταλεὶς,
827 3663 1017 3717 οὐδένα
1051 3663 1160 3717 τῶν
1210 3662 1307 3731 ἀφ’
1347 3656 1424 3717 ὧν
1470 3663 1683 3730 ἀπέστη
1727 3664 1924 3733 λόγων,

345 3756 664 3817 ἐπίσταται,
703 3754 864 3826 μόνον
910 3755 1002 3808 τὸν
1051 3754 1188 3825 πρὸς
1238 3752 1299 3807 ὃν
1335 3754 1526 3822 γέγονε
1566 3754 1709 3808 κατά
1743 3742 1924 3825 χάριν,

256 3844 261 3851 ’
346 3847 776 3919 ἀνερμηνεῦτως
820 3845 1118 3918 θεώμενος.
1170 3846 1281 3899 Καὶ
1317 3844 1427 3917 γὰρ
1483 3846 1580 3899 καὶ
1633 3848 1763 3909 τοὺς
1817 3845 1926 3899 τῶν

346 3938 658 4009 ἀσωμάτων
706 3938 801 3990 καὶ
830 3937 956 4002 τοὺς
985 3936 1096 3989 τῶν
1138 3936 1405 4007 σωμάτων
1440 3936 1634 4007 ἀφίησι
1656 3934 1869 4005 λόγους,
1899 3938 1927 3990 ό

356 4031 498 4101 πρὸς
534 4027 627 4080 τὸν
673 4026 806 4080 Θεὸν
849 4024 1176 4098 ἀναδραμὼν
1205 4028 1326 4079 κατ’
1368 4025 1623 4080 ἔκστασιν
1662 4024 1807 4090 νοῦς.
1848 4025 1925 4079 Οὐ

348 4121 462 4189 γὰρ
506 4118 717 4186 πέφυκέ
753 4136 805 4172 τι
837 4117 957 4188 Θεῷ
984 4118 1092 4171 τῶν
1134 4117 1273 4188 μετά
1318 4116 1470 4184 Θεὸν,
1508 4117 1625 4187 ἅμα
1662 4133 1929 4187 συγκατο⁴

352 4208 671 4266 πτεύεσοαι.

418 4385 461 4433 ε’
471 4420 484 4433 .
503 4363 639 4433 “Eat-ai
648 4397 806 4451 ρατον
820 4379 989 4446 ὅντως
1002 4380 1175 4445 πάθος
1209 4383 1237 4437 ό
1253 4381 1417 4453 τύφος
1427 4422 1443 4448 ,
1462 4383 1556 4436 καὶ
1566 4382 1632 4437 ὲκ
1641 4380 1732 4435 δύο
1745 4381 1931 4436 κακῶν

350 4471 494 4525 κατὰ
526 4470 777 4525 σύνθεσιν
803 4473 1218 4546 συνιστάμενον,
1254 4473 1640 4546 ὑπερηφανίας
1673 4473 1815 4544 φημὶ
1837 4472 1932 4526 καὶ

2028 3372 2205 3429 libere
2254 3375 2488 3439 intenta,
2540 3376 2770 3431 omnino
2822 3377 3119 3448 ignorabit,
3158 3378 3366 3432 nullam
3409 3379 3465 3433 in
3504 3380 3620 3436 Deo

2030 3474 2301 3521 contuens
2360 3467 2665 3532 rationem,
2731 3468 2827 3536 qui
2886 3470 3262 3525 essentialiter
3316 3472 3619 3546 secundum

2029 3568 2252 3611 omnem
2306 3572 2527 3612 causam
2557 3598 2572 3623 ,
2624 3561 2777 3615 omni
2830 3561 3087 3632 superior
3140 3562 3355 3619 ratione
3399 3572 3484 3619 est
3519 3566 3618 3621 :in

2028 3659 2195 3714 quem
2240 3662 2271 3699 a
2318 3649 2536 3703 cunctis
2580 3650 2748 3704 rebus
2804 3650 3055 3715 collecta,
3098 3652 3302 3707 nullam
3336 3669 3551 3719 earum,
3587 3669 3622 3711 ει

2027 3732 2232 3801 quibus
2259 3734 2549 3799 abscessit,
2584 3737 2864 3791 rationum
2909 3738 3090 3804 novit;
3127 3741 3307 3794 solum
3355 3742 3621 3797 nimirum

2027 3820 2096 3876 ad
2123 3838 2288 3892 quem
2319 3825 2498 3879 evasit
2541 3841 2643 3896 per
2679 3827 2936 3898 gratiam,
2984 3827 3360 3898 inexplicabili
3404 3831 3622 3887 ratione

2027 3926 2260 3968 cernens
2296 3929 2362 3968 ac
2409 3915 2789 3971 considerans.
2831 3917 2963 3982 Quae
3001 3917 3148 3971 enim
3187 3932 3345 3974 mens
3390 3934 3619 3975 excessu

2028 4005 2085 4061 in
2129 4007 2304 4061 Deum
2348 4006 2615 4072 excurrit,
2661 4008 3116 4077 incorporeorum
3148 4009 3264 4080 (seu
3294 4010 3618 4083 spirituum)

2028 4112 2438 4168 corporumque
2490 4098 2689 4153 missas
2741 4099 2986 4167 rationes
3036 4098 3189 4154 facit.
3240 4100 3379 4155 Nam
3434 4117 3620 4172 neque

2028 4196 2405 4259 comparatum
2453 4200 2572 4255 est,
2625 4199 2685 4244 ut
2733 4205 2928 4245 eorum
2977 4191 3225 4262 aliquid,
3271 4184 3467 4262 (ιιιωά
3502 4194 3620 4251 Deo

2030 4280 2272 4336 secunda
2299 4291 2448 4347 sunt,
2481 4296 2590 4336 una
2618 4295 2746 4336 cum
2776 4281 2890 4336 Deo
2916 4282 3314 4352 conSpiciatur.

2105 4372 2158 4427 5.
2196 4371 2614 4428 Exsecrandum
2643 4387 2835 4428 revera
2859 4371 3057 4426 vitium
3090 4372 3452 4444 ali‘ectusquc,
3482 4374 3614 4430 elati

2032 4465 2201 4519 animi
2232 4473 2416 4520 tumor
2442 4479 2508 4520 ac
2540 4463 2717 4520 fastus
2747 4464 3170 4534 insolentiaque.
3199 4480 3377 4534 exque
3407 4465 3616 4537 duplici

351 4562 691 4628 κενιδοξίας·
728 4557 804 4617 ὧν
845 4564 879 4634 ἡ
930 4565 1031 4633 μὲν
1085 4564 1454 4636 ὑπερηφανία,
1489 4564 1586 4634 τὴν
1624 4564 1805 4619 αἰτίαν
1836 4565 1923 4633 ἀρ-

2036 4556 2354 4611 coalescens
2381 4556 2551 4621 vitio,
2589 4555 2848 4626 superbia
2889 4556 3157 4611 nimirum
3200 4556 3466 4628 inanique
3501 4558 3621 4627 glo-

350 4654 523 4706 νείται
688 4621 895 4725 ἀρετῆς
926 4621 1020 4709 καὶ
1055 4655 1155 4725 τῆς
1194 4621 1452 4726 φῦσεωςί
1484 4658 1518 4727 ὴ
1634 4621 1923 4724 κενοδοξία,

2038 4647 2150 4715 ria;
2178 4662 2413 4718 quarum
2445 4649 2619 4703 altera
2648 4621 2869 4720 (nempe
2899 4647 3180 4720 superbia)
3207 4621 3435 4705 virtut-is
3456 4621 3624 4720 atque

350 4744 453 4814 τήν
482 4760 542 4796 τε
574 4744 756 4812 φύσιν,
788 4746 887 4798 καὶ
916 4745 1088 4817 αὐτὴν
1110 4745 1265 4799 νόθον
1298 4748 1400 4818 τὴν
1434 4748 1638 4818 ἀρετὴν
1668 4746 1933 4816 καθίστη-ο

328 4829 462 4887 ἰδ-ιν.
500 4835 667 4888 Οὐδὲν
694 4837 805 4908 γὰρ
846 4836 927 4906 τῷ
967 4837 1308 4907 ὑπερηφάνῳ
1341 4838 1486 4893 κατά
1506 4837 1638 4893 Θεὸν
1669 4836 1934 4908 διαπράτ-

349 4940 527 4992 τεται,
559 4927 653 4979 καὶ
682 4928 835 4981 οὐδὲν
864 4927 943 5000 τῷ
981 4927 1241 4996 κενοδόξῳ
1278 4928 1423 4983 κατά
1470 4929 1633 4999 φύσιν
1675 4930 1935 5000 προέρχε-

349 5031 462 5068 ται.

426 5193 501 5252 ς’.
555 5189 966 5260 Ύπερηφανίας
1012 5190 1164 5255 ίδιον,
1213 5191 1275 5244 τὸ
1318 5193 1600 5262 ἀρνεῖσθαι
1661 5193 1752 5248 τὸν
1800 5196 1933 5251 Θεὸν

352 5279 558 5348 ἀρετῆς
612 5276 749 5332 εἶναι
802 5281 1030 5348 γενέτην
1075 5280 1170 5333 καὶ
1207 5280 1454 5347 φύσεως·
1498 5280 1806 5347 κενοδοξίας
1852 5285 1931 5352 δὲ,

351 5371 413 5423 τὸ
449 5372 695 5441 μερῐζειν
748 5373 844 5442 τὴν
901 5375 1063 5441 φύσιν
1116 5372 1259 5443 πρὸς
1317 5373 1543 5442 ὕφεσινο
1596 5369 1670 5430 ὧν
1702 5376 1730 5427 ὁ
1764 5377 1932 5446 τῦφος

353 5459 490 5512 εἶναι
542 5462 788 5531 γέννημα
825 5462 1090 5531 πέφυκεν,
1126 5460 1238 5527 ἕξις
1267 5464 1469 5528 κακίας
1515 5465 1774 5535 ὑπάρχων
1814 5467 1933 5520 σύν-

354 5552 528 5614 θετος,
562 5552 698 5605 Θεοῦ
734 5553 965 5622 ἄρνησιν
1009 5553 1255 5608 ἑκούσιον
1288 5555 1508 5627 ἔχουσα,
1539 5557 1636 5611 καὶ
1664 5558 1765 5627 τῆς
1790 5562 1934 5614 κατὰ

358 5640 520 5712 φύε-’.ν
558 5641 829 5712 ἰσοτιμίας
868 5640 1114 5711 ἄγνοιαν.

2038 4748 2253 4796 naturae
2309 4741 2609 4796 Auctorem
2660 4749 2859 4813 neget;
2915 4740 3091 4796 altera
3148 4741 3354 4813 (inanis
3414 4742 3626 4798 scilicet

2040 4833 2237 4905 gloria)
2277 4842 2395 4889 tum
2436 4843 2712 4899 naturam,
2756 4841 2872 4889 tum
2904 4833 3169 4888 virtutem
3206 4833 3382 4902 ipsam
3416 4833 3628 4888 adulte-

2044 4936 2149 4983 ret.
2184 4926 2334 4982 Nihil
2370 4927 2521 4982 enim
2549 4926 2625 4992 ei,
2649 4926 2746 4997 qui
2779 4926 3054 4996 superbus
3080 4925 3172 4989 sit,
3204 4924 3393 4979 divina
3421 4925 3628 4995 pietate

2046 5018 2414 5088 religioseque
2437 5017 2647 5088 agitur;
2676 5017 2927 5085 nihilque
2956 5013 3227 5070 laboranti
3253 5013 3401 5068 inani
3430 5013 3625 5083 gloria,

2040 5125 2108 5163 ex
2135 5118 2349 5163 natura:
2380 5109 2690 5164 rationibus
2724 5106 3102 5178 progreditur.

2112 5200 2164 5253 6.
2200 5199 2492 5268 Proprium
2543 5198 2821 5268 superbiae
2862 5205 2966 5259 est,
2999 5205 3061 5251 ut
3094 5196 3269 5250 Deum
3311 5193 3535 5248 virtutis
3561 5209 3627 5249 ac

2043 5300 2251 5347 naturae
2284 5299 2596 5346 creatorem
2637 5298 2798 5360 neget
2833 5307 2846 5344 :
2882 5289 3062 5343 inanis
3101 5295 3282 5342 autem
3320 5286 3529 5357 gloriae,
3564 5295 3627 5341 ut

2041 5391 2317 5442 naturam,
2363 5380 2485 5450 ejus
2530 5377 2844 5432 minuenda:
2899 5393 2965 5432 ac
3016 5375 3391 5447 deprimendte
3435 5390 3624 5439 causa.

2040 5472 2291 5542 partibus
2330 5470 2584 5536 scindat;
2633 5484 2867 5540 quarum
2909 5468 3077 5522 animi
3119 5476 3301 5522 tumor
3338 5465 3627 5538 {astusque

2036 5572 2093 5618 et
2118 5561 2409 5621 insolentia
2442 5561 2654 5633 (τῦφος,
2686 5559 2768 5615 sic
2792 5560 3005 5615 dictum
3036 5555 3256 5627 vitium)
3283 5556 3472 5627 proles
3503 5571 3651 5621 esse,

2038 5655 2202 5718 solet;
2257 5651 2599 5722 compositus
2654 5650 2868 5705 scilicet
2927 5650 3149 5705 malitia:
3204 5648 3467 5716 habitus,
3516 5647 3626 5703 hoc

2038 5745 2270 5806 habens,
2304 5752 2366 5798 ut
2403 5745 2577 5799 Deum
2610 5736 2812 5812 sponte
2847 5742 3102 5813 abneget,
3129 5755 3192 5797 ac
3221 5754 3342 5811 quae
3369 5755 3401 5795 a
3429 5748 3624 5794 natura

2035 5848 2182 5899 sum,
2220 5850 2384 5903 pares
2417 5835 2645 5891 honoris
2672 5842 2858 5906 partes
2893 5834 3131 5905 ignoret.
