4110 6318
556 382 691 448 135Ι

1728 373 1787 432 S.
1836 373 1889 433 Μ
1898 372 2120 431 AXIMI
2163 372 2674 436 CONFESSORIS

3690 374 3843 443 I352

623 493 679 545 7.
732 490 874 545 Elati
930 486 1102 544 animi
1163 493 1348 539 tumor
1411 483 1694 551 [astusque
1741 490 1801 537 et
1849 481 2140 535 insolentia

2320 481 2384 545 ζ’.
2438 482 2849 554 ’Υπερηφανίας
2895 483 2986 536 καὶ
3026 480 3332 546 κενοδοξίας
3391 480 3562 550 μίξις,
3605 482 3843 553 ὁτύφος

557 582 655 648 lid
701 588 807 646 est,
850 579 1057 649 τῦφος)
1105 577 1377 648 superbiae
1426 575 1716 644 inanisque
1757 573 1948 643 gloria:
1992 588 2146 628 com-

552 674 740 728 mistio
787 680 893 736 est,
925 686 1054 741 erga
1103 671 1276 725 Deum
1321 673 1701 736 contemptum
1755 665 1991 729 habens,
2030 679 2143 734 quo

554 766 649 821 Dei
700 763 1133 833 providentiam,
1172 762 1276 831 ipsi
1322 758 1690 820 detrahendo,
1740 771 2010 827 propenso
2051 772 2146 811 ca-

552 855 887 920 lumniatur;
934 869 1061 924 erga
1111 861 1369 907 naturam
1410 866 1566 916 vero,
1597 850 1764 907 alieni
1800 850 1971 904 animi
2011 849 2144 907 aﬂ‘e-

551 955 725 1008 ctum,
784 961 917 1015 quo,
980 944 1253 1015 quidquid
1333 951 1547 998 natura:
1602 950 1689 997 est
1753 942 2143 997 innaturaliter

552 1037 876 1108 aggrediens
909 1046 1259 1107 tentansquc,
1293 1047 1505 1092 natum
1561 1035 1819 1091 decorem
1874 1035 2142 1091 abusione

551 1129 881 1199 corrumpit.

620 1220 674 1275 8.
713 1220 955 1291 Spiritus
999 1221 1217 1277 ardoris
1247 1220 1315 1287 ",
1351 1221 1577 1277 nedum.
1595 1220 1930 1276 tentationes
1965 1217 2140 1290 signi-

552 1312 698 1376 ticat,
731 1314 829 1369 sed
874 1321 934 1369 et
978 1314 1075 1369 Dei
1128 1313 1572 1377 derelictionem,
1604 1329 1727 1383 qua:
1757 1310 1962 1368 Judteis
1996 1310 2141 1367 divi-

550 1420 751 1460 norum
799 1406 1074 1473 donorum
1129 1406 1312 1461 ablata
1367 1405 1816 1461 subministratio
1853 1414 1956 1459 est.
2007 1404 2140 1471 Quae

550 1503 734 1548 autem
779 1510 879 1564 per
921 1495 1178 1565 spiritum
1218 1496 1387 1551 animi
1429 1495 1785 1551 necessitudo
1825 1503 1996 1550 estet
2027 1492 2142 1547 alli-

553 1585 717 1649 nitas,
747 1586 913 1640 animi
948 1586 1014 1640 ad
1048 1603 1271 1642 carnem
1299 1587 1649 1642 allectionem
1675 1586 1861 1651 solvit,
1893 1586 2136 1655 Dcoque,

550 1676 829 1732 desiderio
855 1678 1096 1741 allixum,
1121 1679 1383 1734 devincit.

2246 568 2555 636 καθέστηκε
2578 586 2591 599 ο
2630 570 2766 641 πρὸς
2813 570 2913 641 μὲν
2949 571 3040 624 τὸν
3069 570 3203 624 Θεὸν
3239 569 3381 640 ἔχων
3424 571 3523 640 τὴν
3550 574 3839 643 καταφρό-

2246 676 2424 726 νησιν,
2462 660 2587 713 καθ’
2622 662 2689 732 ἢν
2731 662 2942 731 πέφυκε
2995 661 3331 733 βλασφήμως
3368 662 3679 717 διαϐάλλειν
3731 665 3837 736 τὴν

2249 745 2534 815 ’πρόνοιαν⁵
2575 748 2711 818 πρὸς
2738 748 2795 802 δὲ
2827 749 2926 820 τὴν
2951 749 3113 820 φύσιν
3140 750 3483 821 κεκτημένος
3529 753 3630 823 τὴν
3663 754 3834 808 ἀλλο-

2243 837 2491 906 τρίωσιν,
2530 840 2653 892 καθ’
2681 844 2748 911 ἣν
2795 842 2974 896 πάντα
3013 841 3081 896 τά
3123 844 3225 913 τῆς
3274 843 3492 911 φύσεως
3524 846 3681 917 παρὰ
3728 849 3835 918 τὴν

2249 927 2411 996 φύσιν
2456 933 2918 1004 μεταχειρίζεται,
2948 935 3026 1006 τῷ
3063 936 3207 990 κατὰ
3251 938 3604 1010 παράχρησιν
3639 938 3835 1011 τρόπω

2245 1018 2344 1089 τὴν
2368 1019 2470 1091 τῆς
2506 1023 2721 1092 φύσεως
2758 1027 3153 1107 παραφθείρων
3182 1030 3542 1101 εὐπρέπειαν.

2312 1202 2386 1269 η’.
2430 1196 2505 1251 To
2550 1197 2769 1269 πνεῦμα
2818 1200 2914 1254 τοῦ
2960 1201 3243 1266 καύσωνος
3262 1204 3303 1266 ⁸,
3355 1203 3417 1256 οὐ
3486 1203 3648 1272 μόνον
3701 1201 3834 1264 τοὺς

2248 1290 2618 1360 πειρασμοὺς,
2663 1291 2801 1345 ἀλλὰ
2843 1292 2937 1345 καὶ
2980 1291 3081 1363 τὴν
3115 1293 3503 1364 ἐγκατάλειψιν
3540 1295 3637 1349 τοῦ
3662 1293 3829 1361 Θεοῦ,

2240 1381 2339 1450 τὴν
2366 1382 2780 1455 ἀφαιρουμένην
2811 1384 2921 1437 τῶν
2956 1383 3226 1439 Ἰουδαίων
3259 1387 3359 1459 τὴν
3388 1386 3496 1440 τῶν
3531 1386 3694 1441 θείων
3728 1406 3834 1459 χα-

2246 1472 2526 1544 ρισμάτων
2592 1474 2880 1547 χορηγίαν,
2932 1475 3103 1549 δηλοῖ.
3148 1477 3211 1531 ἸΙ
3257 1478 3314 1532 δὲ
3361 1478 3449 1532 διὰ
3513 1479 3834 1550 πνεύματος

2245 1563 2594 1637 κατὰψυχὴν
2622 1567 2933 1636 ἀγχιστεία,
2963 1568 3166 1639 σαρκὸς
3203 1569 3305 1639 μὲν
3342 1570 3461 1625 λύει
3497 1570 3600 1642 τὴν
3636 1572 3832 1642 σχέσιν

2244 1653 2342 1722 τῆς
2397 1655 2798 1727 προαιρέσεως,
2840 1657 2960 1729 Θεῷ
3008 1658 3067 1712 δὲ
3116 1658 3451 1731 προσδεσμεῖ
3490 1661 3635 1715 κατὰ
3659 1661 3832 1714 πόθον

2247 1745 2708 1818 προσηλωθεὶὋαν.

621 1856 674 1910 9.
717 1854 830 1910 Lex
881 1856 1186 1921 naturalis,
1243 1871 1369 1911 cum
1428 1857 1704 1928 vigentem
1758 1872 1872 1928 prae
1925 1857 2140 1913 ratione

2313 1835 2379 1889 θ’.
2434 1837 2492 1890 '0
2542 1838 2640 1908 μὲν
2680 1838 2912 1906 φυσικὸς
2955 1839 3144 1911 νόμος,
3187 1842 3317 1895 ὅταν
3352 1843 3452 1896 οὐκ
3488 1842 3587 1913 ἔχῃ
3636 1843 3837 1898 πλεον-

553 1948 743 2017 illique
790 1948 1181 2018 prtevalentcm
1233 1962 1459 2003 sensum
1503 1964 1616 2005 non
1662 1948 1944 2014 habuerit,
1988 1949 2137 2003 ultro

551 2053 745 2093 oinnes
780 2038 1044 2109 nulloque
1092 2039 1356 2110 magistro
1395 2039 1464 2094 ad
1510 2048 1776 2110 cognatos
1811 2039 2143 2109 generisque

555 2127 968 2183 necessitudine
1006 2129 1171 2199 612
1217 2130 1549 2201 conjunctos
1600 2130 2012 2199 amplectendos
2059 2131 2144 2184 in-

553 2219 736 2287 ducit;
782 2221 898 2289 ipsa
934 2220 1195 2275 nimirum
1239 2231 1436 2276 natura
1472 2222 1733 2287 docente,
1775 2223 2141 2292 praestandam

552 2326 734 2380 opem,
778 2312 890 2377 his,
937 2312 1031 2383 qui
1084 2312 1401 2385 indigeant;
1448 2322 1523 2368 et-
1551 2322 1612 2367 ut
1651 2330 1845 2369 omnes
1882 2315 2144 2371 omnibus

551 2401 757 2465 velint,
788 2402 956 2471 quod
1003 2402 1240 2473 quisque
1287 2403 1472 2458 libens
1511 2403 1716 2458 habeat
1760 2403 1867 2458 sibi
1923 2403 1992 2458 ab
2033 2405 2143 2460 alio

551 2495 946 2564 praestandum.
998 2494 1168 2565 quue
1213 2510 1276 2550 ut
1317 2495 1545 2551 doceret
1588 2495 1879 2561 Dominus,
1913 2495 2139 2550 aiebat:

551 2584 887 2656 Quwcunque
920 2585 1079 2639 vultis
1120 2596 1178 2640 ut
1221 2585 1425 2656 faciant
1468 2584 1609 2640 vobis
1659 2586 1920 2651 homines,
1963 2595 2012 2640 et
2055 2601 2142 2640 vos

547 2675 797 2730 similiter
828 2676 986 2745 facile
1014 2675 1123 2730 illis
1148 2675 1216 2729 “.

624 2776 709 2832 lO.
742 2778 1025 2833 Naturalis
1052 2778 1191 2848 legis
1220 2793 1358 2848 opus
1386 2792 1509 2835 esse
1534 2778 1692 2843 dicit,
1722 2786 1784 2832 ut
1806 2775 2142 2833 concordem

550 2869 801 2923 omnium
839 2884 968 2941 erga
1014 2883 1209 2923 omnes
1251 2867 1423 2923 animi
1466 2868 1750 2924 voluntate
1788 2867 2140 2922 all'ectionem

551 2977 618 3017 ac
652 2960 1125 3017 necessitudinem
1163 2968 1413 3030 praestet.
1437 2960 1496 3015 In
1524 2960 1729 3029 quibus
1758 2961 1908 3014 enim
1941 2967 2140 3015 natura

551 3055 767 3110 ratione
808 3054 1044 3124 regitur,
1082 3054 1140 3108 in
1189 3052 1275 3108 his
1307 3063 1713 3122 comparatum,
1749 3062 1811 3107 ut
1840 3067 1983 3107 unus
2020 3051 2140 3105 ani-

551 3161 695 3210 mus,
723 3146 1028 3215 eademque
1071 3146 1272 3199 mentis
1310 3146 1531 3200 atl‘ectio
1558 3146 1647 3201 sit.
1677 3145 1921 3211 Quorum
1953 3154 2135 3198 autem

550 3238 772 3292 animus
818 3238 1131 3306 mentisque
1177 3236 1426 3301 aﬂ‘ectio,
1472 3252 1538 3291 ac
1582 3252 1800 3290 morum
1845 3235 1988 3289 ratio
2028 3251 2137 3289 una

550 3341 658 3390 est,
700 3326 830 3381 vitae
876 3341 1096 3395 quoque
1142 3341 1341 3381 cursus
1376 3326 1556 3395 palam
1605 3342 1750 3380 unus
1785 3341 1906 3380 esse
1949 3326 2134 3382 habet.

550 3417 795 3483 Quorum
858 3403 1045 3470 autem
1115 3431 1334 3469 morum
1414 3416 1555 3470 ratio
1614 3427 1673 3472 et
1730 3416 1858 3473 vitae
1917 3435 2139 3489 quoque

551 3493 774 3562 cursus'
796 3507 943 3561 idem
988 3514 1093 3571 est,
1143 3521 1314 3560 unum
1364 3506 1558 3574 utique
1606 3506 1863 3576 idemque
1902 3508 2135 3563 aliorum

551 3615 678 3655 cum
711 3599 836 3654 aliis
870 3599 1038 3653 animi
1067 3596 1346 3653 sententia
1389 3597 1821 3652 necessitudinis
1853 3599 2135 3654 vinculum

549 3687 786 3752 exsistit,
815 3704 922 3741 una
946 3687 1115 3741 animi
1147 3687 1432 3743 voluntate
1459 3702 1523 3741 ac
1549 3687 1847 3754 sententia,
1880 3688 1936 3743 in
1970 3705 2136 3745 unam

550 3796 745 3835 omnes
806 3790 1019 3835 natura:
1077 3780 1350 3836 rationem
1413 3794 1645 3850 cogens;
1702 3778 1760 3834 in
1813 3796 1924 3851 qua
1983 3781 2177 3840 nullo?

551 3888 778 3941 prorsus
824 3872 995 3927 modo
1050 3881 1172 3937 est,
1219 3885 1343 3941 qua:
1400 3886 1553 3925 nunc
1600 3871 1730 3926 caeci
1788 3873 2137 3942 carnalisque

548 3965 753 4019 amoris
807 3964 933 4018 labe
986 3962 1172 4033 viget,
1230 3971 1444 4017 natura
1505 3962 1725 4017 divisio.
1782 3963 1896 4018 Lex
1949 3976 2136 4020 autem

548 4052 773 4123 scripta,
810 4067 1099 4123 poenarum
1148 4059 1302 4106 metu
1350 4052 1746 4122 incompositos
1791 4051 2138 4122 insipientio-

551 4162 671 4201 rnm
707 4147 1117 4217 appetitionum
1150 4155 1339 4201 motus
1371 4146 1651 4209 inhibens,
1689 4145 1755 4201 ad
1789 4148 1961 4201 solam
1991 4149 2134 4217 aequi

549 4239 998 4295 distributionem
1051 4240 1297 4293 animum
1355 4239 1681 4302 attendere,
1735 4241 1899 4308 eique
1950 4257 2133 4295 assue-

549 4349 703 4388 scere
756 4334 922 4389 docet
957 4351 970 4387 :
1001 4349 1111 4403 qua
1167 4332 1433 4388 nimirum
1483 4333 1712 4403 justitize
1757 4333 1839 4387 vis
1888 4343 2133 4403 tempore

551 4426 782 4489 ﬁrmata,
820 4425 877 4479 in
901 4433 1158 4479 naturam
1182 4425 1409 4490 transit;
1454 4425 1528 4479 ita
1554 4426 1817 4479 nimirum
1845 4437 1906 4479 ut
1944 4426 2132 4495 paula-

2245 1927 2512 1982 εκτοῦσαν
2534 1930 2625 1983 τὸν
2641 1931 2800 1999 λόγον
2830 1931 2930 2001 τὴν
2960 1932 3234 2004 αἴσθησιν,
3254 1933 3557 1998 ἀδιδάκτως
3576 1936 3835 2002 ἀσπάζε-

2246 2022 2370 2075 σθαι
2395 2022 2606 2087 πάντας
2633 2024 2812 2079 πείθει
2838 2025 2901 2077 τὺ
2924 2026 3183 2094 συγγενὲς
3202 2027 3299 2081 καὶ
3334 2027 3624 2098 ὁμόφυλον,
3653 2030 3834 2099 a’nﬁv

2243 2112 2473 2185 ἔχοντας
2498 2114 2597 2187 τὴν
2625 2115 2789 2186 φύσιν
2818 2118 2917 2187 τῆς
2941 2117 3052 2170 τῶν
3092 2118 3363 2190 δεομένων
3400 2120 3724 2193 ἐπικουρίας
3759 2121 3836 2176 διο

2243 2205 2539 2271 δάσκαλον,
2574 2208 2799 2261 κάκεῖνο
2827 2207 3112 2279 βούλεσθαι
3136 2213 3300 2265 πᾶσιν
3335 2208 3497 2284 [male
3526 2212 3670 2266 edita
3691 2209 3832 2284 stay}

2245 2298 2512 2363 ἅπαντας,
2559 2300 2699 2371 ὅπερ
2746 2300 2977 2364 ἕκαστος
3004 2302 3182 2374 ἑαυτῷ
3213 2306 3365 2375 παρὰ
3398 2304 3506 2359 τῶν
3538 2304 3717 2359 ἄλλων
3746 2322 3834 2373 για

2242 2392 2490 2461 νόμενον,
2534 2388 2678 2446 εἶναι
2725 2393 2874 2446 δοκεῖ
2913 2394 3266 2466 καταθύμιον.
3325 2397 3437 2450 Καὶ
3487 2397 3647 2451 τοῦτο
3680 2398 3833 2452 διδάο

2252 2500 2398 2538 σκων
2425 2485 2454 2537 ὁ
2498 2484 2724 2556 Κύριος,
2759 2488 2946 2556 φησὶν.
2983 2488 3141 2540 Ὅσα
3181 2490 3386 2543 θέλετε
3438 2490 3541 2543 ἵνα
3569 2489 3832 2545 ποιῶσιν

2249 2573 2395 2642 ὑμῖν
2419 2578 2473 2629 ol
2515 2575 2838 2643 ἅνθρωποι,
2870 2578 3085 2645 ὁμοίως
3116 2579 3214 2631 καὶ
3252 2578 3421 2647 ὑμεῖς
3449 2579 3673 2634 ποιεῖτε
3700 2582 3829 2635 αὐ·-

2245 2665 2390 2731 τοῖς.

2320 2762 2377 2810 ι’.
2421 2757 2624 2828 Ἔργον
2649 2754 2790 2811 εἶναι
2813 2756 2906 2811 τοῦ
2934 2759 3166 2825 φυσικοῦ
3191 2759 3356 2830 νόμου
3387 2761 3541 2832 φησὶ,
3568 2761 3827 2831 τὴνγνω-

2246 2848 2415 2918 μικὴν
2450 2849 2668 2904 πάντων
2712 2850 2851 2919 πρὸς
2897 2852 3106 2914 πάντας
3153 2853 3429 2922 όμόθυμον
3458 2854 3660 2925 σχέσιν.
3704 2854 3825 2923 Ἐφ’

2243 2935 2318 2995 ὧν
2351 2941 2463 3014 γάρ
2492 2944 2524 3012 ἠ
2556 2943 2719 3010 φύσις
2769 2943 2913 3015 λόγῳ
2966 2945 3313 3016 βραδεύεται,
3342 2945 3552 3000 τούτων
3596 2948 3694 3017 μία
3724 2949 3825 3002 πέ-

2245 3051 2416 3102 φυκεν
2444 3031 2586 3088 εἶναι
2614 3034 2873 3100 διάθεσις.
2912 3030 3011 3091 Ὧν
3050 3037 3105 3090 δὲ
3149 3038 3389 3102 διάθεσις
3420 3042 3455 3110 ἡ
3487 3041 3645 3110 αὑτὴ,
3670 3042 3766 3096 καὶ
3791 3044 3825 3096 ό

2248 3127 2366 3180 κατ’
2394 3121 2526 3197 ἦθος
2564 3129 2784 3198 τρόπος,
2818 3131 2912 3182 καὶ¹
2948 3131 2975 3182 ὁ
3002 3130 3097 3183 τοῦ
3138 3130 3256 3200 βίου
3300 3131 3501 3203 δρόμος
3530 3127 3612 3196 εἷς
3639 3134 3823 3205 ὑπάρ-

2242 3236 2359 3289 χειν
2405 3220 2689 3292 προδήλως
2736 3220 3000 3290 πέφυκεν.
3048 3217 3147 3277 Ὠν
3196 3224 3253 3277 δὲ
3299 3225 3499 3297 τρόπος
3545 3225 3689 3296 ἠθῶν
3717 3226 3821 3280 καὶ

2242 3313 2361 3383 βίου
2392 3313 2595 3384 δρόμος
2625 3316 2782 3371 ἐστὶν
2810 3318 2840 3369 ό
2873 3310 3059 3381 αὐτὸς,
3089 3312 3170 3382 εἷς
3200 3317 3442 3390 δηλονότι
3472 3319 3566 3371 καὶ
3597 3320 3625 3372 ὁ
3653 3318 3824 3387 αὐτὸς

2240 3404 2385 3459 κατὰ
2410 3407 2509 3476 τὴν
2539 3405 2767 3479 γνώμην
2796 3409 2894 3480 τῆς
2926 3410 3061 3482 πρὸς
3084 3409 3350 3481 ἀλλήλους
3379 3410 3621 3481 σχέσεως
3642 3411 3824 3482 ὑπάρ-

2239 3517 2325 3570 χει
2356 3500 2578 3571 δεσμὸς,
2615 3502 2760 3557 κατὰ
2792 3505 2920 3573 μίαν
2958 3505 3186 3577 γνώμην
3236 3503 3382 3573 ἄγων
3424 3505 3551 3567 τοὺς
3598 3504 3821 3569 πάντας

2240 3592 2378 3662 πρὸς
2408 3594 2497 3647 τὸν
2527 3596 2622 3648 ἕνα
2643 3595 2801 3661 λόγον
2835 3598 2933 3666 τῆς
2963 3596 3212 3666 φύσεως’
3246 3600 3304 3651 ὲν
3334 3591 3375 3664 ᾧ
3396 3597 3680 3660 παντελῶς
3714 3597 3822 3652 οὐκ

2239 3684 2386 3739 ἔστιν
2417 3687 2449 3756 ἡ
2478 3687 2572 3741 νῦν
2604 3689 2884 3760 κρατοῦσα
2909 3690 3008 3761 τῆς
3042 3690 3257 3760 φύσεως
3284 3691 3371 3747 διά
3402 3694 3497 3765 τῆς
3524 3690 3822 3760 φιλαυτίας

2237 3776 2312 3832 διε
2331 3779 2525 3850 ίρεσις.
2570 3780 2629 3834 Ὀ
2676 3781 2733 3833 δὲ
2786 3782 3033 3851 γραπτὰς
3061 3784 3246 3853 νόμος,
3282 3782 3433 3854 φόϐῳ
3481 3782 3591 3836 τῶν
3640 3785 3819 3837 ἐπιτι-

2240 3870 2381 3942 μίων
2416 3872 2627 3940 ἐπέχων
2665 3873 2762 3933 τὰς
2811 3872 3082 3936 ἀτάκτους
3122 3873 3232 3926 τῶν
3273 3872 3694 3943 ἀφρονεστέρων
3722 3875 3817 3944 op-

2242 3963 2369 4033 μὰς,
2404 3962 2572 4026 ἐθίζει
2613 3962 2900 4023 διδάσκων,
2935 3965 3072 4034 πρὸς
3107 3963 3275 4035 μόνην
3306 3965 3506 4027 αὐτοὺς
3550 3966 3687 4036 ὁρᾷν
3719 3965 3819 4035 τὴν

2237 4054 2331 4107 τοῦ
2369 4054 2484 4107 ἴσου
2518 4053 2802 4123 διανομὴν,
2824 4053 2945 4106 καθ’
2982 4055 3049 4126 ἣν
3075 4056 3174 4123 τῆς
3208 4055 3556 4126 δικαιοσύνης
3585 4055 3648 4108 τὸ
3682 4054 3819 4125 κρά-

2236 4165 2329 4210 τος
2363 4148 2539 4216 χρόνῳ
2566 4146 2894 4214 βεϐαιωοὲν,
2928 4149 3006 4211 εἰς
3037 4147 3200 4216 φύσιν
3235 4148 3581 4217 μεθίσταται,
3601 4148 3815 4209 ποιοῦν,

2236 4238 2328 4290 τὸν
2385 4237 2483 4306 μὲν
2532 4236 2717 4303 φόϐον,
2766 4238 3025 4304 διάθεσιν,
3083 4242 3266 4309 ἠρέμα
3316 4240 3458 4293 κατὰ
3508 4241 3709 4310 μικρὸν
3750 4242 3814 4310 τῇ

2238 4331 2369 4400 περὶ
2407 4328 2467 4382 τὸ
2502 4327 2667 4382 καλὸν
2719 4328 2913 4400 γνώμῃ
2965 4331 3519 4401 συγκρατυνῡμένηνυ
3576 4330 3693 4394 ἕξιν
3739 4330 3813 4391 δὲ,

2236 4427 2334 4496 τὴν
2376 4426 2692 4496 συνήθειαν,
2746 4428 2812 4495 τῇ
2864 4424 3000 4496 λῄοῃ
3031 4426 3139 4477 τῶν
3172 4424 3456 4494 προτέρων
3481 4420 3818 4492 καθαιρομὲ-

549 4516 647 4570 tim
698 4518 1050 4587 sensimque,
1096 4526 1342 4580 metum,
1389 4517 1561 4571 animi
1610 4517 1844 4573 honesta
1895 4520 2133 4574 volentis

2241 4534 2355 4588 νην,
2388 4516 2484 4569 καὶ
2512 4515 2573 4569 τὸ
2597 4514 2919 4585 φιλάλληλον
2951 4518 3117 4586 ἑαυτῇ
3150 4513 3678 4568 συναποτίκτουσαν.

550 4608 828 4665 sententia
885 4608 1203 4664 roboratam
1270 4608 1642 4673 aﬂectionem,
1672 4609 1901 4676 elliciat;
1968 4611 2350 4681 habitumque,
2389 4609 2446 4664 in
2511 4606 2969 4664 consuetudinem
3012 4609 3255 4677 priorum
3301 4606 3585 4662 oblivione
3619 4619 3816 4659 emun-

546 4702 755 4764 datam,
782 4715 848 4756 ac
877 4715 1001 4770 quae
1031 4715 1142 4755 una
1168 4714 1357 4755 secum
1388 4710 1637 4755 mutuam
1667 4703 1850 4771 pariat
1882 4702 2254 4759 dilectionem.
2288 4711 2490 4758 vertat.

618 4795 707 4848 Η.
743 4794 854 4849 Lex
882 4794 1111 4865 scripta,
1138 4794 1344 4864 inquit,
1372 4802 1523 4847 metu
1552 4794 1814 4864 injuriam
1843 4795 2132 4860 cohibens,

544 4887 763 4940 colendi
790 4886 933 4956 juris
965 4901 1031 4941 ac
1063 4885 1342 4956 aequitatis
1372 4885 1840 4940 consuetudinem
1881 4885 2131 4940 inducit:

545 4988 705 5034 aucta
750 4987 937 5033 autem
977 4986 1223 5050 tempore
1264 4976 1647 5041 consuetudo,
1689 4978 1823 5048 justi
1857 4986 2132 5031 amantem

544 5069 715 5123 animi
744 5067 1097 5122 affectionem
1126 5067 1277 5133 facit,
1303 5082 1411 5137 qua
1442 5067 1635 5121 ﬁrmus
1662 5066 1878 5121 honesti
1912 5066 2135 5120 habitus

543 5159 779 5223 accedit,
804 5159 1006 5229 prioris
1030 5158 1294 5228 nequitiae
1317 5157 1659 5212 oblivionem
1695 5158 1983 5213 inducens.

616 5251 703 5304 l2.
745 5249 857 5303 Lex
900 5256 1085 5304 autem
1126 5249 1335 5319 gratiae,
1373 5249 1555 5319 ipsum
1605 5248 1922 5321 immediate
1957 5248 2128 5301 Deum

543 5340 748 5395 imitari
799 5340 982 5407 docet,
1028 5356 1148 5405 eos,
1192 5340 1290 5409 qui
1347 5340 1736 5405 adducuntur;
1771 5341 1866 5409 qui
1919 5348 2132 5394 tantum

542 5446 645 5486 nos
676 5447 789 5500 pne
814 5446 874 5487 se
902 5440 1022 5503 ipse
1058 5433 1124 5503 (si
1158 5432 1324 5487 modo
1349 5432 1433 5487 l‘as
1457 5441 1543 5488 est
1568 5431 1775 5503 dicere)
1815 5431 1979 5501 idque
2006 5447 2131 5484 cum

542 5521 614 5575 ob
655 5531 938 5591 peccatum
983 5523 1195 5579 inimici
1236 5539 1508 5590 essemus,
1537 5523 1814 5587 dilexerit,
1847 5533 1906 5577 ut
1941 5532 1997 5577 et
2031 5538 2134 5576 no-

614 5667 661 5698 “
688 5666 791 5720 lsa.
829 5683 898 5729 tv,
931 5669 984 5722 ll.
1062 5670 1105 5699 “
1132 5668 1321 5722 Matth.
1349 5683 1442 5732 vn,
1477 5668 1562 5721 12.

612 5784 631 5804 “
676 5780 836 5849 Apud
880 5780 1022 5834 LXX
1068 5781 1350 5843 καύσεωςσ
1388 5781 1485 5834 sed
1533 5787 1785 5834 nostrum
1816 5778 1953 5831 forte
1987 5776 2199 5829 melius.

2310 4801 2399 4849 ια’.
2452 4796 2512 4847 Ὀ
2541 4794 2784 4863 γραπτὸς
2816 4792 3000 4863 νόμος,
3037 4792 3194 4863 φησὶ,
3225 4790 3450 4844 κωλύων
3509 4790 3670 4863 φόϐῳ
3721 4794 3815 4860 τὴν

2234 4888 2470 4949 ἀδικίαν.
2526 4884 2695 4947 ἐθίζει
2748 4885 2885 4954 πρὸς
2918 4883 2978 4936 τὸ
3027 4883 3267 4937 δίκαιονο
3304 4883 3480 4953 χρόνῳ
3513 4882 3572 4935 δὲ
3598 4882 3666 4935 τὸ
3698 4883 3815 4945 ἔθος

2234 4982 2379 5032 ποιεῖ
2422 4978 2664 5033 διάθεσιν
2704 4978 3059 5047 φιλοδίκαιον,
3094 4977 3182 5045 ὑφ’
3225 4971 3291 5048 ἧς
3341 4978 3514 5044 παγῖα
3567 4977 3711 5047 πρὸς
3756 4976 3812 5027 τὸ

2234 5071 2399 5123 καλὸν
2431 5070 2542 5135 ἕξις
2576 5069 2900 5135 ἐπιγίνεται,
2939 5068 3108 5138 λήθην
3138 5067 3516 5138 προλαϐούσης
3545 5069 3810 5140 πονηρίας

2238 5160 2538 5227 ἐπάγουσα.

2306 5250 2393 5318 ιβ’.
2448 5249 2506 5300 ὐ
2539 5247 2595 5301 δὲ
2629 5248 2727 5317 τῆς
2756 5249 2977 5319 χάριτος
3005 5250 3191 5318 νόμος,
3226 5250 3390 5303 αὐτὸν
3413 5249 3638 5320 ὰμὲσως
3663 5251 3808 5304 διδά-

2231 5356 2351 5392 σκει
2381 5341 2507 5402 τοὺς
2537 5339 2837 5409 ἀγομένους
2862 5340 3145 5411 μιμεῖσθαι
3169 5341 3264 5395 τὸν
3291 5341 3445 5404 Θεὸν,
3475 5342 3533 5405 ὃς
3554 5342 3808 5395 τοσοῦτον

2232 5430 2372 5501 ὑπὲρ
2403 5429 2598 5482 ἑαυτὸν
2631 5430 2802 5499 ἡμᾶς,
2847 5433 2896 5483 εἰ
2924 5430 3080 5500 θέμις
3132 5434 3325 5491 εἰπεῖν.
3364 5432 3460 5485 καὶ
3503 5430 3679 5484 ταῦτα
3721 5428 3809 5481 διὰ

2233 5522 2331 5593 τὴν
2358 5522 2634 5593 ἁμαρτίαν
2681 5520 2837 5586 ὄντας
2887 5521 3134 5594 ἐχθροὺς,
3175 5523 3486 5596 ⁴ἠγάπησεν,
3533 5523 3679 5578 ὥστε
3714 5520 3807 5573 καὶ
