4110 6318
343 334 474 404 135Ί

1020 327 1349 393 ΟΑΡΙἸἮΜ
1384 322 1806 401 QUINQUIES
1844 322 1921 384 ΟΕ

2024 298 2303 383 .‘ENORU
2318 323 2375 382 M
2414 320 2804 384 CENTURIA
2842 320 2908 385 ν.

3444 321 3582 390 1354

312 451 414 517 -ιίς
464 449 561 518 τὴν
613 446 733 501 καθ’
759 448 907 519 ἡμᾶς
951 444 1137 499 οὐσίαν
1182 441 1356 495 ἐλθεῖν
1420 440 1726 511 ἀτρέπτως,
1758 437 1900 506 ὑπὲρ

2024 442 2173 487 tram
2221 433 2518 488 essentiam
2563 440 2924 504 naturamque
2963 432 3100 491 citra
3143 448 3360 497 omnem
3398 444 3581 492 muta-

343 540 518 594 πᾶσαν
539 537 727 591 οὐσίαν
756 536 920 592 ὄντα⁴
947 535 1044 589 καὶ
1082 533 1245 603 φύσιν
1287 529 1627 603 ὑπερουσίως
1676 526 1903 583 καταδέ-

2007 522 2211 579 tionem
2237 522 2413 588 adire,
2435 522 2533 593 qui
2558 532 2758 583 natura
2782 525 2931 580 omni
2956 525 3306 597 essentiaque
3331 526 3583 596 superior

341 626 528 703 ξασθαι
560 627 656 680 καὶ
692 625 980 698 ἄνθρωπον
1015 623 1296 694 γενέσθαι,
1327 622 1420 676 καὶ
1452 619 1561 675 τῶν
1600 616 1903 689 ἀνθρώπων

2024 624 2108 681 εει,
2153 614 2693 686 superessentialiter
2740 617 3018 680 annuerit,
3048 624 3213 693 atque
3252 617 3417 671 homo
3466 616 3587 671 ﬁeri

341 721 432 774 ἕνα
460 716 796 790 χρηματίσαι
842 714 1154 786 βούλεσθαι,
1181 714 1275 767 καὶ
1312 711 1409 783 τὴν
1437 709 1714 782 ἡμετέραν
1745 708 1904 761 κατα-

340 822 516 880 κρισιν
550 806 759 860 οἰκείαν
792 805 1016 876 ποιῆσαι
1056 802 1132 875 μὴ
1172 800 1621 873 παραιτήσασθαι
1643 815 1657 830 ο
1692 800 1787 853 καὶ
1812 815 1904 851 το-

342 895 525 949 σοῦτον
552 895 696 966 ἡμᾶς
732 893 934 948 θεῶσαι
982 892 1127 946 κατὰ
1182 892 1363 962 χάριν,
1396 889 1520 947 ὅσον
1550 890 1669 942 κατ’
1701 889 1907 943 οἰκονο-

344 983 467 1055 μίαν
500 984 661 1048 αὐτὸς
694 982 917 1052 γέγονεν
953 980 1269 1052 ἄνθρωπος’
1298 978 1386 1033 ἵνα
1414 977 1487 1049 μὴ
1524 978 1683 1049 μόνον
1728 976 1909 1049 μάθω-

345 1088 441 1142 μεν
489 1070 742 1143 ἀλλήλων
782 1068 1108 1141 ἀντέχεσθαι
1151 1067 1416 1137 φυσικῶς,
1449 1066 1542 1123 καὶ
1571 1067 1646 1131 ὡς
1681 1066 1909 1130 ἑαυτοὺς

347 1161 607 1234 ἀλλήλους
631 1164 855 1234 ἀγαπᾷν
889 1159 1296 1233 πνευματικῶς,
1321 1158 1459 1212 ἀλλά
1499 1158 1591 1215 καὶ
1620 1158 1759 1229 ὑπὲρ
1786 1159 1913 1210 ἐαυ-

345 1252 470 1316 τοὺς
506 1250 751 1323 ἀλλήλων
799 1250 1064 1327 κήδεσθαι
1100 1248 1317 1314 θεῖκῶς,
1345 1248 1442 1302 καὶ
1472 1249 1675 1318 ταύτην
1704 1237 1804 1318 τῆς
1832 1249 1910 1310 είς

343 1344 605 1413 ἀλλήλους
632 1344 857 1415 ἀγάπης
891 1340 1168 1405 ἁπόδειξ;ν
1202 1339 1492 1415 ποιεῖσθαι,
1537 1338 1599 1392 τὸ
1636 1340 1755 1392 κατ’
1785 1339 1912 1409 ἀρε-

342 1434 438 1505 τὴν
462 1433 604 1503 ὑπὲρ
630 1432 875 1503 ἀλλήλων
902 1430 993 1484 τὸν
1036 1428 1284 1484 ἑκούσιον
1317 1429 1611 1501 προθύμως
1640 1429 1912 1499 αἱρεῖσθαι

347 1525 596 1580 θάνατον.
625 1526 747 1578 οὐκ
765 1523 1019 1593 ἔστιγὰρ
1046 1523 1206 1592 ἄλλη
1220 1520 1429 1592 μείζων
1443 1523 1664 1589 ταύτης
1688 1519 1909 1590 ἀγάπη,

343 1617 528 1687 φησὶν,
581 1615 683 1670 ἵνα
729 1632 820 1681 τις
872 1612 951 1684 θῇ
1003 1611 1120 1682 τὴν
1149 1613 1364 1683 ψυχὴν
1392 1612 1579 1668 αὑτοῦ
1620 1612 1772 1681 ὑπὲρ
1808 1611 1914 1665 τοῦ

343 1707 525 1779 φίλου
557 1705 764 1765 αὐτοῦ.

417 1887 507 1953 ιγ’.
561 1882 622 1937 ’0
651 1880 749 1953 μὲν
787 1883 887 1954 τῆς
916 1880 1132 1954 φύσεως
1159 1880 1321 1950 νόμος
1350 1879 1518 1944 ἐστὶν,
1561 1879 1648 1931 ἴνα
1677 1876 1915 1929 συνελὼν

346 1974 506 2041 εἴπω,
536 1970 693 2039 λόγος
730 1973 978 2043 φυσικὸς,
1020 1973 1119 2043 τὴν
1168 1970 1424 2042 αῐσθησιν
1471 1967 1653 2022 λαϐὼν
1700 1967 1917 2037 ὑποχεί-

351 2081 490 2138 ριον,
519 2062 658 2138 πρὸς
685 2063 978 2135 ἀφαίρεσιν
1010 2064 1110 2134 τῆς
1139 2061 1397 2130 ἀλογίας*
1433 2058 1558 2113 καθ’
1591 2059 1657 2129 ἠν
1683 2058 1792 2110 τῶν
1825 2074 1921 2127 φυ-

350 2156 520 2221 σικῶς
588 2156 953 2227 συνημμένων
1006 2155 1154 2207 ἐστὶν
1187 2153 1220 2224 ἡ
1254 2153 1537 2224 διαίρεσις.
1577 2148 1638 2204 '0
1692 2149 1749 2202 δὲ
1784 2165 1921 2219 γρα-

351 2247 485 2312 nec
511 2246 676 2319 νόμος
700 2245 1007 2315 ὲστὶ,λόγος
1023 2244 1250 2316 φυσικὸς
1282 2243 1419 2314 μετὰ
1444 2242 1543 2314 τὴν
1573 2241 1692 2295 κατ’
1725 2239 1921 2311 αἴσθη-

356 2358 444 2398 σιν
480 2342 582 2412 τῆς
630 2340 855 2410 ἀλογίας
895 2340 1210 2412 ἀφαίρεσιν,
1247 2336 1572 2409 προσλαϐὼν
1617 2337 1712 2391 καὶ
1757 2334 1924 2390 πόθον

349 2433 718 2506 πνευματικὸν
747 2432 848 2503 τῆς
882 2431 1021 2503 πρὸς
1040 2431 1103 2485 τὸ
1130 2430 1392 2500 συγγενὲς
1419 2427 1776 2499 ἀλληλουχίας
1801 2444 1925 2489 συν-

346 2527 591 2582 εκτικόν.
633 2526 695 2580 ὐ
715 2526 771 2580 δὲ
794 2525 892 2597 τῆς
927 2525 1149 2596 χάριτος
1177 2525 1364 2594 νόμος,
1394 2522 1533 2593 ὑπὲρ
1580 2522 1744 2591 φύσιν
1788 2519 1925 2574 καθ·-

349 2619 547 2692 ἇστηκε
578 2618 757 2687 λόγος,
781 2616 917 2690 πρὸς
950 2616 1143 2670 θέωσιν
1173 2616 1456 2688 ἀτρέπτως
1478 2613 1577 2685 τὴν
1604 2612 1767 2682 φύσιν
1794 2628 1925 2682 μετ-

349 2712 649 2776 αλλάττων,
698 2711 792 2765 καὶ
830 2710 904 2774 ὡς
950 2711 1009 2763 ὲν
1059 2708 1226 2765 είκόνι
1272 2707 1485 2772 δεικνὺς
1523 2704 1927 2778 ἁκαταλήπτως

353 2806 421 2877 τῇ
449 2803 610 2874 φύσει
642 2802 752 2857 τῶν
780 2800 1107 2873 ἀνθρώπων,
1140 2799 1201 2860 τὸ
1243 2799 1383 2871 ὑπὲρ
1422 2798 1610 2857 οὐσίαν
1638 2796 1735 2853 καὶ
1765 2796 1927 2867 φύσιν

350 2894 676 2967 ἀρχέτυπον,
710 2893 804 2948 καὶ
829 2889 928 2962 τὴν
957 2891 1049 2947 τοῦ
1077 2892 1165 2956 ἀεὶ
1204 2884 1264 2947 εὖ
1309 2885 1449 2949 εἶναι
1488 2887 1751 2965 διαμονὴν
1781 2905 1926 2964 παρ-

352 2986 633 3058 ικόμινος-

427 3248 514 3303 ιδ’.
556 3245 631 3300 Τὸ
677 3243 776 3317 μὲν
820 3243 967 3316 ἔχειν
1000 3242 1077 3306 ὡς
1124 3240 1320 3303 ἑαυτὸν
1353 3240 1445 3297 τὸν
1475 3241 1724 3312 πλησίον,
1761 3241 1929 3313 μόνης

352 3341 473 3415 ιστὶ
502 3322 786 3411 φροντίσαι
822 3336 925 3408 τῆς
958 3335 1096 3407 πρὸς
1122 3333 1185 3391 τὸ
1218 3332 1360 3388 εἶναι
1394 3334 1539 3406 ζωῆς
1563 3350 1578 3366 ο
1605 3333 1744 3407 ὅπερ
1769 3349 1927 3409 φυσι-

354 3429 456 3486 κοῦ
504 3430 671 3500 νόμου
709 3427 1018 3499 καθέστηκε
1041 3440 1055 3455 ο
1086 3424 1148 3479 τὸ
1195 3424 1254 3479 δὲ
1301 3424 1393 3479 τὸν
1443 3423 1668 3496 πλησίον
1699 3423 1919 3496 ἀγαπᾷν

352 3522 432 3588 ὡς
466 3520 678 3587 ἑαυτὸν,
719 3520 815 3577 καὶ
863 3520 963 3590 τῆς
1008 3517 1145 3590 πρὸς
1185 3517 1249 3572 τὸ
1289 3512 1349 3572 εὖ
1396 3512 1535 3573 εἶναι
1566 3513 1686 3573 κατ’
1719 3516 1924 3589 ἀρετήν

355 3610 474 3665 ἔστι
510 3607 859 3681 προνοεῖσθαι
892 3606 990 3661 τοῦ
1034 3606 1235 3672 πέλαςο
1280 3605 1418 3677 ὅπερ
1464 3605 1495 3660 ό
1527 3603 1773 3677 γραπτὺς
1812 3608 1931 3660 ἑπι-

354 3701 547 3775 τρέπει
575 3702 740 3772 νόμος
759 3716 773 3730 ·
807 3699 869 3754 τδ
898 3698 955 3754 δὲ
985 3700 1123 3771 ὑπὲρ
1152 3697 1343 3753 ἑαυτὸν
1365 3696 1650 3767 ἀγαπῆσαι
1670 3696 1764 3751 τὸν
1787 3696 1928 3769 πλη-

357 3793 494 3860 σίον,
525 3791 619 3848 τοῦ
647 3792 813 3864 νόμου
838 3792 937 3860 τῆς
966 3790 1192 3865 χάριτός
1218 3791 1367 3843 ἐστιν
1394 3788 1712 3843 ίδιαίτατον.

429 3890 510 3938 ιε’.
563 3882 621 3939 '0
667 3882 1012 3954 κωλυόμενος
1056 3879 1166 3934 τῶν
1231 3878 1370 3951 πρὸς
1419 3877 1611 3950 ἡδονὴν
1671 3875 1924 3948 σώματος

353 3974 640 4047 ἀφορμῶν,
675 3973 937 4047 μανθάνει
964 3970 1225 4046 Προνοίας
1244 3969 1460 4039 λόγους,
1494 3967 1797 4040 ἐπεχούσης
1826 3967 1925 4038 τὴν

355 4066 655 4138 ἑξαπτικὴν
699 4065 835 4138 ὓλην
866 4063 978 4118 τῶν
1015 4063 1232 4119 παθῶν*
1265 4065 1295 4116 ό
1326 4060 1384 4116 δὲ
1424 4059 1525 4125 τὰς
1564 4060 1701 4132 πρὸς
1733 4057 1925 4129 ὀδύνην

360 4161 613 4229 σώματος
664 4157 956 4230 δεχόμενος
1002 4155 1296 4227 μάστιγας,
1341 4153 1651 4208 διδάσκεται
1690 4151 1925 4221 κρίσεως

357 4248 574 4318 λόγους,
631 4246 1011 4318 προλαϐόντων
1058 4242 1350 4316 μολυσμῶν
1406 4240 1682 4304 ἀκουσίοις
1746 4239 1926 4303 πόνοις

357 4340 522 4397 αὐτὸν
549 4336 1000 4410 ὲκκαθαιρούσης.

437 4524 533 4585 ις’.
575 4519 640 4572 El
665 4517 756 4571 τὸν
782 4517 1067 4588 προφήτην
1094 4514 1181 4568 διὰ
1213 4512 1312 4584 τὴν
1346 4511 1553 4583 σκηνὴν
1583 4511 1679 4564 καὶ
1704 4509 1804 4581 τὴν
1832 4526 1927 4562 κο-

359 4608 623 4665 λόκυνθαν
655 4606 1012 4678 λυπούμενον,
1054 4605 1199 4673 λέγω
1240 4603 1298 4657 δὲ
1327 4603 1428 4675 τὴν
1477 4602 1657 4673 σάρκα
1695 4601 1790 4655 καὶ
1827 4600 1929 4671 τὴν

363 4702 461 4773 τῆς
494 4701 696 4773 σαρκὸς
726 4699 938 4772 ἡδονὴν,
968 4697 1068 4769 τῆς
1097 4697 1154 4750 δὲ
1196 4696 1241 4749 Ν
1251 4694 1391 4748 ινευῒ
1419 4694 1510 4747 τὸν
1538 4692 1671 4746 Θεὸν
1701 4692 1927 4761 ἀντεχό-

372 4808 534 4864 μενον
579 4793 976 4863 ἁντεισήγαγεν
1008 4793 1037 4844 ό
1064 4791 1163 4862 τῆς
1193 4788 1416 4861 Γραφῆς
1459 4787 1638 4856 λόγος,
1661 4786 1821 4857 δῆλον
1855 4787 1931 4849 ὡς

360 4880 471 4935 τῶν
524 4884 637 4946 τοῖς
695 4881 1004 4953 ἀνθρώποις
1043 4880 1243 4948 τιμίων
1290 4881 1384 4932 καὶ
1436 4878 1774 4950 ἐπεράστων,
1813 4877 1930 4931 τόδε

362 4972 441 5044 τῷ
470 4972 589 5045 Θεῷ
621 4974 786 5043 φανὲν
812 4971 1129 5043 προσφιλὲς,
1161 4971 1380 5025 πάντων
1409 4972 1519 5025 τῶν
1544 4972 1714 5024 ὄντων
1751 4968 1932 5039 πολλῷ

364 5067 608 5145 κρεῖττόν
636 5067 753 5120 ἐστι
802 5066 899 5120 καὶ⁹
948 5064 1294 5136 τιμιώτερον,
1342 5065 1550 5136 ήπουγε
1586 5069 1744 5136 [unus
1798 5060 1930 5133 Reg.

362 5158 496 5212 ὅπου
533 5157 618 5232 γε]
645 5159 754 5213 τῶν
796 5159 898 5213 οὐκ
946 5157 1136 5223 ὅντων,
1172 5157 1269 5210 καὶ
1317 5158 1452 5230 μόνῃ
1506 5154 1774 5228 προλήψει
1815 5155 1933 5207 κατ’

364 5246 709 5320 ἑσφαλμένην
738 5248 919 5319 κρίσιν
953 5245 1088 5301 εἶναι
1132 5245 1455 5309 δοκούντωι,
1506 5240 1581 5300 ὧν
1621 5245 1798 5309 οὐδεὶς
1844 5262 1935 5299 το-

364 5339 628 5410 παράπαν
667 5340 787 5395 ἐστὶ
834 5340 980 5396 κατὰ
1024 5338 1405 5412 τὴν.ὕπαρξιν
1444 5339 1600 5405 λόγος
1623 5355 1637 5371 ο
1693 5340 1830 5409 μόνη
1877 5337 1932 5391 δὲ

364 5430 634 5498 φαντασία
682 5432 773 5485 τὸν
824 5432 948 5485 νοῦν
1000 5430 1388 5502 φενακίζουσα,
1447 5431 1543 5484 καὶ
1600 5431 1785 5503 σχῆμα
1819 5431 1933 5492 τοῖς

370 5522 466 5574 οὐκ
485 5518 601 5576 οὖσι
629 5523 892 5589 διάκενον,
925 5525 1036 5579 ἀλλ’
1061 5525 1157 5595 οὐχ
1186 5524 1479 5578 ὑπόστασιν
1507 5522 1582 5594 τῷ
1618 5521 1772 5577 πάθει
1806 5537 1935 5592 παρ-

365 5613 625 5682 σχομένη.

440 5690 488 5726 ⁵³
509 5705 669 5762 Joan.
689 5722 780 5773 xv,
807 5709 896 5766 15.

604 5800 881 5864 Panos.
913 5801 1031 5865 Gtt.
1062 5800 1192 5866 XC.

2006 720 2260 776 unusque
2305 706 2592 760 hominum
2636 705 2828 760 audire
2873 706 3142 772 voluerit,
3189 720 3294 762 nec
3337 716 3587 763 nostrum

2008 807 2219 857 reatum
2267 812 2427 854 suum
2469 797 2650 852 facere
2701 800 3076 864 recusaverit;
3120 808 3441 870 tantumque
3487 816 3589 859 nos

2007 904 2106 959 per
2150 888 2380 960 gratiam
2431 889 2690 945 deiﬁcare
2732 889 2991 960 dignatus
3028 891 3122 957 sit,
3164 902 3435 962 quantum
3470 893 3590 965 ipse

2010 978 2314 1033 secundum
2344 978 2506 1053 613
2547 977 3013 1050 dispensationem
3056 982 3221 1036 homo
3249 982 3428 1038 lactus
3456 992 3542 1038 est
3574 1000 3586 1037 :

2010 1078 2215 1122 utnon
2256 1068 2431 1122 solum
2472 1069 2564 1123 alii
2603 1070 2741 1124 alios
2782 1071 3108 1129 naturaliter
3152 1073 3479 1143 complecti,
3526 1089 3592 1129 ac

2012 1161 2166 1215 velut
2204 1175 2306 1217 nos
2339 1160 2488 1231 ipsos
2532 1161 2768 1221 invicem
2800 1163 3123 1232 spiritaliter
3160 1163 3388 1237 diligere
3421 1180 3593 1223 nove¢

2011 1252 2216 1320 rimus;
2255 1267 2450 1306 verum
2494 1253 2659 1307 etiam
2702 1269 2866 1325 supra
2909 1270 3009 1309 nos
3050 1255 3199 1325 ipsos
3243 1244 3493 1312 alii‘aliis
3528 1272 3594 1312 ex

2012 1344 2215 1403 divinis
2245 1343 2556 1398 rationibus
2586 1358 2771 1399 curam
2819 1345 3158 1415 impendere,
3192 1346 3443 1416 hancque
3475 1363 3597 1400 mu.

2014 1443 2122 1490 tua:
2154 1434 2469 1490 dilectionis
2506 1433 2912 1492 exhibitionem
2952 1448 3236 1509 praestare,
3294 1449 3355 1493 ut
3388 1454 3454 1493 ex
3485 1438 3599 1492 vir.

2017 1532 2132 1580 tute
2164 1541 2265 1596 pro
2295 1525 2529 1580 invicem
2558 1537 2914 1595 spontaneam
2952 1526 3121 1583 alacri
3146 1527 3332 1583 animo
3365 1535 3597 1585 mortem

2014 1616 2320 1671 ambiamus
2358 1627 2636 1686 oppetere.
2674 1615 2837 1671 Nulla
2869 1618 3038 1683 enim,
3072 1616 3271 1688 inquit,
3300 1617 3397 1672 hac
3425 1619 3599 1688 major

2018 1706 2224 1761 dilectio
2263 1716 2359 1773 est,
2387 1716 2445 1761 ut
2487 1708 2603 1776 quis
2650 1716 2811 1778 ponat
2853 1709 3089 1764 animum
3119 1724 3273 1762 suam
3296 1724 3392 1779 pro
3429 1708 3599 1762 amico

1951 1786 1988 1840 Β
2017 1810 2113 1848 suo
2136 1796 2202 1852 δ’.

2088 1885 2174 1940 15.
2214 1884 2327 1940 Lex
2355 1892 2589 1950 naturae,
2621 1892 2683 1939 ut
2729 1899 2942 1945 summa
2983 1884 3184 1952 dicam,
3212 1885 3481 1943 naturalis
3508 1900 3599 1941 ra-

2018 1977 2096 2043 tio
2120 1985 2224 2040 est,
2256 1991 2479 2032 sensum
2523 1976 2807 2035 subditum
2852 1986 3013 2032 nacta
3062 1991 3127 2032 ac
3161 1976 3498 2043 dedititium,
3529 1977 3599 2031 ad

2018 2070 2414 2131 abhorrentem
2461 2084 2491 2124 a
2525 2070 2740 2124 ratione
2777 2067 3037 2124 allectum
3075 2069 3461 2136 amovendum,
3486 2083 3602 2139 quo

2021 2163 2081 2225 ii,
2111 2162 2204 2233 qui
2240 2171 2438 2219 natura
2473 2161 2752 2233 conjuncti
2787 2170 2936 2227 sunt,
2977 2161 3323 2218 dividuntur.
3355 2161 3469 2216 Lex
3500 2177 3600 2216 au-

2021 2260 2132 2306 tem
2173 2251 2398 2323 scripta,
2430 2252 2697 2307 naturalis
2728 2253 2871 2309 ratio
2911 2260 3016 2317 est,
3052 2260 3176 2323 post
3212 2250 3605 2309 abhorrentem

2022 2359 2053 2398 a
2104 2342 2318 2399 ratione
2378 2343 2615 2399 ablatam
2676 2358 2874 2401 sensus
2925 2343 3309 2408 allectionem,
3349 2342 3606 2414 spiritale

2023 2435 2190 2495 etiam
2227 2434 2568 2492 desiderium
2607 2450 2961 2506 amoremque
3004 2449 3311 2499 assumens,
3338 2444 3450 2506 quo
3481 2448 3605 2491 mu-

2026 2536 2120 2587 tua
2167 2540 2395 2593 eorum,
2439 2527 2536 2597 qui
2582 2541 2786 2598 genere
2840 2525 3119 2601 conjuncti
3168 2533 3324 2591 sunt,
3368 2523 3607 2582 cobeesio

2026 2618 2292 2675 consistat
2317 2634 2383 2675 ac
2413 2626 2796 2677 conservetur.
2826 2617 2940 2672 Lex
2965 2616 3204 2688 denique
3232 2617 3440 2690 gratia),
3463 2616 3607 2672 ratio

2026 2718 2113 2771 est
2142 2717 2336 2765 natura
2367 2708 2645 2780 superior,
2677 2719 2931 2769 naturam
2968 2707 3036 2764 ad
3067 2706 3470 2769 deificationem
3498 2708 3607 2762 imo

2029 2799 2369 2857 mutabiliter
2425 2807 2820 2871 transmutans,
2870 2814 2936 2855 ac
2974 2798 3126 2854 velut
3166 2799 3224 2858 in
3273 2797 3509 2873 imagine
3550 2806 3609 2855 et

2029 2889 2326 2946 simulacro
2355 2886 2411 2943 in
2448 2896 2649 2946 natura
2673 2889 2914 2945 humana
2945 2887 3423 2958 incompreltense,
3459 2886 3608 2959 quod

2029 2996 2199 3053 supra
2237 2980 2531 3039 essentiam
2572 2996 2638 3039 ac
2675 2989 2930 3037 naturam
2970 2987 3076 3045 est,
3107 2979 3386 3049 exemplar
3418 2986 3609 3036 osten-

1955 3118 1999 3177 ε
2030 3073 2188 3136 dens,
2226 3070 2681 3145 sempiternthue
2723 3071 3000 3144 bcatitatis
3034 3070 3439 3142 perennitatem
3466 3084 3610 3140 prato

2035 3164 2191 3221 hens.

2108 3257 2196 3313 l4.
2231 3259 2305 3316 Ut
2329 3257 2553 3331 quidem
2589 3253 2904 3327 proximum
2941 3250 3145 3309 habeas
3175 3251 3320 3309 sicut
3352 3250 3610 3321 teipsum,

2035 3362 2103 3404 eo
2135 3348 2323 3407 solum
2348 3354 2583 3423 spectat,
2611 3355 2675 3405 ut
2715 3344 2837 3417 ejus
2868 3344 3034 3401 vitam
3077 3358 3143 3398 ac
3184 3343 3330 3414 quod
3374 3342 3610 3410 exsistit.

2034 3454 2227 3508 cures;
2268 3439 2418 3511 quod
2461 3445 2553 3497 est
2595 3435 2735 3510 legis
2777 3434 3081 3495 naturalis:
3110 3442 3170 3493 ut
3207 3442 3391 3491 autem
3417 3434 3613 3506 diligas

2035 3533 2182 3589 sicut
2207 3532 2468 3605 teipsum,
2501 3545 2571 3589 eo
2602 3530 2822 3594 attinet.
2859 3535 2924 3588 ut
2960 3536 3019 3585 et
3050 3526 3191 3587 bene
3215 3541 3283 3582 ex
3314 3526 3517 3582 virtute
3552 3540 3613 3584 se

2036 3624 2247 3681 habere
2304 3622 2617 3694 proximum
2676 3620 2999 3693 provideas;
3059 3619 3209 3695 quod
3260 3620 3351 3676 lex
3407 3620 3613 3693 scripta

2032 3713 2233 3784 jubet:
2271 3722 2334 3768 ut
2375 3729 2506 3770 vero
2551 3712 2864 3783 proximum
2911 3708 3105 3785 diligas
3142 3724 3308 3785 supra
3350 3711 3611 3783 tcipsum,

2036 3802 2173 3875 legis
2198 3805 2386 3875 gratia:
2413 3818 2617 3860 munus
2646 3801 3085 3873 propriissimum
3116 3808 3221 3861 est.

2106 3894 2193 3951 15.
2231 3893 2335 3963 Qui
2380 3910 2410 3950 a
2450 3894 2633 3950 causis
2672 3893 3013 3963 voluptatem
3051 3904 3117 3947 ac
3153 3890 3441 3948 libidinem
3478 3907 3609 3964 pro-

2037 3988 2361 4045 curantibus
2406 3987 2718 4053 cohibetur,
2762 3983 3130 4045 Providentia:
3173 3983 3403 4041 docetur
3444 3985 3613 4049 ratio-

2038 4097 2159 4148 nes,
2188 4082 2475 4138 materiam
2523 4079 2826 4135 inbibentis
2856 4092 2980 4150 quae
3011 4076 3243 4137 allectus
3276 4085 3442 4149 atque
3476 4076 3604 4133 vilia
3696 4088 3701 4091 ‘

2038 4188 2309 4245 propense
2340 4169 2627 4228 succendit
2656 4188 2669 4225 :
2699 4169 2795 4242 qui
2836 4181 3021 4226 autem
3055 4167 3446 4225 conseiscendo
3482 4182 3609 4224 eor-

2041 4266 2192 4337 poris
2237 4264 2427 4321 dolore
2476 4262 2689 4336 ﬂagella
2730 4262 2982 4332 suscipit,
3024 4259 3220 4333 iudicii
3260 4261 3530 4327 rationes,
3576 4276 3610 4317 ε

2041 4356 2346 4429 superioris
2364 4355 2542 4412 aetatis
2561 4355 2821 4411 sordibus
2840 4354 3097 4410 violentis
3118 4352 3399 4413 laboribus
3419 4368 3613 4415 emun-

1966 4463 2010 4519 ι)
2035 4448 2220 4504 dantis
2244 4447 2535 4504 condiscit.

2108 4538 2195 4593 ιϐ.
2235 4537 2372 4595 Cum
2408 4537 2695 4606 Scriptura
2737 4535 3061 4607 prophetam
3096 4532 3319 4597 tcntorii
3350 4550 3514 4591 causa
3547 4551 3615 4594 ac

2033 4630 2335 4687 cucurbitae
2387 4630 2592 4701 (carnis
2638 4629 2851 4689 scilicet
2897 4643 2964 4689 ac
3012 4629 3250 4689 carnalis
3291 4628 3612 4700 voluptatis)

2033 4720 2333 4784 dolentem,
2379 4720 2659 4790 Deumque
2683 4737 2749 4775 ex
2810 4720 3042 4777 adverso
3076 4719 3272 4781 Ninive
3300 4720 3613 4779 studentem

2033 4811 2343 4879 induxerit;
2373 4812 2547 4883 liquet
2573 4812 2753 4882 plane,
2781 4812 2851 4869 iis
2882 4828 3005 4883 quin
3040 4812 3361 4873 hominibus
3398 4811 3454 4871 in
3488 4825 3617 4882 pm

2037 4902 2117 4957 tio
2158 4914 2287 4961 sunt
2334 4919 2401 4958 ac
2444 4903 2620 4959 amori
2660 4903 2955 4969 habentur,
2992 4903 3140 4961 istud
3174 4903 3252 4963 sic
3289 4902 3402 4958 Deo
3435 4901 3613 4958 visum

2041 4994 2299 5060 charum;
2336 4994 2552 5049 cunctis
2579 4994 2791 5049 scilicet
2819 4994 2988 5051 rebus
3021 4990 3375 5061 praestantius
3398 5006 3521 5053 esse
3551 5004 3616 5046 ac

2040 5082 2312 5146 nobilius;
2351 5082 2554 5137 nedum
2590 5081 2676 5145 is,
2704 5097 2827 5151 qua:
2866 5095 2934 5135 ne
2964 5080 3188 5152 quidem
3215 5088 3363 5142 sunt,
3387 5078 3615 5146 solaque

2040 5170 2467 5241 praesumptione
2497 5178 2716 5224 errante
2741 5169 2951 5240 judicio
2986 5183 3108 5224 esse
3140 5168 3421 5231 videntur,
3450 5164 3616 5237 615

2039 5275 2276 5331 quorum
2325 5259 2477 5314 nulla
2528 5273 2757 5329 prorsus
2804 5259 3125 5314 substantia
3166 5257 3328 5322 ratio,
3359 5253 3453 5311 s'ed
3498 5255 3616 5311 sola

2043 5351 2225 5404 animo
2278 5349 2515 5404 illudens
2561 5348 2851 5420 cogitatio,
2903 5347 3232 5419 inanemque
3278 5345 3505 5417 ﬁguram
3552 5357 3617 5401 ac

2043 5443 2283 5512 speciem
2314 5457 2424 5496 non
2452 5440 2678 5497 entibus
2707 5440 2974 5510 praebens,
3005 5454 3117 5495 non
3151 5437 3375 5505 aﬂ’eetui
3402 5452 3467 5495 ac
3493 5452 3619 5510 pas.

2044 5534 2184 5588 sioni
2216 5548 2341 5587 vere
2371 5532 2671 5588 exsistendi
2702 5530 3064 5588 substantiam
3100 5530 3366 5585 tribuens.

3219 5796 3296 5858 43
