4110 6318
552 337 687 411 tass

553 549 647 612 tia,
680 548 749 603 .is
787 547 1048 601 duntaxat
1079 547 1419 601 manifestari
1467 548 1648 612 habet,
1687 549 1779 618 qni
1811 548 1962 618 digni
2005 547 2125 618 Spi-

554 638 660 692 ritu
694 646 855 701 sunt;
892 636 985 705 qui
1020 636 1230 691 scilicet
1265 636 1515 707 diligenti
1550 638 1796 692 colendis
1826 638 2126 692 virtutibus

551 743 717 798 opera
764 727 1026 781 vitiorum
1070 727 1296 799 fuligine
1342 740 1641 801 expurgato
1684 730 1905 795 animo,
1954 730 2126 785 instar

553 818 709 872 nitidi
755 833 819 872 ac
864 817 1126 887 pellucidi
1179 819 1423 888 speculi,
1475 821 1653 888 primo
1697 819 1881 873 statim
1929 819 2127 873 mentis

552 907 785 977 appulsu
833 922 896 961 ac
934 907 1398 975 consideratione,
1433 911 1585 963 velut
1630 908 1826 964 faciem
1877 909 1986 963 illis
2028 909 2128 963 im-

554 1013 794 1066 pressam
849 1012 914 1052 ac
970 997 1332 1065 illabentem,‘
1389 999 1705 1054 divinorum
1757 999 2127 1070 cognitionem

553 1087 949 1160 scientiamque
1002 1090 1334 1161 suscipiunt.
1385 1090 1599 1157 Quibus
1640 1100 1822 1145 autem
1866 1091 2129 1145 vitiorum

553 1183 989 1253 inquinamentis
1020 1183 1133 1238 vita
1176 1193 1508 1254 compuncta
1533 1191 1618 1238 est
1646 1191 1702 1238 et
1736 1172 2128 1250 contaminata,

555 1268 621 1323 iis
670 1284 740 1322 ne
786 1269 879 1323 vix
931 1270 1152 1339 quidem
1208 1285 1277 1325 ex
1334 1272 1746 1327 verosimilibns
1796 1272 2129 1342 quibusdam

554 1358 775 1414 indiciis
827 1360 1138 1415 divinorum
1201 1361 1487 1416 scientiam
1539 1364 1854 1433 conjectura
1913 1364 2129 1434 assequi

553 1462 875 1503 concessum
900 1458 1004 1514 est,
1034 1448 1236 1504 nedum
1265 1461 1326 1505 ut
1356 1453 1625 1521 exquisite
1656 1453 1961 1523 intelligere
1990 1469 2130 1524 pra:-

555 1546 775 1593 sumant
808 1556 871 1595 ac
902 1542 1087 1596 verbis
1120 1556 1400 1598 enarrare.

613 1631 713 1684 ‘l8.
754 1631 857 1696 Qui
908 1634 1108 1688 utentis
1139 1633 1393 1699 formam,
1441 1652 1561 1705 quae
1605 1636 1660 1689 in
1702 1636 1908 1706 Spiritu
1946 1636 2132 1692 divino

554 1732 620 1774 cx
652 1720 951 1776 virtutibus
987 1723 1222 1778 scientia
1262 1735 1364 1788 est,
1392 1735 1584 1779 nactus
1606 1735 1710 1791 est,
1738 1727 1785 1780 is
1810 1726 1994 1782 divina
2020 1727 2131 1797 pati

1697 344 1757 407 S.
1800 345 2083 406 ΜΛΧΙΜΙ
2123 339 2628 405 CONFESSORIS

626 460 705 513 l7.
738 456 1019 525 Exquisita
1045 466 1300 525 certaque
1322 456 1667 526 eloquiorum
1689 455 1927 525 Spiritus
1950 457 2127 511 scien-
2155 468 2197 515 A

3652 332 3772 402 1355

2302 457 2387 517 ιζ’.
2464 457 2479 475 ‘
2516 456 2577 507 Ἡ
2628 454 2726 524 μὲν
2772 452 3002 521 ἀκριεὴς
3054 450 3252 519 γνῶσις
3308 448 3415 503 τῶν
3465 446 3659 517 λογίων
3692 455 3777 508 τοῦ

2230 548 2566 618 Πνεύματος,
2629 547 2810 616 μόνοις
2872 543 3352 598 ἀποκαλύπτεσθαι
3422 543 3627 611 πέφυκε
3682 548 3782 608 τοῖς

2228 640 2399 706 ἀξίοις
2441 638 2535 692 τοῦ
2584 638 2929 708 Πνεύματος’
2963 636 3012 688 οἳ
3052 636 3138 689 διὰ
3187 635 3387 705 πολλὴν
3441 635 3547 686 τῶν
3588 636 3784 705 ἀρετῶν

2228 732 2570 801 ἐπιμέλειαν,
2604 732 2703 801 τῆς
2740 731 2850 783 τῶν
2879 729 3068 783 παθῶν
3107 728 3339 796 αἰθάλης
3364 728 3455 779 τὸν
3482 727 3603 780 νοῦν
3635 730 3780 780 ἐκκα-

2229 814 2518 894 θάραντες,
2560 824 2830 892 ἐσόπτρου
2880 821 3036 890 δίκην
3077 817 3322 889 καθαροῦ
3385 819 3478 871 καὶ
3517 818 3782 885 διαυγοῦς,

2231 915 2347 983 ἅμα
2383 914 2448 984 τῇ
2501 913 2800 984 προσϐολῇ,
2841 911 3093 982 καθάπερ
3136 909 3430 980 πρόσωπον
3466 909 3786 978 ἐντυπουμέι

2229 1019 2327 1076 νην
2352 1002 2538 1068 αὐτοῖς
2572 1006 2667 1058 καὶ
2689 1003 3073 1072 ἐμπίπτουσαν
3106 1001 3205 1071 τὴν
3229 998 3337 1053 τῶν
3364 1000 3525 1053 θείων
3556 1000 3787 1069 δέχονται

2229 1095 2455 1163 γνῶσιν.
2488 1089 2585 1157 Οἷς
2613 1095 2670 1147 δὲ
2698 1096 2820 1156 ταῖς
2843 1092 2951 1145 τῶν
2993 1090 3181 1146 παθῶν
3212 1091 3426 1160 κηλῖσιν
3457 1090 3485 1144 ὁ
3521 1088 3635 1159 βίος
3676 1109 3787 1143 κατε

2231 1189 2495 1252 ἐστικται,
2550 1187 2703 1257 μόλις
2756 1185 2860 1240 κᾶν
2896 1184 2957 1250 ἐξ
2990 1184 3213 1238 εἰκότων
3273 1184 3434 1236 τινῶν
3481 1180 3790 1252 στοχασμῶν

2229 1279 2610 1350 τεκμηριῶσαι
2645 1280 2741 1349 τὴν
2784 1278 2892 1331 τῶν
2944 1276 3103 1330 θείων
3151 1276 3353 1345 γνῶσίν
3386 1277 3504 1328 ἐστί
3538 1269 3788 1336 δυνατὸν,

2235 1379 2310 1443 μὴ
2339 1374 2422 1425 ὅτι
2453 1389 2515 1439 γε
2547 1370 2740 1439 νοῆσαί
2765 1388 2825 1424 τε
2853 1371 2947 1424 καὶ
2976 1368 3183 1441 φράσαι
3207 1370 3408 1440 ταύτην
3433 1367 3499 1421 δι’
3519 1367 3790 1438 ἀκριϐείας

2232 1458 2719 1526 ἀπαυθαδίζεσθαι.

2308 1654 2399 1716 ιη’.
2453 1647 2510 1699 '0
2541 1644 2635 1700 τοῦ
2664 1643 2756 1699 νοῦ
2786 1646 2999 1718 μορφὴν
3028 1646 3127 1717 τὴν
3177 1646 3235 1712 ἐξ
3279 1647 3492 1717 ἀρετῶν
3538 1649 3597 1698 ἑν
3636 1644 3789 1698 lived—

2238 1754 2368 1806 ματι
2392 1736 2529 1806 θείῳ
2557 1736 2853 1806 δεξάμενος
2867 1737 3087 1805 γνῶσιν,
3105 1736 3176 1789 τὰ
3201 1736 3320 1790 Θεῖα
3344 1736 3560 1804 λέγεται
3588 1736 3792 1797 παθεῖν,

554 1811 779 1876 dicitur,
810 1812 958 1881 quod
998 1828 1110 1866 non
1150 1822 1368 1876 natura,
1398 1813 1719 1869 substantia:
1752 1814 1869 1883 ipsa
1897 1816 2129 1880 ratione,

2236 1794 2320 1881 δτι
2352 1826 2427 1897 μὴ
2456 1794 2793 1894 φθσειοιατὰ
2962 1794 3217 1898 ὕπαρξιν,
3254 1826 3391 1881 ἀλλὰ
3418 1794 3617 1897 ’χάριτι
3668 1794 3794 1880 mi

556 1902 651 1957 sed
701 1918 800 1972 per
849 1902 1079 1974 gratiam
1130 1919 1196 1958 ex
1252 1905 1671 1974 participatione
1715 1906 1861 1959 illam
1907 1906 2136 1976 adeptus

555 2007 659 2049 est.
684 1994 789 2060 Qui
820 1988 1001 2050 autem
1040 1995 1325 2050 scientiam
1354 2012 1474 2065 qua:
1504 2012 1568 2050 ex
1595 1997 1768 2067 gratia
1796 2005 1883 2051 est
1909 1999 2137 2053 minine

556 2095 751 2138 nactus
783 2093 887 2149 est,
915 2086 1269 2153 quantumvis
1298 2085 1543 2155 spiritale
1576 2086 1782 2156 aliquid
1809 2088 2135 2159 solertisque

560 2175 761 2244 ingenii
801 2175 969 2239 dicat,
1000 2176 1119 2247 ejus
1161 2185 1342 2231 tamen
1389 2179 1536 2248 quod
1576 2178 1824 2248 loquitur
1849 2195 1947 2250 per
1974 2197 2137 2252 expc—

558 2267 810 2322 rientiam
840 2269 949 2323 vim
975 2269 1212 2341 ignorat.
1235 2271 1391 2325 Nuda
1422 2271 1567 2325 enim
1592 2271 1904 2343 disciplina,
1941 2275 2135 2332 habitu

556 2368 898 2416 constantem
924 2361 1212 2416 scientiam
1240 2378 1349 2417 non
1386 2363 1599 2418 tribuit.

631 2452 709 2511 i9.
726 2452 876 2509 Mens
887 2469 1154 2509 summam
1171 2455 1459 2525 quamdam
1477 2471 1540 2510 ex
1561 2455 1854 2512 virtutibus
1868 2465 2027 2512 nacta
2043 2473 2138 2526 pu-

550 2546 734 2600 ritatis
754 2545 886 2610 vim,
910 2546 1175 2601 virtutum
1202 2547 1401 2601 merito
1423 2547 1728 2603 rationibus
1753 2549 2135 2605 condiscendis

558 2648 874 2706 comparata
897 2646 1010 2703 est;
1040 2636 1226 2691 divine
1258 2652 1327 2691 ex
1354 2637 1462 2692 illis
1481 2635 1797 2708 insignitam
1823 2638 2131 2705 scientiam,

556 2742 712 2782 suam
758 2727 876 2798 ipsa
917 2727 1022 2783 sibi
1054 2727 1250 2782 faciem
1287 2738 1574 2797 praestans.
1617 2729 1656 2783 A
1695 2744 1753 2784 se
1788 2730 1935 2783 enim
1981 2746 2135 2786 mens

556 2820 735 2874 omnis
766 2818 952 2890 figurae
968 2818 1265 2890 formatque
1297 2821 1881 2889 expers,advcntitiam
1915 2822 2136 2877 asciscit

556 2914 809 2978 formam,
844 2913 930 2968 vel
965 2928 1032 2967 ex
1068 2912 1373 2967 virtutibus
1412 2913 1466 2967 in
1509 2906 1704 2983 spiritu
1741 2914 2133 2969 consistentem

558 3002 867 3067 scientiam,
895 3003 981 3056 vel
1010 3017 1131 3071 quae
1160 3017 1225 3055 ex
1254 3001 1766 3072 perturbationibus
1791 3012 1957 3070 atque
1986 3004 2135 3059 vitiis

557 3092 896 3161 supervenit,
929 3093 1312 3163 ignorantiam.

625 3183 715 3238 ‘20.
748 3183 1010 3253 Quisquis
1033 3200 1063 3239 a
1085 3184 1272 3239 divina
1291 3184 1495 3240 excidit
1516 3185 1830 3253 dilectione,
1854 3187 2131 3241 carnalem

559 3277 733 3347 legem
762 3277 1063 3345 voluptatis
1094 3277 1353 3331 illecebra
1381 3292 1444 3331 ac
1471 3277 1698 3332 libidine
1732 3281 1815 3333 sui
1846 3279 2136 3333 dominan-

558 3376 667 3419 tem
697 3364 884 3429 habet,
920 3381 1027 3435 qua
1073 3365 1212 3419 nihil
1253 3380 1445 3420 eorum
1492 3370 1613 3435 quae
1656 3384 1687 3423 a
1727 3368 1839 3423 Deo
1863 3378 2133 3441 przeccpta

558 3450 685 3511 sunt
715 3471 939 3511 servare
969 3457 1145 3511 valeat
1177 3468 1272 3511 aut
1307 3457 1458 3512 velit.
1491 3459 1594 3525 Qui
1626 3459 1773 3513 enim
1810 3459 1889 3514 illi
1919 3462 2044 3516 vita:
2072 3475 2137 3516 ac

561 3564 747 3618 regno,
786 3548 935 3618 quod
974 3563 1041 3601 ex
1086 3549 1293 3603 virtute
1337 3549 1520 3619 agitur
1559 3558 1726 3621 atque
1771 3552 2002 3622 regitur,
2041 3569 2136 3607 vo-

524 3638 766 3708 ‘luptate
814 3637 1025 3694 ebriam
1072 3636 1533 3710 libidinosamque
1574 3642 1745 3696 vitam
1795 3644 2133 3712 praetulerit,

559 3729 802 3785 scientiae
830 3730 953 3785 loco
983 3731 1349 3802 ignorantiam
1383 3734 1597 3790 ascivit.

626 3821 689 3875 2i
755 3820 859 3888 Qui
905 3823 973 3877 ad
1025 3822 1347 3879 interiorem
1394 3825 1449 3878 in
1502 3825 1703 3893 spiritu
1754 3826 1891 3895 legis
1937 3826 2134 3882 littcrte

558 3911 802 3966 divinum
851 3912 1108 3967 decorem
1159 3922 1339 3968 mente
1370 3915 1493 3984 {non
1536 3916 1751 3980 transit,
1786 3916 2132 3972 libidinosam

561 4003 728 4058 animi
759 4002 1104 4059 affectionem
1141 4003 1499 4077 (mundanum
1536 4006 1752 4061 scilicet
1777 4006 2032 4062 allectum
2071 4025 2134 4063 ac

558 4094 742 4150 ἐπροιί
772 4094 1092 4166 amantem),
1118 4111 1186 4150 ex
1213 4095 1350 4167 legis
1380 4096 1671 4167 disciplina
1706 4098 1762 4152 in
1791 4098 1939 4153 nuda
1969 4097 2159 4169 615'

559 4187 830 4242 Sermonis
860 4188 1169 4257 prolatione
1196 4189 1374 4258 posita
1406 4189 1628 4259 gignere
1665 4190 1970 4244 consuevit.

621 4362 712 4415 2'2.
737 4360 856 4416 Oris
899 4362 1132 4431 confusio
1164 4371 1267 4425 est,
1299 4361 1688 4431 cogitationum
1750 4362 1918 4416 animi
1971 4379 2131 4416 mun-

2159 3125 2206 3186 C

2236 1918 2333 1988 τὴν
2367 1916 2607 1987 μέθεξιν.
2658 1916 2863 1985 ταύτην
2913 1917 3269 1988 προσέλαϐεν.
3314 1919 3372 1970 Ὀ
3404 1919 3461 1971 δὲ
3494 1918 3591 1988 τὴν
3622 1921 3682 1970 ἐκ
3711 1918 3795 1987 χά-

2238 2025 2385 2077 ριτος
2424 2009 2498 2079 μὴ
2527 2007 2823 2076 δεξάμενος
2851 2008 3074 2077 γνῶσιν,
3101 2009 3205 2062 κᾶν
3233 2009 3369 2081 λέγῃ
3401 2027 3453 2061 τι
3481 2008 3793 2076 γνωστικὴν,

2234 2100 2335 2152 οὐκ
2368 2096 2476 2151 οἶδε
2523 2100 2666 2153 κατὰ
2717 2103 2911 2170 πεῖραν
2939 2098 3036 2153 τοῦ
3072 2099 3366 2171 λεγομένου
3416 2100 3515 2171 τὴν
3554 2099 3793 2167 δύναμιν.

2237 2189 2382 2260 Ψιλὴ
2409 2191 2517 2261 γὰρ
2559 2190 2816 2261 μάθησις,
2859 2189 2958 2263 τὴν
2995 2182 3254 2257 καθ”ἕξιν
3284 2190 3485 2261 γνῶσιν
3512 2192 3571 2245 οὐ
3598 2192 3794 2246 δίδωσι.

2311 2443 2396 2498 ιϐ’.
2437 2442 2582 2508 Νοῦς
2622 2445 2702 2508 εἰς
2750 2444 2918 2516 ἄκρον
2949 2445 3037 2499 διὰ
3070 2446 3179 2499 τῶν
3220 2446 3432 2518 ἀρετῶν
3477 2448 3798 2519 καθαιρόμε-

2237 2553 2345 2599 νος,
2372 2538 2499 2600 τοὺς
2540 2537 2649 2591 τῶν
2690 2537 2903 2608 ἀρετῶν
2946 2537 3196 2607 πέφυκεν
3236 2540 3461 2603 εἰκότως
3492 2542 3797 2595 ἐκδιδάσκει

2238 2628 2358 2682 σθαι
2392 2629 2603 2698 λόγους,
2634 2630 2733 2700 τὴν
2762 2628 2820 2695 ἐξ
2849 2630 3029 2684 αὐτῶν
3087 2631 3322 2697 θειωδῶς
3352 2634 3799 2704 χαρακτηρισθεί-

2237 2737 2336 2775 σαν
2384 2720 2584 2790 γνῶσιν
2644 2722 2842 2774 οἰκεῖον
2920 2722 3242 2794 ποιούμενος
3304 2724 3614 2795 πρόσωπον.
3671 2724 3800 2778 Καθ’

2236 2812 2429 2866 ἑαυτὸν
2478 2814 2586 2884 γὰρ
2638 2813 2881 2878 ἀνείδεὸς
2923 2830 2983 2867 τε
3027 2817 3120 2869 καὶ
3168 2817 3645 2889 ἀχαρακτήριστος
3698 2815 3799 2880 πᾶς

2237 2905 2543 2973 καθέστηκε
2575 2905 2722 2969 νοῦς,
2755 2907 2969 2978 μορφὴν
3009 2907 3148 2977 ἔχων
3188 2908 3505 2978 ἐπίκτητον,
3540 2911 3572 2982 ῆ
3615 2909 3709 2980 τὴν
3739 2911 3797 2961 ἐκ

2235 2995 2345 3050 τῶν
2375 2997 2584 3067 ἀρετῶν
2624 2999 2940 3051 ὑποστᾶσαν
2984 3001 3042 3051 ὲν
3103 2999 3375 3070 πνεύματι
3402 3000 3623 3068 γνῶσιν,
3650 3000 3682 3071 ῆ
3707 3000 3797 3069 τὴν

2236 3089 2299 3140 ἐκ
2323 3087 2430 3141 τῶν
2469 3088 2657 3142 παθῶν
2691 3089 3188 3159 ἐπισυμὸαίνουσαν
3212 3090 3454 3159 ἄγνοιαν.

2308 3187 2378 3233 κ’.
2421 3182 2538 3244 Πᾶς
2587 3183 2616 3234 ὁ
2657 3184 2758 3253 τῆς
2809 3181 2961 3245 Θείας
3005 3182 3378 3246 ὲκπεπτωκὼς
3425 3183 3658 3250 ἀγάπης,
3708 3182 3797 3234 τὸν

2235 3273 2293 3325 ὲν
2320 3275 2387 3345 τῇ
2421 3274 2583 3343 σαρκὶ
2613 3274 2776 3343 νόμον
2813 3274 2926 3345 ἔχει
2959 3274 3047 3328 διὰ
3080 3275 3180 3344 τῆς
3207 3274 3402 3345 ἡδονῆς
3424 3274 3795 3346 βασιλεύοντα,

2233 3364 2325 3418 τὸν
2377 3366 2647 3437 μηδεμίαν
2696 3366 2845 3419 θείαν
2890 3365 3108 3436 ἐντολὴν
3170 3365 3402 3437 φυλάξαι
3449 3362 3800 3435 δυνάμενο-ιῆ

2238 3456 2583 3527 βουλόμενον.
2616 3457 2660 3509 Τ
2662 3457 2729 3527 ἧς
2762 3456 2870 3528 γὰρ
2905 3457 2963 3509 ἐν
2991 3456 3263 3525 πνεύματι
3298 3455 3430 3509 Θεοῦ
3462 3456 3581 3508 κατ’
3604 3455 3802 3524 ἀρετὴν

2234 3545 2623 3617 διεξαγομένης
2668 3544 2813 3615 ζωῆς
2849 3563 2908 3598 τε
2957 3545 3051 3600 καὶ
3103 3543 3401 3615 βασιλείας,
3453 3543 3804 3614 προτιμήσας

2234 3636 2334 3707 τὴν
2364 3636 2644 3706 φιλήδονον
2677 3635 2843 3705 ζωὴν,
2880 3635 2979 3707 τὴν
3011 3635 3239 3704 ἄγνοιαν
3280 3636 3398 3689 ἀντὶ
3428 3635 3524 3705 τῆς
3548 3632 3803 3701 γνώσεως

2235 3727 2414 3796 ἐαυτῷ
2444 3727 2815 3780 ἐπεσπάσατο.

2306 3818 2413 3873 κα’.
2466 3819 2523 3873 Ὀ
2568 3820 2642 3891 μὴ
2679 3819 2972 3873 διαϐαίνων
3007 3819 3149 3873 κατὰ
3178 3818 3301 3873 νοῦν
3355 3818 3493 3891 πρὸς
3526 3818 3627 3887 τὴν
3660 3817 3801 3870 ἔνδον

2235 3912 2292 3965 ὲν
2326 3910 2597 3981 πνεύματι
2638 3909 2731 3963 τοῦ
2782 3911 3010 3982 νομικοῦ
3052 3911 3382 3983 γράμματος
3419 3911 3571 3964 θείαν
3618 3908 3803 3976 εὐπρὲ-

2236 4018 2416 4064 πειαν,
2448 4002 2545 4070 τὴν
2574 4001 2673 4071 τῆς
2704 4002 2929 4073 γνώμης
2968 4002 3248 4074 φιλήδονον
3281 4002 3489 4073 σχέσιν,
3524 4003 3693 4073 ἤγουν
3714 3999 3804 4069 τὴν

2236 4094 2506 4165 κοσμικὴν
2556 4095 2936 4164 προσπάθειαν
2967 4095 3063 4148 καὶ
3092 4095 3453 4165 φιλοκοσμίαν
3479 4096 3677 4165 γεννᾷν
3710 4092 3802 4146 πέ-

2237 4202 2427 4255 φυκεν,
2461 4187 2524 4238 ἐκ
2555 4186 2654 4256 τῇς
2686 4186 2828 4240 κατὰ
2882 4187 3051 4257 μόνην
3100 4187 3196 4256 τὴν
3227 4188 3285 4240 ὲν
3329 4188 3476 4258 λόγῳ
3515 4186 3612 4239 τοῦ
3644 4185 3803 4255 νόμον

2237 4276 2524 4346 μαθήσεως
2553 4279 2853 4348 προφορὰν.

2305 4367 2412 4437 κβ’.
2438 4368 2709 4436 Αἰσχύνη
2743 4370 3041 4438 στόματός
3075 4369 3148 4440 (z)
3193 4370 3361 4435 ἐστιν,
3411 4371 3444 4439 ἡ
3497 4368 3646 4422 κατὰ
3691 4364 3803 4421 νοῦν

556 4452 696 4504 dana
727 4464 790 4504 ac
815 4463 1109 4518 corporum
1141 4464 1328 4504 amore
1368 4448 1662 4504 libidinosa
1713 4450 2016 4504 meditatio.
2064 4451 2125 4505 In

2233 4459 2558 4530 φιλόκοσμος
2587 4460 2784 4531 μελέτη
2813 4459 2920 4513 τῶν
2952 4461 3228 4531 λογισμῶν
3267 4461 3361 4514 καὶ
3409 4460 3802 4529 φιλοσώματος.

558 4555 667 4611 quo
724 4539 873 4594 enim
926 4553 993 4594 ex
1035 4540 1287 4595 elucentc
1338 4541 1395 4594 in
1441 4540 1578 4612 legis
1622 4541 1804 4596 littera
1858 4543 2128 4612 corporali

558 4630 961 4694 informatione,
976 4630 1277 4686 voluntatis
1306 4632 1619 4703 mentisque
1643 4633 1872 4689 libidine
1888 4635 2129 4691 mundus

557 4722 903 4794 progignltur
927 4716 1140 4793 (mundi
1175 4723 1387 4779 scilicet
1420 4739 1484 4779 ac
1513 4725 1697 4780 saeculi
1729 4741 1920 4781 amans
1954 4726 2124 4780 animi

555 4813 823 4885 affectio),
841 4814 898 4868 in
929 4813 1035 4869 hoc
1054 4813 1220 4870 etiam
1252 4816 1563 4885 voluptaria
1591 4815 1736 4871 inest
1762 4819 1945 4872 animo
1973 4819 2125 4890 cogi-

557 4906 825 4961 tationum
849 4904 1154 4961 meditatio.
1177 4905 1280 4961 Cui
1305 4906 1451 4960 enim
1478 4906 1554 4960 rei
1580 4906 1780 4961 affectu
1796 4907 2123 4978 addicimur,

554 5015 675 5054 eam
698 5014 917 5070 quoque
945 4991 1129 5054 animo
1161 4999 1501 5053 meditamur.
1596 5000 1599 5003 ’

621 5138 649 5183 ε.
671 5134 752 5189 cr.
789 5134 856 5189 ad
882 5134 1040 5191 Thal.
1070 5151 1126 5205 q.
1160 5135 1249 5188 65.

629 5250 699 5320 (π.)
738 5248 1006 5315 Alazon?
1054 5250 1374 5329 στόματος.
1429 5248 1714 5315 Expositio
1758 5258 1844 5303 est
1881 5250 2124 5304 nominis

556 5318 914 5391 Μεμφιὸοοθὲ
969 5319 1201 5391 alterius
1256 5319 1492 5391 [illorum
1524 5318 1706 5374 Saulis
1753 5335 1820 5391 ex
1862 5320 2120 5391 Rhespha

560 5387 786 5455 pellice;
819 5396 876 5441 ut
903 5396 984 5457 ﬁet
1026 5388 1282 5456 ἀνάθημα
1329 5388 1446 5456 (seu
1483 5391 1670 5456 potius
1722 5390 1970 5457 ἀνάθεμα
1994 5387 2028 5453 ,”
2070 5398 2129 5444 ιιι

560 5446 753 5524 quiest.
776 5446 999 5530 ’ἱμειᾜᾷ
1045 5446 1612 5530 εοτίῠ’ἰίψ·)“ιξιιεὲἰιιε,
1645 5474 1844 5528 nempe
1874 5446 2086 5530 Ἑρονθί
2110 5477 2122 5489 ·

557 5539 699 5600 quos
727 5527 1203 5600 amboAsAMaximus
1229 5526 1501 5583 illaudatze
1515 5529 1722 5584 sobolis
1739 5526 1867 5600 typo
1900 5526 2122 5599 accipit,

560 5593 765 5669 quippe
793 5609 858 5669 ex
882 5596 1169 5666 illegitimo
1197 5606 1484 5669 susceptos
1523 5593 1841 5654 connubi'o':
1874 5615 1975 5654 nec
2001 5593 2123 5654 r'aro

560 5663 876 5739 ἀναγωγίαν
902 5663 1250 5739 sensumque
1288 5663 1593 5739 spiritalem
1627 5669 1683 5739 in
1718 5670 1989 5739 ejusmodi
2018 5685 2119 5724 no-

2247 4553 2333 4604 Ἐν
2432 4552 2540 4623 γὰρ
2575 4553 2604 4605 ὁ
2635 4537 2835 4622 κόσμος
2859 4555 2922 4605 ὲκ
2946 4552 3045 4621 τῆς
3077 4553 3485 4623 ἐμφαινομένης
3521 4551 3603 4623 τῷ
3637 4551 3807 4623 γράμ-

2237 4658 2367 4710 ματι
2407 4642 2501 4694 τοῦ
2541 4641 2707 4711 νόμον
2749 4643 3072 4712 σωματικῆς
3121 4643 3491 4707 διαπλάσεως,
3534 4645 3683 4697 κατὰ
3716 4643 3804 4711 τὴν

2232 4731 2518 4803 γνωμικὴν
2566 4732 2749 4801 σχέσιν
2797 4718 3089 4800 γεννᾶσθαι
3121 4736 3366 4803 πέφυκεν
3391 4751 3404 4765 ’
3439 4735 3637 4804 ἤγουν,
3666 4737 3700 4805 ἠ
3723 4733 3804 4786 τὸν

2233 4824 2436 4894 κόσμον
2467 4823 2696 4893 φιλοῦσα
2725 4825 2988 4892 διάθεσις,
3020 4828 3113 4880 καὶ
3138 4829 3169 4895 ἡ
3201 4828 3345 4880 κατὰ
3373 4827 3500 4882 νοῦν
3531 4828 3805 4898 φιλήδονος

2236 4914 2434 4986 μελέτη
2470 4916 2578 4969 τῶν
2613 4915 2909 4988 λογισμῶν.
2953 4919 3094 4990 Πρὸς
3122 4918 3151 4971 ὃ
3181 4920 3285 4991 γὰρ
3316 4920 3587 4989 σχετικῶς
3611 4917 3807 4973 διακεί-

2235 5008 2393 5075 μεθα,
2428 5008 2564 5079 προς
2589 5013 2761 5063 ἐκεῖνο
2782 5013 2875 5064 καὶ
2902 5012 3044 5065 κατὰ
3066 5012 3188 5065 νοῦν
3218 5012 3445 5082 μελέτην
3468 5011 3805 5082 κεκτήμεθα,

2229 5249 2550 5324 methodum
2582 5254 2895 5324 exponendi
2925 5253 3245 5324 Scripturas
3288 5255 3343 5309 in
3372 5254 3458 5309 his
3491 5255 3630 5324 ipsis
3657 5255 3809 5324 Capi-

2230 5321 2778 5394 tibuscommendat.
2818 5324 2964 5377 Nihil
3000 5321 3069 5379 ad
3100 5341 3238 5387 rem,
3275 5325 3423 5394 quod
3459 5321 3647 5388 Picus,
3681 5321 3808 5381 illud

2230 5390 2468 5465 Λίτχῷνη
2510 5394 2815 5465 στόματος,
2872 5395 3015 5449 dictu
3076 5390 3319 5464 pudendi;
3346 5437 3360 5457 ,
3402 5396 3544 5448 dicm
3597 5398 3809 5465 infamis

2228 5461 2442 5535 reddit,
2476 5477 2550 5535 ac
2584 5462 2630 5535 si
2676 5475 2826 5517 esset
2880 5461 3164 5535 sequentis
3221 5468 3414 5529 vocis,
3454 5461 3667 5535 μελέτή
3727 5465 3807 5518 vel

2225 5533 2442 5604 κίνησις
2464 5532 2773 5600 epithetum
2799 5551 2812 5586 :
2848 5535 2908 5586 τὸ
2930 5532 3186 5604 ἀνάθημα
3218 5551 3329 5589 non
3367 5532 3588 5600 habuit,
3616 5532 3809 5590 mutilo

2223 5601 2328 5670 ipsi
2368 5610 2520 5656 textu
2548 5619 2559 5654 :
2598 5618 2795 5687 ac‘lnec
2825 5604 2979 5687 forte
3008 5601 3171 5687 nobis
3216 5606 3445 5687 omnino
3478 5607 3700 5687 integer
3728 5621 3810 5687 re:

2219 5681 2611 5747 praesentati".
2645 5674 2805 5737 Plura
2837 5674 2890 5728 in
2923 5675 3013 5729 illa
3053 5672 3254 5739 Quaest.
3305 5675 3362 5730 in
3413 5683 3571 5732 textu
3602 5672 3723 5747 ipso
3753 5681 3805 5728 ct

560 5733 774 5789 minam
817 5731 1214 5791 Hebraicoruin
1255 5731 1583 5809 etymologia
1620 5731 1840 5804 fundat;
1870 5756 2032 5810 quam
2064 5751 2119 5796 et
2217 5731 2276 5795 in
2308 5742 2565 5797 Scholiis.
