4110 6318
394 381 527 456 1357

1070 391 1401 454 CAPITUM
1442 382 1866 461 QUINQUIES
1904 373 2425 449 CENTENORUM
2465 380 2853 449 CENTURIA
2887 384 2954 447 V.

3490 377 3625 447 1333

455 503 563 574 κγ’.
595 503 665 557 Ἦ
700 502 860 558 πάλιν
890 502 1153 572 αισχύνη
1208 500 1505 572 στόματός
1553 501 1722 565 ἐστιν,
1765 499 1799 556 ἡ
1848 498 1961 560 τοῖς

2133 501 2224 556 25.
2246 501 2356 556 A'ut
2383 515 2580 557 rursus
2610 502 2717 555 oris
2750 499 3007 570 confusio,
3046 500 3249 555 mentis
3270 498 3495 571 agitatio
3519 508 3624 565 est,

389 596 618 649 πάθεσιν
667 592 807 657 εἶδος
856 593 1160 662 ἐπάγουσα,
1209 593 1297 649 καὶ
1340 593 1402 646 τὸ
1443 591 1566 646 καθ’
1598 590 1793 661 ἡδονὴν
1823 587 1960 658 πρὸς

386 686 642 756 αἴσθησιν
695 685 1093 740 διαπλάττουσα
1154 684 1369 750 κάλλος,
1424 682 1519 735 τοῦ
1573 679 1668 736 νοῦ
1723 679 1956 750 κίνησις.

387 777 570 847 Χωρὶς
614 777 721 847 γὰρ
758 777 856 846 τῆς
908 776 1050 829 κατὰ
1100 774 1222 828 νοῦν
1267 775 1616 846 ὲπινοητικῆς
1655 771 1957 841 δυνάμεως,

389 866 528 936 πρὸς
582 866 867 920 διάπλασιν
924 867 1154 938 μορφῆς,
1213 864 1462 935 οὐδαμῶς
1514 863 1689 927 πάθος
1745 863 1957 931 ἄγεται.

391 958 462 1010 Ἣ
501 957 779 1027 ἀνάθημά
814 960 948 1024 ἐστι,
979 954 1128 1029 καὶὴ
1164 951 1429 1025 πρόσυλος
1466 957 1560 1010 καὶ
1585 955 1825 1035 ἀκαλλῂς
1852 955 1960 1008 τῶν

389 1049 578 1102 παθῶν
609 1036 704 1102 καὶ
745 1048 933 1102 άδιατύ
946 1066 1118 1112 πωτος
1149 1049 1364 1118 κίνησις
1387 1064 1401 1077 ο
1434 1047 1699 1115 αἰσχύνη
1729 1046 1786 1100 δὲ
1815 1047 1959 1100 στό-

384 1152 591 1210 ματος,
640 1142 675 1212 ἡ
721 1139 782 1193 τὸ
828 1139 998 1203 πάθος
1035 1136 1375 1192 εἰδοποιοῢσα
1409 1139 1546 1211 πρὸς
1587 1137 1839 1209 αἴσθησιν
1864 1135 1959 1191 τοῦ

387 1230 480 1285 νοῦ
510 1232 745 1302 κίνησις,
788 1231 884 1285 καὶ
913 1233 1033 1295 ταῖς
1079 1231 1344 1294 ἐπινοίαις
1398 1227 1531 1301 ὓλην
1580 1229 1837 1300 ἁρμόδιον
1883 1227 1962 1300 τῷ

388 1321 551 1374 πάθει
581 1321 897 1392 πορίζουσα.
1684 1316 1687 1317 ⁷

1773 1368 1814 1391 φ

461 1492 557 1547 κδ’.
604 1494 661 1546 '0
688 1493 777 1547 διὰ
802 1491 1010 1564 τρυφὴν
1045 1492 1366 1563 σωματικὴν
1394 1492 1491 1545 καὶ
1522 1493 1829 1547 ἀνάπαυσιν
1861 1492 1962 1558 τὰς

390 1586 580 1650 θυσίας
616 1585 708 1639 καὶ
739 1585 838 1647 τὰς
871 1584 1082 1656 ἑορτὰς,
1109 1583 1178 1637 τά
1206 1600 1265 1636 τε
1307 1582 1562 1637 Σάϐϐατα
1593 1583 1687 1636 καὶ
1718 1583 1816 1646 τὰς
1842 1599 1960 1635 νεο-

396 1677 597 1747 μηνίας
640 1675 784 1729 κατὰ
821 1673 913 1727 τὸν
951 1674 1116 1744 νόμον
1158 1674 1248 1727 τὸν
1290 1672 1422 1727 Θεὸν
1469 1673 1841 1744 διατεταχέναι
1875 1687 1962 1727 πιο

392 1769 616 1835 στεύων,
649 1766 829 1837 πάντη
874 1783 937 1820 τε
979 1768 1076 1820 καὶ
1112 1766 1350 1832 πάντως,
1380 1766 1485 1820 ὑπὸ
1518 1768 1617 1837 τὴν
1658 1767 1847 1838 ὲνοχὴν
1871 1784 1962 1836 γε·

2060 606 2182 660 quae
2208 591 2500 646 aliectibus
2545 591 2787 661 speciem
2832 590 3065 655 inducit,
3099 602 3275 659 exque
3316 606 3512 646 sensus
3542 607 3628 646 ra“

2064 682 2211 737 tione
2261 683 2619 739 libidinosam
2680 676 3155 753 pulchritudinem
3208 681 3434 752 effingit.
3479 682 3626 738 Citra

2060 773 2209 829 enim
2237 774 2641 844 excogitantem
2683 789 2747 830 ac
2772 773 3135 828 inventricem
3168 775 3371 829 mentis
3397 775 3630 829 facultas

2061 871 2172 919 tem
2206 864 2273 919 ad
2328 864 2560 919 formam
2605 864 3003 936 eilingendam,
3057 864 3290 920 affectus
3344 880 3409 920 ac
3444 866 3630 936 passio

2061 965 2171 1009 non
2201 954 2472 1025 procedit.
2501 956 2598 1011 Vel
2643 956 2810 1011 etiam
2839 959 3127 1010 anathema
3170 964 3285 1022 est,
3331 965 3553 1012 terrena
3575 965 3632 1013 et

2063 1044 2354 1099 invenusta
2408 1044 2774 1114 informisque
2839 1046 3317 1115 perturbationum
3377 1060 3442 1101 ac
3496 1044 3634 1101 aﬂ‘ea

2061 1142 2249 1190 ctuum
2290 1135 2573 1190 incitatio:
2593 1137 2699 1189 oris
2724 1151 2857 1191 vero
2890 1136 3126 1206 confusio
3148 1189 3160 1202 ,
3188 1148 3309 1206 quae
3337 1151 3405 1190 cx
3436 1145 3632 1191 sensus

2062 1226 2274 1282 ratione
2308 1226 2564 1283 allectum
2587 1228 2767 1298 Specie
2802 1228 3019 1293 format,
3056 1228 3463 1298 subtilibusque
3482 1243 3633 1282 coms

2056 1318 2261 1373 mentis
2280 1327 2462 1387 aptam
2483 1317 2702 1373 affectui
2724 1333 2821 1373 seu
2843 1318 3085 1389 passioni
3108 1320 3394 1374 materiam
3417 1319 3627 1383 tribuit.

2062 1411 2265 1465 mentis
2287 1410 2543 1482 agitatio.
3222 1450 3227 1453 -

2132 1501 2221 1556 ἰαί.
2252 1502 2357 1570 Qui
2410 1501 2650 1559 carnalis
2681 1504 2981 1572 voluptatis
3019 1504 3376 1574 fruendaeque
3428 1504 3633 1574 quietis

2062 1607 2250 1656 causa,
2280 1592 2604 1663 pmcepisse
2631 1594 2803 1649 Deum
2827 1594 3221 1661 sacrificiorum
3254 1593 3632 1663 festorumque

2062 1682 2326 1753 legitima,
2366 1682 2712 1755 Sabbataque
2749 1692 2806 1740 et
2841 1685 3158 1740 neomenias
3188 1684 3492 1740 instituisse
3515 1684 3635 1738 cxi-

2067 1767 2280 1838 stimat,
2336 1774 2561 1829 omnino
2624 1788 2962 1846 prorsusque
3030 1775 3320 1830 affectibus
3376 1775 3635 1845 vitiisque

389 1860 611 1930 νήσεται
638 1858 737 1927 τῆς
766 1856 875 1917 τῶν
900 1856 1091 1911 παθῶν
1114 1857 1414 1927 ἐνεργείας,
1444 1857 1537 1911 καὶ
1569 1858 1667 1928 τὴν
1696 1857 1956 1929 αἰσχύνην

2074 1864 2347 1920 obnoxius
2390 1865 2528 1933 erit;
2572 1844 2924 1938 turpiumque
2980 1867 3107 1922 inde
3144 1844 3634 1936 cogitationumiao

388 1950 487 2021 τῆς
519 1949 627 2003 τῶν
657 1949 744 2003 ἐπ’
788 1949 976 2013 αὑταῖς
1028 1946 1268 2019 αἰσχρῶν
1312 1949 1594 2019 λογισμῶν
1646 1949 1958 2021 ρυπαρίαςο

389 2041 495 2094 ὑπό
540 2058 598 2094 τε
650 2040 742 2093 τὸν
800 2039 1153 2111 φθειρόμενον
1202 2039 1356 2094 ἔσται
1393 2040 1616 2110 κόσμον,
1643 2041 1738 2094 καὶ
1769 2040 1871 2111 τὴν
1904 2041 1961 2093 ἐν

390 2131 668 2202 λογισμοῖς
695 2128 1070 2200 φιλοσώματον
1110 2129 1339 2201 μελέτην
1363 2147 1378 2162 ’
1429 2130 1535 2184 ὑπό
1579 2148 1639 2184 τε
1689 2131 1787 2203 τὴν
1830 2130 1962 2199 ὕλην

388 2221 512 2278 τῶν,
530 2221 717 2276 παθῶν
747 2222 920 2277 καὶτὸ
948 2220 1106 2288 εἶδος,
1142 2221 1311 2293 μηδὲν
1344 2221 1473 2277 ἄλλο
1507 2221 1646 2294 πλὴν
1673 2222 1775 2276 τῶι
1807 2222 1962 2293 φθει-

393 2314 633 2385 ρομένων
668 2313 849 2383 τίμιον
869 2313 1012 2383 ἔχειν
1026 2313 1356 2384 δυνάμενος.

461 2532 558 2582 κε’.
610 2525 669 2580 '0
696 2525 937 2589 πεισθεὶς
967 2520 1116 2577 θείαν
1147 2518 1285 2579 εἶναι
1316 2523 1581 2595 διαταγὴν
1608 2522 1671 2578 τὸ
1713 2537 1956 2594 σωματι-

393 2618 502 2681 κῶς
539 2618 680 2671 κατά
730 2617 891 2686 νόμον
944 2618 1179 2687 τρυφᾷν,
1236 2616 1334 2686 τὴν
1386 2615 1833 2688 γαστριμαργίαν
1886 2613 1963 2678 ὡς

392 2708 527 2763 Θεοῦ
575 2708 746 2779 δῶρον
784 2706 1051 2777 λαμϐάνει
1089 2706 1224 2777 πρὸς
1254 2706 1557 2776 συμϐίωσιν
1594 2704 1735 2777 μετὰ
1764 2705 1958 2776 χαρᾶς,

393 2798 453 2865 ἐξ
478 2794 545 2870 ἧς
598 2792 763 2868 γεννᾷ
810 2797 936 2859 τοὺς
979 2793 1302 2865 μολύνοντας
1351 2794 1418 2867 τῇ
1462 2796 1809 2867 παραχρήσει
1862 2795 1962 2865 τὴν

393 2888 672 2959 ἐνέργειαν
692 2887 799 2942 τῶν
825 2886 1129 2956 αἰσθήσεων
1160 2887 1416 2958 τρόπους.

461 3091 576 3151 κς’.
636 3082 883 3137 Ἐπειδὰν
913 3083 973 3136 τὸ
1010 3084 1339 3154 θεωρητικὸν
1374 3087 1469 3155 τῆς
1494 3081 1675 3154 ψυχῆς
1699 3083 1797 3155 τὴν
1827 3100 1960 3156 τρυ-

2068 1956 2343 2011 rationum
2393 1957 2629 2027 ptedoris
2671 1959 2876 2028 probro
2925 1974 2991 2013 ac
3033 1957 3341 2013 confusioni
3379 1974 3393 2010 :
3428 1957 3634 2012 mundo

2067 2044 2199 2101 item
2233 2047 2327 2116 qui
2364 2049 2758 2118 corrumpitur,
2791 2058 2847 2104 et
2872 2049 3182 2105 libidinosa:
3210 2049 3378 2118 inque
3402 2060 3635 2119 corpora

2066 2136 2255 2192 eti'usze
2289 2137 2682 2209 cogitationum
2726 2139 3101 2206 meditationi;
3142 2155 3207 2195 ac
3245 2148 3523 2210 postremo
3549 2140 3637 2193 vi-

2068 2228 2273 2284 tiorum
2304 2230 2713 2301 affectuumque
2742 2240 2856 2286 tum
2883 2230 3129 2287 materia:
3155 2244 3271 2286 tum
3295 2231 3513 2296 formae;
3543 2224 3638 2300 qui

2069 2330 2270 2391 praeter
2304 2337 2368 2376 ea
2392 2338 2513 2393 quae
2549 2323 2904 2394 corruptione
2932 2323 3234 2389 intereunt,
3257 2323 3396 2378 nihil
3424 2324 3482 2378 in
3513 2338 3640 2393 pre-

2071 2408 2149 2466 tio
2169 2412 2372 2468 habere
2397 2412 2591 2482 possit.

2136 2518 2227 2580 25.
2253 2522 2355 2580 Cui
2386 2533 2537 2582 certo
2560 2516 2879 2596 persuasum
2910 2524 3003 2590 sit,
3040 2519 3291 2581 divinum
3322 2539 3447 2581 esse
3487 2538 3637 2579 mana

2067 2614 2258 2671 datum
2310 2618 2693 2693 corporalibus
2749 2619 3056 2675 secundum
3111 2620 3285 2690 legem
3350 2620 3637 2689 indulgere

2068 2703 2306 2770 deliciis,
2334 2714 2594 2777 tanquam
2637 2709 2734 2764 Dei
2780 2709 2988 2764 donum
3023 2725 3145 2764 cum
3184 2709 3385 2781 gaudio
3427 2708 3638 2763 ventris

2070 2794 2368 2866 ingluviem
2391 2796 2447 2849 in
2468 2798 2669 2852 sociam
2699 2799 2823 2854 vitae
2856 2798 3123 2855 rationem
3157 2801 3406 2865 assumit,
3431 2814 3496 2853 cx
3529 2809 3636 2868 qua

2068 2885 2262 2942 modos
2294 2904 2588 2959 moresque
2622 2905 2722 2960 per
2764 2890 2996 2946 abusum
3021 2932 3035 2954 ,
3068 2906 3328 2946 sensuum
3357 2890 3635 2960 operatio‘

2067 2994 2194 3034 nem
2227 2981 2578 3050 inquinantes
2599 2981 2792 3053 gignit.

2135 3094 2226 3150 26.
2255 3094 2392 3150 Cum
2415 3095 2585 3150 animi
2614 3095 2698 3150 vis
2720 3098 3123 3165 contemplandi
3155 3098 3353 3159 solers,
3380 3097 3637 3164 voluptao

393 3175 500 3247 ψὴν
542 3175 680 3228 κατὰ
721 3173 811 3226 τὸν
845 3174 902 3225 ὲν
938 3174 1227 3243 γράμματι
1258 3173 1419 3242 νόμον
1445 3174 1519 3236 ὡς
1559 3174 1709 3227 θείαν
1745 3172 1833 3227 διὰ
1862 3175 1961 3244 τὴν

2068 3191 2177 3239 tem
2207 3200 2277 3240 ex
2298 3184 2436 3255 legis
2459 3185 2644 3239 littera
2669 3193 2928 3254 tanQuam
2961 3184 3201 3239 divinam
3226 3193 3458 3254 prouter
3484 3200 3635 3239 man‘

318 3290 323 3296 ·
394 3264 612 3331 ἐντολὴν
644 3264 956 3334 ἀσπάσηται
993 3264 1127 3334 πρὸς
1166 3264 1485 3334 συμϐίωσιν,
1514 3265 1613 3333 τὴν
1642 3263 1749 3317 τῶν
1772 3263 1963 3332 αἰσθή-

395 3374 535 3411 σεων
562 3357 711 3428 παρὰ
745 3355 905 3427 φύσιν
937 3356 1254 3428 μετέρχεται
1281 3356 1497 3426 χρῆσιν,
1530 3356 1800 3426 μηδεμιᾶς
1837 3371 1965 3423 συγ-

394 3446 609 3519 χωροῦν
661 3448 803 3501 κατὰ
851 3446 1013 3515 φύσιν
1064 3446 1445 3515 διαφαίνεσθαι
1481 3444 1578 3515 τὴν
1627 3446 1823 3516 χρῆσιν
1860 3445 1960 3515 τῆς

398 3538 697 3610 ἐνεργείας.
731 3538 898 3609 Γεννᾷ
929 3537 1039 3608 γὰρ
1075 3538 1176 3607 τήν
1220 3553 1281 3589 τε
1322 3536 1432 3590 τῶν
1483 3535 1672 3590 παθῶν
1708 3536 1821 3602 ἕξιν
1870 3537 1963 3589 καὶ

392 3629 492 3699 τὴν
512 3616 815 3701 ἐνέργειαν,
836 3628 928 3682 καὶ
950 3629 1024 3691 ὡς
1051 3626 1201 3681 θείαν
1226 3625 1574 3689 είσοικίξεται
1603 3626 1703 3696 τὴν
1736 3643 1962 3696 γαστρι-

397 3720 657 3791 μαργίαν,
711 3719 848 3791 πρὸς
884 3719 1098 3787 γένεσιν
1137 3717 1245 3769 τῶν
1280 3717 1650 3787 ρυπαινόντων
1691 3719 1757 3786 τῇ
1784 3732 1965 3786 παρα-

392 3814 585 3883 χρήσει
622 3810 719 3875 τὰς
770 3810 1047 3881 αἰσθήσεις
1084 3809 1320 3880 τρόπων,
1360 3808 1440 3872 είς
1469 3807 1747 3878 ἀναίρεσιν
1771 3806 1879 3859 τῶν
1905 3807 1964 3859 ἐν

395 3904 504 3966 τοῖς
531 3899 648 3957 οὖσι
676 3901 917 3971 φυσικῶν
942 3901 1114 3969 λόγων
1133 3916 1192 3952 τε
1214 3899 1308 3952 καὶ
1330 3898 1680 3969 σπερμάτων.
1822 3886 1827 3891 λ

463 4013 567 4077 κζ’.
619 4013 804 4077 Οὐδεὶς
859 4012 995 4084 μόνῃ
1044 4011 1395 4083 προσανέχων
1429 4011 1496 4080 τῇ
1533 4011 1816 4081 σωματικῇ
1869 4007 1963 4062 τοῦ

394 4105 560 4175 νόμου
592 4103 834 4176 λατρεία,
867 4103 1095 4174 φυσικὸν
1129 4102 1455 4173 τοπαράπαν
1487 4101 1688 4155 δύναιτ’
1738 4100 1807 4155 ἃν
1856 4116 1963 4152 πα-

398 4196 717 4270 ραδέξασθαι
747 4197 903 4265 λόγον
921 4197 966 4269 ,ἢ
1002 4195 1280 4265 λογισμὸν,
1307 4195 1389 4248 ὅτι
1419 4194 1553 4265 μηδὲ
1581 4194 1794 4263 πέφυκε
1828 4208 1961 4246 ταυ-

394 4294 485 4348 τδν
510 4290 649 4359 εἶναι
690 4296 757 4363 τῇ
788 4293 946 4362 φύσει
969 4291 1040 4345 τὰ
1066 4290 1329 4362 σύμϐολα.
1367 4290 1424 4343 '0
1451 4291 1559 4362 γὰρ
1596 4289 1707 4351 τοῖς
1764 4287 1966 4358 συμϐό-

397 4385 507 4448 λοις
546 4386 896 4457 ὲναπομένων
937 4381 1032 4437 τοῦ
1063 4383 1250 4453 νόμου,
1283 4383 1344 4435 οὐ
1374 4380 1596 4435 δύναται
1639 4379 1781 4433 κατὰ
1807 4377 1963 4446 λόγον

2066 3277 2256 3332 datum
2285 3276 2341 3330 in
2374 3276 2581 3331 sociam
2609 3277 2736 3331 vitae
2774 3277 3044 3331 rationem
3073 3275 3319 3345 proclive
3354 3275 3632 3339 asciverit,

2064 3364 2432 3420 innaturalem
2484 3379 2748 3420 sensuum
2800 3378 2963 3420 usum
2999 3365 3165 3431 colit,
3222 3365 3361 3420 nihil
3417 3366 3633 3436 reipsa,

2063 3455 2335 3526 quidquid
2364 3465 2547 3527 agant,
2579 3471 2648 3511 ex
2694 3453 2905 3511 natura:
2946 3456 3259 3512 rationibus
3302 3457 3523 3513 elucere
3557 3457 3635 3512 sio

2063 3561 2222 3601 nens.
2256 3546 2442 3616 Gignit
2462 3545 2608 3600 enim
2628 3545 2888 3600 vitiorum
2912 3561 2978 3600 ac
3010 3545 3485 3615 perturbationum
3509 3563 3634 3603 cum

2065 3637 2314 3692 habitum
2341 3645 2457 3691 tum
2489 3644 2705 3703 actum;
2753 3652 2818 3691 ac
2860 3630 3015 3692 velut
3062 3637 3306 3692 divinam
3333 3678 3349 3705 ,
3389 3640 3630 3711 conjugii

2058 3731 2184 3797 iure
2218 3729 2399 3800 gulam
2424 3728 2598 3792 ducit,
2635 3728 2781 3782 unde
2812 3743 2995 3783 mores
3021 3729 3325 3798 modosque
3366 3731 3631 3801 suscipiat

2064 3836 2163 3890 per
2189 3820 2423 3874 abusum
2462 3833 2658 3874 sensus
2688 3817 3017 3887 polluentes,
3046 3820 3212 3891 316
3250 3835 3485 3890 quorum
3510 3822 3634 3879 labe

2065 3910 2343 3966 naturales
2381 3909 2439 3964 in
2469 3910 2635 3965 rebus
2679 3909 2923 3965 rationes
2961 3911 3281 3981 seminaque
3325 3909 3631 3967 interimat.

2133 4026 2222 4081 27.
2267 4024 2371 4092 Qui
2394 4025 2501 4080 soli
2525 4024 2798 4095 corporali
2821 4024 2957 4095 legis
2980 4025 3152 4081 cultui
3191 4024 3436 4081 animum
3474 4027 3635 4081 adbi—

2063 4118 2178 4182 bet,
2210 4117 2517 4172 naturalem
2541 4116 2768 4171 omnino
2800 4117 3077 4181 rationem.
3108 4125 3204 4171 aut
3246 4119 3635 4186 cogitationem

2065 4223 2398 4277 sensumque
2428 4207 2597 4263 animi
2621 4217 2682 4261 ut
2704 4208 2954 4278 recipiat,
2982 4208 3101 4263 lien
3135 4224 3244 4263 non
3272 4218 3485 4279 potest;
3509 4228 3636 4267 cum

2064 4312 2245 4366 neque
2289 4306 2661 4366 comparatum
2699 4297 2790 4364 sit,
2817 4305 2875 4350 ut
2899 4296 3143 4368 symbola
3188 4298 3423 4368 iclipsum
3447 4316 3513 4355 ac
3541 4316 3637 4357 na-

2066 4395 2188 4441 tura
2218 4386 2348 4442 sint.
2388 4385 2493 4453 Qui
2521 4385 2669 4440 enim
2698 4386 2837 4456 legis
2872 4386 3134 4458 symbolis
3169 4387 3514 4454 immoratur,
3551 4404 3637 4442 το-

395 4481 494 4549 τὴν
520 4479 628 4532 τῶν
656 4478 824 4531 ὄντων
849 4477 1010 4547 φύσιν
1033 4477 1188 4547 όρᾷν,
1219 4475 1314 4528 καὶ
1341 4476 1466 4536 τοὺς
1486 4472 1741 4536 τεθέντας
1766 4471 1963 4524 οὺσιω-

2069 4493 2192 4532 rum
2225 4485 2502 4541 naturam,
2534 4476 2609 4531 ita
2647 4487 2709 4531 ut
2749 4476 2961 4531 ratione
2993 4485 3372 4547 comparatum
3398 4486 3500 4542 est,
3546 4479 3634 4533 lu-

395 4570 500 4632 δῶς
526 4569 630 4622 ὑπὸ
654 4568 749 4621 τοῦ
770 4566 1106 4639 δημιουργοῦ
1127 4567 1242 4629 τοῖς
1266 4561 1384 4619 οὖσι
1437 4564 1627 4632 λόγους
1667 4562 1966 4633 περιποιεῖ-

400 4660 543 4724 σθαι,
564 4662 653 4715 διὰ
672 4661 732 4714 τὺ
750 4660 858 4714 τῶν
879 4659 1156 4723 συμϐόλων
1184 4660 1319 4728 πρὸς
1349 4656 1447 4728 τὴν
1478 4655 1588 4709 τῶν
1612 4655 1777 4707 ὄντων
1807 4653 1964 4723 φύσιν

395 4753 667 4824 διάφορον.

467 4873 570 4936 κη’.
634 4865 692 4918 'U
733 4865 865 4917 Θεὸν
905 4864 1001 4934 τὴν
1051 4862 1255 4917 κοιλίαν
1282 4861 1603 4933 ἡγούμενος,
1634 4858 1836 4919 καὶοὼς
1875 4858 1964 4911 ἐπὶ

396 4957 522 5030 δόξῃ
570 4960 636 5029 τῇ
687 4956 915 5028 αἰσχύνῃ
963 4954 1447 5025 καλλωπιζόμενος,
1514 4952 1686 5021 μόνων
1725 4945 1860 5003 οἶδεν
1892 4948 1967 5010 ὡς

397 5049 555 5101 θείων
590 5048 909 5119 ἀντέχεσθαι
949 5048 1036 5101 διὰ
1083 5046 1321 5116 σπουδῆς
1364 5044 1473 5098 τῶν
1505 5042 1691 5096 παθῶν
1718 5043 1816 5112 τῆς
1846 5043 1964 5095 άτι-

398 5139 565 5207 μίας·
615 5139 711 5193 καὶ
758 5138 848 5193 διὰ
897 5137 1057 5191 τοῦτο
1097 5138 1238 5208 μόνα
1291 5134 1546 5206 περιέπει
1596 5133 1666 5211 τά
1716 5131 1962 5205 χρονικὰ,

395 5230 641 5285 τουτέστι
671 5232 769 5302 τὴν
800 5231 932 5303 ὓλην
969 5230 1064 5285 καὶ
1093 5229 1155 5283 τὸ
1184 5225 1344 5294 εἶδος,
1376 5227 1471 5280 καὶ
1493 5226 1591 5298 τὴν
1619 5225 1761 5281 κατὰ
1786 5241 1859 5278 πα
1869 5223 1965 5296 ρά-

394 5333 589 5388 χρησιν
643 5319 956 5390 πενταπλῆν
1013 5315 1291 5388 ἐνέργειαν
1324 5313 1456 5369 ,τῶν
1510 5313 1832 5384 αίσθήσεων.
1886 5313 1965 5384 Τῇ

397 5406 504 5477 γάρ
553 5408 660 5480 ,ὕλῃ
703 5411 799 5463 καὶ
844 5409 922 5479 τῷ
966 5408 1100 5462 εῖδει
1157 5405 1541 5476 συμπλακείσα
1583 5404 1724 5458 κατὰ
1753 5403 1899 5475 μίξιν
1930 5405 1966 5474 ἡ

395 5497 671 5564 αἴσθησις,
711 5500 990 5553 ἀποτελεῖν
1039 5500 1135 5571 μὲν
1182 5497 1373 5561 πάθος,
1403 5496 1741 5551 ἀπεκτείνειν
1778 5496 1832 5549 δὲ
1873 5493 1967 5548 καὶ

397 5589 636 5656 ἀναιρεῖν
661 5590 784 5652 τοὺς
811 5591 948 5644 κατὰ
971 5589 1134 5659 φύσιν
1158 5591 1369 5658 πέφυκε
1404 5588 1615 5656 λόγους.
1651 5587 1826 5651 Πάθος
1859 5588 1967 5659 γὰρ

398 5679 488 5730 καὶ
534 5677 696 5745 φύσις
734 5680 873 5732 κατὰ
909 5682 999 5734 τὸν
1038 5680 1131 5734 τοῦ
1178 5676 1319 5734 εἶναι
1372 5678 1550 5746 λόγον,
1589 5677 1837 5747 οὐδαμῶς
1870 5678 1966 5732 άλ-

395 5768 573 5838 λῄὶοις
609 5770 1061 5854 συνυπάρχουσιν.
1099 5771 1173 5826 Οὐ
1224 5771 1334 5841 γὰρ
1393 5771 1599 5840 πέφυκε
1650 5769 1809 5825 πάθει
1841 5753 2001 5826 em-"

2068 4578 2246 4625 strare
2283 4584 2392 4623 non
2434 4559 2632 4639 potest,
2656 4583 2761 4623 nec
2794 4568 3163 4635 essentiaiiter
3191 4585 3220 4623 a
3254 4568 3514 4625 Creatorc
3555 4571 3638 4625 in-

2067 4660 2213 4715 ditas
2251 4660 2421 4716 rebus
2453 4659 2695 4715 rationes
2723 4659 3018 4723 asciscere,
3067 4660 3138 4714 ob
3163 4662 3459 4717 discrimen
3489 4663 3636 4732 quod

2068 4751 2212 4806 inter
2241 4750 2484 4822 symbola
2516 4765 2810 4821 rerumque
2833 4760 3087 4805 naturam
3121 4762 3224 4806 est.

2137 4861 2224 4917 28.
2251 4862 2354 4929 Qui
2377 4872 2624 4919 ventrem
2642 4864 2813 4921 Deum
2851 4878 2972 4920 cssc
3003 4864 3299 4919 existimat.
3341 4879 3405 4919 ac
3439 4864 3634 4920 coufu.

2068 4954 2222 5009 sione
2249 4954 2567 5024 probmqu:
2594 4955 2864 5027 gloriatur
2888 4962 2950 5009 ut
2974 4951 3264 5025 magnifico
3296 4954 3483 5025 εισι-ἰαὶ
3507 4955 3637 5009 ιίωι

2068 5045 2141 5110 lo,
2192 5047 2340 5100 solos
2386 5044 2540 5099 novit
2585 5053 2846 5115 tanquam
2898 5044 3117 5099 divinos
3161 5046 3307 5100 serio
3346 5044 3635 5115 complecti

2068 5135 2520 5206 probrosissimos
2541 5134 2772 5190 affectus
2792 5135 3036 5206 vitiaque
3070 5156 3082 5190 :
3107 5137 3343 5206 hincque
3371 5136 3511 5191 adeo
3528 5147 3633 5202 est,

2070 5241 2129 5282 ut
2158 5229 2272 5284 sola
2305 5237 2463 5283 curet
2494 5227 2749 5298 colatque
2770 5234 3173 5297 temporanca;
3209 5228 3492 5287 materiam
3526 5230 3636 5283 scin

2068 5317 2198 5373 licet
2225 5323 2284 5371 et
2335 5315 2607 5397 formam,
2651 5322 2854 5384 etquae
2895 5313 3069 5370 abusu
3103 5320 3337 5379 constat,
3389 5313 3637 5383 quinque

2068 5407 2322 5478 partibus
2369 5406 2603 5461 divisam
2650 5419 2913 5461 sensuum
2964 5405 3367 5474 operationem.
3436 5403 3638 5459 Sensui

2066 5499 2216 5553 enim
2242 5495 2485 5552 materia:
2507 5496 2806 5566 formaeque
2839 5495 3172 5563 complicato
3213 5507 3376 5564 atque
3402 5495 3635 5550 commi-

2069 5600 2154 5646 sto
2185 5596 2569 5658 comparatum
2598 5598 2684 5642 est
2707 5626 2722 5649 ,
2760 5595 2820 5641 ut
2859 5585 3107 5641 libidinis
3139 5584 3371 5654 vitiique
3411 5597 3634 5656 parens,

2067 5680 2347 5737 naturales
2376 5679 2621 5734 rationes
2650 5679 2899 5734 sublatas
2936 5676 3070 5732 velit
3103 5691 3166 5732 ac
3196 5675 3499 5731 interimat.
3530 5672 3635 5727 νίς-

2073 5772 2211 5827 tium
2239 5771 2421 5838 enim,
2466 5785 2561 5827 seu
2595 5770 2769 5827 libido
2814 5777 2870 5825 et
2911 5769 3256 5839 perturbatio
3277 5809 3291 5833 ,
3326 5777 3634 5833 naturaque
