4110 6318
568 398 706 466 1359
1726 399 1785 459 s.
1826 356 2113 459 MAXIMI
2149 399 2657 462 CONFESSORIS
3676 410 3777 476 1.350

562 516 783 572 essentia
849 513 1058 567 ratione
1091 525 1201 567 non
1244 526 1350 563 una
1415 526 1604 570 secum
1661 512 1956 575 exsistunt.
2012 511 2131 565 Non

2239 515 2599 583 εμφαίνεσθαι
2665 516 2995 586 τοπαράπαν
3020 516 3238 584 φύσεως
3266 518 3444 588 λόγος,
3478 519 3665 593 ὥσπερ
3685 525 3781 579 olm

560 607 708 663 enim
734 607 959 662 omnino
995 611 1370 672 comparatum
1424 612 1529 667 est,
1566 614 1627 658 ut
1662 619 1778 669 una
1824 619 1950 657 cum
1985 603 2123 657 vitio

2239 605 2394 672 φύσει
2419 607 2906 661 συναποτίκτεσθαι
2940 608 3081 662 κατά
3106 609 3319 678 γένεσιν
3343 612 3531 679 πάθος.

560 703 869 769 aﬂ‘ectuque
922 707 979 753 et
1020 696 1276 761 libidine,
1341 706 1553 757 naturae
1605 696 1747 755 ratio
1807 697 2042 762 eluceat,
2099 705 2195 761 ut,
2252 714 2430 769 neque
2476 717 2581 756 una
2613 715 2738 758 cum
2768 709 2962 755 natura
2994 702 3192 757 vitium
3250 680 3582 776 labesqucet
3634 710 3785 778 passio

560 790 830 862 originem
868 788 1090 844 habeat.
2982 808 2988 815 .

627 883 715 939 29.
746 882 851 949 Qui
884 896 993 937 non
1023 880 1201 939 credit
1240 879 1545 949 spiritalem
1588 895 1707 933 esse
1754 878 2131 948 Scripturam,

560 979 933 1043 paupertatem
962 984 1142 1033 suam,
1169 967 1316 1038 quod
1347 967 1415 1021 ad
1446 968 1733 1035 scientiam
1766 967 1981 1027 attinet,
2022 981 2133 1020 non

557 1061 745 1125 sentit,
777 1058 882 1114 etsi
910 1058 1051 1115 fame
1094 1057 1460 1111 consumitur.
1499 1057 1639 1111 Vere
1668 1071 1905 1125 namque
1960 1056 2134 1119 fames

557 1159 664 1215 est,
694 1149 841 1221 quod
866 1149 1009 1203 bona
1038 1148 1156 1218 ipso
1197 1147 1578 1216 experimento
1609 1155 1883 1217 gustuque
1913 1146 2133 1217 cognita

556 1240 837 1305 deﬁciant,
890 1240 1231 1311 penuriaque
1270 1254 1335 1293 ac
1361 1246 1576 1308 egestas
1613 1238 1866 1293 ciborum
1905 1237 2132 1307 spirita-

556 1337 716 1398 lium,
742 1332 948 1404 quibus
978 1331 1149 1386 animi
1186 1330 1342 1401 vigor
1367 1328 1658 1383 conﬂatur.
1684 1328 1803 1395 Qua
1830 1328 1977 1383 enim
2003 1328 2131 1398 quis
2162 1364 2167 1371 -

558 1429 771 1485 ratione
797 1426 996 1481 famem
1031 1424 1362 1478 damnumve
1389 1422 1687 1492 putaverit,
1719 1438 1785 1476 ea
1811 1421 1916 1476 sibi
1951 1421 2132 1476 ablata

558 1535 787 1593 quorum
817 1530 1098 1585 nunquam
1127 1512 1350 1583 penitus
1383 1513 1636 1568 notitiam
1661 1512 1897 1584 habuit?

2313 873 2415 927 κθ’.
2462 874 2521 926 '0
2549 879 2625 944 μὴ
2658 876 2930 931 πιστεύων
2968 877 3064 948 τὴν
3099 877 3480 951 Γραφήνείναι
3515 904 3785 957 πνευματι-

2239 962 2363 1033 κὴν,
2394 963 2492 1034 τῆς
2521 965 2727 1029 οἰκείας
2770 969 2914 1020 κατὰ
2947 968 3045 1039 τὴν
3106 970 3313 1037 γνῶσιν
3352 976 3541 1038 πενίας
3585 978 3681 1030 οὐκ
3718 982 3787 1035 αἱ·

2241 1052 2513 1115 σθάνεται,
2544 1055 2678 1109 ἀλλὰ
2726 1056 2868 1128 λιμῴ
2914 1058 3306 1130 διαφθείρεται.
3345 1065 3515 1133 Λιμὸς
3536 1067 3645 1137 γάρ
3668 1069 3787 1121 ἐστιν

2237 1145 2313 1208 ὡς
2342 1144 2580 1217 ἀληθῶς,
2618 1147 2859 1217 ἔκλειψις
2906 1149 3015 1206 τῶν
3068 1153 3189 1205 κατ’
3245 1155 3416 1222 αὐτὴν
3463 1157 3563 1225 τὴν
3621 1162 3784 1230 πεῖραν

2236 1236 2595 1308 ἐγνωσμένων
2621 1241 2863 1306 ἀγαθῶν,
2898 1242 2992 1295 καὶ
3052 1246 3256 1316 ἀπορία
3299 1249 3392 1302 καὶ
3442 1250 3642 1314 σπάνις
3678 1270 3787 1307 παν-

2230 1328 2386 1399 τελὴς
2444 1329 2551 1382 τῶν
2604 1330 2701 1402 τὴν
2732 1334 2908 1406 ψυχὴν
2941 1340 3390 1406 συγκρατοᾶντων
3422 1343 3788 1412 πνευματικῶν

2236 1417 2563 1489 βρωμάτων.
2600 1423 2721 1486 Πῶς
2755 1427 2864 1494 γὰρ
2897 1426 3055 1495 λιμὸν
3082 1429 3348 1497 ἡγήσεται
3382 1450 3464 1496 τις
3509 1434 3541 1503 ἦ
3587 1434 3786 1503 ζημίαν.

2232 1510 2332 1582 τὴν
2362 1511 2470 1565 τῶν
2502 1513 2755 1578 καθάπαξ
2782 1517 2929 1587 αἰδτῷ
2958 1519 3224 1591 μηδαμῶς
3256 1524 3615 1592 ἐγνωσμένων
3646 1527 3786 1594 ἀφαί-

2236 1621 2415 1673 ρεσινς

629 1694 718 1747 5t).
775 1692 985 1746 Revera
1017 1687 1159 1747 fame
1208 1678 1426 1741 laborat
1466 1685 1622 1755 plebs
1653 1685 1919 1749 ﬁdelium,
1952 1698 2017 1738 ac
2040 1699 2135 1739 eo-

2309 1696 2371 1751 λ’.
2423 1697 2693 1768 Λιμὼττει
2738 1700 2826 1752 ἐπ’
2878 1699 3136 1770 ἀληθείας
3175 1702 3284 1753 τῶν
3315 1704 3521 1756 πιστῶν
3585 1706 3673 1758 καὶ
3709 1709 3788 1759 tt:-

561 1798 684 1840 rum
713 1783 808 1852 qui
835 1781 1122 1836 veritatem
1171 1785 1579 1853 cognoverunt;
1614 1777 1954 1847 singulorum
2000 1776 2131 1829 item

2242 1787 2562 1852 εγνωκότων
2583 1787 2685 1857 τὴν
2704 1788 2960 1857 ἀλήθειαν
2989 1791 3019 1841 ὁ
3052 1790 3200 1857 Ααὺς,
3230 1790 3326 1843 καὶ
3348 1793 3380 1860 ὴ
3417 1791 3562 1863 ψυχὴ
3588 1794 3673 1847 τοῦ
3688 1794 3791 1849 καθ’

562 1873 778 1935 animae,
804 1868 1035 1939 Spiritali
1064 1868 1119 1923 in
1146 1867 1320 1937 gratia
1353 1865 1819 1934 contemplatione
1863 1864 2090 1919 dimissa
2116 1906 2129 1929 ,

2239 1876 2463 1930 ἕκαστον
2490 1879 2735 1949 ἀφεμένη
2776 1881 2873 1951 τῆς
2898 1882 2957 1933 ὲν
2980 1883 3046 1951 τῇ
3067 1882 3248 1951 χάριτι
3274 1885 3648 1956 πνευματικῆς
3676 1887 3791 1939 θεω-

561 1961 773 2034 figurali
793 1962 848 2015 in
874 1960 1060 2016 littera
1087 1956 1340 2014 servituti
1364 1954 1518 2011 factae
1541 1956 1826 2022 obnoxias;
1857 1957 1986 2012 dum
2020 1972 2134 2010 ma-

2239 1967 2378 2037 ρίας,
2415 1968 2511 2023 καὶ
2543 1970 2812 2041 γενομένη
2842 1971 2940 2041 τῆς
2992 1974 3228 2043 τυπικῆς
3284 1975 3342 2027 ὲν
3393 1954 3470 2044 τῷ
3522 1954 3793 2048 γράμματι

559 2053 774 2123 gnilieis
800 2048 980 2106 sensis
1009 2056 1066 2103 et
1103 2047 1464 2117 conceptibus
1509 2046 1942 2116 notionibusque
1987 2063 2134 2107 men—

2239 2058 2498 2123 δουλείας,
2545 2050 2620 2130 μὴ
2644 2061 3014 2130 διατρέφουσα
3046 2062 3137 2115 τὸν
3172 2062 3294 2117 νοῦν
3322 2065 3445 2127 ταῖς
3467 2046 3578 2119 τῶν
3606 2046 3792 2135 νοημά-

564 2151 671 2199 tem
705 2157 817 2199 non
871 2147 1136 2212 pascunt,
1170 2138 1268 2195 sed
1320 2138 1703 2210 corporalibus
1760 2138 2133 2210 symbolorum

2239 2166 2341 2203 των
2399 2150 2813 2220 μεγαλοφυῖαις,
2868 2152 3005 2207 ἀλλά
3066 2153 3353 2223 πληροῦσα
3408 2154 3507 2227 τὴν
3564 2156 3795 2228 αίσθησιν

561 2233 861 2303 Scriptura:
892 2228 1392 2293 informationibus,
1440 2228 1755 2285 libidinosis
1787 2228 2136 2300 cogitationi-

2239 2239 2512 2311 ἐμπαθοῦς
2540 2242 2840 2311 φαντασίας
2888 2243 2987 2314 (a),
3010 2246 3130 2315 ταῖς
3155 2248 3496 2316 σωματικαῖς
3523 2247 3634 2301 τῶν
3671 2248 3795 2319 Γρα-

565 2324 669 2377 bus
700 2321 1004 2391 adimplent
1022 2333 1266 2374 sensum.

2239 2333 2412 2401 φικῶν
2447 2333 2730 2404 συμϐόλων
2760 2335 3146 2392 διατυπώσεσι.

2306 2425 2409 2480 λα’.
2445 2427 2558 2490 Πᾶς
2594 2428 2623 2480 ὁ
2667 2426 2764 2498 τὴν
2803 2428 3181 2500 πνευματικὴν
3229 2432 3328 2501 τῆς
3381 2431 3543 2500 ἁγίας
3595 2432 3798 2503 Γραφῆς

2237 2515 2468 2586 θεωρίαν
2486 2517 2561 2587 μὴ
2609 2518 2981 2590 προσιέμενος,
3025 2521 3118 2574 τόν
3158 2537 3220 2591 τε
3257 2522 3489 2595 φυσικὸν
3514 2523 3689 2596 ταύτῃ
3714 2523 3800 2577 καὶ

2236 2604 2326 2657 τὸν
2354 2606 2596 2676 γραπτὸν
2635 2609 2779 2662 κατὰ
2806 2612 2931 2671 τοὺς
2972 2611 3263 2678 Ἰουδαίους
3316 2615 3678 2678 συναπώσατο
3725 2615 3799 2667 νό-

2241 2715 2360 2765 μον,
2389 2698 2483 2750 καὶ
2512 2699 2602 2752 τὸν
2649 2701 2708 2752 ὲν
2740 2702 2804 2771 τῇ
2849 2702 3034 2773 χάριτι
3084 2702 3247 2773 νόμον
3295 2706 3558 2776 ἠγνόησε,
3604 2706 3719 2760 καθ’
3750 2706 3802 2757 ἣν

2236 2787 2435 2842 δίδοται
2470 2792 2579 2854 τοῖς
2626 2790 2746 2844 κατ’
2777 2792 2939 2845 αὐτὸν
2973 2794 3260 2865 ἀγομένοις
3291 2797 3325 2867 ἡ
3357 2796 3577 2861 θέωσις.
3628 2799 3686 2851 '0
3712 2798 3805 2851 τοί-

2238 2897 2331 2933 νυν
2380 2879 2469 2933 τὸν
2502 2880 2747 2950 γραπτὸν
2772 2882 2935 2953 νόμον
2964 2883 3261 2955 λαμϐάνων
3311 2889 3661 2955 σωματικῶς,
3691 2889 3804 2960 ἁρε-

2239 2972 2358 3033 ταϊς
2383 2972 2482 3039 τὴν
2512 2969 2688 3042 ψυχὴν
2725 2972 2784 3025 οὐ
2824 2973 3101 3044 διατρέφει
3130 2991 3144 3006 ⁸
3180 2975 3276 3029 καὶ
3300 2977 3328 3029 ὁ
3363 2979 3477 3039 τοῖς
3502 2974 3682 3047 λόγοις
3709 2977 3806 3029 τῶν

631 2414 718 2468 51.
746 2411 1007 2482 Quisquis
1034 2410 1334 2480 spiritalem
1361 2409 1659 2479 Scriptum
1688 2424 1857 2464 sacrm
1893 2417 2135 2463 contem-

562 2507 860 2578 plationem
895 2519 1005 2557 non
1056 2502 1317 2565 admittit,
1356 2511 1471 2557 tum
1516 2502 1826 2556 naturalem
1856 2517 1963 2570 una
2008 2516 2135 2555 cum

565 2599 655 2653 illa
685 2595 1000 2653 Judaeorum
1031 2594 1192 2671 617
1225 2608 1379 2648 more
1424 2593 1599 2664 legem
1633 2592 1977 2663 repudiavit,
2020 2601 2135 2648 tum

563 2689 736 2760 legem
761 2686 970 2760 gratiae,
1000 2685 1088 2751 iis,
1122 2685 1217 2755 qui
1249 2700 1315 2739 ex
1345 2685 1493 2739 illius
1513 2684 1821 2738 rationibus
1849 2694 2133 2754 reguntur,

564 2777 969 2835 deificationem
996 2783 1365 2847 praestantem,
1390 2774 1638 2829 nescivit.
1667 2774 1718 2829 Is
1740 2773 1906 2844 igitur
1939 2773 2032 2843 qui
2060 2774 2141 2827 le-

566 2883 689 2940 gem
740 2866 999 2939 scriptam
1063 2864 1337 2935 corporali
1394 2865 1607 2919 ratione
1635 2863 1854 2933 accipit,
1894 2864 2136 2918 animum

565 2957 866 3015 virtutibus
904 2973 1013 3013 non
1042 2957 1141 3011 alit
1174 2973 1187 3009 :
1222 2955 1427 3025 quique
1456 2971 1641 3010 rerum
1688 2955 1999 3009 rationibus
2030 2969 2137 3008 nun

568 3049 804 3107 attendit
863 3049 1145 3112 animum,
1204 3064 1312 3102 non
1364 3062 1491 3101 eum
1523 3045 1672 3101 varia
1727 3046 1824 3101 Dei
1873 3045 2138 3116 sapientia

2240 3063 2410 3116 ὄντων
2457 3063 2558 3117 οὐκ
2613 3063 2936 3128 ἐπιϐάλλων,
2990 3070 3056 3138 τῇ
3116 3068 3332 3139 ποικίλῃ
3360 3067 3455 3122 τοῦ
3486 3045 3624 3123 Θεοῦ
3657 3068 3808 3136 σοφία

571 3139 856 3210 magnifice
896 3146 1109 3194 recreat
1133 3153 1196 3191 ac
1237 3135 1412 3207 pascit
1448 3153 1461 3188 :
1494 3135 1587 3205 qui
1617 3135 1855 3205 denique
1884 3151 2138 3206 magnum

2241 3150 2333 3204 τὸν
2388 3150 2514 3205 νοῦν
2559 3151 2659 3223 οὐχ
2701 3152 2858 3223 ἑστιᾷ
2890 3135 3186 3225 φιλοτίμως
3219 3172 3233 3187 ·
3278 3135 3372 3211 καὶ
3409 3159 3438 3210 ὁ
3461 3158 3521 3211 τὺ
3556 3159 3700 3228 μέγα
3721 3135 3810 3222 τῆς

574 3248 727 3288 nova:
773 3230 961 3301 gratia:
1015 3245 1125 3283 non
1168 3230 1320 3284 novit
1370 3228 1710 3299 mysterium,
1747 3243 1856 3283 non
1903 3229 2138 3282 exsultat

2245 3242 2440 3311 καινῆς
2477 3222 2700 3314 χάριτος
2739 3222 3139 3314 μὴῗγινώσκων
3180 3250 3501 3317 μυστήριον,
3537 3222 3603 3319 τῇ
3641 3222 3807 3300 έλπξδι

575 3338 673 3392 Spe
707 3320 910 3376 futurae
937 3320 1324 3375 deiﬁcationis.
1359 3316 1517 3385 Quod
1549 3318 1720 3388 igitur
1756 3318 1893 3388 legis
1928 3318 2138 3387 scripta!

2243 3333 2343 3401 τῆς
2389 3333 2689 3403 μελλούσης
2742 3332 2990 3399 θεὼσεως
3031 3335 3131 3388 οὐκ
3172 3316 3482 3404 ἀγάλλεται.
3529 3316 3741 3390 Οῦκοῦν
3782 3335 3813 3402 ἡ

572 3414 836 3486 spiritalis
864 3411 1256 3481 contemplatio
1281 3410 1520 3473 deﬁciat,
1557 3410 1810 3464 comitem
1845 3418 2138 3480 egestatem

2244 3422 2482 3495 ἔλλειψις
2522 3427 2621 3495 τῆς
2661 3410 2799 3479 κατά
2830 3426 2923 3481 τδν
2952 3427 3194 3497 γραπτὸν
3223 3428 3387 3501 νόμον
3416 3427 3672 3499 θεωρίας,
3708 3427 3814 3496 ἔχει

573 3505 760 3569 habet,
797 3514 858 3559 ut
891 3518 959 3558 ex
987 3502 1226 3556 naturali
1252 3502 1372 3572 lege
1422 3517 1533 3556 non
1580 3500 1922 3571 intelligatur
1961 3502 2138 3556 multi-

2245 3518 2634 3588 παρεπομένην
2668 3518 2801 3588 αὐτῇ
2831 3516 2927 3589 τὴν
2957 3517 3161 3571 ἔνδειαν
3188 3519 3289 3589 τῆς
3318 3519 3460 3573 κατά
3479 3520 3569 3571 τὸν
3594 3518 3819 3587 φυσικὸν

573 3599 697 3669 νισι
726 3596 821 3653 Dei
853 3595 1144 3666 sapientia,
1191 3594 1258 3649 ad
1288 3609 1450 3664 quam
1494 3600 1757 3662 sequatur
1785 3592 2033 3657 omnino,
2077 3606 2138 3647 ex

2244 3611 2406 3679 νόμον
2427 3611 2721 3683 νοουμένης
2768 3612 3018 3682 ποικίλης
3048 3613 3242 3681 σοφίας
3273 3612 3366 3666 τοῦ
3411 3611 3566 3675 Θεοῦ,
3621 3612 3822 3680 ἐφεπο-

575 3687 699 3742 novi
759 3685 1002 3757 mysterii
1066 3683 1280 3739 ratione
1335 3699 1437 3754 per
1487 3682 1715 3753 gratiam
1777 3680 2138 3736 concedenda:

2248 3703 2413 3773 μένην
2464 3680 2693 3772 ἔχουσαν
2717 3706 2815 3772 τῆς
2852 3680 2993 3757 κατά
3021 3703 3081 3756 τὺ
3105 3680 3290 3757 καινὸν
3319 3704 3614 3774 μυστήριον
3638 3704 3820 3773 χάριτι

572 3777 936 3834 (Ῐυίίῖοεηίοηίδ
977 3776 1302 3864 ίίζηοΐῖὶηιίθ·
2242 3794 2612 3865 δοθησομένης
2642 3791 2892 3856 θεὼσεως
2922 3792 3139 3858 πάντως
3166 3795 3266 3864 τὴν
3293 3793 3538 3861 ἄγνοιαν.

645 3890 733 3944 '52.
762 3890 916 3955 Mens
958 3878 1148 3943 omnis
1167 3887 1483 3943 Christiana
1514 3887 1720 3956 pietate
1752 3885 2041 3956 perspicax
2079 3900 2138 3940 ac

2313 3884 2413 3953 λβν.
2445 3884 2558 3947 Πᾶς
2584 3881 2710 3947 νοῦς
2734 3883 2872 3937 κατὰ
2894 3883 3129 3955 Χριστδν
3152 3882 3459 3955 διορατικδς
3477 3883 3580 3937 καὶ
3608 3881 3825 3955 ἰσχυρὸς

573 3979 730 4034 fortis
770 3987 993 4048 aspectu
1009 3976 1079 4045 “,
1105 3992 1325 4047 semper
1354 3973 1669 4041 desiderat,
1715 3991 1778 4031 ac
1822 3976 2021 4046 quaerit
2065 3974 2138 4028 fa-

2243 3976 2428 4046 ὀράσει
2460 3976 2555 4047 (b),
2592 3975 2680 4030 ἀεὶ
2723 3976 2937 4044 ἐφίεται
2969 3977 3063 4030 καὶ
3094 3976 3251 4047 ζητεῖ
3287 3975 3350 4030 τδ
3383 3977 3686 4051 πρόσωπον
3718 3977 3824 4029 Κυ-

572 4070 712 4129 eiem
736 4069 1033 4126 Domini".
1061 4069 1251 4124 Facies
1278 4077 1463 4124 autem
1491 4067 1704 4122 Domini
1750 4075 1835 4121 est
1854 4107 1869 4131 ,
1909 4083 2039 4121 vera
2061 4068 2138 4122 di-

2245 4067 2383 4137 ρίου.
2420 4067 2722 4139 Πρόσωπον
2748 4067 2807 4121 δὲ
2839 4067 3043 4139 Κυρίου
3066 4067 3429 4141 καθέστηκεν,
3465 4072 3501 4139 ἡ
3546 4070 3676 4124 κατ’
3708 4069 3831 4139 ἀρε·

572 4164 850 4226 vinorum,
886 4176 988 4231 pro
1014 4175 1083 4216 eo
1102 4175 1167 4215 ac
1191 4159 1397 4215 virtute
1447 4167 1827 4229 comparatum
1857 4165 1970 4221 est,
2011 4172 2138 4212 con-

2241 4158 2339 4229 τὴν
2360 4157 2468 4210 τῶν
2502 4157 2664 4211 θείων
2685 4157 2892 4230 ἀληθὴς
2917 4158 3142 4230 θεωρία,
3166 4158 3261 4213 καὶ
3286 4157 3512 4228 γνῶσις,
3537 4161 3610 4232 ἢν
3632 4158 3825 4230 ζητῶν,

574 4253 854 4324 templatio
883 4267 948 4307 ac
986 4251 1240 4314 scientia,
1280 4264 1444 4319 quam
1474 4249 1569 4318 qui
1603 4248 1824 4318 quaerit,
1865 4235 1985 4317 ejus
2010 4263 2132 4302 cau-

2240 4248 2549 4302 διδάσκεται
2579 4250 2680 4322 τὴν
2710 4250 2889 4304 αἰτίαν
2934 4250 3037 4321 τῆς
3076 4251 3197 4304 κατ’
3245 4251 3411 4305 αὐτὸν
3463 4253 3692 4316 ἐνδείας
3742 4250 3831 4303 καὶ

571 4359 687 4401 satu
736 4342 982 4414 penuria:
1025 4357 1091 4397 ac
1145 4340 1405 4411 egestatis
1442 4339 1625 4394 discit.
1666 4338 2138 4407 Quemadmodum

2239 4339 2492 4409 ἀπορίας.
2530 4339 2737 4410 Ὥσπερ
2769 4338 2878 4409 γὰρ
2908 4338 2969 4392 τὺ
2998 4338 3290 4409 πρόσωπον
3319 4336 3829 4409 χαρακτηριστικόν

570 4435 719 4491 enim
743 4433 911 4489 facies
940 4432 1370 4502 uniuscujusque
1409 4431 1620 4500 insigne
1646 4438 1885 4499 notaque
1914 4429 2137 4499 prepria

2240 4431 2358 4481 ἔστι
2380 4429 2473 4482 τοῦ
2506 4429 2628 4483 καθ’
2659 4429 2910 4493 ἕκαστον,
2928 4428 3071 4484 οὕτω
3095 4430 3188 4483 καὶ
3207 4431 3241 4499 ἡ
3260 4428 3622 4501 πνευματικὴ
3642 4425 3832 4496 γνῶσις

569 4536 689 4594 est;
748 4527 828 4582 sic
855 4515 1076 4595 quoque
1116 4524 1381 4595 spiritalis
1417 4523 1649 4579 scientia
1693 4523 1975 4593 signanter
2020 4521 2138 4576 Nu-

2242 4521 2592 4592 ὲμφαντικῶς
2621 4520 3014 4593 χαρακτηρίζει
3059 4521 3121 4574 τὸ
3163 4520 3344 4576 Θεῖον.
3394 4520 3503 4573 Ἦν
3550 4521 3585 4572 ὁ
3637 4517 3832 4587 ζητῶν,

571 4631 700 4672 men
729 4624 1086 4686 ueprtesentat
1111 4632 1124 4668 :
1158 4630 1323 4684 quam
1347 4615 1440 4685 qui
1464 4614 1917 4685 quarrit,Domini
1945 4612 2140 4667 faciem

572 4719 819 4777 quaerere
842 4703 1060 4759 dicitur.
1085 4703 1189 4770 Qui
1230 4711 1414 4759 autem
1444 4704 1690 4759 cruentis
1717 4702 2005 4759 sacrificiis
2042 4718 2142 4773 pro

576 4798 771 4853 litterae
792 4796 929 4867 legis
965 4796 1175 4850 ratione
1195 4796 1398 4866 oppido
1421 4796 1655 4851 carnalis
1672 4805 1777 4860 est,
1804 4794 2142 4850 desiderabi-

2246 4612 2466 4680 λέγεται
2487 4611 2671 4683 ζητεῖν
2691 4613 2751 4665 τὸ
2785 4611 3076 4683 πρόσωπον
3108 4610 3342 4682 Κυρίου.
3386 4611 3444 4664 '0
3468 4610 3538 4666 δὲ
3564 4623 3835 4677 κατασαρ-

2248 4701 2512 4774 κούμενος
2546 4703 2688 4757 κατά
2719 4702 2780 4757 τὸ
2817 4702 3055 4774 γράμμα
3092 4702 3189 4756 τοῦ
3219 4702 3385 4772 νόμου
3422 4703 3560 4765 ταῖς
3593 4701 3836 4769 ὲναίμοις

2251 4795 2461 4859 θυσίαις
2509 4794 2598 4865 (c),
2646 4794 2988 4866 ποθουμένην
3042 4794 3262 4863 ἄγνοιαν
3311 4792 3445 4864 ἔχει,
3500 4792 3648 4864 πρὸς
3682 4789 3835 4861 μόνην

643 4954 687 4987 *θ
717 4953 761 5007 ll
802 4952 933 5023 Reg.
968 4953 1053 5016 16,
1094 4952 1179 5006 12.
1256 4951 1299 4983 ’⁵⁷
1329 4950 1472 5007 Psal.
1505 4967 1625 5015 xxv,
1659 4952 1709 5006 8.

2243 5090 2487 5144 decorum
2518 5096 2749 5158 aspectu,
2788 5086 2959 5157 Syrus
3003 5095 3068 5158 ct_
3084 5084 3269 5158 _At‘_ab.
3308 5095 3640 5158 exponunt.
3678 5083 3836 5158 Hebr.

2242 5169 2302 5214 ut
2340 5176 2370 5214 a
2402 5158 2544 5214 LXX
2580 5154 2860 5213 redditum
2899 5168 3007 5215 :t't:
3052 5156 3319 5213 Maximus
3356 5154 3451 5223 qui
3483 5154 3565 5208 ad
3597 5154 3841 5217 animum

2236 5240 2378 5291 erat,
2428 5229 2648 5299 ἰσχυρὸς
2688 5228 2845 5299 [ortis
2874 5226 3074 5299 maluit
3122 5243 3135 5278 :
3172 5225 3331 5299 quasi
3369 5239 3401 5299 ιι
3445 5224 3707 5299 virtute,
3744 5236 3843 5292 qua

2240 5293 2516 5353 maxime"
2537 5293 2706 5352 animi
2758 5295 3113 5366 pulchritudo
3172 5293 3462 5366 consistit;
3538 5296 3845 5366 potiusque

2236 5369 2414 5423 active
2465 5368 2689 5423 videtur
2718 5364 2992 5436 accipere,
3038 5373 3101 5419 ut
3136 5364 3303 5436 quasi
3339 5364 3569 5436 altera_
3615 5365 3845 5436 alteram

2235 5453 2427 5495 vocem
2458 5439 2717 5507 explicet,
2749 5433 3200 5507 τδ,’διορατικὸς,
3238 5433 3349 5507 τῷ..
3377 5433 3849 5507 ἱσχυρὸςὸρᾴσει,

2244 5509 2394 5579 fortis
2429 5503 2563 5572 visu,
2614 5521 2802 5579 eoque
2856 5503 3005 5579 aeu—ti
3039 5523 3073 5579 :_
3106 5519 3208 5558 nec
3236 5503 3379 5557 male
3411 5503 3627 5579 Picus,
3656 5504 3848 5579 visions;

2244 5573 2484 5647 pallens;
2522 5578 2629 5633 etsi
2662 5573 2771 5641 ιιρη
2826 5575 2962 5630 satis
3009 5574 3077 5629 ad
3125 5581 3367 5628 mentem
3411 5573 3672 5629 videtur
3718 5573 3853 5628 sacri

2244 5655 2445 5702 textus.

2316 5716 2384 5788 (c)
2426 5716 3008 5788 Κατασαρκούμενος
3064 5714 3196 5781 ταῖς
3228 5714 3527 5788 πένᾳίμοις
3588 5713 3850 5788 quoquc-

2244 5781 2468 5842 Carnali
2497 5786 2657 5841 sensit
2669 5781 2953 5857 menteque
2983 5785 3154 5855 factus
3183 5781 3413 5839 cruentis
3447 5785 3669 5839 hostiis
3689 5781 3858 5849 ;Cal'-

646 5090 723 5161 (η)
753 5086 1076 5161 Πλῃρρῦσα
1117 5087 1231 5161 τῂν
1262 5087 1552 5161 αἴσθησιν
1581 5087 1886 5161 emanet?
1923 5107 2144 5156 φαντα-

571 5157 1087 5229 σίαςέοδίειιερὶοιιε
1122 5157 1202 5211 sic
1246 5158 1394 5212 clara
1440 5164 1682 5229 torquet,
1721 5158 1984 5229 nulloque
2015 5169 2142 5227 apto

574 5245 738 5285 sensu
784 5227 997 5293 reddit;
1027 5226 1159 5285 dum
1214 5241 1321 5297 non
1357 5225 1592 5281 attendit
1635 5227 1804 5296 ipsam
1860 5225 2141 5297 participii

573 5297 1064 5368 eonStructionent,
1095 5306 1163 5368 ac
1188 5296 1279 5368 τὸ.Δ
1306 5296 1715 5368 πληροῦσακιῖεὶ
1746 5297 1986 5368 genitivo
2010 5296 2142 5368 gau-

573 5370 733 5434 dere;
756 5368 905 5438 quod
934 5367 1092 5421 nobis
1118 5365 1357 5419 ablativo
1374 5380 1503 5420 casu
1535 5366 1806 5431 redditur,
1835 5365 2138 5422 Libidinosa

575 5438 796 5507 impleas
836 5438 1169 5507 cogitatione.

666 5506 717 5571 b)
779 5504 1193 5578 Καὶίίσχ-ιξρύς
1227 5504 1450 5578 optinet.
1504 5506 1762 5578 Davidem
1817 5507 2137 5578 istarespi-

576 5572 768 5647 ciuntL
776 5577 871 5647 qui
896 5576 976 5647 sic
1002 5572 1144 5629 filios
1161 5572 1342 5629 Saulis
1371 5583 1488 5645 post
1519 5577 1639 5647 ejus
1670 5588 1899 5647 mortem
1930 5577 1985 5630 in
2012 5572 2139 5647 gra-

577 5646 715 5715 tiam
728 5644 1199 5715 Gabaonitarum,‘
1217 5653 1497 5715 grassante
1534 5644 1675 5715 fame
1709 5646 1994 5710 occiderit,
2019 5644 2139 5701 'eis—

574 5731 682 5784 que
707 5714 759 5768 in
796 5721 980 5784 monte
1018 5712 1419 5784 crucifigendos
1451 5714 1764 5769 tradiderit.
1816 5715 2028 5771 Dicitur
2043 5732 2139 5771 au-

577 5782 685 5842 [em
717 5782 917 5854 ἀγαθὸς
943 5783 1128 5852 δράσει
1150 5822 1164 5847 ,
1192 5782 1376 5853 ΙἩθε.
1412 5799 1521 5849 xvr,
1557 5785 1611 5852 2,
1643 5784 1788 5856 quod
1824 5785 2134 5854 formosum,
