4110 6318
417 302 554 372 1363

1575 304 1636 363 S.
1679 302 1968 364 MAXIMI
2001 304 2511 372 CONFESSORIS

3537 317 3688 383 1354

414 408 604 479 tionis)
631 415 893 480 tanquam
913 407 1096 465 Saulis
1126 407 1269 464 ﬁlios
1303 424 1367 465 ac
1390 419 1621 482 nepotes
1640 413 1709 477 ⁸ο,
1738 412 2005 467 naturalis

2115 416 2209 487 τῆς
2248 420 2485 491 φυσικῆς
2515 421 2574 474 ὲν
2602 420 2737 494 ὖρει,
2759 427 2827 494 τῇ
2857 425 2965 479 τῶν
2995 422 3156 481 θείων
3175 426 3456 499 ἀναγωγῇ,
3481 426 3697 497 λογίων

415 490 811 571 speculationis
875 516 1008 573 ope,
1069 502 1221 556 velut
1281 502 1335 557 in
1394 514 1584 560 monte
1642 503 2002 576 (divinorum

415 590 1026 667 Sciliceteloquiorum
1078 593 1260 648 altiori
1294 604 1350 649 et
1398 611 1428 650 a
1492 612 1658 651 sensu
1717 596 2006 651 remotiori

418 682 831 754 intelligentia)
884 683 1202 751 deleamus;
1268 686 1311 740 si
1349 688 1513 744 modo
1563 688 1750 743 divina
1816 687 2003 743 satiari

416 775 593 848 gratia
622 774 1019 840 desideramus.

485 854 574 916 57.
611 859 839 921 Veritati
892 863 1152 935 injuriam
1203 866 1412 928 faciunt
1450 882 1561 924 tum
1618 869 1728 935 lex,
1782 885 1905 940 qum
1937 884 2007 938 οξ

417 951 533 1008 sola
563 952 764 1008 litterae
794 955 1008 1013 ratione
1036 956 1393 1028 intelligatur,
1428 971 1543 1015 tum
1574 961 1733 1031 plebs
1755 962 2003 1030 Judaica,

417 1057 481 1097 ac
498 1042 542 1098 si
565 1043 691 1117 quis
710 1044 909 1103 horum
932 1047 1117 1104 animo
1143 1051 1348 1106 assecla
1375 1052 1627 1120 exsistit;
1655 1054 1771 1110 sola
1795 1055 2009 1111 scilicet

419 1133 608 1188 littera
636 1136 747 1197 vim
785 1136 921 1214 legis
951 1137 1243 1205 deﬁniens,
1279 1156 1383 1197 nec
1417 1142 1488 1197 ad
1525 1145 1773 1216 mysticae
1818 1146 1876 1199 in
1917 1146 2010 1200 lit-

426 1234 544 1284 tera
594 1229 824 1287 occulta:
884 1231 1130 1289 scientia“:
1193 1234 1647 1303 declarationem,
1695 1240 2008 1295 naturalem

425 1319 855 1399 speculationem
889 1323 1148 1392 (mediam
1181 1327 1394 1382 scilicet
1427 1328 1573 1383 inter
1599 1328 1802 1399 ﬁguras
1836 1340 2007 1386 etve-

427 1398 668 1482 ritatem)
724 1427 1038 1482 assumens;
1074 1406 1197 1487 qua:
1249 1433 1347 1473 eos
1407 1420 1501 1489 qui
1551 1398 1918 1475 instituuntur
1977 1435 2009 1476 a

426 1498 616 1568 ﬁguris
639 1500 985 1569 adducendo,
1019 1505 1089 1559 ad
1122 1506 1410 1561 veritatem
1438 1507 1669 1563 reducat
1704 1526 1717 1562 :
1746 1510 1845 1565 sed
1860 1510 2011 1565 velut

424 1604 545 1644 eam
608 1605 837 1660 prorsus
884 1607 1129 1664 negans,
1170 1605 1227 1650 et
1270 1612 1301 1651 a
1351 1596 1663 1653 divinorum
1724 1599 2011 1654 secretiori

424 1677 682 1740 doctrina
728 1680 1040 1739 initiatione
1088 1685 1249 1756 longe
1293 1685 1612 1741 amandans.
1658 1687 1824 1758 619
1858 1687 2011 1743 Hanc

427 1765 596 1841 Igitur
623 1772 969 1842 corporalem
1001 1790 1066 1829 ac
1106 1785 1523 1845 temporaneam
1564 1776 1703 1847 legis
1735 1780 2010 1849 acceptio-
2042 1773 2083 1829 Β

424 1871 577 1922 nem,
611 1858 766 1915 velut
793 1864 1028 1932 tempori
1053 1863 1352 1920 obnoxiam
1384 1864 1719 1937 ﬂuxamque,
1757 1870 1915 1939 quasi
1938 1870 2010 1928 'in

427 1958 636 2015 monte,
670 1950 726 2011 in
754 1953 1002 2011 scientiae
1028 1955 1390 2022 sublimitate,
1415 1973 1516 2027 per
1541 1959 1851 2015 naturalem
1884 1976 2010 2031 spe-

424 2040 757 2098 culationem
802 2043 1126 2101 interimant
1164 2062 1389 2102 necesse
1419 2058 1524 2114 est,
1567 2050 1661 2119 qui
1695 2050 2012 2107 divinorum

424 2135 866 2211 Spectaculorum
901 2153 1306 2210 sensorumque
1347 2141 1527 2197 seduli
1561 2152 1837 2200 amatores
1863 2146 2008 2202 exsi-

424 2235 595 2286 Stant.

364 2392 374 2402 .
492 2320 583 2377 38.
607 2320 963 2393 Corporalem
986 2323 1287 2395 Scriptura:
1317 2326 1737 2400 intelligentiam
1784 2347 2012 2401 prorsus

424 2409 631 2481 abolet,
661 2414 755 2483 qui
774 2416 1010 2471 actionis
1031 2416 1183 2471 cultu
1197 2433 1309 2487 'per
1345 2422 1657 2479 naturalem
1676 2424 2012 2493 speculatio-

426 2518 553 2563 nem
575 2505 822 2575 perimit,
853 2523 976 2578 quae
1001 2523 1070 2564 ex
1104 2508 1226 2580 lege
1273 2498 1480 2582 scripta
1511 2515 1709 2570 animm
1756 2517 2010 2582 inolevit,

424 2593 778 2655 libidinosam
798 2614 863 2653 ac
897 2614 1191 2671 corporum
1221 2612 1521 2671 amantem,
1543 2621 1671 2678 erga
1703 2606 2012 2662 instabilem

425 2688 740 2762 ﬂuxamque
759 2693 1050 2749 materiam
1071 2697 1542 2755 necessitudinem
1556 2714 1621 2756 ac
1643 2700 2011 2769 affectionem;

428 2781 580 2837 velut
607 2781 869 2836 nimirum
916 2782 1101 2839 Saulis
1150 2785 1293 2841 ﬁlios
1339 2802 1405 2847 ac
1450 2798 1706 2859 nepotes,
1743 2790 2013 2847 humilem

427 2872 567 2944 legis
615 2874 1059 2947 intelligentiam,
1110 2876 1294 2934 media
1327 2882 1566 2937 naturali
1618 2884 2012 2953 speculatione,

430 2974 690 3035 tanquam
746 2966 805 3025 in
864 2978 1084 3035 monte,
1125 2970 1184 3024 in
1249 2971 1496 3028 scientias
1565 2975 1716 3029 celso
1763 2976 2012 3043 vertice,

425 3055 714 3132 lngulans;
749 3059 1210 3132 manifestamque
1239 3065 1382 3134 apud
1410 3065 1728 3133 Dominum,
1757 3068 2012 3138 superio-

431 3163 549 3209 rem
575 3149 714 3220 legis
739 3153 1118 3221 acceptionem
1153 3152 1375 3225 corpori
1400 3156 1888 3228 indulgentiorem,
1914 3176 2015 3230 per

430 3239 837 3301 confessionem
869 3242 1097 3299 faciens.
1144 3245 1259 3301 Hoc
1312 3249 1461 3303 enim
1507 3249 1772 3306 studiosis
1829 3266 2015 3305 rerum

432 3329 851 3402 indagatoribus
873 3348 940 3389 ex
975 3335 1085 3390 illis
1108 3337 1292 3392 verbis
1332 3338 1640 3409 intelligere
1685 3341 1851 3396 liceat
1887 3358 1902 3395 :
1936 3342 2018 3399 Ad

431 3420 597 3481 solem
625 3439 888 3492 exponere
908 3436 1031 3480 ante
1057 3427 1361 3483 Dominum.
1383 3429 1453 3483 Et
1476 3432 1546 3484 ad
1572 3430 1737 3486 salem
1768 3449 2017 3504 exposue-

434 3520 562 3570 runt
589 3530 701 3580 θοι,
730 3516 931 3584 inquit,
962 3518 1017 3571 in
1044 3528 1218 3573 monte
1248 3529 1371 3575 ante
1394 3521 1678 3578 Dominum
1700 3526 1744 3558 ⁸¹
1772 3544 1786 3579 :
1821 3542 2018 3598 nempe

437 3604 494 3663 in
536 3605 716 3660 lucem
737 3608 1110 3677 producentes
1137 3614 1257 3681 (per
1293 3615 1581 3670 scientiam
1627 3617 1862 3689 scilicet)
1893 3635 2020 3690 quae

440 3710 504 3756 ex
536 3694 734 3752 litterae
776 3700 989 3759 ratione
1020 3711 1106 3756 est
1160 3702 1350 3774 illique
1378 3705 1646 3772 adhaeret,
1690 3720 2017 3779 occupatam

436 3787 642 3844 erroris
676 3788 991 3860 opinionem
1031 3811 1045 3847 :
1078 3795 1225 3864 quod
1267 3805 1353 3852 est
1388 3806 1697 3852 emortuam
1754 3800 1889 3871 legis
1929 3800 2019 3856 lit-

438 3885 614 3937 teram
669 3895 770 3950 per
825 3882 1115 3941 scientiam
1200 3886 1256 3941 in
1309 3888 1509 3958 spiritu
1552 3890 1632 3960 (in
1682 3891 2021 3951 sublimitate

440 3970 858 4043 speculationis)
884 3975 1262 4035 manifestare.

511 4060 603 4118 39.
639 4062 866 4132 Littera,
900 4065 1099 4137 inquit,
1131 4069 1354 4134 occidit;
1382 4071 1600 4141 spiritus
1643 4080 1824 4126 autem
1852 4071 2023 4141 viviﬁ—

441 4160 526 4211 βαι
545 4154 613 4213 ⁸’.
642 4153 1011 4222 Quamobrem
1043 4160 1133 4216 cui
1158 4161 1232 4216 ita
1259 4169 1638 4231 comparatum
1667 4171 1753 4217 est
1776 4172 1837 4219 ut
1868 4163 2021 4219 occi-

443 4241 558 4309 dat,
614 4246 903 4311 occidatur
952 4265 1183 4307 necesse
1237 4260 1323 4307 est
1364 4251 1588 4311 viviﬂco
1638 4254 1860 4325 spiritu.
1898 4256 2018 4314 Una

442 4336 592 4399 enim
623 4336 787 4392 simul
810 4337 866 4395 in
889 4348 1017 4395 actu
1035 4340 1328 4409 exsistere,
1355 4343 1502 4412 quod
1524 4342 1661 4415 legis
1691 4360 2022 4416 corporeum

2106 507 2372 578 ἀφανίσαι
2402 511 2656 583 θεωρίας,
2685 512 2740 567 εἴ
2761 532 2876 581 πως
2916 517 3293 590 ἐμφορηθῆναι
3339 519 3487 583 θείας
3529 522 3703 590 ἐφιι-

2108 601 2249 669 μεθα
2271 603 2513 674 χάριτος.

2178 878 2276 943 λζ’.
2329 881 2527 936 Ἀδικεῖ
2568 884 2666 953 τὴν
2705 884 2966 956 ἀλήθειαν
2997 888 3026 940 ὅ
3056 905 3117 941 τε
3168 888 3330 959 νόμος
3354 889 3498 944 κατὰ
3526 891 3705 961 μίμνον

2107 969 2167 1024 τὸ
2196 971 2430 1041 γράμμα
2459 973 2765 1043 νοούμενος,
2798 977 2892 1028 καὶ
2920 978 2949 1029 ὁ
2972 976 3082 1030 τῶν
3117 978 3388 1032 Ἰουδαίων
3414 979 3561 1045 λαὸς,
3599 983 3705 1034 καὶ

2109 1062 2162 1116 εί
2184 1080 2267 1126 τις
2288 1063 2512 1117 ἐκείνων
2544 1065 2778 1136 ὑπάρχει
2812 1067 2953 1120 κατὰ
2978 1067 3217 1123 διάνοιαν
3247 1070 3510 1141 μιμητὴς,
3541 1072 3705 1143 μόνῳ

2107 1155 2186 1225 τῷ
2212 1157 2503 1227 γράμματι
2534 1160 2893 1237 περιγράφων
2934 1159 3026 1213 τοῦ
3068 1154 3247 1230 ’νόμου
3289 1160 3388 1232 τὴν
3431 1162 3703 1231 δύναμιν,

2080 1320 2091 1329 Ι
2110 1248 2203 1300 καὶ
2233 1247 2307 1318 μὴ
2334 1247 2623 1319 δεχόμενος
2651 1250 2784 1320 πρὸς
2820 1255 2919 1321 τὴν
2949 1252 3257 1323 φανέρωσιν
3286 1253 3386 1324 τῆς
3420 1255 3707 1323 μυστικῆς

2110 1342 2574 1412 ὲγκεκρυμμένης
2612 1342 2689 1412 τῷ
2716 1344 3006 1414 γράμματι
3050 1343 3303 1411 γνώσεως
3332 1346 3429 1416 τὴν
3455 1348 3706 1416 φυσικὴν

2111 1427 2365 1502 θεωρίαν,
2409 1430 2584 1502 μέσην
2620 1433 2973 1504 ὑπάρχουσαν
3008 1435 3196 1491 τύπων
3235 1438 3330 1490 καὶ
3373 1437 3652 1507 ἀληθείας
3685 1453 3702 1469 ο

2110 1520 2219 1576 τῶν
2253 1522 2371 1592 μὲν,
2401 1523 2525 1586 τοὺς
2568 1524 2869 1593 ἀγομένους
2911 1524 3253 1594 ἀπάγουσαν,
3304 1526 3440 1597 πρὸς
3482 1528 3542 1581 δὲ
3593 1529 3704 1600 τὴν

2111 1613 2490 1681 ὲπανάγουσαν
2522 1633 2535 1647 ο
2566 1614 2682 1668 ἀλλ’
2714 1611 2825 1669 οἷον
2843 1615 3050 1687 ταύτην
3073 1617 3306 1687 πάμπαν
3326 1618 3698 1689 ἀρνούμενος.

2113 1706 2208 1759 καὶ
2247 1705 2345 1775 τῆς
2375 1707 2483 1759 τῶν
2511 1706 2671 1761 θείων
2697 1708 2868 1779 αὐτὴν
2895 1708 2999 1774 ἔξω
3030 1709 3357 1780 ποιούμενος
3385 1728 3700 1789 μυσταγω-

2112 1798 2257 1867 γίας.
2289 1797 2504 1866 Ταύτην
2528 1799 2815 1869 τοιγαροῦν
2847 1801 2954 1872 χρὴ
2980 1801 3073 1855 τοῦ
3110 1801 3275 1872 νόμου
3307 1803 3409 1873 τὴν
3445 1820 3702 1872 σωματι-

2116 1887 2218 1959 κὴν
2262 1887 2355 1941 καὶ
2402 1889 2737 1960 πρόσκαιρον
2786 1890 3034 1961 ἐκδοχὴν,
3085 1890 3161 1954 ὡς
3219 1891 3324 1947 ὑπὸ
3357 1892 3549 1962 χρόνον
3598 1892 3701 1944 καὶ

2116 1979 2363 2049 ῥέουσαν,
2402 1979 2747 2034 ἀποκτείνειν
2787 1979 2879 2033 διὰ
2908 1981 3009 2051 τῆς
3050 1982 3290 2053 φυσικῆς
3326 1983 3585 2051 θεωρίας,
3623 1984 3707 2047 ὡς

2114 2068 2173 2121 ὲν
2198 2068 2316 2137 ὄρει
2346 2067 2424 2138 τῷ
2447 2067 2573 2137 ὕψει
2596 2071 2694 2142 τῆς
2721 2067 3000 2139 γνώσεως,
3021 2073 3150 2136 τοὺς
3178 2070 3288 2126 τῶν
3311 2072 3470 2127 θείων
3493 2075 3701 2144 ὲπιμευ
3788 2127 3796 2135 ,

2117 2159 2285 2231 λητὰς
2320 2158 2629 2231 θεαμάτων.

2184 2332 2288 2405 λη’.
2329 2334 2433 2387 Τὸν
2491 2336 2805 2406 σωματικὸν
2854 2337 2979 2391 νοῦν
3018 2337 3119 2409 τῆς
3160 2338 3389 2409 Γραφῆς
3439 2337 3703 2406 ἀφανίζει

2117 2424 2417 2491 παντελῶς,
2457 2424 2485 2477 ὁ
2516 2426 2716 2497 πράξει
2743 2428 2831 2482 διὰ
2858 2428 2958 2498 τῆς
3005 2429 3243 2498 φυσικῆς
3286 2428 3514 2501 θεωρίας
3556 2429 3701 2484 ἀποτ-

2116 2516 2346 2571 κτείνων
2382 2516 2482 2589 τὴν
2523 2518 2823 2589 γενομένην
2857 2520 2921 2572 ὲκ
2946 2519 3043 2573 τοῦ
3073 2520 3318 2590 γραπττοῦ
3340 2521 3527 2590 νόμου.
3560 2521 3703 2590 προς

2114 2604 2211 2676 τὴν
2232 2605 2465 2659 ἄστατον
2489 2605 2622 2678 ὕλην
2653 2608 2747 2661 καὶ
2800 2609 3031 2678 ῥέουσαν
3081 2613 3148 2681 τῇ
3208 2610 3355 2681 ψυχῇ
3417 2611 3702 2681 φιλήδονον

2118 2691 2303 2763 σχέσιν
2352 2693 2448 2747 καὶ
2502 2692 2902 2766 φιλοσώματον,
2953 2699 3352 2767 κατασφάττων
3405 2698 3479 2761 ὡς
3527 2701 3698 2751 τέκνα

2114 2781 2210 2835 τοῦ
2245 2781 2417 2836 Σαοὺλ
2443 2781 2538 2835 καὶ
2597 2784 2815 2852 ἔκγονα,
2861 2785 2958 2856 τὴν
3003 2787 3341 2857 χαμαίζηλον
3384 2788 3477 2840 τοῦ
3532 2787 3702 2858 νόμου

2115 2872 2377 2936 διάνοιαν.
2415 2872 2505 2927 διὰ
2550 2874 2723 2946 μέσης
2768 2876 2871 2944 τῆς
2918 2878 3156 2947 φυσικῆς
3210 2877 3464 2947 θεωρίας,
3515 2879 3589 2941 ὡς
3642 2880 3700 2931 ὲν

2117 2958 2234 3031 ὄρει
2276 2959 2354 3031 τῷ
2392 2958 2517 3030 ὕψει
2554 2961 2653 3033 τῆς
2678 2962 2954 3031 γνώσεως,
2982 2965 3077 3017 καὶ
3105 2966 3347 3035 φανερὰν
3372 2967 3699 3032 ποιούμενος

2121 3052 2354 3110 ἐνώπιον
2419 3051 2647 3125 Κυρίου,
2711 3054 2780 3108 δι’
2829 3055 3271 3125 ἐξομολογήσεως
3318 3057 3541 3130 δηλαδὴ,
3599 3059 3697 3128 τὴν

2040 3115 2084 3174 C
2120 3141 2253 3213 πρὸς
2287 3141 2446 3213 σῶμα
2491 3115 2587 3198 τοῦ
2617 3142 2783 3213 νόμου
2814 3115 3083 3213 προτέραν
3116 3115 3380 3214 ’ἐκδοχήνί
3400 3115 3566 3199 Τοῦτο
3587 3115 3696 3216 γάρ

2117 3233 2215 3298 τὸ,
2283 3232 2626 3301 Ἐξηλιάσαι
2652 3273 2668 3300 ,
2728 3233 2967 3292 νοεῖσθαι
3018 3233 3240 3287 δύναται
3287 3238 3403 3299 τοῖς
3460 3235 3694 3306 φιλομα-

2120 3324 2290 3393 θέσιν,
2337 3326 2543 3381 ἔναντι
2616 3326 2861 3395 Κυρίου.
2896 3327 3007 3380 Καὶ
3062 3328 3400 3395 ἐξηλίασαν
3453 3328 3694 3393 αὐτοὺς,

2121 3417 2384 3487 φησὶν,ἐν
2418 3416 2500 3483 τῷ
2530 3418 2649 3487 ὄρει
2685 3421 2892 3473 ἔναντι
2920 3419 3138 3485 Κυρίου
3165 3434 3180 3449 ·
3222 3420 3301 3482 εἰς
3330 3418 3446 3488 φῶς
3471 3420 3696 3485 ἀγαγόν-

2123 3524 2238 3573 τες,
2285 3508 2376 3562 διὰ
2413 3512 2514 3578 τῆς
2541 3507 2797 3577 γνώσεως
2823 3507 3045 3580 δηλαδὴ,
3076 3509 3174 3576 τὴν
3210 3508 3350 3563 κατὰ
3377 3508 3693 3595 ταγρὰμμα

2121 3598 2550 3670 πεπλανημένην
2613 3597 2884 3671 πρόληψιν
2920 3615 2933 3629 ο
2992 3599 3130 3669 ὅπερ
3191 3598 3331 3672 ἐστὶ,
3390 3596 3691 3667 φανερῶσαι

2120 3691 2263 3747 κατὰ
2294 3691 2355 3745 τὸ
2386 3690 2520 3762 ὕψος
2547 3691 2646 3761 τῆς
2671 3690 2903 3759 θεωρίας
2934 3689 2995 3744 τὸ
3019 3692 3254 3762 γράμμα
3278 3689 3373 3744 τοῦ
3412 3689 3576 3760 νόμου
3605 3704 3693 3744 νε-

2121 3781 2253 3852 κρὸν
2282 3780 2372 3837 διὰ
2394 3781 2494 3852 τῆς
2528 3780 2587 3835 ἐν
2610 3780 2885 3852 πνεύματι
2909 3779 3179 3849 γνώσεως.

2191 4068 2289 4127 λθ’.
2333 4069 2402 4124 Τὸ
2423 4068 2678 4139 ψάμμα,
2702 4068 2889 4138 φησὶν,
2921 4067 3260 4121 ἀποκτείνει
3290 4082 3304 4097 ·
3326 4065 3396 4120 τὸ
3414 4064 3481 4119 δὲ
3514 4064 3697 4119 πνεῦο

2115 4179 2201 4230 μα
2229 4160 2512 4224 ζωοποιεῖ.
2539 4161 2632 4213 Διὸ
2653 4160 2761 4233 χρὴ
2808 4161 2868 4213 τὸ
2903 4159 3244 4214 ἀποκτείνειν
3272 4159 3535 4227 πεφυκὸς,
3570 4159 3700 4211 arceo

2123 4251 2430 4309 κτείνεσθαι
2476 4251 2747 4321 πνεύματι
2808 4250 3076 4322 ζωοποιῷ.
3149 4251 3524 4321 Συνυπάρχειν
3594 4249 3701 4318 γὰρ

2122 4344 2373 4415 ἀλλήλοις
2388 4345 2508 4398 κατ’
2541 4344 2824 4413 ἐνέργειαν
2847 4346 2964 4412 ἅμα
2984 4342 3127 4397 κατὰ
3145 4341 3205 4394 τὸ
3225 4340 3356 4395 αὐτὸ
3375 4342 3437 4393 τὸ
3461 4356 3701 4409 σωματιο

442 4434 531 4486 est
563 4435 623 4482 et
641 4429 789 4498 quod
818 4429 1068 4489 divinum
1101 4432 1362 4503 (litteram
1392 4433 1607 4493 scilicet
1650 4444 1708 4491 et
1741 4436 2017 4510 spiritum)

2129 4435 2224 4488 κον
2253 4434 2349 4488 τοῦ
2387 4434 2554 4505 νόμου
2602 4432 2791 4487 καὶτὸ
2822 4431 2987 4494 θεῖον,
3028 4431 3196 4502 ἠγουν
3235 4431 3297 4483 τὸ
3343 4430 3582 4500 γράμμα
3606 4428 3701 4482 καὶ

442 4517 671 4581 omnum
721 4518 841 4577 ﬁeri
874 4537 984 4579 non
1036 4530 1260 4591 potest:
1303 4525 1452 4595 quod
1486 4541 1669 4598 neque
1713 4529 2027 4586 consentire

445 4607 704 4676 habeant,
733 4611 882 4680 quod
912 4621 1110 4670 natura
1146 4617 1312 4672 vitam
1342 4618 1570 4688 praebet,
1617 4629 1674 4675 et
1715 4621 1863 4691 quod
1902 4637 2024 4677 eam

447 4706 630 4775 potest
655 4699 915 4761 adimere.

518 4789 610 4849 40.
642 4791 719 4853 Ea
759 4793 813 4847 vi
863 4794 1095 4865 spiritus
1139 4796 1407 4867 praeditus
1435 4807 1543 4865 est,
1569 4809 1631 4856 ut
1675 4799 1845 4856 vitam
1892 4817 2030 4871 pra:-

447 4881 609 4949 beat;
645 4883 829 4942 littera
856 4901 991 4941 vero
1013 4927 1028 4953 ,
1068 4897 1129 4942 ut
1156 4903 1278 4944 eam
1321 4890 1545 4949 adimat.
1591 4890 1712 4946 Non
1748 4907 1878 4963 ergo
1912 4891 2030 4947 ﬁeri

448 4983 652 5046 potest,
684 4985 746 5035 ut
776 4976 942 5034 simul
990 4978 1171 5035 littera
1198 4996 1263 5035 ac
1279 4980 1508 5051 spiritus
1548 4981 1660 5036 vim
1705 4990 1935 5036 everant
1966 4997 2031 5038 ac

449 5074 789 5136 operentur,
821 5069 902 5123 uti
951 5084 1132 5139 neque
1173 5071 1412 5141 utquod
1464 5070 1745 5131 viviﬁcum
1794 5081 1851 5128 et
1882 5070 2028 5144 quod

451 5154 732 5221 letiferum
754 5168 842 5217 est
865 5173 976 5217 una
1008 5160 1297 5219 exsistant.

522 5311 571 5345 ³⁸
604 5311 651 5370 ll
682 5313 818 5387 Reg.
851 5330 961 5381 ιιι,
998 5313 1023 5367 1
1058 5327 1211 5385 seqq.

528 5445 606 5530 (εἰ)
635 5446 1110 5530 neminemnam}
1147 5446 1448 5530 Δτεὶδηοιιΰτιξ.
1480 5445 1638 5513 Quod
1677 5460 1809 5501 sane
1851 5459 2028 5530 exque

460 5516 808 5597 philosophia
832 5516 1037 5597 optime
1071 5517 1270 5597 extulit
1296 5516 1586 5597 iunximus2
1614 5531 1724 5597 non
1760 5531 1921 5597 posse
1949 5516 2031 5597 sic

460 5585 739 5644 eontraria
764 5585 1068 5641 secundum
1100 5587 1270 5651 idem,
1300 5587 1355 5641 id
1387 5596 1493 5652 est,
1543 5588 1705 5641 simul
1739 5594 1795 5639 et
1836 5585 2029 5650 semel,

457 5656 781 5736 eodemque.
796 5655 956 5726 quasi
989 5672 1220 5736 munere
1247 5671 1408 5736 agere
1429 5696 1443 5721 ,
1499 5657 1721 5736 vimque
1747 5670 2030 5736 exercere,

461 5724 701 5805 quorum
733 5724 994 5805 alterum,
1022 5727 1184 5797 vitae;
1221 5724 1478 5795 alterum,
1512 5724 1851 5784 interitionis
1883 5739 2033 5779 mor-

1289 5314 1332 5346 ⁵¹
1369 5312 1506 5368 ibid.
1537 5313 1589 5369 9.
1668 5313 1713 5345 "
1741 5311 1787 5367 ll
1809 5311 1935 5367 Cor.
1967 5328 2045 5377 Ill,
2077 5313 2131 5366 7.

2125 4523 2188 4579 τδ
2224 4523 2465 4594 πνεῦμα.
2514 4522 2793 4585 παντελῶς
2825 4522 3108 4593 ἀμήχανον
3134 4540 3149 4553 ο
3179 4521 3262 4575 ὅτι
3305 4519 3438 4590 μηδὲ
3471 4536 3700 4588 συμφω·

2127 4618 2237 4671 νεῖν
2284 4615 2497 4685 πέφυκε
2535 4613 2614 4684 τῷ
2647 4612 3009 4685 παρεχομένῳ
3045 4610 3193 4665 κατὰ
3236 4611 3399 4679 φύσιν
3439 4610 3604 4679 ζωὴν,
3644 4608 3701 4663 τὸ

2125 4704 2331 4774 ταύτην
2379 4703 2732 4774 ἀφαιρεῖσθαι
2765 4702 3085 4771 δυνάμενον.

2203 4794 2278 4868 μ’.
2308 4795 2383 4849 Τὸ
2414 4795 2514 4866 μὲν
2540 4792 2778 4864 πνεῦμα,
2831 4792 2975 4863 ζωῆς
3032 4792 3267 4862 ὑπάρχει
3313 4788 3651 4860 παρεκτικὸν
3678 4802 3697 4822 ο

2125 4887 2190 4943 τδ
2229 4886 2288 4941 δὲ
2326 4886 2582 4957 γράμμα,
2619 4884 2767 4954 ζωῆς
2800 4884 2947 4937 ἐστιν
2980 4879 3357 4952 ἁφαιρετικόν.
3399 4877 3611 4932 Οὐκοῦν
3641 4876 3698 4930 οὐ

2126 4979 2351 5034 δύναται
2383 4976 2563 5031 καὶτὸ
2589 4976 2827 5047 γράμμα
2852 4975 3115 5046 πράττειν
3151 4971 3296 5026 κατὰ
3339 4970 3400 5024 τὸ
3447 4968 3581 5022 αὐτὸ
3629 4966 3697 5039 (d)

2128 5068 2223 5122 καὶ
2256 5068 2316 5121 τδ
2356 5064 2594 5137 πνεῦμα,
2628 5063 2817 5136 ὥσπερ
2854 5063 2976 5117 οὐδὲ
3018 5061 3080 5116 τὸ
3109 5060 3372 5125 ζωοποιὸν
3400 5059 3479 5130 τῷ
3505 5057 3701 5130 φθοροο

2127 5158 2265 5230 ποιῷ
2296 5157 2682 5228 συνυπάρχειν.

2127 5443 2307 5512 tisque
2330 5448 2526 5519 auctor
2540 5438 2840 5504 exsistant;
2861 5438 3020 5519 valde
3046 5435 3388 5519 ἁφιλοσᾴφως
3415 5433 3577 5489 Picus
3601 5431 3698 5519 Ne:

2128 5508 2647 5588 guéuntcircajdem
2673 5525 2832 5579 agere
2876 5509 3055 5588 littera
3098 5508 3397 5588 etspiritus
3418 5519 3598 5588 aqua;
3621 5508 3698 5588 est

2131 5572 2247 5652 ipsa
2263 5572 2947 5658 contrariorumessentia:
2973 5593 3039 5632 ac
3061 5572 3293 5658 rationis
3309 5574 3547 5658 negatio.
3566 5572 3699 5658 Sunt

2131 5645 2281 5707 certe
2324 5650 2417 5704 illa
2457 5649 2607 5704 circa
2634 5648 2802 5715 idem,
2834 5649 2932 5705 sed
2957 5664 3069 5704 non
3100 5646 3286 5712 simul,
3319 5645 3416 5701 scd
3442 5658 3615 5699 unum
3636 5653 3695 5696 ex

2130 5722 2241 5783 alio
2264 5728 2322 5776 et
2350 5719 2723 5778 successione.
