4110 6318
439 430 581 499 1365

1145 437 1479 498 CAPITUM
1517 438 1943 512 QUINQUIES
1980 438 2501 501 CENTENORUM
2540 436 2930 499 CENTURIA
2966 436 3032 499 V.

3558 426 3693 492 1366

503 530 615 594 μα’.
632 523 905 593 Περιτομή
923 523 1036 578 ἐστι
1057 528 1313 598 μυστικὴ,
1330 528 1425 598 τῆς
1440 526 1721 598 έμπαθοῦς
1732 530 1874 583 κατὰ
1886 529 2010 582 νοῦν

2183 529 2273 584 Μ.
2305 528 2529 601 Mystica
2562 523 2915 603 circumcisio
2946 530 3065 586 est,
3118 519 3280 590 plena
3326 531 3391 572 ac
3439 516 3691 573 absoluta

431 617 560 687 περὶ
578 616 679 685 τὴν
699 615 1024 670 ἐπείσακτον
1062 617 1274 685 γένεσιν
1325 619 1394 691 (ε)
1435 621 1696 689 σχέσεως,
1741 620 2008 691 παντελὴς

433 706 792 777 περιαίρεσις.
828 708 1081 771 Φυσικῶς
1116 709 1223 781 γὰρ
1253 712 1644 776 ἐπιϐάλλοντες
1672 716 1787 777 τοῖς
1826 714 2007 784 πράγ-

434 816 622 869 μασιν,
683 798 909 870 οῖδαμεν
970 799 1045 863 ὡς
1097 803 1197 855 οὐκ
1247 801 1364 857 ἔστι
1416 804 1693 874 τελειότης
1725 808 1759 876 ή
1801 806 1903 876 τῆς
1943 808 2008 860 ἐκ

427 886 563 940 Θεοῦ
619 887 763 940 κατὰ
825 886 986 953 φύσιν
1038 887 1353 960 ἀρτιότητος
1397 891 1760 962 περιαίρεσις.
1789 894 1863 947 Ού
1900 893 2008 962 γὰρ

430 980 575 1031 ποιεῖ
598 977 911 1048 τελειότητα
941 977 1103 1047 φύσις
1123 978 1210 1032 διὰ
1237 980 1434 1051 τέχνης
1472 981 1862 1054 κολοὸουμὲνη,
1912 983 2007 1037 καὶ

428 1069 517 1122 διὰ
550 1068 851 1139 περινοίας,
880 1069 1354 1140 ἀποτιθεμένη”τὸ
1400 1072 1602 1142 προσὸν
1648 1075 1785 1145 αὐτῇ
1824 1073 2008 1128 θεόθεν

432 1160 571 1213 κατά
592 1159 750 1228 λόγον
789 1159 1175 1231 δημιουργίας,
1216 1161 1303 1215 ἵνα
1345 1161 1421 1233 μὴ
1460 1163 1559 1231 τὴν
1604 1164 1820 1235 τέχνην,
1872 1165 2008 1218 Θεοῦ

432 1250 569 1321 πρὸς
602 1249 891 1320 βεϐαίωσιν
918 1251 1265 1324 δικαιοσύνης
1297 1256 1650 1327 ἰσχυροτέραν
1675 1257 2006 1328 εἰσάγωμεν,

432 1342 527 1394 καὶ
562 1341 660 1414 τὴν
692 1340 1153 1414 περινενοημένην
1182 1345 1281 1415 τῆς
1317 1346 1536 1414 φύσεως
1577 1346 1838 1417 ἔλλειψιν,
1879 1350 2006 1401 ἀνα-

430 1431 786 1502 πληρωτικὴν
829 1430 1117 1503 ποιώμεθα
1156 1434 1252 1501 τῆς
1304 1433 1362 1488 ὲν
1387 1433 1699 1507 δικαιοσύνῃ
1740 1436 1884 1490 λατά
1911 1436 2009 1506 δη-

432 1519 722 1591 μιουργίαν
756 1521 1046 1593 ἐλλείψεως
1084 1540 1098 1556 °
1138 1524 1252 1577 ἀλλ’
1283 1526 1348 1579 ὲκ
1382 1528 1481 1597 τῆς
1512 1525 1747 1595 τοπικῆς
1773 1524 1884 1598 [qu.
1918 1525 2007 1593 65,

428 1609 643 1682 τυπικ.]
674 1611 767 1664 τοῦ
800 1614 1265 1686 περιτεμνομένω
1293 1617 1482 1687 μορίου
1505 1616 1728 1681 θέσεως,
1748 1618 2012 1671 διδασκώ-

431 1702 572 1771 μεθα
611 1704 884 1757 ποιεῖσθαι
925 1706 1221 1775 γνωμικῶς
1266 1705 1416 1778 [ίὸίιί.
1454 1707 1682 1779 γνωστ.]
1722 1707 1820 1779 τὴν
1843 1725 2005 1779 περι-

426 1794 602 1864 τομὴν
632 1795 732 1864 τῆς
754 1796 896 1850 κατά
931 1795 1109 1868 ψυχὴν
1143 1794 1732 1869 ὲμπαθοῦςδιαθέσεως
1754 1815 1770 1832 ⁶
1800 1799 1921 1854 καθ’
1945 1801 2012 1870 ἣν

431 1886 634 1955 μᾶλλον
655 1889 721 1958 τῇ
746 1888 907 1957 φύσει
934 1889 1248 1960 συντρέχειν
1275 1892 1308 1961 ἡ
1331 1891 1523 1960 γνώμη
1557 1889 1897 1962 ῥυθμίζεται,
1919 1890 2013 1946 τὸν

427 1976 652 2046 ἐμπαθῆ
682 1981 782 2048 τῆς
819 1980 1116 2049 ἐπικτήτου
1135 1980 1403 2047 γενέσεως
1433 1981 1594 2049 νόμον
1620 1981 2008 2052 διορθουμένη.

2112 619 2422 675 libidinosae
2444 616 2645 673 mentis
2666 614 2976 671 affectionis
2998 626 3126 683 erga
3149 609 3513 665 adventitium
3534 623 3696 679 gene-

2113 712 2343 768 rationis
2370 721 2557 766 ortum
2587 708 2911 779 amputatio.
2946 705 3164 762 Scimus
3196 702 3344 758 enim
3367 699 3693 755 naturaliter

2111 805 2357 861 animum
2376 803 2543 860 rebus
2579 801 2924 864 adhibentes,
2947 814 3057 852 non
3082 798 3136 851 in
3167 812 3233 852 eo
3250 795 3481 864 positam
3516 791 3699 862 perfe-

2112 897 2373 960 ctionem,
2412 902 2472 949 ut
2512 892 2802 957 naturalis,
2835 905 2957 960 quae
2985 904 3053 944 ex
3092 888 3205 942 Deo
3237 896 3324 950 est
3348 927 3362 949 ,
3406 883 3697 953 integritas

2112 981 2415 1037 auferatur.
2444 982 2564 1036 Non
2588 981 2735 1035 enim
2758 988 2956 1033 natura
2979 993 3077 1047 per
3100 983 3273 1031 artem
3301 974 3548 1028 mutilata
3574 989 3698 1042 per-

2116 1070 2412 1127 fectionem
2455 1071 2816 1137 nanciseitur,
2848 1068 3149 1138 subtilique
3193 1066 3416 1120 invento
3441 1080 3507 1117 eo
3537 1072 3695 1117 trun-

2111 1170 2251 1228 cata,
2277 1163 2425 1233 quod
2455 1179 2549 1234 per
2580 1163 2849 1218 rationem
2875 1159 3170 1217 creationis
3200 1157 3364 1230 620
3389 1156 3466 1210 illi
3492 1155 3696 1209 divini-

2113 1262 2201 1308 tus
2231 1253 2394 1320 inest,
2420 1268 2489 1308 ne
2511 1252 2820 1324 adjustitiaa
2846 1251 3036 1317 robur,
3060 1257 3232 1304 artem
3259 1249 3371 1302 Deo
3406 1246 3690 1300 fortiorem

2076 1363 2080 1367 ‘
2112 1344 2466 1410 inducamus;
2507 1344 2974 1413 adinventumquc
3008 1351 3220 1396 naturae
3261 1338 3557 1401 defectum,
3595 1336 3693 1390 de-

2110 1435 2286 1491 fectus
2303 1434 2529 1508 justitia:
2546 1450 2612 1488 ex
2635 1434 2912 1489 creatione
2936 1434 3377 1502 supplementum
3399 1429 3691 1482 faciamus:

2112 1527 2208 1583 sed
2258 1543 2356 1598 per
2401 1526 2633 1581 membri
2690 1529 2809 1597 ejus
2839 1523 2986 1596 quod
3012 1521 3429 1578 circumciditur
3466 1518 3694 1573 localem

2113 1620 2301 1685 situm,
2328 1618 2828 1674 circumcidendam
2861 1616 3063 1672 mentis
3092 1614 3323 1669 arbitrio
3345 1611 3693 1666 libidinosam

2113 1711 2281 1767 animi
2328 1711 2676 1768 affectionem
2735 1709 3038 1775 discimus;
3093 1708 3253 1778 cujus
3317 1703 3698 1775 amputatione

2114 1804 2464 1873 componitur
2506 1804 2741 1868 animus,
2772 1810 2832 1857 ut
2872 1798 3215 1856 emendanda
3268 1796 3493 1852 aseititii
3543 1802 3699 1849 ortus

2119 1893 2491 1963 generationis
2524 1893 2816 1947 libidinosa
2842 1891 2982 1961 lege,
3016 1904 3141 1945 cum
3170 1897 3367 1943 natura
3414 1886 3596 1957 potius
3636 1898 3702 1937 ae

2118 1983 2197 2038 illi
2230 1998 2414 2038 comes
2446 1983 2601 2038 malit
2645 1997 2997 2037 concurrere.

504 2066 613 2137 μβ’.
645 2069 932 2139 Φυσικδνή
958 2069 1315 2141 ἀκροϐυστία.
1350 2072 1469 2123 Πᾶν
1497 2071 1555 2123 δὲ
1577 2072 1827 2140 φυσικὸν,
1862 2072 2014 2134 θείας

2184 2075 2275 2130 42.
2332 2075 2668 2145 Praeputium
2726 2074 2859 2145 quid
2915 2073 3168 2129 naturale
3237 2080 3341 2127 est.
3406 2066 3695 2138 Quidquid

430 2156 595 2229 ἔργον
627 2159 992 2233 δημιουργίας
1029 2163 1168 2226 ἐστὶ,
1207 2164 1301 2214 καὶ
1335 2162 1456 2216 λίαν
1509 2163 1696 2229 καλὸν,
1749 2162 1891 2216 κατὰ
1922 2164 2020 2233 τὴν

431 2251 749 2321 φάσκουσαν
784 2255 971 2324 φωνήν
999 2271 1013 2285 ·
1063 2254 1174 2310 Καὶ
1207 2251 1367 2309 εἶδεν
1405 2259 1437 2309 ό
1483 2256 1629 2321 Θεὸς
1676 2256 1873 2310 πάντα
1907 2255 2023 2310 ὅσα

431 2340 706 2409 ἐποίησε,
737 2342 837 2395 καί
875 2343 1009 2397 ἰδοὺ
1040 2345 1201 2398 καλὰ
1232 2344 1393 2399 λίαν.
1439 2343 1495 2397 Ὀ
1517 2343 1571 2398 δὲ
1601 2345 1761 2415 νόμος
1791 2343 1863 2406 ὡς
1889 2343 2023 2396 ἀκά-

433 2432 632 2504 θαρτον
670 2434 1075 2504 περιαιρεῖσθαι
1121 2434 1361 2488 κελεύων
1397 2435 1496 2506 τὴν
1531 2436 1899 2506 ἀκροϐυστίαν
1932 2435 2021 2488 διὰ

434 2524 760 2595 περιτομῆς,
786 2526 877 2578 τὸν
906 2526 1038 2580 Θεὸν
1076 2527 1304 2596 εἰσάγει,
1334 2527 1423 2581 διὰ
1464 2528 1665 2598 τέχνης
1707 2528 1765 2581 τὸ
1808 2529 2013 2582 οἰκεῖον

433 2614 818 2687 διορθούμενον
867 2615 1060 2687 ἔργον,
1098 2617 1236 2689 ὅπερ
1267 2619 1370 2672 κᾶν
1406 2620 1607 2672 ἐννοεῖν
1635 2619 2019 2673 ἀσεϐέστατον.

435 2706 645 2761 Οὐκοῦν
682 2709 710 2760 ό
730 2701 844 2771 τοῖς
886 2708 1178 2778 συμϐόλοις
1197 2709 1292 2762 τοῦ
1320 2711 1486 2779 νόμου
1513 2709 1762 2779 φυσικῶς
1792 2709 2020 2764 ἐπιϐάλ-

432 2803 565 2870 λων,
600 2797 741 2858 οἶδεν
761 2803 835 2868 ὡς
865 2805 924 2857 ού
960 2805 1060 2875 τὴν
1091 2805 1253 2874 φύσιν
1312 2808 1339 2858 ὁ
1391 2805 1522 2869 Θεὸς
1581 2803 1887 2876 διορθοῦται
1933 2803 2023 2857 διὰ

434 2892 537 2964 τῆς
572 2894 790 2965 τέχνης,
821 2895 961 2949 ἀλλά
990 2897 1052 2950 τὸ
1088 2896 1367 2959 ὲπιπειθὲς
1400 2894 1546 2966 λόγῳ
1578 2897 1675 2965 τῆς
1699 2894 1878 2965 ψυχῆς
1910 2911 2019 2947 πα-

378 2988 387 2995 ’
436 2984 661 3055 θητικὸν
698 2986 1126 3057 περιτέμνεσθαι
1173 2986 1405 3052 κελεύει,
1442 2986 1504 3039 τὸ
1532 2984 1622 3039 διὰ
1650 2984 1746 3038 τοῦ
1777 3001 2022 3056 σωματι-

436 3075 536 3129 κοῦ
570 3076 761 3146 μορίου
800 3078 1048 3140 τυπικῶς
1095 3078 1445 3151 δηλούμενον,
1486 3078 1620 3148 ὅπερ
1675 3076 1877 3146 γνῶσις
1933 3076 2021 3129 διὰ

437 3164 535 3233 τῆς
566 3163 706 3217 κατά
742 3163 942 3234 πρᾶξιν
988 3165 1233 3237 ἀνδρίας,
1278 3170 1373 3238 τῆς
1406 3165 1630 3236 γνώμης
1664 3162 2022 3218 ἀποτίθεσθαι

440 3254 701 3321 πέφυκεν.
749 3254 807 3307 '0
852 3255 960 3325 γὰρ
1003 3257 1350 3328 περιτέμνων
1383 3257 1584 3327 ἱερεὺς,
1634 3255 1887 3326 σημαίνει
1920 3254 2021 3323 τὴν

438 3345 641 3412 γνῶσιν
668 3385 682 3409 ,
751 3344 849 3415 τὴν
900 3346 1129 3417 ἔχουσαν
1175 3348 1428 3417 καθάπερ
1481 3346 1699 3415 σίδηρον
1739 3344 1879 3398 κατά
1924 3343 2019 3396 τοῦ

2122 2176 2303 2222 autem
2351 2176 2436 2222 est
2461 2168 2735 2231 naturale,
2760 2167 2957 2223 divinae
3008 2164 3304 2219 creationis
3332 2178 3470 2232 opus
3494 2169 3597 2225 est,
3639 2174 3703 2213 ac

2120 2258 2280 2314 valde
2310 2259 2539 2324 bonum,
2566 2258 2719 2328 juxta
2750 2273 2942 2314 vocem
2971 2271 3094 2326 qua:
3136 2255 3213 2311 ait
3246 2271 3259 2309 :
3295 2255 3361 2309 Et
3404 2253 3533 2307 vidit
3562 2251 3700 2305 Deus

2121 2359 2311 2405 cuncta
2333 2367 2451 2421 qua:
2480 2351 2695 2420 fecerat,
2718 2358 2766 2403 et
2792 2365 2904 2402 ecce
2931 2348 3083 2404 valde
3112 2347 3247 2402 bona
3265 2348 3329 2399 ⁵³.
3374 2345 3483 2398 Lex
3518 2352 3701 2397 autem

2122 2441 2255 2497 dum
2282 2442 2726 2498 circumcisionis
2761 2441 2870 2496 ritu
2903 2440 3234 2511 praeputium
3269 2438 3421 2493 velut
3457 2438 3698 2491 immun-

2123 2535 2251 2589 dum
2277 2534 2554 2604 amputari
2580 2533 2759 2604 jubet,
2802 2532 2977 2586 Deum
3022 2528 3325 2584 introducit
3368 2526 3504 2581 artis
3532 2539 3700 2594 opera

2122 2641 2262 2696 opus
2289 2641 2449 2680 suum
2466 2624 2839 2695 corrigentem
2871 2641 2883 2676 :
2910 2623 3057 2692 quod
3082 2621 3330 2691 quidem,
3348 2619 3433 2673 vel
3462 2617 3701 2688 cogitatu

2125 2716 2515 2788 impiissimum
2540 2724 2645 2772 est.
2677 2717 2782 2783 Qui
2816 2717 2985 2787 igitur
3021 2715 3160 2785 legis
3189 2710 3455 2785 symbolis
3502 2715 3700 2764 natura

2124 2807 2265 2862 duce
2295 2807 2535 2862 attendit
2561 2807 2830 2870 animum,
2863 2822 2973 2859 non
3010 2802 3303 2858 emendare
3323 2801 3497 2855 Deum
3538 2804 3701 2851 natu-

2125 2914 2240 2953 ram
2268 2898 2404 2953 artis
2429 2913 2533 2967 ope
2554 2897 2841 2967 intelligit;
2869 2896 2965 2951 sed
2994 2895 3313 2965 prmcipere,
3343 2900 3402 2945 ut
3422 2887 3702 2959 patibilem

2124 2986 2293 3042 animi
2321 2985 2633 3041 facultatem
2665 2985 2863 3040 rationi
2900 2984 3300 3052 obsequentem
3334 2975 3702 3034 circumcida-

2124 3093 2268 3145 mus,
2287 3092 2407 3147 qua:
2438 3076 2648 3131 scilicet
2672 3075 2977 3146 corporalis
2997 3072 3229 3128 membri
3253 3069 3425 3141 figura
3452 3067 3704 3136 designe—

2127 3179 2250 3235 tur;
2279 3184 2440 3238 quam
2470 3168 2663 3237 utique
2688 3166 2940 3229 scientia,
2970 3164 3130 3219 fortis
3163 3161 3397 3217 actionis
3419 3159 3494 3222 vi,
3519 3158 3703 3212 animo

2124 3261 2366 3330 abjieere
2396 3260 2580 3314 habet.
2608 3257 3026 3314 Circumeidens
3040 3256 3186 3310 enim
3213 3250 3490 3315 sacerdos,
3522 3249 3703 3304 scien-

2127 3352 2260 3406 tiam
2316 3349 2634 3420 signiﬁcat,
2701 3349 2852 3403 velut
2921 3348 3069 3402 ferro
3127 3345 3393 3400 adversus
3447 3342 3702 3398 affectum

442 3433 672 3503 πάθους,
701 3435 798 3505 τὴν
838 3435 930 3489 τοῦ
968 3436 1129 3505 λόγου
1186 3439 1330 3492 κατά
1382 3438 1477 3508 τὴν
1524 3436 1725 3508 πρᾶξιν
1776 3434 2018 3505 ἀνδρίαν.

2128 3442 2437 3512 vitiumque
2461 3456 2555 3503 seu
2582 3439 3075 3511 perturbationem,
3103 3436 3228 3491 forti
3254 3434 3491 3489 actionis
3514 3431 3706 3501 vigore

455 3525 801 3596 Ἀφανίζεται
840 3526 947 3599 γὰρ
985 3531 1016 3599 ή
1050 3529 1148 3583 τοῦ
1227 3529 1393 3600 νόμου
1444 3529 1777 3600 παράδοσις,
1836 3527 2026 3581 πλεον-

441 3618 725 3682 εκτούντος
746 3619 807 3672 τὸ
834 3621 1067 3692 γράμμα
1094 3621 1187 3676 τοῦ
1214 3623 1538 3694 πνεύματος.

518 3716 629 3779 μγ’.
673 3711 746 3764 Τὸ
770 3712 1075 3779 Σάϐϐατον,
1119 3713 1310 3767 παθῶν
1353 3716 1471 3767 ἐστι
1507 3713 1731 3783 καὶτῆς
1767 3713 1898 3784 περὶ
1927 3712 2027 3783 τὴν

446 3802 611 3872 φύσιν
638 3802 749 3856 τῶν
775 3804 947 3858 ὄντων
975 3804 1070 3857 τοῦ
1129 3803 1221 3858 νοῦ
1267 3805 1539 3874 κινήσεως
1596 3802 1904 3867 ἀνάπαυσις
1932 3820 1946 3835 ο
1991 3801 2025 3872 ἢ

444 3892 628 3946 τελεία
664 3893 851 3946 παθῶν
878 3892 1143 3965 ἀπραξία,
1176 3893 1272 3947 καὶ
1295 3894 1393 3963 τῆς
1423 3891 1549 3963 περί
1577 3891 1646 3944 τὰ
1677 3891 2027 3962 πεποιημένα

446 3984 707 4054 καθολικὴ
730 3983 822 4037 τοῦ
846 3983 936 4037 νοῦ
966 3985 1146 4038 παύλα
1181 3984 1468 4054 κινήσεως,
1499 3982 1594 4036 καὶ
1620 3982 1757 4053 πρὸς
1783 3983 1841 4034 τὸ
1871 3980 2026 4035 Θεῖον

444 4071 624 4125 τελεία
677 4071 925 4135 διάϐασις
952 4086 966 4101 °
1016 4074 1071 4125 ὲν
1105 4066 1149 4139 ᾧ
1196 4070 1286 4124 τὸν
1313 4069 1380 4123 δι’
1419 4070 1620 4139 ἀρετῆς
1647 4069 1743 4123 κοιλ⁸
1774 4067 2028 4138 γνώσεως

448 4161 589 4216 κατὰ
632 4161 695 4214 τὸ
746 4160 965 4231 θεμιτὸν
1015 4161 1368 4232 ἀφικόμενον,
1400 4161 1459 4213 ού
1500 4161 1582 4213 δεῖ
1605 4159 1863 4230 καθάπερ
1894 4158 2027 4223 ξύλα

447 4252 546 4325 τὴν
581 4253 792 4307 οἰανοῦν
826 4253 1110 4317 παντελῶς
1141 4251 1276 4323 ὕλην
1318 4250 1619 4323 ὲξαπτικὴν
1672 4251 2026 4323 ἐνθυμεῖσθαι

446 4344 658 4410 παθῶν,
682 4345 805 4400 οὕτε
863 4346 971 4418 μὴν
1023 4331 1247 4416 φύσεως
1296 4345 1624 4417 τοπαράπαν
1666 4347 2027 4415 ἀναλέγεσθαι

447 4437 659 4506 λόγους,
691 4438 779 4491 ἵνα
818 4437 893 4509 μὴ
939 4437 1173 4492 πάθεσιν
1222 4437 1503 4506 ἡδόμενον,
1549 4437 1583 4507 ἢ
1626 4436 1843 4505 φύσεως
1882 4438 2028 4508 ὅροις

452 4527 847 4599 μετρούμενον,
872 4530 1014 4583 κατά
1047 4529 1174 4592 τοὺς
1204 4528 1469 4599 ’Έλληνας
1491 4527 1583 4581 τὸν
1613 4529 1745 4581 Θεὸν
1774 4528 2030 4598 δογματί-

451 4619 631 4690 ζωμεν
656 4614 675 4649 ·’
698 4622 865 4692 ὅνπερ
895 4623 929 4693 ἡ
965 4621 1146 4675 τελεία
1183 4620 1317 4692 μόνη
1352 4620 1593 4692 κέκραγε
1637 4621 1788 4693 σιγὴ,
1842 4622 1936 4676 καὶ
1986 4625 2019 4695 ἡ

447 4712 716 4784 παντελὴς
739 4714 861 4767 καθ’
888 4714 1163 4785 ὑπεροχὴν
1197 4714 1442 4780 ἀγνωσία
1488 4715 1787 4786 παρίστησι
1818 4715 1903 4785 (f).

2130 3535 2479 3590 instructam.
2514 3531 2747 3587 Aboletu
2759 3547 2782 3584 r
2796 3529 2942 3586 enim
2966 3526 3270 3599 corporalis
3296 3525 3432 3595 legis
3458 3522 3704 3583 traditio,

2127 3639 2192 3678 ea
2226 3623 2438 3678 ratione
2468 3621 2616 3691 quod
2645 3620 2871 3689 spiritus
2899 3619 3097 3674 littera:
3121 3617 3397 3687 praevalet.

2199 3714 2289 3769 45.
2316 3714 2637 3775 Sabbatum,
2664 3711 2957 3765 affectuum
2991 3718 3075 3764 est
3102 3725 3165 3763 ac
3190 3706 3668 3779 perturbationum
3687 3744 3704 3769 ,

2129 3813 2423 3872 motusque
2473 3800 2643 3855 animi
2698 3798 2845 3855 circa
2897 3813 3081 3853 rerum
3134 3794 3385 3852 naturam
3440 3797 3598 3867 quies
3652 3803 3709 3850 et

2128 3894 2361 3955 cessatio
2389 3911 2401 3946 :
2428 3898 2523 3947 aut
2550 3891 2844 3945 affectuum
2873 3889 3463 3959 perturbationumquc
3496 3886 3708 3941 sedatio

2126 3994 2183 4040 et
2209 3969 2430 4047 inertia,
2466 3979 2906 4049 universalisque
2935 3979 3101 4032 animi
3121 3986 3302 4032 motus
3330 3977 3474 4032 circo
3500 3992 3563 4030 ea
3589 3992 3707 4045 qua:

2127 4074 2353 4131 condita
2383 4080 2532 4137 sunt,
2568 4070 2691 4125 linis
2725 4070 2968 4140 atquein
2998 4070 3169 4124 Deum
3219 4067 3495 4139 perfectus
3526 4078 3703 4122 trans-

2129 4167 2240 4222 itus
2269 4183 2283 4221 :
2319 4166 2375 4220 in
2396 4180 2561 4236 quem
2591 4162 2687 4234 qui
2719 4164 2924 4218 virtute
2962 4178 3026 4218 ac
3051 4161 3303 4226 scientia,
3351 4159 3531 4230 quoad
3555 4159 3704 4222 licet,

2128 4257 2388 4321 evaserit,
2422 4266 2614 4311 caveat
2659 4269 2885 4310 necesse
2919 4262 3023 4318 est,
3074 4269 3139 4308 ne
3175 4261 3434 4322 tanquam
3467 4251 3613 4322 ligna
3639 4249 3705 4312 ⁵³,

2134 4351 2298 4405 ullam
2361 4363 2592 4419 prorsus
2653 4348 2939 4402 materiam
2989 4347 3173 4400 animo
3229 4344 3535 4413 concipiat,
3588 4359 3709 4410 qum

2129 4435 2420 4495 affectibus
2436 4455 2500 4493 ac
2516 4436 3025 4508 perturbationibus
3047 4437 3287 4490 fomento
3317 4434 3422 4499 sit;
3452 4440 3508 4487 at
3532 4448 3709 4502 neque

2130 4531 2358 4587 omnino
2413 4539 2626 4584 natura:
2682 4530 2927 4583 rationes
2984 4528 3234 4599 colligat,
3292 4542 3361 4582 ne
3392 4525 3711 4581 Graecorum

2132 4638 2308 4688 more,
2334 4622 2529 4689 Deum,
2553 4623 2640 4676 vel
2671 4621 2964 4677 affectibus
2989 4621 3342 4692 gaudentem,
3380 4618 3468 4673 vel
3498 4625 3711 4672 natura:

2136 4714 2391 4770 terminis
2436 4729 2819 4771 commensum
2868 4720 3206 4771 statuamus:
3250 4727 3414 4789 quem
3466 4708 3712 4782 perfecta

448 4803 624 4858 solum
651 4804 858 4859 silentii
883 4805 1131 4859 clamitat
1148 4804 1338 4876 religio
1357 4805 1427 4870 ⁸³,
1451 4820 1515 4860 ac
1537 4805 1699 4875 plena
1720 4805 2027 4861 secundum
2064 4805 2447 4862 excellentiam
2479 4804 2788 4879 ignorantia
2820 4813 3195 4876 repraesentat.

520 4963 567 4994 ⁵³
596 4961 732 5017 Gen.
766 4978 825 5026 ιι,
856 4961 947 5016 51.

1024 4960 1070 4994 ⁵⁸
1104 4962 1267 5015 Num.
1303 4978 1391 5026 xv,
1426 4962 1514 5017 52.
1592 4962 1639 4994 ⁸⁸
1672 4961 1814 5017 Psal.
1855 4978 1996 5029 LXIV,
2028 4964 2085 5018 2.

523 5103 593 5175 (el
633 5105 769 5170 Περί
825 5104 942 5171 τὴν
997 5102 1374 5175 ἑπείσακτοῃ
1406 5100 1669 5175 Ter-saw.
1704 5102 2018 5175 Necessario

2132 5112 2415 5175 peccante.
2448 5103 2604 5169 Quod
2632 5106 2710 5167 τὸ,
2729 5100 3036 5175 γνωμικῶς
3072 5099 3369 5175 (quomqu
3398 5099 3706 5154 faciendam

453 5170 707 5229 restituta
739 5190 843 5227 vox
876 5188 944 5227 ex
970 5188 1099 5226 mss.
1127 5188 1249 5241 quae
1288 5170 1455 5225 editis
1489 5171 1699 5237 deerat,
1733 5182 1789 5227 et
1825 5174 2027 5242 repeti-

453 5252 545 5299 tur
571 5244 625 5298 in
657 5244 762 5297 fine
789 5243 1006 5312 capitis.
1025 5243 1144 5297 Non
1165 5242 1311 5297 enim
1333 5243 1480 5297 circa
1505 5244 1721 5309 γένεσιν
1750 5245 2023 5308 absolute,

453 5315 534 5369 sic
583 5314 883 5370 libidinosa
906 5322 1158 5368 versatur
1199 5312 1401 5367 mentis
1453 5312 1708 5377 affectio,
1754 5314 1850 5368 sed
1880 5315 2026 5370 circa

452 5386 667 5452 γένεσιν
720 5384 1067 5447 ἐπείσακτον,
1105 5398 1229 5453 qua:
1260 5398 1326 5437 ex
1360 5390 1586 5452 peccato
1615 5383 1837 5438 advenit
1863 5393 2026 5439 natu-

453 5469 548 5518 raa,
570 5463 635 5533 ,ει
657 5470 833 5533 quam_
848 5454 1112 5533 Maximus
1143 5469 1255 5507 non
1287 5468 1420 5533 raro
1433 5453 1684 5533 γέννησιν
1706 5462 2025 5533 vocat,_op-

454 5523 722 5592 ponitque
772 5525 838 5593 τῇ
863 5524 1106 5591 γενέσει·
1141 5539 1262 5591 qua:
1284 5524 1355 5577 sit
1378 5523 1611 5593 simplex
1640 5525 1951 5593 procreatio
1970 5523 2027 5579 et

456 5599 636 5655 ortus,
668 5593 847 5662 qualis
889 5608 920 5647 a
963 5595 1076 5648 Deo
1101 5593 1290 5647 Adami
1323 5593 1447 5658 fuit,
1479 5609 1591 5647 non
1614 5593 1707 5662 qui
1739 5595 2027 5649 brutorum

460 5671 613 5715 more
643 5661 1021 5718 commistione
1053 5664 1324 5717 seminum
1372 5678 1436 5718 ac
1483 5661 1715 5718 libidine
1758 5664 1815 5717 in
1867 5664 2027 5720 nobis

460 5729 727 5810 tiu-quod
763 5733 960 5810 passim
1007 5732 1273 5787 Maximus
1315 5742 1437 5810 post
1465 5731 1606 5804 Greg
1645 5734 1809 5810 _Nyss_.
1842 5748 1908 5789 ac
1928 5750 2025 5789 su-

461 5800 710 5871 periores
771 5800 1056 5872 theologos
1112 5813 1272 5874 negat
1316 5800 1600 5857 'futurum'
1645 5800 1868 5858 homine
1914 5819 2024 5860 non

2131 5170 2614 5230 circumcisionem
2659 5171 2965 5241 spiritalem
3006 5170 3239 5225 ac‘vere
3275 5170 3385 5223 Deo
3424 5176 3705 5241 acceptam

2131 5253 2320 5299 monet
2345 5242 2633 5312 Maximus)
2663 5238 2788 5297 scite
2827 5240 3029 5294 reddit.
3072 5241 3255 5312 Picus,
3287 5255 3396 5312 non
3422 5238 3564 5312 satis
3596 5238 3708 5312 sci—

2133 5324 2273 5377 tum,
2305 5325 2381 5369 est
2405 5308 2924 5379 animo,'voluntate,
2959 5326 3025 5365 ac
3042 5308 3191 5380 quod
3245 5308 3481 5373 reddidi,
3519 5309 3709 5363 mentis

2130 5385 2350 5439 arbitrio
2366 5425 2381 5448 ,
2416 5384 2698 5452 animique
2716 5381 3008 5437 sententia.

2202 5454 2265 5525 (ί)
2311 5455 2373 5509 Ἠ
2396 5448 2705 5519 παντελὴς
2753 5452 2881 5525 καθ’
2906 5448 3219 5525 ὑπερρχὴν
3251 5448 3519 5525 (irrctivit:
3555 5461 3706 5515 παρ-

2130 5517 2363 5592 ιστὴσι.
2396 5524 2549 5578 istud
2577 5517 2909 5593 ex‘mystica:
2933 5517 3218 5593 theologia:
3243 5520 3365 5593 sinu
3391 5517 3623 5593 petitum
3641 5533 3705 5593 ac

2134 5587 2416 5665 Dionysio,
2449 5610 2560 5663 quo
2589 5587 2890 5665 eminentia
2941 5587 3192 5665 quaedam
3237 5588 3482 5644 scientiae
3506 5587 3707 5665 divini-

2137 5673 2224 5720 tus
2256 5656 2531 5720 concessa:
2561 5678 2726 5732 supra
2759 5656 3056 5732 humanam
3089 5660 3422 5732 denotatur;
3457 5656 3538 5713 uti
3568 5666 3623 5732 et
3651 5657 3705 5713 in

2133 5749 2201 5789 eo
2250 5734 2398 5805 quod
2432 5727 2661 5789 stultum
2692 5732 2787 5805 Dei
2826 5731 3163 5805 nominatur,
3182 5730 3440 5805 eminens
3456 5727 3704 5804 quamam

2134 5794 2300 5876 supra
2332 5805 2627 5861 humanam
2662 5800 2960 5873 sapientia;
3013 5800 3093 5855 uti
3113 5800 3313 5857 Paulus
3357 5794 3526 5854 lCo}.
3554 5812 3590 5859 ι,
3623 5794 3704 5848 si-
