4122 6322
520 398 673 472 ’13η

1719 419 1780 479 S.
1824 418 1880 479 Μ
1887 419 2109 479 AXlMI
2148 418 2657 481 CONFESSORIS

3657 415 3810 480 1312

612 520 700 577 59.
727 523 1006 579 Terrenus
1035 525 1335 595 Scriptura:
1367 543 1562 583 sensus
1597 531 1763 585 animi
1798 534 2008 602 potitus
2040 533 2103 587 il-

2283 535 2379 604 νβ’.
2430 534 2488 588 '0
2544 537 2725 605 χοῖκδς
2785 538 2910 600 νοῦς
2958 537 3054 605 τῆς
3108 535 3353 605 1“ρα;ρῆς,
3423 533 3639 604 κρατῶν
3695 534 3807 599 τῆς

539 609 692 679 lique
712 610 1011 680 imperans,
1046 615 1334 668 naturales
1356 616 1545 686 abjicil
1571 617 1733 689 623
1772 620 2016 675 rationes
2044 621 2109 686 ⁵⁸,

538 702 873 755 naturalium
894 702 1216 759 facultatum
1238 706 1411 761 abusu
1432 722 1524 762 eas
1548 710 1776 765 abolens
1800 728 1863 765 ac
1886 728 2109 766 necans.

538 788 805 845 Hiceuim
834 792 965 847 dum
994 795 1147 858 vivit,
1189 798 1282 865 qui
1315 800 1429 853 sola
1453 816 1620 853 carne
1653 801 1826 871 legem
1864 804 2109 868 deﬁniat,

530 884 818 939 naturales
841 887 1087 942 rationes
1118 903 1181 941 ac
1209 892 1573 957 cogitationes
1606 908 1797 948 revera
1836 897 2115 952 Consumit

530 981 592 1027 et
642 977 994 1045 persequitur
1041 980 1355 1049 pcrditque,
1404 983 1556 1037 velut
1603 985 1819 1039 scilicet
1868 985 2110 1051 divinos,

534 1063 994 1131 probrosissimos
1022 1068 1255 1123 allectus
1279 1072 1469 1127 colens
1497 1073 1542 1103 ⁸⁸
1571 1091 1584 1126 :
1620 1089 1761 1142 quos
1786 1077 1977 1145 utique
2018 1093 2114 1131 na-

537 1154 744 1209 turales
770 1156 1033 1219 rationes.
1056 1175 1153 1228 per
1180 1161 1317 1231 legis
1343 1163 1572 1231 spiritus
1598 1164 1795 1219 factam
1824 1167 1907 1222 eis
1936 1168 2111 1223 licen-

535 1243 686 1305 tiam.
719 1246 775 1301 in
810 1263 979 1302 unum
1008 1264 1204 1306 omnes
1233 1252 1560 1308 interimunt
1593 1270 1657 1310 ac
1678 1268 1900 1312 necant.

603 1442 692 1497 55.
734 1442 931 1499 Statim
956 1461 1020 1500 ac
1045 1448 1245 1518 aliquis
1277 1450 1538 1506 virtutum
1564 1451 1970 1524 philosophiam
2009 1471 2113 1509 ra-

535 1533 685 1590 tione
723 1535 945 1601 obierit,
979 1538 1392 1609 Seripturarum
1423 1559 1642 1614 quoque
1669 1527 1891 1599 sensum
1921 1545 1975 1599 in
1995 1545 2109 1615 spi-

533 1626 703 1681 ritum
760 1636 958 1684 natura
1015 1635 1315 1699 transtulit,
1371 1644 1431 1690 ut
1483 1635 1535 1689 in
1594 1637 1835 1691 novitate
1883 1638 2111 1707 spiritus

534 1718 715 1788 reipsa
742 1736 844 1789 per
860 1723 1115 1778 sublimia
1148 1741 1308 1780 sensa
1346 1727 1458 1782 Deo
1499 1728 1726 1793 serviat,
1770 1745 1882 1783 non
1923 1740 2107 1785 autem

532 1810 590 1864 in
626 1821 898 1869 vetustate
943 1814 1140 1870 littera:
1172 1832 1272 1887 per
1301 1817 1652 1873 humiliorem
1681 1835 1748 1874 ex
1781 1835 1976 1875 sensus
2016 1837 2107 1876 ra-

533 1899 685 1955 tione
723 1903 790 1968 “,
831 1912 892 1958 ut
949 1907 1171 1976 corpori
1216 1919 1595 1978 comparatum
1630 1925 1715 1965 εει
1740 1952 1755 1976 ,
1790 1912 1927 1983 legis
1956 1928 2109 1968 accc-

528 1991 794 2060 ptionem,
822 1996 1119 2051 aﬂectuum
1154 2010 1342 2069 pastor
1383 2002 1452 2067 °',
1485 2017 1548 2057 ac
1569 2003 1778 2072 peccati
1809 2004 1988 2058 cultor
2013 2004 2108 2060 Ju-

528 2081 773 2137 dmorum
796 2100 949 2139 more
980 2086 1274 2142 eﬂlciatur.

598 2172 687 2227 54.
714 2173 835 2228 Mox
858 2191 921 2231 ac
941 2177 1138 2245 aliquis
1164 2192 1229 2231 ex
1246 2194 1439 2235 sensus
1469 2181 1682 2236 ratione
1712 2182 1785 2235 ita
1814 2185 2107 2252 utcorpori

528 2274 903 2333 comparatum
965 2278 1085 2330 est,
1141 2268 1477 2338 Scripturam
1536 2274 1785 2341 accipere
1839 2274 2103 2340 desierit,

527 2360 714 2408 mente
751 2371 971 2424 quoque
1010 2358 1075 2411 ad
1113 2359 1364 2427 spiritum
1394 2371 1591 2414 natura
1617 2363 1796 2416 media
1825 2373 2103 2428 excurret,

525 2460 592 2499 ea
626 2446 949 2515 spiritaliter
985 2465 1170 2518 agens,
1194 2467 1313 2518 quze
1341 2451 1562 2507 Judzeus
1596 2455 1957 2523 corporaliter
1981 2472 2107 2525 per-

525 2538 759 2607 agenda,
798 2539 941 2594 irato
975 2542 1087 2595 Deo
1118 2542 1312 2597 utitur.

598 2628 688 2682 55.
725 2629 877 2685 Mens
902 2632 1083 2685 omnis
1112 2633 1297 2688 divina
1340 2635 1543 2704 pietate
1571 2635 1787 2690 excelsa
1817 2646 1980 2707 atque
2008 2653 2103 2692 su-

528 2716 735 2783 blimis,
781 2720 967 2785 simul,
1016 2730 1129 2775 tum
1170 2723 1431 2779 vitiorum
1478 2740 1542 2779 ac
1581 2724 1878 2780 libidinum
1923 2736 2104 2781 actum

524 2809 740 2880 jugulat
781 2825 845 2866 ac
883 2813 1175 2878 interimit,
1224 2822 1336 2868 tum
1386 2814 1779 2885 cogitationum
1825 2817 2106 2887 animique

528 2901 800 2956 rationum
830 2903 1148 2959 indecorum
1184 2915 1392 2960 motum
1429 2924 1442 2962 :
1476 2906 1543 2960 ad
1576 2906 1693 2961 haec
1734 2907 1902 2962 etiam
1931 2949 1945 2972 ,
2004 2909 2105 2963 ab-

535 2993 731 3048 usione
755 3004 1072 3051 constantes
1092 2998 1325 3051 lascivos
1341 3013 1598 3053 sensuum
1624 3000 1964 3070 operationis
1984 3015 2105 3054 mo-

527 3080 648 3136 dos.
694 3082 824 3137 Neci
872 3086 1021 3140 euim
1074 3085 1367 3140 traduntur
1409 3065 1767 3142 allectus—ac
1822 3065 2101 3153 libidines,

2212 626 2410 697 ψυχῆς,
2430 629 2556 690 τοὺς
2588 629 2844 697 φυσικοὺς
2870 628 3229 682 ἀποϐάλλεται
3263 627 3474 694 λόγους,
3512 627 3580 695 τῇ
3612 640 3807 693 παρα-

2213 720 2406 789 χρήσει
2430 720 2538 773 τῶν
2558 721 2697 773 κατὰ
2721 722 2883 790 φύσιν
2904 721 3181 790 δυνάμεων
3211 720 3409 782 αὐτοὺς
3427 718 3800 785 ἐξαφανίζων.

2210 804 2383 873 Οὗτος
2428 811 2537 882 γὰρ
2590 812 2720 876 ζῶν,
2768 812 2854 864 ἐπ’
2893 810 3150 882 ἀληθείας
3186 809 3431 863 συντελεί
3462 808 3558 860 καὶ
3602 807 3802 859 διώκει

2213 904 2307 956 καὶ
2335 902 2615 964 ἀπόλλυσι,
2675 903 2837 974 σαρκὶ
2899 903 3036 975 μόνῃ
3075 902 3163 955 τὸν
3201 902 3366 971 νόμον
3403 897 3799 972 περιγράιρων,

2210 995 2337 1055 τοὺς
2360 995 2502 1048 κατά
2529 994 2689 1062 φύσιν
2729 996 2871 1064 φημὶ
2901 995 3093 1062 λόγους
3126 993 3221 1046 καὶ
3255 992 3571 1061 λογισμοὺς,
3612 989 3802 1057 τιμῶν

2212 1082 2288 1145 ὡς
2319 1082 2436 1136 θεία
2461 1084 2529 1137 τὰ
2553 1084 2699 1156 πάοη
2728 1084 2829 1155 τῆς
2875 1085 3116 1154 ἀτιμίας,
3163 1082 3308 1154 ἅπερ
3346 1084 3394 1135 οἱ
3444 1080 3586 1135 κατά
3625 1080 3800 1149 φύσιν

2212 1170 2482 1241 λογισμοὶ,
2544 1173 2914 1242 λαμϐάνοντες
2963 1175 3146 1228 ἄδειαν
3196 1174 3301 1227 ὑπὸ
3356 1172 3449 1225 τοῦ
3492 1172 3658 1239 νόμου
3697 1169 3799 1223 τοῦ

2213 1262 2545 1332 πνεύματος,
2612 1264 3027 1318 ἀποκτείνουσιν
3087 1264 3373 1317 mmo-:5
3447 1262 3543 1315 καὶ
3621 1261 3798 1314 θανα-

2211 1351 2418 1406 τοῦσιν.
2883 1422 2891 1430 _

2281 1442 2381 1511 vT’.
2414 1444 2569 1514 ’Ἅμα
2606 1461 2691 1509 τις
2726 1446 2825 1516 τήν
2860 1445 2970 1498 τῶν
3004 1443 3217 1515 ἀρετῶν
3255 1442 3490 1510 λογικῶς
3536 1440 3797 1510 μετέλθοι

2211 1533 2549 1602 φιλοσοφίαν,
2617 1534 2735 1605 ἅμα
2785 1535 2880 1587 καὶ
2923 1534 3020 1605 τὴν
3073 1532 3180 1587 τῶν
3249 1531 3484 1601 Γραφῶν
3532 1532 3673 1602 πρὸς
3734 1531 3800 1582 τδ

2211 1621 2427 1693 πνεῦμα
2454 1623 2700 1691 φυσικῶς
2741 1626 3073 1694 μετήνεγκεν
3109 1622 3361 1694 ἐκδοχὴν,
3394 1623 3455 1673 ὲν
3500 1622 3795 1691 καινότητι

2211 1714 2520 1783 πνεύματος
2548 1716 2869 1786 πρακτικῶς
2907 1716 2995 1769 διὰ
3019 1714 3125 1768 τῶν
3157 1713 3378 1786 ὑψηλῶν
3407 1713 3796 1783 θεωρημάτων

2209 1804 2287 1873 τῷ
2317 1804 2436 1875 Θεῷ
2463 1805 2763 1875 λατρεύων,
2810 1806 2905 1858 καὶ
2948 1805 3008 1857 οὐ
3054 1804 3377 1870 παλαιότητι
3431 1804 3791 1872 γράμματος.

2141 1876 2178 1928 Β
2207 1896 2298 1950 διὰ
2328 1896 2423 1965 τῆς
2446 1898 2567 1949 κατ’
2595 1896 2851 1967 αἴσθησιν
2882 1896 3017 1966 πρὸς
3061 1896 3222 1965 σῶμα
3259 1895 3655 1962 ταπεινοτέρας
3689 1892 3792 1946 τοῦ

2209 1988 2376 2057 νόμου
2409 1988 2746 2059 παραδοχῆς,
2793 1987 3028 2058 τροφεὺς
3070 1985 3260 2039 παθῶν
3305 1984 3448 2039 κατά
3474 1986 3601 2045 τοὺς
3646 1983 3788 2036 Ἰου-

2207 2079 2392 2142 δαίους
2421 2078 2729 2149 γινόμενος.
2760 2080 2854 2132 κα).
2894 2078 3172 2149 ἁμαρτίας
3197 2076 3564 2148 θεραπευτής.

2274 2169 2368 2222 νδ’.
2405 2169 2561 2239 ’Δμα
2583 2186 2665 2232 τις
2697 2169 2967 2223 παύσεται
3004 2169 3132 2224 κατ’
3162 2168 3419 2239 αἴσθησιν
3453 2169 3589 2238 πρὸς
3623 2169 3790 2238 σῶμα

2206 2259 2304 2330 τὴν
2331 2260 2555 2331 Γραφὴν
2578 2261 2957 2330 ὶκδεχὸμενος,
2996 2260 3111 2329 ἃμα
3135 2262 3233 2314 καὶ
3268 2260 3403 2330 πρὸς
3448 2260 3508 2313 τὸ
3559 2258 3790 2329 πνεῦμα

2209 2351 2348 2404 κατά
2368 2350 2495 2403 νοῦν
2522 2350 2611 2403 διὰ
2648 2352 2824 2420 μέσης
2850 2352 3139 2422 ἀνατρέχει
3167 2355 3268 2422 τῆς
3311 2350 3550 2421 φύσεως,
3594 2351 3791 2405 ἐκεῖνα

2208 2444 2462 2513 πράττων
2493 2444 2901 2513 πνευματικῶς,
2933 2444 3077 2514 ᾶπερ
3107 2442 3438 2512 σωματικῶς
3458 2443 3488 2496 ὀ
3527 2442 3787 2506 Ἰουδαῖος

2206 2537 2492 2599 ἐπιτελῶν,
2521 2536 2635 2607 ἔχει
2667 2537 2759 2590 τὸν
2782 2537 2915 2590 Θεὸν
2939 2536 3320 2607 ὀργιζόμενον.

2276 2635 2371 2683 νε¹.
2412 2631 2528 2691 Πᾶς
2558 2630 2685 2694 νοῦς
2730 2629 2874 2684 κατά
2918 2629 3050 2682 Θεὸν
3096 2629 3298 2699 ὑῂλὸς
3336 2628 3432 2683 καὶ
3479 2627 3784 2698 μετέωρος,

2206 2721 2350 2775 κατά
2387 2719 2450 2773 τὸ
2479 2721 2630 2783 αὐτὸ,
2649 2723 2752 2791 τήν
2781 2738 2841 2774 τε
2873 2720 2984 2774 τῶν
3007 2720 3194 2773 παθῶν
3223 2720 3597 2789 κατασφάττει
3624 2719 3787 2786 ἐνέρ-

2204 2830 2378 2885 γειαν,
2419 2814 2515 2867 καὶ
2569 2813 2672 2885 τὴν
2710 2814 2821 2867 τῶν
2864 2813 3140 2884 λογισμῶν
3191 2814 3476 2883 ἀσχήμονα
3525 2811 3782 2881 κίνησιν

2206 2906 2344 2977 πρὸς
2366 2905 2445 2969 δὲ,
2480 2906 2575 2959 καὶ
2612 2906 2740 2968 τοὺς
2764 2904 2906 2957 κατά
2937 2906 3287 2974 παράχρησιν
3317 2904 3418 2974 τῆς
3444 2903 3554 2959 τῶν
3576 2904 3784 2973 αἰσθή-

2209 3017 2348 3053 σεων
2374 2999 2657 3071 ἐνεργείας
2703 2997 3043 3061 ἀκολάστους
3089 2998 3345 3067 τρόπους.
3403 2994 3785 3066 Ἀναιροῦνται

2207 3087 2316 3160 γὰρ
2334 3088 2402 3142 τὰ
2424 3089 2570 3160 πάθη
2590 3087 2696 3141 ὑπὸ
2720 3087 2829 3141 τῶν
2853 3088 3075 3158 ὑψηλῶν
3099 3089 3199 3158 τῆς
3226 3087 3443 3156 φύσεως
3476 3087 3781 3158 λογισμῶν,

530 3172 862 3228 sublimibus
918 3184 1129 3230 natura:
1188 3176 1500 3231 rationibus
1556 3193 1621 3231 ac
1675 3178 2103 3248 cogitationibus

2207 3179 2349 3233 κατά
2381 3178 2482 3251 τὴν
2508 3178 2718 3251 ὑψηλὴν
2752 3178 2984 3251 θεωρίαν
3014 3178 3477 3253 θριαμϐευόμενα.

529 3263 870 3327 auctoribus,
907 3264 1037 3319 dum
1072 3266 1299 3320 sublimi
1331 3267 1447 3321 haec
1488 3268 1869 3337 speculatione
1912 3269 2105 3323 trium-

528 3355 849 3425 phoagunL
2062 3424 2074 3432 .

601 3447 690 3500 56.
744 3444 960 3500 Peccati
1004 3447 1174 3501 robur
1223 3446 1429 3518 (carnis
1467 3450 1680 3505 scilicet
1727 3450 2102 3523 prudentiam)

529 3536 707 3592 sancti
739 3535 1085 3604 baptismatis
1125 3537 1311 3606 gratiae
1347 3549 1720 3607 comparatum
1760 3549 1844 3594 est
1901 3548 1961 3595 ut
2008 3542 2107 3596 ab-

528 3626 701 3692 oleat;
721 3626 1032 3696 divinisque
1049 3628 1228 3696 reipsa
1254 3628 1545 3699 implendis
1565 3631 1835 3686 mandatis
1850 3634 2105 3702 praestita:

527 3716 875 3782 obedientiae,
915 3726 975 3771 ut
1010 3718 1191 3788 gladio
1218 3719 1450 3787 spiritus
1474 3720 1519 3751 “
1554 3719 1774 3790 (divina:
1801 3723 2011 3780 scilicet
2044 3725 2103 3781 in

526 3804 723 3874 spiritu
766 3805 1010 3860 scientia:
1052 3805 1242 3876 verbo)
1281 3806 1575 3861 interﬁciat
1599 3848 1614 3873 ,
1650 3810 1936 3867 clamando
1974 3830 2095 3885 my-

528 3891 667 3945 stice
695 3890 962 3946 adversus
986 3892 1195 3961 peccati
1217 3892 1419 3958 labem,
1442 3892 1585 3947 haud
1600 3908 1759 3949 secus
1788 3910 1850 3950 ac
1875 3912 2106 3968 magnus

524 3981 745 4037 Samuel
770 3983 836 4037 ad
871 3987 1017 4053 Agag
1050 4003 1062 4037 :
1098 3981 1243 4038 Sicut
1269 3982 1443 4038 liberis
1467 3984 1669 4038 orbavit
1698 3987 1945 4041 mulieres
1978 3988 2103 4059 gla-

523 4074 640 4129 dius
677 4082 815 4139 tuus,
833 4075 984 4129 hodie
1013 4073 1189 4128 liberis
1213 4074 1486 4129 orbabitur
1504 4092 1569 4129 ea:
1600 4074 1905 4133 mulieribus
1930 4089 2103 4134 mater

524 4174 618 4219 tua
641 4165 710 4218 ⁸³.

592 4256 681 4310 57.
721 4256 918 4311 Multas
952 4256 1223 4311 virtutum
1261 4258 1400 4329 gulae
1444 4257 1664 4323 vitium,
1714 4258 1901 4316 adulta
1936 4253 2100 4316 volu-

523 4344 691 4412 ptatis
745 4343 1104 4413 cogitatione,
1152 4346 1303 4399 velut
1363 4344 1565 4416 gladio,
1617 4346 1812 4402 liberis
1863 4350 2097 4404 orbavit.

526 4434 924 4504 Temperantia:
955 4435 1103 4489 enim
1129 4442 1185 4490 et
1217 4436 1484 4491 castitatis
1514 4452 1611 4506 per
1644 4437 2096 4492 incontinentiam

2275 3442 2383 3502 vg’.
2417 3435 2491 3489 Τὸ
2516 3436 2721 3507 κράτος
2753 3438 2853 3507 τῆς
2898 3436 3191 3507 ἁμαρτίας,
3233 3438 3399 3506 ῆγουν
3430 3435 3490 3489 τὸ
3523 3436 3785 3507 φρόνημα

2202 3526 2304 3596 τῆς
2344 3526 2566 3598 σαρκὸς,
2613 3528 2646 3597 ἡ
2687 3528 2848 3598 χάρις
2895 3529 3178 3597 ἀφανίζειν
3225 3530 3435 3596 πέφυκε
3484 3527 3576 3580 τοῦ
3617 3527 3783 3595 ἁγίου

2206 3619 2610 3690 βαπτίσματος’
2670 3622 2766 3673 καὶ
2813 3622 2848 3689 ἡ
2894 3620 3016 3673 κατ’
3066 3619 3353 3687 ἐνέργειαν
3398 3619 3611 3688 ὑπακοὴ
3664 3618 3781 3673 τῶν

2204 3710 2366 3765 θείων
2400 3712 2652 3777 ἐντολῶν,
2701 3712 3045 3765 ἀποκτείνειν
3086 3714 3154 3780 τῇ
3194 3710 3440 3781 μαχαίρᾳ
3473 3708 3570 3763 τοῦ
3611 3710 3780 3763 πνεύο

2207 3818 2396 3872 ματος,
2446 3803 2635 3872 ἤγουν,
2684 3802 2761 3871 τῷ
2817 3804 3024 3873 ῥήματι
3062 3802 3160 3870 τῆς
3213 3801 3364 3863 θείας
3406 3802 3463 3853 ὲν
3500 3800 3780 3869 πνεύματι

2201 3895 2477 3962 γνώσεως,
2509 3894 2686 3963 βοῶσα
2714 3893 2994 3963 μυστικῶς
3028 3894 3166 3964 πρὸς
3190 3893 3250 3945 τὸ
3274 3893 3443 3956 πάθος
3474 3892 3573 3961 τῆς
3598 3893 3779 3962 ἁμαρ-

2200 3986 2344 4049 τίας,
2375 3985 2448 4047 ὡς
2479 3987 2507 4038 ὁ
2542 3985 2718 4055 μέγας
2750 3985 2886 4055 πρὸς
2918 3985 3007 4038 τὸν
3052 3985 3253 4052 Ἀγαγ,
3303 3984 3577 4054 Σαμουὴλ,
3618 3983 3776 4036 Ἀνθ“

2199 4070 2289 4129 ὧν
2315 4077 2624 4144 ὴτέκνωσε
2661 4076 2950 4145 γυναῖκας
2987 4076 3025 4143 ή
3060 4073 3327 4144 μάχαιρά
3349 4092 3488 4136 σου,
3513 4075 3773 4128 ἁτεκνω-

2201 4167 2449 4234 θήσεται
2486 4167 2755 4235 (τήμερον
2784 4166 2854 4219 ἐκ
2890 4166 3194 4236 γυναικῶν
3223 4165 3260 4231 ἡ
3278 4165 3481 4235 μήτηρ
3509 4179 3648 4219 σου.

2271 4260 2369 4322 νξ’.
2425 4258 2633 4320 Πολλὰς
2678 4257 2738 4311 τὸ
2767 4256 2936 4320 πάθος
2963 4257 3061 4327 τῆς
3094 4254 3543 4327 γαστριμαργίας
3582 4256 3659 4318 ὡς
3704 4258 3766 4307 ὲν

2205 4350 2473 4421 μαχαίρᾳ,
2503 4349 2582 4419 τῷ
2605 4347 2794 4419 τελείῳ
2816 4348 2914 4418 τῆς
2947 4350 3139 4419 ἡδονῆς
3168 4347 3434 4417 λογισμῷ,
3465 4346 3775 4415 ὴτέκνωσεν

2200 4441 2419 4513 ἀρετάς.
2446 4442 2557 4511 Τῆς
2584 4441 2682 4511 μὲν
2706 4442 2814 4510 γὰρ
2843 4441 3217 4511 σωφροσύνης,
3255 4439 3342 4493 διὰ
3378 4439 3479 4508 τῆς
3502 4437 3775 4508 ἀκρασίας

522 4523 757 4592 vitaeque
792 4525 1067 4579 luxuriam
1091 4526 1392 4595 exstinguit
1428 4527 1677 4591 semina;
1706 4526 1954 4598 iustitiae,
1998 4542 2099 4596 per

2203 4532 2513 4587 ἀποκτείνει
2560 4532 2627 4585 τὰ
2658 4531 2979 4599 σπέρματαο
3027 4534 3126 4602 τῆς
3158 4530 3508 4599 δικαιοσύνης
3555 4528 3634 4592 δὲ,
3687 4529 3775 4581 δια

525 4614 894 4671 insatiabilem
912 4617 1170 4687 modique
1196 4619 1436 4674 nesciam
1461 4620 1697 4675 habendi
1717 4619 2096 4689 cupiditatem,

524 4707 834 4775 corrumpit
873 4706 1271 4775 aequalitatem;
1309 4709 1673 4764 humanitatis
1710 4724 1807 4763 seu
1842 4707 2096 4777 benigni-

526 4797 673 4860 tatis,
715 4813 814 4867 per
852 4812 1055 4852 czccum
1105 4813 1170 4856 ac
1219 4800 1494 4854 carnalem
1539 4814 1807 4861 amorem,
1858 4813 1980 4867 qua:
2033 4813 2098 4851 ex

524 4897 733 4943 natura:
774 4887 1086 4943 rationibus
1121 4898 1229 4955 est,
1259 4889 1707 4961 conjunctiouem
1736 4888 1902 4960 624
1936 4888 2100 4943 solvit

522 4987 580 5033 et
603 4979 1091 5035 necessitudinem.
1125 4981 1327 5051 Atque,
1363 4989 1424 5033 ut
1455 4994 1667 5033 summa
1705 4979 1883 5034 dicam
1906 5020 1919 5041 ,
1948 4980 2100 5035 nulla

524 5078 653 5123 sunt
675 5052 897 5125 virtutis
926 5072 1174 5141 germina
1196 5086 1318 5142 quae
1352 5070 1491 5140 gulze
1523 5067 1674 5122 labes
1711 5084 1820 5123 non
1854 5069 2100 5139 proclive

527 5160 827 5216 interimat.

591 5252 682 5306 58.
710 5251 864 5306 Gula:
885 5251 1105 5316 vitium,
1131 5251 1317 5306 divina
1342 5250 1527 5304 omnia
1559 5250 1826 5306 virtutum
1852 5252 2099 5322 germina

526 5341 770 5409 proclive
808 5341 1120 5395 interimit:
1154 5340 1302 5410 quod
1339 5340 1517 5409 ipsum
1561 5341 1684 5395 ﬁdei
1730 5344 1925 5412 gratia,
1959 5343 2100 5399 divi-

524 5428 721 5498 nisque
765 5445 977 5484 morem
1022 5431 1263 5500 gerendo
1307 5430 1601 5499 mandatis,
1636 5434 1880 5490 scientia:
1920 5450 2099 5489 sermo

523 5530 798 5588 propense
821 5519 942 5574 neci
977 5519 1161 5575 tradit.

589 5743 856 5871 ’σέ-5308.
884 5759 991 5809 χχι,
1018 5745 1071 5800 6.
1146 5746 1190 5779 ⁵³
1223 5748 1382 5801 Rom.
1418 5762 1455 5811 ι,
1481 5746 1571 5803 26.
1647 5752 1690 5782 ⁸⁵
1722 5752 1876 5806 Rom.
1913 5769 2005 5818 vu,
2032 5753 2093 5809 6.

525 5828 605 5874 λγ.
637 5828 731 5871 δέ).

2196 4623 2295 4692 τῆς
2323 4620 2634 4686 πλεονεξίας
2656 4620 2958 4692 διαφθείρει
2987 4622 3086 4693 τὴν
3123 4622 3422 4691 ἰσονομίαν·
3453 4621 3553 4691 τῆς
3580 4620 3773 4689 φιλαν-

2197 4713 2444 4784 θρωπίας
2471 4714 2551 4778 δὲ,
2581 4713 2670 4766 διὰ
2694 4713 2795 4781 τῆς
2832 4712 3140 4781 φιλαυτίας,
3174 4714 3273 4784 τὴν
3312 4715 3374 4765 ἐκ
3409 4712 3626 4780 φύσεως
3661 4712 3773 4764 δια-

2195 4806 2384 4877 τέμνει
2413 4806 2722 4877 συνέχειαν.
2758 4805 2869 4860 Καὶ
2887 4807 3163 4876 συντόμως
3185 4807 3383 4870 εἰπεῖν,
3420 4805 3639 4858 πάντων
3666 4805 3774 4855 τῶν

2196 4897 2318 4950 κατ’
2384 4897 2585 4969 ἀρετὴν
2646 4896 3006 4966 γεννημάτων
3083 4895 3430 4967 ἀναιρετικόν
3493 4897 3613 4949 ἐστι
3675 4898 3773 4967 τῆς

2196 4988 2642 5059 γαστριμαργίας
2670 4988 2734 5041 τὸ
2762 4987 2956 5051 πάθος.

2264 5245 2367 5316 νη’.
2395 5245 2467 5298 Τὸ
2506 5246 2605 5315 τῆς
2640 5246 3084 5315 γαστριμαργίας
3117 5244 3311 5306 πάθος,
3349 5243 3530 5296 πάντα
3553 5244 3623 5293 τε
3654 5243 3774 5295 θεῖα

2193 5336 2302 5389 τῶν
2336 5335 2547 5406 ἀρετῶν
2579 5336 2922 5389 ἀποκτείνειν
2954 5336 3275 5405 γεννήματα
3324 5335 3598 5401 πέφυκεν
3638 5332 3774 5385 αὐτὸ

2194 5427 2252 5479 δὲ
2292 5429 2357 5497 τῇ
2408 5443 2467 5479 τε
2505 5426 2688 5497 χάριτι
2731 5427 2832 5497 τῆς
2878 5426 3136 5488 πίστεως,
3169 5427 3262 5477 καὶ
3298 5427 3358 5494 τῇ
3398 5424 3617 5493 ὑπακοῇ
3662 5423 3773 5476 τῶν

2196 5516 2359 5571 θείων
2404 5517 2656 5583 ἐντολῶν,
2699 5518 2790 5572 διά
2833 5517 2927 5571 τοῦ
2971 5517 3110 5570 κατὰ
3139 5516 3236 5586 τὴν
3271 5514 3474 5585 γνῶσιν
3507 5516 3773 5568 ἀποκτεί-

2196 5627 2347 5664 νεται
2384 5609 2567 5677 λόγου.

2200 5756 2239 5786 ⁶¹
2275 5754 2411 5811 Gen.
2460 5767 2598 5810 XLVI.
2629 5751 2717 5807 5‘2.
2816 5753 2860 5784 °’
2915 5751 3113 5821 Ephes.
3164 5767 3237 5815 vi,
3291 5751 3375 5804 l7.
3475 5749 3519 5780 “
3564 5747 3586 5803 ι
3636 5748 3770 5819 Reg.
