4122 6322
356 447 377 512 l
389 448 493 517 37,3

1062 449 1401 511 CAPITUM
1439 450 1865 523 QUINQUIES
1903 451 2423 514 CENTENORUM
2461 452 2850 514 CENTURIA
2889 453 2954 514 V.

3480 446 3615 513 tam

419 563 518 618 νϐ’.
548 562 669 624 Φῶς
698 562 855 615 ἐστιν·
879 562 955 626 ὡς
982 550 1206 633 ἀληθῶς
1234 563 1403 616 ἐθνῶν
1442 566 1471 618 ὁ
1514 565 1716 636 Κύριος
1745 565 1925 637 ἡμῶν,

2103 566 2189 621 59.
2227 566 2493 622 Dominus
2535 577 2727 622 noster
2762 568 2946 621 lumen
2983 575 3069 620 est
3105 563 3355 634 gentium
3382 562 3449 628 “,
3481 579 3614 620 vero

353 650 753 707 ἀποκαλύπτων
791 652 977 715 αὐτοῖς
1014 651 1105 704 διά
1141 653 1241 719 τῆς
1275 651 1513 722 ἀληθοῦς
1551 654 1925 723 ἐπιγνώσεως,

351 743 479 806 τοὺς
502 741 582 813 τῷ
619 741 768 813 ζόφῳ
792 745 890 811 τῆς
917 743 1143 810 ἀγνοίας
1173 745 1587 813 έπιμεμυκότας
1613 747 1928 815 ὀφθαλμοὺς

352 834 454 903 τῆς
499 834 761 897 διανοίας,
809 836 904 888 καὶ
954 835 1107 897 θείας
1147 836 1375 903 ἀγωγῆς
1426 836 1590 889 πάλιν
1630 839 1929 907 ἑτοιμάσας

356 926 549 979 ἑαυτὸν
575 929 689 991 τοῖς
724 929 932 990 πιστοῖς
961 927 1133 990 λαοῖς,
1163 928 1367 995 ἀγαθὸν
1404 927 1609 998 ἀρετῆς
1650 928 1927 998 ὲξεμπλάο

360 1030 500 1085 ριον,
529 1014 829 1086 προσώπου
858 1015 953 1068 τοῦ
989 1016 1111 1071 κατ’
1155 1017 1379 1088 ἀρετὴν,
1424 1018 1789 1089 ὑπογραμμδς
1828 1021 1929 1072 αὐ-

355 1106 470 1171 τοῖς
498 1107 791 1177 γενόμενος
821 1107 917 1161 καὶ
945 1107 1318 1174 ὑποτύπωσις,
1360 1108 1495 1178 πρὸς
1517 1108 1576 1161 ὃν
1615 1110 1930 1181 ἀφορῶντες

356 1196 432 1262 ὡς
463 1199 703 1270 ἀρχηγὸν
730 1199 831 1270 τῆς
864 1199 1141 1269 σωτηρίας
1181 1200 1361 1271 ἡμῶν,
1404 1201 1506 1263 τὰς
1542 1203 1748 1271 ἀρετὰς
1786 1202 1931 1256 κατὰ

361 1289 608 1360 μίμησιν,
647 1291 723 1354 ὡς
762 1294 892 1361 ἡμῖν
939 1295 1055 1346 ἐστι
1104 1292 1362 1357 δυνατὸν,
1413 1293 1794 1365 κατορθοῦμεν
1844 1295 1931 1349 διὰ

355 1379 457 1448 τῆς
484 1380 757 1449 πράξεως.
1073 1371 1081 1379 ’

428 1466 492 1532 ξ’.
522 1469 636 1532 Πᾶς
668 1472 697 1523 ό
723 1470 811 1524 διὰ
842 1470 1037 1537 φθόνον
1069 1470 1243 1541 μισῶν
1268 1473 1363 1526 καὶ
1390 1473 1576 1537 κακῶς
1622 1474 1930 1546 διαθρυλῶν

355 1559 477 1623 ταῖς
531 1560 806 1625 διαϐολαῖς
843 1562 935 1616 τὸν
967 1564 1025 1615 ἐν
1054 1566 1168 1625 τοῖς
1192 1564 1367 1631 ἀγῶσι
1404 1565 1514 1618 τῶν
1555 1567 1789 1637 ἀρετῶν,
1834 1568 1931 1623 καὶ

355 1653 423 1722 τῇ
457 1653 748 1725 περιουσία
794 1654 890 1707 τοῦ
930 1655 1090 1724 λόγου
1131 1659 1231 1726 τῆς
1265 1659 1639 1728 πνευματικῆς
1672 1660 1939 1728 γνώσεως.

354 1743 742 1817 δυνατώτερον,
803 1747 976 1801 Σαούλ
1019 1750 1137 1801 ἐστι
1178 1749 1402 1820 πονηρῷ
1459 1752 1931 1822 καταπνιγόμενος

356 1838 650 1909 πνεύματι,
688 1841 761 1912 μὴ
798 1842 978 1911 φέρων
1023 1844 1085 1896 τὸ
1116 1844 1274 1907 κλέος
1306 1844 1406 1914 τῆς
1444 1846 1566 1898 κατ’
1596 1846 1798 1917 ἀρετὴν
1833 1848 1932 1901 καὶ

355 1931 558 1999 γνῶσιν
588 1932 935 2002 εὐδαιμονίας
963 1931 1060 1985 τοῦ
1098 1934 1445 2002 κρείττονος
1494 1936 1591 1988 καὶ
1645 1937 1733 1989 διὰ
1779 1936 1936 1990 τοῦτο

361 2021 527 2076 πλέον
558 2023 905 2093 μαινόμενος,
963 2025 1044 2077 ὅτι
1099 2023 1173 2093 μὴ
1227 2024 1455 2078 δύναται
1499 2027 1591 2078 τὸν
1644 2028 1937 2098 εὐεργέτην

355 2111 814 2183 διαχειρίσασθαι.
845 2115 1115 2181 Πολλάκις
1137 2118 1194 2171 δὲ
1233 2119 1327 2171 καὶ
1355 2117 1516 2171 αὐτὸν
1550 2119 1937 2188 ἀποπέμπεται

359 2202 575 2272 πικρῶς
625 2203 717 2256 τὸν
764 2204 1020 2274 φίλτατον
1063 2206 1338 2267 Ἰωνάθαν,
1379 2206 1471 2260 τὸν
1513 2208 1755 2277 ἔμφυτον
1796 2208 1939 2277 λέγω

359 2292 503 2348 κατά
527 2293 832 2363 συνείδησιν
848 2295 1125 2365 λογισμόν,
1145 2296 1209 2349 τὸ
1233 2296 1418 2350 ἀδικον
1447 2300 1605 2367 μῖσος
1623 2297 1935 2368 ἐλέγχοντα,

362 2383 459 2437 καὶ
512 2383 609 2438 τοῦ
674 2389 1008 2456 μισουμένου
1066 2388 1375 2457 φιλαλήθως
1434 2389 1819 2460 ἀφηγούμενον
1868 2389 1940 2442 τὰ

364 2475 786 2546 κατορθώματα.
1779 2515 1788 2522 -

434 2566 536 2634 ξω.
568 2568 1050 2639 Παρακαλέσωμεν
1088 2570 1184 2623 καὶ
1210 2571 1370 2640 ἡμεῖς
1398 2571 1489 2624 τὸν
1528 2572 1719 2642 νοητόν
1748 2573 1934 2635 Δασιδ,

362 2658 638 2729 ιπηχῆσαι
666 2662 731 2730 τῇ
760 2660 963 2731 κιθάρᾳ
1003 2664 1100 2732 τῆς
1137 2663 1519 2734 πνευματικῆς
1558 2663 1795 2737 θεωρίας
1842 2666 1939 2720 καὶ

362 2744 640 2813 γνώσεως,
676 2748 1178 2818 ὲπιληπτευόμενον
1218 2752 1332 2813 τοῖς
1357 2749 1564 2815 ὑλικοτς
1586 2752 1658 2822 (Ic)
1686 2752 1776 2804 τὸν
1804 2754 1939 2823 ἡμέ-

362 2854 522 2905 τερον
554 2837 703 2902 νοῦν,
734 2838 831 2891 καὶ
875 2839 1145 2894 ἀπελάσαι
1191 2839 1252 2893 τὸ
1295 2842 1535 2913 πονηρὸν
1573 2843 1791 2915 πνεῦμα
1840 2847 1939 2918 τῆς

364 2928 499 3000 πρὸς
537 2929 792 3000 αἴσθησιν
821 2931 1012 3000 ὑλικῆς
1060 2932 1436 3002 περιπετείας,
1482 2933 1571 2987 ἴνα
1619 2934 1938 3006 δυνηθῶμεν

365 3019 560 3090 νοῆσαι
615 3019 703 3072 τὸν
753 3020 918 3088 νόμον
964 3024 1373 3091 πνευματικῶς,
1431 3024 1647 3078 καὶτὸν
1690 3028 1747 3079 ὲν
1789 3028 1939 3098 αύτῷ

365 3112 748 3182 κεκρυμμένον
788 3112 956 3180 ’λόγον
1021 3116 1285 3184 μυστικὸν
1333 3117 1539 3187 εὑρεῖν,
1595 3120 1691 3173 καὶ
1749 3119 1938 3190 κτῆμα

364 3202 695 3270 ποιήσασθαι
721 3204 942 3273 διαρκὲς
979 3208 1116 3275 πρῂς
1149 3207 1359 3275 ἐφόδιον
1396 3208 1540 3278 ζωῆς
1566 3209 1761 3264 ἀϊδίου.

436 3292 533 3362 ξβ’-
586 3294 700 3367 Πᾶς
735 3296 763 3346 ὁ
807 3296 1082 3364 σωτηρίας
1115 3296 1277 3366 ἐρῶν,
1320 3296 1353 3368 ἢ
1394 3298 1591 3369 πράξει
1643 3300 1865 3363 πάντως
1902 3300 1936 3370 ἢ

364 3385 567 3455 θεωρίᾳ
600 3386 943 3457 προσανέχει.
1003 3387 1230 3457 Ἀρετῆς
1277 3387 1386 3459 γὰρ
1420 3391 1513 3442 καὶ
1554 3389 1808 3457 γνώσεως
1832 3409 1941 3461 χω-

367 3473 472 3546 ρὶς,
499 3474 749 3543 οὐδαμῶς
776 3475 950 3539 οὐδεὶς
980 3475 1198 3529 πώποτε
1220 3480 1406 3548 τυχεῖν
1434 3480 1707 3549 σωτηρίας
1727 3480 1943 3551 δεδύνηο

361 3582 483 3618 ται·
515 3566 673 3636 εἴπερ
702 3565 903 3637 ἀρετῆς
940 3567 1058 3633 μὲν,
1094 3569 1155 3622 τὸ
1183 3568 1406 3623 τάσσειν
1434 3569 1536 3642 τὴν
1559 3570 1652 3624 τοῦ
1690 3570 1941 3642 σώματος

361 3655 594 3725 κίνησιν,
620 3652 731 3710 οἷον
761 3659 966 3729 χαλινῷ
994 3678 1099 3712 τινι
1127 3660 1202 3729 τῷ
1236 3661 1380 3731 ὀρθῷ
1411 3660 1660 3730 λογισμῷ
1681 3664 1781 3732 τῆς
1806 3664 1939 3731 πρὸς

360 3747 592 3802 ἀτοπίαν
634 3752 807 3819 φορᾶς
839 3753 1217 3822 ἐπιστημόνως
1265 3751 1718 3822 ἀναχαιτιζούσης
1743 3769 1757 3783 ·
1804 3754 1939 3806 Osw-

364 3837 488 3907 ρίας
525 3838 604 3902 δὲ,
660 3839 723 3891 τὸ
767 3840 836 3893 τὰ
896 3841 1080 3903 καλῶς
1124 3841 1391 3911 νοηθέντα
1430 3859 1490 3895 τε
1531 3842 1627 3895 καὶ
1676 3841 1937 3913 κριθέντα

361 3929 652 4002 ἐμφρόνως
678 3931 956 4002 αἱρεῖσθαι
975 3932 1329 4006 ψηφίζεσθαι.

436 4102 539 4172 ξγ’.
586 4103 806 4176 Ἐπειδὴ
845 4107 1030 4178 νοερὸν
1072 4107 1169 4183 μέν
1196 4109 1313 4161 ἔστι
1336 4107 1397 4161 τὸ
1431 4107 1609 4173 νοοῦν,
1648 4108 1840 4179 νοητὸν
1875 4109 1936 4163 δὲ

359 4193 421 4248 τὸ
443 4194 756 4264 νοούμενον,
791 4200 967 4268 τροφὴ
996 4199 1053 4251 δὲ
1083 4201 1178 4253 καὶ
1202 4194 1314 4252 οἷον
1357 4197 1622 4264 σύστασις
1638 4199 1735 4254 τοῦ
1758 4202 1938 4256 νοοῦν-

356 4304 453 4351 ⁴τος
478 4288 541 4341 τὸ
563 4289 890 4360 νοούμενον
943 4291 1170 4356 εἰκότως
1222 4295 1251 4347 ό
1293 4291 1425 4355 Θεὸς
1457 4291 1554 4346 ἅτε
1596 4294 1735 4347 νόων
1764 4294 1935 4349 ὄντων

357 4377 467 4430 τῶν
501 4379 833 4449 ἀσωμάτων,
866 4381 1030 4442 αὐτὸς
1057 4380 1364 4452 νοούμενος,
1393 4383 1487 4435 καὶ
1534 4383 1726 4454 νοητὸς
1754 4385 1937 4449 αὐτοῖς

358 4468 483 4521 καθ’
533 4470 655 4524 ὅσον
710 4471 1060 4538 ἀφικνοῦνται
1114 4473 1436 4540 γινόμενος,
1481 4472 1690 4528 ἔσωθεν
1737 4476 1938 4540 αὐτοὺς

357 4559 649 4632 ἑλλάμπει,
680 4565 774 4617 τοῦ
801 4563 893 4616 νοῦ
925 4564 1175 4629 νοοῦντός
1204 4581 1264 4617 τε
1293 4565 1389 4619 καὶ
1413 4566 1773 4653 τρεφμένου.

429 4739 523 4804 ξδ’.
569 4740 794 4814 ’Έτερόν
843 4744 959 4796 ὲστι
997 4742 1207 4812 νοητὸν,
1251 4745 1342 4796 καὶ
1384 4741 1572 4812 ἕτερον
1602 4743 1809 4813 νοερόν.
1863 4744 1938 4798 Τὸ

357 4831 466 4901 γὰρ
487 4832 698 4903 νοητὸν,
729 4833 901 4904 τροφὴ
948 4828 1038 4887 οἷά
1074 4850 1178 4897 τις,
1222 4832 1297 4897 ὡς
1332 4834 1570 4904 είρηται,
1611 4833 1708 4887 τοῦ
1750 4835 1938 4906 νοεροῦ

430 4949 476 4982 ⁸⁵
500 4950 635 5006 Luc.
664 4967 726 5017 ιι,
752 4951 843 5005 52.
920 4950 967 4982 ⁸⁸
997 4949 1163 5004 Hebr.
1199 4964 1292 5013 xu,
1319 4948 1374 5003 2.
1450 4949 1497 4981 “
1522 4948 1544 5003 l
1580 4949 1715 5020 Reg.
1746 4966 1837 5015 ιι,
1867 4952 1957 5010 50.

428 5062 503 5135 (It)
546 5063 1133 5133 Ἐπιληπτευόμενον
1178 5066 1305 5129 τοῖς
1340 5064 1594 5129 ὐλικοῖς.
1625 5065 1730 5131 Qui
1774 5070 1928 5125 velut

354 5133 627 5207 damone,
669 5135 751 5189 sic
781 5137 1584 5207 terreniseorumqueamore
1648 5144 1924 5207 teneatur,

353 5205 770 5327 arreptitiorum
792 5220 971 5270 more;
1006 5206 1137 5260 dum
1168 5206 1273 5259 hoc
1296 5204 1512 5258 animus
1537 5204 1652 5272 ipse
1696 5204 1926 5276 patitur,

354 5287 466 5327 auo
537 5274 687 5327 Saul.
713 5290 945 5327 corpore
970 5291 1002 5327 a
1021 5277 1290 5327 daemone.
1317 5290 1348 5327 a
1374 5288 1486 5327 auo
1523 5273 1716 5327 mitius
1758 5277 1926 5327 habe.-

354 5273 504 5343 quod
537 5274 687 5329 Saul.
713 5290 945 5343 corpore
970 5291 1002 5330 a
1021 5277 1290 5337 daemone,
1317 5290 1348 5328 a
1374 5288 1486 5343 quo
1523 5273 1716 5343 mitius
1758 5273 1929 5334 habe;

353 5339 472 5416 bat,
534 5344 745 5416 Davide
775 5339 1027 5416 pulsante
1065 5345 1353 5401 citharam.
1392 5339 1528 5416 Non
1563 5341 1709 5416 bene
1738 5347 1924 5416 Picus,

352 5409 525 5467 Rebus
557 5409 940 5486 materidlipus.
972 5417 1125 5486 quasi
1150 5417 1328 5470 morbo
1351 5411 1606 5486 comitiali
1638 5409 1924 5486 laboranti,

350 5495 478 5553 quae
504 5491 586 5553 est
621 5484 796 5538 altera
820 5482 995 5553 hujus
1015 5486 1169 5540 vocis
1205 5482 1475 5553 acceptio,
1521 5485 1768 5540 secundo
1805 5482 1927 5543 loco

354 5549 627 5636 Hesychio
658 5554 857 5636 posita,
882 5549 975 5636 καὶ
1002 5558 1037 5636 ό.
1061 5559 1126 5625 τῇ
1166 5555 1286 5636 ἱερᾷ
1316 5549 1478 5636 ,δρόσος
1532 5556 1923 5636 συνεχόμενος

352 5618 627 5683 ρυὶὶαονο
658 5618 859 5683 inorbo,
886 5622 940 5674 id
960 5633 1066 5686 est,
1087 5618 1371 5683 comitiali,
1405 5618 1629 5674 la‘borat.
1663 5618 1758 5678 Sic
1776 5618 1924 5681 enim

351 5686 767 5773 laboranti‘non
792 5690 1018 5773 prodest
1046 5693 1259 5773 mystici
1297 5689 1533 5773 pavidis,
1558 5691 1806 5773 cithara,_
1842 5698 1923 5751 uti

350 5771 457 5812 nec
515 5756 665 5813 Sauli
712 5756 1026 5830 pqifnisset,
1066 5756 1120 5816 si
1164 5762 1257 5816 hic
1280 5761 1400 5829 ejus
1422 5758 1621 5816 fuisset
1669 5756 1919 5830 morbus,

350 5840 480 5888 cum
498 5827 729 5887 auctore
761 5827 1019 5886 Traliano
1045 5841 1102 5888 et
1127 5827 1474 5905 experientia
1497 5836 1656 5897 teste,
1689 5832 1768 5889 sic
1793 5827 1918 5890 cor;

2035 655 2253 710 clausos
2279 656 2604 726 ignorantia:
2628 655 2862 725 caligine
2905 654 3106 708 mentis
3139 652 3351 714 oculos,
3388 668 3533 707 vera:
3558 652 3612 708 in

2033 744 2115 797 eis
2144 746 2439 815 agnitionis
2464 746 2586 799 luce
2620 752 2876 814 relegens
2906 757 2971 797 ac
3001 742 3276 811 aperiens,
3306 755 3615 810 rursusque

2035 834 2236 890 divinae
2262 836 2628 890 institutionis
2653 849 2716 890 ac
2742 834 3068 903 disciplinae,
3104 833 3220 903 ipse
3258 844 3317 887 se
3357 831 3617 887 ﬁdelibus

2035 927 2255 997 populis
2287 927 2523 997 probum
2549 927 2765 997 paravit
2796 925 3017 980 virtutis
3046 923 3397 978 aemulatione
3423 938 3612 977 exem-

2034 1021 2221 1089 plum;
2261 1019 2484 1073 virtutis
2526 1025 2721 1072 ornata
2758 1015 2927 1072 facies
2971 1030 3036 1069 ac
3077 1029 3267 1068 norma
3310 1013 3417 1068 illis
3471 1012 3611 1068 εσθ-

2037 1122 2191 1178 ctus;
2243 1111 2298 1165 in
2345 1127 2508 1181 quem
2537 1110 2887 1181 aspicientes,
2905 1109 3057 1163 velut
3099 1116 3382 1161 auctorem
3415 1121 3478 1159 ac
3509 1106 3616 1160 du.

2036 1220 2156 1259 cem
2213 1203 2407 1257 salutis
2459 1213 2663 1257 nostra:
2709 1202 2777 1265 “,
2826 1200 3065 1253 virtutes
3124 1198 3272 1253 illius
3324 1197 3613 1264 imitando,

2041 1294 2225 1366 quoad
2279 1295 2440 1351 nobis
2490 1308 2816 1349 concessum
2849 1302 2953 1356 est,
2993 1290 3228 1345 actionis
3269 1290 3421 1344 cultu
3473 1305 3615 1360 pra:-

2038 1398 2269 1443 stamus.

2107 1481 2193 1537 60.
2231 1480 2495 1549 Quisquis
2520 1494 2633 1550 prae
2680 1478 2886 1533 invidia
2928 1477 3044 1531 odit
3089 1491 3152 1530 ac
3198 1475 3340 1530 male
3393 1474 3616 1545 Sttgiliat

2024 1567 2391 1652 odetrahitqne
2416 1566 2490 1632 ei,
2518 1565 2613 1636 qui
2636 1565 2857 1620 virtutis
2881 1563 3279 1619 certaminibus
3321 1562 3613 1616 abundan-

2039 1660 2223 1728 tiaque
2267 1659 2543 1713 sermonis
2583 1656 2853 1728 spiritalis
2901 1654 3149 1710 scientia:
3195 1654 3478 1723 potentior
3509 1661 3614 1714 est,

2039 1753 2169 1810 Saul
2197 1763 2283 1808 est
2310 1752 2648 1822 nequissimo
2681 1764 2978 1819 oppressus
3001 1748 3222 1817 spiritu.
3249 1748 3371 1819 ejus
3402 1748 3497 1816 qui
3526 1746 3618 1801 illo

2037 1843 2386 1913 prmetantior
2406 1850 2509 1905 est,
2529 1840 2751 1896 virtutis
2767 1840 2937 1894 decus
2957 1848 3013 1893 et
3033 1838 3277 1894 scientim
3298 1838 3619 1893 felicitatem

1971 1923 2007 1978 Β
2038 1936 2181 1990 ferre
2204 1951 2312 1989 non
2346 1936 2567 1999 valens;
2596 1934 2837 2002 hincque
2865 1932 3130 2000 majorem
3163 1930 3218 1984 in
3260 1929 3486 1984 modum
3517 1928 3619 1985 de-

2038 2027 2243 2081 mentia
2287 2026 2494 2091 furens,
2541 2024 2689 2094 quod
2729 2024 2908 2093 ipsum
2945 2023 3039 2092 qui
3071 2022 3365 2086 demeruit,
3402 2021 3617 2077 interfi-

2038 2135 2164 2173 cere
2186 2133 2296 2173 non
2321 2124 2522 2187 potest.
2555 2117 2668 2171 Nec
2697 2130 2820 2170 raro
2837 2114 3223 2169 charissimum
3255 2113 3615 2168 Jonatbanem

2039 2212 2176 2267 dure
2214 2210 2429 2280 repellit
2470 2210 2515 2241 ⁸⁸
2558 2208 2889 2278 (naturalem
2930 2207 3142 2261 scilicet
3194 2202 3487 2276 rationem)
3520 2205 3618 2259 ini-

2038 2317 2211 2371 quum
2260 2300 2447 2355 odium
2503 2299 3027 2368 reprehendentem,
3074 2296 3305 2366 ejusque
3352 2297 3445 2366 qui
3491 2295 3619 2351 odio

2038 2390 2332 2454 habeatur,
2391 2389 2561 2443 animi
2630 2387 2874 2442 candore
2937 2388 3202 2457 praeclara
3273 2387 3415 2441 facta
3479 2386 3621 2442 refc—

2039 2495 2137 2533 ren
2146 2466 2195 2533 te
2203 2495 2252 2532 ιιι
2262 2520 2275 2533 .

2110 2571 2199 2626 61.
2230 2570 2339 2625 Nos
2363 2585 2585 2640 quoque
2612 2568 2912 2639 spiritalem
2954 2566 3212 2622 Davidem
3237 2565 3615 2630 Obsecremus,

2039 2670 2101 2717 ut
2126 2658 2392 2731 spiritalis
2415 2659 2900 2729 contemplationis
2934 2673 2997 2712 ac
3034 2656 3280 2711 scicntim
3302 2656 3514 2710 cithara
3545 2657 3614 2723 υτ,

2041 2761 2389 2809 tcrrenorum
2422 2736 2622 2805 affectu
2660 2750 2966 2820 phanaticae
2990 2748 3177 2802 menti
3204 2756 3405 2801 nostrae
3434 2761 3499 2801 ac
3528 2762 3618 2802 ar-

2039 2843 2277 2914 reptitia:
2302 2844 2541 2905 insonet,
2565 2857 2629 2896 ac
2652 2841 3050 2911 nequissimum
3092 2839 3349 2909 spiritum
3383 2848 3619 2894 terrenae

2038 2952 2233 2991 sensus
2255 2935 2537 2989 varietatis
2570 2934 2773 3005 abigat,
2810 2942 2868 2988 ut
2902 2931 3222 3002 spiritaliter
3246 2931 3408 2985 nobis
3438 2930 3617 3001 legem

2040 3027 2349 3098 intelligere
2380 3026 2564 3091 liccat,
2589 3025 2756 3095 inque
2792 3039 2857 3079 ea
2880 3023 3143 3079 latentem
3179 3023 3468 3093 mysticum
3496 3036 3616 3076 ser-

2039 3136 2259 3175 monem
2305 3120 2597 3185 invenire;
2633 3132 2716 3184 ac,
2757 3115 2905 3187 quod
2936 3114 3070 3170 satis
3094 3114 3191 3182 sit,
3220 3114 3276 3169 in
3308 3114 3436 3169 vitae
3459 3121 3619 3168 aeter—

2041 3228 2127 3267 nae
2144 3211 2405 3265 viaticum
2441 3225 2784 3280 comparare.

2114 3302 2204 3357 62.
2243 3301 2507 3372 Quisquis
2548 3299 2741 3354 salutis
2786 3312 2971 3351 amore
3007 3304 3252 3360 tenetur,
3283 3302 3380 3350 aut
3417 3294 3620 3350 actioni

2042 3409 2274 3465 prorsus
2348 3402 2443 3447 aut
2517 3388 2973 3459 contemplationi
3039 3387 3286 3441 animum
3358 3384 3616 3441 intendit.

2042 3484 2264 3555 Absque
2308 3484 2455 3538 enim
2512 3485 2720 3538 virtute
2767 3491 2824 3538 et
2873 3481 3126 3545 scientia,
3175 3493 3336 3534 nemo
3377 3492 3620 3547 unquam

2041 3576 2276 3630 salutem
2319 3574 2498 3643 potuit
2533 3572 2800 3644 adipisci;
2844 3573 3047 3642 quippe
3091 3586 3218 3627 cum
3264 3570 3487 3631 virtutis
3526 3568 3620 3634 sit,

2042 3674 2102 3719 nt
2131 3666 2382 3734 corporis
2414 3672 2624 3717 motum
2670 3674 2985 3732 componat,
3027 3678 3149 3732 quae
3181 3658 3625 3716 videlicet‘vclut

2038 3754 2197 3810 freno
2225 3755 2487 3824 quodam,
2530 3762 2682 3809 recta
2722 3754 3194 3817 consideratione,
3238 3768 3306 3807 ne
3336 3753 3403 3807 ad
3441 3752 3620 3822 turpia

2037 3860 2102 3900 ac
2127 3845 2401 3898 luxuriam
2424 3844 2723 3909 dilabatur,
2760 3846 2934 3913 perite
2961 3846 3133 3914 ipsam
3164 3845 3423 3898 cohibeat
3449 3862 3463 3907 ;
3489 3862 3623 3899 cnn—

2040 3934 2413 4005 templationis
2435 3950 2591 3999 vero,
2629 3944 2690 3990 ut
2712 3935 2883 4005 probe
2920 3936 3197 3991 intellecta
3227 3951 3291 3990 ac
3316 3936 3619 4005 prudenter

2032 4026 2296 4097 judicata,
2331 4026 2582 4097 eligenda
2613 4027 2905 4081 decernat.

2105 4117 2268 4189 625
2314 4117 2404 4172 65.
2452 4117 2593 4172 Cum
2640 4117 3013 4172 intellectualo
3064 4115 3299 4187 (νοερὸν)
3347 4115 3419 4170 sit
3463 4115 3613 4184 quod

2037 4205 2333 4277 intelligit;
2378 4214 2434 4261 et
2461 4205 2750 4276 intelligile
2781 4203 3015 4278 (νοητὸν)
3060 4204 3207 4274 quod
3243 4203 3613 4273 intelligitur:

2036 4299 2157 4369 ejus
2181 4312 2313 4353 vero
2352 4297 2497 4369 quod
2542 4298 2802 4368 intelligit
2843 4297 3166 4351 alimentum
3197 4311 3263 4351 ac
3304 4296 3456 4350 velut
3485 4295 3620 4349 sub-

2038 4388 2239 4444 stantia
2282 4389 2375 4453 sit,
2419 4390 2566 4459 quod
2612 4390 2977 4461 intelligitur;
3022 4388 3223 4442 merito
3269 4388 3435 4450 Deus,
3488 4402 3617 4441 cum

2042 4479 2282 4550 Spiritus
2314 4489 2529 4536 mentes
2555 4482 2688 4546 sint,
2716 4483 2830 4552 ipse
2863 4482 3199 4546 intellectus,
3232 4496 3296 4535 ac
3327 4479 3505 4550 quoad
3533 4478 3619 4534 eis

1968 4608 2012 4664 Β
2042 4571 2262 4664 assequi
2301 4571 2453 4664 licet,
2490 4572 2558 4627 iis
2589 4572 2769 4627 factus
2796 4571 3182 4664 intelligibilis,
3202 4555 3439 4625 interius
3468 4569 3620 4639 ipsos

2038 4661 2300 4728 illustrat,
2341 4663 2420 4719 sic
2457 4670 2520 4718 ut
2557 4680 2714 4720 mens
2745 4672 2802 4720 et
2829 4663 3098 4735 intelligat
3121 4669 3178 4717 et
3210 4663 3409 4717 alatur.

2111 4753 2199 4808 64.
2233 4754 2398 4811 Aliud
2431 4763 2517 4810 est
2555 4754 2902 4827 intelligibile
2933 4755 3170 4826 (νοητὸν)
3196 4764 3251 4810 et
3283 4753 3431 4809 aliud
3461 4751 3622 4807 intel-

2041 4844 2279 4901 lectuale
2310 4846 2558 4920 (νοερόν.)
2595 4849 2735 4905 illud
2761 4848 2933 4913 enim,
2963 4847 3045 4904 uti
3081 4848 3289 4902 dictum
3319 4854 3426 4910 est,
3454 4844 3619 4914 hujus

2036 4957 2080 4990 "
2110 4960 2132 5014 Ι
2163 4961 2299 5033 Reg.
2332 4978 2443 5027 xw,
2481 4963 2569 5019 16.

2041 5077 2206 5146 repti,
2238 5094 2343 5133 nec
2394 5079 2641 5142 audiant,
2688 5094 2791 5133 nec
2844 5076 3088 5139 videant,
3149 5090 3253 5130 nec
3282 5073 3616 5146 intelligant,

2036 5145 2133 5200 sed
2189 5149 2437 5201 omnium
2475 5164 2739 5202 sensuum
2772 5148 3032 5201 facultate
3079 5145 3329 5200 destituti
3375 5145 3615 5214 jaceant,

2031 5215 2170 5269 nihil
2199 5217 2517 5271 differentes
2559 5234 2591 5271 a
2639 5217 2892 5271 mortuis.
2930 5217 2999 5269 At
3026 5231 3127 5270 nec
3153 5214 3437 5283 sequentia
3472 5214 3618 5271 bene

2029 5285 2266 5351 reddita,
2297 5287 2357 5338 τὸ
2386 5287 2620 5352 πονηρὸν
2640 5286 2857 5352 πνεῦμα
2887 5286 2988 5354 τῆς
3026 5284 3614 5354 ύλικῆςνπεριπετείας,

2030 5353 2331 5425 Malignum
2357 5357 2607 5422 spiritum
2635 5356 2947 5409 temeritatis
2982 5353 3295 5408 materialis.

2031 5422 2286 5493 αἴσθησιν
2327 5425 2577 5479 additum
2623 5442 2691 5480 ex
2736 5441 2867 5479 mss.
2905 5422 3618 5493 terrenorumivicissitudo

2021 5500 2106 5548 est
2129 5492 2433 5563 eorumque
2464 5494 2851 5563 συμπτώματα
2878 5502 2933 5548 et
2959 5509 3140 5557 casus,
3170 5492 3318 5548 unde
3349 5493 3430 5548 sic
3457 5495 3614 5549 varie

2020 5578 2216 5618 sensus
2256 5564 2511 5628 adicitur,
2546 5580 2614 5620 ac
2649 5564 2782 5617 vitia
2826 5563 2988 5617 nobis
3032 5563 3438 5633 propignuntur
3476 5580 3491 5617 :
3533 5565 3617 5619 sic

2020 5633 2165 5686 enim
2212 5634 2375 5704 nobis
2421 5634 2537 5689 haec
2580 5634 2870 5704 allegoria,
2914 5633 3150 5702 πονηρόν
3202 5633 3451 5701 πνεῦμα,
3500 5650 3610 5687 non

2021 5702 2383 5773 eratet-iulium
2425 5702 2728 5767 temeritas}
2762 5719 2883 5773 quae
2927 5719 3035 5759 non
3084 5712 3198 5758 tam
3240 5705 3609 5758 matcrialiutn

2026 5770 2261 5839 dicatur,
2296 5788 2462 5843 quam
2506 5770 2967 5847 intelligendum:
3044 5788 3244 5844 nempe
3287 5774 3608 5845 προπέτεια.
