4110 6318
607 383 748 450 13Ἰ5

606 587 724 658 τὸν)
788 588 962 657 majus
1025 595 1151 653 est,
1213 587 1481 657 priusque
1549 604 1618 644 eo
1686 588 1835 660 quod
1891 588 2186 659 intelligit,

609 676 968 746 intelligitur;
1013 676 1162 745 quod
1227 684 1313 732 est
1366 676 1573 747 νοερὸν,
1633 694 1732 734 seu
1796 677 2185 733 intellectuale.

608 767 771 837 αοερᾶ
816 767 967 821 enim
1009 766 1085 838 (id
1131 775 1239 832 est,
1269 768 1686 839 intellectualia)
1720 769 2000 832 dicuntur,
2041 785 2188 838 quas-

608 872 849 926 cunque,
876 872 945 911 eo
987 858 1133 927 quod
1170 866 1383 913 mentes
1417 869 1567 919 sunt,
1601 858 1890 928 superiora
1920 861 2085 928 νοητὰ
2111 858 2187 928 (id

607 954 713 1010 est,
747 947 1135 1019 intelligibilia)
1168 947 1507 1018 intelligunt.
1553 949 1653 1003 Est
1694 948 1843 1002 enim
1895 947 2099 1018 νοητὸν,
2134 947 2187 1001 id

608 1037 760 1108 quod
802 1038 1144 1110 intelligitur,
1193 1040 1340 1110 quod
1378 1050 1435 1096 et
1481 1041 1574 1094 τοῦ
1620 1042 1805 1112 νοεροῦ
1847 1041 2007 1096 cibus
2063 1048 2186 1106 est;

608 1129 1001 1186 intellectualis
1032 1131 1268 1197 scilicet,
1290 1148 1387 1187 seu
1422 1132 1800 1203 intelligentis.
2056 1186 2059 1189 .

687 1222 777 1278 65.
812 1223 868 1278 Id
891 1223 1314 1287 advertendum,
1359 1224 1562 1280 habere
1590 1224 1805 1290 eﬁ‘ecta,
1839 1224 2027 1295 quales
2056 1241 2189 1280 con-

611 1312 793 1384 tingit,
824 1327 888 1368 ac
916 1328 1037 1368 esse
1066 1321 1319 1383 possunt,
1353 1328 1641 1368 causarum
1669 1312 1950 1382 imagines.
1983 1312 2191 1366 Ell‘ecta

608 1404 759 1459 enim
797 1411 928 1458 sunt
952 1411 1295 1473 quaecunque
1323 1404 1378 1458 in
1408 1419 1590 1458 rerum
1632 1410 1887 1457 naturam
1923 1402 2191 1472 producta

609 1509 676 1549 ac
693 1495 916 1549 condita
947 1504 1107 1560 sunt;
1130 1509 1308 1549 causa:
1329 1509 1480 1558 vero,
1503 1510 1625 1563 qua:
1651 1494 1767 1548 haec
1788 1493 2189 1562 produxerunt.

610 1585 771 1641 Nulla
822 1601 953 1640 vero
993 1586 1191 1640 horum
1238 1588 1381 1640 inter
1418 1602 1477 1641 se
1520 1588 1831 1656 (causarum
1881 1586 2094 1639 scilicet
2133 1592 2192 1639 et

612 1670 961 1749 eli‘cctorum)
988 1688 1175 1734 exacta
1205 1679 1429 1733 omnino
1469 1688 1527 1733 et
1561 1686 1817 1733 accurata
1858 1677 2185 1733 similitudo.

684 1768 773 1824 66.
808 1768 1015 1825 Effecta
1050 1769 1197 1824 inter
1228 1777 1285 1824 et
1319 1784 1515 1824 causas
1540 1768 1691 1822 nulla
1721 1769 1900 1823 modis
1931 1769 2190 1824 omnibus

613 1857 861 1912 absoluta
887 1857 1193 1912 similitudo
1215 1865 1301 1913 est
1330 1874 1343 1911 :
1381 1856 1479 1913 sed
1509 1857 1714 1913 habent
1733 1857 1959 1926 quidem
1994 1856 2189 1911 effecta

2292 1876 2478 1930 αἰτίων
2500 1841 2862 1949 ένδεχορῖένας
2903 1841 3157 1944 εἰκόῦαςὶ
3362 1841 3423 1937 at

613 1945 806 2015 quales
826 1945 1119 2017 contingit,
1149 1961 1214 2001 ac
1235 1953 1467 2017 possunt
1492 1946 1716 2009 habere,
1740 1961 2028 2000 causarum
2057 1946 2191 1999 ima-

612 2038 768 2108 gines
804 2054 818 2091 :
855 2052 1034 2092 causa;
1078 2053 1230 2101 vero,
1282 2037 1497 2092 effectis
1541 2037 1807 2102 eminent,
1842 2037 2059 2107 illisque
2091 2050 2191 2107 pro

615 2129 957 2200 principatus
984 2128 1071 2183 sui
1100 2128 1315 2182 ratione
1333 2128 1676 2198 superiorem
1702 2127 1885 2181 locum
1917 2126 2188 2181 obtinent.

613 2218 974 2274 Abundanter
1001 2218 1148 2274 enim
1168 2227 1224 2273 et
1254 2218 1625 2273 essentialiter
1656 2233 1779 2288 quae
1810 2225 1939 2272 sunt
1961 2217 2189 2272 etfecto-

614 2325 738 2365 rum
761 2310 816 2365 in
843 2310 926 2366 eis
952 2327 1064 2381 prae
1083 2310 1408 2367 cxsistentia
1433 2308 1742 2363 continent.

687 2403 774 2458 67.
806 2401 1015 2458 Eﬂ'ecta
1043 2409 1194 2466 sunt,
1226 2416 1570 2472 quaecunque
1612 2400 1668 2454 in
1713 2415 1899 2455 rerum
1937 2409 2189 2455 naturam

614 2494 880 2565 producta
913 2509 977 2549 ac
1002 2493 1222 2549 condita
1262 2501 1414 2560 sunt,
1456 2492 1571 2548 sive
1604 2492 1658 2547 in
1691 2492 1850 2558 coelo,
1881 2491 1995 2547 sive
2028 2507 2196 2561 super

616 2594 818 2642 terram
845 2602 859 2638 :
903 2600 1084 2641 causae
1112 2599 1267 2650 vero,
1298 2599 1421 2654 quae
1452 2583 1871 2653 produxerunt;
1900 2591 2014 2639 tres
2045 2583 2194 2638 scili-

615 2685 705 2733 cet
745 2691 996 2746 personre
1033 2674 1395 2731 sanctissima:
1439 2674 1749 2733 Trinitatis.
1787 2674 1988 2745 Liquet
2025 2674 2194 2746 igitur

614 2767 765 2824 inter
802 2768 920 2824 hate
954 2770 1173 2835 (causas
1211 2768 1425 2822 scilicet
1460 2776 1519 2822 et
1554 2765 1773 2839 effecta)
1816 2767 2024 2822 nullam
2069 2782 2192 2823 esse

614 2874 716 2931 per
738 2859 924 2913 omnia
954 2865 1266 2914 accuratam
1301 2856 1747 2912 similitudinem.

686 2950 774 3006 68.
804 2950 1117 3005 Notandum
1141 2957 1245 3014 est,
1285 2950 1525 3003 mentem
1565 2959 1811 3004 nostram
1850 2947 2192 3020 intelligendi

612 3043 835 3114 quidem
862 3042 1120 3097 facultate
1145 3056 1268 3096 esse
1309 3039 1620 3112 praeditam,
1649 3030 1773 3110 quae
1805 3055 1896 3095 res
1936 3039 2194 3111 intelligi-

616 3133 755 3188 biles
779 3132 998 3197 videat;
1028 3131 1312 3203 praeditam
1333 3146 1467 3187 vero
1498 3131 1665 3187 etiam
1697 3131 1920 3187 unionis
1943 3131 1994 3185 vi
2026 3131 2194 3186 altius
2218 3171 2260 3230 ο

617 3224 870 3281 elevante
901 3239 1065 3293 quam
1100 3239 1202 3293 pro
1236 3222 1439 3278 mentis
1471 3232 1692 3287 natura,
1734 3237 1843 3292 qua
1874 3221 1987 3276 illis
2015 3236 2188 3291 copuo

617 3316 785 3381 latur,
834 3330 957 3385 qua:
994 3322 1125 3369 sunt
1165 3314 1280 3383 ipsa
1318 3315 1628 3383 superiora.
1679 3311 1993 3368 Secundum
2048 3306 2192 3369 lianc

618 3406 785 3478 igitur
807 3418 1032 3460 necesse
1068 3412 1129 3459 ut
1166 3404 1536 3474 intelligamus
1564 3402 1771 3468 divina,
1802 3418 1912 3457 non
1950 3403 2191 3457 humano

618 3515 772 3554 more
796 3515 811 3564 ;
838 3497 935 3552 sed
966 3496 1041 3550 ita
1070 3504 1130 3551 ut
1166 3511 1267 3551 nos
1306 3494 1428 3560 toti,
1471 3492 1631 3549 nobis
1670 3493 1801 3549 totis
1836 3492 2189 3559 excedamus,

617 3604 683 3643 ac
711 3588 805 3643 Dei
832 3569 929 3642 toti
957 3585 1281 3641 eﬂiciamur.
1320 3585 1551 3639 Praastat
1579 3582 1728 3637 enim
1766 3589 1828 3637 ut
1866 3582 1965 3637 Dei
1993 3582 2187 3650 simus,

617 3695 781 3749 quam
809 3688 869 3734 ut
900 3678 1097 3734 nostri.
1137 3676 1229 3733 Sic
1255 3676 1404 3731 enim
1436 3675 1544 3744 his,
1572 3674 1668 3747 qui
1705 3690 1831 3731 cum
1860 3675 1974 3730 Deo
2005 3690 2193 3731 versa-

618 3772 845 3834 buntur,
873 3769 1060 3825 divina
1091 3768 1276 3824 dedita
1300 3777 1486 3824 erunt.

686 3880 853 3951 626
900 3878 987 3934 69.
1038 3877 1193 3934 Mens
1231 3878 1543 3949 intelligere
1582 3877 1777 3934 volens
1820 3894 1885 3935 ac
1922 3878 2187 3951 cogitare,

618 3971 757 4026 infra
809 3986 868 4026 se
903 3969 1211 4034 descendit,
1267 3969 1385 4040 ipsa
1437 3985 1496 4024 se
1533 3969 1601 4024 ad
1644 3968 2048 4026 intellectiones
2090 3983 2189 4024 seu

616 4062 984 4134 cogitationes
1010 4061 1327 4117 demittens.
1353 4060 1767 4117 Intellectiones
1798 4063 1947 4116 enim
1965 4060 2190 4117 inferio-

617 4168 708 4208 res
731 4160 860 4207 sunt
893 4151 1256 4223 intelligente,
1295 4160 1359 4207 ut
1385 4167 1507 4222 qua:
1535 4153 1914 4224 intelligantur
1936 4158 2188 4208 et'com-

615 4242 1050 4314 prehendantur,
1077 4259 1141 4299 ac
1175 4246 1372 4299 merito
1396 4244 1684 4314 dissipatio
1711 4259 1775 4298 ac
1799 4244 1997 4298 divisio
2018 4244 2190 4313 ipsius

617 4334 819 4391 mentis
842 4334 1071 4389 unitatis
1095 4334 1383 4389 exsistant.
1430 4334 1566 4389 Nam
1604 4349 1761 4389 mens
1790 4334 2037 4404 quidem,
2058 4334 2189 4389 sim-

617 4426 741 4498 plex
767 4433 852 4480 est
881 4425 1190 4481 etindivisa
1214 4443 1230 4491 ;
1268 4425 1674 4481 intellectiones
1691 4434 1878 4480 autem
1909 4426 2187 4496 animique

1757 391 1820 451 S.
1859 387 2150 450 MAXIMI
2190 385 2703 452 CONFESSORIS

605 495 763 566 quasi
803 494 961 549 cibus
998 501 1118 561 est;
1163 492 1436 564 siquidem
1480 494 1628 567 quod
1677 495 2004 568 intelligitur
2036 500 2183 569 (νοη-
2216 506 2256 556 Λ

3714 391 3828 462 13ῗ6

2288 498 2436 551 ἐστιν
2463 513 2476 528 ο
2535 498 2694 570 εἰπερ
2724 498 2787 552 τὸ
2815 499 3123 570 νοούμενον,
3177 500 3364 556 δ’ἐστι
3417 501 3625 575 νοητὸν,
3671 508 3827 575 μεῖζόν

2292 591 2406 642 ἐστι
2437 590 2532 644 καὶ
2557 589 3050 662 προεπινοούμενον
3082 591 3177 646 τοῦ
3208 592 3476 661 νοοῦντος,
3523 596 3553 649 ὃ
3591 599 3705 653 ἔστι
3729 615 3828 654 νοι-

2293 682 2408 752 ρόν.
2433 682 2615 752 Νοερὰ
2647 683 2755 753 γὰρ
2784 683 3023 751 λέγεται,
3056 684 3160 739 ὅσα
3185 683 3272 739 διὰ
3309 685 3373 739 τὸ
3395 686 3520 751 νοῦς
3548 682 3704 752 εἶναι.
3739 694 3828 745 νοεῖ

2290 773 2360 825 τὰ
2417 772 2789 843 ὑπερκείμενα
2824 774 2990 845 νοητά
3014 792 3029 808 ⁸
3081 776 3272 846 νοητὸν
3316 777 3426 848 γάρ
3464 780 3582 833 ἐστι
3619 780 3678 834 τὸ
3701 783 3826 835 νοού-

2295 879 2475 933 μενον,
2507 865 2646 935 ὅπερ
2678 863 2774 918 καὶ
2809 869 2986 938 τροφή
3039 868 3158 921 ἐστι
3205 866 3298 922 τοῦ
3346 869 3558 941 νοεροῦ,
3602 871 3717 943 ήτοι
3751 874 3828 928 τοῦ

2291 971 2561 1018 νοοῦντος.

2362 1236 2456 1300 ξε’.
2500 1235 2693 1289 ’ἰστέον
2720 1236 2795 1298 ὡς
2834 1238 2952 1307 ἔχει
3002 1240 3069 1292 τὰ
3094 1239 3330 1306 αἰτιᾳτὰ,
3368 1242 3468 1307 τὰς
3515 1242 3625 1302 τῶν
3672 1246 3827 1301 αἰτίαν

2289 1322 2645 1397 ἐνδεχομένας
2699 1328 2934 1392 εἰκόνας.
2990 1330 3221 1384 Αἰτιατὰ
3272 1332 3383 1404 γάρ
3424 1334 3542 1387 ἔστι
3579 1337 3827 1394 πάντατὰ

2292 1416 2642 1486 παραχθέντα
2662 1419 2744 1481 εις
2773 1418 2952 1471 κτίσιν
2975 1435 2987 1450 ·
3019 1420 3173 1475 αἴτια
3193 1419 3271 1486 δὲ,
3303 1423 3375 1475 τὰ
3417 1426 3824 1495 παραγαγόντα·

2288 1508 2515 1580 οὑδεμὶα
2536 1508 2593 1563 δὲ
2625 1509 2892 1581 ὲμφέρεια
2920 1509 3126 1566 τούτων
3158 1513 3294 1584 πρὸς
3322 1514 3526 1586 ἄλληλα
3549 1517 3637 1588 (ι),
3670 1520 3830 1573 αἰτίων

2291 1601 2432 1670 φημὶ
2457 1600 2548 1654 καὶ
2574 1602 2851 1655 αἰτιατῶν.

2363 1693 2467 1758 ξς’.
2514 1695 2627 1749 Οὐκ
2675 1694 2825 1750 ἔστιν
2871 1696 3103 1769 ἁκριὸὴς
3139 1697 3411 1769 ὲμφέρεια
3444 1700 3557 1763 τοῖς
3598 1702 3832 1764 ainant,

2292 1786 2385 1839 καὶ
2410 1789 2521 1850 τοῖς
2550 1788 2741 1850 αἰτίοις
2766 1803 2780 1817 ⁸
2837 1788 2954 1842 ἀλλ’
2985 1790 3098 1859 ἔχει
3126 1790 3226 1858 μὲν
3265 1790 3334 1844 τὰ
3371 1791 3591 1845 αἰτιατὰ
3632 1792 3720 1855 τὰς
3742 1792 3831 1844 τῶν

2289 1967 2547 2021 αἰτιατῶν
2575 1967 2855 2041 ἐξῄρηται,
2896 1972 3382 2042 καὶ·ὑπερίδρυται
3432 1975 3577 2029 κατὰ
3627 1976 3713 2028 τὸν
3746 1975 3830 2044 τῆς

2288 2064 2496 2127 οἰκείας
2526 2066 2701 2135 ἀρχῆς
2734 2064 2912 2134 λόγον.
2943 2068 3055 2122 Καὶ
3086 2068 3199 2140 γὰρ
3225 2072 3501 2140 περισσῶς
3533 2075 3635 2126 καὶ
3661 2073 3827 2126 obeas-

2287 2157 2394 2223 δῶς
2428 2160 2711 2229 προένεστι
2734 2162 2807 2216 τὰ
2832 2162 2942 2216 τῶν
2960 2164 3222 2219 αἰτιατῶν
3239 2168 3354 2231 τοῖς
3384 2169 3599 2231 αἱτῖοις.

2361 2401 2458 2471 Et’.
2488 2402 2713 2457 Αἰτιατά
2737 2404 2875 2471 ἐστι,
2893 2404 3073 2458 πάντα
3098 2405 3163 2461 τὰ
3190 2404 3535 2476 παραχθέντα
3556 2406 3637 2470 εἰς
3662 2405 3826 2460 κτίσινο

2290 2491 2402 2544 εῐτε
2434 2492 2492 2544 ὲν
2532 2490 2768 2561 οὐρανῷ,
2807 2492 2918 2546 εἴτε
2949 2492 3043 2547 ἐπὶ
3075 2492 3179 2564 γῆς
3198 2509 3213 2524 ο
3239 2493 3390 2547 αἴτια
3410 2486 3490 2563 δὲ,
3521 2497 3592 2549 τὰ
3615 2512 3828 2567 παραγα-

2289 2583 2478 2652 γόντα,
2526 2583 2823 2650 τουτέστιν,
2877 2584 2940 2661 αἱ,
2991 2587 3142 2656 τρεῖς
3189 2586 3517 2651 ὑποστάσεις
3565 2588 3663 2659 τῆς
3693 2588 3828 2656 ἁγίας

2290 2670 2538 2746 Τριάδος.
2586 2670 2859 2746 Πρόδηλον
2902 2670 3017 2743 οὖν,
3060 2677 3140 2731 ὅτι
3186 2677 3415 2749 οὐδεμία
3445 2681 3708 2751 ὲμφέρεια
3728 2680 3828 2735 τοὺ-

2288 2782 2399 2819 των
2425 2765 2563 2836 πρὸς
2591 2760 2820 2837 ἄλληλα,
2847 2767 3035 2821 αἰτίων
3065 2770 3210 2840 φημὶ
3243 2770 3336 2823 καὶ
3365 2771 3647 2826 αἰτιατῶν.

2362 2931 2459 3004 ξη’.
2520 2932 2649 2988 Δέον
2683 2934 2881 2990 εἰδέναι
2931 2934 3023 2989 τὸν
3063 2935 3187 2990 καθ’
3230 2939 3378 3009 ἡμᾶς
3422 2939 3567 3006 νοῦν,
3622 2938 3713 3010 τὴν
3749 2939 3832 3008 μὲν

2291 3023 2436 3096 ἔχειν
2464 3024 2696 3092 δύναμιν
2729 3028 2810 3090 εἰς
2832 3025 2894 3080 τὸ
2915 3027 3075 3096 νοεῖν,
3119 3027 3189 3081 δι’
3218 3024 3287 3102 ἧς
3325 3029 3394 3082 τὰ
3428 3029 3595 3102 νοητὰ
3631 3026 3831 3101 ﬁli-{nev

2292 3115 2390 3189 τὴν
2417 3115 2473 3170 δὲ
2497 3116 2689 3172 ἕνωσιν
2716 3117 3118 3191 ὑπεραίρουσαν
3144 3120 3238 3174 τοῦ
3261 3121 3353 3174 νοῦ
3379 3122 3668 3194 τὴνφύσιν,
3694 3120 3757 3177 δι’
3777 3115 3834 3194 ἧς

2296 3207 2626 3265 συνάτττεται
2680 3209 2816 3283 πρὸς
2868 3211 2938 3265 τὰ
2982 3213 3237 3267 ἐπέκεινα
3296 3215 3505 3269 ἑαυτοῦ.
3541 3216 3693 3269 Κατὰ
3723 3215 3839 3269 ταὺ·

2294 3314 2394 3370 την
2427 3295 2521 3354 οὖν
2549 3300 2618 3354 τὰ
2654 3300 2774 3354 Θεῖα
2813 3302 3052 3373 νοητέον,
3085 3304 3146 3357 οὑ
3195 3304 3318 3360 καθ’
3344 3307 3518 3378 ἡμᾶς*
3554 3307 3668 3360 ἀλλ’
3702 3307 3840 3367 ὅλους

2296 3391 2541 3455 ἑαυτοὺς,
2566 3382 2704 3446 ὅλων
2729 3391 2938 3447 ἑαυτῶν
2967 3393 3373 3465 ἐξισταμένους,
3413 3397 3507 3449 καὶ
3535 3397 3685 3461 ὅλους
3721 3396 3840 3449 Θεοῦ

2295 3482 2636 3552 γινομένους.
2660 3483 2922 3555 Κρεῖττον
2939 3485 3046 3555 γὰρ
3073 3480 3212 3539 εἶναι
3233 3486 3388 3553 Θεοῦ,
3417 3488 3509 3541 καὶ
3536 3489 3608 3559 μὴ
3628 3486 3841 3542 ἑαυτῶν.

2297 3573 2453 3626 οὑτω
2475 3572 2582 3647 γὰρ
2608 3572 2761 3629 ἔσται
2799 3575 2865 3630 τὰ
2899 3575 3019 3630 θεῖα
3047 3577 3174 3633 δοτὰ
3220 3581 3334 3643 τοῖς
3364 3579 3505 3650 μετὰ
3547 3578 3678 3634 Θεοῦ
3707 3595 3841 3651 γινο-

2299 3664 2500 3734 μένοις.

2365 3875 2465 3943 ξθ’.
2508 3877 2567 3930 '0
2588 3875 2712 3940 νοῦς
2744 3878 2884 3930 νοεῖν
2909 3875 3255 3948 βουλόμενος,
3278 3876 3527 3933 κάτεισιν
3556 3876 3749 3934 ἑαυτοῦ
3775 3879 3845 3942 εις

2293 3968 2395 4033 τὰς
2421 3968 2637 4040 νοήσεις
2659 3968 3021 4023 καταϐαίνων.
3057 3969 3124 4021 Αἱ
3148 3966 3256 4040 γὰρ
3285 3970 3524 4040 νοήσεις,
3558 3967 3844 4040 κατώτεραί

2294 4062 2403 4115 εἰσι
2431 4059 2527 4115 τοῦ
2558 4059 2827 4126 νοοῦντος,
2866 4062 2941 4126 ὡς
2973 4061 3261 4133 νοούμεναι
3307 4062 3402 4117 καὶ
3444 4063 3844 4134 καταλαμϐανόο

2297 4168 2481 4222 μεναι,
2531 4150 2627 4205 καὶ
2667 4151 2970 4223 σκεδασμδς
3030 4153 3255 4217 εἰκότως
3307 4154 3402 4208 καὶ
3447 4154 3721 4226 μερισμὸς
3760 4153 3843 4223 τῆς

2293 4245 2542 4316 ἀνόητος
2557 4243 2656 4298 τοῦ
2684 4243 2778 4299 νοῦ
2801 4243 2983 4300 αὑτοῦ.
3025 4244 3083 4299 '0
3102 4246 3199 4316 μὲν
3227 4247 3339 4318 γὰρ
3365 4247 3513 4313 νοῦς,
3538 4249 3742 4313 ἁπλοῦς
3765 4249 3843 4302 καὶ

2293 4336 2512 4408 ἀμερής
2534 4352 2548 4366 ·
2578 4337 2636 4389 αι
2660 4335 2720 4389 δὲ
2743 4336 2981 4406 νοήσεις,
3028 4336 3379 4408 παμπληθεῖς
3411 4339 3512 4392 καὶ
3547 4339 3841 4398 σκεδασταὶ.

2294 4429 2387 4480 καὶ
2411 4422 2523 4481 οἷον
2554 4428 2670 4498 εἴδη
2708 4427 2805 4481 τοῦ
2835 4427 2948 4481 νοῦ.
2996 4427 3096 4481 Διὰ
3128 4429 3288 4482 τοῦτο
3312 4427 3381 4481 τὰ
3408 4430 3598 4500 νοερὰ,
3621 4432 3843 4485 τουτέστι

618 4517 1002 4589 cogitationes,
1038 4519 1275 4573 omnino
1312 4519 1647 4589 multiplices
1678 4534 1743 4574 ac
1767 4519 2065 4589 dissipatae,
2101 4537 2191 4577 ve-

2294 4522 2364 4576 τΞι
2395 4519 2640 4587 νοοῦντα,
2669 4519 2930 4575 ἐλάττονά
2971 4521 3087 4573 ἐστι
3117 4519 3226 4572 τῶν
3261 4520 3485 4591 νοητῶν,
3540 4522 3714 4592 {now
3753 4519 3843 4574 τῶν

690 4676 753 4747 (ι)
805 4678 1062 4750 Οὐδεμία
1100 4680 1386 4752 Διζ’]ιεοέρειιι
1437 4685 1665 4737 τούτων
1721 4682 1870 4752 πρὸς
1920 4681 2186 4752 (tundo.

618 4747 814 4808 Picus.
846 4759 906 4803 ut
936 4747 1062 4803 sunt
1098 4747 1390 4805 illi'omnia
1427 4753 1716 4807 arbitraria
1754 4747 1970 4806 {Nulla
2003 4752 2190 4805 horum

617 4820 860 4888 cognatio
909 4829 1002 4874 est.
1048 4820 1353 4875 Etlectuum
1409 4823 1622 4877 scilicet
1664 4830 1720 4876 et
1768 4836 2075 4876 causarum.
2122 4821 2192 4876 At

618 4896 771 4961 certe
825 4906 1028 4945 novere
1086 4899 1294 4960 poelte,
1340 4907 1574 4961 quorum
1626 4892 1827 4946 Paulus
1880 4892 2188 4961 Act.7xvn,

618 4958 826 5031 dictum
854 4962 1043 5026 refert,
1067 4958 1394 5030 probatque,
1424 4962 1530 5014 Τοῦ
1559 4961 1666 5029 γὰρ
1698 4964 1790 5013 καὶ
1816 4963 1970 5027 γένος
2002 4960 2187 5031 ἐσμέν·

617 5028 790 5110 Ipsius
816 5039 863 5083 et
888 5047 1049 5100 genus
1071 5028 1299 5110 erimus;
1316 5031 1383 5085 ab
1416 5032 1533 5110 ipso
1561 5028 1770 5086 scilicet
1798 5031 1962 5085 ducta
1989 5028 2190 5110 cogna-

619 5101 802 5170 tione,
854 5116 962 5169 qua
1009 5109 1066 5154 et
1113 5102 1332 5155 Patrem
1384 5102 1615 5170 viueque
1672 5110 1949 5156 auctorem
2008 5101 2187 5169 ipsum

618 5168 906 5243 habemus,
942 5170 1175 5243 imagine
1200 5173 1395 5243 etiam
1420 5168 1663 5243 insigniti
1701 5181 1755 5243 et
1796 5168 2186 5243 similitudine;

618 5254 726 5307 qua
770 5240 969 5295 divina:
1014 5239 1144 5308 ipsa:
1183 5241 1341 5295 dotes
1388 5242 1444 5295 in
1488 5239 1648 5297 nobis
1688 5242 1927 5307 elucent,
1964 5241 2191 5296 libertas

617 5309 853 5371 arbitrii,
883 5317 939 5363 et
978 5326 1100 5379 quae
1149 5311 1281 5366 huic
1316 5312 1551 5367 virtutes
1595 5311 1825 5367 comites
1870 5318 2017 5374 sunt,
2052 5320 2185 5379 pne.

617 5379 994 5452 exsistuntque
1026 5380 1080 5434 in
1112 5382 1225 5436 Ι)Θο
1250 5383 1524 5452 περισσῶς
1552 5384 1645 5435 καὶ
1667 5381 1959 5445 οὑσιωδῶς,
1986 5391 2044 5435 ut
2068 5394 2183 5449 seq.

618 5461 739 5519 cap.
772 5450 1066 5516 Maximus;
1104 5450 1436 5506 abundanter
1468 5451 1587 5519 (seu
1621 5453 2038 5507 excellenter-et
2070 5453 2186 5505 exi»

617 5516 757 5598 ῐιιὶο)⁸
789 5527 839 5598 et
876 5520 1258 5598 essentialiter;
1300 5522 1355 5575 in
1394 5516 1556 5577 nobis
1592 5537 1745 5598 vero,
1783 5521 2094 5598 defic‘ienter
2132 5529 2189 5576 et

657 5587 1037 5662 articipatione
1080 5610 1093 5645 :
1134 5606 1201 5646 ex
1239 5587 1349 5662 quo
1390 5602 1504 5657 est,
1536 5600 1597 5647 ut
1626 5592 1774 5647 nulla
1805 5590 2054 5662 sitinter
2086 5606 2187 5645 nos

664 5670 900 5730 eumque
943 5660 1231 5730 ἐμφέρειαν
1257 5660 1463 5716 ἐααοεα
1506 5662 1718 5717 scilicet
1759 5660 2080 5724 similitudo,
2121 5677 2184 5715 ac

617 5725 837 5801 qualem
878 5725 989 5783 vox‘
1026 5725 1121 5801 illa
1168 5732 1455 5801 importat;
1506 5742 1564 5786 ut
1608 5731 1687 5786 sic
1736 5745 1907 5785 unum
1950 5732 2180 5785 alterum

620 5796 841 5865 referat,
868 5807 927 5853 ut
951 5800 1103 5869 quasi
1136 5796 1333 5871 pro-eo
1362 5802 1530 5871 accipi
1566 5801 1767 5872 possit;
1794 5816 1904 5871 quo
1936 5809 2180 5873 spectant

2289 4686 2379 4744 illa
2423 4683 2640 4754 Domini
2691 4680 3065 4754 verba_Joan.
3119 4696 3246 4754 xiv;
3306 4680 3518 4754 Ὀηὲμὲ
3566 4680 3842 4754 ἑωρακὼς.

2289 4755 2361 4808 ἑὼ
2400 4771 2501 4807 ακε
2562 4753 2655 4806 καὶ
2702 4752 2792 4804 τὸν
2844 4751 3083 4821 Πατέρα·
3139 4749 3243 4821 Qui
3298 4751 3425 4804 uidit
3474 4767 3598 4816 me,
3648 4749 3768 4807 uidit
3804 4756 3845 4802 et

2287 4824 2533 4887 Patrem;
2556 4819 3030 4892 ουίυενὲκμαγεῖον
3050 4819 3398 4892 perfectaque
3417 4823 3711 4892 expressio
3727 4829 3843 4892 erat,

2287 4895 2557 4949 naturalis
2586 4890 2764 4948 Patris
2789 4890 3053 4945 naturalis
3080 4891 3270 4945 Filius.
3292 4890 3372 4947 Ne
3399 4891 3490 4946 cui
3516 4907 3658 4947 vero
3680 4890 3846 4946 durior

2289 4980 2471 5018 sermo
2508 4963 2806 5025 videretur,
2844 4959 3009 5031 quasi
3040 4960 3311 5031 ὲμφέρεια
3353 4960 3425 5014 sit
3461 4962 3673 5030 quovis
3708 4958 3847 5031 modo

2292 5034 2437 5088 dicta
2462 5034 2731 5103 ὁμοιότης,
2755 5028 3208 5103 ιὶηιὶϋιαάοίίιιξιὲ
3229 5036 3338 5086 non
3364 5028 3600 5086 omnino
3624 5028 3844 5103 neganda

2296 5098 2514 5157 videtur
2561 5098 2703 5156 inter
2756 5115 2952 5172 causas
3001 5098 3495 5172 etgeﬂ'ecta,gseq.
3547 5116 3676 5172 cap.
3701 5098 3848 5172 ’πεζοι

2294 5174 2567 5236 molliens,
2595 5172 2708 5225 υὺκ
2742 5170 2909 5230 ἔστιν,
2941 5169 3139 5240 inquit,
3168 5170 3401 5240 ἀκριϐὴς
3428 5169 3725 5241 ἐμφέρεια·
3751 5169 3847 5225 Non

2295 5253 2584 5323 _es‘t_e:ract_a
2610 5241 3005 5323 reprwsentatio
3026 5249 3076 5323 ft
3100 5240 3396 5323 similitudo
3421 5256 3440 5294 :
3469 5240 3572 5323 ubi
3590 5240 3720 5296 ’Pic.
3743 5254 3849 5321 per-

2296 5314 2425 5368 inde
2460 5314 2636 5382 malugs
2668 5309 2940 5382 interpres
2971 5329 2984 5365 :
3017 5311 3134 5382 Non
3168 5322 3243 5365 est
3271 5310 3559 5382 explorata
3595 5309 3847 5382 connexio.

2294 5383 2459 5454 Nugas
2495 5400 2510 5437 :
2546 5380 2611 5436 ut
2635 5381 2691 5454 et
2722 5379 2873 5454 quod
2900 5382 2997 5445 τὰς
3027 5379 3385 5454 ἐνδεχομένας.
3412 5382 3641 5454 εἰκόνας
3668 5379 3846 5441 reddit.

2291 5450 2619 5508 occurrentes
2643 5452 2934 5522 imagines;
2962 5467 3063 5521 pro
3091 5450 3320 5521 quantas
3348 5450 3486 5513 licet,
3513 5452 3610 5506 vel
3638 5459 3848 5522 quantas

2292 5534 2543 5578 creatura
2572 5517 2777 5577 referre
2806 5517 3005 5591 possit;
3034 5517 3251 5592 quantae
3277 5530 3405 5575 sunt
3428 5517 3743 5592 possibiles.
3767 5517 3849 5574 Bis

2290 5608 2349 5647 se
2383 5593 2608 5649 faecibus
2640 5591 3076 5663 acstercoribus
3114 5592 3407 5663 impleant,
3435 5591 3652 5660 quibus
3684 5592 3847 5649 Gram

2289 5665 2674 5788 neclaspicere
2707 5660 2868 5728 libet,
2900 5672 2961 5718 ut
2993 5664 3165 5734 ipsam
3192 5660 3324 5718 'vere
3357 5660 3591 5717 Patrum
3627 5668 3847 5720 mentea

2290 5746 2401 5788 tute
2449 5747 2616 5788 urant.

2290 5746 2616 5804 intelligant.
