4110 6318
379 308 513 377 Ῑ377
1080 312 1412 376 CAPITUM
1450 318 1871 391 QUINQUIES
1908 316 2426 379 CENTENORUM
2467 319 2852 380 CENTURIA
2886 322 2934 382 ν
3490 321 3626 386 1378

378 422 705 491 νοουμένων.
740 420 969 473 Ἔνωσιν
994 420 1051 473 δέ
1082 439 1214 492 φησι
1246 422 1340 475 τοῦ
1372 425 1484 489 νοῦ,
1522 425 1706 493 καθὼς
1745 428 1802 479 ἐν
1838 427 1951 489 τοῖς

2053 428 2244 497 lutquc
2287 428 2487 482 mentis
2520 428 2729 483 formm.
2765 429 3015 500 Hincquc
3052 428 3189 485 adeo
3218 440 3322 497 est,
3358 441 3419 486 ut
3449 440 3631 504 νοερὰ,

379 515 507 584 ἑξῆς
555 512 887 580 σαφέστερον
933 511 1102 581 λέγει,
1147 514 1217 566 δι’
1256 510 1324 589 ἧς
1368 517 1505 587 πρὸς
1564 517 1633 571 τά
1687 517 1950 571 ἐπέκεινα

2055 515 2107 568 id
2135 524 2238 578 est,
2272 516 2657 586 intelligentia,
2694 516 2961 576 inferiora
2995 518 3107 577 sint
3155 518 3262 573 τῶν
3293 520 3519 590 νοητῶν,
3547 522 3637 577 his

380 605 572 660 ἑαυτοῦ
604 602 961 666 ἀνατείνεται,
992 604 1159 675 ἤγουν
1192 608 1256 678 τῇ
1298 608 1427 678 περὶ
1453 607 1588 660 Θεοῦ
1620 607 1951 679 προσϐάλλει

2053 607 2317 665 nimirum
2356 623 2478 679 quae
2513 608 2915 679 intelliguntur.
2961 609 3159 677 Mentis
3198 626 3329 666 vero
3371 611 3633 671 unionem

379 696 618 769 θεωρίᾳ·
676 694 736 749 τὸ
765 734 779 760 ,
815 695 1032 748 πάντων
1093 697 1352 768 ἐκστῆναι
1392 698 1500 751 τῶν
1542 698 1814 769 αἰσθητῶν
1860 698 1951 751 καὶ

2054 696 2210 762 dicit,
2239 697 2385 751 sicut
2424 698 2479 750 in
2524 698 2883 767 sequentibus
2910 699 3112 754 clarius
3137 700 3388 770 exponit,
3433 718 3541 772 qua
3574 718 3635 758 se

378 789 484 843 τῶν
515 787 742 859 νοητῶν,
767 787 849 840 ἔτι
890 787 946 854 δὲ
989 789 1081 841 καὶ
1114 790 1211 858 τῆς
1253 790 1456 857 οἰκείας
1510 792 1778 860 κινήσεως
1801 808 1813 820 ο
1847 785 1947 844 εἶθ’

2054 788 2301 842 extendit
2357 787 2425 842 ad
2474 804 2560 859 ea,
2610 806 2732 859 qua:
2774 791 2868 844 illa
2911 792 3199 860 superiora
3242 800 3391 858 sunt,
3434 794 3635 849 divina:

378 882 551 944 οὕτως
587 881 684 950 τῆς
715 879 864 943 θείας
890 878 1144 947 γνώσεως
1182 880 1436 946 δέξασθαι
1464 881 1560 951 τὴν
1593 882 1808 936 ἀκτῖνα.

2056 876 2271 931 scilicet
2314 875 2641 945 incumbens
2685 878 3135 947 contemplationi
3181 898 3194 934 :
3247 896 3311 935 ea
3366 882 3630 941 nimirum

377 973 609 1038 ratione,
654 987 761 1042 qua
798 971 1056 1026 omnibus
1092 988 1213 1041 quae
1254 988 1416 1026 sensu
1457 973 1838 1045 percipiuntur
1883 986 1945 1025 ac
1982 983 2105 1038 qua:
2169 976 2352 1021 mente
2383 967 2790 1038 intelliguntur,
2827 968 3080 1036 excedit;
3146 969 3327 1027 adhuc
3355 979 3543 1028 autem
3573 983 3635 1028 et

379 1082 479 1122 suo
509 1064 684 1135 ipsius
719 1074 900 1130 motu;
941 1080 1004 1120 ac
1041 1065 1305 1136 deinceps
1337 1067 1538 1122 divina:
1577 1068 1824 1122 scientia:
1852 1065 2096 1123 lucidum
2122 1062 2288 1132 jubar
2317 1062 2533 1131 recipit.

448 1160 510 1208 o'.
542 1155 607 1208 Εἰ
638 1157 871 1208 κινεῖται
894 1153 1169 1222 ἀναλόγως
1196 1154 1373 1224 ἑαυτῷ
1399 1155 1600 1227 νοερῶς
1623 1155 1717 1208 τὸν
1748 1155 1951 1224 νοερὸν,

2130 1149 2215 1203 70.
2246 1148 2400 1215 Quod
2444 1149 2762 1219 intelligens
2800 1166 2902 1220 pro
2942 1151 3026 1211 sui
3070 1153 3282 1209 ratione
3326 1157 3636 1228 intelligen-

383 1246 481 1300 καὶ
516 1247 629 1300 νοεῖ
666 1245 885 1308 πάντως
907 1262 922 1277 ·
979 1245 1027 1296 εἰ
1057 1244 1113 1296 δὲ
1147 1248 1278 1307 νοεῖ,
1328 1248 1422 1299 καὶ
1454 1248 1553 1318 ἐρᾷ
1591 1248 1809 1309 πάντως
1856 1244 1951 1297 τοῦ

2062 1240 2195 1294 tium
2226 1256 2376 1294 more
2408 1249 2678 1304 movetur,
2714 1242 2939 1295 omnino
2968 1244 3133 1297 etiam
3163 1245 3418 1317 intelligit
3449 1258 3504 1304 ct
3539 1232 3634 1305 co-

381 1335 697 1407 νοηθέντος·
744 1337 793 1388 εἰ
823 1335 880 1388 δὲ
911 1336 1031 1407 ἐρᾷ,
1084 1337 1178 1390 καὶ
1219 1336 1418 1406 πάσχει
1447 1338 1665 1399 πάντως
1696 1337 1793 1406 τὴν
1819 1336 1951 1406 πρίις

2057 1334 2211 1403 git-at.
2256 1331 2313 1386 Si
2355 1343 2536 1386 autem
2572 1332 2828 1403 intelligit
2868 1350 2931 1391 ac
2972 1338 3195 1407 cogitat,
3233 1342 3422 1409 procul
3464 1343 3633 1401 dubio

381 1429 513 1482 αὐτὸ
537 1429 612 1492 ὡς
646 1427 875 1498 ὲραστὸν
910 1430 1200 1480 ἔκστασιν·
1248 1430 1295 1481 εἰ
1328 1430 1385 1482 δὲ
1422 1429 1643 1498 πάσχει,
1678 1428 1838 1499 δῆλον
1867 1428 1950 1480 ὅτι

2055 1424 2219 1478 etiam
2245 1424 2582 1478 intellectum
2606 1439 2668 1478 ac
2680 1425 2972 1495 cogitatum
2992 1439 3154 1485 amat.
3182 1430 3235 1486 Si
3260 1442 3443 1489 autem
3465 1444 3631 1501 amat,

381 1520 478 1574 καὶ
499 1520 808 1588 ἐπείγεταιο
855 1520 904 1572 εἰ
937 1521 993 1574 δὲ
1028 1520 1331 1589 ἐπείγεται,
1376 1519 1472 1573 καὶ
1517 1519 1776 1573 ἐπιτείνει
1812 1520 1951 1573 πάν-

2057 1515 2282 1569 omnino
2305 1516 2469 1570 etiam
2496 1515 2551 1569 in
2584 1516 2741 1582 illud,
2782 1526 2843 1571 ut
2888 1534 3003 1574 rem
3043 1530 3299 1589 amatam,
3347 1540 3635 1583 excessum

381 1628 489 1676 τως
509 1613 572 1665 τὸ
600 1612 828 1684 σφοδρὸν
857 1614 955 1682 τῆς
986 1615 1274 1682 κινήσεως,
1320 1613 1383 1666 Εἰ
1418 1612 1475 1665 δὲ
1520 1613 1781 1665 ἐπιτείνει
1823 1628 1951 1680 σφο-

2054 1606 2280 1676 patitur.
2318 1606 2412 1661 Sin
2455 1618 2636 1661 autem
2678 1608 2905 1678 patitur,
2937 1608 3082 1665 haud
3117 1611 3345 1675 dubium
3378 1616 3511 1685 quin
3537 1633 3632 1671 ur-

381 1700 525 1772 δρῶς
554 1700 917 1773 τὴνκίνησιν,
972 1703 1069 1772 οὐχ
1115 1704 1331 1757 ἵσταται
1381 1703 1573 1772 μέχρις
1619 1702 1688 1756 ἂν
1726 1702 1951 1772 γένηται

2054 1709 2246 1768 geatur
2278 1713 2343 1752 ac
2374 1698 2655 1753 mcitctur.
2704 1698 2759 1754 Si
2803 1715 2937 1755 vero
2975 1709 3202 1771 urgetur
3244 1718 3309 1757 ac
3350 1703 3632 1773 incitatur,

380 1788 500 1842 ὅλον
548 1792 605 1843 ἐν
659 1790 767 1861 ὅλῳ
813 1791 891 1860 τῷ
928 1791 1165 1863 ἐραστῷ,
1209 1793 1304 1845 καὶ
1353 1792 1443 1860 ὑφ’
1483 1791 1604 1844 ὅλου
1643 1791 1951 1863 περιληφθῇ

2055 1805 2282 1859 prorsus
2333 1789 2502 1844 etiam
2553 1796 2736 1846 motus
2782 1790 3187 1847 vehementiam
3233 1793 3487 1849 intendit.
3537 1796 3634 1853 Sin

381 1881 665 1946 ἑκουσίως,
690 1882 811 1936 ὅλον
839 1861 979 1936 κατά
1007 1861 1331 1954 προαίρεσιν
1362 1881 1460 1954 τὴν
1493 1861 1760 1953 σωτήριον
1801 1861 1951 1952 περιέ

2062 1889 2243 1934 autem
2285 1881 2641 1936 vehementer
2686 1881 2923 1938 intendit
2964 1892 3195 1950 motum,
3228 1901 3338 1940 non
3376 1887 3631 1958 quiescit,

381 1974 596 2044 γραφὴν
631 1974 925 2046 δεχόμενον
946 1974 968 2048 [
993 1974 1133 2030 male
1152 1976 1293 2033 edita
1324 1974 1678 2047 δεδὸμενον]·
1726 1975 1794 2028 ἵν’
1833 1974 1956 2027 ὅλον

380 2065 488 2137 ὅλῳ
514 2065 723 2137 ποιωθῇ
749 2066 828 2136 τῷ
853 2068 1282 2138 περιγράφοντι,
1324 2065 1400 2130 ὡς
1434 2065 1558 2137 μηδ’
1599 2065 1736 2130 ὅλως
1770 2064 1955 2118 λοιπὸν

384 2158 670 2229 βούλεσθαι
705 2158 765 2224 ἐξ
805 2160 999 2213 ἑαυτοῦ
1038 2159 1170 2213 αὐτὸ
1218 2161 1395 2214 ἐκεῖνο
1434 2160 1556 2213 ὅλον
1591 2157 1954 2231 γνωρίζεσθαι

381 2247 646 2302 δύνασθαι
669 2249 732 2302 τὸ
769 2249 1270 2320 περιγραφόμενον·
1307 2249 1422 2303 ἀλλ’
1461 2251 1525 2303 ἐκ
1552 2248 1646 2303 τοῦ
1685 2247 1954 2321 περιγρά-

383 2356 597 2407 φοντος,
622 2340 698 2405 ὡς
725 2341 830 2411 ἀὴρ
856 2341 1032 2397 διόλου
1054 2342 1467 2413 πεφωτισμένος
1496 2340 1637 2412 φωτί
1658 2359 1670 2372 ·
1701 2341 1795 2395 καὶ
1822 2340 1956 2413 πυρὶ

386 2430 603 2502 σίδηρος
630 2432 751 2495 ὅλος
785 2431 891 2503 ὅλῳ
924 2432 1451 2504 πεπυρακτωμένος,
1482 2432 1517 2503 ἢ
1549 2433 1656 2486 εῖτι
1692 2431 1824 2493 ἄλλο
1847 2430 1955 2485 τῶν

384 2521 642 2577 τοιούτων
664 2525 757 2577 ἐστ
770 2523 807 2578 ί.

450 2781 553 2836 οα⁹.
591 2782 769 2854 Πολλὴ
800 2783 832 2854 ἠ
856 2782 991 2852 πρὸς
1015 2783 1083 2837 τὰ
1107 2781 1379 2854 νοούμενα
1405 2780 1513 2835 τῶν
1544 2779 1834 2840 νοούντων,
1859 2782 1955 2836 καὶ

390 2873 529 2945 πρὸς
562 2874 632 2928 τὰ
665 2874 899 2944 αἰσθητὰ
928 2874 1038 2929 τῶν
1096 2873 1508 2945 αἰσθανομένων
1545 2871 1750 2943 σχέσις.
1796 2872 1855 2925 '0
1897 2871 1954 2925 δὲ

381 2961 669 3032 ἄνθρωπος
695 2962 759 3014 ἐκ
778 2961 955 3033 ψυχῆς
977 2963 1071 3015 καὶ
1102 2961 1354 3033 σώματος
1378 2959 1665 3030 τυγχάνων
1702 2958 1951 3030 αἰσθητι-

381 3052 503 3116 κοῦ,
532 3052 623 3107 διὰ
648 3053 748 3122 τῆς
780 3055 898 3107 κατ’
927 3053 1243 3125 ἐπαλλαγὴν
1283 3053 1421 3124 πρὸς
1469 3052 1706 3122 ἑκάτερα
1741 3052 1810 3106 τὰ
1854 3051 1953 3121 τῆς

381 3143 613 3208 κτίσεως
643 3144 910 3216 τμήματα
936 3147 1170 3215 φυσικῆς
1191 3141 1427 3214 σχέσεώς
1453 3159 1515 3196 τε
1543 3143 1640 3207 καὶ
1667 3141 1948 3213 ἰδιότητος,

2061 1970 2237 2026 donec
2268 1978 2441 2025 totum
2480 1971 2579 2025 toti
2620 1980 2800 2026 amato
2842 1973 3205 2040 immcaverit,
3248 1983 3413 2045 atque
3458 1993 3490 2032 a
3518 1986 3633 2034 toto

2061 2069 2256 2131 sponte
2304 2062 2763 2133 comprehensum
2815 2063 3001 2129 fuerit,
3055 2066 3201 2135 quod
3249 2076 3421 2128 totum
3464 2071 3633 2127 animi

2061 2153 2342 2223 proposito
2374 2169 2440 2207 ac
2470 2155 2748 2210 voluntate
2768 2155 3059 2213 salutarem
3083 2158 3262 2229 capiat
3290 2161 3636 2220 circumscri-

2061 2240 2327 2312 ptionem,
2355 2251 2415 2297 ut
2446 2249 2642 2309 totum,
2673 2259 2740 2299 eo
2768 2244 2913 2313 quod
2938 2244 3358 2313 circumscribit,
3391 2257 3505 2305 toto
3533 2250 3636 2307 im-

2059 2333 2282 2400 buatur,
2329 2342 2390 2391 ut
2436 2351 2539 2391 nec
2577 2351 2800 2406 prorsus
2824 2336 2935 2406 jam
2967 2353 3035 2401 ex
3074 2339 3254 2409 seipse
3287 2339 3422 2395 illud
3454 2342 3633 2412 ipsum

2060 2424 2208 2495 quod
2260 2433 2434 2481 totum
2480 2425 2959 2489 circumscribitur
3003 2427 3250 2499 dignosci
3285 2446 3444 2500 posse
3475 2433 3630 2499 velit,

2063 2515 2158 2570 sed
2202 2531 2268 2570 ex
2306 2530 2374 2570 eo
2420 2515 2565 2585 quod
2602 2515 3022 2583 circumscribit,
3063 2518 3214 2573 velut
3249 2535 3345 2583 aer
3390 2522 3633 2592 undique

2062 2604 2184 2658 lucc
2218 2603 2493 2674 perfusus,
2529 2612 2585 2659 et
2610 2603 2817 2659 ferrum
2850 2613 3024 2661 totum
3051 2615 3165 2663 toto
3199 2609 3310 2681 igni
3342 2611 3632 2668 subactum

2061 2696 2474 2765 incensumque,
2500 2703 2595 2749 aut
2620 2695 2665 2752 si
2699 2696 2828 2767 quid
2853 2697 3004 2753 aliud
3029 2706 3114 2759 est
3140 2701 3260 2771 ejus
3286 2701 3524 2773 generis.

2130 2785 2218 2838 71.
2273 2784 2469 2855 Ingens
2505 2785 2752 2856 quaedam
2800 2796 2885 2845 est
2923 2802 3114 2851 eorum
3149 2806 3270 2860 qua:
3321 2789 3634 2864 intelligunt

2059 2874 2283 2951 cumiis
2306 2889 2427 2944 qua:
2467 2874 2867 2947 intelliguntur,
2908 2885 2965 2932 et
2992 2893 3183 2937 eorum
3223 2895 3344 2950 quae
3365 2881 3631 2948 sentiunt,

2058 2979 2183 3019 cum
2209 2965 2278 3021 iis
2301 2981 2424 3035 quae
2449 2980 2612 3021 sensu
2645 2965 3044 3036 percipiuntur,
3079 2971 3427 3027 necessitudo
3448 2980 3504 3033 et
3538 2973 3634 3029 ha-

2059 3055 2269 3110 bitudo.
2322 3054 2494 3112 Homo
2533 3064 2739 3123 autem,
2789 3072 2915 3112 cum
2964 3073 3029 3113 ex
3080 3059 3261 3114 anima
3302 3069 3359 3116 et
3401 3077 3633 3132 corpore

2058 3144 2329 3201 sentiendi
2367 3145 2421 3201 vi
2457 3146 2703 3217 pratdito,
2733 3155 2969 3213 constet,
3013 3164 3081 3204 ex
3120 3151 3358 3205 naturali
3389 3152 3631 3208 vicissim

381 3236 476 3288 ml.
503 3210 902 3305 πριγράιρεται
932 3210 1027 3288 καὶ
1050 3210 1412 3305 περιγράφειο
1438 3232 1499 3286 τὸ
1541 3233 1658 3303 μὲν,
1682 3235 1749 3303 τῇ
1771 3210 1949 3302 ούσίᾳ·

2058 3251 2182 3290 cum
2238 3210 2501 3290 alterutra
2560 3246 2825 3295 creaturae
2888 3241 3142 3310 portione
3204 3239 3529 3298 habitudine
3576 3250 3634 3299 et

382 3324 443 3375 τὸ
479 3323 557 3387 δὲ,
588 3324 656 3394 τῇ
686 3324 933 3394 δυνάμει.
971 3322 1421 3394 ὶιεριγράφεσθαι
1453 3325 1563 3393 γὰρ
1594 3325 1707 3386 τοῖς
1734 3324 1951 3394 νοητοῖς

2058 3327 2413 3397 proprietate,
2446 3334 2560 3381 tum
2589 3327 3090 3396 circumscribitur;
3129 3338 3243 3386 tum
3278 3332 3631 3390 circumscri-

384 3416 477 3468 καί
509 3416 785 3486 αἰσθητοῖς
830 3416 906 3481 ὡς
960 3415 1108 3487 ψυχὴ
1144 3415 1431 3486 τυγχάνων
1472 3415 1569 3469 καὶ
1618 3414 1801 3486 σῶμα,
1857 3413 1951 3468 καὶ

2059 3414 2169 3481 bit;
2195 3415 2430 3471 alterum
2453 3414 2676 3491 quidem
2705 3416 3052 3485 substantia;
3086 3420 3313 3475 alteram
3338 3434 3490 3485 vero,
3529 3437 3630 3493 po-

383 3505 745 3577 περιγράφειν
771 3507 945 3561 ταῦτα
972 3507 1114 3561 κατὰ
1144 3505 1375 3577 δύναμιν
1406 3506 1673 3577 πέφυκεν,
1708 3506 1784 3569 ὡς
1818 3504 1951 3559 νοῶν

2054 3506 2247 3562 tentia.
2289 3506 2361 3563 Ut
2402 3522 2600 3579 nempe
2642 3508 3130 3566 circumscribatur
3162 3510 3270 3566 illis
3299 3526 3421 3582 quae
3446 3521 3632 3570 mente

381 3598 475 3652 καὶ
528 3597 1004 3668 αἰσθανόμενοςοό
1049 3597 1107 3652 δὲ
1152 3598 1284 3661 Θεὸς
1319 3597 1505 3661 ἁπλῶς
1544 3598 1638 3651 καὶ
1692 3597 1951 3669 ἀορίστως

2054 3596 2433 3666 intelliguntur
2455 3613 2519 3652 ac
2539 3614 2662 3668 quae
2695 3615 2857 3656 sensu
2881 3602 3287 3673 percipiuntur,
3314 3603 3442 3660 inde
3465 3606 3629 3677 627

385 3689 528 3761 ὑπὲρ
583 3689 762 3744 πάντα
805 3690 874 3747 τὰ
922 3692 1053 3745 ὄντα
1089 3691 1228 3754 ἐστὶ,
1268 3688 1338 3742 τὰ
1385 3688 1712 3760 περιέχοντά
1756 3703 1817 3740 τε
1864 3686 1951 3739 καὶ

2054 3698 2141 3743 εει
2166 3688 2313 3758 quod
2345 3689 2531 3743 anima
2559 3698 2617 3745 et
2639 3705 2840 3761 corpus
2859 3701 2979 3758 est;
3008 3702 3069 3747 ut
3086 3709 3220 3749 vero
3242 3695 3359 3752 haec
3384 3696 3630 3767 potentia

380 3783 765 3856 περιεχόμενα,
795 3783 871 3848 ὼς
895 3785 1028 3835 πᾶσι
1061 3780 1340 3844 παντελῶς
1360 3780 1587 3851 ἄσχετος
1613 3778 1714 3831 ὧν.

2057 3775 2494 3841 circumscribat,
2550 3776 2697 3845 quod
2747 3778 3057 3850 intelligens
3103 3796 3168 3836 ac
3225 3785 3469 3838 sentiens
3519 3794 3626 3844 est.

382 3869 527 3928 Deus
573 3882 756 3933 autem
797 3871 1119 3943 simpliciter
1153 3880 1210 3926 et
1251 3871 1517 3925 immense
1556 3883 1722 3939 super
1767 3864 1952 3922 omnia
1985 3872 2092 3930 est,
2131 3872 2249 3920 tum
2287 3880 2353 3920 ea
2390 3880 2512 3936 quae
2582 3867 2869 3923 continent
2940 3878 3057 3923 tum
3097 3886 3220 3942 quas
3254 3872 3639 3940 continentur,

380 3975 441 4022 ut
469 3968 563 4040 qui
591 3968 805 4024 cunctis
841 3982 1069 4040 prorsus
1090 3966 1376 4022 absolutus
1407 3966 1633 4022 eminet.

446 4062 545 4132 οβ’.
581 4064 733 4116 Πᾶσα
758 4063 919 4133 ἡδονὴ
954 4063 1061 4119 τῶν
1107 4060 1603 4133 ἀπηγορευμένων,
1643 4061 1708 4114 ἐκ
1744 4057 1953 4122 πάθους

377 4154 467 4208 διὰ
495 4153 666 4224 μέσης
700 4153 1007 4225 αἰσθήσεως
1033 4154 1169 4226 πρός
1207 4170 1259 4206 τι
1297 4153 1515 4215 πάντως
1558 4151 1804 4221 γίνεσθαι
1851 4149 1953 4204 πέ-

384 4263 558 4314 φυκεν
602 4245 880 4317 αἰσθητόν,
936 4245 1070 4299 Οὐδὲ
1116 4247 1225 4317 γὰρ
1269 4244 1399 4299 ἄλλο
1442 4245 1495 4298 τί
1526 4245 1675 4298 ἐστιν
1702 4244 1950 4316 ἡδονὴ,ἣ

383 4329 525 4398 εἶδος
563 4334 888 4406 αἰσθήσεως,
921 4336 977 4387 ἐν
1004 4333 1082 4406 τῷ
1127 4333 1430 4405 αἰσθητικῷ
1473 4334 1560 4389 διά
1587 4351 1731 4397 τινος
1758 4333 1953 4404 αἰσθη-

382 4425 480 4480 τοῦ
522 4425 912 4498 μορφουμένη’
968 4425 1001 4497 ἦ
1041 4426 1241 4497 τράπεθς
1299 4425 1619 4495 αἰσθητικῆς
1651 4423 1950 4497 ἐνεργείαῆ

2127 4058 2214 4111 72.
2247 4057 2426 4114 Vetita
2454 4057 2634 4113 omnis
2667 4058 2935 4129 voluptas,
2964 4074 3031 4113 ex
3061 4059 3314 4126 passione
3346 4069 3510 4132 atque
3540 4064 3625 4120 af-

2055 4147 2201 4202 fectu
2231 4148 2284 4202 in
2313 4138 2429 4202 rem
2448 4148 2685 4221 aliquam
2703 4148 2887 4205 sensui
2915 4148 3207 4221 obiectam,
3227 4166 3391 4206 sensu
3419 4152 3622 4220 medio,

2053 4240 2306 4309 pronasci
2364 4238 2545 4293 habet.
2600 4239 2718 4293 Non
2763 4238 2910 4301 enim
2963 4240 3213 4310 voluptas
3267 4241 3414 4295 aliud
3467 4242 3627 4312 quid-

2056 4332 2218 4400 quam
2271 4336 2375 4393 est,
2421 4344 2584 4398 quam
2637 4328 2926 4383 sentientis
2976 4328 3249 4385 facultatis
3295 4331 3508 4400 species
3562 4347 3628 4387 ac

2056 4421 2252 4486 forma,
2288 4420 2368 4476 rei
2401 4420 2633 4494 alicujus
2652 4421 2870 4478 seusilis
2897 4437 3085 4492 opera,
3126 4423 3183 4477 in
3211 4423 3480 4479 sentiente
3510 4425 3626 4480 for-

382 4522 500 4573 κατ’
529 4518 822 4589 ἐπιθυμίαν
847 4517 1040 4587 ἄλογον
1067 4518 1474 4588 συνιστάμενος.
1516 4515 1813 4586 Ἐπιθυμία
1843 4516 1951 4586 γὰρ

2057 4521 2202 4568 mata
2238 4531 2249 4566 :
2300 4512 2416 4567 sive
2459 4512 2728 4567 sentiendi
2773 4512 3107 4582 Operationis
3145 4515 3360 4581 modus,
3404 4514 3624 4571 irratio-

378 4608 630 4680 αἰσθήσει
660 4609 1020 4679 προστεθεῖσα
1041 4650 1055 4672 ,
1092 4609 1170 4670 εἰς
1200 4606 1392 4679 ἡδονὴν
1425 4606 1775 4678 μεταπίπτει,
1813 4600 1952 4668 εἶδος

377 4701 515 4771 αὐτῇ
557 4700 858 4768 ἐπάγουσα’
886 4698 980 4752 καὶ
1015 4698 1266 4767 αἴσθησις
1303 4698 1425 4771 κατέ
1456 4696 1753 4768 ἐπιθυμίαν
1793 4714 1951 4767 κινη-

378 4788 554 4858 θεῖσα,
595 4790 789 4861 ἡδονὴν
841 4787 1239 4860 ἀπεργάζεται,
1285 4789 1344 4841 τὸ
1393 4788 1651 4858 αἰσθητὸν
1710 4786 1947 4858 προσλα-

377 4878 569 4934 δοῦσα.
598 4880 822 4943 Γνόντες
853 4876 948 4933 οὖν
990 4879 1041 4932 οἰ
1075 4878 1243 4947 ἅγιοι,
1276 4878 1355 4931 ὅτι
1394 4879 1483 4932 διὰ
1535 4877 1707 4947 μέσης
1748 4875 1950 4947 σαρκός

379 4971 515 5042 πρὸς
544 4973 644 5041 τὴν
698 4969 833 5041 ὕλην
870 4971 905 5039 ἡ
933 4968 1080 5041 ψυχὴ
1122 4968 1272 5041 παρὰ
1303 4967 1467 5037 φύσιν
1516 4967 1812 5037 κινουμένη
1849 4966 1948 5038 τὴν

375 5062 566 5133 χοῖκὴν
608 5060 820 5131 μορφὴν
851 5059 1161 5121 ὑποδύεται,
1192 5059 1281 5112 διὰ
1314 5058 1485 5129 μέσης
1526 5056 1729 5127 μᾶλλον
1768 5057 1948 5126 ψυχῆς

377 5149 518 5204 κατὰ
564 5151 726 5218 φύσιν
782 5150 938 5204 αὐτοὶ
993 5150 1129 5220 πρὸς
1174 5148 1265 5201 τὸν
1308 5148 1441 5201 Θεὸν
1479 5146 1810 5218 κινούμενοι,
1853 5148 1948 5201 καὶ

376 5243 474 5312 τὴν
504 5241 682 5313 σάρκα
716 5241 794 5314 τῷ
832 5240 949 5314 Θεῷ
987 5241 1308 5311 πρεπόντως
1341 5237 1625 5292 οἰκειῶσαι
1672 5228 1948 5308 διενοήθη-

378 5350 498 5400 σαν,
531 5334 600 5388 δι’
628 5335 914 5406 ἀσκήσεως
946 5333 1157 5404 ἀρετῶν
1210 5331 1576 5402 ἐνδεχομένως
1628 5329 1799 5400 αὐτὴν
1826 5333 1945 5394 ταῖς

378 5425 551 5491 θείαις
576 5425 848 5496 ἐμφάσεσι
875 5424 1340 5486 καλλωπίσαντες.

450 5700 551 5765 ογ’,
583 5694 958 5767 Μεγαλοφνῶς
988 5693 1088 5779 ὀὶ.
1114 5691 1256 5761 ἆγιοι
1315 5683 1455 5747 κατὰ
1506 5689 1598 5773 τὸν
1634 5690 1809 5764 ἀληθῆ
1854 5693 1948 5747 καὶ

2050 4605 2156 4659 nali
2186 4604 2484 4674 cupiditate
2513 4605 2842 4663 consistens.
2869 4606 3154 4677 Cupiditas
3195 4608 3364 4674 enim,
3414 4607 3458 4663 si
3494 4625 3623 4664 scn-

2047 4697 2133 4751 sui
2180 4696 2425 4762 accedat,
2460 4697 2515 4751 in
2552 4698 2885 4767 voluptatem
2930 4700 3143 4763 transit,
3176 4699 3403 4754 formam
3451 4700 3529 4754 illi
3560 4716 3625 4754 ac

2048 4787 2285 4857 speciem
2333 4787 2634 4854 inducens;
2688 4804 2992 4859 sensusque
3044 4790 3347 4859 cupiditate
3397 4799 3620 4854 motus,

2049 4893 2162 4930 rem
2204 4889 2399 4934 nactus
2442 4893 2660 4933 sensum
2692 4879 3040 4948 allicientem,
3076 4882 3403 4951 voluptatem
3433 4879 3618 4934 ellicit.

2045 4966 2292 5022 Scientes
2322 4969 2505 5038 itaque
2533 4969 2727 5033 sancti,
2776 4969 3036 5034 animam,
3068 4970 3197 5024 dum
3236 4985 3402 5024 carne
3442 4969 3621 5025 media

2048 5056 2429 5113 innaturaliter
2448 5059 2515 5113 ad
2548 5067 2759 5114 terrena
2792 5068 3064 5123 movetur,
3093 5067 3362 5114 terrenam
3388 5059 3618 5113 formam

2046 5148 2308 5214 induere;
2349 5148 2449 5218 ipsi
2484 5150 2666 5218 potius
2696 5150 2873 5204 media
2900 5151 3080 5204 anima
3122 5165 3189 5204 ex
3220 5158 3426 5203 naturae
3453 5147 3620 5202 ratio-

2045 5238 2210 5293 nibus
2252 5238 2309 5292 in
2353 5239 2525 5293 Deum
2567 5245 2718 5295 motu
2765 5240 3133 5302 connitcntes,
3181 5237 3357 5308 ipsam
3397 5251 3620 5306 quoque

2049 5344 2270 5384 carnem
2306 5327 2695 5385 convenienter
2719 5330 2829 5384 Deo
2854 5329 3148 5388 conciliare
3179 5343 3361 5398 operae
3379 5327 3617 5398 pretium

2052 5421 2347 5484 duxerunt,
2384 5421 2652 5474 virtutum
2695 5420 2846 5475 cultu
2885 5435 2949 5475 ac
2985 5419 3403 5484 exercitatione,
3437 5418 3618 5488 quoad

2034 5511 2286 5575 licebat,
2339 5509 2543 5565 divinis
2603 5525 2723 5565 eam
2776 5510 3123 5580 perornando
3176 5508 3618 5581 repraesentatio-

2051 5602 2233 5657 nibus.

2119 5693 2206 5749 7'5.
2256 5692 2459 5761 Sancti,
2499 5696 2640 5750 ‘vero
2680 5708 2744 5750 ac
2781 5693 3050 5750 inoffenso
3088 5700 3269 5750 motus
3303 5708 3373 5750 ex
3416 5698 3610 5752 natura
