4110 6318
562 352 691 413 ili-3

1713 357 1774 417 s.
1818 356 2103 417 MAXIMI
2142 354 2652 447 QONFESSORIS

3691 350 3842 419 1380

557 472 742 535 modo,
778 485 1018 540 pnescns
1053 475 1408 521 scammatnm
1449 476 1612 537 atque
1653 484 1831 522 arente
1870 470 2129 523 smeulum

2242 468 2533 522 ἀπταιστον
2588 467 2689 537 τῆς
2739 468 2882 520 κατὰ
2929 462 3089 533 φύσιν
3139 467 3409 536 κινήσεως
3459 466 3701 538 τρόπον,
3749 471 3839 522 τὸν

558 558 842 628 magniﬁce
869 555 1239 618 transierunt;
1270 569 1491 610 sensum
1521 556 1743 625 quidem
1773 572 1898 611 cum
1925 569 2129 624 mente,

556 649 899 718 simplicibus
920 646 1101 701 media
1136 646 1346 702 ratione
1373 663 1556 702 rerum
1585 649 1891 704 rationibus
1928 650 2135 705 instru-

559 749 667 804 cta,
720 739 1075 808 copulantes;
1121 746 1362 791 mentem
1411 753 1565 804 vero,
1610 740 1761 794 omni
1808 726 2036 810 prorsus
2077 741 2133 794 in

558 847 645 885 res
670 829 945 898 quaslibet
989 836 1141 882 motu
1180 830 1437 895 solutam,
1473 840 1636 900 atque
1662 831 1731 885 ab
1756 831 1871 902 ipsa
1906 848 2004 887 sua
2033 849 2133 887 na-

559 923 719 976 turali
746 922 1065 990 operatione
1108 930 1416 987 vacantem,
1456 922 1569 978 Deo
1608 924 1972 992 adhibentes;
2005 940 2132 995 qua,

557 1022 669 1067 tota
696 1011 746 1065 vi
774 1011 829 1065 in
861 1012 1033 1066 Deum
1058 1012 1294 1077 collecti,
1327 1011 1447 1076 toti,
1483 1013 1596 1067 Deo
1624 1012 1722 1068 toti
1749 1029 1848 1083 per
1879 1014 2135 1083 spiritum

472 1148 475 1153 .
557 1105 775 1160 misceri
850 1113 1204 1168 meruerunt,
1268 1112 1440 1159 totam
1506 1105 1748 1161 cmlestis
1810 1106 2133 1177 imaginem,

556 1197 737 1266 quoad
792 1210 1115 1251 concessum
1171 1196 1495 1252 hominibus
1553 1205 1657 1261 est,
1709 1206 1997 1267 portantes
2049 1200 2133 1264 ⁶⁹;

559 1298 873 1359 tantamque
894 1288 1095 1343 divina:
1124 1289 1611 1358 representationis
1632 1289 1742 1345 vim
1770 1289 1853 1360 (ut
1881 1290 1955 1344 ita
1974 1290 2139 1345 liccat

555 1378 728 1448 loqui)
753 1378 1049 1441 trahentes,
1079 1387 1343 1447 quantum
1374 1379 1480 1445 ipsi
1512 1380 1672 1434 tracti
1708 1380 1761 1434 in
1800 1379 1971 1435 Deum
2001 1396 2136 1435 con-

556 1482 707 1523 CBSSC
715 1483 790 1523 re.

627 1658 713 1719 74.
751 1655 913 1709 Aiunt
960 1654 1129 1708 Deum
1176 1663 1230 1708 et
1276 1653 1554 1708 hominem
1586 1653 1690 1708 suoi
1732 1659 1923 1707 mutuo
1956 1668 2142 1707 exem-

557 1747 729 1816 plaria
773 1761 914 1807 esse,
954 1751 1273 1813 tantumque
1311 1744 1484 1797 Deum
1534 1741 1745 1796 homini
1803 1740 2140 1811 benignitate

2236 560 2480 632 παρόντα
2523 559 2632 611 τῶν
2672 557 3012 629 σκαμμάτων
3057 556 3229 611 αἰῶνα
3260 557 3358 628 (m)
3390 558 3679 630 διέϐησανο
3724 560 3832 633 τὴν

2239 654 2338 724 μὲν
2366 653 2645 723 αἴσθησιν,
2684 650 2889 714 ἁπλοῦς
2919 652 3008 704 διὰ
3042 653 3210 722 μέσου
3236 652 3330 704 τοῦ
3354 650 3515 720 λόγου
3549 653 3704 725 πρὲς
3738 655 3836 707 τὸν

2236 742 2360 799 νοῦν
2394 745 2520 807 τοὺς
2568 743 2678 798 τῶν
2705 743 2876 798 όντων
2910 743 3104 814 ἔχοντα
3144 743 3336 811 λόγους
3366 742 3709 809 ἑνώσαντες·
3743 744 3840 800 τὸν

2234 837 2290 890 δὲ
2319 835 2467 898 νοῦν,
2499 836 2599 906 τῆς
2645 837 2775 906 περὶ
2806 835 2872 887 τὰ
2901 835 3031 888 ὅντα
3061 832 3238 887 πάντα
3267 834 3537 905 κινήσεως
3563 832 3840 902 καθαρῶς

2235 929 2593 992 ἀπολυθέντα,
2614 929 2707 981 καὶ
2732 928 2902 997 αὐτῆς
2929 927 3030 997 τῆς
3058 925 3181 980 καθ’
3207 926 3380 980 αὑτὸν⁴
3397 927 3644 997 φυσικῆς
3675 927 3835 997 ἐνερε-

2237 1021 2391 1089 γείας
2414 1019 2769 1091 ἠρεμοῦντα,
2798 1020 2877 1090 τῷ
2925 1018 3045 1090 Θεῷ
3075 1018 3569 1092 προσκομίσαντες’
3618 1018 3754 1072 καθ’
3775 1019 3833 1072 δν

2235 1112 2435 1176 ὑλικῶς
2469 1111 2611 1184 πρὸς
2639 1112 2771 1165 Θεὸν
2796 1111 3177 1183 συναχθέντες,
3209 1112 3319 1165 ὅλοι
3347 1110 3454 1179 ὅλῳ
3480 1110 3601 1180 Θεῷ
3625 1114 3830 1181 ἐγκρα-

2241 1201 2400 1274 θῆναι
2425 1204 2514 1258 διὰ
2545 1203 2638 1257 τοῦ
2665 1203 2973 1274 πνεύματος
2999 1202 3332 1274 ἠξιώθησαν,
3373 1202 3501 1274 ὃλην
3527 1200 3628 1257 τοῦ
3662 1205 3830 1257 ἕπου-

2241 1293 2425 1364 ρανίου
2454 1293 2596 1347 κατά
2642 1293 2704 1346 τὸ
2736 1293 2959 1346 δυνατὸν
3008 1292 3343 1363 ἀνθρώποις,
3378 1295 3478 1364 τὴν
3512 1292 3710 1346 εἰκόνα
3745 1309 3829 1361 φο·

2251 1385 2528 1456 ρέσαντες,
2575 1387 2669 1437 καὶ
2711 1384 2965 1438 τοσοῦτον
3011 1384 3263 1449 ἕλξαντες
3308 1385 3403 1454 τῆς
3436 1384 3589 1446 θείας
3644 1386 3801 1456 ὲμφά

2241 1494 2401 1543 σεως,
2419 1478 2466 1529 εί
2502 1475 2661 1546 θέμις
2684 1475 2839 1529 τοῦτο
2872 1478 3066 1538 εἰπεῖν,
3101 1476 3225 1528 ὅσον
3252 1474 3533 1545 ἑλχθέντες
3555 1476 3728 1529 αὐτοὶ
3751 1474 3827 1545 τῷ

2238 1566 2358 1638 Θεῷ
2384 1565 2729 1634 ὲνετέθησαν.

2309 1659 2400 1713 (ιδ’.
2445 1655 2718 1726 Ἀλλήλων
2765 1651 2905 1708 εἷναί
2932 1671 3062 1724 φασι
3093 1654 3539 1726 παραδείγματα,
3571 1656 3670 1708 τὸν
3694 1654 3825 1708 Θεδν

2241 1747 2337 1800 καὶ
2372 1746 2463 1800 τὸν
2503 1746 2809 1818 ἄνθρωπον,
2865 1747 2959 1798 καὶ
2993 1740 3245 1798 τοσοῦτον
3280 1744 3359 1814 τῷ
3406 1743 3691 1816 ἀνθρώπῳ
3736 1746 3825 1799 τὸν

558 1854 620 1892 ac
642 1835 930 1891 clementia
968 1834 1243 1888 hominem
1280 1834 1418 1899 ﬁeri,
1457 1842 1723 1903 quantum
1754 1832 1920 1887 homo
1942 1847 1999 1886 se
2029 1831 2139 1886 Deo

2242 1840 2374 1893 Θεὸν
2403 1839 2490 1893 διὰ
2532 1837 2946 1910 φιλανθρωπίαν
2994 1837 3455 1907 ἀνθρωπίζεσθαι,
3500 1839 3630 1891 ὅσον
3664 1839 3695 1891 6
3731 1839 3825 1891 ἄν·

557 1946 657 2000 per
685 1930 1008 1984 cbaritatem
1040 1924 1295 1981 (leificare
1332 1925 1549 1996 potuit:
1594 1933 1917 1995 tantumque
1957 1923 2139 1977 homi-

557 2033 681 2074 nem
718 2035 749 2072 a
780 2019 892 2073 Deo
922 2017 1038 2087 rapi
1060 2015 1128 2070 ad
1155 2015 1462 2077 sciendum,
1482 2023 1748 2085 quantum
1779 2013 1946 2067 homo
1967 2012 2137 2067 Deum

559 2120 755 2165 natura
811 2108 1258 2178 inaspectabilem
1304 2108 1574 2162 virtutum
1634 2114 1834 2161 ornatu
1889 2103 2138 2159 manife-

560 2203 747 2257 stavit.

630 2293 717 2346 75.
746 2291 1005 2361 Quisquis
1036 2288 1385 2345 mortiﬁcavit
1404 2286 1651 2343 membra
1672 2303 1793 2357 qua:
1817 2293 1947 2339 sunt
1975 2298 2142 2353 super

551 2377 762 2439 terram
805 2384 873 2449 7°,
920 2397 1251 2453 omnemque
1297 2396 1327 2437 a
1371 2395 1427 2435 se
1487 2380 1672 2435 carnis
1706 2375 1873 2449 628
1918 2392 2139 2431 sensum

559 2472 840 2536 exstinxit,
882 2486 946 2526 ac
979 2487 1225 2543 prorsus,
1262 2486 1372 2540 qua
1426 2468 1507 2523 illi
1550 2469 1863 2529 tenebatur,
1890 2466 2139 2520 affectio-

564 2579 685 2617 nem
725 2562 987 2626 excussit,
1027 2577 1133 2631 qua
1182 2560 1262 2623 ﬁt,
1310 2572 1370 2615 ut
1413 2560 1653 2614 charitas
1692 2558 1787 2612 uni
1819 2557 1929 2611 Deo
1955 2556 2140 2610 debita

563 2652 617 2705 in
663 2652 822 2706 nobis
867 2651 1119 2721 partibus
1156 2645 1472 2715 scindatur;
1522 2656 1828 2716 cunctaque
1869 2645 2053 2700 carnis
2078 2659 2141 2698 ac

563 2743 775 2807 mundi,
811 2742 1009 2798 divina?
1033 2742 1222 2813 gratia:
1249 2757 1435 2804 causa,
1465 2740 1698 2811 insignia
1733 2737 1972 2806 negavit,
2008 2743 2143 2791 utet

562 2833 749 2889 dicere
790 2834 963 2904 possit
1003 2850 1127 2888 cum
1169 2833 1330 2887 beato
1367 2828 1532 2887 Paulo
1560 2831 1849 2901 apostolo:
1886 2828 2014 2894 Quis
2048 2843 2141 2881 nos

560 2927 825 2996 separabit
860 2944 890 2979 a
913 2927 1169 2979 charitate
1197 2923 1429 2980 Christi?
1465 2931 1521 2977 et
1552 2939 1673 2993 qua:
1714 2929 2023 2993 sequuntur
2053 2920 2139 2986 7‘;

563 3016 653 3071 hic
675 3018 816 3079 talis,
829 3019 941 3071 sine
964 3027 1114 3088 patre
1141 3025 1188 3069 et
1218 3017 1331 3069 sine
1352 3023 1522 3068 matre
1545 3022 1593 3066 et
1614 3015 1727 3068 sine
1743 3011 2052 3083 genealogia
2072 3011 2140 3074 τ’,

566 3108 620 3161 in
652 3124 859 3163 morem
900 3110 1081 3178 magni
1118 3106 1521 3162 Melchisedech
1563 3105 1878 3174 factusest.
1900 3119 2010 3157 non
2043 3103 2141 3157 ha-

566 3199 698 3252 hens
713 3215 822 3268 quo
848 3216 877 3253 a
906 3216 1072 3255 carne
1098 3208 1153 3253 et
1180 3207 1372 3251 natura
1398 3207 1672 3264 teneatur,
1700 3197 1771 3251 ob
1793 3195 2141 3267 conjunctio-

565 3307 689 3345 nem
715 3307 833 3360 quze
872 3292 949 3344 illi
973 3308 1094 3346 cum
1121 3291 1317 3360 spiritu
1349 3289 1567 3360 obtigit.

635 3493 721 3547 76.
780 3492 933 3546 llaud
982 3493 1191 3563 justum
1250 3498 1399 3558 puto,
1456 3488 1742 3558 praesentis
1783 3488 1911 3543 vitaz
1954 3488 2140 3556 ﬁnem,

567 3584 800 3637 mortem
837 3584 1134 3652 appellare,
1162 3581 1257 3636 sed
1282 3580 1664 3635 liberationem
1686 3596 1716 3635 a
1738 3588 1935 3644 morte,
1959 3594 2144 3634 semo—

568 3680 676 3726 tam
707 3670 1137 3739 corruptionem,
1163 3669 1496 3724 vindicatam
1530 3669 1868 3734 libertatem,
1899 3668 2143 3724 sedatam

568 3762 960 3825 turbationcm,
997 3760 1212 3815 sublata
1259 3760 1630 3829 bclla,pulsas
1667 3759 1947 3823 tenebras,
1994 3758 2146 3812 labo-

567 3870 688 3909 rum
725 3855 993 3924 requiem,
1024 3852 1092 3907 ab
1141 3862 1277 3907 aestu
1312 3868 1593 3916 serenum,
1625 3852 1919 3906 obductam
1948 3850 2145 3905 confu-

567 3938 798 4001 sionem,
824 3937 1094 3991 eluctatos
1124 3937 1353 3991 all'ectus
1384 3952 1447 3991 ac
1475 3936 1953 4006 perturbationes;
1980 3944 2036 3990 et
2086 3943 2147 3989 ut

569 4045 782 4085 summa
824 4030 1022 4095 dicam,
1072 4028 1318 4083 omnium
1358 4028 1924 4098 circumscriptionem
1970 4027 2147 4082 malo-

568 4136 691 4176 rum
735 4136 799 4174 ac
844 4128 1080 4185 metam;
1114 4120 1317 4190 quibus
1360 4118 1535 4174 sancti
1568 4118 1879 4173 voluntaria
1915 4118 2149 4173 mortiﬁ-

567 4211 784 4266 catione
816 4221 1041 4267 strenue
1074 4210 1372 4281 perfuncti,
1414 4209 1663 4279 hospites
1703 4225 1763 4264 se
1805 4219 1861 4263 et
1904 4209 2149 4279 peregri-

568 4319 670 4358 nos
702 4319 731 4358 a
764 4304 875 4358 vita
906 4311 962 4359 et
1006 4304 1203 4358 saecula
1252 4302 1625 4357 exhibuerunt
1664 4300 1730 4354 ⁷³.
1774 4299 1910 4355 Cum
1940 4299 2146 4353 mundo

567 4396 713 4449 enim
746 4405 802 4449 et
839 4411 1094 4465 corpore,
1128 4404 1185 4449 et
1214 4409 1335 4463 qum
1360 4408 1427 4447 ex
1463 4393 1544 4447 eis
1586 4392 1881 4462 insurgunt
1931 4391 2146 4444 fortiter

2242 1927 2458 2000 Optimo;
2489 1928 2682 1981 ἑαυτὸν
2704 1926 2783 1998 τῷ
2814 1926 2933 1997 Θεῷ
2958 1927 3025 1979 δι’
3048 1927 3270 1998 ἀγάπης
3297 1927 3543 1996 δυνηθεὶς
3571 1928 3823 1981 ἀπεθέωο

2243 2034 2324 2072 σε·
2356 2018 2454 2072 καὶ
2488 2017 2744 2074 τοσοῦτον
2778 2019 2885 2071 ὑπὸ
2918 2018 3053 2070 Θεοῦ
3081 2018 3174 2071 τὸν
3207 2017 3491 2090 ἄνθρωπον
3524 2018 3675 2073 κατά
3699 2014 3822 2071 νοῦν

2241 2109 2586 2183 ἁρπάζεσθαι
2628 2109 2767 2181 πρὸς
2810 2107 2868 2163 τὸ
2913 2110 3175 2178 γνωστὸν,
3208 2111 3330 2163 ὅσον
3356 2109 3384 2161 6
3417 2110 3708 2182 ἄνθρωπος
3731 2110 3821 2164 τὸν

2240 2203 2469 2274 ἀόρατον
2514 2201 2673 2272 φύσει
2697 2202 2830 2255 Θεὸν
2870 2200 2960 2255 διὰ
2985 2200 3094 2254 τῶν
3117 2200 3331 2273 ἀρετῶν
3367 2201 3713 2272 ὲφανέρωσε.

2313 2301 2405 2347 σε’.
2434 2293 2550 2358 Πᾶς
2570 2295 2599 2347 6
2625 2294 2692 2348 τά
2724 2293 2863 2364 μέλη
2894 2293 3177 2364 νεκρώσας
3209 2293 3277 2347 τὰ
3312 2295 3405 2346 ἐπὶ
3428 2294 3553 2363 γῆς,
3579 2294 3676 2346 καὶ
3703 2292 3818 2345 ὅλον

2240 2380 2435 2437 ἑαυτοῦ
2459 2382 2557 2453 τῆς
2592 2382 2793 2452 σαρκὸς
2823 2381 3166 2444 κατασϐέσας
3194 2380 3256 2433 τὸ
3285 2380 3562 2450 φρόνημα,
3592 2380 3691 2431 καὶ
3721 2377 3816 2446 τὴν

2238 2474 2380 2545 πρὸς
2425 2474 2599 2543 αὐτὴν
2647 2473 2821 2527 διόλου
2873 2472 3059 2542 σχέσιν
3097 2471 3565 2541 ἀποσεισάμενος.
3597 2472 3666 2524 δι’
3690 2465 3814 2542 ἦςή

2239 2564 2317 2635 τῷ
2339 2563 2460 2634 Θεῷ
2495 2563 2642 2634 μόνῳ
2669 2562 3085 2634 χρεωστουμένη
3135 2563 3268 2633 παρ’
3295 2563 3455 2632 ἡμῶν
3496 2563 3691 2632 ἀγάπη
3725 2578 3817 2631 με·

2246 2654 2474 2725 ρίζεται,
2508 2654 2601 2706 καὶ
2640 2652 3017 2724 ἀρνησάμενος
3051 2652 3228 2705 πάντα
3255 2654 3324 2703 τὰ
3350 2652 3448 2722 τῆς
3484 2652 3691 2722 σαρκὸς
3724 2648 3813 2702 καὶ

2242 2747 2448 2817 κόσμου
2474 2744 2852 2815 γνωρίσματα,
2883 2744 2982 2814 τῆς
3012 2743 3162 2805 θείας
3189 2742 3376 2796 ’ἐνεκεν
3397 2744 3643 2812 χάριτος·
3676 2740 3811 2793 ὥστε

2245 2836 2339 2891 καὶ
2372 2824 2553 2905 λέγειν
2581 2834 2843 2888 δύνασθαι
2875 2834 3012 2905 μετά
3049 2833 3141 2888 τοῦ
3180 2835 3448 2906 μακαρίου
3484 2834 3701 2886 Παύλου
3722 2831 3809 2901 τοῦ

2242 2925 2579 2993 ἀποστόλου,
2628 2927 2725 2991 Τίς
2784 2920 2939 2995 ἡμᾶς
2995 2927 3233 2996 χωρίσει
3280 2926 3400 2980 ἀπὸ
3439 2921 3547 2991 τῆς
3573 2924 3807 2994 ἀγάπης

2241 3019 2351 3073 τοῦ
2383 3017 2671 3086 Χριστοῦ;
2708 3018 2799 3071 καὶ
2826 3017 2896 3070 τά
2940 3017 3087 3087 ὲξῆςι
3116 3019 3145 3070 6
3181 3016 3421 3079 τοιοῦεος
3450 3016 3691 3083 ἀπάτωρ
3715 3011 3809 3068 καὶ

2244 3110 2486 3181 ἀμήτωρ
2523 3110 2621 3166 καὶ
2667 3111 3144 3180 ἀγενεαλόγητος
3174 3110 3313 3163 κατὰ
3342 3107 3430 3163 τὸν
3458 3109 3633 3179 μέγαν
3667 3104 3808 3160 Μελ-

2243 3206 2458 3276 χισεδὲκ
2486 3206 2730 3273 γέγονεν,
2771 3205 2871 3258 οὐκ
2897 3202 3035 3274 ἔχων
3067 3205 3214 3265 ὅπως
3248 3201 3353 3254 ὑπὸ
3382 3199 3581 3271 σαρκὸς
3614 3212 3814 3269 κρατη-

2242 3297 2307 3368 θῇ
2332 3296 2426 3349 καὶ
2463 3296 2697 3364 φύσεως,
2725 3294 2816 3349 διὰ
2830 3295 2930 3368 τὴν
2956 3293 3331 3364 γεγενημένην
3355 3292 3484 3362 πρὸς
3504 3289 3562 3342 τὸ
3588 3287 3809 3359 πνεῦμα

2242 3387 2558 3456 συνάφειαν.

2311 3483 2418 3540 (ις’.
2451 3475 2525 3527 Τὸ
2560 3474 2729 3545 πέρας
2756 3474 2855 3544 τῆς
2889 3473 3172 3545 παρούσης
3199 3471 3367 3540 ζωῆς,
3400 3471 3461 3523 ού
3498 3469 3698 3523 δίκαιον
3729 3460 3807 3520 οἷ-

2246 3582 2344 3636 μαι
2371 3565 2599 3619 θάνατον
2654 3564 2964 3634 ὀνομάζειν,
3015 3563 3151 3618 ἀλλὰ
3184 3562 3417 3616 θανάτου
3464 3557 3801 3628 ἀπαλλαγὴν,

2242 3656 2338 3710 καὶ
2373 3657 2577 3727 φθορᾶς
2607 3655 2908 3727 χωρισμὸν,
2954 3656 3049 3710 καὶ
3079 3654 3324 3718 δουλείας
3352 3651 3681 3724 ἐλευθερίαν,
3710 3651 3804 3705 καὶ

2242 3752 2488 3819 ταραχῆς
2521 3748 2756 3811 παῦλαν,
2805 3748 2899 3801 καὶ
2943 3749 3196 3820 πολέμων
3233 3748 3531 3818 ἀναίρεσιν,
3559 3745 3658 3799 καὶ
3684 3743 3802 3797 σκό-

2242 3860 2368 3904 τους
2400 3840 2772 3913 ὑποχώρησιν,
2805 3842 2899 3895 καὶ
2934 3842 3111 3894 πόνων
3140 3841 3347 3905 ἄνεσιν,
3382 3839 3476 3893 καὶ
3501 3839 3805 3911 βράσματος

2242 3935 2501 4006 ἠρεμίαν,
2552 3935 2647 3988 καὶ
2701 3933 2961 4005 αἰσχύνης
3025 3933 3419 4003 συγκάλυμμα,
3478 3932 3573 3985 καὶ
3628 3927 3807 3985 παθῶν

2246 4024 2553 4095 ἀποφυγὴν,
2596 4026 2691 4078 καὶ
2741 4026 2978 4089 πάντων,
3014 4025 3103 4079 ἵνα
3132 4023 3368 4078 συνελὼν
3402 4023 3561 4086 είπω,
3583 4021 3695 4074 τῶν
3714 4036 3805 4072 κα-

2246 4117 2358 4170 κῶν
2391 4118 2775 4189 περιγραφήν·
2813 4117 2957 4187 ἆπερ
3004 4116 3071 4170 δι’
3122 4115 3367 4169 ἑκουσίου
3418 4113 3737 4183 νεκρώσεως
3760 4108 3806 4161 οἱ

2248 4207 2395 4276 ἅγιοι
2440 4206 2909 4277 κατορθώσαντες,
2944 4207 3128 4274 ξένους
3162 4207 3388 4268 ἑαυτοὺς
3422 4205 3514 4258 τοῦ
3559 4203 3678 4274 βίου
3725 4201 3807 4254 καὶ

2246 4297 2664 4369 παρεπιδήμους
2709 4300 3074 4369 παρέστησαν.
3115 4298 3319 4367 Κόσμῳ
3346 4314 3405 4349 τε
3437 4296 3545 4367 γὰρ
3588 4297 3687 4347 καὶ
3722 4294 3806 4344 σώ·

2250 4402 2414 4457 μασι,
2480 4390 2575 4443 καὶ⁸
2619 4391 2738 4454 ταῖς
2766 4391 2825 4454 ἐξ
2874 4391 3052 4444 αὐτῶν
3097 4388 3500 4443 ὲπαναοτόισεσι
3555 4384 3807 4454 γενναίως

568 4484 914 4549 dimicantes,
946 4502 1009 4541 ac
1052 4487 1310 4556 utrinque
1347 4484 1764 4555 provenientem
1784 4499 1850 4538 ex
1884 4499 2139 4537 sensuum

2253 4481 2569 4552 μαχόμενοι,
2596 4482 2692 4536 καὶ
2725 4483 2823 4552 τὴν
2854 4482 2912 4547 ἐξ
2944 4484 3147 4550 ἀμφοῖν
3196 4482 3337 4535 κατά
3359 4481 3458 4552 τὴν
3483 4479 3593 4531 τῶν
3629 4475 3803 4542 αἰσθήσ

568 4593 695 4632 cum
745 4579 1041 4635 sensilibus
1087 4579 1423 4634 commercio
1468 4593 1725 4647 nexuque
1766 4577 2144 4646 deeeptionem

571 4671 932 4737 sullocantes,
980 4671 1283 4727 inviolabili
1320 4671 1513 4725 fultam
1560 4669 1813 4725 libertate
1853 4668 2023 4723 animi
2066 4668 2149 4722 di-

569 4765 835 4835 gnitatem
871 4765 977 4819 sibi
1010 4765 1143 4835 ipsis
1179 4773 1494 4820 servarunt.

640 4856 728 4910 77.
760 4857 980 4912 [nsitam
1008 4856 1169 4911 nobis
1188 4872 1217 4911 a
1238 4865 1436 4911 natura
1464 4853 1829 4926 providentiae
1866 4851 2144 4915 notitiam,

570 4964 676 5003 non
705 4949 832 5003 exili
856 4958 1179 5019 argumento
1216 4958 1409 5002 natura
1432 4947 1548 5016 ipsa
1576 4945 1815 5000 insinuat
1841 4987 1854 5010 ,
1892 4944 2021 4999 dum
2055 4958 2150 4998 ne-

2250 4590 2387 4627 σεων
2433 4574 2567 4644 πρὸς
2614 4576 2684 4628 τὰ
2729 4575 2965 4646 αἰσθητά
3014 4576 3332 4645 συμπλοκὴν
3368 4569 3803 4644 παραγενομένην

2242 4665 2460 4734 ἀπάτην
2499 4663 2918 4730 ἀποπνίξαντες,
2951 4666 3250 4721 ἀδούλωτον
3293 4666 3504 4727 ἑαυτοῖς
3545 4660 3804 4732 ἐφύλαξαν

2242 4756 2342 4826 τῆς
2364 4755 2546 4826 ψυχῆς
2585 4756 2646 4809 τὸ
2672 4756 2910 4827 ἀξίωμα.

2311 4847 2409 4912 ι>ζ¹⁸
2441 4848 2756 4921 Τεκμήριον
2783 4851 2844 4902 οὐ
2882 4851 3114 4921 σμικρὸν
3135 4850 3229 4904 τοῦ
3260 4850 3502 4920 φυσικῶς
3541 4848 3677 4919 ἡμῖν
3731 4844 3803 4895 tv-

2246 4940 2517 5012 εσπάρθαι
2576 4941 2674 5014 τὴν
2718 4945 2813 5015 τῆς
2852 4943 3105 5014 προνοίας
3142 4942 3364 5010 γνῶσιν,
3404 4944 3437 5013 ἠ
3487 4939 3649 5010 φύσις
3680 4934 3802 5002 αὑτὴ

637 5128 680 5157 δ’
716 5127 729 5178 l
762 5124 886 5203 Cor.
924 5142 1010 5179 xv.
1043 5125 1129 5178 49.
1205 5124 1251 5154 "°
1281 5122 1490 5178 Coloss.
1526 5139 1604 5184 ιιι,
1638 5124 1688 5177 5.
1768 5122 1808 5153 ⁷³
1846 5115 2004 5174 Rom.
2049 5135 2139 5185 ,ΠΛ

2363 5120 2406 5150 ⁷²
2435 5120 2599 5175 Hebr.
2636 5138 2729 5182 vn,
2757 5121 2810 5174 5.
2886 5121 2931 5152 ’⁷³
2962 5120 2981 5174 1
3030 5120 3176 5175 Pctr.
3208 5137 3266 5187 II,
3296 5120 3378 5175 11.

643 5279 738 5351 (m)
781 5281 889 5333 Τὸν
925 5282 1191 5347 παρόντα
1219 5278 1336 5332 τῶν
1361 5276 1725 5351 σκαμμὰεων
1749 5271 1949 5328 αἰῶνα.
1980 5273 2138 5351 Quod

569 5350 621 5404 in
648 5343 781 5405 Pico
804 5343 1256 5420 exstatfprwscns
1287 5362 1455 5402 scenae
1482 5343 1753 5420 amulum.
1786 5343 2128 5420 typograph-

566 5437 690 5475 cum
722 5421 979 5475 mendum
1010 5415 1163 5475 nuto.
1189 5435 1254 5474 ac
1285 5434 1411 5472 eum
1440 5433 1616 5472 arente
1640 5415 1831 5475 scripsi

565 5500 623 5543 et
643 5503 745 5554 ego
766 5505 975 5554 vocem,
999 5484 1200 5544 Grzecae
1222 5488 1375 5543 vocis
1398 5486 1730 5557 explicandae
1755 5501 1918 5540 causa
1941 5484 2137 5555 adjeci.

563 5559 802 5625 Utraque
829 5559 973 5612 enim
1007 5559 1148 5613 idem
1180 5561 1426 5627 utrisque
1458 5558 1800 5626 signiﬁcatur
1831 5557 1984 5627 locus
2017 5570 2140 5608 cer-

566 5628 789 5682 taminis
829 5643 893 5698 ac
931 5629 1096 5693 fossa,
1130 5629 1183 5681 in
1223 5625 1482 5698 qua—non
1522 5625 1675 5681 esset
1716 5628 1836 5698 ejus
1878 5625 2140 5698 defugere

563 5699 759 5776 aleam,
783 5697 877 5776 sed
902 5698 986 5776 vel
1014 5713 1137 5776 cum
1164 5696 1480 5776 adversario
1505 5696 2136 5776 pugiledecertandum,

565 5768 647 5824 vel
673 5782 798 5822 cum
828 5766 1018 5823 bestiis
1040 5766 1486 5838 depugnandum,
1509 5765 1565 5818 in
1590 5765 1797 5834 quibus
1825 5767 1931 5822 tale
1960 5775 2133 5822 certa-

1049 5427 1163 5483 uto,
1189 5435 1254 5474 ac
1285 5434 1411 5472 eum
1440 5433 1616 5472 areme
1640 5426 1949 5484 scripsisse,
1973 5426 2153 5483 quam

2246 5290 2370 5329 men
2395 5273 2677 5345 gentilium
2706 5274 2920 5345 feritate
2946 5272 3315 5345 exhibebatur
3321 5292 3334 5335 ;
3361 5273 3508 5345 quod
3532 5274 3668 5327 nihil
3690 5285 3798 5345 eum

2247 5339 2429 5404 scena,
2455 5351 2516 5398 ut
2544 5345 2737 5413 liquet,
2762 5344 2926 5397 habet
2942 5359 3263 5398 commune.
3286 5339 3442 5410 Quod
3469 5358 3605 5413 vero
3632 5339 3799 5413 sequi-

2249 5415 2501 5484 ῑιιι·,ὅλοι
2534 5410 2642 5483 6λῲ
2672 5413 2790 5482 Θεῷ
2824 5414 3186 5484 ὲγκραθῆναι,
3218 5416 3314 5468 toti
3345 5416 3398 5467 in
3436 5421 3543 5466 toto
3576 5412 3682 5484 Deo
3710 5410 3801 5484 ﬁt?

2236 5483 2399 5545 mari,
2427 5483 2479 5537 id
2507 5478 2634 5539 vero
2666 5478 2837 5553 ipsius
2864 5478 2974 5553 Pici
3008 5478 3256 5547 inscitiae,
3282 5484 3413 5537 dum
3446 5496 3554 5537 non
3579 5478 3801 5537 advertit

2237 5552 2323 5614 τὸ,
2359 5553 2585 5622 κραθεὶς
2617 5563 2673 5607 et
2694 5552 3026 5622 ἐγκραθεὶς,
3057 5554 3164 5606 ἀπὸ
3197 5554 3289 5606 τοῦ
3325 5553 3625 5621 κεράννυμι
3656 5563 3794 5622 οδες,

2238 5617 2473 5686 miscere,
2506 5638 2609 5692 qua
2641 5617 2775 5677 voce
2810 5617 2999 5677 intima
3032 5622 3124 5677 illa
3157 5623 3356 5680 mentis
3382 5617 3507 5677 cum
3538 5617 3651 5678 Deo
3682 5617 3796 5675 ultio

2233 5692 2437 5763 passim
2468 5693 2737 5765 theologis
2762 5692 3119 5765 signiﬁcatur.
