4110 6318
352 324 481 390 138ί

1063 323 1394 385 CAPITUM
1435 321 1858 396 QUINQUIES
1896 320 2414 382 CEN'IZENORUM
2451 322 2839 384 CENTURIA
2878 328 2945 387 V.

3460 332 3598 398 1382

347 436 576 490 δίδωσιν·
619 434 852 505 ὁπηνίκα
889 431 954 486 ἂν
981 434 1128 502 ἡμᾶς
1155 432 1455 492 ἀδιδάκτως
1483 431 1672 502 ὥσπερ
1699 431 1903 485 ὠθοῦσα

2019 427 2164 481 mine
2189 427 2443 493 docente,
2482 429 2534 482 in
2566 431 2874 499 repentinis
2914 432 3132 487 casibus
3161 432 3228 486 ad
3272 433 3442 489 Deum
3472 454 3598 508 pre-

347 528 481 593 πρὸς
510 527 602 579 τὸν
646 526 777 578 Θεὸν
812 524 897 576 διὰ
928 522 1036 576 τῶν
1067 523 1239 593 εὐχῶν
1277 524 1335 576 ἐν
1378 525 1495 585 ταῖς
1532 519 1793 590 ἐξαίφνης
1821 538 1915 573 τεε-

347 617 677 687 ριστάσεσιν,
707 615 918 669 ἐκεῖθεν
953 617 1135 684 ζητεῖν
1156 615 1253 685 τὴν
1276 615 1549 684 σωτηρίαν
1574 611 1917 683 παρασκευά⁸

343 707 431 778 Cn.
476 709 596 761 ’Υπ’
621 709 864 778 ἀνάγκης
909 708 1017 777 γὰρ
1046 708 1201 774 ἄφνω
1229 704 1642 775 συλληφθέντες,
1686 705 1916 773 ἀπροαιι

344 799 514 869 ρέτως
551 800 678 871 πρίν
707 817 760 852 τι
803 798 1132 869 σκέψασθαι,
1158 797 1248 849 τὸν
1273 795 1405 849 Θεὸν
1435 786 1802 863 ἐπιδοῶμεθα·
1841 794 1916 856 ὡς

341 887 408 943 ἂν
436 890 534 958 τῆς
560 890 816 960 προνοίας
849 890 1015 960 αὐτῆς
1052 888 1190 960 πρὸς
1241 888 1462 958 ἑαυτὴν,
1508 887 1601 940 καὶ
1640 887 1915 956 λογισμῶν

341 979 529 1048 χωρὶς,
583 978 848 1048 ἐλκοέσης
893 979 1058 1049 ἡμᾶς,
1092 978 1187 1029 καὶ
1216 977 1276 1030 τὸ
1304 978 1468 1047 τάχος
1514 976 1616 1046 τῆς
1671 976 1730 1030 ἐν
1782 979 1915 1047 ἡμῖν

340 1070 535 1141 νοερᾶς
567 1068 804 1138 νικώσης
832 1068 1134 1140 δυνάμεως,
1172 1069 1267 1122 καὶ
1307 1068 1523 1121 πάντων
1557 1068 1914 1139 ίσχυροτέραν

340 1159 437 1233 τὴν
463 1159 613 1212 θείαν
646 1159 1103 1231 προδεικνυούσης
1135 1160 1411 1231 βοήθειαν.
1443 1161 1559 1214 Οὐκ
1583 1160 1648 1214 ἂν
1678 1160 1733 1213 δὲ
1764 1160 1914 1231 ἡμᾶς

340 1247 475 1323 ἦγεν
515 1253 897 1325 ἀπροαιρέτως
930 1255 963 1323 ή
1000 1252 1189 1322 φύσις,
1241 1253 1335 1307 ἐπὶ
1380 1254 1442 1306 τὸ
1481 1254 1554 1326 μὴ
1600 1254 1759 1323 φύσιν
1792 1254 1913 1325 ἕχον

341 1344 605 1411 γίνεσθαιο
662 1345 770 1398 πᾶν
802 1344 859 1398 δὲ
904 1344 965 1397 τὸ
1008 1344 1211 1413 ὁτῳοῦν
1245 1343 1493 1425 φυσικῶς
1521 1345 1806 1414 ἑπόμενον,
1838 1346 1913 1408 ὡς

340 1436 508 1488 πᾶσιν
529 1435 770 1504 εὔδηλον,
798 1434 1025 1506 ἰσχυρὰν
1057 1435 1168 1504 ἔχει
1200 1434 1293 1489 καὶ
1313 1435 1741 1506 ἀκαταμάχητον
1773 1436 1913 1490 κατὰ

338 1524 438 1593 τὴν
468 1522 744 1589 ἀπόδειξιν
772 1527 872 1593 τῆς
906 1524 1163 1595 ἀληθείας
1188 1525 1288 1595 τὴν
1316 1524 1571 1597 δύναμιν.

290 1678 297 1685 ι
364 1664 366 1666 τ
407 1622 507 1688 oq'.
563 1615 780 1688 Ἐπειδὴ
811 1616 918 1668 τῶν
956 1615 1146 1676 ὄντων,
1189 1616 1258 1669 τά
1306 1614 1404 1686 μὲν
1438 1616 1584 1668 ἔστιν
1615 1616 1816 1687 ἀγαθὰ,
1843 1615 1910 1669 τά

276 1720 284 1726 “
337 1716 394 1770 δὲ
440 1705 641 1775 φαῦλαο
677 1706 849 1760 ταῦτα
886 1705 963 1773 δὲ,
995 1708 1029 1779 ἢ
1063 1708 1306 1782 παρόντα
1341 1710 1490 1763 ἐστὶν
1537 1710 1570 1777 ἣ
1625 1707 1908 1779 μέλλοντα·

2017 517 2173 570 cibus
2190 516 2483 587 confugere
2510 517 2818 588 impellens,
2846 519 2973 573 inde
2991 521 3224 575 salutem
3247 527 3597 592 quaerendam

2016 607 2264 661 instruit.
2312 606 2509 661 Subito
2558 609 2709 663 enim
2761 611 3094 665 necessitate
3136 616 3398 682 correpti,
3446 624 3598 674 inulto

2017 698 2251 752 rationis
2314 699 2569 765 consilio,
2625 701 2776 755 nulla
2833 701 3229 759 deliberatione
3294 713 3595 776 praemissa,

2014 787 2186 842 Deum
2232 788 2596 858 invocamus;
2653 800 2912 862 tanquam
2966 811 3064 849 nos
3106 797 3173 850 ad
3210 800 3447 868 seipsam
3478 803 3598 858 sine

2016 877 2143 933 ullis
2165 880 2493 941 rationibus.
2530 882 2648 952 ipsa
2674 883 2855 936 trahat
2880 885 3248 953 providentia,
3284 891 3596 963 intelligen-

2015 969 2181 1038 dique
2230 972 2287 1025 in
2335 973 2498 1027 nobis
2544 975 2884 1030 celeritatem
2925 978 3173 1043 vincens,
3211 981 3467 1037 omnibus
3500 1000 3597 1055 po-

2016 1062 2311 1116 tentiorem
2337 1063 2581 1119 divinam
2607 1081 2767 1135 opem
2796 1069 3120 1136 praetendat.
3154 1072 3444 1143 Nunquam
3464 1089 3601 1129 vero

2012 1161 2210 1206 natura
2253 1153 2566 1211 inconsulto
2629 1159 2888 1228 nullaque
2932 1173 3213 1229 prmeunte
3263 1166 3475 1220 ratione
3530 1182 3597 1221 eo

1957 1257 1963 1263 ‘
2013 1248 2280 1314 traheret,
2331 1250 2482 1320 quod
2529 1260 2729 1306 natura
2771 1253 2888 1308 ﬁeri
2925 1271 3038 1309 non
3072 1267 3275 1326 posset.
3319 1260 3595 1329 Quidquid

2013 1348 2201 1394 autem
2237 1340 2441 1395 ιιιιίγεί
2481 1350 2683 1396 natura
2730 1359 2912 1399 comes
2946 1355 3052 1409 est,
3082 1347 3133 1400 id
3172 1365 3323 1413 vero,
3355 1359 3411 1404 ut
3457 1367 3595 1405 cun-

2012 1430 2115 1485 ctis
2146 1431 2497 1486 manifestum
2528 1442 2633 1492 est,
2675 1433 2883 1488 ﬁrmam
2919 1445 2970 1490 et
3000 1436 3419 1508 insuperabilem
3452 1458 3598 1495 assc-

2012 1524 2183 1579 renda
2205 1525 2436 1580 veritate
2457 1525 2569 1579 vim
2595 1526 2778 1581 habet.

2082 1613 2171 1667 78.
2217 1613 2354 1668 Cum
2406 1630 2616 1679 rerum,
2674 1615 2794 1671 alia:
2841 1616 3020 1683 bonte,
3075 1620 3195 1673 alim
3250 1623 3401 1677 malze
3446 1623 3591 1687 sint;

2010 1703 2206 1774 hzeque
2238 1705 2377 1760 adeo
2417 1706 2504 1761 vel
2554 1716 2856 1777 praesentes
2888 1710 3017 1774 sint,
3054 1712 3141 1764 vel
3168 1711 3365 1787 futura:
3399 1731 3413 1766 :
3448 1714 3593 1782 quod

338 1793 786 1865 προσδοκώμενον
819 1796 917 1864 μέν
946 1780 1169 1865 ἀγαθὸν,
1201 1797 1498 1868 ἐπιθυμίαν
1520 1798 1696 1852 καλεῖ·
1734 1797 1903 1867 παρὸν

2011 1793 2217 1849 bonum
2259 1810 2525 1865 suspensa
2567 1799 2980 1866 exspectatione
3025 1808 3192 1864 tenet,
3237 1802 3592 1872 cupiditatem

335 1881 416 1947 δὲ,
454 1883 648 1954 ἡδονήν
681 1900 693 1910 ·
741 1885 835 1937 καὶ
869 1885 1054 1951 πάλιν,
1086 1887 1533 1958 προσδοκώμενον
1588 1888 1688 1959 μὲν
1714 1887 1904 1953 κακὸν,

337 1974 521 2044 φόϐονο
559 1976 733 2046 παρὸν
765 1976 842 2042 δὲ,
868 1976 1067 2048 λύπηνο
1093 1980 1167 2042 ὡς
1204 1975 1342 2033 εἶναί
1365 1997 1421 2033 τε
1449 1981 1544 2034 καὶ
1564 1979 1903 2052 θεωρεῖσθαι,

336 2067 463 2137 περὶ
495 2066 593 2136 μὲν
624 2066 693 2120 τὰ
726 2067 886 2130 καλὰ,
917 2070 1025 2121 εἴτε
1072 2068 1139 2121 τὰ
1187 2070 1355 2134 ὅντως
1378 2068 1533 2134 ὂντα,
1572 2072 1683 2124 εἴτε
1720 2072 1790 2125 τὰ
1820 2089 1907 2125 νοο

338 2156 606 2227 μιζόμενα
627 2199 641 2222 ,
674 2159 774 2229 τὴν
826 2160 1019 2231 ἡδονὴν
1053 2160 1145 2213 καὶ
1180 2162 1279 2232 τὴν
1322 2162 1648 2234 ἐπιθυμίαν·
1688 2163 1816 2235 περὶ
1849 2163 1906 2217 δὲ

333 2249 400 2302 τὰ
430 2248 627 2317 φαῦλα,
657 2251 756 2321 τὴν
802 2250 980 2321 λύπην
1014 2253 1108 2306 καὶ
1156 2253 1247 2306 τὸν
1296 2254 1479 2324 φόϐον.
1511 2255 1620 2308 Καὶ
1651 2256 1758 2326 γὰρ
1789 2257 1907 2309 ἐπι-

331 2339 672 2410 τυγχάνουσα
700 2342 799 2410 μὲν
821 2343 856 2412 ἡ
876 2342 1164 2414 ἐπιθυμία,
1204 2345 1401 2416 ἡδονὴν
1433 2346 1745 2416 ἐργάζεται·
1768 2348 1905 2400 ἁπο-

332 2433 674 2503 τυγχάνουσα
698 2433 756 2487 δὲ
803 2433 998 2506 λύπην.

402 2682 498 2738 οϐ’.
532 2684 718 2739 Kaibe
774 2682 917 2739 εἷναί
962 2702 1095 2755 φασι
1149 2688 1331 2741 πᾶσαν
1372 2687 1550 2762 λύπην
1597 2695 1662 2764 τῇ
1699 2694 1903 2764 ἐαυτῆς

333 2775 511 2842 φύσει.
548 2775 664 2829 Κᾶν
691 2776 797 2846 γὰρ
821 2778 849 2829 ὁ
893 2777 1177 2841 σπουδαῖος
1208 2781 1307 2859 ἐπ’.
1324 2780 1621 2852 ἀλλοτρίοις
1665 2784 1903 2857 λυπῆται

332 2864 544 2930 κακοῖς,
592 2866 664 2930 ὡς
706 2868 977 2939 ἐλεήμων,
1014 2870 1128 2923 ἀλλ’
1163 2871 1223 2924 οὐ
1278 2877 1705 2944 προηγουμένως
1760 2880 1904 2934 κατὰ

329 2952 608 3025 πρόθεσιν,
659 2955 773 3007 ἀλλ’
806 2957 1156 3028 ἐφεπομένως
1193 2960 1334 3012 κατὰ
1388 2963 1741 3032 περίστασινο
1779 2970 1807 3021 ὀ
1844 2968 1902 3022 δὲ

329 3041 684 3113 θεωρητικὸς,
720 3043 822 3097 κᾶν
852 3044 1063 3109 τούτοις
1105 3047 1320 3118 ἀπαθὴς
1363 3049 1629 3121 διαμένει,
1661 3055 1902 3125 συνάψας

2009 1894 2199 1952 vocat;
2228 1885 2377 1955 quod
2410 1895 2594 1941 autem
2627 1888 2681 1941 in
2708 1898 2963 1958 promptu
2998 1906 3061 1945 ac
3096 1907 3338 1960 praesens
3359 1903 3462 1955 est,
3493 1910 3591 1947 vo-

2010 1975 2318 2046 luptatem:
2356 1992 2420 2032 ac
2461 1972 2676 2047 rursus,
2722 1988 3099 2049 exspectatum
3148 1984 3371 2049 malum,
3428 1986 3594 2038 tium-

2010 2080 2159 2132 rem;
2188 2068 2333 2136 quod
2358 2083 2490 2123 vero
2518 2058 2773 2139 praesens
2816 2071 2982 2141 629
3011 2081 3115 2138 est,
3158 2074 3436 2130 tristitiam
3469 2079 3594 2131 ani-

2008 2157 2195 2227 mique
2225 2157 2495 2215 dolorem.
2525 2160 2604 2215 lta
2644 2161 2876 2225 scilicet,
2914 2172 2973 2216 ut
2999 2163 3142 2218 circa
3171 2164 3334 2225 bona.
3359 2165 3473 2219 sive
3500 2166 3591 2221 illa

2008 2261 2200 2301 revera
2223 2247 2369 2303 bona
2401 2249 2531 2315 sint,
2564 2250 2681 2305 sive
2716 2248 3052 2317 existimata,
3080 2260 3196 2306 tum
3226 2252 3476 2324 voluptas
3499 2271 3593 2308 cx-

2007 2338 2202 2392 sistant
2230 2347 2287 2393 et
2327 2339 2707 2411 intelligantur
2750 2351 2867 2398 tum
2901 2344 3212 2413 cupiditas;
3259 2344 3407 2401 eirea
3451 2345 3590 2401 mala

2006 2440 2158 2491 vero,
2203 2436 2385 2483 metus
2421 2439 2478 2483 et
2527 2431 2771 2487 tristitia.
2829 2433 2895 2488 Et
2940 2436 3088 2490 enim
3150 2436 3419 2506 cupiditas
3474 2439 3590 2494 voti

2006 2530 2232 2586 compos
2276 2517 2494 2582 effecta,
2532 2520 2869 2588 voluptatem
2909 2523 3086 2592 parit;
3127 2539 3194 2579 eo
3245 2540 3426 2580 au'em
3468 2527 3586 2583 fru-

2005 2613 2195 2669 strata,
2227 2607 2398 2661 animi
2428 2608 2672 2683 dolorem
2693 2625 2757 2665 ac
2784 2612 3064 2667 tristitiam
3097 2613 3246 2668 facit.

2072 2694 2161 2749 79.
2204 2694 2509 2753 Tristitiam
2560 2713 2781 2755 omnem
2827 2700 3111 2772 animique
3159 2702 3428 2770 dolorem,
3483 2718 3585 2761 sua

2004 2782 2183 2854 ipsum
2219 2787 2404 2843 indole
2437 2789 2640 2844 malum
2682 2806 2804 2846 esse
2848 2793 3022 2847 aiunt.
3072 2792 3392 2864 Quanquam
3438 2797 3585 2852 enim

2004 2876 2285 2935 studiosus
2319 2895 2385 2935 ac
2416 2881 2639 2937 virtutis
2671 2884 2853 2938 cultor
2893 2900 2962 2939 ex
2997 2886 3193 2941 alienis
3223 2888 3384 2942 malis
3414 2889 3586 2943 tristi-
3637 2874 3645 2881 ’

2004 2966 2135 3021 tiam
2173 2971 2424 3037 assumit,
2466 2971 2726 3042 doletque
2754 2974 2960 3041 animo,
3005 2984 3066 3030 ut
3098 2976 3433 3045 misericors,
3472 2996 3583 3035 non

2003 3064 2183 3112 tamen
2215 3060 2480 3128 primario
2524 3064 2729 3119 mentis
2779 3065 2991 3120 ratione
3038 3082 3102 3122 ac
3140 3069 3443 3139 proposito,
3487 3073 3583 3125 sed

329 3128 520 3183 ἑαυτὸν
574 3129 651 3201 τῷ
700 3131 840 3203 Θεῷ,
897 3134 993 3187 καὶ
1036 3134 1146 3188 τῶν
1193 3138 1321 3207 τῇδε
1371 3138 1589 3194 πάντων
1614 3141 1899 3216 ἀλλοτριώ-

2004 3159 2440 3219 consequenter;
2464 3163 2727 3223 quantum
2751 3156 2962 3212 scilicet
2984 3128 3211 3214 suadeat
3229 3128 3347 3230 ipsa
3366 3161 3581 3218 adversi

330 3237 448 3282 σας.

2004 3255 2165 3295 casus
2196 3242 2355 3297 ratio.
2397 3244 2487 3308 At,
2525 3246 2621 3315 qui
2655 3256 2951 3316 provectus
2982 3252 3445 3321 contemplatione
3476 3263 3579 3316 est,

328 3308 384 3366 in
414 3312 502 3366 his
546 3327 765 3382 quoque
798 3312 988 3371 dolore
1031 3316 1366 3373 inviolabilis
1410 3316 1615 3387 manet,
1657 3338 1751 3393 qui
1784 3325 1899 3394 ipse
1936 3329 2177 3400 seipsum
2203 3331 2317 3388 Deo
2346 3335 2717 3406 conjunxerit,
2777 3349 2942 3411 atque
2970 3355 3001 3394 a
3032 3341 3266 3397 terrenis
3325 3343 3583 3400 omnibus

330 3400 573 3454 animum
606 3403 933 3473 abjunxerit.

398 3503 473 3550 π’.
510 3498 571 3549 Oi
598 3496 743 3565 ἆγιοι
768 3498 966 3562 πάντες
1005 3500 1098 3553 τοῦ
1130 3503 1274 3557 θείου
1308 3505 1403 3557 καὶ
1434 3494 1707 3573 ἀπλανοῦς
1740 3510 1900 3580 λόγου

328 3584 566 3653 γνησίως
618 3586 1033 3658 ἐπειλημμένοι,
1061 3589 1152 3641 τὸν
1187 3591 1358 3645 αἰῶνα
1386 3594 1575 3648 τοῦτον
1614 3597 1895 3667 διέϐησαν,

327 3677 502 3730 οὐδενὶ
536 3676 643 3729 τῶν
675 3680 733 3731 ἐν
761 3680 910 3749 αὐτῷ
946 3682 1197 3751 τερπνῶν
1248 3684 1311 3735 τὸ
1369 3685 1471 3755 τῆς
1522 3685 1699 3757 ψυχῆς
1756 3690 1899 3758 ἴχνος

327 3767 790 3838 ἐναπερείσαντες.
828 3771 965 3840 Πρὸς
1000 3773 1109 3843 γὰρ
1140 3775 1263 3836 τοὺς
1295 3774 1497 3844 ἄκρους
1531 3777 1639 3829 τῶν
1684 3780 1898 3850 ἀνθρώ-

329 3874 449 3922 ποις
478 3858 714 3929 ἐφικτῶν
749 3863 875 3932 περδ.
907 3860 1042 3915 Θεοῦ
1070 3862 1283 3933 λόγους,
1324 3867 1424 3939 τῆς
1453 3868 1785 3940 ἀγαθότητός
1832 3873 1895 3924 τέ

326 3967 470 4021 φημι
528 3952 622 4005 καὶ
667 3953 765 4022 τῆς
797 3954 1037 4024 ἀγάπης,
1094 3954 1239 4024 μάλα
1266 3974 1330 4025 γε
1362 3958 1583 4023 εἰκότως
1628 3960 1718 4014 τὸν
1770 3962 1890 4019 νοῦν

325 4041 783 4105 ἀναπετάσαντες
818 4039 899 4107 οἷς
930 4045 1217 4115 κινηθέντα
1260 4047 1352 4102 τὸν
1383 4048 1534 4114 Θ;δν,
1567 4050 1628 4103 τὸ
1668 4046 1811 4106 εἷναί
1833 4070 1892 4107 τε

324 4129 505 4183 δοῦναι
529 4133 639 4193 τοῖς
662 4129 802 4193 οὖσι,
851 4135 943 4187 καὶ
972 4134 1034 4188 τὸ
1076 4132 1136 4189 εὖ
1184 4131 1323 4190 εἶναι
1354 4138 1705 4210 χαρίσασθαι,
1735 4143 1892 4195 ἐπαι-

324 4220 613 4286 δεύθησαν·
645 4223 807 4294 εἴπερ
837 4224 1053 4295 κίνησιν
1086 4226 1178 4278 ἐπὶ
1200 4226 1336 4280 Θεοῦ
1371 4227 1463 4280 τοῦ
1497 4228 1662 4299 μόνου
1696 4230 1887 4302 ἀκινή-

322 4327 417 4363 του
472 4311 629 4383 θέμις
658 4314 854 4380 εἰπεῖν,
906 4315 1043 4369 ἀλλὰ
1106 4316 1183 4387 μὴ
1237 4319 1435 4386 μᾶλλον
1480 4319 1755 4393 βούλησιν,
1793 4322 1890 4395 τὴν

325 4402 500 4456 πάντα
549 4403 804 4458 κινοῦσάν
854 4423 934 4468 τε,
973 4410 1067 4461 καὶ
1124 4412 1201 4472 εὶς
1240 4411 1300 4462 τὸ
1349 4408 1486 4464 εἶναι
1533 4414 1889 4484 παράγουσαν
1924 4387 1966 4441 D

324 4495 417 4547 καὶ
449 4496 796 4567 συνέχουσαν,
852 4499 1178 4570 κινουμένην
1214 4500 1268 4553 δὲ
1315 4502 1564 4572 οὐδαμῶς
1613 4503 1888 4558 οὐδέποτε.

399 4695 508 4741 παν.
555 4689 616 4742 Ἦ
636 4690 783 4760 ψυχὴ
813 4690 972 4743 οὐσία
1000 4689 1162 4761 νοερά
1187 4707 1245 4742 τε
1278 4691 1370 4743 καὶ
1391 4691 1584 4764 λογικὴ
1611 4693 1885 4766 ὑπάρχου-

325 4796 413 4843 σα,
448 4781 541 4833 καὶ
569 4784 680 4833 νοεῖ
707 4783 803 4835 καὶ
836 4781 1135 4849 λογίζεταιο
1173 4781 1401 4852 δύναμιν
1438 4785 1535 4855 μὲν
1569 4785 1766 4856 ἔχουσα
1795 4788 1889 4841 τὸν

310 4864 468 4924 ’νοῦνο
505 4872 718 4942 κίνησιν
749 4873 828 4934 δέ,
856 4872 954 4943 τὴν
996 4873 1201 4943 νόησιν·
1232 4874 1514 4943 ἐνέργειαν
1556 4876 1632 4942 δὲ,
1666 4878 1727 4931 τὸ
1763 4879 1888 4950 νόη-

326 4978 402 5033 μα
436 4963 533 5034 (η),
571 4964 750 5035 Πέρας
787 4963 897 5034 γὰρ
924 4963 1101 5029 τοῦτο,
1144 4964 1241 5033 τῆς
1272 4983 1331 5018 τε
1372 4965 1466 5018 τοῦ
1515 4967 1760 5032 νοοῦντος
1799 4972 1892 5023 καὶ

322 5050 417 5104 τοῦ
450 5053 737 5122 νοουμένου
767 5051 1004 5125 νοήσεώς
1042 5055 1209 5116 ἐστιν,
1240 5053 1315 5117 ὡς
1351 5059 1753 5127 περιοριστικὺν
1789 5059 1887 5129 τῆς

325 5143 457 5212 πρὸς
488 5143 690 5213 ἄλληλα
728 5143 836 5197 τῶν
868 5143 1049 5214 ἄκρων
1091 5142 1335 5213 ὑπάρχον
1376 5144 1634 5215 σχέσεως.
1674 5147 1891 5203 Νοοῦσα

395 5351 472 5417 (n)
518 5354 853 5428 :Erépq‘star
879 5356 1089 5428 ante
1130 5358 1345 5428 νόημα.
1383 5356 1545 5411 Varia
1588 5372 1709 5428 ejus
1744 5358 1897 5413 vocis

324 5422 598 5494 acceptio,
635 5422 834 5494 saépius
877 5425 1110 5480 Maximo
1152 5422 1429 5489 discussa;
1473 5442 1535 5481 ea
1575 5422 1893 5486 occasione.

322 5490 469 5554 quod
496 5506 594 5558 pro
620 5490 735 5564 ipsa
759 5495 1076 5564 operatione
1099 5497 1187 5551 vel
1210 5494 1490 5558 facultate,
1516 5513 1621 5551 una
1654 5498 1708 5551 in
1738 5498 1899 5551 Chri-

324 5565 408 5610 sto
436 5562 810 5637 asserebatur,
828 5565 914 5620 bis
943 5567 1037 5636 qui
1074 5565 1316 5637 proxime
1345 5566 1689 5637 Eutychiano
1716 5568 1897 5637 errori

322 5627 676 5705 accedebant,
705 5627 811 5705 qua
848 5627 1208 5705 ἀνενέργῆτον
1245 5627 1541 5690 humanam
1581 5638 1637 5692 in
1676 5636 1898 5693 Christo

322 5703 576 5753 naturam
613 5703 907 5771 ponebant,
941 5703 1111 5775 ipsam
1148 5704 1422 5774 tollentes,
1452 5706 1724 5777 siquidem
1759 5706 1896 5762 nihil

2073 3513 2160 3570 80.
2203 3515 2390 3571 Sancti
2428 3532 2618 3575 omnes
2649 3519 2838 3576 divino
2878 3532 3152 3594 certaeque
3180 3525 3430 3583 veritatis
3464 3527 3580 3583 sin-

2000 3620 2126 3661 cere
2172 3624 2239 3661 ex
2285 3609 2470 3663 animo
2516 3626 2772 3667 sermone
2817 3625 3057 3684 arrepto,
3106 3617 3273 3673 hocce
3320 3619 3577 3675 saeculum

2000 3699 2373 3763 transierunt,
2412 3700 2551 3753 nulli
2586 3716 2776 3756 eorum
2816 3719 2939 3773 quae
2974 3706 3030 3760 in
3065 3722 3131 3762 co
3169 3710 3448 3766 oblectant
3486 3713 3577 3767 de-

2000 3784 2106 3839 ﬁxo
2130 3787 2301 3841 animi
2335 3790 2585 3861 vestigio.
2618 3790 2700 3845 Ad
2738 3808 3022 3862 supremas
3046 3799 3194 3853 enim
3219 3801 3285 3854 ad
3313 3817 3450 3871 quas
3478 3818 3578 3872 pro

1998 3875 2235 3932 humana
2261 3881 2396 3934 eniti
2428 3883 2636 3936 ratione
2668 3884 2818 3951 licet,
2847 3887 2914 3942 de
2940 3888 3053 3943 Deo
3077 3891 3316 3946 rationes
3341 3892 3578 3963 (bonita-

1998 3967 2071 4021 tis
2089 3969 2301 4024 scilicet
2322 3986 2387 4026 ac
2408 3972 2739 4046 dilectionis)
2764 3992 2865 4045 per
2885 3995 3049 4049 quam
3074 3991 3197 4050 apte
3221 3997 3285 4037 ac
3306 3985 3576 4041 concinne

1996 4060 2240 4115 animum
2274 4064 2633 4133 explicantes,
2670 4066 3003 4136 didicerunt,
3039 4071 3243 4142 quibus
3278 4075 3424 4130 Deus
3460 4091 3577 4131 mo-

1997 4156 2106 4212 tus,
2137 4151 2304 4206 rebus
2334 4163 2395 4207 ut
2429 4164 2607 4210 essent
2641 4157 2915 4226 tribuerit,
2946 4171 3002 4216 et
3032 4170 3091 4216 ut
3129 4162 3268 4218 bene
3302 4163 3574 4237 beateque

1994 4248 2179 4294 essent
2212 4240 2438 4313 largitus
2478 4244 2579 4309 sit;
2630 4247 2677 4301 si
2719 4249 2883 4304 modo
2917 4252 2971 4306 in
3009 4253 3119 4306 Deo
3153 4262 3337 4309 motus
3380 4271 3569 4311 vocem

1996 4343 2263 4399 usurpare
2315 4331 2464 4398 licet,
2512 4335 2608 4405 qui
2656 4339 2804 4394 solus
2853 4351 2937 4396 est
2982 4343 3279 4399 immobilis
3311 4363 3326 4399 :
3357 4356 3412 4402 et
3459 4365 3571 4404 non

1994 4421 2179 4489 potius
2212 4423 2531 4491 voluntatis,
2557 4442 2679 4498 quae
2707 4432 2888 4487 omnia
2924 4445 3161 4502 moveat,
3190 4437 3353 4508 inque
3386 4456 3571 4496 rerum

1994 4522 2245 4567 naturam
2280 4516 2548 4585 producat
2572 4535 2636 4576 ac
2665 4522 2963 4591 contineat,
2996 4542 3099 4583 nec
3128 4528 3242 4599 ipsa
3275 4538 3453 4588 tamen
3485 4535 3571 4589 ul-

1992 4603 2104 4657 lum
2139 4621 2379 4676 unquam
2407 4618 2614 4665 motum
2642 4614 2910 4671 admittat.

2061 4697 2149 4752 8i.
2192 4696 2386 4754 Anima
2426 4702 2765 4775 intelligendi
2797 4723 2860 4763 ac
2894 4710 3125 4783 rationis
3151 4711 3203 4766 vi
3239 4717 3485 4783 praedita.
3514 4728 3572 4772 et

1995 4786 2255 4860 intelligit
2285 4798 2342 4845 et
2380 4793 2772 4861 ratiocinatur;
2813 4798 3155 4865 facultatem,
3192 4796 3428 4859 mentem
3469 4806 3570 4859 lia-

1996 4879 2160 4947 bens;
2198 4892 2429 4949 motum,
2466 4885 2892 4944 intellectiouem
2918 4908 2934 4957 ;
2964 4894 3241 4963 ἐνέργειαν
3277 4896 3453 4963 (velut
3482 4913 3571 4951 ac-

1996 4980 2113 5027 tum
2147 4973 2297 5030 dicas
2329 4985 2385 5031 et
2413 4978 2566 5048 quasi
2599 4981 2888 5054 ell'ectum)
2922 4985 3200 5041 notionem
3230 4996 3393 5057 atque
3435 5005 3569 5043 con-

1996 5073 2235 5134 ceptum.
2263 5067 2359 5120 Est
2379 5068 2528 5122 enim
2556 5081 2872 5139 conceptus,
2901 5080 3014 5127 tum
3043 5075 3415 5147 intelligentis,
3453 5087 3567 5131 tum

1995 5155 2115 5225 ejus
2138 5156 2285 5226 quod
2327 5158 2676 5230 intelligitur,
2720 5162 2862 5227 linis,
2902 5172 2962 5217 ut
2992 5165 3149 5235 cujus
3178 5166 3269 5234 sit,
3297 5178 3355 5221 ut
3391 5179 3569 5222 extre—

1995 5360 2050 5415 in
2077 5370 2272 5415 natura
2303 5368 2409 5441 est,
2434 5374 2543 5414 non
2578 5361 2810 5443 naturali
2844 5362 3129 5443 praeditum
3162 5362 3435 5443 facultate.
3470 5362 3510 5415 ll
3537 5379 3568 5417 c

1995 5433 2304 5498 ἐνέργειαν,
2338 5431 2514 5499 ipsum
2562 5431 2694 5485 dicit
2739 5432 3131 5513 iutellcctionis
3172 5432 3464 5514 terminum
3504 5448 3564 5487 :‘c

1994 5501 2255 5565 vcrlmm,
2288 5501 2343 5554 in
2378 5514 2487 5569 quo
2524 5515 2678 5554 mens
2711 5516 2823 5555 rem
2862 5503 3185 5557 intueretur.
3220 5502 3565 5557 Anastasi::m

1994 5571 2217 5651 exponit
2258 5570 2577 5651 Maxin1us,__
2606 5571 2736 5624 dum
2780 5587 2951 5651 unam
3004 5573 3119 5642 ipse
3168 5572 3567 5651 videturAn-lle

1996 5586 2059 5625 ex
2102 5586 2217 5625 onu
2258 5586 2556 5630 maxumus,
2606 5586 2736 5624 dum
2790 5587 2951 5625 unam
3004 5588 3119 5642 ipse
3168 5586 3385 5627 Videtur
3431 5586 3567 5626 vi-ue

1996 5586 2304 5713 évgpystav,
2354 5654 2454 5708 pro
2496 5639 2739 5713 eﬂ'ectq,
2780 5640 2834 5693 in
2885 5642 2972 5697 his
3016 5658 3138 5713 quae
3178 5657 3247 5698 cx
3295 5640 3569 5699 Veliternis

1997 5708 2156 5765 codd.
2183 5710 2302 5781 ejus
2327 5710 2636 5781 argumenti
2668 5708 2881 5767 damus.
