4110 6318
615 307 754 372 I383

1777 312 1838 372 δ.
1884 306 2171 372 MAXIMI
2212 306 2717 381 CONFESSORIS

3700 327 3804 397 1384

612 437 825 478 morum
895 420 1040 483 inter
1101 437 1160 476 se
1215 421 1554 478 babitudinis
1610 424 2051 497 circumscriptio
2099 430 2235 490 εἰμι

2180 470 2189 482 .
2222 438 2264 490 Α
2296 432 2402 503 γὰρ
2433 434 2465 503 ὴ
2492 433 2661 505 ψυχὴ,
2685 437 2899 489 ἵσταται
2928 436 3020 491 τοῦ
3049 418 3188 489 νοεῖν
3209 439 3385 491 ἐκεῖνο
3413 438 3473 490 τὸ
3500 439 3671 511 νοηθὲν
3700 451 3803 512 μετὰ

613 512 804 573 Anima
868 511 1016 565 enim
1055 510 1386 582 intelligens,
1428 512 1768 584 intelligendi
1823 531 1937 571 rem
1981 517 2197 571 intelle-

611 615 784 667 ctam,
835 610 958 673 post
1007 603 1126 673 ejus
1157 603 1582 668 intellectionem
1635 605 1794 661 linem
1848 608 1994 662 facit.
2042 607 2199 675 Quod

614 696 759 750 enim
804 694 972 748 semel
1016 694 1238 763 proprie
1278 712 1516 765 vereque
1562 697 1900 751 inteliectum
1941 709 2046 761 est,
2088 716 2198 754 non

613 786 850 855 amplius
877 785 1047 838 animi
1082 786 1188 839 vim
1220 786 1367 840 excit
1410 788 1475 841 ad
1524 787 1975 858 intelligendum;
2008 789 2199 859 sicque

615 878 703 931 illa
742 878 795 930 in
822 892 1153 946 unoquoque
1174 887 1465 949 conceptu,
1493 894 1523 933 a
1558 880 1648 933 tali
1678 880 1914 949 quadam
1979 882 2198 937 intellev

613 969 789 1025 ctione
816 969 870 1023 in
899 978 1165 1039 conceptu
1194 969 1273 1024 rei
1304 970 1592 1026 intellectae
1613 972 1865 1041 quiescit.

680 1062 767 1114 82.
808 1060 1279 1127 Quemadmodum
1324 1061 1630 1132 ignorantia
1660 1072 1910 1119 errantes
1950 1065 2197 1132 proclive

613 1152 830 1217 dividit,
864 1152 945 1207 sic
972 1151 1113 1209 lucis
1148 1151 1409 1220 spiritalis
1436 1151 1748 1222 prmsentia,
1778 1167 1875 1207 eos
1910 1153 2002 1222 qui
2066 1153 2197 1207 illu-

621 1250 886 1303 strantur,
918 1240 1161 1311 proclive
1202 1248 1261 1294 et
1298 1239 1414 1309 ipsa
1457 1240 1684 1309 colligit,
1713 1240 1940 1309 unitque
1980 1248 2037 1295 et
2068 1256 2200 1295 con-

616 1341 854 1388 summat
899 1331 1063 1403 630
1102 1338 1266 1401 atque
1319 1330 1633 1396 convertit;
1678 1347 1708 1385 a
1754 1332 1942 1387 multis
1987 1333 2198 1387 scilicet

614 1422 989 1494 apparentiam
1023 1420 1376 1485 habentibus,
1410 1420 1476 1474 ad
1520 1420 1571 1474 id
1618 1421 1763 1490 quod
1801 1433 1885 1477 cst
1914 1438 2045 1475 vere
2075 1439 2198 1477 con-

617 1522 839 1570 vertens
862 1529 876 1578 ;
907 1513 1195 1585 variasque
1220 1511 1483 1574 visiones,
1513 1512 1628 1565 sive
1656 1511 1740 1582 (ut
1765 1513 1951 1568 verius
1977 1510 2194 1582 loquar)

616 1617 784 1673 animi
841 1616 1186 1672 inl‘ormantis
1237 1615 1451 1685 species
1501 1614 1882 1685 cogitationes,
1936 1614 1991 1673 in
2034 1631 2196 1673 unam

617 1724 803 1764 veram
832 1724 1134 1779 puramque
1156 1716 1213 1764 et
1234 1707 1561 1763 uniformem
1593 1707 1854 1779 colligens
1888 1706 2194 1775 scientiam,

621 1816 837 1870 unaque
867 1809 923 1854 et
948 1800 1172 1856 uniente
1203 1800 1326 1855 luce
1360 1798 1685 1867 adimplens.

686 1892 774 1946 85.
811 1892 957 1947 Idem
991 1900 1076 1947 est
1111 1891 1397 1961 pulchrum
1438 1899 1598 1958 atque
1640 1889 1868 1953 bonum.
1916 1902 2039 1943 cum
2076 1888 2199 1959 pul-

620 1984 816 2037 chrum
843 1988 900 2037 et
930 1982 1132 2037 bonum
1160 1981 1310 2036 omni
1338 1982 1548 2035 ratione
1574 1979 1757 2041 omnia
1783 1986 2062 2050 expetant,
2094 1994 2199 2036 nec

620 2074 731 2128 ulla
771 2089 860 2129 res
900 2072 972 2127 sit
1010 2071 1228 2142 pulchri
1266 2086 1331 2125 ac
1370 2071 1501 2137 boni
1534 2086 1750 2143 expers.
1783 2071 2011 2128 Cunctis
2048 2071 2197 2129 enim

619 2165 768 2233 quod
808 2164 1099 2236 pulchrum
1135 2178 1200 2218 ac
1230 2163 1435 2219 bonum
1478 2173 1582 2225 est,
1621 2179 1721 2219 ceu
1756 2179 1885 2219 vere
1916 2162 2196 2218 admiran-

620 2255 775 2319 dum,
817 2253 1187 2325 expetendum
1235 2262 1321 2311 est
1366 2261 1423 2307 et
1468 2254 1702 2311 amabile
1739 2263 1799 2309 et
1843 2250 2103 2325 placitum
2143 2260 2198 2310 et

604 2345 768 2418 “quod
826 2345 1062 2418 eligatur
1121 2354 1181 2401 et
1241 2345 1648 2403 charissimum.
1705 2344 1947 2405 Observa
2011 2351 2197 2409 autem

548 2480 551 2483 -
618 2442 1080 2513 quemadmodum
1111 2440 1332 2497 divinus
1351 2456 1507 2496 amor
1538 2441 1593 2495 iu
1620 2439 1763 2503 bono
1792 2438 2197 2509 praeexsistens,

618 2536 825 2590 bonum
860 2537 912 2589 in
945 2535 1104 2599 nobis
1143 2549 1388 2595 amorem
1419 2532 1688 2603 genuerit,
1720 2547 1830 2603 quo
1858 2531 2073 2603 pulchri
2099 2545 2199 2591 seu

2299 521 2396 592 τὴν
2430 524 2593 575 αὑτοῦ
2630 525 2834 592 νόησιν.
2869 526 2938 578 Τὸ
2970 525 3078 597 γὰρ
3100 527 3288 598 νοηθὲν
3313 528 3514 601 κυρίως
3540 528 3685 594 ἅπαξ,
3706 532 3806 585 οὐκ·

2300 611 2380 664 ἐτι
2412 614 2513 681 τὴν
2557 614 2690 683 πρὸς
2720 615 2781 668 τὸ
2813 616 3069 684 νοηθῆναι
3101 617 3261 670 πάλιν
3288 618 3596 670 ἐκκαλεῖται
3622 620 3705 691 τῆς
3732 622 3808 691 ψυ-

2299 704 2398 773 χῆς
2425 703 2671 772 δύναμιν·
2707 705 2800 757 καὶ
2840 705 2963 759 καθ’
2990 706 3220 759 ἕκαστον
3266 706 3443 777 νόημα
3487 707 3620 760 οὕτω
3659 711 3807 763 στάσιν

2298 797 2509 868 δέχεται
2559 800 2658 870 τῆς
2708 802 2866 865 ποιᾶς
2909 801 3000 854 ἐπὶ
3033 801 3111 870 τῷ
3156 803 3389 871 νοήματι
3438 801 3530 865 τοῦ
3578 804 3807 869 νοηθέντος

2299 890 2558 959 νοήσεως.
3637 888 3651 904 ’

2369 1065 2479 1138 πβ’.
2516 1070 2782 1139 ’Ὢσπερή
2813 1071 3001 1138 ἄγνοια
3031 1071 3332 1143 διαιρετικὴ
3366 1074 3475 1131 τῶν
3516 1074 3807 1145 πεπλανημέ-

2298 1177 2403 1213 νων
2429 1161 2597 1224 ὲστὶν,
2627 1160 2801 1225 οὕτως
2823 1165 2854 1232 ἡ
2879 1166 2971 1218 τοῦ
3010 1164 3203 1234 νοητοῦ
3231 1166 3404 1233 φωτὸς
3433 1168 3689 1235 παρουσία
3722 1186 3811 1221 συν-

2298 1255 2513 1320 αγωγὺς
2544 1255 2638 1307 καί⁵
2687 1255 2917 1328 ἑνωτικὴ
2951 1257 3057 1309 τῶν
3100 1256 3484 1327 φωτιζομένων
3513 1258 3622 1310 ἐστὶ
3651 1260 3730 1311 καὶ
3746 1277 3807 1311 τε·

2297 1345 2556 1414 λειωτικὴ
2606 1345 2700 1399 καὶ
2726 1347 3147 1417 ἐπιστρεπτική·
3182 1332 3318 1417 προς
3345 1347 3405 1400 το
3441 1348 3607 1413 ὅντως
3630 1348 3699 1411 ὃν,
3732 1340 3813 1403 dab

2297 1435 2405 1488 τῶν
2438 1435 2652 1488 πολλῶν
2673 1437 3025 1508 δοξασμάτων
3045 1439 3463 1509 ἐπιστρέφουσα,
3497 1440 3589 1503 καί⁸
3613 1440 3700 1503 τὰς
3724 1458 3813 1493 ποι-

2298 1527 2453 1590 κίλας
2509 1522 2746 1597 ὃψεις,ἣ
2792 1527 3122 1600 κυριώτερον
3176 1533 3384 1595 εἰπεῖν,
3426 1534 3724 1606 φαντασίας,
3756 1537 3815 1597 είς

2301 1618 2429 1685 μίαν
2476 1617 2673 1687 ἀληθῆ.
2702 1619 2797 1672 καὶ
2840 1618 3087 1689 καθαρὰν
3135 1621 3231 1683 καὶ
3265 1623 3512 1693 μονοειδῆ
3558 1625 3814 1692 συνάγουσα

2296 1705 2519 1787 τνῶσιψ
2550 1709 2644 1765 καὶ
2685 1711 2803 1776 ἑνὸς
2856 1711 2951 1766 καὶ
2995 1710 3254 1773 ἑνωτικοῦ
3304 1718 3483 1785 φωτὸς
3515 1716 3814 1786 ὲμπιπλῶσα.

2375 1885 2489 1953 σῖγ’.
2537 1888 2554 1904 ⁸
2590 1886 2798 1938 Ταυτόν
2838 1887 2985 1940 ἐστιν
3011 1884 3087 1955 τῷ
3121 1884 3310 1956 ἀγαθῷ
3346 1885 3405 1940 τδ
3443 1886 3623 1948 καλὸν,
3652 1887 3724 1940 ὅτι
3746 1884 3819 1952 τοῦ

2297 1976 2464 2033 καλοῦ
2493 1977 2588 2029 καὶ
2609 1974 2831 2047 ἀγαθοῦ,
2848 1975 2984 2030 κατά
3018 1978 3197 2030 πᾶσαν
3224 1975 3402 2030 αίτίαν
3433 1976 3608 2030 πάντα
3624 1976 3817 2045 ἐφίεται,

2298 2068 2393 2125 xal
2424 2070 2521 2121 οὐκ
2553 2067 2671 2129 ἐστι
2701 2084 2755 2119 τι
2784 2068 2890 2120 τῶν
2917 2067 3104 2129 ὄντων,
3146 2066 3176 2119 ὃ
3215 2067 3290 2136 μὴ
3331 2067 3551 2138 μετέχει
3574 2066 3658 2119 τοῦ
3684 2062 3819 2120 καλοῦ

2299 2160 2393 2213 καὶ
2433 2156 2660 2225 ἀγαθοῦ.
2696 2157 2839 2211 Πᾶσι
2862 2156 2972 2227 γάρ
2992 2158 3110 2209 ἐστι
3129 2157 3190 2210 τὸ
3216 2156 3379 2211 καλὸν
3408 2157 3503 2210 καὶ
3535 2156 3735 2225 ἀγαθὸν,
3761 2153 3820 2218 ὡς

2297 2248 2470 2311 ὅντως
2501 2247 2760 2316 ἀγαστὸν,
2797 2246 2988 2316 ἐφετὸν
3017 2250 3109 2300 καὶ
3142 2248 3369 2318 ἐραστδν
3394 2247 3493 2301 καὶ
3524 2247 3730 2319 ἀρεστὸν
3747 2246 3822 2299 καὶ

2297 2341 2515 2415 αἱρετὸν
2555 2341 2651 2395 καὶ
2701 2340 3007 2411 ἀγαπητόν.
3057 2340 3371 2412 Σημείωσαι
3416 2340 3474 2394 δὲ
3519 2340 3629 2403 πῶς
3658 2340 3683 2394 ὀ
3709 2339 3822 2402 θεῖος

2298 2432 2440 2506 ἔρως
2488 2432 2547 2486 ὲν
2571 2430 2652 2501 τῷ
2687 2430 2876 2501 ἀγαθῷ
2910 2431 3299 2503 προῡπάρχων,
3342 2430 3497 2484 ἔτεκε
3528 2429 3614 2485 τὸν
3641 2430 3692 2484 ὲν
3717 2430 3822 2500 ἡμῖν

2297 2523 2503 2593 ἀγαθὸν
2535 2521 2714 2593 ἔρωτα
2735 2561 2750 2584 ,
2801 2521 2867 2575 δι’
2915 2515 2977 2575 οὗ
3026 2519 3122 2574 τοῦ
3171 2519 3340 2574 καλοῦ
3385 2522 3481 2574 καὶ
3526 2519 3713 2590 ἀγαθοῦ
3748 2519 3824 2587 ἑφ-

620 2626 861 2687 honesti,
905 2626 1146 2695 bonique
1194 2625 1252 2679 in
1296 2625 1459 2680 nobis
1509 2622 1846 2679 desiderium
1891 2632 1996 2687 est,
2044 2623 2201 2695 juxta

2199 2672 2201 2677 ,
2302 2614 2516 2686 ιέμεθα,
2548 2612 2691 2669 κατά
2727 2612 2819 2665 τον
2861 2610 3418 2681 είπόντα,Ἐραστὴς
3447 2612 3721 2682 ἐγενόμην
3737 2606 3822 2663 τοῦ

618 2731 748 2770 eum
789 2715 884 2784 qui
931 2714 1103 2771 dicit:
1140 2715 1362 2769 Amator
1406 2713 1574 2782 factus
1622 2729 1741 2767 sum
1788 2710 2197 2782 pulchritudinis

2300 2707 2570 2772 ozch
2600 2703 2814 2774 αὐτῆς.
2850 2701 2981 2768 Kal,
3025 2701 3341 2771 Ἐράσθητι
3369 2702 3594 2772 αὐτῆς,
3635 2702 3720 2757 καὶ
3743 2717 3824 2768 τη·

619 2803 765 2861 ὶίίὶιιε
786 2806 852 2859 ⁷⁵.
888 2805 956 2859 Ει
984 2823 997 2858 :
1034 2804 1170 2860 Ama
1198 2803 1375 2874 illam,
1404 2810 1453 2858 at
1482 2803 1716 2869 servabit
1746 2813 1829 2870 te;
1857 2800 2201 2865 circumvalla

2198 2820 2201 2851 :
2292 2797 2476 2870 ρήσει
2501 2810 2597 2862 σε·
2626 2793 3121 2866 περιχαράκωσον
3143 2794 3359 2865 αὐτὴν,
3386 2795 3487 2849 καὶ
3511 2792 3721 2866 Wst
3744 2803 3821 2847 σε.

619 2896 795 2962 illam,
821 2906 871 2951 et
906 2896 1161 2951 excitabit
1188 2903 1239 2950 te
1262 2896 1330 2951 ⁷⁸.

689 2986 780 3043 84.
814 2985 1100 3058 Theologi,
1135 2985 1309 3041 Deum
1340 2984 1671 3055 quandoque
1703 2998 1945 3040 amorem
1980 2991 2198 3052 vocant,

2377 2971 2481 3028 πδ’.
2510 2971 2587 3035 Τὸ
2618 2971 2775 3026 Θεῖον
2818 2972 2869 3025 οἱ
2908 2969 3169 3037 θεολόγοι,
3205 2969 3331 3022 ποτὲ
3365 2969 3469 3039 μὲν
3514 2968 3696 3043 ἔρωτα,
3721 2962 3823 3019 ποτὶ

619 3075 954 3167 quandoque
979 3074 1307 3167 charitatem
1332 3089 1430 3131 seu
1457 3072 1844 3167 dilectionem;
1869 3072 2200 3167 quandoque
2226 3111 2242 3166 ‘

2199 3100 2200 3118 ς
2226 3109 2270 3167 c
2302 3064 2360 3119 δὲ
2391 3064 2636 3136 ἀγάπην,
2670 3063 2801 3118 ποτὲ
2833 3062 2891 3117 δὲ
2920 3061 3149 3133 ὲηραστδν
3172 3061 3262 3115 καὶ
3283 3060 3569 3131 ἀγαπητὸν
3588 3057 3822 3166 καλοῦσινά

618 3163 911 3219 amabilem
968 3163 1386 3234 dilectumque,
1449 3177 1544 3218 seu
1598 3161 2003 3217 charissimam.
2063 3147 2241 3225 Hine'

2202 3201 2203 3209 χ
2227 3147 2270 3167 ““’
2303 3156 2486 3217 Ὅθεν.
2519 3157 2593 3218 ὡς
2617 3156 2717 3227 μὲν
2735 3154 2870 3226 ἔρως
2891 3153 3131 3225 ὑπάρχον
3148 3151 3243 3207 καὶ
3272 3153 3485 3225 ἀγάπη,
3519 3153 3741 3206 κινεῖται·
3767 3147 3825 3214 ὡς

622 3249 879 3322 proinde,
909 3266 974 3305 ea
1013 3251 1237 3321 quidem
1277 3252 1492 3309 ratione
1531 3267 1640 3323 qua
1679 3266 1834 3327 amor
1870 3262 1928 3306 et
1963 3250 2204 3307 charitas

2296 3248 2357 3303 δὲ
2398 3247 2629 3318 ὲραστδν
2669 3247 2763 3301 καὶ
2792 3246 3100 3316 ἀγαπητὸν,
3139 3246 3279 3299 κινεῖ
3323 3244 3462 3316 πρὸς
3504 3244 3655 3297 ἑαυτὸ
3680 3241 3829 3327 πάνια

619 3348 705 3396 est
756 3354 852 3395 seu
905 3339 1150 3405 dilectio,
1204 3350 1483 3406 movetur;
1524 3355 1634 3409 qua
1679 3324 1827 3395 vero
1850 3339 2104 3395 amabilis
2146 3349 2205 3396 et

2204 3382 2205 3391 χ
2294 3339 2365 3394 τά
2397 3339 2598 3412 ἔρωτος
2629 3339 2727 3392 καὶ
2756 3338 2977 3410 ἀγάπης
3005 3337 3250 3395 δεκτικά.
3283 3338 3389 3390 Καὶ
3418 3334 3728 3407 τρανότερον
3749 3324 3827 3385 αὖ·

620 3431 858 3487 dilectus
888 3446 985 3486 seu
1017 3430 1394 3497 charissimus,
1417 3432 1602 3487 omnia
1623 3432 1692 3487 ad
1725 3448 1785 3489 se
1806 3431 1977 3487 trahit
1999 3431 2203 3489 amoris

2297 3428 2381 3495 θις
2428 3430 2614 3499 φάναι,
2647 3430 2875 3483 κινεῖται
2908 3429 3006 3500 μὲν
3053 3429 3129 3493 ὡς
3162 3427 3350 3498 σχέσιν
3393 3423 3650 3497 ἐμποιοῦν
3689 3419 3828 3476 ἑνδιά-

620 3536 690 3576 ac
718 3520 1003 3575 charitatis
1042 3535 1141 3576 seu
1182 3519 1494 3578 dilectionis
1525 3523 1766 3593 capacia.
1797 3524 1885 3588 Et,
1918 3531 1978 3577 ut
2009 3538 2203 3579 rursus

2303 3521 2459 3576 θετον
2496 3520 2698 3591 ἔρωτος
2733 3519 2832 3574 καὶ
2881 3519 3104 3589 ἀγάπης
3151 3521 3266 3582 τοῖς
3309 3515 3522 3571 τούτων
3566 3512 3829 3569 δεκτικοῖς·

619 3612 827 3668 clarius
849 3611 1047 3679 dicam,
1076 3620 1331 3671 movetur
1350 3612 1595 3685 quidem,
1621 3629 1684 3669 ea
1718 3613 1952 3680 ratione,
1977 3630 2086 3686 qua
2113 3615 2199 3671 in-

2304 3616 2446 3667 κινεῐ
2472 3612 2548 3676 δὲ,
2575 3610 2650 3677 ὡς
2684 3610 2931 3664 ἑλκτικὸν
2957 3609 3138 3679 φύσει,
3164 3611 3263 3680 τῆς
3294 3609 3405 3663 τῶν
3429 3608 3515 3662 ἐπ’
3540 3604 3656 3662 αὐτο
3676 3617 3832 3657 κινου-

625 3711 842 3757 ternum
885 3703 1069 3777 animo
1100 3702 1306 3759 amoris
1334 3713 1391 3760 et
1417 3704 1703 3761 charitatis
1743 3720 1844 3760 seu
1888 3705 2202 3762 dilectionis

2308 3705 2485 3775 μένων
2535 3704 2792 3772 ἐφέσεως.
2839 3703 2950 3757 Kal
2992 3702 3155 3756 πάλιν
3185 3703 3328 3763 κινεί
3366 3701 3466 3755 καὶ
3514 3699 3742 3761 κινεῖται,
3770 3693 3829 3761 ὡς

620 3791 881 3851 aﬂ‘cctum
928 3793 1014 3849 his
1065 3795 1372 3865 ingenerat,
1420 3795 1513 3865 qui
1565 3795 1717 3850 illius
1758 3812 1987 3866 capaces
2037 3805 2199 3863 sunt;

2302 3795 2470 3865 διψῶν
2499 3793 2560 3847 τὸ
2592 3791 2869 3862 διψᾶσθαι,
2906 3793 2999 3846 καὶ
3042 3792 3184 3863 ἐρῶν
3226 3791 3287 3855 τὸ
3321 3791 3573 3863 ἐρᾶσθαι,
3609 3787 3698 3842 ttal
3720 3787 3830 3853 ἀτα-

623 3890 806 3938 movet
832 3898 966 3938 vero
1000 3898 1065 3938 ea
1096 3884 1328 3949 ratione,
1360 3900 1466 3955 qua
1511 3885 1619 3943 vim
1662 3886 1828 3942 habet
1866 3896 2060 3942 natura
2093 3894 2204 3941 tra-

1268 3899 1328 3949 ιθ,
1360 3900 1466 3955 qua
1511 3885 1619 3943 vim
1662 3886 1828 3942 habet
1866 3896 2060 3942 natura
2093 3894 2204 3941 tra-
2308 3884 2426 3937 πῶν
2465 3881 2526 3934 τὸ
2557 3881 2891 3949 ἀγαπᾶσθαι.

622 3975 790 4031 bendi
833 3991 1026 4032 eorum
1061 3979 1388 4048 appetitum,
1424 3979 1517 4048 qui
1561 3980 1627 4035 ad
1672 3980 1850 4050 ipsum
1885 3988 2192 4037 moventur.
2231 3978 2308 4035 Ac
2334 3992 2527 4032 rursus
2556 3985 2738 4031 movet
2792 3986 2957 4046 atque
3020 3980 3291 4039 movetur,
3327 3981 3387 4029 ut
3407 3974 3507 4045 qui
3532 3971 3678 4030 sitiat
3697 3959 3832 4032 sithi,
3861 4029 3872 4043 θ

620 4076 770 4123 amet
802 4068 996 4136 amari,
1027 4084 1092 4123 ac
1116 4069 1309 4140 diligat
1335 4070 1511 4141 diligi.

692 4159 781 4214 85.
820 4158 963 4229 Quin
992 4167 1050 4215 et
1081 4159 1302 4216 divinus
1335 4177 1490 4216 amor
1517 4159 1816 4217 exstaticus
1851 4170 1935 4216 est
1958 4202 1972 4227 ,
2007 4171 2066 4217 ut
2100 4161 2197 4232 qui

2374 4165 2477 4216 πε’.
2513 4159 2667 4215 Ἔστι
2703 4158 2761 4212 δὲ
2807 4159 2900 4212 καὶ
2950 4157 3274 4222 ἐκστατικὸς
3325 4156 3353 4209 ὁ
3387 4156 3536 4220 θεῖος
3584 4148 3834 4228 ἕρως,οῦιι

619 4258 899 4305 amatores
928 4264 1038 4304 non
1075 4251 1160 4304 sui
1203 4249 1448 4320 ipsorum
1491 4267 1609 4306 esse
1654 4251 1818 4316 sinat,
1864 4252 1960 4307 sed
2004 4268 2196 4309 eorum

2301 4249 2405 4303 ὲῶν
2425 4249 2633 4303 ἑαυτῶν
2653 4244 2791 4304 εἶναι
2820 4248 2945 4313 τοὺς
2973 4247 3231 4319 ἐραστὰς,
3261 4246 3399 4302 ἀλλά
3422 4246 3535 4302 τῶν
3563 4243 3829 4317 ἐρωμένων.

619 4338 717 4408 qui
773 4340 948 4394 amori
997 4339 1293 4396 habentur.
1345 4341 1515 4411 quue
1563 4342 1860 4406 declarant,
1914 4342 2197 4412 superiora

2302 4343 2412 4397 Kal
2442 4340 2662 4412 δηλοῦσι
2707 4343 2779 4395 τὰ
2831 4341 2931 4413 μὲν
2976 4341 3284 4413 ὑπέρτερα,
3323 4341 3424 4411 τῆς
3481 4337 3728 4411 προνοίας
3751 4330 3833 4385 τῶν

618 4429 867 4499 quidem,
886 4431 1015 4485 dum
1036 4431 1356 4487 inferiorum
1377 4432 1740 4495 ﬁunt,eorum
1758 4449 1902 4489 cura:
1924 4435 2195 4505 impensa:
2231 4476 2241 4530 Ι

2231 4476 2272 4530 D
2300 4431 2622 4487 καταδεεστέ
2632 4449 2741 4504 ρων
2765 4432 3046 4503 γινόμενα·
3071 4432 3165 4486 καὶ
3187 4429 3257 4485 τὰ
3287 4431 3609 4501 ὀμόστοιχα,
3643 4427 3733 4530 1ιῆς
3764 4422 3834 4523 ἀξ-

622 4533 714 4572 res
737 4534 868 4572 vero
885 4519 1132 4589 ejusdem
1160 4521 1402 4592 generis,
1434 4532 1627 4576 mutua
1654 4523 1983 4578 cohaerentia
2006 4541 2020 4590 ;
2051 4525 2191 4579 inl‘e-
2231 4511 2245 4530 ³

2231 4511 2271 4530 ν
2299 4522 2477 4592 λήλων
2508 4522 2758 4593 συνοχῆς·
2791 4522 2885 4577 καὶ
2911 4522 2980 4576 τὰ
3008 4521 3293 4593 ὑφειμένα,
3331 4523 3429 4590 τῆς
3462 4520 3599 4591 πρὸς
3624 4517 3691 4571 τὰ
3714 4511 3834 4583 πρῶ-

624 4607 768 4662 riora
818 4607 1077 4679 denique,
1127 4610 1397 4665 diviniore
1441 4614 1803 4669 conversione
1850 4615 1917 4669 ad
1959 4632 2021 4669 ea
2074 4632 2198 4685 qua:

2300 4631 2367 4667 τα
2397 4613 2674 4684 θειοτέρας
2702 4616 3056 4686 ἐπιστροφῆς.
3089 4613 3180 4666 Διὸ
3227 4614 3320 4666 καὶ
3363 4611 3581 4675 Παῦλος
3626 4612 3654 4664 ὁ
3696 4607 3834 4679 μέγας

620 4706 753 4752 sunt
794 4697 991 4766 prima.
1034 4698 1240 4756 Idcirco
1283 4703 1450 4756 etiam
1497 4720 1723 4774 magnus
1764 4705 1964 4759 Paulus
2009 4706 2196 4761 divino

614 4796 815 4857 captus
870 4804 1079 4856 amore,
1125 4792 1318 4861 visque
1362 4793 1508 4848 illius
1555 4809 1676 4863 qum
1725 4810 2008 4850 excessum
2045 4798 2194 4863 facit,

622 4877 902 4949 particeps
941 4879 1217 4936 eﬂ‘ectus:
1267 4882 1388 4937 Vivo
1437 4900 1550 4953 ego,
1602 4884 1788 4939 aiebat
1826 4885 2012 4941 divino
2057 4903 2194 4956 ore;

611 4971 735 5040 jam
761 4987 865 5024 non
898 4987 1025 5042 ego;
1054 4974 1174 5026 vivit
1204 4990 1324 5027 vero
1362 4976 1417 5027 in
1456 4990 1536 5027 me
1573 4973 1806 5030 Christus
1826 4977 1901 5043 ⁷⁶;
1940 4983 2195 5047 tanquam

621 5059 837 5115 scilicet
881 5077 1048 5117 verus
1091 5072 1322 5129 amator,
1355 5072 1411 5118 ct
1449 5065 1544 5135 qui
1576 5065 1683 5119 Deo
1708 5068 2002 5129 excessisset
2029 5070 2097 5136 ⁷⁷,
2138 5080 2201 5126 ut

623 5148 769 5206 idem
801 5150 918 5223 ipse
948 5152 1228 5223 loquitur;
1269 5171 1373 5210 nec
1406 5156 1516 5227 jam
1551 5174 1704 5213 suam
1734 5159 1871 5228 ipse,
1896 5160 1990 5216 sed
2032 5163 2200 5217 amati

622 5239 835 5296 viveret
860 5242 1050 5309 vitam,
1084 5259 1185 5300 ceu
1210 5245 1370 5316 longe
1397 5247 1798 5303 charissimam.

692 5328 779 5386 86.
815 5331 874 5387 ld
910 5349 1129 5406 quoque
1164 5335 1218 5389 in
1255 5336 1484 5406 gratiam
1515 5339 1767 5395 veritatis
1798 5337 2056 5396 fidentius
2113 5332 2200 5397 dil-

2301 4707 2359 4760 ἐν
2378 4708 2581 4776 κατοχῇ
2613 4706 2706 4759 τοῦ
2738 4706 2884 4760 θείου
2916 4705 3153 4776 γεγονὼς
3186 4705 3409 4776 ἔρωτος,
3439 4707 3539 4757 καὶ
3558 4703 3654 4773 τῆς
3678 4701 3837 4754 ἔκστα-

2300 4796 2459 4866 τικῆς
2494 4796 2659 4855 αὐτοῦ
2704 4797 2987 4867 δυνάμεως
3018 4794 3376 4868 μετειληφὼς,
3411 4796 3586 4869 ὲνοέῳ
3622 4794 3833 4862 στόματι,

2303 4885 2397 4939 Ζῶ
2420 4886 2554 4957 ἐγὼ,
2587 4888 2773 4959 φησιν,
2793 4888 3017 4953 οὐκέτι,
3041 4887 3109 4957 ζῇ
3138 4889 3291 4943 δὲέν
3314 4890 3445 4959 ἐμοὶ
3477 4886 3755 4956 Χριστός’
3778 4877 3835 4936 ὡς

2303 4974 2510 5045 ἀληθὴς
2542 4975 2778 5047 ἐραστὴς
2829 4978 2921 5031 καὶ
2949 4977 3315 5047 ἐξεστηιιὼς,
3366 4977 3444 5040 ὡς
3496 4974 3658 5036 αὐτός
3685 4982 3835 5039 εφησιν

2301 5063 2380 5130 τῷ
2408 5066 2554 5131 Θεῷ,
2588 5068 2678 5118 καὶ
2714 5068 2772 5120 οὐ
2799 5067 2897 5136 τὴν
2929 5067 3122 5122 ἑαυτοῦ
3153 5069 3282 5134 ζῶν,
3313 5067 3449 5122 ἀλλὰ
3493 5066 3595 5138 τὴν
3629 5063 3717 5118 τοῦ
3737 5061 3838 5129 ἐρα-

2303 5156 2427 5209 στοῦ
2454 5156 2620 5228 ζωὴν.
2651 5158 2724 5223 ὡς
2761 5157 2966 5229 σφόδρα
3011 5159 3322 5233 ἀγαπητήν.

2375 5353 2471 5413 trs“
2490 5389 2504 5403 .
2524 5347 2835 5418 Τολμῃτέον
2872 5349 2966 5402 καὶ
2996 5348 3155 5404 τοῦτο
3195 5349 3337 5421 ὑπὲρ
3364 5347 3630 5423 ἀληθείας
3671 5340 3836 5398 εἰπεῖν’

696 5463 742 5495 "‘
771 5464 896 5536 Sap.
927 5485 1039 5535 vm,
1067 5471 1120 5524 2.
1199 5472 1244 5503 ⁷⁸
1275 5472 1433 5528 Prov.
1470 5490 1543 5540 tv,
1576 5473 1629 5530 6.
1703 5475 1747 5506 ⁷⁸
1775 5474 1948 5531 Galat.
1981 5493 2038 5540 ιι,
2064 5477 2152 5531 ἓθ.
2228 5480 2271 5509 "
2298 5480 2315 5533 ι

1067 5471 1120 5524 2.
1199 5472 1244 5503 ⁷⁸
1275 5472 1433 5528 Prov.
1470 5490 1543 5540 tv,
1576 5473 1629 5530 6.
1703 5475 1747 5506 ⁷⁸
1775 5474 1948 5531 Galat.
1981 5493 2038 5540 ιι,
2064 5477 2152 5531 90.
2228 5480 2271 5509 ν
2298 5480 2339 5534 ll
2363 5480 2488 5535 Cor.
2517 5498 2567 5547 v,
2601 5484 2682 5537 15.

697 5596 717 5679 ζ
742 5595 877 5679 92m.
908 5601 1197 5679 £_De__l_liv.
1243 5624 1408 5673 nom.,
1456 5610 1483 5679 ς
1523 5610 1587 5666 ιο
1629 5619 1685 5666 ct
1733 5611 1799 5667 ιι
1839 5612 1909 5668 ad
1938 5629 2087 5668 num.
2128 5612 2195 5671 st
2228 5616 2385 5672 infra.
2453 5580 2456 5583 ’

692 5665 714 5689 ⁶
740 5664 881 5723 Ibid.
914 5667 1002 5735 85,
1052 5672 1135 5727 15.
