4122 6322
571 491 708 554 i387

1731 475 1791 534 S.
1837 471 2088 533 MAXIM
2099 471 2124 530 Ι
2162 470 2673 531 CONFESSORIS

3706 470 3857 539 ’1388

566 605 699 671 Quae
727 615 874 658 enim
912 612 1036 653 cum
1062 596 1175 651 Deo
1197 592 1361 663 632
1391 587 1679 646 charitatls
1708 586 1842 640 unio
1871 593 1976 647 est,
2007 585 2159 638 omni

2280 599 2373 636 τιν.
2417 584 2481 636 Ἥ
2537 584 2644 651 γὰρ
2693 583 2832 655 πρὸς
2883 583 3018 639 Θεὸν
3050 581 3374 657 ἀταπητικὴ
3409 583 3632 649 ἐνωσις,
3671 585 3858 655 πάσης

565 695 901 752 eminentior
929 691 1132 745 unione
1164 702 1226 741 ac
1251 682 1510 754 superior
1537 689 1640 735 est.

632 783 721 844 90.
755 786 1036 846 Amorem,
1071 781 1188 836 sive
1217 777 1466 832 divinum
1501 773 1751 828 dicamus
1802 769 1916 825 sive
1955 767 2159 838 angeli-

564 894 712 942 cum.
751 878 868 933 sive
915 872 1274 944 intelligentis
1318 867 1488 924 animi
1537 865 1653 920 sive
1696 862 2010 927 sentientis,
2047 860 2164 916 sive

565 973 897 1035 naturalem,
926 969 1036 1023 vim
1074 963 1366 1036 quamdam
1401 960 1686 1014 unientem
1726 964 1783 1011 et
1818 955 1972 1024 quasi
2009 969 2164 1009 com-

566 1068 889 1124 miseentem
939 1062 1341 1132 intelligamus;
1388 1071 1512 1128 qua:
1559 1053 1822 1108 nimirum
1874 1051 2164 1121 superiora

566 1160 633 1215 ad
665 1157 993 1213 inferiorum
1021 1167 1211 1210 curam
1235 1155 1482 1212 moveat;
1515 1158 1841 1214 rursusque,
1869 1157 1991 1212 quae
2019 1143 2167 1212 ejus-

566 1251 692 1306 dem
727 1247 942 1303 ordinis
975 1255 1126 1308 sunt,
1161 1242 1230 1296 ad
1265 1237 1549 1296 societatis
1580 1245 1824 1289 mutuam
1861 1231 2165 1287 connexio-

566 1358 692 1397 nem
723 1346 918 1411 cogat;
950 1353 1015 1392 ac
1050 1347 1332 1406 postremo
1363 1328 1650 1392 inferiora,
1680 1325 1748 1380 ad
1781 1323 2170 1394 prastantiora

565 1431 1046 1497 eminentioraque
1077 1429 1386 1479 convertat.

637 1526 727 1581 91.
766 1521 906 1578 Cum
937 1535 1003 1575 ea
1026 1517 1100 1573 sit
1129 1511 1464 1586 cognitionis
1490 1525 1553 1566 ac
1580 1509 1827 1565 scientia:
1853 1505 1960 1569 vis,
1991 1513 2052 1558 ut
2079 1518 2171 1559 co-

566 1613 921 1688 gnoscentia,
970 1624 1098 1666 cum
1145 1607 1215 1664 iis
1258 1621 1381 1676 qua:
1425 1609 1555 1659 sunt
1607 1599 1856 1671 cognita,
1911 1597 2168 1668 copulet;

570 1703 883 1778 ignorantia
913 1709 1100 1756 autem
1141 1712 1360 1768 semper
1395 1693 1743 1755 mutationis,
1778 1699 1944 1762 atque
1976 1690 2044 1744 ab
2079 1703 2168 1754 eo,

569 1802 622 1857 ei
653 1800 748 1870 qui
785 1799 1022 1869 ignorat,
1063 1789 1356 1848 divisionis
1399 1803 1599 1860 parens
1627 1785 1886 1850 exsistat;
1913 1797 2040 1838 eum
2074 1779 2171 1852 qui

569 1889 872 1958 vcrejuxta
901 1898 1112 1939 sacram
1143 1880 1489 1950 Scripturam
1520 1875 1782 1940 credidit,
1813 1874 1949 1928 nihil
1981 1888 2011 1926 a
2042 1871 2169 1926 ﬁdei

2265 673 2526 745 ἐξῄρηται
2559 675 2656 728 καὶ
2684 675 3008 747 ὑπέρκειται
3042 674 3312 739 ὲνώσεως.

2336 772 2408 834 l1'.
2444 770 2461 790 '
2493 767 2597 822 Τὸν
2650 767 2830 839 ἔρωτα
2880 769 2988 821 εἴτε
3045 768 3188 821 θεῖον
3236 770 3346 821 εἴτε
3395 768 3713 837 ἀγγελικὺν,
3744 769 3857 839 εῐτε

2265 859 2452 932 νοερὸν
2487 861 2598 914 εἴτε
2647 860 2901 932 ψυχικὸν,
2936 862 3048 914 εἴτε
3087 861 3318 930 φυσικὸν
3351 863 3623 932 εἴποιμεν,
3663 863 3857 915 ἑνωτι-

2265 955 2373 1026 κήν
2403 971 2525 1007 τινα
2560 955 2654 1008 καὶ
2687 954 3061 1025 συγκρατικὴν
3097 955 3438 1024 ἐννοήσωμεν
3487 954 3742 1023 δύναμιν·
3786 955 3860 1008 τά

2270 1043 2370 1113 μὲν
2398 1043 2678 1115 ὑπέρτερα
2712 1043 2972 1098 κινοῦσαν
3026 1045 3119 1096 ἐπὶ
3166 1047 3423 1115 πρόνοιαν
3467 1044 3578 1097 τῶν
3625 1045 3859 1097 καταδε-

2266 1136 2539 1208 εστέρων·
2594 1137 2662 1190 τὰ
2715 1137 2771 1190 δὲ
2827 1138 3122 1207 όμόστοιχα
3167 1138 3360 1204 πάλιν,
3399 1138 3478 1199 εἰς
3526 1137 3857 1206 κοινωνικὴν

2267 1231 2651 1304 ἀλληλουχίαν·
2706 1233 2802 1285 καὶ
2848 1233 2936 1285 ἐπ’
2968 1233 3235 1304 ἐσχάτων,
3286 1231 3354 1285 τὰ
3399 1231 3671 1300 ὑφειμένα
3724 1231 3858 1300 πρὸς

2266 1325 2366 1397 τὴν
2400 1324 2510 1377 τῶν
2541 1324 2870 1395 κρειττόνων
2902 1324 2998 1378 καὶ
3029 1323 3446 1395 ὑπερκειμένων
3488 1324 3852 1394 ἐπιστροφήν.

2336 1508 2448 1570 Lg}.
2505 1503 2568 1557 El
2630 1504 2664 1573 ἠ
2709 1501 2912 1571 γνῶσις
2974 1499 3208 1571 ἑνωτικὴ
3257 1497 3366 1551 τῶν
3406 1495 3730 1567 ἐγνωκότων
3765 1497 3858 1549 καὶ

2270 1597 2652 1667 ἐγνωσμένωνι
2696 1597 2728 1666 ἠ
2770 1595 2815 1648 δ’
2852 1595 3064 1662 ἄγνοια,
3109 1592 3415 1664 μεταϐολῆς
3463 1591 3553 1644 ἀεὶ
3601 1590 3699 1643 κα).
3757 1589 3858 1658 τῆς

2269 1691 2330 1758 ἐξ
2360 1690 2527 1746 αὑτοῦ
2555 1689 2633 1760 τῷ
2651 1689 2934 1758 ἀγνοοῦντι
2961 1687 3282 1760 διαιρέσεως
3308 1685 3476 1749 αίτία,
3502 1685 3596 1738 τὸν
3626 1686 3688 1736 ἐν
3722 1683 3860 1753 ἀλη-

2271 1784 2393 1856 θείᾳ
2425 1781 2794 1837 πιστεύσαντα
2832 1781 2973 1834 κατᾶ
3005 1780 3098 1833 τὸν
3136 1778 3279 1850 ἱερὸν
3310 1777 3503 1846 Λόγον,
3540 1776 3695 1829 οὐδὲν
3722 1776 3864 1828 ἀπο-

2273 1879 2489 1948 κινήσει
2531 1877 2632 1947 τῆς
2675 1874 2818 1929 κατὰ
2853 1873 2951 1946 τὴν
3009 1872 3187 1944 ἀληθῆ
3231 1871 3415 1925 πίστιν
3462 1869 3668 1932 ἑστίας·
3707 1860 3858 1942 ἐφ”ᾗ

573 1951 831 2034 ﬁrmitate
854 1991 918 2031 ac
943 1972 1250 2030 constantia
1277 1969 1584 2026 dimovebit
1608 1985 1621 2022 :
1646 1966 1702 2022 in
1727 1981 1835 2037 qua
1863 1963 2165 2018 immobilis

2280 1971 2329 2023 τὺ
2361 1969 2590 2040 μόνιμον
2622 1969 2734 2034 ἔξει
2774 1969 2874 2037 τῆς
2914 1968 3178 2037 ἀκινήτου
3227 1966 3322 2018 καὶ
3362 1963 3704 2035 ἀμεταϐὁλου
3731 1979 3864 2014 ταυ-

572 2088 637 2128 ac
681 2065 1045 2125 immutabilis
1089 2069 1364 2135 perstans,
1409 2057 1717 2115 identitatis
1762 2057 2168 2127 perennitatem

573 2162 823 2218 habebit.
877 2158 1058 2215 Probe
1099 2155 1247 2212 enim
1294 2153 1452 2208 novit
1494 2149 1591 2222 qui
1635 2147 1858 2205 veritati
1900 2147 2165 2211 adhaeret,

577 2264 727 2311 recte
753 2269 812 2310 se
842 2251 1070 2316 habere,
1094 2247 1198 2306 etsi
1223 2245 1421 2316 vulgus
1448 2243 1602 2298 velut
1625 2247 1807 2298 emota
1834 2248 2018 2295 mente
2040 2252 2170 2294 eum

576 2348 850 2416 increpet,
882 2358 945 2398 ac
972 2341 1064 2412 qui
1100 2337 1419 2395 excesserit.
1453 2335 1594 2390 Sane
1625 2332 1848 2402 quidem
1882 2346 1980 2386 eos
2013 2329 2168 2396 latet,

575 2441 644 2496 ab
673 2451 882 2501 errore,
917 2433 986 2488 ad
1013 2433 1134 2504 ejus
1161 2445 1284 2501 quas
1310 2442 1441 2484 vere
1475 2435 1579 2492 est,
1613 2423 1740 2479 ﬁdei
1767 2423 2056 2479 veritatem
2083 2423 2170 2492 ip-

576 2546 700 2587 sum
727 2526 1031 2584 excessisse
1047 2523 1131 2590 ⁸¹;
1162 2521 1425 2590 novitque
1453 2518 1568 2582 ille,
1601 2532 1712 2572 non
1742 2514 1888 2588 quod
1922 2515 1958 2569 ii
1990 2515 2167 2580 aiunt,

577 2640 636 2680 se
660 2621 873 2678 insania
893 2617 1026 2674 ferri
1049 2633 1114 2673 ac
1136 2615 1343 2681 furere,
1369 2611 1465 2668 sed
1486 2627 1586 2683 per
1607 2609 1938 2680 simplicem,
1955 2606 2172 2663 eodem-

577 2729 684 2786 que
722 2712 886 2767 modo
926 2707 1231 2766 secundum
1274 2703 1467 2760 eadem
1510 2716 1568 2756 se
1611 2715 1831 2770 semper
1872 2697 2170 2752 habentem

575 2805 888 2866 veritatem,
935 2800 1003 2856 ab
1037 2796 1373 2854 inconstanti
1404 2811 1469 2851 ac
1497 2793 1748 2849 mutabili
1793 2790 1944 2846 circa
1990 2789 2172 2844 omni-

578 2895 799 2952 modam
845 2891 1055 2949 erroris
1097 2889 1443 2952 varietatem,
1478 2884 1798 2957 agitatione,
1837 2890 2060 2937 nactum
2100 2880 2171 2935 li-

580 2990 856 3047 bertatem
893 3002 1038 3042 esse.

647 3083 737 3138 92.
791 3079 980 3136 Sancti
1029 3076 1309 3140 bonitate,
1360 3070 1733 3136 humanitate,
1783 3066 2171 3132 miseratione,

576 3174 876 3231 clementia
925 3170 1147 3243 egregie
1195 3167 1501 3231 fulserunt;
1551 3163 1791 3233 indeque
1841 3161 2008 3216 unico
2045 3174 2175 3231 erga

577 3278 760 3324 totum
789 3267 1094 3320 humanum
1122 3276 1297 3333 genus
1318 3257 1598 3329 diligentis
1620 3253 1790 3310 animi
1813 3253 2015 3307 affectu
2036 3267 2176 3321 praa-
2203 3292 2248 3352 ο

580 3362 685 3418 diti
708 3359 1060 3418 enituerunt;
1089 3355 1248 3424 cujus
1275 3365 1506 3406 munere
1534 3363 1644 3418 prae
1669 3345 1883 3401 cunctis
1907 3343 2172 3398 eximium

577 3472 648 3510 ac
688 3451 966 3522 singulare
1001 3447 1276 3502 bonorum
1313 3455 1486 3513 genus
1527 3437 1746 3508 (nempe
1778 3435 2171 3502 humilitatem,

581 3562 692 3618 qua
723 3545 869 3600 bona
898 3549 1300 3597 conserventur
1335 3549 1400 3591 ac
1433 3531 1711 3589 contraria
1749 3527 2174 3600 interimantur)

574 3635 833 3711 quandiu
883 3634 998 3690 vita
1047 3637 1334 3703 superstes
1385 3625 1512 3691 fuit,
1571 3623 1792 3678 ﬁrmum
1846 3621 2174 3686 retinentes,

587 3734 734 3788 nulla
769 3742 1000 3801 prorsus
1039 3723 1410 3781 tentationum
1445 3717 1695 3774 molestia
1732 3715 2036 3788 expugnari
2074 3730 2176 3786 po-

585 3829 844 3888 tuerunt;
879 3821 998 3876 sive
1038 3830 1252 3881 earum,
1301 3826 1426 3884 qua:
1465 3825 1497 3865 a
1534 3810 1818 3865 voluntate
1849 3817 1906 3863 et
1948 3805 2178 3861 rationis

585 3915 819 3972 arbitrio
867 3919 1028 3976 sunt,
1083 3908 1201 3964 sive
1249 3920 1370 3976 qum
1422 3902 1743 3958 nolentibus
1791 3916 1856 3956 ac
1905 3899 2179 3954 exteriore

586 4016 782 4078 agente
810 4001 1127 4058 inferuntur
1160 4013 1175 4050 :
1200 3996 1445 4067 priorum
1469 3991 1730 4047 nimirum
1757 4005 1856 4060 per
1887 3989 2178 4043 continen-

562 4101 721 4156 tiam
751 4091 1096 4153 labelactatis
1119 4086 1517 4156 exstinctisque
1550 4082 1877 4147 insultibus;
1903 4078 2181 4150 posterio-

587 4204 825 4262 rumque
878 4203 976 4260 per
1028 4180 1350 4256 patientiam
1409 4176 1746 4249 propulsatis
1799 4172 2182 4245 submotisque

588 4281 910 4339 assultibus.

659 4375 748 4430 9'5.
779 4369 1092 4427 Perfectam
1119 4363 1344 4420 virtutis
1364 4360 1664 4423 actionem,
1688 4355 1824 4412 ﬁdes
1847 4364 1999 4410 reeta
2019 4353 2186 4424 inque

590 4468 764 4523 Deum
811 4463 1068 4518 sincerus
1111 4459 1277 4513 timor
1321 4453 1496 4518 facit;
1545 4449 1856 4505 naturalem
1905 4460 2038 4500 vero
2085 4460 2186 4515 per

593 4570 882 4613 ascensum
911 4560 1078 4608 certa:
1103 4547 1356 4605 veritatis
1385 4541 1842 4615 speculationem,
1877 4537 2034 4593 firma
2062 4549 2188 4606 spes

2269 2061 2517 2125 τότητος.
2547 2056 2621 2114 Εὖ
2649 2061 2758 2132 γὰρ
2785 2055 2924 2113 οἶδεν
2952 2061 2979 2112 ό
3009 2058 3146 2129 πρὸς
3177 2056 3275 2128 τὴν
3306 2056 3567 2127 ἀλήθειαν
3608 2052 3859 2117 ἐνωθεὶς,

2271 2155 2352 2210 ὅτι
2384 2151 2444 2209 εὖ
2477 2155 2612 2226 ἔχει,
2643 2154 2750 2208 κᾶν
2789 2153 2840 2205 οἱ
2884 2151 3069 2206 πολλοὶ
3097 2149 3400 2206 νουθετοῖεν
3437 2149 3601 2203 αὑτὸν
3632 2147 3710 2210 ὡς
3740 2143 3863 2212 ἐξε-

2273 2246 2536 2317 στηκότα.
2572 2244 2837 2299 Λανθάνει
2888 2244 2986 2316 μὲν
3036 2242 3146 2313 γάρ
3202 2242 3279 2305 ὡς
3324 2241 3472 2304 εἰκὸς
3515 2239 3738 2304 αὐτοὺς,
3792 2238 3862 2291 ἐκ

2273 2338 2487 2411 πλάνης
2513 2340 2582 2408 τῇ
2622 2335 2853 2408 ἀληθείᾳ
2889 2336 2988 2407 τῆς
3041 2335 3213 2398 ὅντως
3253 2334 3493 2396 πίστεως
3521 2329 3858 2402 ἐξεστηκὼς,

2272 2432 2434 2496 αὐτὸς
2466 2429 2512 2483 δ’
2549 2428 2768 2501 ἀληθῶς
2814 2422 2955 2482 οἶδεν
2991 2426 3207 2494 ἐαυτὸν,
3261 2426 3362 2496 οὐχ
3389 2426 3418 2478 ὅ
3445 2440 3610 2494 φασιν
3658 2424 3860 2476 ἐκεῖνοι

2276 2523 2626 2598 μαινόμενον,
2649 2520 2791 2575 ἀλλά
2826 2520 2927 2591 τῆς
2957 2519 3194 2573 ἀστάτου
3239 2518 3334 2572 καὶ
3377 2516 3702 2586 ἀλλοιωτῆς,
3728 2516 3862 2586 περὶ

2272 2615 2374 2687 τὴν
2406 2610 2728 2682 παντοδαπῆ
2779 2611 2881 2682 τῆς
2915 2609 3122 2681 πλάνης
3176 2607 3453 2662 ποικιλίαν
3514 2607 3711 2678 φορᾶς,
3767 2605 3862 2658 διὰ

2272 2712 2373 2782 τῆς
2432 2707 2612 2778 ἁπλῆς
2665 2705 2760 2760 καὶ
2799 2705 2888 2760 ἀεὶ
2943 2701 3087 2758 κατά
3145 2702 3217 2756 τὰ
3260 2700 3403 2756 αὒτά
3462 2700 3557 2758 καὶ
3592 2698 3863 2764 ὡσαύτως

2275 2799 2508 2874 ἐχούσης
2533 2797 2795 2872 ἀληθείας
2823 2794 3289 2868 ὴλευθερωμένον.

2349 3067 2455 3140 ιιβν.
2496 3063 2722 3134 Ἀγαθοὶ
2745 3063 2841 3117 καὶ
2870 3061 3264 3134 φιλάνθρωποι,
3284 3056 3651 3130 εὔσπλαγχνοι
3682 3073 3743 3112 τε
3768 3057 3866 3112 καὶ

2277 3157 2626 3227 οἰκτίρμονες
2659 3153 2950 3222 γεγόνασιν
2993 3151 3042 3203 οἱ
3080 3151 3249 3219 ἀγιοι⁶
3290 3149 3419 3220 μίαν
3454 3147 3591 3216 πρὸς
3621 3147 3769 3200 ἀπαν
3801 3146 3867 3200 τὸ

2279 3251 2438 3320 γένος
2479 3247 2717 3302 διάθεσιν
2766 3245 2984 3318 ἔχοντες
3025 3243 3248 3314 ἀγάπης
3291 3239 3617 3311 δειχθέντες’
3671 3239 3763 3308 ὑφ’
3793 3233 3867 3313 ἧς

2280 3343 2342 3398 τὸ
2386 3342 2606 3396 πάντων
2645 3339 2921 3411 ἐξαίρετον
2952 3335 3092 3401 εἶδος
3120 3337 3230 3390 τῶν
3257 3333 3497 3403 ἀγαθῶν,
3531 3332 3635 3404 τὴν
3668 3331 3868 3385 ταπεί-

2280 3453 2446 3492 νωσιν
2495 3434 2663 3502 λέγω,
2722 3432 2812 3486 διὰ
2859 3430 3039 3500 πάσης
3087 3427 3267 3482 αὐτῶν
3315 3426 3413 3497 τῆς
3444 3425 3593 3494 ζωῆς
3635 3423 3865 3493 βεϐαίαν

2280 3526 2646 3597 κατασχόντες
2673 3566 2688 3591 ,
2742 3525 2840 3595 τὴν
2889 3521 3227 3592 φυλακτικὴν
3287 3519 3387 3589 μὲν
3447 3516 3556 3569 τῶν
3612 3514 3861 3584 ἀγαθῶν,

2281 3619 2590 3691 φθαρτικὴν
2619 3617 2674 3672 δὲ
2702 3617 2810 3669 τῶν
2853 3613 3130 3679 ἐναντίων,
3161 3610 3338 3664 οὐδενὶ
3365 3609 3694 3680 τοπαράπαν
3721 3605 3869 3661 ά.λὼ-

2284 3729 2435 3784 σιμοι
2468 3710 2575 3763 τῶν
2595 3708 2950 3780 διοχλούντων
2976 3705 3229 3774 γεγόνασι
3277 3699 3623 3773 πειρασμῶν,
3661 3699 3773 3752 τῶν
3806 3716 3868 3754 τε

2283 3805 2547 3860 ἐκουσίων
2573 3804 2668 3856 καὶ
2699 3802 2794 3854 τοῦ
2829 3802 2915 3871 ἐφ’
2955 3801 3089 3871 ημῖν
3121 3797 3304 3863 λόγου,
3336 3792 3430 3848 καὶ
3458 3791 3562 3846 τῶν
3591 3791 3870 3846 ἀκουσίων

2284 3897 2380 3953 καὶ
2406 3897 2507 3950 οὐκ
2555 3894 2643 3963 ἐφ’
2673 3895 2826 3964 ἡμῖν·
2857 3890 2934 3964 τῷ
2968 3891 3081 3953 τοῖς
3115 3888 3235 3959 μὲν,
3272 3885 3339 3940 δι’
3371 3885 3700 3954 ἐγκράτειαν
3733 3881 3872 3934 ἀπο-

2285 3988 2578 4062 μαραίνειν
2596 3985 2694 4050 τάς
2719 3982 3138 4044 ἐπαναστάσεις·
3161 3979 3265 4033 τῶν
3286 3976 3364 4043 δὲ,
3381 3975 3450 4029 δι’
3468 3973 3752 4046 ὑπομονῆς
3770 3971 3872 4036 τάς

2287 4079 2590 4154 προσϐολὰς
2613 4075 2984 4132 ἀποσείεσθαι.

2359 4354 2467 4417 ια’.
2504 4345 2616 4417 Τὴν
2650 4342 2749 4414 μὲν
2783 4341 2994 4396 τελείαν
3041 4338 3242 4409 πρᾶξιν
3270 4335 3370 4406 τῆς
3415 4332 3643 4404 ἀρετῆς,
3685 4328 3874 4390 πίστις

2288 4441 2424 4514 ὀρθὴ
2447 4439 2611 4502 ποιεῖ,
2636 4435 2732 4490 καὶ
2755 4433 2919 4505 φόϐος
2939 4434 3018 4496 εἰς
3038 4430 3170 4485 Θεὸν
3197 4427 3506 4489 ἀνόθευτος·
3527 4425 3630 4494 τὴν
3651 4423 3711 4478 δὲ
3735 4420 3898 4508 κατὰ.

2288 4537 2388 4606 τὴν
2436 4531 2706 4587 ἀνάϐασιν
2768 4529 3072 4584 ἄπταιστον
3138 4520 3376 4593 φυσικὴν
3415 4517 3687 4589 θεωρίαν,
3721 4515 3875 4579 ἐλπὶς

593 4663 842 4720 puraque
881 4643 1026 4699 labis
1076 4607 1487 4710 intelligentia:
1530 4633 1941 4691 deiﬁeationem
1992 4637 2182 4684 autem

2293 4627 2487 4702 βεϐαία
2511 4625 2606 4680 καί⁸
2642 4621 2926 4691 ἀλώϐητος
2956 4617 3190 4679 σύνεσις·
3216 4614 3316 4672 τὴν
3343 4613 3402 4667 δὲ
3431 4611 3575 4666 κατά
3609 4611 3712 4680 τὴν
3742 4607 3876 4664 ἀνά-

594 4755 719 4813 qua:
759 4747 846 4794 est
892 4751 990 4807 per
1034 4730 1490 4801 assumptionem,
1535 4724 1784 4795 perlecta
1832 4720 2078 4783 dilectio,
2123 4732 2188 4773 ac

595 4848 720 4904 qua:
752 4831 920 4887 rebus
951 4825 1210 4883 omnibus
1253 4819 1560 4878 secundum
1609 4815 1992 4872 excellentiam
2031 4824 2190 4867 mens

599 4924 822 4995 penitus
855 4935 997 4976 caeca
1025 4916 1264 4976 exsistit.

667 5031 830 5104 633
867 5029 954 5084 94.
989 5027 1124 5098 Ejus
1153 5016 1539 5094 philosophim,
1568 5029 1690 5086 quae
1725 5013 1996 5068 actionem
2035 5010 2188 5074 colit,

599 5140 738 5195 opus
762 5138 885 5178 csse
909 5121 1064 5175 aiunt
1092 5132 1121 5172 a
1153 5113 1452 5171 libidinoso
1483 5108 1634 5166 onmi
1675 5106 1916 5178 cogitatu
1946 5105 2191 5159 animum

601 5193 803 5286 purum
854 5219 1116 5283 priestare
1143 5224 1156 5261 :
1184 5202 1455 5260 naturalis
1483 5214 1617 5255 vero
1646 5193 2061 5268 spcculationis,
2097 5205 2194 5246 ve-

603 5283 721 5360 ram
774 5317 993 5360 omnem
1039 5314 1223 5357 rerum
1261 5293 1547 5352 scientiam
1593 5289 1822 5355 ducere;
1874 5283 2198 5354 theologicae

604 5394 825 5451 demum
885 5388 1283 5451 institutionis,
1343 5385 1456 5440 Deo
1511 5381 1749 5438 similem
1811 5395 1877 5436 ac
1931 5374 2198 5446 aequalem

610 5484 819 5555 (quoad
854 5485 1062 5541 homini
1098 5492 1424 5538 concessum
1455 5474 1576 5547 est)
1611 5489 1711 5545 per
1745 5469 1976 5544 gratiam
2007 5466 2202 5521 habitu

611 5575 857 5641 cﬂiccrc;
892 5580 982 5646 qui
1007 5570 1120 5640 jam
1151 5585 1346 5628 eorum
1387 5584 1509 5639 qua:
1545 5583 1576 5622 a
1609 5567 1723 5623 Deo
1767 5557 2010 5620 secunda
2052 5565 2202 5622 sunt,

688 5748 731 5783 ⁸³
757 5749 802 5804 Π
833 5749 962 5805 Cor.
992 5763 1046 5804 v.
1096 5750 1185 5804 15.

2293 4697 2454 4792 ληψιν
2482 4718 2700 4781 θέωσιν,
2741 4712 2932 4782 ἀγάπη
2959 4707 3160 4774 τελεία,
3182 4708 3278 4762 καὶ
3306 4705 3429 4768 νοῦς
3458 4707 3574 4768 τοῖς
3615 4697 3742 4756 οὖσι
3756 4699 3891 4776 καθ’ὁ

2297 4811 2574 4884 ὑπεροχὴν
2601 4808 2835 4880 πάμπαν
2863 4804 3129 4866 ἑκουσίως
3166 4797 3594 4872 πεπηρωμένος.

2360 5001 2459 5073 1.,δῖ
2494 5000 2607 5070 Τῆς
2651 4999 2749 5070 μὲν
2783 4995 3097 5068 πρακτικῆς
3143 4989 3465 5062 φιλοσοφίας
3524 4987 3688 5058 ἔργον
3745 4981 3885 5040 εἷναί

2302 5113 2458 5168 φασι,
2490 5095 2674 5165 πάσης
2706 5091 2796 5146 τὸν
2831 5089 2954 5143 νοῦν
2987 5085 3270 5158 ἐμπαθοῦς
3300 5079 3606 5152 φαντασίας
3639 5079 3885 5150 καθαρὸν

2301 5188 2682 5258 καταστῆσαι·
2724 5186 2826 5253 τῆς
2858 5182 2914 5236 δὲ
2961 5179 3200 5250 φυσικῆς
3248 5174 3506 5244 θεωρίας,
3555 5171 3739 5239 πάσης
3790 5169 3890 5239 τῆς

2306 5283 2364 5334 ἐν
2413 5279 2526 5341 τοῖς
2575 5271 2694 5329 οὖσι
2733 5271 2855 5326 καθ’
2889 5273 2956 5342 ἢν
3010 5268 3190 5322 αἰτίαν
3238 5265 3598 5336 ὑπάρχουσιν,
3653 5259 3892 5331 ἀληθοῦς

2303 5369 2559 5441 γνώσεως
2589 5365 2751 5420 αὑτὸν
2773 5363 3117 5433 ἐπιστήμονα
3141 5358 3316 5424 δεῖξαι
3350 5371 3362 5385 ·
3401 5354 3502 5426 τῆς
3545 5352 3605 5407 δὲ
3645 5351 3905 5438 θεολογι--Ι

2306 5463 2410 5534 κῆς
2443 5459 2854 5531 μυσταγωγίας,
2886 5457 3072 5526 ὅμοιον
3100 5451 3219 5520 Θεῷ
3259 5450 3352 5503 καὶ
3384 5447 3500 5500 ίσον
3527 5445 3604 5507 ὡς
3645 5443 3906 5516 ἐφικτὸν,ξ

2309 5531 2375 5626 τῇ
2406 5552 2589 5624 χάριτι
2617 5548 2759 5603 κατά
2779 5547 2879 5620 τὴν
2909 5546 3022 5614 ἕξιν
3053 5543 3298 5607 ποιῆσαι,
3335 5535 3564 5609 μηδενὸς
3611 5535 3676 5588 τὸ
3734 5531 3907 5600 σύνοοῖ

695 5907 886 5968 ‘Sunt
944 5905 1235 5962 Hierothei
1275 5900 1468 5968 verba,
1521 5915 1573 5955 c.
1625 5899 1661 5953 4
1719 5897 1798 5952 De
1852 5895 1959 5948 diu.
1999 5892 2226 5962 λοίπης
2266 5885 2356 5946 l5.
