4110 6318
341 367 480 432 1389
1039 343 1375 424 CAPITdM
1413 359 1836 434 QUINQUIES
1873 357 2395 421 CENTENORUM
2434 363 2821 424 CENTURIA
2855 365 2925 425 ν.
3463 319 3629 456 ιδθσ

336 483 428 539 λον
463 482 545 536 ἔτι
591 480 697 534 τῶν
757 473 898 551 μετὰ
953 477 1112 544 Θεὸν,
1172 477 1260 532 διὰ
1313 473 1413 546 τὴν
1449 474 1721 546 ὑπεροχὴν
1776 473 1907 526 ὅντα

2015 487 2127 543 pra:
2155 489 2367 529 summa
2401 476 2746 540 excellentia,
2775 476 2924 531 omni
2949 475 3174 547 penitus
3201 492 3368 552 sensu
3396 497 3460 557 ac
3494 501 3598 552 no-

333 578 594 645 νοήμονα.

2021 566 2141 621 titia
2173 577 2377 624 careat.

408 670 508 732 L,s'.
537 663 718 734 Ὀπέρ
745 663 939 716 ἐστινὸ
973 661 1158 732 αἰθὴρ,
1190 661 1359 732 ἤγουν
1406 660 1470 713 τὸ
1513 659 1710 731 πύριον
1771 674 1915 710 στοι-

333 758 500 828 χεῖον,
532 756 588 806 ὲν
614 753 691 823 τῷ
725 754 846 806 κατ’
884 752 1136 824 αἴσθησιν
1172 741 1384 823 κόσμῳ,
1409 751 1568 807 τοῦτο
1606 751 1663 803 ὲν
1691 748 1770 820 τῷ
1822 749 1916 802 κό-

333 863 457 916 σμῳ
487 846 582 916 τῆς
604 844 843 908 διανοίας
871 845 1017 899 ἐστὶν
1041 845 1074 915 ή
1105 844 1390 915 φρόνησις,
1418 843 1494 906 ὼς
1515 841 1630 907 ’ἕξις
1659 857 1916 920 φωτιστιο

334 936 425 1008 κὴ,
453 938 548 989 καὶ
573 937 680 989 τῶν
707 939 792 1005 ἐφ’
815 935 1049 1001 ἑκάστου
1077 935 1188 1010 τῶν
1218 936 1390 990 ὄντων
1420 935 1566 999 ίδίως
1612 951 1915 1004 πνευματι-

333 1017 446 1082 κῶν
501 1028 676 1096 λόγων
720 1027 1054 1098 ὑποδεκτικὴ
1107 1026 1258 1100 [edit
1310 1024 1689 1098 ἀποδεκτικὴ],
1729 1025 1826 1096 τὴν
1857 1027 1915 1077 ἐν

331 1120 470 1182 ὅλοις
495 1118 752 1181 ἀπλανῶς
773 1119 950 1172 αἰτίαν
979 1118 1042 1170 δι’
1069 1117 1249 1172 αὐτῶν
1288 1118 1623 1186 ἐκφαίνουσα
1647 1156 1662 1181 ,
1695 1115 1788 1168 καὶ
1817 1114 1916 1184 τῆς

330 1209 476 1265 κατὰ
531 1208 707 1279 ψυχὴν
758 1209 888 1278 περὶ
935 1208 996 1262 τὸ
1039 1207 1180 1272 θεῖον
1224 1209 1463 1283 ἐφέσεως
1507 1207 1775 1279 ἑλκτική·
1809 1203 1905 1258 καὶ

333 1301 470 1369 ὅπερ
495 1301 552 1351 ὲν
588 1297 664 1368 τῷ
704 1297 949 1368 αἰσθητῷ
975 1299 1167 1370 κόσμῳ
1199 1299 1346 1352 ἐστὶν
1369 1298 1396 1350 ὁ
1421 1298 1552 1372 ἀὴρ,
1578 1296 1735 1352 τοῦτο
1757 1297 1814 1348 ὲν
1836 1293 1912 1365 τῷ

333 1390 473 1442 κατὰ
502 1390 739 1442 διάνοιαν
770 1389 961 1463 κόσμῳ
995 1390 1144 1450 ἐστὶν
1171 1391 1207 1458 ἡ
1237 1387 1485 1460 ἀνδρεία,
1515 1387 1591 1452 ὡς
1614 1385 1726 1452 ἕξις
1760 1402 1915 1457 κινη-

332 1481 459 1555 τικῇ
490 1481 584 1534 καὶ
619 1481 716 1549 τῆς
743 1471 988 1554 ἐμφύτου
1020 1480 1163 1533 κατὰ
1195 1478 1408 1549 πνεῦμα
1437 1477 1584 1548 ζωῆς
1619 1477 1910 1548 συνεκτική

330 1554 396 1634 τε
423 1554 540 1644 ξιιμ
571 1573 665 1643 καὶ
697 1570 986 1646 δραστικὴ,
1012 1571 1106 1632 καὶ
1139 1570 1238 1641 τῆς
1291 1568 1432 1623 κατὰ
1468 1569 1646 1640 ψυχὴν
1675 1569 1806 1640 περὶ
1851 1569 1914 1623 τὸ

333 1662 475 1716 θεῖον
521 1662 864 1733 ἁεικινησίας
895 1661 1184 1732 τονωτικήο
1219 1661 1312 1714 καὶ
1338 1661 1475 1731 ὅπερ
1495 1662 1554 1714 ὲν
1577 1660 1655 1732 τῷ
1670 1661 1913 1733 αἰσθητῷ

333 1751 525 1823 κῶμῳ
554 1753 672 1805 ἐστὶ
691 1751 753 1805 τὸ
787 1750 954 1823 ὕδωρ,
991 1751 1154 1806 τοῦτο
1188 1751 1247 1804 ὲν
1277 1750 1356 1822 τῷ
1399 1750 1500 1820 τῆς
1527 1751 1766 1816 διανοίας
1814 1753 1908 1806 κό-

2088 658 2176 714 95.
2218 659 2375 726 Quod
2422 662 2478 716 in
2524 662 2732 717 mundo
2771 661 3028 718 sensibus
3057 662 3276 734 objecto
3317 669 3490 736 aether
3520 679 3606 724 est

2019 754 2264 827 (igneum
2291 754 2505 810 scilicet
2536 752 2894 824 elementum)
2941 754 3073 810 idin
3093 756 3262 811 animi
3285 758 3494 829 mundo
3520 771 3609 816 est

2011 845 2342 918 prudentia;
2378 853 2636 915 tanquam
2681 845 2893 901 scilicet
2919 845 3143 901 habitus
3183 845 3500 915 illustrans,
3542 866 3608 905 ac

2017 937 2114 1007 qui
2142 935 2417 1006 spiritales
2449 936 2504 990 in
2543 934 2774 1006 singulis
2802 936 3023 1005 proprie
3055 935 3384 1011 exsistentes
3423 940 3609 1017 capiat

1974 1095 1978 1100 .
2017 1029 2279 1091 rationes,
2319 1043 2418 1098 per
2460 1042 2554 1082 eas
2595 1035 2744 1083 certo
2790 1027 2847 1083 in
2889 1029 3165 1084 universis
3208 1029 3504 1092 Auctorem
3543 1047 3610 1088 ac

2016 1132 2239 1190 causam
2281 1117 2600 1182 ostendens,
2636 1118 2915 1188 animique
2953 1118 3010 1173 in
3049 1119 3221 1174 Deum
3264 1119 3606 1190 desiderium

2016 1208 2304 1282 pelliciens
2331 1225 2341 1261 :
2373 1208 2632 1279 quodque
2662 1208 2716 1264 in
2751 1209 2958 1265 mundo
2991 1209 3246 1266 sensibus
3277 1211 3494 1282 objecto
3521 1222 3608 1268 est

2015 1317 2130 1369 aer,
2159 1303 2266 1360 hoc
2308 1305 2366 1358 in
2413 1303 2581 1358 animi
2625 1304 2836 1360 mundo
2873 1314 2960 1361 est
3001 1306 3293 1373 fortitudo,
3340 1315 3604 1378 tanquam

2015 1395 2230 1460 scilicet
2255 1395 2482 1454 habitus
2510 1411 2758 1460 movens,
2789 1395 3144 1469 innatamque
3171 1399 3402 1469 spiritus
3433 1401 3604 1460 vitam

2007 1485 2303 1557 continens
2327 1487 2534 1557 pariter
2561 1502 2625 1541 ac
2649 1486 2914 1554 efficiens,
2936 1490 3234 1560 jugemque
3259 1491 3405 1553 circa
3429 1491 3604 1565 Deum

2015 1586 2198 1635 motus
2223 1578 2390 1633 animi
2419 1579 2776 1649 agitationem
2808 1579 2995 1650 vigore
3022 1581 3362 1654 contendens
3388 1599 3401 1634 :
3427 1581 3603 1654 quod-

2011 1685 2123 1740 que
2150 1670 2207 1725 in
2239 1670 2447 1726 mundo
2483 1671 2678 1726 eodem
2713 1672 2970 1728 sensibus
3000 1672 3218 1743 objecto
3240 1682 3324 1729 est
3347 1689 3507 1744 aqua,
3546 1675 3604 1729 id

2014 1760 2072 1814 in
2109 1761 2279 1828 animi
2324 1760 2532 1817 inundo
2565 1770 2652 1818 est
2693 1763 3089 1833 temperantia;
3133 1765 3356 1822 habitus
3393 1766 3606 1822 scilicet

334 1841 628 1913 σμῳὲστὶν
686 1841 720 1911 ή
789 1839 1133 1918 σωφροσύνη,
1163 1839 1277 1907 ἕξιν
1331 1839 1655 1917 ρπἀρχουσα
1702 1841 1803 1913 τῆς
1853 1843 1912 1896 ὲν

2019 1825 2200 1910 vitalis
2233 1855 2289 1909 in
2323 1854 2521 1925 spiritu
2558 1824 2914 1912 fecunditatis
2954 1824 3174 1926 parens,
3213 1857 3440 1928 jugique
3475 1872 3606 1930 erga

331 1929 604 1999 πνεύματι
662 1924 902 2006 ζωτικῆς
951 1932 1308 2002 γονιμὸτητος
1353 1931 1633 2005 ποιητικὴ,
1668 1933 1765 2011 καὶ
1809 1933 1910 2008 τῆς

330 2020 651 2088 ἀειϐλύστου
675 2023 818 2077 κατὰ
851 2024 950 2091 τὴν
987 2025 1172 2094 ἔφεσιν
1208 2024 1338 2095 περὶ
1365 2024 1426 2086 τὸ
1452 2023 1594 2079 θεῖον
1636 2026 1907 2097 ἐρωτικῆς

332 2110 566 2176 θέλξεως
611 2116 905 2186 γεννητική
931 2129 947 2147 ο
979 2116 1074 2170 καὶ
1122 2117 1260 2187 ὅπερ
1301 2117 1358 2170 ὲν
1409 2114 1487 2186 τῷ
1534 2115 1782 2189 αἰσθητῷ
1821 2117 1912 2170 κό-

333 2219 456 2274 σμῳ
489 2205 638 2258 ἐστὶν
668 2206 700 2272 ἡ
734 2205 845 2276 γῆ,
883 2207 1042 2260 τοῦτο
1081 2209 1140 2260 ὲν
1189 2207 1266 2280 τῷ
1295 2209 1395 2280 τῆς
1436 2208 1676 2272 διανοίας
1722 2209 1913 2280 κόσμῳ

332 2293 481 2347 ἐστὶν
507 2297 540 2365 ἡ
566 2295 907 2370 δικαιοσύνη,
930 2298 1040 2364 ἕξις
1069 2299 1392 2371 ὑπάρχουσα
1440 2301 1561 2354 κατ’
1591 2295 1732 2364 εἶδος
1787 2318 1912 2371 γεν-

332 2386 528 2456 νητικὴ
557 2387 776 2440 πάντων
801 2389 908 2441 τῶν
947 2391 1004 2442 ὲν
1032 2391 1145 2453 τοῖς
1174 2386 1294 2443 οὖσι
1331 2390 1525 2457 λόγων,
1559 2391 1653 2444 καὶ
1698 2391 1796 2462 τῆς
1855 2393 1913 2444 ὲν

333 2475 610 2547 πνεύματι
635 2479 783 2548 ,κατὰ
810 2478 888 2550 τῷ
921 2479 1036 2534 ἴσον
1073 2481 1292 2552 ἑκάστῳ
1331 2480 1568 2554 ζωτικῆς
1625 2481 1914 2546 διαδόσεως

332 2568 722 2640 ἀπονεμητική
765 2586 778 2600 ο
813 2571 906 2624 καὶ
948 2572 1046 2642 τῆς
1094 2573 1298 2638 οἰκείας
1363 2575 1422 2626 ὲν
1477 2573 1556 2646 τῷ
1589 2574 1741 2648 καλῷ
1773 2574 1913 2648 κατᾲ

332 2659 432 2734 1τὴν
465 2657 613 2713 θέσιν
643 2660 853 2731 βάσεως
894 2663 1232 2732 ἀμετάθετος
1271 2663 1437 2738 [male
1475 2669 1646 2740 edita,
1683 2666 1912 2736 μετάθε-

331 2750 449 2824 τος]
480 2750 684 2822 ἵδρυσις
720 2754 817 2824 (ιγ).

404 2842 755 2916 [ις’.”Ωσπερ
782 2845 984 2915 σαρκὸς
1021 2846 1353 2919 εὐεκτούσης
1387 2847 1483 2913 καὶ
1530 2849 1911 2922 πιαινομένης,

331 2936 444 2998 τοῖς
473 2935 704 2988 πάθεσιν
733 2938 764 3005 ἡ
790 2936 937 3014 ψυχὴ
966 2938 1316 3007 βασανίζεται
1339 2941 1435 2994 καὶ
1466 2939 1791 3006 σκοτίζεται,
1815 2945 1914 3014 τῆς

334 3024 444 3078 τῶν
472 3025 683 3097 ἀρετῶν
716 3023 883 3098 ἕξεως
919 3029 1014 3086 καὶ
1046 3029 1140 3090 τοῦ
1175 3031 1460 3107 φωτισμοῦ
1499 3032 1603 3110 τῆς
1656 3032 1913 3103 γνώσεως

335 3116 765 3186 ὑποχωρούντων
790 3133 804 3149 ·
839 3117 980 3172 οὕτω
1002 3121 1096 3172 καὶ
1123 3123 1221 3193 τῆς
1245 3123 1426 3197 ψυχῆς
1450 3123 1528 3194 τῷ
1559 3123 1689 3211 θείῳ
1723 3123 1908 3193 κάλλει
1940 3153 1982 3210 C

332 3208 441 3262 τῶν
465 3209 694 3280 ἀρετῶν,
731 3211 823 3263 καὶ
848 3210 928 3282 τῷ
950 3215 1214 3286 φωτισμῷ
1244 3215 1344 3285 τῆς
1369 3209 1624 3284 γνώσεως
1649 3210 1912 3288 φρουρού-

338 3301 504 3372 μεένης
543 3318 601 3363 τε
635 3302 731 3354 καὶ
759 3301 1246 3376 λαμπρυνομένης,
1289 3308 1317 3359 ὁ
1345 3306 1450 3372 ἔξω
1483 3307 1766 3380 ἄνθρωπος
1798 3308 1912 3360 δια-

335 3391 641 3463 φθείρεται,
667 3393 766 3464 τῆς
790 3396 1002 3468 ,σαρκὸς
1031 3395 1121 3464 διὰ
1153 3398 1253 3468 τὴν
1276 3399 1573 3470 ἐπιδημίαν
1609 3400 1704 3455 τοῦ
1751 3400 1909 3467 λόγου

333 3481 433 3558 τὴν
463 3485 698 3556 φυσικὴν
721 3485 939 3554 εὐεξίαν
970 3487 1441 3560 ἁποϐαλλομένης.

406 3575 512 3644 ιιζν.
551 3577 666 3632 Οὐκ
710 3573 778 3650 ἦν
837 3578 1063 3636 δυνατὸν
1120 3581 1294 3646 ἄλλως
1354 3583 1469 3637 υίδν
1521 3583 1911 3656 ᾁποδειχθῆναι

331 3665 471 3728 θεοῦ
503 3667 575 3739 (r)
607 3668 701 3723 καὶ
727 3668 858 3722 Θεὸν
890 3670 1032 3724 κατὰ
1055 3669 1155 3740 τὴν
1182 3671 1404 3742 χάριτος
1447 3671 1666 3739 θέωσιν,
1692 3673 1784 3726 τὸν
1815 3691 1910 3741 γε.

337 3757 560 3829 νόμενον
621 3758 928 3831 ἄνθρωπον,
971 3760 1047 3831 μὴ
1106 3761 1371 3831 πρότερον
1403 3762 1545 3815 κατὰ
1587 3743 1910 3834 προαίρεσιν

336 3850 673 3920 γεννηθέντα
692 3851 771 3922 τῷ
794 3853 1102 3922 πνεύματι,
1128 3851 1216 3906 διὰ
1255 3853 1352 3923 τὴν
1377 3851 1604 3926 ἐνοῦσαν
1626 3854 1772 3924 αὐτῷ
1809 3873 1910 3930 φο.

340 3944 506 4008 σικῶς
534 3945 890 4016 αὐτοκίνητον
921 3947 1014 3998 καὶ
1037 3945 1334 3999 ἀδέσποτον
1373 3945 1602 4018 δύναμιν
1635 3961 1648 3976 ⁸
1680 3947 1749 4017 ἤν
1786 3964 1908 4001 τινα

332 4034 584 4095 ,θεοποιὺν
613 4039 708 4090 καὶ
741 4038 890 4092 θείαν
915 4038 1009 4102 καὶ
1039 4038 1201 4093 ἄῦλον
1227 4039 1499 4110 γέννησιν,
1529 4038 1617 4093 διὰ
1665 4039 1726 4092 τὸ
1778 4057 1911 4110 προ-

336 4128 564 4197 τιμῆσαι
589 4129 696 4181 τῶν
723 4130 1032 4200 νοουμένων
1060 4131 1156 4184 καὶ
1180 4129 1391 4201 ἀδήλων
1415 4129 1553 4194 τέως
1593 4129 1817 4198 ἀγαθῶν
1851 4131 1910 4184 τί)

337 4221 460 4272 κατ’
491 4219 740 4290 αἴσθησιν
784 4221 1018 4293 τερπνὸν
1066 4222 1163 4276 καὶ
1211 4222 1486 4292 ἐπίδηλον,
1529 4221 1910 4296 παραλιπὼνρ

337 4309 553 4380 πρῶτος
584 4309 893 4383 ἄνθρωπος,
929 4311 1026 4384 τὴν
1048 4313 1113 4366 ὲκ
1147 4312 1417 4382 σωμάτων
1433 4313 1656 4376 εἰκότως
1681 4314 1912 4383 ᾀπροαί-

338 4417 494 4473 ρετον
526 4403 622 4458 καί¹
647 4403 840 4476 ὑλικὴν
867 4407 963 4459 καὶ
1013 4405 1285 4482 ἐπίκηρον
1335 4404 1910 4480 ἔχεινκαταδικάξεται

343 4493 570 4567 γένεσιν.
789 4491 792 4498 ’
1166 4493 1172 4500 ’

412 4695 460 4732 ⁸³
486 4698 534 4769 ¹ΙΙ
561 4699 692 4771 cor.
729 4715 803 4766 ιν,
835 4701 920 4774 16..

416 4853 487 4929 (ᾳ)
506 4857 671 4911 Κατὰ
683 4857 805 4929 ,τὴν
823 4857 995 4913 θέσιν
1009 4857 1252 4929 βάσεως
1273 4857 1632 4929 ἁμετάθετος
1653 4859 1907 4926 ἵδρυσις,

337 4925 638 4982 Ιηιὴιόδὶιὶε
671 4925 900 4983 firmitas
928 4937 983 4982 et
1008 4929 1170 4983 sedes
1194 4927 1404 4982 fundati
1435 4929 1486 4982 in
1516 4925 1748 4985 honesto
1774 4931 1913 4986 situs

337 4997 460 5059 sui,
503 5002 649 5068 quod
701 4999 935 5054 maxime
983 4998 1207 5068 iustitiae
1255 4999 1544 5069 convenit;
1595 5016 1716 5069 qua:
1762 5002 1912 5066 velut

339 5071 485 5138 lcrra
514 5066 569 5123 in
596 5069 700 5123 hoc
727 5066 1004 5132 universo,
1034 5068 1150 5122 suis
1173 5066 1419 5138 undique
1447 5066 1645 5124 librata
1669 5087 1910 5126 momen-

339 5137 440 5203 tis,
481 5139 559 5193 rei
609 5139 783 5208 ipsum
836 5139 1078 5193 medium
1128 5137 1484 5193 immobilitcr
1529 5141 1804 5208 attendat.
1848 5159 1912 5202 ac

337 5208 566 5278 cuique,
599 5205 745 5278 quod
787 5210 964 5278 rcipsa
1011 5209 1158 5263 illius
1193 5216 1304 5272 est,
1342 5209 1568 5262 tribuat.
1603 5205 1758 5276 Quod
1796 5221 1912 5266 erat

339 5279 666 5357 pascam,
701 5279 857 5357 valde
907 5279 1229 5357 mendosum
1269 5287 1384 5342 est,
1423 5293 1487 5332 ac
1528 5281 1672 5357 quod
1722 5282 1910 5357 aiunt,

336 5349 626 5418 implieaus
653 5350 708 5404 in
739 5349 972 5419 adjecto.
1028 5349 1188 5419 Picus
1223 5357 1404 5404 tamen
1433 5349 1694 5418 expedit:
1728 5349 1910 5407 Sedem

335 5420 536 5489 proprii
577 5418 907 5489 fundamenti
947 5418 1270 5489 translatam
1306 5420 1362 5472 in
1401 5420 1614 5472 honesto
1659 5421 1910 5488 collocat;

337 5487 382 5540 si
414 5487 594 5543 tamen
622 5490 880 5559 eXpedire
909 5498 1021 5553 est,
1050 5489 1130 5544 sic
1157 5488 1448 5559 arbitrario
1485 5489 1734 5545 reddere.

409 5559 480 5626 (r)
526 5560 659 5628 Υἱειν
693 5557 1135 5628 ἀποδειχθῆναι
1175 5558 1341 5612 Θεοῦ.
1378 5557 1534 5624 Quod
1580 5560 1772 5616 deerat
1809 5577 1914 5616 vox

339 5625 472 5702 υζὸν,
499 5627 646 5702 nihil
667 5625 1028 5702 commodum
1042 5629 1275 5702 reddere
1301 5629 1481 5699 potuit
1499 5629 1669 5702 Picus
1698 5649 1712 5683 :
1745 5635 1916 5702 ἀπρο-

339 5694 556 5769 αίρετον
584 5698 799 5769 γένεσιν
828 5701 922 5752 καὶ
952 5699 1162 5769 ὑλικὴν,
1189 5694 1364 5753 οτιιῐιη
1394 5701 1688 5754 nativitatis
1720 5694 1917 5756 non-cx

341 5764 508 5820 libera
536 5766 808 5824 voluntate
836 5776 886 5824 et
916 5764 1205 5836 terrenum,
1235 5784 1346 5840 quo
1371 5770 1697 5826 naturaliter
1723 5787 1920 5842 propa-

2010 1944 2186 2000 Deum
2210 1961 2308 2016 per
2329 1945 2688 2016 cupiditatem
2711 1946 3066 2017 scaturigine,
3092 1946 3294 2016 amoris
3320 1947 3605 2016 illecebras

2012 2039 2285 2109 gignens:
2317 2039 2464 2108 quod
2512 2038 2753 2109 denique
2804 2038 2861 2093 in
2914 2038 3122 2094 mundo
3170 2039 3302 2095 item
3351 2040 3607 2110 sensibus

2013 2131 2231 2202 obiecto
2271 2138 2356 2186 est
2391 2139 2558 2196 terra,
2595 2131 2650 2186 id
2684 2131 2740 2186 in
2778 2131 2948 2186 animi
2989 2131 3196 2186 mundo
3235 2141 3321 2188 est
3345 2132 3602 2203 justitia;

2013 2237 2214 2293 nempe
2241 2222 2467 2278 habitus
2497 2223 2748 2278 onmium
2780 2223 2836 2278 in
2884 2223 3052 2278 rebus
3087 2223 3364 2278 rationum
3404 2239 3605 2279 secun-

2014 2312 2144 2369 dum
2172 2311 2411 2383 speciem
2443 2328 2673 2384 parens,
2709 2329 3031 2384 aequamque
3063 2314 3117 2370 in
3149 2315 3347 2386 spiritu
3376 2316 3607 2388 singulis

2013 2404 2236 2466 vitalem
2270 2404 2715 2461 distributionem
2759 2405 3110 2475 impartiens,
3156 2421 3258 2462 nec
3289 2422 3400 2462 non
3433 2408 3517 2463 sui
3549 2407 3607 2464 in

2013 2509 2081 2548 eo
2105 2495 2253 2564 quod
2288 2495 2583 2550 honestum
2613 2503 2700 2550 est
2731 2495 2945 2550 fundati
2975 2497 3116 2550 situs
3147 2496 3376 2554 firmitas
3405 2513 3469 2556 ac
3497 2500 3606 2556 im--

2013 2584 2234 2648 mobilis
2260 2584 2419 2639 sedes
2432 2585 2722 2652 exsistens.

2083 2837 2173 2891 96.
2212 2837 2688 2903 Quemadmodum
2724 2838 2865 2894 bona
2906 2841 3093 2896 carnis
3125 2841 3450 2899 habitudine
3486 2844 3608 2901 illa-

2013 2946 2122 3000 que
2153 2931 2464 3002 pinguiore,
2496 2933 2678 2986 anima
2709 2932 3004 2990 affectibus
3036 2941 3326 3006 torquetur
3349 2951 3416 2993 ac
3444 2937 3606 2994 obte-

2014 3024 2302 3100 nebratur,
2333 3023 2599 3078 virtutum
2632 3023 2824 3078 habitu
2853 3039 2918 3078 ac
2958 3025 3202 3101 scientia:
3233 3027 3605 3084 illustrations

2016 3115 2219 3172 sensim
2247 3116 2672 3172 abscedentibus
2708 3133 2722 3170 :
2752 3117 2831 3173 sic
2858 3103 3081 3190 quoque.
3113 3119 3296 3175 anima
3333 3119 3603 3175 virtutum

2015 3206 2217 3264 decore
2264 3224 2330 3264 ac
2377 3209 2620 3265 scientiae
2664 3210 3031 3271 illustrationc
3077 3211 3288 3266 munita
3336 3220 3394 3267 et
3438 3227 3604 3268 coru-

2014 3311 2225 3366 scante,
2260 3302 2354 3370 qui
2384 3301 2520 3357 foris
2573 3309 2677 3366 est,
2726 3303 2890 3358 homo
2933 3305 3401 3376 corrumpitur";
3438 3320 3606 3366 carne

2010 3391 2226 3462 scilicet
2269 3392 2501 3447 rationis
2544 3391 2782 3448 adventu
2830 3407 2895 3457 ac
2937 3395 3250 3464 praesentia,
3289 3397 3602 3454 naturalem

2014 3483 2214 3559 bonam
2246 3484 2626 3540 habitudinem
2654 3493 2821 3556 atque
2851 3485 3093 3556 vigorem
3123 3489 3433 3545 amittente.

2081 3576 2170 3631 97.
2211 3575 2329 3631 Non
2377 3577 2538 3631 aliter
2589 3575 2707 3647 fieri
2754 3585 2988 3646 poterat,
3037 3588 3098 3632 ut
3148 3589 3368 3635 creatus
3411 3579 3601 3646 homo,

2012 3666 2108 3729 Dei
2167 3665 2312 3721 filius
2353 3667 2608 3736 Deusque
2643 3683 2740 3736 per
2769 3666 3134 3724 deificationis
3159 3671 3386 3740 gratiam
3418 3672 3602 3729 allice-

2013 3767 2187 3818 retur,
2228 3758 2360 3827 quin
2413 3757 2564 3827 prius
2602 3757 2902 3825 voluntatis
2934 3759 3238 3836 proposito,
3271 3761 3342 3816 ob
3377 3761 3598 3818 insitam

2012 3849 2092 3907 illi
2130 3857 2358 3922 natura,
2390 3862 2490 3902 suo
2532 3845 2705 3917 ipsius
2748 3847 3019 3900 arbitratu
3052 3849 3307 3922 mobilem
3352 3851 3598 3920 nullique

2012 3940 2432 4011 mancipabilcm
2461 3939 2798 4002 facultatem,
2826 3937 3024 4008 spiritu
3052 3921 3409 3994 nasceretur:
3431 3957 3598 4011 quam

2014 4032 2208 4108 utique
2235 4031 2485 4086 deificam
2509 4030 2866 4100 divinamque
2895 4045 2958 4084 ac
2983 4030 3121 4086 nihil
3150 4037 3424 4087 terrenam
3455 4034 3600 4088 nati-

2012 4125 2257 4189 vitatem,
2286 4139 2412 4180 cum
2451 4123 2662 4194 primus
2688 4121 2852 4195 635.
2887 4121 3052 4177 homo
3087 4123 3407 4193 reliquerit;
3441 4125 3603 4199 bonis

2010 4219 2222 4274 scilicet
2260 4217 2368 4273 illis
2393 4232 2513 4287 qua:
2540 4216 2654 4272 sola
2684 4224 2866 4272 mente
2893 4216 3277 4287 intelliguntur
3303 4203 3601 4272 bactenusé

2010 4327 2119 4383 que
2167 4311 2402 4367 obscura
2443 4318 2592 4373 sunt,
2635 4323 2832 4364 sensus
2871 4308 3100 4364 delicias
3143 4324 3208 4364 ac
3254 4308 3600 4366 manifestam

2011 4402 2435 4460 delectationem
2481 4400 2807 4472 praeferens;
2846 4401 3204 4471 generatione
3249 4415 3316 4456 ex
3357 4402 3604 4472 corpori-

1945 4481 1987 4535 Ῐ)
2016 4498 2122 4553 bus
2168 4497 2315 4552 nulla
2354 4493 2570 4550 arbitrii
2611 4494 2893 4549 voluntate
2936 4503 3220 4550 constante
3271 4504 3601 4566 terrenaque

2019 4600 2184 4664 atque
2211 4587 2448 4666 mortali,
2484 4585 2795 4640 damnatur.

2056 4877 2233 4928 amur,
2265 4864 2466 4933 ubique
2508 4861 2772 4916 Maximus
2812 4869 2935 4933 post
2971 4859 3133 4933 Greg.
3168 4861 3322 4930 Nyss.
3353 4860 3599 4933 aliosque

2023 4931 2239 5010 Graecos
2267 4931 2568 5010 tlieologos2
2599 4947 2664 4986 ex
2695 4931 2862 5010 primi
2892 4931 3140 5010 parentis
3151 4931 3599 5010 transgressione

2021 4998 2182 5058 nobis
2215 4997 2504 5058 inolevisse
2536 4997 2742 5055 docet':
2782 4997 2906 5053 alio
2929 4997 3340 5068 multiplicandi
3371 4998 3598 5053 humani

2019 5074 2238 5141 generis
2275 5075 2441 5127 modo
2479 5071 2798 5140 spiritaliori
2839 5071 2950 5125 Deo
2989 5085 3098 5122 non
3143 5069 3358 5141 ignoto,
3386 5070 3600 5141 integra

2017 5138 2185 5198 etiam
2227 5138 2529 5212 parentunf
2550 5141 2896 5210 virginitate;
2929 5156 3094 5209 quem
3117 5138 3360 5212 AA'ugust.
3394 5138 3598 5212 fatetur

2019 5229 2077 5268 se
2124 5207 2395 5284 ignorare.
2436 5212 2531 5284 Τὸ,
2565 5207 2961 5282 ἀπροαίρετον(
2985 5209 3392 5284 ᾳιιοόηξηυὶιαηι
3417 5207 3600 5270 reddit

2016 5279 2198 5346 Picus,
2223 5298 2332 5338 non
2365 5283 2498 5338 satis
2525 5279 2712 5350 aptum
2741 5299 2755 5335 :
2778 5279 2943 5336 isonat
2963 5279 3108 5335 enim
3135 5279 3224 5334 illa
3251 5295 3353 5332 vox
3377 5285 3596 5350 contra-

2017 5354 2154 5433 riam
2188 5347 2621 5433 voluntatem—et
2647 5361 3084 5433 repugnantem,
3116 5364 3241 5433 cum
3273 5363 3378 5403 vox

2016 5424 2192 5478 solum
2240 5423 2428 5479 liberae
2466 5418 2767 5478 voluntatis
2802 5418 2958 5476 dicat
2997 5421 3336 5483 absentiam,
3373 5418 3600 5488 opposi'o

2017 5494 2168 5570 tione
2205 5493 2271 5570 ad
2306 5493 2610 5564 spiritalem
2647 5490 3059 5570 generationem
3099 5490 3254 5570 navit
3277 5489 3603 5570 προαίρεσιν

2015 5565 2074 5616 ἐν
2113 5559 2402 5634 πνεύματι·
2437 5578 2553 5634 quo:
2586 5559 2846 5634 ex'libeg:
2879 5559 3148 5634 :wiuntqte
3181 5559 3597 5634 εξιῌίη-ερὶνὶω,

2060 5628 2679 5711 na_scilicet_nascimur
2711 5648 2742 5688 a
2777 5633 2922 5696 Deo,
2950 5637 3012 5686 ut
3040 5631 3160 5702 ejus
3192 5628 3288 5684 filii
3322 5628 3496 5684 simus
3527 5641 3599 5711 “ac

2060 5705 2098 5759 ii
2129 5705 2240 5759 Deo
2270 5703 2496 5759 similes.
