4122 6322
546 356 694 425 1391

1715 359 1777 422 S.
1820 359 2107 421 MAXIM!
2146 358 2654 423 CONFESSORIS

3694 367 3839 432 1392

632 471 723 529 98.
763 469 1011 525 Movetur
1037 482 1185 524 nunc
1217 467 1383 523 homo
1405 509 1419 532 ,
1466 477 1561 523 aut
1601 468 1749 524 circa
1779 469 2149 525 abhorrentes

2323 474 2433 540 ι,,τι’⁸
2467 472 2713 526 Κινεῖται
2742 473 2837 526 νῦν
2865 473 2895 526 ό
2928 472 3236 547 ἄνθρωπος,
3273 475 3306 547 ἢ
3343 476 3471 548 περὶ
3526 480 3839 546 φαντασίας

561 582 592 623 a
628 564 840 620 ratione
887 563 1181 617 affectuum
1229 563 1817 634 perturbationumque
1856 564 2151 633 cogitatio-

562 676 662 714 nes
705 672 773 712 ex
821 670 1030 718 errore,
1082 655 1154 710 ob
1201 655 1540 724 voluptatem
1585 670 1649 710 ac
1694 655 2020 722 libidinem;
2057 662 2152 708 aut

561 752 711 806 circa
760 748 965 803 artium
1004 754 1277 817 praecepta
1305 763 1374 801 ex
1406 761 1593 800 rerum
1639 761 1977 817 casuumque
2024 761 2153 800 con-

562 841 853 913 tingentia,
888 840 959 894 ob
988 837 1411 904 necessitatem;
1444 847 1537 893 aut
1569 840 1718 894 circa
1753 839 2033 893 naturales
2062 852 2151 892 ra-

561 934 742 988 tiones
785 948 852 987 εχ
902 940 1116 986 natura:
1167 930 1310 1001 lege,
1361 929 1434 985 ob
1489 929 1883 1000 disciplinam:
1916 944 2151 999 quorum

558 1025 774 1079 nullum
811 1039 877 1079 ex
912 1021 1249 1077 necessitate
1300 1022 1581 1076 hominem
1639 1022 1801 1076 initio
1852 1022 2150 1075 trahebat:

559 1124 725 1188 atque
764 1115 819 1170 id
865 1115 1097 1180 merito;
1132 1128 1260 1168 nam
1300 1114 1561 1168 omnibus
1594 1115 1851 1184 superior
1892 1114 2153 1167 conditus

557 1216 698 1264 erat.
721 1208 910 1262 Talem
931 1206 1081 1262 enim
1112 1206 1349 1261 decebat
1374 1220 1496 1261 esse
1523 1221 1652 1261 cum
1678 1205 1773 1275 qui
1798 1222 1828 1260 a
1857 1204 2153 1275 principio.

562 1308 624 1355 ut
647 1299 799 1354 nullo
822 1313 1050 1368 prorsus
1077 1312 1273 1352 eorum
1305 1313 1429 1368 quae
1465 1297 1534 1352 ab
1566 1312 1633 1351 eo
1668 1297 1910 1352 secunda
1944 1306 2152 1359 essent,

560 1392 646 1447 vel
687 1392 737 1445 ei
782 1390 1118 1460 adjacerent,
1165 1403 1268 1444 ceu
1311 1388 1448 1443 alias
1490 1388 1558 1444 ad
1595 1388 1775 1459 ipsum
1817 1397 2154 1458 spectarent,

559 1466 993 1545 distraheretur,
1052 1494 1279 1549 unoque
1328 1478 1597 1534 duntaxat
1645 1479 1713 1535 ad
1760 1478 2157 1549 perfectionem

559 1581 769 1644 egeret,
817 1578 879 1627 ut
919 1587 1123 1641 nempe
1162 1571 1216 1625 in
1264 1571 1437 1625 Deum
1482 1571 1603 1641 ipso
1651 1571 1997 1642 superiorem
2044 1578 2158 1624 tota

561 1662 878 1719 dilectionis
915 1662 1092 1717 libera
1128 1676 1192 1716 ac
1230 1662 1487 1731 expedita
1529 1661 1790 1718 facultate
1825 1662 2155 1717 eniteretur.

634 1755 723 1811 99.
764 1753 913 1809 Nihil
966 1754 1177 1822 primus
1231 1752 1399 1808 homo
1448 1753 1596 1809 inter
1646 1768 1706 1809 se
1757 1754 2040 1824 Deumque
2089 1751 2158 1808 ad

562 1847 849 1904 scientiam
907 1846 1257 1917 interjectum
1315 1844 1577 1909 habebat,
1634 1846 1897 1917 quodque
1953 1823 2230 1901 futurae"

562 1951 665 2007 per
700 1935 1028 1991 charitatem
1063 1934 1255 1990 liberae
1280 1935 1484 1990 mentis
1515 1936 1936 2001 necessitudini,
1974 1947 2157 1993 motus

563 2028 619 2083 in
646 2029 820 2083 Deum
844 2027 1191 2094 incitatione,
1228 2027 1626 2098 impedimento
1653 2027 1814 2084 foret.
1849 2028 1987 2086 Cum
2008 2028 2158 2084 enim

564 2121 756 2175 divino
779 2134 1007 2174 munere
1037 2120 1203 2174 nullis
1224 2119 1504 2175 obnoxius
1527 2119 1822 2177 aﬂ‘ectibus
1842 2131 2010 2187 esset,
2030 2120 2160 2176 libi-

564 2213 888 2268 dinosorum
923 2210 1264 2281 cogitatuum
1300 2211 1681 2267 seductiouem
1726 2228 1826 2282 per
1859 2213 2162 2283 voluptatis

567 2303 886 2359 illecebram
915 2315 1025 2355 non
1054 2299 1383 2356 admittebat
1408 2319 1421 2355 :
1448 2317 1688 2371 cumque
1715 2302 1923 2357 nullius
1948 2312 2157 2374 egeret,

567 2407 600 2448 a
639 2391 891 2447 colendis
935 2389 1150 2444 artibus
1194 2389 1459 2444 immunis
1491 2400 1632 2455 erat,
1670 2390 1877 2461 quibus
1906 2390 2031 2446 vita:
2063 2404 2164 2444 ne-

561 2484 804 2540 cessaria
835 2481 1080 2553 prmstari
1111 2482 1294 2537 solent
1324 2498 1337 2535 :
1379 2497 1444 2537 ac
1475 2498 1601 2538 cum
1634 2493 1917 2553 postremo
1944 2482 2163 2553 sapien-

565 2577 642 2633 tia
676 2576 898 2639 niteret,
929 2558 1037 2646 qua
1067 2574 1299 2630 scientia
1338 2573 1606 2647 fulgebat,
1636 2575 1872 2630 naturali
1907 2574 2157 2644 speculas

566 2668 717 2723 tione
751 2667 1010 2739 superior
1032 2676 1174 2723 erat.

638 2759 759 2816 100.
798 2760 902 2826 Qui
937 2774 1157 2815 omnem
1197 2770 1453 2816 naturam
1490 2775 1616 2817 cum
1656 2759 1927 2830 sapientia
1967 2758 2161 2816 condi-

564 2851 669 2917 dit,
697 2852 865 2916 Deus,
896 2865 958 2904 ac
992 2865 1095 2921 pro
1125 2852 1393 2922 cujusque
1423 2851 1858 2906 substantiarum
1884 2852 2161 2907 utentium

565 2944 781 2998 ratione
822 2941 1049 2996 modulo
1088 2957 1153 2997 ac
1190 2941 1472 3007 facultate,
1512 2942 1597 2995 sui
1638 2941 1891 2997 notitiam
1930 2942 2163 2996 occultis

562 3033 875 3091 seminibus
908 3033 1148 3098 indidit;
1184 3033 1348 3089 nobis
1378 3049 1633 3104 quoque,
1666 3049 1767 3088 ceu
1803 3033 2161 3104 magniﬁcen-

561 3124 812 3179 tissimus
848 3123 1117 3181 Dominus
1143 3166 1157 3189 ,
1205 3126 1459 3180 naturale
1506 3126 1563 3181 in
1604 3127 1785 3197 ipsum
1822 3126 2161 3181 desiderium

565 3229 922 3284 amoremque
957 3216 1215 3281 contulit,
1247 3217 1355 3272 sibi
1396 3217 1507 3271 vim
1553 3219 1787 3273 rationis
1832 3221 2162 3275 naturaliter

569 3302 880 3372 Implicans,
921 3318 1028 3372 qua
1065 3302 1225 3358 facile
1268 3304 1485 3373 assequi
1520 3305 1703 3371 liceat,
1739 3306 1944 3375 quibus
1981 3308 2164 3365 modis

568 3392 984 3462 adimplendum
1016 3393 1378 3456 desiderium,
1418 3410 1481 3449 ac
1522 3395 1827 3450 cavendum
1863 3413 1932 3453 ne
1970 3414 2162 3456 errore

568 3486 639 3541 ab
664 3501 733 3541 eo
760 3484 1106 3552 excidantus,
1138 3486 1284 3555 quod
1316 3487 1533 3558 assequi
1566 3488 1817 3545 nitimur.
1855 3491 1968 3546 Hoc
1992 3492 2162 3564 igitur

567 3576 705 3631 moti
737 3575 1041 3643 desiderio,
1088 3575 1155 3631 ad
1185 3591 1248 3631 ea
1278 3578 1623 3647 exquirenda
1662 3579 1997 3648 inducimur,
2038 3599 2162 3654 quae

568 3668 637 3723 ad
681 3669 970 3724 veritatem
1012 3677 1297 3740 spectant,
1338 3670 1503 3740 inque
1547 3673 1808 3729 omnibus
1853 3678 2162 3748 composito

569 3763 764 3819 ordine
810 3762 1123 3818 elucentcm
1175 3762 1502 3833 sapientiam
1548 3773 1601 3819 et
1652 3767 2158 3840 gubernationem;

570 3873 668 3928 per
699 3857 816 3912 haec
846 3856 1067 3927 assequi
1091 3857 1410 3927 gliscentes,
1438 3858 1597 3930 cujus
1619 3860 1795 3930 gratia
1823 3861 2159 3919 desiderium

569 3964 923 4019 amoremque
947 3947 1284 4017 accepimus.

863 4060 1177 4122 Divinarum
1216 4059 1433 4116 Maximi
1467 4061 1704 4131 capitum
1731 4062 1873 4131 ﬁnis.

642 4219 710 4293 (ε)
745 4220 849 4275 Ἕκ
874 4220 1308 4293 περιστάσεως.
1332 4220 1465 4292 Cap.
1486 4220 1738 4293 sequenti
1768 4219 2162 4293 περιστατικὴν

568 4289 816 4361 ἀνάγκην
844 4300 1005 4347 vocat
1032 4291 1297 4348 Maximus
1342 4289 1727 4348 necessitatem
1766 4289 2001 4362 ex'ipsis
2037 4289 2165 4346 vita:

570 4362 823 4434 mortalis
863 4363 1200 4434 rationibus,
1234 4365 1466 4434 ejusque
1502 4365 1671 4419 variis
1706 4363 1954 4434 casibus;
1996 4375 2160 4434 quam

568 4428 756 4485 levare
786 4433 923 4504 artis
951 4436 1247 4504 praeceptis
1265 4428 1459 4504 studet
1483 4432 1975 4504 humanasolertia
2046 4433 2163 4486 hmo

571 4515 772 4573 nempe
788 4502 1317 4573 indigentia,'quam
1352 4503 1497 4557 idem
1528 4503 1773 4558 excludit
1798 4519 1827 4558 a
1859 4502 2023 4573 primi
2053 4510 2163 4555 sta-

575 4577 666 4642 tus
709 4571 968 4625 felicitate
990 4613 1003 4635 ,
1053 4571 1185 4625 Καὶ(
1211 4574 1519 4642 ἀπροσδεὴς
1545 4574 1833 4642 --ὑπάρχων
1863 4571 1984 4638 τῆς
2032 4573 2161 4641 περὶ

573 4638 769 4708 τέχνας
800 4643 1194 4712 περιστατικῆς
1225 4638 1507 4713 ἐλεύθερος
1539 4640 1627 4715 ἦν.
1660 4638 1764 4700 Ubi
1800 4643 1942 4697 male
1975 4638 2157 4706 Picus,

969 4811 1211 4823 —_—

2253 563 2483 630 ἀλόγους
2516 565 2709 618 παθῶν
2739 565 2797 633 ἐξ
2829 566 3049 636 ἀπάτης
3094 566 3184 621 διὰ
3234 568 3581 639 φιληδονίαν’
3634 570 3669 638 ἢ
3716 572 3840 641 περὶ

2254 654 2445 724 λόγους
2471 657 2676 727 τεχνῶν
2703 659 2770 711 ὲκ
2806 659 3182 731 περιστάσεως
3209 661 3278 730 (δ)
3302 660 3393 715 διά
3443 662 3541 730 τὴν
3593 660 3789 731 χρείαν
3823 679 3839 695 ·

2254 746 2287 818 ἢ
2325 749 2454 818 περὶ
2483 751 2752 818 φυσικοὺς
2802 751 2999 819 λόγους
3028 754 3093 805 ὲκ
3127 753 3222 805 τοῦ
3271 754 3442 824 νόμου
3495 754 3595 824 τῆς
3626 754 3843 823 φύσεως

2254 839 2345 893 διὰ
2376 841 2615 911 μάθησιν
2644 859 2657 872 ·
2694 837 2769 896 ὧν
2807 844 2964 897 οὐδὲν
2992 844 3118 897 κατ’
3152 846 3329 915 ἀρχάς
3362 845 3671 915 ὲξανάγκης
3692 841 3841 898 εἷλκε

2256 932 2348 985 τὸν
2373 933 2471 987 ἄνθ
2482 952 2682 1004 ρωπον,
2722 935 2969 1000 εἰκότως,
3000 937 3255 1007 ὑπεράνω
3276 939 3497 991 πάντων
3521 939 3838 1008 γενόμενον.

2257 1024 2413 1079 Οὕτω
2430 1026 2538 1095 γὰρ
2559 1027 2793 1097 ἔπρεπεν
2820 1024 2959 1081 εἶναι
2980 1028 3073 1081 τὸν
3097 1030 3190 1083 ἀπ’
3215 1030 3410 1099 ἀρχῆς,
3434 1031 3623 1101 μηδενὶ
3646 1031 3839 1083 τοσὺνς

2255 1117 2377 1171 ολον
2409 1117 2825 1188 περισπώμενον
2871 1119 2980 1172 τῶν
3030 1122 3149 1189 μετ’
3183 1121 3378 1183 αὐτὸν,
3410 1122 3443 1192 ἢ
3485 1122 3613 1191 περὶ
3653 1121 3837 1183 αὐτὸν,

2258 1205 2291 1276 ἢ
2327 1207 2447 1260 κατ’
2479 1209 2660 1272 αὑτὸν,
2686 1209 2779 1263 καὶ
2821 1210 2957 1281 πρὸς
2989 1210 3271 1263 τελείωσιν
3301 1211 3423 1274 ἐνὸς
3461 1211 3627 1279 μόνου
3660 1228 3837 1280 προσ-

2257 1299 2509 1369 δεόμενον
2537 1341 2551 1363 ,
2580 1301 2680 1369 τῆς
2730 1300 2867 1373 πρὸς
2908 1301 3001 1356 τὸν
3045 1303 3189 1374 ὑπὲρ
3237 1303 3421 1369 αὐτὸν,
3457 1304 3601 1373 φημὶ
3643 1303 3700 1356 δὲ
3749 1302 3842 1356 τὸν

2257 1391 2426 1458 Θεὸν,
2453 1392 2575 1444 καθ’
2601 1393 2728 1464 ὃλην
2778 1393 2877 1465 την
2911 1394 3265 1468 ἀγαπητικὴν
3325 1394 3556 1467 δύναμιν
3609 1395 3842 1467 ἀσχέτου

2259 1484 2527 1555 κινήσεως

2333 1744 2406 1813 ιί.
2442 1744 2614 1802 Οὐδὲν
2652 1741 2799 1818 εἶχεν
2820 1749 2847 1801 ό
2880 1747 3099 1819 πρῶτος
3131 1731 3422 1818 ἄνθρωπος
3462 1746 3668 1816 μεταξὺ
3702 1745 3844 1800 Θεοῦ
3874 1743 3879 1747 ’

2258 1837 2353 1891 καὶ
2387 1840 2556 1893 αὑτοῦ
2597 1839 2872 1912 προσεωη
2883 1843 3043 1913 μένον
3066 1841 3205 1912 πρὸς
3233 1841 3463 1910 εἴδησιν,
3498 1841 3594 1894 καὶ
3628 1840 3842 1893 κωλύω

2258 1928 2357 1998 τῆν
2379 1927 2450 1982 δι’
2481 1929 2702 2001 ἀγάπης
2731 1929 3058 2001 αὐθαίρετον
3088 1929 3232 1997 κατὰ
3257 1930 3360 2000 τὴν
3392 1930 3530 2000 πρὸς
3568 1928 3702 1981 Θεὸν
3752 1929 3847 1982 κί-

2257 2035 2416 2090 νησιν
2439 2022 2815 2093 γενησομένην
2846 2021 3193 2091 συγγένειαν.
3241 2021 3487 2093 Ἀπαθὴς
3516 2022 3627 2092 γὰρ
3656 2021 3847 2092 χάριτι

2258 2109 2355 2177 ὢν,
2385 2112 2605 2183 ἀπάτην
2633 2113 2824 2167 παθῶν
2841 2113 3142 2183 φαντασίας
3167 2113 3237 2166 δι’
3255 2113 3447 2183 ἡδονῆς
3471 2113 3532 2165 οὐ
3558 2113 3844 2186 προσίετο⁶

2260 2205 2355 2259 καὶ
2416 2205 2724 2278 ἀπροσδεὴς
2758 2205 2927 2277 [male
2988 2205 3131 2258 edita
3187 2202 3476 2275 προσδεὴς]
3538 2203 3845 2275 ὑπάρχων,

2259 2296 2363 2367 τῆς
2414 2298 2545 2369 περὶ
2599 2298 2794 2367 τέχνας
2859 2297 3253 2369 περιστατικῆς
3314 2297 3559 2366 ἀνάγκης
3611 2297 3699 2350 διά
3743 2298 3848 2366 τὴν

2259 2387 2472 2458 χρείαν.
2536 2388 2825 2460 ἐλεύθερος
2880 2386 2991 2462 ἦν·
3026 2392 3123 2444 καὶ
3180 2391 3343 2460 σοφὸς
3416 2391 3511 2457 ῶν,
3577 2393 3676 2463 τῆς
3715 2392 3848 2464 περὶ

2259 2475 2362 2546 τὴν
2402 2477 2566 2546 φύσιν
2616 2477 2851 2549 θεωρίας
2904 2479 3165 2551 ὑπεράνω
3225 2479 3583 2552 καθειστήκει
3623 2480 3710 2533 διὰ
3744 2479 3848 2551 τὴν

2260 2584 2484 2638 γνωσιν.

2335 2746 2403 2821 ρ’.
2446 2749 2506 2803 '0
2543 2750 2723 2804 πᾶσαν
2767 2750 2909 2821 μετὰ
2961 2753 3155 2821 σοφίας
3200 2752 3299 2823 τὴν
3328 2754 3491 2825 φύσιν
3532 2755 3848 2823 ὑποστήσας

2261 2839 2416 2904 Θεὸς,
2453 2840 2548 2895 καὶ
2608 2842 2747 2912 πρὸς
2794 2842 2896 2913 τὴν
2940 2844 3173 2898 ἑκάστου
3224 2846 3336 2898 τῶν
3379 2846 3617 2914 λογικῶν
3645 2847 3849 2901 οὐσιῶν

2263 2931 2494 3002 δύναμιν
2519 2931 2619 3003 τὴν
2644 2931 2815 2987 αὑτοῦ
2849 2934 3056 3002 γνῶσιν
3112 2937 3360 3006 κρυφίως
3420 2938 3731 3009 ἐνθέμενος,
3764 2940 3850 2995 δὲ-

2263 3024 2406 3078 δωκε
2466 3027 2562 3079 καὶ
2611 3028 2749 3097 ἡμῖν
2807 3029 2921 3092 τοῖς
2976 3028 3309 3100 ἀνθρώποις,
3334 3031 3410 3094 ὡς
3468 3033 3850 3106 μεγαλόδωρος

2191 3163 2234 3222 c
2268 3120 2568 3190 Δεσπότης,
2609 3121 2750 3175 κατὰ
2807 3121 2969 3190 φύσιν
3012 3123 3105 3176 τὸν
3164 3124 3247 3186 είς
3305 3124 3467 3179 αὑτὸν
3528 3123 3696 3178 πόθον
3755 3128 3853 3180 καὶ

2269 3211 2467 3283 ἔρωτα,
2506 3213 2907 3281 συνεπιπλέξας
2939 3213 3087 3287 αὐτῷ
3131 3215 3376 3285 φυσικῶς
3404 3216 3501 3270 τοῦ
3546 3216 3709 3286 λόγου
3750 3218 3853 3289 τὴν

2267 3302 2499 3374 δύναμιν
2529 3320 2543 3336 ο
2588 3296 2738 3374 ἐφ’ᾧ
2765 3304 3061 3375 δυνηθῆναι
3108 3306 3249 3376 μετὰ
3297 3306 3580 3380 ραστὼνης
3643 3309 3851 3378 γνῶναι

2268 3396 2396 3457 τοὺς
2429 3395 2667 3466 τρόπους
2715 3395 2815 3466 τῆς
2854 3396 2949 3448 τοῦ
2996 3397 3163 3450 πόθου
3217 3398 3589 3469 πληρώσεως,
3622 3403 3717 3455 καὶ
3777 3403 3853 3476 μὴ

2269 3487 2723 3558 παρασφαλὲντας
2741 3489 3067 3560 διαμαρτεῖν
3092 3486 3154 3543 οἶ)
3203 3492 3387 3562 τυχεῖν
3442 3494 3848 3563 ἀγωνιζόμεθα.

2269 3581 2428 3635 Κατὰ
2451 3580 2641 3634 τοῦτον
2666 3576 2760 3634 οὖν
2789 3582 3100 3654 κινούμενοι
3127 3583 3216 3635 τὸν
3246 3584 3431 3648 πόθον,
3469 3585 3595 3656 περί
3636 3603 3698 3641 τε
3748 3589 3854 3659 τῆς

2266 3672 2532 3742 ἀληθείας
2565 3673 2760 3744 αὐτῆς,
2791 3674 3006 3746 καὶτῆς
3029 3676 3305 3739 εὐτάκτως
3342 3679 3454 3740 τοῖς
3473 3679 3616 3742 ὅλοις
3645 3682 3853 3750 ἐμφαι-

2267 3764 2501 3835 νομένης
2532 3764 2723 3834 σοφίας
2749 3782 2809 3816 τε
2828 3765 2917 3818 καὶ
2944 3764 3286 3835 διοικήσεως,
3316 3767 3497 3837 ζητεῖν
3519 3771 3849 3843 ἐναγόμεθα,

2264 3858 2474 3912 ἐκείνου
2501 3859 2685 3926 τυχεῖν
2716 3857 2807 3910 διά
2832 3856 3037 3911 τούτων
3068 3857 3378 3929 γλιχόμενοι
3403 3898 3419 3922 ,
3450 3852 3510 3912 οὗ
3560 3863 3721 3934 χάριν
3759 3866 3853 3918 τὸν

2264 3948 2430 4003 πόθον
2461 3947 2624 4001 ὲλάὸο
2631 3965 2750 4018 μεν.

2342 4062 2525 4128 Τέλος
2550 4062 2828 4132 Μαξίμου
2867 4060 2989 4116 τῶν
3014 4061 3189 4117 θείων
3216 4065 3583 4133 κεφαλαίων.

2268 4219 2381 4273 Καὶ
2419 4219 2688 4291 προσδεὴς
2722 4220 3006 4344 ὑπάρχων·
3024 4218 3112 4302 ,Εε
3142 4236 3260 4274 cum
3294 4231 3468 4292 egeret
3502 4238 3521 4275 :
3551 4237 3674 4304 qua:
3711 4222 3848 4303 ratio

2269 4298 2355 4344 est
2377 4304 2492 4344 non
2520 4290 2812 4344 absolvens
2840 4306 2869 4343 a
2933 4299 3135 4344 aruum
3162 4306 3315 4344 cura.
3342 4291 3436 4344 sed
3467 4302 3651 4344 DOHUS
3675 4308 3725 4344 ei
3756 4293 3844 4344 ad.

2269 4298 2355 4362 est
2377 4304 2492 4345 non
2520 4290 2812 4362 absolvens
2840 4290 2908 4344 ab
2921 4290 3135 4362 artium
3162 4290 3436 4362 cura,'sed
3467 4290 3651 4362 potius
3675 4292 3725 4346 ei
3756 4293 3844 4346 ad-

2270 4359 2481 4414 dicens.
2510 4360 2631 4430 Alia
2669 4360 2884 4430 pridem
2918 4359 2973 4413 in
3008 4360 3132 4415 aliis
3162 4376 3273 4416 non
3306 4359 3719 4417 bonis—Maximi
3766 4364 3848 4416 iu—

2272 4429 2612 4502 terpretibus
2634 4429 2767 4502 mihi
2790 4430 3067 4502 sugillata,
3092 4431 3258 4487 unius
3282 4431 3480 4486 littera:
3510 4447 3605 4486 seu
3632 4433 3852 4502 syllabae

2270 4500 2534 4571 elisione,
2568 4501 2802 4571 proclivi
2845 4500 3353 4571 lapsurfestinantis
3391 4517 3589 4557 manus
3623 4500 3851 4565 scribae,

2269 4570 2707 4654 decoquentibus
2746 4570 3117 4654 q_uod’_palam
3163 4571 3464 4654 Scriptura:
3502 4572 3852 4654 adversetur,

2269 4656 2335 4697 ac
2360 4641 2519 4713 cujus
2545 4641 2888 4697 contrarium
2919 4642 3154 4698 Maximo
3179 4641 3328 4698 serio
3354 4643 3674 4700 adnotetur.

613 4807 3838 4855 ==_____W==m

2034 4926 2393 4990 MONITUM
2438 5016 2453 5021 Γ

1115 5046 1197 5100 Ad
1226 5045 1447 5101 Maximi
1474 5045 1698 5102 ducenta
1732 5049 2092 5121 quadraginta
2127 5051 2231 5104 tria
2260 5053 2466 5122 capita,
2490 5066 2554 5106 ex
2583 5050 2822 5106 Romano
2851 5051 3102 5107 Vaticano
3129 5053 3319 5107 codice.

654 5244 811 5334 Sunt
850 5242 1002 5336 haec
1034 5245 1243 5336 capita
1275 5247 1756 5336 quadringentis
1803 5249 1883 5311 de
1912 5249 2235 5336 _chari_tate
2280 5254 2545 5336 omnino
2590 5254 2901 5336 proxima,
2964 5255 3030 5316 ni
3077 5261 3149 5336 et,
3187 5256 3473 5336 gemina,
3508 5274 3620 5321 seu
3667 5259 3854 5323 etiam

576 5324 1193 5418 ‘supe.riora._Eorum
1226 5324 1399 5418 idem
1434 5324 1780 5418 character,
1816 5329 1924 5408 qui
1968 5330 2344 5418 etillorum,
2378 5324 2723 5418 plurimum
2762 5324 3050 5397 laudatus
3084 5324 3310 5418 Photio
3352 5354 3367 5396 :
3410 5324 3856 5418 perspicuitas,

574 5401 784 5484 brevis
826 5404 1166 5484 sententia;
1215 5404 1405 5465 nullae
1456 5401 1774 5484 allegoriae

1822 5425 1835 5467 :
1884 5408 2096 5470 omnia
2143 5408 2486 5498 ejusmodi,
2519 5428 2665 5491 quae
2709 5430 3020 5476 summam
3066 5408 3484 5498 eruditionem
3529 5408 3673 5480 cum
3719 5408 3860 5498 pari

573 5480 811 5573 pietate
860 5482 1217 5573 redoleant,
1260 5492 1533 5573 vereque
1579 5480 1925 5573 maximum
1978 5480 2230 5550 morum
2281 5480 2687 5568 magistrum,
2728 5493 3593 5573 summumqueChristianae
3648 5480 3862 5558 omnis

574 5560 1221 5655 acaagetogftiinea
1273 5560 1679 5655 perfectionis
1705 5565 1945 5655 ducem
1984 5560 2560 5655 aoprzeceptorem
2605 5560 2879 5655 prodant
2920 5589 2933 5631 :
2976 5560 3149 5655 quod
3190 5572 3399 5655 ipsum
3430 5574 3630 5655 iambi
3675 5576 3858 5655 operi

575 5636 827 5718 praefixi
872 5636 952 5697 ab
1002 5636 1355 5716 antiquario
1400 5639 1745 5703 insinuant.
1784 5643 1991 5705 Prima
2029 5636 2236 5707 statim
2276 5636 2431 5710 voce
2468 5636 2936 5712 emendandum
2973 5636 3174 5726 subit,
3220 5636 3383 5714 'uod
3425 5652 3508 5714 ita
3546 5636 3853 5732 seripium

577 5721 832 5791 Ἔξεστι,
869 5729 943 5773 ac
989 5717 1428 5791 reponendum
1471 5727 1720 5780 Ἐπεστιο
1759 5736 1889 5781 non
1928 5722 2098 5783 enim
2146 5725 2450 5788 Maximus
2490 5726 2570 5787 de
2622 5745 2689 5790 re
2738 5729 3019 5791 louuitur
3054 5672 3453 5791 aumqiceat.
3494 5733 3608 5791 sed
3649 5736 3733 5791 de
3777 5750 3853 5791 eo

3144 5748 3197 5794 ω

577 5717 843 5811 Ἔξξξτξί
863 5717 1428 5811 ξσψιὶοροῃθηὲυζῃ
1471 5727 1720 5811 ’.επεστιο
1759 5722 2120 5811 ηραεηίω,
2146 5725 2689 5811 Maximus_d_e__re
2724 5729 3019 5811 loquitur
3054 5749 3142 5811 qu

570 5790 751 5874 quod
784 5790 1109 5853 incumbat
1137 5798 1198 5853 et
1228 5793 1418 5856 oﬂicii
1454 5795 1569 5870 sit,
1596 5796 1684 5859 sic
1720 5797 2062 5862 sollicitum
2101 5803 2238 5865 esse
2278 5822 2421 5867 cum
2455 5804 2657 5866 ﬁdelis
2687 5806 2794 5868 sis.

3259 5731 3453 5805 iceat,
3494 5733 3608 5794 sed
3649 5731 3733 5797 de
3777 5750 3856 5795 eo
