4110 6318
288 377 423 446 1393
462 318 473 331 ἱ

1278 389 1774 461 ΟυίΕΞΤῐΟΝΕΞ
1813 397 1912 456 AD
1952 397 1997 456 Τ
2002 397 2547 461 ΗΕΟΡΕἈΡΤΗΜ.

3415 398 3553 466 1394

1047 749 1859 892 ΜΑΞΙΜΟΥ
1959 758 2803 898 ΜΟΝΑΧΟΥ

1308 992 1490 1045 ΠΡΟΣ
1527 992 2008 1049 ΘΕΟΠΕΜΠΤΟΝ
2046 996 2538 1052 ΣΧΟΛΛΣΊἹΚΟΝ

294 1114 703 1207 Ἐρωτήσαντα
745 1124 876 1207 περὶ
924 1122 1034 1177 τοῦ
1072 1126 1293 1207 ,κριτοῦ
1346 1127 1465 1207 τῆς
1512 1128 1783 1207 ἀδικείαςο
1842 1131 1952 1207 καὶ
2003 1131 2143 1207 τοῦ,
2192 1149 2211 1182 ι
2242 1131 2444 1207 ςΕῴς-
2473 1132 2565 1198 τίς
2616 1134 2965 1207 σε’-ῥαπίσή
3027 1132 3124 1207 ἐπὶ
3184 1132 3299 1200 τὴν
3350 1132 3559 1198 δεξιὰν

597 1195 853 1263 σιαγόνα
878 1209 891 1224 ·
930 1213 949 1246 ι
990 1194 1089 1249 καὶ
1117 1196 1246 1262 τοῦ,
1290 1215 1308 1249 ι
1337 1194 1434 1264 Μή
1471 1216 1591 1268 μου
1620 1194 1838 1265 ἅπτου,
1885 1202 2047 1256 οὔπω
2081 1203 2191 1270 γὰρ
2224 1194 2567 1269 ἀναϐέϐηκα
2600 1194 2750 1271 πρὸξ
2778 1204 2888 1257 τὸν
2915 1194 3169 1273 Πατέρα.
3215 1223 3233 1254 υ

1063 1491 1778 1645 ΜΑΧΙΜΙ
1889 1493 2760 1651 MONACHI

1362 1781 1445 1823 ΔΙ)
1488 1778 1975 1825 THEOPEMPTUM
2020 1781 2499 1828 εοειοιιετιαωι

286 1905 409 1980 Qui
458 1911 801 2003 quaesierat
849 1912 927 2003 d_e
962 1912 1186 2003 judice
1235 1913 1603 2003 iniquitatis
1636 1916 1954 2003 ‘;__d_e_que
2005 1914 2146 2003 illo,
2220 1940 2249 1974 α
2284 1919 2345 1981 Si
2374 1935 2530 2003 qlltS_
2571 1917 2963 2003 percusserit
3008 1924 3067 1978 te
3116 1917 3189 2003 in
3230 1916 3556 2003 dexteram

526 1989 1001 2065 maxillam’n
1053 1989 1374 2073 itemque'
1409 1992 1545 2067 illo,
1596 2015 1624 2051 «
1683 1989 1971 2132 Nglit'me
2012 1989 2277 2104 tangere
2312 2019 2326 2059 :
2360 1989 2649 2060 n'oudu'm
2697 1996 2868 2059 enim
2932 1997 3192 2060 escendi
3241 1997 3319 2057 ad

1779 2088 1814 2132 a
1847 2089 1977 2132 rem
2039 2118 2054 2132 .
2085 2096 2114 2131 »

1779 2088 1977 2134 atrem
2012 2088 2054 2134 ⁸.
2085 2096 2114 2131 »

352 2353 455 2423 Ui;
501 2358 670 2429 Λόγος
723 2356 962 2434 ὑπάρχει
1017 2364 1081 2417 τὸ
1135 2365 1632 2437 προσκυνούμενον,
1657 2367 1909 2432 τούτοις,

1992 2380 1995 2383 ‘
2040 2367 2203 2440 635
2225 2367 2439 2435 Quibus
2458 2366 2700 2424 Verbum
2722 2382 2786 2423 ac
2815 2366 3009 2421 Sermo
3034 2377 3139 2431 est,
3159 2366 3305 2437 quod
3337 2365 3559 2432 colitur,

290 2452 383 2505 καὶ
418 2453 532 2523 βίος
572 2455 864 2526 ὲκφάντωρ
910 2456 1073 2524 λόγου
1129 2458 1190 2510 τὸ
1254 2458 1693 2530 κατορθούμενον
1723 2478 1736 2490 ·
1776 2460 1868 2514 ἴνα

289 2545 564 2613 σφραγῖδα
597 2545 852 2613 γνώσεως
881 2545 1117 2618 ἀληθοῦς
1139 2548 1239 2619 τὴν
1268 2554 1463 2620 πεῖραν
1494 2549 1749 2613 λαϐόντες
1769 2550 1871 2622 τῆς

289 2634 559 2705 πράξεως,
594 2637 838 2706 μάθωσιν
888 2639 981 2708 ἀφ’
1012 2634 1122 2704 ὧν,
1156 2640 1232 2704 ὡς
1278 2640 1460 2710 Θέμις,
1508 2641 1868 2707 πεπόνθασιν,

289 2725 411 2779 ὅσον
449 2727 544 2780 τοῦ
577 2729 632 2780 τί
658 2728 876 2787 εἰδέναι.
912 2729 1097 2800 μεῖζον
1130 2731 1190 2783 τὸ
1215 2730 1465 2799 γίνεσθαι
1498 2747 1512 2762 ⁸
1556 2732 1650 2784 καὶ
1680 2730 1870 2785 τούτου

294 2817 515 2886 μᾶλλον,
540 2818 602 2870 τὸ
630 2819 716 2870 ἀεὶ
736 2821 830 2872 καὶ
866 2820 1088 2890 μᾶλλον,
1122 2820 1227 2885 ἕως
1248 2819 1314 2874 ἂν
1340 2822 1525 2885 αὐτοῖς
1553 2824 1585 2891 ή
1619 2821 1753 2893 πρὸς
1778 2822 1873 2875 τὸν

291 2907 466 2960 αἴτιον
517 2908 842 2972 ἀδίστακτος
890 2911 1169 2975 οἰκείωσις
1193 2949 1209 2976 ,
1242 2911 1649 2983 κατορθωθείη,
1684 2912 1875 2967 στάσει

292 2998 393 3065 τὴν
421 2997 638 3067 κίνησιν
663 3014 728 3049 πε
738 2998 1084 3069 ριγράφουσα
1118 3000 1212 3053 καὶ
1242 3001 1476 3074 ἁτρεψέᾳ
1505 3001 1731 3073 γνώμης
1776 3002 1875 3074 τὴν

291 3084 480 3154 ἔφεσιν
506 3103 520 3117 ο
546 3082 631 3150 οἷς
680 3088 781 3141 καὶ
812 3090 846 3159 ἡ
883 3090 1023 3158 μετά
1053 3091 1217 3162 χάριν
1263 3092 1550 3156 ὲκθέωσις,
1590 3094 1742 3164 ἱερᾶς
1772 3093 1876 3163 τῆς

293 3178 433 3230 κατά
467 3176 615 3231 τόνδε
653 3180 747 3231 τὸν
771 3179 885 3249 βίον
913 3182 1008 3235 καὶ
1054 3182 1318 3247 θεοειδοῦς
1361 3184 1587 3252 ἀγωγῆς
1640 3184 1881 3238 ἔπαθλον

294 3269 632 3323 ἀντιδίδοται.
672 3271 815 3341 Πρὸς
863 3271 958 3336 οὒς
988 3274 1138 3343 μάλα
1169 3275 1350 3343 σοφῶς
1396 3276 1600 3339 καύτὸς
1631 3275 1877 3330 ἀπευθύ-

297 3377 402 3412 νων
431 3361 521 3413 τὸν
555 3361 688 3431 βίον,
717 3363 1055 3433 θεοφύλακτε
1084 3366 1348 3429 δέσποτα,
1375 3366 1558 3436 ζητεῖν
1585 3367 1786 3440 ἐπείγῃ
1814 3368 1876 3422 τδ

302 3453 439 3506 πᾶσι
501 3456 863 3525 προκείμενον
913 3456 981 3510 δι’
1010 3456 1347 3527 ἀγαθὸτητα,
1412 3459 1509 3512 καὶ
1552 3457 1761 3522 πάντας
1808 3460 1878 3513 δι’

296 3546 557 3616 ἀπειρίαν
612 3546 994 3618 διαδιδράσκον
1027 3564 1041 3580 ·
1097 3549 1158 3602 τὸ
1213 3550 1332 3620 μὲν,
1362 3550 1431 3604 ἶν’
1473 3550 1680 3625 ἑλκύσῃ
1739 3554 1879 3624 πρὸς

299 3636 480 3700 ἑαυτὸ,
511 3637 592 3707 τῷ
618 3640 888 3710 ἀμηχάνῳ
913 3640 1013 3711 τῆς
1041 3642 1380 3713 ὡραιότητος
1438 3642 1723 3711 κεντρίζον
1777 3644 1880 3713 τὴν

1974 2460 2042 2515 iis
2070 2474 2289 2528 quoque
2322 2457 2402 2513 sic
2435 2457 2548 2513 vita
2582 2456 2832 2511 instituta
2853 2463 2957 2519 est,
2980 2463 3043 2509 ut
3064 2471 3165 2509 suo
3197 2456 3309 2524 ipsa
3333 2468 3563 2508 munere

1972 2552 2130 2608 verbi
2154 2552 2535 2619 sermonisque
2556 2549 2830 2619 interpres
2857 2548 2960 2614 sit;
2991 2562 3101 2617 quo
3123 2546 3355 2610 scilicet,
3385 2545 3562 2615 ipsum

1973 2638 2210 2699 actionis
2257 2641 2436 2711 rcipsa
2472 2641 2799 2711 periculum,
2835 2655 2980 2693 vera:
3022 2638 3266 2693 scientiae
3306 2636 3563 2707 signacu-

1972 2736 2087 2791 lum
2116 2735 2285 2801 nacti,
2316 2750 2382 2788 ex
2407 2734 2475 2789 iis
2502 2748 2625 2804 quae
2653 2731 2797 2802 passi
2829 2731 2940 2786 sint
2964 2729 3146 2800 quoad
3176 2731 3328 2794 licet,
3362 2728 3567 2783 intelli-

1973 2834 2125 2898 gant,
2155 2832 2421 2896 quantum
2463 2831 2685 2894 praestet
2726 2824 3012 2893 majusque
3058 2820 3151 2884 sit,
3196 2821 3314 2874 ﬁeri
3357 2818 3565 2890 aliquid

1974 2934 2142 2990 quam
2183 2920 2362 2986 scire;
2407 2917 2572 2988 idque
2617 2917 2756 2971 adeo
2800 2915 2974 2985 magis
3020 2929 3239 2984 semper
3284 2913 3567 2983 magisque

1976 3008 2121 3075 ﬁeri,
2158 3008 2337 3063 donec
2373 3006 2612 3061 indivisa
2656 3020 2782 3061 cum
2828 3005 3067 3060 Auctore
3097 3001 3451 3058 necessitudo
3485 2999 3569 3056 eis

1977 3100 2277 3171 obtigerit,
2320 3098 2436 3170 ipsa
2488 3098 2675 3170 quiete
2720 3106 2931 3153 motum
2975 3094 3470 3158 circumscribens,
3512 3100 3571 3147 et

1978 3193 2101 3260 quae
2129 3188 2550 3244 invertibilitate
2578 3186 2748 3242 animi
2777 3185 3112 3242 desiderium
3149 3184 3303 3239 ﬁniat
3328 3201 3341 3237 :
3368 3182 3570 3254 quibus

1977 3283 2168 3344 etiam,
2197 3298 2321 3352 quae
2357 3281 2550 3351 gratiae
2576 3294 2762 3335 comes
2783 3287 2888 3343 est,
2918 3276 3195 3332 deiﬂcatio
3228 3274 3569 3340 conferatur,

1980 3389 2149 3431 sacra:
2175 3389 2239 3430 ac
2282 3372 2568 3428 deifo’rmis
2601 3370 2967 3426 institutionis
3000 3368 3131 3424 dum
3174 3369 3280 3423 hoc
3308 3366 3570 3423 saeculum

1979 3465 2238 3530 vertitur,
2264 3463 2510 3535 praamio.
2555 3464 2636 3519 Ex
2655 3463 2855 3518 horum
2887 3470 2944 3517 tu
2976 3477 3218 3533 quoque,
3243 3476 3270 3515 a
3302 3462 3414 3515 Deo
3441 3476 3573 3516 con-

1981 3565 2197 3612 servate
2236 3556 2483 3621 domine,
2517 3556 2732 3611 ratione
2761 3554 3042 3626 sapienter
3073 3554 3369 3609 admodum
3402 3552 3571 3609 vitam

1983 3647 2252 3716 dirigens,
2296 3645 2561 3700 desiderii
2608 3644 2811 3699 ardore
2851 3644 3073 3713 quaeris,
3116 3642 3286 3714 quod,
3318 3658 3384 3698 eo
3423 3643 3572 3714 quod

305 3728 491 3799 ἔφεσιν
516 3747 530 3761 ο
567 3730 627 3783 τὸ
663 3730 742 3795 δὲ,
778 3731 866 3784 ἱνα
913 3731 1193 3803 στομὼσῃ,
1222 3735 1289 3803 τῇ
1340 3733 1442 3802 τῆς
1502 3732 1880 3805 ὕπεραπείρου

1985 3736 2193 3789 bonum
2216 3735 2431 3789 cunctis
2452 3732 2762 3803 expositum
2785 3740 2869 3787 est
2894 3732 3151 3802 quodque
3170 3747 3239 3787 eo
3266 3733 3414 3802 quod
3444 3732 3571 3787 inti-

300 3821 644 3892 καταπλήξει
678 3824 773 3876 καὶ
798 3822 947 3886 θείας
976 3824 1255 3894 ὑπεροχῆς
1277 3824 1631 3894 περιστέλλον
1670 3826 1763 3878 τὸν
1789 3826 1876 3879 κό-

301 3931 415 3985 ρον,
454 3915 669 3986 ὕϐρεως
693 3916 823 3969 ὅντα
854 3916 1069 3986 πατέρα
1121 3917 1218 3970 καὶ
1263 3917 1564 3987 διαχύσεως
1610 3918 1880 3989 γέννημα,

298 4010 410 4070 τοῖς
460 4010 562 4079 τὴν
623 3998 885 4079 φλογίνην
924 4009 1204 4081 ῥομφαίαν
1257 4010 1319 4063 οὐ
1371 4009 1748 4081 προθεωροῦσι
1782 4013 1880 4065 σὺν

300 4102 414 4163 τοῖς
446 4101 728 4173 Χερουϐὶμ
754 4101 1097 4171 τεταγμένην
1121 4102 1215 4155 καὶ
1237 4103 1634 4173 στρεφομένην,
1662 4103 1761 4156 οὐκ
1787 4103 1879 4159 ἀλ-

300 4190 434 4254 λοις,
469 4193 501 4262 ἢ
543 4195 654 4256 τοῖς
681 4193 805 4263 δίχα
837 4192 1002 4258 φόϐον
1027 4192 1165 4263 πρὸς
1195 4194 1399 4265 ἀρετὴν
1426 4194 1875 4264 ἐπιστρέφουσιν·

302 4281 453 4335 ἐνθεν
486 4283 564 4354 τῷ
590 4284 815 4354 μεγέθει
847 4284 951 4354 τῆς
980 4284 1073 4336 ἐπὶ
1098 4284 1166 4338 τά
1192 4284 1332 4339 καλά
1365 4285 1651 4354 προκοπῆς
1680 4303 1880 4340 συνεπ-

300 4377 559 4429 εκτείνων
611 4376 675 4429 τὸ
725 4375 977 4446 μέτριον,
1019 4368 1063 4442 ᾧ
1092 4377 1185 4429 καὶ
1233 4376 1438 4446 μᾶλλον
1487 4376 1746 4443 ὲπαύξεις
1785 4381 1883 4432 σὺν

299 4466 576 4537 ἀσφαλείᾳ
619 4466 721 4537 τὴν
760 4468 989 4537 πρόοδον
1020 4485 1035 4500 ο
1063 4467 1305 4537 ἠξίωσας
1342 4467 1594 4539 ἀγνώτην
1642 4469 1771 4521 ὄντα
1813 4487 1881 4539 με

299 4557 393 4609 καὶ
445 4557 701 4610 ταπεινὸν
745 4557 1078 4625 ἐπιγνῶναι,
1108 4558 1176 4610 δι’
1200 4553 1262 4612 οὗ
1315 4560 1430 4621 τοῖς
1479 4559 1603 4612 κατ’
1641 4560 1813 4631 αὐτὴν
1847 4561 1880 4632 ἡ

301 4647 464 4716 φύσις
513 4649 715 4721 τρόπου
766 4650 1094 4721 παρείχετο·
1150 4651 1294 4721 φημὶ
1339 4649 1431 4712 δὲ.
1468 4650 1561 4705 τοῦ
1621 4652 1883 4723 γράμμα-

302 4753 396 4801 τος
429 4755 443 4769 ο
479 4739 508 4793 ὃ
562 4739 720 4808 λόγος
772 4740 1118 4803 συνδεκτικὺς
1170 4740 1280 4793 τῶν
1325 4740 1577 4796 ἀπόντων
1621 4743 1883 4807 enimat

302 4832 412 4885 τῶν
442 4834 505 4887 οὐ
553 4833 899 4904 βλεπομένων
939 4834 1329 4905 ἐμφανιστικός
1370 4851 1385 4866 ’
1418 4835 1674 4891 τοσοῦτον
1700 4837 1882 4908 νοήσει

300 4928 634 4995 παραδιδοὺς
685 4928 782 4981 καὶ
845 4927 1135 4981 συνάπτων
1172 4927 1266 4981 τὸν
1308 4926 1449 4991 τέως
1510 4928 1765 4999 αἰσθήσει
1806 4929 1881 5000 μὴ

299 5020 727 5116 γνωριζόμενον,
756 5021 899 5116 ὅσον-
919 5019 1010 5074 διὰ
1031 5017 1241 5116 rdiis-qq
1266 5019 1442 5116 αύτὸς-
1471 5021 1876 5116 χαᾼραττόμενος
1892 5038 1949 5116 ‘c

301 5113 607 5182 παχύνεται
647 5110 1072 5182 σωματούμενος
1099 5126 1115 5142 ο
1151 5104 1196 5178 ᾧ
1255 5110 1350 5164 καὶ
1390 5109 1491 5182 τὴν
1539 5110 1679 5183 ἐμὴν
1734 5113 1884 5168 οὐδέ-

1984 3826 2185 3892 nilum,
2214 3824 2353 3895 fugit
2380 3838 2575 3879 omnes
2606 3840 2620 3876 :
2652 3821 2887 3876 alterum
2922 3821 3164 3891 quidem,
3193 3830 3256 3875 ut
3280 3817 3346 3874 ad
3375 3836 3433 3874 se
3459 3830 3574 3875 tra-

1983 3919 2099 3985 hat,
2139 3918 2410 3972 immenso
2434 3914 2635 3971 decore
2669 3912 3029 3983 cupiditatem
3066 3912 3450 3978 exstimulans;
3491 3912 3573 3966 al-

1985 4022 2164 4069 terum
2187 4028 2341 4079 vero,
2368 4018 2430 4067 ut
2456 4008 2616 4082 quasi
2641 4009 2825 4075 duret,
2853 4022 3018 4078 supra
3044 4021 3210 4077 quam
3252 4004 3479 4059 inﬁnitae
3510 4004 3573 4058 il-

1984 4105 2091 4161 lius
2126 4105 2435 4175 divinaeque
2477 4102 2817 4159 excellentiae,
2859 4108 3082 4171 stupore
3124 4097 3403 4153 fastidium
3458 4115 3574 4153 am-

1984 4206 2185 4269 putans
2238 4203 2402 4265 atque
2450 4192 2747 4258 inhibens,
2818 4205 2929 4261 quo
2980 4188 3223 4260 proclive
3273 4187 3573 4259 spretionis

1985 4286 2185 4359 injuria
2233 4295 2339 4351 est,
2388 4293 2444 4341 et
2477 4284 2624 4354 quod
2674 4283 2856 4353 ipsum
2906 4279 3219 4336 diﬂusiouis
3256 4280 3441 4350 proles
3473 4295 3573 4335 ex-

1983 4378 2161 4441 sistat,
2198 4377 2304 4441 his,
2333 4376 2430 4447 qui
2459 4382 2743 4431 extentum
2786 4372 2954 4429 sociis
2988 4370 3288 4428 Cherubim
3331 4386 3397 4426 ac
3430 4371 3573 4426 voli-

1987 4476 2191 4523 tantem
2214 4484 2322 4521 non
2352 4465 2656 4536 prmvident
2679 4464 2991 4521 ﬂammeum
3028 4462 3272 4535 gladium
3304 4460 3361 4529 ‘;
3390 4477 3573 4532 neque

1983 4561 2107 4616 aliis
2132 4575 2294 4631 quam
2321 4557 2415 4629 qui
2437 4557 2556 4612 sine
2577 4566 2727 4611 metu
2752 4570 2857 4611 nec
2877 4555 2971 4610 illo
2995 4554 3195 4610 comite
3222 4554 3289 4609 ad
3310 4553 3572 4609 virtutem

1983 4659 2404 4709 convertuntur.
2458 4649 2600 4704 Hine
2646 4649 2812 4721 636
2860 4647 3122 4702 nimirum
3171 4645 3398 4716 paribus
3445 4663 3572 4702 cum

1984 4744 2204 4801 honesti
2230 4743 2481 4815 profectu
2511 4740 2711 4806 modis,
2738 4740 2974 4795 modesti
3000 4738 3170 4794 animi
3198 4753 3425 4794 sensum
3447 4752 3583 4809 pro?

1982 4838 2187 4902 ferens,
2220 4851 2331 4907 quo
2351 4842 2409 4889 et
2428 4833 2609 4890 omnis
2644 4847 2877 4889 securus
2897 4831 3153 4903 periculi,
3174 4832 3436 4902 majorem
3455 4829 3574 4884 fm-

1984 4939 2132 4985 ctum
2157 4928 2320 4994 facis;
2352 4935 2413 4982 ut
2431 4934 2490 4982 et
2518 4926 2690 4997 ignoti
2719 4925 2828 4979 mei
2869 4934 3035 4994 atque
3067 4923 3293 4978 humilis
3320 4922 3574 4977 notitiam

1984 5020 2388 5079 conciliandam
2438 5033 2607 5089 opera
2651 5016 2945 5085 studioque
2995 5015 3306 5084 putaveris,
3355 5028 3467 5083 quo
3518 5013 3574 5067 id

1985 5113 2171 5179 modo,
2213 5127 2391 5181 exque
2434 5109 2552 5165 suis
2578 5108 2905 5172 rationibus,
2940 5115 3137 5161 natura
3181 5105 3443 5171 indulsit;
3476 5122 3577 5175 per

301 5219 452 5257 νειαν
478 5205 558 5266 εις
583 5202 748 5257 πόθον
777 5203 983 5275 ήγαγες
1010 5201 1102 5256 τὸν
1125 5200 1390 5273 ὑμέτερον
1432 5202 1596 5255 πλέον
1615 5243 1630 5267 ,
1754 5204 1884 5259 θέαν

1983 5207 2198 5261 litteras
2233 5204 2444 5259 scilicet
2475 5215 2539 5256 ac
2577 5198 2871 5270 epistolas;
2905 5197 3025 5267 ejus
3056 5196 3314 5250 nimirum
3357 5194 3575 5265 generis

300 5294 406 5364 τὴν
432 5294 641 5348 οἰκείαν
673 5293 985 5365 ἁσωμάτως
1022 5294 1362 5365 κεκίνηκας)
1402 5295 1688 5366 προδείξας
1721 5297 1885 5351 αὐτὸν

1985 5312 2264 5361 sermone,
2302 5295 2396 5366 qui
2444 5295 2603 5365 longe
2635 5292 2892 5346 absentes
2937 5288 3074 5343 alios
3119 5286 3240 5341 aliis
3285 5287 3459 5349 uniat,
3509 5301 3575 5341 ac

305 5384 395 5437 ἐπ’
419 5386 624 5455 ἀμφοῖν
647 5384 1029 5455 τούτοινοιχειν
1062 5385 1263 5457 μᾶλλον
1290 5385 1352 5438 τὸ
1377 5383 1494 5441 ἴσον
1530 5388 1660 5458 περὶ
1681 5388 1772 5442 τὸν
1794 5390 1885 5442 λόο-

1990 5405 2273 5459 nunquam
2319 5403 2385 5441 ex
2421 5385 2559 5440 facie
2600 5383 2771 5447 visos,
2822 5378 3142 5434 manifestos
3186 5376 3379 5430 reddat
3409 5393 3425 5428 :
3453 5366 3599 5430 tan?

302 5491 423 5542 γον,
460 5475 496 5535 ἢ
527 5476 652 5529 ὅσον
678 5476 855 5547 ἕτεροι
886 5477 1017 5547 περὶ
1046 5476 1106 5529 σὲ
1127 5476 1228 5547 τὴν
1248 5474 1343 5529 τοῦ
1368 5475 1530 5545 λόγου
1557 5476 1717 5550 χάριν
1733 5483 1886 5551 παρά

1994 5490 2110 5535 tum
2159 5478 2422 5533 nimirum
2459 5473 2662 5530 mentis
2707 5467 3068 5540 intelligentia
3114 5464 3364 5538 praebens
3390 5480 3456 5520 ac
3480 5464 3577 5521 do-

306 5574 433 5631 τοὺς
451 5565 644 5631 ἄλλους
662 5567 1063 5639 προτερήματα
1091 5570 1106 5590 ⁶
1128 5586 1143 5600 ·
1178 5564 1260 5633 οἷς
1295 5568 1383 5623 διά
1412 5569 1528 5641 βίου
1571 5572 1887 5644 κοσμούμεοο

1994 5571 2264 5635 vinciens,
2290 5569 2385 5640 qui
2412 5566 2649 5623 necdum
2673 5576 2839 5620 sensu
2874 5558 3132 5625 innotuit,
3160 5566 3426 5628 quantum
3457 5557 3576 5629 ipse

1406 5682 1428 5715 '
1453 5681 1609 5740 Joan.
1646 5699 1736 5752 xx,
1760 5685 1851 5743 27.
1927 5687 1950 5721 ⁸
1978 5688 2115 5745 Gen.
2147 5701 2226 5753 tu,
2258 5684 2349 5740 ‘24.

384 5802 402 5823 ‘
432 5798 615 5855 Locus
637 5796 928 5866 obscurus,
956 5813 1022 5855 ac
1048 5797 1190 5856 forte
1221 5797 1538 5856 mendosus.

380 5681 397 5714 ¹
427 5679 562 5736 Luc.
595 5696 747 5744 xwu,
776 5680 829 5736 6.
904 5683 925 5714 ’
957 5679 1093 5738 Luc.
1128 5698 1206 5750 vr,
1237 5680 1326 5738 29.
