4110 6318
627 381 767 453 1395
1776 387 1836 447 s.
1879 367 2164 472 iii-AXIMI
2203 386 2250 446 ci

2206 373 2710 448 CONFESSORTS
3711 388 3826 456 i396

626 479 878 566 per’e'um
901 475 978 565 (id
999 501 1084 549 est
1111 491 1357 564 sensum)
1389 503 1647 551 exaratos
1679 489 1958 552 crassatur
1976 511 2205 566 corpore
2239 519 2249 558 ι

2239 503 2279 558 Α
2309 511 2418 558 νος,
2440 496 2558 558 πῶς
2586 513 2716 550 ποτε
2749 497 2850 569 τὴν
2878 496 3015 568 ἐμὴν
3067 491 3427 569 ἀμϐλυωπίαν
3461 497 3594 570 πρὸς
3640 499 3832 572 θεωρίαν

626 582 982 645 convestitus.
1009 585 1130 653 Quo
1162 595 1218 641 et
1250 602 1524 652 sermone,
1561 589 1616 642 in
1647 589 1726 642 tui
1772 590 1948 659 majus
1988 588 2208 643 deside-

2309 587 2526 655 ὲνάγειν
2555 587 2916 652 ὲσπούδασας,
2960 589 3120 658 ἱερῶν
3153 591 3247 643 καὶ
3278 589 3450 643 ταῦτα
3478 580 3837 660 λόγων,καὶῶνέ

626 663 1005 758 τίοηιηᾷηροιη
1048 677 1372 733 tenuitatem
1400 687 1456 732 et
1483 679 1630 749 quod
1677 679 1907 750 exiguus
1953 687 2008 733 et
2052 679 2210 735 nihili

2312 682 2346 750 ἡ
2373 681 2647 746 ὲπίϐασις,
2684 684 2932 754 κρεῖττον
2979 682 3012 753 ἢ
3057 683 3200 738 κατά
3245 681 3550 754 ἄνθρωπον,
3579 685 3664 738 τὸν
3709 674 3836 739 οὕπιιέ

624 783 769 828 sum,
805 751 1046 833 traxisti,
1093 768 1182 823 cui
1230 769 1550 838 incorporea
1599 769 1811 824 ratione
1854 771 1930 824 tui
1972 770 2087 840 ipse
2120 785 2211 826 as-

2312 773 2530 836 τελείως
2569 774 2669 827 ὑπε
2680 774 2988 845 ραναόἀντα
3011 775 3106 847 τὴν
3134 775 3241 829 τῶν
3269 777 3515 831 ἀστάτων
3539 776 3627 829 καὶ
3655 769 3837 833 διαστα-’

623 853 844 929 peetuni
876 859 1331 930 praesentiamque
1375 857 1754 930 suscitaveris;
1793 863 2088 918 ostendens
2120 862 2208 918 ni-

2313 863 2424 917 τῶν
2451 863 2612 933 φύσιν
2646 867 2739 919 καὶ
2769 866 2985 934 γένεσιν
3013 882 3028 897 ⁸
3071 869 3144 938 μὴ
3191 868 3274 920 ὅτι
3303 867 3355 935 γ’
3392 868 3516 938 ἐμοὶ
3543 867 3617 938 τῷ
3657 871 3830 940 φορυτῷ

623 949 826 1005 mirum
863 959 1099 1020 utroque
1145 952 1318 1021 magis
1362 960 1413 1006 te
1459 961 1703 1019 nactum,
1754 955 2034 1010 sermonis
2072 955 2205 1020 ritu,

2313 952 2520 1007 τούτων
2595 955 2860 1020 ἑκουσίως
2927 957 3378 1026 συμφυρομένῳί,
3445 959 3541 1010 καὶ
3598 957 3829 1026 σκώληκος

621 1026 1024 1114 aequalitatem;
1071 1059 1235 1112 quam
1269 1053 1363 1100 tuo
1409 1045 1500 1100 alii
1547 1046 1819 1101 sermonis
1860 1048 2114 1118 gratiam,
2147 1057 2211 1102 ut

2208 1066 2211 1100 ;
2315 1045 2472 1115 δίκην
2527 1049 2593 1117 τῇ
2648 1046 2811 1118 σήψει
2850 1047 2959 1101 τῶν
2988 1048 3316 1120 ἀκαθάρτων
3361 1048 3739 1119 καλινδουμένῳ
3759 1051 3831 1102 καί

621 1126 856 1204 reliquis
882 1135 1200 1204 praecellant
1225 1153 1238 1188 :
1264 1135 1466 1205 quibus
1493 1152 1590 1206 per
1620 1137 1788 1192 vitam
1820 1145 2068 1204 ornatus,
2100 1155 2211 1208 quo

2208 1166 2211 1184 .
2315 1135 2560 1207 ἡδομένῳ
2588 1135 2961 1207 παθῶν.ῐιλὴν
2985 1137 3084 1208 τῆς
3110 1137 3424 1200 εὐπειθείας
3452 1137 3628 1208 χάριν,
3655 1138 3831 1207 καὶτῆς

621 1239 870 1294 unquam
915 1227 1077 1281 modo
1112 1219 1435 1298 caligantem
1467 1237 1704 1283 mentem
1745 1245 1920 1285 meam
1965 1230 2032 1284 ad
2077 1245 2210 1284 con-

2208 1261 2210 1270 ι
2318 1228 2588 1299 ὑμετέρας
2613 1229 2839 1300 ἀγάπης
2869 1228 3058 1300 τιμὴν,
3090 1230 3198 1282 τῶν
3245 1229 3386 1300 ὑπὲρ
3419 1229 3578 1294 ἀξίαν
3617 1227 3831 1283 κατατολ-

622 1313 1044 1383 templationem
1073 1315 1457 1382 inducendam,
1491 1317 1590 1370 tibi
1619 1317 1736 1387 ipse
1766 1332 1946 1388 Operm
1973 1318 2210 1388 pretium

2321 1320 2458 1390 μῶν,
2494 1321 2680 1376 ἐκεῖνά
2724 1335 2866 1392 φημι
2906 1321 3036 1391 περὶ
3077 1313 3154 1374 ὢν
3203 1319 3528 1373 ἐκελεύσατε
3557 1336 3571 1352 ⁸
3602 1316 3833 1388 στοχαστι-

620 1401 854 1486 duxisti,
901 1404 1067 1476 idque
1113 1415 1396 1460 sacrarum
1441 1407 1709 1476 ejusmodi
1761 1423 2103 1475 sermonum,
2149 1425 2212 1464 ac

1542 1407 1709 1461 smodi
1761 1423 2103 1475 sermonum,
2149 1425 2212 1464 ac
2318 1410 2453 1476 κῶς,
2493 1412 2607 1466 ἀλλ’
2631 1413 2730 1466 οὐκ
2756 1413 3165 1482 ἀποφαντικῶς.

623 1494 865 1564 quorum
911 1493 1204 1563 assecutio,
1251 1513 1414 1568 quam
1461 1514 1564 1568 pro
1593 1501 1712 1570 ejus
1743 1499 2004 1556 facultate
2050 1502 2302 1572 superior
2324 1504 2558 1570 exsistit,
2608 1507 2703 1575 qui
2743 1503 2979 1560 necdum
3029 1505 3272 1576 perfecte
3323 1497 3655 1560 instabilium
3691 1508 3835 1558 rerum

626 1603 691 1643 ne
713 1587 1066 1673 dividuaruni
1089 1585 1341 1646 naturam
1399 1599 1692 1663 ortumque
1752 1594 2290 1664 superavit;nedum
2328 1614 2427 1669 pro
2477 1613 2617 1663 mea,
2663 1599 2758 1668 qui
2791 1599 2988 1653 horum
3037 1606 3234 1669 sponte
3274 1597 3510 1654 colluvie
3539 1597 3764 1658 miscear,
3791 1604 3838 1647 ac

631 1670 840 1738 vermis
880 1672 1082 1766 inStar‘,
1111 1682 1166 1738 in
1200 1683 1609 1740 immundorum
1640 1683 1768 1740 tabo
1799 1685 2096 1742 affectuum
2120 1689 2339 1744 voluter
2396 1697 2460 1744 ac
2481 1689 2730 1745 delicier.
2763 1681 3060 1746 Enimvero
3123 1689 3451 1760 obsequenti
3523 1687 3711 1752 animo,
3732 1689 3840 1741 etut

630 1782 829 1829 vestrae
855 1767 1136 1829 dilectioni
1169 1773 1436 1829 honorem
1465 1775 1720 1838 habeam,
1769 1777 1976 1848 majora
2025 1779 2310 1850 aggredior
2332 1797 2494 1852 quam
2520 1796 2619 1851 pro
2647 1781 2767 1836 mea
2799 1781 3078 1848 facultate,
3130 1792 3191 1838 ut
3249 1781 3319 1837 de
3361 1781 3565 1852 quibus
3617 1779 3841 1852 jussistis,

631 1867 843 1932 dicam;
891 1865 946 1921 id
978 1855 1110 1921 vero
1148 1853 1492 1939 conjectura,
1530 1883 1638 1920 non
1669 1868 1827 1937 quasi
1874 1869 1990 1938 ipse
2025 1870 2317 1927 decernam
2347 1883 2410 1929 ac
2437 1874 2765 1929 sententiam
2795 1872 2990 1928 feram.~

700 1957 950 2014 Judicem
1002 1957 1312 2027 iniquitatis
1369 1960 1426 2012 in
1470 1957 1797 2028 Evangelio,
1849 1958 2083 2030 ﬁgurato
2131 1961 2213 2016 lo-
2253 1971 2293 2025 Β

2253 1971 2293 2025 Β
2391 1960 2601 2034 Κ-ριτὴν
2661 1962 2874 2026 ἀδικίας
2930 1964 2988 2016 ἐν
3039 1962 3116 2032 τῷ
3144 1961 3462 2031 Εὐαγγελίφ
3506 1949 3839 2030 παραεολικῶς

629 2048 836 2118 quendi
872 2053 1072 2119 genere
1109 2056 1164 2102 et
1202 2065 1301 2118 per
1342 2048 1790 2116 similitudinem,
1835 2059 2074 2106 mentem
2118 2067 2217 2107 no-

2214 2085 2217 2093 ι
2319 2055 2585 2123 ὑπάρχειν
2614 2055 2708 2107 καὶ
2744 2051 3024 2121 λέγεσθαι,
3051 2053 3143 2106 τὸν
3165 2052 3434 2123 ἡμέτερον
3458 2051 3724 2119 λογισμὸν,
3757 2050 3837 2118 tip-

630 2147 799 2197 stram
818 2138 1112 2211 significari
1142 2140 1381 2194 arbitror
1409 2155 1473 2194 ac
1500 2142 1828 2211 nuncupari,
1857 2143 2003 2211 quod
2045 2144 2214 2198 nimi-

2314 2145 2480 2216 χῆθεν
2509 2148 2574 2200 ἐκ
2607 2145 2970 2217 παραϐάσεως
2996 2144 3183 2198 ἄδικον
3241 2142 3614 2213 πεποιημένον
3633 2142 3720 2214 τὴν
3743 2139 3838 2211 κρί-

629 2246 756 2286 rum
787 2233 899 2302 jam
934 2232 1054 2300 ipso
1087 2230 1245 2284 initio
1277 2231 1730 2300 transgressionis
1765 2240 1920 2286 reatu
1964 2231 2216 2302 iniquum

625 2321 896 2394 judicium
923 2321 1147 2387 fecerit;
1173 2322 1376 2392 quippe
1398 2321 1716 2377 Conditoris
1744 2321 1824 2376 illi
1851 2330 2038 2392 spreto
2063 2320 2217 2379 man-

629 2418 782 2484 dato,
818 2409 1267 2488 corruptorisquc
1295 2417 1508 2472 delecto
1531 2416 1761 2472 consilio
1789 2417 1901 2488 quo
1926 2416 2132 2472 factum
2158 2418 2216 2474 ut

629 2502 850 2566 terrena
877 2512 996 2565 esse
1025 2511 1184 2580 longe
1210 2508 1531 2578 praetulerit,
1555 2521 1715 2578 quam
1746 2499 1806 2563 ut
1829 2517 1975 2564 esset
2006 2509 2219 2564 divina:

631 2619 738 2674 que
763 2602 1042 2676 evaderet.-
1074 2602 1204 2673 Ejus
1237 2600 1536 2665 civitatem,
1565 2601 1789 2654 s‘enSum
1827 2600 2093 2670 intelligo,
2121 2609 2216 2656 aut

635 2677 903 2749 mundum
926 2695 1102 2749 oculis
1131 2693 1462 2763 subjectum,
1491 2691 1548 2745 in
1578 2689 1782 2760 quibus
1810 2691 2054 2747 dementi
2084 2707 2216 2746 con»

633 2784 760 2841 silio
803 2783 1036 2838 libidine
1087 2781 1507 2850 conquiescens,
1553 2780 1894 2836 habitatione
1952 2778 2217 2852 certoque

633 2868 918 2931 domicilio
943 2873 1242 2929 ineolatum
1283 2873 1545 2939 mutavit;
1575 2887 1756 2943 neque
1788 2873 1962 2928 Deum
1992 2874 2218 2940 timens,

631 2959 814 3038 neque
837 2980 968 3022 vero
990 2956 1268 3032 eumdem,
1297 2961 1473 3021 nestri
1498 2979 1663 3022 causa
1686 2965 1966 3022 hominem
1987 2966 2218 3034 factum;

635 3057 930 3123 reverens;
965 3044 1200 3111 alterum
1233 3054 1455 3125 quidem
1483 3070 1596 3125 prae
1626 3055 1902 3110 dementia
1930 3071 1993 3110 ac
2025 3071 2218 3126 super-

635 3135 764 3217 bia;
787 3149 1018 3203 alterum
1044 3155 1249 3214 autem,
1278 3161 1388 3218 pra:
1416 3146 1770 3216 contemptu;
1794 3131 1955 3219 637
1981 3141 2215 3218 quarum

2317 3147 2602 3218 κριμάτων
2629 3147 2689 3200 τὸ
2726 3143 2955 3216 μέγεθος
2983 3159 2996 3175 °
3035 3146 3130 3199 xu“.
3178 3143 3378 3214 ταυτην
3408 3144 3511 3197 οὐκ
3539 3139 3841 3213 εἰργομένηνς

635 3241 729 3296 illa
761 3228 1061 3315 '(dementia
1095 3239 1306 3294 scilicet
1352 3248 1408 3293 et
1449 3237 1730 3309 superbia)
1776 3253 1887 3293 non
1921 3240 2218 3308 prrevideat
2247 3305 2258 3315 Α

2247 3303 2282 3315 ,,
2318 3241 2384 3312 ἢν
2435 3238 2576 3303 τέως
2601 3240 2633 3311 ἡ
2660 3237 2972 3309 χρηστότης
3021 3237 3402 3307 προσμένουσα
3451 3237 3551 3306 τὴν
3580 3229 3847 3303 μεταϐολὴν

633 3303 1068 3403 magnitudinem
1104 3329 1468 3402 judiciorum;
1501 3303 1593 3386 hic
1636 3303 1822 3384 autem
1854 3303 1939 3399 (id
1969 3341 2053 3386 eSt
2075 3347 2210 3387 con-
2242 3306 2256 3359 ⁴

2242 3303 2285 3361 (⁵
2319 3303 2788 3400 agminatim
2835 3303 3108 3399 βάέφωωί·
3137 3303 3223 3391 αῖς
3270 3327 3460 3381 ἑαυτὸν
3501 3303 3735 3387 αὐθαδῶς
3766 3338 3844 3372 πελ

625 3410 899 3494 temptas)
950 3429 1115 3492 quam
1171 3423 1439 3479 hactenus
1498 3421 1806 3493 benignitas
1855 3425 2215 3481 mutationem

2322 3409 2588 3498 pténupe,
2712 3423 2971 3492 δεδομένῃ
3007 3421 3158 3492 παρά
3189 3420 3284 3474 τοῦ
3325 3421 3624 3481 κτίσαντος
3647 3419 3719 3479 εἰς
3747 3413 3842 3479 ἑξά-

621 3508 978 3584 ¹θιςροοιοηε,
1010 3513 1252 3580 cohibet,
1295 3511 1700 3568 districtionem
1735 3520 2063 3586 pcenamque
2107 3527 2216 3573 non

2320 3523 2474 3570 νυσιν
2522 3515 2633 3568 τῶν
2689 3513 3040 3583 καθηκόντων
3081 3511 3412 3581 αὑτεξουσίῳ
3465 3514 3594 3582 τιμῇ
3625 3507 3760 3576 παρὰ
3792 3502 3838 3554 τὸ

635 3600 848 3661 avertat
875 3623 886 3659 :
915 3605 1117 3675 quibus
1149 3614 1354 3662 temere
1389 3606 1786 3678 procaciusque
1816 3621 1936 3663 sese
1965 3608 2218 3674 inseruit,

2322 3609 2440 3662 δέον
2474 3600 2930 3678 ἀποχρησάμενος
2957 3621 2973 3639 ο
3023 3605 3117 3658 καὶ
3157 3605 3250 3658 τοῦ
3287 3603 3582 3673 νοουμένου
3623 3600 3678 3656 τὸ
3712 3593 3849 3665 φανὲν

637 3693 898 3753 concessa
926 3696 1004 3752 illi
1033 3697 1101 3752 ab
1132 3698 1394 3764 Auctore,
1430 3697 1497 3752 ad
1527 3711 1594 3754 ea
1623 3699 1930 3768 praestanda
1959 3698 2081 3769 quae
2108 3698 2225 3754 otii-

2040 3714 2081 3754 ξε
2108 3698 2225 3754 oili-
2325 3694 2528 3768 ἀγαθὸν
2556 3698 2768 3770 κρίνας,
2797 3697 2826 3750 δ
2859 3697 2936 3769 μὴ
2970 3695 3130 3766 Θέμις
3163 3691 3255 3767 ἦν,
3288 3693 3663 3765 αἱρετώτερον.

630 3791 707 3848 “cii
734 3780 938 3858 essent,
970 3792 1282 3862 praetcrjus
1313 3806 1476 3847 omne
1504 3799 1768 3863 extraque
1797 3776 2057 3858 cilicium,
2083 3789 2296 3846 arbitrii
2351 3788 2528 3847 abusa
2556 3790 2856 3861 dignitate;
2931 3787 3192 3858 quodque
3248 3786 3399 3842 dictu
3434 3784 3610 3848 nefas,
3642 3773 3850 3836 cumba“-

629 3887 769 3960 ‘num
790 3877 1092 3959 apparens,
1127 3882 1180 3938 ei
1207 3881 1356 3953 quod
1386 3882 1588 3937 mentis
1614 3883 1775 3937 oculo
1809 3877 2110 3953 percipitur
2135 3895 2375 3952 vereque
2405 3888 2509 3945 est,
2536 3877 2948 3951 praeoptandam
2980 3877 3249 3933 duxisset.—

705 3959 938 4030 Viduain
973 3973 1159 4029 autem
1203 3973 1672 4044 interpellantem,
1705 3973 1941 4030 animam
1973 3960 2220 4029 uteritem

2391 3973 2582 4043 Χήραν
2606 3971 2664 4025 δὲ
2696 3967 3012 4041 διοχλοῦσαν
3029 4009 3043 4032 ,
3067 3969 3165 4040 τὴν
3195 3966 3421 4038 λογικὴν
3471 3965 3671 4036 ψυχὴν,
3698 3963 3778 4016 ἀτε
3800 3959 3849 4028 δὴ

634 4062 883 4132 ratione;
917 4066 1122 4136 quippe
1151 4080 1275 4136 quae
1301 4065 1370 4120 ad
1399 4065 1716 4120 sanctorum
1736 4061 1806 4121 ac
1831 4065 2216 4136 religiosorum

2322 4056 2459 4134 πρὸς
2476 4054 2859 4138 ,καρπογονίαν
2886 4061 3049 4132 ἱερῶν
3080 4061 3173 4114 καὶ
3200 4057 3365 4113 ὖσίων
3391 4053 3575 4129 ἔργων
3606 4057 3699 4110 οὐκ
3723 4053 3847 4122 {xcv-'-

628 4149 866 4228 operum
889 4157 1134 4213 edendos
1162 4156 1396 4222 fruetus,
1441 4157 1675 4222 ratione,
1701 4171 1822 4226 qua:
1844 4171 1945 4227 per
1965 4164 2217 4211 naturam

2322 4172 2420 4211 σαν
2445 4141 2537 4209 τὸν
2565 4153 2633 4208 τὰ
2659 4154 2798 4208 καλὰ
2833 4153 2973 4208 κατὰ
3004 4152 3165 4229 φύσιν
3195 4151 3490 4223 σπείροντα
3535 4150 3703 4219 λόγονς
3728 4143 3847 4211 Mm

2318 2251 2402 2289 σιν
2435 2251 2450 2268 ·
2485 2235 2561 2298 ὡς
2587 2235 2686 2306 τὴν
2706 2228 2806 2288 τοῦ
2841 2231 3142 2297 κτίσαντος
3172 2233 3273 2304 μὲν
3309 2233 3372 2286 οὒ
3410 2233 3693 2303 δεξάμενον
3717 2234 3835 2285 ὲντσ·

2314 2325 2413 2396 λήν
2445 2342 2458 2356 ·
2484 2326 2584 2398 τὴν
2609 2325 2666 2379 δὲ
2698 2325 2792 2380 τοῦ
2825 2325 3140 2396 φθείροντος
3169 2326 3422 2396 ἑλόμενον
3458 2323 3773 2394 συμϐουλήν·
3796 2319 3842 2383 ἐξ»

2314 2411 2375 2472 οὗ
2406 2417 2500 2471 καὶ
2521 2416 2582 2470 τὸ
2612 2416 2795 2487 χοῖκδς
2823 2412 2985 2484 εἶναι,
3010 2415 3104 2471 τοῦ
3134 2413 3296 2482 εἶναι,
3332 2417 3428 2470 καὶ
3453 2415 3551 2469 τοῦ
3573 2415 3702 2478 θεῖος
3724 2412 3840 2480 γενὲέ

2317 2507 2439 2562 σθαι
2459 2507 2714 2580 πάμπολυ
2743 2509 3098 2580 προετίμησε.
3121 2508 3277 2561 Πόλιν
3315 2507 3373 2562 δὲ
3397 2502 3538 2561 εἶναι
3568 2504 3843 2570 τούτον,τὴν

2315 2601 2591 2670 αἴσθησιν,
2625 2601 2658 2674 ἢ
2694 2600 2786 2654 τὸν
2843 2599 3118 2671 ὁρώμενον
3183 2597 3385 2670 κόσμον
3415 2615 3428 2628 ·
3457 2593 3546 2662 οἷς
3570 2596 3840 2668 παραλόγως

2315 2691 2458 2747 κατὰ
2493 2690 2677 2761 σχέσιν
2732 2691 3243 2759 ὲπάναπαυόμενος,
3291 2689 3392 2758 τῆς
3443 2689 3716 2750 κατοικίας
3766 2683 3842 2753 τὴν

2317 2785 2611 2854 παροικίαν
2635 2778 2904 2854 ἠλλάξατο
2939 2798 2952 2811 ·
2995 2784 3132 2852 μήτε
3167 2781 3297 2834 Θεὸν
3341 2780 3690 2850 φοϐούμενος,
3734 2777 3839 2848 μήτε

2321 2875 2426 2946 μὴν
2461 2875 2746 2944 ἄνθρωπον
2775 2874 2866 2926 τὸν
2892 2873 3055 2927 αὐτὸν
3108 2872 3478 2942 γεγενημένον
3509 2872 3576 2925 δι’
3602 2871 3733 2939 ἡμᾶς
3774 2868 3841 2920 ὲν·

2315 2965 2650 3036 τρεπόμενος
2671 2979 2685 2996 '
2718 2965 2781 3019 τὸ
2812 2965 2934 3033 μὲνς
2964 2964 3054 3019 διὰ
3079 2962 3177 3034 ⁸τὴν
3203 2962 3396 3018 ἄνοιαν
3417 2979 3431 2993 ·
3460 2961 3529 3016 τὸ
3563 2961 3634 3028 δὲ,
3661 2960 3736 3012 διὰ
3767 2956 3845 3025 τὴν

2317 3060 2720 3128 καταφρόνησιν
2744 3064 2761 3086 ⁸·
2795 3055 3012 3126 ἐκείνην
3063 3059 3126 3108 τε
3173 3054 3247 3125 μὴ
3306 3053 3708 3125 προορωμένην
3753 3047 3840 3100 τῶν

629 4237 781 4306 bona
803 4246 1055 4312 seminet,
1084 4245 1438 4305 destituatur.
1466 4247 1596 4315 Quae
1611 4247 1898 4329 (videlicet
1923 4249 2083 4320 ratio)
2106 4264 2214 4304 una

2317 4250 2385 4320 τῇ
2423 4246 2559 4319 πρὸς
2621 4245 2792 4318 αὐτὴν
2831 4245 2985 4317 όλικῇ
3026 4243 3202 4316 ταύτῃ
3261 4247 3462 4328 στοργῇ
3511 4243 3604 4297 καὶ
3654 4236 3848 4294 διαθέσει

632 4328 744 4399 hac
785 4343 938 4398 totali
989 4342 1259 4412 plenaque
1301 4341 1356 4396 in
1387 4342 1564 4412 ipsam
1599 4328 1909 4396 dilectionis
1953 4340 2006 4395 vi
2051 4351 2216 4411 atque

2319 4339 2691 4411 κρατούμενον
2723 4335 2740 4371 δ
2773 4337 2887 4392 ἀλλ’
2917 4339 2976 4392 οὐ
3013 4336 3388 4409 προσμένοντα
3421 4335 3515 4389 sua
3541 4336 3636 4405 τὴν
3661 4330 3848 4387 ἁπόνευὶ

637 4433 837 4490 ati'eetu
883 4433 1164 4500 teneatiir;
1197 4428 1300 4488 nec
1341 4441 1524 4488 tamen
1569 4432 1651 4488 illi
1697 4432 1916 4488 assidua
1961 4427 2213 4497 maneat,

2324 4431 2429 4496 σιν,
2455 4432 2550 4485 καὶ
2569 4431 2669 4500 τὴν
2699 4423 3020 4500 αὐθαίρετον
3052 4429 3190 4500 πρὸς
3228 4429 3296 4482 τὰ
3325 4428 3451 4498 τῇδε
3492 4427 3682 4496 ῥοπήν.

639 4523 845 4583 idcirco
865 4521 1129 4579 nimirum
1149 4518 1296 4595 quod
1318 4523 1434 4579 haec
1460 4523 1538 4578 illi
1563 4530 1848 4580 assensum
1875 4522 2090 4586 abnuit,
2129 4520 2424 4593 liberaeque
2448 4521 2750 4577 "voluntatis
2770 4520 3150 4576 incitationem
3191 4519 3258 4574 ad
3287 4529 3505 4575 terrena
3531 4513 3794 4572 convertit.

713 4631 848 4708 Ejus
876 4632 1256 4692 adversarium
1290 4635 1507 4708 (nempe
1539 4635 1756 4707 animae)
1789 4635 2004 4691 miserae
2035 4633 2219 4690 carnis
2251 4637 2294 4694 D

638 4722 919 4782 terrenum
947 4722 1060 4780 tum
1084 4736 1315 4792 motum,
1341 4734 1458 4802 tum
1501 4736 1722 4781 senSum
1757 4724 2214 4795 prudentiamque

636 4817 870 4888 accipio,
895 4833 1006 4888 quo
1027 4813 1225 4873 divinae
1249 4819 1305 4873 in
1331 4819 1492 4876 nobis
1515 4817 1770 4888 imaginis
1791 4819 2018 4888 ejusque
2039 4817 2215 4887 digni-

640 4910 768 4965 tatis
797 4909 1265 4979 pulchritudinem
1309 4911 1576 4980 poliuere,
1621 4917 1786 4979 atque
1829 4909 2065 4963 nitorem
2112 4909 2215 4963 ob-

639 5016 904 5074 scurare,
930 5001 1154 5056 student
1193 5001 1391 5072 impuri
1427 5001 1735 5066 daemones;
1773 5007 1888 5055 tum
1930 4998 2212 5065 nimirum,

640 5107 766 5146 cum
831 5092 994 5147 nobis
1041 5087 1270 5148 libidine
1329 5091 1838 5157 succumbentibus,
1899 5091 2214 5162 turpissima

640 5180 773 5236 vitia
794 5182 1197 5252 probrosOsque
1218 5181 1449 5236 allectus
1469 5180 1588 5236 dire
1610 5181 1915 5236 immittunt
1939 5199 1952 5235 :
1978 5189 2214 5252 quorum

640 5280 797 5326 reatu
826 5272 1031 5327 indicta
1060 5280 1271 5327 naturae
1297 5281 1353 5328 et
1382 5272 1576 5328 mortis
1603 5273 1900 5338 damnatio,
1931 5281 2057 5327 eum
2085 5271 2214 5339 vita,

2407 4625 2702 4687 Ἀντίδικον
2757 4632 2813 4685 δὲ
2879 4630 3106 4702 ταύτης,
3139 4629 3284 4700 φημὶ
3331 4628 3430 4698 τῆς
3483 4624 3681 4696 ψυχῆς,
3706 4615 3850 4682 τὸτῆς

2317 4723 2580 4795 δυστήνου
2613 4723 2814 4796 σαρκὸς
2841 4721 3028 4776 ἔνυλον
3057 4721 3266 4792 κίνημά
3293 4737 3354 4773 τε
3384 4719 3480 4773 καὶ
3505 4717 3750 4788 φρόνημα.
3769 4750 3780 4771 .
3801 4704 3848 4759 δι’

2316 4807 2378 4870 οὗ
2407 4816 2506 4886 τῆς
2560 4817 2618 4869 ὲν
2662 4808 2796 4885 ἡμῖν
2829 4804 2980 4876 θείας
3023 4811 3232 4874 εἰκόνος
3277 4810 3372 4886 καὶ
3420 4804 3519 4862 τοῦ
3555 4809 3673 4860 κατ’
3713 4797 3848 4864 αὐτὴν

2317 4906 2645 4976 ἀξιώματοςφ
2666 4891 2726 4959 τό
2753 4921 2811 4958 τε
2839 4904 3034 4967 κάλλος
3075 4900 3472 4971 καταμολῠνειν
3512 4895 3850 4958 σπουδάζουσιν

2321 5000 2416 5054 καὶ
2465 4994 2526 5051 τὸ
2575 4996 2794 5066 διαυγὲς
2839 4993 3125 5066 ἀμαυροῦν
3168 4993 3219 5046 οἱ
3261 4991 3566 5060 ἀκάθαρτοι
3617 4987 3851 5055 δαίμονες,

2321 5089 2580 5159 ὁπηνίκα,
2613 5086 2683 5140 δι’
2743 5085 2938 5158 ήδονῆς
2992 5081 3415 5148 ὑποπίπτουσιν,
3476 5077 3852 5148 ἑπεισφρήσωπ

2320 5179 2511 5242 δεινῶς
2562 5180 2694 5248 ἡμῖν
2726 5179 2795 5231 τά
2833 5175 2935 5247 τῆς
2970 5175 3198 5246 ἀτιμίας
3244 5175 3409 5244 αἴσχη
3449 5174 3548 5227 καὶ
3603 5169 3740 5238 πάθη
3768 5183 3781 5195 ·
3804 5161 3854 5214 δῖ’

2322 5269 2358 5325 ἀ
2381 5272 2476 5324 καὶ
2523 5271 2555 5322 ό
2609 5269 2842 5332 θάνατος
2888 5266 3188 5339 κατεκρίθη
3221 5265 3319 5336 τῆς
3354 5265 3593 5335 φύσεως,
3623 5261 3718 5331 οὐχ
3761 5256 3855 5309 ἑλολ

2325 5361 2493 5433 μένης
2521 5362 2580 5415 τὸ
2612 5361 2867 5432 ἀπαρχῆς
2904 5359 3006 5430 τῆς
3055 5359 3226 5422 ὅντως
3260 5356 3674 5427 κατατρυφῆσαι
3717 5348 3853 5423 ζωῆςς

2400 5453 2831 5522 ’Υπωπιασμοὺς
2875 5452 2932 5504 δὲ
2989 5451 3117 5514 τοὺς
3157 5451 3223 5502 ὲκ
3250 5449 3352 5519 τῆς
3381 5447 3732 5517 συνειδήσεως
3763 5433 3856 5522 μεθ’

2322 5543 2727 5617 ὑποφωνήσεώς
2779 5561 2923 5604 τινος
2968 5541 3417 5614 παρακλητικοϋς
3465 5521 3859 5605 αἱκισμοὺς.οἷς

2323 5634 2759 5705 προτεινομένοις
2811 5634 2876 5687 ὲκ
2919 5632 3021 5702 τῆς
3073 5631 3285 5702 ψυχῆς,
3320 5629 3500 5701 ἡρέμα
3542 5643 3658 5688 πως
3699 5617 3856 5675 είωθεν

2322 5728 2673 5796 κάμπτεσθαι
2699 5727 2760 5780 τὸ
2784 5724 3071 5798 αὐστηρόν·
3089 5723 3183 5778 τοῦ
3219 5721 3500 5794 λογισμοῦ,
3531 5720 3624 5773 καὶ
3655 5715 3778 5786 πρὸς

2334 5819 2473 5874 καλά
2501 5819 2592 5874 διὰ
2624 5820 2723 5892 τὴν
2745 5796 3115 5892 χρονιωτέραν
3162 5817 3278 5884 ἕξιν
3324 5814 3673 5874 ἀνύπεικτον,
3697 5803 3754 5859 οὐ
3781 5796 3854 5868 φέ-

633 5355 766 5432 ’qua:
787 5380 915 5419 vere
936 5371 1040 5428 est,
1059 5363 1135 5417 ab
1161 5363 1319 5418 initio
1343 5363 1448 5417 frui
1473 5363 1760 5418 noluisset.

715 5454 1106 5524 Sugillationes
1122 5454 1313 5510 autem
1355 5455 1631 5520 existimo,
1674 5443 2023 5510 conscientiae
2055 5453 2224 5508 tacito

633 5533 884 5613 'quodam
931 5547 1171 5602 clamare
1214 5546 1558 5622 adhortantis
1604 5547 1864 5611 verbera,
1917 5545 2120 5615 quibus
2153 5559 2221 5599 ex

634 5623 829 5688 "anima
853 5624 1344 5704 proﬁciscentibus,
1363 5639 1540 5708 iisque
1562 5638 1638 5692 illi
1659 5636 2218 5701 increbrescentibus,

639 5711 911 5794 'paulatim
957 5727 1355 5796 quodammodo
1392 5729 1594 5785 inﬂecti
1643 5744 1708 5783 ac
1754 5729 2042 5782 mitescere
2092 5742 2223 5781 con-

637 5805 830 5873 ﬁuevit
856 5817 1056 5873 mentis
1087 5818 1405 5888 austeritas,
1433 5821 1627 5892 visque
1666 5819 1760 5875 illa
1789 5819 1856 5875 ad
1883 5835 1946 5874 ea
1973 5835 2094 5890 qua:
2126 5819 2226 5875 ho-
