4110 6318
389 296 531 386 ιοοτ.
1367 319 1858 395 ΟΠΑΞΒἸἹΟΝΕΞ
1894 324 1996 383 AD
2033 318 2622 385 TBEOPEMPTUM.
3491 322 3625 387 1393

391 449 577 510 Ροντος
610 433 1028 506 ἑνδομυχοῦσαν,
1057 435 1152 488 καὶ
1192 428 1305 490 οἷον
1351 437 1667 501 αἰκίζουσάν
1703 455 1762 490 τε
1797 454 1953 491 συνε-

2080 444 2209 494 ιοεῑο
2235 446 2362 493 sunt
2389 450 2453 492 ac
2478 435 2642 492 oﬂicil
2673 434 3017 501 obduratior,
3042 448 3163 505 qua:
3194 450 3260 490 ex
3287 434 3635 489 diuturniora

390 530 502 601 χῶς
531 527 623 582 καὶ
641 526 956 597 διοχλοῦσαν
986 527 1083 598 τὴν
1109 527 1338 598 βάσανον
1369 545 1380 557 ·
1407 528 1510 590 ἕως
1549 528 1857 599 λυμῄνηται
1886 527 1954 581 τὰ

2080 527 2248 582 tabitu
2274 526 2531 593 inolevit;
2576 525 2705 581 dum
2746 524 2839 579 illa
2868 525 3018 580 intus
3054 524 3231 579 latens
3269 538 3334 578 ac
3376 523 3635 578 continuo

390 622 490 691 τὴν
538 618 718 690 ψυχὴν
761 619 1135 690 λυμαινόμενα
1171 619 1342 688 πάθη,
1379 621 1445 674 δι’
1478 621 1830 690 ἐγκρατείας,
1861 620 1957 673 καὶ

2080 620 2209 675 νεῖυι
2239 620 2520 690 ﬂagellans
2566 618 2936 689 ingruensque
2974 616 3260 671 molestius
3302 624 3635 670 tormentum

389 712 488 781 τῆς
517 710 654 781 πρὸς
693 710 777 763 τάν
797 710 932 779 μέλη
961 712 1061 779 τῆς
1095 713 1296 783 σαρκὸς
1327 713 1574 767 ἑκουσίου
1610 713 1952 784 νεκρὼσεως.

392 798 525 857 Εἶτα
562 802 657 865 καὶ
683 803 820 874 πρὸς
842 804 1161 873 ἀγχιστείαν
1190 804 1356 857 αὑτοῦ
1384 804 1477 858 τοῦ
1507 805 1665 874 λόγου
1698 805 1766 859 δι’
1800 807 1958 859 εὐσε-

388 893 567 958 ϐείας,
604 895 699 950 καὶ
731 895 830 967 τῆς
860 895 989 966 περὶ
1035 895 1102 948 τὰ
1136 895 1370 968 κρείττω
1397 896 1732 968 τελεωτέρας
1761 897 1960 967 ἀγάγοι

392 990 634 1061 σπουδῆς
658 1007 675 1023 ⁸
704 987 786 1054 οἷς
815 992 1065 1060 φυσικῶς
1098 991 1536 1063 ὲνεργουμένοις,
1568 991 1633 1044 τὰ
1655 991 1833 1044 οἰκεία
1866 989 1962 1042 καὶ

394 1082 640 1154 πατρικὰ
672 1084 1054 1154 παραϐάλλων,
1093 1087 1122 1138 ὁ
1149 1085 1290 1155 ὑπὲρ
1316 1084 1501 1138 οὑσίαν
1527 1083 1620 1137 καὶ
1644 1082 1811 1151 φύσιν
1829 1081 1963 1145 Θεὸς

397 1176 603 1248 Κύριος
660 1177 818 1246 ἡμῶν
859 1176 1070 1246 Ἰησοῦς
1112 1175 1367 1246 Χριστὸς,
1414 1177 1475 1228 Ὃ
1501 1173 1557 1227 δὲ
1584 1174 1730 1240 Θεὸς
1760 1174 1833 1227 οὐ
1873 1171 1961 1242 μὴ

311 1307 315 1310 .
397 1267 653 1337 ποιήσῃ,
680 1267 839 1338 φησὶ,
877 1267 993 1335 τὴν
1024 1266 1344 1333 ἐκδίκησιν
1365 1263 1547 1335 ὑμῶν,
1577 1264 1643 1317 δι’
1675 1262 1810 1333 ἐμοῦ
1836 1278 1968 1333 σαρ-

399 1360 684 1424 κωθέντος,
709 1361 804 1414 καὶ⁹
835 1359 931 1431 τὴν
954 1359 1048 1412 τοῦ
1069 1357 1400 1430 καθαιρέτου
1422 1358 1519 1427 τῆς
1547 1356 1763 1426 φύσεως
1783 1371 1968 1409 ποιου-

400 1452 563 1522 μένου
605 1450 930 1522 καθαίρεσιν
956 1467 974 1516 ;

2056 707 2205 764 ferre
2232 723 2341 763 non
2367 716 2548 779 potest
2573 725 2586 761 :
2613 706 2857 777 quandiu
2886 705 3147 760 nimirum
3174 706 3402 760 aﬂ'ectus
3425 720 3488 760 ac
3512 705 3638 759 libi-

2065 799 2244 866 dines,
2284 801 2519 854 animam
2553 799 2988 869 pessumdantes,
3017 813 3116 869 per
3150 797 3541 853 continentiam
3575 811 3639 851 ac

2065 901 2260 961 sponte
2288 899 2620 961 assumptam
2659 889 3032 945 membrorum
3060 888 3241 943 carnis
3264 887 3641 942 mortiﬁcatio—

2062 997 2227 1047 nem,
2275 997 2386 1036 non
2431 974 2896 1051 pessumdederit;
2943 978 3251 1048 exindeque
3301 977 3368 1032 ad
3414 975 3642 1032 rationis

2066 1076 2241 1147 ipsius
2262 1075 2747 1140 necessitudinem,
2765 1073 2986 1144 pietatis
3012 1073 3163 1128 cultu
3195 1070 3642 1142 diligentiorique

2065 1180 2232 1236 opera
2255 1180 2382 1237 erga
2402 1181 2464 1221 ea
2491 1180 2612 1235 quae
2631 1164 2853 1219 virtutis
2873 1171 3021 1226 sunt,
3044 1160 3357 1233 provexerit
3383 1178 3394 1213 :
3416 1158 3640 1230 quibus,

2066 1257 2196 1312 dum
2228 1257 2310 1312 sic
2334 1264 2530 1311 natura
2560 1264 2908 1326 praestantur,
2935 1268 3032 1309 sua
3062 1262 3399 1324 paternaque
3430 1250 3645 1306 assimi-

2066 1347 2208 1412 lans,
2236 1347 2332 1417 qui
2373 1346 2609 1402 essentia
2654 1353 2955 1415 naturaque
2983 1346 3128 1400 Deus
3150 1344 3420 1399 Dominus
3460 1351 3645 1397 noster

2065 1439 2226 1497 Iesus
2250 1439 2508 1496 Christus
2533 1439 2785 1509 superior
2811 1449 2915 1504 est,
2943 1437 3101 1503 Deus,
3130 1437 3328 1507 inquit,
3354 1436 3520 1507 638
3540 1448 3646 1486 non

399 1539 734 1609 frrciet'oestri
755 1533 1601 1606 vindictnm':.permescilieet,
1628 1533 1724 1604 qui
1777 1544 2003 1588 carnem
2038 1528 2452 1600 assumpserim,
2520 1536 2577 1585 et
2616 1528 2713 1599 qui
2752 1544 2878 1583 cum
2916 1528 3218 1593 destruam,
3261 1527 3353 1598 qui
3392 1535 3643 1582 naturam

399 1627 692 1684 destruxit.

470 1716 630 1771 Οὕτω
658 1717 761 1786 μὲν
783 1713 879 1770 οὖν
899 1718 969 1771 τὰ
1003 1718 1127 1788 περὶ
1156 1716 1348 1771 τούτου
1381 1714 1655 1786 διεξῆλθον
1686 1713 1964 1784 ὲπιτὸμως

2134 1709 2337 1780 Sicque
2383 1710 2521 1766 adeo
2562 1727 2684 1782 quae
2727 1711 2837 1766 huc
2884 1718 3132 1780 spectant
3177 1710 3282 1766 sub
3322 1709 3648 1780 compendio

400 1805 532 1875 ἐγὼ,
575 1806 700 1860 καθ’
724 1807 848 1861 ὅσον
896 1807 958 1861 τὺ
1001 1805 1284 1879 ἐγχωροῦν
1349 1808 1453 1878 τῆς
1488 1806 1727 1870 διανοίας
1770 1805 1970 1877 μέτρον

403 1899 713 1969 ἐπήρκεσεν
746 1915 761 1931 ο
787 1900 836 1952 εί
859 1901 953 1955 καὶ
980 1900 1158 1964 ἄλλως
1191 1900 1344 1955 ἄλλοι
1371 1898 1463 1954 τὸν
1498 1898 1664 1952 τόπον
1698 1896 1969 1967 κατανοή-

405 2006 597 2053 σαντες
626 2008 640 2022 ·
670 1991 722 2044 οἱ
776 1991 876 2060 μὲν
930 1993 1011 2055 εις
1047 1992 1286 2064 Χριστόν
1318 2008 1332 2023 ·
1358 1991 1409 2045 οἱ
1447 1990 1504 2045 δὲ
1534 1988 1861 2061 τοὺμπαλιν,
1892 1990 1972 2051 είς

403 2080 496 2133 τδν
537 2080 910 2151 Ἀντίκριστον
955 2080 1296 2152 ἑξειλήφασι.
1330 2083 1460 2145 Δέος
1513 2080 1572 2134 δέ
1605 2097 1698 2150 μοι
1737 2080 1902 2145 νοεῖν,
1935 2078 1969 2149 ἢ

404 2167 587 2238 λέγειν
629 2171 868 2242 ἑκάτερα
898 2187 912 2202 ·
952 2172 1019 2227 τὸν
1069 2174 1190 2244 μὲν,
1218 2172 1297 2238 ῶς
1349 2171 1682 2242 ἀσύγκριτον
1712 2188 1729 2201 π
1756 2170 1818 2224 οὑ
1865 2169 1975 2242 γὰρ

408 2258 579 2328 μείων
638 2260 739 2331 μὲν
788 2260 919 2315 Υἱοό
947 2278 962 2293 ’
998 2262 1203 2333 μείζων
1252 2263 1311 2318 δὲ
1337 2261 1575 2332 Πατρδς,
1605 2262 1635 2333 ἡ
1669 2260 1972 2328 ἐκδίκησις⁶

403 2348 446 2421 ἢ
481 2350 546 2402 δι’
576 2351 764 2418 ἄλλου,
792 2354 888 2407 καὶ
928 2353 1063 2425 ἄλλη
1111 2353 1175 2408 τὸ
1225 2354 1466 2421 σύνολον,
1503 2352 1643 2423 πλὴν
1678 2349 1772 2404 τοῦ
1822 2348 1973 2403 Υίοῦ.

411 2441 522 2494 Καὶ
558 2440 676 2506 πῶς
708 2442 801 2496 ἐπὶ
828 2443 926 2511 τῆς
964 2444 1136 2514 αὐτῆς
1171 2446 1539 2518 συγκριτικῶς
1586 2459 1738 2514 φησι,
1773 2443 1867 2504 τὸ,
1916 2442 1978 2496 '0

411 2530 481 2585 δὲ
503 2532 667 2598 Θεὸς,
690 2533 875 2603 φησὶν,
916 2538 988 2590 οὐ
1019 2539 1262 2603 ποιήσει
1289 2537 1405 2606 τὴν
1430 2536 1748 2605 ἐκδίκησιν
1770 2535 1979 2606 ὑμῶνὶ

407 2622 487 2675 οὑ
524 2621 637 2694 γὰρ
666 2622 776 2695 ἔχει
822 2624 1007 2697 χώραν
1031 2643 1043 2657 ·
1081 2623 1401 2698 ἣδιάφορος
1439 2627 1658 2691 πάντως
1695 2626 1978 2699 δειχθήσεο

412 2730 541 2779 ται,
585 2715 679 2769 καὶ
733 2717 870 2784 μετὰ
915 2717 1014 2789 τῆς
1051 2719 1264 2788 φύσεως
1309 2720 1369 2773 οὑ
1414 2719 1720 2791 δυναμένης
1760 2719 1821 2772 τὸ
1864 2714 1981 2772 ἴσον

413 2805 548 2878 δρᾷν
571 2821 584 2836 ·
611 2807 702 2861 καὶ
729 2806 817 2862 διὰ
846 2808 1003 2863 τοῦτο
1051 2809 1236 2864 λοιπὸν
1254 2849 1269 2875 ,
1294 2810 1354 2865 οὑ
1391 2809 1833 2882 συντασσομένης
1864 2825 1878 2839 ο
1911 2810 1984 2864 εί·

414 2895 738 2968 κονιζοὺσης
767 2898 824 2952 δὲ
854 2899 1037 2970 μόνον,
1059 2901 1144 2964 ιὼς
1171 2900 1580 2972 ὑπερκειμένην
1599 2941 1616 2967 ,
1644 2901 1746 2971 τὴν
1780 2898 1983 2970 ὑπερέ-

412 3002 640 3057 ⁴χουσαν.
661 2987 733 3042 Τὸ
753 2988 831 3053 δὲ,
861 2989 939 3055 ὡς
965 2990 1286 3045 ἀνέκδεκτον
1321 2991 1417 3045 καὶ
1454 2992 1755 3069 ἀμήχανον,
1783 2991 1845 3046 τὸ
1881 3009 1984 3045 κα-

416 3077 507 3131 λὸν
555 3080 729 3134 ποιεῖν
770 3081 861 3134 τὸν
890 3082 1091 3146 κακίας
1135 3082 1361 3155 εὑρετὴν
1386 3084 1482 3138 καὶ
1511 3084 1831 3139 διδάσκαλον
1860 3100 1876 3114 ’
1901 3085 1985 3138 οὐ

415 3169 526 3240 γὰρ
558 3170 830 3236 δύναται,
858 3175 1013 3245 φησὶ,
1041 3172 1294 3244 δένδρον
1327 3175 1566 3244 σαπρὸν
1587 3175 1854 3246 καρποὺς
1881 3192 1985 3230 κα-

408 3261 569 3327 ιῖοὺς
632 3264 862 3317 ποιεῖν·
894 3265 1058 3319 καλὸν
1108 3265 1165 3319 δὲ
1208 3266 1240 3339 ἡ
1297 3265 1598 3338 ἐκδίκησις,
1630 3266 1725 3322 καὶ
1766 3265 1827 3321 τὸ
1885 3266 1987 3335 τὴν

408 3349 640 3424 ὓχλησιν
668 3355 1025 3423 ἀφοσιοῦσθαι
1054 3356 1284 3421 δεόντως
1321 3356 1416 3412 τοῦ
1465 3357 1939 3429 προσπελάζοντος
1967 3374 1983 3389 θ

418 3442 454 3514 ἢ
480 3445 653 3516 τούτῳ
678 3447 1119 3518 παραϐάλλεσθαι
1152 3449 1336 3520 τυχὸν,
1354 3448 1385 3502 ὃ
1411 3449 1485 3520 μὴ
1514 3448 1675 3520 θέμις
1694 3492 1708 3516 ,
1742 3447 1832 3501 τὸν
1872 3449 1989 3511 lla.-

419 3535 573 3608 τέρα,
605 3537 699 3591 καὶ
727 3537 906 3610 πάσης
934 3540 1137 3612 ἀρετῆς
1164 3541 1259 3595 καὶ
1291 3539 1438 3612 ζωῆς
1462 3539 1697 3611 χορηγὸν
1726 3537 1787 3604 ἐξ
1823 3539 1987 3605 Υίοῦ,

421 3629 514 3683 καὶ
548 3626 725 3683 ταῦτα
774 3629 1099 3700 μονογενοῦς
1123 3670 1138 3695 ,
1167 3632 1259 3686 καὶ
1298 3634 1417 3687 (σου
1452 3635 1555 3705 τὴν
1584 3635 1747 3704 φύσιν
1770 3634 1867 3689 καὶ
1891 3632 1991 3703 τὴν

417 3721 754 3792 ἀγαθότητα.
787 3723 861 3776 Οὐ
894 3723 1003 3793 γὰρ
1031 3724 1100 3777 τὰ
1134 3722 1278 3778 καλὰ
1323 3724 1414 3779 διὰ
1431 3725 1540 3780 τῶν
1570 3724 1757 3781 κακῶν
1794 3725 1994 3797 μηνύε-

425 3811 547 3866 σθαι
600 3812 865 3882 πέφυκεν,
906 3813 1097 3886 ῶσπρ
1126 3815 1251 3869 οὑδὲ
1287 3815 1378 3870 διὰ
1412 3817 1638 3881 σκότους
1689 3816 1750 3870 τὸ
1784 3816 1923 3885 φῶς,
1955 3817 1990 3889 ἢ

414 3897 656 3954 θανάτου
686 3902 798 3974 ζωή
828 3920 840 3933 ·
878 3904 975 3958 καὶ
1024 3904 1120 3958 τοῦ
1165 3905 1431 3978 μηδαμῶς
1465 3906 1640 3971 ὄντος,
1674 3907 1737 3961 τδ
1774 3907 1865 3962 δν.
1886 3908 1994 3962 Καὶ

2069 1798 2345 1864 enarravi,
2377 1808 2643 1869 quantum
2691 1814 2792 1867 pro
2844 1797 3012 1852 animi
3056 1798 3277 1853 modulo
3316 1799 3536 1869 "assequi
3579 1798 3650 1851 Ii-

2071 1888 2207 1954 Cuit,
2237 1889 2342 1946 etsi
2385 1890 2478 1944 alii
2511 1905 2637 1945 eum
2670 1888 2850 1943 locum
2884 1888 3043 1945 aliter
3079 1889 3492 1953 intellexerunt;
3519 1903 3649 1958 par-

2072 1980 2284 2052 timque
2311 1981 2381 2037 de
2422 1980 2667 2047 Christo,
2697 1981 2899 2052 partim
2944 1988 3136 2036 contra
3180 1980 3249 2036 de
3290 1981 3649 2046 Antichristo,

2073 2073 2329 2129 nonnulli
2365 2081 2759 2144 exposuerunt.
2789 2072 2974 2127 Metuo
3002 2078 3184 2126 tamen
3218 2087 3284 2127 ac
3312 2072 3649 2137 absterreor,

2073 2180 2146 2221 ne
2192 2165 2468 2220 utrumvis
2508 2173 2609 2220 aut
2656 2164 2975 2235 intelligam,
3024 2171 3121 2218 aut
3165 2163 3342 2218 dicam
3374 2183 3388 2218 :
3420 2165 3651 2220 alterum

2075 2258 2323 2329 quidem,
2345 2256 2492 2328 quod
2510 2260 2729 2311 omnem
2766 2264 2988 2327 respuat
3014 2255 3513 2326 comparationem;
3543 2270 3652 2310 non

2075 2349 2226 2405 enim
2255 2349 2437 2404 minor
2477 2349 2699 2420 quidem
2728 2348 2875 2415 Filii,
2912 2349 3086 2419 major
3114 2355 3299 2403 autem
3330 2347 3509 2403 Patris
3527 2349 3653 2403 vin—

2077 2441 2224 2496 dicta
2255 2448 2366 2507 est;
2400 2450 2495 2497 aut
2522 2457 2624 2512 per
2644 2441 2839 2506 alium,
2872 2449 3035 2511 atque
3067 2442 3169 2496 alia
3213 2456 3461 2512 prorsus,
3491 2458 3654 2510 quam

2076 2528 2226 2598 Filii,
2260 2538 2358 2587 aut
2392 2547 2491 2602 per
2519 2531 2741 2587 Filium.
2771 2530 3014 2598 Quanam
3039 2545 3169 2585 vero
3199 2530 3431 2591 ratione,
3463 2529 3654 2584 eadem

2080 2638 2208 2679 cum
2232 2623 2324 2688 sit,
2351 2624 2505 2693 quasi
2529 2637 2626 2693 per
2652 2621 3117 2694 comparationem
3136 2620 3293 2684 dicit,
3318 2620 3456 2675 Deus
3481 2628 3658 2674 autem

2082 2731 2188 2770 non
2216 2715 2372 2785 faciet
2393 2715 2683 2770 vindictam
2706 2716 2865 2768 vestri
2883 2715 2908 2768 1’
2928 2713 3048 2770 Non
3077 2712 3228 2768 enim
3259 2712 3423 2768 habet
3450 2712 3656 2775 locum,

2080 2817 2180 2864 aut
2206 2807 2430 2864 omnino
2455 2807 2708 2865 diversus
2734 2806 3155 2872 monstrabitur,
3189 2819 3363 2875 eaque
3392 2803 3659 2874 praeditus

2082 2906 2301 2965 natura,
2336 2913 2457 2970 quae
2506 2898 2654 2954 idem
2698 2906 2960 2969 praestare
3004 2912 3115 2952 non
3161 2897 3379 2968 possit:
3429 2911 3661 2966 qumque

2078 2990 2224 3045 adeo
2251 2990 2498 3062 ejusdem
2529 2989 2754 3045 minime
2782 2990 2997 3045 ordinis
3028 2989 3133 3055 sit;
3170 2988 3264 3045 sed
3303 3003 3425 3059 quae
3451 2987 3657 3042 solum-

2086 3080 2250 3136 modo
2302 3088 2564 3151 tanquam
2608 3079 2948 3149 eminentem
3000 3068 3295 3134 simulacro
3340 3075 3543 3132 referat
3596 3090 3662 3131 ac

2078 3178 2464 3241 'representet,
2484 3186 2605 3227 eam
2625 3186 2748 3242 qua:
2765 3170 3050 3241 praecellit.
3072 3170 3319 3224 Alterum
3339 3166 3663 3237 vero,un

2082 3260 2242 3315 nullo
2282 3259 2445 3316 modo
2490 3260 2889 3317 admittendqu
2935 3260 3029 3325 sit,
3075 3274 3256 3329 neque
3287 3272 3376 3314 res
3405 3258 3569 3323 ferat,
3604 3266 3665 3313 ut

2080 3358 2281 3406 auctor
2304 3350 2528 3405 malitiae
2557 3359 2614 3406 et
2644 3351 2902 3406 inventor
2931 3349 3254 3420 doctorque,
3284 3349 3489 3403 bonum
3523 3362 3664 3417 pra:-

2087 3447 2236 3497 stare
2271 3440 2618 3496 existimetur
2656 3458 2671 3495 :
2713 3439 2832 3495 Non
2862 3443 3025 3503 enim,
3069 3439 3271 3511 inquit,
3308 3447 3472 3511 potest
3509 3439 3668 3494 arbor

2088 3533 2238 3589 mala
2265 3534 2466 3605 {ructus
2493 3534 2653 3589 bonos
2681 3534 2855 3604 facere
2882 3534 2934 3601 ‘;
2963 3532 3203 3588 vindicta
3232 3541 3418 3588 autem
3460 3531 3666 3587 bonum

2090 3632 2196 3690 est,
2236 3625 2494 3697 justeque
2523 3641 2752 3682 munere
2796 3641 2893 3681 seu
2933 3624 3236 3691 iunctione,
3260 3623 3674 3696 interpellantis

2092 3715 2400 3771 molestiam
2441 3714 2713 3771 redimere
2746 3730 2812 3770 ac
2843 3715 3140 3785 depellere.
3167 3716 3276 3770 Aut
3300 3715 3440 3771 forte
3471 3724 3531 3770 ut
3554 3715 3668 3770 An—

2088 3803 2346 3860 tichristo
2370 3804 2548 3876 (quod
2593 3805 2767 3878 nefas)
2800 3806 3025 3861 Patrem
3060 3806 3295 3861 similem
3337 3822 3669 3871 asseramus,

2088 3912 2195 3970 per
2220 3896 2447 3963 Filium,
2490 3895 2657 3968 idque
2705 3897 3051 3969 unigenitum
3095 3898 3326 3967 parique
3377 3905 3574 3952 natura
3607 3912 3672 3952 ac

413 3992 488 4047 ὀὗ
513 3992 655 4061 λέγω
697 3994 872 4048 ταῦτα
915 3995 1050 4067 πρὸς
1074 3996 1174 4066 τὴν
1199 3996 1424 4055 ἐκείνων
1453 3997 1712 4069 ἀθέτησιν
1744 4014 1764 4031 θ
1799 3997 1980 4071 ἔχομαι

2095 3989 2362 4057 bonitate,
2386 3989 2606 4045 virtutis
2630 3989 2809 4045 omnis
2826 4004 2896 4044 ac
2914 3989 3040 4045 vitae
3057 3995 3359 4044 auctorem.
3379 3989 3500 4045 Non
3522 3990 3669 4043 enim

416 4080 536 4153 γὰρ
564 4083 654 4135 καὶ
679 4083 976 4155 ἀντέχομαι
1009 4086 1154 4157 ζωῆς
1190 4085 1351 4140 πλέον
1380 4125 1396 4152 ,
1425 4086 1526 4156 τῆς
1581 4086 1688 4142 τῶν
1738 4088 1980 4159 φαμένωπ

2094 4087 2294 4137 natura
2320 4089 2715 4151 comparatum,
2738 4088 2799 4135 ut
2821 4080 2965 4136 bona
2991 4086 3048 4135 et
3069 4079 3320 4146 honesta,
3339 4093 3532 4135 eorum
3550 4094 3673 4148 quae

416 4169 775 4238 διδασκαλίας
796 4193 809 4206 ·
844 4175 978 4230 ἀλλὰ
1005 4175 1066 4230 τὸ
1087 4177 1288 4233 οἰκεῖον
1322 4177 1547 4251 μέτριον
1568 4178 1636 4234 δι’
1667 4178 1844 4252 ἄκραν
1886 4180 1980 4235 δειε

2097 4172 2240 4228 mala
2268 4179 2418 4238 sunt,
2447 4179 2575 4244 typo
2600 4171 2989 4242 designentur;
3017 4170 3165 4226 sicut
3189 4185 3368 4239 neque
3391 4177 3452 4225 ut
3485 4170 3671 4226 lumen

428 4264 550 4320 λίαν
580 4266 1030 4337 ἀσφαλιζόμενος.
1061 4268 1171 4341 Τὴν
1199 4268 1258 4323 δὲ
1289 4268 1595 4338 ἀνάγνωσιν
1631 4269 1726 4324 τοῦ
1760 4269 1980 4326 ὑποπιά

2099 4281 2199 4337 per
2229 4264 2508 4330 tenebras,
2531 4280 2597 4320 ac
2618 4280 2717 4335 per
2742 4272 2973 4320 mortem
2995 4263 3134 4330 vita;
3159 4277 3227 4318 eo
3254 4261 3493 4332 denique
3526 4263 3672 4333 quod

431 4353 546 4418 ζειν
573 4355 878 4419 κανονίζειν
929 4357 990 4411 οὑ
1038 4358 1248 4429 πρέπον
1277 4358 1422 4429 ἐμοὶ,
1453 4359 1543 4413 διὰ
1568 4361 1670 4431 τὴν
1702 4361 1762 4414 ὲν
1786 4361 1980 4426 τούτοις

2102 4356 2331 4415 minime
2353 4361 2459 4421 est,
2487 4355 2541 4410 id
2569 4353 2714 4426 quod
2744 4362 2830 4410 est
2852 4352 3138 4425 ﬁguretur.
3170 4352 3359 4422 Neque
3386 4351 3501 4407 haec
3526 4351 3672 4413 dico,

429 4446 743 4519 ἀμαθίαν.ἥ
774 4450 885 4512 τοῖς
912 4449 1245 4521 ἠσκημένοις
1261 4452 1355 4505 καὶ
1377 4453 1582 4525 σπουδῇ
1610 4455 1980 4527 προελομένοιε

2095 4457 2160 4504 ut
2193 4448 2328 4505 viris
2366 4448 2685 4515 detraham;
2726 4462 2851 4503 cum
2890 4461 3081 4502 eorum
3118 4444 3212 4516 qui
3251 4444 3529 4510 dixerunt,
3580 4442 3673 4498 do-

430 4536 530 4608 τὴν
559 4539 875 4593 παίδευσινο
908 4540 958 4595 οἶ
992 4541 1198 4611 ταύτην
1249 4541 1486 4614 ὀφείλειν
1536 4545 1672 4615 φασὶ
1717 4547 1980 4613 κανονίζει

2095 4543 2354 4610 ctrinam,
2387 4542 2506 4613 ipsa
2532 4540 2839 4597 chariorem
2876 4539 2988 4594 vita
3013 4538 3266 4605 habeam,
3298 4537 3395 4595 sed
3440 4543 3501 4592 ut
3541 4551 3675 4592 mea:

434 4628 559 4682 σθαι
615 4628 921 4700 βαρυτόνως
981 4631 1266 4703 μᾶλλον,ἢ
1323 4631 1777 4705 περισπωμένως,
1803 4635 1886 4688 ὅτι
1940 4653 1980 4690 τι

2097 4638 2217 4708 ipse
2244 4634 2502 4691 tenuitati
2533 4650 2648 4704 prae
2675 4647 2887 4688 summa
2922 4629 3221 4687 formidine
3245 4644 3486 4699 caveam.
3513 4628 3677 4685 Vocis

433 4735 565 4791 φασι
591 4720 698 4775 τῶν
729 4722 993 4794 ῥημάτων
1017 4723 1169 4777 οὐδὲν
1200 4726 1557 4794 περισπᾶται,
1588 4723 1728 4797 πλὴν
1753 4726 1802 4780 εί
1834 4725 1911 4799 μὴ
1932 4727 1980 4783 ε,

2104 4735 2290 4783 autem
2326 4724 2666 4790 ὑπωπιάζειν
2704 4730 2963 4779 accentus
2993 4722 3261 4778 rationem
3298 4720 3537 4801 tradere,
3567 4734 3677 4775 non
3757 4750 3760 4753 η

438 4816 802 4885 συναιρέσεως
856 4814 1152 4885 βαρυτόνου
1211 4814 1566 4886 καθέστηκεν,
1616 4815 1692 4881 ὡς
1747 4816 1841 4883 τὺ,
1871 4816 1997 4883 νοῶ,

434 4904 529 4959 καὶ
593 4905 767 4969 ποιῶ,
820 4906 916 4961 καὶ
977 4905 1185 4977 χρυσῶ,
1264 4907 1357 4962 καὶ
1416 4905 1516 4961 ὃσα
1577 4906 1843 4974 τοιαῦτα,
1896 4924 2003 4978 φυ-

433 4996 704 5053 λάσσοντα
765 4998 863 5053 καὶ
926 4999 1064 5053 μετὰ
1124 4998 1436 5073 προθέσεως
1507 4999 1600 5052 ἐπὶ
1669 4999 1768 5070 τῆς
1827 4999 2005 5070 αὐτῆς

434 5089 526 5144 τὸν
553 5091 726 5146 τόνον.

436 5184 743 5244 nuntietur.
766 5185 990 5242 Nullum
1010 5185 1159 5242 enim
1178 5187 1414 5243 verbum
1434 5185 1626 5244 dicunt
1642 5185 2030 5252 circumiecti,

2106 4828 2217 4874 tam
2243 4830 2489 4873 mearum
2527 4815 2598 4871 sit
2630 4816 2895 4888 partium,
2925 4815 2997 4871 ob
3030 4828 3299 4870 summam
3339 4813 3409 4867 iis
3435 4812 3490 4866 in
3515 4810 3678 4866 rebus

2108 4908 2406 4974 inscitiam,
2438 4920 2604 4979 quam
2643 4906 3011 4972 eruditorum,
3051 4912 3108 4961 et
3141 4905 3235 4973 qui
3262 4901 3567 4972 disciplinis
3596 4914 3678 4955 sc-

2110 4999 2240 5056 dulo
2277 5000 2521 5056 animum
2549 4998 2937 5070 adiunxerunt.
2963 4996 3133 5052 Aiunt
3160 4996 3346 5064 itaque
3372 4993 3458 5049 sic
3487 4992 3680 5047 obser-

2111 5088 2373 5154 vandum,
2398 5097 2462 5143 ut
2488 5088 2643 5159 gravi
2671 5086 2854 5157 potius
2886 5092 3138 5151 accentu,
3180 5096 3343 5154 quam
3378 5081 3518 5137 ﬂexo
3549 5094 3681 5151 pro-

2066 5185 2179 5253 nisi
2209 5182 2356 5256 quod
2394 5198 2462 5239 ex
2501 5182 2654 5254 gravi
2688 5197 2786 5253 per
2824 5179 3253 5236 contractionem
3286 5176 3546 5233 e‘ﬂ‘ectum
3574 5175 3679 5246 sit;

440 5285 499 5330 ut
543 5283 672 5331 sunt
713 5276 818 5331 νοῶ
847 5275 1019 5345 ποιῶ,
1048 5278 1265 5349 χρυσῶ,
1300 5293 1366 5334 ac
1406 5280 1641 5345 similia,
1674 5294 1798 5351 qua:
1838 5278 2012 5335 etiam
2042 5294 2167 5335 cum
2200 5275 2577 5349 propositione
2602 5275 2657 5329 in
2682 5274 2874 5330 eadem
2897 5283 3121 5328 servant
3141 5279 3448 5327 accentum.

509 5367 623 5438 Τὴν
650 5356 851 5436 δεξιὰν,
877 5369 1125 5440 σιαγόνα,
1152 5369 1251 5457 τὴν
1275 5370 1456 5436 δεξιὰν
1489 5372 1689 5445 πρᾶξίν
1710 5391 1881 5444 φημι,
1904 5372 2000 5427 καὶ

438 5458 573 5530 ὅσην
604 5459 787 5525 ἔνθεος
844 5463 980 5532 ἡμῖν
1029 5461 1120 5518 διά
1168 5462 1279 5517 τῶν
1324 5464 1554 5521 ἐντολῶν
1609 5465 2001 5536 συνιστάμενος

442 5548 557 5620 βίος
600 5553 1022 5624 χαρακτηρίζει,
1068 5554 1442 5628 ραπιζομένην
1481 5555 1585 5610 ὑπὸ
1624 5555 1719 5611 τοῦ
1758 5556 1997 5627 πονηροῦ

512 5704 534 5736 ⁸
561 5703 692 5764 Luc.
719 5722 867 5776 xviii,
903 5709 956 5761 7.
1034 5708 1055 5742 ⁸
1080 5706 1269 5765 Matth.
1300 5724 1390 5776 vn,
1425 5710 1504 5765 18.

2175 5370 2342 5443 639
2361 5371 2652 5425 Dexteram
2683 5367 2958 5423 maxillam
2984 5407 2999 5433 ,
3036 5365 3315 5422 dexteram
3351 5362 3475 5418 dico
3506 5359 3682 5417 action

2108 5478 2258 5529 nem,
2292 5471 2350 5518 et
2389 5478 2512 5534 quae
2544 5460 2730 5517 fauete
2752 5459 2945 5526 cedit;
2976 5473 3193 5514 omnem
3227 5455 3489 5525 denique,
3518 5466 3680 5523 quam

2105 5553 2293 5611 divina
2337 5553 2499 5611 nobis
2529 5553 2661 5620 vita,
2690 5551 3073 5609 mandatorum
3100 5547 3484 5606 observatione
3521 5542 3680 5612 fulta,
