4110 6318
399 421 537 490 1405

392 649 663 700 τομενων.

468 731 548 776 ιε’.
587 723 715 792 Οὑχῗ
747 725 774 776 ὁ
819 725 930 786 τοῖς
969 719 1153 796 ἔργοις
1188 725 1264 796 μὴ
1298 725 1499 780 ἀδικῶν
1533 727 1632 798 τὴν
1662 728 1840 800 ψυχὴν
1869 729 1974 783 αὗ-

394 815 510 879 τοῦ,
550 806 705 878 οὗτος
736 817 830 869 καὶ
875 817 985 881 τοῖς
1029 816 1208 886 λόγοις
1261 819 1526 889 ἀμίαντον
1583 824 1969 892 συνετήρησεν.

397 909 470 962 Οὐ
517 907 574 960 δὲ
622 910 649 960 ὁ
692 907 912 986 τούτους
947 908 1251 976 φυλάττων,
1285 907 1383 980 ἤδη
1433 911 1528 964 καὶ
1555 912 1846 981 λογισμοὺς
1874 914 1973 966 οὐκ

396 999 674 1068 ὲμὸλυνεν.
724 996 779 1051 Ὀ
811 999 918 1067 γὰρ
967 998 1321 1069 ἁμαρτάνων,
1357 1001 1586 1072 τριττῶς
1613 1002 1770 1054 τοῦτο
1801 1003 1974 1073 πρατέ-

393 1109 497 1144 τει.

467 1187 564 1246 ις’.
607 1181 906 1253 (Ῐὺδυνήσῃ
935 1181 994 1234 τὸ
1022 1180 1314 1253 πρόσωπον
1343 1185 1444 1252 τῆς
1477 1171 1682 1254 ἀρετῆς
1714 1185 1970 1253 πατιδεῖν,

395 1271 570 1340 ἡδέως
602 1270 682 1323 ἔτι
713 1272 772 1323 τὸ
799 1272 898 1339 τῆς
929 1273 1124 1336 κακίας
1156 1273 1459 1327 κατανοῶν.
1491 1273 1738 1345 Μισητὺν
1770 1274 1826 1326 δὲ
1852 1275 1972 1327 τότε

395 1366 641 1431 φανεῖται
673 1363 734 1415 τὸ
778 1360 1053 1434 δεύτερον,
1095 1365 1181 1416 ὅτε
1216 1363 1310 1416 τοῦ
1357 1363 1574 1434 πρώτου
1614 1364 1974 1435 ἐπιθυμήσεις

394 1455 493 1526 τὴν
541 1454 762 1523 γεῦσιν,
809 1454 904 1508 καὶ
970 1453 1238 1525 τοσαύτης
1282 1454 1380 1527 τὴν
1438 1453 1559 1522 δψιν
1612 1453 1976 1520 ἀποξενώσεις

400 1546 634 1616 μορφῆς.

470 1637 562 1700 ιζ’.
600 1636 699 1690 Διὰ
735 1635 843 1688 τῶν
865 1636 1164 1708 λογισμῶν,
1199 1636 1260 1690 οὗ
1291 1636 1401 1692 τῶν
1432 1637 1776 1709 πραγμάτων
1807 1642 1979 1709 προηδ

403 1729 684 1799 γουμὲνως
725 1727 1055 1798 πολεμοῦσιν
1084 1730 1133 1781 οἱ
1181 1729 1436 1800 δαίμονες
1466 1729 1565 1800 τὴν
1592 1728 1792 1800 ψυχήν.
1825 1729 1978 1782 Δὺτὰ

396 1821 508 1892 γὰρ
551 1819 673 1874 καθ’
705 1815 868 1884 αὐτὰ,
924 1822 1198 1888 ἀναγκαῖα
1247 1820 1316 1875 τὰ
1365 1821 1688 1892 πράγματα.
1722 1820 1830 1873 Καὶ
1867 1819 1979 1874 τῶν

1551 434 1729 494 ALIA
1766 433 1869 496 EX
1909 439 2144 500 VA'I‘IC.
2186 433 2473 501 C‘APITA.

393 543 494 612 τῆς
529 538 858 611 προπετείας
953 541 1220 613 ἀμετρίας
1251 543 1357 597 τῶν
1396 545 1709 616 λεγομένων
1741 549 1774 620 ἢ
1805 565 1976 619 πρατ-
2013 561 2041 603 Δ

2083 565 2192 610 tem
2229 562 2325 608 aut
2358 553 2833 610 immoderantiam
2869 561 3064 610 eorum
3102 569 3225 627 qua:
3260 557 3525 614 dicuntur
3560 572 3658 617 aut

2074 657 2276 718 aguntu
2287 664 2337 705 ι’.

2148 741 2231 795 15.
2264 740 2367 808 Qui
2402 759 2510 797 non
2545 741 2694 796 lzedit
2727 738 2990 808 operibus
3019 744 3264 794 animum
3299 754 3482 804 suum,
3520 747 3658 798 .iaud

2073 833 2239 888 etiam
2270 835 2456 889 verbis
2487 833 2727 889 servavit
2759 831 3129 901 impollutum.
3165 825 3279 886 Nec
3320 831 3411 900 qui
3459 831 3660 901 linguae

2075 936 2262 981 custos
2295 927 2547 997 cst,jam
2584 939 2806 996 quoque
2841 924 3202 996 cogitationes
3229 924 3366 978 nihil
3404 925 3660 994 inquina-

2073 1018 2173 1072 vit.
2205 1017 2498 1072 Peccatum
2532 1017 2703 1082 enim,
2735 1015 2940 1086 triplici
2979 1016 3083 1068 hac
3119 1015 3331 1069 ratione
3366 1014 3659 1084 contingit.

2147 1185 2234 1249 16.
2296 1185 2533 1250 Virtutis
2581 1195 2776 1248 faciem
2834 1193 3025 1249 viuere
3090 1205 3203 1247 non
3266 1193 3509 1261 poteris,
3563 1191 3660 1261 qui

2069 1287 2314 1359 jucunde
2361 1286 2544 1341 adhuc
2587 1286 2708 1340 vitii
2757 1293 3113 1354 conspectum
3163 1285 3348 1338 animo
3393 1298 3652 1353 usurpes.

2075 1377 2232 1435 Tunc
2259 1394 2426 1450 porro
2452 1381 2687 1434 alterum
2717 1391 2944 1433 exosum
2974 1368 3273 1442 videbitur,
3301 1389 3424 1430 cum
3457 1376 3661 1446 prioris

2076 1473 2296 1543 gustum
2346 1469 2627 1525 desiderio
2677 1469 3074 1539 concupisces,
3111 1468 3436 1538 vultumque
3486 1481 3517 1521 a
3565 1466 3659 1521 tali

2077 1560 2239 1631 longe
2269 1559 2444 1614 forma
2470 1559 2829 1614 abstraxeris.

2151 1651 2239 1705 17.
2270 1649 2707 1721 Cogitationum,
2735 1666 2848 1704 non
2881 1661 3064 1704 rerum
3099 1648 3355 1712 incursu,
3385 1647 3662 1701 daemones

2076 1741 2442 1813 principalius
2489 1741 2818 1796 adoriuntur
2862 1741 3128 1795 animum.
3174 1740 3312 1795 Nam
3362 1753 3452 1793 res
3496 1735 3658 1806 ipsre,

2079 1831 2385 1887 secundum
2423 1846 2502 1896 se,
2535 1831 2866 1885 necessariae
2907 1838 3054 1884 sunt.
3091 1828 3169 1882 Ac
3209 1841 3397 1881 rerum
3435 1825 3660 1896 quidem

400 1911 498 1982 μὲν
533 1912 898 1982 πραγμάτων,
941 1913 970 1974 ἠ
1004 1911 1141 1982 ἀκοὴ
1173 1912 1327 1966 αἰτία
1368 1912 1462 1965 καὶ
1494 1912 1685 1981 ὅρασις
1707 1927 1722 1940 ·
1763 1909 1874 1964 τῶν
1915 1911 1974 1966 δὲ

2079 1938 2262 1991 causa,
2285 1923 2507 1978 auditus
2533 1931 2588 1978 et
2611 1923 2762 1977 visus
2789 1940 2801 1977 :
2833 1921 3228 1993 cogitationum
3250 1934 3406 1984 vero,
3428 1933 3662 1973 consue-

401 2002 700 2072 λογισμῶν,
733 2002 767 2072 ἦ
801 2001 1060 2070 συνήθεια
1094 2001 1189 2054 καὶ
1225 2001 1274 2053 οἱ
1302 1999 1578 2071 δαίμονες.

469 2110 557 2190 ιη’.
578 2111 804 2182 Τριττὸν
841 2112 962 2181 μὲν,
989 2097 1051 2164 eo
1077 2108 1454 2182 ἁμαρτητικὸν
1472 2108 1637 2182 μέρος
1657 2105 1756 2180 τῆς
1775 2109 1975 2179 ψυχῆς,

395 2201 454 2256 ὲν
480 2200 662 2273 ἔργοις
695 2201 788 2254 καὶ
806 2201 984 2270 λόγοις
1007 2202 1101 2255 καὶ
1121 2201 1400 2270 λογισμοὲς
1421 2201 1826 2273 εὑρισκόμενον.
1854 2198 1978 2266 Ἐξ-

396 2293 578 2348 αδικδν
603 2293 661 2347 δὲ
681 2333 695 2358 ,
721 2294 782 2346 τὸ
807 2293 1222 2364 ἀναμαρτησίας
1260 2292 1441 2346 καλόν.
1488 2292 1844 2355 Ἀπταίστους
1870 2289 1979 2360 γὰρ

397 2386 495 2450 τὰς
534 2385 697 2439 πέντε
735 2385 1019 2456 αἰσθήσεις
1058 2385 1154 2440 καὶ
1188 2385 1279 2438 τδν
1326 2385 1662 2456 προφορικὸν
1693 2384 1980 2456 συντηρεῖν

397 2478 480 2532 δεῖ
529 2477 710 2545 λόγον.
761 2478 865 2532 Ἐν
909 2472 1054 2543 οἵςό
1074 2476 1161 2547 μὴ
1203 2477 1453 2541 πταίων,
1509 2476 1664 2544 ἀνήρ
1697 2490 1849 2545 φησι
1886 2473 1978 2528 τέ-

395 2567 584 2632 λειος,
615 2563 875 2631 δυνατὸς
911 2565 1402 2636 χαλιναγωγῆσαι
1431 2565 1530 2620 καὶ
1567 2565 1637 2619 τὰ
1673 2564 1835 2635 μέλη
1871 2564 1983 2619 τοῦ

391 2657 691 2727 σώματος.
1382 2676 1389 2683 -

473 2768 560 2822 ιθ’.
615 2767 858 2838 Ἕξαχῶς
925 2769 987 2823 τὸ
1045 2769 1242 2839 ἄλογον
1313 2771 1479 2842 μέρος
1539 2767 1828 2842 διαιρεῖται
1879 2769 1981 2839 τῆς

397 2859 608 2930 ψυχῆς·
641 2860 721 2923 εἷς
749 2878 809 2914 τε
839 2859 939 2924 τὰς
968 2861 1130 2915 πέντε
1159 2861 1463 2932 αἰσθήσεις,
1483 2863 1578 2915 καὶ
1609 2865 1685 2928 είς
1717 2862 1809 2915 τὸν
1837 2861 1982 2915 κατὰ

398 2949 686 3021 προφορὰν
724 2950 906 3020 λόγον,
949 2951 1008 3015 ὃς
1057 2952 1448 3023 συνδιαιρεῐται
1501 2953 1602 3024 μὲν
1654 2953 1979 3026 ἀδιαιρέτως

398 3039 477 3109 τῷ
499 3039 780 3111 πάσχοντι,
816 3041 1031 3114 ἀπαθὴς
1060 3042 1139 3099 ὢν
1159 3059 1173 3073 ⁸
1200 3043 1575 3114 ἀναμάττεται
1602 3043 1659 3099 δὲ
1684 3043 1784 3117 τὴν
1810 3041 1980 3098 αὑτοῦ

400 3130 600 3186 κακίαν
635 3132 936 3203 παθητικδς
965 3135 1377 3206 εὑρισκόμενος.

468 3422 538 3478 κ’.
578 3424 654 3477 Οὐ
691 3423 914 3478 δύναται
950 3422 1074 3477 οὔτε
1130 3423 1290 3496 σῶμα
1336 3423 1678 3496 καθαρθῆναι
1720 3417 1975 3494 νηστείας

401 3517 496 3570 kal
551 3517 858 3589 ἀγρυπνίας
898 3518 1107 3589 χωρίςο
1160 3516 1286 3572 οὔτε
1338 3517 1521 3581 ἐλέους
1569 3521 1664 3572 καῖ¹
1719 3516 1977 3588 ἀληθείας

391 3607 544 3679 ψυχή
562 3623 578 3639 ο
607 3608 722 3662 ἀλλ’
745 3607 870 3662 οὔτε
906 3609 1022 3672 νοῦς
1041 3609 1170 3663 ἄνευ
1196 3609 1432 3680 θεωρίας
1459 3609 1554 3663 καὶ
1581 3609 1798 3678 ὁμιλίας
1815 3606 1974 3661 Θεοῦ.

400 3694 566 3754 Λῦται
601 3698 710 3770 γὰρ
737 3701 793 3752 αι
819 3699 1090 3768 συζυγίαι,
1123 3700 1181 3754 ὲν
1213 3699 1421 3764 τούτοις
1448 3700 1867 3769 ὲπισημόταται.

476 3906 586 3954 κα’.
630 3897 1128 3970 κυκλοφορουμένη
1181 3897 1302 3958 ταῖς
1336 3893 1658 3965 είρθημέναις
1694 3888 1914 3964 ἆρεταῖς
1943 3891 1977 3962 ὴ

396 3991 567 4064 ψυχὴ.
595 3991 1037 4062 ἁπερικτύπητον
1075 3987 1137 4042 τὸ
1160 3988 1366 4058 ταύτης
1398 3989 1462 4040 ἐκ
1496 3984 1817 4058 πειρασμῶν
1850 3983 1982 4038 καθ-

406 4086 582 4157 ίστησι
619 4085 876 4157 φρούριον
897 4101 910 4114 ο
949 4085 978 4138 ὅ
1007 4084 1155 4136 ἐστιν
1190 4083 1224 4153 ἡ
1252 4078 1496 4151 ὑπομονὴ
1518 4097 1533 4111 ’
1586 4078 1691 4133 Ἐν
1722 4076 1797 4146 τῇ
1832 4078 1981 4130 ὐπο-

398 4178 555 4250 ιιονῇ
580 4177 748 4246 ὑμῶν
768 4176 880 4247 γὰρ
911 4175 1221 4244 κτήσησθε
1244 4171 1349 4238 τὰς
1374 4171 1581 4240 ψυχὰς
1608 4168 1798 4240 ὑμῶν,
1827 4168 1856 4222 ὁ
1880 4168 1983 4222 Λόδ

393 4273 500 4342 γος
529 4273 716 4343 φησίν.
749 4274 810 4325 ιιι
837 4272 894 4325 δὲ
921 4272 1124 4341 ἑτέρως
1158 4268 1396 4340 ἐχόμενα
1437 4266 1546 4336 εἵην
1583 4263 1674 4320 οἷά
1703 4281 1789 4328 τις
1824 4263 1981 4329 πόλις

399 4359 734 4435 ἰτείχιστος,
768 4364 864 4416 καὶ
893 4360 998 4416 ὑπὸ
1044 4362 1154 4414 τῶν
1197 4358 1480 4432 πόρρωθεν
1508 4347 1722 4431 ᾦόφων,
1772 4356 1979 4420 δειλίας

407 4458 621 4531 μοχλοῖς
651 4455 1038 4511 κατασείεσθᾱι
1069 4453 1283 4509 εἴωθεν.
1508 4455 1534 4484 ‘

475 4657 580 4727 κβ’.
619 4657 732 4726 οὐχ
773 4656 889 4709 ὅσοι
940 4655 1024 4718 εἰς
1062 4652 1133 4706 τὰ
1182 4649 1323 4706 κατὰ
1369 4650 1528 4719 λόγον
1561 4651 1673 4703 εἰσὶ
1703 4649 1980 4719 φρόνιμοι,

403 4745 551 4804 οὗτοι
587 4749 680 4801 καὶ
733 4749 811 4812 είς
857 4746 930 4800 τὰ
972 4746 1096 4800 κατ’
1129 4743 1341 4798 ἔννοιαν
1367 4760 1379 4774 ’
1407 4744 1523 4797 ὅσοι
1551 4739 1608 4796 δὲ
1653 4742 1732 4803 είς
1765 4741 1832 4794 τὰ
1863 4740 1986 4794 κατ’

405 4841 630 4902 ἔννοιαν,
654 4833 797 4894 οὗτοι
819 4837 914 4892 καὶ
941 4836 1020 4898 εις
1055 4834 1125 4889 τὰ
1175 4834 1298 4889 κατ’
1313 4832 1567 4903 αἴσθησιν
1613 4830 1811 4898 ἔξωθεν
1833 4831 1990 4900 εὑρε-

405 4933 678 5004 θήσονται.
716 4933 777 4985 Εἰ
803 4929 911 5001 γὰρ
929 4929 1022 4981 καὶ
1051 4927 1255 4989 πάντας
1277 4925 1584 4994 ὑποφόρους
1605 4923 1716 4993 ἔχει
1741 4923 1775 4992 ή
1797 4921 1991 4991 αἴσθη-

409 5041 516 5089 σις,
547 5023 660 5078 ἀλλ’
692 5023 790 5093 οὐχ
817 5020 1038 5091 ὁμοίους
1067 5018 1204 5089 αὐτῇ
1236 5017 1362 5080 τοὺς
1387 5017 1589 5087 φόρους
1609 5013 1977 5068 ἀποδιδόασιν.

418 5115 508 5184 Ἐξ
553 5115 886 5186 ἀφελότητος
931 5112 1040 5184 γὰρ
1091 5113 1142 5164 οι
1198 5107 1418 5171 πλείους
1447 5109 1526 5170 είς
1551 5105 1621 5158 τὰ
1660 5106 1782 5158 κατ’
1813 5105 1984 5176 αὐτὴν

403 5207 572 5277 τιμᾷν
607 5205 774 5276 αὐτὴν
811 5203 886 5268 ὡς
912 5203 1052 5273 αὑτὴ
1079 5202 1284 5256 ἀπατεῖ
1317 5199 1420 5252 οὐκ
1448 5197 1792 5250 ἐπίστανται.

477 5330 586 5392 κγ’.
628 5323 706 5393 Τῇ
743 5324 904 5391 φύσει
937 5319 1180 5390 ἄτμητος
1226 5311 1363 5370 οὖσα
1402 5317 1435 5386 ἠ
1487 5314 1768 5384 φρόνησις,
1799 5314 1988 5385 τέμνε-

406 5426 498 5469 ται
536 5416 616 5478 et;
645 5409 936 5484 διαφόρους
982 5411 1176 5482 τομάς.
1215 5401 1285 5480 ᾯ
1313 5407 1410 5479 μὲν
1437 5406 1544 5476 γὰρ
1575 5405 1776 5459 δίδοται
1803 5405 1987 5472 πλέον,

406 5497 454 5572 ᾧ
487 5507 544 5559 δὲ
569 5505 805 5559 ἔλαττον
859 5503 1023 5575 μέρος
1057 5500 1263 5569 αὐτῆς·
1299 5498 1406 5562 ἕως
1437 5498 1736 5568 αὐξηθεῖσα
1779 5500 1812 5570 ἡ
1846 5517 1990 5572 πρα-

412 5597 575 5668 κτικὴ
625 5595 814 5667 ἁρετὴ,
873 5592 1208 5665 συνδρόμους
1282 5607 1344 5644 τε
1403 5590 1540 5660 αὐτῇ
1595 5589 1696 5653 τὰς
1750 5591 1991 5660 γωνικὰς

413 5675 673 5757 έιέχουσα]
731 5683 953 5754 ἀρετὰς,
977 5682 1039 5735 τὸ
1091 5679 1438 5750 ἐνδεχόμενον
1490 5679 1696 5752 ἑκάστῃ
1740 5679 1992 5750 ἀποπλη-

487 5833 558 5871 ⁸⁵⁸
585 5836 700 5896 Jac.
721 5853 800 5905 ιιι,
825 5835 882 5890 2.
957 5838 976 5869 "
1006 5834 1140 5891 Luc.
1162 5849 1272 5901 xxx,
1309 5833 1393 5888 19.

2078 2015 2213 2072 tudo
2244 2030 2310 2072 ac
2335 2015 2419 2070 vis
2445 2015 2775 2069 daemonum.

2152 2127 2240 2183 18.
2271 2126 2562 2183 Trifariam
2592 2126 2762 2182 animi
2797 2133 3085 2196 peccatum
3115 2124 3403 2188 dividitur,
3426 2122 3573 2193 quod
3603 2121 3659 2175 in

2077 2216 2342 2288 operibus
2371 2223 2428 2270 et
2454 2215 2639 2270 verbis
2669 2224 2727 2269 et
2758 2213 3189 2285 cogitationibus
3221 2212 3523 2268 invenitur.
3556 2210 3663 2265 Sex

2077 2324 2212 2364 vero
2249 2307 2500 2377 partibus
2539 2314 2755 2361 constat
2798 2322 2907 2360 non
2945 2306 3209 2376 peccandi
3253 2304 3480 2359 bonum.
3517 2302 3663 2357 lnof-

2077 2400 2264 2455 fensos
2295 2400 2444 2454 enim
2479 2412 2761 2453 servemus
2793 2413 3020 2452 necesse
3049 2406 3135 2452 est
3164 2396 3409 2467 quinque
3441 2407 3660 2457 sensus,

2079 2493 2305 2560 orisque
2352 2504 2668 2544 sermonem
2721 2506 2735 2542 :
2785 2484 2851 2544 In
2899 2487 3085 2558 quibus
3135 2480 3224 2556 qui
3267 2501 3374 2538 non
3420 2483 3662 2554 oﬂ'endit,

2076 2583 2338 2654 perfectus
2383 2591 2458 2635 est
2501 2582 2610 2646 vir;
2653 2585 2833 2652 potens
2881 2580 3040 2632 etiam
3089 2579 3236 2647 freno
3280 2576 3664 2630 circumducere

2081 2674 2313 2729 ‘membra
2343 2673 2575 2743 corporis
2599 2673 2686 2726 ⁸-⁸.

2150 2779 2438 2860 65319.
2469 2785 2654 2841 Animi
2691 2790 2821 2855 pars
2858 2784 3092 2839 rationis
3127 2796 3324 2852 erpers
3361 2796 3459 2835 sex
3496 2778 3667 2849 parti-

2081 2874 2186 2935 bus
2228 2877 2522 2945 dividitur;
2574 2876 2822 2947 quinque
2867 2875 3082 2930 scilicet
3125 2872 3413 2935 sensibus,
3447 2878 3504 2923 et
3543 2883 3660 2922 ser-

2081 2987 2244 3028 mone
2271 2971 2364 3042 qui
2391 2985 2490 3026 ore
2517 2968 2814 3040 profertur.
2840 2968 2913 3033 is,
2933 2982 3044 3023 una
3066 2980 3191 3022 cum
3219 2980 3286 3019 eo
3309 2963 3401 3033 qui
3429 2959 3665 3016 aiiicitur

2081 3063 2319 3119 indivise
2365 3050 2667 3127 dividitur,
2710 3057 2973 3114 immunis
3019 3056 3138 3127 ipse
3188 3054 3257 3108 ab
3306 3051 3596 3107 aﬂ‘ectione
3647 3065 3662 3101 :

2079 3154 2360 3212 eontraliit
2391 3164 2525 3209 vero
2560 3147 2680 3223 ejus
2707 3150 2905 3205 vitium
2939 3160 3003 3203 ac
3035 3146 3332 3210 malitiam,
3361 3158 3488 3198 cum
3527 3138 3664 3194 alie-

2008 3257 2052 3319 c
2081 3253 2207 3301 ctus
2248 3241 2553 3300 concitatos
2588 3249 2818 3298 movens
2855 3240 3180 3309 animosque
3213 3233 3546 3307 perturbans
3578 3230 3666 3285 in-

2083 3336 2325 3393 Venitur.

2146 3427 2243 3482 '20.
2274 3428 2388 3482 Nec
2419 3441 2622 3496 corpus
2654 3426 2794 3482 citra
2821 3419 3090 3495 jej'imitim
3116 3419 3437 3491 vigiliasque
3469 3430 3667 3470 emun-

2083 3519 2202 3573 dari
2255 3525 2468 3588 potest,
2508 3533 2611 3573 nec
2661 3516 2869 3586 absque
2915 3512 3294 3569 misericordia
3340 3517 3397 3564 et
3435 3507 3667 3563 veritate

2082 3609 2334 3675 animus;
2390 3618 2446 3663 at
2496 3623 2676 3678 neque
2733 3621 2890 3662 mens
2946 3606 3154 3674 absque
3210 3597 3668 3669 contemplatione

2084 3692 2290 3768 Deique
2327 3699 2624 3766 colloquio.
2657 3697 2794 3752 Sunt
2834 3697 2981 3752 enim
3027 3696 3112 3749 hae
3152 3695 3208 3749 in
3246 3694 3368 3748 istis
3407 3688 3668 3744 illustrisa

2085 3789 2235 3843 sima:
2267 3787 2702 3857 conjugationes.

2155 3898 2245 3953 21.
2282 3897 2398 3964 llis,
2435 3912 2574 3966 quas
2616 3895 2890 3960 dicebam,
2925 3893 3244 3955 virtutibus,
3278 3903 3456 3945 cuneo
3496 3885 3667 3940 vallat

2085 3991 2176 4048 'tus
2221 3992 2459 4056 animus,
2489 3990 2732 4044 immune
2765 4004 2796 4042 a
2832 3985 3194 4042 tentationum
3227 3981 3459 4051 strepitu
3488 3977 3670 4033 reddit

2080 4093 2247 4138 suum
2287 4079 2632 4150 praesidium,
2672 4077 2725 4132 id
2771 4084 2884 4141 est,
2922 4073 3264 4146 patientiam.
3301 4070 3390 4124 Ait
3433 4075 3668 4135 namque

2089 4171 2375 4242 Scriptum
2430 4190 2444 4226 :
2500 4169 2565 4225 In
2617 4169 2876 4241 patientia
2929 4173 3102 4220 vestra
3157 4161 3410 4234 possidete
3460 4159 3667 4242 animus

2084 4238 2286 4320 uestras
2313 4265 2354 4317 ⁷.
2393 4262 2490 4318 Sin
2535 4238 2720 4316 autem
2767 4274 2827 4315 se
2875 4257 3036 4312 aliter
3077 4271 3164 4310 res
3210 4251 3485 4314 habuerit,
3520 4238 3668 4302 haud

2088 4373 2247 4412 secus
2282 4371 2346 4411 ac
2376 4354 2570 4410 civitas
2603 4355 2926 4416 immurata,
2957 4349 3124 4404 etiam
3157 4344 3468 4416 fragoribus
3506 4343 3668 4408 longe

2089 4450 2311 4521 positis,
2336 4447 2555 4519 pavoris
2587 4445 2842 4501 vatibus
2872 4438 3259 4498 vehementius
3282 4434 3507 4492 concuti
3542 4436 3672 4486 coir-

2088 4542 2290 4597 suevit.

2151 4656 2241 4710 22.
2273 4655 2390 4710 Non
2432 4656 2627 4708 Omnes
2665 4659 2738 4721 q‘u
2796 4661 3054 4705 sermone
3093 4643 3396 4716 prudentes
3435 4643 3584 4701 sunt,
3611 4632 3670 4690 hi

2083 4760 2304 4820 quoque
2345 4745 2546 4801 mentis
2582 4749 2746 4799 sensu
2787 4741 3092 4813 prudentes
3123 4737 3396 4793 exsistunt
3431 4750 3445 4785 :
3483 4735 3672 4820 omnes

2085 4819 2219 4895 vero
2244 4839 2340 4908 qui
2366 4837 2570 4892 mentis
2594 4851 2782 4900 sensu,
2811 4835 2864 4888 bi
2899 4832 3065 4887 etiam
3099 4844 3262 4885 sensu
3294 4823 3536 4881 exterius
3568 4819 3672 4873 hoc

2088 4945 2210 4986 esse
2259 4929 2632 4985 invenientur.
2675 4919 3000 4995 Quanquam
3042 4921 3190 4977 enim
3243 4933 3437 4972 sensus
3483 4921 3674 4969 omnes

2081 5021 2378 5090 vectigales
2408 5020 2593 5081 liabet,
2619 5034 2729 5073 non
2761 5027 2942 5071 tamen
2973 5013 3163 5069 eadem
3199 5009 3278 5064 illi
3309 5008 3513 5062 tributa
3546 5003 3675 5058 red-

2083 5112 2242 5167 dunt.
2262 5098 2525 5179 l’ler’ique
2550 5108 2698 5164 enim
2722 5122 2788 5162 ex
2814 5105 3185 5175 simplicitate,
3218 5119 3295 5157 51c
3317 5114 3443 5156 eum
3467 5095 3670 5164 colere,

2074 5204 2146 5257 ’ut
2173 5203 2289 5272 ipse
2312 5199 2540 5271 expetit,
2562 5213 2673 5253 non
2698 5202 2991 5253 noverunt.

2145 5304 2244 5368 723.
2268 5312 2592 5377 Prudentia,
2621 5325 2747 5366 cum
2776 5319 2973 5364 natura
3001 5305 3348 5362 indivisibilis
3375 5303 3467 5368 sit,
3492 5301 3675 5356 diver-

2085 5407 2161 5463 sis
2197 5404 2452 5476 partibus
2488 5402 2784 5458 scinditur.
2815 5399 2922 5456 Alii
2955 5399 3103 5455 enim
3140 5399 3333 5468 major,
3365 5393 3458 5448 alii
3490 5392 3674 5446 minor

2089 5497 2237 5552 illius
2277 5495 2458 5567 portio
2499 5494 2794 5559 tribuitur;
2835 5493 3012 5548 donec
3055 5498 3216 5545 aucta
3255 5489 3430 5542 virtus
3467 5484 3669 5541 actioni

2087 5588 2338 5652 studens,
2373 5602 2481 5642 una
2520 5601 2710 5641 secum
2753 5591 3152 5640 concurrentes
3191 5587 3350 5636 nacta
3389 5575 3671 5650 generales

2087 5679 2350 5745 virtutes,
2387 5687 2656 5750 quantum
2685 5676 2899 5748 cuique
2938 5674 3149 5732 bonum
3189 5685 3511 5730 concessum
3551 5673 3666 5733 est,
