  <div class='ocr_page' id='page_1' title='image "/cluster/home/n/w/nwhite01/storage/ocr_20150623/90/mdp.39015022223161/710.png"; bbox 0 0 4122 6322; ppageno 0'>
   <div class='ocr_carea' id='block_1_1' title="bbox 356 443 493 510">
    <p class='ocr_par' dir='ltr' id='par_1_1' title="bbox 356 443 493 510">
     <span class='ocr_line' id='line_1_1' title="bbox 356 443 493 510; baseline 0 -1"><span class='ocrx_word' id='word_1_1' title='bbox 356 443 493 510; x_wconf 68' lang='grc'><strong>1409</strong></span> 
     </span>
    </p>
   </div>
   <div class='ocr_carea' id='block_1_2' title="bbox 1514 425 2447 495">
    <p class='ocr_par' dir='ltr' id='par_1_2' title="bbox 1514 425 2447 495">
     <span class='ocr_line' id='line_1_2' title="bbox 1514 425 2447 495; baseline -0.01 -2"><span class='ocrx_word' id='word_1_2' title='bbox 1514 434 1690 495; x_wconf 79' lang='lat' dir='ltr'><strong>ALIA</strong></span> <span class='ocrx_word' id='word_1_3' title='bbox 1731 430 1834 491; x_wconf 77' lang='lat' dir='ltr'><strong>EX</strong></span> <span class='ocrx_word' id='word_1_4' title='bbox 1870 427 2114 489; x_wconf 75' lang='lat' dir='ltr'><strong>VATIC.</strong></span> <span class='ocrx_word' id='word_1_5' title='bbox 2159 425 2447 488; x_wconf 81' lang='lat' dir='ltr'><strong>CAPITA.</strong></span> 
     </span>
    </p>
   </div>
   <div class='ocr_carea' id='block_1_3' title="bbox 3474 417 3617 487">
    <p class='ocr_par' dir='ltr' id='par_1_3' title="bbox 3474 417 3617 487">
     <span class='ocr_line' id='line_1_3' title="bbox 3474 417 3617 487; baseline 0.028 -4"><span class='ocrx_word' id='word_1_6' title='bbox 3474 417 3617 487; x_wconf 78' lang='grc'><strong>1410</strong></span> 
     </span>
    </p>
   </div>
   <div class='ocr_carea' id='block_1_4' title="bbox 352 530 1928 623">
    <p class='ocr_par' dir='ltr' id='par_1_4' title="bbox 352 544 1928 623">
     <span class='ocr_line' id='line_1_4' title="bbox 352 544 1928 623; baseline -0.008 -16"><span class='ocrx_word' id='word_1_7' title='bbox 352 554 501 621; x_wconf 73' lang='grc' dir='ltr'>ἄνευ,</span> <span class='ocrx_word' id='word_1_8' title='bbox 527 554 586 606; x_wconf 87' lang='grc' dir='ltr'><strong>ἐν</strong></span> <span class='ocrx_word' id='word_1_9' title='bbox 629 549 859 623; x_wconf 79' lang='grc' dir='ltr'>καθαρῷ</span> <span class='ocrx_word' id='word_1_10' title='bbox 893 551 1076 622; x_wconf 86' lang='grc' dir='ltr'>χωρίῳ</span> <span class='ocrx_word' id='word_1_11' title='bbox 1104 550 1203 619; x_wconf 77' lang='grc' dir='ltr'>τῆς</span> <span class='ocrx_word' id='word_1_12' title='bbox 1237 547 1403 619; x_wconf 76' lang='grc' dir='ltr'>εὐχῆς</span> <span class='ocrx_word' id='word_1_13' title='bbox 1433 547 1491 600; x_wconf 76' lang='grc' dir='ltr'>οὐ</span> <span class='ocrx_word' id='word_1_14' title='bbox 1523 546 1745 599; x_wconf 67' lang='grc' dir='ltr'>δύναται</span> <span class='ocrx_word' id='word_1_15' title='bbox 1778 544 1928 613; x_wconf 77' lang='grc' dir='ltr'>γενέ-</span> 
     </span>
    </p>
   </div>
   <div class='ocr_carea' id='block_1_5' title="bbox 2030 530 3618 623">
    <p class='ocr_par' dir='ltr' id='par_1_5' title="bbox 2038 530 3618 609">
     <span class='ocr_line' id='line_1_5' title="bbox 2038 530 3618 609; baseline -0.001 -16"><span class='ocrx_word' id='word_1_16' title='bbox 2038 539 2157 593; x_wconf 84' lang='lat' dir='ltr'><strong>sine</strong></span> <span class='ocrx_word' id='word_1_17' title='bbox 2180 554 2287 609; x_wconf 89' lang='lat' dir='ltr'><strong>qua</strong></span> <span class='ocrx_word' id='word_1_18' title='bbox 2316 551 2493 602; x_wconf 85' lang='lat' dir='ltr'><strong>mens,</strong></span> <span class='ocrx_word' id='word_1_19' title='bbox 2526 534 2582 587; x_wconf 89' lang='lat' dir='ltr'><strong>in</strong></span> <span class='ocrx_word' id='word_1_20' title='bbox 2610 530 2816 587; x_wconf 78' lang='lat' dir='ltr'><strong>mundo</strong></span> <span class='ocrx_word' id='word_1_21' title='bbox 2844 531 3109 586; x_wconf 87' lang='lat' dir='ltr'><strong>orationis</strong></span> <span class='ocrx_word' id='word_1_22' title='bbox 3141 532 3263 587; x_wconf 90' lang='lat' dir='ltr'><strong>loco</strong></span> <span class='ocrx_word' id='word_1_23' title='bbox 3293 547 3405 588; x_wconf 91' lang='lat' dir='ltr'><strong>non</strong></span> <span class='ocrx_word' id='word_1_24' title='bbox 3438 544 3618 606; x_wconf 82' lang='lat' dir='ltr'><strong>potest</strong></span> 
     </span>
    </p>
   </div>
   <div class='ocr_carea' id='block_1_6' title="bbox 350 641 705 706">
    <p class='ocr_par' dir='ltr' id='par_1_6' title="bbox 350 641 705 706">
     <span class='ocr_line' id='line_1_6' title="bbox 350 641 705 706; baseline -0.011 -9"><span class='ocrx_word' id='word_1_25' title='bbox 350 644 475 697; x_wconf 84' lang='grc' dir='ltr'><strong>σθαι</strong></span> <span class='ocrx_word' id='word_1_26' title='bbox 503 645 532 695; x_wconf 97' lang='lat'><strong>6</strong></span> <span class='ocrx_word' id='word_1_27' title='bbox 561 641 705 706; x_wconf 89' lang='grc' dir='ltr'>νοῦς.</span> 
     </span>
    </p>
   </div>
   <div class='ocr_carea' id='block_1_7' title="bbox 419 728 1916 801">
    <p class='ocr_par' dir='ltr' id='par_1_7' title="bbox 419 728 1916 801">
     <span class='ocr_line' id='line_1_7' title="bbox 419 728 1916 801; baseline -0.003 -17"><span class='ocrx_word' id='word_1_28' title='bbox 419 733 519 787; x_wconf 72' lang='grc' dir='ltr'>λε’.</span> <span class='ocrx_word' id='word_1_29' title='bbox 572 733 660 784; x_wconf 86' lang='grc' dir='ltr'>Ἐν</span> <span class='ocrx_word' id='word_1_30' title='bbox 714 730 791 801; x_wconf 80' lang='grc' dir='ltr'>τῷ</span> <span class='ocrx_word' id='word_1_31' title='bbox 843 730 1183 800; x_wconf 81' lang='grc' dir='ltr'>ἐλέγχεσθαι,</span> <span class='ocrx_word' id='word_1_32' title='bbox 1218 729 1250 799; x_wconf 85' lang='grc' dir='ltr'><strong>ἦ</strong></span> <span class='ocrx_word' id='word_1_33' title='bbox 1286 729 1634 800; x_wconf 73' lang='grc' dir='ltr'>σιιοπᾷνεδεῖ.</span> <span class='ocrx_word' id='word_1_34' title='bbox 1665 728 1698 797; x_wconf 80' lang='grc' dir='ltr'>ἢ</span> <span class='ocrx_word' id='word_1_35' title='bbox 1732 729 1916 797; x_wconf 68' lang='grc' dir='ltr'>ἠπίως</span> 
     </span>
    </p>
   </div>
   <div class='ocr_carea' id='block_1_8' title="bbox 347 819 1929 890">
    <p class='ocr_par' dir='ltr' id='par_1_8' title="bbox 347 819 1929 890">
     <span class='ocr_line' id='line_1_8' title="bbox 347 819 1929 890; baseline -0.005 -12"><span class='ocrx_word' id='word_1_36' title='bbox 347 822 738 890; x_wconf 82' lang='grc' dir='ltr'>ἀπολογεῖσθαι</span> <span class='ocrx_word' id='word_1_37' title='bbox 774 821 851 889; x_wconf 81' lang='grc' dir='ltr'>τῷ</span> <span class='ocrx_word' id='word_1_38' title='bbox 890 823 1284 890; x_wconf 74' lang='grc' dir='ltr'>καταλέγοντι·</span> <span class='ocrx_word' id='word_1_39' title='bbox 1320 822 1381 873; x_wconf 82' lang='grc' dir='ltr'><strong>οὐ</strong></span> <span class='ocrx_word' id='word_1_40' title='bbox 1422 822 1509 875; x_wconf 74' lang='grc' dir='ltr'><strong>διὰ</strong></span> <span class='ocrx_word' id='word_1_41' title='bbox 1561 820 1622 875; x_wconf 72' lang='grc' dir='ltr'>τὸ</span> <span class='ocrx_word' id='word_1_42' title='bbox 1664 819 1929 888; x_wconf 84' lang='grc' dir='ltr'>συστῆσαι</span> 
     </span>
    </p>
   </div>
   <div class='ocr_carea' id='block_1_9' title="bbox 351 909 1929 983">
    <p class='ocr_par' dir='ltr' id='par_1_9' title="bbox 351 909 1929 983">
     <span class='ocr_line' id='line_1_9' title="bbox 351 909 1929 983; baseline -0.005 -16"><span class='ocrx_word' id='word_1_43' title='bbox 351 913 422 967; x_wconf 82' lang='grc' dir='ltr'><strong>τὰ</strong></span> <span class='ocrx_word' id='word_1_44' title='bbox 468 912 646 965; x_wconf 83' lang='grc' dir='ltr'>οἰκεῖα</span> <span class='ocrx_word' id='word_1_45' title='bbox 698 912 790 963; x_wconf 75' lang='grc' dir='ltr'>τὸν</span> <span class='ocrx_word' id='word_1_46' title='bbox 846 911 1236 983; x_wconf 80' lang='grc' dir='ltr'>ἐλεγχόμενον·</span> <span class='ocrx_word' id='word_1_47' title='bbox 1272 910 1360 963; x_wconf 84' lang='grc' dir='ltr'>διὰ</span> <span class='ocrx_word' id='word_1_48' title='bbox 1412 910 1469 965; x_wconf 77' lang='grc' dir='ltr'><strong>δὲ</strong></span> <span class='ocrx_word' id='word_1_49' title='bbox 1519 910 1574 962; x_wconf 84' lang='grc' dir='ltr'><strong>τὸ</strong></span> <span class='ocrx_word' id='word_1_50' title='bbox 1628 909 1929 982; x_wconf 79' lang='grc' dir='ltr'>ἀναστῆσαι</span> 
     </span>
    </p>
   </div>
   <div class='ocr_carea' id='block_1_10' title="bbox 348 1001 1677 1075">
    <p class='ocr_par' dir='ltr' id='par_1_10' title="bbox 348 1001 1677 1075">
     <span class='ocr_line' id='line_1_10' title="bbox 348 1001 1677 1075; baseline -0.004 -18"><span class='ocrx_word' id='word_1_51' title='bbox 348 1003 738 1075; x_wconf 69' lang='grc' dir='ltr'><strong>προσκόψαντα</strong></span> <span class='ocrx_word' id='word_1_52' title='bbox 766 1006 914 1069; x_wconf 82' lang='grc' dir='ltr'><strong>ἴσως,</strong></span> <span class='ocrx_word' id='word_1_53' title='bbox 943 1004 1033 1057; x_wconf 63' lang='grc' dir='ltr'>τὸν</span> <span class='ocrx_word' id='word_1_54' title='bbox 1055 1006 1112 1053; x_wconf 81' lang='grc' dir='ltr'><strong>ἐν</strong></span> <span class='ocrx_word' id='word_1_55' title='bbox 1138 1001 1329 1073; x_wconf 74' lang='grc' dir='ltr'>ἀγνοίᾳ</span> <span class='ocrx_word' id='word_1_56' title='bbox 1370 1002 1677 1073; x_wconf 74' lang='grc' dir='ltr'>ἐλέγχοντα.</span> 
     </span>
    </p>
   </div>
   <div class='ocr_carea' id='block_1_11' title="bbox 418 1180 1929 1253">
    <p class='ocr_par' dir='ltr' id='par_1_11' title="bbox 418 1180 1929 1253">
     <span class='ocr_line' id='line_1_11' title="bbox 418 1180 1929 1253; baseline -0.005 -15"><span class='ocrx_word' id='word_1_57' title='bbox 418 1185 513 1238; x_wconf 84' lang='grc' dir='ltr'>λε’.</span> <span class='ocrx_word' id='word_1_58' title='bbox 567 1184 624 1237; x_wconf 85' lang='grc'><strong>’0</strong></span> <span class='ocrx_word' id='word_1_59' title='bbox 660 1180 737 1250; x_wconf 80' lang='grc' dir='ltr'>τῷ</span> <span class='ocrx_word' id='word_1_60' title='bbox 789 1181 1091 1253; x_wconf 74' lang='grc' dir='ltr'>λυπήσαντι</span> <span class='ocrx_word' id='word_1_61' title='bbox 1144 1182 1346 1245; x_wconf 81' lang='grc' dir='ltr'>ἀδίκως</span> <span class='ocrx_word' id='word_1_62' title='bbox 1377 1183 1441 1253; x_wconf 71' lang='grc' dir='ltr'><strong>(ί)</strong></span> <span class='ocrx_word' id='word_1_63' title='bbox 1475 1181 1579 1252; x_wconf 70' lang='grc' dir='ltr'>πρὸ</span> <span class='ocrx_word' id='word_1_64' title='bbox 1627 1180 1719 1234; x_wconf 84' lang='grc' dir='ltr'><strong>τοῦ</strong></span> <span class='ocrx_word' id='word_1_65' title='bbox 1762 1197 1929 1253; x_wconf 76' lang='grc' dir='ltr'>προσ-</span> 
     </span>
    </p>
   </div>
   <div class='ocr_carea' id='block_1_12' title="bbox 347 1274 1925 1349">
    <p class='ocr_par' dir='ltr' id='par_1_12' title="bbox 347 1274 1925 1349">
     <span class='ocr_line' id='line_1_12' title="bbox 347 1274 1925 1349; baseline -0.004 -19"><span class='ocrx_word' id='word_1_66' title='bbox 347 1276 611 1347; x_wconf 80' lang='grc' dir='ltr'>κληθῆναι</span> <span class='ocrx_word' id='word_1_67' title='bbox 639 1275 730 1328; x_wconf 79' lang='grc' dir='ltr'>ὑπ’</span> <span class='ocrx_word' id='word_1_68' title='bbox 760 1274 922 1329; x_wconf 80' lang='grc' dir='ltr'>αὐτοῦ</span> <span class='ocrx_word' id='word_1_69' title='bbox 956 1274 1177 1336; x_wconf 69' lang='grc' dir='ltr'>εὐνοῶν,</span> <span class='ocrx_word' id='word_1_70' title='bbox 1206 1274 1515 1349; x_wconf 71' lang='grc' dir='ltr'>ἐζημίωται</span> <span class='ocrx_word' id='word_1_71' title='bbox 1562 1274 1669 1331; x_wconf 83' lang='grc' dir='ltr'>τών</span> <span class='ocrx_word' id='word_1_72' title='bbox 1696 1274 1925 1342; x_wconf 75' lang='grc' dir='ltr'>ἀνηκόν-</span> 
     </span>
    </p>
   </div>
   <div class='ocr_carea' id='block_1_13' title="bbox 346 1364 1928 1440">
    <p class='ocr_par' dir='ltr' id='par_1_13' title="bbox 346 1364 1928 1440">
     <span class='ocr_line' id='line_1_13' title="bbox 346 1364 1928 1440; baseline -0.004 -19"><span class='ocrx_word' id='word_1_73' title='bbox 346 1385 456 1422; x_wconf 83' lang='grc' dir='ltr'><strong>των</strong></span> <span class='ocrx_word' id='word_1_74' title='bbox 476 1368 648 1420; x_wconf 76' lang='grc' dir='ltr'>οὐδέν,</span> <span class='ocrx_word' id='word_1_75' title='bbox 695 1367 840 1418; x_wconf 83' lang='grc' dir='ltr'><strong>’0δέ</strong></span> <span class='ocrx_word' id='word_1_76' title='bbox 898 1366 1035 1437; x_wconf 78' lang='grc' dir='ltr'><strong>μετά</strong></span> <span class='ocrx_word' id='word_1_77' title='bbox 1089 1367 1187 1433; x_wconf 81' lang='grc' dir='ltr'><strong>τὴν</strong></span> <span class='ocrx_word' id='word_1_78' title='bbox 1240 1364 1603 1436; x_wconf 78' lang='grc' dir='ltr'>πρόσκλησιν,</span> <span class='ocrx_word' id='word_1_79' title='bbox 1633 1364 1734 1431; x_wconf 78' lang='grc' dir='ltr'>τῆς</span> <span class='ocrx_word' id='word_1_80' title='bbox 1763 1364 1928 1440; x_wconf 62' lang='grc' dir='ltr'>εὐφο-</span> 
     </span>
    </p>
   </div>
   <div class='ocr_carea' id='block_1_14' title="bbox 350 1454 1923 1531">
    <p class='ocr_par' dir='ltr' id='par_1_14' title="bbox 350 1454 1923 1531">
     <span class='ocr_line' id='line_1_14' title="bbox 350 1454 1923 1531; baseline -0.002 -20"><span class='ocrx_word' id='word_1_81' title='bbox 350 1458 474 1529; x_wconf 89' lang='grc' dir='ltr'>ρίας</span> <span class='ocrx_word' id='word_1_82' title='bbox 501 1458 561 1509; x_wconf 79' lang='grc' dir='ltr'>τὸ</span> <span class='ocrx_word' id='word_1_83' title='bbox 590 1458 784 1527; x_wconf 82' lang='grc' dir='ltr'>ἥμισυ.</span> <span class='ocrx_word' id='word_1_84' title='bbox 816 1456 1102 1527; x_wconf 76' lang='grc' dir='ltr'>Κερδαίνει</span> <span class='ocrx_word' id='word_1_85' title='bbox 1130 1457 1186 1513; x_wconf 80' lang='grc' dir='ltr'><strong>δέ</strong></span> <span class='ocrx_word' id='word_1_86' title='bbox 1215 1456 1333 1508; x_wconf 73' lang='grc' dir='ltr'>ὅλον</span> <span class='ocrx_word' id='word_1_87' title='bbox 1362 1455 1422 1507; x_wconf 83' lang='grc' dir='ltr'>τὸ</span> <span class='ocrx_word' id='word_1_88' title='bbox 1447 1454 1923 1531; x_wconf 79' lang='grc' dir='ltr'>προκαταϐληθὲν,</span> 
     </span>
    </p>
   </div>
   <div class='ocr_carea' id='block_1_15' title="bbox 347 1545 1925 1620">
    <p class='ocr_par' dir='ltr' id='par_1_15' title="bbox 347 1545 1925 1620">
     <span class='ocr_line' id='line_1_15' title="bbox 347 1545 1925 1620; baseline -0.004 -18"><span class='ocrx_word' id='word_1_89' title='bbox 347 1552 376 1602; x_wconf 98' lang='lat'><strong>6</strong></span> <span class='ocrx_word' id='word_1_90' title='bbox 407 1548 677 1620; x_wconf 79' lang='grc' dir='ltr'>μηδέποτε</span> <span class='ocrx_word' id='word_1_91' title='bbox 704 1547 790 1601; x_wconf 67' lang='grc' dir='ltr'>διὰ</span> <span class='ocrx_word' id='word_1_92' title='bbox 823 1548 1000 1617; x_wconf 84' lang='grc' dir='ltr'>λύπην</span> <span class='ocrx_word' id='word_1_93' title='bbox 1032 1546 1457 1613; x_wconf 71' lang='grc' dir='ltr'><strong>ἀποσυνάγωγος</strong></span> <span class='ocrx_word' id='word_1_94' title='bbox 1497 1545 1925 1617; x_wconf 79' lang='grc' dir='ltr'>εὐρισκόμενος’</span> 
     </span>
    </p>
   </div>
   <div class='ocr_carea' id='block_1_16' title="bbox 347 1637 1928 1711">
    <p class='ocr_par' dir='ltr' id='par_1_16' title="bbox 347 1637 1928 1711">
     <span class='ocr_line' id='line_1_16' title="bbox 347 1637 1928 1711; baseline -0.001 -17"><span class='ocrx_word' id='word_1_95' title='bbox 347 1640 675 1711; x_wconf 82' lang='grc' dir='ltr'>προστίθησι</span> <span class='ocrx_word' id='word_1_96' title='bbox 707 1639 765 1692; x_wconf 87' lang='grc' dir='ltr'><strong>δὲ</strong></span> <span class='ocrx_word' id='word_1_97' title='bbox 797 1640 891 1693; x_wconf 74' lang='grc' dir='ltr'><strong>καὶ</strong></span> <span class='ocrx_word' id='word_1_98' title='bbox 938 1639 1128 1709; x_wconf 75' lang='grc' dir='ltr'>μισθὸν</span> <span class='ocrx_word' id='word_1_99' title='bbox 1160 1639 1359 1702; x_wconf 79' lang='grc' dir='ltr'>ἐαυτώ,</span> <span class='ocrx_word' id='word_1_100' title='bbox 1398 1641 1425 1690; x_wconf 88' lang='grc' dir='ltr'>ὁ</span> <span class='ocrx_word' id='word_1_101' title='bbox 1456 1638 1517 1690; x_wconf 75' lang='grc' dir='ltr'>τὸ</span> <span class='ocrx_word' id='word_1_102' title='bbox 1546 1637 1769 1708; x_wconf 76' lang='grc' dir='ltr'>σφάλμα</span> <span class='ocrx_word' id='word_1_103' title='bbox 1803 1637 1928 1706; x_wconf 78' lang='grc' dir='ltr'><strong>βάλ-</strong></span> 
     </span>
    </p>
   </div>
   <div class='ocr_carea' id='block_1_17' title="bbox 346 1728 1215 1787">
    <p class='ocr_par' dir='ltr' id='par_1_17' title="bbox 346 1728 1215 1787">
     <span class='ocr_line' id='line_1_17' title="bbox 346 1728 1215 1787; baseline -0.003 -2"><span class='ocrx_word' id='word_1_104' title='bbox 346 1728 456 1785; x_wconf 87' lang='grc' dir='ltr'><strong>λων</strong></span> <span class='ocrx_word' id='word_1_105' title='bbox 486 1730 673 1784; x_wconf 76' lang='grc' dir='ltr'>ἐπάνω</span> <span class='ocrx_word' id='word_1_106' title='bbox 709 1728 910 1787; x_wconf 77' lang='grc' dir='ltr'>ἑαυτοῦ</span> <span class='ocrx_word' id='word_1_107' title='bbox 943 1730 1000 1781; x_wconf 92' lang='grc' dir='ltr'><strong>ἐν</strong></span> <span class='ocrx_word' id='word_1_108' title='bbox 1032 1728 1215 1787; x_wconf 85' lang='grc' dir='ltr'>παντί.</span> 
     </span>
    </p>
   </div>
   <div class='ocr_carea' id='block_1_18' title="bbox 414 2000 1922 2077">
    <p class='ocr_par' dir='ltr' id='par_1_18' title="bbox 414 2000 1922 2077">
     <span class='ocr_line' id='line_1_18' title="bbox 414 2000 1922 2077; baseline 0.001 -19"><span class='ocrx_word' id='word_1_109' title='bbox 414 2003 525 2071; x_wconf 84' lang='grc' dir='ltr'>λς’.</span> <span class='ocrx_word' id='word_1_110' title='bbox 561 2004 698 2065; x_wconf 74' lang='grc' dir='ltr'>Οὔτε</span> <span class='ocrx_word' id='word_1_111' title='bbox 729 2007 758 2058; x_wconf 90' lang='lat'><strong>6</strong></span> <span class='ocrx_word' id='word_1_112' title='bbox 795 2003 1125 2077; x_wconf 66' lang='grc' dir='ltr'>ὑψηλόφρων</span> <span class='ocrx_word' id='word_1_113' title='bbox 1151 2003 1505 2073; x_wconf 67' lang='grc' dir='ltr'><strong>ἐπιγινώσκει</strong></span> <span class='ocrx_word' id='word_1_114' title='bbox 1538 2000 1628 2067; x_wconf 76' lang='grc' dir='ltr'>οἷα</span> <span class='ocrx_word' id='word_1_115' title='bbox 1675 2006 1743 2060; x_wconf 77' lang='grc' dir='ltr'>τὰ</span> <span class='ocrx_word' id='word_1_116' title='bbox 1791 2008 1922 2071; x_wconf 76' lang='grc' dir='ltr'><strong>ἐαυ-</strong></span> 
     </span>
    </p>
   </div>
   <div class='ocr_carea' id='block_1_19' title="bbox 347 2097 1933 2169">
    <p class='ocr_par' dir='ltr' id='par_1_19' title="bbox 347 2097 1933 2169">
     <span class='ocr_line' id='line_1_19' title="bbox 347 2097 1933 2169; baseline -0.001 -15"><span class='ocrx_word' id='word_1_117' title='bbox 347 2098 442 2154; x_wconf 81' lang='grc' dir='ltr'><strong>τοῦ</strong></span> <span class='ocrx_word' id='word_1_118' title='bbox 486 2097 886 2168; x_wconf 77' lang='grc' dir='ltr'>ἐλαττώματα,</span> <span class='ocrx_word' id='word_1_119' title='bbox 945 2097 1071 2150; x_wconf 72' lang='grc' dir='ltr'>οὔτε</span> <span class='ocrx_word' id='word_1_120' title='bbox 1119 2099 1147 2149; x_wconf 95' lang='lat'><strong>6</strong></span> <span class='ocrx_word' id='word_1_121' title='bbox 1199 2098 1586 2169; x_wconf 85' lang='grc' dir='ltr'>ταπεινόφρων</span> <span class='ocrx_word' id='word_1_122' title='bbox 1646 2098 1712 2153; x_wconf 88' lang='grc' dir='ltr'><strong>τά</strong></span> <span class='ocrx_word' id='word_1_123' title='bbox 1753 2100 1933 2152; x_wconf 85' lang='grc' dir='ltr'>οἰκεῖα</span> 
     </span>
    </p>
   </div>
   <div class='ocr_carea' id='block_1_20' title="bbox 349 2189 1928 2261">
    <p class='ocr_par' dir='ltr' id='par_1_20' title="bbox 349 2189 1928 2261">
     <span class='ocr_line' id='line_1_20' title="bbox 349 2189 1928 2261; baseline 0.001 -17"><span class='ocrx_word' id='word_1_124' title='bbox 349 2190 509 2244; x_wconf 76' lang='grc' dir='ltr'>καλά.</span> <span class='ocrx_word' id='word_1_125' title='bbox 546 2189 823 2243; x_wconf 83' lang='grc' dir='ltr'>Καλύπτει</span> <span class='ocrx_word' id='word_1_126' title='bbox 858 2190 989 2260; x_wconf 68' lang='grc' dir='ltr'>γὰρ,</span> <span class='ocrx_word' id='word_1_127' title='bbox 1010 2190 1100 2242; x_wconf 67' lang='grc' dir='ltr'><strong>τὸν</strong></span> <span class='ocrx_word' id='word_1_128' title='bbox 1134 2191 1254 2259; x_wconf 81' lang='grc' dir='ltr'>μὲν,</span> <span class='ocrx_word' id='word_1_129' title='bbox 1290 2189 1481 2258; x_wconf 73' lang='grc' dir='ltr'>ἄγνοια</span> <span class='ocrx_word' id='word_1_130' title='bbox 1511 2189 1711 2261; x_wconf 80' lang='grc' dir='ltr'><strong>φαύλη·</strong></span> <span class='ocrx_word' id='word_1_131' title='bbox 1738 2190 1828 2243; x_wconf 83' lang='grc' dir='ltr'><strong>τὸν</strong></span> <span class='ocrx_word' id='word_1_132' title='bbox 1850 2190 1928 2255; x_wconf 86' lang='grc' dir='ltr'><strong>δὲ,</strong></span> 
     </span>
    </p>
   </div>
   <div class='ocr_carea' id='block_1_21' title="bbox 350 2281 666 2351">
    <p class='ocr_par' dir='ltr' id='par_1_21' title="bbox 350 2281 666 2351">
     <span class='ocr_line' id='line_1_21' title="bbox 350 2281 666 2351; baseline -0.006 -18"><span class='ocrx_word' id='word_1_133' title='bbox 350 2281 666 2351; x_wconf 73' lang='grc' dir='ltr'>θεάρεστος.</span> 
     </span>
    </p>
   </div>
   <div class='ocr_carea' id='block_1_22' title="bbox 420 2370 1929 2444">
    <p class='ocr_par' dir='ltr' id='par_1_22' title="bbox 420 2370 1929 2444">
     <span class='ocr_line' id='line_1_22' title="bbox 420 2370 1929 2444; baseline 0.003 -22"><span class='ocrx_word' id='word_1_134' title='bbox 420 2370 519 2435; x_wconf 74' lang='grc' dir='ltr'><strong>λζ’.</strong></span> <span class='ocrx_word' id='word_1_135' title='bbox 553 2370 679 2434; x_wconf 92' lang='grc' dir='ltr'>Τοῖς</span> <span class='ocrx_word' id='word_1_136' title='bbox 711 2371 972 2440; x_wconf 75' lang='grc' dir='ltr'>ἰσοτίμοις</span> <span class='ocrx_word' id='word_1_137' title='bbox 1005 2371 1033 2423; x_wconf 92' lang='lat'><strong>6</strong></span> <span class='ocrx_word' id='word_1_138' title='bbox 1062 2371 1413 2441; x_wconf 83' lang='grc' dir='ltr'>ὑπερήφανος</span> <span class='ocrx_word' id='word_1_139' title='bbox 1439 2377 1499 2435; x_wconf 72' lang='grc' dir='ltr'>ιν</span> <span class='ocrx_word' id='word_1_140' title='bbox 1525 2371 1709 2435; x_wconf 81' lang='grc' dir='ltr'>καλοῖς</span> <span class='ocrx_word' id='word_1_141' title='bbox 1749 2390 1929 2444; x_wconf 86' lang='grc' dir='ltr'>παρα-</span> 
     </span>
    </p>
   </div>
   <div class='ocr_carea' id='block_1_23' title="bbox 350 2462 1928 2536">
    <p class='ocr_par' dir='ltr' id='par_1_23' title="bbox 350 2462 1928 2536">
     <span class='ocr_line' id='line_1_23' title="bbox 350 2462 1928 2536; baseline 0.001 -22"><span class='ocrx_word' id='word_1_142' title='bbox 350 2462 670 2533; x_wconf 78' lang='grc' dir='ltr'><strong>μετρεῖσθαι</strong></span> <span class='ocrx_word' id='word_1_143' title='bbox 715 2462 774 2515; x_wconf 82' lang='grc' dir='ltr'><strong>οὐ</strong></span> <span class='ocrx_word' id='word_1_144' title='bbox 820 2462 1101 2533; x_wconf 64' lang='grc' dir='ltr'>βοῦλετοιν</span> <span class='ocrx_word' id='word_1_145' title='bbox 1153 2464 1210 2517; x_wconf 87' lang='grc' dir='ltr'><strong>ἐν</strong></span> <span class='ocrx_word' id='word_1_146' title='bbox 1252 2463 1310 2515; x_wconf 81' lang='grc' dir='ltr'>δὲ</span> <span class='ocrx_word' id='word_1_147' title='bbox 1339 2467 1449 2527; x_wconf 87' lang='grc' dir='ltr'>τοῖς</span> <span class='ocrx_word' id='word_1_148' title='bbox 1477 2465 1760 2528; x_wconf 82' lang='grc' dir='ltr'><strong>ἐναντίοις,</strong></span> <span class='ocrx_word' id='word_1_149' title='bbox 1793 2466 1928 2536; x_wconf 80' lang='grc' dir='ltr'>πρὸς</span> 
     </span>
    </p>
   </div>
   <div class='ocr_carea' id='block_1_24' title="bbox 351 2553 1929 2628">
    <p class='ocr_par' dir='ltr' id='par_1_24' title="bbox 351 2553 1929 2628">
     <span class='ocr_line' id='line_1_24' title="bbox 351 2553 1929 2628; baseline 0.001 -22"><span class='ocrx_word' id='word_1_150' title='bbox 351 2555 472 2615; x_wconf 81' lang='grc' dir='ltr'>τοὺς</span> <span class='ocrx_word' id='word_1_151' title='bbox 498 2553 887 2623; x_wconf 80' lang='grc' dir='ltr'><strong>ὑπερέχοντας,</strong></span> <span class='ocrx_word' id='word_1_152' title='bbox 927 2553 1161 2623; x_wconf 77' lang='grc' dir='ltr'>φορητὸν</span> <span class='ocrx_word' id='word_1_153' title='bbox 1190 2553 1250 2613; x_wconf 78' lang='grc' dir='ltr'><strong>τὸ</strong></span> <span class='ocrx_word' id='word_1_154' title='bbox 1286 2553 1480 2614; x_wconf 75' lang='grc' dir='ltr'>ἐαυτοῦ</span> <span class='ocrx_word' id='word_1_155' title='bbox 1510 2554 1929 2628; x_wconf 73' lang='grc' dir='ltr'>παραϐαλλόμε-</span> 
     </span>
    </p>
   </div>
   <div class='ocr_carea' id='block_1_25' title="bbox 350 2630 1603 2717">
    <p class='ocr_par' dir='ltr' id='par_1_25' title="bbox 350 2630 1603 2717">
     <span class='ocr_line' id='line_1_25' title="bbox 350 2630 1603 2717; baseline 0.002 -17"><span class='ocrx_word' id='word_1_156' title='bbox 350 2663 439 2700; x_wconf 85' lang='grc' dir='ltr'><strong>νον</strong></span> <span class='ocrx_word' id='word_1_157' title='bbox 470 2648 685 2716; x_wconf 86' lang='grc' dir='ltr'>ὴγεῖται</span> <span class='ocrx_word' id='word_1_158' title='bbox 720 2646 1031 2717; x_wconf 80' lang='grc' dir='ltr'>ἐλάττωμα.</span> <span class='ocrx_word' id='word_1_159' title='bbox 1600 2630 1603 2631; x_wconf 11' lang='grc' dir='ltr'><em>ν</em></span> 
     </span>
    </p>
   </div>
   <div class='ocr_carea' id='block_1_26' title="bbox 417 2738 1927 2810">
    <p class='ocr_par' dir='ltr' id='par_1_26' title="bbox 417 2738 1927 2810">
     <span class='ocr_line' id='line_1_26' title="bbox 417 2738 1927 2810; baseline 0 -17"><span class='ocrx_word' id='word_1_160' title='bbox 417 2738 521 2810; x_wconf 87' lang='grc' dir='ltr'>λη’.</span> <span class='ocrx_word' id='word_1_161' title='bbox 562 2740 621 2793; x_wconf 84' lang='grc' dir='ltr'>ὐ</span> <span class='ocrx_word' id='word_1_162' title='bbox 656 2738 755 2810; x_wconf 81' lang='grc' dir='ltr'><strong>μὲν</strong></span> <span class='ocrx_word' id='word_1_163' title='bbox 791 2738 959 2808; x_wconf 72' lang='grc' dir='ltr'>ψόγος</span> <span class='ocrx_word' id='word_1_164' title='bbox 995 2740 1248 2810; x_wconf 74' lang='grc' dir='ltr'>στεῤῥᾶν·</span> <span class='ocrx_word' id='word_1_165' title='bbox 1278 2740 1306 2791; x_wconf 95' lang='lat'><strong>6</strong></span> <span class='ocrx_word' id='word_1_166' title='bbox 1340 2740 1396 2801; x_wconf 76' lang='grc' dir='ltr'>δὲ</span> <span class='ocrx_word' id='word_1_167' title='bbox 1431 2739 1676 2803; x_wconf 60' lang='grc' dir='ltr'>ἔπαινος,</span> <span class='ocrx_word' id='word_1_168' title='bbox 1704 2740 1927 2801; x_wconf 69' lang='grc' dir='ltr'>ἔκλυτον</span> 
     </span>
    </p>
   </div>
   <div class='ocr_carea' id='block_1_27' title="bbox 351 2836 1925 2914">
    <p class='ocr_par' dir='ltr' id='par_1_27' title="bbox 351 2836 1925 2914">
     <span class='ocr_line' id='line_1_27' title="bbox 351 2836 1925 2914; baseline -0.001 -24"><span class='ocrx_word' id='word_1_169' title='bbox 351 2838 447 2908; x_wconf 77' lang='grc' dir='ltr'>τὴν</span> <span class='ocrx_word' id='word_1_170' title='bbox 485 2836 667 2907; x_wconf 79' lang='grc' dir='ltr'>ψυχὴν</span> <span class='ocrx_word' id='word_1_171' title='bbox 714 2837 1088 2909; x_wconf 74' lang='grc' dir='ltr'><strong>ἀπεργάζεται</strong></span> <span class='ocrx_word' id='word_1_172' title='bbox 1141 2836 1235 2889; x_wconf 82' lang='grc' dir='ltr'><strong>καὶ</strong></span> <span class='ocrx_word' id='word_1_173' title='bbox 1279 2836 1628 2910; x_wconf 78' lang='grc' dir='ltr'>νωθροτέραν</span> <span class='ocrx_word' id='word_1_174' title='bbox 1675 2837 1813 2914; x_wconf 83' lang='grc' dir='ltr'>πρὸς</span> <span class='ocrx_word' id='word_1_175' title='bbox 1855 2838 1925 2891; x_wconf 76' lang='grc' dir='ltr'>τὰ</span> 
     </span>
    </p>
   </div>
   <div class='ocr_carea' id='block_1_28' title="bbox 349 2926 511 2980">
    <p class='ocr_par' dir='ltr' id='par_1_28' title="bbox 349 2926 511 2980">
     <span class='ocr_line' id='line_1_28' title="bbox 349 2926 511 2980; baseline -0.006 -1"><span class='ocrx_word' id='word_1_176' title='bbox 349 2926 511 2980; x_wconf 87' lang='grc' dir='ltr'>καλά.</span> 
     </span>
    </p>
   </div>
   <div class='ocr_carea' id='block_1_29' title="bbox 417 3017 1921 3091">
    <p class='ocr_par' dir='ltr' id='par_1_29' title="bbox 417 3017 1921 3091">
     <span class='ocr_line' id='line_1_29' title="bbox 417 3017 1921 3091; baseline -0.001 -19"><span class='ocrx_word' id='word_1_177' title='bbox 417 3017 515 3073; x_wconf 87' lang='grc' dir='ltr'>λθ’.</span> <span class='ocrx_word' id='word_1_178' title='bbox 562 3019 891 3083; x_wconf 78' lang='grc' dir='ltr'>’Υπόστασις</span> <span class='ocrx_word' id='word_1_179' title='bbox 928 3021 1028 3090; x_wconf 74' lang='grc' dir='ltr'>μὲν</span> <span class='ocrx_word' id='word_1_180' title='bbox 1060 3019 1326 3083; x_wconf 69' lang='grc' dir='ltr'>πλούτου,</span> <span class='ocrx_word' id='word_1_181' title='bbox 1358 3020 1578 3091; x_wconf 75' lang='grc' dir='ltr'><strong>χρυσός⁸</strong></span> <span class='ocrx_word' id='word_1_182' title='bbox 1612 3019 1812 3089; x_wconf 79' lang='grc' dir='ltr'>ἀρετῆς</span> <span class='ocrx_word' id='word_1_183' title='bbox 1846 3019 1921 3079; x_wconf 74' lang='grc' dir='ltr'>δὲ,</span> 
     </span>
    </p>
   </div>
   <div class='ocr_carea' id='block_1_30' title="bbox 350 3110 1920 3183">
    <p class='ocr_par' dir='ltr' id='par_1_30' title="bbox 350 3110 1920 3183">
     <span class='ocr_line' id='line_1_30' title="bbox 350 3110 1920 3183; baseline 0.001 -21"><span class='ocrx_word' id='word_1_184' title='bbox 350 3110 697 3175; x_wconf 78' lang='grc' dir='ltr'>ταπείνωσις.</span> <span class='ocrx_word' id='word_1_185' title='bbox 746 3112 833 3175; x_wconf 85' lang='grc' dir='ltr'>Ὠς</span> <span class='ocrx_word' id='word_1_186' title='bbox 872 3110 962 3165; x_wconf 79' lang='grc' dir='ltr'>οὖν</span> <span class='ocrx_word' id='word_1_187' title='bbox 990 3115 1018 3166; x_wconf 92' lang='lat'><strong>6</strong></span> <span class='ocrx_word' id='word_1_188' title='bbox 1055 3112 1258 3183; x_wconf 79' lang='grc' dir='ltr'>χρυσοῦ</span> <span class='ocrx_word' id='word_1_189' title='bbox 1315 3111 1539 3183; x_wconf 82' lang='grc' dir='ltr'>ἀπορῶν</span> <span class='ocrx_word' id='word_1_190' title='bbox 1589 3112 1751 3182; x_wconf 84' lang='grc' dir='ltr'>πένης</span> <span class='ocrx_word' id='word_1_191' title='bbox 1786 3112 1920 3173; x_wconf 74' lang='grc' dir='ltr'>ἐστὶ,</span> 
     </span>
    </p>
   </div>
   <div class='ocr_carea' id='block_1_31' title="bbox 2033 646 2256 685">
    <p class='ocr_par' dir='ltr' id='par_1_31' title="bbox 2033 646 2256 685">
     <span class='ocr_line' id='line_1_31' title="bbox 2033 646 2256 685; baseline 0 -1"><span class='ocrx_word' id='word_1_192' title='bbox 2033 646 2233 685; x_wconf 80' lang='lat' dir='ltr'><strong>versari</strong></span> <span class='ocrx_word' id='word_1_193' title='bbox 2244 672 2256 684; x_wconf 89' lang='lat'><strong>.</strong></span> 
     </span>
    </p>
   </div>
   <div class='ocr_carea' id='block_1_32' title="bbox 2103 718 3620 792">
    <p class='ocr_par' dir='ltr' id='par_1_32' title="bbox 2103 718 3620 792">
     <span class='ocr_line' id='line_1_32' title="bbox 2103 718 3620 792; baseline -0.004 -14"><span class='ocrx_word' id='word_1_194' title='bbox 2103 723 2192 777; x_wconf 70' lang='grc'><strong>54.</strong></span> <span class='ocrx_word' id='word_1_195' title='bbox 2227 724 2365 778; x_wconf 89' lang='lat' dir='ltr'><strong>Dum</strong></span> <span class='ocrx_word' id='word_1_196' title='bbox 2400 721 2524 792; x_wconf 87' lang='lat' dir='ltr'><strong>quis</strong></span> <span class='ocrx_word' id='word_1_197' title='bbox 2561 718 3016 789; x_wconf 88' lang='lat' dir='ltr'><strong>reprehenditur,</strong></span> <span class='ocrx_word' id='word_1_198' title='bbox 3050 725 3145 772; x_wconf 92' lang='lat' dir='ltr'><strong>aut</strong></span> <span class='ocrx_word' id='word_1_199' title='bbox 3176 726 3355 773; x_wconf 86' lang='lat' dir='ltr'><strong>taceat</strong></span> <span class='ocrx_word' id='word_1_200' title='bbox 3390 732 3620 773; x_wconf 84' lang='lat' dir='ltr'><strong>necesse</strong></span> 
     </span>
    </p>
   </div>
   <div class='ocr_carea' id='block_1_33' title="bbox 2031 811 3615 884">
    <p class='ocr_par' dir='ltr' id='par_1_33' title="bbox 2031 811 3615 884">
     <span class='ocr_line' id='line_1_33' title="bbox 2031 811 3615 884; baseline -0.004 -12"><span class='ocrx_word' id='word_1_201' title='bbox 2031 826 2137 882; x_wconf 88' lang='lat' dir='ltr'><strong>est,</strong></span> <span class='ocrx_word' id='word_1_202' title='bbox 2174 825 2269 877; x_wconf 88' lang='lat' dir='ltr'><strong>aut</strong></span> <span class='ocrx_word' id='word_1_203' title='bbox 2306 814 2505 870; x_wconf 90' lang='lat' dir='ltr'><strong>blande</strong></span> <span class='ocrx_word' id='word_1_204' title='bbox 2548 812 2827 884; x_wconf 78' lang='lat' dir='ltr'><strong>sugillanti</strong></span> <span class='ocrx_word' id='word_1_205' title='bbox 2870 811 3189 867; x_wconf 76' lang='lat' dir='ltr'><strong>excusando</strong></span> <span class='ocrx_word' id='word_1_206' title='bbox 3228 812 3559 879; x_wconf 84' lang='lat' dir='ltr'><strong>respondeat</strong></span> <span class='ocrx_word' id='word_1_207' title='bbox 3600 829 3615 866; x_wconf 85' lang='lat'><strong>:</strong></span> 
     </span>
    </p>
   </div>
   <div class='ocr_carea' id='block_1_34' title="bbox 2031 904 3616 987">
    <p class='ocr_par' dir='ltr' id='par_1_34' title="bbox 2031 904 3616 987">
     <span class='ocr_line' id='line_1_34' title="bbox 2031 904 3616 987; baseline -0.004 -24"><span class='ocrx_word' id='word_1_208' title='bbox 2031 925 2143 963; x_wconf 89' lang='lat' dir='ltr'><strong>non</strong></span> <span class='ocrx_word' id='word_1_209' title='bbox 2171 917 2231 969; x_wconf 86' lang='lat' dir='ltr'><strong>ut</strong></span> <span class='ocrx_word' id='word_1_210' title='bbox 2259 908 2304 962; x_wconf 91' lang='lat' dir='ltr'><strong>is</strong></span> <span class='ocrx_word' id='word_1_211' title='bbox 2328 908 2421 987; x_wconf 87' lang='lat' dir='ltr'><strong>qui</strong></span> <span class='ocrx_word' id='word_1_212' title='bbox 2454 904 2880 984; x_wconf 69' lang='lat' dir='ltr'><strong>reprehenditur</strong></span> <span class='ocrx_word' id='word_1_213' title='bbox 2904 920 2999 958; x_wconf 89' lang='lat' dir='ltr'><strong>sua</strong></span> <span class='ocrx_word' id='word_1_214' title='bbox 3028 912 3250 964; x_wconf 89' lang='lat' dir='ltr'><strong>statuat,</strong></span> <span class='ocrx_word' id='word_1_215' title='bbox 3278 904 3371 957; x_wconf 85' lang='lat' dir='ltr'><strong>sed</strong></span> <span class='ocrx_word' id='word_1_216' title='bbox 3400 912 3459 957; x_wconf 90' lang='lat' dir='ltr'><strong>ut</strong></span> <span class='ocrx_word' id='word_1_217' title='bbox 3488 919 3616 958; x_wconf 83' lang='lat' dir='ltr'><strong>eum</strong></span> 
     </span>
    </p>
   </div>
   <div class='ocr_carea' id='block_1_35' title="bbox 2031 995 3615 1070">
    <p class='ocr_par' dir='ltr' id='par_1_35' title="bbox 2031 995 3615 1070">
     <span class='ocr_line' id='line_1_35' title="bbox 2031 995 3615 1070; baseline -0.003 -17"><span class='ocrx_word' id='word_1_218' title='bbox 2031 1000 2125 1070; x_wconf 89' lang='lat' dir='ltr'><strong>qui</strong></span> <span class='ocrx_word' id='word_1_219' title='bbox 2154 1000 2295 1053; x_wconf 87' lang='lat' dir='ltr'><strong>forte</strong></span> <span class='ocrx_word' id='word_1_220' title='bbox 2325 997 2579 1059; x_wconf 86' lang='lat' dir='ltr'><strong>offendit,</strong></span> <span class='ocrx_word' id='word_1_221' title='bbox 2606 1012 2704 1066; x_wconf 89' lang='lat' dir='ltr'><strong>per</strong></span> <span class='ocrx_word' id='word_1_222' title='bbox 2730 995 3099 1066; x_wconf 81' lang='lat' dir='ltr'><strong>ignorantiam</strong></span> <span class='ocrx_word' id='word_1_223' title='bbox 3131 995 3615 1064; x_wconf 84' lang='lat' dir='ltr'><strong>reprehendendo,</strong></span> 
     </span>
    </p>
   </div>
   <div class='ocr_carea' id='block_1_36' title="bbox 2030 1089 2226 1158">
    <p class='ocr_par' dir='ltr' id='par_1_36' title="bbox 2030 1089 2226 1158">
     <span class='ocr_line' id='line_1_36' title="bbox 2030 1089 2226 1158; baseline -0.005 -16"><span class='ocrx_word' id='word_1_224' title='bbox 2030 1089 2226 1158; x_wconf 81' lang='lat' dir='ltr'><strong>erigat.</strong></span> 
     </span>
    </p>
   </div>
   <div class='ocr_carea' id='block_1_37' title="bbox 2105 1177 3621 1258">
    <p class='ocr_par' dir='ltr' id='par_1_37' title="bbox 2105 1177 3621 1258">
     <span class='ocr_line' id='line_1_37' title="bbox 2105 1177 3621 1258; baseline -0.001 -24"><span class='ocrx_word' id='word_1_225' title='bbox 2105 1180 2193 1234; x_wconf 77' lang='lat'><strong>55.</strong></span> <span class='ocrx_word' id='word_1_226' title='bbox 2217 1180 2320 1245; x_wconf 85' lang='lat' dir='ltr'><strong>Qui</strong></span> <span class='ocrx_word' id='word_1_227' title='bbox 2346 1179 2394 1234; x_wconf 91' lang='lat' dir='ltr'><strong>ei</strong></span> <span class='ocrx_word' id='word_1_228' title='bbox 2422 1179 2514 1248; x_wconf 90' lang='lat' dir='ltr'><strong>qui</strong></span> <span class='ocrx_word' id='word_1_229' title='bbox 2545 1179 2743 1248; x_wconf 82' lang='lat' dir='ltr'><strong>injuria</strong></span> <span class='ocrx_word' id='word_1_230' title='bbox 2772 1177 2925 1239; x_wconf 56' lang='lat' dir='ltr'><strong>lasit,</strong></span> <span class='ocrx_word' id='word_1_231' title='bbox 2950 1179 3268 1258; x_wconf 82' lang='lat' dir='ltr'><strong>priusquam</strong></span> <span class='ocrx_word' id='word_1_232' title='bbox 3295 1179 3362 1233; x_wconf 85' lang='lat' dir='ltr'><strong>ab</strong></span> <span class='ocrx_word' id='word_1_233' title='bbox 3385 1195 3452 1232; x_wconf 78' lang='lat' dir='ltr'><strong>eo</strong></span> <span class='ocrx_word' id='word_1_234' title='bbox 3481 1179 3621 1232; x_wconf 88' lang='lat' dir='ltr'><strong>invi-</strong></span> 
     </span>
    </p>
   </div>
   <div class='ocr_carea' id='block_1_38' title="bbox 2035 1269 3617 1340">
    <p class='ocr_par' dir='ltr' id='par_1_38' title="bbox 2035 1269 3617 1340">
     <span class='ocr_line' id='line_1_38' title="bbox 2035 1269 3617 1340; baseline -0.003 -11"><span class='ocrx_word' id='word_1_235' title='bbox 2035 1282 2266 1335; x_wconf 80' lang='lat' dir='ltr'><strong>taretur,</strong></span> <span class='ocrx_word' id='word_1_236' title='bbox 2289 1272 2686 1328; x_wconf 73' lang='lat' dir='ltr'><strong>benevolentia:</strong></span> <span class='ocrx_word' id='word_1_237' title='bbox 2713 1272 2892 1325; x_wconf 90' lang='lat' dir='ltr'><strong>sinum</strong></span> <span class='ocrx_word' id='word_1_238' title='bbox 2918 1271 3115 1339; x_wconf 87' lang='lat' dir='ltr'><strong>aperit,</strong></span> <span class='ocrx_word' id='word_1_239' title='bbox 3139 1271 3258 1339; x_wconf 86' lang='lat' dir='ltr'><strong>ejus</strong></span> <span class='ocrx_word' id='word_1_240' title='bbox 3282 1271 3426 1340; x_wconf 88' lang='lat' dir='ltr'><strong>quod</strong></span> <span class='ocrx_word' id='word_1_241' title='bbox 3455 1269 3617 1324; x_wconf 77' lang='lat' dir='ltr'><strong>officii</strong></span> 
     </span>
    </p>
   </div>
   <div class='ocr_carea' id='block_1_39' title="bbox 2031 1362 3617 1435">
    <p class='ocr_par' dir='ltr' id='par_1_39' title="bbox 2031 1362 3617 1435">
     <span class='ocr_line' id='line_1_39' title="bbox 2031 1362 3617 1435; baseline -0.003 -15"><span class='ocrx_word' id='word_1_242' title='bbox 2031 1366 2105 1421; x_wconf 86' lang='lat' dir='ltr'><strong>sit</strong></span> <span class='ocrx_word' id='word_1_243' title='bbox 2132 1366 2338 1420; x_wconf 84' lang='lat' dir='ltr'><strong>nullam</strong></span> <span class='ocrx_word' id='word_1_244' title='bbox 2365 1365 2636 1435; x_wconf 84' lang='lat' dir='ltr'><strong>jacturam</strong></span> <span class='ocrx_word' id='word_1_245' title='bbox 2665 1362 2816 1417; x_wconf 85' lang='lat' dir='ltr'><strong>fecit.</strong></span> <span class='ocrx_word' id='word_1_246' title='bbox 2843 1362 2947 1430; x_wconf 86' lang='lat' dir='ltr'><strong>Qui</strong></span> <span class='ocrx_word' id='word_1_247' title='bbox 2980 1377 3113 1416; x_wconf 89' lang='lat' dir='ltr'><strong>vero</strong></span> <span class='ocrx_word' id='word_1_248' title='bbox 3146 1370 3435 1431; x_wconf 86' lang='lat' dir='ltr'><strong>postquam</strong></span> <span class='ocrx_word' id='word_1_249' title='bbox 3472 1362 3617 1415; x_wconf 89' lang='lat' dir='ltr'><strong>invi-</strong></span> 
     </span>
    </p>
   </div>
   <div class='ocr_carea' id='block_1_40' title="bbox 2036 1452 3617 1524">
    <p class='ocr_par' dir='ltr' id='par_1_40' title="bbox 2036 1452 3617 1524">
     <span class='ocr_line' id='line_1_40' title="bbox 2036 1452 3617 1524; baseline -0.003 -11"><span class='ocrx_word' id='word_1_250' title='bbox 2036 1467 2185 1513; x_wconf 87' lang='lat' dir='ltr'><strong>tatus</strong></span> <span class='ocrx_word' id='word_1_251' title='bbox 2232 1456 2436 1520; x_wconf 88' lang='lat' dir='ltr'><strong>fuerit,</strong></span> <span class='ocrx_word' id='word_1_252' title='bbox 2485 1454 2764 1516; x_wconf 82' lang='lat' dir='ltr'><strong>uberioris</strong></span> <span class='ocrx_word' id='word_1_253' title='bbox 2812 1452 3020 1508; x_wconf 85' lang='lat' dir='ltr'><strong>fructus</strong></span> <span class='ocrx_word' id='word_1_254' title='bbox 3065 1454 3347 1509; x_wconf 83' lang='lat' dir='ltr'><strong>dimidiam</strong></span> <span class='ocrx_word' id='word_1_255' title='bbox 3405 1463 3617 1524; x_wconf 85' lang='lat' dir='ltr'><strong>partem</strong></span> 
     </span>
    </p>
   </div>
   <div class='ocr_carea' id='block_1_41' title="bbox 2030 1544 3622 1617">
    <p class='ocr_par' dir='ltr' id='par_1_41' title="bbox 2030 1544 3622 1617">
     <span class='ocr_line' id='line_1_41' title="bbox 2030 1544 3622 1617; baseline -0.002 -13"><span class='ocrx_word' id='word_1_256' title='bbox 2030 1549 2236 1605; x_wconf 88' lang='lat' dir='ltr'><strong>amisit.</strong></span> <span class='ocrx_word' id='word_1_257' title='bbox 2263 1548 2539 1603; x_wconf 90' lang='lat' dir='ltr'><strong>Lucratur</strong></span> <span class='ocrx_word' id='word_1_258' title='bbox 2564 1554 2750 1601; x_wconf 89' lang='lat' dir='ltr'><strong>autem</strong></span> <span class='ocrx_word' id='word_1_259' title='bbox 2778 1546 3046 1616; x_wconf 84' lang='lat' dir='ltr'><strong>quidquid</strong></span> <span class='ocrx_word' id='word_1_260' title='bbox 3074 1544 3255 1601; x_wconf 78' lang='lat' dir='ltr'><strong>fuerat</strong></span> <span class='ocrx_word' id='word_1_261' title='bbox 3281 1547 3622 1617; x_wconf 88' lang='lat' dir='ltr'><strong>prosemina—</strong></span> 
     </span>
    </p>
   </div>
   <div class='ocr_carea' id='block_1_42' title="bbox 2031 1638 3618 1710">
    <p class='ocr_par' dir='ltr' id='par_1_42' title="bbox 2031 1638 3618 1710">
     <span class='ocr_line' id='line_1_42' title="bbox 2031 1638 3618 1710; baseline -0.001 -15"><span class='ocrx_word' id='word_1_262' title='bbox 2031 1649 2170 1707; x_wconf 92' lang='lat' dir='ltr'><strong>tum,</strong></span> <span class='ocrx_word' id='word_1_263' title='bbox 2203 1640 2299 1710; x_wconf 90' lang='lat' dir='ltr'><strong>qui</strong></span> <span class='ocrx_word' id='word_1_264' title='bbox 2332 1654 2446 1709; x_wconf 67' lang='lat' dir='ltr'><strong>prae</strong></span> <span class='ocrx_word' id='word_1_265' title='bbox 2481 1638 2704 1693; x_wconf 86' lang='lat' dir='ltr'><strong>tristitia</strong></span> <span class='ocrx_word' id='word_1_266' title='bbox 2742 1638 3022 1707; x_wconf 87' lang='lat' dir='ltr'><strong>animique</strong></span> <span class='ocrx_word' id='word_1_267' title='bbox 3055 1654 3306 1703; x_wconf 88' lang='lat' dir='ltr'><strong>rancore,</strong></span> <span class='ocrx_word' id='word_1_268' title='bbox 3338 1655 3618 1708; x_wconf 85' lang='lat' dir='ltr'><strong>nunquam</strong></span> 
     </span>
    </p>
   </div>
   <div class='ocr_carea' id='block_1_43' title="bbox 2030 1729 3620 1803">
    <p class='ocr_par' dir='ltr' id='par_1_43' title="bbox 2030 1729 3620 1803">
     <span class='ocr_line' id='line_1_43' title="bbox 2030 1729 3620 1803; baseline 0 -16"><span class='ocrx_word' id='word_1_269' title='bbox 2030 1732 2379 1803; x_wconf 65' lang='lat' dir='ltr'><strong>praesentiam</strong></span> <span class='ocrx_word' id='word_1_270' title='bbox 2425 1729 2757 1785; x_wconf 80' lang='lat' dir='ltr'><strong>subduxisse</strong></span> <span class='ocrx_word' id='word_1_271' title='bbox 2807 1731 3109 1785; x_wconf 81' lang='lat' dir='ltr'><strong>invenitur.</strong></span> <span class='ocrx_word' id='word_1_272' title='bbox 3151 1730 3257 1785; x_wconf 91' lang='lat' dir='ltr'><strong>Sed</strong></span> <span class='ocrx_word' id='word_1_273' title='bbox 3304 1740 3360 1786; x_wconf 83' lang='lat' dir='ltr'><strong>et</strong></span> <span class='ocrx_word' id='word_1_274' title='bbox 3408 1746 3620 1787; x_wconf 87' lang='lat' dir='ltr'><strong>merce—</strong></span> 
     </span>
    </p>
   </div>
   <div class='ocr_carea' id='block_1_44' title="bbox 2033 1822 3619 1895">
    <p class='ocr_par' dir='ltr' id='par_1_44' title="bbox 2033 1822 3619 1895">
     <span class='ocr_line' id='line_1_44' title="bbox 2033 1822 3619 1895; baseline 0.001 -16"><span class='ocrx_word' id='word_1_275' title='bbox 2033 1825 2158 1879; x_wconf 91' lang='lat' dir='ltr'><strong>dem</strong></span> <span class='ocrx_word' id='word_1_276' title='bbox 2198 1825 2304 1880; x_wconf 86' lang='lat' dir='ltr'><strong>sibi</strong></span> <span class='ocrx_word' id='word_1_277' title='bbox 2336 1825 2679 1889; x_wconf 81' lang='lat' dir='ltr'><strong>accumulat,</strong></span> <span class='ocrx_word' id='word_1_278' title='bbox 2706 1823 2802 1894; x_wconf 91' lang='lat' dir='ltr'><strong>qui</strong></span> <span class='ocrx_word' id='word_1_279' title='bbox 2839 1824 2893 1878; x_wconf 90' lang='lat' dir='ltr'><strong>in</strong></span> <span class='ocrx_word' id='word_1_280' title='bbox 2930 1822 3189 1878; x_wconf 89' lang='lat' dir='ltr'><strong>omnibus</strong></span> <span class='ocrx_word' id='word_1_281' title='bbox 3226 1824 3277 1877; x_wconf 90' lang='lat' dir='ltr'><strong>in</strong></span> <span class='ocrx_word' id='word_1_282' title='bbox 3310 1841 3368 1879; x_wconf 91' lang='lat' dir='ltr'><strong>se</strong></span> <span class='ocrx_word' id='word_1_283' title='bbox 3402 1826 3619 1895; x_wconf 86' lang='lat' dir='ltr'><strong>culpam</strong></span> 
     </span>
    </p>
   </div>
   <div class='ocr_carea' id='block_1_45' title="bbox 2033 1919 2236 1990">
    <p class='ocr_par' dir='ltr' id='par_1_45' title="bbox 2033 1919 2236 1990">
     <span class='ocr_line' id='line_1_45' title="bbox 2033 1919 2236 1990; baseline -0.015 -15"><span class='ocrx_word' id='word_1_284' title='bbox 2033 1919 2236 1990; x_wconf 88' lang='lat' dir='ltr'><strong>rejicit.</strong></span> 
     </span>
    </p>
   </div>
   <div class='ocr_carea' id='block_1_46' title="bbox 2097 2006 3620 2089">
    <p class='ocr_par' dir='ltr' id='par_1_46' title="bbox 2097 2006 3620 2089">
     <span class='ocr_line' id='line_1_46' title="bbox 2097 2006 3620 2089; baseline 0 -27"><span class='ocrx_word' id='word_1_285' title='bbox 2097 2008 2261 2089; x_wconf 64' lang='lat'><strong>645</strong></span> <span class='ocrx_word' id='word_1_286' title='bbox 2306 2007 2394 2063; x_wconf 81' lang='lat'><strong>56.</strong></span> <span class='ocrx_word' id='word_1_287' title='bbox 2438 2008 2552 2063; x_wconf 88' lang='lat' dir='ltr'><strong>Nec</strong></span> <span class='ocrx_word' id='word_1_288' title='bbox 2595 2006 2690 2077; x_wconf 90' lang='lat' dir='ltr'><strong>qui</strong></span> <span class='ocrx_word' id='word_1_289' title='bbox 2740 2007 2887 2061; x_wconf 91' lang='lat' dir='ltr'><strong>elato</strong></span> <span class='ocrx_word' id='word_1_290' title='bbox 2926 2014 3011 2062; x_wconf 89' lang='lat' dir='ltr'><strong>est</strong></span> <span class='ocrx_word' id='word_1_291' title='bbox 3058 2007 3244 2061; x_wconf 90' lang='lat' dir='ltr'><strong>animo</strong></span> <span class='ocrx_word' id='word_1_292' title='bbox 3286 2022 3416 2061; x_wconf 92' lang='lat' dir='ltr'><strong>suos</strong></span> <span class='ocrx_word' id='word_1_293' title='bbox 3463 2007 3620 2062; x_wconf 89' lang='lat' dir='ltr'><strong>novit</strong></span> 
     </span>
    </p>
   </div>
   <div class='ocr_carea' id='block_1_47' title="bbox 2030 2099 3618 2174">
    <p class='ocr_par' dir='ltr' id='par_1_47' title="bbox 2030 2099 3618 2174">
     <span class='ocr_line' id='line_1_47' title="bbox 2030 2099 3618 2174; baseline -0.001 -18"><span class='ocrx_word' id='word_1_294' title='bbox 2030 2100 2298 2166; x_wconf 84' lang='lat' dir='ltr'><strong>defectus,</strong></span> <span class='ocrx_word' id='word_1_295' title='bbox 2327 2101 2517 2174; x_wconf 81' lang='lat' dir='ltr'><strong>quanti</strong></span> <span class='ocrx_word' id='word_1_296' title='bbox 2562 2100 2702 2165; x_wconf 88' lang='lat' dir='ltr'><strong>sint;</strong></span> <span class='ocrx_word' id='word_1_297' title='bbox 2743 2114 2849 2155; x_wconf 90' lang='lat' dir='ltr'><strong>nec</strong></span> <span class='ocrx_word' id='word_1_298' title='bbox 2888 2099 2981 2169; x_wconf 83' lang='lat' dir='ltr'><strong>qui</strong></span> <span class='ocrx_word' id='word_1_299' title='bbox 3021 2099 3216 2153; x_wconf 87' lang='lat' dir='ltr'><strong>humili</strong></span> <span class='ocrx_word' id='word_1_300' title='bbox 3259 2101 3618 2169; x_wconf 82' lang='lat' dir='ltr'><strong>modesteque</strong></span> 
     </span>
    </p>
   </div>
   <div class='ocr_carea' id='block_1_48' title="bbox 2030 2178 3619 2263">
    <p class='ocr_par' dir='ltr' id='par_1_48' title="bbox 2030 2178 3619 2263">
     <span class='ocr_line' id='line_1_48' title="bbox 2030 2178 3619 2263; baseline -0.001 -16"><span class='ocrx_word' id='word_1_301' title='bbox 2030 2208 2217 2254; x_wconf 85' lang='lat' dir='ltr'><strong>sensu,</strong></span> <span class='ocrx_word' id='word_1_302' title='bbox 2246 2208 2344 2247; x_wconf 89' lang='lat' dir='ltr'><strong>sua</strong></span> <span class='ocrx_word' id='word_1_303' title='bbox 2379 2193 2553 2257; x_wconf 84' lang='lat' dir='ltr'><strong>bona;</strong></span> <span class='ocrx_word' id='word_1_304' title='bbox 2588 2191 2731 2247; x_wconf 88' lang='lat' dir='ltr'><strong>celat</strong></span> <span class='ocrx_word' id='word_1_305' title='bbox 2758 2191 2905 2246; x_wconf 90' lang='lat' dir='ltr'><strong>enim</strong></span> <span class='ocrx_word' id='word_1_306' title='bbox 2942 2196 3057 2245; x_wconf 81' lang='lat' dir='ltr'><strong>tum</strong></span> <span class='ocrx_word' id='word_1_307' title='bbox 3094 2178 3248 2245; x_wconf 83' lang='lat' dir='ltr'><strong>illum</strong></span> <span class='ocrx_word' id='word_1_308' title='bbox 3281 2192 3425 2246; x_wconf 88' lang='lat' dir='ltr'><strong>mala</strong></span> <span class='ocrx_word' id='word_1_309' title='bbox 3461 2192 3619 2263; x_wconf 80' lang='lat' dir='ltr'><strong>igno-</strong></span> 
     </span>
    </p>
   </div>
   <div class='ocr_carea' id='block_1_49' title="bbox 2031 2284 2961 2353">
    <p class='ocr_par' dir='ltr' id='par_1_49' title="bbox 2031 2284 2961 2353">
     <span class='ocr_line' id='line_1_49' title="bbox 2031 2284 2961 2353; baseline -0.001 -16"><span class='ocrx_word' id='word_1_310' title='bbox 2031 2284 2231 2346; x_wconf 88' lang='lat' dir='ltr'><strong>rantia,</strong></span> <span class='ocrx_word' id='word_1_311' title='bbox 2260 2292 2373 2338; x_wconf 90' lang='lat' dir='ltr'><strong>tum</strong></span> <span class='ocrx_word' id='word_1_312' title='bbox 2402 2284 2552 2337; x_wconf 88' lang='lat' dir='ltr'><strong>hunc</strong></span> <span class='ocrx_word' id='word_1_313' title='bbox 2577 2284 2691 2338; x_wconf 85' lang='lat' dir='ltr'><strong>Deo</strong></span> <span class='ocrx_word' id='word_1_314' title='bbox 2718 2291 2961 2353; x_wconf 89' lang='lat' dir='ltr'><strong>accepta.</strong></span> 
     </span>
    </p>
   </div>
   <div class='ocr_carea' id='block_1_50' title="bbox 2099 2374 3615 2446">
    <p class='ocr_par' dir='ltr' id='par_1_50' title="bbox 2099 2374 3615 2446">
     <span class='ocr_line' id='line_1_50' title="bbox 2099 2374 3615 2446; baseline 0.001 -17"><span class='ocrx_word' id='word_1_315' title='bbox 2099 2376 2189 2431; x_wconf 78' lang='lat'><strong>&#39;57.</strong></span> <span class='ocrx_word' id='word_1_316' title='bbox 2224 2375 2508 2446; x_wconf 85' lang='lat' dir='ltr'><strong>Superbus</strong></span> <span class='ocrx_word' id='word_1_317' title='bbox 2548 2375 2604 2429; x_wconf 89' lang='lat' dir='ltr'><strong>in</strong></span> <span class='ocrx_word' id='word_1_318' title='bbox 2650 2374 2840 2439; x_wconf 90' lang='lat' dir='ltr'><strong>bonis,</strong></span> <span class='ocrx_word' id='word_1_319' title='bbox 2874 2374 3181 2444; x_wconf 72' lang='lat' dir='ltr'><strong>aequalibus</strong></span> <span class='ocrx_word' id='word_1_320' title='bbox 3225 2376 3481 2445; x_wconf 89' lang='lat' dir='ltr'><strong>componi</strong></span> <span class='ocrx_word' id='word_1_321' title='bbox 3536 2391 3615 2430; x_wconf 87' lang='lat' dir='ltr'><strong>rc-</strong></span> 
     </span>
    </p>
   </div>
   <div class='ocr_carea' id='block_1_51' title="bbox 2028 2464 3616 2534">
    <p class='ocr_par' dir='ltr' id='par_1_51' title="bbox 2028 2464 3616 2534">
     <span class='ocr_line' id='line_1_51' title="bbox 2028 2464 3616 2534; baseline 0 -15"><span class='ocrx_word' id='word_1_322' title='bbox 2028 2466 2152 2519; x_wconf 91' lang='lat' dir='ltr'><strong>nuit</strong></span> <span class='ocrx_word' id='word_1_323' title='bbox 2198 2483 2211 2518; x_wconf 92' lang='lat'><strong>:</strong></span> <span class='ocrx_word' id='word_1_324' title='bbox 2256 2465 2313 2519; x_wconf 91' lang='lat' dir='ltr'><strong>in</strong></span> <span class='ocrx_word' id='word_1_325' title='bbox 2358 2464 2659 2519; x_wconf 87' lang='lat' dir='ltr'><strong>contrariis</strong></span> <span class='ocrx_word' id='word_1_326' title='bbox 2702 2479 2836 2518; x_wconf 84' lang='lat' dir='ltr'><strong>vero</strong></span> <span class='ocrx_word' id='word_1_327' title='bbox 2877 2465 3181 2533; x_wconf 87' lang='lat' dir='ltr'><strong>malisque,</strong></span> <span class='ocrx_word' id='word_1_328' title='bbox 3219 2480 3343 2518; x_wconf 86' lang='lat' dir='ltr'><strong>eum</strong></span> <span class='ocrx_word' id='word_1_329' title='bbox 3388 2466 3476 2530; x_wconf 87' lang='lat' dir='ltr'><strong>his</strong></span> <span class='ocrx_word' id='word_1_330' title='bbox 3523 2466 3616 2534; x_wconf 92' lang='lat' dir='ltr'><strong>qui</strong></span> 
     </span>
    </p>
   </div>
   <div class='ocr_carea' id='block_1_52' title="bbox 2031 2553 3618 2627">
    <p class='ocr_par' dir='ltr' id='par_1_52' title="bbox 2031 2553 3618 2627">
     <span class='ocr_line' id='line_1_52' title="bbox 2031 2553 3618 2627; baseline 0.001 -20"><span class='ocrx_word' id='word_1_331' title='bbox 2031 2554 2356 2625; x_wconf 66' lang='lat' dir='ltr'><strong>pratcellunt</strong></span> <span class='ocrx_word' id='word_1_332' title='bbox 2387 2554 2651 2608; x_wconf 90' lang='lat' dir='ltr'><strong>collatum</strong></span> <span class='ocrx_word' id='word_1_333' title='bbox 2681 2553 2876 2608; x_wconf 80' lang='lat' dir='ltr'><strong>vitium</strong></span> <span class='ocrx_word' id='word_1_334' title='bbox 2909 2568 3093 2627; x_wconf 69' lang='lat' dir='ltr'><strong>suum,</strong></span> <span class='ocrx_word' id='word_1_335' title='bbox 3132 2553 3418 2617; x_wconf 79' lang='lat' dir='ltr'><strong>tolerabile</strong></span> <span class='ocrx_word' id='word_1_336' title='bbox 3456 2571 3618 2626; x_wconf 83' lang='lat' dir='ltr'><strong>pror-</strong></span> 
     </span>
    </p>
   </div>
   <div class='ocr_carea' id='block_1_53' title="bbox 2027 2645 2449 2701">
    <p class='ocr_par' dir='ltr' id='par_1_53' title="bbox 2027 2645 2449 2701">
     <span class='ocr_line' id='line_1_53' title="bbox 2027 2645 2449 2701; baseline -0.002 -1"><span class='ocrx_word' id='word_1_337' title='bbox 2027 2663 2121 2701; x_wconf 89' lang='lat' dir='ltr'><strong>sus</strong></span> <span class='ocrx_word' id='word_1_338' title='bbox 2151 2645 2449 2699; x_wconf 79' lang='lat' dir='ltr'><strong>existimat.</strong></span> 
     </span>
    </p>
   </div>
   <div class='ocr_carea' id='block_1_54' title="bbox 2103 2736 3613 2817">
    <p class='ocr_par' dir='ltr' id='par_1_54' title="bbox 2103 2736 3613 2817">
     <span class='ocr_line' id='line_1_54' title="bbox 2103 2736 3613 2817; baseline 0.001 -25"><span class='ocrx_word' id='word_1_339' title='bbox 2103 2737 2193 2792; x_wconf 74' lang='lat'><strong>38.</strong></span> <span class='ocrx_word' id='word_1_340' title='bbox 2228 2736 2576 2817; x_wconf 82' lang='lat' dir='ltr'><strong>Vituperium</strong></span> <span class='ocrx_word' id='word_1_341' title='bbox 2623 2736 2880 2807; x_wconf 83' lang='lat' dir='ltr'><strong>quidem,</strong></span> <span class='ocrx_word' id='word_1_342' title='bbox 2916 2737 3205 2793; x_wconf 91' lang='lat' dir='ltr'><strong>robustum</strong></span> <span class='ocrx_word' id='word_1_343' title='bbox 3250 2755 3313 2794; x_wconf 90' lang='lat' dir='ltr'><strong>ac</strong></span> <span class='ocrx_word' id='word_1_344' title='bbox 3358 2738 3555 2794; x_wconf 85' lang='lat' dir='ltr'><strong>fortem</strong></span> <span class='ocrx_word' id='word_1_345' title='bbox 3599 2756 3613 2793; x_wconf 87' lang='lat'><strong>:</strong></span> 
     </span>
    </p>
   </div>
   <div class='ocr_carea' id='block_1_55' title="bbox 2030 2828 3618 2902">
    <p class='ocr_par' dir='ltr' id='par_1_55' title="bbox 2030 2828 3618 2902">
     <span class='ocr_line' id='line_1_55' title="bbox 2030 2828 3618 2902; baseline 0.001 -19"><span class='ocrx_word' id='word_1_346' title='bbox 2030 2829 2149 2884; x_wconf 88' lang='lat' dir='ltr'><strong>laus</strong></span> <span class='ocrx_word' id='word_1_347' title='bbox 2177 2844 2331 2894; x_wconf 86' lang='lat' dir='ltr'><strong>vero,</strong></span> <span class='ocrx_word' id='word_1_348' title='bbox 2363 2828 2606 2889; x_wconf 88' lang='lat' dir='ltr'><strong>solutum</strong></span> <span class='ocrx_word' id='word_1_349' title='bbox 2652 2844 2715 2882; x_wconf 92' lang='lat' dir='ltr'><strong>ac</strong></span> <span class='ocrx_word' id='word_1_350' title='bbox 2750 2829 2991 2897; x_wconf 88' lang='lat' dir='ltr'><strong>mollem,</strong></span> <span class='ocrx_word' id='word_1_351' title='bbox 3020 2840 3074 2885; x_wconf 90' lang='lat' dir='ltr'><strong>et</strong></span> <span class='ocrx_word' id='word_1_352' title='bbox 3112 2832 3178 2889; x_wconf 85' lang='lat' dir='ltr'><strong>ad</strong></span> <span class='ocrx_word' id='word_1_353' title='bbox 3225 2848 3289 2886; x_wconf 86' lang='lat' dir='ltr'><strong>ea</strong></span> <span class='ocrx_word' id='word_1_354' title='bbox 3330 2848 3452 2902; x_wconf 65' lang='lat' dir='ltr'><strong>quae</strong></span> <span class='ocrx_word' id='word_1_355' title='bbox 3487 2840 3618 2887; x_wconf 91' lang='lat' dir='ltr'><strong>sunt</strong></span> 
     </span>
    </p>
   </div>
   <div class='ocr_carea' id='block_1_56' title="bbox 2027 2906 2940 2990">
    <p class='ocr_par' dir='ltr' id='par_1_56' title="bbox 2027 2906 2940 2990">
     <span class='ocr_line' id='line_1_56' title="bbox 2027 2906 2940 2990; baseline 0 -16"><span class='ocrx_word' id='word_1_356' title='bbox 2027 2919 2192 2975; x_wconf 76' lang='lat' dir='ltr'><strong>oilicii</strong></span> <span class='ocrx_word' id='word_1_357' title='bbox 2220 2936 2441 2990; x_wconf 81' lang='lat' dir='ltr'><strong>segnem</strong></span> <span class='ocrx_word' id='word_1_358' title='bbox 2473 2906 2654 2974; x_wconf 86' lang='lat' dir='ltr'><strong>reddit</strong></span> <span class='ocrx_word' id='word_1_359' title='bbox 2676 2919 2940 2974; x_wconf 90' lang='lat' dir='ltr'><strong>animum.</strong></span> 
     </span>
    </p>
   </div>
   <div class='ocr_carea' id='block_1_57' title="bbox 2095 3012 3607 3081">
    <p class='ocr_par' dir='ltr' id='par_1_57' title="bbox 2095 3012 3607 3081">
     <span class='ocr_line' id='line_1_57' title="bbox 2095 3012 3607 3081; baseline 0.001 -16"><span class='ocrx_word' id='word_1_360' title='bbox 2095 3012 2184 3067; x_wconf 75' lang='lat'><strong>59.</strong></span> <span class='ocrx_word' id='word_1_361' title='bbox 2218 3012 2541 3067; x_wconf 90' lang='lat' dir='ltr'><strong>Divitlarum</strong></span> <span class='ocrx_word' id='word_1_362' title='bbox 2572 3012 2793 3081; x_wconf 88' lang='lat' dir='ltr'><strong>quidem</strong></span> <span class='ocrx_word' id='word_1_363' title='bbox 2828 3012 3157 3077; x_wconf 86' lang='lat' dir='ltr'><strong>substantia,</strong></span> <span class='ocrx_word' id='word_1_364' title='bbox 3185 3029 3410 3080; x_wconf 90' lang='lat' dir='ltr'><strong>aurum;</strong></span> <span class='ocrx_word' id='word_1_365' title='bbox 3438 3014 3607 3067; x_wconf 89' lang='lat' dir='ltr'><strong>virtu-</strong></span> 
     </span>
    </p>
   </div>
   <div class='ocr_carea' id='block_1_58' title="bbox 2025 3103 3619 3176">
    <p class='ocr_par' dir='ltr' id='par_1_58' title="bbox 2025 3103 3619 3176">
     <span class='ocr_line' id='line_1_58' title="bbox 2025 3103 3619 3176; baseline 0.001 -17"><span class='ocrx_word' id='word_1_366' title='bbox 2025 3106 2098 3160; x_wconf 92' lang='lat' dir='ltr'><strong>tis</strong></span> <span class='ocrx_word' id='word_1_367' title='bbox 2128 3121 2290 3169; x_wconf 87' lang='lat' dir='ltr'><strong>vero,</strong></span> <span class='ocrx_word' id='word_1_368' title='bbox 2324 3104 2628 3159; x_wconf 85' lang='lat' dir='ltr'><strong>humilitas.</strong></span> <span class='ocrx_word' id='word_1_369' title='bbox 2661 3103 3135 3172; x_wconf 86' lang='lat' dir='ltr'><strong>Quemadmodum</strong></span> <span class='ocrx_word' id='word_1_370' title='bbox 3170 3106 3337 3175; x_wconf 77' lang='lat' dir='ltr'><strong>igitur</strong></span> <span class='ocrx_word' id='word_1_371' title='bbox 3368 3107 3461 3176; x_wconf 90' lang='lat' dir='ltr'><strong>qui</strong></span> <span class='ocrx_word' id='word_1_372' title='bbox 3496 3107 3619 3161; x_wconf 87' lang='lat' dir='ltr'><strong>auri</strong></span> 
     </span>
    </p>
   </div>
   <div class='ocr_carea' id='block_1_59' title="bbox 350 3198 1928 3286">
    <p class='ocr_par' dir='ltr' id='par_1_59' title="bbox 350 3201 1924 3272">
     <span class='ocr_line' id='line_1_59' title="bbox 350 3201 1924 3272; baseline -0.001 -16"><span class='ocrx_word' id='word_1_373' title='bbox 350 3201 454 3256; x_wconf 83' lang='grc' dir='ltr'><strong>κᾶν</strong></span> <span class='ocrx_word' id='word_1_374' title='bbox 506 3202 579 3272; x_wconf 83' lang='grc' dir='ltr'><strong>μὴ</strong></span> <span class='ocrx_word' id='word_1_375' title='bbox 625 3204 735 3264; x_wconf 86' lang='grc' dir='ltr'>τοῖς</span> <span class='ocrx_word' id='word_1_376' title='bbox 770 3202 966 3267; x_wconf 75' lang='grc' dir='ltr'>ἔξωθεν</span> <span class='ocrx_word' id='word_1_377' title='bbox 1020 3205 1315 3272; x_wconf 83' lang='grc' dir='ltr'>φαίνηται·</span> <span class='ocrx_word' id='word_1_378' title='bbox 1359 3202 1502 3256; x_wconf 74' lang='grc' dir='ltr'>οὕτω</span> <span class='ocrx_word' id='word_1_379' title='bbox 1543 3201 1924 3265; x_wconf 81' lang='grc' dir='ltr'>ταπεινώσεως</span> 
     </span>
    </p>
   </div>
   <div class='ocr_carea' id='block_1_60' title="bbox 2030 3198 3621 3286">
    <p class='ocr_par' dir='ltr' id='par_1_60' title="bbox 2030 3198 3621 3271">
     <span class='ocr_line' id='line_1_60' title="bbox 2030 3198 3621 3271; baseline 0.001 -19"><span class='ocrx_word' id='word_1_380' title='bbox 2030 3198 2256 3270; x_wconf 89' lang='lat' dir='ltr'><strong>penuria</strong></span> <span class='ocrx_word' id='word_1_381' title='bbox 2296 3198 2539 3260; x_wconf 87' lang='lat' dir='ltr'><strong>laborat,</strong></span> <span class='ocrx_word' id='word_1_382' title='bbox 2572 3214 2782 3271; x_wconf 84' lang='lat' dir='ltr'><strong>pauper</strong></span> <span class='ocrx_word' id='word_1_383' title='bbox 2810 3207 2926 3264; x_wconf 88' lang='lat' dir='ltr'><strong>est,</strong></span> <span class='ocrx_word' id='word_1_384' title='bbox 2952 3200 3206 3269; x_wconf 77' lang='lat' dir='ltr'><strong>quamvis</strong></span> <span class='ocrx_word' id='word_1_385' title='bbox 3238 3200 3326 3253; x_wconf 85' lang='lat' dir='ltr'><strong>his</strong></span> <span class='ocrx_word' id='word_1_386' title='bbox 3360 3201 3453 3269; x_wconf 90' lang='lat' dir='ltr'><strong>qui</strong></span> <span class='ocrx_word' id='word_1_387' title='bbox 3486 3200 3621 3255; x_wconf 84' lang='lat' dir='ltr'><strong>foris</strong></span> 
     </span>
    </p>
   </div>
   <div class='ocr_carea' id='block_1_61' title="bbox 348 3294 1637 3363">
    <p class='ocr_par' dir='ltr' id='par_1_61' title="bbox 348 3294 1637 3363">
     <span class='ocr_line' id='line_1_61' title="bbox 348 3294 1637 3363; baseline -0.001 -14"><span class='ocrx_word' id='word_1_388' title='bbox 348 3295 501 3360; x_wconf 73' lang='grc' dir='ltr'>ἄνευ,</span> <span class='ocrx_word' id='word_1_389' title='bbox 535 3294 787 3363; x_wconf 79' lang='grc' dir='ltr'>ἐνάρετος</span> <span class='ocrx_word' id='word_1_390' title='bbox 824 3295 924 3349; x_wconf 82' lang='grc' dir='ltr'><strong>οὐκ</strong></span> <span class='ocrx_word' id='word_1_391' title='bbox 960 3295 1113 3348; x_wconf 85' lang='grc' dir='ltr'>ἐσται</span> <span class='ocrx_word' id='word_1_392' title='bbox 1148 3298 1175 3348; x_wconf 92' lang='lat'><strong>6</strong></span> <span class='ocrx_word' id='word_1_393' title='bbox 1205 3294 1637 3363; x_wconf 77' lang='grc' dir='ltr'>ἀγωνιζόμενος.</span> 
     </span>
    </p>
   </div>
   <div class='ocr_carea' id='block_1_62' title="bbox 422 3459 1929 3537">
    <p class='ocr_par' dir='ltr' id='par_1_62' title="bbox 422 3459 1929 3537">
     <span class='ocr_line' id='line_1_62' title="bbox 422 3459 1929 3537; baseline -0.004 -19"><span class='ocrx_word' id='word_1_394' title='bbox 422 3470 497 3536; x_wconf 84' lang='grc' dir='ltr'><strong>μ’.</strong></span> <span class='ocrx_word' id='word_1_395' title='bbox 539 3464 756 3537; x_wconf 83' lang='grc' dir='ltr'>Χρυσοῦ</span> <span class='ocrx_word' id='word_1_396' title='bbox 793 3464 937 3536; x_wconf 80' lang='grc' dir='ltr'>δίχα,</span> <span class='ocrx_word' id='word_1_397' title='bbox 977 3463 1167 3535; x_wconf 80' lang='grc' dir='ltr'>ὥσπερ</span> <span class='ocrx_word' id='word_1_398' title='bbox 1195 3462 1435 3533; x_wconf 76' lang='grc' dir='ltr'>ἔμπορος</span> <span class='ocrx_word' id='word_1_399' title='bbox 1460 3461 1521 3515; x_wconf 78' lang='grc' dir='ltr'><strong>οὐ</strong></span> <span class='ocrx_word' id='word_1_400' title='bbox 1552 3461 1797 3529; x_wconf 75' lang='grc' dir='ltr'>πέφυκεν</span> <span class='ocrx_word' id='word_1_401' title='bbox 1828 3459 1929 3530; x_wconf 78' lang='grc' dir='ltr'>ἐμ-</span> 
     </span>
    </p>
   </div>
   <div class='ocr_carea' id='block_1_63' title="bbox 349 3555 1926 3629">
    <p class='ocr_par' dir='ltr' id='par_1_63' title="bbox 349 3555 1926 3629">
     <span class='ocr_line' id='line_1_63' title="bbox 349 3555 1926 3629; baseline -0.001 -19"><span class='ocrx_word' id='word_1_402' title='bbox 349 3573 539 3627; x_wconf 81' lang='grc' dir='ltr'>πορος,</span> <span class='ocrx_word' id='word_1_403' title='bbox 593 3555 694 3609; x_wconf 82' lang='grc' dir='ltr'>κᾶν</span> <span class='ocrx_word' id='word_1_404' title='bbox 742 3557 860 3610; x_wconf 80' lang='grc' dir='ltr'>λίαν</span> <span class='ocrx_word' id='word_1_405' title='bbox 912 3557 1046 3629; x_wconf 77' lang='grc' dir='ltr'>πρὸς</span> <span class='ocrx_word' id='word_1_406' title='bbox 1094 3555 1367 3626; x_wconf 82' lang='grc' dir='ltr'>ἐμπορίαν</span> <span class='ocrx_word' id='word_1_407' title='bbox 1403 3555 1549 3607; x_wconf 73' lang='grc' dir='ltr'>ἐστὶν</span> <span class='ocrx_word' id='word_1_408' title='bbox 1600 3556 1926 3625; x_wconf 72' lang='grc' dir='ltr'>ἐπιτήδειοςο</span> 
     </span>
    </p>
   </div>
   <div class='ocr_carea' id='block_1_64' title="bbox 346 3646 1926 3720">
    <p class='ocr_par' dir='ltr' id='par_1_64' title="bbox 346 3646 1926 3720">
     <span class='ocr_line' id='line_1_64' title="bbox 346 3646 1926 3720; baseline -0.001 -19"><span class='ocrx_word' id='word_1_409' title='bbox 346 3646 525 3710; x_wconf 75' lang='grc' dir='ltr'>οὕτως</span> <span class='ocrx_word' id='word_1_410' title='bbox 568 3649 690 3703; x_wconf 79' lang='grc' dir='ltr'>οὐδὲ</span> <span class='ocrx_word' id='word_1_411' title='bbox 726 3648 1230 3720; x_wconf 80' lang='grc' dir='ltr'>ταπεινοφροσύνης</span> <span class='ocrx_word' id='word_1_412' title='bbox 1270 3648 1462 3718; x_wconf 81' lang='grc' dir='ltr'>χωρὶς,</span> <span class='ocrx_word' id='word_1_413' title='bbox 1499 3650 1557 3699; x_wconf 84' lang='grc' dir='ltr'><strong>ἐν</strong></span> <span class='ocrx_word' id='word_1_414' title='bbox 1600 3647 1926 3717; x_wconf 82' lang='grc' dir='ltr'>κατασχέσει</span> 
     </span>
    </p>
   </div>
   <div class='ocr_carea' id='block_1_65' title="bbox 344 3738 1920 3811">
    <p class='ocr_par' dir='ltr' id='par_1_65' title="bbox 344 3738 1920 3811">
     <span class='ocr_line' id='line_1_65' title="bbox 344 3738 1920 3811; baseline -0.003 -16"><span class='ocrx_word' id='word_1_415' title='bbox 344 3740 456 3795; x_wconf 82' lang='grc' dir='ltr'>τῶν</span> <span class='ocrx_word' id='word_1_416' title='bbox 491 3742 587 3811; x_wconf 84' lang='grc' dir='ltr'>τῆς</span> <span class='ocrx_word' id='word_1_417' title='bbox 618 3743 819 3811; x_wconf 80' lang='grc' dir='ltr'>ἀρετῆς</span> <span class='ocrx_word' id='word_1_418' title='bbox 870 3739 1043 3811; x_wconf 80' lang='grc' dir='ltr'>ἡδέων</span> <span class='ocrx_word' id='word_1_419' title='bbox 1082 3740 1440 3808; x_wconf 83' lang='grc' dir='ltr'>εὑρεθήσεται</span> <span class='ocrx_word' id='word_1_420' title='bbox 1495 3740 1524 3790; x_wconf 92' lang='lat'><strong>6</strong></span> <span class='ocrx_word' id='word_1_421' title='bbox 1562 3738 1920 3807; x_wconf 84' lang='grc' dir='ltr'>ἀσκούμενος,</span> 
     </span>
    </p>
   </div>
   <div class='ocr_carea' id='block_1_66' title="bbox 346 3829 1555 3905">
    <p class='ocr_par' dir='ltr' id='par_1_66' title="bbox 346 3829 1555 3905">
     <span class='ocr_line' id='line_1_66' title="bbox 346 3829 1555 3905; baseline -0.002 -18"><span class='ocrx_word' id='word_1_422' title='bbox 346 3833 453 3888; x_wconf 82' lang='grc' dir='ltr'><strong>κᾶν</strong></span> <span class='ocrx_word' id='word_1_423' title='bbox 484 3836 661 3904; x_wconf 74' lang='grc' dir='ltr'>πάντη</span> <span class='ocrx_word' id='word_1_424' title='bbox 705 3836 771 3905; x_wconf 77' lang='grc' dir='ltr'>τῇ</span> <span class='ocrx_word' id='word_1_425' title='bbox 814 3832 1009 3887; x_wconf 87' lang='grc' dir='ltr'>ἐαυτοῦ</span> <span class='ocrx_word' id='word_1_426' title='bbox 1041 3832 1323 3901; x_wconf 75' lang='grc' dir='ltr'>νουνεχείᾳ</span> <span class='ocrx_word' id='word_1_427' title='bbox 1352 3829 1555 3905; x_wconf 71' lang='grc' dir='ltr'>θαρρῇ.</span> 
     </span>
    </p>
   </div>
   <div class='ocr_carea' id='block_1_67' title="bbox 376 3918 1921 3999">
    <p class='ocr_par' dir='ltr' id='par_1_67' title="bbox 376 3918 1921 3999">
     <span class='ocr_line' id='line_1_67' title="bbox 376 3918 1921 3999; baseline -0.004 -20"><span class='ocrx_word' id='word_1_428' title='bbox 376 3982 381 3987; x_wconf 95' lang='lat'><em>_</em></span> <span class='ocrx_word' id='word_1_429' title='bbox 423 3923 532 3997; x_wconf 82' lang='grc' dir='ltr'><strong>μα’.</strong></span> <span class='ocrx_word' id='word_1_430' title='bbox 558 3926 638 3998; x_wconf 80' lang='grc' dir='ltr'><strong>Τῇ</strong></span> <span class='ocrx_word' id='word_1_431' title='bbox 672 3921 1143 3999; x_wconf 63' lang='grc' dir='ltr'>ταπεινοςιροσύνῃ</span> <span class='ocrx_word' id='word_1_432' title='bbox 1191 3924 1219 3976; x_wconf 94' lang='lat'><strong>6</strong></span> <span class='ocrx_word' id='word_1_433' title='bbox 1256 3920 1441 3984; x_wconf 88' lang='grc' dir='ltr'>ἀνιὼν,</span> <span class='ocrx_word' id='word_1_434' title='bbox 1485 3918 1797 3992; x_wconf 80' lang='grc' dir='ltr'>κατώτερος</span> <span class='ocrx_word' id='word_1_435' title='bbox 1825 3919 1921 3973; x_wconf 83' lang='grc' dir='ltr'><strong>τοῦ</strong></span> 
     </span>
    </p>
   </div>
   <div class='ocr_carea' id='block_1_68' title="bbox 349 4011 1922 4091">
    <p class='ocr_par' dir='ltr' id='par_1_68' title="bbox 349 4011 1922 4091">
     <span class='ocr_line' id='line_1_68' title="bbox 349 4011 1922 4091; baseline -0.006 -19"><span class='ocrx_word' id='word_1_436' title='bbox 349 4017 546 4072; x_wconf 83' lang='grc' dir='ltr'>ἐαυτοῦ</span> <span class='ocrx_word' id='word_1_437' title='bbox 599 4018 948 4088; x_wconf 83' lang='grc' dir='ltr'>φρονήματος</span> <span class='ocrx_word' id='word_1_438' title='bbox 978 4015 1207 4087; x_wconf 67' lang='grc' dir='ltr'>γίνεταυ</span> <span class='ocrx_word' id='word_1_439' title='bbox 1234 4013 1508 4091; x_wconf 81' lang='grc' dir='ltr'>ἀνώτερος</span> <span class='ocrx_word' id='word_1_440' title='bbox 1534 4011 1613 4077; x_wconf 81' lang='grc' dir='ltr'>δὲ,</span> <span class='ocrx_word' id='word_1_441' title='bbox 1648 4014 1677 4065; x_wconf 90' lang='lat'><strong>6</strong></span> <span class='ocrx_word' id='word_1_442' title='bbox 1705 4013 1922 4082; x_wconf 81' lang='grc' dir='ltr'>ἐκείνης</span> 
     </span>
    </p>
   </div>
   <div class='ocr_carea' id='block_1_69' title="bbox 345 4105 1921 4183">
    <p class='ocr_par' dir='ltr' id='par_1_69' title="bbox 345 4105 1921 4183">
     <span class='ocr_line' id='line_1_69' title="bbox 345 4105 1921 4183; baseline -0.005 -19"><span class='ocrx_word' id='word_1_443' title='bbox 345 4112 539 4183; x_wconf 77' lang='grc' dir='ltr'>χωρὶς,</span> <span class='ocrx_word' id='word_1_444' title='bbox 592 4110 651 4174; x_wconf 84' lang='grc' dir='ltr'>ὃς</span> <span class='ocrx_word' id='word_1_445' title='bbox 688 4111 809 4163; x_wconf 85' lang='grc' dir='ltr'>οὐδὲ</span> <span class='ocrx_word' id='word_1_446' title='bbox 846 4108 1318 4181; x_wconf 81' lang='grc' dir='ltr'>παραμετρεῖσθαι</span> <span class='ocrx_word' id='word_1_447' title='bbox 1348 4109 1461 4170; x_wconf 88' lang='grc' dir='ltr'>τοῖς</span> <span class='ocrx_word' id='word_1_448' title='bbox 1502 4105 1808 4175; x_wconf 76' lang='grc' dir='ltr'>ἐλαχίστοις</span> <span class='ocrx_word' id='word_1_449' title='bbox 1847 4106 1921 4175; x_wconf 86' lang='lat' dir='ltr'><strong>(g)</strong></span> 
     </span>
    </p>
   </div>
   <div class='ocr_carea' id='block_1_70' title="bbox 350 4199 1923 4273">
    <p class='ocr_par' dir='ltr' id='par_1_70' title="bbox 350 4199 1923 4273">
     <span class='ocr_line' id='line_1_70' title="bbox 350 4199 1923 4273; baseline -0.002 -19"><span class='ocrx_word' id='word_1_450' title='bbox 350 4202 615 4265; x_wconf 73' lang='grc' dir='ltr'>ἑκουσίως</span> <span class='ocrx_word' id='word_1_451' title='bbox 638 4202 908 4273; x_wconf 74' lang='grc' dir='ltr'>ἀνέχεταιο</span> <span class='ocrx_word' id='word_1_452' title='bbox 942 4203 1035 4255; x_wconf 78' lang='grc' dir='ltr'>καὶ</span> <span class='ocrx_word' id='word_1_453' title='bbox 1062 4202 1149 4255; x_wconf 86' lang='grc' dir='ltr'>ὃιά</span> <span class='ocrx_word' id='word_1_454' title='bbox 1179 4199 1337 4256; x_wconf 88' lang='grc' dir='ltr'>τοῦτο</span> <span class='ocrx_word' id='word_1_455' title='bbox 1370 4201 1430 4256; x_wconf 86' lang='grc' dir='ltr'><strong>ἐν</strong></span> <span class='ocrx_word' id='word_1_456' title='bbox 1460 4201 1581 4263; x_wconf 76' lang='grc' dir='ltr'>ταῖς</span> <span class='ocrx_word' id='word_1_457' title='bbox 1616 4199 1923 4271; x_wconf 84' lang='grc' dir='ltr'>πρωτοκλι-</span> 
     </span>
    </p>
   </div>
   <div class='ocr_carea' id='block_1_71' title="bbox 350 4289 1290 4361">
    <p class='ocr_par' dir='ltr' id='par_1_71' title="bbox 350 4289 1290 4361">
     <span class='ocr_line' id='line_1_71' title="bbox 350 4289 1290 4361; baseline 0.005 -20"><span class='ocrx_word' id='word_1_458' title='bbox 350 4289 493 4352; x_wconf 88' lang='grc' dir='ltr'>σίαις</span> <span class='ocrx_word' id='word_1_459' title='bbox 534 4290 595 4342; x_wconf 78' lang='grc' dir='ltr'>τὸ</span> <span class='ocrx_word' id='word_1_460' title='bbox 620 4290 864 4361; x_wconf 63' lang='grc' dir='ltr'>λυπηρδν</span> <span class='ocrx_word' id='word_1_461' title='bbox 895 4290 1290 4351; x_wconf 73' lang='grc' dir='ltr'>ἐπιδείκνυται.</span> 
     </span>
    </p>
   </div>
   <div class='ocr_carea' id='block_1_72' title="bbox 422 4381 1926 4457">
    <p class='ocr_par' dir='ltr' id='par_1_72' title="bbox 422 4381 1926 4457">
     <span class='ocr_line' id='line_1_72' title="bbox 422 4381 1926 4457; baseline -0.005 -18"><span class='ocrx_word' id='word_1_462' title='bbox 422 4381 535 4453; x_wconf 77' lang='grc' dir='ltr'><strong>μβ’.</strong></span> <span class='ocrx_word' id='word_1_463' title='bbox 568 4383 745 4437; x_wconf 79' lang='grc' dir='ltr'>Καλὸν</span> <span class='ocrx_word' id='word_1_464' title='bbox 766 4383 847 4454; x_wconf 86' lang='grc' dir='ltr'>τῷ</span> <span class='ocrx_word' id='word_1_465' title='bbox 882 4386 1161 4456; x_wconf 81' lang='grc' dir='ltr'>ἀγωνιστῇ</span> <span class='ocrx_word' id='word_1_466' title='bbox 1208 4386 1427 4455; x_wconf 77' lang='grc' dir='ltr'>φρονεῖν</span> <span class='ocrx_word' id='word_1_467' title='bbox 1465 4384 1564 4455; x_wconf 78' lang='grc' dir='ltr'>μὲν</span> <span class='ocrx_word' id='word_1_468' title='bbox 1597 4385 1797 4457; x_wconf 76' lang='grc' dir='ltr'>ἥττονα</span> <span class='ocrx_word' id='word_1_469' title='bbox 1829 4383 1926 4452; x_wconf 83' lang='grc' dir='ltr'>τῆς</span> 
     </span>
    </p>
   </div>
   <div class='ocr_carea' id='block_1_73' title="bbox 346 4475 1925 4549">
    <p class='ocr_par' dir='ltr' id='par_1_73' title="bbox 346 4475 1925 4549">
     <span class='ocr_line' id='line_1_73' title="bbox 346 4475 1925 4549; baseline 0 -21"><span class='ocrx_word' id='word_1_470' title='bbox 346 4476 611 4548; x_wconf 79' lang='grc' dir='ltr'>ἐργασίας</span> <span class='ocrx_word' id='word_1_471' title='bbox 662 4475 851 4543; x_wconf 83' lang='grc' dir='ltr'>αὑτοῦ,</span> <span class='ocrx_word' id='word_1_472' title='bbox 887 4478 1151 4548; x_wconf 79' lang='grc' dir='ltr'>πράττειν</span> <span class='ocrx_word' id='word_1_473' title='bbox 1187 4478 1244 4531; x_wconf 87' lang='grc' dir='ltr'><strong>δέ</strong></span> <span class='ocrx_word' id='word_1_474' title='bbox 1286 4478 1573 4548; x_wconf 82' lang='grc' dir='ltr'>κρείττονα</span> <span class='ocrx_word' id='word_1_475' title='bbox 1600 4478 1700 4549; x_wconf 81' lang='grc' dir='ltr'><strong>τῆς</strong></span> <span class='ocrx_word' id='word_1_476' title='bbox 1723 4477 1925 4540; x_wconf 79' lang='grc' dir='ltr'>δειλίας</span> 
     </span>
    </p>
   </div>
   <div class='ocr_carea' id='block_1_74' title="bbox 2028 3290 3620 3357">
    <p class='ocr_par' dir='ltr' id='par_1_74' title="bbox 2028 3290 3620 3357">
     <span class='ocr_line' id='line_1_74' title="bbox 2028 3290 3620 3357; baseline 0.003 -15"><span class='ocrx_word' id='word_1_477' title='bbox 2028 3297 2159 3347; x_wconf 90' lang='lat' dir='ltr'><strong>sunt</strong></span> <span class='ocrx_word' id='word_1_478' title='bbox 2188 3304 2251 3342; x_wconf 88' lang='lat' dir='ltr'><strong>ac</strong></span> <span class='ocrx_word' id='word_1_479' title='bbox 2279 3290 2558 3357; x_wconf 64' lang='lat' dir='ltr'><strong>extraneis</strong></span> <span class='ocrx_word' id='word_1_480' title='bbox 2588 3305 2700 3344; x_wconf 91' lang='lat' dir='ltr'><strong>non</strong></span> <span class='ocrx_word' id='word_1_481' title='bbox 2724 3290 3012 3356; x_wconf 87' lang='lat' dir='ltr'><strong>videatur;</strong></span> <span class='ocrx_word' id='word_1_482' title='bbox 3046 3293 3125 3345; x_wconf 91' lang='lat' dir='ltr'><strong>sic</strong></span> <span class='ocrx_word' id='word_1_483' title='bbox 3156 3291 3274 3344; x_wconf 90' lang='lat' dir='ltr'><strong>sine</strong></span> <span class='ocrx_word' id='word_1_484' title='bbox 3308 3290 3620 3346; x_wconf 79' lang='lat' dir='ltr'><strong>humilitate</strong></span> 
     </span>
    </p>
   </div>
   <div class='ocr_carea' id='block_1_75' title="bbox 2028 3379 3386 3448">
    <p class='ocr_par' dir='ltr' id='par_1_75' title="bbox 2028 3379 3386 3448">
     <span class='ocr_line' id='line_1_75' title="bbox 2028 3379 3386 3448; baseline 0 -15"><span class='ocrx_word' id='word_1_485' title='bbox 2028 3379 2248 3439; x_wconf 87' lang='lat' dir='ltr'><strong>virtutis</strong></span> <span class='ocrx_word' id='word_1_486' title='bbox 2279 3379 2528 3448; x_wconf 63' lang='lat' dir='ltr'><strong>palaestra</strong></span> <span class='ocrx_word' id='word_1_487' title='bbox 2560 3389 2781 3435; x_wconf 86' lang='lat' dir='ltr'><strong>certans</strong></span> <span class='ocrx_word' id='word_1_488' title='bbox 2811 3381 3096 3435; x_wconf 86' lang='lat' dir='ltr'><strong>studiosus</strong></span> <span class='ocrx_word' id='word_1_489' title='bbox 3122 3397 3231 3435; x_wconf 89' lang='lat' dir='ltr'><strong>non</strong></span> <span class='ocrx_word' id='word_1_490' title='bbox 3261 3381 3386 3435; x_wconf 89' lang='lat' dir='ltr'><strong>erit.</strong></span> 
     </span>
    </p>
   </div>
   <div class='ocr_carea' id='block_1_76' title="bbox 2099 3472 3620 3544">
    <p class='ocr_par' dir='ltr' id='par_1_76' title="bbox 2099 3472 3620 3544">
     <span class='ocr_line' id='line_1_76' title="bbox 2099 3472 3620 3544; baseline 0.003 -19"><span class='ocrx_word' id='word_1_491' title='bbox 2099 3472 2188 3531; x_wconf 73' lang='grc'><strong>40,</strong></span> <span class='ocrx_word' id='word_1_492' title='bbox 2220 3472 2697 3539; x_wconf 88' lang='lat' dir='ltr'><strong>Quemadmodum</strong></span> <span class='ocrx_word' id='word_1_493' title='bbox 2733 3483 3027 3537; x_wconf 86' lang='lat' dir='ltr'><strong>mercator,</strong></span> <span class='ocrx_word' id='word_1_494' title='bbox 3059 3490 3220 3544; x_wconf 88' lang='lat' dir='ltr'><strong>quem</strong></span> <span class='ocrx_word' id='word_1_495' title='bbox 3255 3490 3449 3529; x_wconf 89' lang='lat' dir='ltr'><strong>aurum</strong></span> <span class='ocrx_word' id='word_1_496' title='bbox 3481 3474 3620 3530; x_wconf 79' lang='lat' dir='ltr'><strong>deii-</strong></span> 
     </span>
    </p>
   </div>
   <div class='ocr_carea' id='block_1_77' title="bbox 2029 3561 3623 3631">
    <p class='ocr_par' dir='ltr' id='par_1_77' title="bbox 2029 3561 3623 3631">
     <span class='ocr_line' id='line_1_77' title="bbox 2029 3561 3623 3631; baseline 0.001 -13"><span class='ocrx_word' id='word_1_497' title='bbox 2029 3561 2159 3627; x_wconf 88' lang='lat' dir='ltr'><strong>ciat,</strong></span> <span class='ocrx_word' id='word_1_498' title='bbox 2196 3579 2299 3617; x_wconf 90' lang='lat' dir='ltr'><strong>nec</strong></span> <span class='ocrx_word' id='word_1_499' title='bbox 2340 3564 2386 3618; x_wconf 89' lang='lat' dir='ltr'><strong>si</strong></span> <span class='ocrx_word' id='word_1_500' title='bbox 2429 3564 2587 3619; x_wconf 88' lang='lat' dir='ltr'><strong>valde</strong></span> <span class='ocrx_word' id='word_1_501' title='bbox 2631 3564 2864 3620; x_wconf 89' lang='lat' dir='ltr'><strong>idoneus</strong></span> <span class='ocrx_word' id='word_1_502' title='bbox 2904 3572 3227 3619; x_wconf 86' lang='lat' dir='ltr'><strong>mercaturae</strong></span> <span class='ocrx_word' id='word_1_503' title='bbox 3269 3566 3361 3631; x_wconf 91' lang='lat' dir='ltr'><strong>sit,</strong></span> <span class='ocrx_word' id='word_1_504' title='bbox 3397 3566 3623 3620; x_wconf 91' lang='lat' dir='ltr'><strong>omnino</strong></span> 
     </span>
    </p>
   </div>
   <div class='ocr_carea' id='block_1_78' title="bbox 2026 3655 3620 3725">
    <p class='ocr_par' dir='ltr' id='par_1_78' title="bbox 2026 3655 3620 3725">
     <span class='ocr_line' id='line_1_78' title="bbox 2026 3655 3620 3725; baseline 0 -16"><span class='ocrx_word' id='word_1_505' title='bbox 2026 3664 2300 3710; x_wconf 88' lang='lat' dir='ltr'><strong>mercator</strong></span> <span class='ocrx_word' id='word_1_506' title='bbox 2332 3655 2562 3710; x_wconf 83' lang='lat' dir='ltr'><strong>exsistat</strong></span> <span class='ocrx_word' id='word_1_507' title='bbox 2609 3674 2622 3708; x_wconf 92' lang='lat'>:</span> <span class='ocrx_word' id='word_1_508' title='bbox 2669 3656 2750 3710; x_wconf 90' lang='lat' dir='ltr'><strong>sic</strong></span> <span class='ocrx_word' id='word_1_509' title='bbox 2792 3671 2897 3709; x_wconf 89' lang='lat' dir='ltr'><strong>nec</strong></span> <span class='ocrx_word' id='word_1_510' title='bbox 2938 3671 3204 3710; x_wconf 82' lang='lat' dir='ltr'><strong>exercens</strong></span> <span class='ocrx_word' id='word_1_511' title='bbox 3251 3656 3316 3710; x_wconf 89' lang='lat' dir='ltr'><strong>ad</strong></span> <span class='ocrx_word' id='word_1_512' title='bbox 3359 3656 3620 3725; x_wconf 85' lang='lat' dir='ltr'><strong>pietatem</strong></span> 
     </span>
    </p>
   </div>
   <div class='ocr_carea' id='block_1_79' title="bbox 2024 3746 3619 3817">
    <p class='ocr_par' dir='ltr' id='par_1_79' title="bbox 2024 3746 3619 3817">
     <span class='ocr_line' id='line_1_79' title="bbox 2024 3746 3619 3817; baseline -0.001 -14"><span class='ocrx_word' id='word_1_513' title='bbox 2024 3748 2143 3803; x_wconf 86' lang='lat' dir='ltr'><strong>sine</strong></span> <span class='ocrx_word' id='word_1_514' title='bbox 2185 3748 2494 3801; x_wconf 89' lang='lat' dir='ltr'><strong>humilitate</strong></span> <span class='ocrx_word' id='word_1_515' title='bbox 2528 3747 2749 3802; x_wconf 88' lang='lat' dir='ltr'><strong>virtutis</strong></span> <span class='ocrx_word' id='word_1_516' title='bbox 2785 3746 3069 3801; x_wconf 79' lang='lat' dir='ltr'><strong>fructuum</strong></span> <span class='ocrx_word' id='word_1_517' title='bbox 3111 3762 3336 3816; x_wconf 84' lang='lat' dir='ltr'><strong>compos</strong></span> <span class='ocrx_word' id='word_1_518' title='bbox 3377 3764 3619 3817; x_wconf 89' lang='lat' dir='ltr'><strong>unquam</strong></span> 
     </span>
    </p>
   </div>
   <div class='ocr_carea' id='block_1_80' title="bbox 2024 3837 3619 3908">
    <p class='ocr_par' dir='ltr' id='par_1_80' title="bbox 2024 3837 3619 3908">
     <span class='ocr_line' id='line_1_80' title="bbox 2024 3837 3619 3908; baseline -0.002 -14"><span class='ocrx_word' id='word_1_519' title='bbox 2024 3838 2368 3903; x_wconf 84' lang='lat' dir='ltr'><strong>invenietur,</strong></span> <span class='ocrx_word' id='word_1_520' title='bbox 2397 3838 2752 3908; x_wconf 87' lang='lat' dir='ltr'><strong>quantumvis</strong></span> <span class='ocrx_word' id='word_1_521' title='bbox 2786 3837 3012 3892; x_wconf 90' lang='lat' dir='ltr'><strong>omnino</strong></span> <span class='ocrx_word' id='word_1_522' title='bbox 3048 3852 3159 3891; x_wconf 71' lang='lat' dir='ltr'><strong>sum</strong></span> <span class='ocrx_word' id='word_1_523' title='bbox 3196 3837 3433 3892; x_wconf 79' lang='lat' dir='ltr'><strong>solertiae</strong></span> <span class='ocrx_word' id='word_1_524' title='bbox 3466 3838 3619 3892; x_wconf 79' lang='lat' dir='ltr'><strong>fidat.</strong></span> 
     </span>
    </p>
   </div>
   <div class='ocr_carea' id='block_1_81' title="bbox 2091 3926 3617 3994">
    <p class='ocr_par' dir='ltr' id='par_1_81' title="bbox 2091 3926 3617 3994">
     <span class='ocr_line' id='line_1_81' title="bbox 2091 3926 3617 3994; baseline 0 -12"><span class='ocrx_word' id='word_1_525' title='bbox 2091 3928 2182 3982; x_wconf 75' lang='grc'><strong>41.</strong></span> <span class='ocrx_word' id='word_1_526' title='bbox 2212 3927 2317 3994; x_wconf 91' lang='lat' dir='ltr'><strong>Qui</strong></span> <span class='ocrx_word' id='word_1_527' title='bbox 2357 3943 2553 3983; x_wconf 87' lang='lat' dir='ltr'><strong>sensus</strong></span> <span class='ocrx_word' id='word_1_528' title='bbox 2591 3926 2859 3982; x_wconf 88' lang='lat' dir='ltr'><strong>modestia</strong></span> <span class='ocrx_word' id='word_1_529' title='bbox 2896 3942 2961 3982; x_wconf 90' lang='lat' dir='ltr'><strong>ac</strong></span> <span class='ocrx_word' id='word_1_530' title='bbox 2993 3926 3305 3981; x_wconf 89' lang='lat' dir='ltr'><strong>humilitate</strong></span> <span class='ocrx_word' id='word_1_531' title='bbox 3340 3927 3617 3989; x_wconf 85' lang='lat' dir='ltr'><strong>ascendit,</strong></span> 
     </span>
    </p>
   </div>
   <div class='ocr_carea' id='block_1_82' title="bbox 2022 4017 3617 4090">
    <p class='ocr_par' dir='ltr' id='par_1_82' title="bbox 2022 4017 3617 4090">
     <span class='ocr_line' id='line_1_82' title="bbox 2022 4017 3617 4090; baseline -0.001 -17"><span class='ocrx_word' id='word_1_532' title='bbox 2022 4034 2186 4074; x_wconf 89' lang='lat' dir='ltr'><strong>sensu</strong></span> <span class='ocrx_word' id='word_1_533' title='bbox 2221 4034 2322 4073; x_wconf 89' lang='lat' dir='ltr'><strong>suo</strong></span> <span class='ocrx_word' id='word_1_534' title='bbox 2355 4018 2621 4090; x_wconf 89' lang='lat' dir='ltr'><strong>dejectior</strong></span> <span class='ocrx_word' id='word_1_535' title='bbox 2651 4018 2931 4084; x_wconf 88' lang='lat' dir='ltr'><strong>redditur;</strong></span> <span class='ocrx_word' id='word_1_536' title='bbox 2965 4019 3059 4089; x_wconf 90' lang='lat' dir='ltr'><strong>qui</strong></span> <span class='ocrx_word' id='word_1_537' title='bbox 3096 4034 3227 4072; x_wconf 88' lang='lat' dir='ltr'><strong>vero</strong></span> <span class='ocrx_word' id='word_1_538' title='bbox 3263 4017 3470 4087; x_wconf 87' lang='lat' dir='ltr'><strong>absque</strong></span> <span class='ocrx_word' id='word_1_539' title='bbox 3503 4019 3617 4084; x_wconf 84' lang='lat' dir='ltr'><strong>illa,</strong></span> 
     </span>
    </p>
   </div>
   <div class='ocr_carea' id='block_1_83' title="bbox 2022 4110 3613 4181">
    <p class='ocr_par' dir='ltr' id='par_1_83' title="bbox 2022 4110 3613 4181">
     <span class='ocr_line' id='line_1_83' title="bbox 2022 4110 3613 4181; baseline 0.001 -16"><span class='ocrx_word' id='word_1_540' title='bbox 2022 4110 2206 4175; x_wconf 87' lang='lat' dir='ltr'><strong>altior,</strong></span> <span class='ocrx_word' id='word_1_541' title='bbox 2237 4125 2302 4165; x_wconf 90' lang='lat' dir='ltr'><strong>ac</strong></span> <span class='ocrx_word' id='word_1_542' title='bbox 2330 4126 2432 4165; x_wconf 89' lang='lat' dir='ltr'><strong>nec</strong></span> <span class='ocrx_word' id='word_1_543' title='bbox 2466 4110 2713 4165; x_wconf 90' lang='lat' dir='ltr'><strong>minimis</strong></span> <span class='ocrx_word' id='word_1_544' title='bbox 2745 4110 2942 4166; x_wconf 90' lang='lat' dir='ltr'><strong>lubens</strong></span> <span class='ocrx_word' id='word_1_545' title='bbox 2976 4111 3229 4181; x_wconf 90' lang='lat' dir='ltr'><strong>componi</strong></span> <span class='ocrx_word' id='word_1_546' title='bbox 3265 4110 3412 4166; x_wconf 91' lang='lat' dir='ltr'><strong>velit.</strong></span> <span class='ocrx_word' id='word_1_547' title='bbox 3447 4110 3613 4167; x_wconf 75' lang='lat' dir='ltr'><strong>llinc~</strong></span> 
     </span>
    </p>
   </div>
   <div class='ocr_carea' id='block_1_84' title="bbox 2022 4201 3618 4274">
    <p class='ocr_par' dir='ltr' id='par_1_84' title="bbox 2022 4201 3618 4274">
     <span class='ocr_line' id='line_1_84' title="bbox 2022 4201 3618 4274; baseline 0.002 -19"><span class='ocrx_word' id='word_1_548' title='bbox 2022 4217 2131 4272; x_wconf 90' lang='lat' dir='ltr'><strong>que</strong></span> <span class='ocrx_word' id='word_1_549' title='bbox 2177 4202 2314 4258; x_wconf 90' lang='lat' dir='ltr'><strong>adeo</strong></span> <span class='ocrx_word' id='word_1_550' title='bbox 2362 4204 2454 4270; x_wconf 82' lang='lat' dir='ltr'><strong>tit,</strong></span> <span class='ocrx_word' id='word_1_551' title='bbox 2488 4212 2549 4258; x_wconf 92' lang='lat' dir='ltr'><strong>ut</strong></span> <span class='ocrx_word' id='word_1_552' title='bbox 2593 4203 2649 4258; x_wconf 89' lang='lat' dir='ltr'><strong>in</strong></span> <span class='ocrx_word' id='word_1_553' title='bbox 2694 4203 2891 4274; x_wconf 88' lang='lat' dir='ltr'><strong>primis</strong></span> <span class='ocrx_word' id='word_1_554' title='bbox 2931 4202 3284 4259; x_wconf 85' lang='lat' dir='ltr'><strong>consessibus</strong></span> <span class='ocrx_word' id='word_1_555' title='bbox 3331 4201 3618 4258; x_wconf 83' lang='lat' dir='ltr'><strong>tristitiam</strong></span> 
     </span>
    </p>
   </div>
   <div class='ocr_carea' id='block_1_85' title="bbox 2024 4282 2711 4364">
    <p class='ocr_par' dir='ltr' id='par_1_85' title="bbox 2024 4282 2711 4364">
     <span class='ocr_line' id='line_1_85' title="bbox 2024 4282 2711 4364; baseline 0 -17"><span class='ocrx_word' id='word_1_556' title='bbox 2024 4293 2224 4364; x_wconf 88' lang='lat' dir='ltr'><strong>prodat</strong></span> <span class='ocrx_word' id='word_1_557' title='bbox 2242 4292 2285 4347; x_wconf 81' lang='grc'><strong>⁸.</strong></span> <span class='ocrx_word' id='word_1_558' title='bbox 2706 4282 2711 4285; x_wconf 62' lang='grc'>’</span> 
     </span>
    </p>
   </div>
   <div class='ocr_carea' id='block_1_86' title="bbox 2093 4384 3618 4459">
    <p class='ocr_par' dir='ltr' id='par_1_86' title="bbox 2093 4384 3618 4459">
     <span class='ocr_line' id='line_1_86' title="bbox 2093 4384 3618 4459; baseline 0.001 -20"><span class='ocrx_word' id='word_1_559' title='bbox 2093 4385 2184 4439; x_wconf 74' lang='grc'><strong>42.</strong></span> <span class='ocrx_word' id='word_1_560' title='bbox 2234 4385 2464 4441; x_wconf 82' lang='lat' dir='ltr'><strong>Praestat</strong></span> <span class='ocrx_word' id='word_1_561' title='bbox 2511 4386 2751 4459; x_wconf 81' lang='lat' dir='ltr'><strong>pugilem</strong></span> <span class='ocrx_word' id='word_1_562' title='bbox 2795 4384 3020 4441; x_wconf 89' lang='lat' dir='ltr'><strong>virtutis</strong></span> <span class='ocrx_word' id='word_1_563' title='bbox 3070 4385 3359 4456; x_wconf 66' lang='lat' dir='ltr'><strong>palaestra,</strong></span> <span class='ocrx_word' id='word_1_564' title='bbox 3401 4385 3618 4453; x_wconf 85' lang='lat' dir='ltr'><strong>minora</strong></span> 
     </span>
    </p>
   </div>
   <div class='ocr_carea' id='block_1_87' title="bbox 2026 4477 3622 4549">
    <p class='ocr_par' dir='ltr' id='par_1_87' title="bbox 2026 4477 3622 4549">
     <span class='ocr_line' id='line_1_87' title="bbox 2026 4477 3622 4549; baseline 0 -17"><span class='ocrx_word' id='word_1_565' title='bbox 2026 4490 2219 4547; x_wconf 87' lang='lat' dir='ltr'><strong>sapere</strong></span> <span class='ocrx_word' id='word_1_566' title='bbox 2246 4492 2410 4546; x_wconf 86' lang='lat' dir='ltr'><strong>quam</strong></span> <span class='ocrx_word' id='word_1_567' title='bbox 2438 4493 2539 4549; x_wconf 91' lang='lat' dir='ltr'><strong>pro</strong></span> <span class='ocrx_word' id='word_1_568' title='bbox 2565 4492 2666 4532; x_wconf 92' lang='lat' dir='ltr'><strong>suo</strong></span> <span class='ocrx_word' id='word_1_569' title='bbox 2695 4493 2897 4548; x_wconf 88' lang='lat' dir='ltr'><strong>opere;</strong></span> <span class='ocrx_word' id='word_1_570' title='bbox 2930 4477 3146 4548; x_wconf 91' lang='lat' dir='ltr'><strong>potiora</strong></span> <span class='ocrx_word' id='word_1_571' title='bbox 3171 4493 3303 4531; x_wconf 78' lang='lat' dir='ltr'><strong>vero</strong></span> <span class='ocrx_word' id='word_1_572' title='bbox 3326 4494 3490 4546; x_wconf 89' lang='lat' dir='ltr'><strong>quam</strong></span> <span class='ocrx_word' id='word_1_573' title='bbox 3522 4493 3622 4546; x_wconf 86' lang='lat' dir='ltr'><strong>pro</strong></span> 
     </span>
    </p>
   </div>
   <div class='ocr_carea' id='block_1_88' title="bbox 347 4566 1928 4640">
    <p class='ocr_par' dir='ltr' id='par_1_88' title="bbox 347 4566 1924 4639">
     <span class='ocr_line' id='line_1_88' title="bbox 347 4566 1924 4639; baseline -0.002 -17"><span class='ocrx_word' id='word_1_574' title='bbox 347 4566 535 4622; x_wconf 84' lang='grc' dir='ltr'>αὑτοῦ.</span> <span class='ocrx_word' id='word_1_575' title='bbox 571 4566 727 4621; x_wconf 77' lang='grc' dir='ltr'>Οὕτω</span> <span class='ocrx_word' id='word_1_576' title='bbox 763 4568 872 4637; x_wconf 82' lang='grc' dir='ltr'>γὰρ</span> <span class='ocrx_word' id='word_1_577' title='bbox 911 4567 979 4622; x_wconf 83' lang='grc' dir='ltr'><strong>ἂν</strong></span> <span class='ocrx_word' id='word_1_578' title='bbox 1025 4571 1121 4621; x_wconf 78' lang='grc' dir='ltr'><strong>καὶ</strong></span> <span class='ocrx_word' id='word_1_579' title='bbox 1164 4567 1473 4639; x_wconf 81' lang='grc' dir='ltr'>ἀνθρώποις</span> <span class='ocrx_word' id='word_1_580' title='bbox 1500 4568 1797 4637; x_wconf 81' lang='grc' dir='ltr'>αἰδέσιμος,</span> <span class='ocrx_word' id='word_1_581' title='bbox 1831 4568 1924 4621; x_wconf 80' lang='grc' dir='ltr'><strong>καί</strong></span> 
     </span>
    </p>
   </div>
   <div class='ocr_carea' id='block_1_89' title="bbox 2030 4566 3621 4640">
    <p class='ocr_par' dir='ltr' id='par_1_89' title="bbox 2030 4566 3621 4640">
     <span class='ocr_line' id='line_1_89' title="bbox 2030 4566 3621 4640; baseline 0.001 -19"><span class='ocrx_word' id='word_1_582' title='bbox 2030 4581 2125 4622; x_wconf 85' lang='lat' dir='ltr'><strong>sua</strong></span> <span class='ocrx_word' id='word_1_583' title='bbox 2149 4566 2441 4631; x_wconf 86' lang='lat' dir='ltr'><strong>formidine</strong></span> <span class='ocrx_word' id='word_1_584' title='bbox 2467 4583 2530 4623; x_wconf 90' lang='lat' dir='ltr'><strong>ac</strong></span> <span class='ocrx_word' id='word_1_585' title='bbox 2554 4568 2770 4640; x_wconf 83' lang='lat' dir='ltr'><strong>ignavia</strong></span> <span class='ocrx_word' id='word_1_586' title='bbox 2798 4583 2981 4638; x_wconf 75' lang='lat' dir='ltr'><strong>agere.</strong></span> <span class='ocrx_word' id='word_1_587' title='bbox 3007 4568 3102 4624; x_wconf 88' lang='lat' dir='ltr'><strong>Sic</strong></span> <span class='ocrx_word' id='word_1_588' title='bbox 3129 4569 3281 4637; x_wconf 86' lang='lat' dir='ltr'><strong>enim</strong></span> <span class='ocrx_word' id='word_1_589' title='bbox 3308 4579 3423 4624; x_wconf 90' lang='lat' dir='ltr'><strong>tum</strong></span> <span class='ocrx_word' id='word_1_590' title='bbox 3449 4569 3621 4623; x_wconf 66' lang='lat' dir='ltr'><strong>homi-</strong></span> 
     </span>
    </p>
   </div>
   <div class='ocr_carea' id='block_1_90' title="bbox 346 4658 1673 4731">
    <p class='ocr_par' dir='ltr' id='par_1_90' title="bbox 346 4658 1673 4731">
     <span class='ocr_line' id='line_1_90' title="bbox 346 4658 1673 4731; baseline 0.002 -18"><span class='ocrx_word' id='word_1_591' title='bbox 346 4658 469 4731; x_wconf 82' lang='grc' dir='ltr'><strong>Θεῷ</strong></span> <span class='ocrx_word' id='word_1_592' title='bbox 497 4658 761 4731; x_wconf 74' lang='grc' dir='ltr'>ἐργάπης</span> <span class='ocrx_word' id='word_1_593' title='bbox 800 4660 1119 4731; x_wconf 79' lang='grc' dir='ltr'>εὑρίσκεται</span> <span class='ocrx_word' id='word_1_594' title='bbox 1157 4661 1673 4730; x_wconf 78' lang='grc' dir='ltr'>ἀνεπαίσχυντος.</span> 
     </span>
    </p>
   </div>
   <div class='ocr_carea' id='block_1_91' title="bbox 424 4839 1931 4915">
    <p class='ocr_par' dir='ltr' id='par_1_91' title="bbox 424 4839 1931 4915">
     <span class='ocr_line' id='line_1_91' title="bbox 424 4839 1931 4915; baseline -0.003 -17"><span class='ocrx_word' id='word_1_595' title='bbox 424 4850 535 4913; x_wconf 86' lang='grc' dir='ltr'>μγ’.</span> <span class='ocrx_word' id='word_1_596' title='bbox 570 4843 641 4896; x_wconf 83' lang='grc' dir='ltr'><strong>Ἦ</strong></span> <span class='ocrx_word' id='word_1_597' title='bbox 680 4841 1083 4915; x_wconf 82' lang='grc' dir='ltr'>κατορθοῦσθαι</span> <span class='ocrx_word' id='word_1_598' title='bbox 1117 4841 1199 4895; x_wconf 85' lang='grc' dir='ltr'>δεῖ</span> <span class='ocrx_word' id='word_1_599' title='bbox 1224 4841 1300 4913; x_wconf 84' lang='grc' dir='ltr'><strong>(Ιι)</strong></span> <span class='ocrx_word' id='word_1_600' title='bbox 1326 4839 1464 4912; x_wconf 73' lang='grc' dir='ltr'>πρὸς</span> <span class='ocrx_word' id='word_1_601' title='bbox 1505 4839 1683 4904; x_wconf 79' lang='grc' dir='ltr'>πάσας</span> <span class='ocrx_word' id='word_1_602' title='bbox 1713 4839 1811 4904; x_wconf 76' lang='grc' dir='ltr'>τὰς</span> <span class='ocrx_word' id='word_1_603' title='bbox 1844 4839 1931 4893; x_wconf 85' lang='grc' dir='ltr'>ἐν-</span> 
     </span>
    </p>
   </div>
   <div class='ocr_carea' id='block_1_92' title="bbox 419 4979 1591 5049">
    <p class='ocr_par' dir='ltr' id='par_1_92' title="bbox 419 4979 1591 5049">
     <span class='ocr_line' id='line_1_92' title="bbox 419 4979 1591 5049; baseline -0.006 -10"><span class='ocrx_word' id='word_1_604' title='bbox 419 4982 598 5039; x_wconf 77' lang='lat' dir='ltr'><strong>&#39;Luc.</strong></span> <span class='ocrx_word' id='word_1_605' title='bbox 636 4999 743 5049; x_wconf 81' lang='lat' dir='ltr'><strong>xiv,</strong></span> <span class='ocrx_word' id='word_1_606' title='bbox 770 4983 824 5048; x_wconf 87' lang='lat'><strong>7;</strong></span> <span class='ocrx_word' id='word_1_607' title='bbox 850 4998 937 5047; x_wconf 80' lang='lat' dir='ltr'><strong>xx,</strong></span> <span class='ocrx_word' id='word_1_608' title='bbox 975 4981 1065 5037; x_wconf 73' lang='grc'><strong>46.</strong></span> <span class='ocrx_word' id='word_1_609' title='bbox 1141 4981 1163 5013; x_wconf 88' lang='grc'><strong>⁹</strong></span> <span class='ocrx_word' id='word_1_610' title='bbox 1188 4980 1210 5035; x_wconf 85' lang='lat'><strong>1</strong></span> <span class='ocrx_word' id='word_1_611' title='bbox 1235 4980 1379 5035; x_wconf 89' lang='lat' dir='ltr'><strong>Tim.</strong></span> <span class='ocrx_word' id='word_1_612' title='bbox 1410 4996 1469 5045; x_wconf 90' lang='grc' dir='ltr'><strong>ιι,</strong></span> <span class='ocrx_word' id='word_1_613' title='bbox 1502 4979 1591 5034; x_wconf 81' lang='grc'><strong>15.</strong></span> 
     </span>
    </p>
   </div>
   <div class='ocr_carea' id='block_1_93' title="bbox 422 5094 1932 5171">
    <p class='ocr_par' dir='ltr' id='par_1_93' title="bbox 422 5094 1932 5171">
     <span class='ocr_line' id='line_1_93' title="bbox 422 5094 1932 5171; baseline -0.007 -15"><span class='ocrx_word' id='word_1_614' title='bbox 422 5096 485 5171; x_wconf 79' lang='lat' dir='ltr'><strong>(f)</strong></span> <span class='ocrx_word' id='word_1_615' title='bbox 534 5097 599 5151; x_wconf 85' lang='grc' dir='ltr'><strong><em>Ὀ</em></strong></span> <span class='ocrx_word' id='word_1_616' title='bbox 621 5095 715 5171; x_wconf 68' lang='grc' dir='ltr'><strong>Δτῷ</strong></span> <span class='ocrx_word' id='word_1_617' title='bbox 747 5095 1095 5171; x_wconf 54' lang='grc' dir='ltr'>λυριήσαντι</span> <span class='ocrx_word' id='word_1_618' title='bbox 1122 5095 1366 5171; x_wconf 59' lang='lat' dir='ltr'><strong>deum.</strong></span> <span class='ocrx_word' id='word_1_619' title='bbox 1393 5094 1629 5171; x_wconf 81' lang='lat' dir='ltr'><strong>Coactus</strong></span> <span class='ocrx_word' id='word_1_620' title='bbox 1657 5108 1783 5171; x_wconf 73' lang='lat' dir='ltr'><strong>sum</strong></span> <span class='ocrx_word' id='word_1_621' title='bbox 1808 5109 1932 5147; x_wconf 89' lang='lat' dir='ltr'><strong>mu-</strong></span> 
     </span>
    </p>
   </div>
   <div class='ocr_carea' id='block_1_94' title="bbox 347 5164 1935 5239">
    <p class='ocr_par' dir='ltr' id='par_1_94' title="bbox 347 5164 1935 5239">
     <span class='ocr_line' id='line_1_94' title="bbox 347 5164 1935 5239; baseline -0.004 -14"><span class='ocrx_word' id='word_1_622' title='bbox 347 5164 476 5225; x_wconf 70' lang='lat' dir='ltr'><strong>tare</strong></span> <span class='ocrx_word' id='word_1_623' title='bbox 491 5167 640 5239; x_wconf 85' lang='lat' dir='ltr'><strong>quod</strong></span> <span class='ocrx_word' id='word_1_624' title='bbox 678 5166 1004 5239; x_wconf 74' lang='lat' dir='ltr'><strong>mendosum</strong></span> <span class='ocrx_word' id='word_1_625' title='bbox 1038 5165 1266 5239; x_wconf 82' lang='lat' dir='ltr'><strong>omnino</strong></span> <span class='ocrx_word' id='word_1_626' title='bbox 1309 5164 1642 5239; x_wconf 69' lang='lat' dir='ltr'><strong>apparebat,</strong></span> <span class='ocrx_word' id='word_1_627' title='bbox 1670 5164 1935 5239; x_wconf 79' lang='lat' dir='ltr'><strong>nulloque</strong></span> 
     </span>
    </p>
   </div>
   <div class='ocr_carea' id='block_1_95' title="bbox 346 5234 1934 5310">
    <p class='ocr_par' dir='ltr' id='par_1_95' title="bbox 346 5234 1934 5310">
     <span class='ocr_line' id='line_1_95' title="bbox 346 5234 1934 5310; baseline -0.004 -16"><span class='ocrx_word' id='word_1_628' title='bbox 346 5252 481 5310; x_wconf 84' lang='lat' dir='ltr'><strong>apto</strong></span> <span class='ocrx_word' id='word_1_629' title='bbox 508 5234 688 5293; x_wconf 63' lang='lat' dir='ltr'><strong>&#39;sensu</strong></span> <span class='ocrx_word' id='word_1_630' title='bbox 735 5252 766 5291; x_wconf 90' lang='lat' dir='ltr'><strong>a</strong></span> <span class='ocrx_word' id='word_1_631' title='bbox 809 5236 1045 5310; x_wconf 73' lang='lat' dir='ltr'><strong>Maximo</strong></span> <span class='ocrx_word' id='word_1_632' title='bbox 1086 5236 1253 5310; x_wconf 76' lang='lat' dir='ltr'><strong>scribi</strong></span> <span class='ocrx_word' id='word_1_633' title='bbox 1293 5234 1595 5310; x_wconf 66' lang='lat' dir='ltr'><strong>potuerat,</strong></span> <span class='ocrx_word' id='word_1_634' title='bbox 1629 5234 1934 5310; x_wconf 68' lang='grc' dir='ltr'>λυετήσαντι</span> 
     </span>
    </p>
   </div>
   <div class='ocr_carea' id='block_1_96' title="bbox 345 5303 1937 5378">
    <p class='ocr_par' dir='ltr' id='par_1_96' title="bbox 345 5303 1937 5378">
     <span class='ocr_line' id='line_1_96' title="bbox 345 5303 1937 5378; baseline -0.003 -15"><span class='ocrx_word' id='word_1_635' title='bbox 345 5303 595 5372; x_wconf 71' lang='grc' dir='ltr'>δίκαίως,</span> <span class='ocrx_word' id='word_1_636' title='bbox 619 5316 677 5363; x_wconf 91' lang='lat' dir='ltr'><strong>et</strong></span> <span class='ocrx_word' id='word_1_637' title='bbox 702 5308 1001 5378; x_wconf 77' lang='grc' dir='ltr'>μετανοῶν·</span> <span class='ocrx_word' id='word_1_638' title='bbox 1025 5322 1151 5361; x_wconf 91' lang='lat' dir='ltr'><strong>cum</strong></span> <span class='ocrx_word' id='word_1_639' title='bbox 1171 5303 1377 5377; x_wconf 82' lang='lat' dir='ltr'><strong>alioqui</strong></span> <span class='ocrx_word' id='word_1_640' title='bbox 1404 5303 1745 5378; x_wconf 73' lang='lat' dir='ltr'><strong>expeditasit</strong></span> <span class='ocrx_word' id='word_1_641' title='bbox 1768 5304 1937 5361; x_wconf 87' lang='lat' dir='ltr'><strong>totius</strong></span> 
     </span>
    </p>
   </div>
   <div class='ocr_carea' id='block_1_97' title="bbox 346 5375 1932 5449">
    <p class='ocr_par' dir='ltr' id='par_1_97' title="bbox 346 5375 1932 5449">
     <span class='ocr_line' id='line_1_97' title="bbox 346 5375 1932 5449; baseline -0.004 -13"><span class='ocrx_word' id='word_1_642' title='bbox 346 5381 547 5448; x_wconf 85' lang='lat' dir='ltr'><strong>capitis</strong></span> <span class='ocrx_word' id='word_1_643' title='bbox 578 5375 870 5449; x_wconf 76' lang='lat' dir='ltr'><strong>sententia,</strong></span> <span class='ocrx_word' id='word_1_644' title='bbox 899 5377 1015 5449; x_wconf 91' lang='lat' dir='ltr'><strong>ipsa</strong></span> <span class='ocrx_word' id='word_1_645' title='bbox 1046 5385 1258 5449; x_wconf 80' lang='lat' dir='ltr'><strong>arguta,</strong></span> <span class='ocrx_word' id='word_1_646' title='bbox 1289 5375 1353 5449; x_wconf 76' lang='lat' dir='ltr'><strong>ac</strong></span> <span class='ocrx_word' id='word_1_647' title='bbox 1377 5391 1485 5449; x_wconf 70' lang='lat' dir='ltr'><strong>qua</strong></span> <span class='ocrx_word' id='word_1_648' title='bbox 1513 5375 1730 5449; x_wconf 75' lang='lat' dir='ltr'><strong>erudite</strong></span> <span class='ocrx_word' id='word_1_649' title='bbox 1759 5390 1932 5444; x_wconf 79' lang='lat' dir='ltr'><strong>expo-</strong></span> 
     </span>
    </p>
   </div>
   <div class='ocr_carea' id='block_1_98' title="bbox 346 5444 1932 5519">
    <p class='ocr_par' dir='ltr' id='par_1_98' title="bbox 346 5444 1932 5519">
     <span class='ocr_line' id='line_1_98' title="bbox 346 5444 1932 5519; baseline -0.004 -15"><span class='ocrx_word' id='word_1_650' title='bbox 346 5444 561 5504; x_wconf 52' lang='lat' dir='ltr'><strong>nu&#39;ntur</strong></span> <span class='ocrx_word' id='word_1_651' title='bbox 587 5448 789 5519; x_wconf 83' lang='lat' dir='ltr'><strong>gradus</strong></span> <span class='ocrx_word' id='word_1_652' title='bbox 813 5444 1024 5504; x_wconf 73' lang='lat' dir='ltr'><strong>ferendi</strong></span> <span class='ocrx_word' id='word_1_653' title='bbox 1052 5444 1488 5519; x_wconf 56' lang='lat' dir='ltr'><strong>au&#39;tremittendi</strong></span> <span class='ocrx_word' id='word_1_654' title='bbox 1519 5444 1777 5515; x_wconf 86' lang='lat' dir='ltr'><strong>injurias;</strong></span> <span class='ocrx_word' id='word_1_655' title='bbox 1810 5460 1932 5519; x_wconf 52' lang='lat' dir='ltr'><strong>qua?</strong></span> 
     </span>
    </p>
   </div>
   <div class='ocr_carea' id='block_1_99' title="bbox 348 5515 1938 5591">
    <p class='ocr_par' dir='ltr' id='par_1_99' title="bbox 348 5515 1938 5591">
     <span class='ocr_line' id='line_1_99' title="bbox 348 5515 1938 5591; baseline -0.005 -16"><span class='ocrx_word' id='word_1_656' title='bbox 348 5532 489 5591; x_wconf 85' lang='lat' dir='ltr'><strong>tunc</strong></span> <span class='ocrx_word' id='word_1_657' title='bbox 529 5515 746 5591; x_wconf 61' lang='lat' dir='ltr'><strong>injuriae</strong></span> <span class='ocrx_word' id='word_1_658' title='bbox 790 5528 952 5591; x_wconf 81' lang='lat' dir='ltr'><strong>sunt,</strong></span> <span class='ocrx_word' id='word_1_659' title='bbox 989 5535 1115 5591; x_wconf 88' lang='lat' dir='ltr'><strong>eum</strong></span> <span class='ocrx_word' id='word_1_660' title='bbox 1158 5518 1361 5591; x_wconf 86' lang='lat' dir='ltr'><strong>injuste</strong></span> <span class='ocrx_word' id='word_1_661' title='bbox 1406 5515 1774 5591; x_wconf 54' lang='lat' dir='ltr'><strong>inferuntur:</strong></span> <span class='ocrx_word' id='word_1_662' title='bbox 1818 5516 1938 5568; x_wconf 83' lang='grc' dir='ltr'>ἀντὶ</span> 
     </span>
    </p>
   </div>
   <div class='ocr_carea' id='block_1_100' title="bbox 347 5585 1938 5660">
    <p class='ocr_par' dir='ltr' id='par_1_100' title="bbox 347 5585 1938 5660">
     <span class='ocr_line' id='line_1_100' title="bbox 347 5585 1938 5660; baseline -0.003 -17"><span class='ocrx_word' id='word_1_663' title='bbox 347 5590 446 5643; x_wconf 81' lang='grc' dir='ltr'><strong>τοῦ</strong></span> <span class='ocrx_word' id='word_1_664' title='bbox 496 5585 794 5660; x_wconf 72' lang='grc' dir='ltr'>μετανοῶν,</span> <span class='ocrx_word' id='word_1_665' title='bbox 823 5589 1170 5660; x_wconf 86' lang='lat' dir='ltr'><strong>scripsissem</strong></span> <span class='ocrx_word' id='word_1_666' title='bbox 1215 5585 1552 5659; x_wconf 77' lang='grc' dir='ltr'>μετευνοὼν,</span> <span class='ocrx_word' id='word_1_667' title='bbox 1579 5585 1634 5660; x_wconf 67' lang='grc' dir='ltr'><strong>Δεἰ</strong></span> <span class='ocrx_word' id='word_1_668' title='bbox 1680 5586 1771 5660; x_wconf 82' lang='lat' dir='ltr'><strong>illa</strong></span> <span class='ocrx_word' id='word_1_669' title='bbox 1802 5599 1938 5639; x_wconf 87' lang='lat' dir='ltr'><strong>voce</strong></span> 
     </span>
    </p>
   </div>
   <div class='ocr_carea' id='block_1_101' title="bbox 349 5656 1931 5729">
    <p class='ocr_par' dir='ltr' id='par_1_101' title="bbox 349 5656 1931 5729">
     <span class='ocr_line' id='line_1_101' title="bbox 349 5656 1931 5729; baseline -0.004 -15"><span class='ocrx_word' id='word_1_670' title='bbox 349 5656 515 5715; x_wconf 84' lang='lat' dir='ltr'><strong>usum</strong></span> <span class='ocrx_word' id='word_1_671' title='bbox 578 5660 815 5728; x_wconf 89' lang='lat' dir='ltr'><strong>aliquem</strong></span> <span class='ocrx_word' id='word_1_672' title='bbox 880 5656 1171 5729; x_wconf 71' lang='lat' dir='ltr'><strong>probatum</strong></span> <span class='ocrx_word' id='word_1_673' title='bbox 1224 5656 1514 5713; x_wconf 78' lang='lat' dir='ltr'><strong>auctorem</strong></span> <span class='ocrx_word' id='word_1_674' title='bbox 1552 5656 1931 5729; x_wconf 67' lang='lat' dir='ltr'><strong>invenissem.</strong></span> 
     </span>
    </p>
   </div>
   <div class='ocr_carea' id='block_1_102' title="bbox 349 5725 1932 5800">
    <p class='ocr_par' dir='ltr' id='par_1_102' title="bbox 349 5725 1932 5800">
     <span class='ocr_line' id='line_1_102' title="bbox 349 5725 1932 5800; baseline -0.004 -16"><span class='ocrx_word' id='word_1_675' title='bbox 349 5730 570 5800; x_wconf 81' lang='lat' dir='ltr'><strong>Alioqui</strong></span> <span class='ocrx_word' id='word_1_676' title='bbox 618 5725 752 5783; x_wconf 79' lang='lat' dir='ltr'><strong>vero</strong></span> <span class='ocrx_word' id='word_1_677' title='bbox 799 5725 904 5800; x_wconf 71' lang='lat' dir='ltr'><strong>voi</strong></span> <span class='ocrx_word' id='word_1_678' title='bbox 952 5730 1184 5800; x_wconf 79' lang='grc' dir='ltr'>εὐνοῶν,</span> <span class='ocrx_word' id='word_1_679' title='bbox 1227 5725 1932 5800; x_wconf 72' lang='lat' dir='ltr'><strong>ipsa_n9n__ineommoda;</strong></span> 
     </span>
    </p>
   </div>
   <div class='ocr_carea' id='block_1_103' title="bbox 351 5795 1929 5883">
    <p class='ocr_par' dir='ltr' id='par_1_103' title="bbox 351 5795 1929 5883">
     <span class='ocr_line' id='line_1_103' title="bbox 351 5795 1929 5883; baseline -0.003 -29"><span class='ocrx_word' id='word_1_680' title='bbox 351 5795 763 5883; x_wconf 45' lang='lat' dir='ltr'><strong>re‘spéxeriulue</strong></span> <span class='ocrx_word' id='word_1_681' title='bbox 802 5798 859 5882; x_wconf 67' lang='lat' dir='ltr'><strong>ip</strong></span> <span class='ocrx_word' id='word_1_682' title='bbox 898 5815 965 5883; x_wconf 72' lang='lat' dir='ltr'><strong>ea</strong></span> <span class='ocrx_word' id='word_1_683' title='bbox 1002 5795 1288 5883; x_wconf 39' lang='lat' dir='ltr'><strong>animus,</strong></span> <span class='ocrx_word' id='word_1_684' title='bbox 1321 5796 1456 5880; x_wconf 79' lang='lat' dir='ltr'><strong>illud</strong></span> <span class='ocrx_word' id='word_1_685' title='bbox 1494 5796 1684 5883; x_wconf 45' lang='lat' dir='ltr'><strong>ratu}.</strong></span> 
     </span>
    </p>
   </div>
   <div class='ocr_carea' id='block_1_104' title="bbox 354 5866 1933 5940">
    <p class='ocr_par' dir='ltr' id='par_1_104' title="bbox 354 5866 1933 5940">
     <span class='ocr_line' id='line_1_104' title="bbox 354 5866 1933 5940; baseline -0.003 -17"><span class='ocrx_word' id='word_1_686' title='bbox 354 5866 515 5924; x_wconf 75' lang='grc' dir='ltr'>’Ἐσθι</span> <span class='ocrx_word' id='word_1_687' title='bbox 546 5866 745 5924; x_wconf 76' lang='grc' dir='ltr'>εὐνοῶν</span> <span class='ocrx_word' id='word_1_688' title='bbox 777 5869 856 5940; x_wconf 80' lang='grc' dir='ltr'>τῷ</span> <span class='ocrx_word' id='word_1_689' title='bbox 888 5870 1143 5940; x_wconf 83' lang='grc' dir='ltr'>ἀντιδίκῳ</span> <span class='ocrx_word' id='word_1_690' title='bbox 1174 5885 1266 5921; x_wconf 84' lang='grc' dir='ltr'><strong>σου</strong></span> <span class='ocrx_word' id='word_1_691' title='bbox 1298 5867 1455 5937; x_wconf 81' lang='grc' dir='ltr'>ταχύ·</span> <span class='ocrx_word' id='word_1_692' title='bbox 1487 5867 1685 5921; x_wconf 83' lang='lat' dir='ltr'><strong>Habeto</strong></span> <span class='ocrx_word' id='word_1_693' title='bbox 1716 5866 1933 5919; x_wconf 77' lang='lat' dir='ltr'><strong>benevo-</strong></span> 
     </span>
    </p>
   </div>
   <div class='ocr_carea' id='block_1_105' title="bbox 2032 4656 3624 4731">
    <p class='ocr_par' dir='ltr' id='par_1_105' title="bbox 2032 4656 3624 4731">
     <span class='ocr_line' id='line_1_105' title="bbox 2032 4656 3624 4731; baseline 0.003 -20"><span class='ocrx_word' id='word_1_694' title='bbox 2032 4656 2200 4711; x_wconf 88' lang='lat' dir='ltr'><strong>nibus</strong></span> <span class='ocrx_word' id='word_1_695' title='bbox 2228 4657 2580 4723; x_wconf 66' lang='lat' dir='ltr'><strong>venerabilis,</strong></span> <span class='ocrx_word' id='word_1_696' title='bbox 2618 4664 2733 4712; x_wconf 89' lang='lat' dir='ltr'><strong>tum</strong></span> <span class='ocrx_word' id='word_1_697' title='bbox 2758 4658 2870 4713; x_wconf 86' lang='lat' dir='ltr'><strong>Deo</strong></span> <span class='ocrx_word' id='word_1_698' title='bbox 2899 4661 3173 4729; x_wconf 81' lang='lat' dir='ltr'><strong>operarius</strong></span> <span class='ocrx_word' id='word_1_699' title='bbox 3204 4660 3582 4731; x_wconf 71' lang='lat' dir='ltr'><strong>iuconfusibilis</strong></span> <span class='ocrx_word' id='word_1_700' title='bbox 3604 4663 3624 4694; x_wconf 83' lang='lat'><strong>’</strong></span> 
     </span>
    </p>
   </div>
   <div class='ocr_carea' id='block_1_106' title="bbox 2035 4748 2371 4813">
    <p class='ocr_par' dir='ltr' id='par_1_106' title="bbox 2035 4748 2371 4813">
     <span class='ocr_line' id='line_1_106' title="bbox 2035 4748 2371 4813; baseline 0 -10"><span class='ocrx_word' id='word_1_701' title='bbox 2035 4748 2371 4813; x_wconf 84' lang='lat' dir='ltr'><strong>invenietur.</strong></span> 
     </span>
    </p>
   </div>
   <div class='ocr_carea' id='block_1_107' title="bbox 2111 4842 3624 4916">
    <p class='ocr_par' dir='ltr' id='par_1_107' title="bbox 2111 4842 3624 4916">
     <span class='ocr_line' id='line_1_107' title="bbox 2111 4842 3624 4916; baseline 0.005 -18"><span class='ocrx_word' id='word_1_702' title='bbox 2111 4842 2201 4898; x_wconf 71' lang='grc'><strong>45.</strong></span> <span class='ocrx_word' id='word_1_703' title='bbox 2232 4848 2343 4898; x_wconf 83' lang='grc' dir='ltr'>Αιιι</span> <span class='ocrx_word' id='word_1_704' title='bbox 2384 4843 2481 4899; x_wconf 84' lang='lat' dir='ltr'><strong>Dei</strong></span> <span class='ocrx_word' id='word_1_705' title='bbox 2527 4843 2785 4899; x_wconf 89' lang='lat' dir='ltr'><strong>mandata</strong></span> <span class='ocrx_word' id='word_1_706' title='bbox 2829 4845 3013 4900; x_wconf 89' lang='lat' dir='ltr'><strong>omnia</strong></span> <span class='ocrx_word' id='word_1_707' title='bbox 3058 4845 3355 4916; x_wconf 89' lang='lat' dir='ltr'><strong>adimpleat</strong></span> <span class='ocrx_word' id='word_1_708' title='bbox 3399 4864 3624 4905; x_wconf 77' lang='lat' dir='ltr'><strong>necesse</strong></span> 
     </span>
    </p>
   </div>
   <div class='ocr_carea' id='block_1_108' title="bbox 2032 5096 3620 5162">
    <p class='ocr_par' dir='ltr' id='par_1_108' title="bbox 2032 5096 3620 5162">
     <span class='ocr_line' id='line_1_108' title="bbox 2032 5096 3620 5162; baseline 0.001 -10"><span class='ocrx_word' id='word_1_709' title='bbox 2032 5096 2251 5152; x_wconf 73' lang='lat' dir='ltr'><strong>tentiam</strong></span> <span class='ocrx_word' id='word_1_710' title='bbox 2284 5111 2403 5149; x_wconf 82' lang='lat' dir='ltr'><strong>cum</strong></span> <span class='ocrx_word' id='word_1_711' title='bbox 2441 5096 2749 5153; x_wconf 79' lang='lat' dir='ltr'><strong>adversario</strong></span> <span class='ocrx_word' id='word_1_712' title='bbox 2783 5106 2871 5152; x_wconf 80' lang='lat' dir='ltr'><strong>tuo</strong></span> <span class='ocrx_word' id='word_1_713' title='bbox 2905 5098 3039 5162; x_wconf 78' lang='lat' dir='ltr'><strong>cito,</strong></span> <span class='ocrx_word' id='word_1_714' title='bbox 3071 5097 3153 5151; x_wconf 88' lang='lat' dir='ltr'><strong>uti</strong></span> <span class='ocrx_word' id='word_1_715' title='bbox 3190 5097 3375 5152; x_wconf 90' lang='lat' dir='ltr'><strong>reddit</strong></span> <span class='ocrx_word' id='word_1_716' title='bbox 3407 5098 3620 5154; x_wconf 83' lang='lat' dir='ltr'><strong>Erasm.</strong></span> 
     </span>
    </p>
   </div>
   <div class='ocr_carea' id='block_1_109' title="bbox 2031 5167 3618 5248">
    <p class='ocr_par' dir='ltr' id='par_1_109' title="bbox 2031 5167 3618 5248">
     <span class='ocr_line' id='line_1_109' title="bbox 2031 5167 3618 5248; baseline 0.001 -26"><span class='ocrx_word' id='word_1_717' title='bbox 2031 5184 2095 5248; x_wconf 67' lang='lat' dir='ltr'><strong>ac</strong></span> <span class='ocrx_word' id='word_1_718' title='bbox 2130 5167 2319 5248; x_wconf 59' lang='lat' dir='ltr'><strong>Graeca</strong></span> <span class='ocrx_word' id='word_1_719' title='bbox 2355 5175 2582 5248; x_wconf 81' lang='lat' dir='ltr'><strong>sonant;</strong></span> <span class='ocrx_word' id='word_1_720' title='bbox 2623 5176 2943 5248; x_wconf 77' lang='lat' dir='ltr'><strong>spectatque</strong></span> <span class='ocrx_word' id='word_1_721' title='bbox 2980 5177 3036 5248; x_wconf 74' lang='lat' dir='ltr'><strong>et</strong></span> <span class='ocrx_word' id='word_1_722' title='bbox 3076 5168 3333 5248; x_wconf 41' lang='lat' dir='ltr'><strong>istud-ad</strong></span> <span class='ocrx_word' id='word_1_723' title='bbox 3374 5170 3618 5248; x_wconf 73' lang='lat' dir='ltr'><strong>reconci-</strong></span> 
     </span>
    </p>
   </div>
   <div class='ocr_carea' id='block_1_110' title="bbox 2030 5236 3624 5308">
    <p class='ocr_par' dir='ltr' id='par_1_110' title="bbox 2030 5236 3624 5308">
     <span class='ocr_line' id='line_1_110' title="bbox 2030 5236 3624 5308; baseline 0.002 -16"><span class='ocrx_word' id='word_1_724' title='bbox 2030 5238 2340 5308; x_wconf 86' lang='lat' dir='ltr'><strong>liationem,</strong></span> <span class='ocrx_word' id='word_1_725' title='bbox 2372 5251 2479 5308; x_wconf 84' lang='lat' dir='ltr'><strong>qua</strong></span> <span class='ocrx_word' id='word_1_726' title='bbox 2510 5236 2819 5308; x_wconf 84' lang='lat' dir='ltr'><strong>studemus,</strong></span> <span class='ocrx_word' id='word_1_727' title='bbox 2848 5236 3071 5308; x_wconf 73' lang='lat' dir='ltr'><strong>injuria:</strong></span> <span class='ocrx_word' id='word_1_728' title='bbox 3100 5238 3281 5308; x_wconf 88' lang='lat' dir='ltr'><strong>obliti,</strong></span> <span class='ocrx_word' id='word_1_729' title='bbox 3314 5254 3359 5297; x_wconf 78' lang='lat' dir='ltr'><strong>si</strong></span> <span class='ocrx_word' id='word_1_730' title='bbox 3394 5239 3527 5308; x_wconf 89' lang='lat' dir='ltr'><strong>quid</strong></span> <span class='ocrx_word' id='word_1_731' title='bbox 3559 5256 3624 5295; x_wconf 84' lang='lat' dir='ltr'><strong>ea</strong></span> 
     </span>
    </p>
   </div>
   <div class='ocr_carea' id='block_1_111' title="bbox 2033 5306 3514 5371">
    <p class='ocr_par' dir='ltr' id='par_1_111' title="bbox 2033 5306 3514 5371">
     <span class='ocr_line' id='line_1_111' title="bbox 2033 5306 3514 5371; baseline 0 -9"><span class='ocrx_word' id='word_1_732' title='bbox 2033 5308 2159 5363; x_wconf 68' lang='lat' dir='ltr'><strong>laesa</strong></span> <span class='ocrx_word' id='word_1_733' title='bbox 2187 5306 2569 5361; x_wconf 86' lang='lat' dir='ltr'><strong>benevolentia</strong></span> <span class='ocrx_word' id='word_1_734' title='bbox 2601 5316 2707 5371; x_wconf 91' lang='lat' dir='ltr'><strong>est,</strong></span> <span class='ocrx_word' id='word_1_735' title='bbox 2731 5306 2940 5362; x_wconf 87' lang='lat' dir='ltr'><strong>saniori</strong></span> <span class='ocrx_word' id='word_1_736' title='bbox 2969 5307 3201 5363; x_wconf 91' lang='lat' dir='ltr'><strong>consilio</strong></span> <span class='ocrx_word' id='word_1_737' title='bbox 3229 5306 3514 5363; x_wconf 84' lang='lat' dir='ltr'><strong>resarcire.</strong></span> 
     </span>
    </p>
   </div>
   <div class='ocr_carea' id='block_1_112' title="bbox 2120 5375 3616 5447">
    <p class='ocr_par' dir='ltr' id='par_1_112' title="bbox 2120 5375 3616 5447">
     <span class='ocr_line' id='line_1_112' title="bbox 2120 5375 3616 5447; baseline 0.003 -18"><span class='ocrx_word' id='word_1_738' title='bbox 2120 5377 2195 5447; x_wconf 88' lang='lat' dir='ltr'><strong>(g)</strong></span> <span class='ocrx_word' id='word_1_739' title='bbox 2226 5375 2735 5447; x_wconf 73' lang='grc' dir='ltr'>Παραμετρεῖσθαι</span> <span class='ocrx_word' id='word_1_740' title='bbox 2759 5377 2883 5443; x_wconf 77' lang='grc' dir='ltr'>τοῖς</span> <span class='ocrx_word' id='word_1_741' title='bbox 2904 5377 3271 5447; x_wconf 65' lang='grc' dir='ltr'>ἐλαχίστοις.</span> <span class='ocrx_word' id='word_1_742' title='bbox 3296 5377 3422 5434; x_wconf 72' lang='grc' dir='ltr'>Ηιιεο</span> <span class='ocrx_word' id='word_1_743' title='bbox 3444 5378 3616 5434; x_wconf 85' lang='lat' dir='ltr'><strong>humi-</strong></span> 
     </span>
    </p>
   </div>
   <div class='ocr_carea' id='block_1_113' title="bbox 2036 5445 3626 5517">
    <p class='ocr_par' dir='ltr' id='par_1_113' title="bbox 2036 5445 3626 5517">
     <span class='ocr_line' id='line_1_113' title="bbox 2036 5445 3626 5517; baseline 0.004 -17"><span class='ocrx_word' id='word_1_744' title='bbox 2036 5445 2207 5501; x_wconf 86' lang='lat' dir='ltr'><strong>litatis</strong></span> <span class='ocrx_word' id='word_1_745' title='bbox 2244 5445 2509 5517; x_wconf 84' lang='lat' dir='ltr'><strong>perfectio</strong></span> <span class='ocrx_word' id='word_1_746' title='bbox 2549 5455 2653 5511; x_wconf 88' lang='lat' dir='ltr'><strong>est,</strong></span> <span class='ocrx_word' id='word_1_747' title='bbox 2683 5462 2747 5501; x_wconf 88' lang='lat' dir='ltr'><strong>ac</strong></span> <span class='ocrx_word' id='word_1_748' title='bbox 2785 5446 2934 5517; x_wconf 93' lang='lat' dir='ltr'><strong>quod</strong></span> <span class='ocrx_word' id='word_1_749' title='bbox 2974 5447 3241 5503; x_wconf 89' lang='lat' dir='ltr'><strong>Dominus</strong></span> <span class='ocrx_word' id='word_1_750' title='bbox 3279 5449 3403 5503; x_wconf 84' lang='lat' dir='ltr'><strong>aliis</strong></span> <span class='ocrx_word' id='word_1_751' title='bbox 3438 5450 3626 5506; x_wconf 78' lang='lat' dir='ltr'><strong>verbis</strong></span> 
     </span>
    </p>
   </div>
   <div class='ocr_carea' id='block_1_114' title="bbox 2039 5515 3625 5586">
    <p class='ocr_par' dir='ltr' id='par_1_114' title="bbox 2039 5515 3625 5586">
     <span class='ocr_line' id='line_1_114' title="bbox 2039 5515 3625 5586; baseline 0.003 -16"><span class='ocrx_word' id='word_1_752' title='bbox 2039 5515 2358 5586; x_wconf 85' lang='lat' dir='ltr'><strong>admonuit,</strong></span> <span class='ocrx_word' id='word_1_753' title='bbox 2396 5516 2603 5585; x_wconf 88' lang='lat' dir='ltr'><strong>jubens</strong></span> <span class='ocrx_word' id='word_1_754' title='bbox 2645 5515 2839 5573; x_wconf 81' lang='lat' dir='ltr'><strong>sedere</strong></span> <span class='ocrx_word' id='word_1_755' title='bbox 2889 5518 2946 5570; x_wconf 90' lang='lat' dir='ltr'><strong>in</strong></span> <span class='ocrx_word' id='word_1_756' title='bbox 3000 5517 3305 5581; x_wconf 90' lang='lat' dir='ltr'><strong>novissimo</strong></span> <span class='ocrx_word' id='word_1_757' title='bbox 3354 5520 3515 5586; x_wconf 89' lang='lat' dir='ltr'><strong>loco;</strong></span> <span class='ocrx_word' id='word_1_758' title='bbox 3570 5530 3625 5575; x_wconf 92' lang='lat' dir='ltr'><strong>ut</strong></span> 
     </span>
    </p>
   </div>
   <div class='ocr_carea' id='block_1_115' title="bbox 2038 5585 3627 5657">
    <p class='ocr_par' dir='ltr' id='par_1_115' title="bbox 2038 5585 3627 5657">
     <span class='ocr_line' id='line_1_115' title="bbox 2038 5585 3627 5657; baseline 0.004 -17"><span class='ocrx_word' id='word_1_759' title='bbox 2038 5602 2202 5641; x_wconf 90' lang='lat' dir='ltr'><strong>nemo</strong></span> <span class='ocrx_word' id='word_1_760' title='bbox 2225 5585 2298 5640; x_wconf 88' lang='lat' dir='ltr'><strong>sit</strong></span> <span class='ocrx_word' id='word_1_761' title='bbox 2321 5587 2465 5640; x_wconf 87' lang='lat' dir='ltr'><strong>inter</strong></span> <span class='ocrx_word' id='word_1_762' title='bbox 2476 5586 2769 5657; x_wconf 71' lang='lat' dir='ltr'><strong>minimos,</strong></span> <span class='ocrx_word' id='word_1_763' title='bbox 2792 5587 2951 5657; x_wconf 90' lang='lat' dir='ltr'><strong>cujus</strong></span> <span class='ocrx_word' id='word_1_764' title='bbox 2976 5603 3081 5643; x_wconf 92' lang='lat' dir='ltr'><strong>nos</strong></span> <span class='ocrx_word' id='word_1_765' title='bbox 3104 5588 3333 5644; x_wconf 91' lang='lat' dir='ltr'><strong>modum</strong></span> <span class='ocrx_word' id='word_1_766' title='bbox 3359 5585 3627 5647; x_wconf 82' lang='lat' dir='ltr'><strong>excedere</strong></span> 
     </span>
    </p>
   </div>
   <div class='ocr_carea' id='block_1_116' title="bbox 2037 5653 3628 5731">
    <p class='ocr_par' dir='ltr' id='par_1_116' title="bbox 2037 5653 3628 5731">
     <span class='ocr_line' id='line_1_116' title="bbox 2037 5653 3628 5731; baseline 0.002 -19"><span class='ocrx_word' id='word_1_767' title='bbox 2037 5657 2434 5731; x_wconf 47' lang='lat' dir='ltr'><strong>egistimemus.</strong></span> <span class='ocrx_word' id='word_1_768' title='bbox 2449 5653 2760 5731; x_wconf 27' lang='lat' dir='ltr'><strong>_Secus‘de_</strong></span> <span class='ocrx_word' id='word_1_769' title='bbox 2774 5653 3043 5731; x_wconf 2' lang='lat' dir='ltr'><strong>superbis,</strong></span> <span class='ocrx_word' id='word_1_770' title='bbox 3063 5659 3155 5726; x_wconf 81' lang='grc'><strong>57,</strong></span> <span class='ocrx_word' id='word_1_771' title='bbox 3183 5675 3290 5716; x_wconf 89' lang='lat' dir='ltr'><strong>nec</strong></span> <span class='ocrx_word' id='word_1_772' title='bbox 3323 5661 3628 5731; x_wconf 69' lang='lat' dir='ltr'><strong>aequalibus</strong></span> 
     </span>
    </p>
   </div>
   <div class='ocr_carea' id='block_1_117' title="bbox 2036 5725 3626 5803">
    <p class='ocr_par' dir='ltr' id='par_1_117' title="bbox 2036 5725 3626 5803">
     <span class='ocr_line' id='line_1_117' title="bbox 2036 5725 3626 5803; baseline 0.003 -22"><span class='ocrx_word' id='word_1_773' title='bbox 2036 5727 2114 5781; x_wconf 86' lang='lat' dir='ltr'><strong>ait</strong></span> <span class='ocrx_word' id='word_1_774' title='bbox 2147 5728 2283 5803; x_wconf 82' lang='grc' dir='ltr'>(τοῖς</span> <span class='ocrx_word' id='word_1_775' title='bbox 2326 5725 2611 5795; x_wconf 75' lang='grc' dir='ltr'>ἰσοτίμοις)</span> <span class='ocrx_word' id='word_1_776' title='bbox 2634 5728 2708 5803; x_wconf 75' lang='lat' dir='ltr'><strong>in</strong></span> <span class='ocrx_word' id='word_1_777' title='bbox 2746 5725 2907 5783; x_wconf 75' lang='lat' dir='ltr'><strong>bonis</strong></span> <span class='ocrx_word' id='word_1_778' title='bbox 2943 5729 3085 5785; x_wconf 82' lang='lat' dir='ltr'><strong>velle</strong></span> <span class='ocrx_word' id='word_1_779' title='bbox 3129 5725 3626 5803; x_wconf 80' lang='grc' dir='ltr'>παραμετρεῖσθαι,</span> 
     </span>
    </p>
   </div>
   <div class='ocr_carea' id='block_1_118' title="bbox 2035 5798 2665 5867">
    <p class='ocr_par' dir='ltr' id='par_1_118' title="bbox 2035 5798 2665 5867">
     <span class='ocr_line' id='line_1_118' title="bbox 2035 5798 2665 5867; baseline 0.006 -18"><span class='ocrx_word' id='word_1_780' title='bbox 2035 5798 2275 5867; x_wconf 69' lang='lat' dir='ltr'><strong>componi</strong></span> <span class='ocrx_word' id='word_1_781' title='bbox 2302 5805 2352 5849; x_wconf 84' lang='lat' dir='ltr'><strong>et</strong></span> <span class='ocrx_word' id='word_1_782' title='bbox 2376 5801 2665 5866; x_wconf 69' lang='lat' dir='ltr'><strong>exmquart&#39;.</strong></span> 
     </span>
    </p>
   </div>
   <div class='ocr_carea' id='block_1_119' title="bbox 2106 5866 3624 5941">
    <p class='ocr_par' dir='ltr' id='par_1_119' title="bbox 2106 5866 3624 5941">
     <span class='ocr_line' id='line_1_119' title="bbox 2106 5866 3624 5941; baseline 0.004 -22"><span class='ocrx_word' id='word_1_783' title='bbox 2106 5867 2185 5937; x_wconf 72' lang='lat' dir='ltr'><strong>(Ia)</strong></span> <span class='ocrx_word' id='word_1_784' title='bbox 2242 5866 2310 5921; x_wconf 87' lang='grc' dir='ltr'><strong>Ἢ</strong></span> <span class='ocrx_word' id='word_1_785' title='bbox 2355 5869 2802 5935; x_wconf 77' lang='grc' dir='ltr'>κατορθοῦσθαι</span> <span class='ocrx_word' id='word_1_786' title='bbox 2848 5868 2960 5925; x_wconf 84' lang='grc' dir='ltr'>δεῖ.</span> <span class='ocrx_word' id='word_1_787' title='bbox 3004 5870 3185 5941; x_wconf 87' lang='lat' dir='ltr'><strong>Caput</strong></span> <span class='ocrx_word' id='word_1_788' title='bbox 3230 5871 3375 5926; x_wconf 87' lang='lat' dir='ltr'><strong>istud</strong></span> <span class='ocrx_word' id='word_1_789' title='bbox 3426 5886 3624 5927; x_wconf 87' lang='lat' dir='ltr'><strong>novum</strong></span> 
     </span>
    </p>
   </div>
  </div>
