4110 6318
376 469 510 539 1413

1527 466 1705 529 ALIA
1743 463 1847 526 EX
1880 461 2128 525 VATIC.
2166 460 2457 522 CAPITA.

3494 462 3635 529 1414

354 581 505 648 μίαν
547 579 605 633 δὲ
637 577 745 633 ἀπὸ
775 579 1006 650 σαρκὸς,
1050 580 1194 633 κατά
1232 579 1327 634 τὸν
1385 577 1844 650 Ἐκκλησιαστήν·
1891 573 1947 626 δι

2064 569 2259 635 corde,
2284 584 2353 623 ex
2388 585 2553 626 carne
2582 586 2716 628 vero
2750 571 3110 643 cupiditatem
3132 573 3194 638 η,
3222 571 3474 639 auferre;
3507 574 3635 644 qui~

373 664 500 741 ὦνὴ
537 670 755 742 καθαρά
774 671 973 743 καρδία
1001 671 1285 737 κτίζεσθαι
1315 673 1472 727 είωθε
1500 671 1651 743 παρά
1672 668 1769 724 τοῦ
1793 685 1953 723 καινο

367 779 428 816 ου
438 763 694 834 ργοῦντος
733 764 1076 834 Πνεύματος.
1524 749 1547 763 ’

444 860 533 922 ιγ’.
577 853 650 906 Τὸ
682 854 784 925 μὲν
826 855 935 909 τῶν
982 853 1290 926 βρωμάτων
1322 855 1644 927 ἀπέριττον,
1683 853 1814 924 περὶ
1851 852 1949 922 τὴν

369 943 517 1013 ἥττω
543 945 756 1016 τρυφῆς
788 946 1068 1016 ποιότητα·
1092 946 1152 1000 τὸ
1175 945 1231 998 δέ
1253 946 1361 1000 τῶν
1391 947 1652 1017 ῥημάτων
1678 942 1949 1014 ἀνέγκληο

368 1051 484 1099 τον,
515 1036 643 1107 περὶ
671 1035 768 1106 τὴν
805 1038 1040 1108 κρεὶττω
1076 1036 1179 1106 τῆς
1222 1035 1439 1108 σιωπῆς
1483 1036 1756 1110 ποσότητα
1800 1035 1952 1107 εὑρε-

372 1124 619 1198 θήσεται.

443 1218 532 1274 νδ’.
574 1220 833 1289 Πὺρωσον
864 1220 988 1283 τοὺς
1020 1218 1249 1290 νεφρούς
1283 1237 1376 1273 σου
1408 1219 1596 1290 ἀσιτίᾳ
1619 1218 1946 1290 βρωμάτων,

373 1315 467 1364 καὶ
507 1309 696 1364 ἕτασον
717 1310 816 1381 τὴν
840 1311 1070 1382 καρδίαν
1093 1328 1186 1365 σου
1216 1312 1512 1383 ἐγκρατείᾳ
1547 1312 1829 1383 ῥημάτων,
1856 1311 1951 1362 καὶ

314 1388 332 1459 ,ί
371 1400 515 1467 ἔξεις
559 1401 695 1472 πρὸς
741 1402 1045 1474 ὑπηρεσίαν
1080 1402 1283 1468 καλῶν,
1322 1403 1402 1470 τὸ,
1448 1403 1844 1475 ἐπιθυμητικόν
1889 1420 1948 1456 τε

372 1492 467 1544 καὶ
497 1490 747 1560 θυμικόν.

444 1589 537 1637 νε¹.
586 1582 648 1636 Ἡ
700 1583 800 1653 μὲν
846 1582 955 1637 τῶν
994 1583 1377 1656 ὑπογαστρίων
1414 1585 1575 1656 ἡδονὴ
1617 1584 1949 1641 καταπίπτει

374 1673 434 1725 ἐν
479 1674 862 1742 ἀσκουμένοις,
890 1674 986 1728 τοῦ
1009 1674 1263 1746 σώματος
1288 1678 1771 1748 παρακμάσαντος·
1788 1676 1866 1730 ἔτι
1892 1677 1950 1730 δὲ

376 1765 680 1836 παραμένει
721 1765 818 1819 τοῦ
849 1766 1132 1839 φάρυγγος
1162 1769 1252 1839 (j),
1290 1767 1368 1840 τῷ
1400 1769 1477 1839 μὴ
1521 1768 1785 1837 φθάσαντι
1812 1768 1949 1822 ταύ-

373 1873 474 1926 την
502 1856 726 1922 ἐνδίκως
773 1859 1021 1918 κολάσαι.
1084 1860 1394 1919 Σπουδάσαι
1437 1855 1531 1914 οὖν
1579 1861 1686 1931 χρὴ
1730 1861 1819 1923 διὰ
1851 1861 1950 1931 τῆς

372 1948 570 2012 αἰτίου,
619 1949 714 2002 τοῦ
767 1950 1013 2004 αἰτιατοῦ
1049 1950 1143 2005 τὸν
1187 1950 1495 2023 ὀνειδισμὸν
1523 1953 1948 2028 ἀποτρίψασθαι,

373 2038 450 2102 ὡς
490 2038 557 2093 ἂν
612 2040 690 2110 μὴ
746 2039 895 2110 ξένος
934 2042 1113 2097 ἐκεῖσε
1167 2042 1267 2114 τῆς
1306 2043 1447 2101 κατὰ
1486 2043 1585 2118 τὴν
1627 2044 1952 2114 ἐγκράτειαν

373 2132 575 2203 ἀρετῆς
606 2133 867 2203 εὑρεθεὶς,
908 2135 1228 2207 αἰσχυνθῇς.

447 2230 553 2288 νς·¹.
598 2226 923 2295 Ἀναγκαῖον
967 2229 1169 2282 εἰδέναι
1225 2227 1317 2288 τὸν
1367 2230 1632 2301 ἀσκητὴν,
1678 2230 1809 2289 πότε
1856 2232 1953 2293 καὶ

373 2317 484 2370 τίσι
517 2317 768 2388 βρώμασι
797 2321 879 2374 δεῖ
898 2321 973 2384 ὡς
999 2321 1191 2392 ἐχθρὸν
1210 2322 1432 2393 τρέφειν
1456 2323 1519 2376 τὸ
1559 2321 1718 2394 σῶμα
1750 2324 1913 2378 αὐτοῦ
1934 2341 1948 2362 ε

376 2406 507 2461 πότε
541 2407 598 2460 δὲ
623 2408 699 2472 ὡς
729 2409 881 2478 φίλον
920 2412 1262 2482 παρακαλεῖν
1290 2414 1384 2466 καὶ
1419 2411 1580 2467 πάλιν
1612 2414 1952 2484 παραμυθεῖη

380 2495 509 2549 σθαι
542 2496 619 2562 ὼς
654 2498 878 2571 ἀσθενῆ·
913 2501 1001 2561 ίνα
1035 2503 1108 2573 μὴ
1143 2502 1280 2574 λάθῃ
1314 2503 1383 2558 τὰ
1414 2505 1514 2575 μὲν
1548 2504 1644 2560 τοῦ
1671 2504 1948 2572 ἀσθενοῦς,

374 2586 455 2658 τῷ
492 2588 652 2660 φίλῳ·
705 2591 772 2646 τὰ
818 2591 877 2644 δὲ
921 2593 1014 2647 τοῦ
1065 2594 1219 2663 φίλου
1272 2597 1597 2667 παρατιθεὶς
1639 2598 1719 2668 τῷ
1750 2597 1951 2669 ἐχθρῷ·

376 2677 471 2730 καὶ
506 2678 800 2750 ἑκατέρους
849 2681 926 2745 ὡς
971 2684 1352 2754 σκανδαλίσας,
1403 2686 1580 2760 καιρῷ
1646 2690 1950 2763 πειρασμοῦ

377 2768 602 2839 εὑρήσει
633 2770 1004 2843 πολεμοῦντας
1028 2775 1212 2832 αὐτόν.

450 2940 535 3005 ιζ’.
576 2943 744 2997 Ὅταν
797 2947 896 3017 τῆς
926 2948 1145 3021 τρυφῆς
1182 2950 1283 3021 τὴν
1315 2952 1520 3023 τροφὴν
1554 2953 1583 3006 ὀ
1621 2953 1953 3024 τρεφόμενος

379 3034 781 3105 προτιμοτέραν
819 3039 1143 3111 ποιήσηται.
1176 3041 1299 3099 τότε
1345 3045 1379 3119 ἡ
1409 3042 1516 3097 τῶν
1550 3043 1803 3115 δακρύων
1829 3046 1951 3096 ἐπι-

378 3123 675 3195 δημήσασα
708 3126 867 3199 χάρις
889 3129 1059 3200 αὐτῷ,
1106 3132 1445 3202 παρακαλεῖν
1484 3135 1712 3207 ἄρχεται
1739 3132 1836 3188 καὶ
1859 3134 1953 3189 άλ-

2053 657 2159 714 bus
2183 658 2477 715 innovator
2500 660 2741 732 Spiritus
2763 662 2933 719 habet
2952 679 3050 719 cor
3069 664 3337 720 mundum
3360 679 3547 719 creare
3567 666 3632 721 ¹³.

2121 834 2211 889 53.
2241 833 2505 891 Ciborum
2533 836 2751 893 laudata
2780 837 3067 908 frugalitas
3094 848 3259 909 atque
3288 838 3549 914 parcitas,
3579 838 3633 896 in

2050 925 2251 980 minori
2274 942 2437 996 quam
2460 943 2561 998 pro
2582 930 2798 985 deliciis
2817 931 3111 1001 qualitate;
3138 931 3431 987 verborum
3451 940 3634 986 autem

2051 1016 2202 1070 omni
2233 1033 2437 1073 vacans
2472 1020 2905 1089 reprehensione
2936 1021 3308 1092 indulgentia,
3342 1021 3399 1075 in
3430 1021 3638 1091 potiori

2049 1121 2212 1175 quam
2245 1122 2346 1176 pro
2371 1108 2593 1164 silentio
2622 1110 2934 1166 invenietur
2956 1112 3280 1180 quantitate.

2121 1200 2283 1273 647
2302 1203 2389 1256 54.
2411 1203 2522 1258 Ure
2547 1220 2710 1259 renes
2733 1214 2858 1259 tuos
2882 1206 3133 1259 ciborum
3166 1205 3370 1266 inedia,
3390 1213 3447 1261 et
3465 1205 3636 1274 proba

2051 1308 2150 1347 cor
2170 1302 2325 1348 tuum
2351 1295 2649 1351 verborum
2673 1297 3026 1361 abstinentia,
3051 1297 3391 1367 habebisque
3416 1297 3638 1352 virtutis

2050 1386 2362 1441 ministerio
2411 1387 2813 1459 obsequentes,
2868 1388 3188 1460 cupiditatis
3214 1390 3419 1459 iraeque
3466 1389 3637 1443 facul-

2052 1484 2104 1532 ta
2113 1485 2242 1533 tem.

2123 1571 2208 1625 55.
2250 1572 2620 1627 Venereorum
2650 1573 2923 1643 voluptas,
2953 1581 3361 1629 emarcescente
3387 1573 3635 1643 corporis

2049 1663 2217 1734 pube,
2244 1663 2503 1729 concidit,
2528 1665 2583 1718 in
2612 1664 2682 1720 iis
2703 1666 2797 1734 qui
2820 1665 3042 1720 virtutis
3064 1665 3312 1735 palzestra
3336 1672 3595 1720 exercent
3620 1681 3633 1717 :

2050 1753 2231 1808 adhuc
2270 1761 2452 1809 tamen
2486 1765 2710 1810 manent
2736 1756 2876 1827 gulae
2903 1756 3266 1821 irritamenta,
3295 1756 3369 1820 ei,
3402 1755 3495 1825 qui
3524 1771 3636 1809 non

2051 1855 2180 1899 ante
2220 1860 2340 1903 eam
2389 1845 2574 1901 debita
2623 1847 2830 1902 ultione
2876 1847 3249 1918 castigaverit.
3300 1846 3637 1900 Enitendum

2052 1936 2217 2008 igitur
2248 1944 2351 2000 est,
2384 1946 2445 1991 ut
2474 1953 2573 2007 per
2610 1954 2853 2002 causam,
2882 1938 3114 1993 effectus
3143 1937 3409 2008 probrum
3440 1938 3635 2003 elidas,

2051 2043 2122 2087 tte
2145 2035 2443 2085 extraneus
2466 2029 2535 2085 ab
2560 2030 2905 2085 abstinentia:
2932 2046 3028 2084 seu
3055 2030 3409 2085 continentia:
3433 2030 3638 2086 virtute

2054 2119 2168 2183 illic
2198 2119 2477 2185 inventus,
2513 2120 2890 2176 confundaris.

2121 2212 2210 2267 56.
2250 2212 2532 2266 Exercens
2586 2212 2655 2267 ad
2706 2211 3004 2282 pietatem,
3061 2212 3199 2267 sciat
3253 2228 3478 2267 necesse
3529 2221 3635 2276 cst,

2052 2303 2403 2374 quandonam
2457 2310 2513 2361 et
2565 2303 2773 2373 quibus
2823 2301 2963 2357 cibis
3012 2303 3268 2357 alendum
3324 2319 3526 2373 corpus
3577 2312 3641 2358 ut

2053 2394 2263 2461 hostis;
2321 2394 2544 2465 quando
2588 2395 2717 2451 item
2772 2394 3138 2450 recreandum
3193 2402 3254 2448 ut
3297 2394 3529 2458 amicus,
3573 2411 3640 2449 ac

2053 2503 2245 2541 rursus
2275 2485 2497 2556 quando
2525 2486 2575 2540 ei
2608 2486 2921 2547 adhibenda
2956 2486 3148 2541 solatia
3186 2495 3444 2555 tanquam
3481 2485 3637 2539 inﬁr-

2054 2596 2145 2634 mo
2166 2598 2178 2633 :
2202 2596 2271 2635 ne
2293 2595 2393 2649 per
2413 2579 2863 2652 imprudentiam,
2883 2594 3004 2649 quae
3028 2584 3155 2631 sunt
3179 2576 3404 2641 infirmi,
3423 2578 3632 2643 amico;

2051 2677 2107 2725 et
2129 2687 2250 2740 qua:
2280 2670 2462 2735 amici,
2491 2670 2637 2725 hosti
2662 2668 3023 2739 apponendo;
3054 2683 3117 2722 ac
3141 2667 3295 2721 velut
3322 2667 3417 2737 qui
3451 2676 3637 2722 utros-

2053 2778 2158 2832 que
2183 2763 2660 2828 scandalizaverit,
2684 2761 2936 2831 utrisque
2962 2759 3019 2823 in
3046 2767 3293 2832 tempore
3319 2758 3638 2814 tentationis

2054 2862 2241 2907 utatur
2271 2851 2525 2917 infensis,

2123 2946 2211 3001 57.
2250 2943 2389 2999 Cum
2417 2946 2464 2999 is
2491 2945 2586 3015 qui
2616 2945 2880 3003 alimento
2907 2944 3102 3009 utitur,
3129 2944 3267 3015 gula:
3297 2943 3513 2999 deliciis
3541 2958 3639 2998 ne-

2052 3037 2355 3091 cessarium
2387 3037 2572 3093 cibum
2617 3036 2958 3107 praetulerit,
3002 3043 3133 3091 tunc
3162 3034 3434 3091 accedens
3463 3034 3638 3106 lacry-

2053 3142 2266 3182 marum
2308 3128 2517 3198 gratia,
2552 3129 2806 3198 ingerere
2848 3127 3045 3198 incipit
3083 3143 3147 3182 ac
3184 3127 3438 3191 suadere,
3482 3135 3543 3180 ut
3580 3135 3636 3187 ct

379 3215 479 3284 λης
503 3216 684 3281 πάσης
710 3217 972 3289 ⁴ἠδύτητος
1005 3221 1483 3292 ἐπιλανθάνεσθαι,
1517 3224 1592 3288 ὡς
1617 3223 1718 3295 ήδη
1743 3225 1947 3279 τούτων

2052 3234 2272 3273 onmem
2297 3219 2459 3279 aliam
2491 3219 2841 3274 dulcedinem
2870 3219 3252 3285 obliviscatur,
3285 3233 3408 3289 quae
3440 3218 3636 3279 harum

380 3302 779 3377 καταποθεισης
803 3308 1117 3381 άσυγκρίτῳ
1164 3312 1409 3385 ἠδύτητι.

452 3403 555 3466 νηι.
593 3397 683 3469 Τῷ
718 3398 817 3469 μὲν
854 3400 1243 3474 πλατυνομένῳ
1274 3407 1574 3479 συνεστάλη
1606 3409 1677 3461 τὰ
1719 3409 1948 3481 δάκρυα·

382 3486 644 3559 ἐξεόλύθη
672 3489 730 3543 δὲ
759 3490 955 3557 ταῦτα,
985 3492 1064 3564 τῷ
1086 3494 1187 3565 τὴν
1220 3496 1413 3570 στενὴν
1433 3498 1551 3552 ὁδὸν
1580 3500 1944 3572 άγαπήσαντι.

449 3658 548 3715 νϐ’.
583 3661 697 3716 Οὐκ
729 3661 877 3719 ἔστιν
900 3663 1078 3735 λύπης
1098 3666 1275 3732 ἐκτὸς,
1307 3667 1431 3721 οὔτε
1462 3670 1806 3740 ἁμαρτωλὸς,
1824 3671 1949 3725 οὔτε

379 3746 607 3817 δίκαιος·
644 3753 761 3811 ἀλλ’
785 3755 814 3809 6
854 3756 976 3826 μὲν,
1009 3758 1094 3811 ὅτι
1140 3758 1216 3829 μὴ
1248 3758 1425 3830 πάντη
1473 3760 1740 3815 ἀπέλιπεν
1765 3764 1825 3816 τὸ
1854 3781 1950 3818 κα-

378 3841 495 3896 κόν·
525 3843 556 3895 ὁ
584 3843 664 3913 δὲ,
691 3845 774 3900 ὅτι
808 3843 964 3903 οὔπω
1002 3846 1274 3907 κατέλαϐε
1310 3849 1371 3902 τὸ
1400 3848 1569 3914 ὅντως
1597 3849 1780 3912 καλόν.

356 4016 369 4091 ἶ
449 4032 513 4103 ξ’.
553 4033 676 4089 Τῶν
711 4035 796 4105 ἐφ’
825 4037 956 4107 ἡμῖν
999 4036 1097 4106 μὲν
1138 4035 1281 4093 κατά
1306 4036 1534 4109 δύναμιν
1564 4039 1781 4111 ἀρεταὶ,
1814 4040 1948 4112 εὐχὴ

378 4124 473 4178 καὶ
498 4125 698 4195 σιωπή·
737 4124 844 4179 τῶν
882 4126 980 4180 οὐκ
1014 4125 1103 4195 ἐφ’
1133 4127 1266 4197 ἡμῖν
1299 4126 1377 4189 δέ,
1417 4127 1532 4181 ἀλλ’
1573 4129 1650 4193 ὠς
1677 4129 1748 4185 τὰ
1780 4130 1949 4185 πολλά

376 4213 476 4284 τῆς
503 4213 599 4267 τοῦ
633 4214 885 4286 σώματος
915 4217 1279 4289 κατασκευῆς,
1307 4219 1532 4289 νηστεία
1552 4221 1646 4274 καὶ
1673 4221 1948 4293 ἀγρυπνία

376 4305 535 4360 είσίν.
572 4308 751 4378 Ὅπερ
795 4305 888 4364 οὖν
927 4308 1007 4381 τῷ
1039 4310 1313 4382 ἀγωνιστῇ
1342 4310 1758 4385 εὐληπτότερον,
1790 4312 1948 4371 τοῦτο

381 4397 747 4475 μετέρχεσθαι
778 4400 909 4472 χρή.

2046 3307 2158 3378 jam
2195 3307 2613 3378 incomparabili
2643 3308 2936 3370 dulcedine
2966 3308 3225 3379 absorpta
3258 3309 3351 3364 sit.

2121 3399 2209 3454 58.
2253 3400 2317 3455 Ei
2347 3400 2442 3470 qui
2477 3399 2740 3454 dilatatur
2767 3440 2781 3463 ,
2818 3407 3101 3453 contracta
3144 3408 3228 3453 est
3266 3400 3633 3470 lacrymaruut

2048 3488 2169 3557 vis;
2205 3489 2388 3544 ﬂuunt
2417 3499 2600 3544 autem
2627 3489 2781 3561 largo
2802 3488 2974 3554 fonte,
3002 3488 3105 3556 illi,
3130 3489 3224 3560 qui
3251 3489 3393 3543 viam
3425 3497 3633 3549 arctam

2050 3583 2264 3638 dilexit.

2121 3672 2210 3727 59.
2250 3673 2364 3727 Nec
2420 3681 2681 3740 peccator
2733 3673 2954 3742 aliquis,
3014 3689 3119 3728 nec
3165 3674 3369 3744 justus,
3421 3674 3635 3735 doloris

2049 3762 2219 3818 animi
2243 3777 2440 3831 expers
2467 3761 2685 3817 exsistit
2713 3779 2725 3815 :
2763 3762 2861 3817 sed
2888 3763 3038 3817 dolet
3069 3763 3162 3818 ille
3196 3764 3444 3833 quidem,
3482 3766 3632 3836 quod

2046 3867 2159 3907 non
2187 3851 2413 3906 omnino
2443 3852 2644 3911 malum
2683 3851 2968 3921 reliquerit
2993 3868 3007 3918 ;
3042 3852 3134 3906 hic
3152 3868 3306 3918 vero,
3335 3854 3480 3923 quod
3501 3870 3630 3919 nec.

2048 3942 2181 4001 dum
2237 3942 2386 4013 quod
2411 3950 2497 3997 est
2520 3957 2648 3996 vere
2679 3941 2884 3996 bonum
2918 3942 3153 4012 adeptus
3182 3943 3274 3998 sit.

2118 4031 2209 4089 60.
2236 4032 2443 4088 Eorum
2468 4046 2590 4101 quae
2615 4030 2670 4085 in
2694 4039 2880 4091 nostra
2908 4039 3038 4103 sunt
3062 4030 3345 4096 facultate,
3369 4032 3630 4103 virtutes,

2048 4124 2227 4181 oratio
2251 4131 2309 4178 et
2340 4122 2620 4185 silentium
2652 4140 2666 4177 :
2696 4137 2891 4177 eorum
2924 4138 3080 4189 vero,
3112 4139 3235 4193 quae
3266 4139 3375 4178 non
3412 4133 3539 4180 sunt
3573 4125 3630 4191 in

2046 4214 2328 4279 facultate,
2353 4213 2446 4269 sed
2477 4213 2804 4283 plerumque
2825 4228 2893 4275 ex
2917 4217 3169 4286 corporis
3196 4222 3629 4287 temperamento

2046 4306 2323 4378 pendent,
2353 4304 2625 4375 jejunium
2672 4313 2728 4361 et
2776 4305 2996 4377 vigiliae.
3033 4305 3188 4374 Quod
3241 4305 3410 4376 igitur
3454 4306 3628 4378 pugili

2048 4398 2223 4469 magis
2261 4395 2615 4467 expeditum,
2653 4396 2709 4459 id
2744 4412 2876 4456 vero
2916 4413 3141 4454 necesse
3174 4414 3300 4457 eum
3349 4400 3529 4457 colere
3571 4407 3629 4462 et

2048 4503 2326 4546 exercere.

451 4575 554 4641 ξεί.
587 4574 750 4641 Οἶκος
781 4577 881 4649 μὲν
929 4578 1118 4649 εὐχῆς,
1152 4579 1190 4649 ἡ
1237 4578 1505 4649 δπομονή·
1535 4581 1947 4652 περικρατεῖται

2124 4579 2212 4635 61.
2249 4579 2455 4634 Domus
2509 4578 2797 4648 orationis,
2841 4583 3106 4654 patientia
3149 4592 3272 4651 est;
3321 4584 3441 4654 ejus
3478 4581 3629 4642 enim

448 4733 492 4770 η
520 4734 705 4791 Eccle.
738 4749 812 4792 xi.
852 4731 936 4793 10,
1014 4731 1057 4765 ¹³
1081 4732 1222 4788 Psal.
1258 4747 1311 4797 ι,
1339 4732 1427 4795 12.

373 4885 623 4962 ῙέΧΧ-ἱη
664 4904 732 4945 eo
764 4882 985 4962 Eccles.
1022 4890 1335 4962 Aloco._non
1365 4890 1662 4946 admodum
1708 4892 1952 4962 probatis

371 4957 579 5031 Grarcis
613 4961 933 5031 auctoribus
969 4959 1115 5015 trita.
1144 4959 1318 5031 Afline
1346 4970 1536 5031 tamen
1576 4969 1681 5027 est,
1709 4957 1859 5031 quod
1894 4964 1949 5019 in

373 5027 612 5100 plurium
652 5030 858 5100 majore
896 5030 1127 5094 Lexico,
1163 5030 1299 5087 alias
1331 5028 1678 5100 Crispiniano
1714 5027 1952 5089 refertur

371 5098 669 5172 ex_P_lutar.
693 5098 750 5172 in
775 5099 1019 5168 Romulo,
1035 5100 1270 5163 Τούτους
1297 5098 1552 5172 ἐξέκρουε
1583 5102 1678 5154 καὶ
1701 5103 1949 5172 παρῆγεν

370 5169 399 5220 ὁ
432 5167 652 5243 Τάτιος.
689 5168 856 5243 Quasi
895 5173 1150 5243 expunxi!
1184 5187 1247 5225 ac
1281 5167 1477 5243 missos
1501 5170 1673 5243 fecit:
1705 5167 1948 5243 quod-et

370 5252 477 5320 vox
506 5236 1162 5320 Bebryca-sonat'ftnbjm
1192 5236 1591 5320 transirefeeit.
1615 5236 1773 5312 Apud
1802 5242 1945 5320 Pau-

369 5307 506 5372 lum,
529 5309 610 5373 τὸ,
641 5309 888 5381 Παράγει
917 5311 1025 5381 γὰρ
1051 5312 1113 5363 τὸ
1147 5311 1336 5433 σχῆμα
1360 5307 1458 5364 τοῦ
1491 5307 1696 5380 κόσμου
1730 5312 1942 5377 τούτου,

369 5376 390 5433 Ι
438 5376 564 5433 Cor.
597 5394 706 5433 vn.
740 5381 842 5433 51.
877 5380 1024 5433 auod
1067 5380 1214 5433 vnlu.
1299 5381 1497 5433 rwterit
1542 5378 1717 5433 ﬁaura
1760 5386 1942 5433 mundi

368 5376 390 5451 l_
438 5376 564 5451 (lor.
597 5376 842 5451 νικᾷς,
877 5376 1035 5451 (ιυοᾷ
1067 5376 1214 5450 vulg.
1240 5376 1510 5451 'Prwtefit
1540 5376 1717 5451 ﬁg'ura
1760 5386 1945 5441 mundi

369 5447 560 5523 hujus;
595 5447 840 5523 perinde
886 5447 1279 5523 reddi__posset
1325 5468 1338 5503 :
1388 5447 1600 5523 fallam
1631 5459 1709 5523 est
1751 5456 1944 5523 species

370 5517 554 5588 mundi
586 5517 762 5588 hujus,
785 5518 932 5588 quod
967 5517 1178 5574 scilicet
1208 5520 1521 5574 mortalium
1557 5522 1732 5576 oculis
1765 5517 1820 5576 in
1853 5539 1943 5578 re-

368 5584 474 5639 bus
503 5584 760 5662 humanis
791 5584 1001 5659 objicit,
1031 5604 1063 5644 a
1087 5588 1294 5662 quibus
1322 5589 1528 5662 Paulus
1547 5589 1942 5662 discipulorum

368 5605 474 5639 nus
504 5605 760 5642 numams
791 5605 1001 5659 oujtctt,
1031 5605 1063 5644 a
1092 5605 1294 5713 quibus
1322 5605 1526 5645 ramus
1547 5605 1942 5662 dlSClplllOl‘um

367 5656 836 5745 exemisti-imos,
868 5673 941 5745 ne
983 5674 1041 5745 se
1085 5659 1201 5745 i_lis
1230 5659 1533 5745 dementari
1571 5660 1774 5745 sinant,
1804 5662 1943 5745 ipsis

367 5722 838 5799 adbaarendo,‘sed
864 5728 1033 5799 magis
1050 5728 1123 5799 ad
1152 5744 1216 5784 ea
1240 5744 1363 5799 quae
1387 5743 1516 5784 vere
1544 5739 1674 5784 sunt
1696 5722 1940 5789 studium

367 5744 718 5791 aunaarenoo,
742 5744 838 5782 seu
864 5744 948 5782 ma
988 5744 1033 5784 IS
1057 5744 1123 5784 aa
1152 5744 1216 5784 ea
1240 5744 1363 5799 quae
1387 5744 1516 5784 vere
1544 5744 1674 5784 sunt
1696 5744 1938 5789 Studium

365 5808 529 5849 omne
562 5795 920 5878 transferant,
951 5744 1060 5878 fevi
1096 5799 1276 5878 solum
1304 5814 1496 5878 rerum
1530 5815 1633 5878 u_s_u
1667 5801 1938 5878 permisso

364 5878 432 5921 ac
455 5864 670 5935 qualem
697 5866 824 5927 vitm
846 5869 1144 5929 necessitas
1168 5868 1275 5925 alio
1300 5864 1692 5931 festinantibus
1716 5875 1944 5929 omnino

2053 4895 2312 4970 postulat.
2337 4898 2443 4970 Pro
2468 4895 2762 4970 ἐπιθυμίας
2783 4895 2941 4970 νυιε,
2966 4896 3196 4970 malitia,
3219 4912 3288 4952 ex
3310 4896 3446 4970 Heb.
3471 4898 3629 4970 cujus

2051 4968 2204 5022 vocis
2231 4969 2524 5036 explicatio
2552 4966 2660 5033 est,
2686 4966 2768 5031 τὸ,
2795 4966 3083 5035 ἐπιθυμία·
3114 4967 3231 5021 haec
3261 4967 3407 5023 enim
3445 4966 3627 5023 carnis

2051 5038 2257 5092 malitia
2282 5051 2378 5090 seu
2405 5039 2602 5091 vitium
2619 5077 2633 5100 ,
2660 5036 3096 5106 concupiscentia.

2123 5108 2188 5176 tj)
2235 5107 2364 5176 Ἔτι
2414 5107 2483 5158 δὲ
2534 5104 2859 5176 παραμένει
2903 5104 3011 5158 τοῦ
3044 5104 3381 5176 φάρυγγος.
3419 5106 3626 5176 Nempe

2048 5174 2398 5232 diuturniora
2439 5176 2579 5245 gula:
2619 5174 3105 5245 praelia,nee_nisi
3145 5186 3318 5231 morte
3356 5174 3623 5242 finienda;

2034 5246 2197 5316 ‘quod
2242 5243 2462 5301 absolvi
2496 5260 2527 5298 a
2569 5243 3176 5316 necessariociborum
3221 5260 3345 5311 usu,
3382 5248 3626 5314 quandiu

2047 5313 2159 5370 vita
2186 5323 2465 5384 superstes
2491 5323 2598 5384 est,
2622 5313 2847 5368 minime
2872 5313 3059 5377 liceat;
3092 5315 3182 5368 cui
3211 5313 3502 5384 conjuncta
3534 5317 3626 5375 illa

2050 5386 2190 5468 gula;
2246 5383 2703 5468 voluptas,.ip‘sa
2764 5385 3077 5468 necessaria
3089 5383 3345 5468 .Deoq‘ue
3402 5396 3627 5443 auctore

2051 5452 2238 5519 insita,
2265 5452 2513 5525 quandiu
2543 5452 2705 5524 juStze
2737 5452 3142 5525 mediocritatis
3158 5452 3385 5525 modum
3423 5466 3624 5511 servat.

2052 5525 2222 5581 Secus
2245 5522 2314 5579 de
2337 5522 2702 5595 venereorum
2728 5523 3026 5595 voluptate,
3048 5523 3300 5578 ordinata
3325 5522 3392 5595 ad
3422 5526 3625 5595 speciei

2050 5593 2554 5663 conservationem,
2589 5592 2747 5663 cujus
2780 5593 2859 5648 rei
2892 5607 3124 5659 munus,
3156 5609 3258 5650 nec
3296 5594 3364 5649 ad
3402 5592 3623 5663 omnes,

2047 5679 2151 5721 ηεο
2178 5662 2451 5751 NW"!
2470 5672 2627 5751 δέειν,
2643 5662 3173 5751 abscessem:
3190 5662 3623 5751 Eratnzendesss

2046 5731 2386 5805 παρειμένου
2420 5731 2522 5805 τοῦ
2561 5732 2861 5805 φάρυγγος·
2887 5746 3009 5801 quae
3043 5733 3123 5789 sic
3160 5742 3346 5805 aperta
3383 5731 3623 5804 imperiti

2050 5800 2245 5878 scriba:
2275 5800 2494 5878 menda,
2528 5800 2698 5878 nolim
2710 5800 3059 5878 _excoquere,
3084 5800 3435 5878 aut—possim,
3461 5800 3617 5870 inde-

2052 5890 2158 5945 que
2186 5872 2383 5929 lectori
2403 5872 2683 5944 negotium
2703 5872 2994 5929 facessere.
