4122 6322
414 390 548 455 1417

1594 391 1767 447 ALL‘.
1810 391 1910 448 EX
1947 392 2187 452 VATIC.
2229 394 2512 453 CAPITA.

3550 398 3681 462 lilii

410 504 500 552 οἱα
537 498 587 550 οί
616 496 764 564 λόγοι
799 493 896 564 τῆς
924 495 1141 547 αἰωνίου
1170 493 1313 565 ζωῆς
1361 490 1748 555 ἀποστάζουσι.
1777 492 1873 554 Τίς
1900 490 1991 544 οὖν

2097 496 2169 548 mi
2225 497 2407 561 labiis,
2461 498 2611 552 velut
2657 499 2760 553 favi
2812 501 2990 555 mellis
3038 501 3248 558 stillam
3299 503 3422 557 vitae
3466 515 3683 559 aeterm»

407 588 664 660 ἀξιωθείη
716 589 831 650 τοῖς
880 586 1113 659 χείλεσιν
1157 586 1392 647 ἐκείνοις
1436 582 1710 654 προσάψαι
1750 584 1820 634 τὰ
1859 583 1990 648 ἴδια,

395 681 503 734 ,καὶ
538 679 762 748 μασθῶν
792 676 895 731 ἀνὰ
926 677 1088 747 μέσον
1111 677 1281 746 αὐτῆς
1319 675 1668 745 αὐλισθῆναι,
1696 674 1789 727 καὶ
1817 674 1991 745 ὀσμῆς

413 768 599 844 ἡδείας
623 766 948 839 μεταϐαλεῖν
978 765 1206 835 ἱματίων
1232 766 1483 835 ἐκείνης
1513 764 1781 829 τουτέστι,
1808 764 1992 833 νόμοις

408 857 766 929 ὲνηδυνθῆναι
799 856 906 909 τῶν
940 855 1174 927 ἀρετῶν,
1198 855 1310 910 τῶν
1361 855 1508 923 ὑπὲρ
1551 855 1729 908 πάντα
1760 856 1896 926 φησὶ
1923 854 1991 908 τὰ

410 951 681 1023 ἀρώματα
711 951 842 1005 ὄντα
870 950 968 1021 τῆς
994 949 1258 1022 αἰσθητῆς
1289 946 1658 1019 διαγνώσεως.

474 1128 569 1183 σε’.
612 1129 719 1183 Τοῦ
755 1129 854 1202 μὲν
895 1131 1173 1200 ὁρωμένου
1215 1129 1489 1200 σώματος,
1533 1130 1687 1182 πᾶσα
1713 1128 1860 1201 ψυχὴ
1892 1148 1991 1197 γυ-

409 1220 777 1291 μνωθήσεται·
806 1220 902 1275 τοῦ
950 1221 1007 1275 δὲ
1055 1222 1154 1293 τῆς
1183 1222 1479 1293 ἁμαρτίας,
1518 1223 1573 1276 οἱ
1613 1222 1712 1292 τῆς
1755 1220 1991 1276 ἐνταῦθα

408 1312 553 1383 ζωῆς
578 1314 748 1380 ὀλίγοι
776 1314 886 1368 τῶν
924 1314 1094 1387 ἡδέων
1120 1315 1703 1386 προσαπολαύσαντες.

485 1412 592 1470 ος¹.
642 1406 849 1478 Νεκροὶ
888 1408 987 1478 μὲν
1023 1410 1087 1464 ἐκ
1126 1407 1345 1472 ζώντων
1378 1408 1443 1479 (ί)
1484 1408 1691 1471 πάντες
1719 1406 1987 1477 ὀφθήσον-

407 1511 520 1547 ταιο
548 1496 988 1568 νεκρωθήσοψται
1019 1495 1076 1551 δὲ
1114 1499 1179 1569 τῇ
1211 1496 1457 1570 ἁμαρτίᾳ
1496 1496 1649 1567 μόνοι
1682 1496 1733 1550 οἳ
1780 1497 1846 1550 ὲκ
1871 1497 1987 1550 δια-

411 1585 613 1650 θέσεως
646 1587 849 1659 ταύτην
886 1588 1238 1660 μισήσαντες.

480 1678 577 1744 (ιζ’.
610 1678 705 1742 Tt;
748 1680 940 1733 ἑαυτὸν
978 1680 1084 1750 πρὸ
1116 1678 1209 1753 τοῦ
1248 1679 1431 1734 κοινοῦ
1460 1680 1696 1735 θανάτου
1737 1679 1832 1734 τοῦ
1879 1683 1987 1734 σὼ-

412 1789 581 1843 ματος
638 1772 735 1825 ἴδοι
779 1772 874 1843 τῆς
915 1772 1197 1843 ἁμαρτίας
1242 1774 1484 1844 γυμνόνς
1519 1774 1614 1827 καὶ
1655 1772 1741 1836 τίς
1774 1773 1803 1825 ὁ
1828 1774 1989 1842 γνοὺς

2099 588 2267 643 verba
2301 588 2363 641 "*.
2396 588 2624 644 Cuinam
2655 591 2824 661 igitur
2853 592 3103 662 obtingat
3134 604 3192 648 ut
3222 610 3321 650 sua
3354 594 3465 650 illis
3496 595 3684 651 admo-

2098 689 2223 735 veat
2251 681 2415 745 labia,
2445 692 2501 736 et
2526 689 2585 735 ut
2613 682 2759 737 inter
2782 683 2900 754 ejus
2929 685 3098 739 ubera
3123 695 3398 751 versetur,
3425 686 3681 757 illiusque

2098 772 2315 826 allletur
2351 772 2810 828 vestimentorum
2844 773 3034 829 odoris
3066 775 3441 851 fragantia“?
3473 775 3684 846 Nempe

2097 864 2369 919 virtutum
2399 865 2612 935 legibus
2638 864 2970 932 delectetur,
2999 883 3121 938 quae
3143 882 3309 937 super
3333 868 3517 924 omnia
3558 884 3681 924 aro-

2098 964 2241 1011 mata
2276 964 2434 1024 sunt,
2470 958 2587 1031 ejus
2630 959 2964 1031 cognitionis
2996 968 3051 1015 et
3074 959 3270 1032 judicii
3299 960 3444 1033 quod
3484 976 3682 1018 sensus

2097 1047 2149 1100 vi
2185 1046 2439 1102 habetur.

2172 1139 2257 1193 75.
2297 1138 2538 1212 Corpore
2584 1144 2759 1199 oculis
2801 1144 3072 1217 subjecto,
3122 1145 3305 1200 anima
3355 1144 3534 1200 omnis
3577 1161 3679 1201 nu-

2096 1230 2353 1301 dabitur;
2394 1226 2606 1304 peccati
2643 1242 2824 1291 autem
2858 1250 3091 1306 corpore
3113 1276 3127 1300 ,
3163 1235 3323 1306 pauci
3355 1251 3421 1290 ex
3441 1231 3557 1290 illis
3584 1234 3678 1305 qui

2096 1324 2224 1380 vitae
2248 1324 2416 1397 hujus
2446 1324 2660 1382 deliciis
2690 1326 2851 1397 potiti
2882 1335 3030 1382 sunt.

2171 1416 2258 1472 76.
2300 1416 2503 1472 Mortui
2530 1434 2595 1473 ex
2631 1418 2966 1483 viventibus,
2992 1433 3181 1473 omnes
3207 1418 3430 1489 quidem
3461 1418 3680 1488 conspi-

2096 1508 2317 1565 cientur
2344 1528 2358 1564 :
2392 1510 2486 1567 sed
2520 1511 2599 1567 illi
2629 1512 2894 1567 duntaxat
2924 1521 3148 1583 peccato
3178 1511 3678 1577 mortiﬁcabuntur,

2097 1602 2191 1674 qui
2220 1602 2289 1659 ex
2312 1604 2498 1659 animo
2533 1604 2667 1658 illud
2701 1604 2942 1660 oderint.

2167 1697 2255 1751 77.
2296 1695 2430 1762 Quis
2457 1705 2585 1751 ante
2614 1711 2965 1751 communem
3002 1706 3232 1751 mortem
3275 1697 3547 1768 corporis,
3576 1713 3681 1751 nu-

2097 1787 2227 1842 dum
2255 1803 2312 1843 se
2341 1804 2370 1842 a
2403 1797 2629 1858 peccato
2658 1788 2897 1843 viderit?
2924 1788 3117 1858 quisve
3148 1790 3386 1859 seipsum
3417 1804 3680 1861 suamque

411 1864 577 1917 αὐτόν
605 1880 665 1916 τε
697 1863 792 1917 καὶ
822 1863 919 1934 τὴν
951 1864 1087 1923 ἰδίαν
1139 1863 1323 1933 φύσιν,
1372 1862 1542 1920 ὁποία
1579 1864 1705 1918 ἐστὶ
1749 1864 1857 1936 πρὸ
1892 1865 1991 1936 τῆς

2096 1880 2338 1936 indolem
2369 1889 2496 1937 ante
2524 1881 2766 1939 futuram
2797 1879 3225 1936 denudationem
3254 1880 3508 1936 noverit?

419 1953 722 2027 μελλούσης
768 1954 1139 2026 γυμνὼσεως;

1034 2086 1142 2140 Τοῦ
1176 2087 1363 2141 αὐτοῦ.

521 2200 743 2272 Ψυχὴν
773 2200 945 2272 ἔρωτι
994 2198 1273 2272 νυμφικῶ
1302 2199 1710 2272 ξετρωμὲνην,

516 2265 699 2343 Εῠὶἥ
726 2265 1262 2326 σύνάπτειίόἱὸεν
1290 2265 1423 2325 ὧδέ
1439 2265 1700 2341 remoto».

475 2392 581 2457 τ.η’.
612 2384 722 2440 Τοῦ
769 2383 1035 2456 αἰσθητοῦ
1077 2402 1136 2438 τε
1180 2384 1275 2439 καὶ
1306 2380 1497 2456 νοεροῦ
1526 2384 1705 2454 φωτὸς
1733 2386 1765 2454 ἡ
1800 2384 1994 2455 λογικὴ

412 2482 470 2535 ὲν
501 2479 739 2552 μεθορίῳ
765 2479 991 2549 κειμένη
1022 2477 1190 2548 ψυχὴ,
1233 2477 1322 2531 διὰ
1361 2478 1459 2548 μὲν
1482 2477 1698 2543 τούτου,
1729 2478 1868 2548 ὁρᾷν
1900 2480 1995 2530 καὶ

412 2572 676 2644 πράττειν
703 2573 774 2626 τὰ
815 2569 911 2625 τοῦ
957 2569 1207 2641 σώματος
1234 2569 1539 2640 ἐπετράπηο
1576 2569 1643 2622 δι’
1674 2569 1885 2623 ἐκείνου
1915 2568 1991 2631 δὲ,

410 2666 479 2718 τὰ
504 2665 596 2719 τοῦ
624 2664 954 2734 πνεύματος.
991 2663 1132 2717 Ἀλλ’
1165 2662 1361 2733 ἐπειδὴ
1382 2660 1687 2733 ἠμαυρὼθη
1722 2663 1819 2732 μὲν
1851 2663 1990 2732 αὐτῇ

412 2756 619 2817 έκεῖνο,
664 2753 951 2826 ὲτρανώθη
996 2753 1053 2807 δὲ
1093 2751 1276 2815 τοῦτο,
1304 2751 1394 2806 διὰ
1438 2751 1537 2823 τὴν
1575 2752 1815 2824 ἀρχῆθεν
1862 2767 1992 2804 συν-

413 2846 690 2916 ήθειαν,εί
726 2847 800 2916 μὴ
841 2845 977 2909 ὅλως
1010 2844 1149 2916 μετὰ
1189 2841 1284 2897 τοῦ
1324 2843 1515 2915 νοεροῦ
1544 2843 1604 2897 ὲν
1631 2846 1699 2915 τῇ
1739 2843 1878 2915 εὐχῇ
1900 2844 1992 2913 γέ-

412 2952 592 3004 νηται,
626 2934 822 2996 ὑλικῶς
876 2937 992 2998 τοῖς
1043 2932 1208 2996 θείοις
1263 2931 1591 2999 ὲνατενίζειν
1647 2932 1707 2985 οὐ
1743 2931 1987 2986 δύναται.

424 3028 664 3099 ’Δνάγκη
693 3027 749 3080 δὲ
785 3023 928 3081 εἶναι
967 3026 1139 3098 αὐτὴν
1186 3027 1246 3079 ὲν
1291 3024 1604 3098 μεταιχμίῳ
1636 3026 1861 3090 σκότους
1897 3025 1990 3079 καὶ

413 3122 608 3192 φωτός·
645 3121 789 3175 κατά
829 3121 1013 3191 σχέσιν
1043 3122 1141 3190 μὲν
1174 3118 1390 3189 τούτου,
1419 3116 1567 3174 κατὰ
1596 3117 1653 3170 δὲ
1684 3118 1990 3189 φαντασίαν

412 3216 619 3271 ἐκείνου
651 3214 1159 3285 ἀναστρεφομένην.

2740 2093 3023 2164 Ejusdem.

2204 2208 2457 2279 Animum
2491 2205 2683 2279 Sponsi
2715 2224 2898 2263 auore
2933 2209 3196 2269 saucium.

2204 2277 2293 2335 Sic
2329 2280 2502 2339 oratio
2534 2277 2740 2350 Sponsa
2776 2279 3029 2350 copulare
3065 2282 3228 2334 novit.

2169 2390 2257 2445 78.
2296 2391 2495 2445 Anima
2518 2390 2731 2447 ratione
2757 2400 2937 2455 utens,
2958 2405 3093 2446 cum
3115 2389 3171 2445 in
3196 2390 3336 2445 lucis
3358 2403 3523 2445 sensu
3553 2403 3681 2458 per-

2096 2482 2373 2552 ceptibilis
2397 2482 2679 2552 animique
2718 2481 3076 2552 intelligentis
3105 2480 3346 2537 conﬁnio
3380 2481 3679 2535 constituta

2095 2574 2196 2640 sit;
2230 2574 2402 2629 altera
2430 2573 2678 2645 quidem,
2707 2588 2830 2644 qua:
2858 2581 2992 2629 sunt
3019 2572 3270 2644 corporis
3297 2571 3488 2627 videre
3515 2580 3679 2641 atque

2093 2682 2256 2736 agere
2307 2666 2388 2721 illi
2438 2681 2763 2723 concessum
2810 2675 2934 2732 est;
2980 2665 3152 2723 altera
3188 2680 3343 2729 vero,
3387 2680 3508 2734 quae
3552 2675 3677 2719 sunt

2093 2758 2341 2827 spiritus.
2371 2756 2512 2824 Quia
2545 2766 2728 2814 tamen
2757 2758 2960 2814 mentis
2987 2757 3084 2812 lux
3121 2773 3187 2814 ac
3212 2756 3573 2828 intelligentia
3599 2757 3673 2810 illi

2091 2848 2383 2906 obscurata
2410 2858 2516 2914 est,
2548 2850 2799 2920 corporis
2825 2863 2961 2903 vero
2987 2864 3153 2907 sensu
3177 2846 3538 2919 percipientis
3568 2846 3679 2900 cla—

2092 2942 2209 2996 rius
2236 2941 2464 3007 diluxit,
2503 2941 2576 2996 oh
2613 2942 2899 3012 antiquam
2936 2941 3148 2998 scilicet
3178 2939 3678 3003 consuetudinem;

2091 3035 2213 3091 ﬁeri
2259 3050 2372 3090 non
2402 3044 2587 3104 potest
2627 3044 2688 3093 ut
2732 3034 2883 3090 omni
2921 3034 2975 3088 vi
3018 3034 3224 3091 divinis
3262 3033 3537 3097 intendat,
3566 3032 3678 3089 nisi

2090 3140 2321 3194 prorsus
2371 3133 2557 3180 mente
2606 3125 2838 3195 ejusque
2888 3124 3015 3180 luce
3068 3125 3309 3180 orationi
3355 3121 3678 3177 vacaverit:

2019 3211 2064 3267 C
2097 3214 2351 3284 quinimo
2406 3229 2636 3269 necesse
2664 3222 2769 3278 est,
2794 3229 2917 3270 eam
2950 3215 3009 3269 in
3044 3214 3401 3281 tenebrarum
3428 3212 3682 3280 lucisque

412 3308 657 3364 conﬁnio
684 3308 894 3362 versari
946 3324 959 3359 :
992 3306 1347 3362 tenebrarum
1374 3303 1623 3376 quidem,
1651 3318 1720 3358 ex
1742 3303 1946 3359 affectu
1970 3318 2035 3359 ac
2070 3305 2338 3373 libidine;
2368 3306 2510 3362 lucis
2537 3322 2693 3373 vero,
2726 3322 2794 3364 ex
2851 3307 3022 3363 animi
3051 3306 3439 3362 informatione
3467 3316 3525 3362 et
3544 3307 3685 3377 cogi-

415 3398 643 3455 tatione.

483 3489 580 3544 οϐ’.
610 3488 1101 3560 Συμπαραμενέτω
1146 3487 1224 3559 τῷ
1272 3486 1408 3559 νῷή
1448 3484 1605 3558 εύχὴ,
1649 3486 1724 3550 ὡς
1774 3485 1832 3538 ἐν
1861 3483 1995 3557 ἡλίῳ

412 3580 589 3644 ἀκτίς·
628 3576 696 3653 ἧς
743 3579 873 3634 ἄνευ
920 3583 976 3633 αἱ
1019 3581 1142 3634 κατ’
1174 3579 1433 3651 αἴσθησιν
1468 3580 1752 3649 μέριμναι,
1789 3571 1879 3630 οἷά
1910 3593 1991 3628 τι-

412 3689 499 3737 νες
530 3672 749 3742 ἄνυδροι
792 3671 1016 3741 νεφέλαι
1067 3671 1520 3742 περιπετόμεναι,
1565 3669 1656 3721 τὸν
1706 3666 1830 3721 νοῦν
1879 3665 1993 3736 εἴρ-

415 3781 573 3834 γουσι
612 3764 713 3833 τῆς
761 3763 971 3826 οἰκείας
1012 3763 1419 3834 λαμπρότητος.

487 3856 564 3910 π’.
607 3856 797 3909 Ἔνδον
847 3857 947 3925 τῆς
983 3853 1125 3907 κατὰ
1173 3853 1277 3924 τὴν
1330 3851 1496 3923 εὐχὴν
1548 3852 1740 3917 στενῆς
1790 3849 1988 3920 πύλης,

417 3948 542 4012 νοῦς
577 3947 879 4020 παθητικὺς
910 3948 971 4000 ού
1006 3945 1239 4000 δύναται.
1281 3944 1566 4010 εἰσελθεῖν,
1606 3942 1714 4012 πρὸ
1760 3939 1854 3994 τοῦ
1893 3940 1992 4011 τὴν

417 4039 560 4093 κατὰ
589 4038 777 4110 σχέσιν
811 4037 1102 4091 ἀπολιπεῖν
1150 4036 1441 4106 μέριμναν·
1470 4034 1600 4104 περὶ
1627 4031 1685 4085 δὲ
1723 4032 1792 4085 τὰ
1834 4047 1992 4101 περιο

419 4133 615 4202 σκήνια
660 4116 895 4202 ἐκείνης,
929 4128 1323 4199 ὀδυνηθήσεται
1368 4127 1456 4180 δια
1497 4125 1700 4189 παντὸς
1734 4122 1993 4194 ἀσχολού-

420 4236 600 4292 μενος.

487 4399 599 4455 πα’.
631 4399 869 4470 Δύναμις
910 4399 1031 4468 μέν’
1056 4398 1226 4469 εὐχῆς
1268 4398 1431 4451 πείνα
1485 4399 1791 4469 βρωμάτων
1839 4399 1989 4452 ἑκού-

2170 3480 2257 3536 79.
2322 3478 2514 3536 Oratio
2572 3480 2742 3536 menti
2797 3482 3091 3554 conjuncta
3151 3482 3340 3553 illique
3399 3485 3683 3545 individuo.

2095 3588 2314 3649 comes,
2362 3573 2515 3628 velut
2551 3574 2739 3628 radius
2774 3576 2915 3640 soli,
2958 3586 3216 3643 maneat;
3250 3579 3407 3651 cujus
3435 3581 3683 3638 absentia

2094 3680 2279 3720 rerum
2318 3664 2372 3717 in
2410 3678 2633 3719 sensum
2675 3665 2992 3718 cadentium
3026 3682 3210 3731 curae,
3243 3670 3396 3725 velut
3432 3674 3679 3741 quaedam

2092 3755 2272 3811 nubes
2298 3755 2581 3824 inaquosee
2609 3753 3091 3822 circumvolantes,
3127 3772 3157 3810 a
3186 3759 3412 3828 propria
3438 3773 3678 3818 mentem

2093 3858 2286 3904 arcent
2311 3846 2580 3903 claritate.

2164 3940 2250 3996 80.
2286 3939 2409 3994 Non
2441 3947 2626 4009 potest
2668 3952 2824 3993 mens
2862 3938 3152 3996 all‘ectibus
3189 3944 3499 4013 mancipata
3534 3946 3679 4001 intra

2091 4042 2376 4104 augustam
2392 4030 2661 4087 orationis
2689 4040 2906 4101 portam
2925 4030 3154 4099 intrare,
3184 4034 3319 4104 quin
3340 4036 3495 4105 prius
3524 4039 3675 4109 solli-

2095 4124 2391 4188 citudines,
2420 4139 2528 4194 qua
2568 4123 2681 4177 illis
2714 4121 2949 4178 libidine
2979 4122 3175 4189 haeret,
3218 4123 3532 4189 dimiserit;
3579 4128 3675 4182 sed

2095 4231 2313 4287 semper
2340 4215 2488 4272 circa
2531 4213 2926 4285 circumposita
2953 4216 3309 4272 tabernacula
3346 4234 3553 4275 vacans
3581 4219 3678 4274 do-

2094 4308 2252 4363 lebit.

2170 4400 2258 4458 Si.
2297 4399 2575 4457 Orationis
2599 4400 2704 4465 vis,
2735 4399 2985 4454 ciborum
3009 4399 3223 4456 esuries
3245 4410 3438 4470 sponte
3467 4417 3679 4458 assum-

420 4509 553 4556 σιος·
587 4492 778 4561 πείνης
806 4492 885 4554 δὲ,
911 4490 972 4544 τὺ
1008 4491 1145 4562 μήτε
1170 4491 1322 4562 ὁρᾷν,
1351 4490 1487 4562 μήτε
1519 4490 1760 4556 ἀκούειν,
1796 4491 1877 4544 ὄτι
1921 4490 1991 4562 μὴ

2098 4500 2224 4561 pta;
2260 4490 2462 4545 esuriei
2484 4504 2640 4561 vero,
2676 4487 2815 4543 nihil
2840 4502 3033 4543 eorum
3059 4503 3181 4558 qua:
3205 4487 3391 4542 εοεοωὶ
3425 4496 3555 4543 sunt
3585 4499 3681 4544 aut

420 4588 569 4640 πᾶσα
599 4585 812 4655 ἀνάγκη
835 4624 849 4648 ,
884 4582 993 4636 τῶν
1024 4583 1336 4653 ὲγκοσμίων
1375 4583 1552 4637 οὐδέν.
1603 4581 1821 4637 Τούτων
1863 4585 1892 4637 ὁ
1923 4583 1991 4654 μὴ

2100 4582 2309 4649 videre,
2349 4590 2512 4639 autve
2543 4581 2708 4654 650
2738 4580 2961 4647 audire,
3005 4579 3141 4650 quin
3189 4580 3418 4636 omnino
3455 4596 3680 4637 necesse

417 4677 744 4748 ποιούμενος
779 4675 1060 4745 πρόνοιαν,
1092 4676 1153 4727 τὸ
1178 4675 1277 4745 μὲν
1304 4674 1406 4744 τῆς
1439 4675 1693 4745 νηστείας
1721 4674 1822 4728 οὐκ
1846 4676 1991 4729 ἑστε-

2101 4677 2194 4731 sit.
2230 4676 2438 4732 Horum
2461 4676 2557 4746 qui
2587 4690 2698 4730 non
2728 4688 2920 4729 curam
2948 4659 3115 4744 gerit,
3136 4682 3258 4728 tum
3284 4673 3481 4745 jejunii
3507 4674 3683 4729 domi-

419 4768 628 4837 ρέωσεν
656 4764 1018 4835 οίκοδόμημα·
1051 4763 1111 4816 τὸ
1130 4764 1187 4818 δὲ
1219 4764 1320 4834 τῆς
1356 4764 1523 4835 εὐχῆς
1551 4766 1608 4817 ὲν
1637 4764 1774 4836 αὐτῇ
1801 4767 1991 4837 περιρ-

2099 4767 2288 4823 cilium
2334 4767 2489 4825 ﬁrma
2522 4768 2643 4823 basi
2676 4784 2790 4823 non
2828 4767 3049 4834 struxit,
3083 4776 3200 4821 tum
3230 4767 3495 4822 orationis
3530 4767 3585 4821 in
3614 4782 3681 4821 eo

419 4858 652 4931 ῥαγῆναι
676 4856 952 4927 ἐποίησεν.

487 4950 599 5021 πβ’.
644 4949 962 5020 Ἀπέριττος
983 4950 1032 5001 εἰ
1067 4946 1142 5018 μὴ
1174 4949 1239 5001 ὲκ
1269 4947 1492 5002 πάντων
1519 4949 1549 5001 ὁ
1578 4947 1704 5012 νοῦς
1729 4948 1837 5002 τῶν
1868 4949 1994 5004 κατ’

417 5043 671 5113 αἴσθησιν
698 5041 949 5111 γένηται,
1001 5039 1291 5110 ἀνωφερὴς
1333 5038 1588 5109 γενέσθαι
1635 5040 1698 5093 οὐ
1748 5038 1995 5105 δύναται,

2097 4860 2247 4916 lares
2278 4859 2519 4931 undique
2547 4858 2692 4915 dirui
2720 4860 2871 4915 fecit.

2173 4952 2262 5008 82.
2298 4952 2416 5008 Nisi
2454 4968 2610 5008 mens
2634 4950 2969 5021 superﬂuam
2999 4963 3218 5004 omnem
3248 4963 3435 5003 rerum
3469 4949 3524 5004 in
3551 4965 3680 5004 sen-

2103 5058 2227 5097 sum
2256 5042 2571 5096 cadentium
2596 5056 2787 5094 euram
2820 5039 3103 5109 abjecerit,
3127 5036 3380 5093 sublimis
3407 5037 3522 5108 ipsa
3547 5038 3682 5094 ferri

2104 5148 2214 5189 non
2242 5140 2442 5203 potest,
2474 5147 2739 5201 suamque
2759 5146 2921 5187 nosse
2947 5130 3291 5201 dignitatem.

2173 5221 2262 5279 8'5.
2302 5222 2489 5277 Oratio
2514 5221 2770 5293 lacrymis
2804 5221 3081 5287 roborata,
3109 5220 3339 5276 infestas
3370 5234 3564 5277 omnes
3586 5238 3684 5277 co-

2104 5313 2392 5384 gitationes
2449 5313 2630 5366 animo
2684 5312 2886 5384 cjicit;
2947 5310 3304 5381 vicissimque
3359 5311 3681 5367 facetiarum

418 5136 514 5189 ml.
552 5136 613 5187 τὸ
640 5134 845 5187 οἰκεῖον
874 5132 1142 5205 γνωρίσαι
1180 5131 1419 5203 ἀξίωμα.

489 5229 600 5290 σῖγ’.
635 5223 780 5289 Ἕξω
814 5220 914 5293 μὲν
941 5223 1174 5275 ποιεῖται
1206 5223 1307 5292 τῆς
1336 5220 1515 5290 ψυχῆς
1546 5222 1579 5290 ἡ
1605 5221 1760 5291 εὐχὴ,
1788 5222 1997 5287 πάντας

417 5316 544 5379 τοὺς
586 5314 972 5385 ἐχθραίνοντας
1026 5313 1163 5384 αὐτῇ
1210 5314 1505 5382 λογισμοὺς
1535 5352 1552 5377 ,
1609 5312 1994 5385 δυναμουμένη

493 5456 537 5486 ’⁸
560 5456 725 5511 Prov.
764 5472 839 5523 vi,
867 5457 968 5523 23,
1006 5455 1163 5511 Cant.
1192 5469 1265 5520 tv,
1300 5454 1361 5508 11
1386 5472 1399 5520 ;
1427 5454 1585 5509 Joan.
1612 5469 1686 5518 γι,
1717 5454 1805 5509 69.
1886 5455 1930 5486 ’⁵
1955 5454 2112 5510 Cant.
2146 5470 2221 5519 ιν,
2257 5454 2343 5507 ll.

2104 5591 2258 5645 heret
2289 5608 2301 5644 :
2335 5604 2457 5658 quae
2486 5584 2708 5657 quidem
2741 5585 2925 5640 futura
2955 5585 3027 5639 sit
3055 5587 3305 5658 omnium
3338 5594 3394 5640 at
3409 5601 3533 5658 non
3567 5586 3685 5638 lau-

2103 5661 2302 5715 (labilis
2332 5654 2479 5712 mors
2506 5654 2705 5717 animi,
2738 5673 2900 5726 quam
2925 5654 3245 5725 νεκρώσεως
3271 5656 3536 5710 vocabulo
3566 5672 3685 5725 pas-

2104 5732 2207 5787 sim
2237 5730 2338 5784 viri
2365 5727 2726 5803 ecclesiastici
2752 5727 2976 5782 Paulina
2999 5727 3188 5797 phrasi
3216 5738 3436 5783 vocant.

491 5592 554 5664 (ί)
582 5593 813 5664 ,Νεκροί
856 5592 934 5664 ἐκ,
973 5589 1217 5664 ζώντων.
1265 5591 1620 5664 Paul._Rom.
1662 5607 1744 5653 γι,
1792 5591 1887 5654 15,
1928 5593 1995 5664 ἐκ

421 5660 632 5734 νεκρῶν
654 5663 864 5734 ζῶντας
887 5662 1044 5725 dixit,
1069 5663 1374 5734 e.1:‘mort1_tis
1400 5662 1656 5725 vivmttes;
1681 5660 1994 5734 quteverba

423 5730 762 5790 sic'videtur
806 5732 1072 5787 Maximus
1117 5731 1448 5795 detersisse,
1492 5740 1553 5785 ut
1599 5730 1745 5798 quod
1790 5731 1880 5784 ille
1928 5731 1995 5785 de

424 5806 589 5858 animi
627 5814 796 5857 marte
832 5803 1049 5870 vitaque.
1084 5801 1318 5865 dixerat,
1348 5803 1462 5870 ipse
1497 5801 1563 5856 ad
1598 5800 1845 5869 corporis
1882 5809 1993 5853 tra-

814 5899 1075 5957 l‘Aan.
1122 5895 1235 5954 Gn.
1281 5895 1404 5956 XC.

3248 5887 3317 5947 τιὸ
