4110 6318
561 774 573 826 i

590 340 724 408 1419

1764 344 1822 403 S.
1864 344 1916 403 Μ
1931 341 2153 403 ΑΧΙΜΙ
2187 340 2701 403 CONFESSORIS

3704 348 3806 416 ua)

586 454 707 525 lege
730 453 871 510 freta
900 453 1115 509 inducit
1145 453 1344 510 mentis
1368 454 1616 524 evagatio
1644 470 1658 506 :
1683 466 1846 523 quam
1875 453 1971 523 qui
1995 461 2165 508 exter-

2280 454 2394 516 τοῖς
2426 453 2712 523 δάκρυσινο
2736 452 3050 520 ἀντεισάγει
3094 449 3153 505 δὲ
3189 451 3414 516 τούτους
3431 452 3460 505 ὁ
3483 461 3807 528 μετεωρισμδς

586 546 840 610 minavit,
891 561 997 600 una
1033 560 1253 615 quoque
1307 548 1577 600 malorum
1629 543 1877 599 omnium
1925 558 2169 610 causam,

586 637 848 707 loquendi
882 636 1197 692 libertatem
1224 635 1554 708 proﬂigavit.

659 824 748 878 84.
792 822 1071 893 Jejunium
1112 821 1358 892 quidem,
1405 818 1516 876 diei
1551 820 1883 894 symbolum,
1924 834 1991 875 eo
2022 817 2173 889 quod

2274 545 2369 600 τοῦ
2416 545 2558 610 νοὸς,
2582 546 2735 617 νόμῳ
2787 544 3153 617 εὐτραπελίας
3213 545 3684 617 ὲνδυναμούμενος·
3712 552 3809 623 ῆνὸ

2275 637 2559 710 ὲξορίζων,
2599 637 2981 708 συνεξόριστον
3028 637 3124 691 καὶ
3154 637 3217 691 τὸ
3265 637 3549 692 παναίτιον
3585 643 3808 713 πεποίηκε

2274 730 2376 800 τῆς
2407 729 2723 803 παρρησίας
2754 727 2946 784 κακόν.

2346 821 2455 876 πδ’.
2515 820 2763 895 Ἡμέρας
2811 820 2911 892 μὲν
2965 818 3237 891 σύμϐολον
3290 821 3324 892 ή
3378 820 3620 892 νηστεία,
3666 822 3740 876 διὰ
3764 824 3812 878 rb

584 915 828 970 exterius
861 914 1040 984 palam
1075 913 1320 985 geritur;
1352 914 1531 969 oratio
1570 921 1755 968 autem
1785 912 1987 977 noctis,
2024 909 2165 982 quod

2277 911 2522 985 ἔκδηλονο
2551 912 2749 977 νυκτὸς
2777 910 2834 966 δὲ
2857 912 2946 966 διὰ
2973 911 3034 966 τὸ
3059 909 3277 983 ἄδηλον,
3305 913 3339 984 ἠ
3365 912 3523 984 εὐχή.
3555 913 3810 987 Ἑκατέραν

586 1007 822 1062 obscura
881 1020 948 1061 ac
1001 1012 1213 1061 secreta
1251 1011 1357 1059 est.
1387 1004 1489 1072 Qui
1529 1004 1700 1077 igitur
1727 1002 2000 1059 utrumvis
2032 1002 2173 1058 alte-

588 1115 711 1153 rum
743 1099 799 1153 in
832 1099 1007 1154 altero
1025 1099 1175 1169 juste
1202 1106 1479 1165 exerceat,
1509 1098 1576 1153 ad
1607 1098 2014 1170 speculatorum
2040 1095 2176 1151 civi-

590 1201 757 1248 tatem
809 1192 1084 1258 deveniet,
1118 1193 1259 1247 unde
1306 1192 1458 1247 dolor
1487 1202 1536 1249 et
1570 1192 1791 1247 tristitia
1821 1200 1981 1261 atque
2012 1188 2177 1261 gemi-

586 1296 684 1351 tus.
717 1284 773 1338 in
802 1284 1025 1340 Christo
1059 1285 1341 1356 aufugiunt
1369 1286 1432 1337 '°.

656 1376 746 1432 85.
802 1376 1081 1447 Spiritalis
1140 1379 1420 1448 operatio,
1486 1377 1607 1433 sine
1669 1377 1835 1433 etiam
1899 1376 2175 1447 corporali

586 1484 754 1540 opere
799 1468 1104 1523 consistere
1150 1468 1339 1523 habet.
1387 1468 1588 1524 Beatus
1626 1484 1780 1539 ergo,
1821 1467 1918 1538 qui
1954 1477 2175 1523 terreno

586 1578 779 1633 opere.
817 1577 940 1631 quae
967 1562 1023 1615 in
1057 1562 1286 1616 materia
1315 1577 1423 1616 non
1450 1572 1556 1627 est,
1590 1561 1968 1632 operationem
2001 1559 2177 1631 pluris

587 1652 802 1709 fecerit.
839 1653 946 1707 Per
986 1667 1107 1707 eam
1143 1653 1291 1709 enim
1330 1653 1477 1723 quod
1517 1653 1672 1709 deest
1714 1653 1868 1725 Operi
1904 1653 2173 1724 implevit,

584 1745 678 1815 qui
708 1745 977 1799 orationis
1016 1744 1168 1798 cultu
1198 1744 1364 1800 vitam
1396 1746 1776 1803 absconditam
1811 1762 1876 1802 ac
1912 1748 2025 1803 Deo
2056 1761 2174 1801 ma-

586 1837 838 1892 nifestam
877 1836 1032 1893 vivit.

654 1928 742 1984 86.
781 1929 946 1985 Ferre
978 1945 1082 1986 nos
1114 1930 1387 2001 patienter
1430 1929 1539 1987 ﬁde
1570 1930 1829 1986 hortatur
1855 1931 2171 2002 Apostolus,

585 2035 682 2090 spe
720 2020 983 2092 gaudere,
1015 2022 1254 2077 orationi
1279 2022 1507 2087 instare,
1542 2032 1601 2078 ut
1625 2024 1811 2094 gaudii
1840 2024 2048 2079 bonum
2070 2041 2174 2080 no-

588 2114 674 2168 bis
705 2123 1028 2184 perseveret
1057 2115 1121 2169 ".
1158 2115 1256 2170 Sin
1285 2123 1473 2170 autem
1516 2130 1577 2171 se
1618 2132 1709 2173 res
1745 2117 1821 2172 ita
1864 2117 2049 2185 habet,
2077 2119 2174 2188 qui

588 2205 729 2259 mala
753 2220 864 2260 non
893 2204 1000 2261 fert
1027 2206 1326 2275 patienter,
1352 2205 1533 2263 fidelis
1559 2222 1671 2263 non
1705 2216 1791 2263 est
1820 2226 1834 2262 :
1866 2216 1923 2263 et
1947 2208 2040 2279 qui
2062 2224 2174 2265 non

583 2294 807 2365 gaudet,
841 2311 944 2350 nec
968 2295 1126 2350 bonae
1154 2295 1271 2366 spei
1301 2304 1405 2351 est.
1442 2296 1643 2352 Amisit
1673 2298 1824 2353 enim
1856 2298 2041 2370 gaudii
2074 2315 2173 2370 pa-

587 2394 800 2442 uentem
832 2387 1162 2454 orationem,
1193 2386 1342 2456 quod
1376 2388 1455 2444 illi
1485 2403 1597 2445 non
1628 2388 1798 2446 instat
1817 2403 1914 2446 aut
1940 2406 2005 2447 ea
2036 2391 2177 2447 assi-

584 2479 730 2534 duus
755 2487 863 2534 est.

653 2590 744 2645 87.
787 2589 846 2646 Si
872 2591 1187 2648 animus-in
1217 2594 1452 2650 terrenis
1487 2609 1553 2651 ac
1582 2595 1766 2651 saeCuli
1803 2611 1991 2652 rerum
2019 2598 2173 2668 cogi»

584 2680 887 2739 tationibus
920 2682 1082 2739 initio
1110 2693 1367 2741 versatus
1389 2724 1404 2751 ,
1456 2691 1662 2740 tantam
1691 2700 1817 2741 cum
1862 2686 1974 2742 illis
2012 2697 2172 2745 nacta

581 2784 667 2830 est
699 2776 1203 2845 necessitudinem;
1240 2789 1525 2848 quantam,
1561 2793 1713 2851 rogo,
1747 2794 1859 2834 non
1885 2780 2174 2835 nancisce-

585 2875 697 2934 tur,
747 2866 794 2921 si
851 2867 1116 2923 continue
1170 2869 1410 2924 orationi
1475 2869 1793 2925 incumbat?
1848 2869 1910 2925 In
1969 2870 2174 2941 quibus

577 2957 753 3024 enim,
794 2958 996 3029 inquit,
1036 2968 1307 3026 moratur,
1343 2959 1399 3014 in
1429 2959 1540 3016 illis
1568 2968 1627 3016 et
1653 2959 1876 3015 dilatari
1904 2960 2067 3016 solet.

651 3051 742 3105 88.
780 3049 1259 3117 Quemadmodum
1286 3069 1318 3108 a
1348 3068 1453 3109 suo
1479 3053 1615 3109 olim
1646 3053 1931 3109 domicilio
1960 3054 2174 3111 divisus

2274 999 2371 1059 οὖν
2399 1003 2607 1058 τούτων
2661 1004 2721 1056 ὲν
2776 1003 3014 1074 ἑκατέρᾳ
3062 1003 3292 1067 ἐνδίκως
3339 1005 3369 1058 δ
3421 1006 3807 1076 μετερχόμενος,

2278 1095 2418 1169 πρὸς
2447 1096 2547 1168 τὴν
2572 1094 2684 1151 τῶν
2717 1094 3087 1150 κατασκόπων
3135 1095 3513 1167 ἀπαντήσεται
3552 1096 3692 1150 πόλιν
3718 1099 3810 1165 (ιη),

2275 1188 2346 1243 ἐν
2363 1181 2402 1261 ᾖ
2416 1186 2647 1257 ἀπέδρα
2661 1185 2871 1255 ὀδύνη,
2883 1186 3049 1254 λύπη
3072 1186 3171 1241 καὶ
3191 1185 3529 1256 στεναγμὸς
3541 1188 3595 1242 ὲν
3615 1188 3811 1259 Χριστῷ.

2350 1365 2458 1420 πε’.
2489 1364 2557 1419 Ἦ
2586 1364 2936 1438 πνευματικὴ
2964 1365 3221 1438 ἐργασία,
3249 1367 3344 1420 καὶ
3360 1368 3666 1437 σωματικοῦ
3686 1367 3815 1440 ἔργον

2279 1457 2440 1523 ἐκτὸς
2488 1456 2851 1512 συνίστασθαι
2885 1456 3123 1528 πέφυκε.
3173 1458 3467 1530 Μακάριος
3500 1454 3590 1513 οὖν
3622 1460 3809 1532 ὁκρείσ-

2279 1568 2408 1604 σονα
2455 1547 2552 1604 τοῦ
2592 1550 2785 1605 ὲνύλου
2836 1549 3027 1624 ἔργου,
3055 1549 3157 1622 τὴν
3201 1550 3366 1606 ᾶῦλον
3398 1551 3726 1622 ἡγησάμενος
3750 1554 3818 1622 ἑρ-

2277 1643 2518 1712 γασίαν..
2553 1642 2825 1714 Διάὒτῆς
2859 1641 2971 1714 γὰρ
3018 1641 3120 1713 τὴν
3162 1642 3261 1698 τοῦ
3315 1641 3483 1715 ἔργου
3542 1642 3817 1714 ἐπλήρωσεν

2279 1737 2540 1808 ἔλλειψιν,
2578 1735 2754 1809 ζήσας
2798 1737 2899 1810 τὴν
2949 1738 3343 1810 κεκρυμμένην
3389 1741 3538 1811 ζωὴν
3565 1742 3656 1811 τῆς
3685 1740 3818 1811 εὐχῆς

2277 1830 2373 1884 καὶ
2403 1829 2645 1902 φανερὰν
2689 1829 2770 1901 τῷ
2803 1828 2942 1901 Θεῷ.
3214 1890 3223 1899 _

2349 1930 2471 1989 πς·’.
2522 1922 2854 1994 Ὑπομένειν
2895 1922 2996 1995 μὲν
3038 1924 3190 1995 ἡμᾶς
3231 1925 3298 1995 τῇ
3345 1923 3533 1977 πίστει
3562 1924 3635 1996 (η)
3671 1941 3821 1995 παρα-

2276 2015 2434 2068 καλεῖ
2461 2016 2492 2068 ὁ
2529 2014 2876 2079 ’Δπὸστολοςο
2910 2015 3125 2087 χαίρειν
3152 2017 3219 2087 τῇ
3250 2016 3452 2082 ἐλπίδι,
3483 2019 3551 2088 τῇ
3582 2017 3818 2086 προσευχῇ

2276 2110 2735 2180 προσκαρτερεῖν,
2771 2108 2860 2162 ἵνα
2909 2108 2972 2162 τὸ
3011 2108 3113 2179 τῆς
3143 2109 3320 2179 χαρᾶς
3362 2111 3501 2179 ἡμῖν
3548 2107 3821 2180 παραμείνῃ

2275 2197 2462 2256 καλόν.
2492 2200 2556 2253 Ei
2582 2200 2640 2254 δὲ
2668 2198 2846 2264 τοῦτο,
2902 2200 3011 2272 ἄρα
3040 2203 3070 2254 δ
3103 2199 3178 2273 μὴ
3207 2201 3523 2271 ὑπομένων,
3555 2202 3613 2254 οὐ
3642 2201 3818 2263 πιστός·

2271 2290 2384 2345 ὁδὶ
2413 2291 2476 2345 οὐ
2531 2290 2760 2362 χαίρων,
2805 2291 2909 2346 οὐκ
2959 2289 3205 2356 εὔελπις·
3247 2291 3560 2347 ἀπεϐάλετο
3610 2293 3708 2364 γὰρ
3743 2292 3823 2360 τὴν

2273 2383 2455 2438 αἰτίαν
2495 2382 2598 2453 τῆς
2636 2383 2815 2454 χαρᾶς
2843 2382 3178 2455 προσευχὴν,
3206 2383 3267 2437 ὲν
3292 2381 3375 2455 τῷ
3409 2383 3490 2455 μὴ
3525 2398 3823 2454 προσκαρτεα

2277 2476 2394 2547 ρεῖν
2420 2476 2479 2529 ὲν
2524 2475 2688 2547 αὐτῇ.
2790 2472 2797 2476 ’

2346 2587 2457 2653 πξ¹⁸
2494 2589 2557 2642 Et
2585 2589 2700 2653 τοῖς
2725 2589 3043 2660 ὲγκοσμίοις
3064 2586 3350 2659 λογισμοῖς
3378 2589 3408 2642 δ
3438 2588 3569 2653 νοῦς
3593 2586 3650 2653 ἐξ
3677 2586 3820 2660 ἀρχῆς

2276 2681 2783 2752 συναναστραφεὶς,
2838 2680 3112 2752 τοσαύτην
3164 2681 3222 2734 ὲν
3271 2681 3462 2745 αὐτοῖς
3525 2681 3621 2752 τὴν
3672 2679 3823 2748 φιλίαν

2274 2774 2569 2845 ἐκτήσατο,
2589 2772 2764 2844 πόσην
2792 2774 2894 2827 οὐκ
2923 2772 2991 2829 ἂν
3019 2773 3331 2845 οἰκειότητα
3351 2776 3456 2845 σχῇ
3496 2775 3553 2827 ὲν
3571 2773 3694 2844 εὐχῇ
3720 2786 3821 2824 συν-

2274 2867 2413 2937 εχεῖ·
2457 2865 2553 2919 καὶ
2588 2863 2699 2936 γὰρ
2733 2865 2792 2919 ὲν
2827 2856 2933 2928 οἷς,
2973 2864 3131 2937 φησὶ,
3175 2864 3413 2937 χρονίζει
3438 2864 3540 2936 (ο),
3587 2866 3642 2919 ὲν
3672 2863 3825 2923 afﬁci;

2275 2959 2372 3014 καὶ
2400 2959 2771 3015 πλατύνεσθαι
2808 2958 3018 3016 εἴωθεν.

2345 3061 2460 3126 mf.
2498 3054 2711 3127 Ὥσπερ
2739 3054 2837 3109 τοῦ
2862 3055 2995 3110 ίδίου
3018 3056 3342 3129 οἰκητηρίου
3369 3058 3545 3113 πάλαι
3570 3058 3826 3130 διαιρεθεὶς

583 3142 824 3207 animus,
856 3145 1006 3200 illius
1028 3145 1298 3202 claritatis
1325 3146 1534 3203 oblitus
1562 3154 1682 3214 est;
1707 3147 1789 3203 sic
1813 3161 2042 3203 necesse
2064 3154 2165 3212 est,

2275 3146 2305 3199 δ
2335 3144 2483 3213 νοῦς,
2530 3146 2632 3218 τῆς
2681 3147 2893 3202 ἐκείνου
2943 3147 3337 3219 λαμπρότητος
3368 3150 3680 3204 ἐπελάθετο·
3707 3147 3825 3202 οὕτω

570 3326 672 3381 πίε
700 3325 959 3396 praesidio
988 3325 1058 3382 ad
1083 3343 1203 3383 eam
1231 3330 1480 3400 proclive
1510 3338 1782 3386 recurrat.

655 3436 745 3492 89.
787 3436 943 3493 Sicut
968 3437 1152 3495 infans
1181 3438 1248 3494 ad
1275 3439 1534 3511 frigentia
1560 3441 1752 3497 matris
1778 3440 1974 3506 ubera,
2000 3441 2081 3525 sic
2114 3446 2173 3497 se

582 3541 742 3582 mens
784 3528 852 3584 ad
911 3528 1219 3585 orationem
1262 3530 1469 3586 habere
1518 3530 1870 3600 invenietur,
1903 3547 2028 3603 quae
2061 3549 2173 3587 non

581 3619 759 3692 possit
791 3621 1171 3677 consolatione
1203 3622 1413 3689 lenire;
1446 3621 1515 3678 ad
1546 3638 1670 3679 eam
1700 3631 1887 3680 autem
1916 3640 2039 3695 quas
2072 3625 2175 3680 ali-

573 3242 644 3289 ut
666 3235 852 3289 saeculi
875 3250 1061 3290 rerum
1088 3250 1284 3293 rursus
1311 3239 1594 3295 oblivione
1626 3246 1928 3309 assumpta,
1958 3238 2165 3294 oratio-

2277 3238 2360 3293 δεῖ
2397 3237 2589 3293 τοῦτον
2638 3234 2797 3305 αὖθις
2834 3240 2893 3292 ὲν
2923 3239 3064 3312 λήθῃ
3099 3239 3210 3294 τῶν
3240 3232 3345 3295 ὧδε
3373 3241 3682 3314 γενόμενον,
3714 3240 3826 3313 πρὸς

2278 3330 2495 3403 ἐκείνην
2523 3332 2862 3404 ἀναδραμεῖν
2884 3331 2952 3385 δι’
2979 3332 3168 3403 εὐχῆς.

2349 3444 2459 3500 πθ’.
2508 3444 2779 3516 Καθάπερ
2810 3444 3004 3516 νήπιον
3035 3444 3175 3518 πρὸς
3207 3448 3454 3517 μαστοὺς
3491 3444 3829 3517 ὲναποψνγίν-

2279 3555 2377 3602 τας
2406 3536 2637 3609 μητρὸς,
2657 3535 2833 3601 οὕτως
2850 3535 3215 3608 εὑρεθήσεται
3241 3536 3369 3603 νοῦς
3396 3540 3539 3612 πρὸς
3569 3538 3717 3609 εὐχὴν
3742 3536 3829 3606 τὴν

2284 3624 2359 3698 μὴ
2379 3624 2684 3697 δυναμένην
2707 3625 3094 3697 παρακαλέσαι
3124 3627 3307 3682 αὐτόν·
3331 3629 3475 3700 πρὸς
3490 3631 3547 3684 δὲ
3571 3628 3660 3701 τὴν
3678 3627 3829 3690 ἄλλως

656 3797 829 3856 "'Isa.
857 3816 929 3866 ιι,
954 3801 1043 3856 ii.
1124 3802 1168 3833 ¹⁶¹
1193 3801 1361 3859 Hebr.
1390 3818 1484 3868 xu,
1516 3803 1541 3857 i
1566 3820 1582 3872 ;
1608 3804 1770 3859 Rom.
1795 3820 1904 3871 xu;
1936 3802 2032 3871 ης
2063 3803 2275 3860 C010“-
2314 3819 2389 3870 ¹νν
2417 3804 2474 3858 2·

653 3979 752 4049 (m)
794 3980 953 4047 Πρὸς
992 3979 1109 4049 τὴν
1146 3977 1268 4034 τῶν
1298 3980 1705 4036 κατασκόπων
1742 3981 2157 4049 ἀπαντήσεται

581 4049 784 4105 πόλιν.
814 4049 896 4105 Ad
933 4051 1155 4107 Sionem
1176 4050 1429 4123 scilicet,
1455 4051 1614 4121 cujus
1641 4065 1844 4123 nomen
1876 4052 2157 4123 speculam

579 4127 760 4193 sonat,
791 4136 857 4177 ae
889 4124 1047 4193 cujus
1084 4122 1259 4193 ipsius
1295 4122 1464 4177 lsaias
1500 4121 1756 4193 meminit
1793 4121 1921 4193 cap.
1944 4122 2039 4177 illo
2083 4138 2155 4189 LI,

580 4205 693 4262 quo
740 4191 843 4262 ista
888 4191 1074 4247 omnia
1120 4191 1338 4249 Maximi
1385 4192 1717 4258 collineant,
1762 4191 2026 4248 consueta
2079 4193 2158 4248 illi

580 4261 873 4332 allegoria;
920 4277 1232 4334 quanquam
1279 4262 1369 4334 hic
1406 4262 1489 4334 eis
1530 4262 1691 4334 longe
1734 4263 1898 4319 solito
1940 4262 2161 4333 parcior

579 4338 684 4395 est,
716 4340 775 4387 ut
801 4341 857 4386 et
886 4333 1160 4403 capitibus
1186 4332 1255 4387 de
1283 4332 1574 4403 charitate.

651 4404 732 4476 (τι)
797 4402 1151 4476 ’Υπρμένειν
1202 4402 1376 4476 ἡμᾶς
1404 4402 1491 4476 ,τῇ
1546 4403 1767 4476 atque.
1821 4403 1915 4460 Sic
1965 4404 2164 4476 legisse

578 4471 873 4547 ﬁnitimum
902 4471 1184 4547 Bomqu,
1210 4473 1418 4547 12,Aubi
1449 4488 1602 4547 nunc
1627 4472 1837 4547 Graeca,
1864 4478 1930 4547 τῇ
1962 4471 2161 4544 θλίψει,

2264 3980 2362 4051 ris)
2393 3980 2607 4053 Erasm.
2671 3984 2893 4053 tempori
2912 3986 3222 4053 servientes,
3251 3983 3332 4041 sic
3365 3985 3699 4041 abhorrente
3723 3997 3826 4038 sen-

2265 4052 2476 4126 tentia,_
2494 4068 2597 4107 nec
2626 4051 2763 4107 satis
2778 4051 2963 4126 Paulo
2988 4055 3173 4126 digna,
3190 4070 3299 4126 pro
3324 4070 3392 4110 eo
3417 4056 3572 4126 quod
3606 4057 3826 4126 legerunt

2265 4122 2510 4197 antiqui_
2542 4137 2737 4197 omnes
2796 4124 3000 4197 relati,
3045 4122 3104 4197 et
3161 4122 3320 4197 Vulg.
3381 4122 3681 4197 habetque
3720 4122 3821 4179 cod.

2265 4191 2532 4248 Alexaud.
2558 4191 2636 4263 τῷ
2664 4192 2855 4263 Κυρίῳ
2886 4195 3253 4259 δουλεύοντες,
3271 4191 3514 4251 Domino
3544 4191 3825 4257 sirvienm;

2267 4263 2401 4333 quid
2435 4264 2636 4338 mirum
2670 4264 2938 4338 potuisse,
2966 4281 3089 4336 pro,
3114 4268 3181 4335 τῇ
3211 4266 3415 4338 πίστει,
3441 4270 3513 4338 τῇ
3551 4267 3737 4335 θλίψει,
3762 4265 3825 4318 sic

2270 4349 2379 4406 una
2406 4334 2549 4406 serie
2578 4342 2727 4406 textu
2754 4333 2831 4389 ibi
2860 4333 3751 4406 laborante'obrepere?"Maxinio.
3773 4349 3826 4388 ει

2271 4404 2487 4459 meliori
2523 4405 2717 4460 codice
2743 4405 3103 4472 emendante;
3136 4405 3184 4460 si
3215 4404 3397 4461 tanien
3434 4408 3531 4463 ille
3565 4423 3629 4462 ex
3666 4405 3825 4461 codice

2271 4474 2526 4547 scripsit,
2558 4491 2670 4530 non
2704 4486 2764 4529 ut;
2795 4476 3122 4547 suggerebat
3137 4478 3415 4547 memoria
3453 4495 3467 4531 :
3499 4495 3625 4547 quae
3654 4475 3826 4547 saepius

578 4541 737 4630 Vulg.
761 4542 1183 4630 iii-tribula‘tione
1210 4545 1496 4630 patientes;
1529 4540 1929 4630 nihildubiuni'
1955 4562 1969 4597 :
1997 4540 2167 4630 utque
2202 4540 2243 4595 Ι)
2274 4545 2328 4600 id
2368 4540 2760 4630 repraesentat,
2793 4540 2925 4601 noii'
2943 4546 3093 4617 quod
3133 4545 3190 4600 in
3219 4547 3419 4630 codice
3459 4540 3825 4630 legimus,_—sed

580 4611 673 4699 alii
704 4611 924 4699 codises
951 4611 1406 4699 suﬂragarentu‘r,
1433 4616 1522 4698 illa
1551 4615 1718 4699 lectio
1748 4616 1922 4699 magis
1948 4611 2161 4699 arride-

582 4689 687 4747 ret,
716 4683 863 4757 quod
891 4683 1194 4757 praesertim
1212 4686 1552 4741 constructio
1575 4685 1688 4755 ipsa
1712 4683 1959 4753 mollior;
1986 4686 2163 4757 quod-

577 4768 686 4825 que
714 4753 855 4809 adeo
886 4753 1162 4825 duplicem
1193 4757 1456 4811 virtutem
1491 4753 1691 4812 Paulus
1722 4753 2162 4812 continua-serie

580 4822 797 4878 videtur
822 4822 1233 4899 commendare,
1260 4842 1325 4882 ac
1348 4827 1556 4899 cuique
1586 4827 1735 4898 quod
1764 4828 1842 4899 illi
1877 4828 2160 4899 proprium

577 4896 1074 4969 aut_conjunctum
1124 4896 1536 4969 est,At_ribuc’re
1587 4896 1621 4951 ε’
1659 4898 1812 4968 spei,
1861 4896 2157 4969 gaudium,

576 4968 641 5036 τῇ
686 4966 862 5038 ἐλπίδι
898 4968 1205 5038 χαίροντες·
1247 4966 1404 5032 ﬁdei,
1441 4966 1703 5023 laborum
1737 4966 2158 5033 susti'uentiam,

578 5037 642 5111 ξτῇ
696 5036 1308 5111 πίστειύπομένοντεςο
1354 5039 1508 5111 quod
1549 5039 1731 5109 ipsum
1772 5049 2157 5111 argumentum

577 5104 687 5161 late
702 5104 1056 5179 prosequitur
1086 5109 1142 5163 in
1177 5109 1346 5180 Epist.
1371 5104 1440 5165 ad
1462 5104 1654 5176 Hebr,
1681 5104 1980 5166 ostendens
2007 5109 2158 5165 omni

578 5184 731 5232 retro
762 5196 879 5235 aevo
909 5187 1131 5236 sanctos
1164 5181 1254 5235 illa
1282 5181 1521 5236 victores
1552 5181 1802 5235 laborum
1835 5182 2109 5237 exstitisse
2144 5197 2159 5234 :

577 5262 704 5301 cum
748 5250 915 5314 illud,
950 5255 1017 5322 τῇ
1061 5251 1237 5322 θλίψει
1276 5251 1665 5320 ὑπομένοντες,
1701 5251 1896 5306 duram
1935 5253 2160 5306 omnino

577 5321 1046 5376 constructionem
1072 5321 1294 5385 habeat,
1320 5331 1378 5376 et
1410 5323 1467 5376 in
1498 5338 1604 5393 qua
1635 5322 1844 5392 aliquid
1875 5322 2159 5377 desidere-

580 5395 689 5462 tur,
719 5394 1035 5447 necessario
1064 5393 1462 5462 supplendum;
1494 5409 1597 5448 nec
1619 5394 1752 5448 satis
1779 5393 2158 5448 antecedenti-

580 5458 683 5534 bus
729 5473 829 5534 aut
875 5458 1238 5534 sequentibus
1291 5458 1566 5518 cohaereat
1615 5481 1628 5516 :
1688 5465 1902 5518 tametsi
1957 5464 2162 5519 habent

577 5527 755 5606 etiam,
801 5527 1019 5606 Chrys,
1065 5534 1366 5606 Theodor.,
1394 5534 1740 5606 Theophqun
1772 5542 1880 5606 etc.
1911 5534 2161 5606 Ciumque

576 5604 954 5674 superioribus
997 5607 1134 5659 illud
1178 5605 1419 5669 laeserit,
1457 5606 1536 5673 τῷ
1573 5604 1752 5674 καιρῷ
1792 5604 2157 5668 δουλεύοντες,

576 5622 954 5670 superioribus
997 5622 1134 5659 uiua
1178 5622 1419 5669 naascm,
1457 5622 1536 5673 τῳ
1573 5623 1666 5658 και
1708 5623 1752 5674 ῳ
1792 5622 2157 5668 οουΑευοντες,

574 5671 1162 5748 quodrcpmseutang
1178 5674 1380 5748 grauem
1410 5691 1604 5748 omnes
1627 5622 1903 5748 editiones
1929 5677 1995 5748 (si
2022 5676 2161 5748 forte

576 5742 943 5820 Barisiensem
983 5745 1093 5797 τῶν
1141 5745 1320 5820 LXX,
1362 5761 1459 5801 seu
1505 5747 1612 5801 illis
1658 5742 1971 5820 adjunctam
2021 5747 2159 5801 Novi

574 5814 818 5875 Testam.
842 5816 914 5873 ad
942 5816 1224 5886 exemplar
1249 5817 1557 5872 Romanum
1582 5814 1899 5888 expressam
1929 5833 2160 5886 excepe-

2263 4616 2411 4686 quod
2436 4616 2578 4670 κατὰ
2601 4617 2893 4687 πρόχειρον
2916 4616 3386 4673 aecnmmodatius
3409 4616 3579 4674 nobis
3598 4620 3824 4687 videtur:

2262 4685 2543 4760 quomodo
2580 4685 2746 4760 etiam
2786 4686 3121 4760 Hieronymo
3158 4688 3359 4760 saepius
3393 4685 3826 4760 obrepsisseroii-

2262 4756 2446 4815 Servat
2475 4757 2634 4835 .ioan.
2664 4758 2930 4835 Marinus,
2961 4756 3019 4813 in
3054 4756 3300 4835 E_xer_eit_.
3334 4756 3592 4835 biblicis;
3625 4756 3827 4835 potiqri;

2261 4828 2614 4899 queratione
2643 4829 2794 4893 aliis,
2821 4844 3059 4899 quorum
3094 4828 3150 4899 in
3182 4828 3386 4899 divinis
3417 4846 3532 4885 non
3568 4828 3715 4884 tanta
3744 4828 3827 4881 fuit

2261 4898 2541 4970 ᾁκρίόεια.
2569 4898 2818 4970 llincque
2846 4898 2955 4963 est,
2983 4907 3047 4954 ut
3074 4898 3213 4953 nihil
3246 4898 3523 4956 atiirmare
3558 4901 3749 4962 ausim,
3776 4910 3829 4951 ac

2261 4967 2441 5025 donec
2480 4967 2776 5025 occurrant
2814 4971 3053 5025 certiora
3098 4979 3487 5035 monumenta,
3528 4971 3829 5025 mutandum

2262 5039 2617 5095 contendere.
2654 5040 2801 5096 Satis
2843 5038 2948 5095 fuit
2991 5040 3154 5095 aliam
3206 5041 3327 5110 ejus
3368 5042 3477 5097 loci
3525 5042 3825 5097 lectionem.

2260 5124 2385 5183 qua:
2419 5111 2557 5166 tanti
2584 5110 2862 5183 videatur,
2889 5110 3126 5166 Maximo
3154 5120 3380 5168 auctore
3410 5122 3699 5183 utcunque
3723 5110 3830 5164 vin—

2260 5182 2447 5237 dicare
2474 5192 2539 5236 ac
2564 5182 2866 5237 declarare.

2334 5250 2406 5322 (ο)
2452 5253 2550 5324 Ἐν
2584 5247 2672 5318 οἷς
2711 5250 2985 5321 χρονίζει.
3015 5250 3300 5313 Sententia
3328 5262 3432 5318 est,
3471 5268 3644 5324 quam
3687 5260 3739 5324 et
3758 5248 3829 5324 vi-

2261 5320 2460 5402 deatur
2485 5323 2556 5402 ab
2576 5320 2806 5378 auctore
2838 5324 3116 5402 superiori
3153 5333 3438 5379 mutuatus
3468 5320 3633 5395 {qua
3676 5320 3832 5402 signi-

2263 5394 2461 5471 ficatur
2491 5394 2841 5471 placerequa:
2866 5395 3054 5471 molita
3072 5404 3389 5471 su_nteaq_u_e
3411 5393 3826 5471 consuetudine.

2262 5464 2347 5519 vel
2379 5464 2426 5517 si
2459 5464 2597 5517 alias
2620 5465 2917 5534 injucunda
2954 5466 3086 5521 sint.
3121 5463 3395 5521 Describit
3429 5465 3608 5520 Marc.
3634 5463 3709 5519 De
3753 5463 3830 5531 ju-

2261 5536 2410 5609 stitia
2443 5549 2507 5586 ea:
2538 5550 2758 5609 9pcr.__e.
2785 5534 2886 5609 68,
2906 5535 3106 5609 durum
3136 5536 3342 5609 mentis
3375 5548 3689 5609 certamen.
3720 5543 3827 5609 cum

2262 5606 2331 5677 ab
2359 5601 2627 5677 occupata
2647 5606 2776 5677 olim
2804 5605 3219 5672 informatione,
3243 5608 3352 5661 ἀπὸ
3379 5607 3612 5677 χρονίας
3640 5601 3826 5677 προλή-

2260 5676 2408 5746 ψεως
2435 5672 2758 5731 avellendus
2778 5687 2864 5733 est
2894 5678 3132 5739 animus,
3161 5677 3319 5746 quasi
3358 5672 3828 5746 tortoribus’hiuc

2262 5745 2392 5820 inde
2426 5760 2523 5799 cor
2548 5747 3023 5820 distrahentibus:
3054 5749 3147 5804 ubi
3163 5745 3363 5820 frigide
3395 5745 3614 5820 Obsop.
3650 5754 3830 5815 tempo-

2263 5816 2369 5871 rali
2388 5819 2754 5888 occupatione.
