4122 6322
473 323 493 386 1
506 320 604 384 421

1633 320 1807 380 ALIA
1848 318 1949 377 EX
1984 315 2223 377 VATIC.
2269 316 2557 377 CAPITA.
2588 344 2591 347 ·

3601 321 3622 384 1
3634 322 3737 387 422

467 438 721 509 ἔχουσαν,
753 436 827 502 ὡς
859 437 1070 493 παιδίον
1112 435 1171 490 τὸ
1211 436 1302 508 ὑφ’
1353 436 1547 508 ἡδονῆς
1592 431 1937 502 ἐναφυπνοῦν
1990 431 2048 481 ἐν

2160 438 2235 482 ter
2260 437 2576 499 comparata
2605 428 2696 497 sit,
2728 429 2881 487 velut
2909 430 3089 488 infans
3118 434 3172 488 in
3196 435 3318 506 ejus
3345 434 3558 506 placide
3591 436 3738 492 ulnis

476 534 596 595 ταῖς
626 531 894 599 ἀγκάλαις
920 530 1109 601 αὐτῆς.

461 608 466 612 ’
548 627 621 689 ιιι.
672 620 849 685 Ἐκεῖ,
879 622 1064 693 φησὶν,
1105 621 1164 674 ὲν
1202 624 1268 692 τῇ
1320 618 1571 691 πενθίμῳ
1624 617 1868 690 δηλονότι
1923 618 2051 688 εὐνῇ

470 712 570 782 τῆς
598 712 854 784 ἐναρέτου
894 712 1061 784 ζωῆς,
1087 711 1228 765 κατά
1256 712 1356 782 τὴν
1383 713 1442 766 ὲν
1469 710 1550 782 τῷ
1585 710 1828 783 ¹’ᾼσμαιιιῖι
1859 711 2051 779 φήσειε

468 804 688 875 νύμφην
717 804 811 858 καὶ
841 806 873 875 ἡ
899 804 1031 876 εὐχὴ
1067 805 1201 875 πρὸς
1231 804 1323 857 τὸν
1348 804 1554 875 ἑαυτῆς
1598 802 1856 875 ἐραστὴν,
1879 801 2053 857 δώσω

469 897 610 963 τοὺς
624 897 895 968 μαστούς
913 914 1033 967 μου
1055 896 1177 961 σοι,
1209 898 1257 950 εί
1286 895 1484 960 ὁλικῶς
1510 913 1601 966 μοι
1633 895 1908 967 διατεθῇς.

541 991 648 1055 μα’.
673 987 863 1041 Φιλίαν
892 988 1031 1060 πρὸς
1058 987 1157 1057 τὴν
1185 986 1351 1057 εὐχὴν
1379 987 1440 1041 οὐ
1467 985 1692 1041 δύναται
1720 970 2067 1057 κτήσασθαιτ

467 1079 497 1131 6
522 1078 610 1149 μὴ
653 1079 838 1132 πᾶσαν
871 1078 1006 1149 ὕλην
1040 1079 1525 1151 ἀπαρνησάμενος,
1555 1078 1696 1148 πλὴν
1721 1079 1929 1149 τροφῆς
1958 1077 2056 1131 καὶ

356 1234 367 1247 ν
470 1169 700 1240 σκέπης.
738 1168 885 1235 Ἕξω
911 1170 1022 1224 τῶν
1047 1170 1226 1224 ἀλλων
1267 1169 1430 1239 γενοῦ
1483 1170 1543 1224 ὲν
1593 1170 1758 1241 εὐχῇ,
1805 1171 1834 1222 6
1884 1167 2056 1222 θέλων

470 1262 610 1330 μετά
641 1260 806 1330 μόνου
839 1257 1213 1329 γενέσθαιτοῦ
1238 1259 1352 1333 νοῦ.

538 1350 646 1421 ιιβκ
679 1351 787 1404 Τοῦ
849 1351 1133 1422 θεοφιλοῦς
1195 1352 1530 1424 μαρτύριον,
1586 1353 1723 1425 εὐχὴ
1775 1353 2053 1425 μονολόγι-

471 1460 596 1507 στος
636 1441 733 1515 (p)'
770 1443 929 1513 λόγος
958 1443 1015 1498 δὲ
1045 1445 1279 1517 καίριος,
1310 1444 1582 1517 ἔμφρονος
1608 1445 1876 1514 λογισμοῦ
1914 1463 1928 1476 υ
1963 1461 2053 1517 μο-

470 1535 677 1606 νοειδὴς
706 1536 764 1589 δὲ
784 1535 994 1605 γεῦσις,
1022 1537 1124 1609 τῆς
1153 1537 1449 1607 ἐλευθέρας
1472 1537 1559 1609 είη
1590 1538 1916 1610 αἰσθήσεως.
1967 1523 2055 1592 Ἑν

472 1629 684 1692 τούτοις
711 1625 805 1683 οὖν
843 1632 959 1693 τοῖς
1012 1629 1216 1702 τρισὶν,
1269 1630 1548 1701 ἐρρῶσθαι
1600 1630 1668 1686 τὰ
1719 1631 1820 1702 τῆς
1877 1631 2055 1702 ψυχῆς

470 1720 710 1791 λέγεται.

543 1819 652 1886 ιιγθ.
698 1815 1026 1886 Λειανθῆναι
1055 1816 1137 1870 δεῖ
1170 1815 1354 1881 καλῶς
1386 1817 1481 1871 καὶ
1510 1815 1911 1886 ἀπαλυνθῆναι,
1940 1815 2051 1870 ῶσ-

473 1926 579 1979 περ
622 1909 731 1963 τῶν
767 1909 994 1975 παίδων,
1022 1908 1134 1980 ”τὴν
1176 1908 1339 1977 φύσιν
1388 1909 1483 1962 τοῦ
1517 1911 1837 1980 εὐχομένου,
1883 1910 1959 1973 ὡς
1989 1909 2053 1962 ἂν

473 2001 616 2055 κατά
659 2000 759 2072 τὴν
793 2000 1042 2063 ἐκείνων,
1094 2001 1360 2064 εὐείκτως
1413 2000 1635 2069 δέξηται
1694 2001 1794 2072 τὴν
1838 2002 1903 2054 ἐκ
1955 2003 2055 2072 τῆς

472 2093 638 2164 εὐχῆς
685 2094 1085 2165 ὲνταττομένην
1142 2093 1468 2161 ἀνάπτυξιν.
1519 2093 1611 2148 Διὸ
1670 2094 1747 2164 μὴ
1781 2094 1996 2164 ἀμέλει,
2029 2096 2057 2147 6

475 2185 818 2257 ωναφθῆναι
852 2184 1026 2259 ταύτῃ
1060 2184 1255 2256 φιλῶν.

544 2278 646 2346 1.,δῆ
679 2278 753 2331 Οὐ
786 2277 990 2341 πάντες
1014 2278 1107 2331 τὸν
1132 2278 1298 2331 αὐτὸν
1331 2277 1532 2331 σκοπὸν
1565 2280 1624 2332 ὲν
1656 2279 1788 2351 εὐχῇ
1815 2279 2049 2351 κέκτηνο

470 2384 561 2423 ται
585 2383 600 2397 ·
637 2367 799 2432 ἄλλος
828 2368 929 2439 μὲν
959 2368 1141 2435 ἀλλον,
1173 2370 1270 2422 καὶ
1298 2369 1457 2432 ἄλλος
1492 2368 1550 2422 δὲ
1580 2369 1792 2439 ἕτερον.
1850 2370 1910 2423 ’0
1954 2372 2055 2441 μὲν

471 2459 584 2532 γὰρ
610 2459 851 2531 εὔχεται,
875 2462 925 2514 εἰ
955 2457 1066 2515 οἷόν
1093 2478 1174 2525 τε,
1210 2459 1349 2531 μετά
1400 2460 1502 2529 τῆς
1556 2460 1721 2530 εὐχῆς
1769 2455 1911 2514 εἶναι
1954 2461 2057 2529 τὴν

473 2553 702 2624 καρδίαν
740 2551 908 2606 αὐτοῦ
952 2552 1208 2616 πάντοτε,
1240 2551 1338 2605 καὶ
1372 2551 1510 2622 πρὸς
1545 2550 1606 2603 τὸ
1640 2550 2055 2623 ὑπεραναὸῆναι

472 2643 646 2714 αὐτῆς
668 2661 681 2674 ·
708 2646 736 2698 6
766 2643 823 2696 δὲ
851 2644 939 2697 ἵνα
963 2643 1039 2715 μὴ
1066 2642 1343 2714 λογισμοῖς
1370 2643 1427 2695 ὲν
1457 2642 1596 2712 αὐτῇ
1629 2642 2054 2712 περικόπτηται.

473 2733 680 2797 Πάντες
712 2732 769 2786 δὲ
814 2730 1086 2802 εὔχονται,
1124 2730 1157 2801 ἢ
1191 2729 1596 2801 συντηρηθῆναι
1632 2731 1691 2783 ἐν
1726 2730 1974 2800 ἀγαθοῖς,
2018 2731 2052 2801 ἢ

475 2821 551 2891 μὴ
581 2820 998 2892 συναπαχθῆναι
1024 2821 1235 2882 κακοῖς.

544 2910 644 2976 με’.
688 2911 749 2962 Ei
795 2911 855 2977 ἐξ
894 2910 1080 2980 εὐχῆς,
1118 2909 1294 2973 οὐδεὶς
1335 2908 1737 2972 ἀταπείνωτος·
1773 2909 2056 2982 συντρίϐε-

473 3016 562 3054 ται
594 3001 702 3071 γάρ
739 3003 767 3055 ὁ
793 3003 853 3054 ὲν
880 3001 1213 3055 ταπεινώσει
1238 3001 1532 3073 εὐχόμενος
1553 3017 1567 3031 ·
1600 3003 1702 3054 οὐκ
1725 3001 1832 3074 ἀρα
1866 3003 1926 3055 ὲν
1955 3019 2054 3056 τα-

473 3092 729 3147 πεινώσει
764 3092 1151 3162 προσεύχεται,
1176 3095 1205 3146 ό
1243 3092 1443 3158 ἔξωθεν
1487 3092 1910 3166 θρασυνόμενος.

544 3190 660 3252 ἧς’.
711 3184 854 3253 Πρὸς
902 3184 1002 3255 τὴν
1060 3186 1258 3256 χήραν,
1312 3183 1411 3256 τὴν
1466 3186 1603 3256 πρὸς
1643 3184 1736 3236 τὸν
1775 3182 1926 3254 ὠμὸν
1956 3184 2055 3257 τὴν

472 3278 630 3348 δίκην
668 3277 947 3331 ’κινοῦσαν
995 3276 1210 3348 κριτὴν,
1274 3276 1494 3348 ἀφορῶν
1537 3280 1566 3331 ὁ
1607 3279 1925 3350 εὐχόμενος,
1956 3280 2060 3334 οὐκ

474 3366 781 3439 ὲκκακίσῃς
833 3365 922 3420 διὰ
997 3367 1097 3437 τὴν
1155 3366 1466 3437 βραδυτῆτα
1520 3368 1628 3422 τῶν
1678 3369 1903 3438 ἀγαθῶν
1960 3372 2059 3442 τῆς

474 3457 661 3530 εὐχῆς.
810 3506 823 3513 -

546 3550 655 3619 ἴυζ’.
688 3553 764 3605 Οὐ
797 3551 1117 3624 παραμείνῃ
1146 3569 1229 3605 σοι
1257 3552 1413 3622 εὐχὴ,
1440 3549 1518 3623 τῷ
1549 3551 1689 3623 πρὸς
1715 3551 1784 3606 τά
1810 3551 2059 3622 συλλογι-

475 3640 678 3710 ζόμενα
695 3641 917 3705 ἔσωθεν,
951 3644 1043 3696 καὶ
1060 3641 1396 3712 ὁμιλούμενα
1420 3641 1618 3706 ἔξωθεν
1640 3642 2056 3714 ἐμϐραδύνοντι*

474 3734 510 3804 ἡ
560 3732 699 3805 αὐτὴ
754 3733 811 3786 δὲ
850 3732 1150 3804 ὀφθήσεται
1198 3732 1635 3803 ὐποστρὲφουσα,
1676 3730 1754 3803 τῷ
1790 3732 1858 3786 δι’
1884 3735 2058 3804 αὐτὴν

476 3825 903 3897 ὑποτεμνομένῳ
931 3825 999 3879 τά
1026 3824 1274 3879 πλείονα.

545 3920 654 3989 ιιην.
680 3918 774 3981 Εἰς
797 3917 1031 3986 λαγόνας
1067 3916 1246 3988 ψυχῆς
1276 3916 1326 3969 εί
1370 3915 1445 3988 μὴ
1493 3915 1798 3972 εἰσδύνουσι
1840 3917 1913 3972 τὰ
1961 3920 2056 3991 ῥή-

479 4026 625 4080 ματα
666 4010 764 4080 τῆς
797 4010 986 4081 εὐχῆς,
1017 4010 1119 4063 οὐκ
1158 4009 1224 4064 ἂν
1253 4012 1334 4073 είς
1355 4011 1456 4072 τὰς
1482 4008 1579 4064 τοῦ
1606 4010 1903 4083 προσώπου
1937 4028 2056 4065 σια-

475 4102 641 4172 γόνας
689 4101 758 4155 τὰ
808 4102 1018 4173 δάκρυα
1050 4100 1479 4173 περικλυσθῆναι
1513 4101 2051 4173 συγχωρηθήσονται.

547 4195 652 4262 ιιοο,
727 4195 1105 4248 Ἀνατέλλουσι
1158 4195 1391 4265 γεωργῷ
1437 4195 1537 4266 μὲν
1594 4196 1664 4249 τὰ
1707 4195 1943 4267 δάκρυα,
1981 4196 2056 4269 μὴ

476 4288 597 4341 κατ’
630 4288 755 4358 ὐψιν
784 4288 893 4341 τῶν
922 4288 1256 4359 σπερμάτων
1310 4287 1580 4358 ῥιφέντων
1622 4287 1721 4360 τῆς
1762 4288 1907 4360 γῆς·
1961 4306 2058 4361 μο-

2157 518 2584 576 indormisccns.

2224 611 2384 682 651
2417 611 2504 668 90.
2546 611 2686 678 Illic,
2724 612 2905 684 inquit
2944 612 3041 686 (in
3087 613 3306 685 lugubri
3348 613 3564 669 scilicet
3598 614 3740 670 lecto

2157 703 2281 759 vitae
2301 705 2580 770 studiose,
2596 706 2744 761 dicat
2768 708 2949 762 oratio
2975 706 3043 761 ad
3068 722 3231 762 suum
3260 718 3568 762 amatorem
3589 708 3742 765 velut

2157 794 2368 868 Sponsa
2396 797 2452 851 in
2476 796 2749 870 Cantieo),
2779 798 2915 853 dabo
2946 798 3038 853 tibi
3059 800 3219 853 ubera
3240 815 3359 855 mea
3388 798 3463 867 ¹⁸;
3492 799 3539 856 si
3564 801 3732 859 modo

2154 898 2209 944 te
2238 889 2375 944 mihi
2400 896 2580 944 totum
2612 905 2954 962 prorsusque
2983 891 3283 973 addixeris.

2225 980 2314 1035 91.
2353 981 2666 1037 Amicitiam
2696 997 2821 1037 cum
2844 982 3097 1039 oratione
3122 983 3369 1040 nancisci
3396 999 3508 1040 non
3532 994 3738 1057 potest,

2156 1072 2250 1142 qui
2288 1073 2535 1144 exceptis
2587 1073 2916 1130 necessariis
2963 1074 3242 1131 alimentis
3293 1085 3461 1147 atque
3510 1079 3738 1144 vestitu,

2158 1165 2399 1220 terrenis
2426 1166 2686 1224 omnibus
2709 1184 2820 1224 non
2849 1168 3324 1224 abrenuntiaverit
3350 1171 3415 1224 ¹⁹.
3438 1169 3483 1225 Α
3510 1170 3741 1241 reliquis

2156 1258 2408 1324 excedas,
2430 1258 2525 1330 qui
2558 1260 2675 1316 sola
2703 1267 2888 1319 mente
2919 1259 2975 1314 in
2998 1260 3248 1316 oratione
3275 1261 3486 1317 versari
3509 1263 3669 1320 velis.

2193 1362 2197 1367 '
2228 1349 2318 1405 92.
2358 1351 2647 1423 Religiosa:
2665 1352 2866 1408 mentis
2892 1362 3104 1409 certum
3130 1352 3421 1419 indicium,
3444 1371 3553 1410 una
3577 1355 3742 1412 ratio-

2156 1443 2326 1498 nibus
2357 1442 2793 1515 inconeussaque
2829 1444 3048 1501 oratio:
3080 1445 3369 1517 prudentis
3400 1462 3533 1502 vero
3569 1448 3740 1504 ratio-

2158 1534 2265 1600 nis,
2297 1543 2646 1606 opportunus
2680 1550 2906 1602 sermo;
2940 1550 3135 1591 sensus
3170 1544 3356 1590 autem
3398 1537 3582 1603 liberi,
3617 1540 3744 1595 uni—

2157 1625 2351 1682 formis
2370 1635 2587 1697 gustus.
2610 1627 2670 1681 In
2690 1627 2778 1683 his
2801 1626 2970 1699 igitur
2998 1626 3175 1683 tribus
3201 1628 3371 1683 animi
3396 1631 3742 1691 sanctitatem

2157 1719 2462 1775 consistere
2490 1718 2703 1774 dicunt.

2230 1808 2318 1864 95.
2358 1806 2599 1875 Orantis,
2644 1809 2750 1864 rite
2792 1807 3101 1880 subigenda
3134 1824 3199 1866 ac
3241 1810 3563 1878 mollienda,
3593 1814 3746 1869 velut

2154 1914 2490 1970 puerorum,
2533 1899 2747 1956 indoles
2783 1900 2893 1967 sit;
2930 1909 2993 1956 ut
3026 1900 3171 1957 sicut
3211 1901 3323 1957 illis
3367 1915 3741 1974 comparattm

2155 2003 2261 2058 est,
2316 2009 2439 2064 quas
2503 2009 2572 2048 ex
2627 1993 2881 2049 oratione
2934 1992 3147 2049 inditur
3201 1995 3745 2065 explanatio,-nulla

2158 2084 2473 2140 resistentia
2513 2083 2787 2155 facileque
2827 2084 3152 2156 recipiatur.
3191 2082 3336 2141 Cave
3375 2085 3544 2156 igitur
3579 2086 3745 2157 negli-

2158 2190 2273 2245 gas,
2305 2173 2402 2245 qui
2432 2173 2512 2228 illi
2542 2174 2740 2229 sociari
2769 2175 2929 2230 velis.

2230 2268 2319 2324 94.
2360 2268 2482 2324 Non
2515 2282 2710 2323 omnes
2753 2267 2811 2322 in
2856 2267 3109 2324 oratione
3138 2268 3398 2324 eumdem
3444 2269 3607 2325 ﬁnem
3645 2268 3747 2324 lia-

2161 2357 2316 2423 bent,
2351 2374 2545 2414 verum
2576 2359 2720 2414 alius
2754 2358 2921 2414 alium
2957 2366 3125 2429 atque
3153 2359 3346 2414 alium.
3374 2359 3508 2415 Nam
3539 2368 3625 2416 est
3652 2360 3748 2431 qui

2158 2460 2300 2517 oret,
2333 2460 2417 2518 ut,
2451 2451 2499 2507 si
2528 2450 2647 2507 fieri
2678 2458 2884 2522 potest,
2911 2451 3034 2522 ejus
3058 2466 3280 2522 semper
3304 2451 3523 2507 animus
3546 2452 3602 2507 in
3624 2467 3750 2507 ora-

2160 2545 2310 2601 tione
2342 2554 2616 2610 versetur,
2655 2544 2916 2614 illiusque
2956 2551 3133 2600 metas
3175 2544 3327 2599 velut
3370 2544 3748 2616 transgreditu-

2160 2646 2276 2703 tur;
2310 2645 2365 2693 et
2402 2646 2488 2692 est
2521 2636 2619 2707 qui
2654 2643 2779 2691 oret
2808 2651 2880 2692 ne
2912 2636 2969 2691 in
3006 2651 3073 2691 ea
3115 2634 3544 2707 cogitationibus
3574 2636 3747 2692 inter-

2158 2730 2414 2800 pelletur.
2454 2728 2660 2786 Omnes
2701 2741 2836 2784 vero
2867 2735 3053 2795 orant,
3084 2736 3167 2794 ut,
3198 2736 3296 2782 aut
3334 2727 3389 2782 in
3425 2727 3589 2783 bonis
3614 2744 3749 2783 con-

2157 2829 2468 2893 serventur,
2501 2829 2599 2875 aut
2620 2834 2688 2875 ne
2720 2819 2992 2875 malorum
3026 2834 3299 2875 consensu
3340 2820 3747 2876 subducantur.

2226 2913 2316 2968 95.
2355 2911 2496 2968 Cum
2517 2927 2586 2968 ex
2607 2911 2862 2968 oratione
2886 2926 3051 2968 nemo
3076 2926 3189 2966 non
3216 2910 3543 2967 humiliatus
3586 2921 3750 2969 exeat

2160 3003 2275 3074 (qui
2303 3003 2453 3058 enim
2486 3011 2610 3059 orat
2638 3004 2696 3058 in
2712 3003 3028 3059 humilitate
3055 3002 3407 3074 conteritur),
3442 3003 3604 3073 plane
3634 3018 3746 3060 non

2081 3117 2126 3177 ο
2157 3104 2278 3152 orat
2310 3096 2366 3151 in
2400 3096 2738 3161 humilitate,
2767 3096 2864 3167 qui
2895 3097 3143 3152 exterius
3171 3095 3479 3152 insoleseit.

2227 3190 2319 3245 96.
2356 3190 2462 3257 Qui
2492 3189 2559 3245 ad
2590 3191 2813 3246 viduam
2848 3190 3002 3245 litem
3032 3198 3464 3261 prosequentem
3489 3189 3633 3261 apud
3656 3203 3752 3245 sm-

2158 3296 2289 3337 vum
2331 3281 2578 3353 iudicem
2600 3283 2670 3349 ὀ,
2696 3297 2862 3339 orans
2898 3290 2980 3348 tu,
3025 3280 3272 3338 animum
3313 3281 3575 3349 attendis,
3615 3296 3749 3337 cave

2162 3373 2507 3444 despondeas
2557 3375 2825 3441 animum,
2885 3373 3104 3430 tametsi
3158 3373 3430 3430 bonorum
3480 3373 3751 3429 orationis

2166 3464 2381 3520 tardius
2409 3480 2638 3535 compos
2674 3464 2797 3521 ﬁas.
3520 3514 3525 3517 .

2233 3557 2324 3612 97.
2366 3555 2525 3611 Haud
2558 3556 2657 3611 tibi
2685 3554 2909 3612 assidua
2937 3554 3127 3611 futura
3154 3554 3355 3615 oratio.
3383 3552 3477 3624 qui
3513 3553 3750 3609 interius

2162 3649 2613 3719 cogitationibus,
2639 3648 2997 3719 exteriusque
3028 3647 3463 3703 fabulationibus
3489 3646 3748 3701 immore-

2157 3738 2236 3794 ris
2262 3757 2276 3793 :
2305 3739 2495 3794 eadem
2528 3745 2713 3793 autem
2742 3738 2928 3793 redire
2949 3738 3351 3808 conspicietur,
3383 3736 3431 3793 si
3460 3737 3607 3793 illius
3629 3744 3748 3791 stu-

2157 3830 2252 3887 dio
2282 3832 2548 3902 pleraque
2585 3829 2947 3884 resccaveris.

2225 3925 2315 3980 98.
2350 3924 2467 3980 Nisi
2501 3925 2558 3979 in
2587 3922 2758 3978 animi
2789 3923 2970 3978 sinum
3009 3921 3278 3978 orationis
3317 3921 3487 3977 verba
3520 3921 3749 3981 immea~

2154 4016 2358 4083 verint,
2388 4016 2542 4087 largo
2568 4015 2799 4070 ﬂumine
2830 4014 3064 4087 irrigare
3096 4014 3259 4070 faciei
3290 4029 3460 4086 genas
3491 4014 3750 4087 laerymis

2156 4124 2269 4164 non
2293 4108 2503 4164 lieebit.
3336 4159 3351 4173 ,

2225 4202 2316 4259 99.
2357 4199 2709 4258 Oboriuntur.
2738 4198 2995 4271 agricola:
3025 4198 3301 4270 lacrymae,
3344 4196 3477 4252 dum
3526 4213 3637 4253 non
3690 4200 3747 4254 in

2155 4297 2335 4353 oculis
2360 4296 2604 4368 proiecta
2642 4299 2806 4349 terra:
2844 4292 3058 4347 semina
3085 4290 3271 4357 videt;
3303 4290 3575 4345 monacho
3614 4306 3750 4345 vero

473 4380 627 4452 ναχῷ
681 4380 739 4433 δὲ
805 4380 873 4434 τά
931 4380 1143 4452 δάκρυα
1196 4380 1616 4447 ἀναϐλύζουσιν,
1672 4382 1774 4436 οὐκ
1824 4382 2056 4456 ἀπονητὶ

2160 4389 2486 4459 scaturiuut,
2533 4387 2668 4442 dum
2710 4401 2824 4441 non
2860 4385 2983 4441 sine
3018 4384 3213 4441 labore
3257 4382 3528 4438 orationis
3575 4383 3749 4437 verba

479 4474 864 4546 μετερχομένῳ
890 4473 960 4527 τά
995 4476 1214 4546 ῥήματα
1237 4473 1337 4543 τῆς
1371 4473 1560 4544 εὐχῆς.

550 4573 618 4638 ρ’.
669 4568 833 4631 κλεὶς
876 4567 1121 4638 οὐρανῶν
1155 4566 1434 4639 βασιλείας
1466 4569 1623 4641 εὐχή.
1650 4569 1870 4647 Ταύτην
1898 4571 1927 4626 6
1958 4587 2058 4626 κα-

548 4721 591 4754 ⁸⁸
619 4724 776 4780 Cant.
808 4741 905 4792 vn,
942 4725 1028 4781 12.
1108 4724 1150 4757 ¹⁰
1183 4725 1206 4780 l
1234 4724 1378 4780 Tim.
1414 4740 1490 4791 vt,
1525 4724 1580 4781 8.
1656 4726 1703 4759 ³⁸
1730 4726 1867 4785 Luc.
1895 4745 2049 4799 xvm,
2076 4732 2132 4789 '6.

547 4872 625 4945 (p)
647 4870 819 4945 Εὺχὴ
849 4867 1310 4945 μονολόγιοςζος.
1362 4866 1799 4945 Ιηέενριοειοιιιτ-
1813 4867 2052 4942 Hesych.

477 4936 819 5016 μοῦόὶςλονος,
850 4936 1033 5016 exque
1057 4937 1358 5016 (ιο-νοτίῃ.
1391 4936 1559 5016 _Quod
1626 4936 2055 5016 situobscuijurn

475 5008 576 5089 per
589 5012 909 5089 obscurius.
922 5010 1090 5089 piare.
1116 5008 1203 5089 ρει
1221 5008 1436 5089 justitia
1469 5023 1534 5060 ea:
1576 5009 1776 5089 operib.
1805 5025 1878 5089 ὀἱ
1904 5010 2050 5089 lio,

485 5079 862 5155 μονολόγιστον
894 5080 1086 5155 ἐλπίδα
1107 5079 1306 5155 liabet,
1357 5093 1524 5155 quam
1550 5085 1606 5133 et
1635 5079 1820 5155 parari
1850 5080 1917 5155 δι’
1951 5083 2056 5153 ἀρ..

473 5147 862 5223 νήσεωςίιίεἰῐ.
893 5153 1063 5223 Ὅταν
1097 5148 1325 5223 όηνοῦς-
1347 5147 1599 5223 κρατήσῃ
1650 5148 1720 5201 δι’
1768 5147 2060 5223 ἀρνήσεως

475 5217 578 5292 τῆν
613 5217 995 5295 μονολόγιστον
1021 5220 1232 5295 ἐλπίδα*
1272 5218 1367 5272 ubi
1408 5217 1648 5295 primum
1702 5235 1785 5295 _e_x
1810 5217 2057 5295 Maximo

474 5287 696 5351 emend.
726 5293 792 5347 δι’
821 5287 1207 5362 ἂπαρνήσεως·
1233 5304 1343 5362 non
1374 5287 1519 5341 enim
1553 5303 1662 5342 vox
1698 5288 1793 5344 illa
1816 5290 2052 5361 simplex

472 5380 542 5419 eo
577 5380 740 5420 sensu
773 5360 1103 5432 usurpatur:
1148 5360 1455 5432 ἀπᾴρνησις
1490 5372 1647 5432 vero,
1674 5375 1859 5432 rerum
1891 5360 2055 5416 abdi-

474 5436 620 5489 cutio
657 5446 762 5500 est,
816 5428 1044 5503 ipsaque
1078 5430 1286 5484 nostris
1313 5428 1612 5503 abnegatio
1661 5445 1770 5498 qua
1789 5431 1885 5503 sic
1927 5447 2057 5501 spes

478 5497 859 5574 μονολόγιστοξ
885 5497 1190 5563 οιῐιίιιειιιιο,
1242 5514 1309 5574 ac
1362 5497 1743 5574 μονολόγιστος
1786 5499 1904 5569 ipsa
1927 5497 2056 5574 gra—

476 5567 551 5629 iia
580 5567 834 5647 paratur:
866 5588 1030 5647 quam
1053 5586 1245 5625 vocem
1268 5567 1500 5647 Hesych.
1535 5567 1953 5647 interpretatus:
1981 5572 2055 5626 sit

474 5637 790 5716 ἀκλόνητος·
827 5637 901 5716 ιη’
934 5644 1286 5716 irrepserunt
1328 5637 1392 5692 in
1427 5638 1548 5705 ejus
1597 5637 1839 5716 Lejtieon
1887 5642 2049 5716 plura

476 5708 692 5770 menda.
728 5715 975 5781 Quadrat
999 5708 1146 5766 enim
1172 5708 1483 5781 optime,u_t
1502 5722 1628 5781 spes
1650 5708 1734 5781 sic
1771 5708 2049 5779 μονόλόγι-

479 5798 599 5850 στος
625 5776 864 5853 dicatur,
895 5783 1052 5855 quasi
1092 5776 1320 5838 minime
1353 5776 1784 5840 coaitationibus'
1817 5776 2042 5851 anceps,

2091 4463 2138 4522 ί)
2164 4482 2461 4554 percurrit.

2237 4572 2359 4629 100.
2401 4570 2575 4644 Regni
2632 4568 2898 4626 caelorum
2954 4565 3147 4633 clavis,
3203 4565 3403 4621 oratio.
3459 4564 3608 4619 llanc
3655 4565 3753 4635 qui

2168 4873 2264 4930 sed
2317 4872 2438 4943 ipsa
2482 4869 2651 4943 unius
2692 4869 2925 4943 rationis
2972 4871 3394 4943 etginturbata;
3440 4872 3748 4943 eodemque

2164 4940 2567 4999 modo—oratio.
2599 4940 2721 4996 Non
2751 4942 2905 5012 quod,
2923 4941 3171 4996 reddidit
3194 4941 3400 5012 ObSOp.
3431 4942 3599 4997 Marci
3625 4940 3749 4997 loco

2163 5016 2353 5077 citato,
2371 5029 2519 5083 spem
2549 5011 3193 5083 unicepconsiderandam.
3249 5012 3477 5075 lterum,
3529 5028 3578 5068 c.
3620 5014 3747 5076 402,

2161 5086 2191 5138 6
2256 5080 2636 5153 μονολόγιστον
2662 5080 2906 5153 ἐξανύων
2937 5083 3125 5153 εὐχήν,
3154 5083 3296 5137 intra
3332 5083 3583 5137 velamen
3618 5100 3748 5137 ver-

2161 5150 2270 5210 sari
2303 5152 2538 5224 Maximo
2566 5150 2791 5214 dicitur,
2816 5150 3161 5224 opponitque
3184 5152 3264 5222 τῷ
3297 5153 3355 5224 ὲν
3383 5154 3522 5223 αὐτῇ
3549 5154 3750 5224 ῥεμϐο-

2165 5225 2331 5294 μένῳ,
2359 5223 2455 5294 qui
2507 5237 2642 5291 vaga
2672 5228 2844 5273 mente
2891 5222 2949 5273 in
2984 5237 3047 5274 ea
3068 5223 3160 5294 sit,
3204 5222 3558 5294 segnitisque'
3598 5222 3744 5283 oret.

2164 5291 2266 5348 nec
2284 5291 2478 5364 sobria
2506 5304 2595 5364 _ac
2637 5298 2848 5364 attenta
2875 5292 3245 5364 mentc.‘Nam
3276 5291 3334 5346 et
3367 5291 3657 5364 Chrysost.
3692 5296 3747 5347 in

2164 5364 2340 5434 Epist.
2384 5362 2457 5415 ad
2480 5359 2807 5434 βρίθει-τῷ
2830 5361 3200 5434 γρηγοροῦντι
3238 5359 3609 5434 κᾳὶῌνήῗίοντι
3650 5380 3748 5433 ορ.

2163 5429 2317 5505 ponit
2343 5450 2356 5485 :
2402 5432 2494 5486 cui
2526 5429 2761 5500 proinde
2790 5429 2938 5505 idem
2963 5429 3048 5486 est
3078 5447 3145 5486 ac
3166 5429 3543 5505 dqutd'wj'qui
3569 5429 3747 5505 segnis

2167 5499 2478 5575 tepidusque
2513 5499 2625 5575 est:
2646 5516 2757 5571 quo
2784 5499 2897 5555 fere
2915 5499 3276 5575 sensu_etiam
3307 5499 3584 5575 μετέωρον
3601 5499 3746 5558 haud

2165 5570 2288 5645 raro
2317 5570 2510 5645 Patres
2533 5570 2728 5626 dicunt
2756 5589 2769 5624 :
2799 5570 2952 5645 quod
2982 5581 3043 5627 et
3065 5570 3530 5645 Ηεεγοὶιξκοῦφόν
3566 5574 3748 5645 reddit
3773 5620 3777 5625 .

2161 5653 2219 5697 ct
2246 5641 2669 5716 éwedyjjevent,
2701 5640 2953 5716 stultum;
2978 5640 3235 5714 suspensi
3268 5640 3483 5700 scilicet
3506 5644 3747 5716 vagique

2158 5729 2221 5769 ac
2256 5712 2529 5769 instabilis
2554 5712 2746 5768 animi.
