4110 6318
518 362 654 426 1-223

1684 351 1744 409 S.
1787 348 2076 409 ΜΛΧΙΜΙ
2117 348 2627 412 CONFESSORIS

3652 351 3671 412 1
3684 354 3777 416 Sili

515 482 666 530 tenet
714 486 815 542 pro
852 484 920 525 eo
960 483 1023 524 ac
1056 466 1237 530 decet,
1281 466 1422 519 bona
1462 462 1580 532 ejus
1622 461 1814 516 amicis
1858 441 2089 531 reposita

2198 469 2369 539 τέχων
2386 464 2463 528 ὡς
2498 465 2598 532 δεῖ,
2632 467 2734 537 ὁρᾷ
2786 465 2853 519 τὰ
2891 468 3229 537 ἁποκ;ίμενα
3252 466 3432 535 ἀγαθὰ
3454 469 3569 530 τοῖς
3607 467 3781 535 φίλοις

512 567 682 623 videt.
728 564 917 619 Solum
966 570 1150 615 autem
1196 556 1488 629 prwseutia
1527 554 1865 620 considerat,
1895 553 1990 624 qui
2037 551 2092 607 in

514 661 604 715 illa
638 657 894 712 ﬁduciam
925 668 1036 707 non
1065 651 1253 706 habet.

476 779 489 841 ν
581 752 745 841 652
788 747 906 841 ιρι,
943 746 1066 803 Νοη
1119 751 1306 841 potest
1357 756 1515 841 mens
1561 740 1752 841 dicere.
1793 737 1879 841 ad.
1916 738 2090 793 Deum

511 857 634 897 cum
667 838 867 893 ﬁducia
893 837 1039 891 inter
1071 834 1340 889 orandum
1370 852 1382 885 :
1420 830 1678 901 Dirupisti
1703 827 1913 883 vincula
1938 842 2091 891 mea;

2198 554 2388 625 αὐτῆς.
2431 556 2584 612 Μόνα
2627 558 2685 611 δὲ
2730 557 2799 612 τὰ
2839 559 3084 629 παρόντα
3115 561 3461 631 περισκοπεῖ,
3494 561 3524 612 6
3558 562 3779 634 παρῤη-

2198 646 2319 701 σίαν
2345 649 2402 701 ἐν
2437 648 2623 722 ἐκείνῃ
2654 648 2731 721 μὴ
2772 650 3042 719 ἐσχηκώς.

2268 743 2371 807 ρα’.
2405 736 2481 791 Οὐ
2520 736 2745 792 δύναται
2783 741 2811 794 ό
2845 738 2972 805 νοῦς
3004 743 3062 795 ἐν
3093 739 3271 812 καιρῷ
3300 742 3403 810 τῆς
3436 741 3607 811 εὐχῆς
3647 743 3780 813 μετᾶ

2195 830 2510 902 παρρησίας
2541 830 2723 900 λέγειν
2774 832 2910 901 πρὸς
2954 833 3045 888 τὸν
3094 834 3229 887 θεόν
3253 848 3270 865 ⁸
3301 833 3630 903 Δώρῤηξας
3646 836 3777 901 τοὺς

511 935 602 989 tibi
630 930 940 1001 sacriﬁcabo
973 930 1198 983 hostiam
1230 925 1403 980 laudis
1432 924 1499 988 ",
1532 922 1637 977 nisi
1678 921 1902 976 virtutis
1943 919 2089 974 desi-

2184 921 2455 991 ,δεσμούς
2465 940 2606 993 μου,
2627 923 2727 978 σοὶ
2744 922 2906 978 θύσω
2927 927 3149 981 θυσίαν
3165 925 3471 990 αἰνέσεως,
3490 928 3541 979 εἰ
3574 926 3652 996 μὴ
3674 926 3779 979 δει-

510 1025 667 1079 derio
718 1023 789 1078 ab
840 1021 1056 1093 ignavia
1098 1028 1155 1073 et
1199 1017 1454 1089 segnitie,
1502 1012 1978 1083 somnolentiaque
2028 1026 2093 1066 ae

508 1115 803 1187 gulositate
828 1110 1114 1182 abruperit
1142 1108 1410 1164 animum.

578 1292 701 1347 i02.
744 1291 912 1346 Extra
959 1287 1201 1358 primum
1248 1281 1497 1337 velamen
1547 1280 1604 1333 in
1655 1277 1911 1333 oratione
1959 1282 2088 1337 stat,

507 1388 600 1456 qui
639 1394 823 1440 mente
850 1382 1147 1437 distractus
1183 1385 1267 1433 est
1299 1392 1313 1429 :
1343 1374 1486 1429 intra
1520 1378 1796 1443 penetrat,
1833 1366 1927 1438 qui
1965 1366 2091 1421 unis

507 1475 936 1549 cogitationibus
962 1471 1169 1544 (mente
1199 1467 1413 1523 scilicet
1442 1479 1552 1519 non
1577 1461 1732 1534 vaga)
1760 1469 1900 1515 orat.
1929 1458 2091 1515 Solus

507 1579 690 1625 autem
716 1568 771 1623 in
792 1566 993 1621 Sancta
1019 1572 1335 1617 sanctorum
1369 1558 1658 1626 inspectat,
1685 1553 1778 1623 qui
1811 1567 1934 1606 cum
1959 1565 2091 1620 pace

508 1658 843 1715 naturalium
893 1654 1190 1717 rationum,
1243 1664 1308 1704 ea
1356 1646 1521 1703 etiam
1573 1642 1909 1706 considerat,
1968 1655 2091 1710 quae

506 1752 652 1807 circa
684 1747 986 1806 essentiam
1032 1752 1163 1801 sunt
1207 1756 1427 1797 omnem
1480 1738 1683 1793 mentis
1730 1733 2087 1791 excedentem

506 1857 751 1906 sensum,
777 1855 842 1895 ac
868 1839 995 1894 inde
1023 1836 1208 1892 divina
1248 1832 1483 1905 quadam
1514 1831 1639 1885 luce
1670 1827 1948 1899 dignatur.
2021 1891 2039 1919 .

578 1936 697 1991 105.
739 1934 783 1989 Λ
835 1930 1068 1988 terrenis
1114 1928 1252 1983 foris
1282 1931 1571 1981 vacantem
1617 1921 1884 1983 animum,
1936 1916 2090 1972 velut

506 2029 721 2084 ﬂamma
760 2024 1008 2096 quaedam
1055 2017 1479 2080 circumvoluta,
1521 2011 1676 2084 quasi
1721 2010 1929 2066 ferrum
1975 2009 2085 2080 igni

506 2129 733 2187 prorsus
781 2125 1111 2169 succensum
1165 2107 1397 2163 reddit:
1444 2113 1638 2174 estque
1689 2102 1805 2172 ipse
1860 2099 2087 2171 quidem

506 2210 650 2264 idem
679 2206 919 2270 animus,
954 2202 1047 2258 sed
1084 2216 1248 2272 quem
1281 2197 1601 2268 contingere
1628 2194 1858 2249 minime
1886 2194 2084 2259 liceat;

505 2299 647 2355 sicut
694 2297 904 2353 ferrum
948 2292 1061 2365 igni
1106 2291 1348 2347 candens
1394 2286 1637 2344 exterius
1685 2284 1929 2356 contingi
1975 2298 2087 2338 non

738 2476 942 2559 Beatus
971 2473 1069 2546 qui
1096 2473 1154 2529 in
1185 2472 1292 2529 hac
1326 2472 1439 2526 vita
1465 2469 1521 2525 in
1550 2483 1681 2525 eum
1703 2466 1928 2524 modum
1959 2480 2075 2536 spe-

506 2572 642 2628 ctari
671 2556 909 2636 meruit;
936 2568 1142 2639 quique
1163 2571 1403 2620 statuam
1426 2570 1622 2617 natura
1649 2561 1876 2623 luteam,
1901 2556 2087 2629 gratiae

508 2676 734 2717 munere
764 2661 983 2733 igneam
1008 2655 1167 2711 vidit.

580 2754 700 2810 105.
736 2750 951 2816 Gravis,
977 2764 1079 2805 ceu
1107 2748 1277 2803 herus
1304 2743 1552 2817 quidam,
1579 2742 1668 2798 his
1696 2743 1788 2813 qui
1816 2741 2089 2796 inducun-

507 2861 597 2905 tur
616 2864 679 2904 ae
703 2844 930 2902 novitiis
950 2840 1221 2897 incumbit
1243 2839 1331 2895 lex
1345 2838 1649 2904 orationis;
1671 2835 2087 2908 proﬁcientibus

505 2951 689 2998 autem
724 2938 876 2994 velut
913 2950 1067 2991 amor
1106 2942 1192 2990 est
1230 2931 1299 2989 ad
1334 2932 1514 2989 lautas
1543 2930 1700 3002 quasi
1738 2930 1931 3001 epulas
1961 2942 2088 2984 esu-

506 3036 740 3091 rientem
773 3029 1131 3101 compellens.

573 3123 694 3179 106.
733 3122 831 3179 liis
874 3122 968 3194 qui
1001 3120 1176 3192 probe
1214 3117 1490 3174 actionem
1532 3115 1720 3171 colunt
1755 3110 2085 3185 quandoque

2193 1012 2313 1078 λίας
2357 1016 2452 1067 καὶ
2494 1014 2789 1085 ῥᾳθυμίας,
2837 1014 3173 1080 πολυυπνίας
3222 1034 3282 1069 τε
3322 1018 3415 1070 καὶ
3444 1017 3779 1088 ἀδηφαγίας.

2193 1101 2254 1167 ἐξ
2299 1095 2376 1156 ὧν
2411 1103 2474 1157 τὸ
2512 1105 2752 1172 πταίειν,
2779 1104 3047 1178 ἐπιθυμίᾳ
3073 1106 3184 1160 τῶν
3214 1108 3581 1178 κρειττόνων,
3613 1110 3782 1180 ἀπορ·

2194 1194 2357 1265 ῥαγῇ-

2267 1283 2367 1355 ρβ’.
2407 1284 2557 1351 Ἐξω
2593 1286 2686 1339 τοῦ
2730 1286 2948 1357 πρώτου
2998 1287 3491 1357 καταπετάσματος
3541 1287 3779 1351 ἵσταται,

2191 1378 2219 1429 6
2248 1378 2304 1428 ὲν
2334 1377 2464 1447 εὐχῇ
2500 1375 2837 1449 ῥεμϐόμενος
2863 1393 2878 1411 ο
2922 1377 3136 1431 ἔνδοθεν
3179 1377 3413 1445 γίνεται,
3462 1378 3493 1430 ό
3560 1378 3780 1447 μονολό-

2191 1481 2380 1535 γιστον
2419 1467 2665 1531 ἐξανύων
2715 1470 2908 1541 αὐτήν.
2950 1468 3129 1533 Μόνος
3172 1469 3229 1523 δὲ
3263 1470 3345 1533 εἰς
3374 1470 3443 1523 τὰ
3475 1470 3654 1535 ’Ἅγια
3679 1472 3782 1523 τῶν

2193 1560 2366 1628 ἁγίων
2396 1559 2738 1632 παρέκυψεν,
2765 1564 2793 1615 ό
2818 1561 2960 1632 μετὰ
2993 1560 3095 1631 τῆς
3140 1562 3367 1632 εἰρήνης
3398 1561 3508 1621 τῶν
3536 1562 3779 1630 φυσικῶν

2190 1650 2468 1722 λογισμῶν
2513 1653 2611 1706 ttat
2649 1652 2718 1706 τὰ
2749 1654 2878 1724 περὶ
2903 1653 3004 1725 τῆς
3031 1652 3213 1707 πάντα
3243 1652 3369 1706 νοῦν
3400 1643 3782 1725 ὑπερεχούσης

2192 1741 2430 1815 [οὐσίας]
2474 1744 2960 1816 διασκεπτόμενος,
2997 1745 3092 1799 καί
3112 1761 3262 1809 τινος
3291 1743 3505 1798 ἐκεῖθεν
3529 1760 3778 1813 φωτοφα-

2122 1839 2163 1895 Β
2192 1835 2339 1899 νείας
2369 1834 2628 1902 καταξιού
2637 1852 2817 1906 μενος.

2264 1932 2363 1998 ργ’.
2424 1927 2655 1981 Ὀπόταν
2706 1927 2816 1981 ἀπὸ
2871 1927 2980 1982 τῶν
3026 1927 3231 1992 ἔξωθεν
3283 1927 3605 1998 σχολάσασα
3746 1929 3774 1998 ἡ

2185 2019 2355 2089 ψυχὴ,
2397 2019 2519 2072 τότε
2546 2013 2637 2073 οἶά
2659 2036 2746 2084 τις
2783 2018 2915 2089 φλόξ
2944 2019 3404 2090 περικυκλὼσασα
3444 2020 3676 2091 ταύτην,
3707 2020 3776 2084 ('0;

2190 2109 2410 2180 σίδηρον
2465 2108 2723 2175 καθάπαξ
2778 2108 2858 2180 τῷ
2900 2111 3036 2181 πυρὶ
3082 2112 3607 2182 πεπυρακτωμένην
3652 2111 3773 2181 ὅλην

2186 2198 2501 2269 καθίστησι,
2533 2199 2629 2252 καὶ
2661 2196 2779 2251 (est
2806 2197 2954 2269 ψυχὴ
2990 2198 3092 2267 μὲν
3117 2199 3151 2267 ἡ
3177 2198 3341 2263 αὐτὴ,
3366 2199 3556 2251 οὐκέτι
3588 2198 3646 2251 δὲ
3683 2201 3773 2252 καὶ

2187 2290 2358 2360 ἀπτὴ,
2396 2289 2472 2354 ὼς
2512 2289 2636 2343 οὐδὲ
2660 2291 2691 2343 6
2722 2289 3109 2362 πυρακτωθεὶς
3152 2288 3393 2359 σίδηρος,
3424 2291 3554 2354 ταῖς
3583 2288 3772 2356 ἔξωθεν

2187 2382 2453 2452 ἐπαφαῖς.
2785 2396 2792 2403 ‘

2260 2470 2358 2545 ρδ’.
2414 2472 2702 2544 Μακάριος
2751 2472 2781 2524 6
2802 2472 2861 2526 ιν
2909 2470 2990 2542 τῷ
3024 2470 3127 2542 βίῳ
3145 2469 3322 2542 τούτῳ
3342 2470 3549 2524 οὑτωσὶ
3579 2471 3770 2544 θεωρη-

2187 2561 2349 2634 θῆναι
2392 2560 2666 2629 ἁξιωθεὶς,
2721 2562 2818 2617 καὶ
2859 2562 2955 2616 τὸν
2997 2562 3163 2616 αὐτὸν
3212 2560 3375 2631 φύσει
3415 2563 3646 2635 πήλινον
3689 2565 3768 2617 ἁν-

2186 2655 2435 2726 δριάντα,
2467 2655 2654 2727 χάριτι
2678 2653 2911 2726 πύρινον
2942 2654 3207 2709 κατιδών.

2261 2743 2355 2816 ρε’.
2418 2745 2542 2809 Τοῖς
2608 2745 2710 2817 μὲν
2769 2747 3145 2817 εἰσαγομένοις
3202 2743 3291 2802 οἷά
3341 2765 3429 2811 τις
3486 2747 3762 2817 δεσπότης,

2187 2840 2216 2891 6
2255 2838 2418 2908 νόμος
2453 2837 2728 2891 ἐπίκειται
2769 2838 2869 2908 τῆς
2905 2839 3076 2910 εὐχῆς
3111 2856 3124 2870 ο
3179 2842 3294 2903 τοῖς
3340 2839 3655 2910 προκόψασι
3691 2837 3761 2899 δὲ,

2189 2928 2266 2994 ὡς
2305 2928 2447 3001 ἔρως
2480 2931 2509 2983 6
2539 2928 2883 2986 συνελαύνων
2914 2931 3187 2985 πεινῶντα
3220 2930 3477 3003 καθάπερ
3512 2930 3761 2999 πολυτελῆ

2188 3015 2325 3089 πρὸς
2367 3016 2629 3072 ἑστίασιν.

2264 3117 2372 3182 pg’.
2424 3110 2550 3175 Τοῖς
2589 3110 2773 3176 καλῶς
2819 3112 2917 3184 τὴν
2961 3113 3278 3185 πρακτικὴν
3326 3114 3755 3186 μετερχομένοις,

502 3214 728 3286 quidem
762 3215 942 3269 oratio
962 3255 976 3279 ,
1013 3213 1163 3268 velut
1191 3211 1369 3267 nubes
1396 3210 1735 3266 obumbrans
1757 3209 1825 3272 ",
1863 3214 2086 3261 urentes

2188 3178 2321 3257 ποτε
2346 3204 2444 3275 μὲν
2467 3206 2501 3275 ἡ
2523 3203 2657 3275 εὐχὴ
2679 3178 2885 3276 νεφέλτί
2912 3178 3168 3276 καθάπερ
3193 3178 3613 3269 ἐπισκιάζουσα,
3644 3206 3759 3267 τοὺς

500 3313 658 3363 arcet
682 3302 1071 3373 cogitationes;
1104 3301 1434 3371 quandoque
1464 3313 1599 3354 vero
1627 3297 1781 3351 velut
1815 3295 2087 3365 laeryma-

504 3411 627 3451 rum
647 3404 829 3468 guttas
854 3392 966 3448 illis
989 3393 1255 3453 irrorans,
1284 3389 1555 3461 spiritalia
1582 3387 1922 3443 theoremata
1953 3398 2083 3440 sen-

502 3502 672 3557 saque
700 3483 963 3541 ostendit.

574 3575 698 3632 107.
736 3573 1029 3629 Canticum
1085 3570 1314 3627 cithara:
1362 3567 1776 3624 condimentum
1828 3568 2080 3632 exsistat,

504 3681 669 3738 quam
702 3666 828 3736 quis
863 3662 1112 3720 exterius
1138 3662 1321 3733 pulset
1346 3678 1362 3715 :
1391 3661 1610 3716 animus
1635 3670 1769 3714 vero
1793 3658 1903 3715 nisi
1934 3657 2084 3731 adju-

502 3766 665 3814 vante
705 3756 763 3811 in
803 3755 1053 3811 oratione
1099 3753 1330 3825 mystica
1377 3751 1436 3807 in
1478 3750 1677 3822 spiritu
1725 3749 2080 3814 allocutione,

503 3850 648 3905 haud
686 3848 844 3904 facile
874 3845 1168 3918 compungi
1204 3843 1513 3901 consuevit.
1547 3841 1688 3897 Illud
1729 3842 1914 3897 enim:
1944 3840 2083 3907 Quid

500 3955 731 4004 oremus,
760 3940 895 3993 sicut
916 3944 1140 4009 oportet,
1173 3937 1431 3990 nescimus
1447 3935 1517 4001 ’³,
1546 3934 1602 3989 in
1652 3948 1781 3989 eum
1838 3931 2082 4003 proclive

504 4039 751 4088 orantem
782 4030 1121 4087 intellectum
1148 4026 1322 4085 ducit.

1146 4137 1426 4211 Ejusdem.

579 4256 894 4313 Illustratur
926 4271 1090 4318 mens,
1123 4251 1382 4313 spiritalis
1415 4247 1873 4319 contemplationis

574 4327 641 4384 In
676 4325 898 4381 sublime
928 4317 1092 4390 elata,
1127 4324 1251 4377 dum
1280 4336 1544 4376 sermones
1576 4317 1700 4374 istos
1733 4317 1934 4391 legerit.

577 4441 697 4497 108.
740 4441 975 4497 Necesse
1010 4448 1095 4494 est
1128 4446 1191 4493 ut
1221 4434 1485 4508 spiritalis
1508 4434 1730 4490 noverit
1754 4432 2079 4505 (γνωστικὸν

2186 3297 2523 3360 καυστικοὺς
2581 3295 2840 3368 ἀπείργει
2896 3294 2957 3361 ἐξ
3007 3296 3188 3350 αὐτῶν
3238 3296 3533 3366 λογισμούς
3565 3313 3580 3329 ·
3634 3295 3757 3349 ποτὲ

2185 3386 2242 3440 δὲ
2303 3386 2571 3455 σταγόνας
2623 3379 2711 3440 οἷα
2766 3385 3018 3457 δακρύων
3070 3385 3285 3451 τούτοις
3334 3386 3754 3458 ὲπιψεκάζουσα,

2184 3478 2428 3533 δείκνυσι
2454 3479 2525 3533 τὰ
2554 3479 2904 3551 πνευματικὰ
2933 3479 3289 3551 θεωρήματα.

2258 3570 2358 3644 ρξ’.
2420 3572 2545 3645 ᾮδὴ
2593 3573 2691 3644 μὲν
2728 3572 2946 3645 ἥδυσμα
2983 3571 3217 3644 κιθάρας
3259 3571 3359 3642 τῆς
3427 3572 3749 3644 κρουομένης

2184 3667 2290 3721 ὑπό
2316 3683 2460 3731 τινος
2489 3665 2689 3732 ἔξωθεν
2716 3667 3071 3739 εὑρεθήσεται
3095 3682 3109 3696 ·
3144 3664 3293 3737 ψυχὴ
3343 3664 3401 3718 δὲ
3456 3667 3536 3737 μὴ
3583 3680 3748 3732 συνερ-

2184 3758 2388 3830 χούσης
2423 3760 2560 3830 αὐτῇ
2603 3760 2661 3813 ὲν
2710 3759 2844 3829 εὐχῇ
2892 3757 2993 3827 τῆς
3044 3757 3104 3810 ὲν
3162 3758 3439 3827 πνεύματι
3507 3755 3751 3828 μυστικῆς

2186 3848 2648 3919 προσφωνήσεως,
2670 3848 3077 3911 εὐκατάνυκτος
3093 3845 3154 3900 οὐ
3187 3843 3400 3913 πέφυκε
3428 3842 3747 3899 δείκνυσθαι.

2184 3940 2257 3994 Τὸ
2300 3939 2430 4011 γὰρ,
2488 3938 2549 3993 Tl
2575 3938 3039 4009 προσευξώμεθα
3068 3938 3217 3994 καθύ
3236 3936 3332 3991 δεῖ
3353 3941 3465 3992 οὐκ
3496 3938 3747 4007 οἴδαμεν,

2104 4110 2119 4135 ⁵
2184 4036 2280 4088 καὶ
2307 4034 2378 4089 τὰ
2409 4032 2559 4104 ἑξῆς,
2593 4036 2677 4097 εἰς
2703 4030 2860 4087 τοῦτο
2882 4032 3067 4100 ἐνάγει
3096 4031 3186 4086 τὸν
3218 4033 3671 4105 προσευχόμενον.

2817 4145 2924 4201 Τοῦ
2944 4145 3129 4200 αὐτοῦ.

2184 4263 2491 4324 Φωτίζεται
2519 4262 2665 4329 νοῦς
2692 4262 3030 4331 γνωστικῆς
3060 4264 3309 4331 θεωρίας

2180 4334 2338 4402 Πρὸς
2372 4333 2530 4402 ὕψος
2558 4333 2778 4401 ἀρθεὶς,
2811 4332 2997 4387 τοῖσδ’
3025 4332 3376 4403 ἐπεντυχὼν
3408 4335 3634 4403 λόγοις.

2259 4455 2365 4520 ρη’.
2432 4446 2755 4516 Ἀναγκαῖον
2787 4446 2989 4500 εἰδέναι
3036 4441 3128 4501 τὸν
3174 4445 3501 4516 γνωστικδν,
3553 4444 3677 4499 πότε
3724 4441 3749 4493 6

504 4536 736 4609 vocant)
767 4536 1115 4608 quandonam
1149 4536 1268 4608 ejus
1297 4548 1453 4593 mens
1489 4533 1547 4588 in
1580 4547 1867 4588 sensorum
1914 4529 2082 4586 animi

2188 4512 2509 4603 νοῦςαὺτοῦ
2553 4512 2633 4603 εἰς
2681 4537 2780 4611 τὴν
2828 4537 3015 4610 χώραν
3066 4512 3195 4591 τῶν*
3221 4539 3513 4608 νοημάτων
3571 4534 3744 4589 ἐστίν·

504 4649 568 4690 ae
610 4638 1024 4701 conceptuum;
1067 4629 1288 4699 quando
1320 4628 1448 4684 item
1497 4627 1553 4682 in
1587 4627 1983 4698 cogitationum
2027 4635 2085 4682 et

504 4723 801 4788 rationum,
837 4736 901 4775 ac
929 4720 1151 4790 quando
1196 4719 1252 4774 in
1298 4733 1496 4774 sensus
1536 4719 1759 4790 regione
1805 4728 2078 4773 versetur.

408 4836 415 4841 ’
505 4818 683 4887 Atque
712 4815 766 4869 in
796 4814 904 4869 hac
932 4826 1174 4877 rursum,
1212 4810 1269 4865 in
1308 4810 1449 4866 iisne
1492 4826 1615 4880 qua:
1647 4819 1975 4881 opportuna,
2009 4824 2080 4863 an

503 4910 689 4981 potius
717 4923 838 4978 quae
878 4906 1191 4975 importuna
1223 4911 1372 4968 sunt,
1413 4901 1747 4958 inveniatur.

574 4997 737 5070 653
775 4996 898 5055 109.
936 4995 1192 5060 Animus,
1233 4993 1363 5049 dum
1403 5008 1517 5048 non
1555 4992 1611 5047 in
1643 4994 1823 5049 sensis
1855 5008 1925 5048 ac
1947 5008 2080 5048 cons

505 5091 790 5162 ceptibus,
831 5087 1059 5143 omnino
1102 5087 1158 5141 in
1199 5084 1631 5157 cogitationibus
1669 5092 1727 5139 et
1768 5083 2081 5139 rationibus

509 5188 784 5247 versatur,
824 5178 1179 5248 vicissimque
1208 5176 1339 5232 dum
1366 5177 1420 5231 in
1455 5174 1883 5248 cogitationibus
1906 5183 1961 5229 et
1990 5190 2076 5230 ra-

508 5275 780 5340 tionibus;
819 5289 931 5328 non
968 5271 1027 5327 in
1065 5270 1244 5329 sensis
1272 5268 1439 5325 animi
1470 5284 1537 5324 ac
1567 5268 1948 5338 conceptibus.
1984 5268 2078 5337 At,

506 5364 636 5419 dum
662 5365 716 5418 in
746 5378 934 5428 sensu,
959 5376 1086 5417 cum
1112 5359 1374 5415 omnibus
1398 5366 1671 5413 versatur.

2193 4633 2323 4687 πότε
2351 4632 2409 4686 δὲ
2438 4632 2519 4695 εἰς
2564 4631 2665 4701 τὴν
2702 4628 2812 4683 τῶν
2849 4626 3130 4700 λογισμῶν
3156 4647 3169 4660 ’
3221 4632 3315 4685 καὶ
3362 4632 3493 4684 πότε
3543 4631 3620 4692 εἰς
3662 4625 3745 4694 τὴν

2188 4724 2307 4780 κατ’
2340 4722 2614 4794 αἴσθησιν.
2648 4723 2763 4777 Καὶ
2788 4723 2847 4775 ὲν
2872 4721 3054 4794 ,ταύτῃ
3084 4721 3271 4787 πάλιν,
3307 4723 3358 4775 εἰ
3387 4723 3446 4775 ὲν
3482 4723 3594 4784 τοῖς
3619 4718 3744 4771 κατὰ

2188 4815 2455 4889 καιρὸν,ἢ
2485 4816 2543 4869 ἐν
2578 4816 2693 4879 τοῖς
2726 4813 2877 4886 παρὰ
2909 4814 3102 4885 καιρὸν
3136 4815 3336 4886 μᾶλλον
3356 4814 3680 4886 εὑρίσκεται.

2262 4989 2362 5062 ρθ’.
2406 4990 2495 5044 Ἐν
2529 4990 2795 5059 νοήμασιν
2834 4986 2939 5041 οὐκ
2974 4985 3051 5040 ὢν
3099 4989 3127 5041 6
3174 4986 3317 5052 νοῦς,
3366 4986 3424 5039 ὲν
3482 4979 3741 5050 λογισμοῖς

2185 5083 2404 5146 πάντως
2445 5079 2592 5133 ἔστιν
2624 5095 2638 5108 ’
2680 5080 2738 5133 ὲν
2766 5079 3047 5150 λογισμοῖς
3080 5077 3138 5131 δὲ
3165 5076 3262 5140 ὢν,
3292 5078 3349 5129 ὲν
3374 5076 3631 5145 νοήμασιν
3653 5070 3741 5121 οὐκ

2184 5176 2349 5229 ἔστιν.
2415 5174 2502 5226 Ἐν
2546 5172 2601 5227 δὲ
2631 5174 2695 5245 τῇ
2731 5170 2977 5243 αἰσθήσει
3005 5170 3292 5243 γενόμενος
3319 5166 3417 5240 (q),
3452 5165 3585 5240 μετὰ
3616 5162 3738 5216 πάν-

2185 5287 2291 5323 των
2324 5265 2490 5320 ἐστίν.

575 5504 621 5537 ’ί
661 5503 802 5558 Psal.
837 5519 957 5567 cxv,
990 5504 1075 5556 i7.
1155 5501 1198 5533 “
1234 5500 1404 5556 Exod.
1443 5516 1554 5565 xw,
1590 5501 1673 5554 19.
1752 5500 1797 5531 ’³
1829 5500 1986 5555 Rom.
2020 5517 2132 5567 vnr,
2163 5501 2251 5555 26.

579 5641 658 5713 (q)
698 5642 799 5713 Ἐκ
827 5639 894 5693 δὲ
922 5639 995 5713 τῇ
1030 5643 1307 5713 αἰσθήσει
1366 5640 1706 5707 γενόμενος.
1765 5636 1906 5713 sunt
1949 5638 2066 5692 haec

506 5708 663 5783 quasi
691 5710 1051 5783 aenigmatiea.
1074 5711 1217 5776 Quid
1245 5711 1317 5764 sit
1350 5717 1586 5783 mentem
1644 5722 1766 5783 esse
1795 5708 1850 5761 in
1876 5723 2063 5783 sensu,

504 5778 748 5854 dumque
779 5778 837 5836 in
862 5779 959 5835 illo
986 5788 1090 5844 est,
1137 5789 1193 5836 et
1231 5787 1529 5848 conceptus
1571 5778 1775 5832 habere
1810 5788 1864 5832 ct
1892 5780 2063 5832 ratio-

2177 5635 2485 5691 cinationes
2511 5650 2523 5696 ;
2559 5632 2611 5686 id
2638 5642 2744 5697 est,
2769 5646 2856 5686 res
2880 5629 3208 5699 simpliciter
3250 5637 3306 5681 et
3337 5642 3462 5680 cum
3498 5624 3729 5699 discursu

2176 5693 2684 5772 intelligere,lnaud
2708 5693 2843 5757 satis
2881 5693 3061 5768 capio,
3122 5701 3230 5772 nisi
3270 5700 3372 5772 hoc
3427 5696 3539 5772 vult
3584 5693 3731 5772 Mast-

2175 5793 2317 5840 mus,
2356 5764 2753 5843 intelligentem
2772 5764 3054 5840 nunquam
3084 5769 3317 5834 absolvi,
3359 5783 3456 5837 pro
3506 5764 3608 5817 hoc
3639 5767 3730 5813 sta-
