4122 6322
451 470 583 537 1127

1617 473 1677 533 S.
1721 472 1771 531 Μ
1782 470 2005 531 ΑΧΙΜΙ
2046 469 2189 530 CON
2199 469 2554 531 FESSORIS

3587 469 3728 534 14'28

448 582 663 636 riantur
694 580 840 636 oculi
880 578 1066 636 cordis
1103 579 1205 645 tui,
1237 588 1294 635 et
1325 589 1387 636 ut
1416 580 1471 637 in
1506 580 1600 636 Dei
1634 581 1849 652 legibus
1878 580 1933 634 in
1967 595 2034 634 eo

2154 580 2267 645 tab;
2300 580 2402 650 τῆς
2428 580 2660 652 καρδίας
2703 599 2795 636 σου
2826 582 3160 655 ὀφθαλμοὺς,
3196 585 3290 639 καὶ
3316 583 3532 656 τρανῶς
3555 584 3731 655 ἐμμε-

451 672 684 727 occultis
732 672 877 726 clare
931 671 1244 738 mediteris;
1302 687 1424 743 quae
1463 672 1685 744 quidem
1727 688 1896 743 super
1930 672 2038 728 mel

448 771 506 817 ct
539 763 724 816 favoni
775 761 1010 832 spiritali
1056 764 1270 833 gutturi
1315 771 1410 818 tuo
1448 764 1787 819 videbuntur
1821 765 1890 829 ’⁵,
1925 779 2039 834 prae

380 906 387 913 .
449 854 745 910 dulcedine
771 871 895 927 quae
925 871 993 910 ex
1024 855 1134 911 illis
1168 855 1520 912 diﬂ‘unditur.

518 945 641 1001 ll8.
686 937 829 1002 Fieri
860 962 971 1001 non
1001 955 1184 1017 potest
1218 957 1281 1002 ut
1305 962 1597 1017 corporum
1644 944 2035 1017 pecuniarum-

447 1054 557 1110 que
591 1055 657 1094 ac
686 1041 1126 1096 necessariorum
1150 1040 1402 1096 ciborum
1436 1039 1740 1111 cupiditate
1783 1039 2038 1108 superio-

448 1147 566 1185 rem
594 1130 799 1187 eﬂicias
828 1133 1095 1198 animum,
1122 1134 1230 1189 nisi
1256 1133 1311 1188 in
1350 1132 1610 1187 mundam
1640 1132 1918 1202 iustorum
1948 1145 2038 1185 re-

448 1222 667 1293 gionem
699 1240 825 1279 eum
860 1224 1166 1286 induxeris,
1204 1224 1260 1279 in
1292 1240 1400 1296 qua
1434 1222 1533 1278 Dei
1575 1223 1879 1297 mortisque
1927 1236 2040 1277 me-

449 1313 625 1368 moria
652 1316 1160 1387 supergerminans,
1191 1332 1416 1388 germen
1450 1331 1614 1372 omne
1648 1315 1729 1371 rei
1758 1313 2040 1370 desidera-

449 1405 578 1463 bilis
605 1423 637 1463 e
665 1415 886 1464 terreno
910 1409 1078 1465 corde
1100 1408 1331 1465 delebit.

525 1500 649 1557 119.
691 1501 882 1557 Mortis
923 1502 1256 1573 cogitatione
1297 1502 1438 1558 nihil
1484 1500 1896 1558 formidolosius
1931 1510 2037 1566 est,

449 1606 557 1647 nec
600 1592 699 1648 Dei
745 1594 1009 1648 memoria
1054 1594 1355 1665 quidquam
1405 1593 1807 1650 admirabilius.
1853 1593 2039 1649 Altera

450 1683 698 1754 quidem,
726 1685 1023 1741 salutarem
1050 1686 1327 1741 tristitiam
1357 1695 1617 1757 praestare
1643 1686 1836 1752 habet;
1867 1687 2040 1741 altera

452 1773 698 1830 tribuere
739 1776 941 1832 mentis
990 1776 1257 1833 laetitiam.
1291 1778 1383 1832 Ait
1424 1777 1573 1832 enim
1605 1777 1901 1848 Propheta,
1931 1775 2043 1832 He-

452 1882 570 1918 mor
598 1865 675 1935 fui
706 1864 821 1930 Dei,
857 1875 906 1921 et
938 1867 1226 1923 delectatus
1262 1885 1381 1923 sum
1405 1868 1473 1922 ’⁸.
1509 1867 1742 1939 Sapiens
1772 1883 1993 1939 quoque
2022 1886 2037 1922 :

453 1954 753 2013 Memorare
792 1960 1074 2014 novissima
1115 1967 1232 2025 tua,
1298 1968 1348 2014 et
1378 1976 1484 2014 non
1529 1961 1763 2031 peccabis
1790 1961 1859 2015 “.
1894 1959 2041 2015 Fieri

451 2047 599 2102 enim
644 2064 755 2107 non
800 2059 1002 2122 potest,
1045 2059 1106 2107 ut
1152 2052 1280 2124 quis
1326 2056 1558 2109 alterum
1604 2053 1874 2119 obtineat,
1905 2053 2041 2123 quin

453 2140 662 2211 prioris
695 2142 1055 2199 acerbitatem
1082 2145 1204 2214 ejus
1233 2144 1353 2214 ipso
1380 2144 1628 2214 periculo
1661 2144 1897 2199 noverit.

525 2232 650 2288 120.
691 2232 878 2288 Donec
926 2250 1082 2290 mens
1128 2237 1369 2291 rerelata
1415 2235 1555 2292 facie
1596 2234 1693 2291 Dei
1736 2235 2042 2290 claritatem

454 2326 742 2399 conspexit
777 2328 843 2392 ",
879 2343 990 2383 non
1038 2338 1222 2399 potest
1270 2329 1490 2383 animus
1533 2328 1720 2383 dicere
1772 2328 1830 2382 in
1877 2342 2043 2382 sensu

453 2432 559 2474 suo
591 2436 605 2472 :
642 2419 755 2490 Ego
798 2437 920 2475 vero
968 2419 1268 2474 delectabar
1313 2421 1369 2474 in
1411 2419 1638 2474 Domino
1669 2420 1735 2484 ⁸⁸,
1769 2419 2044 2473 exsultubo

451 2507 511 2560 in
540 2507 776 2563 salutari
805 2511 922 2580 ejus
950 2511 1018 2564 ".
1049 2510 1308 2566 Velamen
1341 2511 1493 2566 enim
1530 2510 1659 2567 caici
1701 2526 1766 2567 ac
1807 2511 2045 2567 carnalis

453 2599 660 2654 amoris
694 2615 863 2677 super
911 2616 1009 2657 cor
1052 2603 1175 2673 ejus
1217 2603 1458 2673 positum
1501 2613 1607 2667 est,
1642 2613 1703 2658 ut
1735 2619 1846 2661 non
1885 2619 2044 2660 reve-

453 2692 642 2749 lentur
682 2696 736 2750 ei
786 2695 1142 2757 fundamenta
1183 2698 1336 2754 orbis
1376 2706 1537 2755 terra:
1583 2698 1795 2771 (rerum
1836 2699 2046 2755 scilicet

455 2784 803 2842 conditarum
834 2787 1122 2856 rationes),
1158 2802 1262 2845 nec
1289 2788 1361 2843 ab
1383 2787 1482 2843 illo
1519 2788 1802 2845 auferetur
1835 2788 2045 2862 absque

454 2877 741 2935 laboribus
765 2887 962 2951 sponte
991 2881 1290 2952 assumptis
1319 2888 1486 2951 atque
1514 2881 1825 2939 extrinseco
1850 2887 2045 2953 agente
2069 2932 2077 2941 .

456 2969 647 3026 illatis.

528 3062 653 3117 121.
687 3061 807 3118 Non
850 3071 977 3132 post
1001 3062 1186 3133 fugam
1209 3077 1277 3118 ex
1307 3059 1544 3134 Egypto
1578 3061 1725 3133 (post
1754 3070 2044 3133 peccatum

457 3151 672 3207 scilicet
712 3151 857 3221 quod
900 3160 1027 3207 actu
1074 3152 1469 3223 perpetratur),
1514 3167 1693 3223 neque
1731 3160 1857 3222 post
1882 3153 2048 3211 maris

458 3242 753 3298 transitum
807 3243 1096 3315 (libidinis
1144 3257 1458 3316 superatam
1492 3248 1895 3313 servitutem);
1950 3248 2047 3303 sed

458 3346 581 3407 post
620 3350 829 3391 moram
868 3335 926 3390 in
977 3334 1218 3402 deserto,
1248 3353 1372 3407 quae
1422 3338 1681 3394 videlicet
1719 3339 1863 3393 inter
1892 3339 2051 3393 mali-

462 3426 807 3483 titeeﬂectus
835 3436 1129 3497 motusque
1171 3428 1354 3483 media
1395 3428 1733 3495 intercedat,
1768 3430 2051 3485 lsraelitici

461 3520 652 3591 populi
700 3519 923 3576 ductori
967 3534 1293 3576 conoessum
1335 3521 1625 3591 explorare
1677 3529 1880 3578 terram
1919 3537 2050 3591 pro-

462 3612 688 3669 missam
715 3613 761 3646 ”
793 3612 1256 3685 (tranquillissimi
1295 3613 1466 3668 animi
1506 3622 1711 3670 statum
1752 3630 1817 3671 ac
1852 3614 2052 3686 imper-

468 3704 883 3778 turbationem),
905 3704 1071 3761 missa
1100 3704 1154 3759 in
1186 3719 1309 3760 eam
1348 3721 1467 3763 rem
1515 3707 1815 3779 aspectrice
1847 3708 2052 3764 virtute

462 3812 563 3853 sua
598 3813 664 3854 ac
688 3798 880 3869 procul
913 3797 1241 3869 inspectrice
1268 3798 1333 3854 “.

537 3888 641 3944 122
694 3889 759 3945 Hi
794 3889 888 3962 qui
918 3890 975 3944 in
1008 3889 1230 3944 deserto
1265 3889 1481 3954 sedent,
1510 3890 1605 3961 qui
1634 3891 1846 3947 scilicet
1873 3907 1904 3947 a
1935 3906 2051 3946 ma-

465 3983 535 4039 lis
575 3984 851 4049 otiantur,
899 3982 1095 4039 auditu
1144 3985 1264 4040 solo
1302 3984 1478 4040 beatae
1523 3984 1675 4039 illius
1712 3993 1872 4040 terra:
1907 3984 2053 4040 bona

467 4081 855 4144 perceperunt.
887 4072 992 4139 Qui
1027 4086 1159 4127 vero
1190 4070 1357 4128 etiam
1399 4073 1777 4143 exploratores
1808 4072 2051 4139 fuerunt,

467 4165 525 4221 hi
574 4166 838 4221 nimirum
883 4180 972 4220 res
1016 4165 1163 4236 ipsas
1199 4164 1379 4221 oculis
1421 4164 1760 4236 usurpando,
1794 4165 2055 4223 subtilius

468 4257 655 4314 animo
704 4257 1130 4313 intellexerunt.
1171 4256 1241 4312 At
1274 4256 1369 4328 qui
1415 4256 1473 4311 in
1512 4271 1633 4311 eam
1682 4257 1894 4328 ingredi
1942 4272 2057 4313 me-

470 4355 726 4412 ruerunt,
757 4355 873 4403 toto
908 4362 1074 4403 sensu
1114 4361 1181 4401 ex
1220 4362 1284 4402 ea
1325 4346 1627 4402 ﬂuentibus
1663 4347 1718 4401 in
1750 4348 1910 4403 lactis
1944 4363 2059 4402 mo-

471 4458 588 4497 rem
632 4457 698 4497 ac
742 4441 923 4497 mellis
957 4440 1157 4513 (prima
1199 4430 1422 4497 scilicet
1445 4448 1501 4496 et
1534 4441 1775 4497 secunda
1814 4452 2060 4498 contem-

472 4532 735 4605 platione)
764 4534 1072 4590 rationibus
1102 4534 1333 4590 saturati
1372 4541 1502 4589 sunt
1527 4533 1594 4588 ".

541 4710 704 4783 655
753 4711 876 4766 125.
912 4711 1166 4767 Nondum
1205 4726 1331 4767 cum
1368 4710 1590 4768 Christo
1621 4709 1919 4768 cruciﬁxus
1953 4718 2059 4777 est,

473 4805 568 4874 qui
596 4804 878 4860 naturales
903 4804 1086 4859 carnis
1114 4804 1298 4860 adhuc
1328 4812 1513 4859 motus
1549 4804 1718 4860 habet
1748 4820 1762 4857 :
1794 4818 1898 4859 nec
1938 4818 2065 4859 cum

477 4897 569 4952 illo
594 4896 845 4968 sepultus
869 4904 973 4964 est,
1000 4897 1094 4968 qui
1123 4897 1292 4953 animi
1320 4896 1600 4953 desideria
1637 4911 1703 4952 ac
1734 4895 2068 4966 cupiditates

2142 669 2300 742 λετᾷν
2341 673 2452 734 τοῖς
2492 673 2970 746 ἐγκεκρυμμένοις
2998 675 3057 728 έν
3081 676 3222 747 αὐτῇ
3258 676 3446 746 νόμοις
3470 672 3628 737 Θεοῦ,
3658 674 3733 726 οἴ-

2139 779 2285 826 τινες
2316 762 2458 833 ὑπὲρ
2490 762 2614 831 μέλι
2640 763 2736 816 καὶ
2766 764 2960 836 κηρίον
2998 764 3076 836 τῷ
3111 764 3288 835 νοητῷ
3332 782 3428 817 σου
3467 763 3730 832 λογισθή-

2141 875 2323 913 σονται
2351 858 2611 929 λάρυγγι,
2634 862 2701 932 τῇ
2732 860 2829 913 ἀπ’
2857 860 3039 914 αὐτῶν
3065 859 3384 933 ὲκδιδομένῃ
3408 858 3654 931 ήδύτητι.

2215 956 2340 1022 ριη’.
2383 949 2459 1003 Οὐ
2483 951 2692 1023 δυνήσῃ
2732 951 3004 1021 σωμάτων
3033 953 3130 1005 καὶ
3160 951 3483 1022 χρημάτων,
3511 950 3604 1003 καὶ
3629 951 3730 1020 τῆς

2139 1043 2248 1095 τῶν
2306 1042 2624 1112 ἀναγκαίων
2690 1042 3000 1115 βρωμάτων
3068 1044 3366 1116 ἐπιθυμίας
3424 1044 3730 1116 ὑπέρτερον

2141 1132 2367 1204 ποιῆσαι
2400 1133 2493 1186 τὸν
2542 1131 2687 1199 νοῦν,
2721 1135 2770 1187 εἰ
2798 1135 2873 1206 μὴ
2904 1137 2963 1188 ὲν
2993 1137 3059 1206 τῇ
3099 1135 3321 1207 καθαρᾷ
3354 1135 3465 1189 τῶν
3504 1135 3731 1188 δικαίων

2140 1222 2295 1297 χώρα
2327 1225 2548 1299 εἰσάξῃς
2580 1227 2747 1281 αὐτόν
2777 1243 2793 1259 ·
2837 1227 2960 1283 καθ’
3014 1229 3102 1299 ἢν,
3154 1229 3190 1299 ἦ
3236 1246 3296 1281 τε
3350 1228 3444 1282 τοῦ
3496 1227 3731 1281 θανάτου

2142 1320 2238 1374 καὶ
2259 1321 2294 1389 ὴ
2320 1319 2416 1373 τοῦ
2442 1318 2580 1373 Θεοῦ
2604 1321 2796 1391 μνήμη
2825 1319 3384 1392 ὲπαναϐλαστήσασα,
3410 1319 3521 1373 ἀπὸ
3537 1320 3732 1390 γηϊνης

2141 1410 2372 1482 καρδίας
2400 1411 2696 1481 ἀπαλείφει
2726 1412 2834 1465 πᾶν
2865 1412 3126 1481 ὲνθυμίου
3155 1411 3465 1483 ἀνάστημα.

2214 1501 2337 1575 ριθ’.
2396 1505 2563 1558 Οὐδὲν
2613 1503 2738 1558 οὔτε
2796 1504 3010 1570 ἐννοίας
3052 1505 3286 1560 θανάτου
3329 1504 3731 1575 φοϐερώτερον,
3816 1508 3821 1511 ⁷

2140 1590 2268 1647 οὕτε
2310 1593 2447 1648 Θεοῦ
2482 1595 2708 1666 μνήμης
2737 1594 3207 1667 θαυμασιώτερον.
3255 1595 3319 1647 Ἢ
3350 1595 3449 1665 μὲν
3477 1595 3587 1663 γάρ
3615 1596 3733 1646 ἐστι

2142 1684 2323 1758 λύπης
2375 1685 2755 1758 σωτηριώδους
2803 1688 3114 1757 παρεκτική
3152 1703 3166 1719 ο
3210 1689 3243 1757 ή
3282 1686 3360 1752 δὲ,
3390 1685 3735 1756 εὐφροσύνης

2141 1779 2461 1850 χαριστική.
2523 1778 2870 1848 Ἐμνήσθην
2923 1778 3052 1848 γὰρ,
3115 1779 3282 1848 φησὶν
3328 1780 3358 1831 6
3415 1779 3733 1848 Προφήτης,

2142 1869 2252 1925 τοῦ
2291 1868 2462 1931 Θεοῦ,
2502 1869 2601 1922 καί
2643 1866 3023 1937 ηὐφράνθην.
3062 1867 3174 1919 Καὶ
3211 1869 3239 1920 6
3266 1867 3472 1936 Σοφός·
3502 1866 3736 1935 Matr-ri-

2073 1938 2117 1995 Β
2148 1976 2308 2017 σκου
2340 1960 2413 2015 τὰ
2447 1957 2680 2029 ἔσχατὰ
2712 1973 2856 2024 σου,
2890 1959 2988 2013 καὶ
3036 1960 3149 2028 οὐχ
3178 1958 3736 2029 ἀμαρτήσεις.Ἄδὺ-

2147 2070 2307 2107 νατον
2331 2053 2443 2123 γάρ
2471 2069 2592 2106 τινα
2615 2049 2711 2105 τοῦ
2739 2050 2995 2121 δευτέρου
3024 2053 3081 2105 ὲν
3103 2052 3433 2121 κατασχέσει
3456 2050 3734 2119 γενέσθαι,

2151 2146 2228 2217 μὴ
2260 2145 2457 2217 πεῖραν
2484 2144 2581 2214 τῆς
2614 2142 2709 2197 τοῦ
2738 2142 3006 2214 προτέρου
3041 2141 3278 2196 λαϐόντα
3306 2142 3661 2213 στυφότητος.

2224 2235 2327 2308 ρκ’.
2354 2235 2503 2300 Ἕως
2539 2237 2606 2289 ἂν
2626 2237 2724 2307 τὴν
2753 2234 2848 2289 τοῦ
2872 2234 3008 2289 Θεοῦ
3035 2234 3194 2300 δόξαν
3228 2235 3737 2305 ἀνακεκαλυμμένῳ

2151 2328 2433 2402 προσώπῳ
2457 2330 2559 2383 οὐκ
2590 2329 2680 2402 ἴδῃ
2704 2330 2732 2382 6
2759 2329 2908 2393 νοῦς,
2949 2330 3009 2384 οὺ
3055 2328 3277 2382 δύναται
3308 2329 3341 2399 ἡ
3377 2328 3524 2399 ψυχὴ
3556 2327 3735 2394 λέγειν

2150 2424 2210 2476 ἐν
2237 2420 2490 2493 αἰσθήσει
2520 2422 2691 2491 αὐτῆς
2725 2438 2740 2452 ·
2777 2419 2921 2492 Ἐγὼ
2942 2421 3010 2473 δὲ
3029 2420 3126 2473 ἐπί
3147 2419 3228 2484 τῷ
3251 2422 3451 2488 Κυρίῳ
3479 2418 3736 2488 τερφθῆ-

2151 2529 2335 2583 σσμαι
2368 2528 2381 2542 ·
2423 2511 2871 2583 ἀγωιλιάσομαι
2920 2510 3021 2565 ἐπὶ
3071 2509 3153 2575 τῷ
3194 2510 3467 2578 σωτηρίῳ
3525 2509 3733 2565 αὑτοῦ.

2151 2603 2434 2673 Κάλυμμα
2464 2601 2573 2674 γὰρ
2598 2605 2775 2656 κεῖται
2804 2600 2987 2670 τὸτῆς
3017 2600 3303 2670 φιλαυτίας
3338 2600 3435 2653 ἐπὶ
3465 2599 3565 2671 τὴν
3599 2617 3738 2672 καρ-

2150 2694 2267 2748 δίαν
2300 2693 2496 2763 αὐτῆς,
2545 2693 2683 2764 πρὸς
2722 2694 2784 2747 τὸ
2839 2692 2916 2764 μὴ
2971 2691 3426 2760 ἀνακαλυφθῆναι
3480 2691 3616 2763 αὐτῇ
3668 2691 3736 2745 τὰ

2153 2787 2384 2858 θεμέλια
2417 2786 2517 2856 τῆς
2551 2786 2898 2857 οἰκουμένης,
2931 2785 3093 2840 ἀτινά
3129 2786 3269 2837 εἰσιν
3320 2783 3369 2836 οἱ
3420 2782 3569 2851 λόγοι
3626 2780 3739 2835 τῶν

2151 2878 2477 2948 γεγονότων,
2523 2877 2661 2948 ὅπερ
2697 2877 2756 2943 ἐξ
2795 2875 2970 2945 αὐτῆς
3018 2875 3079 2929 οὐ
3130 2875 3524 2946 περιαιρεῖται,
3580 2874 3757 2947 ἔχου-ν

2154 2969 2287 3023 σίων
2311 2968 2488 3022 πόνων
2520 2968 2615 3022 καὶ
2646 2966 2919 3021 ἀκουσίων
2938 2964 3127 3038 χωρίς.

2229 3080 2373 3144 ρκα’.
2450 3072 2526 3126 Οὐ
2577 3075 2716 3143 μετὰ
2762 3062 2862 3142 τήν
2923 3070 2984 3136 ἐξ
3035 3069 3315 3139 Αἰγύπτου
3369 3070 3570 3141 φυγήνο
3614 3069 3741 3139 ἥτις

2153 3165 2304 3218 ἐστὶν
2353 3164 2388 3235 ή
2428 3161 2550 3218 κατ’
2605 3161 2890 3232 ἐνέργειαν
2943 3161 3192 3232 ἀμαρτία
3221 3175 3236 3191 ο
3291 3159 3412 3213 οὐδὲ
3459 3159 3597 3230 μετά
3637 3158 3740 3231 τὴν

2155 3254 2431 3325 θαλάσσης
2466 3252 2741 3317 διάϐασιν,
2783 3253 2883 3323 τῆς
2914 3252 3055 3307 κατά
3086 3252 3271 3323 σχέσιν
3293 3250 3436 3326 λέγω
3468 3251 3738 3315 δουλείας’

2152 3345 2287 3400 ἀλλά
2315 3346 2453 3415 μετά
2476 3344 2575 3416 τὴν
2600 3347 2656 3397 ὲν
2678 3344 2776 3415 ὲρή
2787 3361 2872 3415 μῳ
2893 3342 3194 3423 διατριϐὴν,
3229 3342 3430 3414 μεταξὺ
3474 3342 3743 3413 κειμένην

2150 3439 2543 3508 ἐνεργημάτων
2594 3436 2689 3490 καί⁵
2719 3436 3040 3507 κινημάτων
3083 3436 3327 3499 κακίας,,
3366 3433 3463 3487 τοῦ
3523 3433 3744 3505 Ἰσραὴλ

2149 3531 2178 3583 6
2221 3528 2553 3600 δημαγωγὸς
2593 3528 2660 3599 (ε)
2700 3530 3071 3583 κατασκοπεῖν
3108 3529 3337 3582 δύναται
3372 3526 3474 3596 τὴν
3508 3526 3611 3596 γῆν
3641 3525 3743 3595 τῆς

2151 3616 2508 3685 ἐπαγγελίας,
2576 3616 2702 3688 ἥτις
2755 3615 2905 3669 ἐστὶν
2953 3617 2986 3686 ἡ
3044 3614 3309 3680 ἀπάθεια,
3360 3612 3461 3683 τὴν
3506 3613 3743 3684 ὀπτικήν

2151 3704 2500 3760 ἀποστέλλων
2531 3705 2626 3758 καί¹
2647 3702 2953 3775 ὲποπτικὴν
2980 3702 3145 3757 αὑτοῦ
3171 3701 3421 3773 δύναμιν.

2228 3889 2369 3968 ρκβ.
2410 3896 2473 3950 Οἰ
2506 3895 2604 3967 μὲν
2639 3895 2699 3948 ὲν
2739 3897 2805 3967 τῇ
2851 3894 3049 3966 ἐρήμῳ
3086 3892 3413 3963 καθήμενοι,
3439 3888 3742 3954 τουτέστιν,

2154 3988 2215 4039 ἐν
2261 3987 2327 4056 τῇ
2381 3983 2489 4038 τῶν
2545 3982 2734 4037 κακῶν
2784 3981 3179 4053 ἀνενεργησίᾳ,
3243 3982 3380 4051 ἀκοῇ
3444 3979 3582 4050 μόνῃ
3642 3978 3744 4047 τῆς

2159 4076 2437 4149 μακαρίας
2466 4074 2683 4145 ἐκείνης
2720 4077 2825 4145 γῆς
2873 4076 2943 4127 τά
2991 4072 3308 4143 ἀγαθὰ....
3360 4073 3408 4126 οἰ
3457 4071 3516 4125 δὲ
3562 4071 3631 4125 τὰ
3685 4074 3747 4125 ἐν

2156 4168 2345 4239 ἐκείνῃ
2380 4166 2931 4235 κατασκοπήσαντες,
2959 4167 3017 4219 ἐν
3056 4165 3307 4236 περινοίᾳ
3348 4163 3591 4233 δηλονότι
3641 4163 3746 4234 ψυ-

2155 4260 2258 4331 χῆς
2294 4257 2402 4312 τῶν
2451 4257 2746 4328 ὁρωμένων
2776 4256 3012 4329 θεωρίας
3065 4257 3345 4327 γεγόνασι.
3393 4255 3457 4309 Oi
3508 4256 3565 4309 δὲ
3604 4272 3745 4309 κατ-

2161 4346 2484 4415 αξιωθέντες
2544 4348 2602 4400 ὲν
2654 4346 2794 4417 αὐτῇ
2874 4346 3170 4409 εἰσελθεῖν,
3231 4346 3328 4418 ὅλῃ
3376 4349 3443 4418 τῇ
3492 4346 3745 4417 αἰσθήσει

2159 4438 2270 4492 τῶν
2316 4436 2377 4503 ἐξ
2413 4436 2584 4506 αὐτῆς
2625 4435 3011 4509 ἀπορρεόντων
3045 4436 3121 4500 ὡς
3163 4436 3306 4505 γάλα
3339 4438 3435 4490 καὶ
3470 4436 3614 4507 μέλι,
3647 4434 3746 4504 τῆς

2162 4528 2387 4600 πρώτης
2437 4527 2582 4599 φημὶ
2630 4529 2725 4580 καὶ
2793 4528 3059 4600 δευτέρας
3117 4527 3354 4599 θεωρίας
3416 4528 3514 4599 (t),
3570 4526 3746 4594 λόγων

2088 4645 2139 4706 D
2164 4621 2588 4693 ἐνεφορήθησαν.

2235 4721 2376 4786 pavr.
2422 4712 2591 4767 Οὔπω
2621 4711 3040 4784 συνεσταυρώθη
3069 4710 3317 4784 Χριστῷ,
3346 4710 3477 4765 δέτι
3508 4710 3748 4779 φυσικὰς

2164 4802 2411 4873 κινήσεις
2448 4798 2588 4871 ἔχων
2639 4801 2877 4871 σαρκός·
2923 4800 3048 4854 οὐδὲ
3088 4801 3393 4871 συνετάφη,
3445 4803 3474 4854 6
3502 4799 3770 4870 ψυχικάς⁵

2166 4893 2500 4965 ἐνθυμήσεις
2544 4892 2972 4965 ἐπισυρόμενος·
3011 4892 3131 4956 πῶς
3163 4887 3259 4947 οὖν
3295 4893 3607 4962 συναναστῇ
3648 4891 3747 4944 αὑ-

550 5059 597 5093 “
626 5059 771 5114 Psal.
797 5074 949 5123 XVIII,
970 5058 1055 5113 11.
1133 5058 1179 5091 ’⁸
1198 5057 1341 5113 Psal.
1363 5070 1541 5116 LXXVI,
1569 5054 1622 5108 4.
1702 5053 1747 5084 ³⁸
1764 5051 1945 5108 Eccle.
1965 5068 2052 5116 vn,

2154 5093 2163 5106 .
2242 5053 2284 5086 "’
2312 5053 2354 5123 ll
2376 5050 2505 5123 Cor.
2533 5066 2588 5106 ιιι
2618 5049 2706 5123 l_8.
2784 5049 2830 5081 ’⁸
2845 5048 2989 5111 Psal.
3011 5066 3121 5116 cm,
3144 5050 3231 5105 54.
3311 5051 3356 5083 ’⁸
3378 5050 3523 5106 Psal.
3545 5066 3622 5116 Ix,
3656 5051 3744 5106 l6-

491 5130 541 5161 ⁸⁸
568 5130 728 5186 Deut.
768 5146 824 5194 ιι,
852 5119 944 5195 2ϋέ
969 5129 1134 5185 Josue
1157 5145 1216 5195 ιι,
1247 5129 1298 5182 1.
1377 5126 1585 5180 "Deut.
1624 5139 1769 5188 xxxi,
1798 5124 1862 5189 2;
1901 5139 2052 5177 nm

2154 5163 2164 5177 .
2242 5124 2286 5155 ³¹
2319 5122 2495 5177 Exod.
2529 5136 2609 5184 Ill,
2644 5119 2698 5174 8.

554 5287 777 5372 (3)]on
814 5285 1065 5369 Ἰσραὴλ
1113 5290 1145 5369 εὖ
1185 5285 1559 5372 δημαγωγός.
1613 5285 1812 5372 {o‘rsu’ew
1829 5282 2067 5372 scilicet,

483 5354 578 5427 qui
603 5354 685 5413 sic
711 5358 854 5412 duos
878 5354 1051 5422 Viros,
1086 5357 1203 5412 sive
1232 5365 1292 5410 ut
1337 5356 1546 5427 habent
1587 5356 1636 5410 οἰ
1671 5354 1838 5427 LXX,
1884 5357 2071 5427 νεανίέ

488 5424 673 5489 σκους,
695 5429 933 5496 iuvenes,
970 5428 1317 5497 exploratum
1348 5425 1523 5490 misit,
1550 5425 1707 5497 omni
1729 5427 1841 5497 jam
1867 5424 2073 5497 deserti

487 5495 750 5567 superato
786 5497 1007 5553 itinere.
1033 5495 1271 5567 Exponit
1303 5506 1489 5552 autem
1547 5495 1817 5567 Maximus
1854 5496 2061 5567 allego-

490 5564 637 5629 rice,
687 5566 787 5636 τὴν
836 5567 1066 5637 ὀπτικήν
1095 5564 1191 5619 καὶ
1243 5566 1545 5636 ἐποπτικὴν
1585 5564 1752 5637 αὑτοῦ
1808 5564 2058 5637 δύναμιν·

489 5635 868 5709 οεηιεηάῖυἰηι
893 5644 946 5709 et
990 5635 1321 5709 inspiciendi,
1353 5635 1578 5691 sensum
1622 5635 2065 5709 scilicetget'iin-

494 5708 814 5771 lcllectum;
856 5706 909 5761 id
942 5716 1028 5766 est
1076 5706 1343 5770 mentem,
1376 5714 1626 5776 quaeest
1668 5706 1754 5776 vis
1817 5706 1912 5759 illa
1962 5708 2063 5759 ἑπ-

492 5776 714 5848 οτιτικιίνι3
745 5790 854 5844 qua
877 5776 1008 5830 licet
1031 5777 1301 5848 tantisper
1332 5775 1463 5848 ipsa
1486 5775 1993 5848 divinainspiccre,
2015 5784 2072 5832 et

496 5844 900 5924 παρακύπτειν,
924 5846 1082 5925 quasi
1118 5862 1157 5925 a_
1183 5844 1541 5915 lenge'avide
1596 5844 1915 5925 inclinanda
1942 5863 2071 5917 pro-

497 5917 712 5986 spicere
733 5931 748 5969 :
782 5929 904 5985 quae
927 5915 1053 5970 vitae
1064 5915 1231 5986 hujus
1243 5929 1454 5970 summa
1469 5922 1655 5970 nostra
1673 5915 2066 5984 perfectio’est.

2168 5282 2245 5337 De
2270 5281 2438 5344 Mose,
2456 5281 2553 5351 qui
2572 5283 2708 5338 velit
2736 5280 3014 5347 accipere,
3029 5278 3126 5347 qui
3149 5285 3205 5332 et
3228 5277 3350 5351 ipse
3369 5279 3753 5350 speculatores

2169 5352 2340 5424 misit.
2367 5360 2423 5407 et
2441 5349 2659 5424 alonge
2691 5354 2861 5409 etiam
2891 5358 3097 5424 terram
3128 5349 3364 5418 aspexit,
3409 5357 3753 5424 monstrante

2172 5423 2251 5477 illi
2295 5423 2410 5477 Deo
2435 5437 2466 5477 e
2501 5418 2709 5479 monte.
2743 5436 2870 5478 cum
2902 5418 3211 5473 moriturus
3238 5427 3409 5485 esset,
3456 5435 3561 5474 nec
3600 5419 3690 5475 hic
3720 5437 3749 5476 a

2171 5492 2390 5548 Maximi
2429 5508 2598 5563 scopo
2638 5493 2871 5548 abierit:
2900 5505 3027 5544 nam
3054 5497 3116 5563 et
3137 5488 3265 5563 haec
3279 5491 3547 5563 ἐποπτεία
3584 5490 3677 5551 sit,
3697 5500 3752 5545 et

2170 5559 2740 5687 ﬂuantadmor'talibus
2767 5575 3031 5617 concessa
3053 5559 3152 5614 Dei
3175 5560 3374 5615 notitia
3422 5575 3487 5615 ac
3520 5573 3753 5629 sperata:

2208 5642 2375 5687 eatitu
2423 5649 2547 5687 ams.

2170 5634 2547 5689 beatitudinis.

2243 5703 2330 5775 (t)
2367 5702 2481 5771 Τῆς
2510 5703 2746 5775 πρώτης
2777 5700 2877 5775 καί
2907 5699 3189 5775 δευτέρας
3222 5701 3490 5768 θεωρίας.
3524 5699 3752 5775 Videtur

2176 5770 2410 5845 primam
2434 5770 2958 5845 Contemplationem
2988 5770 3179 5845 dicere
3200 5809 3217 5835 ,
3243 5785 3369 5840 qua:
3422 5770 3581 5845 quasi
3626 5785 3749 5838 spe-

2178 5839 2487 5899 culatorum
2517 5857 2583 5897 ac
2612 5839 2775 5910 fugax
2798 5850 2913 5908 est;
2960 5839 3284 5910 secundam,
3339 5839 3462 5910 qua:
3486 5843 3604 5909 ipsa
3641 5848 3751 5893 sta-

2179 5915 2327 5981 bilis,
2356 5914 2506 5968 vclut
2529 5909 2933 5983 possidentium
2973 5912 3087 5984 jam
3106 5909 3325 5966 beatam
3348 5909 3495 5966 illam
3519 5918 3743 5965 terram.
