4122 6322
468 370 603 437 1429

1622 374 1800 434 ALIA
1841 373 1947 434 EX
1981 373 2221 435 VATIC.
2261 374 2547 434 CAPITA.

3576 377 3720 448 1130

460 485 538 557 τῷ
567 487 595 539 ὀ
627 478 963 547 τοιοῦτος,ἒν
988 480 1265 551 καινότητι
1297 479 1443 552 ζωῆς
1483 478 1907 537 πολιτεύσασθαι
1929 480 2032 555 (ιι).

2139 481 2331 537 trahit.
2361 481 2467 549 Qui
2496 497 2628 553 ergo
2669 482 2781 548 tiat,
2809 492 2871 537 ut
2896 482 2990 539 hic
3012 483 3154 554 .talis
3181 499 3307 541 cum
3349 500 3419 543 eo
3452 501 3719 562 resurgat,

534 661 667 733 px6'.
706 661 887 733 Τριῶν
934 660 1108 713 οὐσῶν
1152 661 1252 731 τῆς
1297 658 1478 730 ψυχῆς
1526 661 2040 732 περιεκτικωτέρων

459 751 669 824 ἀρετῶν
696 754 791 823 (ο),
823 751 1095 824 νηστείας,
1124 750 1290 822 εὐχῆς
1331 767 1391 803 τε
1425 749 1522 803 καὶ
1574 753 1810 822 σιωπῆς,
1864 753 2038 820 ἀναγ-

458 845 613 899 καῖον
638 843 730 897 τὸν
771 843 870 915 μὲν
927 843 987 910 ἐξ
1024 843 1188 915 εὐχῆς
1240 841 1469 895 λύεσθαι
1518 841 1804 911 μέλλοντα,
1836 843 1917 908 εἰς
1941 843 2041 914 τὴν

457 934 696 1007 θεωρίαν
757 933 1239 989 ὲπαναπαύεσθαι·
1300 934 1396 985 τὸν
1445 932 1503 986 δὲ
1566 934 1632 985 ὲκ
1694 935 1929 1003 σιωπῆς,
1961 937 2040 998 εἰς

462 1024 660 1098 ἠθικὴν
689 1025 927 1096 ὁμιλίαν,
957 1026 1037 1089 εἰς
1066 1023 1333 1095 δευτέραν
1362 1022 1457 1077 καὶ
1484 1023 1893 1096 κεχαρισμένην
1916 1041 2042 1096 τρο-

456 1117 565 1187 φὴν
587 1117 682 1170 τὸν
718 1115 1074 1187 νηστεύοντα.

529 1205 661 1277 ρκε’.
716 1204 806 1258 Ἐν
838 1208 951 1269 τοῖς
979 1206 1203 1270 οἰκείοις
1230 1206 1338 1271 ἕως
1364 1206 1603 1277 ὑπάρχει
1634 1208 1663 1261 ὁ
1691 1204 1837 1271 νοῦς,
1872 1203 2038 1271 σώζει
2073 1245 2085 1256 .

455 1296 517 1350 τὸ
548 1295 671 1350 καθ’
704 1297 987 1368 ὁμοίωσιν,
1025 1296 1232 1366 ἀγαθός
1270 1314 1330 1350 τε
1383 1299 1479 1352 καὶ
1537 1298 1833 1369 συμπαθὴς
1886 1298 2040 1369 εὑρι-

458 1389 746 1459 σκόμενος.
792 1389 879 1442 Ἐν
908 1390 965 1442 δὲ
995 1391 1107 1453 τοῖς
1133 1390 1255 1443 κατ’
1291 1387 1548 1459 αἴσθησιν
1569 1389 1828 1458 γεγονὼς,
1867 1391 1916 1442 εἰ
1941 1388 2041 1460 μὲν

455 1473 697 1545 εὐχερῶς
729 1475 824 1528 καὶ
853 1474 979 1549 [μὴ]
1010 1477 1397 1547 προσηκόντως
1422 1477 1501 1549 (a3)
1536 1477 1887 1549 κατέρχεται,
1923 1480 2040 1531 πεῖν

457 1582 558 1636 ραν
599 1565 774 1629 διδοὺς
824 1568 919 1621 καὶ
966 1566 1290 1638 λαμϐάνων,
1348 1569 1407 1622 ἐν
1448 1570 1682 1634 ἐκείνοις
1723 1568 2036 1641 εὐρωστῶν,

456 1653 613 1722 αὖθίς
641 1675 702 1712 τε
736 1660 874 1731 πρὸς
903 1660 1097 1715 ἑαυτὸν
1124 1662 1508 1734 ἐπανέρχεται,
1550 1664 1682 1736 περί
1714 1664 1806 1718 τὸν
1848 1664 2040 1736 καιρὸν

456 1751 551 1804 καὶ
584 1751 684 1822 τὴν
716 1753 928 1824 χρείαν,
959 1752 1035 1817 ὥς
1059 1770 1144 1818 τις
1165 1757 1473 1829 στρατηγὸς
1514 1756 1920 1828 ἀπερίσκεπτος
1951 1757 2040 1810 εὑ-

457 1840 773 1913 ρεθήσεται,
805 1843 868 1897 τὸ
900 1844 1034 1899 πολὺ
1071 1824 1246 1902 αὑτοῦ*
1277 1824 1718 1920 ὑποτεμνόμενος
1741 1847 1843 1918 τῆς
1877 1847 2039 1901 δυνά-
2071 1824 2112 1885 Β

462 1949 607 2004 μεως
635 1935 696 1989 ἐν
728 1936 807 2003 τῷ
839 1935 1138 2008 μάχεσθαι.
1170 1939 1320 2011 Πλὴν
1357 1939 1418 1993 οὺ
1451 1940 1653 2003 πάντες
1697 1938 1909 1993 ἐκείνου
1950 1940 2039 1993 εκ-

454 2025 547 2088 τὸς
607 2027 1023 2099 εὑρεθήσονται,
1063 2031 1179 2085 ὅσοι
1228 2032 1383 2096 ἐντὸς
1416 2030 1513 2086 τοῦ
1559 2031 2038 2104 ἐμπεριεχομένου

455 2118 711 2190 γενέσθαι
736 2121 837 2175 οὐκ
868 2121 1122 2192 ἴσχυσαν.

531 2381 677 2455 ρκς’.
731 2384 790 2438 ’0
835 2384 936 2456 μὲν
991 2384 1249 2456 αἰσθητὸς
1293 2385 1466 2457 ἦλιος,
1509 2386 1668 2453 ξένας
1696 2386 1799 2451 τὰς
1838 2385 2040 2442 ἑαυτοῦ

456 2477 686 2541 ἀκτῖνας
742 2476 803 2544 ἐξ
835 2477 1015 2542 οἰκίας
1046 2477 1447 2551 κεκλεισμένης
1476 2478 1770 2548 καθίστησι
1789 2496 1805 2513 ·
1841 2483 1944 2535 οὐκ
1972 2480 2039 2536 ἂν

457 2568 513 2623 δὲ
542 2569 642 2633 τὰς
668 2570 876 2635 οἰκείας
906 2572 935 2625 ὁ
959 2570 1151 2642 νοητὸς
1175 2571 1476 2642 ἑπαφήσει,
1498 2574 1568 2643 τῇ
1594 2572 1672 2643 μὴ
1712 2571 2038 2643 κεκλεισμέ-

457 2678 555 2727 νας
587 2662 786 2735 ἑχούσῃ
819 2663 920 2727 τὰς
944 2664 1226 2735 αἰσθήσεις
1248 2664 1357 2719 ἀπὸ
1377 2663 1488 2720 τῶν
1515 2662 1808 2736 ὁρωμένων
1827 2664 1997 2735 ψυχῇ.
2024 2666 2039 2733 Ι

531 2842 669 2911 ρκζκ
705 2841 1012 2907 Γνωστικός
1048 2843 1219 2909 ἐστιν,
1250 2844 1280 2897 ὀ
1305 2841 1406 2906 τὰς
1446 2841 1546 2914 μὲν
1576 2841 1911 2906 καταϐάσεις
1938 2841 2036 2895 αὐ-

456 2931 551 2987 τοῦ
580 2935 1033 3005 μεγαλοπρεπῶς·
1090 2935 1550 3008 ταπεινοπρεπῶς
1597 2936 1657 2990 δὲ
1705 2935 1807 3006 τῆς
1856 2934 2038 3007 ψυχῆς

457 3026 555 3090 τὰς
584 3027 884 3092 ἀναϐάσεις
920 3027 1331 3099 διατιθέμενος.

2144 580 2206 628 ιιι
2235 571 2289 627 in
2324 572 2568 628 novitate
2600 574 2725 629 vitae
2756 574 3001 630 ambulet
3023 575 3102 629 ³⁸2
3710 642 3717 649 ο

2214 663 2337 719 124.
2373 663 2508 719 Cum
2558 672 2669 719 tres
2718 664 2885 719 animi
2918 664 3028 720 sint
3063 666 3436 737 generaliores
3468 669 3720 738 virtutes,

2136 752 2407 824 jejunium
2430 762 2486 808 et
2510 753 2688 808 oratio
2713 769 2778 809 ac
2808 755 3125 822 silentium;
3160 771 3384 813 necesse
3412 767 3518 825 est,
3546 762 3720 832 utqui

2140 859 2209 899 ex
2240 844 2491 899 oratione
2524 845 2806 901 soluturus
2838 854 2943 912 est,
2974 846 3030 901 in
3066 849 3587 919 contemplationem
3624 852 3723 907 de-

2141 935 2286 991 sinat
2316 954 2327 988 :
2362 937 2457 1006 qui
2487 952 2555 992 ex
2584 937 2825 1003 silentio,
2854 938 2911 992 in
2951 953 3167 993 morum
3206 939 3629 1008 tabulationem;
3667 943 3720 997 in

2141 1029 2377 1085 alterum
2426 1044 2561 1084 vero
2621 1045 2686 1085 ac
2750 1046 3074 1087 concessum
3131 1031 3353 1098 cibum,
3405 1033 3454 1089 is
3499 1034 3596 1105 qui
3640 1036 3724 1105 je.

2135 1119 2314 1190 junat.

2215 1211 2339 1266 125.
2371 1211 2621 1278 Quaudiu
2655 1214 2874 1270 animus
2900 1213 2957 1268 in
2982 1214 3100 1270 suis
3125 1224 3400 1283 versatur,
3433 1216 3541 1271 hoc
3573 1218 3719 1287 quod

2141 1312 2227 1360 est
2254 1304 2322 1358 ad
2348 1305 2766 1361 similitudinem
2811 1315 3021 1370 servat,
3067 1309 3162 1377 qui
3192 1308 3373 1364 bonus
3406 1311 3638 1365 exsistat
3666 1320 3722 1366 et

2141 1394 2481 1451 misericors.
2514 1397 2652 1451 Dum
2685 1405 2867 1452 autem
2907 1400 2963 1453 in
2988 1398 3055 1454 iis
3087 1415 3211 1470 quae
3241 1400 3310 1456 ad
3341 1415 3563 1456 sensum
3595 1417 3720 1472 spe-

2139 1495 2314 1554 ctant,
2344 1487 2619 1558 siquidem
2670 1497 2876 1544 temere
2921 1489 3139 1560 levique
3187 1507 3256 1547 ex
3293 1506 3479 1558 causa,
3510 1501 3567 1548 et
3610 1509 3719 1548 non

2138 1595 2241 1651 pro
2280 1594 2349 1635 eo
2387 1595 2452 1636 ac
2493 1579 2653 1637 decet
2701 1581 2976 1652 ofﬁciique
3018 1584 3161 1638 ratio
3198 1586 3463 1654 postulat,
3494 1585 3721 1640 descen-

2138 1671 2241 1737 dit,
2269 1671 2409 1727 dans
2436 1674 2880 1743 experimentum
2906 1680 2963 1728 et
2988 1689 3233 1741 sumens,
3259 1675 3316 1730 in
3338 1676 3445 1731 illis
3466 1676 3722 1732 robustus

2139 1778 2204 1817 ac
2236 1763 2449 1834 vigens,
2483 1763 2552 1818 ad
2595 1779 2767 1833 seque
2803 1780 2998 1819 rursus
3032 1766 3358 1832 revertitur;
3404 1782 3527 1821 cum
3566 1781 3724 1821 occa-

2139 1852 2223 1908 sio
2247 1867 2313 1907 ac
2331 1852 2635 1909 necessitas
2663 1852 2871 1918 tulerit,
2901 1853 3051 1908 velut
3077 1853 3187 1909 dux
3227 1855 3449 1924 quidem
3487 1855 3724 1911 inconsi-

2139 1944 2365 2000 deratus
2415 1960 2519 2001 nec
2572 1945 2708 2000 satis
2762 1945 3008 2017 prudens
3060 1946 3366 2014 exstiterit,
3421 1948 3517 2018 qui
3560 1948 3721 2019 longe

2141 2050 2390 2106 magnam
2429 2036 2517 2091 sui
2538 2036 2815 2092 exercitus
2855 2045 3069 2107 partem
3100 2037 3397 2109 pugnando
3433 2038 3584 2111 [ante
3615 2055 3720 2110 pu-

2141 2124 2328 2198 gnam]
2366 2126 2636 2182 amiserit.
2674 2126 2947 2183 Caeterum
2978 2143 3089 2183 non
3134 2126 3327 2185 omnes
3357 2128 3427 2185 ab
3464 2129 3569 2185 hac
3615 2130 3719 2185 im-

2142 2233 2341 2275 munes
2376 2232 2521 2274 noxa
2560 2218 2932 2285 invenientur,
2968 2229 3240 2291 quotquot
3273 2221 3537 2277 nimirum
3577 2222 3722 2279 intra

2141 2310 2458 2382 praesidium
2489 2327 2548 2368 se
2574 2312 2862 2369 continere
2890 2328 3001 2368 non
3031 2321 3350 2384 potuerunt.

2214 2401 2337 2458 126.
2379 2401 2473 2457 Sol
2502 2404 2608 2458 iste
2638 2403 2823 2459 sensui
2856 2404 3158 2475 expositus,
3192 2405 3468 2461 occlusam
3495 2407 3731 2463 domum.

2140 2492 2420 2547 radiorum
2452 2508 2679 2548 suorum
2709 2494 2833 2549 luce
2857 2509 2966 2549 non
2995 2493 3271 2550 aﬂ‘undit:
3303 2505 3360 2551 at
3392 2514 3523 2554 vero
3560 2498 3723 2569 spiri-

2140 2582 2265 2638 talis
2308 2583 2423 2648 ille,
2464 2582 2613 2638 haud
2649 2583 2891 2654 fulgores
2920 2599 3052 2641 suos
3075 2584 3132 2640 in
3156 2585 3400 2642 animum
3437 2589 3718 2655 immittat,

2138 2673 2274 2745 quin
2307 2673 2475 2729 rebus
2504 2675 2559 2730 in
2586 2680 2868 2745 aspectum
2892 2674 3219 2732 cadentibus
3244 2676 3496 2733 occlusos
3523 2693 3721 2735 sensus

2138 2766 2417 2822 habuerit.

2209 2858 2332 2914 127.
2365 2857 2463 2915 Vir
2496 2857 2765 2929 spiritalis
2801 2869 2861 2917 et
2895 2860 3114 2931 sapiens
3152 2866 3258 2927 est,
3286 2860 3381 2931 qui
3418 2861 3723 2919 descensus

2137 2964 2269 3005 suos
2312 2949 2629 3021 magnifice;
2669 2949 2838 3004 animi
2876 2966 3012 3007 vero
3049 2965 3312 3009 ascensus
3356 2951 3552 3008 humili
3595 2969 3719 3010 mo»

2137 3039 2404 3111 destoque
2434 3055 2600 3097 sensu
2628 3040 2891 3111 disponit.

531 3123 672 3188 ρκηθ.
710 3117 955 3173 Μέλιττα
998 3118 1098 3189 μὲν
1133 3118 1377 3189 λειμῶνα
1442 3118 1863 3190 περινοστοῦσα,
1892 3117 2036 3173 ἐκεῖ·

2209 3129 2331 3186 128.
2369 3130 2504 3203 Apis
2549 3140 2768 3202 pratum
2815 3132 3082 3190 oberrans
3130 3148 3198 3191 ac
3244 3134 3518 3202 lustrans,
3565 3136 3715 3192 melli

459 3207 551 3262 θεν
578 3208 659 3279 τῷ
707 3211 884 3279 μέλιτι
931 3211 1032 3276 τὰς
1080 3211 1338 3282 ἀφορμὰς
1391 3212 1856 3285 προσπορίζεταιο
1883 3210 2034 3283 ψυχὴ

2139 3222 2458 3279 fabricando
2495 3224 2782 3279 materiam
2818 3225 3069 3297 congerit
3106 3243 3121 3280 :
3157 3225 3485 3297 animusque
3525 3229 3719 3286 sedulo

458 3300 516 3354 δὲ
556 3302 637 3365 εἰς
687 3302 888 3367 αἰῶνας
922 3304 1359 3375 περισκοποῦσα,
1399 3305 1650 3360 ποικίλον
1683 3305 1913 3360 αὐτόθεν
1938 3305 2032 3359 τὸν

457 3393 777 3464 τλυκασμὸν
807 3397 875 3466 τῇ
900 3394 1108 3467 διανοίᾳ
1136 3396 1366 3467 ἐνίησιν.

530 3485 671 3557 ρκθ’.
724 3486 789 3539 ’11
840 3486 1171 3557 ἐμφαγοῦσαι
1230 3487 1331 3559 μὲν
1377 3486 1577 3557 ἔλαφος
1629 3489 1807 3559 ὄφεις,
1836 3487 1915 3542 ἰδν
1945 3486 2040 3542 τοῦ

459 3582 676 3645 σϐέσαι,
709 3583 846 3655 πρὸς
875 3583 1086 3638 ὑδάτων
1114 3584 1301 3656 τρέχει
1331 3585 1515 3656 πηγάς
1536 3601 1549 3615 ⁸
1579 3585 1728 3657 ψυχὴ
1773 3585 1834 3639 δὲ
1875 3586 1908 3655 ἦ
1943 3583 2033 3654 βέ·

456 3668 576 3725 λεσι
604 3671 770 3737 θείοις
794 3672 1091 3744 τρωθεῖσα,
1128 3675 1407 3730 ἄπαυστον
1438 3675 1587 3729 ἕλκει
1615 3675 1708 3729 τὸν
1749 3674 2036 3748 τρώσαντα

459 3761 661 3832 ἔρωτα.

531 3855 629 3926 ρλν.
664 3856 827 3911 Ψιλοὶ
866 3857 967 3927 μὲν
1014 3856 1266 3926 λογισμοὶ
1318 3859 1385 3928 τῇ
1442 3857 1702 3929 μοναδικῇ
1753 3857 1865 3929 ζωῇ
1906 3858 2028 3911 ἐπι-

457 3946 721 4017 φύονται·
772 3949 1122 4022 ὲπιλογισμοὶ
1150 3948 1208 4002 δὲ
1245 3952 1313 4022 τῇ
1350 3949 1610 4022 δυαδικῇ’
1641 3952 1709 4021 τῇ
1754 3949 1813 4004 δὲ
1859 3949 2028 4003 πολυ-

528 4103 576 4137 ³²
606 4102 765 4159 Rom.
794 4120 871 4169 vr,
904 4105 958 4160 4.
1034 4105 1080 4138 ⁸⁸
1112 4105 1253 4161 Psal.
1289 4121 1392 4171 xu,
1428 4105 1483 4160 2.

531 4248 611 4320 (ιι)
648 4251 752 4304 Ἐν
783 4251 1087 4317 καινότητι
1117 4248 1267 4317 ζωῆς
1298 4248 1793 4306 πολιτεύσασθαι.
1821 4247 2028 4301 Posue-

456 4321 533 4374 rit
555 4320 825 4374 Maximus
845 4320 989 4374 hanc
1024 4335 1241 4383 vocem,
1274 4328 1335 4373 ut
1364 4326 1732 4388 exponentem
1766 4332 2029 4387 eam,qua

456 4391 663 4445 Paulus
688 4406 824 4444 usus
847 4397 953 4454 est,
982 4390 1473 4512 περιπατὶὶρωμεν,
1511 4403 1678 4458 quam
1701 4395 1759 4443 et
1784 4388 2028 4457 expressi

458 4460 513 4512 in
542 4459 821 4512 versione.
854 4460 946 4512 Sic
992 4460 1139 4512 enim
1158 4474 1244 4512 am
1292 4458 1467 4512 ulare.
1483 4458 1801 4512 conversari
1827 4467 1934 4512 est.
1953 4465 2028 4511 ta-

2140 3312 2340 3367 saecula
2370 3313 2752 3379 considerans,
2789 3315 2998 3370 variam
3025 3314 3155 3383 inde
3177 3314 3524 3373 dulcedinem
3549 3321 3718 3375 menti

2145 3404 2347 3476 injicit.

2219 3494 2341 3550 129.
2393 3493 2606 3560 Cervus
2662 3497 2846 3554 exesis
2898 3499 3281 3569 serpentibus;
3328 3508 3394 3555 ut
3445 3516 3717 3559 venenum

2142 3586 2476 3656 exstinguat,
2520 3587 2589 3642 ad
2636 3586 2821 3643 fontes
2866 3604 3136 3659 aquarum
3168 3590 3342 3644 currit
3377 3590 3422 3624 “
3457 3609 3472 3645 :
3505 3593 3722 3649 animus

2140 3692 2274 3732 vero
2307 3677 2510 3732 divinis
2538 3678 2758 3733 saucius
2792 3679 3011 3749 jaculis,
3049 3678 3415 3736 immortalem
3457 3682 3724 3739 adversus

2137 3767 2520 3835 vulnerantem
2551 3783 2793 3824 amorem
2826 3769 3012 3824 trahit.
3212 3768 3217 3769 “

2212 3858 2332 3914 150.
2383 3858 2557 3914 Nuda:
2613 3858 3003 3930 simplicesque
3056 3861 3421 3932 cogitationes
3472 3866 3721 3935 proclive

2135 3957 2492 4005 succrescunt
2534 3950 2663 4005 vitae
2711 3949 3014 4005 solitariae:
3045 3950 3099 4007 ei
3138 3966 3273 4007 vero
3314 3967 3438 4022 quae
3478 3953 3729 4012 duorum

2143 4246 2343 4328 merito
2379 4246 2561 4328 Marco
2593 4244 2998 4328 Tdicitur,._cap.
3036 4246 3163 4311 211,
3219 4246 3449 4328 semper
3497 4266 3719 4322 κεχαρι-

2137 4318 2313 4387 σμένη
2363 4316 2565 4389 τροφὴ,
2592 4316 2754 4390 cibus
2810 4316 2891 4390 sit
2942 4316 2997 4371 in
3049 4317 3311 4390 secundis
3377 4316 3713 4390 concessus;

2135 4385 2338 4461 nempe
2364 4385 2704 4461 corporalis,
2726 4402 2835 4461 pro
2871 4387 3023 4461 j‘usta
3058 4388 3318 4461 corporis
3359 4385 3713 4461 necessitate,

458 4460 514 4537 in
542 4459 821 4515 versione.
846 4456 1139 4537 .Sicnen'im
1158 4456 1467 4537 ambulare,
1483 4456 1801 4537 conversari
1827 4456 1934 4522 est,
1953 4465 2034 4511 ta-
2068 4477 2109 4531 ο
2139 4456 2764 4537 ejusquejndulgentia,
2804 4456 2906 4537 I_)ei
2929 4456 3175 4537 munere
3196 4457 3450 4537 donatus.

456 4530 716 4611 libusque
754 4530 1071 4611 rationibus
1101 4545 1165 4611 ac
1190 4528 1482 4610 disciplina
1502 4528 1671 4611 vitam
1704 4543 2031 4597 componere

453 4609 513 4655 ct
548 4599 791 4681 exigere.
843 4599 1066 4670 Legisse
1104 4599 1400 4654 Maximum
1434 4599 1862 4669 πολιτεύσωμεν,
1925 4613 2035 4653 non

455 4684 634 4725 ausum
669 4686 938 4725 asserere.
1193 4690 1203 4703 ‘

528 4740 602 4811 (υ)
635 4741 1177 4808 Περιεκτικωτέρων
1205 4737 1452 4807 ἀρετῶν.
1479 4738 1571 4794 Sic
1603 4746 1661 4794 et
1698 4738 1914 4793 Marcus
1942 4754 2038 4811 ge-

456 4809 676 4865 nerales
702 4811 938 4865 virtutes
969 4819 1131 4866 vocat
1158 4828 1170 4863 :
1201 4819 1475 4879 praecepta
1502 4824 1725 4879 quoque
1757 4809 2039 4878 generalia

454 4890 512 4935 et
538 4881 917 4950 particularia,
945 4895 1065 4950 cap.
1098 4881 1169 4935 25
1203 4879 1279 4934 De
1295 4880 1509 4949 justitia
1539 4895 1602 4933 ea;
1624 4894 1785 4950 paper.
1818 4879 2040 4950 ἐντολὴν

455 4949 814 5039 περιεκτικην
846 4949 1025 5035 dicit,
1046 4967 1153 5021 qua
1185 4952 1333 5039 [iens
1357 4951 1519 5032 jubet
1554 4949 2041 5039 πᾶσινἹάποέτάξα-

458 5018 586 5090 σθαι
608 5024 723 5084 τοῖς
765 5018 1134 5090 ὑπάρχουσιν·
1169 5018 1551 5090 abrenuntiare
1591 5018 2038 5090 omnibusfacul-

460 5088 703 5147 tatibus:
768 5087 1024 5161 μερικὴν,
1085 5107 1194 5161 qua
1242 5088 1565 5161 μεταδοῦναι
1596 5087 1675 5158 τῷ
1732 5088 2034 5161 μὴίεχοντι,

458 5161 689 5215 tribuere
712 5161 760 5214 ei
772 5159 879 5231 qui
909 5159 1013 5214 nan
1037 5159 1210 5216 habet.
1239 5160 1311 5214 De
1336 5159 1599 5224 oratione,
1635 5174 1756 5231 cap.
1804 5160 1895 5231 ξιξ),
1937 5161 2041 5231 πᾶ-

462 5245 562 5302 σαν
593 5228 856 5302 ἐργασίαν
894 5231 1126 5284 ἐντολῶν
1167 5233 1223 5282 ἐν
1249 5231 1387 5300 αὐτῇ
1446 5228 1892 5299 περικεκλεῖσθαι
1915 5246 1927 5259 ο
1953 5230 2040 5282 in-

459 5298 602 5354 cludi
626 5298 687 5355 in
720 5318 781 5354 ea
827 5317 1034 5354 omnem
1066 5298 1428 5370 operationem
1458 5301 1752 5353 virtutum:
1783 5314 1946 5370 quam
1983 5307 2040 5370 ει

461 5371 1010 5451 κεφαλαιωδεστέραν
1036 5369 1276 5451 maxime
1301 5370 1518 5451 probat,
1545 5385 1667 5450 cap.
1696 5370 1817 5431 154,
1845 5369 1924 5423 sic
1949 5369 2038 5451 ni:

460 5437 663 5493 mirum
698 5437 1081 5504 summariam,
1114 5450 1173 5495 ut
1202 5437 1341 5495 nihil
1370 5441 1424 5493 in
1451 5437 1639 5509 specie
1669 5454 1916 5503 oremus,
1940 5437 2038 5493 sed

461 5511 640 5581 solum
666 5511 761 5564 Dei
801 5527 1026 5581 regnum
1074 5519 1130 5564 et
1163 5511 1474 5565 doctrinam
1526 5511 1649 5579 ejus
1704 5524 2034 5581 quaeramus.

463 5579 565 5650 llic
592 5579 1175 5650 Maximus'generales
1205 5582 1440 5636 virtutes
1490 5589 1671 5640 vocat.
1706 5596 1829 5648 qua:
1857 5579 2036 5650 pluri-

462 5647 587 5714 bus,
627 5666 722 5705 seu
748 5647 913 5711 etiam
935 5650 1194 5705 omnibus
1215 5651 1562 5715 conducant;
1590 5666 1698 5703 non
1727 5647 1874 5719 quod
1901 5649 2040 5703 alias

463 5733 658 5801 omnes
686 5722 1156 5801 complectantur;
1223 5737 1329 5801 qua
1393 5720 1609 5801 ratione
1657 5718 1771 5773 sola
1814 5718 2037 5801 dilectio

463 5787 561 5848 Dei
594 5798 645 5845 ct
668 5787 925 5860 proximi,
975 5787 1256 5845 omnium'
1285 5789 1516 5844 ἐντολῶν
1561 5790 2033 5860 περιεκτικωτάτη

2212 4524 2295 4596 (π)
2323 4524 2602 4595 Εὑχερῶξ·
2628 4528 2729 4581 καὶ
2767 4524 2854 4596 μὴ
2887 4528 3338 4595 προσηκόντως.
3385 4529 3587 4586 Addidi
3610 4547 3712 4587 ne-

2139 4597 2441 4668 gationem,
2484 4597 2632 4668 quod
2661 4613 2860 4652 vocum
2879 4597 3144 4668 ropposita
3167 4600 3395 4654 omnino
3429 4601 3718 4665 ratio,nec

2139 4667 2319 4736 possit
2340 4667 2543 4736 aliquis
2573 4667 2656 4723 sic
2685 4667 2949 4737 εὐχερῶς,
3008 4667 3108 4723 leui
3132 4684 3196 4723 ea:
3237 4685 3401 4724 causa
3430 4679 3481 4724 et
3523 4681 3718 4726 temere

2139 4738 2209 4793 ad
2235 4738 2462 4810 sensilia
2489 4738 2852 4803 descendere,
2887 4747 2943 4810 et
2973 4740 3379 4810 προσηκόντως,
3404 4745 3716 4795 convenien-

2142 4816 2223 4880 ter
2241 4809 2505 4880 justaque
2534 4816 2591 4863 et
2613 4824 2771 4878 aequa
2808 4808 3065 4874 ratione;
3096 4808 3377 4879 quomodo
3405 4813 3571 4865 etiam
3589 4827 3715 4880 per—

2140 4878 2271 4934 lecti
2313 4878 2369 4932 in
2401 4880 2514 4934 illis
2550 4887 2866 4940 versantur,
2920 4880 3074 4933 nullo
3098 4878 3196 4932 aut
3238 4880 3343 4932 levi
3407 4896 3509 4935 suo
3538 4878 3715 4934 detri—

2142 4957 2354 5012 mento,
2379 4950 2529 5019 quod
2571 4949 2749 5019 ipsum
2799 4949 3112 5019 luculenter
3152 4950 3318 5019 justas
3368 4950 3716 5005 necessitatis

2140 5018 2352 5075 sarciat
2379 5018 2541 5079 ratio,
2591 5018 2656 5074 ac
2679 5018 2976 5073 eharitatis'
2994 5019 3109 5087 ipsa
3157 5018 3279 5072 lex:
3316 5033 3419 5072 nec
3447 5019 3722 5073 Maximus

2140 5089 2212 5142 ab
2242 5089 2514 5157 ejusmodi
2533 5088 2826 5151 descensu,
2855 5103 2953 5141 sua
2981 5088 3085 5158 hac
3109 5087 3382 5158 sententia
3433 5100 3501 5142 ac
3528 5105 3714 5143 exem-
3770 5154 3774 5158 _

2140 5158 2252 5227 plo,
2273 5156 2470 5211 debuit
2490 5159 2794 5221 deterrere,
2846 5157 2963 5227 sed,
2997 5157 3173 5210 solum
3206 5172 3237 5211 a
3296 5156 3503 5225 priore.
3554 5158 3714 5227 Quod
3742 5206 3747 5227 ξ

2138 5224 2263 5281 erat
2295 5229 2354 5279 ἐν
2387 5231 2501 5290 τοῖς
2540 5227 2726 5289 θείοις,
2759 5226 2967 5280 mutavi
3003 5228 3063 5277 ἐν
3090 5228 3203 5288 τοῖς
3256 5224 3502 5289 οἰκείοις.
3547 5224 3751 5283 Planci

2139 5297 2287 5353 enim
2303 5296 2590 5367 componit
2610 5304 2851 5367 mentem
2886 5310 3093 5367 secum
3120 5295 3315 5367 ipsam,
3345 5304 3407 5349 ut
3439 5296 3713 5367 spiritalia

2140 5375 2405 5430 sectatur,
2432 5364 2494 5421 et
2523 5375 2583 5420 ut
2608 5381 2668 5420 se
2700 5365 2767 5419 ad
2798 5380 3022 5419 sensum
3062 5364 3345 5420 demittit:
3383 5364 3497 5436 quo
3521 5365 3712 5436 priore

2140 5437 2304 5491 modo
2338 5436 2390 5489 in
2459 5437 2658 5506 ropriis
2679 5444 2956 5495 versatur,
2990 5444 3047 5488 et
3082 5443 3142 5488 ut
3180 5450 3336 5489 mens
3370 5435 3504 5505 agit,
3525 5435 3617 5498 τὸ,
3654 5438 3714 5488 ἐν

2140 5506 2217 5557 τῶ
2246 5452 2533 5557 ιιάγεσὲαι.
2577 5506 2824 5557 nroclive
2847 5513 3076 5557 mutem.
3126 5503 3235 5557 πρὸ
3276 5502 3371 5557 τοῦ
3417 5505 3709 5557 μάνεσθαιο

2138 5506 2217 5575 τῷ
2246 5502 2541 5576 μάχεσθαι,
2577 5506 2824 5575 proclive
2847 5513 3076 5568 mutem,
3126 5502 3371 5576 προτοῦ
3412 5502 3709 5576 μάχεσθαι’

2140 5574 2262 5629 ante
2294 5574 2550 5646 pugnam,
2573 5574 2697 5644 qua:
2724 5583 2875 5646 certe
2906 5590 3102 5646 magna
3133 5574 3292 5646 ducis
3319 5574 3712 5646 imprudentia

2138 5657 2240 5709 est,
2275 5643 2406 5700 dum
2441 5643 2632 5715 copias
2662 5643 3055 5715 deterit_q11:tSi
3090 5643 3374 5699 volitando
3411 5643 3469 5715 et
3513 5659 3713 5699 excur-

2141 5716 2333 5779 rendo,
2365 5713 3188 5793 ante—justipraaliimolem,
3238 5730 3350 5786 quo
3405 5714 3473 5769 de
3528 5728 3716 5793 rerum

2138 5802 2349 5841 summa
2378 5786 2794 5842 decernendum
2818 5785 2910 5841 sit.
