4122 6322
456 331 585 394 ιλιι

1614 335 1671 394 S.
1705 335 1990 397 ΜΑΧΙΜΙ
2031 337 2541 399 CONFESSORIS

3575 335 3715 401 “3‘2

452 442 764 508 pluriumve
808 442 1089 499 consortio
1132 444 1335 514 agitur,
1374 443 1527 499 seriae
1565 445 1737 517 magis
1778 462 1842 501 ac
1876 463 2026 517 repe-

2137 450 2311 520 σχιδετ
2337 449 2509 520 ψυχῇ.
2562 443 2813 520 λογισμοὶ
2876 449 2975 520 μὲν
3017 450 3421 521 ἀπελήλανται·
3477 448 3598 513 νόες
3653 450 3713 502 δὲ

453 535 565 589 tiam
607 534 1067 605 immorantesque
1108 536 1491 607 cegitationes.
1536 534 1803 594 Ctetcrbm
1836 542 2025 595 animo

447 625 543 694 qui
594 625 782 680 multis
819 625 1026 680 divisus
1067 635 1172 695 est,
1208 627 1512 682 abscedunt
1555 628 1779 699 quidem
1824 630 2029 702 cogita-

451 716 662 781 tiones;
700 723 911 783 mentes
942 730 1076 771 vero
1110 716 1239 772 solae
1277 718 1603 787 corporibus
1633 718 1792 774 nuda:
1820 719 1899 774 illi
1932 736 2026 776 ac-

2137 543 2285 611 μόνοι
2329 543 2525 611 γυμνοὶ⁸
2575 543 2843 613 σωμάτων
2875 541 2950 613 (y)
3002 543 3137 613 αὐτῇ
3199 541 3706 612 προσπελάζοντες,

2135 633 2259 696 τοὺς
2310 636 2439 703 περὶ
2498 633 2761 705 Προνοίας
2799 633 2892 686 καὶ
2948 633 3182 704 κρίσεως
3238 634 3454 702 λόγους,
3487 633 3715 696 ὥςτινα

2136 723 2360 793 θεμέλια
2393 725 2494 794 γῆς
2532 723 3029 788 ἀνακαλύπτοντες,
3053 724 3190 795 αὐτῇ
3224 722 3637 803 ἐμφανίζουσιν.

446 803 707 861 cedentes
747 803 1035 862 manifeste
1083 815 1379 877 apparent,
1418 807 1785 865 Providentiae
1832 825 1897 865 ac
1965 811 2197 881 judicii,
2265 814 2416 869 velut
2460 815 2709 885 quaedam
2759 813 3115 870 fundamenta
3158 823 3341 880 teme,
3407 815 3715 871 revelantes

445 895 692 951 rationes
729 896 797 949 ³⁸.

510 987 680 1061 656
730 988 850 1044 151.
893 989 1284 1061 Cogitationes,
1325 1005 1429 1046 nec
1476 992 1645 1062 partis
1686 1001 1819 1046 sunt
1856 994 2031 1049 animi

445 1080 685 1135 carentis
724 1079 956 1145 ratione,
990 1097 1101 1136 non
1134 1082 1283 1136 enim
1318 1082 1577 1152 cogitatio
1611 1083 1686 1156 (id
1722 1092 1827 1149 est,
1858 1085 2029 1140 ratio-

444 1166 672 1239 cinatio)
718 1169 776 1223 in
827 1167 1008 1224 brutis
1055 1178 1169 1236 est;
1222 1185 1403 1241 neque
1456 1171 1656 1226 mentis
1698 1180 1856 1237 sunt,
1902 1190 2027 1229 nam

445 1277 623 1332 neque
682 1262 742 1316 in
796 1262 1027 1333 angelis.
1083 1262 1221 1318 Cum
1275 1279 1407 1335 ergo
1461 1262 1738 1319 facultatis
1797 1265 2028 1322 rationis

442 1351 689 1421 germina
738 1351 870 1417 sint,
905 1353 1058 1408 velut
1086 1353 1253 1418 scala,
1294 1352 1551 1408 facultate
1596 1361 1817 1410 utentes
1858 1354 2028 1411 infor-

445 1451 627 1497 mante
658 1442 893 1514 species,
914 1458 950 1498 a
972 1459 1138 1500 sensu
1176 1445 1244 1500 ad
1280 1456 1521 1501 mentem
1554 1447 1879 1513 ascendunt,
1906 1466 2027 1521 qum

443 1545 573 1591 sunt
617 1535 767 1591 illius
814 1538 866 1592 ei
916 1538 1272 1605 nuntiantes;
1323 1540 1775 1613 descenduntque
1818 1558 1885 1599 ex
1935 1545 2025 1600 illa

2210 998 2346 1069 ρ).α’.
2380 1001 2443 1052 Οἱ
2490 998 2761 1070 λογισμοὶ,
2793 997 2920 1053 οὔτε
2964 997 3057 1051 τοῦ
3110 997 3305 1065 ἀλόγου
3355 996 3556 1067 μέρους
3602 998 3712 1050 εἰσὶ

2134 1092 2234 1160 τῆς
2269 1090 2451 1162 ψυχῆς
2469 1107 2481 1120 ·
2519 1092 2641 1144 ούδέ
2678 1092 2788 1162 γάρ
2814 1088 3203 1159 ἐπιλογισμδς
3234 1091 3292 1141 ἐν
3321 1090 3432 1152 τοῖς
3459 1088 3674 1155 ἁλόγρις
3695 1103 3711 1117 ·

2133 1181 2255 1236 οὔτε
2299 1182 2391 1235 τοῦ
2451 1181 2816 1253 νοεροῦ·ἐπεὶ
2870 1181 3007 1253 μηδὲ
3055 1184 3113 1233 ἐν
3144 1179 3429 1247 ἀγγέλοις⁶
3456 1179 3627 1249 αὐτῆς
3653 1178 3711 1230 δὲ

2133 1275 2232 1342 τῆς
2274 1274 2499 1344 λογικῆς
2531 1274 2684 1337 ὄντες
2740 1274 3078 1343 γεννήματα,
3110 1272 3185 1334 ὡς
3219 1270 3449 1338 κλίμακι
3479 1271 3545 1341 τῇ
3577 1286 3711 1337 φαν-

2132 1365 2301 1436 τασίᾳ
2340 1364 2643 1436 χρώμενοι,
2697 1362 3051 1418 ἀναϐαίνουσι
3098 1362 3199 1432 μὲν
3264 1361 3397 1431 πρὸς
3447 1358 3539 1411 τὸν
3582 1356 3709 1411 νοῦν

2130 1455 2239 1510 ἀπὸ
2274 1456 2372 1526 τῆς
2422 1455 2747 1528 αἰσθήσεως,
2776 1454 2847 1508 τὰ
2898 1452 3110 1523 ἐκείνης
3161 1450 3307 1521 αύτῷ
3344 1448 3712 1517 ἀπαγγέλλον-

2132 1564 2250 1609 τες·
2292 1546 2682 1601 καταϐαίνουσι
2709 1546 2769 1600 δὲ
2802 1544 2938 1615 πρὸς
2968 1544 3136 1615 αὐτὴν
3159 1543 3219 1609 ἐξ
3246 1542 3411 1597 αὐτοῦ
3465 1543 3536 1596 τὰ
3560 1542 3705 1597 ἐκεί-

444 1625 510 1679 ad
575 1626 791 1695 ipsum,
847 1642 970 1697 qum
1022 1630 1142 1700 ejus
1198 1639 1327 1686 sunt
1382 1631 1462 1685 illi
1516 1632 1851 1689 documento
1913 1645 2025 1689 tra-

2130 1652 2222 1690 vou
2249 1635 2647 1707 ὑποτιθέμενοι.

445 1715 661 1771 dentes.
716 1734 719 1737 ν

517 1809 637 1863 152.
681 1810 845 1865 Velut
892 1811 1118 1882 quidam
1171 1827 1202 1866 e
1244 1815 1525 1883 profundo
1569 1833 1791 1874 sursum
1846 1836 2029 1875 emer-

437 1909 657 1969 gentes,
690 1916 776 1964 ac,
819 1917 931 1972 quo
971 1903 1225 1974 adiutore
1272 1914 1520 1974 utantur,
1563 1927 1897 1982 quemquam
1935 1929 2032 1984 ap-

438 1992 791 2058 prehendere
839 1995 1082 2052 nitentes
1106 1997 1296 2070 illique
1330 2001 1639 2068 adhtercrc,
1672 2005 1754 2060 sic
1785 2006 1939 2061 malae
1971 2023 2029 2063 se

441 2084 802 2153 cogitationes
827 2087 1138 2155 habebunt,
1165 2090 1296 2147 dum
1324 2094 1461 2149 ratis
1484 2095 1538 2149 in
1569 2097 1818 2162 modum,
1845 2099 2029 2170 iacry-

443 2189 660 2228 marum
692 2175 906 2230 diluvio
939 2178 1138 2235 vitium
1166 2180 1224 2234 in
1262 2183 1574 2253 perieulum
1604 2197 1854 2243 vocatur.

517 2264 637 2318 153.
680 2266 790 2321 Pro
824 2268 1074 2339 subjecta
1106 2272 1286 2327 animi
1326 2274 1617 2344 qualitate,
1647 2278 1756 2344 vel,
1797 2286 1857 2334 ut
1880 2279 2031 2350 pira—

446 2365 626 2412 tarum
689 2372 844 2413 more
900 2361 1081 2431 pelagi
1132 2362 1411 2432 profundo
1462 2378 1744 2439 mergant,
1797 2372 1916 2438 vel,
1970 2381 2031 2428 ut

444 2446 622 2502 instar
668 2449 935 2521 remigum
985 2452 1263 2510 laboranti
1309 2457 1480 2513 maris
1522 2461 1772 2529 periculo
1816 2463 2030 2533 pariter

444 2554 605 2610 opem
642 2539 846 2607 ferant,
881 2543 1030 2600 circa
1067 2560 1198 2601 eum
1239 2559 1514 2619 coguntur
1561 2553 1925 2623 cogitationes
1964 2571 2030 2612 ac

445 2633 719 2699 rationes;
760 2635 886 2691 alia:
930 2636 1157 2708 quidem
1204 2638 1261 2694 in
1307 2641 1540 2713 pelagus
1586 2644 1869 2700 trahentes
1916 2654 2031 2701 tur-

442 2724 595 2793 pium
654 2725 1085 2798 cogitationum;
1140 2731 1263 2787 alia:
1319 2747 1453 2789 vero
1508 2736 1812 2805 proximam
1873 2751 2026 2795 oram

256 2832 275 2841 ν
346 2886 349 2889 η
436 2816 709 2887 legentes,
754 2825 815 2871 ut
848 2819 923 2874 ad
972 2822 1269 2893 tranquilla
1309 2834 1551 2885 mentem
1597 2827 1783 2883 littora
1827 2826 2027 2898 impel-

441 2908 570 2969 lant

512 3002 636 3057 ἰδ-1.
681 3001 988 3074 Septimum
1024 3006 1205 3062 inanis
1235 3008 1425 3078 gloriae
1457 3008 1677 3077 vitium,
1699 3010 1798 3081 qui
1832 3020 1894 3068 ut
1926 3027 2025 3066 ex-

439 3105 675 3151 tremam
722 3096 967 3154 tunicam
1008 3109 1274 3156 excutere
1315 3101 1450 3157 velit
1490 3101 1731 3167 animus,
1778 3102 1882 3157 nisi
1930 3103 2028 3157 illo

436 3188 728 3259 superiora
774 3190 1023 3256 exuerit,
1074 3190 1224 3247 haud
1270 3192 1445 3263 possit
1488 3201 1738 3249 octavam
1785 3202 2029 3265 postmo-

436 3278 573 3331 dum
590 3279 1001 3349 superinduere
1030 3282 1445 3354 cogitationem,
1475 3300 1641 3354 quam
1667 3293 1723 3340 et
1744 3286 2025 3342 cmlcstem

444 3369 844 3426 habitationem
875 3387 1076 3428 vocare
1109 3375 1509 3431 novitdivinus
1538 3376 1837 3445 Apostolus
1871 3377 1937 3442 '°,
1963 3391 2029 3431 ac

438 3478 541 3532 per
588 3463 831 3534 gemitus
885 3480 1013 3521 eum
1063 3467 1494 3536 superinduere,
1548 3468 1644 3538 qui
1692 3469 1814 3539 ejus
1860 3483 2025 3524 causa

442 3556 684 3613 terrenis
716 3557 850 3612 nudi
889 3558 1182 3615 exsistant.

513 3648 638 3704 155.
675 3648 942 3706 Perfecta:
972 3651 1206 3706 orationi
1235 3651 1404 3723 objici
1431 3652 1612 3708 solent
1640 3652 2025 3723 cogitationes,

442 3734 655 3805 angeli;
718 3735 949 3801 mediae,
994 3738 1305 3809 spiritales;
1371 3740 1821 3807 rudimentariae,
1867 3750 2031 3797 natu-

442 3828 612 3885 rales.
1664 3818 1675 3828 ’

510 3919 636 3976 156.
672 3919 1148 3988 Quemadmodum
1185 3925 1341 3995 grani
1376 3941 1647 3996 generosa
1675 3926 1761 3981 vis
1793 3941 1889 3996 per
1920 3926 2030 3997 cpi.

441 4026 560 4066 eam
604 4012 944 4068 manifestari
982 4014 1143 4077 solet,
1189 4017 1272 4070 sic
1306 4024 1363 4070 et
1410 4015 1896 4084 contemplationis
1934 4032 2029 4071 ve-

440 4102 576 4157 ritas
600 4119 700 4174 per
727 4105 1058 4160 orationem.
1092 4105 1171 4159 Ac
1204 4106 1353 4175 Spica
1384 4106 1607 4175 quidem
1640 4107 1790 4162 velut
1819 4118 2029 4163 armata

440 4192 687 4263 quaedam
739 4196 950 4267 spicula
995 4197 1205 4252 circum
1254 4197 1452 4252 aristas
1500 4197 1687 4261 habet,
1729 4213 1853 4268 quae
1894 4214 2026 4253 aves

440 4288 650 4344 semina
699 4291 947 4361 legentes
993 4300 1255 4357 arceant;
1294 4291 1473 4348 oratio
1511 4307 1645 4346 vero
1681 4307 1776 4348 eas
1817 4291 2025 4364 cogita-

434 4379 620 4436 tiones
648 4397 769 4451 quze
807 4382 1269 4453 philosophantur
1301 4384 1353 4438 in
1386 4383 1808 4448 tentationibus,
1837 4393 1898 4439 ut
1927 4384 2025 4439 ad-

440 4481 728 4528 versantes
762 4474 1111 4528 interimant.

514 4565 635 4618 157.
671 4564 803 4630 Quae
845 4566 1015 4621 animi
1054 4568 1234 4623 oculis
1284 4567 1582 4637 conspicua
1621 4578 1749 4624 sunt
1786 4569 2026 4637 (actione

439 4654 676 4723 scilicet)
700 4656 853 4711 velut
876 4657 1147 4712 columine
1173 4674 1366 4728 pennre
1393 4659 1760 4731 deargentaue
1787 4669 1918 4714 sunt
1943 4661 1986 4692 ³⁷
2009 4679 2022 4713 :

514 4834 556 4864 ³³
589 4831 732 4888 Psal.
782 4848 909 4891 xvu,
952 4830 1033 4884 lli.

516 4990 591 5061 (ῃ)
622 4991 775 5061 Νόες
802 4990 979 5061 μόνον
1012 4989 1222 5061 γυμνοὶ
1258 4990 1570 5058 σωμάτων.
1589 4991 1732 5059 Quas
1755 4995 1844 5049 hic
1872 5012 2026 5051 men-

443 5059 701 5132 tes’vocat
721 5059 1009 5132 Maximus,
1049 5060 1181 5130 ipsae
1218 5061 1329 5132 sint
1352 5078 1471 5132 qua:
1501 5064 1865 5132 cogitationes
1904 5082 2030 5123 suc-

442 5131 688 5206 cendunt
729 5138 907 5206 atque
949 5130 1246 5206 daemones,
1284 5130 1381 5187 sic
1419 5130 1685 5189 nimirum
1727 5137 2031 5206 profligatae

445 5202 567 5275 vitae
592 5200 918 5275 hominibus
942 5204 1291 5275 praesentiam
1343 5214 1440 5275 aut
1460 5205 1616 5275 quasi
1633 5200 2021 5275 praesentiam,

445 5273 649 5326 nudam
703 5271 1067 5325 exhibentes:
1119 5274 1273 5328 velut
1319 5271 1491 5328 etiam
1541 5271 1758 5332 mentes
1797 5287 2020 5337 sanctzc.

444 5341 663 5415 eximia:
695 5341 1008 5395 sanctitatis
1039 5342 1196 5405 viris,
1222 5344 1561 5415 quandoque
1621 5345 1772 5415 ipsae,
1822 5364 1933 5402 non
1967 5348 2020 5402 in

446 5412 674 5472 somnis,
717 5422 814 5465 aut
856 5420 1143 5482 moventes
1178 5414 1288 5466 vim
1321 5412 1657 5482 cogitandi;‘
1685 5418 1781 5472 sed
1831 5432 2021 5472 coram

448 5482 741 5557 praesentia
762 5481 919 5557 quasi
963 5483 1239 5557 corporali
1271 5481 1572 5557 apparent,
1601 5485 1902 5557 divinaque
1925 5503 2022 5543 cos

448 5551 687 5602 docent:
721 5551 815 5625 qui
871 5550 1435 5625 gradus__propbeti:c
1483 5554 1609 5609 aliis
1664 5557 1773 5625 jam
1811 5550 2020 5623 'dictis,

452 5625 678 5670 auctore
724 5618 890 5670 etiam
940 5618 1192 5687 angelico
1234 5618 1514 5686 'Doctore,
1564 5618 1729 5679 altior
1776 5618 2017 5682 exsistit.

448 5687 698 5739 Obscura
712 5695 899 5757 tamen
934 5694 1048 5757 tota
1084 5689 1173 5743 hic
1210 5689 1426 5743 Maximi
1456 5707 1611 5746 mens
1636 5704 1691 5746 et
1722 5695 1979 5750 doctrina
2003 5740 2017 5757 ,

452 5771 516 5809 ac
549 5769 680 5808 num
710 5754 811 5822 ipsi
841 5755 956 5807 sine
989 5756 1242 5812 discursu
1282 5772 1584 5827 conceptus
1624 5766 1823 5819 mentis
1858 5754 2016 5819 allio;

2204 1813 2337 1884 ρλβ’.
2373 1814 2471 1877 ’Ὧς
2502 1830 2649 1878 τινες
2694 1810 2758 1867 ἐκ
2790 1812 2954 1884 βυθοῦ
2986 1812 3404 1884 ἀναφερόμενοι,
3437 1810 3533 1864 καί
3561 1826 3708 1873 τινος

2132 1907 2211 1969 εἰς
2264 1904 2521 1979 βοήθειαν
2583 1904 2941 1961 ἐπιλαϐέσθαι
2990 1902 3350 1974 πειρώμενοι,
3379 1905 3429 1956 οἱ
3478 1901 3709 1972 πονηροὶ

2135 1999 2389 2070 λογισμοὶ
2415 1999 2827 2070 εὑρεθήσονται,
2842 1992 3044 2053 ὁλκάδα
3070 1999 3343 2070 καθάπερ,
3366 1994 3709 2052 κινδυνευού-

2132 2107 2237 2160 σης
2268 2091 2369 2160 τῆς
2394 2091 2595 2155 κακίας
2633 2088 2887 2173 δακρύων
2920 2086 3309 2158 κατακλυσμῷ.

2205 2270 2335 2342 ρλγ’.
2367 2272 2527 2325 Κατὰ
2551 2271 2651 2340 τὴν
2695 2270 3060 2341 ὑποκειμένην
3087 2269 3350 2339 ποιότητα
3373 2267 3475 2337 τῆς
3503 2266 3704 2337 ψυχῆς,

2130 2364 2165 2436 ἢ
2196 2366 2274 2429 ὡς
2314 2364 2573 2436 πειραταὶ
2624 2362 3066 2433 καταποντίζειν,
3090 2363 3122 2432 ἢ
3146 2362 3221 2426 ὡς
3249 2361 3433 2433 ἐρέται
3460 2360 3707 2431 συμϐοη-

2132 2456 2248 2510 θείν
2279 2455 2687 2527 κινδυνευούσῃ,
2713 2457 2770 2509 οἱ
2818 2455 2948 2524 περὶ
2980 2454 3148 2524 αὐτὴν
3190 2454 3515 2522 συνάγονται
3556 2453 3708 2520 λογι-

2126 2549 2294 2620 σμοίο
2350 2549 2404 2615 οἱ
2449 2548 2549 2617 μὲν
2594 2546 2733 2617 πρὸς
2780 2548 3016 2615 πέλαγος
3051 2544 3271 2598 ἐννοιῶν
3302 2544 3555 2606 ἕλκοντες
3598 2542 3706 2596 τῶν

2130 2639 2398 2713 ἀπρεπῶν
2423 2638 2737 2709 λογισμιῖινο
2786 2640 2836 2691 oi.
2882 2637 2939 2691 δὲ
2972 2637 3069 2709 τὴν
3102 2632 3270 2691 ἆσσον
3303 2636 3709 2708 παρεκλεγόμε·

2130 2750 2234 2798 νοι,
2268 2733 2361 2787 καὶ
2396 2731 2533 2802 πρὸς
2558 2731 2852 2803 γαληνίους
2883 2730 3056 2793 ἀκτὰς
3084 2729 3177 2784 τὸν
3227 2728 3351 2783 νοῦν
3392 2728 3708 2783 ἐποκείλου-

2132 2842 2234 2880 σιν.

2204 3004 2333 3078 ρλδῖ
2368 3005 2637 3076 Ἕϐδομον
2684 3003 2777 3057 τὸν
2808 3002 2911 3073 τῆς
2962 3000 3275 3068 κενοδοξίας
3336 2999 3595 3072 λογισμὸν
3635 2999 3706 3070 (z)

2128 3097 2280 3161 ὅντα,
2309 3096 2633 3169 ἡὲφιεμένη
2672 3093 2753 3157 ὡς
2809 3093 3036 3164 ἔσχατον
3079 3092 3449 3147 ἁποὸαλέσθαι
3502 3092 3708 3162 χιτῶνα

2128 3187 2295 3260 ψυχὴ,
2328 3190 2376 3242 εί
2402 3186 2483 3259 μὴ
2510 3186 2636 3251 τοὺς
2664 3186 2771 3258 πρὸ
2798 3185 2962 3240 αὑτοῦ
2988 3185 3388 3256 ἀπεκδύσηται,
3441 3186 3504 3237 ού
3543 3186 3707 3255 δυνή-

2131 3297 2283 3335 σεται
2336 3279 2454 3350 μετ’
2498 3278 2699 3341 αὐτοὺς
2751 3276 2939 3347 ὃγδοον
2997 3276 3411 3331 ἐπενδύσασθαι.
3460 3277 3559 3330 "Ov
3613 3278 3709 3330 καὶ

2128 3372 2443 3443 οἰκητήριον
2475 3370 2726 3441 οὐράνιον
2751 3369 2935 3422 καλεῖν
2956 3365 3098 3422 οἶδεν
3125 3370 3152 3423 ό
3177 3369 3319 3431 θεῖος
3354 3366 3705 3435 ’Δπόστολος,

2128 3464 2223 3518 καὶ
2256 3463 2345 3516 διὰ
2399 3460 2722 3531 στεναγμῶν
2761 3460 3121 3516 ὲπενδύεσθαι
3170 3462 3297 3523 τοὺς
3330 3458 3398 3514 δι’
3422 3459 3561 3514 αὐτὸ
3597 3460 3709 3514 τῶν

2132 3554 2330 3610 ὑλικῶν
2363 3552 2824 3625 γυμνητεύοντας.

2201 3646 2335 3719 ρλε’.
2364 3644 2444 3717 Τῇ
2478 3646 2577 3717 μὲν
2618 3646 2802 3719 τελείᾳ
2851 3646 3010 3718 εὐχῇ,
3064 3643 3283 3714 ἄγγελοι
3334 3644 3709 3714 παραϐάλλειν

2130 3740 2407 3810 πεφύκασι
2429 3739 2706 3806 λογισμοί’
2748 3743 2814 3809 τῇ
2847 3739 2901 3792 δὲ
2937 3741 3097 3812 μέσῃ,
3126 3736 3517 3808 πνευματικοί·
3544 3739 3611 3809 τῇ
3649 3736 3709 3790 δὲ

2152 3836 2511 3904 είσαγωγικῇ,
2554 3835 2608 3886 οὶ
2662 3832 2993 3904 φυσιολόγοι.

2196 3929 2346 3997 ρλς’.
2385 3927 2597 3998 Ὥσπερ
2634 3925 2694 3979 τὸ
2733 3925 2949 3992 εὐγενὲς
2976 3921 3069 3978 τοῦ
3102 3923 3302 3977 κόκκου
3341 3922 3430 3977 διὰ
3455 3921 3548 3976 τοῦ
3582 3920 3712 3976 στά-

2130 4039 2282 4092 χυος,
2322 4020 2465 4074 οὕτω
2498 4018 2592 4074 καὶ
2640 4018 2702 4073 τὺ
2730 4017 3020 4089 εἰλικρινὲς
3055 4015 3155 4086 τῆς
3176 4013 3409 4084 θεωρίας
3429 4013 3516 4066 διὰ
3546 4029 3711 4084 προσο

2129 4114 2295 4183 ευχῆς
2349 4111 2540 4165 εἴωθεν
2583 4107 2982 4181 ἐμφανίζεσθαι
3003 4124 3018 4141 ’
3048 4106 3315 4176 κέκτηται
3337 4104 3399 4158 δὲ
3428 4107 3458 4159 ὁ
3482 4105 3601 4175 μὲν,
3631 4104 3715 4168 είς

2129 4200 2450 4272 ἀποτροπὴν
2498 4197 2608 4252 τῶν
2642 4196 3033 4268 σπερμολόγων
3085 4195 3312 4266 ὀρνέων,
3354 4189 3443 4249 οἷά
3479 4211 3602 4248 τινα
3632 4192 3716 4247 δό-

2132 4310 2293 4368 ρατα.
2326 4293 2453 4354 τοὺς
2495 4288 2979 4363 περιστοιχοῦντας
3016 4287 3348 4359 ἀνθέρικας·
3379 4287 3441 4339 τὸ
3472 4285 3551 4350 δὲ,
3583 4287 3714 4348 τοὺς

2131 4383 2551 4453 φιλοσοφοῦντας
2593 4384 2650 4435 ἐν
2702 4381 3030 4451 πειρασμοῖς
3079 4377 3395 4448 λογισμοὺς,
3442 4377 3578 4448 πρὸς
3611 4378 3714 4448 τὴν

2132 4475 2359 4528 ἐκείνων
2393 4474 2516 4528 ἁναί
2522 4489 2581 4544 ρε
2590 4490 2693 4526 σιν.

2204 4565 2340 4637 ρλζη
2381 4567 2462 4619 Τὰ
2490 4566 2587 4636 μὲν
2615 4563 2871 4636 ὁρώμενα
2899 4564 3001 4635 τῆς
3032 4561 3230 4634 ψυχῆς,
3278 4562 3366 4615 διὰ
3416 4562 3517 4634 τὴν
3564 4562 3711 4631 πρᾶ-

2135 4659 2238 4726 ξιν,
2276 4658 2609 4729 περιστερᾶς
2633 4655 3133 4729 περιηργυρωμένα
3162 4653 3414 4724 καθάπερ
3444 4653 3555 4708 εἰσὶ
3575 4670 3713 4706 πτε-

1116 4831 1158 4861 ³⁶
1186 4831 1227 4885 ll
1252 4831 1379 4887 Cor.
1410 4850 1464 4897 ν,
1489 4834 1542 4887 2.
1622 4834 1664 4864 ⁸⁷
1699 4834 1839 4887 Psal.
1876 4850 2035 4897 vau,
2076 4835 2156 4889 1-1.

2134 5016 2246 5059 res.
2273 4998 2369 5055 ita.
2404 4994 2583 5050 vocati
2602 4996 2735 5059 νόες.

2209 5070 2279 5141 (z)
2314 5068 2427 5122 Τὸν
2457 5062 2565 5134 τῆς
2583 5064 3289 5141 ’κενρδοξίας-λογισιέόν.
3316 5067 3521 5141 Vitium
3534 5078 3715 5141 sonat

2138 5134 2232 5193 illa
2255 5134 2381 5201 vox,
2418 5152 2543 5192 cum
2567 5135 2635 5190 de
2669 5137 2873 5192 talibus
2911 5134 3419 5191 dicitur.'Vitiosas
3473 5138 3568 5192 alii
3621 5155 3714 5192 eo-

2130 5210 2468 5277 gitationes,
2516 5216 2737 5273 vocant,
2788 5206 2857 5261 de
2917 5206 3122 5277 quibus
3158 5215 3381 5262 exstant
3429 5206 3711 5272 Cassiani,

2132 5280 2264 5342 Nili,
2296 5287 2353 5332 et
2386 5278 2641 5347 aliorum,
2661 5285 2951 5331 tractatus.
2981 5276 3204 5347 Septem
3245 5291 3377 5345 ergo
3408 5293 3506 5332 seu
3530 5279 3709 5341 vitiis,

2134 5365 2234 5404 seu
2265 5348 2486 5401 vitiosis
2526 5346 2984 5415 cogitationibus,
3032 5346 3261 5417 ipsaque
3299 5357 3582 5416 postremo
3618 5366 3715 5402 ex-

2126 5434 2288 5473 cussa
2324 5417 2507 5471 inanis
2552 5416 2743 5487 gloria:
2791 5417 2965 5479 labes,
3031 5416 3308 5487 superest,
3361 5428 3421 5470 ut
3451 5427 3711 5471 octavam

2126 5485 2672 5559 cogitationem,‘non
2700 5487 2811 5559 jam
2844 5487 3122 5559 vitiosam,
3153 5485 3249 5541 sed
3273 5503 3396 5559 quae
3422 5487 3579 5559 vitiis
3610 5503 3712 5541 seu

2126 5555 2421 5613 affectibus
2491 5556 2789 5609 eliminatis
2852 5557 3142 5619 succedit,
3202 5555 3709 5625 superinduamus;

2130 5643 2295 5697 quam
2352 5625 2703 5681 communitis
2730 5626 2996 5697 Maximus
3017 5627 3224 5695 aliique
3274 5624 3554 5697 Spiritales
3608 5624 3714 5695 τὴν

2130 5695 2670 5751 (indutam-avocant:
2717 5696 3060 5750 domicilium
3114 5698 3358 5759 caeleste,
3404 5695 3555 5765 quod
3616 5707 3715 5765 ge-

2133 5767 2438 5820 mitihusac
2464 5766 2716 5830 lacrymis
2759 5774 3005 5835 paratur.
