4122 6322
566 381 702 446 M35

1738 375 1798 434 S.
1841 369 2127 433 MAXIMI
2166 366 2676 428 CONFESSORIS

3699 364 3724 430 Ῑ
3742 367 3842 431 £36

561 498 1038 571 contemplationi.
1074 495 1227 551 Alter
1255 492 1482 564 quidem
1522 490 1580 546 in
1609 490 1698 545 his
1726 486 2154 559 philosophatur

2266 482 2484 553 ριτικός.
2528 482 2588 535 ’0
2616 483 2717 555 μὲν
2746 482 2805 536 ὲν
2834 484 2947 546 τοῖς
2967 481 3109 536 κατά
3131 481 3293 551 φύσιν
3323 481 3636 554 φιλοσοφῶν
3660 498 3673 512 ·
3706 487 3736 538 6
3756 486 3838 551 δὲ,

564 612 690 670 quae
713 605 842 649 sunt
869 606 939 646 ex
967 596 1191 654 natura;
1218 586 1358 641 alter
1379 599 1515 640 vero
1540 582 1596 637 in
1620 580 1873 636 oratione
1905 578 2153 647 seipsum

573 688 771 744 nescit.

522 824 523 827 η
634 778 755 832 147.
798 773 917 828 Νοη
950 770 1156 827 sinitur
1185 768 1400 824 activus
1428 765 1640 822 diutius
1670 764 1725 817 in
1755 759 1999 832 spiritali
2030 773 2157 813 con-

567 867 922 939 templatione
964 863 1193 918 morari.
1234 860 1526 916 Invenitur
1565 856 1714 912 enim
1757 862 1819 909 ut
1864 850 2010 922 apud
2054 848 2157 903 ali-

564 977 732 1034 quem
783 956 1029 1027 hospitio
1073 963 1358 1025 exceptus,
1399 966 1465 1007 ac
1506 950 1604 1021 qui
1647 948 1760 1003 cito
1804 944 1953 1000 illius
1992 942 2157 997 domo

565 1053 912 1126 egrediatur.

639 1149 763 1203 148.
805 1144 1198 1216 lngrediuntur
1232 1138 1397 1196 activi
1446 1137 1594 1192 inter
1626 1131 1921 1195 orandum,
1964 1136 2156 1200 portas

567 1239 955 1295 mandatorum
981 1236 1107 1301 Dei;
1131 1243 1190 1289 ut
1211 1248 1346 1288 vero
1362 1230 1529 1302 658
1548 1229 1605 1283 in
1637 1226 1777 1281 atria
1801 1226 2070 1279 virtutum
2098 1220 2153 1274 in

569 1330 823 1393 canticis,
871 1324 1307 1396 contemplativi.
1365 1322 1472 1377 Alii
1511 1319 1717 1391 gratias
1766 1322 1959 1385 agunt,
2005 1311 2157 1383 quod

570 1420 738 1476 soluti
770 1418 1006 1473 vinculis
1038 1424 1200 1482 sunt;
1236 1413 1350 1481 alii,
1381 1411 1529 1484 quod
1576 1418 1632 1466 et
1675 1408 1924 1479 captivos
1968 1404 2160 1459 hostes

570 1526 703 1566 suos
728 1518 1020 1580 ceperunt.

645 1600 769 1654 119.
809 1599 1047 1655 Necesse
1098 1603 1186 1653 est
1234 1611 1339 1667 pro
1381 1593 1616 1650 actionis
1665 1591 1877 1662 vigore,
1928 1602 2052 1643 esse
2101 1593 2160 1642 et

573 1688 1091 1758 contemplationis;
1121 1701 1194 1741 ne
1218 1686 1370 1741 velut
1402 1685 1459 1738 in
1482 1683 1609 1738 navi
1635 1696 1747 1736 non
1771 1678 2158 1736 convenienti-

572 1779 681 1834 bus
728 1778 1003 1849 justisque
1065 1776 1199 1831 velis
1252 1774 1560 1836 instructa,
1625 1771 1713 1826 vel
1771 1786 1883 1840 prae
1937 1767 2158 1824 illorum

573 1869 859 1925 nimietate
891 1867 1310 1924 vehementiore
1338 1864 1472 1920 ﬂatu
1498 1864 1673 1919 aleam
1703 1860 1923 1926 subeat,
1947 1860 2033 1915 vel
2058 1876 2161 1930 pro

574 1959 797 2014 illorum
853 1975 921 2015 ex
973 1958 1177 2031 navigii
1233 1957 1449 2013 ratione
1503 1954 1813 2028 parvitate,
1868 1958 2162 2009 ventorum

571 2052 846 2124 iacturam
879 2052 1064 2107 faciat.

650 2143 773 2198 150.
812 2143 946 2214 Ejus
988 2142 1191 2214 navigii
1226 2142 1374 2214 quod
1406 2141 1620 2197 ratione
1663 2139 1895 2211 regitur,
1927 2138 2162 2208 remiges

579 2235 758 2304 cogita
794 2235 916 2305 pias
952 2236 1333 2329 cogitationes.
1370 2236 1594 2299 Remos,
1633 2232 1832 2287 vitales
1871 2230 2044 2286 animi
2077 2229 2162 2284 fa-

579 2325 838 2392 cultates,
869 2326 1007 2381 iram
1038 2320 1499 2397 ct'cupiditatem,
1530 2324 1871 2380 voluntatem
1895 2330 1954 2377 et
1983 2320 2164 2376 consi-

582 2418 743 2472 lium.
783 2417 881 2473 His
916 2433 1135 2490 semper
1174 2434 1314 2489 Opus
1348 2417 1535 2482 habet,
1570 2416 1665 2487 qui
1699 2414 1903 2471 actioni
1935 2413 2159 2469 studet:

584 2527 697 2566 non
735 2526 953 2580 semper
982 2520 1167 2567 autem
1205 2510 1300 2581 qui
1340 2509 1528 2565 studet
1558 2506 2034 2578 contemplationi.
2063 2506 2164 2561 Hic

580 2606 728 2661 enim
776 2604 925 2659 inter
969 2604 1239 2660 orandum
1292 2602 1508 2658 cunctis
1557 2603 1743 2657 valere
1787 2601 1989 2673 jussis,
2046 2600 2164 2670 ipse

579 2696 821 2764 seipsum
851 2694 918 2748 ad
940 2693 1134 2765 jndicii
1158 2700 1431 2763 certaeque
1456 2691 1789 2763 cognitionis
1811 2690 2025 2746 clavum
2049 2690 2165 2744 col-

577 2788 804 2851 loeans,
863 2794 1086 2842 noctem
1138 2794 1307 2840 totam
1359 2783 1845 2855 contemplationis
1896 2781 2164 2836 insomnis

580 2880 711 2949 agit,
739 2879 905 2950 hujus
934 2894 1120 2934 rerum
1160 2876 1537 2932 universitatis
1562 2873 1940 2931 conservatori
1970 2872 2165 2928 laudes

578 2969 841 3024 oﬂ'erens.
893 2968 1002 3025 Sed
1044 2976 1102 3025 et
1147 2968 1479 3039 quandoque
1519 2966 1849 3022 amatorium
1885 2963 2164 3036 quoddam

578 3060 753 3115 melos
783 3075 1103 3125 assumens,
1138 3075 1239 3114 suo
1270 3059 1443 3129 ipsius
1476 3058 1679 3114 accinit
1707 3057 1919 3121 animo,
1964 3055 2164 3126 reliqui

2256 573 2352 629 καὶ
2383 576 2577 630 ἑαυτὸν
2601 574 2814 645 ἀγνοῶν
2848 577 2905 628 ὲν
2926 574 3005 645 τῷ
3036 571 3314 645 εὔχεσθαι.

2328 773 2471 843 ρμζκ
2503 772 2577 828 Οὐ
2620 774 2987 844 συγχωρεῖται
3012 773 3041 826 6
3074 773 3381 844 πρακτικὸς
3410 774 3491 836 εἰς
3538 791 3848 846 πνευματι-

2257 861 2359 933 κὴν
2388 864 2479 918 ἐπὶ
2514 865 2650 919 πολύ
2679 865 2916 936 θεωρίαν
2945 866 3326 936 ἐγκαρτερεῖν.
3363 865 3699 937 Εὐρίσκεται
3731 868 3845 939 γάρ

2256 957 2333 1019 ὡς
2362 955 2712 1021 ἐπιξενωθεὶς
2735 973 2865 1022 τινι,
2899 957 2994 1010 καὶ
3030 958 3129 1030 τῆς
3158 957 3372 1011 ἐκείνου
3403 959 3616 1029 ταχέως
3650 959 3839 1022 οἰκίας

2258 1046 2723 1118 ὐπεξερχόμενος.

2330 1146 2479 1211 ρμη’.
2511 1139 2600 1192 Ἐν
2622 1138 2820 1203 πύλαις
2846 1137 2944 1208 μὲν
2966 1137 3307 1208 εἰσέρχονται
3328 1139 3377 1192 οἱ
3408 1141 3704 1208 πρακτικοί
3729 1139 3840 1195 τῶν

2257 1230 2492 1285 ἐντολῶν
2536 1229 2632 1284 τοῦ
2675 1228 2810 1283 Θεοῦ
2855 1230 2914 1282 ὲν
2953 1228 3032 1298 τῷ
3061 1228 3319 1299 εὐχεσθαι
3340 1244 3351 1257 ·
3380 1229 3456 1292 ὡς
3477 1230 3535 1282 ὲν
3561 1229 3752 1292 αὐλαῖς
3782 1230 3841 1282 δὲ

2257 1322 2573 1393 ἀρετῶντέν
2625 1320 2836 1392 ὕμνοις.
2869 1322 2917 1374 οἰ
2951 1319 3314 1392 θεωρητικοίο
3365 1322 3414 1373 οἰ
3471 1321 3570 1391 μὲν
3613 1320 3838 1391 εὐχαριο

2260 1414 2533 1479 στοῦντες,
2573 1415 2655 1468 ὅτι
2698 1412 2969 1484 ἐλύθησαν
3008 1414 3119 1467 τῶν
3145 1413 3393 1483 δεσμῶν·
3428 1415 3483 1467 οἰ
3514 1414 3591 1476 δὲ,
3622 1414 3707 1467 ὅτι
3746 1414 3842 1467 καὶ

2259 1507 2640 1578 αἰχμαλώτους
2662 1506 2920 1576 εἰλήφασι
2950 1506 3080 1569 τούς
3100 1504 3479 1575 πολεμοῦντας
3510 1504 3731 1569 αὐτούς.

2333 1600 2480 1670 ρμθ’.
2509 1597 2630 1669 Χρὴ
2672 1597 2818 1653 κατά
2847 1597 2909 1651 τὸ
2959 1598 3058 1669 τῆς
3102 1597 3418 1668 πρακτικῆς
3465 1598 3686 1668 κράτος,
3743 1597 3843 1651 καὶ

2257 1688 2321 1743 τὸ
2348 1689 2446 1759 τῆς
2476 1688 2712 1761 θεωρίας
2759 1685 3129 1759 εὑρίσκεσθαι,
3159 1686 3245 1740 ἵνα
3276 1688 3353 1757 μὴ
3389 1687 3514 1740 καθ’
3546 1689 3842 1758 ὁμοιότητα

2261 1780 2448 1836 πλοίου
2476 1779 2572 1834 τοῦ
2607 1778 2682 1851 μὴ
2709 1777 3023 1849 κατάλληλα
3066 1777 3136 1832 τὰ
3171 1776 3317 1832 ἰστία
3355 1778 3780 1850 ἐπιφερομένου,
3805 1780 3841 1849 ἢ

2262 1872 2506 1925 κίνδυνον
2535 1870 2808 1943 ὑπομείνῃ
2850 1871 2909 1922 ὲν
2951 1869 3169 1940 ἀνέμων
3223 1869 3580 1940 σφοδρότησιν
3609 1869 3699 1923 διά
3743 1870 3846 1941 τὴν

2263 1962 2539 2033 ἀμετρίαν
2572 1960 2776 2027 αὐτῶν,
2812 1960 2846 2032 ἢ
2876 1960 3080 2038 ζημίαν
3111 1962 3440 2032 πνευμάτων
3467 1961 3555 2016 διὰ
3574 1960 3674 2033 τὴν
3703 1962 3845 2033 πρὸς

2260 2056 2324 2108 τὸ
2359 2056 2567 2124 σκάφος
2596 2054 2961 2126 σμικρότητα.

2335 2153 2435 2219 ρν’.
2484 2144 2712 2217 Ἐρέτας
2768 2145 2871 2216 μὲν
2915 2145 3012 2199 τοῦ
3053 2144 3276 2214 λογικοῦ
3332 2144 3543 2210 πλοίου,
3584 2146 3694 2200 νόει
3714 2147 3845 2210 τοὺς

2264 2239 2510 2302 εὐσεϐεῖς
2551 2237 2847 2308 λογισμούς
2867 2253 2881 2268 ’
2920 2236 3113 2301 κώπας
3165 2237 3245 2303 δὲ,
3278 2237 3378 2302 τὰς
3409 2238 3648 2303 ζωικάς
3673 2238 3840 2293 δυνά-

2266 2348 2390 2402 μεις
2414 2332 2511 2400 τῆς
2535 2329 2734 2400 ψυχῆς,
2766 2329 2939 2400 θυμὸν
2967 2330 3065 2383 καὶ
3113 2329 3432 2401 ἐπιθυμίαν,
3469 2330 3721 2403 βούλησιν
3747 2332 3845 2385 καὶ

2264 2422 2608 2492 προαίρεσιν.
2658 2419 2878 2474 Τούτων
2930 2421 2961 2473 6
3023 2420 3123 2492 μὲν
3184 2421 3511 2492 πρακτικὸς,
3569 2424 3628 2476 ὲν
3680 2422 3844 2494 χρείᾳ

2264 2512 2382 2565 ἐστὶ
2428 2512 2660 2566 πάντοτε
2685 2527 2697 2539 ·
2725 2510 2785 2564 οὐ
2820 2510 3050 2564 πάντοτε
3078 2510 3134 2566 δὲ
3164 2512 3193 2564 ὁ
3220 2512 3572 2584 θεωρητικός.
3620 2514 3707 2566 Ἐν
3733 2513 3843 2586 γὰρ

2264 2601 2341 2674 τῷ
2374 2602 2549 2674 καιρῴ
2585 2602 2688 2674 τῆς
2743 2603 2909 2673 εὐχῆς
2955 2604 3165 2674 χαίρειν
3215 2599 3370 2669 οὗτος
3432 2607 3599 2663 πᾶσιν
3648 2606 3841 2672 εἰπὼν,

2264 2694 2427 2757 αὐτὸς
2464 2693 2658 2747 ἑαυτὸν
2687 2694 2781 2745 ἐπὶ
2809 2694 2918 2747 τῶν
2950 2694 3051 2764 τῆς
3088 2694 3434 2765 διαγνώσεως
3460 2696 3662 2750 οἰάκων
3703 2697 3842 2750 καθ-

2268 2786 2416 2852 ίζων,
2447 2786 2537 2839 διὰ
2572 2786 2753 2857 πάσης
2786 2787 3059 2858 ἐγρήγορε
3085 2787 3183 2858 τῆς
3214 2789 3355 2841 κατά
3372 2788 3606 2859 θεωρίαν
3623 2789 3839 2852 νυκτὸς,

2263 2877 2499 2941 αἰνέσεις
2526 2878 2819 2947 προσάγων
2858 2878 2937 2948 τῷ
2973 2881 3188 2950 συνοχεῖ
3216 2878 3310 2932 τοῦ
3340 2880 3563 2938 παντός.
3600 2880 3708 2935 Καί
3736 2880 3844 2933 πού

2271 2984 2328 3020 τι
2362 2969 2457 3021 καὶ
2509 2967 2669 3037 μέλος
2720 2967 2985 3036 ἐρωτικὸν
3038 2967 3465 3039 ἀναλαϐόμενος,
3521 2972 3586 3041 τῇ
3642 2968 3845 3039 ἑαυτοῦ

2266 3058 2599 3130 προσεπᾴδει
2617 3057 2787 3129 ψυχῇ,
2814 3058 2940 3121 τοὺς
2978 3061 3076 3130 τῆς
3103 3059 3269 3129 ἄλλης
3291 3059 3567 3129 θαλάσσης
3605 3061 3851 3113 ἀποσκο-

580 3152 751 3206 maris
803 3152 1071 3207 elationes
1113 3151 1491 3214 considerans,
1541 3165 1605 3204 ac
1660 3150 1814 3203 velut
1866 3147 2164 3201 frementes

2270 3149 2387 3201 πῶν
2420 3149 2851 3219 μετεωρισμοὺς,
2882 3150 2978 3201 καὶ
3008 3148 3085 3212 ὠς
3114 3148 3334 3221 ῥοθίζας
3379 3151 3621 3219 κινήσεις
3651 3149 3751 3219 (b),
3775 3151 3848 3203 τά

579 3240 874 3307 fluctus“,
913 3245 1098 3299 divina
1142 3243 1312 3298 verba
1356 3259 1419 3297 ac
1449 3242 1874 3313 justiﬁeationes
1913 3248 2162 3309 stupens.

652 3337 777 3391 151.
817 3335 921 3403 Qui
953 3336 1136 3391 medio
1160 3353 1220 3391 se
1243 3337 1408 3391 modo
1442 3337 1608 3391 habet
1636 3337 1784 3391 inter
1809 3335 2084 3389 actionem
2110 3342 2167 3389 et

579 3425 1130 3496 contemplationem,
1169 3440 1274 3481 nec
1306 3440 1524 3496 semper
1557 3434 1849 3479 nautarum
1892 3439 2044 3479 more
2082 3439 2169 3479 re-

582 3516 823 3588 migandi
871 3516 1064 3570 labore
1119 3514 1522 3586 navigationem
1572 3514 1723 3580 facit,
1774 3529 1879 3569 nec
1929 3528 2166 3584 prorsus

581 3612 930 3683 spiritalibus
956 3611 1123 3677 velis;
1157 3611 1255 3667 sed
1294 3611 1543 3681 utrisque
1584 3608 1762 3665 felicis
1794 3624 1954 3665 usum
1986 3609 2168 3679 explet

579 3705 943 3777 navigationis
972 3722 985 3758 :
1020 3703 1260 3760 dulciter
1289 3702 1472 3758 ferens
1502 3718 1628 3759 cum
1664 3701 1895 3757 actionis
1924 3701 2164 3767 labores,

580 3812 689 3867 qua
726 3798 813 3854 vel
848 3797 1065 3853 modice
1108 3795 1284 3866 fulget
1324 3792 1812 3864 contemplationis
1852 3793 1997 3857 luce,
2049 3802 2166 3847 tum

581 3889 917 3961 imperfectae
961 3888 1205 3944 rationes
1245 3886 1754 3957 contemplationis,
1796 3899 1865 3939 ex
1910 3883 2166 3957 adjuncta

579 3981 817 4037 actionis
848 3996 976 4052 ope.

655 4074 775 4136 152.
815 4072 1283 4145 Contemplationi
1319 4072 1562 4137 deditus,
1598 4080 1857 4127 naturam
1893 4071 2165 4126 voluntati

581 4164 827 4233 proclive
867 4166 1133 4221 asseclam
1178 4165 1413 4229 habens,
1450 4164 1605 4219 velut
1651 4162 1928 4218 secundus
1971 4174 2167 4232 sponte

582 4252 782 4322 ﬂuxus,
837 4256 992 4311 nullo
1040 4256 1231 4312 labore
1276 4257 1684 4327 navigationem
1731 4254 1904 4310 facit:
1933 4254 2169 4309 actionis

582 4355 767 4401 autem
798 4348 999 4413 cultor,
1030 4346 1380 4403 affectionem
1411 4363 1477 4402 ac
1499 4346 1789 4401 libidinem
1823 4352 2036 4401 naturae
2066 4346 2166 4401 ad-

584 4448 894 4493 versantem
933 4448 1149 4506 nactus,
1193 4439 1591 4510 cogitationum
1634 4437 2011 4492 collidentium
2041 4453 2168 4507 pro-

2270 3237 2389 3292 θεῖα
2413 3237 2931 3308 καταπληττόμενος
2980 3239 3204 3310 ῥήματά
3234 3255 3294 3292 τε
3335 3240 3428 3293 καὶ⁵
3472 3239 3844 3310 δικαιώματα.

2343 3333 2481 3398 ρνα’.
2521 3327 2580 3381 Ὀ
2631 3327 2813 3398 μέσως
2866 3326 3007 3397 έχων
3058 3327 3186 3398 περὶ
3235 3325 3431 3398 πρᾶξιν
3461 3327 3558 3379 καὶ
3583 3326 3846 3397 θεωρίαν,

2267 3416 2392 3471 οὐτε
2416 3418 2590 3489 πάντη
2623 3419 2741 3481 ταῖς
2772 3416 2987 3481 κώπαις
3017 3419 3158 3471 κατά
3189 3420 3316 3483 τοὺς
3341 3419 3630 3481 ναυτικοὺς
3673 3420 3851 3470 ποιεῖ-

2266 3527 2354 3563 ται
2408 3509 2501 3562 τὸν
2543 3509 2745 3575 πλοῦν,
2801 3508 2916 3562 οὐθ’
2966 3509 3125 3573 ὅλως,
3164 3511 3277 3573 τοῖς
3331 3511 3545 3579 νοητοῖς
3611 3508 3845 3574 ἱστίοις·

2266 3602 2403 3658 ἀλλά
2430 3602 2500 3657 δι’
2535 3601 2880 3672 ἀμφοτέρων
2908 3603 3010 3673 τὴν
3037 3600 3229 3674 χρείαν
3257 3601 3360 3670 τῆς
3390 3601 3648 3664 εὐπλοῖας
3674 3603 3850 3670 ὲργά-

2268 3692 2420 3759 ζεται
2439 3707 2452 3721 ’
2488 3691 2663 3763 ἡδέως
2707 3691 2890 3764 φέρων
2940 3692 3036 3745 καὶ
3067 3691 3195 3754 τοὺς
3222 3689 3418 3753 πόνους
3445 3690 3544 3761 τῆς
3572 3685 3847 3758 πράξεως,

2267 3785 2355 3839 διὰ
2388 3783 2450 3836 τὸ
2482 3783 2702 3853 μέτριον
2728 3782 2830 3853 τῆς
2880 3781 3152 3853 θεωρίας’
3183 3781 3278 3834 καὶ
3322 3781 3453 3844 τοὺς
3510 3779 3705 3848 λόγους
3748 3781 3848 3850 τῆς

2268 3876 2494 3940 ἀτελοῦς
2539 3874 2795 3946 θεωρίας,
2827 3873 2917 3928 διὰ
2947 3874 3008 3927 τὸ
3038 3871 3352 3945 βοηθεῖσθαι
3408 3871 3515 3925 ὑπὸ
3565 3873 3664 3940 τῆς
3715 3869 3851 3942 πρά-

2269 3966 2426 4034 ξεως.

2343 4056 2479 4127 ρνβ’.
2528 4056 2587 4110 Ὀ
2641 4056 2741 4127 μὲν
2790 4055 3146 4128 θεωρητικὸς,
3190 4057 3258 4126 τῇ
3312 4054 3510 4127 γνώμῃ
3552 4055 3655 4128 τὴν
3686 4056 3852 4126 φύσιν

2268 4148 2407 4220 ἔχων
2436 4149 2858 4219 συντρέχουσαν,
2879 4149 2956 4212 ὡς
2984 4144 3096 4202 οἷόν
3119 4166 3171 4202 τι
3200 4146 3400 4218 ῥεῦμα,
3429 4148 3648 4210 ἀπόνως
3678 4152 3852 4203 ποιεῖς

2265 4256 2357 4292 ται
2400 4237 2462 4291 τὸ
2519 4237 2766 4309 πλώϊμον
2791 4254 2806 4269 ο
2843 4240 2873 4292 6
2916 4236 2985 4291 δὲ’
3022 4237 3330 4310 πρακτικὸς
3356 4277 3372 4302 ,
3422 4238 3852 4309 ἐναντιουμένην

2266 4328 2540 4400 εὑρίσκων
2585 4331 2651 4400 τῇ
2704 4328 3029 4400 προαιρέσει
3077 4329 3177 4399 τὴν
3221 4327 3443 4398 σχέσιν,
3493 4329 3665 4383 πολὺν
3701 4329 3853 4399 λογι-

2270 4420 2423 4491 σμῶν
2448 4418 2743 4490 ὑφίσταται
2770 4420 3037 4485 κλύδωνα,
3065 4419 3143 4483 ὡς
3167 4421 3248 4483 εἰς
3287 4420 3618 4475 ἀπευδοκίαν
3649 4422 3850 4493 μικροῦ

588 4529 725 4583 cella
768 4529 965 4584 durius
1003 4508 1281 4600 quatitur;
1317 4545 1624 4600 parumque
1657 4528 1813 4584 abest
1850 4543 1920 4583 ne
1961 4528 2164 4583 laboris

2272 4512 2386 4565 δεῖν
2411 4511 2502 4565 διὰ
2525 4512 2586 4565 τὸ
2612 4511 2778 4585 βάρος
2809 4511 3005 4566 ὲλθεῖν.

587 4620 835 4674 molestia
860 4621 1200 4691 despondeat
1225 4622 1493 4676 animum.

658 4708 782 4762 155.
822 4708 935 4763 Nec
958 4724 1092 4764 arvo
1114 4719 1514 4779 comparatum,
1538 4708 1643 4764 nisi
1670 4708 1838 4779 probe
1862 4708 2168 4771 excolatur,

589 4806 650 4853 ut
679 4799 890 4854 serenti
927 4800 1157 4855 uberem
1184 4816 1249 4858 ac
1276 4802 1564 4873 probatam
1595 4800 1855 4856 refundat
1882 4808 2124 4871 segetem
2155 4815 2169 4852 :

589 4891 671 4952 sic
690 4907 794 4946 nec
822 4892 1025 4958 activo,
1052 4892 1157 4947 nisi
1197 4892 1488 4964 diligenter
1513 4891 1787 4947 actionem
1809 4890 1956 4943 colat
1981 4896 2167 4943 extra-

590 4995 695 5049 que
725 4996 943 5036 omnem
970 4981 1316 5053 jactantiam,
1345 4991 1406 5037 ut
1435 4981 1749 5037 afﬂuentem
1790 4977 2170 5048 mundumque

590 5084 658 5124 ex
686 5071 939 5127 oratione
972 5071 1160 5128 videat
1186 5070 1452 5128 fructum.

659 5234 704 5265 δ’
732 5233 876 5289 Psal.
910 5249 1015 5289 xcn
1069 5236 1123 5288 4.

601 5459 612 5470 .
668 5391 750 5470 (ιθ)-
770 5389 877 5444 Καὶ
928 5391 1009 5455 ὠς
1036 5390 1282 5470 pop/(aq
1306 5393 1603 5470 κιγήσεές.
1635 5391 1781 5470 Quin
1805 5393 1878 5470 sit
1903 5392 2165 5470 mendum

601 5461 790 5534 in‘illa
826 5474 984 5534 voce,
1016 5461 1201 5534 nullus
1252 5465 1470 5519 dubito.
1517 5464 1602 5519 Sit
1648 5462 1789 5519 forte
1834 5464 2040 5534 ῥοθίας,
2084 5463 2172 5534 vel

600 5528 981 5608 ῥοθιάζούσας,
1011 5532 1159 5608 (ιυοά
1185 5534 1354 5588 etiam
1391 5535 1624 5608 verbum
1661 5528 2172 5608 agnoscitllesyeb.

599 5603 761 5676 quasi
788 5605 1067 5676 trementes
1094 5604 1291 5676 ﬂuctqs
1319 5604 1696 5676 commotiones
1731 5603 2172 5676 procellamque;

604 5675 665 5721 ut
692 5666 803 5721 alia
822 5667 983 5720 aliam
1012 5666 1203 5740 vocem
1242 5673 1511 5727 Maximus
1554 5666 1810 5740 explicet.
1865 5673 1976 5726 Hoc
2025 5666 2176 5726 enim

601 5741 876 5810 pmstant
898 5739 1064 5792 maris
1101 5741 1391 5805 elationes,
1424 5750 1483 5795 ut
1512 5741 1714 5810 fluetus
1736 5741 1817 5796 sic
1843 5743 2050 5810 impetu
2084 5758 2175 5796 as~

606 5803 987 5878 surgentibus,
1022 5816 1248 5878 tumque
1275 5803 1468 5866 eadem
1491 5812 1543 5866 vi
1570 5803 2009 5878 subsidentibus,
2032 5812 2181 5868 aliis-

2345 4702 2481 4774 ρνγ’.
2509 4700 2647 4755 Οὔτε
2684 4701 2839 4772 χώρα
2869 4702 2944 4772 μὴ
2976 4700 3156 4766 καλῶς
3178 4701 3644 4773 κατεργασθεῖσα,
3681 4702 3847 4756 πολύ-

2269 4811 2397 4865 χουν
2421 4794 2516 4848 καὶ
2540 4793 2780 4864 καθαρὸν
2810 4792 3200 4864 ἀντιπαρέχειν
3219 4792 3300 4864 τῷ
3332 4793 3614 4864 σπείροντι
3639 4794 3851 4853 εἴωθεν.

2272 4884 2395 4939 οὐτε
2426 4886 2455 4938 6
2485 4883 2586 4956 τὴν
2618 4881 2930 4955 πρακτικὴν
2964 4881 3386 4953 μετερχόμενος,
3429 4883 3479 4935 εἰ
3527 4881 3604 4953 μὴ
3658 4883 3855 4953 ὲπιμε-

2273 4976 2383 5041 λῶς
2417 4975 2623 5046 ταύτην
2674 4975 2769 5027 καὶ
2809 4973 3076 5044 φανητίας
3105 4971 3233 5026 ἄνευ
3288 4973 3642 5044 μετέρχεται,
3673 4974 3767 5028 τὸν
3797 4973 3860 5040 ἐξ

2275 5070 2441 5140 εὐχῆς
2468 5068 2660 5139 ὄψεται
2680 5065 2893 5140 καρπὸν
2924 5064 3092 5120 πολύν
3113 5081 3175 5118 τε
3196 5065 3289 5120 καὶ
3308 5064 3569 5135 καθαρόν.

2275 5407 2383 5461 que
2411 5393 2550 5448 alios
2571 5387 3074 5461 intercipientibus
3091 5401 3155 5441 ac
3198 5401 3257 5441 se
3313 5393 3507 5439 mutuo
3537 5385 3860 5441 collidenti-

2271 5456 2398 5524 bus,
2431 5463 2717 5532 alllsisque
2747 5456 3034 5532 adlit‘lora
3062 5456 3314 5527 ipsasque
3341 5470 3511 5532 rupes
3537 5471 3602 5532 ac
3643 5466 3856 5532 cautes,

2273 5534 2540 5603 strepitus
2585 5526 2860 5603 ejusmodi
2899 5544 2963 5583 ac
3010 5526 3440 5608 fragor‘procul
3492 5526 3708 5607 reboet.
3766 5527 3859 5607 qui

2276 5597 2546 5658 terrorem
2582 5597 2655 5667 ac
2695 5608 2983 5668 stuporem
3017 5597 3229 5668 injiciat
3266 5615 3278 5649 :
3309 5612 3433 5668 quae
3482 5597 3673 5651 omnia
3705 5597 3858 5668 quasi

2276 5615 2546 5658 terrorem
2582 5618 2655 5667 ac
2695 5615 2983 5668 stuporem
3018 5615 3229 5720 "ximat
3266 5615 3278 5649 :
3309 5615 3433 5665 qua:
3482 5615 3673 5651 omnia
3705 5615 3858 5666 quast

2273 5673 2382 5727 alio
2409 5674 2463 5727 in
2494 5672 2629 5726 mari
2666 5668 2864 5740 procul
2895 5668 3057 5740 censi
3092 5675 3240 5740 erat._
3270 5666 3365 5740 qui
3410 5665 3528 5736 ipse
3558 5667 3862 5740 tranquillo

2277 5737 2759 5811 contemplationis
2787 5738 2947 5811 mari,
2977 5738 3141 5811 velut
3171 5737 3243 5811 ad
3267 5738 3484 5792 clavum
3536 5738 3728 5807 quiete
3773 5750 3863 5794 se-

2279 5812 2415 5869 dens
2446 5807 2638 5882 illique
2666 5808 3033 5875 indormicns,
3057 5807 3303 5864 vehitur.
