4122 6322
331 436 463 503 1437

323 641 414 695 τὸν
447 641 706 712 λογισμόν
727 659 740 672 ο
769 641 862 694 ἐπὶ
916 641 972 694 δὲ
1003 641 1109 694 τῶν
1132 641 1332 703 άΰλων,
1369 645 1416 696 εί
1449 643 1523 715 μὴ
1557 645 1718 697 αὐτὸν
1764 662 1904 714 παρ-

323 735 641 804 αιτήσηται,
681 732 758 798 ὡς
807 733 1078 788 σκὼλωπα
1107 733 1246 807 [alii,
1279 734 1562 806 σκόλοπι]
1591 737 1702 802 ἕξει
1742 735 1905 788 κολαο

325 824 572 892 φίζοντα.

399 915 524 986 ρνε’.
562 916 845 986 Κάλυμμα
910 919 1010 989 μὲν
1064 919 1177 990 ἔχει
1230 922 1258 974 ὁ
1311 920 1616 990 πρακτικὸς
1665 923 1758 974 ἐπὶ
1802 922 1902 990 τὴν

324 1008 551 1079 καρδίαν
594 1009 758 1063 αὐτοῦ
791 1012 848 1062 ἐν
875 1012 1032 1082 εὐχῇ,
1064 1012 1162 1082 τὴν
1208 1011 1410 1080 γνῶσιν
1449 1011 1560 1064 τῶν
1604 1012 1900 1083 αἰσθητῶν,

323 1101 773 1169 ἀνακαλυφθῆναι
807 1102 897 1156 διὰ
918 1103 1015 1172 τὴν
1046 1104 1232 1173 σχέσιν
1271 1104 1346 1175 μὴ
1378 1104 1710 1175 δυνάμενον·
1742 1105 1904 1174 μόνος

320 1192 376 1245 δὲ
401 1194 428 1245 6
460 1193 795 1264 θεωρητικὸς
844 1195 932 1247 διὰ
968 1196 1030 1248 τὸ
1085 1195 1338 1266 ἄσχετον,
1389 1196 1904 1267 ἀνακεκαλυμμένῳ

323 1283 602 1354 προσώπῳ
651 1286 783 1355 ὀρᾷν
811 1286 920 1339 ἀπὸ
954 1287 1152 1358 μέρους
1194 1287 1420 1341 δύναται
1474 1288 1571 1360 τὴν
1624 1287 1780 1356 δόξαν
1809 1287 1902 1341 τοῦ

319 1375 476 1428 Θεοῦ.

403 1479 546 1541 ρνς’.
591 1470 655 1523 ’ῐί
693 1471 832 1543 μετὰ
882 1473 1262 1544 πνευματικῆς
1301 1472 1534 1545 Θεωρίας
1582 1473 1740 1544 εὐχὴ,
1770 1475 1802 1544 ὴ
1831 1474 1902 1544 γῆ

318 1567 420 1637 τῆς
451 1565 783 1633 ἐπαγγελίας
807 1566 976 1628 ἐστὶν,
1011 1563 1132 1618 καθ’
1161 1565 1226 1635 ἢν
1255 1565 1367 1636 ῥέει
1387 1563 1464 1628 ὡς
1497 1565 1619 1632 μέλι
1648 1566 1744 1618 καὶ
1764 1566 1904 1634 γάλα

321 1658 591 1731 ἡγνῶσις
637 1657 746 1710 τῶν
800 1657 929 1727 περὶ
973 1657 1234 1728 προνοίας
1288 1656 1386 1710 καὶ
1435 1656 1672 1728 κρίσεως
1729 1657 1903 1724 λόγων

320 1750 456 1804 Θεοῦ
480 1751 550 1820 ’ἠ
583 1749 639 1802 δὲ
675 1749 815 1819 μετά
860 1765 1007 1812 τινος
1051 1748 1306 1818 φυσικῆς,
1361 1749 1396 1819 ἡ
1449 1747 1747 1816 Αἴγυπτος,
1788 1741 1903 1822 ἐνῇ

318 1842 427 1895 τῶν
470 1842 795 1911 παχυτέρων
842 1840 1151 1910 ἐπιθυμιῶν
1201 1839 1390 1910 μνήμη
1436 1841 1550 1902 τοῖς
1585 1839 1901 1910 εὐχομένοις

318 1932 618 2003 ἐγγίνεται.
665 1932 730 1985 ἸΙ
757 1932 814 1986 δέ
845 1949 909 2000 γε
942 1932 1111 2001 ἁπλῆ,
1137 1931 1199 1984 τὸ
1231 1931 1409 2002 μάννα
1457 1930 1576 1985 ἐστὶ
1614 1931 1678 1984 τδ
1726 1933 1785 1984 ἐν
1832 1935 1897 2003 τῇ

317 2027 530 2096 ἐρήμῳ,
569 2025 628 2078 τὸ
675 2024 762 2078 διὰ
806 2023 867 2078 τὸ
903 2024 1192 2094 μονοειδὲς,
1217 2026 1331 2088 τοῖς
1369 2023 1469 2094 μὲν
1499 2023 1899 2096 ἁκαρτερῆτοις

316 2117 665 2170 ἐναποκλεῖον
717 2116 787 2169 τὰ
842 2116 908 2170 δι’
958 2115 1256 2187 ἐπιθυμίας
1303 2115 1414 2168 τῶν
1465 2116 1897 2187 ἐπηγγελμένων

315 2211 489 2265 καλά’
524 2213 635 2274 τοῖς
664 2211 721 2265 δὲ
755 2210 1153 2280 ἐγκαρτεροῦσι
1203 2211 1269 2279 τῇ
1299 2208 1528 2282 τοιαύτῃ
1585 2209 1897 2262 ἀπεστενω-

320 2305 458 2376 μένῃ
490 2306 688 2376 τροφῇ,
733 2301 1029 2374 προξενοῦν
1067 2302 1167 2373 τὴν
1200 2302 1436 2374 κρείττω
1451 2301 1646 2372 ,γεῦσιν
1677 2305 1773 2355 καὶ
1805 2302 1898 2373 μέ-

313 2415 403 2452 νου
411 2415 508 2452 σαν
516 2437 528 2451 .

386 2490 516 2561 ρνζ’.
559 2489 762 2559 Πρᾶξις
794 2489 890 2542 σὺν
917 2486 1120 2559 θεωρίᾳ
1145 2488 1244 2558 μὲν
1269 2488 1346 2551 ὡς
1376 2487 1538 2557 σῶμα
1566 2485 1702 2558 μετὰ
1733 2486 1895 2540 πνεύ-

315 2598 484 2651 ματος
535 2579 864 2652 ἡγεμονικοῦ
903 2579 970 2648 (c)
999 2579 1168 2633 ’ἄνευ
1219 2578 1276 2632 δὲ
1323 2579 1578 2649 θεωρίας,
1629 2577 1705 2642 ὡς
1757 2577 1894 2649 σάρξ

313 2675 454 2744 μετὰ
491 2673 803 2744 πνεύματος
826 2671 1216 2742 προαιρετικοῦ
1255 2670 1656 2742 λογισθήσεται.

380 2853 516 2917 ρνη’.
555 2848 666 2916 Τῆς
713 2846 939 2917 λογικῆς
975 2847 1173 2918 ψυχῆς,
1221 2847 1361 2916 αὐλὴ
1414 2847 1512 2917 μὲν
1540 2849 1574 2916 ή
1601 2847 1890 2918 αἳσθησις’

309 2940 436 3002 ναὸς
469 2939 546 3000 δὲ,
587 2942 618 3010 ή
665 2939 909 2992 διάνοια·
965 2940 1257 3010 ἀρχιερεὺς
1309 2938 1385 3004 δὲ,
1429 2939 1457 2991 6
1501 2938 1643 3002 νοῦς.
1683 2940 1772 2992 Ἐν
1822 2941 1888 3010 τῇ

309 3032 446 3102 αὐλῇ
474 3027 566 3085 οὖν
599 3031 837 3096 ἵσταται,
871 3033 898 3084 6
939 3033 1030 3084 ὑπ’
1078 3031 1324 3102 ἀκαίρων
1376 3031 1500 3096 νοῦς
1550 3032 1885 3104 περικοπτό-

313 3141 475 3193 μενος
521 3123 800 3192 λογισμῶν
821 3140 834 3153 °
867 3124 927 3176 ἐν
973 3123 1050 3193 τῷ
1081 3122 1196 3194 ναῷ
1248 3123 1328 3186 δὲ,
1380 3125 1408 3176 6
1442 3123 1548 3177 ὑπὸ
1576 3125 1850 3195 εὐκαίρων
1871 3141 1885 3156 ⁸

1495 448 1670 507 ALIA
1712 447 1812 506 EX
1852 445 2096 506 VATIC.
2139 447 2426 510 CAPITA.

398 551 526 621 ρνδ’.
573 549 697 602 Ἐπὶ
746 549 844 620 μὲν
876 548 984 602 τῶν
1015 549 1236 613 ἐνύλων,
1279 551 1308 602 ὁ
1336 550 1460 615 νοῦς
1492 552 1751 622 συνεργὸν
1783 551 1896 622 ἕχει
1927 556 1971 610 Α

3459 455 3594 520 1438
3640 418 3642 420 ’

2075 553 2194 608 154.
2239 554 2296 608 ln
2331 554 2584 620 terrenis,
2619 571 2776 612 mens
2805 559 3157 630 adjuvantem
3195 561 3465 617 rationem
3495 565 3594 620 ha-

2006 645 2099 700 bet
2150 660 2214 700 ac
2263 645 2682 715 cogitationem;
2729 648 2786 702 in
2820 650 3160 719 spiritalibus
3202 668 3335 707 vero
3376 663 3434 709 et
3475 671 3598 726 qua:

2005 745 2135 792 sunt
2164 746 2319 792 extra
2352 730 2674 806 materiam,
2707 741 2814 796 nisi
2843 759 2962 797 eam
3000 745 3377 814 repudiavcrit
3397 788 3413 811 ,
3444 750 3595 804 velut

2004 829 2287 884 stimulum
2315 829 2749 899 colaphizantcm
2779 834 3006 890 habebit
3027 834 3093 890 ".

2072 921 2238 992 659
2265 923 2385 977 155.
2415 922 2634 978 Actioni
2665 925 2898 980 studens
2923 928 3172 982 velamen
3197 929 3361 985 habet
3388 930 3442 984 in
3469 947 3592 985 ora-

2009 1011 2161 1067 tione
2197 1029 2364 1083 super
2397 1029 2494 1069 cor
2531 1016 2799 1084 positum,
2823 1033 3018 1073 earum
3064 1035 3250 1075 rerum
3297 1021 3587 1086 notitiam,

2007 1121 2131 1177 quae
2171 1106 2228 1160 in
2262 1121 2488 1161 sensum
2525 1108 2758 1173 cadunt,
2796 1111 3032 1166 revelari
3069 1127 3178 1166 non
3219 1114 3432 1179 valens,
3468 1131 3577 1184 qua

2010 1198 2119 1252 illis
2148 1197 2443 1255 affectione
2467 1200 2746 1256 addicitur
2781 1221 2794 1256 :
2823 1204 2919 1272 qui
2950 1220 3083 1258 vero
3115 1205 3302 1260 studet
3331 1217 3584 1262 contem-

2005 1289 2259 1360 plationi,
2295 1291 2444 1360 quod
2475 1308 2537 1347 ea
2566 1293 2709 1348 liber
2744 1302 2803 1349 et
2841 1296 3056 1351 solutus
3089 1297 3183 1362 sit,
3222 1298 3465 1353 revelata
3498 1299 3579 1354 fa—

2006 1379 2090 1435 cie
2119 1381 2217 1435 Dei
2244 1382 2474 1452 gloriam
2505 1398 2571 1438 cx
2600 1393 2758 1453 parte
2783 1387 2974 1442 videre
3004 1397 3188 1458 potest
3210 1387 3276 1443 “.

2074 1472 2195 1527 156.
2243 1472 2488 1544 Spiritali
2543 1478 2998 1546 contemplationi
3047 1480 3342 1550 conjuncta
3386 1483 3584 1545 oratio,

2006 1574 2152 1620 terra
2184 1573 2271 1620 est
2323 1567 2734 1637 promissionis,
2769 1586 2900 1640 qua,
2937 1571 3114 1626 mellis
3148 1572 3322 1626 instar
3367 1581 3423 1627 et
3474 1575 3586 1628 lac-

2006 1653 2078 1708 tis
2113 1652 2180 1720 ⁸³,
2207 1653 2329 1708 fluit
2355 1656 2589 1711 scientia
2616 1657 2894 1712 rationum
2923 1659 3286 1728 providentia:
3309 1670 3366 1714 et
3389 1661 3586 1732 judicii

2005 1740 2126 1796 Dei.
2191 1741 2322 1809 Qua:
2368 1760 2502 1800 vero
2539 1747 2779 1801 naturali
2843 1749 3251 1818 speeulationi,
3292 1749 3585 1822 lEgyptus,

2005 1849 2106 1903 per
2130 1849 2296 1904 quam
2331 1837 2624 1892 orantibus
2664 1838 3003 1894 crassiorum
3049 1842 3423 1910 cupiditatum
3469 1861 3590 1899 me-

2003 1925 2180 1980 moria
2219 1925 2435 1996 obrepit
2464 1927 2528 1981 “.
2562 1927 2805 1997 Simplex
2832 1938 3020 1984 autem
3043 1931 3246 1996 oratio,
3272 1947 3473 1987 manna
3503 1945 3587 1990 est

2001 2016 2058 2071 in
2093 2016 2333 2083 deserto,
2368 2034 2432 2074 ea
2469 2018 2682 2073 ratione
2701 2035 2808 2090 qua
2843 2022 3119 2075 uniforme
3148 2030 3291 2087 erat,
3319 2039 3428 2078 non
3456 2040 3583 2079 sus-

2002 2109 2309 2164 tinentibus
2336 2109 2660 2180 cupiditatis
2697 2111 2820 2166 labe
2847 2112 2916 2175 "7,
2946 2114 3383 2182 promissionum
3439 2117 3583 2170 bona

1999 2200 2338 2268 occludens;
2366 2202 2455 2257 his
2478 2217 2612 2257 vero
2646 2203 2740 2272 qui
2769 2212 2923 2258 arcto
2956 2204 3052 2259 illo
3090 2205 3216 2259 cibo
3255 2213 3579 2261 constanter

1998 2301 2401 2357 vescerentur,
2445 2294 2717 2363 potiorem
2774 2301 3000 2364 gustum
3043 2303 3210 2365 atque
3261 2305 3579 2352 manentem

1999 2391 2270 2450 praestans
2299 2384 2364 2435 ⁸⁸.

2075 2474 2193 2528 15⁸7.
2223 2474 2385 2529 Actio
2439 2475 2912 2545 contemplatione
2961 2476 3095 2532 fulta
3122 2519 3136 2543 ,
3190 2479 3345 2533 velut
3385 2495 3586 2550 corpus

1995 2570 2119 2627 est,
2152 2565 2355 2634 spiritu
2421 2565 2624 2620 fultum
2676 2568 2972 2638 principali
3011 2569 3143 2623 :cui
3194 2579 3378 2624 autem
3428 2571 3586 2628 deest

1994 2657 2413 2726 contemplatio,
2479 2659 2636 2713 velut
2674 2673 2806 2714 caro
2857 2675 2983 2714 cum
3039 2660 3228 2716 liberrc
3277 2662 3584 2718 voluntatis

1995 2747 2190 2816 spiritu
2227 2748 2598 2818 reputabitur.

2066 2838 2188 2892 158.
2227 2839 2413 2893 Animi
2461 2840 2671 2895 utentis
2713 2841 2947 2907 ratione,
2977 2843 3184 2898 atrium
3221 2860 3419 2900 sensus
3453 2856 3578 2902 est:

1993 2931 2252 3000 templum
2281 2974 2295 2997 ,
2334 2947 2510 2997 mens,
2540 2933 2811 3001 pontifex,
2873 2935 3037 2990 ratio.
3090 2937 3280 3007 Itaque
3329 2939 3383 2991 in
3438 2940 3580 2992 atrio

1989 3029 2245 3076 versatur
2286 3039 2351 3078 ea
2382 3039 2560 3090 mens,
2621 3040 2744 3095 quae
2802 3025 3140 3096 importunis
3186 3029 3577 3098 interpellatur

1988 3113 2460 3184 cogitationibus:
2500 3116 2555 3170 in
2605 3118 2810 3187 templo
2844 3134 2999 3184 vero,
3044 3136 3166 3190 qua:
3203 3122 3576 3191 opportunis:

309 3214 397 3266 ἐπ’
428 3213 606 3267 οὐδενὶ
632 3214 689 3266 δέ
709 3213 934 3277 τούτων,
969 3215 997 3266 6
1029 3215 1108 3277 είς
1141 3215 1204 3267 τὸ
1239 3215 1384 3268 θεῖον
1423 3216 1690 3286 ίερατεῖον
1725 3215 1889 3280 ἀξιω-

1996 3204 2050 3258 in
2081 3214 2284 3262 neutro
2312 3216 2522 3275 autem,
2550 3208 2646 3278 qui
2679 3208 2736 3262 in
2750 3207 3004 3264 divinum
3031 3211 3336 3268 sacrarium
3368 3212 3581 3269 intrare

310 3305 425 3371 θεὶς
452 3305 734 3359 εἰσελθεῖν.

383 3395 527 3467 ρνθ’.·
547 3395 755 3466 Θρῆνος
787 3395 885 3466 μέν
909 3396 1001 3448 καὶ
1035 3395 1195 3465 μέλος
1235 3396 1327 3449 καὶ
1366 3396 1510 3462 οὐαὶ,
1546 3399 1602 3448 ἐν
1632 3399 1765 3464 οἴκῳ
1794 3396 1894 3465 τῆς

315 3489 628 3560 πρακτικῆς
663 3487 867 3556 ψυχῆς,
897 3485 985 3540 διὰ
1012 3487 1106 3540 τὸν
1138 3487 1310 3541 κόπον
1361 3487 1711 3558 εὑρίσκεταιο
1742 3487 1894 3556 φωνὴ

309 3583 367 3636 δέ
393 3581 772 3650 ἀγαλλιάσεως
813 3581 908 3634 καὶ
943 3579 1414 3651 ἐξομολογήσεως,
1444 3581 1535 3635 διὰ
1562 3581 1661 3652 τὴν
1691 3583 1894 3650 γνῶσιν

321 3672 406 3729 διὰ
426 3673 517 3726 τὺν
546 3672 646 3742 τῆς
672 3672 1014 3742 θεωρητικῆς
1046 3670 1392 3736 ἐξακούεται.

387 3854 480 3925 ρξ’·
521 3851 835 3925 Πρακτικὺς
873 3853 992 3924 μὲν,
1027 3849 1290 3920 ἐπιθυμεῖ
1322 3847 1609 3912 ἀναλῦσαι,
1639 3848 1728 3901 διὰ
1762 3848 1890 3911 τοὺς

311 3950 527 4012 πόνους,
573 3947 668 4001 καὶ
722 3946 1076 4016 συγγενέσθαι
1131 3942 1381 4015 Χριστῷ·
1426 3940 1759 4012 θεωρητικὸς
1808 3940 1884 4006 δὲ,

310 4043 522 4096 εὐδοκεῖ
563 4041 764 4112 μᾶλλον
809 4039 974 4110 σαρκὶ
1025 4037 1364 4110 παραμένειν
1398 4035 1508 4109 ((0⁸
1539 4036 1632 4090 καὶ
1666 4034 1754 4090 διὰ
1789 4035 1886 4106 τὴν

310 4133 504 4206 χαρὰν,
533 4136 599 4205 ἣν
630 4132 846 4204 δέχεται
883 4131 943 4196 ἐξ
968 4131 1154 4202 εὐχῆς,
1202 4130 1296 4185 καὶ
1339 4129 1427 4185 διὰ
1468 4130 1568 4200 τὴν
1600 4130 1694 4185 τοῦ
1745 4131 1884 4200 πλη-

311 4227 423 4282 σίον
454 4227 589 4298 πρὸς
619 4225 688 4280 τὰ
709 4227 872 4296 γήϊνα
899 4224 1186 4294 ὠφέλειαν.

383 4409 518 4480 ρξα’.
566 4407 692 4459 Ἐπὶ
741 4406 839 4476 μὲν
866 4403 974 4458 τῶν
1022 4403 1388 4474 λογιωτέρων,
1421 4405 1455 4474 ἡ
1485 4402 1690 4474 θεωρία
1749 4421 1887 4476 προσ

308 4501 524 4570 ηγεῖται
553 4498 654 4567 τῆς
683 4495 934 4570 πράξεως
955 4511 968 4527 ο
999 4495 1091 4547 ἐπὶ
1119 4494 1175 4547 δὲ
1204 4493 1312 4547 τῶν
1333 4495 1758 4567 άγροικοτέρων,
1789 4495 1886 4567 τῆς

1994 3309 2217 3352 ιιιοῐιιιι.

2067 3389 2190 3444 159.
2227 3389 2595 3460 Lamentatio,
2649 3409 2877 3450 carmen
2911 3404 2969 3450 et
3015 3411 3120 3460 vae,
3156 3403 3388 3466 propter
3425 3397 3581 3452 labe.

1997 3495 2115 3534 rem
2153 3479 2209 3536 in
2249 3481 2370 3551 ejus
2401 3481 2688 3538 invenitur
2713 3483 2880 3539 domo
2901 3484 2946 3516 ’⁵³
2971 3527 2986 3552 ,
3035 3486 3130 3556 qui
3181 3486 3452 3541 actionem
3486 3503 3579 3543 eo-

1997 3570 2060 3623 lit
2096 3587 2109 3622 :
2151 3579 2380 3640 propter
2413 3573 2705 3629 scientiam
2742 3589 2876 3628 vero
2909 3589 3017 3629 vox
3063 3575 3291 3630 auditur
3339 3578 3582 3631 exsulta-

1996 3663 2162 3717 tionis
2195 3663 2242 3695 '°
2273 3671 2330 3717 et
2358 3664 2729 3720 confessionis
2773 3667 2841 3731 ⁸⁸,
2880 3667 2934 3721 in
2964 3668 3084 3737 ejus
3109 3669 3203 3737 qui
3234 3668 3420 3724 studet
3453 3685 3583 3724 con-

1993 3751 2360 3820 templationi.

2067 3843 2187 3899 160.
2223 3843 2327 3910 Qui
2359 3843 2563 3899 actioni
2594 3845 2800 3911 studet,
2837 3847 3091 3903 laborum
3129 3851 3404 3916 molestia,
3438 3854 3579 3907 cmi-

1989 3953 2150 4007 grare
2187 3937 2361 4007 cupit,
2400 3943 2458 3990 et
2478 3953 2602 3994 esse
2629 3954 2757 3993 cum
2779 3939 3004 3996 Christo
3028 3943 3075 3973 "
3109 3959 3122 3995 :
3157 3943 3253 4011 qui
3283 3959 3419 3997 vero
3443 3960 3574 3998 eon-

1991 4028 2358 4098 templationi,
2383 4030 2595 4083 mavult
2623 4030 2680 4084 in
2708 4045 2872 4086 carne
2898 4047 3248 4101 permanere,
3293 4040 3406 4087 tum
3446 4048 3576 4102 pro-

1989 4132 2113 4193 pter
2151 4119 2434 4191 gaudium,
2481 4120 2631 4190 quod
2696 4122 2938 4192 percipit
2997 4139 3062 4177 ex
3118 4124 3410 4188 oratione,
3462 4132 3577 4178 tum

1988 4223 2218 4284 propter
2247 4213 2507 4284 proximi,
2551 4214 2606 4268 in
2636 4214 2724 4269 his
2761 4231 2884 4285 qua:
2933 4225 3154 4271 terrena
3203 4225 3369 4281 sunt,
3428 4217 3576 4270 utili-

1991 4316 2180 4362 tatem.

2067 4400 2185 4455 161.
2216 4400 2279 4454 In
2320 4399 2389 4454 iis
2420 4399 2646 4470 quidem
2678 4400 2773 4469 qui
2818 4399 3162 4456 eruditiores
3187 4442 3202 4464 ,
3250 4403 3576 4472 maioreque

1989 4493 2207 4564 pra'diti
2242 4492 2516 4563 sapientia
2543 4501 2692 4558 sunt,
2723 4494 3123 4564 contemplatio
3149 4495 3310 4564 prmit
3330 4495 3572 4559 actioni;

308 4588 542 4659 θεωρίας
567 4589 602 4658 ἡ
636 4586 832 4657 πρᾶξις
856 4599 869 4611 '
905 4586 985 4646 είς
1025 4583 1083 4636 ἒν
1115 4583 1172 4636 δὲ
1204 4582 1358 4646 τέλος
1408 4584 1643 4654 χρηστὸν
1702 4587 1886 4656 ἀμφό.

1996 4587 2054 4641 in
2108 4584 2429 4641 rudioribus
2465 4600 2618 4650 vero,
2671 4585 2820 4641 actio
2871 4587 3378 4657 contemplationi,
3453 4604 3579 4643 cum

308 4699 461 4752 τεραι
502 4679 892 4749 καταλήγουσι.
925 4675 1345 4747 Συντομώτερον
1371 4675 1429 4729 δὲ
1467 4677 1623 4730 τοῦτο
1653 4677 1887 4751 ὀφθήσε-

307 4790 418 4840 ται,
449 4767 531 4834 οἷς
561 4772 594 4842 ἡ
628 4769 832 4840 θεωρία
862 4770 1191 4839 προηγεῖται
1219 4768 1319 4838 τῆς
1353 4766 1625 4839 πράξεως.

1997 4677 2171 4731 amba:
2200 4674 2255 4729 in
2305 4691 2478 4730 unum
2517 4676 2724 4730 bonum
2780 4675 2947 4730 finem
2994 4676 3275 4733 desinant.
3330 4677 3582 4734 Celerius

1997 4777 2184 4825 autem
2233 4767 2383 4822 istud
2438 4767 2756 4835 videbitur,
2821 4769 2878 4824 in
2932 4771 3138 4842 quibus
3189 4773 3583 4842 contemplatio

1998 4859 2160 4930 praeit
2184 4858 2414 4914 actioni.

378 4996 422 5025 δ’
452 4992 495 5046 ll
521 4991 646 5047 Cor.
677 5007 772 5055 xu,
804 4991 865 5062 7.
900 4988 977 5062 *⁸⁸
1005 4987 1053 5062 11
1085 4986 1211 5043 Cor.
1226 4986 1457 5062 ,ιω-18.
1529 4987 1574 5062 ξ’
1602 4988 1776 5045 Exod.
1809 5007 1890 5058 ιιι,

2028 5061 2033 5062 γ
2065 4991 2111 5022 ι⁶
2141 4991 2305 5062 Num.
2339 5007 2424 5053 xl,
2460 4992 2513 5046 5.
2589 4991 2632 5022 "
2659 4990 2822 5045 Num.
2855 5007 2964 5056 χιιι,
2997 4992 3048 5045 5.
3121 4990 3167 5022 ⁸⁸
3190 4990 3317 5062 Sap.
3347 5009 3456 5060 xvi,
3487 4993 3574 5048 ΞΟ.

309 5068 352 5098 ⁸³
383 5064 585 5120 Ezech.
613 5078 671 5128 ιι,
697 5063 750 5116 9.
828 5061 873 5092 ⁸ο
899 5059 1044 5114 Psal.
1077 5074 1186 5122 xu,
1223 5057 1273 5112 5.
1349 5059 1392 5090 ⁸¹
1427 5057 1569 5112 Psal.
1600 5074 1763 5127 cxvn,
1795 5057 1884 5117 15.

1996 5066 2000 5093 ⁵
2027 5061 2282 5131 Ῥιιίιίρρ.
2322 5077 2359 5124 ι,
2391 5063 2482 5116 23.

383 5174 452 5246 (ε)
500 5173 675 5246 Μετὰ,
719 5173 826 5246 τοῦ
868 5173 1209 5246 πνεύματος
1252 5173 1660 5246 ἡγεμονικοῦη
1703 5175 1878 5242 Quem

313 5243 577 5300 Maximus
601 5245 856 5315 spiritum
907 5244 1234 5315 ἡγεμονικὸν
1286 5246 1376 5298 hic
1414 5253 1597 5307 vocat,
1627 5243 1767 5315 ipse
1798 5255 1884 5300 est

310 5331 474 5385 quem
498 5314 700 5371 Paulus
724 5315 926 5384 Ephes.
947 5330 1020 5378 Iv,
1049 5314 1140 5377 21,
1164 5315 1410 5383 spiritum
1441 5314 1680 5385 moveo;
1713 5315 1885 5384 (men-

313 5384 400 5458 tis)
434 5395 617 5450 vocat,
637 5394 693 5458 et
715 5385 972 5458 hortatur
1000 5399 1067 5458 eo
1097 5385 1348 5458 renovari
1371 5401 1384 5448 ;
1406 5384 1568 5458 quod
1587 5400 1744 5458 mens
1764 5386 1881 5456 ipsa

310 5453 722 5528 τὺίήγεμονικδν
769 5454 839 5528 in_
867 5453 1091 5528 homine
1128 5454 1228 5528 sit:
1273 5455 1420 5524 quod
1451 5455 1679 5528 scilicet_
1714 5453 1883 5510 in'eo

315 5524 615 5596 principale
642 5524 1060 5596 cstgacimperio
1090 5525 1260 5596 pollet
1287 5542 1299 5576 :
1334 5541 1478 5594 quae.
1511 5541 1638 5578 cum
1669 5525 1793 5596 ipsa
1817 5542 1883 5581 ex

313 5595 372 5652 Se
400 5596 503 5650 ﬁxa
528 5596 600 5650 sit
641 5595 756 5648 veri
797 5595 1287 5662 contemplatione,
1314 5596 1620 5650 orationem
1664 5611 1727 5648 ea
1774 5595 1880 5650 ful-

317 5677 424 5722 tam
453 5673 821 5725 constantcm,
843 5664 1116 5733 uniusque
1175 5665 1405 5718 rationis
1447 5665 1873 5734 (;.ιονολόγιστον)

315 5735 510 5792 reddat
543 5752 556 5789 :
599 5735 658 5788 τὸ
684 5734 1069 5804 προαιρετικὸν
1107 5749 1238 5787 vero
1291 5734 1464 5801 (velut
1509 5734 1692 5794 dicas,
1729 5736 1873 5788 arbi-

315 5805 564 5874 trarium)
587 5803 948 5874 voluntatem,
992 5820 1114 5871 qua:
1147 5819 1245 5871 pro
1293 5805 1397 5858 hoc
1419 5813 1559 5857 statu
1602 5803 1874 5858 ἱιιδιιιιιὶἰίς

316 5879 409 5944 sit,
441 5872 614 5946 exque
647 5876 752 5929 alia
784 5873 837 5927 in
870 5872 1030 5926 aliam
1096 5883 1340 5927 niutatur
1404 5889 1503 5946 pro
1555 5889 1738 5927 rerum
1776 5877 1872 5928 oi;—

1985 5177 2260 5249 jectarum
2317 5191 2381 5231 ac
2447 5174 2841 5245 cogitationum
2902 5177 3190 5241 varietate,
3249 5176 3417 5246 inque
3471 5191 3565 5232 eas

1990 5247 2310 5301 affectione.

2069 5317 2144 5388 (d)
2181 5315 2363 5388 Σαρκὶ
2391 5312 2788 5388 ξαραμένειν.
2823 5312 3011 5388 Gmca
3029 5313 3271 5388 vulgata,
3293 5315 3576 5388 ἐπιμένειν

1993 5388 2051 5457 ξ(
2078 5383 2144 5457 τῇ
2172 5385 2358 5457 σαρκί.
2390 5385 2604 5457 [labent
2629 5392 2824 5457 tamen
2860 5383 3031 5457 codex
3079 5383 3483 5457 Alexandrinus
3521 5397 3578 5441 et

1991 5452 2278 5526 Chrysost.
2313 5455 2368 5507 in
2399 5452 2772 5523 Expositione,
2810 5454 3090 5526 ἐπιμένειν
3145 5455 3339 5522 σαρκί,
3369 5457 3577 5526 absque

1994 5523 2398 5595 propositione,
2430 5539 2552 5595 qua;
2602 5538 2703 5576 nec
2758 5523 3058 5595 admodum
3113 5526 3424 5595 necessaria
3469 5523 3574 5588 est,

1991 5593 2115 5649 cuni
2154 5594 2272 5662 ejus
2303 5594 2415 5646 vim
2458 5593 2655 5648 habeat
2683 5593 2913 5664 verbum
2943 5594 3337 5662 compositum,
3395 5597 3577 5664 sitque

1985 5665 2127 5736 idem
2173 5661 2456 5736 ἐπιμένειν
2515 5673 2679 5736 atque
2740 5661 3032 5736 ἐμμένεινο
3076 5661 3173 5726 ίτο,
3212 5661 3562 5736 παραμένειν

1984 5734 2201 5788 Maximi
2233 5731 2442 5807 _tnagis
2475 5731 2707 5807 respuit,
2742 5731 3020 5807 habetque
3068 5731 3402 5807 emphasin}
3450 5751 3572 5807 per-

1982 5820 2198 5858 manere
2227 5805 2281 5858 in
2312 5802 2603 5875 carnemec
2644 5804 2712 5860 ab
2748 5818 2814 5858 ea
2839 5802 3103 5876 disjungi.
