4110 6318
262 377 390 445 iiii

1417 367 1591 426 ALIA
1628 366 1729 425 EX
1767 367 2003 425 VATIC.
2045 366 2333 425 CAPITA.

3368 373 3505 436 1112

260 482 305 533 εξ
343 480 416 550 μή
458 476 717 548 γυμνωθῇ
747 468 902 537 οὗτος
950 473 1050 544 τῆς
1104 474 1347 544 ἐσθῆτος,
1385 460 1597 540 ἐκεῖνος
1639 476 1694 529 δὲ
1736 476 1820 545 τῆς

1937 476 2286 547 margaritam
2341 477 2469 531 inde
2508 485 2897 542 extraeturus;
2954 477 3057 532 nisi
3104 479 3293 535 nudati
3342 486 3501 542 ambo

257 572 585 643 αἰσθήσεως,
612 572 917 642 ἀμφότεροι.
944 569 1037 623 τοῦ
1069 568 1497 640 ὲπιζητουμένου
1523 571 1823 641 διαμαρτή-

259 682 464 719 σονται.

328 756 463 828 ροα’.
497 756 557 809 Ὁ
591 755 692 823 μὲν
719 754 932 808 ἔνδοθεν
958 755 1058 826 τῆς
1081 754 1319 821 διανοίας
1345 754 1507 807 αὑτοῦ
1539 754 1829 825 γενόμενος

255 845 399 913 νοῦς,
434 848 492 899 ὲν
522 845 599 919 τῷ
623 846 905 917 εὔχεσθαι,
944 846 1021 910 ὡς
1059 846 1197 918 μετὰ
1228 846 1446 917 νύμφης
1488 846 1723 915 νυμφίος
1772 847 1828 898 ἐν

256 939 333 1009 τῷ
366 938 617 1010 νυμφῶνι
641 939 1022 1010 διαλεγόμενος
1048 938 1431 1009 εὑρεθήσεται·
1460 940 1489 991 ὁ
1514 937 1570 991 δὲ
1605 937 1679 1009 μὴ
1707 954 1829 1005 συγ-

260 1032 606 1101 χωρούμενος
645 1030 930 1097 εἰσελθεῖν,
984 1030 1186 1095 ἔξωθεν
1218 1031 1506 1101 ἱστάμενος
1557 1028 1828 1094 στενάζων

260 1122 357 1195 βοᾷ
380 1139 395 1154 ο
442 1125 537 1191 Τίς
573 1122 790 1188 ἀπάξει
840 1141 919 1194 με
970 1126 1053 1190 εις
1101 1125 1284 1178 πόλιν
1321 1123 1645 1193 περιοχῆς;
1677 1123 1712 1193 ἢ
1745 1123 1829 1185 τίς

258 1213 510 1283 ὁδηγήσει
547 1229 636 1283 με,
663 1213 775 1280 ἕως
808 1213 915 1269 τοῦ
935 1213 1024 1285 μὴ
1039 1214 1301 1279 βλέπειν
1323 1216 1410 1280 είς
1428 1214 1828 1283 ματαιότητας

257 1301 354 1356 καὶ
377 1303 600 1370 μανίας
624 1302 872 1372 ψευδεῖς
900 1306 960 1359 ἐν
987 1304 1066 1375 τῷ
1095 1303 1373 1375 εὔχεσθαι.

328 1481 461 1553 ροβ’.
494 1482 691 1537 Ὀποία
719 1484 750 1553 ἡ
779 1484 950 1554 χωρὶς
979 1482 1106 1546 ἁλὸς
1131 1482 1210 1553 τῷ
1240 1483 1482 1553 φάρυγγι
1507 1481 1829 1553 λογιζομένη

255 1575 449 1645 τροφὴ,
486 1575 713 1647 τοιαύτη
741 1577 834 1629 καὶ
865 1577 896 1645 ή
924 1574 1083 1639 ἐκτὸς
1110 1575 1463 1640 κατανύξεως
1513 1575 1830 1646 λογισθήσε-

255 1684 345 1719 ται
371 1665 447 1737 τῷ
468 1666 545 1736 νῷ
573 1666 948 1738 μετερχομένη
981 1667 1136 1737 εὐχή.

329 1761 461 1824 ρογ’.
500 1755 566 1809 Ἠ
597 1756 695 1826 μὲν
719 1755 800 1808 ἔτι
827 1754 1242 1809 καταδιώκουσα
1285 1754 1433 1827 ψυχή
1482 1754 1584 1825 τὴν
1637 1754 1825 1827 εὐχὴν,

1930 570 2264 634 exstiterint,
2290 570 2432 625 alter
2462 580 2634 634 veste,
2666 571 2917 639 alterque
2938 586 3101 625 sensu
3126 614 3139 637 ,
3171 586 3365 628 neuter
3386 577 3501 647 ejus

1930 661 2087 731 cujus
2111 660 2467 730 inquisitione
2490 661 2721 725 laborat,
2757 677 2982 731 compos
3008 664 3302 719 exstiterit.

1997 751 2120 806 171.
2161 751 2293 818 Quae
2344 753 2488 806 intra
2531 752 2767 821 seipsam
2811 754 2918 807 alta
2969 755 3298 825 cogitatione
3351 772 3507 814 mens

1926 842 2155 897 collecta
2204 851 2307 909 est,
2361 844 2511 898 inter
2553 845 2845 919 orandum,
2893 846 3047 900 velut
3102 862 3339 917 sponsus
3374 866 3501 904 cum

1933 949 2132 1003 sponsa
2164 936 2218 989 in
2256 936 2498 990 thalamo
2524 952 2839 991 sermonem
2877 937 3117 992 miscens
3166 939 3505 995 invenietur.

1929 1024 2031 1080 Cui
2084 1035 2267 1081 autem
2298 1027 2514 1098 ingredi
2560 1043 2671 1082 non
2725 1027 3103 1098 permittitur,
3163 1028 3298 1085 foris
3355 1039 3507 1086 stans

1928 1117 2134 1187 gemitu
2168 1118 2388 1183 clamat,
2421 1117 2548 1184 Quis
2588 1119 2800 1173 deducet
2833 1136 2914 1173 me
2934 1122 2989 1174 in
3022 1121 3283 1175 civitatem
3327 1125 3503 1175 muni-

1940 1218 2051 1263 tam
2082 1208 2167 1263 "?
2192 1219 2287 1263 aut
2310 1209 2435 1279 quis
2460 1210 2596 1265 mihi
2628 1210 2897 1265 hactenus
2928 1210 3038 1264 dux
3070 1212 3198 1275 erit,
3237 1221 3293 1265 ut
3323 1214 3379 1265 in
3415 1230 3507 1267 va-

1930 1300 2122 1353 nitates
2159 1308 2209 1352 et
2248 1299 2488 1354 insanias
2534 1299 2723 1370 falsas,
2765 1299 2913 1354 inter
2955 1301 3225 1355 orandum
3271 1318 3375 1355 non
3422 1320 3506 1357 re-

1936 1392 2162 1462 spiciam
2194 1391 2279 1444 ⁸⁷⁶ί

2002 1481 2124 1535 172.
2151 1479 2341 1547 Qualis
2370 1498 2497 1537 esca
2543 1482 2698 1537 nullo
2740 1484 2852 1538 sale
2885 1483 3109 1537 condita
3158 1485 3367 1553 gutturi
3421 1485 3504 1537 vi—

1930 1570 2114 1632 detur,
2151 1569 2274 1625 talis
2300 1580 2356 1625 et
2390 1573 2586 1635 oratio,
2620 1573 2793 1627 menti
2819 1588 2939 1627 eam
2979 1573 3184 1626 colenti
3219 1572 3503 1627 existima-

1930 1661 2103 1726 bitur,
2137 1663 2241 1716 nisi
2277 1662 2331 1716 ei
2358 1663 2712 1732 compunctio
2739 1678 2924 1718 comes
2948 1664 3040 1719 sit.

2004 1752 2127 1805 l73.
2160 1752 2389 1807 Animus
2411 1753 2718 1807 orationem
2750 1754 2931 1809 adhuc
2961 1770 3320 1825 persequens,
3377 1769 3505 1824 par-

252 1848 319 1917 τῇ
353 1825 615 1919 ὠδινούσῄ
669 1848 902 1918 ὑπάρχει
965 1848 1327 1919 παρεμφερής
1353 1863 1367 1878 α
1486 1846 1543 1900 δὲ
1588 1825 1820 1901 καταλα-

1932 1842 2157 1896 turienti
2205 1858 2368 1911 quam
2402 1842 2599 1897 similis
2619 1850 2704 1896 est
2750 1844 2824 1909 ⁸⁸;
2871 1859 2993 1898 eam
3024 1859 3158 1898 vero
3195 1852 3501 1906 assecutus,

253 1936 443 2001 ϐοῦσα,
487 1939 552 2010 τῇ
607 1940 879 2011 κυησάσῃ,
924 1939 1019 1993 καὶ
1055 1938 1255 2011 πλήρει
1294 1939 1564 2011 γενομένῃ
1607 1940 1696 1993 διὰ
1733 1939 1823 1993 τὸν

254 2025 412 2079 τόκον
442 2029 636 2097 χαρᾶς.

325 2117 450 2186 ροδν.
492 2118 664 2172 Πάλαι
699 2121 796 2189 μὲν
825 2122 855 2173 ό
887 2120 1214 2191 Ἀμορραῖος
1253 2122 1346 2191 (e‘)
1387 2122 1444 2174 ὲν
1472 2119 1551 2190 τῷ
1584 2121 1699 2191 ὄρει
1745 2123 1823 2173 oi.-

255 2209 388 2274 κῶν,
421 2209 751 2281 ἐτίτρωσκεν
783 2212 1136 2283 ἐξερχόμενος
1161 2215 1287 2277 τοὺς
1318 2212 1823 2285 παραϐιαζομὲνους

254 2299 565 2371 διέρχεσθαι
590 2319 603 2332 ·
639 2303 756 2356 νυνὶ
785 2304 839 2356 δὲ
866 2307 899 2375 ή
946 2305 1159 2375 πονηρὰ
1185 2305 1325 2375 λήθη
1357 2304 1541 2359 διώκει
1567 2307 1692 2369 τοὺς
1716 2307 1822 2377 πρὸ

250 2391 347 2463 τῆς
385 2392 607 2461 ἁγνείας
636 2394 731 2446 ἐπὶ
757 2394 858 2465 τὴν
876 2396 1214 2466 ὑψηλοτέραν
1243 2395 1654 2467 ἐπιχειροῦντας
1688 2397 1822 2451 ἀνα-

253 2480 457 2536 ϐαίνειν
487 2482 652 2554 εὐχὴν
687 2484 786 2554 τῆς
813 2485 1134 2556 ἁπλότητος.

322 2583 450 2646 ροε’.
482 2577 594 2647 Τῆς
643 2577 892 2648 καθαρᾶς
938 2580 1124 2653 εὐχῆς,
1157 2580 1214 2633 ὲν
1244 2578 1411 2652 ἔχθρᾳ
1445 2579 1613 2651 πολλῇ
1648 2579 1821 2649 πεφύο

255 2685 413 2721 κασιν
443 2664 580 2722 εῖναι
630 2669 679 2721 οἱ
734 2669 1006 2740 δαίμονες.
1052 2671 1438 2742 Καταπλήττει
1488 2672 1545 2724 δὲ
1573 2670 1818 2737 τούτους,

251 2762 370 2831 οὐχὶ
405 2760 609 2831 πλῆθος
651 2762 756 2814 τῶν
806 2761 994 2815 κακῶν
1047 2760 1297 2835 [καλῶν],
1333 2763 1407 2826 ὡς
1455 2766 1581 2827 τοὺς
1620 2762 1821 2828 ἔξωθεν

258 2851 548 2921 πολεμίους
584 2852 645 2904 τὸ
673 2852 992 2922 στράτευμα
1017 2869 1030 2884 ·
1082 2853 1199 2906 ἀλλ’
1226 2855 1259 2924 ή
1310 2852 1479 2923 τριῶν
1508 2855 1817 2925 συμφωνία,

254 2937 345 2990 νοῦ
379 2937 515 3007 πρὸς
541 2938 718 3006 λόγον,
754 2941 849 2993 καὶ
877 2940 1037 3009 λόγου
1068 2942 1206 3012 πρὸς
1240 2941 1510 3013 αἴσθησιν.

325 3027 464 3098 ρος’.
506 3028 568 3083 Ἡ
610 3030 707 3100 μὲν
744 3031 872 3101 ψιλὴ
897 3033 1053 3103 εὐχὴ,
1083 3033 1159 3097 ὡς
1188 3034 1354 3104 ἄρτος
1386 3033 1686 3104 ὀφθήσεται
1718 3037 1818 3107 ἀρ-

251 3118 515 3189 χομένους
547 3120 882 3191 στηρίζουσα
904 3138 917 3151 ·
953 3125 989 3193 ἡ
1037 3124 1095 3176 δὲ
1123 3125 1261 3195 μετά
1290 3142 1432 3189 τινος
1464 3125 1715 3197 θεωρίας,
1745 3127 1822 3192 ὡς

250 3211 430 3264 ἔλαιον
481 3212 772 3265 πιαίνουσα
796 3230 810 3244 ·
846 3216 878 3283 ή
918 3214 975 3267 δὲ
1012 3216 1271 3282 ἀνείδεος,
1305 3216 1381 3281 ὡς
1423 3212 1563 3282 οἶνος
1592 3219 1820 3291 εὐώδης,

249 3295 310 3356 οὗ
338 3301 386 3355 oi
417 3302 820 3373 ἐμφορούμενοι
849 3305 1141 3377 ἀπλήστως
1172 3307 1503 3372 ἐξίστανται-

1929 1930 1981 1985 ei
2034 1946 2161 1999 quae
2204 1932 2459 2001 peperit,
2514 1946 2693 2001 exque
2757 1940 2918 2000 partu
2967 1932 3149 2003 gaudii
3206 1933 3365 2001 plena
3413 1948 3505 1986 ex-

1928 2022 2096 2078 sistit.

2000 2127 2123 2180 174.
2159 2125 2301 2181 Olim
2326 2126 2548 2195 quidem
2583 2125 2939 2182 Amorrhzeus
2972 2136 3235 2181 montana
3271 2124 3456 2179 colens
3488 2166 3500 2188 ,

1929 2231 2024 2271 eos
2062 2230 2353 2285 aggressus
2380 2215 2477 2285 qui
2516 2215 2825 2285 transgredi
2867 2215 3335 2277 connitebantur,
3372 2228 3504 2266 con-

1927 2305 2253 2360 vulnerabat
2283 2306 2365 2365 5’:
2395 2319 2655 2375 nuncque
2702 2305 2845 2359 mala
2877 2304 3086 2359 oblivio
3143 2304 3269 2359 illos
3312 2317 3500 2373 perse-

1928 2399 2141 2468 quitur,
2170 2398 2265 2467 qui
2301 2396 2967 2457 necdumcastimoniam
3018 2397 3239 2466 adepti,
3297 2396 3363 2450 ad
3422 2396 3505 2449 al-

1927 2487 2127 2542 tiorem
2159 2486 2465 2556 simplicem
2495 2486 2798 2541 orationem
2846 2502 3132 2541 ascensum
3178 2484 3502 2539 moliuntur.

1994 2580 2116 2635 175.
2153 2577 2470 2634 Orationem
2500 2594 2693 2649 puram
2728 2578 2879 2649 gravi
2920 2578 3198 2633 daemones
3217 2577 3347 2631 odio
3371 2592 3503 2647 per-

1927 2678 2256 2742 sequuntur,
2285 2670 2449 2740 idque
2472 2685 2539 2725 ex
2569 2669 2751 2740 genio.
2787 2669 3046 2724 Percellit
3085 2684 3215 2723 vero
3263 2684 3360 2723 eos
3389 2683 3501 2721 non
3563 2658 3569 2667 ’

1925 2762 2195 2817 bonorum
2227 2762 2408 2827 turba,
2438 2762 2589 2816 velut
2612 2770 2869 2817 externos
2901 2761 3089 2817 hostes
3111 2761 3328 2831 objecta
3364 2775 3503 2829 prte-

1928 2854 2071 2909 sidia
2095 2853 2375 2920 militum;
2425 2853 2521 2909 sed
2555 2853 2721 2907 trium
2778 2868 3103 2916 consensus,
3144 2852 3345 2907 mentis
3387 2850 3500 2906 sei-

1926 2943 2054 2998 licet
2089 2958 2211 2998 cum
2250 2943 2501 3007 ratione,
2529 2949 2587 2997 et
2642 2942 2874 2996 rationis
2924 2957 3050 2997 cum
3088 2957 3275 2997 sensu.

2001 3033 2124 3088 176.
2157 3033 2403 3103 Simplex
2428 3032 2627 3096 oratio,
2681 3032 2837 3102 quasi
2884 3030 3043 3101 panis
3089 3029 3372 3084 videbitur
3400 3028 3445 3060 °°
3485 3067 3501 3091 ,

1928 3125 2257 3195 incipientes
2282 3141 2347 3179 ac
2374 3124 2809 3179 rudimentarios
2834 3123 3152 3177 confortans
3182 3141 3192 3175 :
3228 3138 3349 3191 quae
3373 3136 3503 3175 vero

1932 3218 2174 3287 aliquam
2202 3216 2726 3286 contemplationem
2758 3215 3110 3285 conjunctam
3141 3213 3328 3274 habet,
3354 3211 3503 3265 velut

1928 3309 2112 3362 oleum
2143 3307 2491 3378 impinguans
2512 3308 2556 3340 “
2587 3323 2601 3360 :
2635 3321 2757 3376 quae
2783 3305 3023 3375 denique
3056 3306 3234 3358 nullas
3263 3302 3504 3358 admittit

250 3391 456 3448 formas
478 3409 543 3448 ac
565 3396 879 3461 simulacra,
911 3400 1067 3465 quasi
1088 3399 1814 3472 vinuml'ragrantissimum,
1849 3418 1959 3474 quo
1990 3401 2085 3472 qui
2144 3400 2293 3471 pleni
2330 3407 2479 3468 sunt,
2541 3400 2873 3456 immensum
2921 3398 3196 3455 excedunt
3247 3413 3312 3452 ac
3354 3398 3500 3453 velut

253 3483 535 3548 insaniunt
561 3487 631 3540 θ’.

326 3573 456 3647 ροζ’.
484 3579 504 3599 ‘
536 3578 761 3649 ’Ἄγριος
796 3580 897 3649 μὲν
923 3581 1063 3646 ὄνος,
1097 3583 1302 3648 πόλεως
1350 3586 1449 3654 μὲν
1477 3585 1693 3652 λέγεται
1724 3604 1820 3639 πο-

221 3662 502 3744 ιλυοχλίας
535 3668 864 3739 καταγελᾷνο
917 3671 1011 3723 καὶ
1040 3673 1347 3741 μονόκερως
1384 3672 1443 3725 δὲ
1488 3673 1581 3725 ὑπ’
1610 3674 1824 3735 οὐδενὸς

253 3755 567 3826 δεσμεῖσθαι
598 3759 908 3831 δυνάμενος.
944 3760 1085 3825 Νοῦς
1107 3761 1164 3814 δὲ
1188 3762 1422 3831 φύσεως,
1453 3763 1550 3816 καὶ
1571 3764 1679 3815 τῶν
1696 3764 1824 3834 περὶ

258 3848 422 3915 φύσιν
454 3848 778 3918 βασιλεύσας
806 3852 999 3920 λόγων,
1034 3852 1399 3923 ματαιότητος
1448 3852 1548 3923 μὲν
1587 3869 1823 3918 καταγε-

252 3939 320 4010 λᾷ
342 3938 621 4011 λογισμῶν
652 3936 1120 4013 προσευχόμενος·
1161 3946 1293 4015 παρ’
1322 3944 1536 4007 οὐδενὸς
1574 3944 1634 3997 δὲ
1662 3944 1823 3999 δύνα-

256 4048 345 4085 ται
382 4033 491 4087 τῶν
518 4033 622 4087 ὑπὸ
650 4032 747 4104 τὴν
788 4033 1038 4106 αἴσθησιν
1068 4034 1605 4099 κατεξουσιάζεσθαι.

326 4222 457 4286 ροη’.
490 4217 611 4286 Χρὴ
665 4216 756 4270 τὸν
801 4217 1202 4288 ἀγωνιζόμενον
1230 4258 1245 4283 ,
1275 4217 1377 4288 τὴν
1427 4218 1525 4288 μὲν
1568 4219 1820 4290 αἴσθησιν

250 4308 436 4374 αὐτοῦ,
465 4311 545 4373 είς
578 4307 678 4380 τήν
728 4309 972 4379 μονοειδῆ
1021 4310 1331 4363 συστέλλειν
1367 4311 1591 4382 τροφήν
1639 4311 1730 4364 τὸν
1763 4311 1819 4365 δὲ

251 4402 395 4466 νοῦν,
463 4404 544 4465 εἰς
592 4402 692 4473 τὴν
762 4402 1139 4473 μονολόγιστον
1222 4405 1532 4475 προσευχήν
1565 4388 1596 4435 ’Δ
1648 4404 1819 4469 οὕτως

251 4493 359 4564 γὰρ
394 4493 620 4565 ἄσχετος
652 4496 888 4565 γεγονὼς
919 4498 983 4549 ὲκ
1005 4496 1195 4550 παθῶν
1219 4536 1233 4559 ,
1266 4498 1358 4549 καὶ
1388 4498 1480 4550 ἐπὶ
1517 4498 1578 4551 τὸ
1634 4498 1818 4569 ἁρπάσ-

252 4583 442 4647 ζεσθαι
472 4586 610 4657 πρὸς
644 4587 848 4658 Κύριον
874 4587 990 4659 ἥξει
1014 4589 1072 4642 ὲν
1105 4587 1183 4658 τῷ
1220 4588 1644 4659 προσεύχεσθαι.

321 4828 369 4860 ⁸⁸
396 4826 541 4882 Psal.
572 4841 677 4890 ιιι,
716 4827 799 4880 li.
876 4827 921 4860 ⁵⁷
953 4826 1095 4880 Psal.
1122 4841 1310 4889 χχιιι,
1346 4826 1398 4879 5.

322 5131 412 5203 (e‘)
456 5131 518 5186 '0
557 5132 910 5203 Ἇμορῤαῖος.
934 5132 1026 5188 Sic
1044 5131 1303 5203 nimirum
1320 5132 1480 5186 Deut.
1516 5149 1551 5193 t,
1576 5132 1665 5203 44,
1690 5148 1816 5187 eum

251 5201 362 5266 xw,
395 5201 484 5266 45,
521 5201 631 5256 non
660 5202 1031 5266 Amorrhaaus,
1074 5202 1168 5255 sed
1216 5202 1438 5255 Amalec
1489 5210 1546 5257 ct
1600 5201 1818 5257 Chana-

251 5288 403 5328 nmus
435 5272 713 5336 dicantur,
744 5272 824 5327 sic
852 5273 921 5326 de
958 5279 1142 5326 monte
1189 5271 1527 5335 exsilientes,
1580 5272 1642 5341 in
1702 5288 1813 5341 quo

251 5352 411 5396 erant
440 5342 495 5395 in
528 5341 740 5395 insidiis
788 5342 1195 5411 (ἐγκαθήμενοι)
1240 5357 1336 5395 eos
1370 5340 1802 5396 conscidissc’ac

253 5418 573 5481 persecutos
596 5425 736 5481 esse,
763 5412 856 5479 qui
902 5412 1010 5464 vim
1050 5412 1297 5466 fecerant
1351 5421 1410 5465 ut
1472 5411 1804 5466 transirent:

252 5480 399 5551 quod
425 5480 780 5551 scilicetheo
798 5481 938 5534 irato
962 5497 1077 5535 rem
1116 5481 1593 5551 aggrediebantur,
1625 5482 1806 5551 Moyse

252 5548 421 5622 etiam
443 5548 816 5622 dissuadente.
852 5552 909 5603 Ὀ
940 5552 1120 5614 οἰκῶν,
1152 5548 1297 5620 quod
1319 5553 1636 5622 scribit,qui
1657 5548 1808 5605 Inibi-

254 5620 422 5684 tabat,
440 5619 770 5690 cumllcbr.
800 5636 863 5674 ac
890 5621 1113 5690 reliquis
1168 5619 1456 5687 convenit;
1515 5619 1806 5690 potuitque

254 5691 335 5745 sic
371 5688 559 5762 haberi
579 5688 885 5762 ξιξ-(ξηροῖς,
917 5688 1149 5760 quorum
1193 5692 1272 5746 illi
1313 5693 1468 5762 copia
1509 5688 1631 5755 fuit,
1693 5693 1807 5745 sive

255 5769 412 5816 erant
441 5758 549 5814 τῶν
577 5758 738 5825 LXX,
775 5762 890 5816 sive
930 5758 961 5833 ἡ
1003 5765 1172 5831 κοινή.
1209 5762 1365 5828 Quod
1383 5758 1483 5818 'est
1524 5778 1642 5832 cap.
1682 5762 1803 5827 175,

1846 4637 1897 4698 D

1511 4827 1558 4859 ⁵⁸
1591 4826 1748 4882 Joan.
1783 4842 1892 4891 xw,
1922 4828 2011 4881 21.

254 4896 343 4953 15.
418 4897 461 4928 ⁶¹
488 4897 630 4952 Psal.
660 4913 788 4961 χιιι,
818 4897 870 4952 5.
947 4896 993 4927 “
1022 4897 1065 4950 ll
1106 4894 1233 4952 Cor.
1258 4912 1320 4961 v,
1351 4896 1437 4950 15.
1516 4896 1561 4928 ⁸³
1586 4897 1711 4951 Job.
1738 4913 1820 4951 xx:

1958 4899 2011 4963 5,
2052 4898 2105 4953 9.

320 5015 342 5038 ‘
386 5012 523 5069 Vide
579 5011 834 5068 Bocbart.
901 5012 1013 5065 Dea
1076 5009 1264 5065 nimal.
1335 5026 1503 5066 sacra:
1564 5009 1869 5083 Scriptum.

1998 3586 2122 3639 177.
2159 3585 2330 3639 Aiunt
2377 3599 2647 3655 onagrum
2706 3583 2984 3639 confertas
3025 3582 3265 3638 civitatis
3315 3582 3504 3636 turbas

1931 3677 2198 3741 irridere;
2228 3689 2551 3729 monoceros
2602 3683 2785 3727 autem
2831 3693 2863 3728 a
2904 3674 3125 3729 nemine
3159 3675 3369 3744 alligari
3402 3690 3501 3744 po—

1932 3773 2037 3819 test
2064 3766 2131 3817 “.
2177 3764 2350 3819 Porro
2376 3778 2555 3828 mens,
2593 3779 2716 3832 quae
2757 3772 2990 3827 naturae,
3034 3779 3335 3833 earumque
3382 3779 3503 3833 qua:

1929 3864 2059 3910 sunt
2085 3856 2231 3910 circa
2274 3855 2443 3920 illam,
2504 3854 2783 3908 rationum
2842 3863 3004 3908 nacta
3060 3853 3351 3924 imperium
3386 3854 3498 3916 sit,

1930 3946 2075 4000 inter
2106 3944 2377 4000 orandum
2400 3960 2573 3999 vanas
2606 3943 2801 3998 irridet
2833 3944 3197 4015 cogitationes
3223 3984 3237 4006 ,
3287 3958 3389 3997 nec
3415 3944 3501 3997 ul-

1933 4037 2041 4091 lius
2092 4036 2353 4107 potestati
2402 4035 2719 4107 subjicitur,
2769 4051 2963 4090 eorum
3009 4051 3132 4106 qua:
3171 4034 3227 4089 in
3279 4048 3501 4090 sensum

1931 4128 2154 4183 cadunt.

1998 4219 2121 4274 178.
2158 4219 2352 4284 Debet,
2390 4220 2485 4290 qui
2516 4234 2688 4290 agone
2715 4218 3018 4283 contendit,
3075 4218 3142 4273 ad
3200 4219 3367 4274 unius
3409 4233 3502 4289 ge-

1926 4312 2077 4368 neris
2091 4312 2296 4378 cibum,
2332 4329 2553 4369 sensum
2579 4329 2738 4369 suum
2760 4315 2922 4386 662
2946 4314 3312 4385 restringere;
3345 4329 3500 4368 men-

1930 4412 2150 4474 temque
2235 4402 2303 4458 ad
2358 4404 2526 4458 unius
2605 4403 2837 4458 rationis
2899 4403 3201 4458 orationem
3278 4418 3495 4474 cogere.

1928 4493 2020 4549 Sic
2045 4495 2192 4549 enim
2225 4495 2293 4549 ab
2318 4493 2609 4550 all‘ectibus
2640 4496 2783 4549 liber
2808 4495 3063 4562 eﬂ’ectus,
3113 4495 3333 4551 abunde
3363 4512 3499 4551 con-

1929 4594 2194 4655 sequetur
2251 4595 2313 4641 ut
2348 4586 2415 4641 ad
2460 4586 2753 4641 Dominum
2799 4587 2944 4642 inter
2985 4586 3256 4642 orandum
3317 4588 3501 4659 rapia-

1922 4684 2010 4730 tur
2040 4676 2105 4729 ⁸⁵.

2127 4831 2171 4864 ⁵⁸
2201 4830 2363 4885 Num.
2391 4847 2502 4897 xw,
2532 4833 2632 4898 £5;
2666 4833 2829 4887 Deut.
2859 4850 2898 4898 ι,
2931 4834 3020 4889 44.

3132 4837 3177 4868 ⁶⁰
3206 4834 3350 4889 Psal.
3382 4850 3493 4900 cm,

2196 4899 2241 4931 “
2272 4902 2293 4955 l
2324 4901 2488 4957 Thes.
2523 4919 2595 4968 ιγ,
2632 4904 2716 4957 16.

1926 5133 2048 5202 οὐχὶ
2080 5133 2285 5199 πλῆθος
2313 5133 2421 5186 τῶν
2444 5133 2652 5193 κακῶν,
2688 5133 2873 5187 nullus
2915 5133 3226 5202 decoquere
3263 5134 3491 5202 possjm,

1927 5212 1988 5272 ut
2025 5204 2100 5256 ita
2128 5204 2417 5272 scripsisse
2472 5211 2659 5271 putem
2710 5202 3027 5267 Maximum,
3066 5213 3162 5256 aut
3221 5204 3362 5257 forte
3385 5202 3495 5259 lia-

1925 5271 2110 5327 buisse
2133 5272 2257 5327 cod.
2282 5273 2481 5335 Vatic.,
2509 5273 2615 5325 nisi
2640 5272 2779 5326 forte
2805 5273 3009 5339 κακῶν,
3039 5273 3160 5324 ἀντὶ
3176 5273 3289 5333 τοῦ,
3318 5274 3493 5327 πόνων

1911 5344 2152 5413 positum
2179 5343 2269 5396 sit.
2306 5341 2415 5413 Sed
2442 5350 2727 5413 praestaret
2760 5341 3235 5413 Axamv-glionesti
3285 5343 3489 5413 quippe

1909 5412 2136 5481 nomine
2163 5412 2386 5466 virtutis
2410 5412 2631 5465 labores
2658 5411 2842 5481 potius
2878 5411 3125 5475 veniant,
3147 5428 3309 5481 quam
3337 5411 3485 5479 mali;

1909 5480 2058 5552 iique
2089 5482 2183 5535 uni
2215 5482 2370 5551 quasi
2397 5480 2679 5536 exercitus
2710 5482 3109 5552 intelligantur,
3141 5480 3235 5551 qui
3281 5495 3491 5539 terren-

1908 5549 1983 5604 do
2039 5549 2315 5606 daemones
2357 5552 2485 5613 sint,
2544 5568 2646 5606 nec
2685 5568 2818 5605 vero
2849 5549 3113 5616 terreant,
3159 5549 3264 5607 nisi
3318 5553 3483 5616 adsit,

1870 5641 1882 5652 υ
1906 5636 2070 5694 quam
2111 5620 2380 5675 Maximus
2411 5621 2582 5693 exigit
2614 5621 2818 5677 virium
2851 5620 3023 5677 animi
3057 5638 3164 5676 una
3207 5623 3489 5694 consipim-

1905 5693 1982 5744 tio
2026 5700 2081 5746 et
2112 5705 2434 5747 consensus.
