4122 6322
610 306 747 373 1443

1771 311 1832 371 S.
1877 311 2166 370 ΜΑΧΙΜΙ
2214 309 2723 370 CONFESSORIS

3737 305 3875 370 HM

678 424 804 481 179.
835 422 1014 480 Canes
1050 421 1105 474 in
1133 435 1192 475 se
1219 421 1437 486 eﬂ‘erat,
1477 422 1572 491 qui
1601 422 1683 477 eis
1706 422 1964 478 baculum
2014 425 2193 478 inten-

2371 424 2502 494 ροθ’.
2538 425 2766 478 Ῥάῦδον
2803 423 2952 494 μὲνό
2979 423 3136 476 κυσὶν
3169 422 3425 475 ἐπισείων
3467 421 3712 492 ὴγρίωσε
3753 422 3881 474 καθ’

609 525 734 573 tat:
771 517 851 571 sic
883 525 939 570 ct
987 513 1301 577 dremones,
1341 513 1437 583 qui
1474 529 1611 583 pure
1667 513 1892 584 defungi
1939 516 2188 570 oratione

609 606 848 662 studeat.

676 698 797 753 160.
849 699 1162 769 Voluptarii
1208 697 1466 753 homines
1515 711 1581 752 ac
1635 696 1943 762 libidinosi,
1991 705 2053 750 ut
2093 696 2188 766 qui

609 788 817 843 terreni
866 788 998 855 sint,
1060 798 1324 859 tanquam
1375 801 1539 841 ranas
1571 828 1585 852 ,
1637 786 2004 856 cogitationes
2044 787 2192 856 ipsos

608 878 984 935 distrahentes
1007 880 1218 936 habent
1256 896 1270 933 :
1298 893 1538 949 quorum
1579 891 1712 931 vero
1739 876 1808 930 ad
1840 876 2194 931 mediocrita-

609 978 721 1026 tem
751 972 983 1029 affectus
1007 973 1219 1030 redacti
1256 980 1407 1037 sunt,
1459 971 1611 1026 velut
1649 969 1915 1025 luscinias
1945 1009 1961 1034 ,
2002 969 2191 1024 consi-

609 1062 925 1120 derationes
952 1063 1161 1119 habent
1187 1079 1286 1119 eos
1316 1063 1681 1127 oblectantes,
1715 1077 1784 1116 ex
1810 1061 1937 1115 aliis
1964 1062 2022 1116 in
2051 1060 2193 1115 alios

609 1154 1040 1226 commigrantes
1060 1170 1267 1220 ramos,
1303 1154 1588 1209 variarum
1629 1152 1844 1207 scilicet
1893 1153 2045 1206 cultu
2087 1166 2191 1207 no-

612 1244 842 1300 tionum.
872 1246 945 1301 lis
969 1247 1208 1317 denique
1236 1247 1331 1316 qui
1365 1246 1436 1300 ah
1486 1244 1783 1300 aﬂ‘ectibus
1837 1243 2002 1298 liberi
2043 1251 2195 1298 tran-

610 1339 899 1409 quillitatis
928 1354 1112 1394 arcem
1152 1337 1546 1399 ascenderunt,
1580 1337 1774 1406 ingens
1801 1351 1832 1390 a
1894 1335 2192 1406 cogitatio-

611 1427 778 1483 nibus
799 1438 855 1484 et
899 1428 1212 1484 rationibus
1263 1443 1329 1482 ac
1377 1426 1742 1496 conceptibus
1793 1426 2074 1481 silentium
2109 1434 2196 1481 est

611 1527 779 1589 atque
810 1520 1031 1589 requies
1074 1519 1219 1573 inter
1263 1517 1557 1572 orandum.

682 1611 805 1665 181.
834 1609 979 1665 Olim
1006 1609 1234 1680 quidem
1270 1608 1444 1663 Maria
1480 1607 1651 1663 Mosis
1677 1622 1859 1673 soror,
1896 1617 2194 1679 conspecta

612 1700 856 1755 hostium
878 1708 1080 1770 strage,
1116 1715 1342 1754 sumens
1371 1708 1715 1771 tympanum,
1772 1699 2025 1755 victoriae
2059 1715 2193 1756 can-

615 1793 722 1847 tica
761 1792 1055 1846 mulierum
1085 1790 1258 1846 choro
1302 1791 1702 1861 auspicabatur
1734 1791 1781 1823 ⁶⁵
1820 1808 1834 1844 :
1875 1806 2026 1847 nunc
2063 1806 2197 1847 vero
2225 1761 2272 1823 Β

615 1883 668 1936 in
692 1883 814 1950 ejus
836 1880 1006 1935 animi
1050 1881 1293 1947 laudem,
1339 1881 1435 1951 qui
1477 1881 1745 1935 vitiorum
1792 1895 1859 1935 ac
1900 1879 2198 1935 aﬂ‘ectuum

612 1973 792 2028 victor
840 1971 1142 2037 exstiterit,
1169 1971 1286 2042 ipsa
1319 1972 1589 2026 virtutum
1637 1971 1937 2040 primatum
1978 1982 2194 2038 tenens,

610 2065 790 2119 excita
823 2063 1087 2128 charitas,
1108 2062 1381 2118 citharam
1406 2078 1532 2118 cum
1556 2063 1799 2128 cantico,
1826 2063 1982 2117 velut
2000 2078 2197 2132 qnam-

613 2155 739 2209 dam
790 2154 1319 2225 contemplationem
1356 2193 1372 2219 ,
1429 2153 1652 2224 pridem
1702 2153 1781 2208 illi
1859 2153 1929 2208 ad
1980 2153 2199 2209 decoris

613 2240 1011 2296 abundantiam
1056 2242 1386 2306 laboratam,
1442 2242 1501 2296 in
1546 2257 1744 2319 manus
1765 2257 2033 2306 sumens,
2086 2257 2198 2298 non

612 2338 792 2385 cessat
839 2346 967 2386 cum
1020 2331 1180 2386 turba
1206 2330 1287 2386 illi
1338 2331 1572 2408 comite,
1631 2331 1918 2388 exsultans
1971 2331 2198 2388 laudare

613 2423 809 2478 Deum.

686 2509 808 2563 182.
849 2508 1082 2576 Quando
1113 2508 1313 2564 orandi
1371 2508 1490 2582 jugi
1553 2509 1824 2566 exercitio
1883 2526 1948 2566 ac
1998 2512 2149 2568 cultu
2179 2554 2196 2581 ,

514 2626 519 2631 -
610 2599 947 2665 psalmorum
1003 2599 1232 2653 oracula
1290 2599 1348 2653 in
1396 2599 1612 2655 orantis
1657 2599 1828 2655 corde
1884 2601 2195 2685 haeserint,

615 2699 746 2743 tunc
775 2697 829 2742 et
863 2688 982 2758 ipse
1010 2689 1165 2744 velut
1189 2697 1340 2744 terra
1365 2689 1597 2759 optima,
1620 2690 1771 2745 ultro
1800 2689 1946 2746 l'erre
1976 2691 2195 2762 incipit,

614 2789 678 2833 ut
704 2795 858 2835 rosas
887 2780 1113 2850 quidem
1140 2819 1155 2845 ,
1216 2779 1674 2851 incorporearum
1709 2798 1896 2837 rerum
1946 2795 2197 2837 contem-

612 2873 953 2942 plationem;
990 2881 1053 2927 ut
1083 2888 1217 2928 vero
1253 2873 1388 2939 lilia,
1422 2887 1720 2942 corporum
1772 2873 1935 2945 longe
1981 2874 2198 2929 lucidas

613 2946 857 3019 rationes
881 2979 947 3018 ac
972 2975 1316 3034 conceptus;
1345 2975 1407 3019 ut
1443 2964 1685 3035 denique
1715 2966 1892 3022 violas
1914 3008 1928 3032 ,
1974 2968 2194 3024 divino-

2292 516 2490 568 έαυτοῦ
2524 532 2537 546 ·
2604 517 2865 588 δαίμονας
2926 516 3024 582 δὲ,
3082 519 3112 569 ό
3168 516 3426 586 καθαρῶς
3481 514 3882 585 ἐκϐιαζόμενος

2292 605 2565 676 εὔχεσθαι.

2369 696 2479 766 ρπ¹.
2516 700 2581 753 Οί
2625 700 2725 770 μὲν
2760 697 3057 770 ἡδυπαθεῖς
3090 699 3545 768 προσευχόμενοι,
3579 698 3678 752 ἅτε
3744 697 3884 750 ὑλώ-

2292 790 2406 856 δεις
2458 792 2633 856 ὄντες,
2668 791 2744 855 ὡς
2797 790 3106 862 βατράχους
3156 789 3340 861 έχουσι
3390 791 3518 852 τοὺς
3574 788 3882 872 λογισμρὺς

2295 880 2683 947 περισπῶντας
2711 880 2911 943 αὐτούς
2938 895 2951 908 ·
2984 881 3033 932 oi
3073 880 3128 933 δὲ
3162 879 3575 950 μετριοπαθείς,
3606 878 3706 943 τὰς
3745 879 3883 932 θεω-

2293 970 2417 1041 ρίας
2445 971 2522 1035 ὡς
2549 970 2777 1043 ἀηδόνας
2812 969 3265 1042 κατατερπούσας
3294 970 3493 1033 αὐτοὺς
3515 1011 3531 1036 ,
3557 972 3624 1040 τῇ
3655 971 3751 1024 ἀπ’
3781 972 3881 1025 ἅλ-

2293 1062 2401 1116 λων
2446 1063 2527 1126 είς
2584 1061 2779 1126 ἄλλους
2804 1063 3139 1132 ἀκρέμονας,
3169 1061 3418 1115 τουτέστι
3454 1061 3710 1125 ποικίλας
3739 1062 3882 1115 θεω-

2298 1154 2441 1224 ρίας,
2479 1152 2783 1224 μεταὸἀσει
2814 1168 2830 1183 ο
2867 1153 2994 1223 σιγὴ
3053 1152 3112 1207 δὲ
3179 1154 3440 1222 πρόσεστι
3472 1156 3587 1214 τοῖς
3637 1152 3881 1206 ἀπαθέσι

2294 1246 2390 1300 καὶ
2416 1247 2625 1318 ἠρεμία
2658 1244 2829 1317 πολλὴ
2860 1247 2927 1299 ὲκ
2949 1246 3226 1316 λογισμῶν
3258 1247 3355 1301 καὶ
3382 1248 3671 1317 νοημάτων
3712 1247 3770 1299 ὲν
3798 1244 3879 1315 τῷ

2295 1324 2716 1408 προσεύχεσθαι.

2367 1605 2515 1669 ρπαν.
2555 1599 2733 1652 Πάλαι
2760 1599 2859 1670 μὲν
2895 1601 2928 1671 η
2954 1598 3049 1653 τοῦ
3082 1599 3335 1661 Μωσέως
3360 1599 3546 1670 Μαρία
3579 1598 3689 1652 τῶν
3718 1600 3881 1653 πολε-

2300 1689 2439 1759 μίων
2466 1688 2568 1759 τὴν
2599 1688 2812 1742 πτῶσιν
2847 1688 3182 1760 θεασαμένη,
3210 1690 3272 1742 τὸ
3288 1688 3572 1758 τύμπανον
3595 1690 3879 1761 ἀραμένη,

2299 1781 2495 1854 ἐξῆρχε
2526 1785 2645 1845 ταῖς
2671 1782 2921 1854 ᾀδούσαις
2953 1779 3024 1834 τὰ
3051 1782 3298 1835 ἐπινίκια
3324 1798 3341 1814 ·
3366 1781 3484 1835 νυνὶ
3512 1780 3571 1834 δὲ
3599 1781 3682 1844 είς
3711 1781 3883 1851 εὐφη-

2302 1876 2433 1945 μίαν
2465 1874 2563 1945 τῆς
2597 1874 2904 1945 νικησάσης
2932 1873 3002 1927 τά
3030 1871 3176 1944 πάθη
3208 1872 3388 1942 ψυχῆς
3412 1909 3426 1935 ,
3465 1871 3497 1941 ἡ
3523 1871 3793 1943 κρείττων
3822 1874 3882 1923 ὲν

2298 1966 2522 2036 ἀρεταῖς
2551 1965 2746 2035 ἀγάπη
2774 1964 3145 2035 διεγερθεῖσα,
3181 1965 3281 2035 τὴν
3313 1962 3431 2034 μετ’
3458 1962 3606 2034 ᾠδῆς
3643 1950 3887 2035 κιθάραν

2297 2056 2488 2129 ὥσπερ
2508 2057 2633 2111 τινὰ
2687 2056 2922 2125 θεωρίαν
2961 2054 3456 2127 μεταχειριζομένη
3512 2053 3686 2125 ταύτῃ
3711 2055 3883 2110 πάλαι

2296 2149 2397 2220 τὴν
2432 2149 2761 2221 πονηθεῖσαν
2784 2149 2864 2211 είς
2893 2147 3124 2211 κάλλους
3155 2147 3498 2219 περιουσίαν,
3529 2148 3590 2200 οὐ
3640 2130 3883 2202 παύεται

2300 2242 2398 2296 σὺν
2421 2243 2536 2306 τοῖς
2564 2240 2695 2313 περὶ
2722 2240 2895 2311 αὐτὴν
2932 2239 3319 2311 ἀγαλλιωμένη
3364 2241 3538 2295 αἰνεῖν
3579 2239 3672 2294 τὸν
3720 2239 3880 2295 Θεόν.

2372 2515 2519 2589 ρπβ’.
2556 2517 2792 2572 ὐπόταν
2820 2513 2912 2570 διά
2937 2514 3225 2586 συνεχείας
3251 2514 3353 2585 τῆς
3387 2514 3532 2569 κατά
3565 2514 3666 2585 τὴν
3713 2515 3884 2586 εὐχὴν

2299 2609 2611 2681 κατασχεθῇ
2641 2608 2710 2663 τὰ
2756 2608 2913 2676 λόγια
2951 2606 3060 2662 τῶν
3097 2605 3327 2679 ψαλμῶν
3355 2607 3414 2660 ὲν
3448 2608 3515 2677 τῇ
3556 2606 3755 2677 καρδίᾳ
3784 2606 3885 2660 τοῦ

2297 2702 2613 2774 εὐχομένου,
2635 2702 2759 2754 τότε
2774 2702 2866 2754 καὶ
2882 2699 3043 2764 αὐτὸς
3066 2698 3411 2769 γῆ’καθάπερ
3430 2698 3632 2768 ἀγαθὴ,
3652 2698 3886 2769 ἄρχεται

2298 2793 2623 2863 αὐτομάτως
2677 2790 2998 2862 ἀναφέρειν,
3032 2790 3111 2854 ὡς
3148 2790 3247 2859 μὲν
3290 2789 3419 2860 ῥόδα
3442 2831 3458 2855 ,
3492 2788 3592 2860 τὴν
3642 2788 3890 2862 θεωρὲαν

2295 2886 2403 2941 τῶν
2441 2884 2751 2955 ἀσωμάτων
2784 2901 2798 2915 ·
2841 2883 2919 2945 ὡς
2947 2882 3004 2936 δὲ
3041 2881 3236 2953 κρίνα,
3270 2881 3372 2952 τὴν
3402 2880 3735 2950 τηλαύγειαν
3772 2883 3887 2935 τῶν

2299 2977 2571 3049 σωμάτων
2604 2993 2619 3008 ·
2659 2975 2736 3039 ὼς
2765 2975 2823 3028 δὲ
2856 2976 2934 3038 τα,
2961 2972 3023 3026 τὸ
3052 2972 3298 3027 ποικίλον
3340 2973 3452 3027 τῶν
3479 2972 3641 3028 θείων
3669 2976 3886 3046 κριμά-

612 3072 733 3110 rum
755 3057 1095 3127 judiciorum
1128 3058 1336 3111 variam
1363 3072 1467 3113 nec
1497 3058 1684 3114 animo
1728 3057 1892 3115 facile
1936 3075 2193 3133 compre-

2297 3084 2405 3122 των
2434 3069 2495 3123 δυ
2504 3065 2641 3123 σθεώ
2649 3083 2809 3138 ρητον

612 3148 839 3201 hensum
870 3149 1397 3204 considerationem.

683 3239 807 3293 185.
839 3239 1087 3294 Flamma
1113 3241 1361 3295 materia:
1383 3241 1588 3313 illigata
1612 3242 1756 3297 lucis
1778 3242 2024 3313 fulgores
2045 3258 2197 3314 spar-

607 3325 688 3394 git
723 3326 986 3381 :auimus
1032 3344 1167 3382 vero
1215 3344 1281 3383 ea
1316 3330 1534 3385 solutus
1590 3346 1656 3386 ac
1694 3333 1936 3388 terrenis
1988 3333 2134 3389 liber
2173 3375 2189 3400 ,

612 3419 725 3472 Deo
761 3417 980 3472 afﬂatus
1005 3418 1316 3488 plenusque
1356 3419 1682 3474 invenitur:
1720 3436 1785 3477 ac
1831 3420 1926 3476 illa
1965 3424 2194 3492 quidem

612 3510 682 3564 ad
712 3510 1019 3565 fomentum
1056 3524 1228 3580 usque
1257 3510 1433 3565 attolli
1462 3511 1668 3577 habet;
1702 3511 1797 3567 hic
1827 3528 1963 3568 vero
2002 3515 2071 3569 ad
2106 3515 2195 3570 di-

617 3602 735 3657 vini
766 3618 944 3672 usque
975 3601 1185 3657 amoris
1224 3601 1391 3657 ﬁnem
1424 3618 1491 3658 ac
1516 3596 2076 3662 consummationem.

685 3694 809 3749 184.
844 3693 948 3760 Qui
981 3706 1040 3748 se
1061 3691 1305 3763 perfecte
1333 3692 1695 3765 abnegaverit
1713 3735 1728 3759 ,
1752 3695 1995 3762 animus,
2022 3712 2195 3768 seque

613 3802 841 3857 prorsus
862 3786 1126 3850 orationi,
1168 3801 1232 3841 ea
1263 3786 1542 3851 sublimis,
1569 3786 1871 3853 addixerit,
1905 3789 2005 3859 qui
2034 3804 2194 3844 crea-

615 3889 739 3933 tura
764 3877 1019 3948 superior
1046 3877 1299 3943 exsistat,
1324 3893 1436 3933 non
1462 3879 1687 3947 quando
1715 3879 1853 3934 libet
1882 3879 1950 3934 ad
1985 3891 2192 3936 terram

612 3970 920 4035 descendit,
958 3969 1055 4025 sed
1086 3984 1214 4024 cum
1248 3969 1327 4023 illi
1347 3969 1559 4040 justum
1600 3985 1933 4042 aequumque
1980 3972 2191 4029 videbi-

614 4072 724 4127 tur,
761 4062 855 4132 qui
884 4062 1154 4116 liumanas
1189 4077 1279 4116 res
1305 4078 1500 4118 onmes
1550 4063 1798 4133 pondere
1828 4073 1885 4119 et
1929 4081 2192 4122 mensura

611 4156 858 4225 disponit
889 4170 955 4209 ac
988 4154 1153 4224 regit.

682 4247 803 4300 185.
835 4245 941 4301 Ubi
982 4245 1051 4299 ab
1100 4244 1322 4307 anima,
1377 4244 1568 4299 acedia
1614 4245 1974 4313 exsulaverit,
2012 4264 2193 4319 exque

611 4336 782 4392 animi
831 4352 996 4391 sensu
1045 4336 1293 4405 nequitia
1346 4352 1411 4391 ac
1461 4336 1622 4407 663
1668 4337 1912 4407 pravitas
1960 4354 2191 4395 excussa

2370 3245 2517 3321 ρπγ¹.
2564 3248 2653 3301 Ἐν
2681 3245 2782 3317 ὕλη
2816 3244 2918 3316 μὲν
2955 3241 3317 3314 δεσμευθεϊσα
3347 3241 3520 3311 φλὸξ,
3558 3242 3881 3315 φωτοφόρος

2296 3341 2624 3396 καθίσταται
2656 3355 2669 3368 ’
2706 3336 2766 3401 ἐξ
2795 3335 2929 3407 ὐλης
2952 3334 3012 3388 δὲ
3036 3334 3260 3387 λυθεῖσα
3288 3332 3455 3404 ψυχὴ,
3492 3333 3760 3403 θεοφόρος
3785 3334 3876 3387 εὖ-

2299 3432 2570 3503 ρίσκεται.
2603 3426 2848 3497 Κάκείνη
2879 3426 3009 3497 -μὲν
3055 3424 3309 3497 αίρεσθαι
3342 3427 3590 3495 πέφυκεν
3617 3426 3753 3496 ἀχρι
3783 3425 3875 3480 τοῦ

2296 3521 2724 3593 ὑπεκκαύματος
2755 3536 2769 3550 ·
2803 3518 2943 3589 α’ύτη
2991 3516 3068 3585 δὲ,
3103 3517 3268 3588 μέχρι
3306 3516 3403 3570 τοῦ
3436 3517 3579 3571 κατὰ
3607 3517 3701 3571 τὸν
3740 3519 3881 3572 θεῖον

2296 3616 2476 3689 ἔρωτα
2504 3631 2568 3667 συ
2575 3612 2993 3684 μπεράσματος.

2366 3704 2507 3779 ρπδ’.
2552 3706 2622 3758 Ἠ
2660 3702 2883 3766 τελείως
2931 3701 3135 3773 ἑαυτὴν
3185 3701 3545 3772 ἀρνησαμένη
3582 3701 3760 3775 ψυχὴ,
3785 3706 3882 3760 καὶ

2293 3800 2493 3865 ὑλικῶς
2517 3797 2842 3853 ἀνατεθεῖσα
2869 3794 3004 3865 πρὸς
3023 3793 3210 3865 εὐχὴν,
3227 3793 3370 3865 αὕτη
3387 3795 3487 3865 οὐχ
3510 3797 3601 3849 ὅτε
3626 3795 3878 3866 βούλεται

2294 3893 2446 3948 κάτω
2488 3892 2722 3960 γίνεται,
2757 3886 2966 3942 ἀνωθεν
3021 3886 3391 3958 εὐρισκομένη
3445 3888 3544 3959 τῆς
3594 3889 3831 3955 κτίσεως
3862 3908 3875 3922 ·

2293 3985 2409 4039 ἀλλ’
2441 3984 2530 4037 ὅτε
2559 3981 2768 4036 δίκαιον
2808 3973 2950 4033 εἶναι
2983 3978 3151 4045 δόξει,
3179 3977 3256 4049 τῷ
3291 3979 3470 4034 πάντα
3519 3980 3752 4052 σταθμῷ
3783 3982 3876 4039 καὶ

2298 4074 2480 4145 μέτρῳ
2507 4067 2809 4137 διεξάγοντι
2837 4067 2905 4121 τὰ
2934 4066 3199 4139 ἡμέτερα.

2367 4267 2507 4332 ρπεθ.
2542 4259 2714 4312 Ὅταν
2760 4257 2826 4310 ὲκ
2866 4253 3049 4325 ψυχῆς
3078 4254 3177 4324 μὲν
3205 4255 3239 4324 ή
3269 4253 3470 4324 ἀκηδία
3490 4254 3742 4328 ἀπελαθῇ
3768 4273 3783 4287 ·
3814 4257 3876 4309 ἐκ

2282 4352 2530 4415 διανοίας
2574 4350 2690 4421 δὲή
2741 4347 2982 4419 πονηρία
3021 4346 3337 4418 ὲκτιναχθῇ,
3384 4347 3509 4400 τότε
3538 4349 3567 4401 ό
3608 4348 3733 4411 νοῦς
3774 4366 3874 4417 γυ-

611 4425 812 4492 fuerit;
843 4433 975 4480 tunc
1002 4441 1156 4479 mens
1182 4424 1538 4493 simplicitate
1571 4426 1721 4481 nuda
1770 4427 1994 4498 vitaque
2042 4428 2192 4483 inar~

2300 4445 2432 4516 μνὸς
2468 4442 2753 4512 γινόμενος
2787 4441 2852 4510 τῇ
2881 4438 3170 4509 ἁπλότητι,
3196 4437 3310 4507 ζωῇ
3346 4453 3408 4490 τε
3439 4440 3506 4507 τῇ
3538 4438 3753 4509 ἀτέχνῳ
3783 4437 3879 4492 καὶ

612 4515 846 4570 tiﬁciosa
874 4524 929 4569 et
964 4515 1175 4585 absque
1211 4516 1325 4568 ullo
1352 4516 1540 4584 probri
1573 4516 1956 4588 integumento
1985 4520 2193 4577 inanis-

611 4620 720 4675 que
765 4605 953 4675 gloriae
990 4607 1363 4671 vestimento,
1410 4606 1561 4661 canit
1621 4616 1678 4662 et
1748 4610 1863 4679 ipsa
1912 4612 2189 4666 canticum

613 4713 817 4752 novum
875 4698 1036 4764 Deo;
1095 4699 1437 4767 pulsansque
1494 4699 1675 4755 melos
1715 4700 1771 4754 in
1822 4702 2192 4759 exsultatione

608 4788 818 4859 gratias
852 4787 1002 4858 agit,
1051 4787 1203 4856 quod
1244 4786 1446 4842 futurae
1490 4789 1619 4845 vitae
1646 4791 1891 4845 encaenia
1922 4802 2189 4863 occupata

608 4878 798 4936 laetitia
835 4880 1098 4933 celebret.

682 4989 800 5045 186.
850 4988 988 5044 Cum
1035 4988 1345 5043 diviniores
1387 4987 1654 5059 quosdam
1705 4988 1922 5046 amatus
1971 4992 2189 5050 animus

606 5097 773 5139 orans
804 5083 1152 5153 persentire,
1194 5082 1376 5152 iisque
1425 5082 1513 5153 agi
1568 5083 1822 5153 cmperit,
1869 5093 1983 5139 tum
2036 5087 2189 5141 velut

603 5157 957 5231 Canticorum
994 5175 1227 5244 Sponsa,
1264 5175 1394 5229 talia
1421 5184 1479 5230 et
1509 5174 1627 5244 ipse
1651 5175 1721 5229 ad
1755 5175 1977 5231 sodales
1999 5185 2057 5233 et
2089 5179 2185 5247 qui

604 5269 723 5337 pari
753 5282 968 5321 morum
993 5267 1145 5319 cultu
1181 5266 1553 5332 delectentur,
1587 5268 1848 5331 succinit,
1890 5266 2183 5323 Fraternus

605 5375 749 5412 meus
808 5360 946 5413 misit
1001 5375 1221 5411 manum
1265 5375 1422 5411 suam
1470 5374 1563 5427 per
1615 5358 1879 5428 foramen,
1920 5367 1971 5411 et
2010 5369 2185 5411 venter

606 5466 748 5504 meus
774 5452 1047 5503 intremuit
1077 5466 1237 5520 super
1268 5466 1388 5503 eum
1415 5449 1482 5503 ⁸⁸.

677 5540 799 5594 187.
838 5540 976 5595 Cum
1014 5542 1173 5596 miles
1205 5556 1468 5596 reversus
1493 5556 1524 5596 e
1553 5542 1767 5612 przelio,
1798 5557 1964 5612 grave
1997 5556 2181 5596 armo-

674 5716 721 5748 “
752 5715 929 5773 Exod.
961 5732 1052 5787 xv,
1077 5719 1166 5775 20.
1196 5786 1207 5793 η
1246 5720 1291 5753 ⁸⁸
1323 5719 1481 5776 Cant.
1511 5736 1567 5786 v,
1599 5721 1653 5775 4.

2292 4536 2416 4605 δίχα
2439 4532 2642 4595 παντὸς
2670 4531 2764 4584 τοῦ
2801 4531 2943 4584 κατά
2970 4530 3069 4601 τὴν
3102 4530 3369 4599 αἰσχύνην
3396 4528 3871 4601 ὲπικαλύμματος,

2293 4628 2388 4684 καί⁵
2412 4627 2506 4680 τοῦ
2536 4624 2678 4681 κατὰ
2700 4624 2800 4695 τὴν
2840 4623 3109 4693 φανητίαν
3140 4621 3349 4694 προ6λὴ
3359 4638 3529 4693 ματος
3548 4663 3564 4687 ,
3594 4618 3751 4695 ᾆσμα
3779 4623 3875 4694 μὲν

2293 4721 2410 4794 ᾅδει
2435 4719 2529 4772 καὶ
2552 4713 2707 4781 οὗτος
2735 4715 2925 4769 καινὸν
2952 4713 3031 4785 τῷ
3055 4713 3177 4784 Θεῷ
3208 4728 3222 4742 ·
3258 4714 3578 4785 εὐχαριστεῖ
3618 4714 3677 4767 δὲ
3718 4714 3875 4785 μέλος

2292 4808 2736 4881 ἀνακρουόμενος
2766 4807 2824 4860 ὲν
2854 4804 3200 4879 εὐφροσύνῃ,
3230 4804 3311 4876 τῷ
3344 4806 3444 4877 τῆς
3475 4804 3783 4876 μελλούσης
3810 4806 3876 4859 τά

2291 4900 2548 4970 ὲγκαίνια
2579 4894 2887 4967 προεορτάζ
2891 4910 2971 4949 ειν
3003 4895 3269 4965 βιώσεως.
3521 4941 3532 4951 .

2365 4989 2523 5063 ρπς’.
2558 4991 2731 5043 Ὅταν
2776 4988 2929 5051 τινὰς
2970 4982 3254 5058 θειοτέρας
3308 4987 3595 5058 ἐνεργείας
3632 4987 3878 5059 ἐνεργεί-

2290 5085 2414 5138 σθαι
2450 5083 2686 5155 ἄρξηται
2722 5085 2756 5153 ὴ
2785 5081 3056 5152 εὐχομένη
3082 5080 3253 5150 ψυχὴ,
3279 5079 3402 5132 τότε
3435 5079 3532 5133 καὶ
3572 5080 3713 5151 αὐτὴ
3738 5080 3878 5134 κατά

2286 5177 2385 5247 τὴν
2439 5178 2496 5228 ἐν
2528 5177 2774 5245 ’ᾼσμασι
2804 5172 3066 5243 Νύμφην,
3127 5170 3267 5240 πρὸς
3327 5169 3429 5233 τὰς
3480 5171 3878 5241 ὁμοιοτρόπους
3960 5174 3964 5178 Α

2288 5266 2517 5319 τοιαῦτα
2541 5266 2815 5334 ύποιρωνεῖ
2842 5281 2857 5295 -
2897 5260 3250 5331 Ἀδελφιδός
3274 5278 3394 5330 μου
3414 5258 3746 5314 ἀπέστειλε
3768 5259 3877 5327 τὴν

2288 5356 2458 5427 χεῖρα
2507 5355 2693 5410 αὐτοῦ
2750 5355 2870 5411 ἀπὸ
2924 5338 3037 5423 τῆς
3094 5351 3271 5421 ὀπῆς,
3298 5352 3401 5407 καὶ
3422 5343 3473 5421 ’ἠ
3506 5354 3711 5406 κοιλία
3758 5369 3873 5422 μου

2287 5448 2542 5518 ἐθροήθη
2564 5448 2657 5501 ἐπ’
2679 5447 2884 5501 αὐτόν.

2362 5538 2504 5610 ρπζῖ
2542 5540 2653 5593 Καὶ
2684 5539 3026 5611 στρατιώτης
3062 5539 3128 5592 ὲκ
3157 5536 3251 5592 τοῦ
3305 5537 3551 5610 πολέμου
3601 5534 3877 5593 ἐπαναλύ-
