4122 6322
346 335 482 401 1445

1512 339 1691 399 ALIA
1728 338 1831 398 EX
1870 338 2108 398 VATIC.
2151 341 2437 405 CAPITA.

3473 360 3496 422 1
3513 360 3608 424 146

342 467 462 514 σας,
488 449 552 503 τὸ
580 449 748 522 βάρος
789 451 898 504 τῶν
932 451 1114 505 ὅπλων
1137 449 1578 516 ἀποσκευάζεται
1613 467 1626 482 ο
1661 452 1757 504 καὶ
1783 467 1923 522 πρα-

2027 470 2150 508 rum
2184 458 2400 526 pondus
2423 460 2581 530 ponit
2610 478 2624 526 ;
2664 470 2780 516 tum
2814 463 3030 520 activus
3051 466 3222 520 animi
3261 469 3507 524 rationes
3564 483 3617 528 et

340 542 527 604 κτικδς
556 543 684 607 τοὺς
712 543 1030 614 λογισμοὺς,
1067 545 1147 607 εἰς
1177 542 1413 615 Θεωρίαν
1443 543 1742 613 ἐρχόμενος
1763 559 1775 572 ·
1797 543 1921 595 οὒτε

337 633 446 704 γὰρ
478 636 688 698 ἐκεῖνος
710 638 758 688 εἰ
788 636 864 706 μὴ
892 637 950 690 ὲν
976 637 1197 708 πολέμῳ
1223 636 1415 708 χρείαν
1441 635 1557 707 ἔχει
1578 635 1688 690 τῶν
1718 634 1920 701 ὅπλων,

337 724 458 778 οὔτε
493 719 584 780 οὖτ
597 743 649 790 σς
671 728 780 781 τῶν
813 727 1109 799 λογισμῶν.

409 913 560 978 ρπη’.
601 908 663 960 Οί
703 908 802 979 μὲν
854 911 1154 980 πρακτικοὶ
1191 910 1266 975 ὡς
1303 912 1488 982 ἔχουσι
1532 912 1736 976 θέσεως
1787 913 1922 967 θεω-

339 998 495 1070 ροῦσι
524 999 594 1052 τὰ
623 1000 854 1072 σώματα
883 1017 898 1031 °
939 1003 991 1055 οἰ
1013 1003 1070 1056 δὲ
1115 1003 1466 1074 θεωρητικοὶ,
1492 1005 1570 1068 ὡς
1600 1003 1784 1074 ἔχουσι
1818 1004 1921 1074 φύ-

340 1107 476 1155 σεως
508 1108 520 1122 ·
556 1093 709 1163 μόνοι
750 1095 806 1148 δὲ
845 1096 975 1159 τοὺς
1015 1094 1207 1164 λόγους
1243 1097 1573 1169 ἀμφοτέρων
1621 1097 1821 1168 ὁρῶσιν
1873 1099 1922 1152 οἰ

337 1186 646 1251 γνωστικοί.

411 1278 555 1347 ρπθθ.
603 1280 694 1332 Ἐν
757 1281 858 1352 μὲν
909 1285 1022 1346 τοῖς
1074 1283 1259 1352 λόγοις
1295 1285 1404 1337 τῶν
1433 1285 1722 1356 σωμάτων,
1758 1283 1923 1352 γινώ-

338 1385 558 1422 σκονται
611 1371 680 1424 τὰ
733 1371 1042 1442 ἀσώματα⁹
1075 1376 1134 1427 ὲν
1187 1376 1504 1446 ἀσωμάτοις
1559 1376 1639 1439 δὲ,
1685 1376 1846 1445 λόγος
1895 1377 1924 1429 6

316 1459 687 1538 τὺπερούσιος,
716 1463 852 1534 πρὸς
897 1464 957 1518 6v
995 1466 1274 1535 ἐπείγεται
1309 1469 1459 1521 πᾶσα
1499 1467 1765 1522 σπουδαία
1789 1469 1924 1522 ἀνα-

337 1551 501 1606 λῦσαι
534 1553 703 1626 ψυχή.

411 1649 519 1716 ph.’
551 1646 616 1701 Οἱ
645 1647 794 1716 λόγοι
816 1648 926 1702 τῶν
957 1651 1252 1721 σωμάτων,
1283 1654 1358 1716 ὠς
1387 1652 1522 1707 ὀστᾶ
1551 1656 1659 1708 εἰσι
1700 1657 1812 1719 τοῖς
1839 1656 1919 1708 αἰ-

341 1737 561 1809 σθητοῖς
589 1741 1124 1815 ἐπικαλυπτόμενοι,
1156 1745 1250 1810 οὒς
1279 1747 1363 1820 ἴδῃ
1410 1748 1590 1811 οὐδεὶς
1611 1789 1625 1812 ,
1653 1749 1761 1802 τῶν
1819 1747 1923 1814 ἔξω

342 1830 417 1900 μὴ
449 1833 762 1902 γενομένων
791 1833 893 1905 τῆς
927 1836 1310 1907 προσπαθείας
1331 1839 1440 1892 τῶν
1466 1840 1766 1912 αἰσθητῶν.

413 2009 557 2079 (Αἰ-ια’.
605 2011 952 2066 Ἀποτίθεται
983 2012 1078 2065 καὶ
1103 2011 1444 2085 στρατιώτης
1466 2013 1533 2068 τὰ
1563 2012 1724 2076 ὅπλα,
1758 2032 1927 2068 κατα-

339 2101 529 2172 λείψας
562 2103 652 2156 τὸν
686 2104 948 2174 πόλεμονο
980 2107 1074 2160 καὶ
1097 2106 1431 2178 θεωρητικὸς
1457 2107 1586 2172 τοὺς
1606 2107 1948 2186 λογισμοὺςη

339 2195 590 2250 ἀναλύων
621 2197 759 2267 πρὸς
792 2199 1018 2269 Κύριον.

415 2288 553 2358 ρίιβ’.
582 2289 690 2344 Καὶ
725 2292 1028 2362 στρατηγὸς
1055 2293 1114 2346 ὲν
1136 2291 1360 2364 πολέμῳ
1383 2292 1595 2347 σκύλων
1619 2294 1926 2365 διαμαρτά-

342 2399 467 2444 νων,
502 2384 559 2436 ὲν
589 2383 797 2454 ἀθυμίᾳ
831 2384 1156 2438 καθίσταται
1182 2400 1195 2415 ⁸
1219 2388 1314 2438 καὶ
1351 2386 1659 2456 πρακτικὸς
1689 2388 1746 2438 ὲν
1767 2386 1922 2456 εὐχῇ,

341 2471 576 2544 θεωρίας
611 2476 1008 2546 πνευματικῆς.

429 2572 573 2639 ρὶιγκ
607 2567 850 2637 Ἔλαφος
883 2570 982 2639 μὲν
1003 2570 1096 2622 ἐπὶ
1137 2571 1464 2641 σωματικῶν
1497 2571 1708 2626 ὑδάτων
1739 2571 1922 2643 τρέχει
1986 2627 2000 2648 η

341 2665 546 2736 πηγάς,
589 2664 695 2718 ὑπὸ
731 2663 952 2736 [ὄφεως]
992 2664 1156 2736 θηρὸς
1188 2665 1264 2730 ὡς
1319 2668 1347 2718 6
1395 2665 1616 2738 δηχθείς
1656 2667 1744 2738 (n-
1775 2666 1923 2737 ψυχὴ

340 2755 420 2821 δὲ,
461 2758 495 2826 ἡ
523 2753 601 2826 τῷ
631 2755 956 2827 γλυκυτάτῳ
988 2756 1133 2828 βέλει
1164 2757 1442 2829 τρωθεῖσαι
1467 2758 1544 2829 τῷ
1587 2761 1686 2830 τῆς
1730 2759 1918 2829 εὐχῆς,

341 2850 434 2901 ἐπὶ
455 2849 765 2918 ἀσωμάτων
800 2849 992 2918 αὐγάς.

412 2939 549 3011 ρίιδκ
583 2939 721 2992 Οὔτε
770 2940 1087 3010 σωματικὸς
1127 2939 1404 3012 ὀφθαλμὸς
1450 2941 1543 2996 τὸν
1576 2941 1776 2996 κόκκον
1825 2941 1919 2996 τοῦ

342 3031 492 3084 σίτου
523 3032 652 3084 ἰδεῖν
689 3031 932 3099 δύναται,
973 3032 1098 3086 οὔτε
1130 3033 1257 3097 νοῦς
1283 3035 1589 3104 πρακτικὸς
1625 3036 1726 3105 τὴν
1760 3034 1922 3104 φύσιν

2025 548 2425 618 cogitationes,
2473 567 2598 608 cum
2648 554 2716 608 ad
2765 558 3295 627 contemplationem
3351 561 3607 616 venerit:

2027 655 2156 694 nam
2195 657 2377 713 neque
2408 645 2523 710 ille,
2556 656 2925 717 prmterquam
2965 649 3021 703 in
3060 651 3229 716 bello,
3269 653 3440 707 armis
3473 668 3614 723 opus

2026 731 2217 799 habet,
2254 750 2434 805 neque
2466 737 2571 794 iste
2623 741 2797 795 animi
2847 741 3159 799 rationibus
3203 761 3268 799 ac
3315 745 3628 816 cogitatio;

2024 825 2209 881 nibus.

2101 918 2225 973 188.
2250 919 2452 986 Activi,
2476 938 2710 994 corpora
2737 941 2837 996 pro
2863 942 3058 982 eorum
3083 929 3191 983 situ
3223 929 3606 997 considerant;

2028 1011 2446 1080 contemplativi
2481 1024 2692 1081 autem,
2717 1031 2820 1086 pro
2854 1033 3046 1074 eorum
3078 1027 3276 1073 natura
3297 1030 3352 1074 et
3384 1020 3603 1074 indole:

2024 1102 2125 1155 soli
2160 1103 2379 1158 demum
2404 1107 2636 1176 gnostici
2669 1109 2744 1179 (id
2775 1119 2882 1174 est,
2907 1110 3186 1180 sapientes
3215 1126 3278 1165 ac
3306 1112 3608 1182 spiritales)

2025 1192 2260 1263 illorum.
2287 1198 2496 1268 pariter
2522 1200 2834 1272 horumque
2869 1204 3121 1258 rationes
3141 1203 3354 1258 vident.

2098 1287 2220 1343 189.
2254 1289 2315 1343 In
2343 1305 2638 1362 corporum
2669 1294 3010 1358 .rationibus
3061 1305 3479 1366 cognoscuntur
3525 1297 3610 1352 in-

2025 1396 2333 1452 corporea;
2384 1385 2442 1439 in
2518 1386 2864 1457 incorporeis
2922 1404 3056 1444 vero
3123 1391 3609 1460 superessentialis

2025 1489 2228 1542 sermo,
2264 1476 2332 1530 ad
2369 1493 2538 1548 quem
2574 1480 2858 1537 studiosus
2887 1481 3068 1536 omnis
3111 1482 3330 1538 animus
3379 1482 3607 1538 festinat

2023 1564 2284 1620 evadere.

2098 1655 2218 1710 190.
2267 1655 2578 1728 Corporum
2627 1661 2875 1716 rationes
2905 1661 3059 1718 velut
3112 1676 3236 1718 ossa
3273 1671 3442 1727 sunt,
3499 1662 3610 1718 illis

2027 1748 2291 1820 adoperta
2317 1767 2440 1821 qua:
2475 1751 2533 1805 in
2566 1767 2790 1806 sensum
2823 1753 3032 1808 cadunt
3064 1771 3076 1805 :
3110 1753 3211 1807 has
3241 1769 3406 1809 nemo
3445 1754 3594 1810 vide-

2028 1842 2119 1906 rit,
2146 1842 2280 1911 quin
2309 1858 2340 1897 a
2370 1859 2552 1899 rerum
2584 1844 2860 1915 ejusmodi
2891 1844 3125 1900 libidine
3157 1846 3477 1916 aﬂeetuque
3507 1862 3608 1901 cx-

2027 1933 2281 1988 cesserit.

2099 2024 2221 2080 191.
2255 2025 2394 2079 Tum
2439 2027 2600 2082 miles
2646 2027 2841 2082 relicta
2881 2027 3079 2082 militia
3103 2043 3254 2082 arma
3286 2027 3468 2098 ponit,
3493 2034 3608 2081 tum

2028 2117 2491 2186 contemplativus
2519 2118 2764 2174 rationes
2807 2134 2873 2174 ac
2926 2120 3312 2190 cogitationes,
3364 2119 3497 2173 dum
3540 2119 3609 2173 ad

2028 2208 2324 2262 Dominum
2359 2209 2546 2266 solvit.

2102 2300 2223 2354 192.
2255 2300 2394 2355 Tum
2427 2301 2730 2370 imperator
2777 2301 2833 2355 in
2860 2300 3008 2356 bello
3041 2300 3342 2356 frustratus
3373 2302 3564 2372 spoliis
3593 2341 3608 2366 ,

2027 2401 2258 2458 maeret;
2292 2401 2409 2446 tum
2436 2393 2652 2448 activus
2687 2393 2742 2448 in
2785 2394 3037 2449 oratione
3075 2393 3227 2448 haud
3280 2394 3398 2464 ipse
3445 2393 3611 2464 spiri-

2028 2483 2153 2537 talis
2185 2499 2413 2553 compos
2435 2483 2944 2554 contemplationis.

2099 2575 2220 2630 195.
2243 2575 2459 2631 Cervus
2481 2575 2708 2646 quidem
2738 2575 2807 2629 ad
2831 2574 3203 2646 corporalium
3230 2573 3414 2630 fontes
3443 2590 3614 2645 aqua-

2025 2683 2148 2722 rum
2178 2668 2356 2722 currit
2387 2669 2454 2733 ⁸⁷,
2502 2683 2533 2722 a
2562 2675 2818 2737 serpente
2861 2667 3041 2722 bestia
3071 2681 3291 2720 morsus
3324 2684 3336 2718 :
3389 2667 3610 2722 animus

2023 2774 2159 2814 vero
2195 2759 2517 2814 dulcissimo
2548 2760 2770 2814 sancius
2799 2758 3295 2830 orationisjaculo,
3330 2758 3397 2812 ad
3434 2759 3603 2828 spiri-

2030 2859 2184 2905 tuum
2216 2852 2542 2922 splendores
2572 2851 2879 2905 contendit.

2095 2942 2218 2996 194.
2247 2941 2362 2996 Nec
2398 2941 2708 3012 corporalis
2753 2942 2951 2996 oculus
2979 2956 3210 3011 granum
3245 2941 3458 3003 tritici;
3504 2957 3609 2996 nec

2025 3032 2189 3102 activi
2222 3048 2378 3087 mens
2408 3048 2562 3086 suam
2595 3033 2712 3102 ipsa
2750 3032 2992 3087 indolem
3024 3032 3213 3087 videre
3260 3041 3464 3102 potest,
3490 3032 3606 3087 nisi

339 3124 440 3195 τὴν
470 3123 690 3190 ἑαυτοῦ,
719 3125 768 3178 εἰ
825 3126 898 3197 μὴ
950 3126 1238 3196 γυμνωθῇ,
1271 3129 1481 3190 ἐκεῖνος
1513 3127 1634 3198 μὲν,
1666 3127 1914 3200 ὲλύτρου,

2025 3126 2118 3181 ille
2149 3126 2376 3196 quidem
2433 3126 2756 3181 membrana
2785 3143 2800 3193 ;
2849 3126 2941 3184 hic
2972 3141 3128 3190 vero,
3179 3126 3410 3181 libidine
3443 3126 3603 3182 obte-

339 3208 496 3280 οῦτος
525 3216 605 3282 δὲ,
638 3216 875 3286 σχέσεως
895 3217 997 3288 τῆς
1027 3217 1548 3290 περικαλυπτούσης
1579 3220 1761 3276 αὐτόν.

416 3330 552 3396 PW-
590 3325 947 3398 κρύπτονται
998 3328 1230 3402 ἀστέρες
1279 3331 1401 3402 μὲν,
1442 3330 1596 3402 ἡλίου
1637 3330 1914 3402 arva-coxa-

341 3417 593 3487 λογισμοὶ
619 3416 677 3469 δὲ
712 3417 1136 3487 ὲκλιμπάνουσι,
1159 3418 1255 3472 τοῦ
1287 3419 1380 3473 νοῦ
1405 3419 1547 3491 πρὸς
1580 3420 1681 3490 τὴν
1713 3420 1925 3474 οἰκείαν

343 3507 621 3578 βασιλείαν
650 3507 1180 3579 ὲπαναστρέφοντος.

412 3627 564 3695 ρίις’.
595 3622 751 3677 Μετά
805 3623 865 3676 τὸ
897 3623 1053 3688 τέλος
1081 3623 1185 3694 τῆς
1217 3625 1550 3696 πρακτικῆς,
1576 3626 1634 3678 αἱ
1676 3643 1926 3696 πνευμα-

340 3716 491 3768 τικαί
529 3713 754 3784 θεωρίαι
784 3714 1167 3786 περιχυθεῖσαι
1190 3714 1269 3786 τῷ
1299 3715 1396 3784 νῷ,
1438 3711 1527 3769 οἶά
1572 3733 1721 3778 τινες
1761 3718 1918 3769 ἀκτῖο

341 3823 430 3870 νες
458 3805 612 3877 ἡλίου
648 3809 704 3860 αἰ
745 3806 839 3861 τοῦ
890 3804 1166 3877 ὁρίζοντος
1216 3804 1626 3877 ὑπερκύψασαι,
1672 3805 1921 3859 δοκοῦσιν

2022 3226 2182 3289 gente
2212 3218 2454 3272 nudatus
2484 3217 2675 3272 fuerit.

2090 3331 2210 3384 195.
2241 3329 2619 3386 Obnubuntur
2668 3329 2842 3385 stellae
2895 3337 3023 3384 ortu
3058 3330 3195 3385 solis
3228 3348 3239 3382 :
3269 3339 3601 3402 cessantque

2025 3420 2392 3492 cogitationes
2416 3461 2431 3487 ,
2471 3430 2658 3476 mente
2693 3421 2762 3476 ad
2795 3438 2958 3477 suum
2997 3438 3227 3494 regnum
3269 3433 3604 3478 revertente.

2095 3618 2214 3675 196.
2237 3619 2544 3674 Actionein
2569 3619 2734 3673 linem
2765 3631 3047 3690 provecta,
3073 3622 3422 3679 circumfusa:
3447 3624 3612 3697 664

2022 3710 2194 3766 menti
2224 3710 2501 3779 spiritales
2518 3713 3044 3780 contemplationes,
3071 3714 3225 3768 velut
3253 3716 3463 3770 solares
3488 3718 3612 3786 qui-

2019 3802 2144 3857 dam
2182 3800 2317 3854 radii
2346 3800 2413 3854 ab
2448 3800 2738 3856 horizonte
2792 3803 3207 3871 promicantes,
3256 3807 3610 3862 extrinsecus

341 3898 544 3964 ἔξωθεν
567 3898 736 3953 αὐτοῦ
768 3898 1149 3971 προσϐάλλειν,
1185 3899 1385 3952 οἰκεῖαι
1445 3893 1625 3964 οὖσαι,
1685 3898 1780 3951 καὶ
1830 3897 1920 3951 διὰ

2024 3895 2069 3951 ei
2101 3892 2365 3948 advenire
2394 3891 2658 3946 videntur
2679 3934 2694 3958 ,
2743 3908 2870 3948 eum
2901 3895 3024 3964 ejus
3067 3895 3328 3964 prepriaz,
3364 3912 3449 3961 ac,
3497 3917 3606 3968 qua

347 3990 694 4062 καθαρότητα
715 3993 921 4047 ἐκεῖνον
943 3991 1467 4064 περιπτυσσόμεναι.

414 4188 552 4261 ριιζυ.
578 4189 816 4244 Τοιαῦτα
865 4190 959 4243 καὶ
1019 4188 1144 4253 νοῦς
1180 4187 1517 4260 θεωρητικὸς
1560 4186 1808 4243 ὲκλαλεῖν
1833 4187 1922 4241 δύ-

339 4299 521 4346 ναται,
553 4282 642 4334 ὅτε
701 4281 912 4336 ἄνωθεν
964 4283 1060 4335 ἀπ’
1116 4279 1349 4352 οὐρανοῦ
1412 4279 1648 4352 καταϐῇ,
1706 4281 1922 4350 φύσεως

339 4373 612 4441 ἀνάγκαις
642 4373 945 4437 ὲπικλιθείς
975 4389 988 4403 ⁸
1026 4369 1116 4427 οἷα
1141 4372 1237 4427 καὶ
1266 4374 1294 4425 6
1330 4372 1738 4444 φθεγξάμενοςο
1763 4372 1920 4427 Θεῐου

2018 3986 2193 4056 fulget
2221 3982 2516 4047 munditia,
2553 3982 3012 4053 illilcobazrcntes
3040 3985 3154 4040 sint
3197 4001 3263 4041 ac
3310 3989 3467 4042 velut
3513 4006 3638 4044 co-.

2019 4081 2183 4135 alitae.

2091 4197 2214 4252 197.
2260 4196 2416 4250 Talia
2475 4210 2699 4266 quoque
2747 4209 2904 4249 mens
2947 4192 3418 4262 contemplatione
3477 4195 3604 4251 nixa

2021 4286 2205 4356 eloqui
2239 4294 2440 4356 potest,
2467 4301 2590 4339 cum
2618 4293 2830 4338 naturae
2856 4281 3092 4352 quadam
3119 4282 3455 4338 necessitate
3483 4300 3607 4338 ver-

2023 4395 2174 4451 gens,
2205 4395 2234 4432 e
2260 4377 2414 4433 cmlis
2448 4393 2691 4446 superne
2717 4373 3089 4438 descenderit,
3127 4374 3316 4442 qualia
3355 4383 3412 4429 et
3453 4377 3606 4430 locu-

338 4468 570 4531 κάλλους
597 4470 650 4521 τί
679 4469 918 4540 ὑπάρχει
947 4468 1400 4539 θαυμασιώτερον
1427 4485 1442 4535 ;
1475 4469 1570 4521 καὶ
1613 4467 1699 4531 τίς
1742 4466 1921 4520 ἔννοια

2024 4479 2114 4524 tus
2134 4475 2240 4532 est,
2266 4467 2361 4537 qui
2379 4467 2455 4520 ait
2480 4485 2491 4518 :
2515 4465 2789 4532 Quidnam
2817 4463 3006 4518 divino
3034 4461 3348 4516 mirabilius
3371 4463 3605 4519 decore?

337 4562 434 4630 τῆς
456 4562 552 4615 τοῦ
579 4562 714 4615 Θεοῦ
742 4561 1231 4632 μεγαλοπρεπείας
1256 4560 1588 4632 χαριεστέρα
1616 4577 1630 4625 ;
1674 4560 1831 4622 Ποῖος
1861 4557 1919 4611 δὲ

337 4649 481 4704 οὕτω
527 4651 692 4715 πόθος
740 4652 940 4725 δριμὺς
979 4651 1072 4704 καί
1126 4651 1422 4723 ἀφόρητος,
1449 4651 1525 4716 ὡς
1562 4653 1590 4704 ὁ
1630 4651 1740 4705 ἀπὸ
1781 4649 1918 4704 Θεοῦ

337 4743 688 4814 ὲγγινόμενος
743 4747 810 4816 τῇ
862 4745 970 4798 ἀπὸ
1017 4744 1200 4815 πάσης
1238 4743 1459 4809 ,κακίας
1525 4742 1918 4815 κεκαθαρμένη

335 4831 503 4904 ψυχῇ,
540 4835 634 4887 καὶ
685 4835 793 4888 ἀπὸ
827 4834 1122 4900 διαθέσεως
1170 4835 1438 4907 λεγούσῃ,
1470 4835 1552 4889 ὅτι
1587 4834 1922 4905 Τετρωμένη

335 4926 575 4996 ἀγάπης
597 4928 713 4998 ἐγώ
739 4944 757 4991 ;

410 5044 554 5110 ρί-,η¹.
595 5041 839 5096 Ἐκείνου
891 5041 1038 5095 ἐστὶν
1092 5040 1153 5094 τὸ
1196 5040 1377 5111 λέγειν
1410 5057 1424 5072 ⁸
1470 5041 1837 5111 Ἐθερμάνθη
1879 5039 1918 5108 ἡ

336 5135 551 5202 καρδία
570 5152 690 5204 μου
729 5135 902 5200 ἐντός
947 5153 1088 5200 μου,
1137 5135 1235 5188 καί
1283 5136 1354 5189 ἐν
1396 5133 1474 5204 τῇ
1524 5134 1755 5205 μελέτῃ
1800 5152 1922 5204 μου

407 5312 450 5341 ⁸⁷
487 5313 630 5367 Psal.
668 5330 776 5377 xu,
812 5314 862 5366 l.

410 5467 475 5539 (Γ)
511 5468 646 5520 Ὑπὸ
687 5470 868 5535 θηρὸς
907 5468 988 5539 ὠς
1026 5471 1058 5520 ό
1101 5466 1373 5539 δηχθείς.
1412 5464 1606 5539 “Quin
1647 5462 1921 5539 scriptum

334 5533 829 5602 sit"Maxitno,6}:6
866 5538 1033 5608 θηρὸς
1084 5533 1282 5604 δφεὼς,
1332 5535 1520 5608 nullus
1576 5535 1795 5608 dubito.
1830 5533 1919 5587 Sic

332 5610 481 5679 enim
525 5610 692 5679 θῆρες
750 5618 806 5663 et
855 5605 1022 5678 θηρία
1086 5608 1284 5678 (bestia:
1334 5605 1571 5679 scilicet)
1643 5605 1917 5679 dicuntur

331 5673 633 5747 Scriptura:
663 5680 870 5754 phrasi,
889 5673 1228 5747 quiecunque
1264 5675 1521 5754 animalia
1539 5673 1912 5754 noxia_..etiam

329 5763 416 5810 ea,
447 5745 569 5818 quae
627 5745 791 5820 vulgo
835 5745 1044 5820 insecta
1092 5762 1383 5820 vocamus1
1426 5745 1735 5820 cuiusmodi
1781 5752 1913 5820 sunt

329 5814 652 5888 serpentes:
711 5814 791 5876 uti
845 5819 1012 5874 etiam
1074 5816 1289 5872 notavit
1347 5815 1498 5885 Orig.
1533 5815 1588 5868 in
1634 5814 1910 5875 excerptis

2025 4561 2155 4629 Qua:
2212 4574 2345 4614 vero
2391 4557 2675 4629 cogitatio,
2727 4571 2890 4628 quam
2934 4554 3136 4609 divinae
3177 4555 3607 4625 magniﬁcentia:

2025 4654 2280 4727 gratior?
2329 4653 2465 4719 Quis
2491 4652 2572 4707 sic
2608 4651 2755 4706 acris
2781 4665 2844 4704 ac
2893 4647 3267 4718 importabilis
3302 4665 3460 4702 amor
3485 4691 3498 4712 ,
3545 4666 3608 4704 ac

2027 4748 2122 4818 qui
2155 4748 2210 4801 in
2246 4746 2429 4801 anima
2463 4744 2682 4800 cunctis
2721 4742 2874 4797 vitiis
2907 4741 3219 4811 depurgata
3267 4757 3298 4795 a
3342 4741 3455 4795 Deo
3488 4741 3611 4811 inji-

2026 4840 2195 4903 citur,
2224 4854 2459 4910 quzeque
2479 4853 2549 4894 ex
2573 4837 2775 4898 aﬂectu
2803 4835 2952 4891 dicat
2983 4852 3002 4892 ε,
3035 4832 3327 4888 Vulnerata
3349 4835 3609 4888 charitate

2025 4947 2121 5001 ego
2147 4947 2267 4984 sum
2297 4930 2386 4984 ‘3?

2097 5043 2220 5100 198.
2248 5043 2399 5098 Illius
2425 5051 2511 5097 est
2535 5052 2596 5098 ut
2624 5041 2771 5096 dicat
2801 5057 2813 5093 :
2842 5037 3119 5094 Concaluit
3153 5053 3246 5091 cor
3269 5053 3442 5090 meum
3459 5036 3604 5089 intra

2026 5152 2128 5201 me,
2163 5143 2214 5188 et
2243 5135 2299 5188 in
2331 5133 2671 5188 meditatione
2698 5146 2816 5184 mea
2847 5128 3150 5182 exardescet
3208 5122 3350 5198 ignis
3386 5126 3430 5157 ⁶⁹
3451 5165 3465 5190 ,
3512 5125 3606 5194 qui

944 5311 988 5342 ⁸⁸
1021 5310 1182 5366 Cant.
1219 5327 1278 5377 ιι,
1307 5311 1374 5378 5;
1414 5327 1467 5376 v,
1495 5311 1548 5365 8.
1627 5310 1671 5341 ⁶⁹
1706 5309 1848 5365 Psal.
1876 5323 2098 5372 xxxviii,
2128 5306 2180 5360 ι.

2066 5473 2146 5512 ure
2184 5461 2401 5510 exstant
2435 5454 2489 5508 in
2520 5453 2799 5516 Genesim,
2855 5461 3094 5522 suntque
3144 5465 3172 5504 a
3215 5448 3606 5522 me__eollecta.

2066 5475 2146 5512 ιιεε
2184 5475 2401 5510 cxswn:
2435 5475 2489 5508 Ill
2520 5475 2799 5516 uenesull,
2855 5475 3094 5522 sumque
3144 5475 3172 5504 at
3218 5475 3303 5503 mc
3350 5475 3604 5506 cuuccta.

2024 5475 2119 5584 gic
2150 5526 2528 5588 Act.xxvm,6,
2557 5524 2626 5578 de
2649 5524 2842 5592 vipera
2866 5523 3016 5576 Pauli
3050 5519 3604 5592 manuiadltaarente,

2034 5599 2130 5660 Ὠς
2160 5597 2216 5649 δὲ
2248 5593 2384 5649 εἶδον
2431 5597 2478 5648 οἰ
2515 5590 2778 5665 βάρϐαροι
2833 5593 3182 5665 κρεμάμενον
3215 5591 3274 5644 τὸ
3310 5590 3513 5665 »θηρίον
3544 5592 3606 5665 ἐκ

2019 5675 2117 5739 τῆς
2141 5667 2319 5739 χειρὸς
2350 5662 2537 5730 αὑτοῦ,
2575 5664 2639 5719 Ut
2675 5662 2918 5718 viderunt
2947 5662 3266 5734 pendentem
3301 5662 3525 5717 bestiam
3541 5662 3605 5717 de

2020 5757 2183 5795 manu
2214 5754 2346 5808 qus.
