4110 6318
331 335 468 402 1489

1496 343 1671 401 ALlA
1713 341 1815 401 EX
1851 343 2093 403 VATIC.
2133 343 2420 403 CAPITA.

3458 345 3595 407 1450

329 445 627 517 παράδεισε
655 443 866 515 Πατρός
891 459 1007 497 σου.
1035 443 1226 508 ΙἌνθος
1252 442 1344 497 τοῦ
1375 445 1583 512 πεδίου,
1610 447 1705 501 καὶ
1729 447 1910 517 κέδροι

2017 465 2102 504 sus
2142 450 2314 519 factus
2343 450 2511 510 est".
2550 449 2788 520 Sponse,
2831 450 3086 520 paradise
3121 452 3301 508 Patris
3340 455 3420 510 tui
3460 456 3597 513 :llos

328 532 520 600 αὐτοῦ,
555 536 632 598 ὡς
679 535 862 604 κέδροι
905 533 1000 588 τοῦ
1052 534 1310 591 Λιϐάνου.
1370 536 1520 591 Ὑπὸ
1561 537 1679 606 τὴν
1721 540 1910 592 σκιὰν

330 628 520 684 αὐτοῦ
544 628 918 696 ἐπεθύμησα,
975 626 1075 680 καί
1143 627 1413 693 ἐκάθισα,
1460 629 1558 683 καὶ
1605 631 1638 683 ὁ
1681 629 1911 698 καρπὸς

330 721 497 789 ὤφθη
527 718 758 789 γλυκὺς
785 718 856 772 ἐν
890 716 971 784 τῷ
1004 718 1262 788 λάρυγτί
1308 737 1447 788 μου.

405 810 498 864 σδ’.
536 809 651 864 Είὸ
695 809 920 880 βασιλέα
973 809 1370 881 ὑποδεχόμενος
1405 812 1486 876 είς
1531 811 1592 864 τὺ
1639 812 1911 882 δωμάτιον

331 902 520 968 αὐτοῦ,
566 902 711 957 οὕτω
762 900 1068 975 περιφανὴς
1113 903 1432 974 εὑρίσκεται
1470 905 1565 959 καλ⁸
1610 903 1912 976 περίδοξος,

331 997 427 1050 καὶ
458 996 636 1067 πάσης
665 993 949 1066 ἀλλης.....
982 992 1106 1066 [τον.
1143 993 1434 1066 ἔμπλεως]
1471 996 1670 1068 χαράς,
1704 995 1760 1048 τί
1803 995 1913 1051 πά-

332 1087 417 1141 θοι
446 1087 616 1160 ψυχὴ,
640 1091 673 1159 ὴ
702 1088 795 1142 τὸν
824 1088 1060 1143 Βασιλέα
1077 1088 1188 1142 τῶν
1219 1087 1488 1159 βασιλέων
1510 1091 1569 1143 ὲν
1593 1088 1674 1160 τῷ
1705 1084 1914 1162 καθάρο

333 1181 494 1250 θῆναι
525 1180 904 1252 ὑποδεξαμένη
936 1179 1076 1235 κατὰ
1119 1180 1218 1250 τὴν
1265 1179 1476 1251 ἀψευδῆ
1523 1181 1735 1235 ἐκείνου
1781 1182 1914 1236 ὑπό-

334 1285 523 1342 σχεσιν
552 1289 566 1337 ;
601 1272 714 1327 Καὶ
738 1272 792 1326 τί
831 1273 1006 1337 ἐάσει,
1049 1272 1154 1339 ἔξω
1185 1271 1284 1343 μὲν
1321 1259 1593 1342 βάλλουσα
1629 1272 1691 1325 τὸ
1716 1273 1793 1344 μὴ
1833 1274 1914 1337 είς

330 1363 641 1418 ἀνάπαυσιν
681 1363 880 1434 ἐκείνῳ
902 1363 1116 1418 δοκοῦψ
1167 1363 1378 1418 ἔνδοθεν
1431 1363 1486 1417 δὲ
1523 1363 1822 1433 εἰσάγουσα
1852 1363 1914 1418 τὸ

332 1453 415 1516 είς
447 1453 660 1508 ἐκείνου
691 1454 988 1525 ἀρέσκειαν
1008 1472 1024 1522 ;

405 1545 501 1600 σε’.
553 1546 613 1598 ’0
664 1544 934 1616 κληθῆναι
985 1545 1302 1617 προσδοκῶν
1339 1546 1494 1615 παρά
1541 1544 1804 1616 βασιλέως
1844 1545 1911 1618 τῇ

333 1635 547 1709 αὔριον,
583 1637 726 1700 τίνος
777 1638 835 1690 έν
879 1637 1124 1708 φροντίδι
1181 1637 1345 1691 ἄλλου
1388 1637 1594 1700 ἔσεται,
1653 1637 1685 1708 ἥ
1735 1636 1914 1705 λόγων

336 1730 568 1802 μελέτης
594 1730 704 1783 τῶν
727 1731 807 1794 είς
832 1729 1041 1784 ἐκείνου
1082 1727 1221 1784 εἶναι
1254 1727 1560 1800 μελλόντων
1584 1729 1910 1799 ἀρέσκειανς

2012 543 2226 610 campi;
2255 550 2311 595 et
2337 541 2486 596 cedri
2515 542 2600 600 tui,
2615 541 2761 595 sicut
2788 542 2938 596 cedri
2967 543 3162 597 Libani
3181 545 3246 598 ⁸ο.
3276 545 3380 599 Sub
3407 548 3598 602 umbra

2010 627 2157 682 illius
2201 629 2495 683 desideravi
2546 638 2596 683 et
2651 631 2797 697 sedi;
2843 640 2892 683 et
2946 631 3149 701 fructus
3174 635 3288 704 ejus
3332 638 3473 692 visus
3521 651 3597 692 est

2012 718 2179 773 dulcis
2205 720 2443 789 faucibus
2479 725 2606 776 meis
2629 723 2693 775 ⁸³.
3312 725 3318 731 ’

2083 811 2211 866 204.
2249 810 2304 866 Si
2337 811 2382 866 is
2408 813 2504 882 qui
2536 829 2721 884 regem
2771 815 2969 868 domus
2993 815 3237 886 hospitio
3265 820 3481 888 recipit,
3520 824 3600 877 sic

2013 901 2247 958 illustris
2314 903 2608 974 clarusque
2667 905 2968 969 invenitur,
3049 922 3114 962 ac
3176 909 3392 979 reliquo
3445 913 3598 967 omni

2013 991 2214 1062 gaudio
2277 992 2566 1062 magniﬁce
2617 994 2852 1064 plenus;
2905 995 3039 1065 quid
3089 997 3182 1052 ﬁat
3230 999 3458 1066 animo,
3501 1004 3599 1072 qui

2015 1083 2220 1154 Regem
2243 1099 2458 1154 regum,
2492 1100 2606 1154 praa
2633 1100 2732 1139 sua
2757 1087 3051 1147 munditia,
3078 1089 3233 1159 juxta
3255 1105 3322 1144 ac
3353 1090 3443 1146 ille
3469 1107 3600 1148 vere

2014 1174 2298 1244 pollicitus
2342 1185 2428 1229 est
2451 1175 2519 1241 δ’,
2545 1176 2896 1246 susceperit?
2928 1177 3072 1244 Quid
3115 1195 3248 1236 vero
3277 1181 3455 1248 sinet,
3503 1186 3599 1254 qui

2015 1265 2164 1324 foras
2194 1268 2407 1338 ejiciat,
2433 1269 2582 1340 quod
2617 1269 2686 1324 ad
2717 1271 2837 1342 ejus
2867 1272 3227 1330 refectionem
3275 1292 3386 1331 non
3415 1278 3602 1332 videao

2015 1366 2140 1425 tur;
2194 1375 2259 1414 ac
2289 1376 2413 1430 quae
2442 1360 2522 1416 illi
2579 1370 2735 1432 grata
2783 1371 2916 1418 sunt
2963 1372 3020 1418 et
3062 1375 3319 1436 accepta,
3355 1369 3601 1437 proclive

2015 1450 2273 1506 admittat
2293 1452 2316 1506 l

2084 1543 2212 1599 205.
2246 1543 2352 1612 Qui
2397 1561 2426 1600 a
2457 1562 2586 1618 rege
2619 1546 2675 1602 in
2705 1548 3011 1604 crastinum
3068 1550 3373 1616 vocandus,
3401 1569 3601 1622 exspe-

2015 1635 2258 1691 ctatione
2294 1652 2597 1706 suspensus
2639 1648 2744 1705 est,
2779 1640 2911 1710 quid
2952 1641 3100 1696 aliud
3134 1658 3392 1698 curarum
3418 1656 3605 1701 verset

2016 1725 2224 1790 animo,
2261 1742 2426 1796 quam
2477 1735 2538 1780 ut
2583 1727 2699 1797 ipse
2747 1745 2936 1784 secum
2967 1746 3251 1787 sermones
3299 1733 3503 1804 cogitet
3540 1750 3604 1790 ac

333 1822 505 1878 Τοῦτο
550 1822 795 1894 τηροῦσα
841 1824 992 1878 πᾶσα
1033 1821 1200 1894 ψυχὴ,
1233 1823 1332 1876 οὐκ
1375 1821 1674 1892 ὀφθήσεται
1699 1821 1915 1891 ἀπαρα-

2022 1820 2346 1886 meditetur,
2390 1823 2596 1892 quibus
2633 1824 2753 1893 ejus
2779 1825 3010 1895 gratiam
3047 1827 3288 1882 initurus
3329 1829 3461 1882 est?
3490 1828 3605 1885 Hoc

335 1915 638 1980 σκεύαστος
678 1915 816 1984 πρὸς
844 1917 906 1968 τὺ
939 1914 1153 1969 ἐκεῖθεν
1180 1915 1486 1987 κριτήριον.

408 2099 519 2159 σνς’.
554 2091 819 2164 Μακαρία
838 2092 1008 2162 ψυχὴ,
1053 2093 1088 2162 ἡ
1130 2091 1221 2145 διὰ
1245 2092 1306 2144 τὸ
1329 2092 1576 2162 σήμερον
1606 2091 1916 2162 προσδοκᾷν

335 2185 488 2256 ἥξειν
515 2185 607 2238 τὸν
633 2185 838 2256 Κύριον
879 2185 1100 2254 ἑαυτῆς,
1136 2184 1308 2254 μηδὲν
1336 2183 1615 2256 ἡγουμένη
1657 2184 1794 2248 ὅλως
1823 2185 1915 2237 τὸν

338 2277 502 2331 πόνον
543 2275 644 2347 τῆς
668 2277 882 2349 ἡμέρας
911 2277 1094 2348 πάσης
1112 2291 1127 2305 ⁸
1162 2277 1297 2348 μηδὲ
1319 2277 1411 2330 τὸν
1439 2277 1540 2347 τῆς
1567 2277 1781 2341 νυκτὸς,
1827 2276 1915 2331 διὰ

335 2367 398 2421 τὸ
427 2364 634 2432 εὐθέως
663 2369 757 2422 ἐπὶ
779 2368 840 2421 τὸ
874 2366 1020 2440 πρωῒ
1049 2368 1239 2422 τοῦτον
1267 2367 1488 2439 μέλλειν
1519 2369 1656 2440 αὐτῇ
1685 2368 1916 2440 ἐμφανί-

335 2456 546 2522 ζεσθαι.

410 2549 512 2615 σζ’.
547 2551 765 2615 Πάντας
804 2551 904 2624 μὲν
940 2553 1045 2624 ὁρᾷ
1081 2553 1109 2606 ὁ
1148 2549 1308 2616 Θεός·
1349 2551 1518 2622 ὁρῶσι
1551 2550 1608 2604 δὲ
1639 2551 1731 2606 τὸν
1758 2549 1912 2615 Θεὸν,

341 2643 393 2696 οἱ
433 2641 770 2714 θεωροῦντες
808 2643 976 2714 μηδὲν
1013 2645 1068 2696 ὲν
1097 2642 1178 2714 τῷ
1207 2641 1485 2714 εὔχεσθαι.
1521 2644 1634 2699 Καὶ
1668 2643 1784 2697 ὅσοι
1817 2642 1918 2714 μὲν

334 2736 505 2808 ὁρῶσι
533 2735 625 2790 τὸν
647 2735 800 2802 Θεὸν,
831 2737 928 2791 καὶ
977 2735 1362 2790 εἰσακούονται
1397 2735 1532 2806 παρ’
1559 2733 1725 2788 αὑτοῦ
1748 2753 1760 2764 ·
1800 2735 1916 2788 ὅσοι

337 2829 397 2883 δὲ
421 2830 524 2882 οὐκ
547 2828 948 2893 είσακούονται,
983 2828 1106 2883 οὐδὲ
1149 2829 1350 2901 ὁρῶσιν
1385 2827 1570 2882 αὐτόν.
1629 2827 1916 2898 Μακάριος

335 2918 417 2985 δὲ,
496 2921 525 2973 ὁ
578 2920 852 2975 πιστεύων
894 2923 977 2976 ὅτι
1029 2920 1286 2992 βλέπεται
1322 2919 1429 2974 ὑπὸ
1479 2919 1574 2974 τοῦ
1622 2919 1790 2996 Θεοῦ*
1853 2918 1914 2972 οὐ
1943 2914 1955 2924 ’

339 3012 737 3085 σαλευθήσεται
788 3014 898 3086 γὰρ
956 3016 986 3070 ό
1030 3017 1168 3078 ποὺς
1218 3013 1410 3078 αὑτοῦ,
1473 3012 1572 3084 τῆς
1624 3012 1916 3083 ἀρεσκείας

336 3105 548 3161 ἐκείνου
579 3105 761 3180 χάριν.

2018 1912 2270 1982 quisquis
2295 1913 2695 1982 observaverit,
2732 1915 2879 1971 haud
2916 1915 3219 1986 imparatus
3255 1919 3323 1972 ad
3354 1919 3605 1978 futurum

2011 2002 2282 2073 judicium
2302 2004 2610 2074 apparebit.

2085 2095 2212 2150 206.
2269 2095 2471 2151 Beatus
2529 2096 2774 2162 animus,
2835 2097 3045 2152 idcirco
3102 2099 3252 2168 quod
3307 2101 3603 2159 Dominum

2016 2204 2179 2243 suum
2207 2188 2372 2244 hodie
2404 2197 2698 2244 venturum
2724 2199 3040 2260 exspectat,
3073 2193 3234 2247 nihili
3265 2193 3476 2249 ducens
3513 2206 3603 2251 to-

2017 2281 2129 2336 tius
2151 2282 2262 2336 diei
2292 2283 2570 2349 laborem;
2604 2298 2668 2337 ac
2694 2284 2861 2338 etiam
2893 2285 3093 2350 noctis,
3134 2285 3284 2356 quod
3311 2286 3403 2342 ille
3419 2289 3604 2346 statim

2017 2385 2178 2425 mane
2213 2371 2566 2441 praesentiam
2599 2371 2652 2426 ei
2683 2373 3038 2430 exhibiturus
3067 2375 3160 2430 sit.

2089 2555 2215 2611 207.
2268 2557 2417 2612 Deus
2468 2556 2692 2627 quidem
2743 2573 2937 2613 omnes
2988 2559 3186 2614 videt:
3226 2562 3420 2618 vident
3465 2581 3603 2620 vero

2019 2650 2194 2705 Deum
2221 2649 2337 2720 qui.
2370 2650 2519 2704 inter
2549 2650 2819 2704 orandum
2851 2651 2990 2706 nihil
3023 2652 3234 2708 vident.
3265 2656 3343 2710 Ac
3373 2657 3600 2726 quidem

2016 2757 2210 2798 omnes
2245 2743 2338 2812 qui
2370 2742 2558 2798 vident
2585 2743 2780 2807 Deum,
2821 2745 2891 2800 ab
2928 2745 3022 2800 illo
3051 2761 3271 2817 quoque
3293 2751 3604 2806 exaudiun-

2017 2842 2142 2888 tur:
2176 2834 2272 2904 qui
2304 2848 2437 2888 vero
2469 2849 2580 2888 non
2611 2834 3004 2898 exaudiuntur,
3034 2851 3214 2906 neque
3242 2837 3432 2892 vident
3451 2855 3603 2897 eum.

2015 2926 2218 2982 Beatus
2252 2934 2453 2981 autem‘
2473 2928 2568 2996 qui
2626 2941 2684 2982 se
2735 2943 2764 2980 a
2797 2926 2910 2982 Deo
2947 2927 3122 2984 videri
3161 2929 3435 2997 credit";
3495 2948 3606 2988 non

2016 3015 2165 3069 enim
2191 3015 2629 3070 commovebitur
2668 3030 2761 3084 pes
2797 3015 2938 3089 ejus,
2976 3033 3084 3087 qua
3111 3017 3328 3074 ratione
3362 3019 3443 3074 illi
3482 3021 3605 3091 pla-

2016 3117 2144 3157 cere
2182 3103 2388 3158 studet.
2660 3091 2691 3120 ⁰

409 3198 515 3272 ση’.
713 3197 865 3263 ἐντὸς
907 3198 1066 3270 ἡμῶν
1097 3196 1265 3269 οὔσης
1300 3195 1578 3268 βασιλείας
1615 3197 1684 3250 τά
1711 3196 1912 3266 ἀγαθὰ,

2089 3194 2216 3249 208.
2265 3195 2437 3266 Regni
2494 3195 2801 3262 calorum,
2863 3197 3010 3267 quod
3064 3198 3210 3254 intra
3271 3217 3374 3256 nos
3435 3203 3601 3269 est",

339 3296 368 3349 ὀ
393 3292 729 3364 φιλόκοσμος
759 3289 1039 3361 ὀφθαλμὸς
1067 3291 1167 3343 οὐκ
1185 3285 1316 3344 εἶδε·
1352 3290 1446 3344 καὶ
1470 3287 1606 3360 ἀκοὴ
1635 3289 1916 3360 φιλότιμος

335 3385 438 3440 οὐκ
462 3386 687 3457 ἢκουσε,
713 3385 810 3437 καὶ
845 3384 938 3438 ἐπὶ
962 3383 1190 3456 καρδίαν
1223 3382 1387 3454 κενὴν
1414 3379 1733 3452 Πνεύματος
1757 3381 1914 3450 ἁγίου

335 3479 437 3532 οὐκ
469 3477 668 3549 ἀνέ6η’
694 3477 1021 3549 ἀρῤαὸῶνές
1057 3480 1166 3531 εἰσι
1211 3477 1318 3530 τῶν
1351 3473 1654 3546 μελλόντων
1677 3475 1913 3529 δίδοσθαι

335 3573 449 3634 τοῖς
475 3570 708 3634 δικαίοις
750 3570 973 3639 ἀγαθῶν
1002 3572 1058 3626 ὲν
1086 3573 1154 3641 τῇ
1193 3569 1464 3641 μελλούσῃ
1501 3568 1751 3640 βασιλείᾳ
1779 3570 1916 3638 Χρι-

337 3661 466 3717 στοῦ
486 3680 502 3694 ο
544 3664 642 3717 καὶ
679 3665 709 3716 ὁ
760 3664 837 3734 μὴ
872 3665 930 3716 ἐν
958 3662 1174 3726 τούτοις
1205 3662 1448 3731 τρυφῶν,
1477 3661 1675 3724 οἵτινές
1703 3662 1840 3713 εἰσιν
1864 3662 1914 3713 oi

336 3754 540 3824 καρποὶ
571 3751 916 3823 Πνεύματος,
962 3755 1021 3807 έν
1061 3752 1362 3806 ἀπολαύσει
1405 3751 1629 3805 ἐκείνων
1660 3750 1914 3819 γενέσθαι

333 3845 397 3897 οὐ
425 3843 667 3897 δύναται.

408 3935 508 3992 σθ’.
536 3937 598 3988 οι
619 3933 728 3988 τῶν
757 3933 1080 4004 πρακτικῶν
1114 3934 1366 4004 λογισμοὶ
1399 3933 1619 4004 ἐλάφοις
1648 3933 1912 3989 ἐοίκασιν.

341 4028 432 4092 Ὦς
469 4027 580 4099 γὰρ
609 4030 814 4081 ἐκεῖναι
859 4026 992 4080 ποτὲ
1034 4027 1133 4097 μὲν
1185 4027 1298 4081 ἀνω
1335 4028 1474 4082 είσὶν
1510 4030 1570 4082 ὲν
1616 4030 1730 4094 τοῖς
1762 4029 1914 4101 ὄρεσι

333 4119 422 4175 διά
458 4121 549 4174 τὸν
583 4119 746 4188 φόϐον
774 4119 882 4172 τῶν
921 4119 1197 4190 θηρατῶν,
1238 4120 1371 4173 ποτε
1403 4120 1460 4174 δὲ
1506 4121 1659 4176 κάτω
1700 4124 1760 4176 ἐν
1797 4124 1916 4185 ταῖς

333 4209 551 4263 κοιλάσι
607 4209 696 4262 διὰ
746 4208 843 4262 τὸν
899 4207 1064 4262 πόθον
1106 4210 1214 4262 τῶν
1257 4209 1316 4262 ὲν
1349 4209 1583 4274 αὐταϊςο
1635 4209 1780 4264 οὕτω
1821 4212 1915 4266 καὶ

333 4295 480 4355 οὗτοι
506 4317 521 4332 ’
555 4299 680 4353 οὔτε
707 4300 942 4354 πάντοτε
992 4302 1050 4352 ὲν
1084 4299 1290 4371 θεωρίᾳ
1330 4303 1674 4372 πνευματικῇ
1725 4300 1916 4355 δύναν-

333 4409 425 4446 ται
486 4387 661 4455 εἶναι,
709 4391 798 4445 διὰ
835 4391 895 4445 τὸ
933 4391 1115 4446 αὐτῶν
1165 4392 1413 4456 εὐτελές·
1443 4392 1572 4446 οὔτε
1626 4394 1713 4447 ἀεὶ
1759 4395 1817 4447 έν
1845 4395 1910 4464 τῇ

2017 3287 2202 3342 saeculi
2225 3302 2415 3342 amans
2449 3288 2688 3354 animus,
2713 3288 2859 3342 bona
2897 3302 3006 3342 non
3038 3287 3200 3355 vidit,
3232 3299 3289 3345 et
3303 3290 3604 3348 ambitiosa

2015 3378 2166 3432 auris
2188 3394 2299 3433 non
2315 3378 2548 3445 audivit,
2578 3394 2682 3434 nec
2711 3379 2765 3433 in
2797 3394 2896 3433 cor
2921 3379 3140 3450 Spiritu
3155 3391 3346 3436 sancto
3368 3398 3602 3438 vacuum

2013 3471 2384 3526 ascenderunt
2405 3471 2473 3524 ⁸⁸.
2527 3471 2736 3542 Nempe
2798 3470 3145 3529 arrhabones
3203 3481 3332 3529 sunt
3384 3463 3603 3530 illorum

2015 3561 2311 3626 bonorum,
2367 3577 2491 3632 qua:
2522 3563 2688 3633 justis
2731 3563 2788 3616 in
2824 3563 3014 3618 futuro
3051 3563 3259 3619 Christi
3304 3581 3474 3637 regno
3506 3567 3605 3622 tri-

2015 3648 2279 3705 buentur.
2321 3649 2422 3713 Ac,
2456 3647 2552 3718 qui
2590 3649 2645 3702 in
2682 3649 2796 3702 illis
2836 3665 2950 3703 non
2977 3649 3286 3706 delectatur
3304 3651 3426 3724 '(qui
3475 3663 3606 3709 Sunt

2015 3738 2229 3795 fructus
2267 3737 2528 3809 Spiritus)
2555 3754 2660 3792 nec
2683 3747 2745 3792 ut
2769 3739 2882 3794 illis
2912 3739 3130 3795 fruatur
3153 3745 3369 3813 assequi
3400 3741 3600 3814 potest.

2083 3915 2210 3972 209.
2243 3915 2558 3971 Colentium
2589 3915 2862 3970 actionem
2913 3916 3277 3988 cogitationes
3320 3919 3602 3990 animique

2016 4011 2262 4067 rationes
2289 4008 2470 4064 cervis
2494 4008 2660 4064 baud
2704 4008 2987 4064 absimiles
3047 4017 3198 4065 sunt.
3230 4009 3599 4076 Quemadmo—

2015 4103 2147 4158 dum
2171 4102 2320 4157 enim
2348 4102 2524 4168 cervi,
2563 4103 2730 4156 modo
2764 4102 3038 4156 montium
3084 4103 3378 4172 superiora
3410 4112 3604 4161 tenent

2015 4193 2087 4248 ob
2133 4181 2463 4249 venaturum
2521 4201 2764 4258 metum;
2815 4191 2980 4246 modo
3028 4191 3289 4261 depressa
3334 4193 3560 4249 vallium
3587 4236 3600 4258 ,

2015 4303 2128 4358 quo
2172 4287 2391 4342 illarum
2431 4283 2652 4356 pascuis
2683 4283 2962 4339 desiderio
3009 4282 3358 4351 afﬁciuntur;
3415 4287 3496 4342 sic
3549 4299 3606 4343 et

2015 4381 2142 4444 illae,
2171 4395 2278 4434 nec
2300 4393 2518 4448 semper
2551 4377 2608 4432 in
2642 4375 2878 4446 spiritali
2905 4375 3372 4445 contemplatione
3394 4381 3602 4433 versari

338 4486 565 4554 φυσικῇ,
603 4481 692 4537 διὰ
718 4482 778 4536 τὸ
813 4481 888 4554 μὴ
917 4482 1016 4554 τὴν
1051 4483 1360 4537 ἀνάπαυσιν
1387 4481 1607 4538 διώκειν
1651 4485 1758 4537 ἀεί.
1792 4483 1912 4538 Τῶν

2019 4479 2272 4542 possunt,
2305 4469 2472 4541 666
2492 4468 2564 4522 ob
2593 4482 2746 4522 suam
2765 4467 3126 4534 tenuitatem;
3153 4482 3255 4523 nec
3281 4469 3336 4523 in
3368 4471 3604 4525 naturali

339 4574 524 4645 μέντοι
563 4574 937 4646 θεωρητικῶν,
973 4573 1312 4642 περιπεζίων
1365 4575 1673 4647 ὑπερόπται
1705 4574 1914 4645 θεωρη-

339 4666 527 4738 μάτων
555 4666 934 4721 καθίστανται.

406 4932 494 4982 σι’.
524 4926 678 4982 Βόλοι
717 4927 817 4998 μὲν
861 4927 1056 4998 δρόσου
1088 4930 1184 5002 (g),
1224 4931 1330 5003 γῆς
1359 4931 1725 5003 μεθύσκουσιν
1750 4931 1918 4986 αὔλα-

405 5085 451 5156 ’_’
473 5083 630 5141 Cant.
665 5103 703 5152 ι,
734 5087 819 5142 15.
897 5087 945 5121 ⁸ο
972 5087 1131 5144 Cant.
1161 5105 1224 5154 ιι,
1259 5090 1324 5156 l;
1356 5089 1501 5143 Psal.
1531 5104 1643 5153 cm,
1676 5089 1763 5142 i6.

407 5277 690 5347 (9)8610:
739 5280 985 5348 δρόσου.
1012 5281 1104 5336 Sic
1135 5283 1305 5338 etiam
1353 5293 1542 5339 vetera
1601 5283 1800 5338 Lexica
1850 5299 1917 5338 ex

331 5346 498 5417 ϐιός.
525 5348 718 5414 citant,
756 5346 1072 5422 habentque
1100 5351 1288 5422 Graeca
1321 5353 1518 5419 Biblia,
1555 5353 1718 5410 stillis
1737 5355 1915 5420 roris;

335 5416 563 5498 ipsaque
616 5431 756 5486 adeo
809 5416 997 5487 Hebr:
1027 5416 1235 5498 512th»:
1281 5434 1338 5490 in
1392 5416 1513 5507 qua.
1544 5454 1680 5507 voce
1727 5416 1906 5493 Aben;

333 5513 480 5588 Esra.
517 5514 634 5588 vult
663 5529 702 5574 δι
747 5531 868 5588 esse
917 5515 1305 5588 formativum,
1337 5505 1494 5588 quasi
1540 5537 1570 5574 a
1606 5505 1704 5578 5L):
1734 5537 1801 5574 ex
1850 5536 1917 5574 eo

334 5581 483 5659 quod
511 5584 670 5659 stillae
713 5586 986 5659 ejusmodi
1029 5589 1280 5659 rotundae
1319 5581 1430 5643 sint
1476 5606 1542 5645 ac
1569 5590 1725 5659 quasi
1777 5605 1915 5644 con-

334 5654 554 5729 volutm.
616 5654 709 5709 Sic
745 5654 802 5709 et
858 5655 999 5729 ﬂdkot
1031 5656 1246 5729 δρόσου,
1296 5659 1445 5727 quod
1491 5654 1649 5728 quasi
1707 5659 1916 5729 globuli

334 5723 807 5798 jaciantueroce‘
825 5723 960 5798 satis
983 5723 1263 5798 ingeniose
1281 5723 1591 5798 eicogitata
1612 5723 1734 5791 τοίξ
1750 5728 1913 5783 LXX.

335 5742 631 5793 petantur,
656 5742 793 5779 voce
825 5742 960 5780 satis
983 5743 1033 5780 In
1074 5743 1263 5782 emose
1281 5742 1591 5798 excogitata
1612 5742 1722 5791 τοις
1750 5742 1913 5783 Lu.

335 5793 407 5849 At
433 5794 581 5864 quod
616 5794 770 5867 Xyst.
796 5795 1001 5851 habent
1034 5742 1214 5866 ξῶλοι,
1255 5799 1419 5870 gleba!
1456 5800 1614 5866 roris,
1653 5799 1917 5868 nullaque

535 5887 812 5953 Ρηιιοι..
869 5888 988 5953 Gn.
1032 5889 1164 5951 XC.

1864 5087 1909 5120 ⁸¹
1942 5086 2103 5143 Cant.
2136 5103 2194 5153 ιι,
2227 5087 2282 5141 3.

332 5152 380 5184 “
413 5154 548 5210 Luc.
580 5173 711 5226 xvn,
739 5159 830 5212 2i.
909 5159 955 5192 ⁸⁵
980 5159 1002 5214 l
1027 5157 1154 5215 Cor.
1185 5152 1221 5214 ll
1247 5152 1320 5216 θ(
1379 5159 1426 5191 ⁸⁸
1449 5158 1574 5214 Job.
1614 5152 1837 5225 xxxvm,
1869 5158 1961 5214 28.
2086 5171 2088 5174 '

2021 4577 2241 4632 semper
2266 4558 2665 4631 speculatione,
2690 4557 2838 4627 quod
2867 4573 2979 4612 non
3000 4573 3220 4628 semper
3248 4559 3604 4616 refectionem

2020 4662 2270 4725 quaerant
2296 4667 2364 4707 ac
2387 4650 2652 4721 quietem.
2683 4648 2891 4704 Eorum
2924 4663 3058 4704 vero
3089 4649 3184 4720 qui
3211 4650 3436 4706 student
3468 4667 3608 4708 con-

2025 4744 2371 4817 templationi
2419 4742 2614 4808 animi,
2649 4740 2881 4797 humilia
2921 4756 3086 4797 sensa
3133 4743 3376 4813 proclive
3412 4753 3606 4800 conte-

2271 4929 2445 4986 Stillte
2491 4926 2698 4986 roris“
2741 4935 2902 4981 terra:
2959 4924 3141 4980 sulcos
3194 4924 3490 4979 infundunt
3542 4940 3608 4982 ac

2391 5085 2438 5117 "
2481 5085 2640 5141 Joan.
2669 5099 2782 5150 xrv,
2825 5081 2916 5137 23.
3021 5079 3068 5112 ⁸³
3097 5080 3243 5135 Psal.
3274 5095 3478 5147 xxxv“,
3517 5081 3602 5137 l7.

2026 5283 2178 5338 varia
2207 5283 2449 5338 lectione
2491 5282 2727 5350 interpr.
2773 5278 2953 5342 adert,
3005 5275 3213 5350 nullus,
3244 5274 3452 5350 probo;
3505 5291 3609 5350 nec

2024 5354 2188 5408 video
2214 5367 2466 5422 quaenam
2501 5363 2625 5422 apta
2643 5344 2993 5422 metaphora,
3022 5344 3606 5422 utroris’sﬁllqnquod

2022 5415 2248 5494 Optime'
2267 5423 2512 5478 reddidit
2534 5415 2719 5491 'Vulgq
2753 5415 3015 5474 dicantur
3042 5416 3228 5487 gleba'.
3251 5415 3407 5481 Quod
3438 5417 3605 5471 etiam

2023 5522 2203 5561 massa
2251 5506 2506 5562 redditur
2536 5522 2600 5560 ca
2639 5519 2765 5567 vox,
2803 5503 2972 5573 βῶλος
3005 5499 3224 5568 σιδήρου
3263 5499 3434 5553 Eccli.
3471 5516 3606 5566 xxn,

2023 5598 2081 5644 et
2119 5589 2285 5659 βῶλος
2321 5589 2546 5659 χρυσέα,
2573 5604 2675 5658 pro
2697 5588 2835 5659 sole,
2865 5585 3045 5659 Apoll.
3104 5581 3303 5636 Rhodii
3335 5583 3512 5659 schol.
3538 5600 3605 5659 ex

2024 5653 2479 5734 Eu_ripide,:niliil
2508 5653 3012 5734 _congruit,__quod_
3038 5669 3255 5734 massa,
3290 5653 3471 5734 magni
3507 5654 3608 5733 ali-

2025 5724 2454 5799 quid-ponderis
2477 5730 2568 5792 sit,
2606 5724 2714 5781 non
2747 5724 2892 5780 exile
2919 5724 3604 5799 (μήὸ,-υιίιειίίίιιι-τοιςὶςε

2026 5791 2261 5870 quarum
2297 5801 2528 5864 stillare,
2560 5791 2744 5869 Spargi
2799 5791 2964 5850 estet
2997 5797 3126 5867 jaci,
3181 5793 3242 5844 τὸ
3296 5791 3599 5863 βάλλεσθαι.
3642 5826 3661 5842 .

3092 5885 3170 5947 1ιῦ
