4122 6322
339 416 479 486 1457

1511 425 1689 484 ALIA
1727 426 1831 485 EX
1868 426 2107 489 VATIC.
2149 431 2437 494 CAPITA.

3469 436 3615 499 1458»

414 531 545 603 σλβ’.
583 532 694 594 Τὰς
754 529 1059 602 προσϐολὰς
1100 530 1148 582 ol
1196 529 1650 602 ἀποκρουόμενοι,
1680 534 1743 586 οὐ
1779 550 1914 601 συγ-

2087 536 2210 591 23').
2248 538 2351 604 Qui
2394 541 2776 610 suggestiones
2824 541 3143 612 primosque
3194 552 3377 601 motus
3426 549 3605 617 repel‘

339 622 613 695 χωροῦσιν
644 621 855 675 ἔνδοθεν
888 620 985 674 τοῦ
1027 620 1248 689 λογικοῦ
1282 623 1606 693 ἀμπελῶνος
1639 625 1717 688 ὡς
1753 625 1921 696 θηρία

339 717 467 777 τοὺς
502 713 799 782 λογισμοὺς
829 710 1174 782 είσέρχεσθαι
1194 751 1210 774 ,
1240 711 1467 765 καὶτῶν
1493 714 1704 767 ἐκείνου
1740 714 1797 768 ὲν
1828 714 1924 767 λύ-

344 822 422 876 μῃ
451 802 806 856 καθίστασθαι
837 819 850 832 ·
879 803 929 855 oi
974 802 1031 856 δὲ
1065 801 1451 865 συνδυάζονται
1476 802 1553 875 (n)
1580 805 1699 874 μὲν,
1737 804 1922 869 ἁπλῶς

341 895 399 946 δὲ
436 892 780 964 εἰσέρχεσθαι
809 894 1006 958 αὐτοὺς
1037 894 1435 965 συγχωροῦσιν,
1467 895 1544 966 μὴ
1566 895 1837 950 ἅπτεσθαι
1865 897 1924 951 δὲ

346 985 572 1054 μηδενὸς
601 986 711 1038 τῶν
740 982 920 1039 αὐτῶν
955 1001 970 1016 °
1003 985 1053 1039 οἳ
1084 986 1182 1040 καὶ
1225 986 1403 1056 ἡδέως
1440 987 1540 1056 μὲν
1571 989 1923 1060 συνομιλοῦσι

342 1080 457 1141 τοῖς
484 1076 680 1131 πάθεσι
702 1077 790 1131 διὰ
821 1077 935 1132 τῶν
974 1077 1286 1148 λογισμῶν,
1319 1081 1401 1144 είς
1431 1081 1837 1148 συγκατάθεσιν
1864 1082 1924 1136 δὲ

349 1170 424 1240 μὴ
479 1171 790 1240 ἐρχόμενοι,
822 1169 1195 1240 ὡμοιώθησαν
1220 1172 1335 1234 τοῖς
1382 1172 1583 1226 ὲάσασι
1613 1172 1705 1226 τὸν
1739 1173 1924 1243 μονιδν

334 1255 553 1310 ’ἔνδοθεν
579 1258 679 1327 μὲν
696 1257 791 1310 τοῦ
821 1257 1080 1329 φραγμοῦ
1111 1258 1400 1324 εἰσελθεῖν,
1425 1263 1483 1314 ὲν
1506 1262 1656 1333 κόρῳ
1682 1261 1739 1315 δὲ
1764 1263 1925 1318 αὐτὸν

345 1347 457 1402 τῶν
492 1347 587 1401 τοῦ
613 1348 938 1419 ἀμπελῶνος
968 1349 1226 1417 γενέσθαι
1260 1350 1504 1422 βοτρύων
1538 1353 1612 1423 μὴ
1643 1355 1927 1425 συγχωρή-

349 1457 505 1495 σασιν
534 1455 547 1469 ⁸
580 1435 699 1492 εἶτα
729 1434 888 1510 εὗρον
914 1439 1075 1493 αὑτὸν
1105 1440 1206 1512 τῆς
1235 1441 1446 1495 ἑαυτῶν
1467 1442 1752 1512 δυνάμεως
1777 1446 1928 1513 ισχυ-

351 1534 590 1605 ρότερον,
615 1532 666 1584 οἱ
695 1532 752 1585 ἐν
778 1531 1181 1600 συγκαταθέσει
1222 1532 1482 1598 πολλάκις
1529 1533 1721 1588 παθῶν
1770 1535 1927 1606 εὑρι-

348 1623 629 1694 σκόμενοι.

419 1714 554 1785 σλγ’.
592 1715 760 1770 Οὔπω
788 1715 1026 1787 ἔφθασεν
1054 1718 1133 1781 εἰς
1165 1715 1466 1786 ἁπλότητα,
1499 1719 1527 1771 ὁ
1563 1716 1643 1771 ἔτι
1668 1716 1925 1788 δεόμενος

350 1809 673 1880 ἐπιμελείας
724 1807 982 1881 φραγμοῦ
1012 1808 1108 1862 τοῦ
1155 1810 1298 1862 κατὰ
1333 1808 1433 1879 τὴν
1478 1808 1825 1879 ἐγκράτειαν.
1866 1808 1925 1862 ὐ

342 1878 550 1964 τέλειος
591 1901 723 1971 γὰρ,
754 1878 943 1971 φησιν,
979 1902 1080 1954 οὐκ
1112 1878 1527 1972 ἐγκρατεύεται·
1556 1878 1700 1954 ἔοικε
1735 1899 1795 1954 δέ
1818 1918 1926 1956 τινι
1956 1878 1999 1933 Β

346 1993 525 2064 ἔχοντι
553 1992 818 2063 ἄμπελον,
850 1993 883 2064 ἢ
913 1991 1177 2063 ἄρουραν,
1206 1993 1269 2047 οὐ
1293 1994 1457 2063 μέσον
1485 1992 1693 2047 πολλῶν
1753 1991 1929 2047 ἄλλων

346 2085 687 2156 ἀμπελώνων
702 2085 798 2139 καὶ
813 2083 1025 2157 χώρων,
1043 2085 1160 2140 ἀλλ’
1175 2087 1232 2139 δν
1258 2088 1432 2157 γωνία
1448 2102 1572 2140 πουο
1591 2086 1686 2140 καὶ
1700 2084 1788 2138 διὰ
1808 2083 1933 2141 τοῦέ

345 2194 409 2233 το
428 2177 668 2247 δεομένῳ
695 2176 898 2246 πολλῆς
914 2176 1014 2247 τῆς
1038 2176 1285 2250 φυλακῆς
1316 2178 1414 2231 καὶ
1439 2178 1536 2247 τῆς
1567 2176 1805 2248 νήψεως.
1822 2175 1928 2230 Τοῦ

348 2272 457 2342 γὰρ
495 2272 576 2333 sl;
617 2269 899 2339 ἁπλότητα
936 2269 1269 2338 φθάσαντος,
1304 2271 1372 2324 ὲκ
1411 2269 1612 2334 παντὸς
1649 2268 1931 2337 ἀνέπαφος

349 2366 382 2436 ὴ
407 2361 649 2433 ἄμπελος
679 2360 908 2431 γίνεται,
937 2359 1201 2430 βασιλέως
1235 2361 1489 2434 καθάπερ
1521 2362 1556 2432 ἦ
1581 2378 1726 2425 τινος
1759 2360 1923 2415 ἄλλου

349 2453 926 2528 παραδυναστεύοντος
960 2451 1218 2525 φοϐεροῦ,
1261 2454 1356 2507 καὶ
1405 2455 1574 2525 μόνης
1613 2452 1675 2518 ἐξ
1733 2450 1927 2522 ἀκοῆς,

347 2549 476 2612 τούς
531 2565 593 2601 τε
648 2548 893 2610 κλέπτας
934 2547 1027 2601 καὶ
1062 2547 1363 2618 παροδίτας
1407 2545 1931 2619 παρασκευάζοντος

349 2641 596 2713 φρίττειν
624 2642 724 2710 τὴν
757 2632 1126 2711 ἐπιχείρησιν.

420 2814 548 2869 σλδκ
576 2810 771 2866 Πολλοὶ
800 2810 901 2882 μὲν
952 2810 1034 2874 εἰς
1069 2808 1160 2863 τὸν
1199 2810 1299 2880 τῆς
1348 2811 1717 2879 κακοπαθείας
1751 2832 1915 2871 σταυ-

349 2906 439 2978 ρὸν
458 2905 530 2975 (ο)
548 2902 891 2973 ἁνέρχονται·
921 2899 1090 2968 ὀλίγοι
1111 2899 1168 2952 δὲ
1200 2901 1327 2963 τοὺς
1354 2901 1518 2971 ἥλους
1559 2905 1728 2959 αὐτοῦ
1757 2924 1928 2963 κατα-

342 2995 593 3065 δέχονται
624 3009 641 3025 ο
683 2990 1077 3062 πρωιρετικῆς
1110 2990 1209 3060 μὲν
1239 2991 1554 3057 εὐπειθείας
1573 2993 1751 3051 δοῦλοι
1784 2999 1929 3052 πολ-

346 3089 429 3143 λοί
465 3106 480 3119 ·
514 3086 878 3159 ἀπροαιρέτω
918 3083 975 3136 δὲ
999 3082 1287 3154 αἰσχύνης,
1328 3084 1482 3155 μόνοι
1514 3089 1565 3141 0i
1604 3088 1668 3142 τὸ
1717 3091 1926 3160 φιλότι-

348 3199 450 3254 μον
487 3179 892 3240 καταλύσαντες

422 3271 549 3328 σλε’.
585 3272 800 3332 Πάντας
834 3271 931 3339 μὲν
966 3268 1093 3333 τοὺς
1120 3269 1483 3340 δερματίνους
1518 3271 1760 3341 χιτῶνας
1787 3274 1921 3328 πολ-

346 3365 432 3419 λοὶ
457 3363 795 3428 ἐξιδύσαντο·
812 3360 889 3422 ῶς
908 3359 1133 3430 ἔσχατον
1151 3360 1209 3412 δὲ
1232 3358 1326 3413 τὸν
1344 3360 1442 3431 τῆς
1467 3361 1797 3426 κενοδοξίας,
1829 3364 1928 3434 μό-

416 3500 466 3537 ⁸³
494 3501 639 3557 Psal.
667 3514 847 3565 Lxxlx,
885 3497 972 3554 14.

2024 627 2163 690 lunt,
2200 630 2564 701 cogitationes
2592 633 2744 688 velut
2770 632 2974 689 bestias
2998 636 3141 690 intra
3171 636 3496 693 rationalem
3524 639 3608 694 vi—

2023 722 2448 799 neam_ingredi,
2473 725 2701 795 ejusque
2727 725 2968 796 diripere
3000 726 3214 782 fruetus
3240 743 3351 783 non
3375 729 3566 784 sinunt
3590 747 3603 782 :

2023 812 2118 881 qui
2157 820 2342 867 autem
2378 821 2641 884 tanquam
2674 815 2894 871 dextras
2922 816 3206 871 societatis
3230 816 3338 872 illis
3365 819 3606 889 jungen-

2024 912 2127 969 tes,
2155 905 2346 961 sinunt
2382 906 2618 978 ingredi,
2645 923 2710 962 ea
2752 908 3017 964 duntaxat
3047 909 3189 981 lege,
3216 925 3287 965 ne
3313 911 3447 980 quid
3476 911 3605 966 inde

2025 994 2129 1050 illa:
2162 996 2517 1069 contingant;
2550 1000 2646 1069 qui
2671 1007 2730 1055 et
2754 1000 2995 1055 libenter
3019 996 3293 1055 versando
3314 1002 3604 1072 cogitatio-

2024 1099 2144 1148 nes,
2179 1083 2326 1140 vitiis
2357 1098 2677 1143 assuescant
2716 1102 2781 1143 ae
2822 1087 3140 1154 affectibus,
3178 1103 3283 1143 nec
3314 1088 3370 1143 in
3409 1105 3605 1144 eorum

2027 1184 2207 1230 tamen
2248 1191 2578 1232 consensum
2618 1178 2875 1245 veniant;
2919 1179 3127 1234 similes
3171 1179 3280 1234 illis
3323 1189 3475 1247 sunt,
3509 1181 3602 1251 qui

2024 1266 2266 1322 admisso
2305 1268 2447 1324 intra
2480 1271 2777 1327 maceriam
2810 1271 3078 1342 singulari
3119 1271 3240 1327 fero
3264 1272 3333 1337 ’³,
3368 1274 3603 1328 saturari

2023 1373 2153 1413 eum
2183 1358 2358 1415 botris
2383 1375 2494 1415 non
2523 1362 2873 1432 permittant;
2905 1371 3133 1433 tumque
3159 1362 3238 1419 illi
3260 1363 3477 1439 viribus
3498 1363 3605 1417 im-

2025 1467 2209 1523 pares,
2253 1453 2404 1509 vitiis
2435 1463 2493 1509 et
2534 1454 2823 1512 alfcctibus
2850 1470 3135 1512 assensum
3177 1453 3425 1526 praebere
3454 1454 3607 1510 inve-

2025 1545 2154 1600 nian
2163 1553 2271 1600 tur.

2093 1719 2217 1774 235.
2252 1718 2497 1777 Necdum
2528 1719 2600 1775 ad
2629 1718 3039 1790 simplicitatem
3071 1717 3269 1783 evasit,
3300 1716 3395 1788 qui
3428 1716 3610 1771 adhuc

2026 1812 2278 1868 maceria!
2326 1827 2463 1868 cura
2514 1811 2742 1882 indiget,
2779 1826 2903 1881 qua:
2944 1818 3030 1865 est
3072 1808 3445 1865 continentia.
3473 1809 3609 1862 Nam

2028 1903 2124 1973 qui
2152 1903 2432 1974 perfectus
2470 1912 2576 1969 est,
2606 1903 2806 1974 inquit,
2838 1903 2888 1957 is
2914 1917 3024 1958 non
3055 1902 3347 1957 continens
3375 1909 3481 1956 est.
3512 1900 3609 1955 Est

2028 2008 2161 2048 vero
2191 1992 2388 2049 similis
2412 1993 2636 2048 babenti
2663 1992 2881 2048 vineam
2909 2009 3006 2049 seu
3031 2008 3244 2063 agrum,
3268 2008 3380 2047 non
3405 1992 3459 2045 in
3490 2008 3607 2046 me-

2030 2084 2124 2141 dio
2148 2085 2384 2140 aliorum
2418 2085 2684 2155 plurium,
2716 2085 2810 2139 sed
2841 2085 3032 2155 procul
3065 2085 3123 2139 in
3149 2085 3380 2155 angulo;
3403 2083 3609 2153 quique

2029 2176 2170 2232 adeo
2197 2177 2369 2231 multa
2409 2176 2694 2247 diligentia
2736 2176 3101 2247 pervigilique
3132 2190 3266 2230 cura
3313 2173 3382 2229 ad
3423 2180 3611 2228 custo-

2028 2267 2175 2323 diam
2221 2283 2361 2338 opus
2405 2267 2625 2323 habeat.
2681 2268 2813 2340 Ejus
2863 2267 3011 2322 enim
3058 2266 3153 2337 qui
3201 2265 3610 2336 simplicitatem

2029 2370 2224 2415 nactus
2268 2368 2384 2419 est.
2419 2358 2598 2423 vinea,
2640 2358 3007 2429 undequaque
3054 2357 3334 2413 inaccessa
3379 2371 3446 2410 ac
3496 2363 3611 2409 tuta

2026 2461 2145 2518 est;
2164 2451 2315 2507 velut
2331 2451 2543 2507 scilicet
2563 2450 2708 2521 regis
2738 2459 2838 2505 aut
2858 2449 3142 2522 cujusdam
3168 2448 3396 2503 alterius
3410 2447 3608 2502 summi

2028 2542 2298 2612 principis
2321 2541 2703 2605 formidabilis,
2729 2540 2937 2610 quique
2960 2555 3029 2595 ex
3069 2540 3191 2609 ipso
3232 2538 3425 2593 auditu
3470 2536 3610 2591 furi-

2029 2634 2132 2689 bus
2157 2650 2222 2690 ae
2243 2633 2551 2688 viatoribus
2584 2642 2852 2689 terrorem
2883 2631 3112 2703 injiciat,
3142 2646 3213 2686 ne
3237 2629 3371 2701 quid
3397 2630 3453 2684 in
3484 2645 3609 2685 eam

2030 2734 2236 2781 temere
2264 2725 2583 2780 moliantur.

2098 2817 2224 2873 2'54.
2251 2816 2404 2871 Multi
2434 2822 2565 2871 sunt
2586 2810 2681 2886 qui
2707 2813 3073 2870 adﬂictationis
3097 2828 3314 2868 crucem
3343 2825 3610 2867 conscen-

2027 2908 2194 2974 dant;
2226 2906 2387 2978 pauci
2425 2921 2557 2961 vero
2589 2906 2685 2977 qui
2713 2908 2837 2976 ejus
2878 2905 3062 2960 clavos
3088 2903 3386 2959 admittant
3409 2919 3424 2956 :
3448 2901 3613 2955 multi

2026 3000 2121 3071 qui
2149 3007 2463 3070 spontaneis:
2489 2997 2819 3053 obedientite
2844 2997 2989 3052 servi
3022 2996 3311 3062 exsistant,
3348 2994 3612 3049 involun-

2026 3091 2180 3146 tariaz
2214 3099 2399 3146 autem
2429 3088 2771 3144 confusionis
2799 3104 2865 3144 ae
2892 3088 3104 3159 probri,
3138 3087 3178 3143 ii
3201 3087 3487 3149 duntaxat,
3512 3085 3613 3155 qui

2027 3179 2305 3235 ambitiosi
2344 3178 2515 3233 animi
2545 3177 2806 3232 aﬂ‘ectum
2838 3177 3129 3244 eliserqnt.

2096 3273 2225 3328 255.
2255 3272 2410 3326 Multi
2438 3270 2664 3340 quidem
2693 3270 2958 3340 pelliceas
2979 3284 3173 3324 omnes
3203 3267 3420 3323 tunicas
3440 3280 3612 3320 exue-

2036 3372 2195 3431 runt;
2242 3372 2502 3434 tanquam
2546 3371 2851 3418 extremam
2883 3377 3019 3418 vero
3070 3362 3251 3418 inanis
3291 3359 3496 3432 gloria,
3533 3357 3618 3416 illi

344 3618 638 3691 ἀπάθειαν,
664 3623 721 3691 et
768 3630 909 3687 quos
939 3622 1102 3691 vocat
1123 3616 1431 3691 ἡᾷυπαθεϊς·
1460 3618 1554 3691 qui
1594 3628 1652 3675 et
1694 3622 1911 3690 jacten-

2025 3623 2333 3691 iubentque
2359 3619 2633 3691 Polyglot.
2665 3619 2772 3674 Alii
2789 3621 3170 3691 communitis,
3195 3620 3373 3674 bestia:
3395 3619 3609 3691 deserti,

349 3703 443 3747 tur
495 3687 844 3760 ἐπιθυμίαις,
897 3686 1268 3760 cupiditatibus
1288 3686 1651 3760 ,___desideriis.
1695 3686 1909 3760 'Portus
2014 3693 2094 3746 uti
2124 3686 2290 3752 etiajn
2313 3686 2475 3760 Symf
2498 3686 2558 3760 ut
2591 3687 2663 3760 sit
2686 3686 2874 3758 potius
2920 3691 3486 3760 genericumrnomen
3527 3689 3610 3753 τὸ,

346 3761 519 3825 enim,
546 3758 602 3811 in
631 3756 743 3826 quo
771 3765 888 3812 tuta
913 3756 987 3810 sit
1005 3771 1069 3810 ac
1099 3757 1398 3826 tranquilla
1426 3758 1610 3822 statio,
1642 3759 1915 3823 ἀπαθείας

349 3830 527 3901 magis
543 3827 822 3901 videatur,
853 3827 910 3881 in
932 3841 1040 3901 qua
1065 3841 1174 3880 non
1205 3827 1278 3901 sit
1301 3827 1452 3901 _ullis
1477 3829 1677 3901 jactari
1727 3830 1883 3901 lluﬁcti
1900 3856 1916 3868 -

349 3894 475 3966 bns',
509 3894 852 3959 σαλεύεσθαι,
899 3894 994 3950 sed
1035 3911 1168 3967 pace
1206 3895 1315 3951 frui
1351 3912 1416 3952 ac
1454 3894 1767 3967 quiescere.
1798 3900 1918 3957 Nisi

346 3972 493 4041 forte
525 3969 632 4024 hoc
656 3968 774 4021 vult
801 3966 1087 4041 Maximus,
1127 3980 1345 4041 omnem
1376 3966 1620 4041 nostram
1651 3968 1742 4024 hic
1773 3970 1919 4023 ἀπά-

351 4037 523 4105 θειαν,
560 4038 1020 4107 temperationem
1054 4037 1348 4105 quamdam
1381 4052 1502 4093 esse
1535 4038 1833 4093 affectuum
1865 4047 1923 4094 et

355 4106 792 4183 pugio-italiam;
830 4122 1067 4177 quorum
1105 4115 1415 4183 motus_n_ec
1438 4106 1696 4183 perfectis
1718 4110 1919 4183 desint,

351 4177 820 4250 illisquejactari,
846 4192 974 4250 eum
1010 4185 1277 4250 tamengse
1301 4177 1409 4250 illis
1444 4179 1647 4234 abduci
1688 4179 1922 4235 minime

351 4247 537 4306 sinant
555 4292 569 4314 ,
590 4247 817 4318 sintque
840 4247 991 4302 velut
1017 4248 1171 4303 navis
1195 4248 1310 4317 ipsa
1336 4249 1392 4302 in
1433 4250 1675 4304 anchora
1700 4251 1922 4304 σαλευο-

356 4322 514 4391 μένη,
561 4328 679 4375 tum
709 4318 875 4391 etiam
897 4333 1023 4391 eum
1068 4327 1290 4391 portum
1328 4318 1549 4374 videtur
1592 4328 1783 4375 tenere
1805 4338 1829 4391 :7
1859 4326 1921 4374 ut

351 4388 457 4447 nec
481 4388 615 4447 tunc
635 4404 800 4462 omne
827 4388 974 4443 absit
1021 4388 1498 4462 perieulum,___sed
1534 4404 1755 4461 semper
1782 4390 1916 4462 vigi-

349 4461 463 4517 lare
494 4476 720 4517 necesse
744 4460 836 4523 sit,
866 4474 1097 4528 esseque
1123 4474 1257 4514 cura
1290 4459 1611 4516 sollicitum.

425 4531 503 4601 (ιι)
554 4535 619 4586 Οἱ
764 4528 1232 4612 συνᾷυὰζογται..
1253 4529 1455 4612 Addidi
1480 4530 1809 4612 particulam
1835 4530 1914 4612 δὲ,

2026 4547 2134 4612 qua
2170 4539 2323 4612 certa
2373 4530 2596 4612 species
2630 4528 2887 4612 animalis
2913 4532 2992 4612 'in
3047 4532 3237 4612 Graeco

350 4611 406 4659 et
427 4596 790 4673 sequentibus
816 4599 1023 4654 mutavi
1061 4599 1116 4653 in
1138 4599 1272 4673 καί·
1316 4601 1365 4652 οἱ
1411 4596 1672 4673 senessi;
1698 4616 1712 4630 θ
1738 4603 1798 4673 οἱΔ
1820 4602 1916 4654 καὶ

350 4669 540 4741 ἡδέως·
596 4669 744 4752 quod
773 4679 962 4794 aperte
997 4677 1110 4725 tota
1138 4669 1246 4723 loci
1277 4677 1560 4752 structura
1608 4671 1684 4726 ita
1713 4670 1919 4742 exigat,

350 4744 541 4794 sicnue
570 4757 754 4794 omnia
782 4757 815 4794 ι)
840 4755 944 4794 ana
975 4748 1104 4794 sunt
1156 4750 1213 4794 et
1261 4741 1557 4794 expedita:
1599 4749 1730 4794 sunt
1771 4742 1919 4794 enim

350 4744 541 4814 sicque
570 4742 754 4796 omnia
782 4741 944 4814 plana
975 4748 1104 4795 sunt
1156 4750 1213 4814 et
1261 4741 1557 4814 expedita:
1599 4749 1730 4814 sunt
1771 4741 1923 4796 enim

340 4810 470 4869 haec
498 4814 611 4893 d_uo
639 4810 909 4893 -membra
935 4825 1051 4893 “per
1088 4812 1351 4893 majorem
1375 4811 1804 4893 explicationem
1829 4827 1923 4893 se-

349 4882 813 4955 quentia._[’orro
872 4880 1247 4955 saluberrima
1279 4880 1534 4936 doctrina
1571 4882 1709 4948 haec,
1767 4883 1919 4937 serio

349 4951 595 5008 cavenda
623 4952 779 5006 initia
804 4967 819 5015 ;
860 4951 1123 5023 paulatim
1144 4952 1348 5023 malum
1376 4966 1692 5023 augescere,
1714 4966 1779 5005 ac
1800 4961 1921 5006 tan-

348 5024 479 5080 dem
512 5024 629 5077 fieri
654 5021 1061 5090 insuperabile;
1104 5022 1415 5092 scitumque
1460 5021 1780 5092 exemplum
1810 5030 1920 5077 est.

348 5095 444 5148 τοῦ
475 5093 659 5163 μονιοῦ
702 5091 919 5163 ἀγρίου,
939 5090 1240 5163 singularis
1267 5092 1390 5162 feri,
1428 5091 1482 5146 id
1503 5100 1609 5156 est,
1626 5090 1791 5163 apri;
1819 5092 1922 5163 qui

348 5172 407 5220 et
451 5161 614 5219 nobis
640 5161 1027 5233 inde'sanglier
1068 5161 1308 5216 dicitur:
1340 5177 1539 5231 porcus
1586 5161 1800 5233 scilicet
1825 5162 1921 5217 sil-

258 5234 265 5241 ’
346 5242 536 5289 vester
556 5243 613 5289 et
658 5232 965 5298 solitarius;
1001 5247 1166 5301 quem
1201 5237 1386 5302 tenera
1437 5240 1595 5287 {etate
1652 5232 1921 5302 tantisper

348 5305 646 5370 cohibeas;
689 5302 937 5358 adultum
973 5318 1123 5365 vero,
1151 5301 1284 5371 quin
1324 5303 1541 5356 vineam
1565 5301 1917 5368 demoliatur,

353 5374 495 5429 intra
522 5390 686 5444 quem
719 5372 1041 5444 admiseris,
1066 5372 1216 5426 nulla
1271 5371 1541 5444 industria
1570 5387 1922 5444 compescere

349 5442 556 5499 valeas.
586 5443 680 5499 Sic
720 5452 905 5497 autem
929 5443 1067 5513 psal.
1099 5458 1278 5507 Lxxtx,
1313 5443 1400 5506 14,
1438 5442 1581 5496 idem
1610 5442 1815 5497 animal
1843 5444 1919 5513 si-

385 5513 598 5568 nificari
654 5524 886 5583 utraque
924 5513 1186 5567 versiculi
1242 5520 1418 5583 parte,
1451 5528 1684 5583 esseque
1736 5512 1919 5581 μονιὸν

385 5530 598 5568 nmcari
654 5530 886 5583 utraque
924 5530 1186 5567 versucun
1242 5530 1418 5583 parte,
1451 5530 1684 5582 esseque
1736 5530 1919 5581 μονιον

348 5530 541 5651 ἓγριον
570 5584 667 5654 qui
694 5583 791 5646 σῦς
821 5586 885 5636 ὲκ
914 5582 1120 5654 δρυμοῦ
1147 5583 1336 5654 multis
1361 5582 1658 5637 ostendere
1685 5591 1920 5654 conatur

351 5651 611 5710 Bochart.
633 5654 732 5709 lib.
758 5668 836 5716 Ill,
868 5668 988 5721 cap.
1014 5652 1105 5715 29,
1132 5661 1170 5706 t.
1200 5653 1220 5706 Ι
1254 5653 1449 5706 Hister.
1489 5651 1807 5706 animalium
1827 5670 1918 5707 sa-

348 5740 454 5778 crae
482 5721 793 5794 Scriptum.
824 5723 915 5794 Sic
940 5731 1091 5794 certe
1120 5722 1347 5794 oiLXX
1379 5738 1665 5794 accepere,
1684 5724 1757 5794 ita
1785 5723 1914 5794 red-

349 5792 556 5857 dendo,
592 5791 948 5862 etsiCyrillus
979 5791 1098 5844 ὖνον
1160 5793 1352 5862 ἄγριον
1402 5793 1589 5853 habet,
1630 5793 1711 5847 uti
1749 5793 1917 5849 etiam

349 5864 565 5920 monuit
584 5861 861 5937 Hesychi.,
877 5877 984 5933 quo
1006 5862 1172 5917 etiam
1192 5861 1354 5918 modo
1372 5861 1613 5920 reddidit
1627 5863 1912 5931 Arabicus,

2017 3772 2094 3821 ττι
2137 3758 2456 3831 signiﬁcans
2482 3758 2759 3831 pestium,
2791 3758 2956 3828 quam
3006 3769 3170 3816 certae
3203 3759 3443 3831 alicujus
3489 3770 3615 3831 Spe-

2022 3831 2144 3886 ciei.
2191 3827 2404 3885 'Chald.
2465 3827 2655 3885 Gallus
2690 3827 2948 3882 silvester.
3000 3831 3065 3885 Β.
3099 3829 3292 3891 David,
3349 3827 3487 3898 fera,
3522 3827 3607 3882 ll.
3679 3860 3684 3864 -

2025 3900 2231 3978 salem.
2264 3898 2492 3978 repnte;
2511 3898 2694 3978 Aben.
2730 3898 2888 3963 Esra,
2922 3916 3066 3978 aues,
3107 3899 3378 3978 uolatilia.
3419 3898 3637 3978 _Longe_

2026 3970 2188 4025 aliter
2254 3968 2518 4033 oinLXX,
2580 3968 2718 4041 psal.
2761 3985 2905 4041 uix,
2960 3970 3050 4037 ll,
3099 3970 3368 4041 ὼραιότῃς
3404 3968 3606 4041 ᾲγροῦ,

2026 4040 2223 4111 species
2252 4042 2409 4111 agri;
2451 4037 2735 4111 cumjsinti
2765 4038 2974 4094 eaedem
3010 4037 3176 4096 voces
3214 4037 3519 4111 Hebraicaé,
3551 4050 3611 4092 et

2029 4107 2204 4165 series
2233 4107 2419 4165 omnis
2474 4109 2543 4164 de
2575 4109 2771 4164 bestiis
2801 4112 2857 4180 in
2887 4125 3092 4180 genere
3129 4126 3229 4165 seu
3266 4107 3610 4180 animalibus

2028 4181 2397 4244 silvestribus,
2432 4187 2624 4250 poscat
2648 4179 2870 4249 exponi.
2898 4179 3051 4237 Bake
3078 4196 3215 4236 vero
3246 4179 3436 4235 dicere
3485 4193 3613 4248 spe-

2029 4250 2174 4305 ciem
2201 4267 2300 4306 seu
2326 4259 2584 4305 ornatum
2610 4251 2749 4319 agri,
2778 4265 2875 4319 seu
2901 4250 3129 4316 deserti,
3153 4251 3209 4305 id
3240 4250 3401 4304 valde
3427 4264 3611 4303 remo-

2029 4328 2168 4384 tum,
2212 4336 2277 4376 ac
2326 4321 2490 4391 plane
2542 4318 2886 4444 aenigmatice
2939 4320 3150 4377 dictum
3185 4321 3362 4375 videri
3405 4319 3606 4390 possit.

2029 4389 2216 4444 Schol.
2266 4406 2336 4444 ex
2371 4390 2521 4444 Svm.
2548 4405 2646 4444 nsa
2678 4432 2691 4444 .
2724 4390 2819 4444 illo
2849 4406 3027 4444 Lxxlx.
3058 4392 3172 4444 ζῶα
3211 4390 3468 4444 ἐρημίας.
3495 4405 3606 4443 non

2027 4389 2216 4463 _Sebol.
2266 4389 2345 4463 ex
2371 4390 2521 4463 Sym.
2548 4389 2691 4463 psal.
2724 4390 2819 4444 illo
2849 4406 3027 4463 ιιιχιι,
3058 4392 3193 4463 ζῶαῌ
3211 4389 3468 4463 ἐρημίας,
3495 4405 3607 4463 no_n

2026 4460 2169 4516 bene
2214 4459 2460 4516 refertur
2504 4459 2563 4532 in
2590 4460 2744 4532 Syxt.
2800 4459 2871 4532 ad
2904 4477 3094 4518 vocem
3132 4459 3255 4525 σῦς
3280 4459 3345 4514 ἐκ
3372 4459 3605 4531 δρυμοῦ,

3328 4533 3503 4588 ariter
3543 4544 3610 4585 ae

2026 4600 2194 4656 llebr.
2228 4600 2544 4666 denotatur,
2581 4600 2703 4672 ipsa
2732 4600 3060 4670 notissima;
3095 4604 3192 4659 sed
3233 4600 3303 4658 ad
3350 4609 3606 4672 sequent.

2024 4672 2210 4795 ρονιὺς
2258 4672 2470 4795 ἄγριος,
2501 4672 2592 4727 eui
2627 4672 2931 4742 respondet
2964 4674 3020 4727 in
3061 4673 3234 4729 Hebr.
3264 4688 3370 4728 vox
3407 4672 3499 4727 illa
3531 4672 3617 4726 sie

2043 4751 2151 4795 atas
2176 4743 2319 4795 sicui
2346 4743 2623 4795 teationis.
2650 4750 2707 4795 et
2736 4758 2858 4795 qua:
2879 4757 3047 4795 omne
3071 4744 3278 4795 animal
3300 4744 3603 4795 siunificet:

2043 4751 2151 4815 atat
2176 4743 2623 4815 significationis,
2650 4750 2707 4815 et
2736 4757 3047 4815 quaeomne
3071 4744 3278 4799 animal
3300 4744 3603 4815 signiﬁcet;

2023 4811 2283 4883 idemque
2314 4812 2477 4883 sitae
2498 4811 2703 4869 Gnecis
2734 4811 3034 4867 κνώδαλον.

2098 4881 2313 4956 (0)—Ter
2338 4881 2449 4951 τῆς
2479 4883 2884 4956 κακοπαθείας
2932 4884 3217 4951 σταιιοόν.
3247 4883 3361 4938 Vox
3400 4881 3601 4953 passim

2027 4952 2326 5024 Theclogis
2356 4963 2579 5023 recepta
2609 4969 2710 5023 pro
2740 4953 2928 5007 labore
2972 4962 3168 5022 sponte
3217 4952 3504 5022 assumpto
3548 4963 3607 5007 et

2024 5025 2213 5079 carnis
2237 5023 2630 5094 amictatione;
2658 5024 2713 5077 in
2732 5036 2858 5094 quo
2902 5024 3061 5077 multi
3094 5038 3236 5094 pene
3281 5024 3451 5087 avidi,
3477 5037 3603 5077 cum

2025 5094 2081 5149 in
2117 5093 2382 5148 immissis
2411 5108 2442 5146 a
2472 5094 2581 5148 Deo
2613 5093 2792 5156 malis,
2825 5108 2970 5162 aegre
3000 5093 3322 5162 patientiam
3355 5101 3601 5159 teneant;

2024 5163 2193 5247 idque
2213 5163 2723 5247 .lllaximusnargute
2765 5170 2936 5247 .vocat
2983 5164 3356 5247 κακοπαθείας
3386 5163 3605 5228 clavos;

2023 5232 2119 5305 qui
2151 5233 2383 5316 scilicet,
2415 5233 2652 5316 velimus
2688 5232 2949 5316 nolimus,
2976 5248 3041 5314 ac
3086 5234 3360 5316 exteriore
3383 5241 3601 5316 agente,

2024 5302 2447 5374 crueiafligunt.
2496 5302 2705 5374 Horum
2740 5303 3035 5374 tolerantia
3076 5303 3342 5374 probatur
3385 5302 3607 5374 virtus;

2022 5374 2337 5442 frustraque
2387 5373 2506 5441 ejus
2557 5373 2781 5427 nomine
2826 5378 2957 5443 quis
2992 5372 3261 5443 gloriatur
3284 5372 3440 5437 ἐκτὸς
3485 5373 3599 5425 θλί-

2020 5444 2185 5514 ψεως,
2242 5444 2343 5496 nisi
2374 5458 2673 5514 aerumnam
2718 5442 2973 5514 malaque
3002 5442 3241 5514 passus;
3288 5444 3369 5499 uti
3412 5452 3609 5514 auctor

2021 5511 2108 5569 est
2136 5511 2709 5584 Marcuset‘emita‘De
2758 5511 3079 5584 lcgc'spirit.
3121 5530 3169 5569 c.
3221 5513 3313 5580 66,
3346 5513 3461 5569 ubi.
3494 5515 3607 5583 jam

2020 5584 2255 5644 dixerat,
2278 5598 2328 5637 c.
2356 5581 2445 5655 56,
2480 5581 2751 5655 σύμϐασιν
2767 5581 3058 5655 «iw-api»,
3088 5601 3273 5639 casum
3298 5581 3606 5640 molestum.

2019 5655 2116 5709 Dei
2154 5653 2474 5707 memoriam
2526 5653 2806 5722 premere;
2840 5653 3029 5719 et'57,
3076 5671 3301 5711 omnem
3354 5655 3607 5709 ἀκούσιον

2019 5725 2201 5797 πόνον.
2257 5722 2358 5797 Ubi
2408 5722 2790 5794 abstergendae
2823 5725 3026 5797 Obmp.
3065 5725 3287 5791 sordes,
3317 5726 3363 5782 si
3411 5724 3603 5781 charta

2020 5794 2211 5853 ferret.
2239 5800 2293 5849 et
2322 5794 2498 5849 locus.
