4122 6322
520 415 541 483 1
552 416 660 484 459

1663 413 1724 474 S.
1763 413 2051 473 MAXIMI
2090 412 2605 477 CONFESSORIS

3644 414 3792 483 ιιθο

512 528 804 588 duntaxat,
830 518 925 593 qui
969 522 1089 593 eius
1132 520 1282 575 velut
1316 529 1600 590 parentem
1631 521 1798 575 animi
1832 520 1940 576 sibi
1979 520 2097 591 pla-

2202 537 2293 573 vov
2340 522 2389 574 ot
2444 520 2661 592 μητέρα
2716 518 2890 590 αὐτῆς
2927 518 3027 591 τὴν
3088 519 3496 593 αὑταρέσκειαν
3527 522 3791 596 βεδλυξά-

512 616 691 672 centis
717 612 909 668 vitium
936 625 1000 665 ac
1026 610 1205 664 labem
1226 610 1493 664 exsecrati
1524 621 1671 664 sunt.

583 707 709 762 9.56.
737 705 839 773 Qui
887 703 1084 774 probat
1116 702 1361 772 quidem,
1393 710 1448 755 at
1492 717 1602 755 non
1654 702 1872 771 recipit,
1904 702 2101 757 huma-

512 815 638 854 nam
672 797 911 861 laudem,
943 804 1000 849 et
1030 803 1093 849 ut
1131 809 1331 863 corpus
1366 793 1557 847 mitius
1587 794 1819 859 haheat;
1855 794 1967 859 hic,
2000 809 2098 848 ex-

515 902 689 948 trema
710 890 894 946 inanis
911 889 1099 959 gloriae
1124 887 1365 943 nudatus
1392 888 1597 951 tunica,
1630 886 1928 941 habitaculi
1950 891 2097 956 quod

512 985 580 1039 de
624 984 763 1039 caelo
792 991 897 1046 est,
935 996 999 1036 ac
1032 980 1180 1050 quod
1230 980 1400 1034 multa
1428 979 1732 1050 gemitunm
1776 978 1828 1031 vi
1866 978 2101 1048 inquiri-

513 1089 657 1140 mus,
690 1073 1021 1139 claritatem,
1051 1070 1180 1126 inde
1201 1071 1314 1142 jam
1347 1070 1549 1124 meruit
1574 1069 1803 1124 induere
1832 1069 1899 1122 ".

577 1252 702 1306 9.37.
733 1250 897 1306 Aliud
939 1259 1023 1307 est
1065 1251 1231 1315 actio,
1275 1250 1424 1304 aliud
1472 1249 1705 1305 effectus
1744 1247 1976 1319 etquod
2008 1248 2099 1303 illa

509 1344 707 1415 agitur.
757 1344 835 1399 Ac
878 1344 1101 1415 quidem
1150 1344 1424 1408 alterum,
1470 1341 1837 1397 consummati
1888 1340 2098 1412 peccati

510 1436 821 1506 subjectum
868 1445 988 1502 est;
1039 1436 1273 1491 alterum
1308 1450 1461 1499 vero,
1501 1433 1801 1504 voluptatis
1834 1432 2100 1488 duntaxat

510 1541 575 1580 ac
603 1526 872 1588 libidinis,
897 1527 1046 1580 intus
1079 1526 1267 1580 animo
1294 1525 1550 1595 vigentis,
1580 1540 1689 1578 non
1732 1533 1913 1577 tamen
1941 1531 2098 1578 exte-

510 1615 627 1669 rius
652 1614 968 1684 productae:
994 1614 1148 1669 velut
1176 1614 1437 1669 nimirum
1469 1613 1563 1683 qui
1593 1629 1701 1667 non
1724 1613 1902 1682 patria
1930 1628 2098 1667 exsu-

508 1704 648 1770 lant,
684 1704 891 1775 quique
921 1703 1284 1759 nihilominus
1315 1703 1481 1775 670
1504 1718 1626 1774 qua:
1671 1718 1739 1758 ex
1783 1703 2098 1758 dominato-

508 1811 633 1851 rum
658 1803 787 1851 voto
816 1797 927 1851 sint
960 1797 1179 1866 illisque
1208 1797 1495 1866 imperata,
1526 1796 1735 1850 tributo
1759 1794 2024 1864 pendant.

576 1888 703 1944 238.
736 1887 874 1943 Cum
903 1865 1100 1959 gustus
1138 1865 1618 1957 intervoluptates
1655 1889 1862 1957 primas
1892 1896 2097 1954 teneat,
2136 1865 2178 1923 Β

508 1978 629 2035 fieri
656 1997 762 2036 non
791 1990 974 2052 potest
1002 1982 1136 2053 quin
1160 1996 1354 2037 omnes
1379 1997 1575 2038 sensus
1600 1998 1707 2037 una
1732 1982 2101 2053 obsequentes

508 2072 709 2137 trahat,
744 2073 958 2129 tametsi
994 2073 1049 2128 in
1093 2073 1175 2128 eis
1214 2073 1308 2143 qui
1342 2072 1660 2144 frigidiores
1704 2082 1834 2129 sunt
1874 2074 1931 2129 in
1964 2089 2099 2145 pace

508 2165 779 2219 contineri
840 2180 1075 2221 venerea
1124 2164 1418 2230 videntur,
1467 2165 1777 2237 cujusmodi
1827 2166 2101 2221 exsistunt

506 2256 700 2321 vetuli,
731 2255 825 2326 qui
864 2256 1180 2311 incendium
1225 2272 1293 2311 ex
1347 2257 1472 2326 igne
1521 2271 1630 2311 non
1682 2256 1945 2311 sentiant.
1978 2256 2101 2313 Non

509 2358 688 2402 tamen
727 2346 983 2419 gignendi
1015 2346 1265 2417 partibus
1296 2357 1445 2402 casta
1472 2347 1837 2401 aastimahitur
1869 2348 2096 2414 sterilis,

507 2456 631 2510 qua!
658 2440 992 2496 adulterium
1034 2440 1219 2495 faciat.
1249 2439 1475 2495 Castum
1512 2455 1645 2495 vero
1678 2440 1911 2496 dixerim
1948 2440 2101 2512 quis-

506 2533 630 2603 quis
660 2548 770 2587 non
806 2532 1131 2596 fornicatur,
1154 2547 1260 2587 nec
1274 2532 1549 2602 impudice
1574 2532 1753 2587 oculis
1769 2531 2096 2588 oblectetur.

574 2624 699 2679 2'59.
738 2625 798 2679 In
842 2624 983 2680 cibis
1015 2623 1320 2694 formisque
1373 2639 1438 2679 ac
1485 2623 1749 2689 vocibus,
1799 2625 1970 2680 animi
2014 2626 2099 2681 vis

505 2714 946 2785 concupiscentis
964 2715 1300 2785 exploratur,
1324 2730 1574 2784 quaenam
1611 2715 1712 2781 sit;
1742 2724 1857 2771 tum
1886 2716 2100 2773 scilicet

505 2805 723 2861 valendi
762 2814 876 2860 tum
913 2806 1211 2876 respuendi
1245 2806 1681 2877 appetitionihus
1725 2807 1783 2862 in
1813 2818 1975 2878 gustu
2011 2810 2097 2864 vi-

503 2913 680 2968 suque
726 2909 783 2954 et
820 2898 1047 2965 auditu;
1096 2913 1227 2952 num
1262 2898 1414 2953 velut
1448 2914 1571 2968 qua;
1624 2899 1733 2954 illis
1767 2908 1978 2966 utatur,
2025 2918 2095 2957 an

501 2990 655 3046 velut
693 3006 818 3062 quas
868 2991 1152 3055 abutatur,
1186 2990 1273 3045 vel
1326 3006 1449 3061 quae
1500 2990 1687 3046 medio
1734 2991 1901 3047 modo
1948 2993 2096 3049 inter

503 3088 799 3149 utrumque
833 3094 892 3133 se
920 3079 1131 3135 habens
1163 3079 1501 3136 inveniatur.

572 3169 711 3270 240._
735 3171 1035 3270 ln.quibus
1079 3186 1192 3270 non
1225 3173 1380 3270 praeit
1431 3173 1615 3236 timor,
1649 3174 1819 3229 animi
1853 3176 2094 3232 rationes
2120 3212 2165 3270 α

2205 628 2378 679 μενοι.

2276 707 2420 769 σλς.
2466 704 2729 758 ’Ἐπαινον
2763 702 3070 775 ἀνθρώπων
3100 704 3196 758 καὶ⁸
3225 704 3412 760 ἄνεσιν
3438 705 3693 777 σώματος
3712 747 3726 770 ,
3761 708 3793 761 ὁ

2201 796 2601 866 ἀποδεχόμενος
2651 797 2770 867 μὲν,
2809 798 2869 850 οὑ
2910 796 3342 867 καταδεχόμενος
3377 796 3454 860 δὲ,
3494 794 3651 862 οὗτος
3693 800 3790 854 τοῦ

2202 890 2431 961 ἐσχάτου
2446 888 2544 957 τῆς
2567 888 2872 954 κενοδοξίας
2908 889 3135 959 χιτῶνος
3166 888 3372 959 γυμνὸς
3407 888 3666 957 γεγονὼς,
3695 889 3790 944 τοῦ

2200 980 2259 1033 ἐν
2322 978 2536 1042 πολλοῖς
2595 981 2920 1050 στεναγμοῖς
2982 978 3412 1048 ἐπιζητουμένου
3466 980 3788 1052 οἰκητηρίου

2199 1071 2295 1124 τοῦ
2333 1072 2390 1137 ἐξ
2434 1070 2666 1142 ούρανοῦ
2697 1070 2795 1142 τὴν
2817 1071 3151 1143 φαιδρότητα
3182 1072 3278 1125 ἀπ’
3308 1068 3561 1124 ἐντεῦθεν
3579 1071 3787 1143 ἠξιώθη

2200 1162 2547 1218 ἐνδύσασθαι.
3331 1222 3337 1230 ,

2279 1253 2414 1321 σλζ’.
2452 1255 2615 1308 Ἀλλο
2649 1254 2923 1325 ἐνέργεια,
2960 1254 3055 1307 καὶ
3097 1251 3226 1306 ἄλλο
3257 1252 3562 1325 ἐνέργημα.
3591 1253 3699 1306 Καὶ
3725 1251 3791 1306 τὸ

2204 1346 2325 1417 μὲν,
2360 1346 2643 1418 ἁμαρτίας
2669 1345 3089 1416 ἀπηρτισμένης
3115 1344 3236 1397 ἐστὶ
3266 1344 3546 1397 δεικτικόν
3572 1361 3584 1373 ·
3617 1344 3680 1396 τὸ
3702 1344 3784 1408 δὲ,

2201 1437 2538 1507 ἡδυπαθείας
2596 1437 2764 1508 μόνης
2810 1434 2911 1505 τῆς
2957 1433 3170 1488 ἔνδοθεν
3223 1436 3642 1505 ἐνηργημένης,
3671 1435 3789 1488 ἀλλ’

2200 1528 2302 1582 οὑκ
2330 1529 2510 1591 ἐκτός.
2554 1529 2643 1591 Ὡς
2670 1528 2721 1581 oi
2764 1527 2861 1597 τῆς
2906 1526 3046 1589 ιδίας
3087 1526 3185 1597 μὲν
3222 1524 3297 1597 μὴ
3329 1525 3788 1594 κατακινούμενοι

2200 1621 2325 1691 γῆς,
2352 1618 2826 1691 δασμοφοροῦντες
2856 1616 2914 1671 δέ
2942 1617 3092 1687 ὅμως
3119 1618 3234 1680 τοῖς
3259 1614 3788 1671 καταδυναστεύουσι

2199 1714 2270 1768 τὰ
2301 1713 2488 1776 αὑτοῖς
2522 1709 2859 1781 καταθύμια.

2284 1885 2420 1960 σλη’.
2457 1888 2570 1958 Τῆς
2597 1886 2841 1957 γεύσεως
2871 1885 3182 1959 κρατούσης
3223 1885 3282 1940 ἐν
3304 1884 3522 1957 ἡδοναῖς
3542 1925 3557 1948 ,
3591 1884 3791 1939 ἀδύνα-

2201 1995 2294 2033 τον
2354 1979 2430 2049 μὴ
2464 1978 2560 2031 καὶ
2609 1977 2788 2041 πάσας
2844 1976 2944 2039 τὰς
2975 1975 3261 2047 αἰσθήσεις
3298 1972 3647 2035 συνέπεσθαι.
3680 1973 3788 2027 κᾶν

2199 2071 2310 2124 τῶν
2338 2068 2698 2142 ψυχροτέρων
2729 2068 3036 2142 εἰρηνεύειν
3071 2067 3272 2121 δοκῶσι
3304 2067 3375 2119 τὰ.
3404 2067 3786 2138 ὑπογάστρια,

2199 2161 2275 2226 ὡς
2301 2164 2412 2216 τῶν
2438 2160 2831 2232 γεγηρακότων
2858 2159 3107 2230 πύρωσιν
3135 2160 3201 2212 ἐκ
3234 2158 3408 2229 πυρὸς
3621 2157 3785 2223 δεξα-

2204 2253 2406 2326 μένων.
2456 2253 2596 2307 Ἀλλ’
2624 2252 2687 2306 οὑ
2716 2254 2845 2326 περὶ
2904 2253 2966 2306 τὺ
3015 2252 3214 2322 γεννᾷν
3267 2250 3502 2323 σώφρων
3518 2257 3565 2323 ,ἠ
3599 2256 3789 2323 στεῖρα

2210 2323 2583 2416 μοιχευομένη
2631 2323 2978 2415 κριθήσεται.
3015 2343 3321 2412 Σωφρονεῖν
3365 2342 3424 2396 δὲ
3456 2342 3638 2398 πάντα
3693 2343 3790 2398 τὸν

2210 2437 2286 2507 μὴ
2345 2435 2680 2507 πορνεύοντα
2720 2434 2932 2505 εἴποιμι
2975 2433 3062 2499 ἂν,
3111 2433 3249 2506 μηδὲ
3295 2433 3488 2506 ὁράσει
3538 2452 3788 2509 κατακη-

2204 2526 2490 2597 λούμενον.

2273 2618 2417 2676 σλθ¹.
2458 2620 2549 2675 Ἐν
2573 2622 2804 2693 τροφαῖς
2863 2619 2959 2674 καὶ
2999 2620 3236 2691 μορφαῖς
3282 2617 3380 2674 καὶ
3436 2622 3666 2689 φωναῖς,
3723 2622 3789 2675 τὸ

2201 2713 2599 2786 ἐπιθυμητικὸν
2631 2714 2730 2783 τῆς
2764 2712 2944 2784 ψυχῆς
2982 2712 3298 2783 ἐλέγχεται,
3332 2705 3444 2766 οἶόν
3487 2713 3637 2767 ἐστιν
3664 2715 3789 2776 ταῖς

2205 2804 2523 2877 θελητικαῖς
2574 2822 2636 2859 τε
2677 2806 2771 2859 καὶ
2813 2807 2933 2868 ταῖς
2962 2803 3140 2868 ἄλλως
3167 2802 3424 2874 ἐχούσαις
3452 2803 3698 2877 [ὁρμαῖς]
3727 2806 3790 2859 ἐν

2201 2898 2413 2966 γεύσει,
2440 2898 2536 2951 καὶ
2555 2897 2698 2968 ὄψει,
2733 2896 2829 2951 καὶ
2856 2898 3034 2968 ἀκοῇ,
3072 2895 3186 2948 εἴτε
3222 2894 3311 2958 -ὼς
3351 2896 3638 2966 χρώμενον
3685 2895 3789 2949 αὑ-

2195 2991 2339 3056 ταῖς,
2376 2989 2489 3043 εἴτε
2514 2987 2593 3053 ὡς
2626 2988 3090 3061 παραχρώμενον,
3119 2987 3232 3041 εἴτε
3255 2987 3424 3058 μέσον
3440 2989 3578 3061 πρὸς
3609 2989 3788 3061 ἀμφό-

2195 3098 2331 3152 τερα
2366 3080 2787 3151 εὑρισκόμενον.

2267 3171 2378 3244 σμ’.
2427 3174 2516 3227 Ἐν
2558 3168 2642 3238 οἷς
2668 3175 2697 3226 ὁ
2732 3172 2897 3243 φόϐος
2929 3173 2990 3227 οὑ
3021 3177 3371 3246 προηγεῖται,
3401 3172 3479 3236 ὡς
3532 3170 3790 3244 πρόὸατα

502 3276 568 3315 ac
595 3261 957 3331 cogitationes
980 3261 1035 3316 in
1062 3263 1386 3318 confusione
1425 3265 1797 3333 invenientur,
1832 3277 2091 3339 tanquam

2202 3267 2277 3338 μὴ
2300 3267 2492 3338 ἔχοντα
2523 3266 2760 3336 ποιμένα
2788 3267 2847 3320 ἐν
2875 3264 3165 3336 συγχύσει,
3185 3267 3234 3320 οῖ
3258 3266 3511 3336 λογισμοὶ
3546 3262 3789 3334 εὑρεθή-

502 3368 637 3408 oves
657 3369 768 3408 non
791 3353 1059 3409 habentes
1087 3363 1365 3424 pastorem
1396 3355 1443 3388 ”
1470 3373 1483 3408 :
1511 3356 1705 3411 ordine
1731 3366 1915 3413 autem
1944 3375 2093 3415 como

502 3445 697 3515 positae
751 3445 1006 3515 intraque
1065 3446 1277 3500 caulam
1325 3446 1570 3503 collecta:
1626 3458 1776 3504 recte
1830 3452 2091 3520 pascendi

504 3535 739 3602 ratione,
774 3536 867 3591 illo
908 3537 1109 3592 comite
1149 3550 1243 3593 aut
1278 3549 1581 3609 prreeunte.

571 3626 698 3679 9H.
748 3626 899 3681 Fidei
944 3628 1145 3697 proles,
1186 3629 1353 3684 timor
1383 3641 1500 3698 est;
1539 3633 1586 3687 is
1619 3647 1771 3697 vero,
1807 3634 2091 3689 mandato-

504 3734 627 3774 rum
657 3727 860 3789 pastor.
889 3720 984 3787 Ac,
1017 3721 1110 3792 qui
1142 3723 1264 3793 ejus
1293 3733 1578 3793 parentem
1610 3733 1805 3781 nactus
1830 3739 1941 3781 non
1973 3728 2093 3783 fue-

502 3811 593 3875 rit,
631 3810 776 3866 haud
808 3812 1006 3886 dignus
1032 3814 1311 3871 videbitur
1352 3815 1449 3887 qui
1482 3816 1700 3871 Domini
1726 3833 1944 3889 pascua:
1972 3819 2094 3875 ovis

502 3902 845 3960 admittatur.

567 3995 693 4050 242.
720 3996 826 4050 Alii
850 3997 1073 4068 quidem
1097 3998 1212 4055 sola
1237 3999 1444 4057 habent
1474 4002 1745 4059 bonorum
1777 4003 1968 4069 initia;
1996 4003 2090 4060 alii

497 4101 632 4143 vero
669 4088 835 4143 etiam
877 4088 1075 4147 horum
1111 4092 1325 4160 media;
1373 4094 1465 4149 alii
1493 4095 1733 4167 denique
1761 4097 1927 4151 etiam
1972 4095 2093 4151 illo—

501 4193 623 4233 rum
662 4178 830 4246 fines;
866 4180 960 4251 qui
1005 4182 1048 4237 si
1081 4182 1282 4250 desint,
1320 4186 1473 4240 velut
1516 4189 1747 4259 simplex
1794 4188 1953 4244 miles
1996 4200 2094 4245 aut

497 4270 856 4339 honorarius,
878 4274 1112 4346 quisque
1151 4276 1484 4347 invenietur,
1510 4281 1792 4353 congiario
1811 4283 2089 4354 justisque

500 4362 793 4431 stipendiis
836 4365 1063 4423 minime
1109 4367 1368 4425 donatus.
1417 4370 1666 4443 Hincque
1700 4372 1841 4428 adeo
1884 4381 1990 4440 est,
2031 4383 2094 4429 ut

499 4460 640 4514 alius
680 4461 904 4531 quidem
947 4479 1075 4520 suas
1124 4465 1393 4521 duntaxat
1435 4467 1603 4534 aedes,
1656 4484 1857 4539 easque
1888 4484 2031 4540 aegre
2062 4483 2093 4525 a

2199 3374 2417 3413 σονται·
2473 3360 2533 3411 ἐν
2588 3355 2814 3429 εὐταξίᾳ
2884 3357 2963 3422 δὲ,
3010 3358 3104 3411 καὶ
3165 3357 3410 3429 μάνδρας
3462 3356 3599 3408 εἵσω
3643 3355 3790 3410 κατά

2196 3452 2296 3521 τὴν
2342 3449 2605 3521 εὐνομίαν
2662 3448 3029 3521 ἐφεπομὲνου,
3092 3448 3128 3520 ἢ
3194 3446 3613 3520 προηγουμένου
3678 3445 3785 3499 αὑ-

2195 3556 2311 3594 του.

2271 3636 2419 3703 σμα’.
2444 3629 2557 3702 Τῆς
2585 3629 2846 3694 πίστεως,
2879 3630 2908 3683 ὁ
2941 3628 3105 3701 φόϐος
3133 3629 3245 3696 υἱός
3275 3648 3290 3664 ν
3323 3632 3433 3686 τῶν
3466 3636 3699 3690 ἐντολῶν
3723 3635 3787 3691 δὲ

2195 3718 2351 3788 οὗτος
2379 3722 2578 3793 νομεύς
2603 3739 2616 3753 ’
2655 3724 2751 3775 καὶ
2781 3723 2809 3774 ό
2843 3723 2925 3795 μὴ
2950 3721 3049 3795 τὴν
3080 3724 3296 3795 μητέρα
3345 3724 3540 3780 τούτου
3575 3726 3787 3800 κτησά-

2201 3834 2386 3888 μενος,
2427 3815 2704 3886 πρόϐατον
2750 3815 2986 3886 ὀφθῆναι
3025 3816 3127 3887 τῆς
3173 3817 3315 3872 κατὰ
3364 3819 3571 3890 Κύριον
3613 3821 3787 3892 νομῆς

2195 3909 2298 3964 οὑκ
2326 3907 2708 3979 ἀξιωθήσεται.

2270 4002 2417 4073 σμβν.
2448 4001 2511 4053 Οἱ
2547 4000 2647 4070 μὲν
2688 3997 2784 4062 τὰς
2822 3998 2998 4070 ἀρχὰς
3034 3999 3203 4071 μόνας
3235 4000 3421 4071 ἔχουσι
3449 4001 3559 4057 τῶν
3582 4003 3785 4059 καλῶν·

2196 4095 2247 4149 οἱ
2273 4093 2356 4159 δὲ,
2386 4093 2485 4147 καὶ
2524 4092 2623 4156 τὰς
2652 4091 2860 4146 τούτων
2898 4093 3207 4164 μεσότητας
3233 4111 3247 4124 ·
3282 4097 3333 4149 ot
3363 4096 3442 4161 δὲ,
3482 4096 3578 4150 καὶ
3602 4097 3672 4151 τὰ
3698 4098 3787 4152 τέ-

2197 4186 2265 4257 λη
2288 4184 2470 4240 αὐτῶν
2504 4201 2520 4219 ·
2547 4178 2623 4239 ὧν
2649 4185 2801 4251 ἄνευ,
2839 4184 2916 4249 ὡς
2957 4186 3303 4258 στρατιώτης
3342 4188 3501 4259 ψιλὸς
3551 4188 3788 4255 ἕκαστος

2198 4277 2556 4349 εὑρεθήσεται
2590 4275 2624 4350 ἢ
2657 4275 3052 4347 ἀξιωματικὸς,
3086 4278 3195 4336 τῶν
3243 4282 3571 4354 σιτηρεσίων
3607 4283 3788 4348 ἐκτός.

2199 4370 2310 4424 Καὶ
2339 4368 2430 4423 διὰ
2457 4367 2639 4436 τοῦτο,
2664 4369 2694 4422 ὁ
2738 4369 2838 4439 μὲν
2873 4369 2973 4439 τὴν
3013 4369 3211 4425 ἐαυτοῦ
3263 4372 3426 4443 μόνον
3483 4373 3578 4427 καὶ
3632 4374 3792 4444 μόλις

2197 4461 2379 4516 οίκίαν
2434 4460 2547 4514 ἀπὸ
2612 4459 2722 4514 τῶν
2765 4459 3200 4534 ἐπιχειρούντων
3235 4464 3409 4535 αὑτὴν
3455 4464 3792 4539 ἐπηρεάζειν

500 4551 826 4609 violantium
857 4555 1059 4627 injuria
1104 4557 1301 4613 ilitesas
1349 4570 1559 4626 servet;
1595 4560 1738 4616 alius
1784 4576 1914 4616 vero
1947 4559 2094 4616 haud

2202 4551 2520 4623 συντηρῷν⁹
2562 4552 2591 4605 ὁ
2643 4552 2700 4606 δὲ
2750 4554 2853 4607 οὑκ
2879 4557 2938 4607 ἐν
2974 4557 3113 4628 τιμῇ
3152 4557 3218 4628 τῇ
3253 4556 3608 4629 προσηκούσῃ
3637 4557 3792 4629 εὑρι-

502 4641 638 4696 satis
662 4646 1010 4700 eonvenienti
1042 4647 1252 4705 honore
1281 4647 1617 4716 inveniatur,
1648 4650 1704 4705 in
1734 4651 1938 4721 quibus
1964 4667 2092 4707 eum

502 4734 709 4788 versari
759 4737 1071 4808 contigerit.

571 4825 697 4879 2.55.
729 4825 835 4897 Qui
873 4844 975 4885 nos
1012 4830 1152 4900 gula:
1185 4830 1400 4887 deliciis
1444 4831 1730 4904 indulgere
1778 4833 2093 4902 hortantur,

504 4917 712 4974 idcirco
763 4921 909 4990 quod
958 4923 1188 4992 perfecti
1232 4939 1442 4989 sumus,
1480 4920 1708 4994 perinde
1751 4925 1982 4991 faciunt,
2033 4943 2096 4983 ac

501 5010 595 5078 qui
632 5020 821 5068 sanata
861 5013 967 5071 iam
998 5016 1226 5071 vulnera
1272 5016 1623 5087 obductaque
1665 5017 1776 5072 illis
1812 5017 2092 5084 cicatrice,

504 5098 762 5156 defodere
787 5103 985 5173 jubent
1017 5121 1082 5160 ac
1128 5123 1401 5174 resecare,
1446 5108 1534 5163 vel
1580 5107 1843 5175 scabiem,
1877 5108 1949 5164 ob
1995 5124 2096 5164 vo-

503 5189 727 5259 luptatis
768 5194 894 5251 inde
928 5212 1170 5263 sensum,
1203 5198 1497 5264 defricare,
1527 5208 1622 5255 aut
1665 5200 1774 5255 illis
1800 5201 1947 5258 vesci
1973 5216 2096 5270 qua:

579 5328 623 5359 "
651 5330 693 5384 ll
721 5331 850 5388 Cor.
885 5350 939 5398 v,
963 5334 1017 5389 2.
1094 5336 1139 5367 ⁹³
1171 5336 1236 5390 lll
1283 5338 1417 5408 Reg.
1452 5355 1582 5403 χχιι,
1615 5339 1697 5397 l7.

577 5438 656 5525 (ρ)
703 5443 993 5525 Ἐντειεῖε·
1024 5446 1226 5525 ὄντας.
1265 5448 1394 5525 Erat
1443 5450 1590 5525 τωςΙο
1621 5465 1816 5525 errore
1860 5450 2081 5525 inci-Ito-

507 5515 977 5593 γραφῳ,ηάτελείς,
1035 5518 1228 5571 nescio
1259 5535 1329 5572 an
1377 5520 1432 5573 in
1476 5521 1815 5593 αὐτογράφῳ
1857 5521 2080 5593 Δῐλὶηυοι

507 5586 658 5632 certe
678 5583 814 5637 nihil
862 5595 1074 5653 aptum,
1113 5603 1215 5641 nec
1242 5599 1448 5644 temere
1500 5583 1637 5644 mihi
1654 5583 1979 5645 indulsisse
2018 5600 2079 5645 ut

509 5657 802 5724 mutarent,
830 5663 994 5724 atque
1032 5658 1319 5723 mutando,
1359 5661 1653 5714 Maximum
1683 5661 1919 5717 Maximo
1950 5661 2077 5715 red-

510 5718 717 5802 iterem.
746 5721 820 5802 Pge
852 5718 961 5802 illis
1000 5727 1162 5802 plane
1208 5718 1392 5783 sermo
1419 5739 1524 5793 est,
1561 5731 1655 5800 qui
1690 5745 1818 5785 cum
1847 5731 1963 5802 sibi,
1991 5731 2075 5785 Vi-

510 5785 747 5844 dcautur
771 5791 882 5870 jam
910 5785 1132 5870 virtutis
1156 5814 1338 5870 arcem
1369 5785 1696 5868 arripuisse,
1729 5816 1795 5855 ac
1843 5801 2075 5870 perfecti

509 5870 655 5925 esse,
681 5864 842 5935 genio
880 5864 985 5922 sibi
1029 5865 1424 5939 indulgendum
1465 5864 1683 5940 putant,
1728 5864 1884 5943 quasi
1918 5886 2078 5929 sevc-

2202 4646 2487 4717 σκόμενος,
2513 4647 2572 4699 ἐν
2597 4638 2689 4710 οἷς
2708 4644 2776 4700 ἂν
2801 4646 3150 4718 συνέρχηται.

2274 4834 2421 4899 σμγ’.
2456 4827 2522 4881 Oi
2552 4827 2676 4890 ταῖς
2708 4826 2927 4898 ἡδοναῖς
2953 4826 3315 4899 συνέρχεσθαι
3338 4828 3794 4901 παρακαλοῦντες

2200 4922 2296 4979 τοῦ
2328 4924 2611 4996 φάρυγγος
2644 4921 2880 4986 ἐντελεῖς
2906 4922 3069 4987 ὄντας
3094 4925 3173 4995 (ρ)
3192 4961 3208 4985 ,
3236 4924 3427 4995 ὅμοιόν
3467 4941 3524 4979 τι
3570 4924 3790 4980 ποιοῦσι

2200 5018 2317 5079 τοῖς
2360 5015 2704 5087 ἀναθερίζειν
2739 5015 3123 5087 κελευομένοις
3161 5017 3264 5080 τὰς
3288 5018 3371 5082 εἰς
3410 5018 3605 5087 ὑγείαν
3646 5017 3790 5090 πλη-

2203 5109 2307 5178 γὰς
2359 5108 2460 5179 ἥδη
2511 5106 2775 5172 ἐλθούσας
2807 5123 2822 5139 ·
2852 5108 2886 5178 ἢ
2919 5109 3015 5172 τὰς
3039 5106 3231 5180 ψώρας
3275 5109 3364 5163 διὰ
3400 5109 3499 5182 τὴν
3546 5111 3790 5183 ἡδύτητα

2202 5198 2424 5272 κνήθειν
2455 5215 2469 5230 ⁸
2515 5197 2551 5270 ἢ
2586 5197 2656 5252 τὰ
2705 5198 2796 5252 τὸν
2849 5199 3084 5268 πυρετὸν
3136 5200 3446 5255 ἁνάπτοντα
3498 5201 3721 5269 ἐσθίειν,
3750 5200 3788 5273 ἢ

2188 5446 2318 5528 riuri
2351 5446 2648 5529 disciplina
2681 5448 2823 5529 ultra
2864 5463 2973 5503 non
3005 5446 3342 5529 indigeant}
3398 5446 3547 5529 quod
3579 5445 3790 5529 nedum

2186 5517 2395 5589 incauti
2425 5517 2708 5589 spiritales
2736 5518 2802 5573 ad
2824 5519 3072 5589 corporis
3100 5517 3485 5573 remissionem
3510 5518 3789 5589 trahunt,

2184 5587 2240 5659 in
2273 5587 2360 5659 iis,
2401 5603 2523 5659 quae
2554 5587 2737 5642 media
2765 5603 2885 5659 esse
2924 5586 3180 5659 possunt,
3206 5604 3404 5643 verum
3448 5586 3616 5659 etiam
3664 5600 3796 5659 pro-

2181 5657 2296 5712 fani
2329 5657 2569 5712 haeretiei
2604 5658 2670 5712 ad
2710 5658 2910 5727 turpia,
2928 5656 3318 5727 nefandasqne
3343 5657 3635 5721 libidines;
3669 5658 3796 5726 qui-

2191 5728 2296 5798 bus
2324 5727 2543 5798 egregie
2582 5738 2740 5783 cavet
2777 5726 3063 5792 Maximus,
3094 5735 3203 5781 tam
3232 5726 3433 5798 sancto
3475 5726 3791 5798 colophone

2186 5797 2384 5851 finiens
2425 5796 2591 5868 aurea
2641 5814 2771 5861 sua,
2808 5813 3047 5868 vereque
3081 5796 3346 5868 ascetica,
3376 5805 3434 5854 et
3476 5814 3542 5851 ex
3571 5796 3788 5855 Christi

2186 5881 2381 5926 norma
2396 5866 2466 5925 ad
2485 5882 2709 5926 omnem
2727 5866 2992 5925 virtutem
3009 5867 3309 5937 ﬁrmantia,
3330 5868 3544 5940 capita.
