4122 6322
328 444 465 512 1461

1412 447 1515 510 EX
1548 448 1795 509 OPERE
1827 448 2023 508 LXIII
2060 449 2493 511 DUBIORUM.

3461 450 3615 517 1463‘

327 564 706 630 ἀποφράττειν
758 559 851 613 τὸν
892 557 1194 631 ἀμπελῶνα
1226 559 1415 628 αὐτοῦ,
1444 562 1542 615 καὶ
1605 564 1913 633 συγχωρεῖν

2019 561 2211 618 lebrim
2255 563 2558 619 accendant
2603 582 2616 619 :
2655 563 2740 617 vel
2792 563 3005 618 vincam
3049 565 3287 618 macerie
3330 571 3599 633 septoque

330 651 679 723 εἰσέρχεσθαι
706 650 802 705 σὺν
825 654 944 715 ταῖς
961 651 1192 716 ἐννοίαις
1215 655 1336 717 ταῖς
1356 653 1607 721 ἀγαθαῖς,
1629 653 1704 716 ὡς
1732 652 1914 723 μονιὺν

329 745 526 814 ἄγριον
583 744 646 796 τὸ
692 744 952 814 φρόνημα
985 744 1083 815 τῆς
1112 745 1337 815 σαρκὸς,
1376 745 1454 809 ὡς
1487 745 1766 815 σταφυλὰς
1796 746 1913 799 δια-

329 834 649 889 σὸσκεσθαι.
689 829 784 900 Οἷς
818 837 879 889 οὐ
910 836 1191 890 πείθεσθαι
1238 837 1367 909 χρὴ,
1401 838 1522 891 οὐδὲ
1572 840 1693 902 ταῖς
1751 838 1912 891 ἀκαί-

297 938 302 949 ‘
334 945 449 999 ροις
470 928 817 998 κάμπτεσθαι
843 929 1156 990 κολακείαις
1174 928 1478 999 ἀνθρώπων
1501 946 1560 982 τε
1581 928 1675 983 καὶ
1702 927 1911 982 παθῶν*

332 1020 672 1091 κατοχυροῦν
717 1019 775 1072 δὲ
834 1020 926 1073 τὸν
985 1021 1239 1091 φραγμὸν
1287 1022 1357 1075 δι’
1416 1021 1768 1093 ἐγκρατείας,
1803 1021 1909 1086 ἕως

332 1112 645 1165 παύσωνται
691 1112 746 1165 οἵ
789 1128 850 1164 τε
894 1110 1080 1183 θῆρες,
1115 1112 1185 1167 τὰ
1240 1113 1484 1184 σαρκικὰ
1531 1114 1701 1184 πάθη,
1732 1114 1908 1185 ὠρύε-

334 1203 476 1269 σθαι,
518 1205 612 1257 καὶ
640 1204 716 1267 ὡς
738 1208 963 1259 πετεινὰ
994 1206 1043 1258 οἱ
1070 1207 1293 1276 μάταιοι
1318 1207 1594 1276 λογισμοὶ,
1628 1206 1703 1278 μὴ
1735 1223 1909 1261 κατα·
1962 1254 1967 1258 .

333 1295 539 1348 ϐαίνειν
567 1297 949 1366 λυμαίνεσθαι,
972 1297 1072 1368 τὴν
1100 1297 1176 1361 ὡς
1203 1298 1448 1369 ἄμπελον
1488 1299 1909 1372 ,εὐθηνουμένην

330 1386 509 1459 ψυχὴν
560 1387 817 1456 θεωρίαις
870 1392 994 1453 ταῖς
1047 1391 1105 1443 ὲν
1134 1389 1357 1463 Χριστῷ
1396 1391 1574 1463 Ἰησοῦ
1613 1391 1692 1463 τῷ
1721 1391 1912 1465 Κυρίῳ

332 1476 511 1547 ἡμῶν.
558 1477 752 1549 Ἀμήν.

2013 655 2322 719 obstruere,
2356 669 2422 709 ac
2455 656 2658 719 sinere,
2692 663 2751 709 ut
2787 670 2893 709 una
2935 670 3061 710 cum
3107 653 3272 709 bonis
3303 654 3599 725 cogitatio-

2012 746 2199 812 nibus,
2229 747 2410 802 carnis
2437 747 2731 816 prudentia
2758 747 2824 800 ad
2855 762 2990 801 uvas
3017 744 3412 815 depascendas,
3450 744 3594 800 haud

2016 852 2175 892 secus
2221 853 2285 891 ac
2330 838 2622 908 singularis
2675 838 2828 893 l'erus
2870 838 3227 909 ingrediatur.
3277 836 3594 892 Cavendum

2012 945 2145 984 vero
2184 944 2252 983 ne
2281 930 2368 984 his
2398 946 2605 984 morem
2641 946 2912 1000 geramus,
2956 946 3093 985 neve
3125 931 3284 1002 671
3325 929 3594 998 importu-

2014 1021 2102 1076 nis
2151 1023 2434 1077 hominum
2485 1023 2692 1093 pariter
2746 1022 3153 1093 alfectuumque
3202 1022 3594 1077 blandimentis

2016 1112 2333 1180 ﬂectamur;
2360 1113 2453 1168 sed
2484 1130 2581 1183 per
2603 1113 3018 1180 continentiam,
3054 1113 3346 1169 maceriem
3377 1111 3594 1165 munia-

2017 1218 2162 1268 mus,
2197 1202 2374 1257 doncc
2417 1203 2607 1258 bestiae
2653 1204 2924 1274 (carnales
2963 1204 3175 1260 scilicet
3207 1201 3459 1274 allectus)
3498 1217 3595 1255 ru-

2017 1292 2135 1362 gire
2160 1290 2447 1357 desierint,
2472 1307 2535 1346 ac
2562 1292 2714 1347 velut
2737 1294 3008 1358 volucres,
3035 1309 3187 1348 vanae
3216 1292 3594 1363 cogitationes,

2019 1383 2263 1438 animum
2313 1384 2445 1439 vitis
2490 1385 2662 1439 instar
2713 1387 3267 1457 contemplationibus
3312 1385 3598 1454 sensisque

2019 1476 2347 1547 locupletem
2385 1484 2549 1547 atque
2583 1477 2810 1534 uberem
2861 1479 2918 1533 in
2955 1478 3174 1534 Christo
3204 1478 3331 1534 Jcsu
3365 1475 3599 1532 Domino

1945 1563 1987 1621 Β
2015 1578 2225 1636 nostro,
2252 1575 2547 1624 vastatum
2572 1585 2681 1625 non
2706 1569 3113 1627 descenderint.
3151 1570 3343 1625 Amen.

1142 1837 1444 1955 ΤΟΥ
1526 1838 1992 1957 ΑΓΙΟΥ
2063 1830 2792 1961 ΜΑΞΙΜΟΥ

865 2036 968 2092 Ἐκ
1000 2033 1117 2090 τῶν
1144 2034 1241 2105 ξγ’
1272 2035 1535 2104 ἀπόρων,
1580 2034 1736 2104 Πρὸς
1767 2033 1874 2090 τὸν
1907 2036 2211 2091 θειότατον
2235 2012 2505 2102 βασίιιέα
2546 2039 2656 2093 τὸν
2707 2039 3000 2110 Ἀχριδήν.

1474 2281 1883 2372 SANCTI
1999 2279 2451 2371 MAXIMI

861 2453 949 2513 Ex
991 2465 1185 2529 Opere
1228 2466 1386 2511 um
1432 2446 1815 2522 Dubiorum,
1862 2447 1939 2510 ad
1979 2445 2462 2511 divinissimum
2497 2449 2792 2514 Achridte
2836 2470 3051 2534 regem
3086 2456 3148 2518 ".

333 2598 505 2674 ‘Dicti
544 2605 724 2674 postea
762 2594 1005 2674 Bulgag',
1043 2612 1266 2674 quorum
1294 2602 1403 2674 haec
1434 2594 1760 2674 metropolis,
1788 2595 1910 2674 ipse
1936 2571 2245 2674 justiniana
2285 2597 2481 2666 prima.
2520 2595 3121 2674 Hujuspperisallumr
3149 2603 3268 2659 aliis
3308 2603 3609 2674 silentium,

407 2663 667 2743 altissimo
703 2663 883 2721 tamen
924 2663 1391 2743 Maxinu’jngenio
1425 2663 1791 2743 compositum2
1810 2663 2037 2743 uelim}:
2074 2667 2249 2743 ipsum
2277 2663 2852 2743 excerptum'indiéat,
2880 2673 2955 2743 sic
2985 2673 3360 2743 theologicam;
3388 2693 3453 2730 ea:
3475 2663 3604 2743 Reg:

402 2742 522 2793 cod.
549 2739 757 2812 pridem‘
775 2739 1114 2812 ascriptum.
1146 2734 1250 2812 sed
1270 2753 1340 2791 an
1363 2737 1483 2806 jam
1513 2734 1622 2789 tum
1649 2735 1888 2806 βασιλεῖς
1910 2734 2181 2808 Bulgaria:
2205 2734 2463 2808 principes
2490 2745 2540 2792 et
2567 2738 2757 2808 reguli,
2786 2742 2925 2812 quod
2946 2743 3018 2797 eis
3043 2734 3258 2799 tandem
3282 2734 3452 2802 Graeci
3473 2734 3606 2802 ι’οῆ-

423 2807 640 2874 ceuére,
669 2808 882 2862 dubium
916 2823 1026 2862 esse
1052 2807 1232 2877 possit.

404 2929 478 2983 Τὸ
530 2930 639 3000 γὰρ
693 2926 920 2999 Πνεῦμα
944 2927 1005 2981 τὸ
1034 2925 1211 2995 ἅγιον,
1248 2927 1439 2998 ὥσπερ
1468 2925 1631 2997 φύσει
1662 2926 1782 2981 κατ’
1811 2926 1905 2980 οὺ-
1932 2940 1941 2986 ι

2068 2906 2295 2984 Etenim
2340 2927 2584 3000 Spiritus
2613 2940 2858 2995 sanctus,
2898 2933 3360 3001 quemadmodum
3408 2946 3605 2996 natura

334 3019 457 3074 σίαν
498 3019 617 3073 ἐστὶ
638 3017 732 3072 τοῦ
760 3017 896 3071 Θεοῦ
930 3017 1024 3070 καὶ
1054 3015 1291 3087 Πατρδς,
1328 3013 1500 3078 οὕτως
1535 3014 1629 3067 xui.
1659 3014 1756 3066 τοῦ
1784 3011 1914 3067 Υίοῦ

333 3111 641 3182 φύσεικατ’
675 3109 863 3163 ουσίαν
890 3109 1166 3179 ὑπάρχει,
1195 3107 1273 3171 ὠς
1318 3108 1383 3160 ὲκ
1428 3105 1524 3159 τοῦ
1571 3106 1785 3179 Πατρὸς
1821 3106 1916 3158 οὐ-

335 3201 549 3265 σιωδῶς
573 3198 777 3254 δι’Υἱοῦ
803 3199 895 3253 τοῦ
925 3198 1281 3269 γεννηθέντος
1301 3198 1600 3269 ἀφράστως
1624 3198 1918 3270 ἐκπορευό-

337 3309 521 3362 μενον.
551 3292 668 3345 Οὐκ
701 3289 850 3342 ἔστιν
880 3285 973 3344 οὖν
1028 3288 1316 3358 ἐπινοῆσαι
1361 3288 1538 3358 τομὴν
1578 3287 1612 3359 ἢ
1652 3287 1918 3358 διαίρεσιν

333 3385 461 3439 κατ’
495 3381 688 3436 οὐδένα
744 3378 973 3450 τρόπον,
997 3377 1072 3441 ὡς
1126 3377 1160 3448 ἢ
1218 3378 1311 3431 τὸν
1367 3378 1591 3448 Πατέρα
1625 3376 1798 3449 χωρὶς
1824 3375 1918 3429 τοῦ

339 3473 469 3530 Υίοῦ
495 3470 876 3543 ἐπινοηθῆναι,
907 3470 941 3541 ἦ
969 3469 1060 3523 τὸν
1087 3468 1218 3522 Υίὸν
1244 3468 1416 3540 χωρὶς
1443 3467 1538 3522 τοῦ
1567 3467 1885 3539 Πνεύματος
1904 3508 1918 3532 ,

329 3567 454 3623 ἀλλ’
491 3564 611 3619 ἔστι
672 3579 757 3627 τις
806 3563 1046 3634 ἄρρητός
1089 3560 1184 3615 καὶ
1219 3560 1592 3631 ἀκατανόητος
1624 3561 1682 3613 ὲν
1709 3559 1918 3624 τούτοις

330 3663 432 3715 καὶ
465 3659 661 3720 ἓνωσις
700 3656 798 3709 καὶ
819 3654 1109 3724 διαίρεσις,
1137 3652 1265 3707 οὔτε
1302 3654 1400 3723 τῆς
1428 3653 1538 3705 τῶν
1569 3652 1923 3706 ὑποστάσεων

329 3752 604 3823 διαεξορᾶς
651 3749 713 3802 τὺ
775 3747 1002 3827 συνεχὲς
1052 3744 1165 3798 τῶν
1223 3744 1437 3813 φύσεων
1468 3740 1918 3814 [φυσικῶν]δια-

332 3841 740 3913 σπώσης,οῦτε
801 3839 902 3908 τῆς
965 3837 1107 3896 κατὰ
1155 3835 1255 3907 τὴν
1313 3835 1503 3889 οὐσίαν
1534 3834 1830 3903 συναφείας
1857 3833 1919 3887 τὸ

330 3939 472 3993 ῐδιον
508 3934 616 3987 τῶν
649 3931 1056 4003 γνωρισμάτων
1106 3927 1477 3999 ἀναχεούσηςο
1512 3925 1607 3979 καὶ
1647 3925 1795 3978 ἐστιν
1826 3925 1919 3979 ἐπὶ

328 4028 609 4093 τούτωνε..
637 4024 731 4077 καὶ
760 4022 1033 4092 διάκρισις
1056 4019 1395 4090 συνημμένη,
1417 4017 1512 4071 καὶ
1530 4015 1914 4087 διακεκριμένη

330 4118 628 4187 συνάψεια.
693 4115 1053 4184 Προκείσεται
1095 4113 1150 4167 δὲ
1208 4112 1315 4165 καίι
1342 4128 1393 4164 τι
1437 4109 1575 4181 πρὸς
1625 4109 1918 4188 ἐπίγνωσιν

329 4210 591 4282 ἀμυδρὰν
619 4209 930 4277 ὑπόδειγμα
962 4223 975 4236 ·
1013 4205 1214 4277 μᾶλλον
1233 4204 1289 4257 δὲ
1319 4202 1448 4257 σκιὰ
1466 4202 1564 4272 τῆς
1581 4200 1862 4272 ἀληθείας,
1884 4201 1919 4271 ἡ

2016 3020 2386 3076 essentialiter
2425 3021 2525 3077 Dei
2564 3030 2650 3078 est
2686 3031 2743 3078 et
2783 3023 2977 3089 Patris,
3023 3026 3096 3080 ita
3143 3034 3200 3081 et
3241 3027 3365 3082 Filii
3408 3037 3606 3085 natura

2015 3113 2383 3169 essentialiter
2411 3113 2647 3182 exsistit,
2691 3123 2753 3171 ut
2792 3115 2887 3185 qui
2938 3132 2970 3171 a
3021 3117 3201 3184 Patre,
3256 3135 3355 3190 per
3402 3121 3606 3177 Filium

2020 3202 2135 3275 (qui
2164 3204 2332 3260 nullis
2352 3205 2538 3261 verbis
2560 3206 2876 3277 explicabili
2905 3209 3118 3265 ratione
3147 3219 3313 3267 natus
3340 3211 3447 3284 est)
3479 3215 3614 3270 sub-

2018 3296 2350 3352 stantialiter
2376 3297 2661 3368 procedat.
2693 3298 2855 3353 Nullo
2889 3300 3058 3371 igitur
3099 3302 3264 3356 modo
3296 3303 3468 3360 sectio
3503 3306 3610 3361 ulla

2021 3395 2118 3441 aut
2161 3386 2361 3441 divisio
2407 3387 2763 3458 intelligenda
2802 3397 2908 3454 est,
2960 3389 3115 3459 quasi
3161 3398 3255 3445 aut
3293 3390 3453 3445 Pater
3491 3393 3611 3448 sine

2022 3478 2161 3533 Filio
2191 3476 2551 3549 intelligatur,
2578 3487 2674 3533 aut
2699 3478 2873 3534 Filius
2896 3478 3107 3550 absque
3130 3480 3337 3551 Spiritu
3365 3499 3378 3536 :
3404 3482 3503 3538 sed
3526 3493 3613 3539 est

2021 3567 2078 3622 in
2102 3567 2232 3633 illis,
2258 3583 2381 3637 quae
2414 3583 2519 3624 nec
2542 3568 2726 3624 verbis
2752 3570 3016 3637 explicari
3047 3585 3150 3626 nec
3172 3580 3355 3629 mente
3382 3573 3611 3647 intelligi

2019 3658 2212 3728 possit,
2244 3659 2376 3712 unio
2406 3659 2617 3728 pariter
2643 3668 2701 3713 et
2726 3658 3019 3726 discretio;
3056 3669 3115 3715 ut
3142 3677 3322 3732 neque
3352 3661 3616 3734 persbna—

2018 3765 2141 3804 rum
2178 3748 2458 3805 distinctio
2481 3764 2675 3805 eorum
2703 3766 2826 3820 quae
2857 3759 3070 3807 natura:
3101 3760 3229 3808 sunt
3262 3756 3612 3826 conjunctio-

2017 3854 2144 3894 nem
2172 3838 2464 3906 distrahat,
2494 3855 2597 3895 nec
2623 3856 2746 3910 quae
2772 3856 2943 3911 penes
2972 3842 3267 3897 essentiam
3295 3847 3611 3917 conjunctio

2016 3936 2121 3996 est,
2149 3943 2340 3983 eorum
2367 3943 2491 3998 quae
2512 3929 2815 4000 insigniant
2839 3938 2896 3985 et
2911 3932 3068 4001 quasi
3087 3940 3215 3987 nota
3241 3934 3607 4006 distinguant,

2018 4021 2407 4091 proprietatem
2457 4020 2776 4077 confundat.
2832 4023 3041 4093 Estque
3088 4024 3146 4079 in
3203 4025 3424 4082 illis.....
3481 4043 3609 4085 cum

2019 4112 2279 4169 discretio
2308 4115 2620 4185 conjuncta,
2650 4122 2767 4169 tum
2793 4115 3031 4171 discreta
3058 4118 3394 4187 conjunctio.
3428 4121 3611 4178 Possit

2019 4221 2152 4262 vero
2179 4207 2344 4262 etiam
2378 4208 2447 4262 ad
2483 4209 2563 4263 rei
2591 4209 2757 4281 hujus
2785 4208 3060 4275 notitiam,
3093 4213 3405 4281 exemplum
3433 4215 3611 4284 quod-

328 4302 641 4374 πολύχροος
672 4302 797 4370 ἶρις.
829 4299 1056 4354 Πάντων
1094 4294 1205 4366 γὰρ
1230 4295 1339 4348 τῶν
1384 4295 1442 4349 ὲν
1478 4292 1652 4366 ταύτῃ
1693 4291 1919 4363 χρωμά-

2019 4297 2145 4355 dam
2194 4299 2528 4365 obscurum,
2580 4315 2679 4355 seu
2732 4300 2918 4370 potius
2971 4301 3165 4356 umbra
3206 4304 3484 4372 veritatis,
3535 4307 3608 4363 ob

327 4417 447 4454 των
483 4401 538 4451 αἱ
573 4395 763 4463 αὐγαὶ,
790 4393 884 4446 καὶ
907 4389 1321 4462 διακεκριμέναι
1349 4388 1653 4457 φαίνονται,
1684 4387 1764 4457 τῷ
1787 4386 1918 4457 τηλ-

330 4493 527 4560 αυγείς
570 4489 710 4542 εἶναι
737 4527 752 4548 ,
781 4487 876 4542 καὶ
922 4483 1268 4556 συνηνῶσθαι
1316 4481 1555 4547 δοκοῦσι,
1585 4480 1664 4553 τῷ
1719 4479 1920 4534 λανθά-

331 4603 451 4640 νειν
496 4582 595 4645 τὰς
635 4580 787 4650 ὄψεις
837 4577 997 4649 ἡμῶν
1026 4579 1157 4640 τοὺς
1200 4575 1362 4646 ὅρους
1405 4573 1515 4626 τῶν
1539 4572 1761 4643 μίξεων,
1790 4574 1918 4635 τοὺς

334 4672 724 4744 διακρίνοντας
771 4667 871 4733 τὰς
899 4666 1008 4721 τῶν
1040 4665 1218 4739 χροῶν
1258 4664 1586 4737 ἑτερότητας
1618 4679 1633 4694 ⁸
1659 4664 1736 4728 ὡς
1762 4663 1912 4735 ἀμή-

333 4782 504 4841 χανον
547 4763 821 4833 ἐξευρεῖν,
853 4759 1016 4831 μέχρι
1049 4758 1195 4822 τινος
1232 4758 1437 4829 ἕστηκε
1459 4756 1520 4810 τὸ
1554 4757 1837 4826 πυραυγὲς
1875 4755 1909 4827 ἢ

337 4856 710 4930 σμαραγδίζον
732 4855 852 4915 ταῖς
884 4851 1123 4920 αίγλαις,
1148 4850 1183 4921 ἢ
1214 4848 1444 4921 χλοάζον
1466 4852 1587 4913 ταῖς
1614 4847 1921 4920 λαμπηδόσι

338 4952 466 5025 [τὰς
484 4943 884 5017 λαμπηδόνας],
913 4944 1010 4998 καὶ
1041 4943 1136 4997 ἐπὶ
1166 4943 1312 5006 τινος
1335 4942 1568 5014 ἄρχεται
1587 4957 1601 4973 ο
1638 4939 1921 4994 παιδεύον-

341 5059 459 5107 τος,
490 5037 667 5110 οἶμαι,
695 5036 811 5099 τοῦ,
838 5036 998 5105 λόγου
1028 5036 1122 5089 καὶ
1147 5033 1234 5088 διὰ
1265 5034 1364 5104 τῆς
1391 5033 1624 5097 κτίσεως
1656 5033 1823 5104 ἡμᾶς,
1845 5032 1920 5104 μὴ

340 5129 706 5189 καινοπαθείν
752 5130 865 5193 τοῖς
911 5127 1039 5198 περὶ
1086 5126 1194 5179 τῶν
1235 5125 1527 5197 δογμάτων
1558 5125 1759 5193 λόγοις.
1788 5127 1920 5179 ὅταν

338 5220 424 5280 είς
458 5217 520 5271 τὸ
551 5214 933 5287 δυσθεώρητον
960 5212 1317 5285 ἐμπεσόντες,
1346 5211 1484 5280 πρὸς
1513 5211 1613 5282 τὴν
1641 5212 1920 5276 συγκατά-

336 5309 495 5365 θεσιν
562 5308 674 5363 τῶν
728 5307 1040 5379 λεγομένων
1079 5305 1491 5375 ίλιγγιάσωμεν.
1538 5304 1626 5369 Ὠς
1675 5304 1785 5376 γὰρ
1826 5306 1923 5359 ἐπὶ

334 5398 450 5452 τῶν
513 5400 628 5461 τοῖς
673 5396 973 5467 ὀφθαλμοῖς
1004 5395 1347 5465 φαινομένων
1395 5393 1660 5462 κρείττων
1696 5393 1856 5462 λόγου
1890 5394 1925 5464 ἡ

351 5492 546 5561 πεῖρα,
572 5490 746 5553 οὕτως
808 5490 904 5542 καὶ
963 5487 1196 5540 ἐπὶτῶν
1238 5483 1803 5557 ὑπεραναὸεϐηκότων
1840 5485 1927 5538 δο-

335 5578 572 5650 γμάτων
600 5580 864 5651 κρείττων
893 5580 925 5648 ή
951 5578 1135 5640 πίστις
1158 5576 1300 5629 ἔστω
1350 5575 1447 5646 τῆς
1500 5575 1591 5629 διὰ
1625 5576 1733 5630 τῶν
1775 5576 1919 5643 λογι-

337 5670 498 5741 σμῶν
532 5672 913 5743 καταλήψεως.

2022 4392 2211 4447 oculos
2233 4393 2469 4460 versari;
2503 4408 2625 4462 quae
2649 4393 2911 4450 videlicet
2935 4394 3227 4464 multiplici
3258 4396 3444 4452 colore
3467 4398 3608 4454 «elo

2024 4482 2120 4539 iris
2148 4483 2500 4554 splendescit.
2533 4482 2792 4547 Omnium
2838 4485 2987 4540 enim
3020 4485 3076 4541 in
3119 4502 3185 4541 ea
3219 4488 3466 4543 colorum
3499 4489 3608 4545 ful-

2023 4589 2203 4645 gores,
2232 4574 2399 4646 672
2439 4582 2496 4630 et
2534 4575 2758 4630 discreti
2787 4585 3073 4647 apparent,
3102 4579 3250 4650 quod
3280 4580 3442 4652 longe
3473 4582 3612 4636 ruti-
3662 4566 3697 4654 ζξ⁴

2024 4663 2161 4728 ient,
2197 4673 2254 4719 et
2282 4665 2563 4737 conjuncti
2602 4681 2725 4721 esse
2763 4665 3043 4733 videntur,
3074 4669 3224 4739 quod
3275 4670 3475 4741 quibus
3517 4671 3611 4727 alii

2022 4754 2225 4826 aliique
2273 4757 2490 4812 colores
2534 4757 2957 4823 discernuntur,
2993 4760 3151 4826 lines,
3181 4762 3466 4816 oculorum
3507 4777 3612 4816 no--

2021 4853 2264 4902 strorum
2286 4846 2459 4902 aciem
2480 4846 2720 4914 lateant;
2741 4855 2804 4902 ut
2826 4848 2978 4903 nullo
2998 4849 3159 4904 modo
3186 4850 3404 4919 assequi
3426 4850 3606 4915 liceat,

2021 4955 2311 5011 quousque
2346 4941 2541 5012 igneus
2580 4940 2761 5012 fulgor
2801 4949 2898 4995 aut
2945 4940 3293 5011 smargdinus
3318 4950 3414 4996 aut
3440 4941 3611 4996 vires-

2020 5046 2152 5087 cens
2181 5032 2350 5087 rutilo
2393 5046 2496 5087 suo
2542 5032 2780 5097 desinat,
2813 5047 2879 5085 ac
2910 5031 3055 5086 unde
3090 5032 3319 5102 incipiat
3351 5051 3364 5086 :
3401 5032 3613 5089 idcirco

2020 5122 2317 5187 nimirum,
2350 5132 2413 5177 ut
2459 5122 2750 5186 existimo,
2806 5131 2866 5176 ut
2913 5129 2970 5175 et
3014 5136 3114 5191 per
3153 5130 3463 5177 creaturam
3511 5138 3614 5179 nos

2022 5230 2201 5271 sermo
2220 5214 2460 5280 erudiat,
2486 5229 2554 5268 ne
2582 5214 2639 5267 in
2674 5214 2741 5268 iis
2763 5213 3116 5268 sermonibus
3139 5213 3235 5283 qui
3266 5213 3331 5268 ad
3355 5214 3613 5286 dogmata

2021 5313 2290 5376 spectant,
2322 5304 2479 5375 quasi
2508 5304 2636 5359 novi
2661 5303 2869 5374 aliquid
2897 5304 3042 5374 passi
3077 5303 3442 5373 oli‘endamur,
3477 5307 3612 5362 dum

2024 5399 2078 5454 in
2108 5414 2173 5455 ea
2200 5412 2323 5468 quae
2362 5396 2533 5452 ardua
2567 5402 2697 5451 sunt
2742 5411 2846 5450 nec
2892 5394 3122 5466 intelligi
3158 5395 3318 5451 facile
3357 5408 3612 5467 possunt,

2022 5486 2351 5551 incidentes,
2383 5486 2451 5540 ad
2485 5501 2676 5541 eorum
2707 5501 2832 5555 quae
2865 5485 3128 5540 dicuntur
3157 5502 3441 5541 assensum
3477 5504 3618 5559 qua-
3681 5504 3691 5514 ’

2026 5577 2151 5633 dam
2180 5576 2382 5633 mentis
2421 5576 2748 5632 titubatione
2780 5592 2845 5632 ac
2877 5577 3110 5648 caligine
3140 5575 3615 5648 obstupuerimus.

2028 5668 2500 5736 Quemadmodum
2542 5668 2693 5724 enim
2739 5669 2797 5723 in
2840 5668 2910 5723 iis
2952 5684 3074 5739 quae
3101 5667 3283 5724 oculis
3317 5670 3618 5739 conspicua

331 5771 495 5828 sunt,
533 5764 885 5835 praestantius
932 5776 1190 5817 sermone
1232 5769 1318 5817 est
1372 5761 1549 5831 ipsum
1602 5761 1679 5815 rei
1721 5760 2204 5831 experimentum:
2246 5762 2329 5817 sic
2371 5760 2428 5815 in
2464 5760 2532 5816 iis
2563 5775 2686 5831 quae
2755 5760 2921 5832 longe
2989 5759 3192 5816 mentis
3257 5770 3477 5830 captum
3521 5776 3617 5816 ex-

339 5855 549 5914 cedunt
575 5873 640 5914 ac
665 5853 1029 5914 eminentiora
1057 5853 1360 5920 exsistunt,
1387 5851 1573 5923 potior
1613 5851 1684 5908 sit
1717 5852 1871 5919 ﬁdes,
1907 5869 2070 5924 quam
2103 5851 2249 5923 quod
2290 5852 2457 5910 animi
2493 5852 2805 5910 rationibus
2832 5869 2862 5909 a
2900 5852 3063 5910 nobis
3101 5852 3617 5925 comprehenditur.
