3986 6422
549 381 655 447 699

1708 383 1766 442 S.
1813 384 1967 442 ΜᾹΧ
1981 384 2095 442 [MI
2130 386 2265 444 CON
2279 386 2638 447 FESSORIS

3628 395 3705 456 100

545 505 749 550 sanitas
767 510 828 546 ac
853 491 950 546 Dei
971 493 1148 562 gratia
1176 491 1278 556 iis;
1306 493 1440 560 quin
1473 491 1609 546 forte
1644 493 1807 546 etiam
1831 492 1925 545 Dei
1955 491 2123 559 labor,

2238 496 2318 558 De;
2350 497 2410 549 τὸ
2441 497 2706 558 ἑκούσιον,
2743 496 2920 562 καλῶς
2947 497 3359 569 ὀνομαζόμενος.
3387 497 3483 568 Τὴν
3507 501 3592 573 γάρ
3615 506 3706 576 ἀλη.

546 588 615 641 ob
645 596 837 655 sponte
865 594 1199 654 assumptam
1232 593 1461 637 mortem
1487 599 1550 637 ac
1576 585 1870 644 cruciatus,
1899 584 2126 653 pulchre

545 671 878 726 nominatur.
933 672 1126 726 Veram
1177 672 1324 725 enim
1369 687 1560 725 eorum
1620 672 1887 740 requiem,
1942 673 2125 740 quiin

545 763 832 818 doloribus
862 763 1132 825 laborant,
1160 778 1463 831 eorumque
1507 764 1820 825 sanitatem,
1845 762 1940 832 qui
1997 777 2127 816 con-

549 853 662 906 triti
689 862 838 918 sunt,
883 861 1046 923 atque
1076 853 1418 906 remissionis
1462 862 1811 922 peccatorum
1871 852 2122 922 gratiam,

545 945 828 1000 Christum
843 945 1026 999 Jesum
1059 958 1250 996 verum
1285 943 1477 1006 Deum,
1515 950 1794 1010 praeeunte
1827 953 1974 1012 typo,
2003 957 2128 1010 pro-

545 1035 710 1104 pheta
741 1034 966 1104 mystice
1005 1031 1329 1102 designavit,
1366 1048 1463 1101 per
1489 1048 1551 1085 ea
1585 1047 1706 1100 qua:
1739 1031 1793 1085 in
1838 1031 1930 1084 illo
1977 1037 2126 1099 gesta

546 1125 856 1194 conscripta
886 1132 1035 1179 sunt.
1069 1123 1188 1193 Ipse
1213 1123 1358 1177 enim
1395 1121 1657 1175 Dominus
1685 1129 1870 1174 noster
1892 1135 1955 1173 ac
1983 1119 2128 1173 Deus

546 1215 724 1270 factus
751 1217 935 1278 homo,
974 1224 1142 1284 utque
1171 1215 1226 1268 in
1273 1214 1395 1268 vita:
1438 1221 1638 1266 nostra:
1687 1211 1930 1280 pelagus,
1979 1211 2129 1265 velut

546 1322 578 1362 e
605 1307 796 1378 Joppe,
827 1323 858 1363 e
881 1307 1021 1362 cmlo
1051 1307 1296 1370 veniens,
1328 1319 1491 1374 quam
1532 1318 1600 1356 ex
1647 1301 1885 1355 nominis
1918 1302 2127 1355 ratione

547 1402 730 1474 gaudii
783 1399 1057 1472 speculam
1107 1399 1508 1469 interpreteris,
1573 1397 1627 1451 in
1696 1397 1859 1467 hujus
1919 1394 2129 1450 scilicet

547 1492 739 1548 mundi
772 1493 908 1547 mari
939 1507 1186 1556 versans,
1223 1507 1321 1561 pro
1353 1505 1418 1544 eo
1447 1505 1511 1543 ac
1561 1487 1824 1557 scriptum
1871 1495 1977 1551 cst,
2025 1486 2128 1551 Qui

547 1584 816 1655 proposito
858 1583 956 1637 sibi
1004 1581 1196 1652 gaudio
1253 1581 1499 1634 sustinuit
1559 1594 1786 1644 crucem,
1829 1578 2129 1647 confusione

546 1684 844 1746 contempta
879 1675 1144 1744 ”;atque
1171 1673 1226 1728 in
1265 1689 1360 1728 cor
1417 1680 1596 1736 terrae,
1651 1671 1814 1743 254
1879 1672 1975 1726 ubi
2028 1687 2130 1727 nos

547 1769 746 1824 mortis
779 1767 1004 1823 interitu
1039 1768 1328 1837 absorptos
1355 1766 1727 1835 nequissimus
1755 1779 1978 1819 carcere
2034 1764 2132 1819 de-

2231 585 2380 654 οινὴν
2415 586 2524 636 τῶν
2553 587 2611 636 ἐν
2646 585 2858 648 ὀδύναις
2891 587 3287 655 κεκοπωμένων
3318 582 3588 641 ἀνάπαυσιν
3615 593 3708 662 (I3),

2231 675 2324 728 καὶ
2355 677 2453 745 τὴν
2487 677 2626 728 ἴασιν
2673 675 2783 728 τῶν
2830 677 3318 747 συντετριμμένων,
3369 678 3456 730 καὶ
3493 679 3574 749 τὴν
3599 684 3712 752 χάριν

2227 765 2328 832 τῆς
2361 765 2470 816 τῶν
2501 766 2912 834 ἁμαρτημάτων
2939 766 3205 834 ἀφέσεως,
3227 766 3450 835 Χριστὸν
3464 767 3633 837 Ἰησοῦν
3654 775 3715 824 τδν

2229 855 2477 925 ἀληθινὸν
2494 855 2624 908 Θεὸν
2652 859 2679 909 6
2709 858 2993 927 προφήτης
3019 856 3106 910 διὰ
3138 856 3247 909 τῶν
3267 857 3470 910 οίκείων
3493 857 3717 928 δραμάτων

2231 947 2510 1017 μυστικῶς
2554 948 2978 1018 πρώιέγραψεν.
3021 949 3191 1012 Δὺτδς
3215 950 3321 1016 γὰρ
3344 951 3372 1001 6
3402 948 3583 1019 Κύριος
3609 953 3720 1020 ἡμῶν

2229 1039 2324 1093 καὶ
2369 1040 2501 1103 Θεὸς
2533 1041 2827 1110 γενόμενος
2854 1039 3161 1112 ἄνθρωπος,
3203 1039 3296 1092 καὶ
3326 1038 3400 1109 τῷ
3444 1041 3636 1108 πελάγει
3657 1045 3722 1096 τοῦ

2231 1127 2346 1197 βίου
2377 1128 2472 1182 τοῦ
2517 1129 2636 1182 καθ’
2666 1130 2816 1198 ἡμᾶς
2846 1127 3177 1198 ἐνδημῆσας,
3207 1128 3284 1190 ὼς
3309 1129 3400 1181 ἀπ’
3432 1129 3632 1197 οὐρανοῦ
3657 1137 3724 1200 τῆς

2241 1218 2463 1288 Ἰόππης
2493 1217 2936 1288 ὲρμτινευομένης
2967 1216 3319 1284 κατασκοπὴ
3353 1215 3545 1285 χαρᾶς,
3581 1220 3642 1282 είς
3659 1201 3726 1289 rip

2229 1309 2505 1362 θάλασσαν
2535 1309 2686 1362 τοῦδε
2725 1307 2819 1362 τοῦ
2872 1308 3099 1378 κόσμου,
3129 1309 3271 1362 κατὰ
3293 1308 3352 1360 τὸ
3393 1309 3726 1379 γεγραμμένον,

2234 1403 2339 1467 Ὃς
2382 1401 2514 1455 ἀντὶ
2547 1399 2659 1469 τῆς
2692 1399 3081 1469 προκειμένης
3120 1398 3280 1464 αὐτῷ
3309 1397 3489 1469 χαρᾶς
3515 1400 3728 1468 ὑπέμεινε

2227 1491 2513 1559 σταυρὸν,
2546 1492 2846 1560 αἰσχύνης
2899 1489 3368 1559 καταφρονήσας
3387 1507 3400 1521 ·
3451 1493 3537 1544 καὶ
3567 1493 3631 1555 εἰς
3665 1492 3730 1562 τὴν

2229 1583 2456 1655 καρδίαν
2485 1586 2584 1655 τῆς
2621 1585 2747 1653 γῆς,
2800 1583 2930 1637 ἔνθα
2971 1582 3061 1637 διὰ
3113 1583 3207 1637 τοῦ
3255 1583 3486 1638 θανάτου
3516 1586 3732 1638 καταπιὼν

2229 1677 2375 1746 ἡμᾶς
2405 1671 2550 1746 εἶχεν
2573 1677 2601 1728 6
2632 1674 2864 1744 πονηρὸς
2890 1673 3340 1746 καθειργμένους,
3373 1675 3600 1738 καταϐάς
3625 1677 3734 1728 ἑκου-

2231 1767 2381 1832 σίως,
2417 1769 2511 1821 καὶ
2529 1767 2618 1820 διὰ
2647 1769 2745 1837 τῆς
2771 1765 3122 1829 ἀναστάσεως
3151 1766 3496 1830 ἀνασπάσας,
3528 1767 3642 1837 πρὸς
3673 1769 3736 1820 οὗ.

548 1861 777 1928 tinebat,
803 1870 996 1932 sponte
1028 1860 1391 1923 descendens,
1428 1875 1492 1915 ac
1539 1874 1637 1928 per
1666 1857 2127 1913 resurrectionem

2238 1861 2392 1932 ρανὸν
2425 1860 2552 1930 ὃλην
2575 1859 2674 1930 τὴν
2699 1858 3116 1930 κεκρατημένην
3148 1856 3308 1928 φύσιν
3336 1858 3627 1926 ἀναγαγὼν,
3647 1860 3737 1912 ἀνά-

547 1951 895 2017 abstrabens,
931 1960 1210 2020 totamque
1248 1965 1370 2020 qua:
1423 1949 1717 2003 tenebatur
1775 1956 2029 2002 naturam
2078 1947 2134 2003 in

546 2044 746 2099 caelum
780 2043 974 2098 tollens
999 2052 1164 2112 atque
1196 2042 1488 2106 reducens,
1512 2049 1702 2094 nostra
1723 2055 1858 2094 vere
1890 2038 2130 2109 requies,

544 2136 860 2206 sanitasque
892 2143 948 2190 et
971 2136 1147 2207 gratia
1177 2142 1282 2190 est.
1333 2134 1574 2204 Requies
1605 2132 1856 2202 quidem,
1923 2140 1987 2187 ut
2037 2147 2136 2188 ne-

544 2226 798 2281 cessaria}
855 2225 910 2280 in
971 2240 1136 2280 carne
1202 2225 1487 2280 servitutis
1527 2223 1703 2294 legem
1760 2232 2133 2292 temporancae

544 2316 674 2370 vitae
697 2317 907 2371 ratione
963 2317 1220 2392 solvens:
1253 2315 1457 2370 sanitas
1480 2329 1610 2368 vero
1640 2329 1705 2369 ac
1739 2313 1970 2378 medela,
2017 2321 2137 2367 tan-

545 2421 710 2476 quam
765 2407 960 2462 mortis
1020 2407 1463 2476 interitionisque
1496 2405 1885 2459 contritionem
1944 2419 2133 2459 resur-

546 2498 808 2553 rectionis
846 2513 1078 2553 munere
1125 2514 1325 2553 sanans
1379 2515 1392 2551 :
1450 2497 1622 2568 gratia
1681 2496 1941 2566 denique,
1982 2496 2135 2550 velut

544 2590 894 2661 adoptionem
922 2591 974 2646 in
1004 2590 1212 2660 Spiritu
1232 2607 1328 2661 per
1346 2589 1530 2655 fidem,
1552 2588 1894 2660 gratiamque
1910 2587 2133 2642 deifica-

545 2679 738 2744 tionis,
789 2695 892 2750 pro
959 2682 1228 2752 cujusque
1286 2679 1482 2734 merito
1546 2687 1830 2749 praestans.
1895 2678 2134 2734 Deeebat

543 2771 716 2836 enim,
740 2772 900 2842 plane
927 2771 1178 2838 decebat,
1201 2771 1294 2842 qui
1338 2771 1431 2826 lux
1462 2781 1606 2826 esset
1631 2771 1836 2840 Deique
1867 2786 1931 2825 ac
1955 2770 2134 2826 Patris

545 2861 726 2918 virtus
751 2863 818 2928 “,
877 2862 933 2917 in
971 2879 1093 2918 eam
1124 2863 1313 2918 venire
1357 2870 1580 2929 terram,
1631 2863 1687 2917 in
1726 2879 1835 2932 qua
1891 2863 2132 2917 tenebrae

543 2963 839 3023 vectesque
887 2953 1080 3009 aeterni
1135 2955 1506 3020 exsistebant;
1555 2963 1616 3008 ut
1663 2970 1884 3024 nempe,
1937 2954 2133 3008 solutis

547 3047 872 3120 ignorantia:
899 3047 1162 3111 tenebris,
1221 3062 1322 3117 pro
1371 3047 1512 3100 lucis
1569 3045 1836 3115 spiritalis
1880 3062 2128 3112 munere,

547 3140 956 3210 contractisque
995 3137 1255 3209 nequitia:
1275 3138 1548 3201 vectibus,
1588 3152 1689 3207 pro
1735 3137 1956 3192 virtutis
2008 3137 2127 3202 Dei,

2236 1969 2460 2015 aream;~
2498 1950 2656 2022 ἡμῶν
2686 1951 2806 2006 κατ’
2841 1950 3098 2022 ἀλήθειαν
3126 1950 3384 2020 ὑπάρχει,
3421 1951 3510 2003 καὶ
3536 1951 3655 2012 ῐασις
3677 1952 3740 2003 καὶ

2234 2045 2393 2116 χάρις
2421 2043 2570 2115 (M)'
2623 2043 2929 2107 ἀνάπαυσις
2983 2042 3105 2112 μὲν,
3138 2043 3213 2106 ὡς
3258 2044 3352 2095 τὸν
3398 2041 3553 2112 νόμον
3596 2042 3673 2110 τῆς
3704 2043 3740 2093 ἐν

2235 2135 2397 2206 σαρκὶ
2435 2135 2524 2189 διὰ
2554 2135 2653 2202 τὴν
2688 2134 3025 2206 πρόσκαιρον
3058 2133 3202 2206 ζωὴν
3235 2133 3614 2204 περιπατικῆς
3642 2133 3742 2184 λύων

2232 2226 2476 2290 δουλείας
2503 2242 2516 2256 ·
2551 2227 2694 2290 ἴασις
2739 2227 2816 2289 δὲ,
2865 2226 2941 2290 ὡς
2972 2225 3032 2280 τὸ
3082 2226 3398 2296 σύντριμμα
3432 2225 3522 2278 τοῦ
3568 2224 3744 2277 Θανάτου

2234 2318 2328 2370 καὶ
2360 2317 2458 2386 τῆς
2487 2315 2692 2386 φθορᾶς
2744 2316 2833 2370 διὰ
2885 2319 2985 2386 τῆς
3033 2316 3386 2377 ἀναστάσεως
3420 2315 3744 2384 ἐξιασάμενος·

2234 2409 2392 2479 χάρις
2414 2408 2492 2472 δὲ,
2526 2407 2602 2471 ὡς
2629 2410 2728 2479 τῆς
2757 2409 2815 2461 ἐν
2837 2408 3106 2479 πνεύματι
3126 2407 3213 2460 διά
3245 2409 3486 2470 πίστεως
3514 2405 3744 2465 υἱοθεσίας.

2235 2501 2329 2553 καὶ
2366 2503 2464 2572 τῆς
2502 2499 2742 2564 ἐπαξίως
2779 2501 3012 2554 ἑκάστου
3059 2499 3200 2552 κατά
3230 2497 3327 2567 τὴν
3364 2497 3554 2550 θέωσιν
3582 2496 3748 2565 χάριτος

2233 2592 2545 2664 διανομεύς.
2575 2594 2721 2647 Ἔδει
2763 2593 2900 2665 γὰρ,
2928 2592 3034 2646 ἔδει
3065 2592 3208 2646 κατά
3248 2589 3509 2661 ἀλήθειαν
3550 2590 3619 2650 είς
3647 2587 3748 2639 Exsi-

2233 2703 2329 2756 νην
2357 2685 2610 2754 γενέσθαι
2637 2685 2735 2756 τὴν
2764 2687 2867 2755 γῆν
2896 2683 2957 2737 τὺ
3003 2683 3139 2753 φῶς,
3192 2683 3287 2735 καὶ
3317 2681 3422 2752 τὴν
3461 2680 3666 2749 δύναμιν
3687 2675 3749 2728 τοῦ

2232 2777 2367 2831 Θεοῦ
2419 2777 2512 2831 καὶ
2570 2777 2802 2848 Πατρδς,
2849 2779 2906 2830 ἐν
2961 2770 3084 2850 ᾖτὺ
3124 2775 3314 2836 σκότος
3346 2773 3579 2843 ὑπῆρχε,
3616 2769 3690 2822 καὶ
3719 2767 3750 2817 οι
3845 2799 3847 2820 ι

2235 2867 2426 2939 μοχλολ
2453 2866 2663 2922 αἱὼνιοι
2697 2884 2710 2898 °
2751 2869 2838 2922 ῐνα
2891 2867 2952 2920 τὸ
3003 2866 3192 2928 σκότος
3239 2863 3414 2924 λύσας
3446 2862 3541 2932 τῆς
3565 2859 3750 2929 ἀγνοίας,

2231 2955 2320 3016 οἶα
2357 2960 2420 3032 δὴ
2460 2961 2828 3031 πνευματικὸν
2858 2959 2972 3028 φῶς
2999 2958 3280 3028 ὑπάρχων,
3311 2956 3411 3009 καὶ
3440 2950 3560 3016 τοῦς
3580 2949 3753 3022 μοχλῡῦς

2230 3056 2328 3124 τῆς
2359 3053 2555 3115 κακίας
2579 3051 2900 3123 συντρίψας,
2924 3051 2998 3114 ὡς
3017 3049 3386 3109 ὲνυπόστατος
3408 3042 3542 3098 Θεοῦ
3561 3042 3752 3109 δύναμις.

2236 3146 2335 3217 τὴν
2359 3144 2570 3206 τούτοις
2603 3142 2792 3206 δεινῶς
2823 3141 2927 3195 ὑπὸ
2955 3140 3049 3195 τοῦ
3088 3137 3329 3209 πονηροῦ
3364 3127 3754 3204 κατησφαλισμέ-

547 3249 672 3302 qua:
695 3233 812 3302 ipsa
838 3246 968 3288 vere
1004 3205 1252 3298 exsistat,
1277 3230 1524 3295 ratione;
1560 3205 1722 3299 quam
1753 3229 1842 3284 his
1875 3238 2132 3299 potenter

2239 3205 2340 3306 νην
2370 3234 2715 3307 ἐλευθερώσῃ
2746 3233 2928 3303 φύσιν,
2973 3205 3319 3301 δωρούμενος
3364 3228 3506 3298 αὐτῇ
3535 3225 3639 3296 φῶς
3664 3222 3757 3290 ἄλη·

549 3321 824 3377 addictam
858 3321 1232 3391 nequissimus
1260 3329 1509 3375 naturam
1541 3319 1783 3383 tenebat,
1817 3318 1872 3373 in
1911 3319 2138 3374 liberta-

551 3422 662 3468 tem
694 3421 986 3478 assereret,
1017 3427 1160 3466 verae
1198 3411 1247 3466 ei
1279 3409 1522 3465 scientia:
1551 3409 1996 3480 inexstinguibile
2053 3409 2139 3465 lu.-

551 3521 679 3560 men
715 3504 1201 3572 inviolabilemque
1228 3501 1495 3556 virtutum
1524 3499 1632 3554 vim
1666 3499 1921 3569 largiens.

618 3595 758 3654 Cum
782 3603 969 3652 autem
1001 3593 1379 3665 propheticam
1410 3591 1663 3663 gratiam,
1711 3591 1866 3644 velut
1893 3605 1960 3644 ex
1996 3603 2136 3658 qua-

548 3689 676 3747 dam
707 3689 901 3759 Joppe,
928 3701 1128 3756 nempe
1159 3700 1227 3739 ex
1277 3683 1416 3755 legis
1449 3684 1626 3748 cultu,
1657 3681 1898 3753 glorioso
1942 3679 2137 3738 hacte-

548 3798 656 3838 nus
688 3781 878 3836 babito
903 3786 1069 3848 atque
1091 3777 1318 3847 inelyte,
1349 3790 1448 3844 pro
1481 3772 1766 3843 Evangelii
1799 3770 2052 3842 partibus
2081 3768 2137 3823 in

551 3883 745 3945 gentes
787 3871 1266 3940 commigrautem,
1299 3867 1632 3937 plebemque
1663 3862 1980 3925 Iudaicam,
2030 3874 2138 3929 qua

550 3963 836 4021 laborabat
865 3961 1094 4032 pcrlidia
1131 3975 1195 4014 ac
1243 3957 1653 4020 incredulitate,
1717 3953 1867 4007 illius
1899 3950 2138 4014 destitu-

550 4067 664 4114 tam
703 4052 925 4127 gaudiu,
959 4051 1361 4121 relinquentem
1384 4088 1399 4113 ,
1436 4059 1644 4116 perque
1697 4041 1900 4096 multas
1944 4054 2141 4095 atrum-

553 4162 653 4207 nas
679 4155 739 4202 et
765 4142 1016 4216 pericula
1047 4155 1113 4196 ac
1163 4154 1324 4195 casus
1377 4138 1641 4192 adversos
1696 4133 2026 4201 laboresque
2085 4138 2142 4184 et

551 4236 970 4310 persecutiones
1014 4242 1070 4288 et
1097 4240 1323 4295 mortes,
1369 4229 1544 4284 instar
1581 4225 1838 4288 Ninives,
1892 4221 2140 4294 gentium

555 4329 858 4388 Ecclesium
890 4325 959 4380 ad
994 4325 1168 4380 Deum
1198 4326 1634 4382 convertentem,
1663 4317 1720 4370 in
1748 4330 1807 4370 se
1843 4314 1962 4384 ipse
2006 4327 2141 4382 pro-

554 4429 720 4500 pheta
763 4425 992 4496 mystice
1034 4421 1249 4492 ﬁgurat,
1279 4419 1490 4488 Joppcn
1524 4413 1826 4484 relinquit;
1869 4424 2070 4480 nempe
2110 4424 2142 4464 a

2235 3327 2362 3391 θοῦς
2383 3326 2637 3396 γνώσεως
2689 3325 2973 3390 ἄσϐεστον,
3026 3323 3124 3377 καὶ
3169 3322 3408 3392 δύναμιν
3451 3317 3646 3390 ἀρετῶν
3691 3314 3756 3368 ἀν·

2235 3417 2527 3488 αφαίρετον
2557 3415 2672 3487 ἱιῗν.
2699 3411 3110 3486 ἀκαθαίρετον].

2323 3583 2596 3654 Ὀπηνίκα
2639 3583 2696 3636 δὲ
2742 3582 2841 3652 τὴν
2891 3579 3242 3652 προφητικὴν
3279 3578 3448 3650 χάριν
3480 3577 3552 3640 ὼς
3582 3574 3638 3627 ἐκ
3658 3584 3761 3630 τινος

2248 3682 2475 3751 Ἰόππης
2527 3679 2660 3746 (l5),
2700 3661 2800 3746 τῆς
2844 3675 2982 3738 τέως
3035 3673 3247 3737 ἐνδόξου
3299 3669 3652 3742 νομιζομένης
3694 3665 3762 3731 τῆς

2236 3771 2332 3826 τοῦ
2358 3771 2524 3841 νόμου
2557 3768 2835 3839 λατρείας,
2863 3765 3238 3834 εὺαγγελικῶς
3267 3766 3366 3827 εἰς’
3386 3763 3456 3817 τά
3483 3762 3602 3828 ἔθνη
3637 3771 3761 3828 μετα·

2238 3865 2552 3922 ϐαίνουσαν.
2585 3864 2680 3916 καὶ
2729 3860 2820 3914 τὸν
2853 3857 3145 3913 Ἰουδαϊκὸν
3195 3856 3323 3910 λαὸν
3372 3856 3464 3909 διά
3494 3853 3586 3924 τὴν
3629 3847 3764 3904 αὐτῶν

2238 3953 2517 4018 ἀπιστίαν,
2545 3953 2645 4023 τῆς
2688 3951 2811 4005 κατ’
2862 3949 3032 4019 αὐτὴν
3075 3949 3250 4019 χαρᾶς
3297 3945 3510 4017 ἔρημον
3553 3939 3765 4004 καταλιμ-

2240 4049 2518 4101 πάνουσαν
2537 4062 2551 4076 °
2581 4045 2678 4098 καὶ
2704 4043 2791 4098 διὰ
2817 4041 3028 4096 πολλῶν
3059 4039 3312 4109 θλίψεων,
3350 4038 3608 4092 κινδύνων
3627 4049 3677 4085 τε
3700 4027 3766 4081 καὶ

2241 4137 2642 4209 περιστάσεων,
2673 4135 2768 4189 καλ⁵
2794 4133 2970 4186 πόνων
3011 4133 3106 4185 καὶ
3142 4129 3401 4200 διωγμῶν
3426 4129 3519 4182 καὶ
3551 4122 3766 4182 θανάτων,

2239 4231 2338 4302 τὴν
2365 4229 2476 4283 τῶν
2525 4228 2694 4282 ἐθνῶν
2724 4226 2974 4293 καθάπερ
3003 4222 3207 4292 Νινευὴ
3251 4221 3390 4290 πρὸς
3419 4219 3512 4272 τὸν
3532 4215 3652 4270 Θεὸν
3677 4214 3767 4302 ἔπιέ

2243 4300 2586 4392 στρέφουσαν
2623 4317 2949 4386 Ἐκκλησίαν
2993 4312 3174 4384 ἐαυτῷ
3224 4314 3408 4378 τυποῖ,
3467 4300 3767 4381 μυστικῶςό

2243 4415 2530 4486 προφήτης
2558 4412 2660 4481 τὴν
2695 4410 2920 4478 Ἰόππην
2963 4407 3153 4476 ἀφίησι
3177 4421 3190 4435 ⁸
3232 4403 3333 4473 τῆς
3363 4401 3505 4456 κατά
3534 4400 3679 4466 νόμον
3703 4392 3770 4486 δξῖε

555 4480 716 4587 ῖιιεοιί
744 4480 896 4571 cultu
922 4480 1252 4575 abscevdens,
1304 4480 1945 4577 propheticam-gratiam
1977 4500 2136 4571 signi-

2244 4480 2377 4578 λάδῆ
2403 4480 2660 4574 λατρείας
2697 4499 3085 4571 ἀφιστάμενος,
3105 4497 3205 4567 τὴν
3223 4497 3385 4566 χάριν
3418 4490 3680 4603 σημαίνωῖ
3697 4480 3769 4547 τῆς

556 4610 750 4675 ﬁcans,
782 4621 906 4678 qua:
935 4603 991 4658 in
1029 4603 1209 4672 ipsum
1237 4614 1459 4670 quoque
1500 4597 1871 4651 violentorum
1915 4608 2140 4648 casuum

555 4703 806 4775 pelagus,
835 4697 1000 4767 inque
1030 4695 1143 4750 illis
1185 4691 1572 4755 certaminum,
1615 4688 1891 4750 laborum,
1927 4684 2146 4756 pericu-

554 4795 738 4851 lorum
765 4791 940 4846 aleam
967 4785 1212 4852 venerit;
1245 4792 1410 4864 atque
1442 4799 1474 4837 a
1505 4789 1629 4837 ceto
1675 4778 1875 4846 (morte
1905 4775 2142 4843 scilicet)

559 4901 840 4968 absorpta,
876 4904 1226 4964 nequaquam
1252 4896 1433 4942 tamen
1479 4883 1708 4940 omnino
1733 4887 1994 4949 corrupta
2051 4875 2142 4931 sit.

557 4967 906 5047 Nihilienim
939 4984 996 5038 in
1044 4981 1232 5060 rebus,
1266 4977 1598 5049 evangelicae
1647 4971 1836 5044 gratiae
1886 4967 2146 5038 gentibus

559 5084 905 5144 annuntiatte
927 5081 1116 5139 cursui
1150 5076 1453 5133 inhibendo
1481 5073 1625 5139 fuit;
1676 5086 1789 5126 non
1837 5066 2145 5131 tribulatio,
2179 5112 2186 5119 .

561 5195 673 5233 non
708 5175 985 5247 angustia,
1019 5188 1132 5227 non
1157 5175 1497 5241 persecutio,
1524 5180 1637 5219 non
1672 5162 1864 5224 fames,
1896 5174 2008 5212 non
2055 5173 2152 5227 pe-

564 5245 820 5326 riculum,
849 5279 960 5318 non
989 5261 1203 5334 gladius
1230 5259 1308 5325 ’⁵ος
1335 5273 1497 5313 secus
1517 5269 1672 5317 vero,
1705 5267 1803 5321 per
1841 5250 1960 5304 haec
2009 5245 2146 5321 ipsa,

565 5354 978 5413 adversantium
1028 5351 1274 5406 omnium
1300 5363 1479 5404 cuneo
1507 5353 1790 5415 superato,
1827 5340 2001 5411 gratia
2030 5339 2142 5393 vim

566 5449 844 5516 roburque
877 5442 1122 5512 accepit:
1156 5440 1436 5512 magisque
1485 5435 1712 5492 ferendo
1741 5450 1804 5488 ac
1837 5432 1996 5486 malis
2043 5430 2146 5484 ob-

565 5541 749 5604 noxia,
779 5535 1106 5608 iniuriarum
1137 5532 1356 5594 victrix,
1385 5538 1661 5584 errantem
1694 5526 1866 5595 ipsam
1893 5531 2146 5576 naturam

567 5631 636 5686 ad
671 5631 844 5686 Deum
866 5627 1050 5682 vivum
1095 5637 1414 5692 verumque,
1449 5619 1604 5674 haud
1661 5632 1820 5673 secus
1867 5628 1931 5668 ac
1983 5614 2152 5668 Jonas

2246 4599 2583 4670 προφητείας
2615 4596 2709 4649 καλ⁸
2737 4597 2796 4647 ἐν
2826 4595 2893 4664 τῇ
2919 4591 3162 4660 θαλάσσῃ
3197 4587 3493 4656 γινομένην
3519 4582 3621 4635 τῶν
3648 4579 3772 4670 ἀκουῗ

2245 4692 2375 4744 σίων
2400 4688 2798 4759 περιστάσεων,
2831 4685 2925 4739 καὶ
2957 4681 3067 4736 τῶν
3115 4682 3200 4733 ἐπ’
3227 4679 3420 4740 αὑταῖς
3470 4675 3678 4743 ἀγώνων
3701 4661 3770 4716 καὶ

2244 4783 2444 4848 πόνων,
2482 4783 2578 4836 καὶ
2608 4778 2871 4834 κινδύνων
2897 4792 2913 4809 ο
2969 4775 3064 4829 καὶ
3090 4773 3196 4827 ὑπὸ
3222 4770 3317 4824 τοῦ
3355 4771 3558 4839 κήτους
3588 4761 3676 4818 τοῦ.
3700 4759 3770 4809 θα·

2243 4878 2406 4932 νάτου
2463 4871 2906 4942 καταπινομένην
2958 4868 3076 4938 μὲν,
3133 4863 3388 4933 οὐδαμῶς
3439 4861 3495 4913 δὲ
3543 4848 3771 4942 παντελῶς

2243 4966 2722 5039 διαφθειρομένην.
2739 4939 2830 5018 *οὺ
2860 4961 2968 5032 γάρ
2999 4959 3222 5028 ἴσχυσεν
3250 4954 3341 5007 τὸν
3374 4951 3572 5024 δρόμον
3601 4939 3770 5039 τῆςιεύ-

2243 5031 2552 5131 αγγυελικΙῶς
2575 5031 2686 5120 τοῖς
2711 5055 2888 5108 ἔθνεσι
2913 5031 3376 5118 καταγγελθείσης
3399 5031 3772 5131 κωλῦσαιΔχάριὶ

2242 5119 2343 5217 τός’
2360 5153 2469 5205 τῶν
2511 5119 2681 5203 όντων
2724 5146 2898 5200 οὐδέν’
2940 5145 3001 5198 οὐ
3039 5141 3238 5210 θλίψις,
3275 5137 3336 5190 οὐ
3371 5127 3702 5202 στενοχωρία,
3729 5119 3771 5172 οὗ

2243 5243 2506 5314 διωγμὸς,
2531 5241 2592 5294 οὐ
2617 5238 2796 5308 λιμὸς,
2822 5236 2884 5289 οὐ
2908 5234 3170 5295 κίνδυνος,
3196 5231 3256 5283 οὐ
3291 5228 3566 5314 μάχαιρα·
3596 5219 3772 5314 τούναν-

2248 5304 2368 5391 τίον
2387 5304 2498 5405 ’μὲν
2531 5327 2645 5391 οὖν,
2675 5304 2765 5382 διὰ
2791 5326 2996 5381 τούτων
3035 5325 3086 5394 ἡ,
3112 5322 3273 5393 χάρις
3301 5313 3650 5405 ἐϐεϐαιώθη,-
3667 5304 3770 5405 πάν·

2250 5447 2358 5483 των
2384 5427 2493 5479 τῶν
2521 5420 2940 5477 ἐπαναστάντων
2968 5417 3290 5487 κρατήσασα
3313 5429 3327 5442 ·
3379 5409 3475 5461 καὶ
3509 5407 3564 5456 ἐν
3592 5400 3658 5469 τῷ

2256 5535 2430 5588 σχειν,
2464 5515 2625 5568 πλέον
2650 5513 2775 5574 τοὺς
2809 5509 3052 5579 δρῶντας
3081 5505 3372 5574 νικήσασα,
3404 5497 3499 5551 καὶ
3530 5493 3620 5561 τὴν
3647 5486 3770 5588 φύξιν

2259 5607 2618 5678 πλανωμένην
2651 5601 2984 5673 ἐπέστρεψεν
3023 5597 3114 5651 ἐπὶ
3138 5594 3270 5648 Θεὸν
3313 5591 3488 5657 ζῶντα
3513 5586 3598 5640 καὶ
3624 5574 3769 5644 ἀληθι⁶

645 5802 690 5836 ³⁸
719 5803 885 5859 llebr.
914 5818 1006 5870 xu,
1028 5801 1080 5855 2.
1160 5801 1202 5833 ⁸³
1230 5801 1384 5857 Joan.
1424 5815 1463 5864 ι,
1495 5796 1556 5862 9;
1594 5794 1762 5850 lCor.
1796 5811 1832 5858 ι,
1876 5793 1955 5845 18.
2037 5792 2080 5822 ⁸ο
2108 5791 2136 5844 ll

2238 5806 2267 5841 ι.
2298 5803 2409 5848 vin,
