3986 6408
155 385 263 451 701

1228 388 1723 462 ΟυίΕΒΤΙΟΝΕΞ
1756 392 1856 450 AD
1894 392 2402 452 THALASSIUM.

3321 376 3428 441 702

156 502 274 566 νὺν,
310 500 498 571 ὥσπερ
533 502 716 565 Ἰωνᾶς
751 502 851 573 τὴν
882 503 1108 575 Νινευή.
1163 505 1281 558 Κᾶν
1313 505 1487 558 ἐδόκει
1522 504 1612 558 διὰ
1640 504 1741 572 τῆς

1857 504 2120 570 Ninivem,
2162 503 2454 559 convertit.
2488 502 2565 556 Ac
2615 499 2865 571 quamvis
2915 495 3286 567 nequissimus
3335 494 3427 548 ille

157 591 429 660 ἐπηρείας
467 590 576 642 τῶν
608 590 863 662 διωγμῶν
898 592 1195 646 καλύπτειν
1242 594 1343 664 τὴν
1394 595 1554 665 χάριν
1585 594 1612 645 ό
1647 612 1744 646 πο-

160 682 346 754 νηρὸς.
382 682 457 745 ὡς
500 684 591 735 τὸν
625 685 913 754 προφήτην
955 684 1016 736 τὸ
1066 685 1231 754 κῆτος
1259 702 1272 717 ’
1340 685 1458 739 ἀλλ’
1486 687 1566 748 είς
1590 684 1745 747 τέλος

162 775 418 842 κατέχειν
460 773 560 826 οὐκ
600 774 863 844 ἠδυνήθη,
916 775 1012 844 τῆς
1066 775 1395 845 ἐνεργούσης
1446 777 1541 848 τὴν
1584 775 1745 845 χάριν

160 865 446 935 δυνάμεως
495 866 785 931 ἀλλοιῶσαι
815 867 914 938 τὴν
960 869 1115 938 ἰσχὺν
1152 869 1210 921 οὐ
1261 869 1588 939 δυνάμενος·
1624 867 1746 921 ὅθεν

162 959 265 1010 καὶ
312 958 696 1028 λαμπροτέραν
762 958 961 1029 μᾶλλον
1010 958 1181 1011 ἐποίει
1230 959 1367 1029 μετὰ
1418 960 1515 1030 τὴν
1550 962 1746 1024 πεῖραν

160 1045 279 1099 τῶν
306 1047 559 1115 ἐναντίων
585 1047 682 1117 τὴν
703 1048 880 1117 χάριν,
913 1048 968 1099 ἐν
990 1050 1100 1110 τοῖς
1123 1049 1287 1117 αὐτῆς
1320 1051 1601 1118 φοιτηταῖς
1629 1049 1746 1102 δια-

164 1138 455 1207 φαίνεσθαι
479 1154 493 1169 ⁶
530 1137 807 1203 τοσοῦτον,
834 1140 956 1191 ὅσον
985 1139 1148 1203 αὐτὸς
1177 1143 1298 1203 ταῖς
1331 1140 1623 1210 προϐολαῖς
1647 1141 1745 1210 τὴν

163 1232 373 1285 οἰκείαν
403 1230 760 1302 ἐπεφθείρετο
791 1232 1020 1302 δύναμιν
1053 1233 1163 1302 (16)
1190 1250 1204 1263 ·
1236 1232 1376 1304 ὀρῶν
1404 1232 1581 1303 ἐαυτῷ
1613 1249 1747 1287 παν-

166 1322 404 1375 τάπασιν
430 1322 529 1391 τὴν
560 1323 718 1392 χάριν
744 1324 805 1375 οὐ
842 1322 1001 1393 μόνον
1034 1324 1329 1386 ἀνάλωτον,
1362 1324 1497 1379 ἀλλὰ
1523 1327 1618 1378 καὶ
1649 1323 1747 1397 τὴν

168 1412 405 1481 φυσικὴν
422 1412 528 1466 τῶν
550 1414 1028 1481 καταγγελλόντων
1051 1415 1220 1485 αὐτὴν
1240 1419 1351 1472 τοῖς
1378 1416 1553 1468 ἔθνεσι
1574 1416 1746 1485 ἁγίων

169 1504 479 1569 ἀσθένειαν,
514 1505 667 1574 ἰσχὺν
708 1506 806 1575 τῆς
852 1504 1018 1559 αὐτοῦ
1048 1507 1439 1577 καθαιρετικὴν
1467 1506 1748 1577 δυνάμεως

171 1594 495 1664 γενομένην,
549 1596 646 1649 καὶ
696 1598 899 1660 παντὸς
976 1598 1144 1667 ὓψους
1196 1597 1560 1669 ἐπαιρομένου
1607 1598 1749 1651 κατά

167 1683 275 1752 τῆς
306 1683 557 1751 γνώσεως
586 1684 678 1737 τοῦ
709 1684 847 1738 Θεοῦ
882 1686 1164 1748 παντελῶς
1217 1687 1610 1755 ἀφανιστικήν·
1654 1686 1746 1741 καὶ

170 1774 251 1844 τῷ
282 1775 452 1829 δοκεῖν
485 1776 813 1846 σωματικῶς
844 1776 1047 1830 ἁλῶναι
1072 1780 1193 1838 ταῖς
1237 1777 1521 1848 ἐπηρείαις
1546 1777 1746 1847 μᾶλλον

170 1867 560 1936 πνευματικῶς
582 1867 996 1938 δυναμουμένην
1022 1886 1036 1901 ο
1075 1870 1213 1939 ὅπερ
1242 1871 1305 1921 ἐκ
1328 1846 1422 1920 τοῦ
1463 1846 1655 1921 παθεῖν
1680 1871 1746 1939 τῇ
1780 1846 1822 1899 Β

173 1956 343 2028 πείρᾳ
369 1957 558 2028 μαθὼν
580 1960 608 2011 ό
646 1960 702 2011 ἐν
730 1959 1005 2029 καινότητι
1033 1959 1128 2015 τοῦ
1164 1960 1501 2028 Πνεύματος,
1542 1960 1657 2012 ἀλλ’
1686 1960 1746 2012 οὐ

173 2051 496 2123 παλαιότητι
526 2050 877 2121 γράμματος,
910 2054 1011 2122 τῆς
1037 2052 1094 2103 ἐν
1117 2049 1337 2122 Χριστῷ
1366 2051 1502 2120 πρὸς
1523 2051 1592 2103 τὰ
1621 2050 1748 2121 ἔθνη

171 2142 420 2207 διάκονος
467 2145 814 2213 προφητικῆς
873 2144 1166 2213 γενόμενος
1203 2143 1441 2213 χάριτος,
1478 2143 1690 2207 Παῦλος
1714 2146 1748 2215 ἡ

179 2234 388 2305 μεγάλη
443 2232 679 2303 σάλπιγξ
709 2237 811 2305 τῆς
838 2234 1117 2305 ἀληθείας,
1147 2237 1422 2305 Ἔχομεν,
1456 2236 1611 2305 φησὶ,
1644 2238 1753 2290 τὸν

180 2327 486 2394 θησαυρὸν
513 2326 729 2380 τοῦτον
782 2327 855 2381 ἐν
898 2327 1283 2395 ὀστρακίνοις
1332 2328 1608 2380 σκεύεσν
1653 2328 1752 2396 θη-

182 2418 377 2488 σαυρὸν
409 2418 602 2488 λέγων,
628 2420 719 2472 τὸν
751 2420 908 2487 λόγον
937 2420 1034 2490 τῆς
1062 2420 1284 2489 χάριτος
1306 2436 1319 2449 ·
1354 2418 1671 2487 όστράκινον
1696 2418 1752 2471 δὲ

180 2508 394 2572 σκεῦος,
424 2509 484 2561 τὸ
523 2508 683 2579 σῶμα
720 2508 879 2562 τοῦτο
923 2510 984 2561 τὸ
1035 2509 1310 2576 παθητόν·
1355 2508 1388 2576 ἢ
1434 2508 1531 2577 τὴν
1573 2510 1632 2560 ἐν
1676 2507 1754 2578 τῷ

179 2599 322 2671 λόγῳ
350 2598 429 2671 τῷ
457 2601 599 2654 κατὰ
629 2601 914 2671 προφορὰν
944 2597 1310 2671 νομιζομένην
1343 2601 1631 2663 ίδιωτείαν,
1655 2600 1754 2670 τὴν

184 2692 365 2744 πᾶσαν
392 2690 486 2744 τοῦ
517 2690 723 2761 κόσμου
768 2692 866 2762 τὴν
898 2692 1092 2761 σοφίαν
1126 2693 1429 2762 νικήσασαν
1451 2710 1463 2721 ’
1496 2692 1528 2762 ἢ
1571 2693 1753 2763 χωρή-

182 2799 375 2849 σασαν,
412 2782 595 2847 καθώς
641 2784 789 2836 ἐστιν
828 2785 1072 2851 ἐφικτὸν,
1102 2785 1203 2855 τὴν
1236 2784 1521 2855 ἀχώρητον
1548 2782 1627 2853 τῷ
1659 2785 1753 2837 κό⁴

184 2889 308 2943 σμῳ
340 2875 686 2929 παντάπασιν
718 2874 811 2927 τοῦ
840 2874 975 2927 Θεοῦ
1012 2874 1224 2944 σοφίαν,
1255 2875 1350 2928 καὶ
1375 2874 1469 2927 τοῦ
1508 2877 1629 2928 κατ’
1654 2876 1752 2928 αὑ-

176 2965 285 3034 τὴν
311 2963 423 3036 [Fu
458 2966 583 3019 καθ’
612 2965 760 3037 ὅσον]
794 2968 974 3034 φωτὸς
1007 2966 1106 3036 τῆς
1134 2966 1369 3033 ἀληθοῦς
1407 2967 1755 3035 ἐπιγνώσεως

177 3055 281 3127 τὴν
312 3056 635 3128 οἰκουμένην
666 3057 796 3127 ὃλην
821 3058 1350 3128 πληρώσασαν.⁶⁸1να
1373 3060 1411 3125 ἡ
1447 3057 1753 3127 ὑπερϐολὴ

179 3146 298 3215 τῆς
326 3146 635 3217 δυνάμεως
669 3142 712 3219 ᾗ
742 3148 849 3203 τοῦ
892 3147 1060 3215 Θεοῦ,
1088 3149 1185 3203 καὶ
1214 3148 1302 3219 μὴ
1334 3150 1402 3214 ἐξ
1431 3149 1633 3219 ἡμῶν·
1686 3150 1757 3204 ἐν

177 3239 385 3305 παντὶ,
433 3215 793 3308 θλιϐόμενοι,
852 3240 994 3294 ἀλλ’
1043 3244 1114 3296 οὐ
1175 3215 1756 3311 στενοχωρούμενοιο
1785 3215 1827 3274 C

178 3331 607 3401 ἀπορούμενοι,
644 3333 782 3387 ἀλλ’
809 3334 918 3386 οὐκ
948 3332 1444 3402 ἐξαπορούμενοι·
1477 3332 1760 3401 διωκόμε-

176 3437 301 3487 νοι,
328 3421 469 3476 ἀλλ’
518 3423 632 3477 οὐκ
669 3423 1273 3491 ἐγκαταλειπόμενοι·
1313 3424 1760 3492 καταϐαλλόμε-

176 3529 300 3577 νοι,
331 3513 471 3568 ἀλλ’
500 3515 611 3568 οὐκ
638 3514 1071 3583 ἀπολλύμενοι.
1092 3514 1359 3568 Πάντοτε
1392 3514 1505 3583 τὴν
1541 3513 1761 3581 νέκρω-

176 3621 295 3660 σιν
323 3606 428 3660 τοῦ
463 3605 659 3674 Ἰησοῦ
687 3608 757 3660 ἐν
778 3605 857 3671 τῷ
895 3606 1122 3675 σώματι
1171 3607 1610 3675 περιφέροντες,
1660 3606 1761 3659 ἵνα

176 3696 289 3751 καὶ
311 3698 349 3765 ἡ
384 3696 492 3768 ζωὴ
532 3699 640 3753 τοῦ
675 3699 870 3767 Ἰησοῦ
898 3700 968 3751 ἐν
1012 3698 1092 3763 τῷ
1122 3699 1347 3767 σώματι
1369 3698 1539 3768 ἡμῶν
1575 3715 1759 3767 φανε-

167 3788 368 3860 ρωθῇ.
407 3790 525 3844 Ἀεὶ
563 3793 676 3859 γὰρ
706 3789 877 3859 ἡμεῖς
905 3792 959 3843 οὶ
1008 3789 1219 3856 ζῶντες
1246 3793 1334 3856 εὶς
1364 3790 1623 3845 θάνατον
1650 3805 1758 3843 πα-

168 3880 544 3950 ραδιδόμεθα
595 3880 692 3933 διὰ
721 3880 979 3948 Ἰησοῦν,
1027 3882 1129 3935 ἵνα
1177 3883 1215 3950 η
1262 3880 1375 3950 ζωὴ
1428 3882 1534 3936 τοῦ
1566 3882 1761 3949 Ἰησοῦ

176 3971 504 4041 φανερωθῇ
529 3972 599 4025 ἐν
626 3970 701 4039 τῇ
736 3970 926 4041 θνητῇ
956 3974 1135 4041 σαρκὶ
1165 3973 1353 4043 ἡμῶν.
1379 3975 1559 4028 Ὥστε
1593 3978 1625 4029 ό
1656 3973 1762 4029 θά-

173 4078 367 4128 νατος
398 4062 469 4116 ἐν
506 4062 651 4132 ἡμῖν
696 4063 1051 4131 ἐνεργεῖται·
1102 4066 1141 4133 ἡ
1193 4063 1261 4117 δὲ
1305 4063 1441 4133 ζωὴ.
1480 4066 1549 4119 ἐν
1594 4065 1759 4134 ὑμῖν.

188 4154 372 4226 ’Υπὲρ
423 4154 684 4225 ἀληθείας
720 4156 830 4225 γὰρ
880 4156 971 4208 τὸν
1007 4155 1064 4209 ἐν
1119 4158 1233 4217 τοῖς
1290 4156 1578 4227 παθήμασι
1639 4155 1761 4210 καθ’

172 4244 438 4299 ἑκούσιον
492 4247 719 4316 γνώμην
768 4245 1075 4309 ἀνευθύνως
1150 4247 1517 4315 ὑπομένοντες
1593 4248 1763 4302 θάνα-

170 4352 271 4390 τον
299 4334 435 4407 (17),
469 4338 517 4389 οἱ
548 4335 643 4389 τοῦ
674 4336 832 4405 λόγου
878 4336 974 4407 τῆς
1004 4336 1232 4407 χάριτος
1250 4326 1540 4407 ’γενόμενοι
1591 4339 1764 4408 κήρυ-

170 4443 305 4491 κες,
332 4426 431 4499 τὴν
459 4428 517 4481 ἐν
546 4428 819 4497 πνεύματι
853 4430 973 4482 κατ’
1005 4429 1301 4497 ἐπίγνωσιν
1334 4429 1589 4499 ἀληθείας
1618 4431 1764 4500 ζωὴν
1801 4468 1807 4474 ο

1846 597 1989 651 forte
2026 596 2398 661 existimabat,
2431 594 2591 664 255
2647 606 2707 647 ιιι
2749 591 3195 663 persecutionum
3253 588 3306 641 vi
3364 600 3428 641 ac

1847 687 2046 757 injuria
2077 687 2307 759 gratiam
2343 687 2607 756 operiret,
2664 685 2813 739 velut
2863 693 3018 736 cetus
3061 681 3424 750 prophetam;

1847 780 1994 834 haud
2020 790 2203 834 tamen
2233 793 2629 849 usquequaque
2664 777 2903 831 retinere
2941 775 3143 843 potuit,
3177 772 3271 841 qui
3302 787 3426 841 gra-

1850 872 1938 926 tiae
1967 872 2051 925 vis
2077 871 2375 925 effectricis
2400 870 2703 939 potentiam
2730 866 3060 921 labefactare
3078 880 3187 917 non
3218 870 3426 932 posset;

1846 964 1995 1019 unde
2026 965 2189 1019 etiam
2218 964 2396 1034 majus
2438 961 2645 1031 aliquid
2671 960 2739 1013 ad
2790 956 3102 1028 splendoris
3145 953 3429 1009 cumulum

1845 1057 1895 1111 ei
1931 1055 2282 1121 conferebat,
2328 1060 2594 1123 priestans
2643 1050 2874 1111 scilicet,
2910 1056 2971 1102 ut
3023 1043 3430 1101 contrariorum

1849 1148 1967 1217 ipso
1995 1147 2261 1216 perictlo,
2296 1152 2508 1198 tantum
2538 1143 2707 1212 gratia
2739 1142 2792 1194 in
2820 1137 3108 1207 discipulis
3157 1134 3273 1189 suis
3308 1132 3431 1186 elu-

1848 1250 2017 1304 ceret,
2047 1248 2315 1309 quantum
2350 1250 2636 1306 aggressor
2668 1231 2972 1302 potentiam
3000 1230 3117 1299 ipse
3152 1241 3305 1282 suam
3340 1240 3434 1278 co-

1848 1342 1982 1386 natu
2016 1330 2257 1386 elidebat
2287 1346 2299 1381 :
2324 1328 2419 1398 qui
2449 1328 2710 1382 nimirum
2734 1324 2936 1378 nedum
2982 1322 3079 1376 abs
3119 1336 3177 1375 se
3205 1318 3432 1373 omnino

1849 1420 2331 1492 inexpugnabilem
2367 1419 2595 1489 gratiam
2656 1423 2930 1479 cerneret,
2979 1412 3074 1468 sed
3124 1419 3179 1465 et
3233 1417 3433 1464 natura

1849 1514 2100 1567 inclitam
2141 1517 2479 1575 sanctorum,
2520 1525 2641 1564 eam
2685 1507 2945 1579 gentibus
2987 1503 3429 1575 praedicandum,

1850 1604 2248 1670 infirmitatem,
2324 1602 2381 1656 in
2450 1601 2622 1655 robur
2674 1599 3103 1669 provehentem;
3159 1592 3432 1665 ejusmodi

1850 1698 2081 1762 scilicet,
2112 1704 2173 1751 ut
2199 1696 2319 1766 ejus
2353 1693 2691 1749 destruendo
2729 1690 3031 1763 potentiam
3082 1695 3250 1750 esset,
3309 1700 3431 1738 om-

1851 1803 2089 1859 nemque
2155 1786 2426 1841 abolendo
2489 1786 2908 1846 sublimitatem,
2970 1796 3028 1835 se
3076 1778 3432 1834 extollentem

1851 1882 2111 1935 adversus
2140 1878 2424 1933 scientiam
2452 1877 2549 1931 Dei
2570 1877 2613 1908 δ’
2642 1894 2654 1929 :
2694 1891 2815 1945 qua:
2843 1874 3101 1942 denique,
3130 1886 3195 1925 ea
3218 1868 3433 1923 ratione

1850 1988 1955 2043 qua
1980 1970 2341 2040 corporaliter
2382 1969 2601 2039 injuriis
2643 1967 2866 2021 videtur
2913 1964 3190 2023 fatiscere,
3234 1958 3430 2026 majori

1850 2060 2174 2130 spiritaliter
2204 2059 2402 2113 robore
2452 2057 2828 2112 confirmetur.
2883 2055 2941 2107 ῙιΙ
2997 2068 3130 2107 vero
3183 2050 3261 2104 rei
3312 2049 3432 2117 ipso

1849 2151 2115 2221 periculo,
2157 2149 2493 2219 prophetica:
2517 2148 2583 2202 ad
2626 2156 2817 2219 gentes
2858 2144 3043 2215 gratia:
3098 2143 3152 2197 in
3209 2140 3432 2196 Christo

1851 2240 2101 2295 minister
2132 2240 2187 2293 in
2245 2240 2545 2293 novitatem
2601 2238 2850 2306 spiritus,
2898 2249 3010 2288 non
3064 2233 3120 2286 in
3161 2237 3435 2285 vetustate

1852 2332 2049 2386 litterze
2074 2331 2321 2396 effectus,
2360 2345 2554 2399 magna
2589 2329 2681 2383 illa
2731 2326 2983 2381 veritatis
3046 2324 3197 2387 tuba,
3234 2322 3437 2376 Paulus

1853 2440 1977 2479 cum
2005 2423 2287 2478 didicisset
2318 2440 2333 2476 :
2369 2422 2655 2485 Habemus,
2707 2418 2905 2487 inquit,
2943 2418 3244 2470 thesaurum
3279 2414 3439 2466 istum

1853 2518 1907 2569 in
1937 2516 2073 2569 vasis
2110 2514 2283 2566 testeis
2309 2512 2352 2543 δ’
2374 2529 2388 2577 ;
2414 2526 2611 2579 nempe
2642 2508 2961 2564 thesaurum
2991 2518 3200 2558 vocans
3252 2499 3441 2571 gratia:

1854 2621 2165 2662 sermonem
2220 2613 2383 2673 atque
2436 2600 2778 2664 doctrinam;
2820 2612 2916 2651 vas
2949 2604 3131 2649 autem
3182 2599 3437 2655 testeum,

1854 2714 2053 2768 corpus
2086 2698 2191 2751 hoc
2218 2696 2446 2750 mortale
2480 2693 2749 2762 malisque
2780 2688 3113 2752 obnoxium;
3143 2684 3229 2739 vel
3253 2682 3441 2738 existi-

1855 2796 2055 2845 matam
2078 2790 2134 2843 in
2167 2787 2452 2858 prolatitio
2482 2798 2737 2839 sermone
2770 2779 3103 2850 imperitiam
3136 2786 3191 2831 et
3224 2774 3438 2829 rudita-

1857 2893 1988 2949 tem,
2025 2897 2147 2952 quae
2176 2894 2392 2934 omnem
2441 2875 2635 2930 mundi
2665 2872 2864 2927 vicerit
2915 2868 3269 2939 sapientiam;
3323 2865 3440 2919 sive

1856 2990 1979 3045 quae
2008 2972 2217 3027 mundo
2250 2985 2479 3041 prorsus
2522 2964 3056 3035 incomprehensam,
3085 2959 3267 3030 quoad
3311 2974 3442 3013 con-

1856 3078 2073 3119 cessum
2094 3070 2198 3127 est,
2222 3061 2318 3114 Dei
2355 3057 2678 3128 sapientiam
2695 3051 3195 3125 comprehenderit,
3212 3050 3443 3119 ejusque

1859 3157 2002 3211 lucis
2038 3168 2169 3209 vera
2232 3151 2513 3222 agnitione
2567 3149 2887 3203 universum
2933 3152 3206 3200 terrarum
3250 3141 3445 3195 orbem

1862 3245 2159 3318 repleverit
2185 3262 2199 3298 :
2242 3244 2307 3298 Ut
2338 3242 2650 3314 prwstantia
2676 3241 2744 3294 sit
2772 3238 2979 3293 virtutis
3010 3235 3127 3301 Dei,
3166 3241 3215 3287 et
3246 3248 3346 3285 non
3380 3246 3445 3285 ea:

1860 3341 2024 3394 nobis.
2083 3337 2143 3391 In
2177 3336 2413 3391 omnibus
2466 3332 2861 3386 tribulationem
2900 3329 3155 3399 patimur,
3195 3324 3285 3379 sed
3338 3339 3446 3377 non
3542 3398 3547 3405 _

1860 3431 2261 3501 angustiamur;
2292 3428 2611 3496 indigemus,
2637 3423 2726 3477 sed
2753 3438 2857 3475 non
2898 3419 3265 3481 destituimur;
3320 3430 3445 3485 per-

1858 3522 2173 3597 secutionem
2228 3518 2482 3587 patimur,
2518 3514 2608 3568 sed
2640 3530 2744 3567 non
2775 3511 3106 3574 deserimur;
3142 3508 3443 3577 dejicimur,

1858 3613 1946 3666 sed
1970 3628 2073 3665 non
2098 3610 2349 3680 perimus.
2384 3606 2598 3677 Semper
2618 3602 3075 3671 mortiﬁcationem
3093 3599 3217 3654 Iesu
3246 3600 3301 3652 in
3331 3613 3446 3649 eor-

1860 3720 1985 3775 pore
2013 3702 2456 3771 circumferentes,
2486 3707 2543 3750 ut
2577 3705 2625 3751 et
2658 3698 2765 3750 vita
2791 3695 2916 3749 Iesu
2938 3697 2993 3748 in
3022 3707 3237 3762 corpore
3266 3697 3445 3743 nostro

1860 3797 2242 3865 manifestetur.
2274 3791 2490 3861 Semper
2521 3790 2661 3843 enim
2690 3804 2804 3853 nos,
2833 3788 2922 3858 qui
2953 3786 3190 3847 vivimus,
3215 3782 3270 3835 in
3304 3795 3446 3832 mor-

1861 3897 1963 3941 tem
1990 3886 2255 3940 tradimur
2286 3889 2497 3953 propter
2526 3879 2727 3945 Iesum,
2755 3886 2811 3931 ut
2843 3886 2891 3931 et
2932 3878 3039 3932 vita
3087 3873 3213 3927 Iesu
3266 3870 3444 3924 mani-

1860 3980 2075 4048 festatur
2121 3978 2177 4030 in
2221 3990 2383 4029 carne
2431 3979 2613 4027 nostra
2678 3968 2915 4024 mortali.
2963 3967 3151 4037 Itaque
3202 3979 3343 4017 mors
3386 3961 3442 4013 in

1861 4072 2007 4125 nobis
2034 4079 2320 4141 operatur;
2343 4068 2452 4122 vita
2477 4073 2675 4129 autem,
2704 4066 2761 4118 in
2814 4063 2955 4117 vobis
3000 4062 3066 4115 ⁸³.
3121 4060 3261 4114 Dum
3295 4056 3445 4111 enim

1861 4172 2058 4236 sponte
2092 4176 2268 4230 exque
2300 4159 2468 4213 animi
2494 4156 2788 4222 sententia,
2828 4163 3065 4209 mortem
3116 4152 3172 4205 in
3228 4148 3445 4204 crucia-

1862 4257 2015 4311 tibus
2036 4271 2100 4310 ac
2125 4253 2408 4309 laboribus
2441 4252 2677 4321 positam
2714 4249 2854 4303 labis
2884 4246 3009 4317 puri
3052 4244 3320 4305 ferebant,
3350 4240 3444 4309 qui

1861 4346 2134 4404 sermonis
2156 4346 2344 4416 gratim
2364 4357 2645 4413 prtecones
2667 4342 2948 4405 exstitere,
2972 4339 3139 4392 vitam
3166 4336 3221 4389 in
3249 4333 3446 4403 spiritu

1860 4440 2110 4495 veritatis
2142 4436 2420 4507 agnitione
2444 4434 2701 4505 gentibus
2726 4433 3067 4489 inferebant:
3089 4428 3235 4499 quod
3258 4427 3445 4491 etiam,

168 4519 453 4589 ἐνήργουν
490 4522 601 4582 τοῖς
640 4518 849 4573 ἔθνεσιν
869 4537 883 4551 ο
913 4519 1101 4590 ὥσπερ
1128 4520 1210 4589 δὴ,
1237 4521 1332 4573 καὶ
1364 4521 1392 4572 ὁ
1423 4520 1626 4592 ταύτην
1665 4520 1759 4591 τὴν

1867 4533 1961 4603 qui
1992 4531 2179 4602 gratiae
2200 4530 2364 4600 hujus
2386 4528 2589 4598 praevie
2628 4536 2815 4598 typum
2842 4525 3029 4596 gessit,
3062 4522 3251 4585 Jonas,
3299 4518 3355 4572 in
3388 4533 3449 4573 se

1870 4623 1881 4630 .
2139 4620 2167 4630 _.
2447 4626 2458 4630 ,
2632 4625 2641 4630 _
2706 4624 2717 4630 Α
2802 4615 2836 4630 ,.
3163 4608 3447 4630 Lam“..-

168 4611 347 4681 χάριν
387 4611 841 4681 προδιατυπώσας
888 4614 945 4664 ἐν
990 4610 1165 4679 ἐαυτῷ
1197 4611 1475 4679 μυστικῶς
1498 4610 1765 4664 πέπονθεν

185 4702 409 4766 Ἰωνᾶς,
435 4705 560 4766 τοὺς
586 4704 869 4765 τοσούτους
899 4705 1060 4767 αὐτὸς
1085 4703 1320 4766 ἀνατλὰς
1342 4702 1641 4769 κινδύνους,
1678 4703 1766 4757 ἵνα

171 4793 329 4864 πρὸς
353 4793 445 4847 τὸν
475 4794 609 4848 Θεὸν
632 4796 697 4848 ἐκ
723 4795 932 4865 πλάνης
964 4794 1270 4864 ἐπιστρέψῃ
1298 4794 1424 4856 τοὺς
1451 4794 1760 4856 Νινευῖτας·

170 4884 283 4937 καὶ
315 4883 403 4936 διὰ
431 4883 591 4937 τοῦτο
641 4886 785 4938 κατὰ
828 4885 927 4955 τὴν
971 4884 1195 4937 ἐνοῦσαν
1245 4883 1323 4953 τῷ
1356 4883 1577 4951 ὀνόματι
1608 4882 1768 4937 δύνα-

174 4992 308 5045 μιν,
342 4976 489 5030 Θεοῦ
528 4976 680 5045 δόμα
712 4976 810 5033 καὶ
841 4977 988 5031 Θεοῦ
1021 4977 1207 5043 πόνος
1253 4976 1433 5039 καλῶς
1473 4976 1769 5047 ἑρμηνευό-

174 5082 375 5135 μενος.
402 5069 555 5139 Δόμα
584 5068 691 5139 γὰρ
719 5068 876 5135 Θεοῦ,
922 5069 1015 5121 καὶ
1046 5068 1217 5139 δῶρον
1241 5067 1316 5131 ὡς
1348 5068 1565 5138 ἀληθῶς
1594 5085 1766 5139 προσ-

173 5160 368 5226 φιλὲς,
400 5160 496 5213 καὶ
522 5160 933 5232 φιλάνθρωπον·
968 5161 1062 5213 καὶ
1090 5160 1232 5222 Θεῖος
1261 5160 1443 5223 πόνος,
1486 5158 1582 5211 καὶ
1610 5159 1771 5211 ἐπαι-

172 5253 477 5322 νούμενος,
533 5254 567 5323 ἠ
620 5252 757 5323 πρὸς
800 5252 869 5305 τὰ
906 5251 1037 5322 ἔθνη
1085 5253 1241 5322 χάρις
1288 5252 1387 5322 τῆς
1431 5252 1771 5322 προφητείας

174 5345 363 5399 ἐστίν.
403 5346 553 5414 Δόμα
587 5347 703 5415 μὲν,
744 5345 819 5408 ὡς
848 5344 962 5414 φῶς
985 5343 1304 5414 δωρουμένη
1344 5344 1598 5412 γνώσεως
1640 5345 1771 5415 ἀλη-

175 5433 345 5500 θοῦς,
380 5434 474 5488 καὶ
496 5434 641 5504 ζωῆς
662 5434 973 5505 ἀφθαρσίαν
994 5434 1345 5504 παρεχομένη
1379 5437 1490 5497 τοῖς
1512 5434 1770 5505 ὑποδεχο-

177 5527 378 5598 μένοις
410 5528 601 5596 αύτήν⁶
640 5526 774 5593 Θςοῦ
804 5526 862 5579 δὲ
892 5527 1070 5592 πόνος,
1097 5525 1171 5590 ὡς
1196 5526 1456 5580 πείθουσα
1490 5529 1601 5590 τοῖς
1630 5528 1769 5596 ὑπὲρ

172 5618 451 5690 ἀληθείας
480 5618 985 5683 ἐγκαλλωπίζεσθαι
1018 5618 1219 5683 πόνοις,
1246 5619 1371 5681 τοὺς
1404 5618 1574 5689 αὐτῆς
1598 5618 1772 5672 διακό-

254 5796 305 5830 ⁵¹
330 5796 377 5852 ll
414 5795 540 5853 Cor.
571 5812 621 5862 x,
662 5796 711 5852 5.
792 5797 837 5827 "
868 5796 909 5850 ll
937 5795 1061 5851 Cor.
1093 5812 1164 5859 1v,
1200 5798 1249 5850 7.
1345 5796 1387 5828 ⁸³
1425 5797 1555 5852 ibid.
1590 5798 1736 5851 7-12.

1869 4623 1986 4692 ipse
2008 4620 2237 4691 mystice
2271 4626 2534 4687 expertus
2564 4625 2667 4677 est,
2703 4615 2870 4669 tantis
2917 4612 3131 4666 scilicet
3157 4608 3450 4663 defunctus

1866 4710 2172 4772 laboribus,
2204 4715 2264 4760 ut
2312 4705 2586 4759 Ninivitas
2628 4704 2698 4758 ab
2741 4718 2928 4759 errore
2957 4700 3120 4769 256
3153 4697 3220 4751 ad
3274 4696 3447 4749 Deum

1872 4808 2254 4866 converteret;
2283 4814 2556 4869 quemque
2581 4796 2742 4861 adeo,
2774 4809 2874 4865 pro
2937 4793 3057 4862 ejus
3106 4790 3189 4843 vis
3235 4787 3446 4839 ratione

1872 4911 1994 4966 quae
2020 4895 2163 4949 inest
2177 4893 2411 4954 nomini,
2445 4891 2543 4945 Dei
2572 4890 2790 4953 donum,
2823 4886 3016 4955 Deique
3056 4881 3287 4935 laborem
3323 4877 3446 4947 pul-

1873 4988 2006 5041 chre
2035 4982 2445 5053 interpreteris.
2477 4982 2573 5037 Dei
2602 4980 2752 5034 enim
2784 4991 3007 5039 munus,
3035 4989 3098 5028 ac
3142 4986 3271 5025 vere
3312 4968 3449 5023 ami-

1870 5090 1998 5130 cum
2041 5073 2267 5139 donum,
2303 5070 2766 5141 impensiorisque
2799 5063 3103 5122 clementiae
3136 5076 3201 5115 ac
3253 5060 3450 5112 huma-

1868 5165 2090 5231 nitatis;
2126 5164 2457 5233 divinusque
2522 5176 2587 5216 ac
2625 5158 2787 5214 laude
2822 5152 3241 5227 prosequendus
3269 5150 3445 5213 labor,

1868 5257 2122 5327 gentibus
2152 5254 2422 5310 destinata
2452 5250 2754 5325 prophetiae
2776 5247 2947 5318 gratia
2972 5243 3207 5299 exsistit.
3254 5240 3451 5293 Munus

1871 5346 2097 5417 quidem
2146 5360 2209 5400 ac
2284 5345 2511 5410 donum,
2559 5356 2678 5413 qua:
2724 5339 2934 5395 scilicet
2975 5350 3097 5390 eam
3146 5330 3452 5400 suscipien-

1873 5437 2023 5492 tibus
2070 5452 2213 5491 vera:
2245 5437 2424 5490 lucem
2458 5433 2702 5489 scientiae
2758 5431 2945 5493 donet,
2999 5442 3063 5481 ac
3101 5424 3227 5479 vita:
3272 5423 3454 5475 incor-

1874 5529 2189 5599 ruptionem
2241 5534 2492 5598 praestet;
2561 5524 2657 5579 Dei
2714 5532 2897 5577 autem
2971 5518 3152 5582 labor,
3192 5527 3315 5584 quae
3358 5510 3448 5563 ni-

1880 5622 2079 5676 mirum
2146 5619 2320 5689 ipsius
2390 5616 2685 5681 ministris,
2765 5623 2829 5668 ut
2877 5609 3163 5667 laboribus
3224 5600 3449 5659 virtutis
