3986 6412
158 367 290 436 ’105

1251 364 1748 437 ΟΗίΕδΤΙΟΝΕΒ
1787 362 1887 423 ΑΙ)
1923 360 2435 422 THALASSIUM.

3358 357 3465 422 706

157 483 422 551 ἐπάγειν
447 481 765 552 παραυτίκα
792 479 871 550 τῷ
904 479 1148 534 πίνοντι·
1197 479 1373 552 θυμοῦ
1405 481 1462 534 δέ
1489 480 1768 551 προδήλως

1881 489 1993 528 uno
2021 471 2298 528 duntaxat
2338 486 2538 535 sensu,
2573 476 2829 540 tanquam
2875 483 3118 541 gramen,
3171 483 3358 524 rerum
3408 469 3467 526 in

163 570 457 643 σύμϐολον
483 571 722 641 ὑπάρχει
755 570 815 623 τὸ
838 565 996 641 αἷμα.
1026 569 1284 641 Πρόϐατα
1318 570 1376 623 δέ
1419 587 1582 638 φασιν
1608 565 1770 633 εἶναι,

162 661 370 731 ψεκτὰ
391 661 613 733 δηλαδή,
644 661 770 724 τοὺς
795 661 1038 731 ἀνοήτως
1068 661 1212 714 κατὰ
1246 660 1416 732 μόνην
1448 660 1546 732 τὴν
1577 658 1772 731 αἴσθη-

165 767 274 806 σιν
314 751 454 825 πρὸς
488 753 662 816 πάθος
692 752 1026 823 νεμομένους
1059 751 1135 817 ὡς
1190 753 1328 806 πόαν
1359 751 1457 824 τὴν
1505 751 1615 806 τῶν
1643 755 1775 822 ὁρα-

158 845 294 900 τῶν
362 843 620 915 θεωρίαν.
678 844 912 908 Ψεκτῶς
949 845 1061 912 γὰρ
1105 843 1322 898 κεῖσθαι
1369 842 1544 896 ταῦτα
1596 842 1774 896 πάντα

156 935 328 991 κατὰ
358 936 550 990 τοῦτον
579 936 677 1006 τῆς
707 936 931 1007 Γραφῆς
953 935 1047 989 τὸν
1077 935 1241 988 τόπον
1275 933 1636 1005 ὑπονοοῦμεν,
1666 933 1772 998 ἓως

153 1031 190 1083 ὁ
232 1030 404 1098 λόγος
436 1027 638 1092 λαϐὼν,
684 1028 821 1099 πρὸς
871 1029 932 1082 τὸ
980 1031 1229 1100 κρεῖττον
1275 1029 1414 1082 αὐτὰ
1456 1026 1768 1097 μεταϐάλοι.

157 1121 352 1176 Ὀθεν
380 1119 592 1184 τούτοις
623 1119 820 1190 ἐπάγει
859 1120 1086 1189 φάσκων
1111 1121 1139 1172 ὁ
1165 1121 1338 1186 Λόγος
1360 1137 1375 1152 ’
1409 1120 1506 1188 Μὴ
1549 1119 1771 1190 γευσά-

153 1217 454 1276 σθωσαν,
503 1212 661 1282 μηδὲ
717 1211 1139 1282 νεμέσθωσαν·
1187 1212 1286 1266 καὶ
1315 1211 1472 1280 ὕδωρ
1514 1212 1600 1281 μὴ
1649 1211 1774 1265 πιέ-

155 1320 386 1360 τωσαν
408 1321 422 1336 ο
459 1304 603 1358 λύων
634 1305 837 1376 δηλαδὴ
864 1304 964 1368 τὰς
999 1303 1272 1376 προτέρας
1301 1305 1386 1374 ἐφ’
1413 1304 1632 1375 ἑκάστῳ
1664 1303 1772 1356 τῶν

160 1398 494 1469 εἰρημένων
525 1397 857 1462 συστατικὰς
906 1397 1016 1452 τῶν
1066 1397 1257 1451 παθῶν
1288 1397 1493 1460 αἰτίας,
1547 1397 1668 1467 μεθ’
1707 1397 1773 1462 ἃς

161 1489 594 1562 ἀναιρουμένας
621 1489 721 1561 τὴν
753 1489 891 1561 πρὸς
933 1492 994 1542 τὸ
1041 1492 1296 1561 κρεῖττον
1331 1488 1637 1560 μεταϐολὴν
1663 1489 1773 1542 τῶν

163 1596 316 1634 ποτε
346 1583 458 1645 τοῖς
493 1583 684 1644 κακοῖς
725 1579 1155 1652 ἐπιτηδεύμασιν
1202 1582 1605 1652 ἐνεσχημένων,
1654 1583 1774 1636 ἐπι-

160 1670 552 1741 δεικνύμενος,
585 1672 870 1744 ἐπιφέρει·
899 1672 1006 1726 Kal
1035 1672 1461 1741 περιεϐάλοντο
1497 1673 1772 1741 σάκκους

162 1763 228 1815 οἱ
274 1762 598 1830 ἅνθρωποι,
641 1762 743 1816 καὶ
776 1762 850 1817 τὰ
877 1763 1092 1831 κτήνη,
1120 1763 1219 1819 καὶ
1246 1765 1594 1835 ἀνεϐόησαν
1621 1765 1772 1835 πρὸς

1875 573 2162 636 aspectum
2213 563 2529 619 cadentium
2563 562 2996 632 speculationem
3023 571 3311 632 usurpant.
3338 561 3468 617 Hinc

1875 658 2024 714 enim
2079 657 2295 718 omnia,
2324 655 2430 710 hoc
2461 669 2624 725 quem
2653 669 2939 708 versamus
2977 653 3276 723 Scriptura:
3321 654 3464 719 loco,

1876 747 1952 802 ita
1986 747 2161 818 accipi
2184 746 2544 808 arbitramur,
2584 754 2644 799 ut
2672 744 2949 813 vituperio
2975 743 3207 813 labeque
3241 759 3352 797 non
3377 758 3469 797 ca-

1877 846 2057 904 reant,
2092 839 2272 893 donec
2331 853 2394 891 ea
2437 853 2724 891 assumens
2759 836 2952 890 Sermo
2977 875 2990 900 ,
3045 836 3260 889 meliori
3311 835 3467 905 fruge

1874 929 2251 986 commutarit.
2321 928 2692 995 Quamobrem
2749 926 2837 981 bis
2887 927 3076 982 subdit
3134 925 3463 996 Scriptura:

1873 1016 1993 1078 Non
2022 1031 2253 1094 gustant,
2281 1039 2448 1094 neque
2477 1031 2788 1093 pascantur,
2819 1027 2869 1072 et
2896 1036 3001 1073 non
3027 1019 3204 1073 bibant
3235 1036 3468 1090 aquam;

1875 1131 2077 1185 nempe
2115 1114 2172 1168 in
2205 1115 2439 1186 singulis
2470 1130 2592 1184 qua:
2631 1113 2778 1168 dicta
2821 1122 2978 1177 sunt,
3009 1112 3224 1182 priores
3250 1127 3466 1173 causas,

1873 1205 2106 1260 atl‘ectus
2142 1206 2355 1261 scilicet
2387 1205 2632 1276 vitiaque
2659 1207 2964 1260 contlantes
2992 1245 3006 1270 ,
3059 1205 3311 1271 solvens;
3345 1205 3469 1275 qui-

1873 1298 1979 1353 bus
1999 1299 2252 1363 sublatis,
2288 1300 2355 1354 ad
2390 1315 2582 1355 eorum
2612 1299 2704 1370 qui
2734 1300 2919 1370 pravis
2941 1298 3240 1368 aliquando
3267 1297 3467 1353 studiis

1873 1388 2316 1455 distinebantur,
2372 1391 2590 1446 meliori
2644 1391 2799 1461 fruge
2847 1390 3210 1445 mutationem
3251 1389 3464 1460 signifi-

1873 1483 2105 1538 candam
2141 1483 2304 1539 infert
2338 1503 2351 1539 :
2381 1484 2454 1538 Et
2503 1487 2734 1556 coeperti
2780 1493 2904 1539 sunt
2957 1487 3123 1540 saccis
3155 1486 3390 1539 homines
3416 1493 3466 1536 et

1863 1577 2149 1648 jumenta;
2199 1586 2246 1631 et
2275 1577 2638 1649 clamauerunt
2675 1578 2745 1632 ad
2777 1577 3067 1632 Dominum
3111 1577 3278 1631 Deum
3309 1578 3464 1631 velte-

1873 1677 2095 1723 menter.
2128 1669 2199 1724 Et
2227 1670 2398 1724 aversi
2423 1679 2549 1723 sunt
2581 1671 2940 1741 unusquisque
2975 1690 3007 1725 a
3048 1673 3131 1725 via
3169 1688 3266 1724 sua
3293 1668 3462 1734 mala,

1875 1767 1923 1812 et
1961 1759 2024 1814 ab
2069 1761 2350 1832 iniquitate
2384 1776 2501 1832 qua:
2531 1769 2645 1815 erat
2678 1761 2733 1814 in
2763 1760 3004 1815 manibus
3043 1777 3244 1815 eorum.
3274 1758 3465 1814 Homi-

164 1854 402 1924 Κύριον
425 1857 534 1909 τὸν
564 1856 717 1910 Θεὸν
742 1853 1026 1922 ἐκτενῶς·
1091 1857 1189 1910 καὶ
1223 1856 1610 1928 ἀπέστρεψεν
1641 1859 1768 1914 ἕκα-

1873 1865 1992 1914 ncs,
2034 1852 2114 1906 uti
2153 1850 2425 1914 dicebam,
2467 1851 2772 1922 appellatos
2795 1867 2889 1908 eos
2918 1852 3310 1923 intelligamus,
3348 1852 3466 1922 qui,

168 1962 333 2012 στος
362 1946 430 2000 ἐκ
458 1946 570 2016 τῆς
605 1947 749 2002 ὀδοῦ
784 1947 972 2002 αὐτοῦ
1026 1947 1316 2018 πονηρᾶς,
1351 1949 1450 2004 καὶ
1497 1951 1618 2006 ἀπὸ
1657 1951 1769 2021 τῆς

170 2035 422 2105 ἀδικίας
461 2037 573 2108 τῆς
602 2039 673 2092 ἐν
699 2040 938 2109 χερσιν.
980 2038 1351 2112 Ἀνθρώπους,
1386 2041 1461 2105 ὡς
1493 2041 1652 2115 ἔφην,
1684 2042 1771 2096 λέ-

171 2128 376 2198 γεσθαι
409 2131 696 2202 νοήσομεν,
721 2133 849 2197 τοὺς
875 2133 1228 2203 ἐνεχομένους
1251 2133 1394 2187 κατὰ
1421 2133 1771 2206 ἐσφαλ-μένην

171 2221 276 2276 τοῦ
308 2221 466 2292 λόγου
489 2223 671 2295 κρίσιν
698 2224 803 2277 ὑπὸ
826 2224 933 2278 τῶν
957 2223 1205 2295 ψυχικῶν
1234 2227 1576 2297 παθημάτων
1596 2244 1610 2258 ·
1647 2229 1771 2300 κτή-

173 2329 248 2384 νη
281 2313 358 2379 δέ,
389 2313 517 2377 τοὺς
544 2313 666 2367 καθ’
693 2315 887 2387 ήδονὴν
925 2316 1070 2369 κατὰ
1098 2315 1196 2388 τὴν
1223 2317 1318 2370 τοῦ
1344 2316 1519 2387 θυμοῦ
1550 2319 1645 2372 καὶ
1668 2320 1768 2389 τῆς

177 2402 482 2475 ἐπιθυμίας
514 2405 888 2480 παράχρησιν,
929 2409 1043 2472 τοῖς
1092 2411 1430 2479 σωματικοῖς
1475 2412 1766 2482 προσηλω-

184 2491 383 2564 μένους
412 2494 756 2567 παθήμασιν,
791 2497 1001 2561 πάντας
1051 2498 1306 2572 καθάπερ
1341 2502 1581 2565 σάκκους
1608 2518 1766 2574 περι-

76 2599 80 2630 :
184 2581 555 2654 ϐαλλομένους
601 2584 701 2656 τὴν
750 2585 1020 2657 νέκρωσιν
1082 2586 1193 2640 τῶν
1248 2588 1341 2641 ἐπὶ
1396 2588 1499 2658 γῆς
1565 2588 1764 2659 μελῶν,

78 2671 84 2720 i
180 2675 352 2746 ἧγουν
391 2677 595 2741 παντὸς
622 2677 718 2731 τοῦ
751 2678 940 2748 χοϊκοῦ
966 2679 1133 2750 νόμου
1162 2697 1222 2734 τε
1253 2681 1349 2734 καὶ
1376 2683 1727 2753 φρονήματος
1750 2698 1762 2712 ·

75 2781 86 2818 ι
185 2767 283 2821 καὶ
326 2767 673 2834 ἀναὸοῶντας
742 2770 981 2835 ἐκτενῶς
1009 2787 1022 2801 ο
1070 2772 1374 2832 τουτέστιν,
1431 2773 1640 2844 μεγάλῃ
1700 2775 1766 2845 τῇ

79 2875 88 2906 :
185 2860 361 2929 φωνῇ,
393 2860 564 2928 ήγουν
593 2863 658 2932 τῇ
687 2861 830 2915 κατὰ
857 2860 958 2931 τῆς
984 2860 1219 2932 ἀνομίας
1249 2862 1539 2934 παρρησίᾳ
1573 2861 1770 2930 ἐξαγο-

76 2952 89 3001 έ
188 2946 445 3018 ρεύοντας
492 2951 601 3004 τῶν
639 2952 922 3024 προτέρων
969 2953 1391 3025 ἁμαρτημάτων
1420 2955 1520 3026 τὴν
1549 2953 1768 3009 ἄδειανο

1876 1952 2096 1998 errante
2157 1943 2392 1998 rationis
2451 1943 2703 2014 judicio,
2768 1943 3104 1998 animalibus
3177 1934 3470 1999 aﬂ'eCtibus

1876 2035 2410 2106 aegritudinibusque
2441 2036 2795 2092 tenebantur.
2820 2037 3076 2093 Jumenta
3118 2045 3302 2092 autem
3346 2052 3464 2100 eos,

1878 2129 1972 2198 qui
2001 2128 2236 2184 libidine
2271 2144 2372 2200 per
2395 2129 2492 2184 irae
2525 2129 2759 2184 abusum
2790 2145 2854 2185 ac
2893 2129 3234 2200 cupiditatis,
3265 2140 3466 2197 corpo-

1878 2218 2089 2273 ralibus
2115 2219 2322 2274 addicti
2349 2219 2496 2275 vitiis
2521 2228 2679 2276 erant
2702 2239 2716 2287 ;
2739 2220 2835 2291 qui
2867 2235 3062 2275 omnes
3093 2219 3246 2273 velut
3291 2217 3466 2272 saccis

1875 2306 2275 2372 membrorum,
2304 2323 2427 2377 quat
2457 2318 2589 2364 sunt
2625 2324 2792 2379 super
2814 2317 3017 2364 terram
3051 2310 3310 2378 (terrente
3352 2307 3466 2362 sci-

1870 2399 2002 2455 licet
2039 2401 2221 2456 omnis
2265 2403 2421 2473 legis,
2464 2401 2792 2474 sensusque)
2834 2402 3276 2465 mortiﬁcatione,
3332 2415 3468 2471 0pc-

1874 2492 2091 2548 riantur
2120 2495 2202 2560 ⁸⁵;
2234 2496 2586 2567 clamentque
2606 2496 2990 2558 vehementer,
3043 2509 3235 2565 magna
3275 2496 3468 2562 utique

1873 2594 2245 2657 contentaque
2265 2603 2435 2655 voce;
2473 2589 2731 2643 clamoris
2776 2587 3042 2643 nimirum
3078 2585 3278 2640 fiducia
3301 2584 3470 2654 258

1868 2679 2136 2736 adversus
2165 2680 2576 2750 improbitatem
2606 2681 2854 2751 priorum
2880 2681 3155 2735 scelerum
3183 2677 3466 2733 licentiam

1869 2772 2270 2841 conﬁteantur;
2305 2790 2370 2830 ac
2396 2775 2552 2845 quasi
2599 2791 2630 2829 a
2666 2775 2754 2829 via
2784 2773 3042 2844 quadam,
3075 2789 3106 2827 a
3135 2787 3299 2827 cursu
3327 2785 3464 2825 con-

1876 2876 2068 2934 sueto,
2120 2885 2327 2939 eaque,
2377 2884 2542 2939 quam
2582 2868 2756 2923 veluti
2816 2869 3092 2932 manibus,
3151 2865 3465 2921 actionibus

1874 2961 2346 3030 exsequebantur,
2375 2961 2671 3030 iniquitate
2703 2960 3023 3016 abscedant.
3174 2965 3180 3022 ἒ

76 3064 86 3094 Γ
185 3042 281 3096 καὶ
319 3019 724 3114 ἀφισταμένους
752 3019 828 3108 ὡς
854 3043 977 3099 ὁδοῦ
1005 3019 1153 3108 τινος
1175 3019 1271 3099 τοῦ
1296 3045 1440 3100 κατὰ
1474 3019 1763 3118 συνήθειαν
1799 3019 2044 3123 δρόμουῖ
2069 3053 2162 3106 καὶ
2216 3054 2314 3122 τῆς
2335 3019 2424 3117 ’ὡς
2464 3019 2522 3106 ἐν
2587 3053 2777 3123 χερσὶν
2815 3053 2936 3116 ταῖς
2984 3019 3251 3123 πράξεσιν
3285 3052 3468 3121 ,ἐνερ-

79 3157 91 3190 ι
185 3153 284 3207 γου
293 3139 459 3209 μένης
486 3138 722 3203 ἀδικίας.

257 3232 410 3287 Οὕτω
445 3232 545 3303 μὲν
593 3228 688 3287 οὖν
747 3233 828 3296 είς
877 3232 980 3301 τὴν
1021 3231 1210 3304 κοινὴν
1245 3231 1428 3302 φύσιν,
1470 3232 1634 3304 ήτουν
1672 3233 1768 3304 τὴν

1948 3236 2039 3292 Sic
2065 3237 2254 3309 igitur,
2286 3245 2500 3300 naturae
2532 3237 2844 3293 communis
2881 3244 3030 3309 typo,
3063 3236 3177 3292 sive
3209 3237 3470 3293 Ecclesia

173 3325 294 3380 τῶν
309 3325 475 3380 ἐθνῶν
513 3323 838 3397 Ἐκκλησίαν
860 3325 1110 3398 ήΝινευὴ
1134 3325 1419 3396 νοουμένη,
1451 3325 1539 3379 διὰ
1568 3327 1769 3390 παντὸς

174 3416 451 3470 δείκνυσιν
476 3415 534 3469 ἐν
563 3416 700 3488 αὐτῇ
731 3417 1074 3488 κηρύττοντα
1101 3418 1193 3471 τὸν
1255 3416 1441 3474 Ἰωνάν
1465 3433 1478 3448 ο
1520 3417 1769 3470 τουτέστι

172 3509 275 3564 ⁸τὸν
303 3509 458 3580 λόγον
495 3510 595 3581 τῆς
616 3511 968 3581 προφητικῆς
996 3509 1219 3582 χάριτος
1248 3526 1262 3540 ⁶
1311 3509 1406 3563 καὶ
1457 3509 1583 3562 καθ’
1635 3509 1766 3563 ἐκά-

179 3620 320 3674 στην
379 3603 594 3676 ἡμέραν
660 3603 799 3674 πρὸς
858 3604 951 3658 τὸν
1019 3604 1153 3658 Θεὸν
1201 3602 1599 3674 ἐπιστρέφοντα
1643 3603 1770 3666 τοὺς

173 3694 652 3766 πεπλανημένους.
702 3693 765 3748 El
797 3694 856 3749 δὲ
904 3696 1041 3767 πρὸς
1073 3696 1170 3766 τὴν
1220 3693 1314 3748 τοῦ
1367 3693 1487 3750 καθ’
1538 3692 1770 3748 ἕκαστον

170 3785 419 3858 Θεωρίαν
474 3788 574 3859 τὴν
607 3787 812 3860 Νινευὴ
863 3786 1096 3857 νοοῦμεν
1121 3785 1256 3860 (21),
1279 3786 1377 3857 τὴν
1408 3786 1640 3840 ἑκάστου
1663 3784 1769 3856 ψυ-

168 3878 285 3950 χὴν
314 3874 448 3932 εἷναί
488 3896 669 3949 φαμεν
712 3877 810 3951 τὴν
861 3878 1017 3932 πόλιν
1058 3875 1157 3948 τὴν
1200 3876 1466 3947 μεγάλην,
1519 3875 1655 3947 πρὸς
1701 3877 1770 3947 ἣν

166 3971 571 4028 ἀποστέλλεται
640 3971 1065 4044 παρανομοῦσαν
1121 3973 1150 4024 ὁ
1220 3971 1316 4023 τοῦ
1389 3969 1526 4022 Θεοῦ
1588 3969 1768 4038 λόγος,

157 4063 467 4136 κηρύττων
495 4065 784 4136 μετάνοιαν
812 4065 947 4136 πρὸς
979 4064 1146 4135 ζωήν.
1177 4063 1394 4135 Ταύτης
1434 4062 1492 4116 δὲ
1545 4061 1770 4134 βασιλέα

163 4156 410 4227 νοοῦμεν
451 4157 543 4210 τὸν
576 4157 702 4210 νοῦν
731 4173 744 4186 ·
783 4159 1049 4228 ἄρχοντας
1076 4155 1155 4220 δὲ,
1199 4155 1298 4218 τὰς
1350 4156 1626 4225 ἐμφύτους
1675 4154 1770 4207 δυ-

160 4249 374 4319 νάμεις
407 4265 419 4278 ·
452 4247 778 4320 ἀνθρώπους
811 4248 891 4315 δὲ,
933 4248 1060 4311 τοὺς
1116 4246 1385 4317 ἐμπαθεῖς
1434 4246 1726 4318 λογισμούς
1751 4262 1764 4278 ·

161 4341 354 4412 κτήνη
391 4340 469 4406 δὲ,
503 4340 573 4394 τὰ
605 4343 733 4412 περὶ
766 4339 827 4394 τὸ
883 4339 1043 4412 σῶμα
1084 4340 1208 4395 κατ’
1265 4338 1564 4409 ἐπιθυμίαν
1616 4339 1770 4409 κινή-

165 4449 331 4502 ματα
355 4449 368 4462 ·
405 4432 535 4503 βόας
566 4432 644 4500 δὲ,
679 4433 779 4497 τὰς
808 4431 949 4486 κατὰ
977 4432 1072 4485 τὸν
1097 4433 1267 4502 θυμὸν
1319 4432 1447 4502 περὶ
1488 4431 1556 4486 τὰ
1608 4431 1769 4487 ὑλικά

161 4524 567 4589 πλεονεκτικὰς
596 4527 840 4596 κινήσεις
868 4541 883 4556 ο
935 4525 1184 4597 πρόϐατα
1228 4525 1304 4590 δὲ,
1355 4525 1423 4579 τὰ
1481 4525 1624 4580 κατὰ
1669 4525 1770 4596 τὴν

1875 3331 2146 3401 gentium,
2204 3330 2482 3386 intellecta
2540 3331 2772 3395 Ninive,
2819 3329 2874 3384 in
2927 3346 2985 3386 se
3020 3331 3213 3385 Jonam
3252 3346 3471 3400 semper

1871 3423 2266 3493 praedicantem
2287 3422 2531 3478 ostendit
2557 3422 2777 3493 (nempe
2798 3437 3109 3478 sermonem
3130 3423 3469 3492 prepheticae

1870 3515 2107 3587 gratiae),
2140 3532 2368 3588 eosque,
2395 3517 2490 3586 qui
2530 3532 2725 3571 errore
2758 3517 2896 3586 lapsi
2933 3517 3063 3580 sint,
3116 3515 3365 3585 quotidie
3396 3515 3466 3569 ad

1870 3611 2044 3667 Deum
2069 3620 2505 3666 convertentem.
2540 3609 2634 3664 Sin
2663 3617 2848 3664 autem
2875 3609 2940 3664 ad
2973 3608 3216 3679 singulos
3245 3608 3470 3678 spirita-

1869 3703 1978 3758 lem
2022 3703 2250 3758 Ninives
2283 3702 2701 3774 intelligentiam
2736 3701 3076 3765 referamus,
3113 3700 3468 3771 uniuscujus-

1870 3810 1978 3865 que
2002 3805 2252 3850 nostrum
2286 3795 2546 3858 animam,
2580 3794 2862 3848 civitatem
2893 3792 3039 3847 illam
3064 3791 3326 3862 grandem
3344 3805 3469 3846 esse

1871 3884 2154 3951 dicemus;
2182 3883 2249 3939 ad
2283 3899 2447 3954 quam
2480 3883 2834 3953 improbitate
2863 3883 3179 3938 sordentem
3212 3882 3307 3937 Dei
3337 3882 3469 3937 Ser-

1871 3993 1960 4032 mo
1995 3975 2254 4042 mittitur,
2275 3975 2580 4046 prazdicans
2608 3975 2990 4043 ptenitentiam
3028 3975 3094 4028 ad
3121 3975 3309 4029 vitam.
3348 3973 3465 4028 Hu—

1865 4068 1960 4140 jus
1985 4081 2193 4137 regem,
2221 4074 2463 4120 mentem
2495 4064 2855 4135 intelligimus
2889 4082 2901 4118 :
2932 4079 3213 4134 proceres,
3248 4063 3467 4135 ingeni-

1873 4167 1956 4215 tas
1979 4159 2164 4214 vires:
2195 4157 2466 4222 homines,
2497 4155 2730 4211 libidine
2755 4165 3040 4211 concretas
3069 4155 3462 4226 cogitationes:

1867 4254 2141 4325 iumenta,
2175 4252 2268 4323 qui
2285 4251 2431 4306 circa
2456 4265 2658 4320 corpus
2688 4258 2872 4305 motus
2896 4250 3217 4321 cupiditatis
3241 4266 3470 4306 versan-

1875 4354 1964 4401 tur
2001 4363 2015 4399 :
2058 4345 2250 4410 boves,
2278 4343 2375 4398 irae
2406 4351 2589 4398 motus
2629 4359 2822 4398 avaros
2852 4358 2982 4413 erga
3015 4352 3232 4398 terrena
3267 4360 3280 4396 ε
3310 4359 3463 4408 oves,

1871 4451 2070 4494 sensus
2117 4436 2391 4491 motiones
2442 4435 2563 4490 sine
2609 4434 2924 4499 intellectu,
2973 4432 3176 4504 quibus
3206 4428 3292 4501 ea,
3344 4450 3474 4504 qua:

1874 4544 2098 4584 sensum
2141 4535 2384 4594 movent,
2441 4527 2833 4597 percipiamus.
2884 4526 2963 4580 Ac
3011 4526 3234 4596 quidem
3281 4541 3469 4597 regem

157 4616 432 4690 αἴσθησιν
465 4619 636 4689 χωρὶς
657 4617 897 4682 διανοίας
931 4617 1299 4688 ἀντιληπτικὰ
1347 4617 1456 4672 τῶν
1488 4617 1766 4687 αἰσθητῶν

1874 4624 1948 4696 (id
1980 4631 2087 4689 est,
2118 4623 2383 4690 animum)
2405 4620 2555 4674 velut
2581 4635 2610 4674 c
2645 4620 2818 4683 solio,
2847 4634 2876 4672 e
2910 4618 3112 4688 prioris
3143 4618 3467 4689 ignorantiae

159 4711 476 4781 κινήματα.
509 4712 620 4765 Καὶ
657 4713 750 4766 τὸν
787 4712 885 4782 μὲν
925 4711 1147 4782 βασιλέα
1179 4710 1304 4763 νοῦν
1337 4711 1414 4774 ὡς
1437 4711 1546 4764 ἀπὸ
1575 4711 1764 4782 θρόνου

161 4801 322 4864 τινὸς
344 4803 441 4873 τῆς
472 4803 614 4856 κατὰ
643 4803 743 4873 τὴν
770 4803 1045 4874 προτέραν
1074 4803 1301 4871 ἄγνοιαν
1341 4803 1765 4873 ἐξανιστάμενον

165 4891 366 4958 ἕξεως,
398 4895 494 4949 καὶ
519 4894 708 4968 ὥσπερ
741 4896 933 4968 στολὴν
962 4896 1062 4966 τὴν
1093 4895 1264 4967 ψευδῆ
1297 4893 1558 4966 περὶτῶν
1595 4893 1763 4947 ὄντων

162 4983 332 5049 δόξαν
355 4986 750 5059 ἀποτιθέμενον
772 5003 784 5018 ·
823 4988 916 5042 καὶ
939 4986 1015 5052 ὼς
1046 4988 1250 5041 σάκκον
1275 5003 1342 5038 πε
1353 4986 1762 5058 ριϐαλλόμενον,

165 5075 265 5131 τδν
310 5078 404 5130 ἐπὶ
444 5081 558 5142 τοῖς
600 5079 788 5143 κακῶς
815 5079 1128 5150 φρονηθεῖσι
1158 5079 1465 5151 μετάμελον
1491 5094 1505 5110 ο
1535 5078 1630 5132 καὶ
1671 5079 1766 5131 ἐπὶ

170 5171 378 5224 σποδοῦ
434 5171 787 5243 καθήμενον,
848 5174 948 5243 τῆς
1003 5173 1147 5228 κατὰ
1191 5175 1294 5243 τὴν
1345 5172 1621 5243 πτωχείαν
1670 5172 1763 5226 τοῦ

169 5262 488 5333 πνεύματος
514 5263 680 5328 ἕξεως
712 5282 726 5297 ι
766 5264 861 5319 καὶ
923 5265 1340 5336 προστάσσοντα
1390 5268 1502 5327 τοῖς
1550 5261 1763 5332 ἀνθρώ-

169 5371 300 5418 ποις
333 5355 428 5407 καὶ
456 5355 569 5420 τοῖς
588 5358 812 5429 κτήνεσι
841 5357 936 5410 καὶ
961 5358 1074 5420 τοῖς
1102 5356 1255 5427 βουσὶ
1289 5357 1382 5420 καὶ
1413 5358 1525 5421 τοῖς
1557 5354 1764 5426 προϐά-

167 5463 288 5510 τοις
311 5447 594 5517 νηστεύειν
615 5449 715 5520 τῆς
743 5467 802 5503 τε
833 5449 978 5504 κατὰ
1003 5447 1203 5502 κακίαν
1235 5447 1512 5520 βρώσεως,
1542 5448 1635 5500 καὶ
1664 5446 1762 5517 τῆς

169 5538 323 5594 κατὰ
365 5539 466 5610 τὴν
508 5539 730 5609 ἄγνοιαν
771 5539 986 5604 πόσεως
1012 5557 1028 5574 ·
1071 5540 1322 5596 τουτέστι
1368 5538 1622 5612 πράξεως
1660 5557 1763 5594 κα-

168 5630 288 5686 κῶν
322 5630 681 5702 ἀποσχέσθαι,
716 5635 805 5689 καὶ
859 5634 959 5706 τῆς
1010 5635 1132 5690 κατ’
1185 5633 1440 5706 αἴσθησιν
1480 5633 1762 5704 πεπλανη-

245 5813 294 5846 "
325 5812 535 5870 Coloss.
568 5830 648 5880 ιιι,
681 5815 732 5869 5.

1874 4716 2067 4770 habitu
2119 4729 2369 4784 surgere,
2406 4728 2469 4768 ac
2513 4711 2670 4782 quasi
2707 4712 2926 4774 stolam,
2975 4710 3167 4765 falsam
3195 4711 3263 4764 de
3296 4711 3464 4766 rebus

1871 4804 2291 4862 aestimationem
2326 4818 2565 4873 ponere;
2599 4801 2858 4871 velutque
2905 4817 3065 4856 sacco
3090 4843 3104 4867 ,
3139 4801 3463 4871 pmnitentia

1872 4897 2168 4969 cooperiri,
2213 4912 2404 4952 eorum
2442 4897 2665 4952 nomine
2699 4914 2822 4968 qure
2853 4896 2992 4951 male
3037 4895 3208 4949 sensit
3241 4912 3253 4947 :
3297 4902 3463 4964 atque
3536 4930 3538 4934 τ

1873 4990 1930 5045 in
1957 4991 2143 5045 cinere
2172 4988 2389 5055 sedere,
2437 4989 2630 5044 habitu
2672 4990 2886 5045 scilicet
2923 4989 3262 5058 paupertatis
3295 4989 3462 5058 spiri-

1873 5097 2002 5142 tus:
2031 5085 2351 5140 hominibus
2391 5086 2542 5150 item,
2575 5086 2861 5158 iumentis,
2906 5085 3106 5148 bobus,
3145 5082 3362 5148 ovibus,
3400 5090 3463 5136 ut

1873 5193 1904 5232 a
1935 5176 2196 5247 nequitiae
2229 5175 2354 5230 cibo
2372 5176 2623 5247 jejunent
2649 5190 2714 5230 ac
2767 5163 3088 5245 ignorantia:
3118 5181 3275 5243 potu,
3317 5187 3460 5243 prae—

1870 5271 2056 5340 cipere
2075 5309 2090 5332 ,
2121 5275 2182 5323 ut
2205 5283 2401 5338 nempe
2423 5283 2453 5322 a
2479 5268 2635 5322 malis
2653 5283 2712 5322 se
2739 5267 2952 5323 actibus
2980 5266 3223 5336 falsaque
3265 5279 3462 5320 sensus

1869 5362 2245 5432 speculatione
2301 5359 2648 5426 abstineant;
2677 5359 2960 5429 saccisque
2986 5357 3308 5428 operiuntur
3336 5355 3459 5426 (ha-

1869 5453 1989 5508 bitu
2037 5453 2251 5509 scilicet
2302 5451 2640 5523 huiusmodi,
2690 5466 2802 5521 quo
2837 5449 3178 5506 innaturales
3227 5447 3460 5502 affectus

1868 5545 2308 5614 exstinguantur,
2347 5557 2414 5598 ac
2441 5557 2566 5612 qua:
2599 5557 2666 5596 ex
2695 5549 2906 5595 natura:
2953 5539 3264 5594 rationibus
3303 5543 3457 5598 sunt,

1867 5632 2108 5688 virtutes
2157 5646 2221 5686 ac
2258 5629 2470 5686 notitia:
2514 5627 2895 5702 acquirantur)
2937 5647 2950 5684 :
2989 5629 3337 5701 clamentque
3386 5623 3458 5680 ad
