3986 6468
610 362 743 428 ῗοτ,

1775 362 1836 422 S.
1876 359 2165 421 MAXIMI
2204 357 2708 419 CONFESSORIS
3712 370 3788 436 τω

614 471 789 527 Deum
818 467 1191 533 vehementer,
1241 468 1447 538 prioris
1490 469 1702 524 scilicet
1742 468 1864 523 vita:
1893 468 2096 523 delicta
2137 483 2201 523 ac

2305 467 2472 537 μένης
2512 467 2746 536 θεωρίας
2767 483 2781 498 ’
2812 470 2907 521 καὶ
2939 466 3356 538 περιϐάλλεσθαι
3409 468 3521 541 [ἲν.
3564 478 3793 545 mpm.

615 560 859 616 facinora
906 568 1163 613 contente
1212 559 1503 613 enuntient
1526 598 1542 623 ,
1590 574 1894 628 sensusque
1928 558 2195 613 modestia

613 666 740 708 eum
767 651 984 721 placare
1029 649 1308 713 studeant,
1354 648 1449 719 qui
1479 648 1595 705 hate
1627 647 1817 704 eadem
1851 655 2034 717 potest
2058 662 2193 701 con-

613 740 860 806 donare;
897 747 1083 810 atque,
1117 737 1183 792 ad
1214 737 1478 792 virtutem
1509 736 1869 807 praestandam
1909 751 1974 792 ac
2002 736 2197 792 volun-

613 840 781 887 tatem
815 830 1137 887 servandam
1159 868 1176 893 ,
1207 828 1319 882 vim
1357 828 1753 882 immutabilem
1800 843 1865 882 ex
1893 841 1960 882 eo
1983 835 2195 898 petant,

614 923 710 994 qui
731 923 875 977 hanc
905 934 1174 991 propense
1206 919 1525 990 rogantibus
1546 919 1747 985 donat;
1778 919 1929 974 velut
1954 918 2195 989 denique

616 1031 648 1071 a
668 1014 754 1069 via
783 1013 945 1079 mala,
982 1028 1014 1067 a
1053 1011 1238 1082 priore
1268 1020 1505 1065 mentem
1535 1025 1725 1066 errore
1758 1010 2083 1077 cohibeant;
2113 1010 2196 1065 vi-

617 1107 789 1177 tiique
828 1106 1171 1161 inventorem
1204 1103 1454 1158 habitum
1504 1102 1573 1158 ab
1620 1102 1792 1158 animi
1838 1102 2196 1159 facultatibus

617 1197 820 1253 actioni
843 1195 1097 1260 addictis,
1125 1194 1403 1265 abjiciant.

2302 558 2450 632 σθαι]
2483 560 2740 624 σάκκους,
2768 558 3037 624 τουτέστι,
3084 560 3184 631 τὴν
3233 563 3563 633 νεκρωτικὴν
3600 568 3682 635 μὲν
3716 572 3793 626 τῶν

2301 651 2452 721 παρά
2507 650 2670 720 φύσιν
2708 651 2918 713 παθῶν,
2983 654 3401 725 περιποιητικὴν
3454 654 3513 707 δὲ
3560 657 3656 711 τῶν
3696 667 3797 718 κατά

2303 741 2470 811 φύσιν
2501 742 2713 813 ἀρετῶν
2743 761 2802 797 τε
2836 745 2932 800 καὶ
2955 742 3209 814 γνώσεων
3245 744 3357 812 ἓξιν
3382 761 3397 774 ·
3437 747 3531 800 καὶ
3568 748 3796 822 ἀναϐοῆσαι

2305 833 2444 904 πρὸς
2469 834 2563 888 τὸν
2580 833 2714 889 Θεὸν
2738 835 2975 899 εκτενῶς
2997 852 3012 865 ·
3049 835 3412 907 ἐξαγορεῦσαι
3443 837 3594 909 δῆλον
3606 842 3691 901 ,ὅτι
3720 862 3797 898 συν»

2299 925 2472 990 τόνως
2497 927 2568 981 τὰ
2612 929 2877 999 πρότερα,
2927 929 3023 982 καὶ
3074 930 3399 983 ίλεώσασθαι
3441 934 3508 1002 τῇ
3543 935 3796 992 ταπεινώσει

2300 1015 2394 1069 τὸν
2440 1016 2787 1089 συγχώρησιν
2811 1017 2994 1072 δοῦναι
3019 1018 3127 1072 τῶν
3154 1018 3531 1089 προλαϐόντων
3554 1020 3796 1092 δυνάμενον·

2305 1107 2400 1162 καὶ
2420 1110 2646 1179 αἰτῆσαι
2674 1110 2811 1180 πρὸς
2832 1108 2930 1181 τὴν
2952 1108 3060 1163 τῶν
3089 1111 3421 1182 κρειττόνων
3450 1111 3719 1183 ἐνέργειαν,
3740 1122 3799 1169 καὶ

2305 1197 2555 1269 φυλακὴν
2592 1198 2963 1270 προαιρέσεως
3004 1199 3237 1270 δύναμιν
3275 1200 3564 1268 ἄτρεπτον,
3597 1203 3675 1256 τὸν
3705 1208 3799 1259 ἑτοί-

621 1306 740 1361 μως
768 1287 969 1358 ταύτην
1018 1288 1129 1350 τοῖς
1185 1285 1397 1339 αἰτοῦσι
1443 1284 1825 1359 δωρούμενον’
1864 1285 1958 1338 καὶ
2002 1283 2192 1357 ὥσπερ
2268 1287 2389 1342 ὁδοῦ
2452 1292 2716 1361 πονηρᾶς,
2784 1293 2883 1361 τῆς
2917 1292 3190 1363 προτέρας
3240 1293 3450 1363 πλάνης
3498 1292 3708 1348 κωλῦσαι
3740 1298 3800 1371 τὴν

616 1381 852 1437 διάνοιαν
882 1397 896 1411 ’
927 1380 1023 1435 καὶ
1044 1384 1145 1449 τὴν
1173 1378 1521 1451 ὲπινοητικὴν
1549 1380 1648 1451 τῆς
1678 1378 1876 1442 κακίας
1907 1378 2042 1444 ἕξιν,
2073 1378 2182 1432 τῶν
2221 1380 2362 1435 κατὰ
2389 1381 2566 1454 ψυχὴν
2589 1384 2908 1454 πρακτικῶν
2937 1383 3237 1439 ἀποθέσθαι
3263 1384 3568 1456 δυνάμεων.

689 1474 750 1530 1η
779 1473 884 1528 hac
928 1487 1096 1544 porro
1140 1487 1336 1543 magna
1374 1471 1631 1537 civitate,
1680 1472 1960 1527 communi
1987 1470 2201 1526 scilicet

618 1566 905 1622 hominum
932 1572 1154 1630 natura,
1193 1580 1257 1620 ac
1281 1580 1402 1636 quae
1422 1579 1490 1620 ex
1514 1563 1771 1634 gentibus
1792 1570 1894 1628 est,
1924 1563 2196 1631 Ecclesia;

619 1659 736 1715 sive
772 1657 938 1713 etiam
981 1656 1326 1728 singulorum
1354 1670 1701 1726 quorumque
1731 1654 1933 1717 anima,
1967 1668 2090 1723 qua:
2111 1652 2198 1707 vi-

2372 1474 2465 1538 Είς
2500 1475 2705 1546 ταύτην
2729 1476 2787 1530 δὲ
2814 1477 2914 1548 τὴν
2947 1477 3102 1532 πόλιν
3131 1478 3231 1551 τὴν
3267 1480 3514 1552 μεγάλην
3535 1524 3550 1545 ,
3607 1487 3796 1553 τουτέστι,

2300 1563 2398 1636 τὴν
2439 1565 2624 1638 κοινὴν
2670 1567 2832 1637 φύσιν
2868 1568 2975 1621 τῶν
3008 1568 3333 1640 ἀνθρώπων,
3385 1571 3482 1625 καὶ
3501 1572 3595 1644 τὴν
3620 1576 3798 1639 iﬁlli-iv

2311 1655 2642 1726 Ἐκκλησίαν
2672 1676 2685 1689 ·
2730 1657 2895 1731 ἢτὴν
2943 1660 3040 1715 τοῦ
3089 1662 3211 1715 καθ’
3261 1662 3497 1718 ἕκαστον
3550 1665 3718 1738 ψυχὴν,
3748 1669 3800 1723 διὰ

619 1748 821 1804 delicet
871 1746 1035 1818 259
1096 1746 1319 1800 virtutis
1361 1760 1426 1800 ac
1471 1744 1715 1800 scientiae
1766 1743 1917 1816 (ﬁdei
1977 1742 2193 1797 scilicet

2302 1746 2394 1801 τοῦ
2425 1747 2585 1816 λόγου
2608 1747 2709 1819 τῆς
2734 1750 2937 1821 ἀρετῆς
2970 1750 3066 1804 καὶ
3097 1738 3198 1820 τῆς
3232 1752 3514 1820 γνώσεως,
3566 1755 3707 1823 imm
3742 1758 3799 1811 πί·

620 1841 885 1908 bonzeque
910 1836 1282 1907 conscientiae)
1315 1851 1571 1892 sermone
1597 1851 1663 1891 ac
1703 1836 1938 1899 ratione,
1966 1835 2198 1890 salutem

620 1939 796 2000 paret,
826 1943 993 1997 supra
1043 1926 1333 1982 duodecim
1394 1925 1669 1998 myriades
1727 1926 2013 1981 hominum
2074 1933 2202 1980 sunt

622 2020 865 2092 (centum
893 2017 1085 2091 viginti
1120 2018 1314 2090 millia)
1342 2018 1437 2088 qui
1463 2019 1715 2075 nesciant
1757 2018 2003 2073 dextram
2047 2032 2201 2072 suam

620 2119 716 2166 aut
761 2110 1044 2166 sinistram
1072 2124 1252 2165 suam.
1300 2110 1600 2166 Duodecim
1654 2108 1926 2181 myriades
1960 2108 2203 2181 (centum

619 2200 814 2272 viginti
875 2197 1089 2271 millia)
1122 2200 1305 2255 altiori
1351 2216 1416 2256 ac
1452 2199 1808 2257 reconditiori
1861 2214 2051 2263 sensu,
2099 2198 2205 2253 hoc

620 2292 744 2348 loco
769 2290 1114 2362 Scripturam
1137 2292 1325 2347 dicere
1351 2291 1614 2358 arbitror,
1653 2287 1919 2359 temporis
1945 2304 2015 2345 ac
2040 2298 2204 2344 natu-

625 2397 698 2437 ra:
714 2381 991 2447 rationes;
1027 2380 1315 2437 scientiam
1338 2381 1623 2445 nimirum,
1659 2394 1783 2450 quae
1801 2387 2050 2433 naturam
2075 2393 2207 2433 ocu-

625 2473 693 2528 lis
739 2471 1154 2543 aspectabilcm,
1209 2488 1335 2528 cum
1393 2471 1460 2528 iis
1492 2471 1611 2527 sine
1638 2470 1841 2541 quibus
1867 2485 1999 2535 non,
2051 2469 2207 2525 facile

622 2567 1041 2636 complectatur.
1085 2564 1467 2621 Duodenarius
1498 2565 1645 2620 enim
1687 2578 1949 2618 numerus
1991 2577 2116 2616 cum
2140 2577 2208 2617 ex

623 2656 869 2727 quinque
910 2665 967 2711 et
999 2664 1209 2727 septem
1252 2664 1616 2726 componatur
1643 2668 1707 2709 ac
1731 2652 2078 2718 absolvatur;
2113 2668 2210 2708 na-

625 2753 856 2816 turaque
882 2745 1049 2816 quina
1098 2744 1354 2800 sensibus
1385 2745 1476 2810 sit,
1528 2759 1593 2799 ac
1639 2750 1855 2813 tempus
1898 2742 2208 2812 septenario

622 2836 908 2905 decurrat;
973 2837 1378 2893 duodenarium
1446 2852 1740 2893 numerum
1813 2842 2067 2890 naturam
2144 2849 2209 2889 ac

624 2936 841 2998 tempus
884 2926 1217 2997 signiﬁcare,
1267 2928 1479 2999 liquido
1533 2928 1612 2983 fit.
1662 2927 1961 2999 Signanter
2002 2936 2206 2992 autem,

624 3034 791 3089 supra
826 3018 1121 3074 duodecim
1145 3019 1421 3093 myriadas
1451 3020 1738 3075 hominum
1759 3019 1918 3084 dixit,
1943 3009 2003 3073 ut
2023 3026 2078 3073 et
2104 3019 2211 3074 cir-

2302 1855 2472 1903 στεως
2498 1839 2593 1893 καὶ
2638 1839 2849 1911 ἀγαθῆς
2906 1842 3264 1914 συνειδήσεως
3315 1842 3642 1915 σωζομένην,
3681 1847 3800 1919 ὑπάρ-

2302 1947 2486 2002 χουσιν
2514 1930 2734 1995 πλείους
2785 1932 2818 2003 ἢ
2865 1931 3075 1986 δώδεκα
3124 1933 3387 2005 μυριάδες
3441 1934 3726 2005 ἀνθρώπων,
3748 1938 3799 1991 οἶ-

2302 2038 2448 2086 τινες
2486 2022 2587 2075 οὐκ
2634 2021 2880 2090 ἔγνωσαν
2923 2023 3105 2092 δεξιὰν
3152 2023 3354 2091 αὐτῶν,
3387 2025 3419 2097 ἦ
3456 2026 3716 2098 ἀριστερὰν
3738 2031 3799 2082 αὒ-

2302 2114 2432 2167 τῶν.
2466 2113 2685 2168 Δώδεκα
2725 2115 2990 2185 μυριάδας
3027 2116 3261 2171 ἐνταῦθα
3303 2115 3487 2185 λέγειν
3537 2118 3797 2193 ὑπονοῶτὴν

2303 2202 2526 2275 Γραφὴν
2554 2203 2701 2258 κατὰ
2739 2204 2868 2267 τοὺς
2906 2204 3006 2275 τῆς
3042 2204 3334 2274 ἀναγωγῆς
3365 2204 3575 2273 λόγους,
3598 2208 3702 2268 τοὺς
3721 2208 3799 2277 ﬁgi

2303 2297 2499 2365 χρόνου
2554 2293 2649 2347 καὶ
2702 2293 2923 2362 φύσεως
2978 2295 3170 2363 λόγους
3205 2312 3220 2328 ·
3280 2297 3454 2366 ἧγουν
3480 2296 3574 2369 τὴν
3604 2298 3797 2367 μετὰτῶν

2304 2387 2406 2440 οὐκ
2465 2385 2594 2440 ἄνευ
2642 2386 3104 2459 εὐπεριληπτικὴν
3152 2388 3249 2458 τῆς
3324 2389 3608 2461 ὁρωμένης
3658 2391 3798 2458 φύσεως

2305 2478 2506 2548 γνῶσιν
2539 2477 2671 2550 (22).
2708 2479 2770 2534 Ei
2802 2480 2911 2550 γάρ
2959 2480 2989 2532 ὁ
3036 2477 3242 2533 δώδεκα
3297 2481 3554 2551 ἀριθμὸς,
3605 2484 3659 2536 ὲκ
3696 2484 3797 2535 πέντε

2307 2570 2402 2625 καὶ
2458 2570 2601 2625 ἑπτά
2659 2570 3034 2642 συντιθέμενος
3085 2570 3478 2626 ἀποτελεῖται·
3522 2575 3555 2642 η
3608 2573 3657 2627 δὲ
3696 2573 3797 2641 φύσις

2308 2664 2544 2735 ὑπάρχει
2569 2662 2863 2735 πενταδικὴ
2914 2663 3003 2717 διὰ
3030 2663 3129 2736 τὴν
3157 2663 3417 2735 αἴσθησιν
3449 2680 3463 2693 ·
3517 2664 3547 2716 ό
3582 2664 3635 2717 δὲ
3674 2665 3797 2734 χρόνος

2307 2751 2455 2803 ἐστὶν
2488 2750 2842 2820 ἑὸδοματικός
2875 2766 2891 2783 ’
2945 2752 3055 2821 ἀρα
3089 2750 3248 2821 φύσιν
3280 2753 3382 2806 καὶ
3413 2753 3593 2823 χρόνον
3614 2754 3640 2808 6
3661 2753 3797 2807 δώδεκα

2307 2840 2456 2912 δηλοί
2489 2842 2675 2911 σαφῶς
2711 2842 2962 2915 ἀριθμός.
3016 2842 3486 2915 Σεσημειωμένοκ
3538 2844 3611 2909 δὲ,
3653 2845 3797 2904 πλείους

2309 2932 2578 3005 ἢδώδεκα
2624 2932 2894 3004 μυριάδας
2951 2929 3103 2986 εἶπεν
3147 2932 3477 3005 ἀνθρώπων,
3532 2933 3613 2987 ἵνα
3653 2933 3796 3002 γνῶμεν

2311 3026 2728 3098 περιγραφέντα
2750 3026 2939 3080 τοῦτον
2972 3026 3063 3080 τὸν
3090 3024 3345 3098 ἀριθμὸν,
3380 3027 3475 3080 καὶ
3513 3024 3795 3097 ὑπερδαθένα

622 3109 1025 3179 cumscriptum
1071 3110 1219 3165 hunc
1267 3126 1583 3177 numerum,
1609 3110 1972 3181 pluribusque
2012 3109 2204 3165 indefi-

2307 3119 2419 3182 τοῖς
2442 3117 2683 3171 πλείοσιν
2708 3118 2993 3188 ἀορίστως,
3022 3117 3081 3170 τὸ
3107 3117 3249 3189 ὑπὲρ
3272 3116 3488 3173 δώδεκα
3539 3116 3729 3192 ἀριθμὸν
3755 3116 3795 3170 δι’

628 3199 743 3254 nite
782 3198 1141 3255 excedentem
1182 3201 1539 3267 noverimus;
1587 3201 1656 3255 iis
1682 3201 1933 3267 scilicet,
1983 3201 2080 3271 qui
2121 3202 2207 3257 sui

625 3289 953 3363 adjectione,
992 3292 1254 3362 majorem
1279 3306 1447 3362 supra
1470 3292 1869 3348 duodenarium
1908 3306 2206 3348 numerum

622 3397 897 3440 summam
927 3381 1191 3437 efﬁciunt.

687 3473 784 3529 Dei
806 3473 972 3543 igitur
996 3472 1439 3544 splendidissima
1459 3489 1784 3544 summaque
1800 3472 1963 3528 laude
1982 3473 2204 3544 conspi-

624 3580 730 3620 cua
758 3564 1004 3621 Ecclesia
1031 3564 1173 3636 (quze
1214 3564 1474 3619 nimirum
1500 3567 1721 3620 virtutis
1749 3579 1815 3620 ac
1854 3565 2100 3621 scientia:
2124 3580 2210 3620 ra-

627 3657 829 3722 tiones,
866 3656 1134 3727 temporis
1188 3656 1401 3712 scilicet
1439 3666 1608 3728 atque
1647 3665 1858 3712 naturae
1904 3655 2211 3712 rationibus

628 3748 962 3818 superiores,
991 3758 1048 3803 et
1071 3747 1137 3803 ad
1180 3757 1510 3814 aaternorum
1547 3763 1610 3804 ac
1639 3748 1968 3819 spiritalium
2001 3748 2211 3819 magni-

626 3839 903 3895 ﬁcentiam
957 3839 1365 3909 commeantes)
1417 3840 1642 3906 habeat;
1696 3855 1862 3909 supra
1916 3839 2208 3894 duodecim

627 3928 908 4001 myriadas
934 3928 1221 3982 hominum
1274 3929 1349 4000 (id
1379 3937 1482 3994 est,
1514 3936 1735 3983 centum
1772 3927 1968 3999 viginti
2015 3927 2207 4000 millia)

628 4020 818 4086 habet,
849 4021 943 4091 qui
976 4036 1085 4075 non
1110 4029 1443 4092 cognoscant
1474 4020 1756 4075 dexteram
1789 4034 1943 4075 suam
1970 4026 2027 4075 et
2071 4018 2209 4075 sini-

629 4121 798 4168 stram
827 4128 1004 4168 suam.
1024 4111 1126 4178 Qui
1160 4113 1327 4176 enim,
1358 4126 1466 4182 qua
1496 4116 1670 4166 fretus
1699 4122 1803 4176 est,
1838 4110 2079 4181 legitima
2099 4109 2213 4165 vir-

630 4212 771 4270 tute,
821 4204 1070 4260 carnales
1127 4203 1358 4259 affectus
1410 4204 1674 4273 vitiaque,
1734 4202 1886 4257 velut
1934 4202 2207 4269 sinistras,

630 4297 899 4353 oblivioni
946 4296 1131 4363 dedit;
1176 4313 1394 4367 quaque
1429 4297 1599 4367 pollet
1647 4295 1915 4350 inoffensa
1956 4294 2207 4360 scientia,

631 4386 837 4456 quibus
861 4386 1078 4457 egregia
1102 4385 1264 4440 laude
1299 4385 1623 4455 perfunctus
1646 4384 1863 4439 meritis
1883 4391 1989 4449 est,
2027 4381 2208 4437 inanis

2308 3209 2519 3265 ἑαυτῶν
2549 3210 2894 3281 ποιουμένοις
2919 3209 3105 3267 ποσόν.

2378 3453 2589 3510 Οὐκοῦν
2618 3455 2652 3527 ή
2680 3454 2774 3510 τοῦ
2816 3454 2953 3509 Θεοῦ
2985 3454 3347 3528 πανεῦφημος
3405 3455 3674 3528 Ἐκκλησία
3709 3456 3793 3525 (23),

2307 3550 2434 3612 τοὺς
2470 3548 2611 3601 κατὰ
2641 3547 2739 3620 τὴν
2768 3548 2966 3618 ἀρετὴν
2996 3548 3092 3601 καὶ
3115 3547 3214 3621 τὴν
3240 3548 3449 3618 γνῶσιν
3479 3566 3493 3580 ·
3520 3547 3793 3619 παρελθόντας

2310 3640 2411 3710 μὲν
2437 3639 2565 3703 τοὺς
2599 3638 2742 3692 κατά
2772 3638 2967 3711 χρόνον
3001 3639 3093 3694 καὶ
3127 3638 3288 3707 φύσιν
3315 3639 3535 3710 λόγους,
3550 3641 3663 3711 πρὸς
3682 3636 3792 3705 δὲτὴν

2306 3729 2416 3784 τῶν
2444 3729 2679 3785 αἰωνίων
2704 3730 2797 3783 καὶ
2823 3712 3028 3801 νοητῶν
3067 3729 3360 3796 διαϐάντας
3408 3731 3793 3803 μεγαλοπρέπειαν

2307 3819 2528 3893 ἔχουσα,
2553 3820 2770 3884 πλείους
2820 3820 2854 3890 ἢ
2902 3819 3114 3874 δώδεκα
3167 3822 3442 3894 μυριάδας
3487 3823 3668 3896 ἀνδρῶν
3706 3820 3789 3889 ἔχει.

2311 3911 2387 3983 μὴ
2434 3910 2803 3980 γινώσκοντας
2849 3909 3030 3975 δεξιὰν
3057 3911 3256 3976 αὐτῶν,
3287 3911 3322 3983 ἢ
3356 3914 3631 3986 ἀριστερὰν
3650 3909 3786 3965 αὐτῶν.

2318 4003 2379 4057 'O
2401 4002 2511 4075 γὰρ
2536 4002 2624 4056 διὰ
2648 4002 2748 4074 τὴν
2780 4002 3003 4072 ἔννομον
3028 4001 3228 4074 ἀρετὴν
3261 4003 3372 4075 τῶν
3399 4005 3457 4058 ὲν
3484 4004 3632 4078 σαρκὶ
3663 3999 3787 4055 παθῶν

2306 4093 2383 4158 ὼς
2403 4093 2707 4165 ἀριστερῶν
2729 4091 3048 4163 ποιούμενος
3078 4092 3269 4164 λήθην,
3302 4097 3400 4150 καὶ
3427 4097 3512 4150 διὰ
3548 4094 3631 4166 τήν
3657 4095 3788 4148 ἀπται-

2310 4202 2435 4240 στον
2477 4183 2681 4253 γνῶσιν
2731 4184 2823 4237 ἐπὶ
2853 4188 2970 4249 τοῖς
3014 4184 3426 4258 κατορθώμασι,
3479 4189 3541 4258 τῇ
3581 4186 3694 4255 νόσῳ
3727 4182 3789 4249 τῆς

2308 4278 2608 4350 φυσιούσης
2652 4279 2882 4350 οἰήσεως
2913 4280 2989 4343 ὡς
3010 4279 3191 4346 δεξιᾶς
3214 4280 3312 4350 οὐχ
3338 4280 3681 4350 ἁλισκόμενος,
3699 4273 3787 4343 ἀνὴρ

2309 4372 2500 4442 γέγονε
2535 4371 2610 4444 μὴ
2656 4372 2943 4440 γινώσκων
2987 4371 3170 4436 δεξιὰν
3226 4371 3414 4436 αὐτοῦ,
3458 4372 3528 4437 ὡς
3565 4370 3693 4438 δόξης
3726 4366 3787 4417 οὐκ

628 4455 1122 4551 iactantizemorbo
1146 4475 1399 4544 fastuque
1420 4512 1435 4539 ,
1477 4474 1628 4528 velut
1649 4472 1892 4536 dextera,
1916 4487 2028 4526 non
2060 4469 2204 4540 capi-

2309 4464 2451 4537 ἐρῶν
2477 4462 2746 4535 λυομένης
2766 4478 2782 4494 ·
2812 4462 2934 4516 οὐδὲ
2961 4461 3274 4535 ἀριστεράν,
3310 4462 3389 4528 ὡς
3413 4463 3509 4533 τῆς
3543 4458 3705 4535 σαρκὸς
3727 4455 3788 4508 oi!

633 4576 746 4635 tur,
781 4568 867 4622 vir
893 4566 1125 4631 exstitit,
1172 4566 1268 4635 qui
1300 4580 1455 4620 suam
1501 4565 1617 4635 ipse
1647 4564 1929 4619 dexteram
1966 4577 2078 4617 non
2109 4576 2206 4617 co-

2304 4555 2681 4629 ἐρεθιζόμενος
2712 4553 2930 4609 πάθεσι.

630 4667 858 4731 gnoscat
904 4658 1090 4730 (quem
1149 4657 1360 4713 scilicet
1409 4655 1569 4711 ﬂuxae
1622 4656 1809 4728 gloriae
1855 4669 1921 4710 ac
1984 4653 2208 4709 caducae
2276 4666 2432 4707 amor
2479 4665 2592 4704 non
2640 4646 2900 4717 incessat)
2940 4661 3119 4717 neque
3194 4662 3326 4703 vero
3366 4648 3647 4711 sinistram;
3680 4650 3785 4712 quem

630 4752 879 4809 carnales
910 4751 1140 4807 affectus
1162 4765 1230 4805 ex
1263 4748 1494 4805 libidine
1525 4763 1636 4803 non
1660 4746 1912 4802 illiciant.

701 4844 988 4899 Dexteram
1015 4841 1206 4911 igitur,
1247 4849 1309 4894 ut
1346 4839 1590 4904 videtur,
1632 4837 1852 4893 vocavit
1896 4835 2204 4907 Scriptura,

630 4950 755 5007 quae
785 4950 855 4989 ex
888 4933 1101 4988 meritis
1141 4947 1207 4987 ac
1240 4932 1558 4997 virtutibus,
1608 4930 1790 4986 inanis
1811 4929 1986 5000 gloria
2022 4935 2206 4983 ortum

630 5027 824 5083 ducit:
852 5025 1133 5080 sinistram
1176 5039 1309 5079 vero
1329 5064 1343 5088 ,
1368 5038 1493 5093 quze
1530 5037 1600 5077 ex
1626 5020 1884 5091 turpibus
1914 5018 2207 5074 affectibus

630 5118 851 5174 luxuria
886 5133 950 5173 ac
975 5115 1407 5188 proﬂigata_vita
1437 5113 1711 5170 inolescit.
1742 5110 1854 5168 Hos
1897 5120 2080 5166 autem
2124 5108 2208 5163 vi-

633 5218 745 5269 ros,
795 5204 1105 5259 nescientes
1148 5202 1433 5258 dexteram
1470 5217 1627 5257 suam
1673 5215 1856 5270 neque
1889 5199 2206 5262 sinistram,

634 5304 830 5349 nactus
872 5301 957 5349 est
986 5294 1172 5348 omnis
1220 5293 1467 5358 animus,
1499 5292 1829 5363 qui-rerum
1876 5291 2207 5361 spiritalium

634 5385 1195 5456 contemplationibus
1222 5386 1558 5441 inclarescit.
1602 5384 1862 5455 Quisquis
1881 5384 2028 5439 enim
2058 5384 2209 5455 ejus-

635 5475 787 5536 modi
815 5483 920 5541 est,
950 5476 1046 5545 qui
1077 5475 1351 5548 cogitandi
1381 5476 1492 5530 vim
1538 5491 1571 5530 a
1630 5482 1840 5531 naturaa
1872 5483 2038 5544 atque
2068 5483 2209 5529 tem-

634 5567 787 5640 poris
810 5566 1251 5623 consideratione
1283 5567 1599 5635 retraxerit,
1621 5568 1777 5638 quasi
1807 5565 1976 5633 viros,
2016 5580 2212 5621 nume-

634 5673 761 5713 rum
778 5655 1181 5713 duodenarium
1204 5672 1606 5728 supergressos,
1635 5658 1915 5713 naturales
1937 5658 2211 5729 cogitatus

636 5745 802 5818 260
827 5746 1032 5814 habet;
1068 5746 1222 5803 velut
1261 5747 1474 5805 scilicet
1516 5747 1759 5805 rationes
1787 5747 1925 5804 nihil
1970 5746 2208 5817 amplius

2382 4832 2573 4899 Δεξιὰν
2602 4827 2716 4899 οὖν,
2754 4829 2830 4895 ὡς
2885 4830 3080 4897 ἔοικεν,
3124 4828 3278 4885 εἷπεν
3326 4832 3357 4885 ὁ
3394 4832 3573 4899 Λόγος,
3621 4824 3696 4897 τὴν
3728 4819 3784 4874 ἐπὶ

2311 4910 2425 4989 τοῖς
2455 4923 2615 4995 δῆθεν
2644 4921 3031 4993 κατορθώμασι
3061 4920 3365 4986 κενοδοξίαν
3391 4938 3405 4953 ·
3451 4915 3700 4991 ἀριστερὰν
3734 4911 3779 4971 δέι
3850 4942 3853 4951 ε

2310 5017 2410 5090 τὴν
2448 5017 2542 5071 ἐπὶ
2580 5017 2691 5079 τοῖς
2736 5016 2981 5085 αἰσχροῖς
3042 5011 3272 5067 πάθεσιν
3298 5011 3595 5069 ἀκολασίαν.
3622 5005 3781 5061 Tatium

2310 5106 2369 5160 δὲ
2401 5106 2551 5159 πᾶσα
2578 5102 2724 5174 ψυχὴ
2750 5106 2872 5166 ταῖς
2910 5101 3165 5172 θεωρίαις
3191 5101 3299 5155 τῶν
3330 5102 3523 5172 νοητῶν
3551 5098 3779 5169 λαμπρυνο-

2316 5194 2450 5264 μένη
2486 5192 2748 5263 κέκτηται
2779 5190 2906 5253 τοὺς
2946 5190 3164 5259 ἄνδρας,
3195 5191 3268 5263 μὴ
3294 5190 3631 5260 γινώσκοντας
3662 5180 3777 5245 δεξιὰν

2312 5285 2491 5341 αὐτῶν
2539 5283 2632 5337 καὶ
2683 5283 2997 5355 ἀριστεράν.
3047 5283 3206 5337 Πᾶσα
3257 5284 3364 5355 γάρ
3405 5281 3556 5352 ψυχὴ,
3595 5276 3675 5345 τῆς
3699 5268 3776 5337 περὶ

2314 5376 2476 5447 φύσιν
2525 5375 2619 5431 καλ⁹
2674 5374 2865 5447 χρόνον
2894 5375 3148 5445 θεωρίας,
3168 5376 3266 5447 τὴν
3292 5371 3608 5445 διανοητικὴν
3635 5358 3774 5420 συστεί-

2313 5469 2455 5523 λασα
2505 5467 2755 5539 δύναμιν,
2812 5465 2905 5521 τὸν
2962 5467 3168 5522 δώδεκα
3227 5449 3773 5539 παρελθόπας-ἀριθμξν

2314 5561 2430 5633 ἔχει
2459 5535 2709 5629 καθάπέρ
2734 5558 2933 5632 ἄνδρας
2977 5558 3103 5622 τοὺς
3138 5535 3397 5628 φυσικοὺς
3435 5535 3690 5623 λογισμοὺς,
3717 5535 3771 5593 οἶα

2312 5653 2376 5720 δὴ
2406 5651 2589 5706 λοιπὸν
2623 5650 2819 5722 μηκέτι
2869 5653 2979 5714 τοῖς
3019 5651 3124 5705 ὑπὸ
3160 5649 3323 5719 φύσιν
3351 5650 3438 5705 καὶ
3461 5646 3619 5719 χρόνον
3642 5650 3770 5691 mmo

2316 5743 2511 5816 μένους
2540 5743 2733 5813 λόγους
2760 5756 2774 5772 ·
2811 5742 2947 5814 πρὸς
2969 5741 3046 5809 δὲ,
3076 5741 3173 5812 τὴν
3202 5742 3312 5797 τῶν
3361 5741 3505 5797 θείων
3544 5722 3769 5806 μυστηρίων
