3986 6488
225 344 314 409 709

224 459 506 530 κατανόησιν
534 460 948 530 καὶέπιστήμην
991 461 1422 530 ἀσχολουμένους
1456 482 1468 495 ·

221 551 354 604 τοῦτο
377 550 442 620 μὴ
469 549 836 618 γινώσκοντας
886 549 1066 614 δεξιὰν
1115 554 1315 613 αὑτῶν.
1371 553 1404 622 ἦ
1455 554 1752 624 ἀριστερὰν

221 642 387 694 αὐτῶν.
437 642 496 693 Ἦ
526 641 635 711 γὰρ
677 642 817 696 κατὰ
867 643 1022 710 λόγον
1079 644 1283 712 γνῶσις
1338 644 1443 698 τῶν
1493 645 1704 716 ἀρετῶν
1735 664 1748 674 ·

221 733 360 801 ἤγουν
400 733 429 800 ή
457 732 580 784 κατ’
616 733 898 803 ἐνέργειαν
929 735 1132 805 ἀληθὴς
1159 735 1259 805 τῆς
1285 735 1390 790 τῶν
1419 737 1627 806 ἀρετῶν
1666 738 1754 789 αἰ-

219 823 322 886 τίας
342 823 617 890 ἐπίγνωσις
646 824 779 895 (54),
808 825 1025 893 ἄγνοιαν
1066 815 1299 896 παντελῆ
1323 828 1529 896 πέφυκε
1561 831 1751 893 ποιεῖν,

220 917 308 986 τῆς
342 917 403 979 ὠς
444 916 622 980 δεξιᾶς
669 919 761 970 καὶ
785 920 1083 990 ἀριστερᾶς
1115 920 1456 990 ἑκατέρωθεν
1490 937 1755 989 παρακει-

223 1009 363 1078 μένης
404 1011 463 1079 τῇ
520 1009 783 1079 μεσότητι
815 1011 920 1063 τῶν
962 1012 1174 1081 ἀρετῶν
1205 1011 1510 1082 ὑπερϐολῆς
1542 1011 1635 1064 καὶ
1673 1010 1757 1063 ὲλ-

222 1095 430 1167 λείψεως.

287 1191 333 1242 Εἰ
355 1191 449 1261 γὰρ
483 1190 633 1244 οὐδὲν
659 1193 718 1244 ὲν
741 1189 818 1260 τῷ
843 1191 985 1261 λόγῳ
1008 1189 1287 1254 παντελῶς
1328 1189 1572 1256 πέφυκεν
1619 1185 1756 1243 εἶναι

218 1281 489 1351 παράλογον
521 1282 657 1353 (25)·
691 1282 878 1352 σαφῶς
905 1285 932 1334 6
959 1282 1095 1351 πρὸς
1115 1281 1204 1333 τὸν
1234 1281 1390 1349 λόγον
1412 1281 1518 1334 τῶν
1550 1281 1757 1351 ἀρετῶν

214 1372 456 1442 ἀναχθεὶς,
485 1373 584 1444 τὴν
609 1373 716 1427 τῶν
747 1373 1074 1444 παραλόγων
1104 1371 1356 1442 οὐδαμῶς
1393 1371 1755 1439 ἐπιγνώσεται

215 1461 362 1516 Θέσιν.
387 1464 455 1517 Οὑ
486 1464 594 1534 γὰρ
637 1464 861 1518 δυνατὸν
893 1463 1059 1534 ἄμφω
1080 1465 1199 1516 κατ’
1250 1464 1412 1516 αὑτὸν
1451 1463 1566 1532 ἅμα
1627 1482 1759 1517 κατ-

214 1552 414 1624 αθρῆσαι
448 1553 516 1606 τὰ
544 1553 893 1624 ἀντικείμενα
912 1571 924 1584 ·
952 1553 1045 1608 καὶ
1074 1553 1286 1624 Οατέρῳ
1328 1553 1443 1623 ἅμα
1485 1554 1546 1607 τὸ
1575 1553 1760 1624 ἓτερον

213 1643 388 1711 γνῶναι
414 1646 927 1716 συνεμφαινόμενον.

1226 348 1719 419 QU.’ESTIONES
1759 349 1858 408 AD
1895 350 2403 409 TIIALASSIUM.

1533 465 1623 518 καὶ
1663 463 1748 514 διὰ
1785 471 1821 522 Α
1855 463 1906 516 in
1935 464 2002 518 iis
2039 463 2373 527 laborantes,
2411 478 2533 532 qua:
2567 474 2775 519 natura:
2819 468 3053 523 subsunt
3093 481 3255 540 atque
3289 483 3428 529 tem-

3320 362 3424 425 710

1857 554 1975 623 pori
1999 597 2012 618 ,
2049 554 2144 608 sed
2182 569 2302 623 qua:
2330 553 2534 607 divinis
2561 557 2866 624 cogitandis
2913 562 3203 630 mysteriis,
3254 565 3428 634 iisque

1855 645 2287 715 cognoscendis,
2342 655 2559 698 vacent.
2605 646 2881 701 Virtutum
2913 651 3057 704 enim
3101 668 3166 706 ex
3218 656 3430 710 ratione

1856 738 2106 802 scientia,
2160 737 2213 791 id
2272 747 2376 803 est,
2411 754 2540 792 vera
2575 753 2638 791 ac
2696 739 2813 808 ipsa
2860 738 3128 795 virtutum
3176 749 3430 799 auctoris

1856 829 2065 899 agnitio
2087 871 2100 895 ,
2132 830 2235 883 hoc
2269 837 2581 898 comparata
2611 838 2716 892 est,
2750 839 2807 884 ut
2840 830 2956 900 ejus
2990 840 3249 902 tanquam
3289 835 3428 887 dex-

1859 935 1990 979 terae
2053 933 2216 995 atque
2255 925 2491 980 sinistra:
2529 924 2622 994 qui
2656 925 2914 994 utrinque
2938 927 3205 981 virtutum
3227 928 3433 982 medio-

1856 1016 2040 1070 eritati
2076 1016 2322 1087 adjacet,
2376 1031 2636 1070 excessus
2689 1025 2856 1086 atque
2909 1016 3158 1073 defectus
3205 1035 3434 1088 prorsus

1856 1106 2105 1160 oblivisci
2135 1115 2378 1176 praestet.

1929 1197 2214 1267 Siquidem
2245 1197 2390 1251 enim
2437 1196 2575 1250 nihil
2607 1197 2834 1251 omnino
2872 1197 2928 1250 in
2977 1198 3191 1252 ratione
3245 1206 3435 1252 natum

1857 1298 2110 1354 estesse,
2137 1289 2281 1359 quod
2329 1290 2400 1343 sit
2445 1303 2646 1358 praeter
2686 1289 2990 1354 rationem;
3036 1289 3195 1358 plane
3225 1290 3320 1358 qui
3363 1289 3433 1343 ad

1857 1381 2124 1434 virtutum
2171 1379 2438 1434 rationem
2471 1388 2760 1448 provectus
2795 1387 2900 1442 est,
2931 1396 3054 1448 qu-r.
3105 1380 3175 1432 sit
3226 1387 3432 1449 prmter

1845 1453 2126 1525 (rationem
2177 1486 2520 1540 nequaquam
2569 1470 2983 1524 aﬁirmationcm
3019 1480 3295 1540 agnoscet.
3330 1470 3436 1524 Nc-

1859 1576 1965 1629 que
2017 1561 2162 1614 enim
2193 1561 2468 1614 contraria
2513 1559 2820 1614 secundum
2876 1559 3021 1614 idem
3060 1558 3222 1612 ambo
3269 1559 3436 1613 simul

1859 1650 2102 1719 conspici
2142 1658 2376 1719 queant,
2402 1658 2459 1703 et
2496 1657 2556 1704 ιιι
2601 1649 2940 1718 intelligatur
2967 1649 3200 1702 alterum
3249 1647 3433 1709 alteri,

1862 1741 2164 1795 collucere.

278 1815 331 1867 Εί
359 1815 457 1882 γὰρ
483 1813 742 1876 ἀπιστίας
765 1816 824 1866 ὲν
849 1817 914 1885 τῇ
966 1815 1148 1868 πίστει
1189 1815 1346 1882 λόγος
1391 1815 1565 1879 οὐδείς
1621 1815 1754 1887 (26)°

1932 1832 2066 1888 Cum
2095 1832 2241 1885 enim
2274 1831 2328 1885 in
2348 1831 2473 1896 ﬁde,
2504 1831 2822 1885 difﬁdentia!
2846 1831 2993 1884 nulla
3032 1831 3172 1885 ratio
3203 1831 3275 1885 sit
3299 1829 3438 1900 (sive

209 1905 320 1958 οὑδὲ
364 1906 580 1969 σκότους
619 1905 766 1958 αίτία
816 1904 960 1958 κατά
1013 1905 1174 1974 φύσιν
1227 1906 1460 1976 ὑπάρχει
1493 1905 1556 1958 τὸ
1614 1905 1750 1975 φῶς,

207 1997 318 2050 οὑδὲ
351 1994 560 2065 Χριστῷ
594 1995 1064 2049 συνενδείκνυσυαι
1100 1995 1345 2065 πέφυκεν
1389 1997 1416 2048 6
1467 1993 1711 2058 διάϐολος
1739 2012 1753 2025 ·

205 2089 347 2159 δῆλον
391 2088 461 2151 ὡς
510 2088 630 2141 οὑδὲ
675 2087 754 2158 τῷ
790 2088 932 2155 λόγῳ
961 2088 1020 2140 τὸ
1053 2088 1313 2159 παράπαν
1342 2087 1676 2158 συνυπάρχει
1703 2105 1756 2139 τι

205 2181 511 2252 παράλογον.
570 2181 631 2233 Εἰ
683 2179 740 2233 δὲ
788 2179 866 2250 τῷ
917 2179 1060 2249 λόγῳ
1111 2183 1352 2235 συνεῖναι
1385 2179 1664 2243 παντελῶς
1694 2180 1754 2232 οὑ

202 2274 404 2328 δύναται
423 2273 481 2327 τὸ
506 2272 814 2344 παράλογον
845 2288 857 2302 ο
892 2273 920 2324 6
950 2272 1087 2342 πρὸς
1107 2272 1198 2325 τὸν
1225 2271 1381 2341 λόγον
1411 2270 1518 2325 τῶν
1547 2270 1756 2343 ἀρετῶν

97 2437 102 2442 Ι
200 2366 453 2435 ἀναχθεὶς,
484 2367 582 2436 τὴν
605 2365 714 2418 τῶν
737 2363 1082 2436 παράλογων,
1117 2364 1189 2428 ὼς
1219 2367 1376 2435 ἔφην,
1402 2364 1501 2417 οὑκ
1533 2365 1757 2417 ἐπίστα-

90 2509 94 2536 ;
197 2476 287 2512 ται
332 2458 470 2511 θέσιν
497 2475 510 2488 ο
571 2457 737 2528 μόνην
769 2457 846 2518 ὼς
877 2457 1045 2519 ἔστιν,
1076 2457 1191 2510 ἀλλ’
1226 2458 1324 2527 οὐχ
1353 2456 1428 2520 ὡς
1457 2455 1754 2527 νομίζεται,

95 2601 101 2630 ζ
196 2553 462 2623 γινώσκων
490 2555 588 2625 τὴν
617 2555 816 2625 ἀρετήν
850 2554 983 2625 (27).
1018 2554 1130 2608 Καὶ
1158 2554 1245 2606 διὰ
1283 2553 1462 2617 τοῦτο,
1494 2555 1630 2624 μήτε
1660 2552 1758 2622 τὴν

194 2646 362 2712 δεξιὰν
384 2645 471 2699 διά
505 2649 603 2714 τῆς
633 2645 942 2716 ὑπερϐολῆς
969 2663 982 2678 ·
1026 2647 1162 2717 μήτε
1193 2645 1512 2716 ἀριστερὰν,
1544 2644 1631 2698 διά
1659 2649 1758 2716 τῆς

193 2733 469 2802 ἐλλείψεως
508 2732 868 2802 ἐπιστάμενος
899 2749 911 2763 ⁸
963 2733 1051 2785 ἐπ’
1099 2735 1300 2803 ἀμφοῖν
1330 2732 1440 2803 γὰρ
1472 2731 1757 2804 Θεωρεῖται

91 2807 97 2814 Ι
195 2825 372 2894 σαφῶς
393 2823 454 2876 τὸ
480 2823 805 2896 παράλογον.
834 2825 894 2876 Ei
931 2824 1037 2894 γὰρ
1077 2825 1199 2894 ὄρος
1233 2824 1469 2894 ὑπάρχει
1508 2824 1601 2876 καὶ
1659 2824 1757 2894 μέ-

189 2936 314 2990 τρον
345 2917 449 2971 τῶν
489 2916 656 2970 ὄντων
707 2919 735 2970 6
793 2916 950 2984 λόγος
999 2915 1134 2986 (28)·
1185 2911 1302 2967 ἴσον
1357 2916 1492 2985 πρὸς
1539 2914 1758 2983 ἀλογίαν

86 2991 90 3000 ’
178 3010 324 3075 ἐστὶ,
353 3010 444 3063 καὶ
472 3010 559 3064 διὰ
597 3010 754 3063 τοῦτο
805 3008 1134 3080 παράλογον,
1175 3007 1236 3060 τὸ
1289 3009 1436 3078 παρὰ
1493 3009 1583 3061 τὸν
1635 3009 1759 3078 ὅρον

1859 1921 2264 1978 incredulitatis
2297 1921 2469 1990 dicas)
2507 1937 2686 1991 neque
2717 1922 2811 1975 lux
2847 1937 2946 1990 per
2981 1931 3234 1975 naturam
3271 1935 3440 1975 causa

1858 2015 2210 2070 tenebrarum
2249 2013 2512 2077 exsistat;
2571 2028 2674 2066 nec
2701 2012 2922 2066 diabolo
2957 2013 3029 2067 sit
3059 2021 3438 2082 comparatum

1857 2115 1918 2160 ut
1946 2121 2054 2160 una
2085 2120 2209 2158 cum
2226 2104 2444 2159 Christo
2462 2105 2776 2168 conniteat;
2806 2105 2962 2174 plane
2987 2120 3165 2173 neque
3193 2105 3356 2158 etiam
3371 2113 3440 2159 ut
3517 2155 3520 2158 _

1857 2213 1982 2252 cum
2015 2198 2250 2261 ratione,
2282 2197 2565 2266 quidpiam
2598 2197 2744 2265 quod
2781 2198 2852 2250 sit
2901 2204 3099 2266 prmter
3127 2194 3435 2259 rationem,

1857 2287 2105 2342 exsistat.
2147 2286 2242 2341 Sin
2267 2293 2451 2340 autem
2479 2285 2626 2354 quod
2643 2296 2727 2340 est
2751 2294 2950 2354 praeter
2971 2286 3263 2349 rationem,
3310 2301 3437 2340 cum

1858 2380 2073 2434 ratione
2112 2379 2339 2432 omnino
2368 2392 2488 2431 esse
2520 2393 2637 2430 non
2684 2386 2867 2452 potest
2899 2395 2912 2429 :
2939 2377 3034 2446 qui
3068 2377 3135 2431 ad
3166 2376 3436 2430 virtutum

1858 2469 2111 2540 provexit
2146 2469 2413 2522 rationem
2435 2508 2449 2531 ,
2479 2485 2599 2538 qua:
2631 2469 2702 2522 sit
2758 2479 2956 2537 prmter
3011 2470 3279 2524 rationem
3301 2511 3314 2535 ,
3357 2468 3441 2524 uti

1857 2559 2564 2625 dicebam,aﬁirmationem
2590 2562 2797 2627 nescit;
2830 2561 2924 2630 qui
2954 2562 3214 2616 nimirum
3243 2563 3439 2626 solam,

1861 2656 1938 2708 uti
1987 2669 2044 2708 se
2076 2653 2275 2717 habet,
2311 2667 2422 2706 non
2454 2653 2535 2706 uti
2567 2653 2914 2708 existimatur
2937 2693 2950 2714 ,
2980 2655 3242 2708 virtutem
3271 2670 3443 2709 nove-

1858 2748 1961 2813 rit;
1995 2758 2160 2815 atque
2189 2745 2350 2810 adeo,
2384 2761 2562 2815 neque
2603 2746 2884 2800 dexteram
2922 2747 3063 2800 sciat
3104 2762 3205 2816 per
3244 2763 3438 2802 exces-

1858 2853 2000 2902 sum,
2046 2849 2226 2907 neqne
2273 2849 2374 2904 per
2421 2835 3047 2900 defectum,sinistram.
3089 2836 3147 2889 ln
3201 2845 3439 2907 utroque

1858 2931 2005 2984 enim
2050 2932 2210 2999 plane
2241 2929 2585 2998 conspicitur
2617 2929 2678 2981 τὸ
2719 2930 3032 3000 παράλογον
3055 2929 3200 2999 quod
3228 2929 3441 2983 scilicet

1860 3024 1933 3078 sit
1963 3032 2160 3093 praeter
2182 3023 2473 3086 rationem,
2504 3031 2560 3076 et
2593 3021 2660 3075 ab
2689 3037 2752 3076 ea
2783 3022 3099 3076 abhorreat.
3129 3021 3265 3076 Cum
3291 3021 3442 3074 enim

177 3106 281 3158 καὶ
310 3103 455 3174 παρὰ
485 3103 547 3156 τὸ
573 3103 768 3173 μέτρον
801 3118 815 3132 ο
851 3101 882 3172 ἢ
920 3100 1100 3166 πάλιν,
1134 3100 1274 3169 ὑπὲρ
1303 3099 1393 3152 τὸν
1431 3101 1555 3168 ὅρον
1593 3104 1758 3155 κινεῖ-

1865 3113 2024 3177 ratio,
2059 3128 2239 3166 rerum
2267 3111 2391 3165 ﬁnis
2423 3111 2729 3180 modusque
2759 3112 3008 3177 exsistat,
3035 3127 3133 3180 par
3160 3119 3243 3164 est
3268 3111 3334 3165 ad
3357 3125 3446 3164 ra-

175 3195 310 3250 σθαι
337 3195 427 3249 καὶ
462 3194 602 3265 ὑπὲρ
634 3193 694 3246 τὸ
723 3193 936 3264 μέτρον.
998 3192 1222 3260 Ἐπίσης
1266 3191 1374 3262 γὰρ
1425 3192 1591 3261 ἄμφω
1648 3194 1756 3257 τοῖς

168 3289 326 3343 οὕτω
383 3287 745 3356 κινουμένοις,
798 3285 891 3338 τοῦ
947 3285 1152 3354 κυρίως
1179 3283 1328 3345 ὄντος
1357 3283 1511 3354 φέρει
1543 3283 1640 3356 τὴν
1665 3286 1753 3339 ἐκ·

168 3398 410 3436 πτωσιν.
447 3379 518 3434 Τὸ
553 3379 649 3449 μὲν
681 3377 872 3448 ἄδηλον
896 3378 1090 3440 αὐτοὺς
1114 3373 1384 3428 ποιεῖσθαι
1409 3375 1501 3428 τοῦ
1552 3376 1754 3448 δρόμου

161 3471 368 3526 πεῖθον
391 3471 488 3542 τὴν
517 3470 730 3540 κίνησιν
756 3471 849 3523 καὶ
879 3469 1129 3539 ἀόριστον
1183 3468 1315 3538 (99),
1375 3469 1476 3521 οὐκ
1529 3469 1754 3539 ἔχουσαν

162 3563 387 3620 σκοπὸν
423 3563 513 3616 τὸν
537 3562 669 3615 Θεὸν
702 3562 768 3615 δι’
804 3560 1070 3633 ἀμετρίαν
1112 3560 1251 3625 νοὸς,
1287 3559 1360 3622 ὡς
1385 3561 1535 3622 τέλος
1576 3561 1758 3625 αὑτοῖς

155 3655 696 3729 προεπινοοὺμενον,
738 3653 832 3707 τοῦ
885 3653 1078 3718 δεξιοῦ,
1140 3652 1455 3724 δεξιώτερον
1484 3653 1755 3707 ἀναπλατ-

153 3747 444 3818 τομένους
467 3761 482 3778 ⁸
510 3746 569 3799 τὸ
597 3745 653 3798 δὲ
683 3743 833 3815 παρά
856 3744 947 3797 τὸν
985 3744 1205 3807 σκοπὸν,
1244 3744 1378 3815 πρὸς
1437 3744 1606 3814 μόνην
1660 3744 1756 3816 τὴν

157 3839 442 3909 αἴσθησιν
471 3837 668 3900 αὑτοὺς
711 3835 894 3889 πεῖθον
948 3835 1044 3889 τοῦ
1081 3835 1282 3906 δρόμου
1334 3835 1603 3888 ποιεῖσθαι
1657 3835 1756 3906 τὴν

151 3932 423 4001 κίνησιν,
471 3929 538 3984 δι’
597 3927 812 3983 ἀτονίαν
869 3926 1006 3991 νοὸς,
1061 3925 1549 3998 προεπινοούμενον
1609 3926 1758 3990 τέλος

149 4023 506 4093 νομίζοντας
543 4019 603 4075 τὺ
632 4021 752 4074 κατ’
778 4017 1030 4088 ατσθησιν
1054 4019 1235 4080 αὐτοῖς
1266 4017 1758 4087 περιγραφόμενον.

150 4117 370 4186 Ἀπερ
432 4114 616 4181 ἀγνοεῖ
647 4111 720 4182 μὴ
756 4111 980 4180 πάσχων
1020 4107 1155 4177 (50),
1215 4109 1242 4160 6
1304 4108 1448 4178 μόνῳ
1497 4108 1573 4178 τῷ
1621 4108 1762 4180 λόγῳ

146 4210 264 4277 τῆς
303 4185 515 4276 ἀρετῆς
547 4201 908 4273 συνημμένος,
936 4200 1028 4254 καὶ
1061 4201 1238 4252 πᾶσαν
1281 4199 1426 4268 αὐτῷ
1464 4185 1568 4270 ¹τῆς
1623 4201 1764 4254 κατά

143 4296 297 4351 νοῦν
361 4295 572 4359 οἰκείας
623 4294 904 4362 δυνάμεως
964 4290 1309 4362 περιγράψας
1358 4291 1572 4360 κίνησιν
1629 4292 1760 4362 (51)’

144 4389 261 4442 καὶ
295 4387 396 4441 διὰ
438 4387 597 4440 τοῦτο
629 4386 796 4457 μηδὲν
825 4386 966 4455 ὑπὲρ
1013 4383 1104 4436 τὸν
1138 4382 1318 4452 λόγον,
1373 4383 1407 4453 ἢ
1466 4386 1614 4456 παρὰ
1671 4385 1764 4438 τὸν

141 4479 332 4546 λόγον
357 4477 690 4535 διανοεῖσθαι
724 4477 1039 4546 δυνάμενος.

1862 3205 2028 3261 tionis
2051 3203 2377 3269 absentiam,
2405 3203 2744 3272 perindeque
2761 3202 2898 3256 adeo
2927 3211 3122 3272 praeter
3153 3203 3442 3266 rationem,

1861 3303 2059 3366 pra3ter
2091 3295 2252 3349 ﬁnem
2285 3293 2618 3362 modumque
2662 3293 2904 3357 moveri,
2949 3307 3013 3346 ac
3044 3307 3235 3346 rursus
3279 3308 3446 3362 supra

1862 3388 2025 3442 ﬁnem
2063 3402 2127 3440 ac
2154 3402 2318 3455 supra
2348 3385 2592 3438 modum.
2626 3383 2860 3438 Perinde
2894 3383 3064 3446 enim,
3089 3383 3183 3452 qui
3214 3383 3293 3436 sic
3322 3399 3446 3437 mo-

1859 3489 2112 3542 veantur,
2146 3479 2214 3533 ab
2242 3494 2309 3533 eo
2341 3477 2486 3547 quod
2525 3486 2610 3532 est
2637 3493 2789 3542 vere,
2827 3475 3150 3530 exciderint.
3193 3476 3442 3530 Alterum

1863 3571 2122 3624 nimirum
2152 3585 2219 3624 eo
2247 3568 2478 3629 inducit,
2515 3577 2576 3621 ut
2604 3568 2771 3621 nullis
2794 3567 2961 3620 certis
2993 3565 3196 3619 ﬁnibus
3241 3566 3443 3618 deﬁni-

1862 3670 1979 3715 tum
2006 3677 2202 3715 cursus
2229 3670 2436 3714 motum
2461 3659 2771 3723 instituant,
2804 3657 2879 3711 ita
2903 3657 3133 3720 scilicet,
3162 3665 3222 3710 ιιι
3255 3656 3345 3710 ille
3371 3657 3442 3710 ob

1863 3753 2064 3807 mentis
2097 3751 2594 3814 immoderantiam,
2627 3751 2797 3803 Deum
2835 3748 3166 3802 destinatum
3197 3763 3306 3802 non
3342 3748 3443 3803 ha-

1862 3845 2011 3909 beat,
2044 3844 2125 3898 uti
2159 3843 2321 3897 ﬁnem
2349 3843 2431 3898 eis
2461 3849 2925 3912 praeconceptum,
2953 3839 3046 3908 qui
3069 3840 3284 3905 dextro,
3311 3840 3441 3894 dex-

1866 3946 2012 3990 trum
2041 3936 2212 4002 magis
2233 3934 2547 4003 conﬁngant
2575 3951 2587 3985 :
2620 3933 2854 3987 alterum
2879 3941 3062 3986 autem
3090 3932 3196 3986 hoc
3225 3933 3439 3997 suadet,

1867 4035 1929 4080 ut
1956 4034 2107 4080 extra
2166 4025 2521 4089 destinatum,
2579 4024 2646 4078 ad
2684 4039 2850 4078 unum
2897 4023 3162 4077 duntaxat
3195 4037 3441 4088 sensum,

1869 4132 2067 4172 cursus
2098 4125 2306 4170 motum
2333 4116 2602 4185 dirigant;
2648 4113 2742 4183 qui
2785 4113 3048 4167 nimirum
3094 4129 3210 4182 prae
3242 4114 3446 4168 mentis

1869 4206 2150 4262 debilitate
2199 4217 2639 4278 praeconceptum
2687 4205 2849 4259 ﬁnem
2901 4205 3244 4268 existiment,
3280 4221 3446 4274 quem

1869 4297 2016 4353 intra
2042 4314 2237 4354 sensus
2261 4298 2540 4368 angustias
2565 4305 2780 4368 cogant,
2812 4312 2876 4351 ac
2900 4296 2992 4350 illo
3004 4296 3288 4349 deliniant.
3321 4296 3450 4350 llazc

1867 4390 2068 4454 nescit,
2104 4390 2255 4444 velut
2291 4389 2358 4444 iis
2399 4388 2668 4443 aﬁiciatur
2732 4395 2827 4441 aut
2889 4403 3082 4442 eorum
3140 4387 3450 4458 periculum

1799 4468 1840 4522 Ῑ)
1870 4479 2056 4545 faciat,
2108 4481 2204 4550 qui
2248 4481 2352 4536 soli
2417 4481 2574 4551 261
2629 4479 2852 4559 virtutis
2905 4479 3109 4533 rationi
3163 4478 3453 4533 adha'rens

137 4575 340 4644 eique
367 4572 682 4637 devinctus,
715 4585 934 4625 omnem
970 4569 1075 4624 sibi
1108 4568 1385 4625 facultatis
1418 4569 1587 4625 animi
1619 4571 1929 4644 mentisque
1968 4585 2178 4630 motum
2233 4575 2515 4643 deﬁnivit;
2555 4575 2898 4646 camqucob
2954 4590 3071 4630 rem
3142 4589 3210 4629 eo
3266 4575 3453 4628 animo

134 4674 266 4727 est,
306 4673 378 4717 ut
416 4678 617 4733 supra,
670 4671 762 4716 aut
799 4669 996 4730 praatcr
1022 4661 1316 4726 rationem,
1347 4661 1490 4715 nihil
1515 4661 1757 4733 cogitare
1793 4665 1990 4734 possit.

226 4756 306 4808 Εί
343 4755 409 4807 δέ
460 4771 544 4816 τις
586 4751 839 4823 καὶπρὸς
879 4750 1221 4822 ὑψηλοτέραν
1257 4749 1463 4804 ἔννοιαν
1488 4751 1766 4806 ἀνατεῖναι

135 4846 490 4916 φιλοτίμως
526 4844 774 4915 βούλεται
810 4843 899 4896 τὸν
925 4842 1071 4907 νοῦν,
1106 4841 1288 4906 δεξιὰν
1321 4843 1502 4912 νοήσει
1527 4843 1764 4909 πάντως,

129 4940 291 5004 τοὺς
353 4939 474 4991 τῶν
521 4935 827 5006 ἀσωμάτων
884 4935 1076 5001 λόγους
1106 4952 1120 4966 ο
1159 4933 1453 5006 ἀριστερὰν
1505 4933 1582 4998 δὲ,
1641 4936 1769 4999 τοὺς

132 5032 266 5085 τῶν
337 5031 622 5099 σωμάτων
648 5047 664 5061 ·
699 5028 790 5092 οὓς
823 5030 850 5081 6
889 5027 1022 5098 πρὸς
1077 5027 1176 5098 τὴν
1239 5025 1418 5080 αἰτίαν
1465 5027 1572 5079 τῶν
1600 5026 1768 5081 ὄντων

126 5122 437 5192 ἀσχέτως
478 5119 767 5182 ἀναταθεὶς
824 5120 947 5182 νοῦς
983 5119 1116 5189 (5‘2),
1146 5119 1404 5187 ἀγνοήσει
1463 5117 1765 5181 παντελῶς,

129 5215 394 5286 μηδένα
463 5213 683 5291 θεωρῶν
744 5213 900 5281 λόγον
949 5214 1008 5266 ὲν
1058 5210 1138 5281 τῷ
1185 5211 1326 5265 κατά
1362 5211 1546 5264 πᾶσαν
1588 5209 1768 5264 αἰτίαν

126 5307 312 5378 ὑπὲρ
365 5308 551 5362 πάντα
591 5305 749 5375 λόγον
766 5305 876 5358 δντι
921 5302 1038 5374 Θεῷ
1069 5319 1082 5333 ⁸
1117 5304 1254 5374 πρὸς
1294 5303 1352 5356 ὃν
1397 5301 1504 5356 ἀπὸ
1530 5303 1640 5357 τῶν
1675 5303 1767 5355 ὃν·

122 5418 270 5454 των
310 5400 590 5455 ἁπάντων
631 5398 938 5464 συσταλεὶς,
965 5397 1157 5450 οὐδένα
1181 5395 1292 5449 τῶν
1319 5395 1413 5464 ἀφ’
1444 5390 1519 5450 ῶν
1550 5396 1762 5465 ἀπέστῃ

121 5491 337 5560 λόγον
407 5490 706 5543 ἐπίσταται
743 5505 757 5520 ο
811 5489 971 5559 μόνον
999 5487 1092 5540 τὸν
1132 5487 1268 5557 πρὸς
1306 5486 1366 5540 ὃν
1390 5485 1546 5555 λόγον
1573 5485 1765 5554 γέγονε

121 5584 317 5638 κατὰ
351 5583 524 5653 χάριν
549 5581 968 5655 ἀνερμηνεύτως
998 5579 1295 5651 θεώμενος.

1949 4755 2046 4811 Sin
2075 4771 2210 4810 vero
2239 4756 2364 4826 quis
2395 4757 2558 4812 etiam
2604 4756 2672 4811 ad
2718 4756 3097 4812 sublimiorem
3134 4756 3454 4826 intelligen-

1875 4847 2006 4901 tiam
2034 4848 2320 4918 magniﬁce
2351 4849 2593 4902 animum
2618 4848 2904 4903 intendere
2929 4849 3063 4903 velit
3086 4865 3100 4913 ;
3135 4848 3182 4903 is
3204 4863 3449 4918 prorsus,

1875 4937 2180 5004 dexteram,
2208 4939 2662 5008 incorporeorum
2688 4939 2928 4994 rationes
2952 4956 2966 5005 ;
2994 4939 3270 4994 sinistram
3295 4953 3448 5002 vero,

1875 5045 2169 5101 corporum
2196 5029 2437 5085 rationes
2462 5030 2772 5099 acceperit:
2798 5046 2936 5100 quas
2969 5045 3165 5099 nempe
3196 5045 3352 5083 mens
3394 5029 3451 5084 in

1874 5139 2062 5179 rerum
2104 5123 2278 5178 libere
2323 5132 2488 5192 atque
2525 5123 2703 5176 solute
2740 5130 3022 5176 auctorem
3057 5122 3295 5181 enitens,
3335 5136 3456 5174 om-

1873 5213 2007 5267 nino
2041 5211 2274 5277 nesciet,
2328 5213 2534 5267 nullam
2583 5213 2639 5265 in
2687 5213 2798 5266 Deo
2846 5221 3113 5266 contuens
3155 5211 3449 5277 rationem,

1874 5304 1969 5374 qui
2003 5304 2310 5360 secundum
2359 5319 2578 5358 omnem
2633 5319 2812 5357 causa:
2845 5303 3138 5367 rationem,
3176 5302 3326 5356 omni
3361 5318 3456 5356 su-

1866 5397 2055 5466 perior
2091 5396 2306 5450 ratione
2338 5395 2553 5451 exsistit
2586 5413 2599 5448 :
2631 5396 2689 5450 in
2718 5410 2882 5465 quem
2921 5396 3142 5450 animus
3173 5396 3243 5450 ab
3269 5396 3452 5452 omni-

1867 5487 1975 5543 bus
2016 5503 2076 5543 se
2128 5488 2298 5543 rebus
2331 5490 2596 5560 colligens
2651 5489 3119 5559 contrahensque,
3184 5503 3374 5542 earum
3420 5503 3452 5543 a

1866 5577 2070 5648 quibus
2123 5579 2411 5644 abscessit,
2469 5579 2676 5635 nullam
2737 5581 3006 5636 rationem
3063 5579 3217 5632 novit
3263 5595 3276 5631 :
3327 5591 3449 5631 eam

117 5677 460 5732 nimirum
512 5692 696 5742 unam,
773 5691 878 5749 qua
927 5689 1089 5730 nemo
1135 5674 1370 5744 explicet
1444 5671 1657 5729 ratione
1706 5681 1975 5728 contuens
2058 5687 2122 5726 ac
2174 5673 2555 5742 contemplans
2624 5672 2917 5740 rationem,
2977 5671 3044 5726 ad
3122 5684 3287 5740 quam
3350 5681 3449 5738 per

117 5772 427 5844 gratiam
484 5771 682 5825 evasit.
