3986 6412
192 311 292 375 713

1245 309 1738 385 QUSESTIONES
1776 308 1876 367 AD
1914 309 2422 377 THALASSIUM.

3348 319 3453 384 7H.

192 428 421 491 θρωπος
445 437 456 450 ’
493 422 710 495 σκώληξ
745 424 834 478 διὰ
888 424 985 496 τὴν
1035 424 1476 496 προσληφθεῖσαν
1519 423 1760 492 ἄσπορον

1868 420 2076 474 semine
2112 437 2357 488 carnem,
2393 433 2506 477 tum
2552 439 2683 480 vere
2726 427 2932 482 vermis
2991 426 3169 484 factus
3212 428 3303 496 sit,
3336 439 3452 485 tum

192 516 386 585 σάρκα,
420 518 514 568 καὶ
561 517 856 588 γενόμενος
910 518 1124 586 ἀληθῶς
1190 517 1284 571 καὶ
1325 517 1640 587 λεγόμενος.
1675 515 1764 575 Ὠς

189 608 292 677 γὰρ
311 609 338 659 ὁ
360 606 577 677 σκώληξ
606 610 944 680 συνδυασμδν
973 611 1074 663 οὐκ
1097 610 1230 679 ἔχει,
1264 610 1358 662 καὶ
1387 608 1534 677 μίξιν
1565 623 1766 675 προκα-

189 697 528 770 θηγουμένην
551 699 716 752 αὑτοῦ
745 701 844 770 τῆς
879 700 1164 768 γενέσεως,
1203 699 1374 763 οὕτως
1393 699 1513 752 οὐδὲ
1541 699 1638 768 τῆς
1667 716 1766 750 κα-

189 793 257 845 τὰ
287 793 463 864 σάρκα
493 796 798 862 γεννήσεως
822 795 914 848 τοῦ
941 795 1163 864 Κυρίου,
1191 795 1652 864 προκαθηγήσατο
1686 792 1766 861 μί-

188 885 284 949 ξις.
313 884 455 956 Πρὸς
502 886 580 950 δὲ,
624 887 718 939 καὶ
759 887 836 950 ὡς
867 887 1058 959 δέλεαρ
1101 893 1236 958 προς
1282 888 1380 957 τὴν
1411 887 1627 954 ἀπάτην
1673 901 1765 938 του

185 976 428 1032 διαϐόλου
454 977 531 1049 τῷ
560 979 658 1047 τῆς
687 979 942 1049 θεότητος
970 980 1253 1051 ἀγκίστρῳ
1280 979 1641 1050 περιθέμενος
1672 979 1737 1031 αὑ

184 1071 301 1138 τὴν,
332 1069 396 1122 ἵν’
420 1070 496 1132 ὡς
526 1070 798 1141 ἄπληστος
825 1073 854 1123 ό
885 1071 1074 1142 νοητὸς
1106 1071 1342 1142 δράκων,
1369 1069 1457 1122 διὰ
1479 1067 1579 1139 τὴν
1604 1069 1766 1137 φύσιν

185 1159 508 1230 εὐχείρωτον
540 1145 636 1229 τὴν
665 1161 844 1230 σάρκα
875 1160 1210 1232 περιχανὼν,
1235 1161 1313 1231 τῷ
1353 1161 1453 1230 τῆς
1506 1160 1764 1230 θεότητος

184 1251 465 1322 ἀγκίστρῳ
529 1254 846 1323 περισπαρῇ
872 1268 884 1280 °
929 1254 1024 1305 καὶ
1063 1253 1185 1305 ὅλον
1234 1253 1405 1323 ἐμέσῃ
1441 1253 1530 1306 διὰ
1571 1252 1672 1322 τῆς
1707 1252 1764 1318 ἐξ

182 1343 339 1412 ἡμῶν
393 1342 556 1410 ἁγίας
604 1343 698 1396 τοῦ
734 1345 909 1413 Λόγου
966 1346 1189 1417 σαρκὸς,
1227 1346 1627 1401 καταποθεὴαν
1659 1345 1762 1416 ἤδη

180 1437 280 1504 τὴν
310 1434 472 1504 φύσιν
499 1435 601 1506 τὴν
627 1436 980 1508 ἀνθρωπίνην
1011 1454 1024 1466 ·
1067 1439 1132 1492 ἵν’
1166 1438 1241 1501 ὡς
1283 1438 1511 1491 κατέπιε
1563 1437 1762 1509 πρότε-

183 1545 275 1598 ρον
320 1529 578 1593 δελεάσας
623 1530 795 1583 ἐλπίδι
843 1530 1097 1601 θεότητος
1141 1531 1233 1586 τὸν
1258 1531 1566 1603 ἄνθρωπον,
1592 1531 1764 1595 οὕτως

179 1621 604 1690 ἀνθρωπότητος
666 1622 1060 1692 προσλήμματι
1141 1621 1471 1687 δελεασθεὶς,
1538 1622 1764 1692 ὕστερον

179 1712 353 1783 ἐμέσῃ
373 1713 461 1763 τον
484 1715 836 1784 ἀπατηθέντα
866 1715 954 1767 διὰ
980 1713 1308 1785 προσδοκίαν
1331 1714 1604 1786 θεότητος,
1622 1715 1764 1768 ἀπα-

177 1802 368 1872 τηθεὶς
390 1803 484 1857 ἀνθ
495 1804 812 1875 ρωπότητος
840 1796 1137 1877 προσδοκία
1160 1822 1172 1836 ⁸
1217 1805 1312 1858 καὶ
1337 1808 1478 1877 φανῇ
1506 1805 1568 1857 τὸ
1594 1805 1763 1876 ὑπερι

179 1896 377 1951 ϐάλλον
424 1896 523 1966 τῆς
569 1897 720 1960 θείας
761 1899 1048 1968 δυνάμεως
1069 1939 1084 1963 ,
1117 1898 1205 1952 διὰ
1225 1899 1325 1969 τῆς
1349 1899 1632 1961 ἀσθενείας
1667 1901 1764 1969 τῆς

178 1989 513 2061 ἡττηθείσης
550 1990 768 2058 φύσεως
800 1989 1042 2062 νικώσης
1067 1991 1166 2062 τὴν
1200 1992 1355 2062 ίσχὺν
1381 1991 1472 2044 τοῦ
1508 1992 1764 2060 νικήσαν-

175 2097 271 2143 τος
301 2096 313 2108 ·
357 2079 452 2131 καὶ
471 2079 656 2150 δειχθῇ
684 2079 848 2132 πλέον
899 2080 1065 2133 νικῶν
1109 2083 1136 2134 ό
1191 2081 1324 2145 Θεὸς
1372 2081 1464 2134 τὸν
1515 2082 1764 2136 διάϐολον

177 2171 421 2244 προϐολῇ
454 2172 555 2242 τῆς
593 2173 795 2243 σαρκὸς
842 2171 1218 2245 χρώμενος,ἢ
1277 2174 1369 2228 τὸν
1420 2175 1709 2244 ἄνθρωπον
1736 2179 1766 2229 ὁ

175 2263 426 2327 διάϐολος
457 2266 620 2332 φύσιν
667 2264 920 2335 θεότητος
965 2265 1398 2337 ὑπισχνούμενος
1423 2266 1557 2337 (55).
1595 2261 1763 2329 Οὗτος

173 2357 204 2406 ό
235 2355 456 2426 σκώληξ
512 2357 749 2425 ἐπάταξε
776 2357 874 2428 τὴν
906 2359 1255 2424 κολόκυνταν,
1288 2360 1382 2412 καὶ
1409 2358 1758 2430 ἀπεξήρανε·

174 2450 278 2516 τὴν
311 2449 541 2518 νομικὴν
593 2449 735 2518 λέγω
773 2449 1034 2520 λατρείαν
1077 2452 1428 2522 κατήργησεν
1474 2452 1550 2516 ὡς
1585 2452 1762 2514 σκιὰν,

177 2535 278 2588 καὶ
343 2536 444 2607 τὴν
476 2540 533 2590 ὲν
559 2539 695 2611 αὐτῇ
718 2540 829 2594 τῶν
873 2541 1144 2595 Ἰουδαίων
1187 2542 1533 2612 ἀπεξήρανεν
1564 2543 1760 2613 οίησιν.

254 2624 365 2677 Kal
389 2625 626 2694 ἐγένετο
654 2625 724 2696 τῇ
750 2628 1039 2696 ἐπαύριον
1059 2627 1180 2698 ἅμα
1221 2629 1300 2695 τῷ
1325 2631 1634 2685 ἀνατεῖλαι
1661 2633 1766 2684 ταῖν

175 2716 382 2784 ἣλιον.
430 2719 724 2790 Ἐπαύριον
784 2721 900 2792 μὲν,
937 2722 1018 2774 ὅτι
1074 2722 1214 2792 μετά
1255 2722 1355 2794 τὴν
1396 2723 1630 2795 πάροδον
1654 2723 1763 2776 τῶν

175 2809 324 2864 κατά
359 2809 523 2881 νόμον
547 2812 796 2864 τυπικῶν
828 2813 1190 2883 αἰνιγμάτων,
1214 2815 1422 2868 καὶτὸν
1452 2816 1762 2886 ὡρισμένον

173 2902 370 2974 χρόνον
403 2902 503 2971 τῆς
533 2905 653 2956 κατ’
671 2904 830 2958 αὑτὸν
864 2907 1180 2977 σωματικῆς
1209 2907 1485 2979 λατρείας,
1519 2908 1612 2961 τοῦ
1643 2925 1763 2962 και-

172 2995 269 3050 νοῦ
300 2997 600 3067 μυστηρίου
639 2998 796 3068 χάρις
825 2997 1130 3063 ἀνέτειλεν,
1163 3001 1379 3070 ἡμέραν
1437 2999 1604 3069 ἄλλην
1636 3018 1762 3054 ποι-

169 3089 315 3143 οῦσα
348 3088 601 3158 γνώσεως
644 3091 886 3160 ὑψηλῆς,
911 3091 1005 3144 καὶ
1035 3091 1238 3164 ἀρετῆς
1291 3091 1500 3158 ἐνθέου,
1531 3096 1629 3164 τῆς
1668 3095 1762 3147 καὶ

169 3178 287 3233 τῶν
319 3181 694 3250 ἀντεχομένων
733 3180 904 3250 αὐτῆς
935 3181 1224 3253 θεωτικῆν.
1251 3181 1407 3236 Μετά
1433 3183 1541 3254 γὰρ
1564 3183 1626 3236 τὸ
1652 3201 1759 3237 πα-

170 3269 337 3336 τάξαι
365 3269 454 3322 τὸν
487 3271 750 3341 σκώληκα
782 3270 970 3324 τοῦτον
1005 3271 1104 3342 τὴν
1161 3272 1508 3340 κολόκυνταν,
1547 3274 1641 3326 καὶ
1669 3274 1760 3326 τὸν

169 3361 333 3433 ἥλιον
395 3361 619 3416 τοῦτον·
666 3364 694 3416 ὁ
742 3362 905 3426 αὐτὸς
953 3363 1063 3434 γὰρ
1105 3365 1196 3418 καὶ
1251 3363 1469 3436 σκώληξ
1515 3365 1636 3418 ἐστὶ
1666 3368 1762 3419 καὶ

168 3454 328 3524 ἥλιος
381 3453 728 3525 δικαιοσύνης
765 3454 898 3527 (56)·
932 3455 992 3508 τὸ
1040 3456 1262 3526 μὲν,ὼς
1307 3457 1568 3530 ἅσπόρως
1618 3457 1763 3511 κατὰ

171 3546 360 3616 σάρκα
397 3545 738 3616 τικτόμενος,
775 3547 870 3600 καὶ
899 3549 1081 3601 πᾶσαν
1117 3547 1519 3618 διαφεύγουσαν
1553 3549 1762 3604 ἔννοιαν

169 3637 316 3706 ἔχων
353 3637 450 3708 τὴν
482 3638 746 3708 σύλληψιν
778 3653 792 3666 ³
836 3638 897 3691 τὸ
924 3639 1003 3703 δὲ,
1028 3637 1104 3702 ὡς
1145 3639 1249 3692 ὑπὸ
1275 3642 1379 3712 γῆν
1409 3639 1477 3692 δι’
1497 3640 1598 3711 ἐμὲ
1621 3643 1762 3695 κατά

166 3729 237 3781 τὸ
275 3728 371 3781 τοῦ
409 3728 641 3783 θανάτου
669 3729 885 3798 καὶτῆς
907 3729 1086 3799 ταφῆς
1120 3732 1422 3802 μυστήριον
1441 3731 1757 3801 γενόμενος’

170 3819 274 3871 καὶ
315 3819 392 3882 ὡς
440 3818 555 3888 φῶς
605 3819 776 3872 ἀΐδιον
827 3819 989 3888 φύσει
1032 3819 1098 3872 δι’
1144 3819 1338 3874 ἑαυτὸν
1383 3821 1666 3892 ὑπάρχων,
1698 3824 1762 3873 ἐκ

167 3910 390 3982 νεκρῶν
419 3909 706 3974 ἀνατείλας
751 3911 838 3964 διὰ
869 3911 974 3982 τῆς
997 3913 1364 3977 ἀναστάσεως,
1388 3915 1764 3984 προσέταξεν

169 4004 205 4056 ὁ
241 4003 384 4069 Θεὸς
415 4003 714 4071 πνεύματι
738 4004 1058 4070 καύσωνος
1091 4005 1464 4073 συγκαιόντι,
1488 4005 1584 4058 καὶ
1616 4005 1762 4058 ἐπά-

167 4092 361 4155 ταξεν
392 4094 426 4145 ὀ
459 4091 633 4160 ἣλιος
662 4092 759 4145 ἐπὶ
793 4093 906 4160 τὴν
930 4092 1208 4164 κεφαλὴν
1246 4092 1435 4149 Ἰωνᾶ.
1467 4096 1622 4150 Μετὰ
1654 4097 1763 4166 γάρ

164 4185 277 4255 τὴν
307 4184 572 4256 ἀνατολὴν
605 4185 696 4237 τοῦ
727 4186 881 4256 ηλίου
928 4187 1027 4256 τῆς
1058 4187 1406 4258 δικαιοσύνης
1430 4228 1443 4253 ,
1467 4190 1634 4260 ἤγουν
1665 4189 1763 4260 τὴν

165 4275 475 4330 ἀνάστασιν
503 4275 595 4329 τοῦ
624 4278 830 4347 Κυρίου
859 4280 954 4331 καὶ
985 4279 1084 4348 τὴν
1122 4280 1407 4350 ἀνάληψιν,
1431 4283 1459 4334 ὁ
1486 4283 1763 4350 συγκαίων

168 4363 400 4421 καύσων
439 4366 549 4420 τῶν
573 4369 898 4442 πειρασμῶν
929 4368 1186 4441 ἐπῆλθεν,
1217 4373 1610 4444 ἀμετανοήτοις
1639 4375 1763 4444 μεί-

1798 1765 1862 1823 Β.

1870 512 2196 580 appelletur.
2224 514 2701 580 Quemadmodum
2725 517 2872 571 enim
2901 519 3104 573 vermis
3128 520 3280 574 nullo
3302 521 3455 575 coitu

1870 602 2133 674 nullaque
2194 621 2424 660 sexuum
2477 606 2735 664 mistione
2783 610 2964 664 oritur
2995 626 3059 666 ac
3106 622 3452 682 procreatur,

1869 695 1950 751 sic
2004 712 2108 752 nec
2172 699 2474 754 Dominij
2521 701 2824 756 secundum
2876 718 3097 758 carnem
3157 707 3451 771 nativitati,

1869 789 2184 844 eommistio
2221 791 2330 845 ulla
2381 806 2566 846 comes
2613 793 2737 848 fuit.
2793 793 2872 848 Ad
2913 795 3028 849 luec
3077 797 3268 862 etiam,
3300 801 3453 854 velut

1869 882 2178 938 divinitatis
2230 884 2393 938 hamo
2427 901 2492 940 ea
2525 888 2813 957 apposita;
2852 897 2910 941 ut
2945 887 3159 943 scilicet
3190 891 3454 959 spiritalis

1869 973 2038 1027 draco
2091 976 2245 1030 velut
2279 975 2633 1042 insatiabilis,
2678 979 2748 1031 oh
2782 988 3040 1033 naturam
3073 980 3246 1049 ipsam
3284 981 3452 1052 fragi-

1870 1068 2000 1132 lem,
2028 1070 2180 1122 carni
2214 1069 2455 1136 inhians,
2485 1070 2794 1127 divinitatis
2815 1072 2980 1126 hamo
3002 1073 3450 1144 transfigeretur;

1867 1176 1932 1214 ac
1973 1176 2138 1230 quam
2167 1162 2280 1233 jam
2315 1162 2680 1218 absorbuerat
2710 1164 3005 1218 humanam
3036 1173 3312 1232 naturam,
3354 1180 3456 1236 per

1869 1249 2032 1304 Verbi
2085 1265 2307 1306 carnem
2354 1269 2422 1308 ex
2480 1253 2642 1309 nobis
2693 1263 3052 1324 assumptam,
3109 1263 3278 1309 totam
3325 1270 3455 1308 evo-

1868 1352 2075 1408 meret;
2114 1353 2175 1398 ut
2203 1345 2668 1414 quemadmodum
2700 1355 3015 1416 exspectata
3059 1346 3272 1410 Deitate
3299 1348 3455 1402 velut

1865 1446 1990 1486 esca
2033 1433 2277 1488 illectum
2320 1435 2602 1489 hominem
2635 1443 2798 1505 atque
2834 1435 3126 1508 seductum
3176 1444 3305 1490 ante
3357 1436 3453 1490 ab-

1867 1524 2180 1590 sorbuerat,
2247 1526 2328 1580 sic
2381 1527 2497 1596 ipse
2551 1536 2847 1597 assumpta:
2904 1527 3269 1581 humanitatis
3326 1542 3453 1582 esca

1868 1614 2086 1670 illectus
2111 1615 2509 1688 deceptusque,
2549 1634 2613 1672 ea
2647 1618 2878 1673 Deitatis
2907 1619 3321 1688 exspectatione
3351 1619 3452 1674 de-

1867 1711 2111 1774 ceptum,
2165 1707 2418 1762 humanae
2476 1708 2888 1779 eXSpectatione
2937 1718 3150 1764 naturas
3187 1708 3454 1779 deceptus

1868 1805 2057 1866 postea
2097 1807 2384 1854 evomeret
2420 1816 2434 1853 :
2470 1799 2782 1870 divinaeque
2834 1801 3058 1856 virtutis
3113 1801 3450 1870 praestantia,

1866 1904 1965 1958 per
2023 1899 2280 1945 naturam
2342 1907 2465 1962 quae
2509 1892 2652 1948 victa
2705 1893 2886 1947 fuerat
2940 1893 3174 1948 victoris
3230 1893 3450 1948 devicta

1866 1981 2135 2051 potentia,
2185 1982 2456 2038 illustrior
2505 1984 2622 2054 ipsa
2670 1984 3032 2050 claresceret;
3071 1985 3451 2054 amplioreque

1866 2074 2012 2128 Deus
2051 2074 2304 2140 victoria,
2354 2075 2537 2130 carnis
2591 2075 2812 2145 objectu
2863 2076 3086 2130 diabolo
3134 2075 3296 2146 263
3347 2092 3449 2146 po-

1868 2166 2003 2221 titus
2056 2176 2478 2230 moustraretur,
2531 2184 2696 2238 quam
2751 2168 3008 2223 diabolus
3055 2169 3305 2234 homine,
3349 2183 3449 2222 na-

1867 2265 2046 2311 turam
2102 2258 2330 2315 Deitatis
2376 2260 2455 2314 illi
2510 2260 2812 2330 pollicitus.
2847 2261 3068 2316 Vermis
3117 2261 3221 2316 iste
3255 2275 3453 2315 cucur-

1867 2349 2038 2404 bitam
2083 2352 2358 2420 percussit
2409 2367 2475 2407 ac
2518 2351 2777 2418 arefecit;
2821 2367 3020 2422 nempe
3049 2351 3188 2422 legis
3215 2352 3450 2416 cultum,

1865 2455 1968 2495 ceu
2029 2441 2303 2504 umbram.
2361 2442 2626 2508 abolevit,
2675 2451 2844 2512 atque
2905 2443 2959 2496 in
3007 2457 3078 2496 eo
3131 2441 3451 2498 Judaaorum

1865 2533 2131 2588 exstinxit
2175 2534 2374 2589 fastum
2408 2543 2577 2604 atque
2625 2534 2965 2606 iactantiam.

1937 2624 2007 2678 Et
2047 2625 2254 2695 factum
2291 2635 2367 2680 est
2394 2628 2450 2680 in
2481 2627 2796 2691 crastinum,
2830 2625 2992 2680 simul
3015 2635 3175 2696 atque
3200 2634 3345 2680 ortus
3376 2635 3454 2680 est

1863 2717 1944 2771 sol
1982 2718 2048 2772 δ’.
2093 2718 2152 2772 In
2183 2717 2525 2783 crastinum;
2576 2717 2723 2788 quod
2772 2718 3058 2782 nimirum,
3089 2727 3450 2788 posteaquam

1863 2809 2120 2881 legalium
2185 2809 2484 2880 figurarum
2530 2810 2840 2880 aenigmata,
2889 2810 3120 2881 ejusque
3144 2810 3452 2879 corporalis

1863 2903 2046 2957 cultus
2099 2901 2387 2956 deﬁnitum
2426 2909 2643 2971 tempus
2679 2902 2998 2967 transierat,
3030 2901 3157 2955 novi
3199 2901 3448 2973 mysterii

1863 2995 2060 3066 gratia,
2103 2993 2248 3048 diem
2288 2995 2526 3048 alterum
2571 2994 2826 3048 sublimis
2877 2993 3123 3049 scientize
3181 2993 3446 3052 condens.

1787 3124 1831 3182 ϐ
1867 3085 2201 3157 virtutisque
2245 3085 2447 3142 divinae
2496 3086 2789 3157 (ejusmodi
2825 3087 3060 3150 scilicet,
3111 3101 3233 3155 quae
3255 3084 3450 3140 sedqu

1866 3179 2264 3249 amplectentes
2305 3179 2508 3234 deitate
2531 3178 2806 3249 donaret).
2843 3187 2962 3234 orta
2991 3187 3096 3233 est.
3146 3178 3250 3234 Ubi
3300 3176 3450 3232 enim

1865 3271 2072 3325 vermis
2117 3271 2220 3326 iste
2266 3278 2429 3340 atque
2457 3271 2540 3325 sol
2591 3270 2941 3325 cucurbitam
2977 3269 3252 3339 percussit
3279 3267 3451 3339 (idem

1863 3363 2011 3416 enim
2033 3370 2144 3416 tum
2166 3363 2370 3416 vermis
2394 3362 2459 3424 ⁸ο,
2481 3369 2597 3416 tum
2617 3362 2696 3416 sol
2713 3361 2942 3433 iustitiae
2966 3363 3007 3394 δ’
3025 3377 3039 3426 ;
3059 3361 3297 3415 alterum
3323 3359 3451 3430 qui-

1865 3453 2013 3518 dem,
2039 3452 2186 3524 quod
2214 3454 2424 3524 absque
2451 3453 2564 3507 ullo
2599 3453 2811 3508 semine
2846 3459 3011 3507 natus
3045 3453 3117 3507 sit
3145 3451 3450 3508 secundum

1865 3560 2112 3608 carnem,
2163 3547 2394 3616 ejusque
2428 3545 2718 3615 conceptio
2750 3545 2862 3597 vim
2909 3559 3128 3599 onmem
3157 3543 3452 3614 cogitantis

1865 3635 2034 3689 animi
2090 3634 2248 3706 longe
2297 3645 2554 3705 superet;
2625 3635 2861 3690 alterum
2909 3651 3063 3700 vero,
3121 3635 3268 3706 quod
3332 3636 3444 3690 mei

1867 3742 2052 3791 causa,
2098 3743 2200 3797 per
2251 3727 2446 3783 mortis
2499 3743 2562 3783 ac
2595 3728 2895 3798 sepultura:
2928 3729 3252 3799 mysterium
3290 3738 3452 3784 terra:

1866 3821 2052 3876 abdita
2080 3822 2336 3886 subierit,
2376 3839 2442 3878 ac
2466 3823 2618 3877 velut
2657 3824 2750 3894 qui
2785 3823 2870 3878 sui
2905 3824 3022 3892 ipse
3059 3826 3280 3878 ratione
3299 3838 3450 3878 sem-

1867 3912 2148 3982 piternum
2194 3920 2391 3967 natura
2445 3911 2631 3966 lumen
2689 3911 2806 3977 sit),
2837 3926 2936 3981 per
2981 3910 3450 3965 resurrectionem

1867 4013 2096 4059 exortus
2122 4018 2188 4058 ex
2217 4003 2453 4058 mortuis
2483 4021 2495 4056 :
2536 4002 2791 4074 Pra’cepit
2824 4003 2966 4058 Deus
3001 4004 3210 4073 spiritui
3243 4001 3450 4055 ardoris

1869 4097 2228 4160 comburenti;
2267 4106 2317 4150 et
2359 4097 2614 4166 percussit
2639 4095 2720 4149 sol
2749 4112 2905 4166 super
2936 4106 3092 4166 caput
3118 4094 3287 4149 Jonw.
3325 4095 3453 4148 Post

1869 4198 2052 4243 ortum
2093 4188 2241 4242 enim
2283 4187 2515 4258 justitize
2554 4187 2748 4250 solem,
2796 4187 2850 4241 id
2885 4196 2989 4249 est,
3045 4197 3170 4256 post
3205 4187 3453 4241 Domini-

1870 4299 1988 4338 cam
2027 4283 2494 4338 resurrectionem
2535 4290 2703 4351 atque
2743 4281 2799 4335 in
2853 4281 3024 4336 crelos
3053 4281 3448 4350 receptionem.

1869 4375 2200 4430 comburens
2221 4374 2587 4430 tentationum
2613 4373 2780 4427 ardor
2802 4372 3020 4427 Judmos
3045 4373 3455 4441 imptenitcntcs

169 4472 302 4510 νασι
338 4459 452 4521 τοῖς
489 4457 787 4523 Ἰουδαίοις,
823 4459 918 4512 καὶ
948 4460 1220 4527 ἐπάταξεν
1243 4461 1443 4524 αὐτοὺς
1473 4464 1554 4526 είς
1589 4480 1756 4534 κειρασ

1872 4468 2094 4530 invasit,
2115 4468 2376 4537 iustoque
2396 4465 2607 4536 judicio
2645 4465 2700 4518 in
2739 4479 2933 4519 eorum
2962 4464 3138 4534 capita
3172 4464 3295 4518 illos
3331 4479 3456 4532 per-

166 4547 276 4611 λάς
302 4547 482 4601 αὐτῶν
513 4550 655 4603 κατά
677 4550 896 4604 δικαίαν
915 4552 1120 4622 κρίσιν,
1153 4553 1512 4625 ἐπιστρέψας,
1531 4555 1674 4610 κατά
1701 4557 1762 4608 τὸ

169 4641 586 4712 γεγραμμένον,
611 4642 702 4696 τὸν
737 4643 898 4697 πόνον
931 4643 1112 4697 αὐτῶν
1143 4646 1223 4708 εἰς
1256 4645 1356 4710 τὰς
1395 4647 1640 4716 κεφαλὰς
1665 4648 1762 4702 αὐ-

168 4731 287 4786 τῶν
326 4747 339 4763 ·
377 4732 560 4796 καθὼς
603 4735 758 4788 αὐτοὶ
819 4736 1190 4807 προλαϐόντες
1216 4735 1448 4808 ηὔξαντο
1480 4741 1602 4793 καθ’
1628 4742 1755 4796 ἑαυ-

164 4825 305 4892 τῶν,
329 4828 574 4892 εἰπόντες
601 4843 616 4858 ·
651 4829 718 4882 Τὸ
749 4823 892 4898 αἷμα
940 4830 1130 4885 αὐτοῦ
1177 4831 1270 4899 ἐφ’
1304 4832 1482 4901 ἡμᾶς,
1503 4833 1603 4888 καί
1661 4835 1758 4889 ἐπὶ

165 4918 246 4974 τὰ
275 4917 454 4974 τέκνα
506 4919 694 4991 ἡμῶν.
734 4921 932 4990 Σαφῶς
972 4923 1082 4995 γὰρ
1118 4923 1256 4994 μετά
1309 4924 1408 4994 τὴν
1463 4926 1759 4981 ἀνάστασιν

167 5010 272 5092 καὶ
306 5011 402 5082 τὴν
455 5011 723 5083 ἀνάληψιν
763 5011 857 5066 τοῦ
891 5013 1165 5085 Σωτῆρος,
1195 5014 1415 5085 πνεῦμα
1477 5017 1759 5083 καύσωνος

165 5104 318 5173 ἄγαν
339 5104 716 5171 συγκαίοντος,
745 5107 778 5177 ἡ
816 5105 905 5159 διὰ
937 5106 1043 5160 τῶν
1070 5107 1240 5161 ὲθνῶν
1268 5109 1550 5180 ἐκδίκησις
1586 5113 1757 5185 ἐπῆλ-

168 5194 270 5248 θεν
305 5194 487 5257 αὐτοῖς
529 5211 543 5224 ’
585 5195 678 5248 καὶ
712 5197 914 5260 παντὸς
959 5196 1053 5250 τοῦ
1081 5197 1268 5262 έθνους
1303 5199 1558 5271 καθάπερ
1587 5220 1756 5274 κεφα-

165 5283 276 5352 λὴν
304 5280 401 5353 τὴν
428 5283 610 5349 δόξαν,
642 5284 736 5337 καὶ
777 5285 836 5339 τὸ
865 5286 1068 5356 κράτος
1101 5288 1367 5353 πατάξας,
1398 5291 1700 5346 κατέλαϐεν
1731 5295 1760 5347 ό

162 5376 327 5447 ἥλιος
356 5376 384 5427 ὁ
418 5374 582 5444 ἐμός·
610 5375 746 5446 πρὸς
768 5376 826 5430 δν
855 5377 980 5440 τοὺς
1018 5378 1334 5450 ὀφθαλμοὺς
1383 5383 1481 5450 τῆς
1517 5383 1758 5451 διανοίας

161 5466 568 5536 ἐπιμύσαντες,
598 5466 656 5519 τὸ
681 5466 797 5532 φῶς
824 5466 920 5537 τῆς
945 5466 1204 5539 ἀληθείας
1228 5471 1413 5537 αὐτοῖς
1440 5475 1758 5545 ἐπιλάμψαι)

157 5558 279 5613 οὐκ
307 5555 572 5623 ἔγνωσαν.

1870 4560 2091 4625 cussit;
2133 4574 2330 4628 nempe
2359 4573 2554 4613 eorum
2602 4557 2851 4612 dolorem
2900 4557 2955 4610 in
2993 4565 3156 4626 caput
3206 4557 3452 4626 ipsorum

1869 4659 2222 4714 convertens,
2273 4651 2354 4704 uti
2402 4651 2670 4719 scriptum
2718 4657 2802 4703 est
2846 4649 2923 4714 ⁸¹;
2982 4647 3450 4718 quemadmodum

1872 4744 1948 4798 illi
1986 4751 2148 4799 antea
2198 4740 2302 4797 sibi
2345 4741 2565 4796 fuerant
2609 4741 2964 4810 comprecati,
3012 4755 3136 4794 eum
3162 4739 3452 4793 dicerent:

1873 4837 2102 4909 Sanguis
2138 4838 2251 4907 ejus
2296 4851 2454 4906 super
2508 4851 2622 4898 nos,
2660 4845 2709 4888 et
2747 4851 2906 4906 super
2938 4835 3078 4902 ﬁlios
3123 4842 3326 4887 nostros
3379 4835 3448 4888 ⁵³.

1868 4931 2052 4986 Palam
2082 4929 2230 4986 enim
2290 4939 2414 4998 post
2463 4927 2761 4984 Salvatoris
2791 4927 3252 4981 resurrectionem
3282 4933 3449 4996 atque

1869 5021 1923 5076 in
1969 5021 2136 5076 caelos
2185 5021 2579 5089 receptionem,
2629 5017 2858 5088 spiritus
2904 5015 3116 5070 ardoris
3166 5031 3229 5069 ac
3284 5022 3452 5069 astus

1869 5110 2159 5183 ejusmodi,
2190 5111 2284 5182 qui
2331 5113 2597 5166 acerrime
2641 5119 2839 5164 ureret.
2866 5109 3038 5179 (illata
3079 5107 3292 5161 scilicet
3321 5122 3452 5177 gen-

1870 5202 2004 5255 tium
2055 5200 2417 5272 impressione
2471 5198 2630 5269 ultio)
2685 5199 2819 5268 ipsis
2875 5196 3112 5266 ingruit;
3161 5195 3451 5266 gentisque

1872 5293 2042 5348 totius
2077 5293 2229 5347 velut
2257 5299 2424 5362 caput
2458 5291 2726 5362 (gloriam
2770 5305 2833 5344 ac
2882 5287 3244 5360 potestatem)
3297 5301 3453 5340 meus

1870 5385 1948 5439 sol
1999 5384 2224 5454 justitim
2267 5383 2603 5453 percutiens,
2663 5381 2994 5453 prostravit;
3042 5381 3096 5435 in
3145 5397 3310 5450 quem
3360 5395 3452 5434 oc-

1869 5476 2038 5531 clusis
2091 5475 2259 5529 animi
2308 5475 2505 5536 oculis,
2548 5475 2695 5544 quod
2753 5475 2835 5529 eis
2888 5474 3140 5529 illuxerat
3202 5473 3450 5529 veritatis

1869 5569 2077 5630 lumen,
2123 5581 2232 5620 non
2278 5574 2670 5634 cognoverunt.

257 5764 572 5828 “Jonaetv.
597 5768 648 5822 8.
723 5769 770 5801 ⁸⁸
808 5771 950 5825 Psal.
988 5785 1094 5834 xxi,
1139 5771 1168 5824 7
1267 5768 1308 5800 "
1349 5769 1580 5828 Malaeh.
1605 5785 1679 5838 ιν,
1722 5771 1755 5824 9

1873 5773 1894 5804 '
1927 5772 2072 5829 Psal.
2103 5787 2198 5838 vn,
2233 5773 2310 5826 l7.
2391 5772 2434 5803 ⁵³
2463 5771 2652 5826 Matth.
2685 5786 2849 5836 xxvu,
2887 5771 2976 5826 25.

417 5862 690 5922 Parnm.
731 5863 847 5923 Gn.
891 5865 1006 5926 XC.

2965 5865 3044 5925 23
