3986 6416
650 435 760 487 Aut
797 445 1007 492 rursus,
1055 428 1283 497 spiritus
1327 425 1545 480 ardoris
1590 425 1795 480 Judwis
1838 423 2156 484 suscitatus,

579 524 769 595 gratiae
806 521 1079 576 sermonis
1131 518 1455 582 incredulis,
1503 518 1687 573 divina
1735 515 2025 571 derelictio
2055 523 2159 578 est,

581 630 701 686 quae
748 613 994 668 scientia:
1038 612 1279 682 pluviam
1331 625 1626 681 roremque
1659 608 1966 680 prephetiat
2009 605 2162 660 cohi-

562 707 728 770 ‘beat,
782 713 947 774 atque
996 703 1244 756 nativam
1281 703 1499 772 piarum
1532 702 1929 772 cogitationum
1958 697 2162 753 animi-

583 811 692 866 que
725 795 1001 849 rationum
1027 792 1424 863 scaturiginem
1462 792 1757 860 arcfaciat;
1788 793 1934 862 juste
1960 789 2163 846 Iuda-is

583 889 754 952 illata,
805 887 1011 958 quippe
1057 885 1324 956 sanguine
1376 885 1603 940 innoxio
1645 885 1864 938 illorum
1927 883 2162 954 oppletis

583 979 860 1044 manibus,
908 993 976 1033 ac
1020 977 1254 1034 veritate
1308 977 1598 1033 mendacio
1650 975 1902 1047 prodita;
1941 977 2164 1044 Deoque

584 1072 785 1136 Verbo,
837 1071 932 1141 qui
977 1071 1045 1125 ad
1098 1071 1332 1125 salutem
1389 1071 1632 1125 humano
1683 1071 1873 1140 generi
1901 1077 2166 1140 praestan-

583 1161 710 1217 dam
759 1160 923 1233 264
977 1161 1034 1216 in
1088 1161 1266 1217 forma
1314 1163 1475 1216 nobis
1515 1160 1681 1217 simili
1745 1160 2166 1215 immutabiliter

585 1253 904 1318 advenerat,
943 1253 1253 1324 abnegato;
1297 1253 1544 1324 ipsisque
1576 1253 1716 1309 adeo
1746 1254 1954 1311 erroris
1996 1253 2168 1308 licen-

589 1346 675 1400 tiae
725 1346 992 1412 traditis;
1051 1346 1108 1400 in
1157 1361 1266 1416 qua
1297 1347 1450 1402 nulla
1498 1362 1735 1417 usquam
1783 1347 1976 1417 pietati
2007 1361 2071 1401 ac
2099 1346 2168 1400 ti-

585 1438 727 1492 mori
782 1438 877 1494 Dei
928 1437 1107 1493 aflinis
1147 1447 1405 1494 occurrat
1461 1437 1704 1503 aﬂ‘ectio,
1755 1438 1852 1493 sed
1903 1438 2057 1493 arida
2105 1452 2168 1494 ac

559 1522 865 1584 "siticulosa
885 1529 1163 1595 voluntas,
1195 1544 1484 1600 pravoque
1508 1529 1661 1585 omni
1691 1527 1893 1585 aﬁ‘cctu
1925 1530 2165 1597 imbuta;

583 1635 749 1690 quam
804 1621 956 1676 velut
1001 1629 1150 1687 nota,
1182 1622 1350 1676 animi
1395 1631 1580 1678 tumor
1606 1621 1889 1694 {astusque
1922 1623 2168 1694 proclive

585 1711 881 1783 insigniat;
935 1712 1295 1768 exsecrabilis
1325 1728 1522 1784 nempe
1549 1713 1802 1778 affectus,
1857 1729 1925 1768 ex
1956 1713 2164 1785 duplici

584 1803 902 1859 coalescens
931 1803 1069 1858 vitio
1098 1804 1277 1874 iisque
1309 1805 1673 1875 compositus,
1712 1804 1971 1875 superbia
2002 1815 2167 1877 atque

587 1890 734 1944 inani
781 1890 1267 1962 gloriazquarum
1317 1891 1491 1946 altera
1525 1891 1750 1962 quidem
1804 1891 2025 1963 (nempe
2079 1908 2172 1948 su-

583 1981 798 2052 perbia)
839 1982 1060 2038 virtutis
1086 1993 1252 2054 atque
1285 1995 1497 2040 natura:
1529 1991 1819 2039 auctorem
1850 1994 2054 2056 negat;
2088 1983 2169 2039 al-

585 2081 703 2127 tera
742 2072 948 2144 (inanis
983 2073 1199 2130 scilicet
1229 2073 1426 2145 gloria)
1481 2082 1738 2130 naturam
1787 2074 1960 2145 ipsam
2005 2084 2171 2146 atque

583 2163 843 2218 virtutem
868 2163 1239 2220 adulterinam
1267 2164 1470 2220 reddit.
1503 2165 1566 2219 Ei
1591 2166 1740 2220 enim
1767 2167 1861 2235 qui
1899 2166 2172 2237 superbus

581 2255 677 2319 sit,
720 2255 860 2310 nihil
914 2256 1103 2311 divina
1154 2256 1360 2326 pietate
1415 2256 1626 2327 geritur
1660 2257 1952 2327 :nihilque
1975 2257 2048 2324 ei,
2076 2255 2172 2328 qui

584 2343 734 2398 inani
765 2343 941 2413 gloria
970 2344 1205 2410 laboret,
1244 2359 1312 2400 ex
1341 2354 1554 2400 natura:
1601 2345 1917 2401 rationibus
1945 2361 2172 2418 progre-

583 2435 754 2490 ditur.
792 2435 1000 2491 Horum
1031 2437 1216 2493 mistio
1248 2453 1312 2492 ac
1352 2437 1658 2504 concretio,
1704 2439 1836 2494 elati
1874 2440 2044 2494 animi
2087 2449 2174 2495 tu-

584 2541 708 2581 mor
758 2527 1040 2599 fastusque
1075 2539 1209 2597 est;
1257 2545 1387 2602 erga
1437 2531 1609 2586 Deum
1671 2530 1896 2602 quidem
1927 2541 2172 2587 contem-

583 2627 739 2689 ptum
789 2620 1019 2687 habens,
1079 2637 1191 2692 quo
1225 2622 1306 2678 illi
1362 2631 1768 2692 comparatum,
1818 2632 1878 2678 ut
1915 2625 2010 2680 Dei
2037 2639 2170 2695 pro-

582 2712 884 2768 videntiam
954 2713 1276 2784 blaspheme
1327 2714 1659 2785 vituperet:
1721 2729 1853 2786 erga
1915 2725 2168 2771 naturam

579 2817 738 2868 vero,
785 2803 952 2858 alieni
980 2805 1151 2860 animi
1196 2804 1482 2880 affectum,
1514 2821 1624 2876 quo
1655 2806 1926 2877 quidquid
1961 2808 2029 2862 ad
2074 2824 2172 2862 na-

584 2901 766 2948 turam
801 2903 1038 2965 spectat,
1083 2903 1280 2952 contra
1309 2907 1566 2952 naturam
1609 2899 1774 2969 eique
1820 2899 2051 2955 adversa
2086 2916 2173 2955 ra-

585 2983 735 3040 tione
783 2986 948 3056 gerit,
1009 2995 1226 3043 natura;
1277 2983 1536 3044 decorem
1590 2990 1766 3046 abusu
1811 2991 2168 3048 labefactans.

582 3075 787 3148 Atque,
843 3086 904 3133 ut
933 3094 1148 3134 summa
1199 3079 1402 3146 dicam,
1431 3097 1541 3152 qua
1575 3081 1632 3136 in
1672 3081 1952 3138 Christum
1986 3084 2169 3140 incre-

584 3168 816 3226 dulitate
838 3168 1053 3226 laborat
1074 3171 1340 3229 Iudaicus
1357 3174 1618 3244 populus,
1649 3175 1946 3245 typhonico
1969 3177 2169 3246 Spiritu

584 3269 770 3316 mente
822 3262 1030 3332 corripi
1077 3278 1140 3317 ac
1186 3263 1386 3320 vinciri
1423 3265 1748 3335 permissus,
1795 3281 1951 3336 aeque
1995 3266 2168 3322 Deum

584 3362 752 3422 atque
787 3351 1040 3408 homines
1089 3354 1246 3421 odit;
1297 3355 1389 3425 qui
1447 3356 1622 3411 Deum
1674 3356 1899 3426 quidem
1955 3357 2171 3414 deliciis

585 3442 904 3498 carnalibus
953 3442 1185 3500 minoris
1235 3444 1436 3510 ducat;
1481 3460 1715 3516 eamque
1764 3447 1837 3501 ob
1884 3462 2024 3513 rem,
2073 3449 2170 3518 qui

584 3533 643 3591 in
694 3535 894 3605 spiritu
942 3545 1048 3602 est,
1091 3537 1303 3592 cultum
1348 3536 1593 3608 rejiciat;
1649 3538 2014 3608 hominesque
2056 3554 2169 3595 non

583 3639 654 3680 ex
685 3625 879 3682 Jacobi
927 3636 1078 3682 satos
1129 3626 1408 3698 prosapia,
1443 3625 1661 3682 alienos
1708 3641 1939 3707 prorsus
1966 3644 1996 3683 a
2023 3628 2171 3684 Con-

585 3717 763 3772 ditere
816 3718 1066 3773 sentiat:
1115 3721 1347 3790 ejusque
1398 3719 1478 3774 rei
1527 3720 1726 3791 gratia,
1784 3735 1949 3790 quam
2008 3721 2170 3776 nobis

586 3807 788 3864 caedem
838 3810 1207 3876 machinatur,
1244 3811 1358 3866 Deo
1404 3818 1695 3882 acceptum
1737 3825 1801 3864 ac
1856 3812 2170 3881 praestantis

586 3898 804 3955 virtutis
850 3899 1088 3967 facinus,
1147 3901 1308 3972 plane
1358 3910 1563 3957 statuat
1601 3920 1613 3955 :
1647 3917 1846 3974 nempe
1887 3903 2165 3975 ignorans,

587 3987 666 4043 uti
715 3989 1019 4048 verisimile
1083 4001 1190 4058 est,
1247 4006 1360 4062 prae
1418 3992 1723 4058 dementia,
1789 3993 1996 4050 stultus
2053 3995 2164 4061 ille,

581 4080 816 4137 minoris
870 4098 992 4138 esse
1043 4084 1112 4139 ad
1144 4084 1243 4139 Dei
1284 4085 1776 4150 necessitudinem,
1827 4101 2029 4156 corpus
2077 4102 2170 4158 ge-

583 4170 845 4241 nerisque
890 4171 1235 4238 affinitatem,
1263 4189 1429 4244 quam
1473 4175 1738 4240 animum,
1773 4175 1869 4246 qui
1909 4177 2168 4232 eumdem

583 4277 648 4318 ac
702 4263 923 4333 reliqui,
991 4265 1116 4319 fidei
1166 4265 1544 4320 characterem
1597 4266 1758 4331 ferat,
1803 4267 2168 4338 eamdemque

583 4367 710 4406 cum
759 4353 1018 4409 omnibus
1069 4354 1290 4409 honesti
1345 4370 1478 4426 ergo
1525 4356 1730 4411 mentis
1772 4356 2164 4424 affectionem;

1743 313 1804 371 S.
1841 309 2124 371 ΜΛΧΙΜΙ
2165 307 2304 366 CON
2316 305 2671 366 FESSDRIS

2193 428 2235 482 Α

3679 316 3754 380 716

2341 420 2410 471 "H
2439 419 2621 480 πάλιν,
2655 417 2872 489 πνεῦμα
2907 419 3187 484 καύσωνός
3235 421 3380 473 ἐστιν
3423 421 3758 497 ἐξεγειρόμενον

2264 515 2379 576 τοῖς
2409 513 2693 566 ἀπειθοῦσι
2717 511 2794 582 τῷ
2821 511 2965 583 λόγῳ
2993 513 3092 583 τῆς
3144 515 3361 585 χάριτος
3400 518 3642 586 Ἰουδαίοις
3661 523 3759 596 (Ξῖ),

2264 604 2296 672 ἡ
2325 603 2417 658 τὸν
2452 605 2606 658 ὑετὸν
2632 604 2897 676 ἀνέχουσα
2928 606 3026 676 τῆς
3049 606 3324 676 γνώσεως,
3358 611 3448 663 καὶ
3476 611 3566 681 τῆς
3602 633 3764 688 προφη.

2262 692 2414 756 τείας
2459 693 2557 764 τὴν
2595 693 2818 766 δρόσον,
2852 695 2949 748 καὶ
2997 696 3096 765 τὴν
3143 697 3378 768 φυσικὴν
3424 699 3526 751 τῶν
3580 703 3764 761 εὐσεϐῶν

2263 786 2557 854 νοημάτων
2588 787 2687 856 τῆς
2721 787 2950 855 καρδίας
2980 788 3415 859 ἀποξηραίνονσα
3443 793 3624 864 πηγὴν,
3649 798 3768 863 ἐγκα-

2260 875 2533 948 τάλειψις,
2575 878 2890 949 ἐπαγομένη
2952 877 3177 944 δικαίως
3232 881 3432 945 αὐτοῖς,
3467 883 3536 944 ὡς
3585 886 3769 957 πλήσαςι

2263 970 2362 1034 τὰς
2385 973 2572 1044 χεῖρας
2601 971 2834 1040 αἵματος
2863 970 3064 1036 ἀθώου,
3106 973 3201 1025 καὶ
3238 971 3316 1042 τῷ
3341 974 3518 1042 ψεύδει
3564 979 3771 1047 προδεδωο

2267 1062 2388 1116 κόσι
2412 1063 2512 1134 τὴν
2534 1063 2793 1134 ἀλήθειαν
2821 1080 2834 1094 ·
2862 1064 2956 1117 καὶ
2983 1065 3076 1117 ἐπὶ
3101 1065 3343 1136 σωτηρίᾳ
3379 1066 3472 1119 τοῦ
3503 1068 3670 1135 γένους
3697 1073 3772 1124 τῶν

2263 1151 2572 1223 ἀνθρώπων
2592 1153 2880 1218 ἀτρέπτως
2902 1154 2960 1207 ἐν
2999 1153 3132 1207 εἴδει
3164 1153 3242 1224 τῷ
3281 1155 3402 1208 καθ’
3457 1158 3593 1226 ἡμᾶς
3641 1179 3772 1231 παρα·

2267 1244 2562 1314 γενόμενον
2593 1245 2684 1298 τὸν
2710 1246 2842 1299 Θεὸν
2867 1246 3040 1313 Λόγον
3070 1248 3544 1319 ἀπαρνησαμένοις
3575 1267 3587 1280 ·
3616 1252 3693 1304 καὶ
3715 1255 3774 1305 διὰ

2266 1335 2424 1389 τοῦτο
2447 1335 2798 1406 παραδοθεϊσι
2845 1341 2910 1410 τῇ
2948 1339 3246 1411 αὐτονομίᾳ
3285 1339 3383 1410 τῆς
3436 1341 3628 1410 πλάνης
3656 1361 3666 1373 ·
3692 1342 3772 1417 ἕνῇ

2268 1421 2527 1479 καθόίον
2559 1427 2759 1497 δήποτε
2801 1429 3005 1500 τρόπον
3034 1431 3136 1483 οὑκ
3177 1430 3322 1483 ἔστιν
3367 1431 3542 1501 εὑρεῖν
3585 1433 3773 1505 εὐσεϐείᾳ

2272 1520 2366 1572 καὶ
2401 1519 2551 1590 φόϐῳ
2593 1517 2729 1572 Θεοῦ
2778 1523 3221 1592 κατεικασμένην
3257 1520 3496 1575 διάθεσιν
3529 1538 3542 1550 ⁸
3587 1523 3696 1576 ἀλλὰ
3721 1524 3776 1594 ξη-

2271 1609 2393 1681 ράν,
2418 1611 2514 1664 καὶ
2543 1609 2776 1682 ἀνικμον
2799 1611 3046 1682 γνώμην,
3078 1611 3174 1665 καὶ
3207 1612 3374 1665 παντὶ
3397 1613 3640 1683 μοχθηρῷ
3665 1615 3777 1668 πάθει

2270 1702 2654 1772 πεποιωμένην
2677 1719 2691 1732 ’
2723 1705 2790 1774 ἣν
2818 1703 3248 1776 χαρακτηρίζειν
3286 1701 3427 1758 οἶδεν
3448 1706 3476 1758 6
3520 1705 3684 1775 τῦφος,
3709 1711 3780 1762 πά-

2201 1796 2242 1850 Β
2275 1795 2365 1859 θος
2427 1797 2705 1867 ἐπάρατον
2761 1796 3039 1868 ὑπάρχον,
3089 1797 3184 1850 καὶ
3230 1798 3294 1851 ἐκ
3339 1797 3436 1851 δύο
3483 1799 3653 1852 κακῶν
3683 1803 3779 1856 κατὰ

2275 1886 2523 1941 σύνθεσιν
2563 1887 2976 1957 συνιστάμενον,
3000 1887 3380 1960 ὑπερηφανίας
3408 1891 3502 1944 καὶ
3521 1891 3780 1956 κενοδοξίας

2271 1973 2347 2034 ὧν
2375 1979 2474 2048 μὲν
2518 1979 2872 2051 ὑπερηφανία
2906 1979 3045 2049 (58),
3082 1980 3182 2049 τὴν
3228 1981 3413 2035 αἰτίαν
3466 1983 3687 2052 ἀρνεῖται
3719 1985 3783 2054 τῆς

2271 2070 2472 2141 ἀρετῆς
2507 2071 2602 2123 καὶ
2629 2070 2729 2140 τῆς
2759 2070 2976 2140 φύσεως
3015 2087 3029 2104 ·
3064 2075 3096 2142 ἡ
3133 2071 3189 2125 δέ
3211 2072 3511 2138 κενοδοξία,
3533 2075 3624 2143 τὴν
3649 2091 3695 2128 τε
3715 2075 3782 2141 φύε

2273 2179 2358 2215 σιν
2385 2162 2482 2216 καὶ
2529 2162 2702 2232 αὑτὴν
2734 2163 2890 2218 νόθον
2940 2162 3039 2236 τὴν
3075 2164 3277 2234 ἀρετὴν
3311 2167 3644 2238 καθίστησιν.
3667 2168 3784 2222 Οὐδὲν

2271 2252 2381 2323 γὰρ
2405 2251 2483 2324 τῷ
2514 2253 2852 2326 ὑπερηφάνῳ
2876 2253 3017 2309 κατὰ
3037 2254 3171 2308 Θεὸν
3203 2256 3611 2327 διαπράττεται,
3640 2259 3784 2312 καὶοῦ-

2271 2345 2357 2398 δέν
2405 2344 2482 2415 τῷ
2518 2343 2779 2411 κενοδόξῳ
2826 2346 2967 2400 κατά
3014 2345 3176 2415 φύσιν
3230 2349 3580 2420 προέρχεται.
3628 2350 3784 2402 Τούτων

2273 2435 2423 2507 μίξις
2451 2439 2480 2490 ό
2510 2435 2683 2505 τῦφος
2730 2437 3038 2510 καθέστηκε
3074 2455 3091 2470 ο
3132 2439 3266 2510 πρὸς
3299 2440 3402 2510 μὲν
3434 2441 3562 2495 Θεὸν
3585 2440 3698 2513 ἔχων
3723 2442 3786 2512 τὴν

2272 2529 2702 2601 καταφρόνησιν,
2723 2528 2853 2583 καθ’
2892 2529 2959 2602 ἢν
2994 2531 3205 2600 πέφυκε
3233 2531 3575 2605 βλασφήμως
3625 2535 3785 2588 διαϐάλ-

2271 2619 2383 2674 λειν
2411 2622 2510 2691 τὴν
2533 2620 2794 2691 πρόνοιαν
2823 2638 2837 2651 ο
2874 2621 3011 2693 πρὸς
3047 2621 3103 2675 δὲ
3147 2621 3246 2695 τὴν
3297 2624 3464 2692 φύσιν
3521 2626 3785 2697 κεκτημένος

2271 2712 2370 2783 τὴν
2416 2711 2773 2785 ἀλλοτρίωσιν
2802 2729 2816 2744 °
2851 2713 2973 2768 καθ’
3017 2713 3084 2785 ἢν
3134 2715 3313 2769 πάντα
3369 2717 3440 2772 τά
3492 2717 3588 2788 τῆς
3631 2718 3785 2787 φύσεως

2273 2805 2424 2875 παρᾶ
2450 2806 2550 2877 τὴν
2591 2805 2752 2876 φύσιν
2783 2806 3246 2877 μεταχειρίζεται,
3273 2807 3355 2878 τῷ
3398 2809 3539 2863 κατὰ
3569 2809 3785 2881 παράχρῃ·

2273 2913 2357 2949 σιν
2386 2897 2598 2969 τρόπῳ,
2634 2897 2735 2968 τὴν
2787 2897 2887 2969 τῆς
2946 2897 3163 2967 φύσεως
3216 2901 3606 2972 παραφθείρων
3649 2901 3786 2970 εὐπρέ-

2275 3003 2458 3040 πειαν.
2493 2988 2603 3041 Καὶ
2631 2987 2916 3058 συντόμως
2944 2991 3140 3054 εἰπεῖν,
3171 2989 3250 3060 τῷ
3308 2992 3596 3062 τυφωνικῷ
3630 2991 3785 3062 δαίμενι

2269 3075 2358 3130 διὰ
2385 3077 2485 3144 τὴν
2507 3077 2588 3140 είς
2614 3078 2850 3148 Χριστὸν
2886 3078 3146 3133 ἀπιστίαν
3199 3081 3580 3152 συγχωρηθεὶς
3623 3081 3786 3134 καταδε-

2197 3149 2239 3208 C
2272 3167 2430 3236 θῆναι
2493 3165 2586 3238 τὴν
2627 3167 2869 3223 διάνοιαν
2898 3169 2926 3221 6
2965 3169 3073 3222 τῶν
3115 3149 3408 3224 Ἰουδαίων
3435 3149 3593 3237 λαὸς,
3650 3171 3786 3240 ἐπίσης

2271 3259 2402 3313 Θεὸν
2451 3259 2549 3314 καὶ
2571 3258 2894 3332 ἀνθρώπους
2920 3262 3197 3334 μεμίσηκε
3222 3279 3236 3294 ·
3270 3263 3368 3316 τὸν
3403 3266 3502 3334 μέν
3541 3265 3676 3329 Θεὸν,
3699 3280 3786 3333 σαρ-

2271 3350 2368 3414 κὸς
2418 3350 2610 3422 ἡδονῆς
2660 3350 2801 3422 ἔχων
2843 3351 3176 3424 κατώτερον,
3216 3355 3312 3408 καὶ¹
3356 3356 3449 3410 διὰ
3482 3357 3630 3410 τοῦτο
3650 3355 3726 3428 τὴν
3751 3356 3787 3406 ἐν

2271 3439 2546 3510 πνεύματι
2579 3441 2838 3511 λατρείαν
2866 3442 3366 3514 ἀποπεμπόμενος’
3400 3447 3528 3510 τοὺς
3556 3447 3610 3500 δέ
3636 3444 3787 3515 ἀνθρώ·

2273 3547 2429 3597 πους,
2455 3533 2582 3596 τοὺς
2601 3533 2677 3604 μὴ
2709 3549 2774 3587 σα
2783 3534 2872 3606 ρκὶ
2889 3534 2953 3588 τὸ
2976 3537 3132 3604 γένος
3155 3538 3570 3609 καταγομένους
3585 3533 3786 3606 ἐξἸακὼσ

2270 3623 2585 3694 ἀλλοτρίους
2609 3626 2950 3680 παντάπασιν
2993 3627 3296 3698 ἡγούμενος
3317 3627 3460 3684 εἶναι
3503 3632 3589 3684 τοῦ
3624 3630 3786 3683 Κτίσανσ

2270 3729 2382 3778 τος·
2405 3716 2499 3769 καὶ
2511 3715 2600 3769 διὰ
2613 3716 2791 3783 τοῦτο,
2815 3718 2965 3782 θείας
2986 3720 3404 3791 εὑαρεστήσεως
3423 3723 3638 3795 μελέτην
3656 3719 3786 3776 ποιού-

2275 3823 2433 3878 μενος
2495 3807 2596 3878 τὴν
2641 3809 2764 3862 καθ’
2794 3809 2950 3880 ἡμῶν
2997 3813 3316 3882 μιαιφονίαν
3344 3829 3358 3843 ⁶
3428 3816 3710 3884 ἀγνοήσας,
3737 3811 3786 3873 ὡς

2269 3898 2469 3966 ἔοικεν,
2499 3902 2528 3955 6
2558 3901 2808 3970 μάταιος,
2835 3901 2925 3954 διὰ
2973 3904 3072 3973 τὴν
3123 3904 3334 3970 ἄνοιαν,
3378 3904 3452 3968 ὡς
3506 3905 3564 3957 οὑ
3599 3903 3784 3956 τοσοῦτον

2268 3989 2490 4044 δύναται
2545 3991 2608 4044 τὸ
2658 3991 2820 4062 σῶμα
2870 3993 3007 4062 πρὸς
3061 3993 3336 4048 οἱκείωσιν
3367 3993 3504 4048 Θεοῦ
3545 3994 3625 4048 καὶ
3651 3994 3784 4063 Tim;

2271 4082 2614 4151 ἀγχιστείαν,
2638 4082 2762 4136 ὅσον
2795 4082 2966 4154 ψυχὴ,
2994 4082 3086 4136 τὸν
3112 4085 3276 4138 αὑτὸν
3317 4088 3442 4150 ταῖς
3480 4086 3670 4148 λοιπαῖς
3707 4084 3784 4135 ἐπι-

2276 4169 2577 4242 κομίζουσα
2623 4172 2953 4244 χαρακτῆρα
2991 4171 3094 4243 τῆς
3135 4174 3398 4240 πίστεως,
3424 4177 3516 4229 καὶ
3567 4179 3652 4246 τὴν
3694 4172 3783 4242 πςλς

2271 4265 2481 4328 πάντας
2510 4265 2653 4320 κατὰ
2681 4265 2780 4334 τὴν
2807 4269 3036 4336 γνώμην
3065 4283 3131 4319 πε
3143 4265 3197 4337 ρ),
3227 4267 3287 4319 τὸ
3349 4268 3514 4321 καλὸν
3553 4267 3782 4320 ἐνδιάθετον

2270 4356 2579 4426 ταυτότητα
2605 4373 2620 4388 ⁸
2651 4354 2776 4410 καθ’
2812 4358 2880 4426 ἣν
2916 4357 3059 4428 (59),
3084 4358 3112 4409 6
3155 4357 3256 4428 μὲν
3288 4355 3394 4426 τῆς
3434 4358 3636 4429 ,σαρκὸς
3671 4354 3784 4422 νόμος

583 4459 694 4513 qua
732 4445 967 4508 scilicet,
1023 4447 1211 4501 carnis
1243 4447 1468 4516 quidem
1499 4447 1589 4502 lex
1611 4448 1834 4518 penitus
1864 4447 2166 4520 exstingui-

2272 4448 2556 4512 παντελῶς
2589 4447 2987 4503 ἀποσδέννυται
3015 4464 3032 4482 ο
3077 4450 3237 4520 μόνος
3264 4451 3322 4505 δὲ
3361 4451 3454 4505 διὰ
3494 4444 3783 4520 ειτνεύματπὸ

586 4545 698 4599 tur,
740 4537 967 4606 solaque
996 4537 1096 4593 Dei
1147 4554 1246 4608 per
1285 4539 1542 4608 spiritum
1579 4540 1720 4594 ratio
1746 4555 1810 4594 ac
1833 4555 2014 4595 sermo
2047 4556 2166 4595 ma-

583 4627 781 4698 gniﬁce
849 4629 1053 4695 elucet,
1111 4644 1306 4686 omnes
1359 4631 1544 4685 animo
1602 4632 1802 4688 uniens
1866 4641 1926 4688 ut
1995 4648 2170 4688 tinum

582 4731 887 4791 agnoscant
934 4723 1131 4787 Deum,
1183 4739 1403 4793 unaque
1455 4723 1548 4778 alii
1598 4724 1722 4779 aliis
1772 4724 2070 4781 dilectione
2113 4734 2170 4780 et

583 4813 880 4868 concordia
926 4825 1155 4881 coeant;
1191 4831 1298 4885 qua
1337 4831 1498 4871 nemo
1538 4830 1768 4885 prorsus
1818 4831 1848 4869 a
1888 4831 2167 4887 quoquam

582 4903 692 4959 alio
750 4905 952 4975 spiritu
997 4908 1327 4978 sejungitur,
1373 4908 1463 4963 vel
1516 4908 1563 4962 si
1619 4907 1798 4978 longis
1849 4909 2171 4980 parasangis

584 4997 721 5053 alios
763 4998 833 5053 ab
880 4999 1004 5054 aliis
1053 5000 1305 5055 locorum
1349 5000 1525 5070 spatia
1559 5000 1832 5055 dividant.

654 5087 826 5160 igitur
873 5089 1091 5145 ardoris
1135 5090 1384 5161 spiritus,
1413 5091 1544 5148 elati
1573 5090 1741 5146 animi
1785 5095 1968 5145 tumor
2000 5099 2087 5146 est
2115 5099 2171 5144 et

654 5240 751 5313 (ιη)
814 5243 1056 5313 Πνεῦμα
1105 5247 1442 5312 καύσωνος.
1509 5245 1701 5300 Ventus
1757 5260 1937 5309 urens,
1995 5244 2163 5299 Hebr.

582 5323 726 5394 971?
757 5321 861 5392 m1
895 5313 1011 5368 δεῖ.
1044 5331 1194 5394 xviri,
1226 5316 1325 5394 _f_7.
1346 5315 1560 5394 ⁵νειιιιιε
1595 5315 1910 5394 orientalis;
1938 5315 2034 5394 qui
2071 5314 2163 5368 hic

580 5381 820 5458 llax'imo
843 5382 972 5458 ipse
993 5393 1196 5458 ventus
1226 5385 1584 5458 Typhonicus
1605 5395 1663 5442 et
1716 5381 2072 5456 Εὑροκλιῖδων
2100 5400 2167 5438 ex

581 5454 702 5527 Act.
732 5453 1037 5527 ξενίῃ-ιβ.
1088 5455 1243 5527 αι)μεί
1275 5453 1464 5522 dicas,
1518 5457 1698 5512 Eum
1755 5453 2168 5527 tempestates”.

581 5523 695 5579 Nec
720 5521 881 5597 aliter
907 5522 1114 5597 habent
1147 5524 1366 5596 Chrys.,
1392 5521 1643 5597 Theoph.
1664 5535 1720 5581 et
1747 5521 1976 5581 (Eoum.
2007 5527 2171 5597 item-

623 5607 690 5666 με
710 5593 899 5666 Graeca
920 5592 1071 5648 edita
1094 5604 1151 5649 et
1167 5592 1341 5666 iArab.
1373 5592 1752 5652 Forte—tamen
1786 5597 1983 5652 melius
2006 5594 2168 5666 Vulg.

635 5661 938 5742 uroaquilo,
969 5666 1133 5732 qu’am
1164 5665 1336 5734 ipsam
1370 5682 1562 5742 vocem
1596 5667 1832 5742 retinuit
1861 5667 1985 5720 cod.
2009 5661 2170 5742 Alei.

587 5732 968 5802 Εὺροακύλων,
1009 5732 1242 5804 eamque
1289 5752 1391 5792 nec
1439 5737 1626 5803 aliam,
1664 5747 1759 5792 aut
1794 5737 1995 5792 ‘Lucas
2033 5732 2172 5790 seri—

2268 4538 2365 4594 τοῦ
2412 4539 2549 4592 Θεοῦ
2589 4539 2746 4607 λόγος
2795 4541 3113 4612 περιφανῶς
3161 4543 3523 4610 διαφαίνεται,
3558 4539 3676 4594 κατά
3700 4535 3782 4588 νοῦν

2270 4630 2480 4692 πάντας
2539 4629 2804 4682 ἐνοποιῶν
2865 4629 3010 4700 πρὸς
3065 4630 3181 4693 ἐνὸς
3232 4632 3530 4700 ἐπίγνωσιν
3574 4624 3782 4691 escium

2275 4719 2407 4791 μίαν
2455 4719 2556 4791 τὴν
2583 4722 2664 4784 είς
2691 4719 2956 4791 ἀλλήλους
2987 4721 3205 4792 ἀγάπην
3232 4723 3327 4775 καὶ
3355 4723 3640 4791 σύμπνοιαν
3660 4729 3674 4745 ⁸
3699 4714 3781 4770 καθ’

2274 4815 2361 4884 ἢν,
2397 4812 2575 4877 οὐδεὶς
2610 4813 2822 4877 οὐδενὸς
2855 4812 3184 4886 κεχώρισται
3221 4815 3503 4878 παντελῶς
3547 4826 3780 4882 πνευματι-

2272 4905 2412 4972 κῶς,
2444 4906 2550 4960 κᾶν
2576 4905 2826 4976 ἀλλήλων
2861 4905 3195 4978 σωματικῶς
3233 4909 3375 4962 κατὰ
3414 4909 3508 4978 τὴν
3545 4907 3672 4960 θέσιν
3707 4899 3780 4952 τῶν

2273 4998 2453 5051 τόπων
2487 4996 2707 5069 μακρὰν
2735 4995 3110 5068 διεστήκασιν.

2344 5089 2570 5161 Πνεῦμα
2611 5089 2742 5158 γοῦν
2775 5089 3054 5153 καύσωνός
3083 5089 3179 5162 (ru)
3213 5092 3362 5147 ἐστιν
3388 5092 3416 5145 6
3468 5089 3638 5158 τῦφος,
3673 5077 3776 5153 μισό-

2278 5243 2452 5313 pserit
2481 5253 2577 5298 aut
2600 5243 2876 5313 interpres
2893 5244 3111 5315 legerit.
3134 5244 3487 5315 lncommoda
3505 5248 3638 5298 certe
3652 5242 3776 5308 extra;

2273 5330 2382 5386 que
2410 5330 2631 5386 omnem
2659 5313 3018 5386 ἀνεμολογίαν
3061 5313 3157 5368 τοῦ
3190 5314 3545 5386 Εὑρικλύδων,
3572 5316 3775 5386 compa?

2279 5376 2378 5455 (i0.
2400 5385 2564 5455 plana
2591 5399 2725 5440 vero
2757 5376 2850 5437 τοῦ
2882 5376 3248 5455 Εὑροακύλων
3272 5376 3412 5455 'qua
3441 5376 3774 5455 cadent-forum

2275 5447 2585 5532 Euronotus
2619 5464 2676 5532 e_t
2708 5447 3336 5532 Egrocertiuavitruvio
3364 5447 3772 5532 ἁίςὶῑιιιᾞφξξῗ

2275 5541 2406 5579 vum
2431 5509 2700 5596 vocabula
2746 5524 2949 5581 Graeca
2989 5509 3219 5596 originis
3263 5509 3615 5596 cumiLatinis

2277 5610 2452 5650 scere.
2508 5595 2663 5666 Talia
2699 5604 2829 5650 sunt
2872 5588 3165 5661 biclinizi'm,
3216 5595 3535 5666 epitogium,_
3571 5588 3768 5666 Amittit.

2279 5673 2466 5737 notata
2491 5662 2834 5737 Quintiliano
2869 5683 2906 5729 ι,
2932 5666 2996 5734 9;
3029 5659 3173 5736 quod
3199 5659 3373 5722 multo
3397 5663 3616 5737 facilius
3634 5659 3772 5737 ptocfj

2281 5735 2382 5800 dit,
2420 5720 2658 5790 ubiwvox
2689 5736 2782 5790 illa
2801 5720 2996 5792 Graeca
3021 5720 3276 5807 adeptam
3297 5720 3387 5791 εει
3417 5737 3468 5789 iu
3516 5720 3711 5785 Latium,
3729 5720 3769 5767 Ill
