3986 6414
266 363 371 425 717

1323 347 1820 421 ΩυίΕΞΤΙΟΝΕΞ
1857 349 1957 407 AD
1995 350 2504 417 TllALASSIUM.

3428 373 3534 437 7l8

266 470 390 521 θεον
413 466 547 538 ὁμοῦ
580 468 675 521 καὶ
709 464 1096 537 μισάνθρωπον
1120 456 1290 519 πάθος
1312 471 1323 482 ·
1352 454 1708 524 ἀποξηραίνει
1740 451 1848 521 γὰρ

1954 453 2168 520 fastus;
2227 457 2461 514 allectus
2516 459 2731 518 scilicet
2766 466 3036 536 ejusmodi
3086 480 3251 541 atque
3314 474 3531 544 vitium,

262 561 363 630 τὴν
394 559 621 630 καρδίαν
642 557 750 611 τῶν
782 557 1048 619 ἀπίστων,
1084 554 1217 615 τοὺς
1248 550 1380 620 περὶ
1410 548 1665 615 θεότητος
1692 544 1849 597 εὐσε-

262 652 381 715 ϐεῖς
407 651 721 721 λογισμοὺς,
752 650 845 703 καὶ
870 648 995 710 τοὺς
1022 643 1218 716 ὀρθοὺς
1243 639 1374 712 περὶ
1407 638 1623 707 φύσεως
1652 636 1849 703 λόγους

260 738 681 811 ἀπομαραίνων,
710 736 852 791 κατὰ
897 737 992 807 τὴν
1034 733 1219 787 είκόνα
1252 730 1347 784 τοῦ
1380 729 1679 789 καύσωνος.
1712 726 1850 779 Φασὶ

262 834 374 904 γὰρ
402 830 590 885 τοῦτον
617 830 861 899 γίνεσθαι
886 828 975 882 τὸν
1002 828 1204 898 ἄνεμον
1226 822 1367 878 κατὰ
1407 820 1554 891 μίξιν
1600 817 1848 873 ἀνατολι-

262 924 361 976 κοῦ
386 924 479 977 καὶ
519 923 694 976 νοτίου
725 921 1035 988 πνεύματος
1060 938 1075 951 ·
1104 918 1197 972 καὶ
1222 915 1310 969 διά
1340 913 1496 967 τοῦτο
1518 909 1846 982 ξηραίνοντα

260 1017 361 1088 τῆς
393 1017 496 1087 γῆς
536 1016 634 1087 τὴν
688 1012 1159 1086 παρεσπαρμένην
1196 1008 1418 1077 ἰκμάδα.
1443 1002 1741 1057 Καλεῖσθαι
1789 1000 1848 1054 δέ

262 1125 431 1178 φασιν
480 1107 644 1163 αὑτὸν
698 1106 794 1159 καὶ
841 1101 1235 1176 Εὐροκλύδωνα
1269 1098 1364 1153 καὶ
1397 1094 1700 1165 Τυφονικόν
1738 1110 1752 1123 ·
1787 1093 1849 1145 τὸ

263 1204 386 1273 μὲν,
416 1200 492 1264 ὡς
520 1199 766 1271 ταραχὴν
798 1194 1133 1267 πανταχόθεν
1155 1193 1262 1263 γῆς
1285 1190 1381 1243 καὶ
1409 1187 1679 1258 θαλάττης
1708 1185 1850 1251 ἐγεί-

265 1310 460 1365 ρονταο
528 1292 591 1344 τὸ
635 1291 714 1354 δὲ,
754 1289 830 1353 ὡς
874 1285 1198 1359 αὐχμώδους
1243 1282 1477 1344 σκότους
1516 1276 1800 1349 ποιητικόν
1830 1292 1848 1308 σ

265 1387 403 1457 ὅπερ
425 1383 645 1452 πέφυκε
680 1382 857 1434 ποιεῖν
896 1381 993 1435 καὶ
1025 1380 1054 1431 ό
1106 1375 1296 1445 τῦφος.
1338 1371 1568 1440 Ἐπάγει
1598 1370 1705 1440 γὰρ
1745 1383 1849 1438 με-

267 1476 438 1547 γάλην
470 1471 715 1546 ταραχὴν
738 1475 803 1542 τῇ
833 1470 1003 1542 ψυχῇ,
1034 1469 1132 1523 καὶ
1174 1467 1405 1528 σκότους
1432 1462 1659 1533 ἀγνοίας
1708 1459 1849 1532 πλη-

268 1569 355 1635 ροί
374 1567 470 1638 τὴν
490 1552 750 1619 διάνοιαν.
766 1562 967 1617 Τοῦτον
991 1560 1271 1631 ἐξήγειρεν
1287 1559 1314 1610 ὁ
1329 1555 1460 1618 Θεὸς
1479 1555 1570 1607 τὸν
1595 1550 1850 1607 καύσωνα

267 1659 411 1730 μετὰ
474 1658 574 1726 τὴν
607 1659 688 1720 εἰς
721 1652 957 1727 Χριστὸν
1004 1652 1298 1724 παροινίαν
1324 1667 1337 1680 ·
1377 1646 1645 1710 τουτέστι,
1688 1658 1834 1713 παρ-

260 1750 547 1824 εχώρησεν
573 1749 822 1807 ἐπελθεῖν
846 1747 959 1811 τοῖς
987 1744 1283 1807 Ἰουδαίοις,
1309 1741 1619 1813 πρόσφορον
1638 1740 1847 1806 κεκτη-

266 1845 450 1914 μένοις
490 1840 642 1911 αύτῷ
665 1840 763 1911 τὴν
782 1838 1045 1901 διάθεσιν,
1073 1837 1159 1890 ἴνα
1191 1835 1422 1905 γένηται
1445 1832 1580 1886 πᾶσι
1608 1828 1843 1899 κατάδηο

260 1935 356 1999 λος
407 1932 588 1987 αὐτῶν
618 1933 651 2003 ἡ
696 1930 827 1999 περὶ
852 1930 985 1983 Θεὸν
1013 1928 1106 1981 καὶ
1148 1924 1471 1998 ἀνθρώπους
1500 1922 1841 1993 προαίρεσις.

262 2020 437 2080 Ὅθεν
469 2025 692 2094 ἀγνοίας
718 2023 866 2093 ζόφῳ
898 2019 1376 2084 καταπιεσθέντες,
1405 2019 1484 2081 είς
1505 2016 1604 2089 τὴν
1630 2014 1843 2069 ἀντίθε-

266 2114 494 2192 τονμττ.
525 2126 582 2171 et
637 2115 763 2186 Seg.
806 2112 1176 2187 ἀντίθεον]τῷ
1212 2110 1332 2183 Θεῷ
1373 2112 1568 2183 μοῖραν
1620 2109 1845 2173 ἑαυτοὺς

263 2209 532 2272 ἑκουσίως
591 2208 849 2260 ἀπέωσαν
885 2222 899 2236 ·
933 2204 1063 2260 ἀλλο
1110 2204 1215 2274 μὲν
1264 2203 1417 2257 οὐδὲν
1486 2201 1547 2255 τὸ
1629 2200 1847 2255 σύνολον

264 2300 503 2370 ἔχοντες,
542 2297 681 2370 πλὴν
714 2297 774 2351 τὺ
794 2295 1173 2352 διαπονεῖσθαι
1196 2299 1291 2349 καὶ
1320 2294 1631 2365 ἀδημονεῖν,
1664 2290 1756 2344 ὲπί
1789 2308 1848 2344 τε

262 2393 334 2461 τῇ
391 2390 534 2443 κατά
586 2389 685 2460 τὴν
734 2389 917 2442 πίστιν
948 2387 1190 2459 σωτηρίᾳ
1220 2385 1316 2440 καὶ
1342 2384 1471 2460 δόξῃ
1503 2383 1612 2437 τῶν
1653 2382 1844 2449 ὲθνῶν,

265 2482 361 2534 ἐπί
390 2499 448 2534 τε
475 2484 542 2551 τῇ
566 2480 882 2552 καθαιρέσει
904 2478 1011 2533 τῶν
1034 2479 1162 2551 παρ’
1183 2479 1369 2541 αὐτοῖς
1392 2476 1533 2530 κατά
1562 2476 1738 2546 σάρκα
1759 2491 1848 2529 νο-

269 2574 475 2643 μίμων,
497 2573 766 2640 λέγοντες·
800 2570 952 2636 Νῦν,
992 2570 1189 2639 Κύριε,
1227 2569 1375 2624 λάϐε
1405 2567 1482 2637 δὴ
1512 2567 1618 2634 τὰς
1645 2565 1851 2636 ψυχὰς

260 2664 371 2733 ἀφ’
400 2663 591 2733 ἡμῶν,
612 2663 701 2717 ὅτι
744 2665 935 2717 καλὸν
963 2662 1109 2733 ἡμῖν
1166 2663 1232 2716 τὸ
1269 2660 1615 2725 ἀποθανεῖν,
1649 2659 1689 2729 ἣ
1720 2659 1847 2729 ζῇν,

267 2756 361 2809 διὰ
392 2756 490 2827 τὴν
532 2755 892 2827 ξηρανθεῖσαν
941 2753 1269 2809 κολόκυνταν
1297 2770 1311 2784 ⁸
1338 2753 1483 2822 λέγω
1527 2753 1604 2819 δὲ,
1635 2752 1745 2825 τῆν’
1791 2754 1850 2806 ὲν

268 2850 453 2911 σκιαῖς
492 2846 586 2901 τοῦ
616 2847 782 2918 νόμου
825 2847 1084 2919 λατρείαν
1113 2846 1559 2918 καταργηθεῖσαν
1581 2860 1595 2873 ·
1623 2846 1722 2915 τὴν
1746 2845 1851 2899 ὑπὸ

267 2944 467 3009 νύκτα,
517 2945 613 2998 καὶ
658 2943 960 3014 γενομένην
1018 2942 1112 2995 καὶ
1161 2938 1573 3011 ἀπογενομένην
1608 2937 1740 3010 (40)’
1774 2939 1851 3003 ὼς

271 3038 505 3110 μηδένα,
534 3041 649 3103 τοῖς
676 3038 783 3091 τῶν
816 3036 1103 3109 συμὸόλων
1143 3035 1431 3106 αίνίγμασί
1460 3052 1519 3088 τε
1544 3035 1635 3089 καὶ
1656 3034 1851 3099 τύποις

1952 546 2100 614 quod
2127 547 2224 603 Dei
2244 550 2458 618 pariter
2487 553 2651 625 265
2685 555 3088 629 hominumque
3125 562 3255 618 odio
3284 572 3529 623 tumeat:

1951 637 2167 693 ardoris
2206 642 2354 695 enim
2382 642 2443 698 in
2493 659 2705 700 morem
2747 656 3027 719 aestusque
3077 651 3232 721 ﬂatu,
3269 655 3533 715 incredu-

1951 729 2128 785 lorum
2163 732 2390 788 arefacit
2448 737 2683 802 animos,
2716 738 2812 807 qui
2863 741 2986 810 pios
3032 741 3101 799 de
3144 745 3347 803 deitate
3380 751 3531 821 cogi-

1954 829 2122 887 tatus,
2176 834 2465 897 rectasque
2496 827 2565 884 de
2610 841 2807 886 natura
2838 834 3083 890 rationes
3138 841 3530 900 contabescere

1950 913 2134 970 faciat.
2167 918 2338 972 Aiunt
2364 920 2511 973 enim
2537 922 2795 978 orientali
2822 927 3166 998 australique
3192 940 3358 986 vento
3382 948 3532 990 com-

1951 1008 2149 1075 mistis,
2202 1009 2352 1066 hunc
2394 1013 2618 1069 conﬂari
2670 1026 2938 1073 ventum:
2976 1021 3237 1091 quodque
3290 1025 3379 1079 his
3402 1042 3533 1081 cou-

1952 1097 2116 1155 llatus
2142 1110 2248 1167 est,
2295 1103 2575 1160 exsiccare
2603 1108 2873 1178 quidquid
2904 1121 3065 1167 terra:
3090 1112 3344 1171 humoris
3367 1115 3529 1173 inest.

1952 1192 2146 1247 Vocari
2168 1203 2354 1251 autem
2376 1196 2533 1251 aiunt
2552 1198 2993 1271 Euroclydonem
3010 1201 3532 1279 [Euroaquiloncm]

1952 1298 2017 1338 ac
2057 1284 2470 1356 Typhonicum;
2519 1289 2757 1350 alterum
2814 1293 3059 1363 quidem,
3096 1298 3243 1366 quod
3286 1299 3535 1372 undique

1954 1383 2100 1430 terra
2123 1378 2372 1448 marique
2398 1379 2672 1437 elementa
2694 1383 2915 1451 turbet;
2938 1384 3178 1443 alterum
3206 1404 3359 1455 vero.
3386 1392 3534 1461 quod

1952 1466 2273 1534 squalentes
2318 1469 2580 1526 tenebras
2606 1471 2874 1531 inducat:
2905 1476 3052 1545 quod
3072 1486 3129 1534 et
3148 1478 3321 1537 animi
3353 1489 3535 1537 tumor

1952 1554 2238 1628 fastusque
2290 1558 2478 1630 (τύφος
2512 1562 2800 1631 nimirum)
2827 1566 3069 1634 proclive
3091 1580 3332 1639 praestat.
3357 1572 3533 1629 Gran-

1951 1646 2076 1703 dem
2133 1651 2281 1705 enim
2333 1655 2520 1710 animo
2575 1655 2684 1711 ciet
2732 1658 3131 1726 turbationem,
3180 1673 3535 1734 mentemque

1950 1740 2137 1811 opplet
2194 1743 2517 1815 ignorantiae
2569 1747 2833 1809 tenebris.
2886 1750 3053 1809 illunc
3087 1751 3232 1811 Deus
3279 1755 3535 1811 ardorem

1950 1843 2256 1905 astumque
2303 1838 2612 1906 suscitavit,
2658 1851 2786 1911 post
2825 1840 3112 1901 Christum
3158 1844 3404 1903 ludibrio
3434 1849 3534 1903 ha-

1949 1924 2161 1991 bitum;
2200 1941 2400 1997 nempe
2423 1927 2665 2015 Iudaeos,
2689 1931 2783 2001 qui
2814 1947 2914 2002 pro
2937 1933 3087 1993 illius
3112 1935 3332 1991 ratione
3353 1936 3535 1992 allecti

1949 2026 2155 2082 essent,
2204 2018 2480 2076 incessere
2511 2023 2783 2093 permisit,
2810 2033 2869 2079 ut
2901 2040 3096 2082 eorum
3126 2043 3256 2098 erga
3280 2029 3456 2085 Deum
3479 2040 3537 2085 et

1951 2106 2205 2162 homines
2231 2110 2446 2165 cunctis
2466 2112 2648 2182 palam
2661 2112 2884 2167 animus
2901 2114 3294 2170 innotesceret.
3318 2117 3539 2175 idcirco

1945 2198 2275 2268 ignorantia:
2319 2200 2553 2272 caligine
2595 2204 2868 2275 oppressi,
2918 2206 2974 2259 in
3026 2216 3240 2275 partem
3285 2209 3399 2264 Deo
3440 2210 3537 2264 ad-

1951 2304 2167 2344 versam
2196 2306 2255 2346 se
2276 2292 2379 2363 ipsi
2410 2293 2555 2348 ultro
2579 2293 2872 2364 impulere,
2904 2297 3109 2367 quibus
3136 2298 3275 2351 nihil
3306 2314 3539 2368 prorsus

1951 2378 2102 2433 aliud
2128 2381 2410 2450 reliquum
2434 2383 2531 2448 sit,
2564 2393 2814 2456 quamut
2844 2401 2986 2459 aegre
3019 2385 3201 2442 ferant
3229 2387 3537 2458 animisque

1952 2472 2383 2537 discrucientur,
2424 2482 2540 2528 tum
2595 2476 2743 2545 quod
2768 2485 2964 2547 gentes
2990 2476 3119 2533 ﬁdei
3169 2478 3367 2533 merito
3393 2478 3540 2532 salu-

1952 2572 2065 2618 tem
2090 2573 2401 2621 consecuta:
2436 2574 2567 2620 sunt
2598 2575 2762 2637 atque
2785 2566 3040 2639 gloriam,
3075 2576 3191 2623 tum
3216 2569 3361 2640 quod
3393 2569 3540 2639 ipso-

1952 2670 2074 2711 rum
2100 2656 2381 2711 destructa
2424 2656 2668 2728 legitima
2700 2658 2964 2725 carnalia,
2995 2658 3292 2729 dicantque
3316 2675 3332 2713 :
3360 2659 3535 2721 Nunc,

1951 2746 2195 2811 Domine,
2227 2746 2354 2800 tolle
2382 2749 2593 2802 animas
2616 2757 2825 2807 nostras
2855 2767 2888 2803 a
2908 2749 3076 2815 nobis,
3098 2751 3222 2820 quia
3247 2750 3432 2805 melius
3462 2759 3537 2804 est

1952 2842 2097 2896 nobis
2146 2843 2300 2907 mori,
2332 2858 2493 2910 quam
2529 2841 2699 2894 vivere
2725 2840 2811 2906 “;
2851 2839 3060 2895 idcirco
3098 2841 3359 2895 nimirum
3387 2841 3534 2913 quod

1952 2934 2191 2991 arefacta
2236 2934 2566 2989 cucurbita:
2610 2933 2759 3003 quod
2802 2932 3015 2987 scilicet
3057 2932 3375 2991 destructus
3399 2932 3536 3003 legis

1955 3026 2267 3081 umbratilis
2312 3026 2514 3089 cultus,
2564 3025 2658 3094 qui
2716 3023 2821 3078 sub
2874 3032 3094 3078 noctem
3150 3040 3213 3079 ac
3242 3039 3343 3093 per
3390 3038 3534 3087 eam,

269 3131 456 3201 μόνοις
507 3130 1019 3202 περιγραφομένην,
1050 3127 1329 3199 φωτισμὸν
1382 3127 1611 3197 ἔχουσαν
1659 3126 1848 3197 νοητὸν

1955 3128 2069 3174 tum
2115 3128 2271 3172 ortus
2309 3124 2394 3171 est
2430 3125 2486 3171 et
2537 3114 2800 3178 adolevit,
2842 3122 2960 3168 tum
3008 3130 3131 3170 esse
3173 3114 3383 3170 desiit:
3439 3115 3535 3185 qui

264 3222 452 3295 ψυχῆς
472 3224 710 3279 διάνοιαν
737 3221 1056 3294 λαμπρύναι
1084 3220 1402 3291 δυνάμενον.

356 3486 495 3540 Ἀλλ’
528 3484 689 3557 ἡμεῖς
737 3482 1127 3556 πνευματικῶς
1155 3481 1248 3536 διά
1281 3481 1519 3544 πίστεως
1539 3521 1555 3546 ,
1608 3482 1700 3534 καὶ
1753 3480 1853 3552 τῆς

265 3575 741 3649 παρομαρτούσης
771 3571 1309 3645 αὐτῇνδικαιοσύνης,
1346 3570 1444 3641 τὴν
1472 3570 1853 3641 πνευματικὴν

265 3668 652 3740 ἅσπασώμεθα
680 3664 881 3736 Νινευή
903 3681 916 3694 °
970 3664 1114 3734 φημὶ
1135 3663 1193 3717 δὲ
1223 3662 1322 3733 τὴν
1350 3661 1409 3727 ἐξ
1430 3660 1600 3715 ὲθνῶν
1624 3661 1852 3732 Ἐκκλη-

266 3761 399 3815 σίαν
418 3802 434 3827 ,
486 3760 586 3832 τὴν
608 3760 685 3823 ὡς
708 3757 922 3829 ἀληθῶς
949 3757 1138 3811 Πόλιν
1157 3753 1434 3825 penum-
1458 3752 1542 3821 τῷ
1568 3750 1693 3818 Θεῷ
1720 3752 1853 3807 καθ-

261 3852 554 3914 εστῶσαν,
588 3851 665 3915 ὡς
696 3850 1038 3923 γέγραπται·
1099 3849 1196 3903 καὶ
1250 3846 1338 3901 διὰ
1381 3845 1491 3900 τῶν
1531 3844 1852 3918 όρισθεισῶν

264 3945 416 4014 αὐτῇ
468 3942 605 4013 πρὸς
655 3941 992 4013 ἐπιστροφὴν
1037 3938 1203 4013 τριῶν
1231 3938 1456 4009 ἡμερῶν
1491 3940 1558 4008 τῇ
1591 3937 1852 4008 μετανοίᾳ

262 4033 665 4089 διασωθεῖσαν·
727 4031 827 4085 καὶ
868 4032 1083 4085 πολῖται
1126 4029 1332 4100 ταύτης
1376 4029 1477 4098 τῆς
1504 4029 1714 4092 πόλεως
1750 4028 1853 4097 τῆς

262 4126 355 4199 τῷ
373 4127 492 4199 Θεῷ
524 4126 768 4199 μεγάλης
794 4126 883 4180 διά
909 4126 1008 4198 τῆς
1032 4123 1324 4197 μετανοίας
1345 4164 1361 4188 ,
1415 4123 1512 4177 καὶ
1540 4122 1638 4194 τῆς
1663 4122 1759 4175 ἐπὶ
1790 4122 1853 4176 τὸ

264 4220 524 4291 κρεῖττον
560 4216 863 4289 μεταϐολῆς
893 4214 1147 4284 γενέσθαι
1175 4213 1589 4283 σπουδάσωμεν,
1638 4210 1854 4266 Ἐπιτε-

258 4308 600 4378 τηρημένως
624 4305 733 4378 γάρ
761 4321 892 4375 φησι
915 4301 1189 4374 μεγάλην
1211 4299 1350 4357 εἶναι
1373 4301 1453 4368 τῷ
1478 4300 1603 4368 Θεῷ
1614 4300 1731 4369 τὴν
1752 4303 1854 4357 πό·

257 4401 376 4455 ,ιιν
401 4398 431 4450 ό
458 4397 615 4465 λόγος
665 4386 821 4458 οὗτος
849 4395 877 4447 ό
932 4393 1179 4463 φάσκων,
1212 4393 1274 4447 Ἡ
1291 4391 1359 4445 δὲ
1380 4392 1625 4462 Νινευὴ,
1649 4388 1731 4462 ἦν
1754 4393 1855 4446 πό-

1956 3208 2214 3263 nimirum
2248 3207 2529 3278 signorum
2564 3206 2831 3262 duntaxat
2864 3204 3173 3276 aenigmatis
3201 3213 3367 3276 atque
3396 3203 3537 3275 ﬁgu-

1956 3300 2032 3356 ris
2059 3298 2338 3365 deﬁnitus,
2370 3298 2603 3370 spiritali
2644 3299 2870 3353 omnino
2902 3297 3157 3355 claritate
3196 3306 3402 3363 careat,
3429 3311 3538 3376 qua

1950 3392 2171 3451 animus
2200 3392 2465 3446 illustrari
2498 3407 2561 3447 ac
2598 3392 2985 3462 splendescere
3011 3390 3209 3445 valeat.

2024 3482 2134 3537 Nos
2167 3482 2452 3541 enimvero
2490 3483 2811 3551 Spiritaliter
2849 3497 2947 3551 per
2986 3481 3172 3546 ﬁdem,
3200 3496 3262 3536 ac
3299 3498 3420 3552 qua:
3458 3482 3535 3536 illi

1953 3591 2139 3631 comes
2166 3585 2271 3638 est,
2297 3574 2591 3645 justitiam,
2619 3575 2923 3644 spiritalem
2955 3574 3209 3629 Ninivem
3242 3576 3537 3646 amplecta-

1953 3682 2105 3732 mur;
2144 3680 2346 3736 nempe,
2372 3681 2494 3737 qua:
2526 3681 2595 3719 ex
2629 3664 2885 3739 gentibus
2917 3674 3021 3729 est,
3056 3664 3376 3729 Ecclesiam,
3405 3681 3535 3720 vere

1953 3759 2103 3813 illam
2159 3774 2412 3829 magnam
2462 3757 2573 3813 Deo
2621 3758 2925 3822 civitatem,
2974 3756 3053 3811 uti
3106 3755 3370 3827 scriptum
3415 3766 3531 3819 est,

1950 3849 2231 3919 triumque
2268 3847 2484 3904 dierum
2526 3848 2605 3903 illi
2646 3848 2717 3903 ad
2760 3847 3177 3904 conversionem
3212 3848 3535 3905 constituto-

1952 3952 2075 3993 rum
2125 3935 2485 4008 pmniteutia,
2533 3936 2767 3991 salutem
2817 3945 3207 4003 consecutam;
3261 3936 3534 4009 hujusque

1950 4044 2161 4101 magna;
2201 4029 2314 4085 Deo
2356 4029 2595 4085 civitatis
2640 4030 2792 4085 cives
2839 4029 3182 4103 paenitentia
3221 4028 3374 4084 cultu
3416 4031 3532 4085 ﬁeri

1949 4122 2301 4187 audeamus,
2340 4137 2414 4176 ac
2463 4120 2679 4176 meliori
2737 4120 2891 4192 fruge
2947 4119 3294 4175 emendando
3340 4122 3530 4176 vitam.

1946 4213 2245 4285 Signanter
2277 4214 2427 4268 enim
2464 4229 2715 4284 magnam
2750 4211 2861 4266 Beo
2894 4214 3158 4267 civitatem
3191 4222 3352 4268 vocat
3382 4213 3535 4269 Scri-

1954 4316 2147 4376 ptura,
2182 4320 2306 4361 cum
2345 4305 2463 4361 ait:
2502 4304 2638 4359 Erat
2682 4314 2859 4358 autem
2887 4304 3075 4359 Ninive
3112 4306 3299 4359 ciuitas
3338 4321 3536 4376 magna

1961 4398 2066 4452 Deo
2086 4398 2156 4452 ⁸³.
2185 4396 2423 4453 Ubinam
2461 4383 2714 4461 Iudaeus,
2752 4412 2929 4467 quove
2969 4395 3271 4467 Scriptura
3308 4396 3458 4462 loco,
3492 4397 3537 4451 si

262 4492 376 4555 ,ιις
414 4487 646 4557 μεγάλη
695 4483 775 4550 τῷ
813 4483 956 4550 Θεῷ.
1020 4482 1130 4537 Ποῦ
1156 4484 1258 4555 τῆς
1289 4483 1513 4555 Γραφῆς
1542 4485 1570 4537 ό
1597 4483 1848 4548 Ἰουδαῖος

1958 4488 2121 4543 modo
2165 4489 2243 4543 illi
2284 4488 2488 4543 veritas
2521 4487 2829 4558 quidquam
2870 4486 3026 4542 cordi
3069 4494 3177 4552 est,
3204 4487 3276 4543 de
3320 4494 3540 4542 terrena

262 4580 407 4651 περὶ
453 4580 552 4650 τῆς
586 4577 738 4632 κάτω
770 4576 975 4641 πόλεως
1014 4576 1368 4647 Ἰερουσαλὴμ
1397 4575 1656 4647 ἀληθείας
1682 4593 1850 4647 φρονο

257 4670 437 4734 τίζων
483 4669 642 4723 τοῦτο
671 4668 922 4739 κείμενον
953 4667 1046 4720 ἐπὶ
1070 4664 1268 4731 λέξεως
1290 4666 1540 4738 εὑρίσκει
1564 4666 1625 4720 τὸ
1649 4666 1850 4737 ρητόνς

261 4760 527 4832 οὐδαμοῦ
604 4760 714 4831 γὰρ
774 4759 950 4828 ἔγωγε
1033 4760 1215 4813 πᾶσαν
1271 4758 1536 4821 πολλάκις
1586 4760 1853 4828 ἀναγνοὺς

257 4854 373 4927 τὴν
417 4852 581 4923 ἁγίαν
612 4851 859 4924 Γραφὴν,
894 4848 1149 4921 κείμενον
1173 4841 1343 4921 ηὗρον
1372 4849 1453 4914 τὸ,
1489 4851 1599 4905 Kal
1631 4852 1850 4919 Ἰερου-

339 5009 385 5043 ⁸⁸
414 5010 566 5067 Iona:
596 5025 672 5076 tv,
706 5008 762 5064 3.
837 5007 883 5039 ”
908 5006 1061 5063 Jonas
1092 5022 1171 5073 ut,
1202 5006 1257 5060 ὃ.

261 5148 475 5205 Eurus.
508 5148 629 5203 Non
656 5147 863 5204 frustra
904 5156 1095 5202 autem
1144 5147 1351 5212 Lucas,
1391 5164 1504 5205 non
1554 5155 1850 5205 contentus

259 5219 740 5289 dixisse,coortuut
760 5228 975 5289 uentum
1000 5217 1378 5289 procellam,
1406 5218 1649 5289 adjicere
1670 5219 1851 5273 voluit

252 5289 419 5343 unde
449 5289 495 5342 is
526 5287 703 5359 ﬂaret,
736 5288 887 5358 quod
944 5287 1131 5343 nullus
1165 5303 1285 5344 esse
1324 5287 1512 5357 posset
1542 5288 1848 5359 Euroaqui-

260 5360 399 5429 lane
423 5358 594 5429 magis
620 5358 886 5413 adversus
940 5359 1153 5412 Italiam
1183 5359 1522 5427 petentibus.
1558 5359 1637 5413 De
1686 5358 1853 5413 vento

248 5428 590 5498 Typhoniw
625 5430 857 5552 ejusfque
915 5429 1231 5498 speciebus,
1289 5430 1568 5500 mephia,
1619 5429 1847 5493 turbine,

255 5508 520 5552 prestera.
562 5499 722 5552 docte
794 5514 955 5552 rasm.
977 5498 1044 5552 ad
1073 5513 1201 5552 eum
1234 5498 1354 5552 Act.
1384 5499 1586 5552 locum.
1614 5498 1847 5552 Maximo

308 5508 520 5562 testere,
562 5499 722 5553 docte
746 5498 955 5554 Erasm.
977 5498 1044 5553 ad
1073 5513 1201 5553 eum
1234 5498 1354 5554 Act.
1384 5498 1586 5554 lucum.
1614 5498 1847 5553 Maximo

308 5518 520 5562 νεδιετε,
562 5518 722 5553 (ιοοιϐ
746 5518 955 5554 nrasm.
977 5518 1044 5553 au
1073 5518 1201 5553 eum
1234 5518 1354 5554 Λα.
1384 5518 1586 5554 locum.
1614 5518 1845 5553 maxum)

252 5518 588 5624 ﬁuronotus
606 5569 804 5639 ,potius
827 5571 920 5631 sit,
948 5576 1005 5623 et
1040 5569 1108 5622 ad
1130 5568 1255 5639 eius
1282 5570 1566 5623 intentum
1596 5583 1845 5639 commo-

258 5640 419 5701 dius,
451 5638 598 5707 quod
636 5648 832 5694 ventus
878 5640 969 5693 ille
1023 5655 1091 5694 ex
1125 5638 1315 5693 Austri
1345 5640 1613 5708 qualitate
1651 5638 1847 5694 videa—

256 5720 366 5764 ntur
398 5709 465 5763 ad
498 5708 886 5779 exsiccandum
911 5725 975 5764 ac
998 5708 1346 5779 adurendum
1364 5709 1665 5779 proclivior
1690 5726 1704 5774 ;
1736 5723 1845 5762 non

251 5781 415 5836 forte
446 5778 513 5833 ad
540 5778 793 5835 ciendam
838 5780 1157 5850 procellam,
1189 5778 1258 5835 de
1291 5777 1401 5850 qua
1442 5777 1605 5835 Luca
1658 5792 1844 5835 sermo

1959 4581 2065 4634 hoc
2090 4579 2397 4636 Jerusalem
2423 4579 2594 4634 verbo
2614 4589 2783 4634 tenus
2806 4565 3014 4634 dictum
3044 4580 3347 4634 invenerit?
3374 4578 3541 4648 Equi-

1948 4672 2078 4728 dem
2109 4671 2274 4741 266
2297 4686 2423 4725 cum
2456 4680 2627 4725 totam
2658 4685 2769 4724 non
2802 4686 2929 4724 raro
2958 4684 3168 4725 sacram
3197 4668 3538 4739 Scripturam

1954 4764 2071 4833 ipse
2100 4762 2441 4833 pellegerim,
2466 4778 2738 4833 nusquam
2773 4763 2827 4817 in
2861 4778 2924 4817 ea
2953 4773 3168 4817 exstare
3200 4762 3385 4816 inveni
3421 4779 3433 4815 :
3468 4760 3538 4815 Et

1953 4862 2068 4907 erat
2098 4852 2398 4907 Jerusalem
2427 4854 2611 4907 ciuitas
2642 4870 2837 4925 magna
2859 4852 2986 4908 Deo.
3010 4852 3144 4921 Quis
3166 4869 3296 4909 vero
3318 4852 3538 4908 dicendi

1948 5146 2354 5217 erat.Ilrentis
2395 5147 2517 5217 eius
2566 5147 2724 5202 venti
2772 5147 3055 5217 specimen
3116 5146 3256 5211 vidi,
3289 5145 3423 5201 dum
3484 5147 3539 5200 in

2002 5216 2249 5275 minoia
2302 5216 2579 5277 PhoCensi
2632 5226 2759 5273 ante
2803 5216 2982 5272 annos
3028 5217 3141 5272 fere
3191 5218 3421 5287 triginta
3470 5218 3537 5272 all
3588 5226 3595 5247 τ

2130 5288 2144 5341 i
2201 5287 2419 5358 Maximi
2482 5288 2815 5358 theologiam
2876 5287 3176 5358 docerem,
3218 5287 3539 5358 uniusidici

1960 5359 2151 5429 paucis
2180 5358 2336 5413 boris
2365 5357 2481 5429 fere
2513 5357 2706 5415 exusta
2755 5372 2955 5421 messe,
2990 5357 3139 5429 albis
3186 5359 3298 5429 jam
3335 5357 3403 5411 ad
3436 5372 3541 5429 rve-

1962 5427 2179 5497 sperant
2200 5427 2514 5499 segetibus,
2546 5443 2865 5499 quaemane
2891 5428 3103 5483 virides
3127 5427 3336 5493 essent,
3364 5428 3542 5499 velut-

1961 5514 2069 5567 que
2098 5513 2165 5552 ex
2189 5497 2413 5553 fornace
2438 5498 2806 5553 aestuantibus
2826 5498 3171 5561 hominibus,
3208 5514 3334 5551 cum
3395 5497 3537 5551 nihil

1954 5568 2317 5637 typhouicum
2346 5575 2546 5623 ventus
2572 5568 2669 5625 ille
2688 5568 2962 5635 haberet;
2990 5569 3087 5624 sed
3106 5569 3400 5631 continue,
3433 5582 3537 5624 nec

1950 5638 2125 5708 nimio
2172 5637 2383 5708 impetu
2437 5644 2533 5708 aut
2582 5639 2851 5708 procella,
2923 5638 3201 5708 perﬂaret.
3290 5637 3533 5708 Proinde

1947 5707 2289 5781 rideturbic
2311 5707 2599 5781 copul‘asse
2613 5708 2902 5781 Maximus,
2929 5707 3058 5780 qum
3089 5710 3247 5779 longe
3316 5707 3536 5763 diversa

1956 5792 2065 5834 nec
2090 5778 2262 5834 unius
2294 5776 2513 5851 generis
2538 5780 2861 5857 veniant.
2955 5776 2971 5780 ⁷
3190 5776 3211 5779 “
3252 5794 3259 5803 ·
