3986 6410
301 374 422 443 ’125

1360 378 1854 456 QUIESTIONES
1907 386 2007 447 AD
2042 387 2555 448 THALASSIUM.

3480 390 3588 454 726

304 487 585 553 παντελῶς
647 489 748 543 οὐκ
792 489 940 544 ἔστιν
994 492 1027 561 ἡ
1082 489 1176 544 νῦν
1210 492 1488 561 κρατοῦσα
1533 496 1633 566 τῆς
1678 496 1894 566 φύσεως

2012 495 2146 553 linis
2178 498 2462 552 vinculum
2495 505 2609 563 est;
2646 513 2756 553 una
2789 498 3070 557 voluntate
3106 517 3169 557 ac
3206 503 3497 566 sententia,
3529 506 3583 560 in

303 583 395 637 διὰ
422 583 520 652 τὴν
549 582 835 649 φιλαυτίαν
860 582 1141 654 διαίρεσις.

2002 604 2167 644 unam
2198 606 2390 646 omnes
2416 606 2618 662 cogens
2648 603 2857 646 natura
2886 593 3183 648 rationcm-
3221 595 3275 648 in
3302 611 3409 663 qua
3433 594 3583 649 nullo

304 685 536 743 prorsus
557 672 720 727 modo
743 683 847 738 εει,
868 690 990 744 quae
1017 693 1166 733 nunc
1192 679 1433 749 perversi
1460 679 1666 734 amoris
1688 677 1889 750 privati
1928 680 2072 748 labe,
2097 690 2310 737 naturae
2336 683 2536 739 divisio
2560 684 2728 755 viget.

391 767 452 819 Ὁ
496 766 554 818 δὲ
588 768 835 836 γραπτὸς
886 769 1050 839 νόμος
1072 770 1206 840 (48),
1248 772 1399 842 φόϐῳ
1434 771 1543 824 τῶν
1597 773 1891 842 ἐπιτιμίων

305 859 522 928 ἐπέχων
573 859 673 923 τὰς
730 860 997 926 ἀτάκτους
1050 864 1159 916 τῶν
1221 864 1641 935 ἁφρονεστέρων
1692 864 1890 935 ὁρμὰς,

306 951 477 1015 ἐθίζει
525 951 794 1007 διδάσκων
835 954 972 1025 πρὸς
1014 955 1182 1025 μόνην
1233 956 1431 1018 αὐτοὺς
1482 957 1617 1026 όρᾷν
1666 955 1765 1024 τὴν
1800 954 1891 1008 τοῦ

286 1044 429 1128 ζίσου
475 1043 738 1116 διανομὴν
764 1085 779 1109 ,
808 1046 932 1100 καθ’
973 1048 1040 1118 ἢν
1068 1049 1167 1118 τῆς
1207 1048 1557 1120 δικαιοσύνης
1589 1049 1649 1102 τὸ
1690 1049 1893 1118 κράτος

293 1135 484 1210 ξχρόνῳ
518 1136 836 1206 βεϐαιωθὲν,
871 1139 953 1202 είς
977 1138 1139 1208 φύσιν
1166 1140 1488 1210 μεθίσταται
1514 1157 1529 1171 ⁸
1578 1139 1767 1193 ποιοῦν
1802 1140 1894 1193 τὸν

294 1198 412 1327 μὲν
438 1198 627 1295 cpe-60v,
656 1198 898 1283 διάθεσιν
928 1198 1119 1303 inp-sua
1156 1198 1297 1286 κατά
1327 1237 1525 1304 μικρὸν
1553 1236 1621 1304 τῇ
1664 1234 1793 1304 περὶ⁵
1833 1232 1895 1286 τὸ

304 1319 475 1372 καλὸν
516 1320 713 1392 γνώμῃ
748 1324 1127 1395 κρατουμένην
1154 1342 1167 1354 ’
1218 1326 1332 1392 ἕξιν
1378 1326 1435 1379 δὲ
1471 1326 1569 1397 τὴν
1598 1324 1891 1396 συνήθειαν

303 1412 374 1478 τῇ
406 1410 544 1482 λήθῃ
572 1412 681 1464 τῶν
705 1414 993 1486 προτέρων
1032 1414 1463 1487 καθαιρομένην,
1495 1418 1590 1470 καὶ
1615 1417 1674 1469 τὸ
1707 1416 1895 1485 φιλάλ-

305 1501 470 1572 ληλον
520 1504 686 1576 ἑαυτῇ
748 1508 1289 1575 συναποτίκτουσαν,
1345 1508 1468 1561 καθ’
1514 1508 1542 1561 ὃ
1581 1508 1675 1562 τοῦ
1726 1510 1892 1579 νόμου

307 1595 558 1663 γίνεσθαι
610 1598 671 1651 τὸ
720 1599 997 1670 πλήρωμα
1055 1600 1264 1669 πέφυκε
1295 1642 1309 1666 ,
1373 1602 1591 1656 πάντων
1645 1603 1895 1673 ἀλλήλοις

307 1690 451 1743 κατά
506 1692 604 1759 τὴν
647 1692 869 1762 ἀγάπην
906 1693 1415 1765 συναρμοσθέντων.
1467 1695 1754 1766 Πλήρωμα
1788 1697 1896 1766 γὰρ

310 1783 479 1852 νόμου
515 1784 858 1856 καθέστηκεν
887 1787 921 1857 ή
972 1787 1091 1840 κατ’
1110 1788 1345 1857 ἀγάπην
1383 1787 1667 1859 διάλληλος
1698 1788 1896 1859 συνοχὴ

309 1875 534 1929 πάντων
564 1876 673 1929 τῶν
704 1878 1111 1947 μετειληφότων
1138 1880 1237 1949 τῆς
1268 1878 1484 1948 φύσεως
1503 1917 1517 1941 ,
1549 1879 1793 1950 φέρουσα
1818 1879 1897 1951 τῷ

310 1968 430 2020 κατ’
460 1967 682 2037 ἀγάπην
737 1968 888 2038 πόθῳ
934 1969 1381 2039 κατεστεμμένος)
1430 1969 1522 2021 τὸν
1582 1968 1741 2038 λόγον
1793 1968 1895 2038 τῆς

311 2059 530 2128 φύσεως
556 2076 569 2088 ⁸
602 2061 698 2114 καὶ
726 2064 793 2133 τῇ
831 2060 1121 2133 προσθήκῃ
1157 2060 1252 2115 τοῦ
1300 2061 1491 2127 πόθου,
1526 2061 1617 2113 τὸν
1643 2062 1745 2127 τῆς
1793 2060 1895 2129 φύ-
1928 2045 1971 2103 Β

314 2169 456 2215 σεως
493 2152 1013 2224 καταφαιδρύνουσα
1064 2154 1253 2223 νόμον.
1306 2154 1493 2224 Νόμος
1525 2154 1634 2225 γὰρ
1681 2152 1898 2220 φύσεώς

314 2245 432 2297 ἐστι
455 2244 593 2314 (49),
625 2245 783 2314 λόγος
812 2244 1041 2315 φυσικὸς
1079 2247 1192 2309 τοῖς
1243 2246 1469 2315 τρόποις
1513 2245 1615 2314 τὴν
1645 2244 1900 2315 αἴσθησιν

312 2336 497 2389 λαϐὼν
535 2338 869 2409 ὑποχείριον.
926 2339 1178 2409 Γραπτὸς
1204 2337 1261 2390 δὲ
1310 2338 1474 2408 νόμος
1525 2338 1697 2403 ἐστὶν,
1730 2338 1900 2407 ἤγουν

310 2429 563 2499 γραπτοῦ
596 2430 763 2500 νόμου
789 2430 1093 2501 πλήρωσις,
1126 2429 1284 2496 λόγος
1315 2428 1545 2499 φυσικὸς
1574 2427 1900 2496 προσλαϐὼν

311 2519 473 2587 λόγον
507 2522 886 2592 πνευματικὸν
926 2524 1025 2594 τῆς
1066 2522 1204 2593 πρὸς
1238 2522 1298 2575 τὸ
1346 2521 1612 2589 συγγενὲς
1641 2520 1900 2592 ἀλληλουο

311 2609 438 2681 χίας
467 2610 779 2683 ἐπίκουρον.
828 2612 919 2665 Διό
964 2629 1163 2683 φησιν,
1208 2610 1570 2679 Ἀγαπήσεις
1612 2610 1723 2665 τὸν
1752 2614 1903 2678 πλη-

310 2702 456 2757 σίον
482 2718 600 2758 σου
631 2705 711 2770 ὡς
748 2704 990 2758 ἑαυτόν·
1024 2702 1140 2758 ἀλλ’
1170 2703 1255 2766 οὐ,
1305 2703 1502 2773 Σχοίης
1540 2702 1631 2756 τὸν
1672 2702 1901 2775 πλησίον

312 2810 410 2847 σου
467 2795 543 2859 ὡς
589 2796 805 2855 ἑαυτόν,
855 2797 928 2849 Τὸ
977 2796 1077 2867 μὲν
1126 2795 1235 2867 γάρ
1266 2836 1280 2858 ,
1321 2794 1422 2867 τὴν
1471 2795 1610 2867 πρὸς
1651 2796 1712 2849 τὸ
1762 2792 1902 2850 εἶναι

314 2885 479 2957 μόνον
532 2886 685 2957 δηλοῖ
730 2889 826 2942 τοῦ
881 2889 1180 2958 συγγενοῦς
1238 2890 1605 2961 συνοχήν(50)
1639 2908 1654 2922 ο
1704 2891 1765 2945 τὸ
1819 2892 1899 2957 δὲ,

310 2980 415 3051 τὴν
445 2981 584 3052 πρὸς
617 2981 677 3035 τὸ
703 2980 762 3035 εὖ
794 2979 933 3035 εἶναι
961 2983 1221 3053 σημαίνει
1257 2985 1537 3053 πρόνοιαν.

2062 776 2174 830 Lex
2234 785 2420 831 autem
2457 776 2659 847 scripta
2692 792 2979 847 pmnarum
3024 786 3195 843 metu,
3251 793 3444 833 eorum
3488 782 3583 851 qui

1995 868 2188 938 majori
2247 869 2567 939 insipientia
2618 868 2892 929 laborant.
2946 868 3256 938 petulantes
3290 871 3586 940 appetitio-

1994 972 2128 1009 num
2184 966 2366 1013 motus
2412 973 2791 1028 compescens,
2826 957 2893 1012 ad
2928 958 3098 1011 solam
3130 958 3273 1028 aequi
3318 958 3584 1015 distribu-

1996 1049 2201 1104 tionem
2234 1049 2417 1115 docet,
2466 1049 2752 1105 attendere
2801 1050 3047 1104 animum
3108 1058 3169 1102 ut
3227 1058 3583 1116 assuescant;

1997 1154 2105 1209 qua
2135 1140 2371 1205 scilicet,
2395 1140 2627 1211 justitia:
2664 1139 2750 1194 vis
2776 1146 3023 1210 tempore
3052 1137 3286 1202 ﬁrmata,
3328 1138 3381 1191 in
3420 1148 3582 1192 natu-

1997 1248 2115 1287 ram
2158 1234 2398 1297 transit;
2432 1234 2508 1288 ita
2536 1232 2799 1287 nimirum
2832 1241 2891 1287 ut
2950 1231 3216 1303 paulatim
3270 1232 3587 1301 sensimque

1998 1340 2207 1387 metum
2235 1376 2250 1401 ,
2302 1333 2471 1388 animi
2500 1332 2848 1388 honestatem
2900 1332 3139 1387 volentis
3190 1336 3466 1385 sententia
3496 1348 3589 1385 ro-

1998 1425 2218 1480 bustam
2242 1424 2593 1480 atl‘ectionem
2648 1424 2883 1491 eﬂiciat;
2932 1423 3314 1493 mundumque
3344 1424 3586 1493 priorum

1998 1517 2277 1573 oblivione
2301 1518 2573 1585 habitum,
2608 1515 3088 1580 consuetudinem,
3119 1532 3240 1586 qua:
3268 1518 3458 1586 utique
3482 1534 3589 1570 una

1998 1624 2187 1664 secum
2208 1608 2566 1664 dilectionem
2591 1609 2771 1679 pariat
2796 1627 2812 1675 ;
2844 1624 2952 1678 qua
2986 1608 3123 1678 legis
3152 1608 3438 1678 plenitudo
3460 1625 3590 1663 con~

1998 1702 2163 1769 sistit,
2180 1703 2395 1758 cunctis
2423 1702 2567 1759 inter
2597 1717 2654 1757 se
2683 1702 2972 1756 charitatis
2992 1702 3213 1755 vinculo
3234 1704 3590 1758 consertis".

1999 1794 2293 1849 Plenitudo
2325 1795 2474 1849 enim
2519 1794 2655 1865 legis
2683 1800 2787 1857 est,
2820 1808 2941 1863 quae
2966 1809 3073 1863 per
3103 1792 3427 1848 charitatem
3467 1810 3585 1847 mu-

1998 1895 2092 1939 tua
2125 1885 2373 1939 omnium
2416 1892 2628 1939 naturae
2683 1882 3019 1938 commercio
3050 1883 3408 1953 gaudentium
3441 1898 3585 1937 com-

1998 1976 2181 2046 plexio
2207 1982 2326 2041 est;
2363 1975 2649 2030 charitatis
2679 1974 2959 2029 desiderio
2994 1984 3159 2043 atque
3190 1989 3397 2039 amore,
3431 1981 3586 2026 natu—

2000 2083 2075 2123 ra:
2112 2068 2381 2122 rationem
2428 2067 2611 2122 ferens
2638 2075 2976 2129 coronatam,
3007 2067 3239 2136 ejusque
3273 2064 3589 2119 accessione

2002 2177 2065 2216 ac
2094 2161 2337 2225 cumulo,
2364 2169 2575 2215 natura:
2609 2161 2787 2231 legem
2816 2159 3134 2213 honestans.
3169 2158 3388 2212 Etenim
3421 2166 3588 2211 natu-

2002 2269 2075 2307 ra:
2100 2254 2185 2307 lex
2211 2252 2479 2307 naturalis
2497 2253 2639 2306 ratio
2658 2259 2760 2315 est,
2787 2266 2909 2320 quae
2932 2266 3157 2306 sensum
3181 2249 3429 2303 moribus
3457 2249 3589 2303 sub-

2004 2344 2180 2399 ditum
2215 2343 2644 2413 dedititiumque
2674 2350 2832 2397 nacta
2860 2349 2963 2396 est.
3020 2341 3131 2396 Lex
3177 2356 3310 2395 vero
3364 2340 3589 2409 scripta,

2002 2435 2117 2491 sive
2170 2436 2307 2506 legis
2354 2435 2574 2505 scriptae
2621 2434 2931 2505 plenitudo,
2964 2434 3105 2504 ratio
3162 2442 3247 2487 est
3290 2431 3591 2494 naturalis,

2003 2537 2207 2582 mutua:
2252 2527 2582 2584 cohaesionis
2628 2542 2753 2580 cum
2786 2525 2874 2592 iis,
2902 2541 3043 2597 quos
3086 2524 3309 2596 generis
3349 2522 3594 2578 necessi-

2004 2619 2138 2675 tudo
2176 2621 2368 2684 sociat,
2405 2620 2640 2690 spiritali
2695 2620 2907 2674 ratione
2952 2626 3251 2687 assumpta.
3300 2616 3597 2685 Propterea

2004 2712 2081 2767 ait
2116 2730 2130 2767 :
2160 2712 2361 2784 Diliges
2396 2714 2699 2784 proximum
2751 2721 2903 2766 tuum
2941 2713 3075 2765 sicut
3112 2711 3437 2780 teipsum“;
3485 2723 3596 2761 non

2004 2813 2211 2871 autem,
2234 2806 2392 2871 Vide,
2420 2806 2624 2860 habeas
2648 2805 2963 2875 proximum
2981 2813 3135 2858 tuum
3157 2803 3301 2857 sicut
3333 2801 3593 2871 teipsum.

2006 2897 2254 2952 Alterum
2286 2897 2457 2961 enim,
2493 2894 2742 2967 ejusdem
2774 2895 2996 2966 generis
3042 2892 3332 2948 hominum
3368 2891 3602 2962 conjuno

2008 2990 2250 3043 ctioncm
2307 2987 2602 3059 signiﬁcat,
2657 3003 2723 3042 eo
2775 2987 3043 3041 duntaxat
3097 2991 3472 3056 spectantem,
3541 2989 3601 3036 ut

309 3078 459 3142 sint;
484 3078 719 3132 alterum
754 3086 939 3133 autem
970 3079 1397 3150 providentiam,
1429 3093 1492 3135 ut
1519 3080 1662 3136 bene
1691 3080 1801 3135 illis
1834 3082 1905 3136 sit
1937 3098 2003 3138 ac
2037 3085 2195 3140 beate
2222 3084 2427 3138 vivant.

399 3170 459 3224 '0
492 3169 551 3223 δὲ
581 3171 682 3241 τῆς
714 3173 938 3243 χάριτος
979 3172 1164 3244 νόμος,
1199 3172 1366 3227 αὑτὸν
1404 3173 1627 3243 ἁμέσως
1665 3172 1905 3227 διδάσκει

2081 3178 2150 3233 At
2173 3179 2259 3232 lex
2294 3178 2520 3247 gratiae,
2574 3177 2756 3247 ipsum
2805 3173 3123 3230 immediate
3172 3172 3345 3228 Deum
3398 3163 3605 3225 imitari

312 3261 444 3326 τοὺς
478 3263 784 3333 ἀγομένους
822 3264 1115 3334 μιμεῖσθαι
1172 3266 1263 3319 τὸν
1313 3266 1481 3330 Θεὸν,
1534 3266 1594 3330 ὃς
1651 3266 1905 3320 τοσοῦτον

2012 3284 2103 3325 εοε
2129 3270 2311 3334 docet,
2342 3270 2439 3339 qui
2490 3270 2898 3335 instituuntur;
2929 3267 3095 3337 270
3125 3265 3223 3336 qui
3268 3264 3481 3320 scilicet
3525 3264 3605 3317 sic

314 3355 460 3425 ὑπὲρ
507 3355 698 3433 ἑαυτὸν
729 3357 901 3427 ἡμᾶς,
949 3358 998 3409 εί
1040 3355 1198 3427 θέμις
1232 3359 1427 3423 εἰπεῖν,
1465 3359 1560 3411 καὶ
1602 3357 1776 3411 ταῦτα
1816 3358 1905 3410 διά

2012 3376 2111 3415 ηοε
2138 3377 2305 3432 supra
2336 3362 2578 3431 seipsum
2629 3360 2698 3433 (si
2750 3359 2915 3414 modo
2970 3359 3052 3413 fas
3080 3366 3165 3412 est
3198 3356 3408 3427 dicere)
3442 3364 3606 3425 atque

314 3446 418 3515 τὴν
460 3430 737 3517 ἁμαρτίαν
779 3446 940 3510 ὄντας
974 3446 1203 3519 ἐχθροὺς
1229 3489 1242 3511 ,
1277 3447 1566 3517 ἠγάπησεν
1589 3488 1603 3513 ,
1636 3449 1775 3502 ὥστε
1812 3449 1904 3502 καὶ

316 3542 401 3603 εἰς
448 3540 548 3611 τὴν
583 3539 705 3593 καθ’
737 3542 889 3611 ἡμᾶς
932 3541 1123 3594 οὐσίαν
1171 3541 1347 3595 ἐλθεῖν
1394 3541 1725 3613 ἀτρέπτως,
1764 3542 1905 3612 ὑπὲρ

316 3633 504 3685 πᾶσαν
535 3633 727 3687 οὐσίαν
749 3634 880 3687 ὅντα
920 3634 1012 3687 καὶ
1045 3633 1208 3703 φύσιν
1237 3634 1582 3703 ὑπερουσίως
1606 3632 1906 3699 καταδέξα-

320 3725 482 3791 σθαι,
519 3724 613 3779 καὶ
643 3724 935 3796 ἄνθρωπον
963 3725 1217 3794 γενέσθαι
1245 3768 1258 3793 ,
1309 3727 1404 3780 καὶ
1455 3727 1565 3781 τῶν
1600 3725 1906 3799 ἀνθρώπων

317 3816 419 3870 ἕνα
447 3820 789 3890 χρηματίσαι
820 3818 1109 3889 βούλεσθαι
1135 3836 1146 3849 ·
1176 3821 1272 3872 καὶ
1303 3819 1404 3886 τὴν
1432 3821 1715 3891 ἡμετέραν
1738 3818 1907 3874 κατά-

320 3927 508 3982 κρισιν
567 3911 776 3965 οἰκείαν
826 3910 1056 3981 ποιῆσαι
1118 3911 1193 3982 μὴ
1255 3910 1746 3983 παραιτήσασθαιο
1810 3910 1908 3965 καὶ

321 4004 579 4059 τοσοῦτον
617 4006 768 4076 ἡμᾶς
806 4003 1009 4059 θεῶσαι
1042 4005 1181 4058 κατά
1210 4004 1371 4076 χάριν
1395 4045 1410 4069 ,
1446 4006 1570 4059 ὅσον
1613 4006 1735 4059 κατ’
1764 4005 1907 4059 οίκο-

321 4096 519 4167 νομίαν
583 4096 747 4160 αὐτὸς
805 4094 967 4164 φύσει
1018 4095 1247 4165 γέγονεν
1303 4095 1631 4168 ἄνθρωπος’
1685 4095 1775 4150 ἵνα
1833 4094 1908 4166 μὴ

326 4189 490 4259 μόνον
525 4189 793 4261 μάθωμεν
825 4188 1076 4259 ἀλλήλων
1128 4188 1452 4260 ἀντέχεσθαι
1485 4186 1731 4257 φυσικῶς
1754 4229 1769 4251 ,
1817 4187 1911 4241 καὶ

324 4281 403 4344 ὡς
448 4282 677 4343 ἑαυτοὺς
716 4279 984 4357 ἀλλήλους
1034 4280 1260 4350 ἀγαπᾷν
1311 4280 1736 4350 πνευματικῶς·
1775 4277 1913 4333 ἀλλά

2009 3452 2085 3517 id,
2119 3468 2245 3507 cum
2270 3453 2341 3508 ob
2364 3461 2655 3523 peccatum
2692 3452 2905 3507 inimici
2932 3467 3204 3515 essemus,
3238 3451 3516 3513 dilexerit,
3546 3460 3607 3503 ut

2007 3550 2252 3596 nostram
2282 3558 2505 3613 quoque
2531 3542 2830 3596 essentiam
2863 3557 2927 3595 ac
2943 3553 3219 3613 naturam.
3245 3540 3341 3610 qui
3363 3540 3606 3594 essentia

2008 3633 2160 3687 omni
2197 3642 2505 3703 naturaque
2549 3633 2807 3702 superior
2862 3640 2980 3696 est,
3029 3630 3479 3701 superessentiali
3516 3646 3606 3685 ra—

2008 3727 2159 3782 tione
2211 3726 2636 3782 immutabiliter
2687 3725 2842 3780 adire
2895 3725 3195 3789 annuerit,
3244 3733 3411 3795 atque
3444 3724 3608 3778 homo

2010 3818 2154 3885 ﬁeri,
2186 3835 2443 3890 unusque
2472 3817 2761 3873 hominum
2790 3817 3006 3882 audire,
3062 3815 3298 3871 voluerit
3324 3833 3338 3882 ;
3373 3832 3475 3869 nec
3505 3830 3608 3869 no-

2012 3921 2181 3966 stram
2217 3912 2740 3967 condemnationem
2767 3926 2923 3966 suam
2955 3910 3131 3980 ipsius
3166 3909 3347 3965 facere
3385 3924 3610 3963 recusa—

2010 4002 2196 4068 verit;
2238 4011 2563 4072 tautumque
2606 4017 2708 4057 nos
2737 4018 2837 4072 per
2884 4002 3121 4071 gratiam
3153 4000 3359 4055 deitale
3406 4016 3609 4071 augere

2013 4094 2270 4165 dignatus
2317 4094 2428 4158 sit,
2490 4103 2760 4165 quantum
2821 4094 2938 4165 ipse
2990 4092 3420 4163 dispensationis
3475 4108 3609 4163 ergo

2012 4186 2182 4241 homo
2210 4194 2411 4241 natura
2450 4187 2664 4242 exstitit
2701 4205 2714 4239 :
2750 4194 2812 4240 ut
2842 4202 2953 4241 non
2994 4186 3172 4240 solum
3211 4183 3303 4237 alii
3346 4183 3485 4238 alios
3512 4201 3611 4238 na-

2015 4279 2271 4334 turaliter
2294 4279 2612 4349 complecti,
2661 4294 2726 4333 ac
2756 4287 3018 4348 tanquam
3051 4292 3155 4331 nos
3187 4275 3335 4345 ipsos
3367 4276 3506 4329 alter
3528 4275 3609 4329 al-

325 4374 421 4427 καὶ
456 4374 598 4445 ὑπὲρ
640 4373 869 4435 ἑαυτοὺς
926 4372 1171 4443 ἀλλήλων
1222 4369 1485 4443 κήδεσθαι
1530 4370 1757 4435 θεῖκῶς’
1817 4369 1907 4425 καὶ

2016 4378 2198 4427 terum
2223 4370 2551 4441 spiritaliter
2573 4370 2803 4440 diligere
2827 4368 3183 4435 noverimus;
3221 4382 3415 4421 verum
3446 4368 3611 4421 etiam

326 4463 533 4533 ταύτην
555 4464 655 4532 τῆς
676 4464 757 4526 είς
781 4462 1046 4534 ἀλλήλους
1071 4462 1295 4534 ἀγάπης
1316 4461 1592 4528 ἀπόδειξιν
1616 4459 1912 4524 ποιεῖσθαι,

328 4555 393 4608 τὸ
437 4557 561 4608 κατ’
593 4556 797 4626 ἀρετὴν
846 4554 991 4627 ὑπὲρ
1028 4555 1275 4627 ἀλλήλων
1302 4554 1394 4609 τὸν
1427 4552 1679 4608 ὲκοόσιον
1711 4550 1914 4625 προθυ-

2017 4479 2185 4534 supra
2212 4478 2313 4519 nos
2349 4465 2497 4534 ipsos
2521 4463 2613 4517 alii
2640 4462 2761 4517 aliis
2800 4462 2986 4517 divine
3016 4478 3206 4517 curam
3254 4461 3610 4531 impendere;

2018 4555 2273 4626 hancque
2299 4564 2505 4609 mutua:
2540 4554 2855 4609 dilectionis
2892 4553 3293 4609 exhibitionem
3327 4561 3610 4621 praestare,

335 4648 556 4718 μεῖσθαι
588 4648 840 4703 θάνατον.
879 4651 1001 4703 Οὐκ
1039 4648 1172 4703 ἔστι
1215 4648 1324 4719 γὰρ
1350 4650 1575 4715 ταύτης
1594 4648 1759 4715 άλλη
1788 4646 1907 4716 μεί-

2022 4654 2083 4701 ut
2110 4647 2335 4703 virtutis
2380 4656 2517 4702 nutu
2554 4646 2648 4701 alii
2679 4646 2913 4700 aliorum
2960 4661 3126 4700 causa
3174 4652 3407 4699 mortem
3458 4646 3613 4699 obire

332 4740 443 4801 ζων
471 4739 673 4809 ἀγάπη
691 4781 704 4807 ,
768 4741 959 4812 φησιν,
996 4742 1098 4795 ἵνα
1126 4758 1218 4808 τις
1243 4739 1321 4810 θῇ
1352 4740 1471 4808 τὴν
1489 4739 1707 4809 ψυχὴν
1729 4739 1916 4793 αὐτοῦ

332 4834 485 4901 ὑπὲρ
516 4833 636 4886 τῶν
666 4837 865 4904 φίλων
891 4834 1100 4889 αὑτοῦ.
1672 4850 1689 4861 ⁶

404 4925 618 4979 υύκοῦν
647 4926 676 4978 ὁ
717 4925 817 4994 μὲν
845 4926 944 4996 τῆς
992 4924 1208 4995 φύσεως
1256 4923 1419 4994 νόμος
1467 4922 1616 4975 ἐστὶν
1645 4920 1795 4993 (5|),
1831 4921 1919 4976 ἵνα

2021 4737 2352 4794 ambiamus.
2381 4737 2547 4792 Nulla
2577 4738 2748 4800 enim,
2803 4736 3005 4805 inquit,
3064 4737 3242 4806 major
3289 4754 3352 4789 ac
3406 4736 3614 4790 ιίὶίιιειὶο

2019 4839 2115 4896 est,
2148 4839 2209 4884 ut
2248 4831 2361 4902 quis
2404 4838 2569 4901 ponat
2603 4831 2843 4883 animam
2883 4844 3036 4882 suam
3072 4844 3167 4898 pro
3198 4827 3383 4881 amicis
3406 4829 3513 4881 suis
3546 4829 3609 4882 ⁶¹.

2092 4923 2207 4979 Lex
2237 4923 2421 4993 itaque
2446 4930 2678 4986 natura},
2725 4928 2786 4974 ut
2819 4934 3031 4973 summa
3055 4919 3417 4988 complectar,
3450 4928 3613 4974 natu—

338 5017 573 5071 συνελὼν
625 5019 803 5084 εἴπω,
859 5017 1018 5086 λόγος
1088 5015 1320 5087 φυσικὸς
1362 5014 1461 5085 τὴν
1521 5014 1780 5085 αἴσθησιν
1825 5012 1907 5066 λα·

2022 5033 2096 5073 ηε
2128 5016 2269 5085 ratio
2315 5023 2419 5081 est,
2476 5029 2697 5069 sensum
2746 5020 2910 5067 nacta
2940 5011 3227 5067 subditum
3260 5012 3613 5068 dedititium-

336 5109 448 5163 σὼν
487 5110 819 5182 ὑποχείριον,
858 5109 996 5181 πρὸς
1025 5109 1324 5179 ἀφαίρεσιν
1370 5108 1470 5189 τῆς
1500 5106 1758 5176 ἀλογίας⁹
1792 5105 1915 5160 καθ’

336 5204 403 5274 ἢν
434 5202 639 5277 [marg.
665 5204 890 5273 ἀλογίαν
916 5201 1218 5274 δηλονότι],
1279 5201 1390 5253 τῶν
1425 5198 1674 5269 φυσικῶς
1706 5214 1918 5267 συνημ-

342 5296 520 5367 μένων
553 5298 702 5349 ὲστὶν
739 5297 773 5366 ή
805 5295 1092 5365 διαίρεσις.
1133 5293 1191 5345 '0
1220 5291 1276 5345 δὲ
1304 5290 1551 5361 γραπτδς
1584 5289 1751 5361 νόμος
1776 5288 1917 5354 ἐστὶ,

338 5387 498 5456 λόγος
532 5386 763 5457 φυσικὸς
796 5386 937 5457 μετὰ
971 5386 1072 5456 τὴν
1106 5384 1227 5438 κατ’
1275 5383 1530 5454 αἴσθησιν
1567 5382 1669 5452 τῆς
1696 5381 1922 5451 ἀλογίας

339 5478 634 5548 ἀφαίρεσιν
666 5474 989 5549 προσλαϐὼν
1040 5475 1135 5529 καὶ
1179 5473 1344 5527 πόθον
1390 5472 1794 5543 πνευματικὸν,
1826 5473 1923 5541 τῆς

341 5568 479 5638 πρὸς
520 5568 582 5622 τὸ
635 5567 897 5639 συγγενὲς
942 5565 1303 5637 ἀλληλουχίας
1355 5565 1694 5618 συνεκτικόν.
1755 5564 1815 5617 '0
1868 5563 1928 5616 δὲ

343 5660 445 5727 τῆς
496 5661 719 5733 χάριτος
750 5660 953 5731 νόμος,
1005 5659 1145 5729 ὑπὲρ
1197 5656 1358 5727 φύσιν
1408 5656 1716 5729 καθέστηκε
1744 5655 1923 5725 λόγος,

2024 5126 2154 5181 que,
2204 5124 2314 5179 quo
2349 5107 2563 5162 ratione
2616 5121 2809 5161 carens
2844 5105 3037 5174 illique
3070 5120 3287 5169 aversa,
3331 5106 3614 5161 auferatur

2027 5202 2283 5267 affectio;
2316 5217 2383 5255 ex
2402 5216 2509 5271 qua
2546 5208 2651 5265 est,
2677 5208 2738 5253 ut
2761 5198 2855 5265 qui
2888 5203 3087 5251 natura
3134 5198 3415 5267 conjuncti
3462 5208 3611 5265 sunt,

2027 5295 2279 5367 partibus
2310 5294 2424 5349 scin
2446 5294 2654 5348 lantur.
2698 5294 2808 5348 Lex
2866 5302 3053 5349 autem
3082 5295 3312 5365 scripta,
3346 5294 3617 5349 naturalis

2031 5386 2173 5441 ratio
2199 5394 2303 5445 est,
2336 5400 2459 5454 pom
2488 5399 2683 5439 sensus
2710 5399 2961 5440 aversam
3005 5402 3036 5441 a
3080 5386 3296 5441 ratione
3342 5384 3614 5439 sublatam

2032 5478 2403 5542 aﬂectionem,
2427 5476 2671 5547 spiritale
2694 5476 2861 5531 etiam
2889 5477 3228 5532 desiderium
3259 5490 3617 5545 amoremque

2034 5583 2340 5629 assumens,
2378 5582 2489 5636 quo
2522 5575 2712 5619 mutua
2744 5582 2939 5621 eorum
2976 5566 3070 5637 qui
3115 5566 3335 5637 generis
3369 5565 3615 5620 necessi-

2038 5655 2229 5711 tudine
2255 5654 2431 5725 juncti
2461 5660 2587 5710 sunt
2634 5652 2874 5709 cobzesio
2906 5653 3179 5709 consistat
3213 5664 3380 5723 atque
3425 5666 3613 5708 serve-

417 5846 463 5879 “
495 5844 654 5903 Rom.
692 5861 806 5898 xm.
832 5842 918 5898 l0.
997 5844 1038 5876 ⁶¹
1073 5842 1262 5897 Matth.
1302 5857 1356 5908 ν,
1381 5840 1468 5895 45.
1546 5840 1589 5871 ⁶¹
1628 5838 1783 5896 Joan.
1820 5854 1910 5908 xv,
1948 5838 2033 5895 15.
