3986 6422
152 382 297 447 729

1261 391 1755 462 QUESTIONES
1795 392 1894 450 AD
1931 393 2439 455 THALASSIUM.

3354 387 3464 452 730

252 501 338 551 δ’.
375 499 531 561 Τίνος
575 499 870 568 ἀναλογίαν
908 503 1023 574 ἕχει
1074 506 1344 575 νοουμένη
1394 503 1780 575 πνευματικῶς

1954 505 2008 558 4.
2050 504 2298 570 Quocum
2357 504 2532 574 .loppe
2579 503 2906 573 spiritaliter
2951 499 3298 561 considerata
3335 513 3469 553 con-

150 588 196 654 i;
255 589 490 657 Ἰόππη.

255 687 336 734 ε’.
382 683 518 735 Κατ’
558 685 722 756 ἄλλην
771 685 1028 755 ἐπιϐολὴν
1066 690 1179 750 τοῖς
1217 688 1340 741 καθ’
1372 688 1576 741 ἕκαστα
1619 687 1781 758 πρόσ-

147 790 370 844 φορος
401 774 604 847 θεωρία
634 779 762 849 περὶ
788 780 888 848 τῆς
934 781 1176 850 Ἰόππης.

257 872 354 931 ς’.
390 868 776 940 Πολυταράχου
811 869 1000 941 ζάλης.

259 957 341 1021 ζ’.
387 959 646 1029 Κεφαλὴν
696 961 842 1028 λέγει
893 962 983 1014 τὸν
1027 963 1242 1033 πρῶτον
1274 964 1405 1033 περὶ
1439 963 1662 1032 μονάδος
1699 963 1786 1016 λό-

157 1065 320 1116 γον,
372 1048 447 1112 ὡς
488 1050 663 1120 ἀρχὴν
700 1053 878 1122 πάσης
912 1053 1115 1122 ἀρετῆς
1141 1070 1154 1083 ’
1184 1054 1282 1116 τὰς
1312 1054 1368 1105 δὲ
1407 1055 1644 1124 σχισμᾶις
1673 1053 1785 1106 τῶν

162 1142 404 1210 ὀρέων,
455 1142 556 1204 τὰς
584 1142 824 1206 διανοίας
865 1145 973 1197 τῶν
1002 1147 1328 1214 πνευμάτων
1357 1149 1456 1216 τῆς
1487 1145 1776 1216 πονηρίας,

167 1231 291 1301 ὑξίΐ
333 1225 409 1285 ὧν
456 1233 732 1305 κατεπόθη
767 1235 859 1287 διὰ
905 1235 1007 1305 τῆς
1057 1236 1424 1307 παραϐάσεως
1453 1238 1480 1289 ὁ
1517 1236 1787 1307 ἡμέτερος

164 1339 357 1387 νους.

262 1422 352 1484 η’.
386 1417 497 1485 Γῆν
541 1416 690 1485 λέγει
733 1419 1071 1490 κατωτάτην,
1103 1420 1200 1492 τὴν
1233 1421 1498 1491 μηδαμῶς
1537 1420 1791 1489 γνώσεως

168 1507 611 1577 αἰσθανομένην
646 1508 795 1572 θείας
823 1548 838 1573 ,
892 1510 925 1580 ἦ
959 1512 1060 1581 τῆς
1112 1513 1236 1565 κατ’
1271 1513 1475 1583 ἀρετὴν
1510 1511 1654 1581 ζωῆς
1693 1511 1790 1581 τὴν

175 1597 427 1651 atavo-3v
465 1598 676 1654 κίνησιν
713 1599 967 1671 ἔχουσαν,
1007 1602 1141 1667 ἓξιν.

269 1773 351 1828 θ’.
391 1776 664 1830 Ἀϐυσσον
711 1778 869 1832 καλεῖ
896 1780 998 1851 τὴν
1051 1782 1276 1851 ἄγνοιαν
1313 1749 1675 1853 ἐπικειμένην
1722 1784 1788 1853 τῇ

177 1865 322 1931 ἕξει
373 1868 474 1936 τῆς
511 1868 711 1932 κακίας
737 1885 752 1900 ο
797 1871 881 1940 ἐφ’
999 1842 1234 1942 βέϐηκεν
1283 1842 1538 1942 καθάπερ
1593 1842 1686 1943 γῆ,
1717 1842 1788 1926 erit
1824 1842 1865 1897 Β

175 1955 304 2026 τῆς
336 1957 535 2021 κακίας
566 1959 801 2030 πελάγη.

276 2053 336 2100 ι’.
378 2048 490 2118 Γῆν
528 2050 628 2120 μὲν
657 2051 757 2120 τὴν
793 2053 1000 2122 παγίαν
1043 2052 1144 2120 τῆς
1191 2054 1391 2116 κακίας
1445 2053 1559 2118 ἕξιν
1596 2051 1786 2107 εἶπεν·

181 2139 466 2202 αιωνίους
492 2139 549 2193 δὲ
584 2141 816 2212 μοχλοὺς
841 2187 856 2212 ,
893 2144 1436 2217 τὰςσυγκρατούσας
1475 2146 1575 2216 τὴν
1620 2147 1794 2216 χειρί-

185 2243 347 2297 στην
376 2227 487 2293 ἓξιν
518 2232 792 2300 ἐμπαθεῖς
823 2234 1197 2304 προσπαθείας
1225 2235 1334 2289 τῶν
1364 2237 1587 2290 ὑλικῶν.

288 2328 384 2376 ια’.
439 2325 646 2394 Φέγγος
696 2327 843 2396 λέγει
892 2329 990 2401 τὴν
1051 2330 1226 2402 ἀληθῆ
1292 2332 1528 2401 γνῶσιψ
1565 2332 1710 2403 ζωὴν
1738 2333 1796 2387 δὲ

189 2412 454 2486 βροτῶν,
495 2417 596 2488 τὴν
649 2421 970 2490 πρέπουσαν
1023 2422 1263 2491 λογικοῖς
1295 2425 1574 2489 πολιτείαν
1600 2465 1615 2489 ,
1667 2421 1735 2498 ῆς
1769 2429 1797 2480 ὁ

185 2505 304 2578 τὴν
354 2507 530 2578 κακὴν
562 2508 674 2575 ἕξιν
707 2510 845 2580 ἔχων
874 2513 1190 2585 ὲστερῆται.

1886 606 2049 666 gruit.

1959 687 2010 740 5.
2051 687 2175 741 Alio
2206 703 2371 742 sensu
2416 687 2649 758 singulis
2682 687 3022 741 conveniens
3086 683 3354 755 Spiritalis
3399 682 3469 739 de

1885 780 2056 850 Joppc
2087 781 2479 836 consideratio.

1954 871 2005 924 6.
2050 869 2405 925 Turbulentze
2433 871 2711 940 procellae.

1961 964 2012 1017 7.
2051 962 2229 1032 Caput
2255 963 2494 1032 appellat
2519 963 2753 1032 primam
2784 959 3016 1015 unitatis
3039 958 3473 1022 rationem,qu:e

1888 1056 2102 1110 scilicet
2126 1057 2349 1110 virtutis
2365 1056 2545 1109 omnis
2569 1055 2902 1124 principium
2933 1053 3181 1106 exsistat.
3205 1047 3472 1104 Montium

1889 1155 2073 1202 autem
2106 1147 2392 1208 scissuras,
2433 1144 2797 1214 cogitationes
2819 1159 2882 1197 ac
2910 1141 3138 1197 consilia
3174 1138 3472 1209 spirituum

1890 1239 2172 1308 nequitiae,
2215 1253 2451 1308 quorum
2471 1237 2652 1290 atllatu
2685 1245 2849 1304 atque
2879 1233 3106 1288 incursu
3129 1272 3142 1294 ,
3167 1246 3265 1300 per
3298 1238 3478 1281 trans-

1892 1329 2252 1399 gressionem,
2290 1344 2446 1383 mens
2483 1338 2670 1382 nostra
2700 1326 2959 1394 absorpta
2981 1333 3086 1379 est.

1963 1420 2124 1490 272
2160 1421 2211 1473 8.
2251 1419 2478 1474 Terram
2515 1420 2756 1489 appellat
2779 1418 3045 1480 intimam,
3082 1412 3356 1485 ejusmodi
3380 1411 3478 1464 lia—

1893 1511 2070 1564 bitum
2104 1511 2196 1580 qui
2239 1512 2390 1565 nullo
2432 1511 2633 1565 divinae
2675 1510 2922 1564 scientia:
2963 1524 3128 1563 sensu
3185 1505 3478 1566 adiciatur,

1895 1604 2155 1672 omnique
2180 1619 2408 1672 prorsus
2455 1603 2580 1658 vitm
2610 1613 2785 1666 motu,
2822 1601 2970 1670 quod
3018 1606 3231 1670 spectat
3255 1597 3322 1651 ad
3366 1596 3479 1649 vir-

1897 1706 1951 1748 tu
1961 1705 2089 1760 tem,
2111 1703 2313 1749 careat.

1964 1789 2016 1844 9.
2053 1787 2325 1858 Abyssum
2374 1797 2555 1850 vocat,
2607 1785 2986 1840 imminentem
3019 1783 3222 1838 vitioso
3264 1777 3481 1834 habitui

1895 1881 2289 1952 ignorantiam;
2323 1895 2488 1950 quam
2529 1879 2646 1933 vitii
2676 1895 2738 1933 ac
2763 1876 3056 1948 pravitatis
3103 1876 3216 1929 alto
3264 1871 3482 1943 gurgite

1895 1973 2142 2035 ﬂumina,
2176 1973 2329 2026 velut
2356 1980 2557 2026 terram
2595 1970 2942 2025 inscendant.

1965 2065 2053 2118 10.
2093 2065 2324 2119 Terram
2391 2065 2718 2134 appellavit,
2779 2061 2999 2116 firmum
3053 2060 3170 2116 vitii
3204 2058 3481 2113 habitum.

1893 2149 2149 2206 Eternos
2193 2161 2400 2215 vectes,
2452 2160 2805 2205 terrenorum
2850 2150 3185 2205 libidinosos
3221 2147 3478 2210 aﬂcctus,

1896 2240 2196 2311 pessimum
2227 2238 2530 2293 conﬂantes
2567 2239 2840 2293 habitum.

1965 2333 2054 2386 11.
2096 2333 2265 2389 Jubar
2297 2339 2490 2396 vocat,
2542 2348 2732 2386 veram
2792 2329 3123 2386 scientiam:
3166 2329 3482 2382 mortalium

1895 2441 2027 2480 vero
2051 2424 2239 2488 vitam,
2277 2439 2398 2493 quae
2425 2432 2645 2477 utentes
2678 2422 2892 2476 ratione
2935 2421 3147 2484 deceat,
3179 2419 3306 2472 vitae
3329 2418 3488 2472 insti-

1898 2513 2163 2568 tutionem
2192 2553 2206 2578 ,
2259 2527 2367 2581 qua
2412 2519 2583 2576 caret,
2623 2509 2719 2580 qui
2777 2509 2924 2564 malo
2982 2507 3174 2562 habitu
3222 2506 3488 2576 prteditus

1791 2623 1804 2641 -'
1896 2611 2005 2658 est.

282 2686 375 2756 ιβ’.
430 2687 696 2742 Ἐνταῦθα
728 2690 829 2760 τὴν
864 2691 1161 2755 Θάλασσαν,
1199 2694 1277 2754 είς
1308 2695 1401 2747 τὸν
1433 2695 1638 2764 κόσμον
1671 2695 1798 2748 τοῦ·

192 2796 301 2832 τον
339 2779 566 2834 ἔλαϐενο
597 2784 677 2846 είς
701 2782 758 2837 ὃν
790 2784 880 2838 διὰ
914 2786 1117 2856 σαρκὸς
1151 2788 1178 2839 ὁ
1218 2787 1422 2858 Κύριος
1446 2787 1692 2856 γέγονεν.

285 2879 378 2940 ιγ’.
425 2872 759 2928 ’Δνάπαυσιν
807 2874 957 2944 λέγει
996 2877 1088 2929 τὸν
1142 2879 1384 2946 Κύριον,
1437 2879 1513 2942 ὡς
1551 2879 1660 2932 τῶν
1707 2881 1794 2935 ἐπ’

197 2965 383 3036 ἀρετῇ
432 2965 610 3019 πόνων
647 2966 936 3037 λυτήριον·
974 2968 1118 3021 ἴασιν
1167 2969 1224 3021 δὲ
1275 2969 1448 3037 Θεοῦ,
1500 2969 1576 3035 ὼς
1614 2972 1796 3041 ἰατρὸν

145 3112 156 3121 .
196 3057 312 3127 τῆς
357 3060 422 3112 ὲκ
475 3059 570 3113 τοῦ
623 3060 856 3116 θανάτου
904 3063 1152 3134 πληγῆς·
1194 3063 1330 3116 Θεοῦ
1380 3065 1436 3118 δὲ
1485 3065 1668 3135 χάριν,
1720 3066 1797 3130 ὡς

205 3149 606 3222 ἀπολύτρωσιν
628 3169 642 3184 ·
689 3155 785 3209 καὶ
834 3154 970 3208 Θεοῦ
1001 3155 1186 3224 πόνον,
1220 3157 1296 3220 ὼς
1335 3157 1444 3210 τῶν
1475 3157 1636 3229 ἡμῶν
1667 3160 1799 3214 ἁνα-

199 3241 374 3312 δοχέα
408 3244 619 3300 παθῶν.

289 3412 369 3468 ιδ’.
407 3413 652 3480 Fului);
683 3417 801 3469 ἐστι
833 3415 994 3487 χάρις
1024 3417 1053 3470 ὁ
1075 3416 1282 3488 Κύριος
1311 3417 1467 3487 ήμῶν
1500 3419 1596 3472 καὶ
1622 3419 1754 3482 Θεός
1782 3436 1796 3450 ο

209 3505 318 3568 ἶδε,
358 3504 542 3571 Νεῖλε,
577 3509 672 3560 καὶ
715 3507 793 3579 μὴ
835 3507 1084 3574 σαλεύου,
1116 3508 1215 3580 τῷ·
1267 3510 1518 3578 Πλήρης
1558 3509 1801 3578 χάριτος

208 3596 316 3650 καὶ
345 3590 659 3664 ἀληθείας.

293 3696 375 3740 ιε’.
417 3686 539 3749 Πῶς
573 3685 724 3757 δηλοῖ
756 3687 856 3758 τὴν
901 3685 1250 3758 προφητικῆν
1279 3687 1441 3759 χάριν
1482 3689 1688 3752 Ἰωνᾶς.

293 3867 389 3926 ις’.
429 3861 553 3914 Ὅτι
583 3861 802 3932 δαπανᾷ
829 3902 842 3925 ,
879 3862 1010 3932 φησὶ
1039 3903 1054 3928 ,
1097 3863 1543 3933 προσϐάλλουσαν
1573 3863 1670 3936 τὴν
1700 3881 1799 3918 πο-

215 3955 392 4026 νηρὰν
421 3954 674 4026 δύναμιν,
705 3957 738 4024 ὴ
772 3955 880 4009 τῶν
918 3956 1089 4025 ἁγίων
1120 3957 1386 4028 ὑπομονή.

295 4047 380 4114 ιζ’.
420 4049 546 4102 ’Ότι
593 4048 922 4120 σωματικῶς
948 4050 997 4101 ot
1038 4047 1184 4117 ἅγιοι
1218 4051 1542 4120 πάσχοντες,
1585 4053 1800 4105 καὶτὸν

219 4140 363 4210 ὑπὲρ
404 4137 663 4212 ἀληθείας
709 4139 976 4201 ἑκουσίως
1011 4139 1378 4210 ὑπερχόμενοι
1437 4140 1667 4195 θάνατον
1697 4142 1796 4213 τῆς

222 4233 450 4304 σαρκὸς,
476 4233 576 4304 τὴν
606 4233 748 4286 κατὰ
777 4231 959 4285 πίστιν
982 4233 1038 4284 ὲν
1063 4234 1334 4303 πνεύματι
1359 4232 1505 4304 ζωὴν
1531 4235 1801 4306 ἐνήργουν

221 4327 337 4388 τοῖς
367 4325 569 4378 ἔθνεσι.
1267 4314 1284 4339 ’

299 4414 382 4488 ιη’.
429 4417 553 4469 Ὅτι
615 4416 716 4484 τῆς
762 4415 885 4468 καθ’
945 4415 1253 4486 ὑπερϐολὴν
1323 4415 1474 4480 θείας
1518 4415 1802 4486 δυνάμεως

1970 2695 2057 2749 12.
2109 2695 2209 2748 Hic
2237 2694 2340 2748 loci
2379 2708 2531 2747 mare
2582 2693 2637 2746 in
2674 2690 2866 2746 mundi
2904 2690 3072 2759 hujus
3123 2679 3373 2758 ﬁguram
3398 2701 3489 2742 ac-

1896 2786 2061 2856 cepit,
2098 2785 2154 2838 in
2186 2801 2349 2848 quem
2385 2784 2651 2837 Dominus
2675 2798 2775 2851 per
2805 2794 3028 2835 carnem
3060 2776 3213 2830 venit

1967 2878 2051 2931 15.
2101 2877 2371 2945 Requiem
2411 2875 2706 2929 Dominum
2733 2871 2996 2942 appellat,
3031 2877 3092 2923 ut
3117 2883 3228 2936 quo
3256 2864 3482 2920 virtutis

1899 2971 2151 3040 palaestra
2185 2970 2407 3023 labores
2447 2968 2750 3021 solvantur.
2786 2964 2882 3018 Dei
2921 2971 3106 3016 autem
3155 2958 3488 3013 medicinam

1899 3062 2052 3127 dicit,
2094 3061 2273 3130 utqui
2324 3058 2522 3113 mortis
2577 3057 2792 3126 plagam
2840 3053 3176 3108 medicetur.
3230 3049 3328 3102 Dei
3356 3062 3490 3100 vero

1901 3154 2167 3224 gratiam,
2209 3159 2271 3204 ut
2319 3150 2416 3220 qui
2468 3147 2782 3216 redemptio
2832 3144 2924 3199 sit.
2975 3141 3227 3209 Denique
3262 3138 3360 3192 Dei
3405 3138 3489 3190 la-

1905 3247 2116 3308 borem,
2145 3250 2204 3296 ut
2228 3241 2322 3296 aui
2347 3239 2736 3310 aegrotationes
2758 3243 2981 3290 nostras
3003 3231 3346 3298 aﬂ‘ectusque
3372 3242 3494 3281 sus-

1903 3334 2132 3404 ceperit.

1974 3427 2060 3480 M.
2102 3423 2392 3491 Quomodo
2435 3421 2624 3476 Gratia
2667 3419 2938 3474 Dominus
2980 3423 3172 3470 noster
3201 3426 3266 3465 ac
3293 3411 3441 3464 Deus
3469 3409 3494 3460 ?

1902 3517 2218 3583 Vide,Nile,
2244 3524 2301 3570 et
2326 3529 2398 3568 ne
2419 3509 2865 3580 moveare,quod
2895 3507 3169 3576 scriptum
3200 3511 3286 3559 est
3321 3519 3335 3555 :
3365 3501 3488 3554 Ple-

1903 3635 2003 3672 nus
2037 3617 2228 3687 gratia:
2254 3622 2302 3667 et
2331 3614 2569 3667 veritatis
2602 3612 2671 3663 ⁵³.

1896 3709 1898 3712 ’
1979 3707 2063 3763 15.
2104 3705 2221 3772 Qua
2257 3702 2479 3757 tandem
2520 3700 2733 3756 ratione
2762 3698 2931 3754 Jonas
2955 3693 3226 3766 signiﬁcet
3252 3690 3494 3762 prophe-

1904 3810 2068 3854 ticam
2103 3796 2362 3868 gratiam.

1971 3891 2057 3944 16.
2100 3889 2427 3942 Sanctorum
2469 3882 2736 3953 patientia
2767 3881 2904 3951 ipsis
2945 3880 3295 3949 ingruentem
3315 3872 3492 3927 absu-

1901 3983 2003 4037 mit
2026 3979 2417 4050 nequissimam
2455 3982 2806 4047 potestatem.

1973 4075 2059 4127 17.
2099 4070 2284 4126 Sancti
2321 4083 2557 4139 corpore
2591 4074 2871 4122 tormenta
2910 4063 3268 4122 sustinentes,
3297 4074 3363 4113 ac
3391 4074 3502 4128 pro

1902 4168 2108 4238 pietate
2143 4163 2328 4219 carnis
2361 4170 2599 4215 mortem
2629 4159 2924 4218 obeuntes,
2963 4155 3132 4208 vitam
3181 4151 3238 4204 in
3265 4150 3489 4221 spiritu.

1903 4274 2025 4331 quae
2049 4272 2148 4328 per
2181 4255 2345 4310 fidem
2366 4261 2476 4319 est,
2503 4253 2559 4307 in
2583 4250 2845 4323 gentibus
2872 4245 3230 4318 praestabant.
3329 4288 3338 4295 .

1974 4436 2062 4490 18.
2121 4433 2331 4489 Divinas
2411 4431 2740 4488 excellentis
2785 4427 3048 4500 potentiae
3105 4429 3496 4494 argumentqu

226 4511 370 4563 ἔστιν
397 4507 678 4571 ὑπόθεσις,
715 4509 748 4578 ἡ
782 4508 922 4561 κατὰ
958 4508 1120 4576 φύσιν
1161 4507 1268 4560 τῶν
1301 4509 1473 4576 ἁγίων
1506 4508 1792 4564 ἀσθένεια·

1928 4533 2007 4590 εει,
2036 4540 2159 4595 quae
2201 4539 2268 4578 ex
2302 4529 2500 4576 natura
2546 4527 2864 4575 sanctorum
2919 4513 3212 4572 inﬁrmitas
3247 4521 3352 4573 est,
3387 4521 3500 4578 qua

224 4595 298 4672 ἦς
357 4598 558 4667 ἥττονα
620 4599 712 4652 τὴν
787 4599 1136 4670 ὑπερήφανον
1200 4598 1447 4655 διάϐολον
1503 4601 1532 4654 ὁ
1593 4600 1797 4673 Κύριος

229 4691 444 4758 ἔδειξεν.

307 4786 385 4840 ιθ’.
418 4785 522 4838 Τὸν
558 4783 783 4854 βασιλέα
815 4785 979 4854 φησὶν
1011 4780 1172 4846 εἶναι,
1211 4784 1303 4837 τὸν
1336 4785 1566 4853 φυσικὸν
1588 4785 1753 4856 νόμον
1779 4802 1795 4817 ·

231 4879 322 4933 τὸν
348 4879 404 4932 δὲ
442 4877 653 4948 θρόνον,
684 4876 782 4948 τὴν
815 4877 1037 4948 ἐμπαθῆ
1069 4879 1188 4930 κατ’
1229 4875 1482 4946 αἴσθησιν
1508 4876 1623 4941 ἓξιν
1649 4895 1664 4909 ·
1699 4880 1800 4948 τὴν

232 4971 290 5026 δὲ
324 4969 534 5040 στολὴν,
573 4969 671 5041 τὴν
709 4969 810 5039 τῆς
836 4967 1000 5038 κενῆς
1037 4967 1193 5038 δόξης
1230 4968 1531 5038 περιϐολήν
1557 4986 1570 4998 ·
1605 4969 1696 5022 τὸν
1741 4970 1800 5024 δὲ

237 5064 450 5129 σάκκον,
476 5063 538 5116 τὸ
564 5062 704 5116 κατὰ
733 5061 836 5132 τὴν
867 5061 1154 5132 μετάνοιαν
1189 5060 1384 5125 πένθος
1405 5076 1419 5089 ο
1450 5060 1549 5132 τὴν
1574 5061 1632 5115 δὲ
1668 5079 1802 5115 σπο-

237 5155 336 5216 δὸν.
365 5154 465 5225 τὴν
490 5152 1021 5226 ταπεινοφροσύνην.
1723 5141 1728 5146 ”

304 5252 365 5300 κ’.
405 5245 751 5317 Ἀνθρώπουσς
779 5245 951 5314 λέγει,
977 5247 1104 5309 τοὺς
1130 5246 1256 5317 περὶ
1285 5245 1376 5300 τὸν
1399 5245 1556 5314 λόγον
1575 5263 1591 5276 ο
1626 5246 1801 5318 κτήνη

237 5339 311 5404 δὲ,
333 5340 459 5402 τοὺς
491 5339 619 5408 περί⁵
646 5339 744 5410 τὴν
775 5337 1072 5409 ἐπιθυμίαν
1091 5355 1105 5369 ο
1138 5336 1268 5408 βόας
1292 5338 1371 5405 δὲ,
1400 5341 1531 5402 τοὺς
1555 5341 1686 5408 περὶ
1710 5337 1807 5392 τὸν

239 5431 399 5504 θυμόν
428 5449 442 5464 ·
495 5432 743 5503 πρόϐατα
785 5433 842 5485 δὲ
930 5434 1056 5497 τοὺς
1102 5434 1231 5505 περὶ
1274 5433 1374 5505 τὴν
1427 5432 1664 5505 θεωρίαν
1694 5433 1805 5487 τῶν

239 5521 442 5594 ὁρατῶν
469 5521 780 5586 πταίοντας.

309 5609 407 5666 κα’.
442 5610 566 5665 Ὅτι
619 5613 713 5667 καὶ
761 5612 860 5685 τὴν
895 5614 1128 5668 ἑκάστου
1179 5610 1356 5684 ψυχὴν
1401 5612 1438 5683 ή
1471 5609 1675 5682 Νινευὴ
1709 5627 1805 5681 ση-

243 5704 435 5778 μαίνει.

311 5819 351 5856 ⁸³
369 5817 526 5877 Joan.
557 5777 601 5886 ir,
626 5819 710 5876 M.

1900 4618 2032 4672 fecit
2075 4617 2366 4681 Dominus,
2393 4625 2456 4668 ut
2488 4613 2763 4684 superbus
2790 4608 3046 4664 diabolus
3065 4603 3296 4660 victoria
3328 4599 3463 4654 cade
3482 4630 3494 4637 -

1898 4718 2005 4765 ret.

1971 4801 2058 4856 19.
2087 4775 2437 4871 Βοεθηπθεεο
2457 4797 2614 4861 dicit,
2637 4802 2850 4850 natura:
2870 4793 3050 4862 legem
3083 4806 3096 4842 :
3124 4785 3324 4840 solium
3351 4781 3492 4871 ejus,

1900 4869 2388 4947 vitiosum—sensus
2416 4888 2540 4942 labe
2580 4885 2832 4940 habitum
2877 4901 2888 4912 ο
2924 4881 3141 4939 stolam,
3172 4871 3354 4926 inanis
3379 4869 3497 4939 glo—

1905 4981 2001 5037 ria:
2021 4979 2279 5035 amictum
2317 4995 2330 5031 :
2367 4992 2610 5040 saccum,
2657 4970 2994 5045 paenitentiae
3041 4969 3291 5028 luctum;
3340 4959 3494 5014 cine-

1908 5087 2049 5136 rem,
2077 5085 2274 5126 sensus
2307 5067 2666 5132 modestiam;
2708 5064 2763 5119 id
2799 5075 2886 5118 est
2925 5059 3318 5115 humilitatem.

1983 5248 2074 5303 20.
2117 5246 2379 5301 Homines
2402 5253 2580 5308 vocat,
2601 5243 2695 5313 qui
2721 5241 2935 5295 ratione
2963 5257 2978 5304 ;
3019 5251 3241 5310 pecora,
3272 5234 3366 5304 qui
3393 5249 3496 5288 cu-

1912 5338 2172 5408 piditate;
2205 5336 2395 5401 boves,
2429 5333 2522 5404 qui
2547 5336 2665 5400 ira;
2695 5347 2846 5396 oves,
2885 5330 2982 5401 qui
3025 5343 3211 5383 rerum
3241 5328 3296 5380 in
3328 5340 3494 5395 aspc-

1913 5427 2394 5492 ctumcadentium
2434 5423 2900 5496 contemplatione
2935 5420 3246 5477 oiicnduut.

1980 5613 2070 5668 2t.
2109 5613 2363 5670 Ninivem
2395 5613 2561 5670 etiam
2595 5611 2866 5685 cujusque
2883 5608 3226 5680 singulorum
3252 5601 3493 5656 animam

1911 5703 2242 5777 signiﬁcare.
