3986 6470
509 355 610 424 731

1699 360 1758 419 8.
1805 357 2096 419 ΜΛΧΙΜΙ

2208 355 2649 417 )NFESSORIS
3633 359 3714 424 732

579 466 671 522 22.
714 465 790 521 Ea
820 464 939 522 sine
965 464 1170 538 quibus
1210 479 1347 530 non,
1385 474 1602 536 tempus
1633 473 1764 522 sunt
1802 480 1866 519 ac
1904 463 2100 518 locus:

2277 466 2384 533 κβ’.
2430 464 2544 516 Οὐκ
2583 465 2713 518 ἄνευ
2744 465 2872 531 εἰσὶ,
2908 463 3098 535 χρόνος
3140 461 3232 516 καὶ
3254 459 3451 525 τόπος·
3488 455 3554 516 ῶν
3586 470 3714 539 χωρις

507 559 628 614 sine
651 558 858 629 quibus
882 559 1020 613 nihil
1050 559 1106 612 in
1129 559 1335 613 creatis
1358 559 1598 614 exsistit.

573 647 665 704 25.
707 648 976 711 Ecclesia,
1011 663 1134 717 quae
1168 647 1393 702 virtutis
1421 662 1486 702 ac
1505 647 1757 703 scientiae
1789 645 2101 702 rationibus

509 739 735 810 fulgeat,
765 754 832 794 ac
855 739 1124 807 cujusque
1149 738 1494 807 singulorum
1521 738 1704 792 anima
1730 737 1955 808 (quippe
1979 753 2102 808 quze

511 841 730 902 tempus
762 832 1028 886 excedant
1051 841 1108 886 et
1141 833 1420 900 naturam)
1456 848 1623 901 supra
1658 831 1951 887 duodecim
1985 847 2102 904 my-

511 922 696 977 riades
731 922 807 993 (id
831 932 935 980 est.
966 933 1189 977 centum
1209 921 1403 993 viginti
1437 921 1628 992 millia)
1661 921 1845 976 habet.
1868 921 2101 976 Virtutis

510 1014 660 1068 enim
709 1014 870 1078 ratio,
919 1014 998 1068 uti
1034 1015 1294 1078 sinistra),
1326 1014 1510 1070 carnis
1560 1024 1847 1084 peccatum
1881 1014 2096 1080 nescit;

513 1122 574 1160 ac
609 1107 852 1162 scientiae
884 1108 1023 1161 ratio
1051 1108 1245 1162 anima:
1271 1107 1463 1162 vitium
1490 1106 1646 1177 quasi
1667 1106 1914 1161 dextram
1947 1106 2102 1178 igno-

481 1206 620 1256 irat.

579 1289 670 1342 24.
719 1288 994 1342 Virtutum
1028 1301 1223 1345 auctor
1263 1291 1410 1346 Deus
1444 1299 1550 1347 est.
1589 1292 1721 1363 Ejus
1782 1291 1965 1363 reipsa
2005 1307 2100 1348 ac-

479 1450 485 1460 ,
513 1389 681 1451 tuque
718 1383 970 1444 scientia,
1016 1383 1192 1453 ipsius
1224 1393 1311 1438 est
1363 1386 1460 1454 qui
1509 1385 1684 1440 Deum
1712 1401 1842 1440 vere
1875 1384 2102 1456 agnovit

476 1463 484 1484 ⁷
513 1473 567 1526 in
601 1474 856 1543 spiritum
886 1475 1072 1531 habitu
1108 1477 1434 1532 immutatio.

582 1667 671 1720 25.
732 1667 842 1722 Lex
873 1678 1120 1732 naturae,
1179 1669 1376 1724 mediis
1411 1669 1735 1731 virtutibus,
1777 1668 2102 1724 incumben-

515 1761 624 1806 tem
661 1754 852 1808 sedulo
905 1756 1130 1819 actioni,
1169 1757 1237 1811 ad
1271 1767 1510 1811 mentem
1555 1773 1828 1827 propense
1865 1758 2096 1823 evehit;

511 1859 668 1900 mens
697 1857 882 1900 autem
915 1863 1012 1916 per
1036 1849 1592 1917 contemplationem,
1639 1849 1884 1904 scientiae
1945 1849 2094 1903 desi-

511 1934 667 1990 derio
693 1938 976 2006 cupidum,
1008 1939 1076 1992 ad
1103 1939 1431 2009 sapientiam
1468 1940 1700 1995 inducit.
1745 1939 1877 2006 Quae
1909 1949 2094 1995 autem

509 2033 662 2080 extra
694 2027 962 2084 rationem
999 2031 1191 2100 illique
1220 2047 1414 2086 aversa
1451 2031 1670 2088 aﬁ‘ectio
1697 2041 1804 2093 est,
1825 2033 2097 2087 mandata

509 2119 874 2188 negligentem
925 2121 994 2176 ad
1039 2136 1265 2177 sensum
1296 2122 1510 2178 detrahi
1562 2123 1733 2190 facit;
1782 2126 1940 2194 cujus
1974 2125 2100 2180 ﬁnis

507 2221 611 2276 est,
646 2223 706 2267 ut
737 2215 956 2269 animus
982 2227 1243 2286 tanquam
1279 2217 1436 2273 clavo
1467 2216 1682 2273 deﬁxus
1706 2217 1915 2274 haereat
1938 2219 2098 2274 volu-

513 2303 673 2372 ptati.

579 2397 669 2450 26.
712 2397 1079 2453 Diﬁidentiam
1102 2413 1201 2453 seu
1230 2399 1688 2456 incredulitatem
1713 2412 1900 2469 vocat,
1935 2419 2104 2476 nega-

511 2487 722 2543 tionem
754 2491 1182 2560 mandatorum;
1231 2493 1396 2548 ﬁdem
1433 2509 1584 2560 vero,
1632 2496 1878 2550 animum
1914 2497 1982 2551 iis
2009 2511 2100 2552 as—

512 2583 891 2650 sentientem;
948 2586 1229 2649 tenebras,
1270 2585 1401 2640 boni
1447 2587 1782 2658 honestique
1839 2590 2102 2661 ignoran-

511 2674 678 2740 tiam;
714 2675 914 2740 lucem,
967 2679 1088 2748 ejus
1115 2678 1437 2748 agnitionen
1487 2695 1584 2734 seu
1621 2680 1899 2734 notitiam.
1937 2681 2101 2736 Chri-

508 2774 654 2820 stum
685 2783 837 2832 vero,
876 2767 1076 2823 horum
1129 2769 1428 2825 essentiam
1461 2771 1804 2841 nuncupavit
1851 2788 1916 2827 ac
1965 2772 2103 2828 sub-

507 2859 801 2926 stantiam;
856 2860 1142 2916 diabolum
1177 2864 1421 2934 denique
1461 2865 1768 2935 pessimum
1824 2863 2103 2938 ejusmodi

509 2948 782 3016 habitum,
817 2952 912 3021 qui
931 2949 1218 3022 sitparens
1240 2954 1489 3009 omnium
1519 2957 1815 3032 malorum.

581 3041 672 3095 27.
715 3043 990 3099 Virtutem
1016 3047 1278 3115 appellat,
1310 3045 1827 3116 tranquillissimum
1850 3046 2104 3101 ﬁrmum-

2203 553 2357 607 οὐδέν
2388 555 2544 607 ἐστιν
2568 554 2678 606 τῶν
2708 553 2974 624 γενητῶν.

2271 647 2376 716 κγ’.
2401 648 2540 710 Τοὺς
2567 648 2695 718 περὶ
2723 646 2926 717 ἀρετῆς
2954 647 3051 701 καὶ
3081 646 3336 716 γνώσεως
3360 646 3541 715 λόγους
3567 648 3718 718 ἔχοντα

2203 740 2237 811 ἡ
2280 738 2620 809 Ἐκκλησία,
2663 740 2759 792 καὶ
2818 741 2850 810 ἡ
2904 738 2998 791 τοῦ
3053 738 3174 792 καθ’
3208 738 3440 791 ἕκαστον
3466 738 3630 809 ψυχὴ,
3668 740 3722 806 ὡς

2205 830 2636 903 ὑπερϐαίνοντας
2683 831 2875 902 χρόνον
2922 829 3017 884 καὶ
3050 829 3212 899 φύσιν
3239 873 3255 896 ,
3310 827 3470 881 πλέον
3515 829 3611 898 ἔχει
3645 831 3723 883 τῶν

2201 921 2409 975 δώδεκα
2463 923 2772 992 μυριάδων·
2831 924 2859 975 ὁ
2902 919 3013 990 γὰρ
3061 919 3163 988 τῆς
3215 918 3420 990 ἀρετῆς
3457 918 3618 987 λόγος.
3654 921 3724 990 τὴν

2205 1013 2409 1084 σαρκὸς
2437 1013 2513 1076 ὡς
2541 1014 2839 1084 ἀριστερᾶς
2879 1013 2980 1066 οὐκ
3011 1008 3154 1064 οἶδεν
3190 1010 3466 1082 ἁμαρτίαν
3485 1029 3496 1040 ·
3539 1013 3565 1063 ὁ
3583 1010 3630 1063 δὲ
3655 1012 3727 1081 τῆς

2202 1104 2460 1174 γνώσεως
2499 1103 2688 1173 λόγος,
2724 1105 2822 1176 τὴν
2852 1103 3028 1175 ψυχῆς
3075 1102 3153 1166 ὡς
3197 1101 3382 1166 δεξιὰν
3414 1100 3474 1153 οὐ
3522 1100 3727 1168 γινώσκει

2201 1198 2420 1252 κακίαν.

2274 1289 2376 1344 κδ’.
2431 1289 2593 1344 Attia
2626 1289 2736 1344 τῶν
2779 1287 2996 1360 ἀρετῶν
3034 1289 3185 1341 ἐστιν
3223 1289 3252 1340 ὁ
3297 1286 3461 1349 Θεόςο
3505 1284 3668 1338 τούτου
3691 1284 3730 1336 δὲ

2203 1381 2328 1436 κατ’
2369 1382 2656 1454 ἐνέργειαν
2697 1380 2901 1450 γνῶσίς
2933 1383 3114 1445 ἐστιν,
3159 1381 3193 1450 ἡ
3225 1378 3320 1432 τοῦ
3369 1379 3489 1432 κατ’
3523 1377 3730 1446 ἀληῡειιιν

2202 1474 2584 1542 ὲπεγνωκότος
2635 1474 2726 1529 τὸν
2769 1473 2904 1528 Θεὸν
2941 1473 3079 1544 πρὸς
3108 1472 3170 1525 τὺ
3217 1471 3445 1541 πνεῦμα
3493 1469 3621 1523 κατᾶ
3663 1471 3729 1539 τὴν

2203 1569 2318 1634 ἕξιν
2349 1568 2660 1633 ἀλλοίωσις.

2273 1667 2370 1714 κε’.
2419 1661 2480 1714 '0
2512 1661 2656 1714 κατὰ
2703 1660 2866 1728 φύσιν
2893 1659 3052 1728 λόγος
3075 1700 3090 1725 ,
3134 1657 3306 1728 φησὶ,
3344 1655 3433 1709 διὰ
3469 1655 3633 1725 μέσων
3658 1653 3733 1705 τῶν

2205 1752 2416 1823 ἀρετῶν
2471 1752 2608 1823 πρὸς
2672 1753 2764 1806 τὸν
2806 1752 2932 1806 νοῦν
2976 1751 3201 1820 ἀνάγειν
3260 1747 3478 1816 πέφυκε
3531 1747 3615 1800 τὸν
3653 1747 3735 1798 ἐτε-

2209 1845 2543 1914 μελούμενον
2595 1845 2882 1918 πράξεωςο
2933 1847 2961 1899 ὁ
3009 1844 3066 1897 δὲ
3095 1843 3250 1908 νοῦς,
3302 1839 3443 1912 πρὸς
3471 1840 3565 1910 τὴν
3593 1838 3736 1906 σοφίαν

2206 1935 2418 2002 εἰσάγει
2454 1935 2542 1990 διὰ
2573 1935 2808 2007 Θεωρίας
2850 1933 2943 1987 τὸν
2981 1932 3273 2005 ἐφιέμενον
3316 1930 3570 2000 γνώσεως
3595 1946 3606 1959 ·
3633 1927 3736 1979 τὸδὲ

2206 2027 2520 2098 παράλογον
2561 2027 2755 2090 πάθος.
2796 2027 2930 2096 πρὸς
2964 2026 3068 2096 τὴν
3097 2023 3360 2095 αἰσθησιν
3402 2020 3577 2074 πείθει
3611 2033 3737 2070 κατει-

2208 2117 2470 2188 σὺρεσθαι
2522 2120 2612 2172 τὸν
2667 2118 2975 2190 ἀμελοῦντα
3031 2117 3140 2170 τῶν
3198 2115 3469 2169 ἐντολῶν
3518 2109 3580 2185 ἦς
3627 2110 3737 2172 τέλος

2205 2211 2345 2274 ἐστὶ,
2383 2211 2444 2263 τὸ
2473 2211 2610 2281 πρὸς
2638 2210 2738 2286 τὴν
2775 2209 2971 2282 ἡδονὴν
2999 2207 3392 2280 καθηλωθῆναι
3421 2207 3511 2260 τὸν
3538 2203 3664 2258 νοῦν.

2279 2420 2389 2478 κςκ
2442 2413 2724 2468 Ἀπιστίαν
2767 2411 2914 2480 Λέγει
2952 2411 3048 2483 τὴν
3081 2412 3314 2482 ἄρνησιν
3379 2407 3492 2460 τῶν
3529 2403 3736 2460 ἐντολῶν·

2210 2504 2393 2557 πίστιν
2430 2504 2511 2566 δὲ,
2551 2504 2651 2574 τὴν
2684 2503 2866 2556 αὑτῶν
2907 2502 3339 2570 συγκατάθεσιν,
3372 2500 3436 2554 τὸ
3478 2499 3534 2552 δὲ
3576 2498 3738 2558 σκότος,

2209 2596 2302 2650 τοῦ
2334 2595 2502 2650 καλοῦ
2534 2595 2631 2666 τὴν
2660 2595 2905 2663 ἄγνοιαν,
2945 2595 3006 2647 τὸ
3038 2594 3095 2646 δὲ
3134 2592 3271 2662 φῶς,
3314 2592 3418 2662 τὴν
3455 2589 3630 2642 τούτου
3657 2588 3738 2638 tsi-

2209 2705 2433 2757 γνωσιν.
2473 2687 2710 2755 Χριστὸν
2747 2687 2804 2740 δὲ
2868 2687 3172 2755 κέκληκεν,
3230 2685 3332 2754 τὴν
3396 2682 3580 2737 οὐσίαν
3609 2681 3738 2734 αὐτῶν

2209 2782 2306 2836 καὶ
2357 2780 2457 2852 τὴν
2493 2779 2796 2834 ὑπόστασιν
2822 2797 2834 2809 ·
2870 2779 2962 2832 τὸν
2991 2777 3244 2832 διάϐολον
3299 2777 3382 2842 δὲ,
3436 2775 3535 2847 τὴν
3576 2773 3739 2827 πάντων

2208 2871 2535 2944 γεννητικὴν
2568 2871 2675 2927 τῶν
2698 2870 2886 2926 κακῶν
2912 2869 3199 2942 χειρίστην
3225 2869 3367 2937 ἕξιν.

2282 3064 2386 3131 κζ’.
2415 3066 2645 3139 Ἀρετὴν
2680 3065 2850 3134 λέγει,
2890 3064 3282 3137 ἀπαθεστάτην
3311 3065 3411 3118 καὶ
3448 3064 3636 3134 παγίαν
3654 3061 3739 3131 περὶ

504 3148 619 3201 que
638 3149 768 3203 erga
805 3135 858 3189 id
886 3137 1035 3206 quod
1075 3138 1369 3193 honestum
1397 3139 1490 3204 sit,
1528 3138 1812 3206 habitum;
1843 3139 1934 3195 cui
1965 3138 2104 3193 nihil

2210 3158 2274 3211 τὸ
2308 3135 2658 3223 καλὺννέξιζν
2709 3154 2778 3230 ἦς
2823 3159 2907 3226 ἐφ’
2940 3158 3180 3229 ἑκάτερα
3230 3135 3572 3228 καθέστηκεν
3610 3155 3736 3214 οὐδὲν,

513 3225 775 3295 utrinque
808 3235 894 3281 est
923 3229 1140 3296 gerenti
1176 3229 1269 3284 Dei
1306 3229 1538 3300 ﬁguram
1581 3245 1649 3285 ac
1681 3229 2064 3286 characterem
2090 3271 2104 3298 ,

2209 3248 2345 3303 Θεοῦ
2411 3249 2681 3319 φερούσης
2732 3225 3120 3320 γαρακτῆραί
3147 3242 3193 3316 ᾧ
3237 3248 3400 3304 οὐδέν
3447 3225 3589 3302 ἐστιν
3629 3249 3738 3300 Evar-

510 3316 604 3371 cui
634 3317 770 3371 nihil
803 3320 1151 3374 contrarium
1177 3331 1282 3376 est.

581 3410 673 3464 28.
716 3409 1002 3480 Siquidem
1049 3413 1212 3477 ratio,
1247 3427 1350 3482 pro
1393 3428 1460 3468 eo
1491 3429 1558 3468 ac
1586 3413 1665 3468 illi
1723 3420 2108 3483 comparatum

511 3510 618 3567 est,
647 3502 847 3572 cuique
880 3520 1072 3559 rerum
1097 3511 1286 3560 ortum
1315 3504 1572 3561 deﬁnivit
1602 3522 1666 3561 ac
1696 3506 2108 3573 substantiam;

512 3595 665 3650 nulla
702 3611 791 3650 res
831 3604 1028 3651 natura
1059 3598 1300 3668 seipsam
1336 3605 1433 3652 aut
1465 3599 1892 3670 superexcedit,
1927 3607 2027 3654 aut
2051 3615 2111 3655 se

512 3685 746 3740 inferior
773 3696 877 3741 cst.
926 3687 1135 3747 Rerum
1176 3688 1349 3760 igitur
1399 3688 1654 3744 deﬁnitio
1696 3690 2107 3760 terminusque,

507 3784 759 3838 auctoris
793 3783 1072 3839 desiderio
1101 3785 1308 3856 agnitio
1331 3793 1452 3853 est;
1489 3786 1691 3842 modus
1718 3793 1906 3842 autem
1940 3793 2112 3856 atque

514 3888 774 3928 mensura
799 3917 813 3942 ,
859 3878 1107 3933 auctoris
1160 3877 1365 3948 reipsa,
1394 3885 1606 3948 quanta
1637 3878 1807 3934 rebus
1845 3893 2114 3935 concessa

508 3975 620 4030 est,
663 3967 900 4022 imitatio
926 3975 1030 4022 est.

583 4061 676 4115 29.
718 4061 874 4127 Quod
912 4077 1114 4118 eorum
1158 4063 1257 4134 qui
1308 4073 1608 4119 moventur
1641 4065 1911 4136 appetitio
1942 4081 2114 4137 supra

2207 3357 2348 3399 τιον.
2507 3395 2512 3401 ,

2280 3440 2388 3505 κη’.
2449 3435 2512 3487 Ei
2564 3432 2722 3500 λόγος
2769 3429 3063 3503 διώρισεν,
3103 3431 3181 3495 ὡς
3229 3431 3514 3500 πέφυκεν,
3567 3432 3738 3484 ἑκάστου

2210 3527 2320 3582 τῶν
2364 3527 2534 3581 ὄντων
2577 3525 2677 3598 τὴν
2723 3526 2937 3594 γένεσιν
2973 3541 2986 3555 ·
3039 3523 3192 3577 οὐδὲν
3241 3523 3356 3577 τῶν
3407 3523 3570 3578 ὄντων
3599 3517 3739 3574 ἑαυτοῦ

2213 3619 2462 3689 φυσικῶς
2489 3619 2522 3692 ἢ
2551 3618 2950 3689 ὑπερϐέϐηκεν,
2978 3616 3012 3688 ἢ
3041 3615 3414 3687 ὑποϐέϐηκεν.
3443 3612 3636 3668 Οὐκοῦν
3655 3614 3740 3682 ὄρος

2216 3713 2314 3784 μὲν
2345 3712 2456 3765 τῶν
2489 3711 2659 3765 ὄντων
2688 3711 2857 3776 ἐστὶν,
2889 3710 2923 3780 ὴ
2954 3709 3073 3762 κατ’
3106 3707 3296 3777 ἔφεσιν
3336 3710 3440 3780 τῆς
3466 3709 3628 3768 αἰτίας
3662 3703 3741 3756 ἐπέ-

2214 3821 2418 3874 γνωσις
2438 3819 2451 3834 ·
2484 3803 2684 3874 μέτρον
2705 3802 2783 3868 δὲ,
2815 3803 2848 3873 ή
2870 3799 3068 3871 ἐφικτὴ
3099 3802 3213 3864 τοῖς
3233 3796 3359 3854 οὖσι
3382 3799 3503 3854 κατ’
3524 3798 3739 3869 ἐνέργειαν
3836 3797 3837 3801 “

2213 3898 2314 3968 τῆς
2344 3895 2524 3961 αἰτίας
2558 3896 2883 3968 ἐκμιμησις.

2287 4089 2354 4129 xu
2375 4113 2390 4129 .
2431 4074 2508 4128 Τὸ
2537 4072 2678 4143 ὑπὲρ
2705 4070 2799 4126 τδν
2845 4071 2972 4144 ὅρον
3001 4069 3266 4141 φέρεσθαι
3293 4110 3310 4136 ,
3363 4068 3461 4125 καὶ
3486 4067 3546 4122 τὸ
3577 4065 3737 4136 μέτρον,

515 4161 722 4208 metam
747 4153 960 4209 feratur
999 4154 1341 4224 modumque
1377 4155 1636 4221 excedat,
1672 4171 1869 4211 eorum
1901 4166 2104 4213 motum

2216 4169 2382 4240 φησι,
2433 4167 2544 4221 τῶν
2573 4165 2910 4235 κινουμένων
2958 4166 3060 4234 τὴν
3105 4162 3324 4231 ἔφεσιν,
3374 4163 3618 4232 ἀνόνητον
3641 4152 3740 4208 ποιεῖ

516 4244 704 4300 reddit
760 4245 1042 4313 inutilem,
1068 4246 1218 4316 quod
1263 4248 1440 4302 Deum
1492 4263 1604 4303 non
1637 4257 2031 4319 assequantur,
2059 4249 2104 4304 in

2215 4261 2309 4316 τὸν
2357 4260 2599 4333 δρόμον,
2645 4257 2720 4330 μὴ
2767 4255 3162 4312 καταντῶντων
3215 4258 3298 4318 είς
3338 4245 3521 4321 Θεὸν,
3569 4254 3619 4305 ὲν
3653 4241 3738 4314 ᾦή

513 4352 630 4407 quo
657 4337 907 4392 omnium
947 4337 1294 4406 conquiescit
1315 4337 1680 4410 appetitionis
1699 4348 1907 4405 motus,
1927 4356 2029 4410 per
2055 4355 2104 4396 se

2219 4353 2341 4409 κατ’
2382 4353 2573 4422 ἔφεσιν
2605 4352 2826 4404 πάντων
2865 4351 3080 4403 ἵσταται
3110 4347 3329 4418 κίνησις
3349 4387 3365 4412 ,
3401 4343 3738 4401 ἀνουπόστατον

518 4443 714 4482 verum
741 4443 805 4483 ac
844 4445 976 4484 vere
1009 4430 1365 4486 exsistentem
1416 4440 1613 4487 nactus
1651 4432 1841 4499 ﬁnem,
1879 4432 1979 4487 Dei
2025 4432 2104 4488 ni-

2218 4444 2491 4517 δεχομένη
2516 4443 2671 4507 τέλος
2702 4442 2838 4496 Θεοῦ
2864 4441 2963 4512 τὴν
2990 4439 3317 4494 ἀπόλαυσιν.

517 4519 723 4574 mirum
749 4519 1096 4576 fruitionem.
2145 4538 2190 4594 ι)

582 4611 751 4682 273
782 4611 870 4667 30.
900 4613 1057 4680 Quod
1091 4629 1256 4684 supra
1286 4615 1528 4686 regulam
1561 4624 1620 4670 et
1644 4633 1959 4673 mensuram
1996 4625 2114 4684 est;

511 4705 778 4774 ,quodque
807 4705 996 4775 utique
1021 4716 1222 4775 praeter
1244 4708 1490 4777 regulam
1514 4717 1682 4779 atque
1707 4724 2044 4798 mensuram.

591 4797 679 4851 51.
713 4797 984 4853 Nimirum
1019 4800 1244 4854 rationi.

593 4890 682 4944 52.
719 4889 1180 4961 Incorporeorum
1211 4907 1622 4963 corporumque
1653 4893 1900 4950 rationes
1927 4894 2118 4950 dimit-

2289 4606 2358 4663 λ’.
2394 4607 2468 4660 Τὸ
2503 4607 2644 4677 ὑπὲρ
2673 4606 2764 4658 τὸν
2817 4606 2945 4675 ὅρον
2985 4603 3080 4657 καὶ
3126 4603 3188 4656 τὸ
3227 4601 3434 4674 μέτρου
3457 4619 3472 4634 ·
3521 4599 3607 4654 καὶ
3633 4589 3736 4661 παρἁ

2221 4701 2313 4753 τὸν
2349 4700 2474 4770 ὅρον
2505 4699 2602 4751 καὶ
2627 4697 2688 4750 τὸ
2720 4698 2917 4767 μέτρον
2943 4695 3206 4766 δηλονότι.
3513 4685 3531 4710 ⁵

2293 4792 2396 4847 λα’.
2438 4790 2532 4862 Τῷ
2559 4791 2701 4861 λόγῳ
2733 4788 2996 4860 δηλονότι.

2293 4885 2396 4957 λβ’.
2429 4886 2555 4938 ’Ότι
2593 4885 2688 4940 καὶ
2725 4884 2856 4946 τοὺς
2897 4881 3007 4934 τῶν
3065 4879 3377 4950 ἀσωμάτων
3411 4878 3503 4933 καὶ
3533 4875 3639 4936 τοὺς
3661 4867 3734 4920 τῶν

517 4983 610 5048 tit,
645 4998 768 5053 quae
792 4997 893 5052 per
925 4999 1215 5038 excessum
1244 5000 1403 5039 mens
1443 5001 1666 5040 cursum
1699 4985 1756 5039 in
1782 4985 1956 5040 Deum
1986 5001 2104 5040 con-

2225 4977 2498 5048 σωμάτων
2545 4975 2741 5046 ἀφίησι
2775 4973 2990 5043 λόγους,
3022 4974 3050 5026 ὁ
3085 4971 3222 5042 πρὸς
3273 4971 3368 5024 τὸν
3396 4970 3525 5023 Θεὺν
3555 4961 3731 5053 ἀναδρας

521 5076 704 5131 tendit
730 5094 744 5130 :
770 5092 880 5131 non
906 5077 1056 5132 enim
1080 5086 1459 5148 comparatum
1485 5087 1590 5143 est,
1617 5086 1680 5132 ut
1715 5093 1908 5133 eorum
1937 5093 2056 5149 qua:
2088 5094 2120 5134 a

523 5166 638 5222 Deo
663 5167 904 5222 secunda
945 5176 1096 5235 sunt,
1127 5168 1339 5237 aliquid
1371 5185 1481 5224 una
1510 5185 1638 5225 cum
1664 5170 1778 5224 Deo
1808 5169 2120 5238 conspicia-

525 5265 639 5316 (ur.

599 5349 687 5404 '53.
723 5348 971 5415 Quonam
1004 5352 1166 5407 modo
1207 5352 1376 5408 Jonas
1407 5351 1586 5423 accipi
1616 5352 1811 5423 possit,
1842 5359 1903 5407 ut
1935 5360 1993 5408 et
2019 5352 2118 5410 Ju-

526 5443 673 5502 daici
713 5442 903 5512 populi
934 5442 1106 5514 ﬁgura
1141 5445 1232 5499 sit.

599 5535 688 5589 54.
722 5534 838 5602 Qua
872 5535 1116 5590 nominis
1151 5537 1608 5607 interpretatione
1637 5537 1805 5593 Jonas
1827 5535 2119 5593 Iudaicum

529 5630 795 5704 populum
825 5627 996 5699 ﬁgura
1023 5628 1152 5683 olim
1189 5629 1564 5699 reprehendit.

603 5719 691 5773 35.
723 5719 936 5775 Vicisse
987 5721 1160 5790 magis
1207 5721 1500 5774 Dominum
1528 5721 1746 5793 tyranni
1790 5721 2118 5792 potentiam,

533 5811 746 5880 objecta
781 5811 963 5866 carnis
997 5810 1333 5876 inﬁrmitate,
1371 5827 1535 5881 quam
1563 5813 1819 5869 diabolus
1849 5811 2117 5869 Adamum

2383 5068 2504 5123 κατ’
2540 5068 2799 5121 ἔκστασιν
2836 5064 2982 5128 νοῦς.
3037 5064 3114 5117 Οὐ
3159 5064 3270 5135 γὰρ
3319 5061 3525 5131 πέφυκέ
3570 5073 3615 5108 τι
3652 5045 3731 5114 Θεῷ

2222 5163 2329 5217 τῶν
2367 5162 2506 5234 μετά
2540 5161 2674 5215 Θεὸν
2709 5158 2828 5229 ἅμα
2860 5155 3426 5227 συγκατοπτεὺεσθαι.

2293 5345 2395 5413 λγ’.
2435 5343 2558 5407 Πῶς
2591 5341 2686 5396 καὶ
2727 5341 2810 5405 εἰς
2836 5338 2927 5394 τὸν
2963 5337 3262 5392 Ἰουδαϊκὸν
3300 5336 3429 5392 λαὸν
3454 5334 3644 5388 δύναται
3663 5323 3724 5390 λη·

2224 5439 2422 5511 φθῆναι
2445 5436 2691 5500 τυπικῶς
2723 5435 2928 5497 Ἰωνᾶς.

2294 5533 2389 5586 λό’.
2420 5531 2542 5595 Πῶς
2568 5528 3007 5602 ἑρμηνευόμενος
3029 5526 3217 5588 Ἰωνᾶς
3251 5522 3594 5595 προδιελέγχει
3611 5524 3720 5568 τυπε-

2224 5627 2336 5690 κῶς
2366 5632 2459 5680 τον
2511 5623 2806 5678 Ἰουδαϊκὸν
2845 5620 2995 5674 λαόν.

2293 5721 2351 5773 λε
2378 5761 2389 5774 .
2432 5705 2559 5772 Ὀτι
2589 5717 2844 5787 νενίκηκε
2879 5713 3078 5785 μᾶλλον
3105 5713 3134 5765 ὁ
3158 5712 3362 5783 Κύριος
3407 5708 3499 5780 τὴν
3517 5699 3715 5773 τυράννου

2226 5817 2454 5884 δύναμιν
2515 5811 2715 5882 σαρκὸς
2773 5808 3060 5863 ἀσθένειαν
3119 5803 3572 5878 προϐαλλόμενος.
3615 5792 3715 5860 ἤπερ

3835 5126 3837 5261 l
