3986 6410
216 379 323 442 733

1244 371 1739 446 QUz‘ESTlONES
1775 369 1875 429 AD
1913 367 2423 429 THALASSIUM.

3364 350 3472 418 734

218 489 316 542 τὸν
357 485 530 557 Ἀδάμ
590 485 620 538 6
684 482 930 550 διάϐολος
991 481 1149 550 ἀξίαν
1231 483 1485 555 θεότητος
1558 482 1792 550 ὑποσχό-

1940 483 2106 534 icerat
2173 478 2354 534 eidem
2438 471 2718 546 pollicitus
2801 467 3046 526 divinam
3127 463 3473 538 dignitatem.

223 597 398 650 μενος.

291 671 396 737 λς’.
457 670 682 742 Σκὼληξ
723 671 874 724 ἐστὶν
925 671 954 722 ὁ
1005 668 1207 740 Κύριος
1257 668 1345 722 διὰ
1405 667 1505 738 τὴν
1553 666 1796 736 ἄσπορον

225 763 398 833 σάρκα
423 778 437 792 ·
476 761 631 830 ἥλιος
660 761 739 826 δὲ,
786 761 879 814 καὶ
923 759 1000 822 ὡς
1026 759 1116 811 διὰ
1141 759 1239 829 τὴν
1268 757 1421 811 δύσιν
1452 757 1554 826 τῆς
1585 764 1787 831 ταφῆς,

223 855 344 910 καθ’
386 857 454 926 ἣν
507 855 613 908 ὑπὸ
660 855 767 925 γῆν
812 853 1003 921 γέγονε
1068 850 1144 912 ὡς
1199 849 1488 920 ἄνθρωπος
1517 850 1546 902 6
1596 848 1794 915 Λόγος,

225 949 317 1000 καὶ
363 947 438 1010 ὡς
508 946 666 1016 φύσει
716 951 833 1000 κατ’
916 942 1112 998 ούσίαν
1176 942 1291 1005 φῶς
1362 941 1626 1012 ὑπάρχων
1704 939 1798 993 καὶ

223 1039 371 1102 θεός.

294 1130 388 1194 λζ’.
416 1131 539 1183 Ὀτι
565 1130 624 1182 τὸ
652 1129 870 1198 πνεῦμα
903 1127 998 1182 τοῦ
1033 1127 1334 1192 καύσωνος,
1368 1127 1430 1180 ού
1483 1127 1642 1197 μόνον
1673 1127 1800 1188 τοὺς

228 1223 568 1294 πειρασμοὺς
587 1261 604 1286 ,
633 1221 768 1277 ἀλλὰ
805 1221 900 1276 καὶ
930 1220 1027 1291 τὴν
1076 1218 1462 1288 ὲγκατάλειψιν
1511 1219 1608 1271 τοῦ
1639 1217 1798 1281 Θεοῦ,

226 1314 323 1386 τὴν
371 1313 787 1386 ἀφαιρουμένην
836 1313 947 1366 τῶν
1022 1310 1288 1365 Ἰουδαίων
1333 1309 1432 1380 τὴν
1483 1309 1594 1362 τῶν
1640 1309 1802 1362 θείων

228 1409 582 1480 χαρισμάτων
607 1406 875 1477 χορηγίαν
909 1405 1084 1476 δηλοῖ.

298 1501 400 1571 λη’.
451 1499 864 1570 ’Υπερηφανίας
912 1498 1044 1552 ἴδιόν
1087 1516 1243 1569 φησι,
1274 1498 1336 1551 τὸ
1379 1496 1661 1568 ἀρνεῖσθαι
1711 1495 1803 1549 τὸν

229 1589 361 1644 θεὸν
389 1590 592 1660 ἀρετῆς
629 1585 770 1644 εῖναι
803 1589 1032 1660 γενέτην
1073 1589 1169 1642 καὶ
1197 1588 1412 1659 φύσεως
1439 1605 1454 1619 ο
1497 1584 1804 1651 κενοδοξίας

229 1681 307 1748 δέ,
338 1682 397 1734 τὸ
438 1679 682 1752 μερίζειν
714 1681 816 1751 τὴν
860 1680 1024 1750 φύσιν
1071 1681 1208 1752 πρὸς
1245 1679 1343 1751 τὴν
1382 1679 1572 1749 ὕφεσιν
1601 1695 1614 1709 ·
1663 1670 1737 1732 ὧν
1775 1679 1804 1730 ὁ

230 1772 394 1844 τῦφος
421 1769 563 1827 εἶναι
591 1773 841 1843 γέννημα
873 1773 1137 1841 πέφυκεν,
1170 1771 1286 1837 ἕξις
1312 1773 1510 1835 κακίας
1540 1772 1803 1843 ὑπάρχων

232 1865 507 1929 σύνθετος,
548 1864 686 1918 Θεοῦ
723 1865 828 1935 μὲν
877 1861 1104 1935 ἄρνησιν
1155 1863 1402 1918 ἑκούσιον
1440 1863 1677 1934 ἔχουσα,
1710 1862 1805 1918 καὶ

229 1956 329 2027 τῆς
362 1956 507 2010 κατὰ
539 1955 640 2026 τὴν
674 1954 837 2023 φύσιν
869 1953 1140 2025 ἰσοτιμίας
1173 1955 1418 2025 ἄγνοιαν.

301 2048 400 2101 λθν.
454 2048 522 2100 Ἢ
580 2047 670 2100 διὰ
713 2047 1024 2116 πνεύματος
1078 2047 1221 2100 κατὰ
1267 2045 1447 2116 ψυχὴν
1493 2045 1804 2116 ἀγχιστεία,

234 2138 436 2210 σαρκὸς
473 2139 573 2209 μὲν
612 2137 729 2192 λύει
766 2139 864 2210 τὴν
894 2139 1081 2209 σχέσιν
1105 2137 1205 2209 τῆς
1233 2137 1608 2210 προαιρέσεως
1633 2155 1647 2170 ο
1687 2137 1809 2208 Θεῷ

231 2229 288 2284 6‘s
329 2230 663 2300 προσδεσμεί
694 2230 836 2285 κατὰ
862 2231 1027 2285 πόθον
1059 2230 1532 2303 προσηλωθετσαν.

307 2332 379 2394 μ’.
398 2325 591 2378 Νύκτα
615 2326 770 2395 φησὶ,
804 2324 873 2378 τὰ
905 2324 1108 2396 νομικὰ
1140 2324 1405 2395 σύμϐολα,
1428 2325 1520 2395 ὑφ’
1543 2322 1579 2378 ἃ
1601 2325 1629 2379 6
1647 2323 1811 2394 νόμος

232 2415 410 2468 τελεῖ·
448 2415 505 2467 ἐν
540 2409 622 2477 οἷς
645 2415 751 2468 οὐκ
810 2414 959 2468 ἐστιν
992 2416 1174 2485 εὑρεῖν
1194 2415 1373 2485 ψυχῆς
1408 2415 1688 2486 φωτισμὸν
1736 2413 1810 2484 μὴ

232 2502 546 2572 νοουμένοις
573 2503 984 2573 πνευματικῶς.

319 2597 430 2668 μα’.
469 2598 593 2651 ’Ότι
623 2597 713 2650 διὰ
739 2597 800 2650 τὸ
848 2597 1012 2666 μέγα,
1050 2595 1146 2651 καὶ
1193 2595 1384 2667 μηδενὶ
1415 2595 1560 2668 λόγῳ
1591 2594 1816 2668 μετρού⁹

238 2707 403 2759 μενον
438 2691 540 2760 τῆς
565 2689 719 2753 θείας
741 2689 1060 2760 οἰκονομίας
1087 2689 1406 2761 μυστήριον,
1439 2690 1474 2760 ή
1507 2687 1617 2740 τῶν
1645 2687 1815 2742 ἐθνῶν

246 2782 584 2852 Ἐκκλησία,
639 2782 817 2853 φησὶ,
870 2781 1029 2848 πόλις
1086 2782 1299 2854 μεγάλη
1351 2780 1432 2852 τῷ
1485 2779 1606 2852 Θεῷ
1643 2797 1816 2852 προσ-

230 2875 541 2947 ηγορεύθη.

233 3051 240 3054 _
312 2990 422 3061 513'.
467 2989 624 3044 Κατὰ
655 2989 755 3054 μὲν
791 2987 892 3059 τὴν
925 2975 1172 3059 οὐσίανὴ
1205 2987 1454 3058 ἀλήθεια,
1497 2989 1652 3059 φησι,
1679 3005 1821 3059 προ-

227 3085 456 3150 τ,γεῖται
488 3081 598 3135 τῶν
623 3081 814 3134 τύπων
836 3099 850 3112 ·
895 3081 1039 3134 κατά
1064 3081 1122 3134 δὲ
1150 3081 1250 3152 τὴν
1287 3079 1543 3149 ἐκφασιν,
1570 3083 1619 3134 οἱ
1652 3080 1816 3134 τύποι

1964 658 2054 714 56.
2084 655 2305 713 Vermis
2334 661 2422 709 est
2454 650 2740 714 Dominus,
2783 657 3010 718 pr0pter
3051 661 3269 700 carnem
3320 641 3477 698 nullo

1895 765 1963 806 ex
1991 748 2201 805 semine
2230 746 2456 801 editam.
2487 742 2580 797 Sol
2602 755 2758 804 vero,
2786 748 2904 793 tum
2929 743 3156 808 propter
3183 734 3480 804 sepulturae

1896 856 2176 905 occasum,
2205 852 2314 908 quo
2345 835 2584 892 Verbum
2616 841 2678 887 ut
2712 831 2879 884 homo
2913 836 3116 882 terram
3147 824 3336 885 subiit.
3363 830 3480 875 tum

1897 929 2045 1000 quod
2090 935 2292 983 natura
2350 941 2451 996 per
2499 921 2798 979 essentiam
2843 919 3034 974 lumen
3085 931 3150 970 ac
3199 915 3344 968 Deus
3388 928 3485 968 cx-

1899 1028 2077 1144 “sgf.
2097 1089 2337 1160 Spiritus
2383 1086 2620 1149 ardoris,
2671 1082 2878 1138 nedum
2928 1077 3259 1136 tentationes
3313 1075 3486 1146 signi—
3531 1132 3538 1138 _

1901 1183 2048 1247 ﬁcat,
2073 1196 2264 1236 verum
2293 1179 2459 1234 etiam
2488 1177 2585 1231 Dei
2613 1175 3050 1236 derelictionem,
3086 1185 3192 1240 qua
3219 1185 3248 1223 a
3283 1167 3488 1223 Judazis

1902 1274 2216 1330 divinorum
2258 1271 2650 1327 charismatum
2685 1267 2868 1322 ablata
2901 1260 3343 1319 subministratio
3379 1266 3483 1313 est.

1973 1463 2064 1518 58.
2098 1461 2384 1532 Superbia:
2424 1458 2709 1530 proprium
2737 1465 2843 1521 est,
2890 1464 2950 1510 ut
2991 1455 3163 1509 Deum
3205 1460 3487 1506 auctorem

1901 1555 2128 1610 virtutis
2174 1569 2238 1608 ac
2286 1562 2494 1608 natura:
2538 1559 2740 1622 neget:
2767 1549 2946 1604 inanis
2976 1557 3158 1602 autem
3193 1545 3400 1616 gloriae,
3428 1551 3490 1597 ut

1905 1646 2258 1718 sequioribus
2289 1654 2540 1699 naturam
2583 1643 2852 1713 partiatur
2880 1658 2892 1692 :
2921 1654 3156 1710 quarum
3195 1637 3370 1691 fastus
3401 1643 3490 1689 tu-

1907 1755 2137 1809 morque
2172 1737 2451 1810 jactantiae
2483 1735 2662 1805 proles
2692 1742 2796 1797 est,
2829 1731 2949 1785 vitii
2991 1745 3188 1799 nempe
3221 1725 3493 1794 composi-

1837 1825 1880 1880 Β
1910 1837 1998 1886 ιιιε
2017 1831 2268 1896 habitus;
2293 1830 2464 1884 Deum
2487 1827 2711 1898 quidem
2736 1831 2932 1895 sponte
2953 1823 3252 1892 abnegans,
3274 1833 3492 1890 parem-

1905 1939 2014 1995 que
2047 1931 2259 1978 natura;
2291 1920 2614 1991 dignitatem
2645 1917 2926 1987 ignorans.

1978 2015 2069 2070 59.
2115 2011 2296 2067 Animi
2330 2026 2429 2080 per
2456 2008 2711 2078 spiritum
2753 2001 3104 2058 necessitudo
3133 2015 3198 2054 ac
3235 1997 3492 2061 aﬂinitas,

1908 2103 2211 2160 voluntatis
2253 2118 2284 2156 a
2314 2115 2480 2156 carne
2523 2097 2874 2152 aﬁ'ectionem
2904 2093 3096 2158 solvit;
3127 2092 3370 2160 Dcoque,
3399 2087 3495 2142 de-

1910 2196 2115 2254 siderio
2144 2192 2380 2257 afﬁxam,
2417 2190 2682 2246 devincit.

1981 2286 2071 2342 40.
2100 2286 2330 2341 Noctem
2361 2283 2622 2353 appellat,
2649 2281 2844 2351 legalia
2868 2277 3136 2350 symbola,
3165 2273 3269 2328 sub
3293 2271 3496 2341 quibus

1910 2379 1998 2434 lex
2041 2377 2186 2448 agit;
2236 2376 2292 2429 in
2322 2375 2527 2445 quibus
2570 2371 2738 2427 animi
2779 2368 3072 2424 illustratio
3107 2363 3342 2420 inveniri
3387 2377 3495 2416 non

1912 2476 2116 2539 potest,
2152 2465 2258 2521 nisi
2287 2465 2413 2536 quis
2442 2461 2761 2533 spiritaliter
2787 2457 3144 2514 intellexerit.

1985 2561 2075 2616 41.
2104 2557 2187 2614 Ob
2221 2571 2479 2629 magnum
2528 2567 2856 2622 omnemque
2908 2549 3140 2604 rationis
3185 2557 3500 2600 mensuram

1913 2653 2073 2723 longe
2119 2649 2391 2705 excedens
2437 2647 2638 2702 divina:
2681 2639 3108 2714 dispensationis
3153 2635 3498 2709 mysterium,

1915 2738 2158 2796 Ecclesia
2202 2736 2470 2808 gentium,
2510 2734 2708 2804 Magna
2737 2731 2845 2785 Deo
2876 2731 3057 2783 civitas
3085 2725 3316 2781 audivit.

1992 2985 2078 3040 42.
2113 2980 2346 3044 Veritas,
2375 2975 2679 3033 secundum
2715 2965 3011 3026 essentiam
3043 2969 3245 3039 ﬁguras
3277 2972 3500 3020 antece-

1918 3073 2032 3140 dit;
2069 3071 2373 3128 seeundum
2403 3085 2533 3124 vero
2561 3065 3013 3127 declarationem,
3057 3063 3244 3132 ﬁgurae
3281 3055 3504 3112 veritati

232 3174 510 3246 χρονικῶς
542 3173 912 3246 προηγοῦνται
941 3173 1042 3244 τῆς
1071 3150 1353 3240 ἀληθείας.
1387 3171 1596 3226 Οὐκοῦν
1627 3172 1815 3241 ἐπειδὴ

1940 3183 2166 3238 empore
2209 3175 2500 3236 praeeunt:
2534 3162 2680 3232 quod
2724 3161 2891 3232 igitur
2926 3159 3093 3214 Jonas
3135 3155 3194 3208 in
3235 3168 3295 3208 se
3335 3150 3506 3222 ﬁgura

234 3267 531 3339 προλαϐὼν
572 3267 632 3320 ἐν
678 3266 858 3337 ἐαυτῷ
911 3265 1159 3330 τυπικῶς
1207 3266 1308 3336 τὴν
1366 3265 1628 3334 ἀλήθειαν
1683 3281 1820 3336 προ-

231 3358 538 3430 διέγραψεν
576 3359 762 3424 Ἰωνᾶς
787 3398 803 3425 ,
852 3359 1041 3429 μείνας
1072 3359 1130 3411 ἐν
1158 3360 1224 3430 τῇ
1257 3357 1439 3428 κοιλίᾳ
1475 3355 1570 3410 τοῦ
1621 3358 1823 3429 κήτους

229 3453 390 3522 τρεῖς
420 3451 634 3522 ἡμέρας
657 3451 751 3504 καὶ
783 3453 935 3522 τρεῖς
962 3449 1164 3514 νύκτας
1190 3466 1204 3480 ·
1248 3450 1377 3504 Ἔτι
1407 3448 1566 3518 τρεῖς
1587 3447 1820 3518 ἡμέραι,

233 3542 400 3614 φησὶ,
433 3544 533 3606 τὰς
555 3543 706 3614 τρεῖς
733 3541 947 3613 ἡμέρας
987 3541 1088 3610 τῆς
1122 3539 1216 3594 τοῦ
1264 3541 1472 3611 Κυρίου
1505 3541 1689 3611 ταφῆς
1727 3544 1824 3594 καὶ

235 3636 596 3697 ἀναστάσεως
622 3635 820 3704 λέγων,
854 3633 973 3704 μεθ’
999 3633 1086 3697 ἃς,
1115 3636 1150 3705 ἡ
1177 3633 1283 3688 τῶν
1311 3630 1481 3688 ἐθνῶν
1511 3650 1826 3705 καταστρα-

235 3728 477 3800 φήσεται
504 3727 679 3798 πλάνη
736 3726 829 3781 καὶ
857 3726 1121 3794 ἀγνωσία.

320 3827 433 3892 pur.
469 3820 724 3891 Δηλονότι
755 3819 854 3891 τῆς
889 3819 1144 3882 πίστεως.

318 3914 424 3985 μδ’.
469 3913 760 3984 Ἐπίτομος
802 3911 1024 3975 ἔκθεσις
1070 3911 1170 3982 τῆς
1219 3910 1521 3983 ἑρμηνείας
1565 3907 1661 3965 τοῦ
1711 3910 1831 3964 ἀνό-

237 4023 423 4077 ματος
471 4006 664 4071 Ἰωνᾶ,
724 4003 868 4059 κατὰ
924 4002 1025 4074 τὴν
1077 4002 1438 4074 ἐπικειμένην
1490 4001 1640 4076 αὐτῷ
1696 4002 1827 4074 περὶ

232 4099 484 4154 ἑκάστου
508 4096 620 4152 τῶν
647 4096 1033 4168 ἐκφερομένων
1062 4094 1368 4166 προσώπων
1394 4111 1454 4148 τε
1477 4094 1573 4148 καὶ
1602 4094 1827 4166 τρόπων

235 4189 496 4260 δύναμιν.

319 4280 425 4355 με’.
454 4280 640 4354 Νόμος
669 4279 934 4352 δηλονότι.

320 4379 441 4444 μςν,
498 4372 705 4444 Ἔργον
741 4366 884 4424 εἶναι
915 4367 1012 4423 τοῦ
1044 4366 1276 4438 φυσικοῦ
1311 4366 1478 4438 νόμον
1520 4367 1656 4437 φησι
1681 4406 1695 4431 ,
1730 4366 1832 4436 τὴν

232 4463 535 4538 γνωμικὴν
567 4466 789 4520 πάντων
840 4462 980 4534 πρὸς
1019 4461 1230 4523 πάντας
1257 4459 1584 4530 ὁμόγνωμον
1619 4456 1826 4527 σχέσιν.

321 4559 429 4631 μζη
461 4559 702 4621 Κανόνες
731 4555 1100 4611 ἀποδεικτικοὶ
1136 4553 1240 4616 τ’ἷπς
1272 4550 1366 4606 τοῦ
1398 4549 1629 4622 φυσικοῦ
1661 4550 1828 4620 νόμου

232 4647 758 4722 χαρακτηριστικῆς
798 4645 1081 4716 ἰδιότητος.

323 4769 437 4834 μη’.
493 4761 551 4815 Ὀ
590 4759 834 4832 γραπτὸς
884 4758 1066 4828 νόμος,
1113 4756 1269 4828 φησι,
1301 4755 1527 4810 κωλύων
1557 4756 1708 4826 φόῦῳ
1732 4756 1832 4825 τὴν

233 4856 488 4922 ἀδικίαν,
521 4854 690 4917 ἐθίζει
721 4853 858 4923 πρὸς
893 4851 953 4905 τὸ
996 4851 1206 4905 δίκαιον
1232 4866 1246 4880 °
1280 4849 1457 4922 χρόνῳ
1503 4849 1581 4912 δὲ,
1623 4849 1685 4902 τὸ
1712 4848 1832 4912 ἔθος

234 4951 403 5003 ποιεῖ
426 4947 666 5002 διάθεσιν
691 4945 1023 5014 φιλοδίκαιον
1055 4944 1192 5014 ’·ύφ’
1225 4937 1292 5015 ἧς
1335 4944 1369 5012 ὴ
1395 4940 1571 5010 παγίσι
1609 4941 1747 5012 πρὸς
1773 4940 1834 4994 τὸ

236 5041 418 5096 καλὸν
452 5041 565 5107 ’ἐξις
596 5038 924 5108 ἐπιγίνεται,
956 5036 1131 5108 λήθην
1161 5034 1534 5107 προλαὸούσης
1567 5032 1832 5104 πονηρίας

236 5135 556 5204 ἐπάγουσα.

328 5229 439 5301 μθ’.
472 5228 631 5298 Ὅροι
657 5223 757 5294 τῆς
792 5224 1021 5278 ἑκάστου
1059 5220 1169 5275 τῶν
1203 5217 1624 5291 προρρηθέντων
1654 5215 1836 5271 νόαων

236 5320 536 5392 ἐνεργείας
567 5314 954 5371 ἀποδεικτικοί.

328 5440 396 5490 ν’.
431 5431 554 5486 Ὀτι
603 5431 666 5484 τὸ
715 5428 814 5502 μὲν
856 5425 1005 5499 σχεῖν
1057 5424 1134 5490 ὡς
1189 5423 1384 5478 ἑαυτὸν
1435 5423 1528 5475 τὸν
1585 5419 1834 5490 πλησίον,

245 5529 432 5602 μόνης
469 5525 588 5580 ἐστὶ
628 5516 911 5595 φροντίδος
950 5519 1047 5590 τῆς
1076 5516 1212 5590 πρὸς
1241 5516 1302 5570 τὸ
1331 5508 1474 5568 εἶναι
1503 5513 1673 5584 ζωῆς,
1699 5513 1839 5579 ὅπερ

241 5619 494 5691 φυσικοῦ
532 5620 696 5690 νόμου
726 5617 1057 5686 καθέστηκε.
1090 5613 1165 5666 Τὸ
1217 5612 1275 5666 δέ
1312 5610 1406 5664 τὸν
1435 5609 1664 5678 πλησίον
1695 5607 1836 5672 ἀγα-

244 5717 375 5789 πᾷν
410 5713 484 5778 ὡς
520 5712 733 5777 ἑαυτὸν,
767 5711 860 5764 καὶ
896 5706 993 5762 τοῦ
1022 5707 1158 5778 πρὸς
1190 5705 1251 5758 τὸ
1281 5698 1339 5757 εὖ
1376 5698 1515 5755 εἶναι
1559 5696 1683 5752 κατ’
1711 5697 1840 5767 ἀρε-

246 5811 363 5881 τήν
421 5809 540 5861 ἐστι
592 5802 933 5877 προνοεῖσθαι
981 5799 1074 5854 τοῦ
1113 5800 1276 5863 πέλας
1304 5814 1316 5828 ο
1360 5798 1494 5865 ὅπερ
1529 5795 1556 5848 6
1598 5790 1838 5865 γραπτδς

1918 3259 2208 3315 veritatem
2249 3265 2518 3326 occupato
2555 3255 2933 3325 praesignarat,
2962 3263 3190 3304 manens
3229 3246 3282 3300 in
3313 3250 3507 3300 ventre

1921 3350 2026 3406 ceti
2060 3358 2171 3406 tres
2198 3349 2317 3404 dies
2346 3364 2411 3403 ac
2437 3357 2549 3402 tres
2573 3355 2800 3401 noctes:
2835 3343 3021 3399 Adhuc
3051 3348 3154 3394 tres
3179 3339 3309 3401 dies,
3348 3337 3507 3402 dicit,

1922 3453 2035 3498 tres
2075 3443 2194 3497 dies
2232 3440 2546 3511 significans
2577 3437 2873 3493 Dominicaa
2905 3434 3202 3504 sepulturae
3230 3446 3294 3485 ac
3322 3444 3509 3485 resur-

1923 3534 2186 3590 rectionis
2228 3539 2353 3603 post
2392 3545 2533 3602 quos
2577 3530 2865 3585 nationum
2909 3542 3069 3582 error
3103 3531 3160 3581 et
3202 3522 3509 3594 ignorantia

1922 3625 2218 3682 evertenda
2243 3631 2383 3679 erat.

1997 3827 2087 3881 45.
2118 3823 2326 3893 Nempe
2357 3821 2482 3878 ﬁde.

1995 3917 2086 3972 44.
2133 3915 2294 3971 Brevi
2337 3922 2584 3984 exposrta
2628 3909 2870 3966 nominis
2909 3910 3062 3966 Iona:
3105 3904 3511 3977 interpretatio.

1925 4024 2028 4082 pro
2067 4024 2131 4064 ea
2176 4023 2299 4078 qua:
2344 4006 2423 4061 illi
2468 4006 2611 4060 inest
2653 4019 3013 4074 personarum
3063 4015 3388 4069 morumque
3433 3999 3512 4062 vi,

1926 4096 2106 4166 quoad
2136 4095 2350 4165 singula
2383 4109 2505 4158 quae
2533 4093 2602 4148 de
2647 4093 2741 4147 illo
2773 4107 2871 4162 per
2915 4090 3232 4162 allegoriam
3266 4089 3415 4144 dicta
3452 4104 3519 4143 ac.

1928 4187 2238 4256 conscripta
2266 4194 2412 4240 sunt.

2001 4279 2090 4334 45.
2116 4277 2386 4332 Nimirum
2415 4276 2526 4331 lex.

2002 4370 2090 4426 46.
2123 4369 2394 4424 Effectum
2425 4367 2501 4421 ait
2523 4366 2660 4438 legis
2692 4365 2982 4429 naturalis,
3017 4372 3078 4417 ut
3109 4377 3272 4416 unam
3298 4360 3364 4416 ad
3395 4375 3519 4415 om-

1934 4480 2034 4520 nes
2059 4463 2226 4518 animi
2257 4461 2605 4516 all'cctionem
2629 4475 2693 4514 ac
2717 4459 3054 4513 voluntatem
3085 4454 3303 4511 eiliciat.

2005 4557 2094 4610 47.
2118 4555 2341 4626 Regulae
2362 4553 2804 4608 demonstrantes
2828 4549 3247 4621 proprietatem,
3277 4563 3400 4618 quae
3423 4561 3521 4600 na-

1936 4648 2165 4702 turalem
2192 4647 2364 4717 legem
2391 4643 2671 4714 insigniat.

2001 4758 2090 4813 48.
2113 4758 2220 4813 Lex
2238 4758 2462 4828 scripta,
2484 4757 2680 4811 timore
2697 4753 2843 4824 quod
2859 4753 2929 4808 sit
2951 4753 3215 4823 injustum
3238 4749 3516 4813 inhibens,

1930 4849 2156 4921 iustitia:
2199 4863 2518 4911 assuescere
2563 4847 2712 4901 facit.
2756 4844 3112 4902 Consuetudo
3147 4851 3330 4898 autem
3377 4849 3519 4896 tem-

1936 4959 2068 5013 pore
2097 4942 2304 5006 adulta,
2325 4941 2458 5011 justi
2488 4947 2759 4994 amantem
2789 4938 3047 4992 allectum
3072 4935 3249 5007 parit;
3283 4949 3390 5003 qua
3429 4932 3522 4985 fir-

1936 5051 2060 5089 mus
2113 5033 2327 5088 honesti
2384 5040 2545 5086 tenax
2601 5030 2822 5084 habitus
2870 5027 3170 5090 accedens,
3217 5025 3533 5095 superioris.

1935 5127 2195 5197 nequitiae
2219 5126 2553 5180 oblivionem
2587 5121 2818 5177 inducit.

2007 5221 2095 5278 49.
2128 5218 2505 5280 Deiinitiones,
2539 5214 2743 5285 quibus
2788 5212 3127 5283 singuiarum
3157 5211 3338 5280 legum
3381 5223 3539 5278 qua-.

1939 5327 2061 5366 rum
2104 5309 2246 5364 facta
2287 5308 2498 5362 mentio
2539 5313 2645 5371 est,
2677 5307 2760 5361 vis
2794 5314 3059 5372 actusque
3088 5301 3535 5360 demonstratur._

2009 5419 2094 5474 50.
2127 5417 2198 5474 Ut
2220 5416 2530 5488 proximum
2553 5413 2762 5469 habeas
2787 5413 2932 5468 sicut
2957 5409 3216 5482 teipsum,
3240 5409 3363 5480 ejus
3383 5406 3526 5462 dun-

1938 5519 2088 5570 taxat
2113 5525 2259 5564 cura:
2281 5516 2387 5573 est,
2413 5524 2535 5578 quae
2561 5506 2630 5561 ad
2659 5506 2826 5561 vitam
2861 5518 3092 5573 esseque
3122 5508 3352 5572 spectat,
3375 5497 3535 5568 quod:

1939 5611 2025 5659 est
2076 5601 2212 5672 legis
2257 5599 2530 5654 naturalis
2582 5615 2597 5651 :
2639 5604 2699 5652 ut
2748 5605 2930 5651 autem
2967 5595 3278 5664 proximum
3327 5589 3534 5660 diligas.

1943 5695 2086 5752 sicut
2120 5703 2171 5748 te
2204 5691 2404 5762 ipsum,
2437 5691 2492 5749 in
2517 5705 2586 5746 eo
2617 5691 2855 5760 positum
2900 5697 3004 5752 est,
3033 5695 3093 5742 ut
3133 5685 3184 5740 ei
3229 5697 3339 5754 quo
3385 5681 3534 5735 bene.

1945 5788 2214 5856 beateque
2256 5792 2379 5855 agat
2422 5783 2646 5839 virtutis
2676 5781 2825 5837 cultu
2872 5779 3202 5852 prospicias;
3251 5773 3397 5845 quod
3439 5772 3532 5834 lex.
