3986 6416
324 300 422 366 737

934 415 1294 482 Ἀπόκρισις.

402 511 467 563 ἸΙ
495 511 592 578 μὲν
631 509 865 581 ἀκριϐὴς
898 508 1096 576 γνῶσις
1125 507 1232 560 τῶν
1268 506 1464 576 λογίων
1509 507 1602 560 τοῦ
1637 506 1893 575 Πνεύμα-

324 620 439 664 τος,
515 604 698 670 μόνοις
751 599 1236 654 ἀποκαλύπτεσθαι
1289 599 1499 668 πέφυκε
1559 602 1671 660 τοῖς
1720 596 1892 662 ἀξίοις

325 696 633 764 Πνεύματος
663 712 674 724 ·
713 695 761 746 οἳ
789 694 876 746 διὰ
911 692 1112 762 πολλὴν
1150 694 1260 744 τῶν
1297 693 1508 762 ἀρετῶν
1550 691 1889 760 ἐπιμέλειαν,

321 785 414 853 τῆς
452 784 559 835 τῶν
589 781 779 835 παθῶν
811 781 1038 850 αἰθάλης
1074 781 1164 832 τὸν
1195 780 1320 833 νοῦν
1363 781 1764 851 ἐκκαθάραντες
1788 783 1888 849 (l),

322 876 582 945 ἐσόπτρου
629 875 785 944 δίκην
818 875 1060 945 καθαροῦ
1107 891 1166 930 τε
1215 877 1309 927 καὶ
1339 875 1628 941 διαυγοῦς,
1680 875 1794 944 ἅμα
1824 877 1890 944 τῇ

322 967 509 1038 πρώτῃ
536 967 808 1038 προσϐολῇ
849 967 1101 1039 καθάπερ
1147 969 1438 1038 πρόσωπον
1481 967 1892 1034 ἐντυπουμένην

319 1061 496 1121 αὐτοῖς
532 1061 624 1111 καὶ
654 1060 1060 1128 ἐμπίπτουσαν,
1085 1061 1184 1128 τὴν
1207 1060 1315 1112 τῶν
1345 1059 1506 1112 θείων
1532 1060 1890 1128 ὑποδέχονται

317 1149 532 1218 γνῶσιν.
564 1145 658 1213 Οἷς
691 1149 747 1202 δέ
790 1152 911 1202 κατ’
960 1150 1058 1218 ἐμὲ
1103 1151 1202 1218 τὴν
1237 1149 1346 1200 τῶν
1396 1148 1589 1200 παθῶν
1621 1149 1834 1218 κηλῖσιν
1863 1151 1890 1202 6

322 1239 432 1309 βίος
481 1240 852 1298 κατέστικται,
895 1238 1049 1308 μόλις
1091 1238 1192 1291 κᾶν
1222 1238 1282 1302 ἐξ
1312 1239 1541 1290 εἰκότων
1569 1237 1732 1291 τινῶν
1765 1257 1889 1292 στο-

317 1331 544 1400 χασμῶν
597 1331 978 1401 τεκμηριῶσαι
1020 1331 1120 1398 τὴν
1169 1330 1280 1383 τῶν
1313 1329 1474 1382 θείων
1520 1329 1720 1398 γνῶσίν
1771 1332 1889 1387 ἐστι

314 1423 534 1477 δυνατόν
561 1439 575 1452 ⁸
609 1422 683 1493 μὴ
713 1424 794 1476 ὅτι
825 1440 887 1491 γε
913 1422 1100 1492 νοῆσαί
1130 1440 1186 1476 τε
1227 1423 1320 1476 καὶ
1347 1424 1555 1492 φράσαι
1589 1421 1795 1491 ταύτην
1819 1423 1869 1476 δι
1923 1480 1928 1484 ,

314 1515 598 1586 ἀκριϐείας
648 1514 1174 1579 ἀπαυθαδιάξεσθαι.
1229 1515 1337 1567 Καὶ
1376 1511 1492 1568 οἶδα
1546 1515 1734 1585 σαφῶς
1777 1515 1887 1584 ἐγω

312 1624 405 1676 γε,
462 1608 542 1660 ὅτι
576 1608 800 1676 πάσχων
840 1608 1002 1669 αὐτὸς
1053 1607 1340 1675 γινώσκεις
1393 1607 1460 1660 τὰ
1501 1606 1620 1660 θεῖα
1659 1607 1884 1676 μᾶλλον»

312 1698 457 1768 τίμιε
493 1698 667 1768 πάτερ
697 1696 793 1766 (‘2),
836 1698 930 1750 καὶ
965 1698 1132 1768 πείρα
1173 1697 1354 1752 λαϐὼν
1384 1697 1525 1768 ἔχεις
1557 1697 1760 1752 τούτων
1787 1697 1886 1767 τὴν

311 1792 654 1862 ἐπιστήμην,
691 1790 834 1860 ᾗπερ
881 1790 995 1858 ἐγὼ
1025 1780 1216 1859 λέγειν
1239 1791 1576 1860 ἐπίσταμαι,
1621 1791 1787 1861 μηδὲν
1824 1794 1886 1844 ἐκ

308 1885 402 1939 τοῦ
431 1885 622 1938 παθεῖν
650 1884 1038 1954 ἀποφήνασθαι
1083 1884 1210 1955 περὶ
1241 1884 1347 1936 τῶν
1377 1884 1537 1936 θείων
1565 1885 1882 1953 δυνάμενος.

309 1979 457 2049 Πλὴν
489 1978 582 2030 καὶ
626 1977 686 2029 τὸ
729 1977 870 2030 κατὰ
899 1976 1129 2046 δύναμιν
1161 1977 1260 2028 οὐκ
1293 1975 1622 2045 ἀπόϐλητον,
1665 1976 1759 2028 καὶ
1789 1975 1887 2044 μά-

308 2069 444 2121 λισθ’
488 2069 615 2137 ὑμῖν
646 2072 756 2132 τοῖς
806 2069 1116 2134 ἐπιτάξασι,
1150 2068 1246 2121 καὶ⁵
1306 2068 1455 2120 τόνδε
1501 2085 1590 2139 μοι
1623 2066 1886 2136 περὶτῶν

310 2159 449 2229 ὑπὲρ
473 2158 702 2228 δύναμιν
728 2159 821 2211 τοῦ
860 2159 1042 2228 λέγειν
1077 2159 1236 2213 πόνον
1268 2159 1634 2228 ἐπιθεμένοις.

383 2335 556 2388 Σαοὺλ
608 2335 786 2388 τοίνυν
831 2337 948 2388 ἐστὶ
993 2336 1136 2390 κατὰ
1179 2336 1327 2389 τόνδε
1379 2337 1476 2406 τῆς
1529 2336 1749 2406 Γραφῆς
1794 2337 1886 2389 τὸν

303 2426 470 2480 τόπον
510 2427 608 2495 ('3),
644 2428 672 2478 6
704 2427 1005 2496 βασιλεύων
1045 2427 1183 2479 κατὰ
1220 2427 1450 2497 δύναμιν
1501 2426 1722 2496 ἐντολῆς
1753 2443 1888 2495 σαρι-

305 2518 468 2587 κίνης
500 2518 607 2569 τῶν
644 2518 922 2589 σαρκικῶν
962 2517 1230 2570 Ἰουδαίων
1260 2519 1317 2570 ἐν
1348 2517 1640 2588 γράμματι
1683 2517 1847 2588 νόμος
1867 2535 1881 2549 ·

305 2606 472 2676 ἤγουν
495 2609 521 2659 6
557 2605 857 2676 βασιλεύων
886 2606 996 2659 τῶν
1014 2606 1298 2677 ἀγομένων
1329 2608 1475 2677 μόνῳ
1499 2607 1575 2677 τῷ
1593 2608 1882 2678 γράμματι

303 2697 400 2750 τοῦ
432 2699 598 2768 νόμου
637 2699 951 2768 σωματικὸς
999 2700 1202 2769 τρόπος
1243 2698 1276 2769 ἢ
1311 2698 1588 2767 λογισμός.
1636 2700 1883 2767 Αἰτητὸς

303 2791 413 2862 γὰρ
431 2790 580 2858 ᾅδης
605 2789 673 2862 (r)
699 2791 842 2844 κατὰ
870 2791 997 2860 μίαν
1022 2790 1277 2861 ἐπιϐολὴν
1302 2793 1472 2845 Σαοὺλ
1495 2793 1878 2864 ἑρμηνεύεται.

303 2882 416 2951 Τῆς
451 2883 558 2953 γάρ
593 2882 1102 2952 ὲνπνεύματι-Θεοῦ
1130 2885 1252 2936 κατ’
1268 2883 1470 2955 ἀρετὴν
1491 2883 1881 2954 διεξαγομένης

301 2973 450 3045 ζωῆς
476 2991 535 3026 τε
568 2974 659 3026 καὶ
707 2974 1008 3044 βασιλείας,
1055 2975 1398 3046 προτιμήσας
1451 2975 1552 3045 τὴν
1600 2975 1880 3045 φιλήδονον

1371 300 1862 373 ΟΗΕΞΤΙΟΝΕΞ
1902 301 1999 358 ΛΟ
2035 301 2552 376 TiIALASSIUM,

3479 314 3586 381 738

2638 417 2941 488 Responsio.

2067 504 2144 558 lta
2182 505 2445 560 nimirum
2491 521 2888 578 comparatum,
2934 522 2993 566 ut
3023 511 3368 581 cloquiorum
3409 511 3584 580 Spiri-

1999 599 2086 648 tus
2121 594 2350 658 notitia,
2399 595 2745 652 solummodo
2779 599 2958 670 dignis
3005 601 3213 670 Spiritu
3265 601 3582 656 manifeste-

1998 695 2118 750 mr;
2147 684 2214 740 iis
2241 686 2471 750 scilicet,
2498 688 2594 756 qui
2615 689 2878 744 virtutum
2911 692 3158 760 diligenti
3188 694 3360 752 cultu,
3385 709 3582 747 emun-

1994 775 2122 830 dato
2151 793 2182 831 a
2210 777 2473 831 vitiorum
2505 778 2734 850 fuligine
2757 783 2961 846 animo,
2986 785 3136 836 velut
3171 785 3433 837 nmndum
3461 799 3584 852 spe-

1994 867 2176 923 culum
2208 884 2272 922 ac
2303 869 2660 939 pellucidum,
2684 874 2922 940 primum
2958 875 3140 927 statim
3173 876 3418 944 conjecza
3441 877 3578 929 acie.

1994 960 2148 1026 quasi
2180 961 2394 1014 vultum
2431 962 2513 1015 eis
2544 962 2894 1031 impressum,
2929 967 3336 1034 immissamque
3365 968 3580 1020 divino-

1994 1063 2115 1100 rum
2148 1049 2419 1111 notitiam,
2461 1050 2760 1119 aceipiunt.
2793 1053 3006 1119 Quibus
3047 1062 3229 1108 autem
3265 1056 3370 1108 mei
3409 1070 3579 1118 more,

1993 1139 2253 1194 vitiorum
2291 1145 2522 1200 maculis
2550 1146 2660 1199 vita
2686 1157 3013 1215 compuncta
3042 1156 3147 1204 est.
3181 1147 3238 1207 ii,
3266 1147 3355 1200 vix
3387 1162 3451 1199 ex
3486 1162 3581 1200 νοις

1994 1229 2316 1288 risimilibus
2340 1235 2669 1303 quibusdam
2700 1237 3050 1307 conjecturis,
3080 1237 3239 1306 275
3267 1237 3579 1290 divinorum

1991 1321 2247 1376 notitiam
2273 1324 2441 1379 debili
2473 1327 2595 1381 nisu
2621 1328 2925 1397 attingant;
2957 1338 3166 1382 tantum
3197 1329 3346 1383 abest
3381 1339 3440 1383 ut
3466 1329 3580 1384 htec

1991 1423 2246 1467 accurate
2294 1425 2477 1470 mente
2533 1418 2796 1487 consequi
2840 1433 3084 1488 voceque
3129 1419 3326 1474 ellerre
3370 1435 3579 1488 przesu-

1991 1507 2162 1552 mant.
2194 1499 2660 1574 Exploratumque
2695 1505 2811 1575 ipse
2845 1506 3043 1570 habeo,
3086 1523 3246 1562 nosse
3278 1519 3330 1563 te
3370 1510 3575 1578 magis,

1990 1592 2302 1646 venerande
2335 1605 2513 1663 pater,
2544 1595 2750 1658 divina,
2784 1598 2877 1666 qui
2911 1598 3001 1651 illa
3037 1599 3151 1668 ipse
3182 1600 3428 1668 patiaris,
3464 1615 3578 1653 ma-

1984 1679 2273 1752 jorcmquc
2343 1688 2723 1755 experimento
2784 1698 3058 1759 gustuque
3122 1708 3314 1746 eorum
3381 1702 3578 1747 nactus

1919 1753 1959 1807 Β
1990 1772 2276 1829 scientiam
2319 1779 2417 1840 sis,
2450 1795 2614 1848 quam
2664 1782 2914 1836 noverim
2969 1782 3088 1860 ipse
3121 1783 3330 1848 dicere,
3379 1785 3472 1854 qui
3510 1802 3577 1841 ex

1991 1864 2109 1934 ipso
2154 1867 2232 1921 rei
2277 1884 2464 1933 sensu,
2496 1887 2560 1926 ac
2585 1873 2733 1943 quod
2771 1889 2834 1928 ea
2875 1876 3072 1943 patiar,
3111 1877 3178 1930 de
3210 1876 3413 1931 divinis
3439 1879 3577 1933 nihil

1988 1957 2348 2024 pronuntiare
2384 1963 2613 2016 valeam.
2650 1963 2924 2019 Caeterum
2975 1982 3078 2020 nec
3107 1968 3254 2036 quod
3288 1985 3354 2022 ex
3401 1968 3575 2022 facul-

1991 2056 2122 2109 tate,
2181 2049 2360 2119 ipsum
2418 2054 2842 2122 repudiandum,
2895 2060 3201 2126 praesertim
3255 2060 3429 2122 vobis,
3479 2061 3574 2128 qui

1990 2155 2105 2193 rem
2137 2139 2470 2210 injunxistis,
2504 2160 2568 2199 ac
2591 2145 2659 2199 de
2687 2145 2754 2199 iis
2779 2149 3038 2216 loquendi
3066 2165 3152 2214 ea,
3191 2165 3313 2219 qua:
3346 2150 3575 2205 faculta-

1991 2236 2098 2283 tem
2130 2242 2413 2300 superant,
2449 2249 2591 2289 onus
2623 2235 2980 2304 imposuistis.

2063 2334 2191 2389 Saul
2221 2337 2388 2406 igitur
2417 2347 2522 2403 est,
2554 2339 2660 2395 hoc
2700 2339 3000 2412 Scriptura:
3033 2343 3177 2405 loco,
3216 2359 3338 2412 qua:
3375 2359 3572 2399 secun-

1987 2426 2119 2480 dum
2154 2429 2412 2484 virtutem
2456 2432 2698 2486 mandati
2729 2435 2987 2498 carnalis,
3023 2435 3326 2489 carnalium
3355 2437 3573 2491 Judaao-

1987 2535 2108 2574 rum
2134 2522 2319 2578 littera
2344 2523 2660 2580 dominatur
2687 2527 2772 2581 lex
2805 2545 2817 2580 :
2851 2527 2957 2582 hoc
2983 2537 3087 2592 est,
3120 2529 3424 2598 corporalis
3454 2544 3574 2584 mo-

1984 2612 2088 2668 dus
2120 2622 2216 2668 aut
2249 2616 2410 2678 ratio,
2444 2631 2638 2671 eorum
2675 2618 2986 2684 dominans,
3017 2621 3110 2690 qui
3143 2621 3257 2674 sola
3303 2620 3439 2691 legis
3479 2621 3572 2674 lit-

1985 2707 2101 2756 tera
2149 2703 2449 2760 ducuntur.
2503 2707 2704 2762 Petitus
2755 2710 2900 2764 enim
2964 2711 3204 2781 infernus
3249 2728 3360 2765 uno
3404 2728 3570 2767 sensu

1984 2792 2111 2848 Saul
2160 2794 2399 2860 dicatur,
2450 2796 2496 2851 si
2546 2815 2747 2854 nomen
2802 2801 3206 2870 interpreteris.
3251 2803 3568 2858 Judaaorum

1981 2900 2218 2955 namque
2250 2888 2508 2956 populus,
2543 2890 2622 2944 illi
2651 2891 2775 2946 vita“:
2809 2909 2929 2962 qua:
2971 2893 3180 2963 Spiritu
3224 2895 3318 2949 Dei
3346 2895 3570 2950 virtutis

1981 2977 2134 3031 cultu
2169 2979 2454 3048 agebatur,
2501 2981 2691 3051 sicque
2735 2985 2989 3040 instituto
3031 3002 3222 3056 regno,
3267 2988 3568 3056 praehabita

300 3063 450 3138 ζωὴν
472 3066 500 3118 6
531 3067 637 3120 τῶν
666 3069 934 3122 Ἰουδαίων
961 3068 1112 3131 λαὸς,
1137 3069 1379 3140 ᾐτήσατο
1406 3069 1496 3121 τὸν
1525 3067 1678 3140 ᾅδην,
1713 3069 1880 3137 ἤγουν

1988 3070 2263 3126 luxuriosa
2293 3071 2425 3136 vita,
2463 3072 2740 3129 infernum
2774 3078 3032 3146 expetiit;
3065 3094 3282 3147 nempe,
3325 3079 3570 3134 scientia:

299 3159 403 3231 τὴν
468 3159 712 3228 ἄγνοιαν,
758 3160 880 3215 ἀντὶ
911 3161 1009 3231 τῆς
1052 3159 1306 3230 γνώσεως
1344 3159 1512 3214 αὑτοῦ
1551 3161 1879 3231 βασιλεύειν.

300 3255 420 3317 Πᾶς
445 3253 552 3325 γὰρ
577 3256 605 3306 6
631 3253 729 3324 τῆς
762 3253 913 3316 θείας
937 3253 1312 3317 ἐκπεπτωκὼς
1334 3254 1578 3323 ἀγάπης,
1609 3253 1699 3306 τὸν
1732 3255 1788 3306 ἐν
1814 3255 1880 3324 τῇ

302 3346 472 3415 σαρκὶ
507 3345 669 3416 νόμον
696 3343 810 3415 ἔχει
865 3344 952 3398 διὰ
994 3343 1096 3414 τῆς
1121 3344 1315 3414 ἡδονῆς
1358 3344 1746 3415 βασιλεύοντα’
1791 3343 1882 3397 τὸν

305 3437 581 3510 μηδεμίαν
618 3436 768 3490 θείαν
797 3437 1016 3508 ἐντολὴν
1059 3436 1291 3506 φυλάξαι
1326 3436 1642 3508 δυνάμενον,
1678 3436 1711 3507 ἢ
1747 3437 1882 3508 μηδὲ

303 3529 653 3602 βουλόμενον.

376 3621 513 3676 Κατ’
551 3621 709 3676 ἄλλον
741 3621 798 3674 δέ
839 3621 1037 3690 τρόπον
1083 3619 1255 3673 Σαοὺλ
1293 3619 1677 3690 ἑρμηνεύεται,
1713 3619 1883 3674 δεδα-

303 3713 641 3782 νεισμένος,
676 3712 708 3783 ἢ
753 3711 1012 3766 δάνειον.
1072 3712 1148 3765 Οὐ
1188 3711 1297 3783 γὰρ
1349 3711 1504 3782 ἐδόθη
1563 3714 1593 3765 6
1639 3713 1883 3784 γραπτδς

301 3806 468 3875 νόμος
493 3807 602 3868 τοῖς
618 3803 888 3858 ,λαϐοῦσιν
914 3806 996 3866 είς
1035 3805 1230 3872 κτῆσιν
1269 3804 1608 3874 περιουσίας,
1640 3804 1756 3860 ἀλλ’
1798 3807 1878 3868 είς

299 3895 682 3963 παιδαγωγίαν
738 3894 1196 3965 προσδοκωμένης
1242 3895 1595 3963 ἐπαγγελίας.
1645 3897 1736 3950 Διὸ
1787 3899 1880 3950 καὶ

297 3987 424 4049 δοὺς
472 3987 550 4056 τῷ
593 3987 766 4039 Σαοὺλ
810 3988 909 4057 τὴν
953 3986 1230 4056 βασιλείαν
1261 3989 1288 4040 6
1317 3987 1474 4053 Θεὸς,
1518 3990 1576 4040 ἐν
1627 3991 1692 4059 τῇ
1743 3989 1880 4060 πρὸς

299 4080 465 4132 αὐτὸν
495 4079 748 4149 διαθήκῃ,
797 4077 1016 4133 αἰώνιον
1055 4079 1116 4132 ού
1165 4079 1540 4150 καθυπέσχετο
1575 4082 1673 4152 τὴν
1725 4081 1880 4152 βασι-

295 4169 469 4223 λείαν.
524 4171 640 4223 Πᾶν
696 4169 805 4240 γὰρ
860 4169 1091 4235 δάνειον,
1145 4171 1205 4223 ού
1267 4170 1481 4235 γίνεται
1544 4172 1620 4242 τῷ
1661 4172 1879 4226 λαϐόντι

297 4262 486 4330 κτῆμα
543 4257 883 4330 περιουσίας,
938 4257 1076 4312 ἀλλὰ
1131 4258 1408 4328 πρόφασις
1468 4260 1720 4330 καμάτου
1785 4259 1882 4312 καὶ

297 4353 464 4408 πόνου
491 4352 511 4424 ι
536 4352 625 4406 Fr.
658 4351 752 4404 καὶ
777 4351 956 4404 πόνων
981 4349 1022 4422 j,
1057 4353 1138 4414 εἰς
1170 4351 1338 4420 ἄλλης
1376 4352 1699 4421 περιουσίας
1749 4355 1878 4406 συλ-

1983 3160 2106 3215 loco
2153 3161 2475 3231 ignorantia:
2509 3165 2738 3235 ejusque
2773 3166 3005 3238 imperio
3042 3169 3344 3238 mancipari
3381 3171 3566 3241 elegit.

1983 3251 2244 3322 Quisquis
2275 3254 2424 3308 enim
2457 3271 2487 3310 a
2525 3256 2711 3312 divina
2746 3259 3045 3316 dilectione
3077 3261 3300 3325 excidit,
3333 3262 3572 3317 carnalis

1983 3341 2116 3411 legis
2139 3359 2204 3396 ex
2235 3344 2516 3414 voluptate
2547 3347 2820 3402 obnoxius
2848 3349 3094 3405 dominio
3119 3351 3198 3414 ﬁt,
3229 3367 3351 3421 qua:
3377 3367 3569 3406 eorum

1983 3450 2103 3504 qua:
2135 3445 2405 3505 pneccpta
2436 3452 2468 3492 a
2510 3439 2622 3494 Deo
2654 3439 2786 3504 sint,
2820 3441 2959 3495 nihil
3003 3435 3241 3497 servare.
3265 3443 3460 3512 possit,
3504 3458 3568 3499 ac

1981 3541 2161 3596 neque
2188 3527 2339 3580 velit.

2053 3617 2174 3671 Alio
2223 3627 2408 3672 autem
2461 3619 2776 3683 intellectu,
2823 3621 3106 3676 notatione
3151 3623 3390 3677 nominis
3437 3623 3564 3679 Saul

1983 3717 2164 3762 mutuo
2202 3710 2378 3774 datus,
2426 3721 2520 3766 aut
2567 3721 2808 3766 mutuum
2853 3713 3090 3768 dicatur.
3140 3714 3260 3768 Non
3295 3715 3442 3771 enim
3477 3717 3564 3772 lex

1984 3798 2218 3870 Scripta,
2251 3808 2311 3854 ut
2344 3801 2498 3856 ﬁrma
2533 3812 2760 3874 rataque
2793 3819 2858 3860 ac
2886 3806 3105 3875 propria
3136 3808 3410 3876 possessio
3438 3808 3564 3865 data

1982 3899 2087 3954 est,
2124 3892 2218 3947 sed
2267 3901 2329 3946 ut
2364 3892 2518 3947 rudis
2548 3903 2878 3964 exspectata!
2906 3897 3292 3965 promissionis
3338 3899 3563 3954 institu-

1985 3984 2081 4037 tio.
2113 3982 2294 4049 Quare
2337 4000 2439 4039 nee
2482 3999 2746 4040 concesso
2790 3985 2940 4040 Sauli
2985 4003 3154 4058 regno
3191 4003 3570 4061 permissoque

1981 4090 2106 4130 cum
2141 4091 2206 4130 eo
2237 4075 2464 4139 fcedere,
2505 4077 2619 4132 fore
2663 4078 2796 4133 illud
2828 4082 3332 4149 perpetume
3354 4083 3567 4151 pollici-

1983 4175 2069 4221 tus
2095 4174 2200 4221 est.
2234 4166 2511 4237 Quidquid
2542 4167 2688 4222 enim
2724 4178 2918 4226 mutuo
2945 4179 3001 4225 et
3029 4171 3133 4224 sub
3167 4170 3363 4226 fenore
3407 4187 3564 4228 acce-

1981 4267 2136 4328 ptum
2167 4258 2258 4322 sit,
2287 4274 2397 4312 non
2424 4268 2573 4314 certa
2601 4261 2936 4331 propriaque
2963 4263 3259 4332 possessio,
3285 4265 3381 4319 sed
3413 4265 3566 4320 labo-

1982 4351 2060 4405 ris
2087 4350 2381 4420 0perisque
2405 4351 2622 4406 occasio
2651 4352 2943 4423 accipienti
2967 4354 3202 4418 exsistit,
3228 4355 3376 4410 unde
3401 4356 3562 4410 aliam

291 4418 594 4517 λογήν,”ιι
641 4443 699 4498 δὲ
740 4443 834 4497 τοῦ
875 4418 1046 4496 Baebii
1095 4418 1348 4515 παλλακὴ
1389 4418 1612 4514 Ῥεσφὰ,
1656 4443 1878 4513 δρόμος

1988 4418 2348 4498 substantiam
2391 4448 2456 4497 ac
2483 4418 2972 4513 peculium-paret.
3002 4445 3134 4517 Ejus
3167 4456 3348 4503 autem
3388 4449 3563 4518 pellex

293 4535 659 4608 ἑρμηνεύεται
715 4535 1017 4604 στόματος
1072 4533 1163 4606 (ε).
1219 4535 1429 4606 Δρόμος
1475 4535 1532 4589 δὲ
1607 4535 1876 4605 στόματός

291 4632 464 4694 ἐστιν,
523 4630 556 4698 ἡ
601 4627 743 4681 κατὰ
795 4625 964 4696 μόνην
1007 4621 1100 4691 τὴν
1151 4626 1210 4678 ἐν
1252 4627 1398 4698 λόγῳ
1449 4627 1733 4699 προφορὰν
1778 4625 1872 4679 τοῦ

289 4721 461 4791 νόμον
505 4718 770 4789 μάθησις·
833 4716 902 4786 ἣν
936 4715 1288 4781 είσοικίζεται
1318 4724 1675 4790 παρανόμως,
1706 4720 1734 4771 6
1772 4719 1871 4790 μό-

369 4911 436 4992 (ν)
467 4909 720 4992 Αιτητὸς
753 4907 926 4991 ᾅδηςζ
962 4909 1312 4992 Duodetyma
1346 4909 1399 4992 in
1442 4923 1612 4992 unum
1657 4905 1862 4992 confiat

287 4975 580 5035 Maximus.
602 4975 650 5034 Α
673 4975 809 5036 voee
838 4975 989 5035 enim
1021 4979 1150 5039 naui
1187 4975 1498 5050 postulavit,
1554 4975 1864 5050 commodn—

288 5052 382 5111 vit,
417 5059 524 5132 etc.
549 5057 636 5132 est
665 5066 864 5132 nomen
899 5053 1084 5132 mmo,_
1107 5045 1365 5132 quodest
1381 5050 1657 5132 infernas,
1683 5045 1866 5132 capqu

286 5137 478 5184 crum;
511 5120 640 5175 inde
675 5120 887 5176 dictum
939 5120 1087 5188 quod
1132 5120 1481 5184 insatiabile,
1511 5120 1868 5188 omniumque

288 5191 558 5246 cadavera
579 5200 763 5260 petat;
792 5191 874 5245 vel
902 5184 1071 5245 etiam
1129 5191 1364 5256 animas,
1405 5199 1465 5245 ut
1495 5184 1602 5259 pro‘
1650 5184 1871 5241 inferno

287 5261 563 5324 sumitur,
601 5261 657 5331 in
680 5277 843 5331 quem
870 5261 1045 5314 sancti
1087 5261 1191 5330 ipsi
1239 5260 1679 5323 descendebant,
1738 5264 1869 5311 ante

290 5332 492 5387 caelum
514 5330 742 5386 nobisa
765 5331 995 5386 Christo
1025 5340 1302 5401 apertum.

363 5401 430 5472 (ε)
464 5401 687 5472 Δρόμος
739 5397 1076 5472 στόματος-ξ
1112 5401 1308 5472 Divisit
1353 5399 1619 5472 Maximus
1663 5397 1868 5452 dictio-

289 5471 439 5536 nem,
465 5471 622 5540 quasi
651 5486 681 5524 a
715 5481 833 5530 mn

289 5557 425 5607 rere,
456 5538 601 5596 Fsal.
638 5556 782 5607 χιιι,
816 5538 904 5595 18.
937 5538 994 5594 Si
1048 5538 1255 5595 videbas
1305 5542 1500 5610 furem,
1554 5549 1676 5610 non
1698 5547 1866 5602 T1111,

285 5612 536 5666 canebas
561 5627 679 5664 cum
714 5627 812 5665 eo:
851 5626 1163 5681 quanquam
1194 5607 1350 5666 reddi
1387 5617 1590 5681 potest,
1613 5607 1698 5663 illi
1725 5623 1870 5681 cont-

288 5681 534 5758 riacebas
570 5677 1085 5758 seu_qssent'abaris.
1116 5681 1258 5736 llinc
1287 5677 1426 5758 ergo
1456 5680 1726 5758 Maximus
1750 5677 1872 5758 δρό-

291 5750 395 5825 μον
433 5753 645 5819 habuit,
675 5751 726 5807 id
761 5760 865 5816 est,
895 5767 1133 5819 cursum,
1152 5761 1209 5807 et
1244 5760 1322 5811 ΠΣ)
1347 5750 1474 5805 oris.
1507 5751 1575 5804 At
1596 5750 1868 5804 Hebraica

871 5470 1019 5540 quod
1049 5479 1134 5525 est
1154 5470 1389 5540 placere,
1417 5479 1473 5526 et
1528 5469 1695 5523 etiam
1749 5480 1881 5536 cur-_

1983 4535 2242 4604 Rhcspha
2272 4534 2514 4588 nominis
2542 4535 2848 4599 notatione,
2875 4538 2982 4591 oris
3011 4555 3194 4593 cursus
3221 4538 3444 4593 dicitur.
3469 4539 3564 4594 Est

1981 4636 2166 4682 autem
2193 4627 2306 4682 oris
2349 4641 2567 4690 cursus,
2601 4625 2742 4696 legis
2768 4625 3080 4696 disciplina,
3127 4643 3195 4682 eo
3236 4628 3414 4683 solum
3445 4644 3566 4682 ser-

1981 4734 2144 4774 mone
2185 4726 2465 4781 constans,
2500 4715 2594 4786 qui
2621 4729 2718 4770 ore
2746 4717 3068 4772 enuntiatur
3095 4736 3108 4771 :
3135 4733 3298 4788 quam
3345 4719 3563 4790 illegiti-

1966 4905 2181 4974 integra
2209 4918 2312 4957 vox
2334 4909 2420 4957 est
2447 4911 2580 4960 rm
2611 4918 2808 4974 pruna,
2835 4901 2994 4974 carbo
3019 4900 3240 4974 ignitus,
3272 4900 3554 4974 pavimen-

1969 4970 2110 5033 tum:
2150 4975 2423 5026 extensio:
2457 4988 2579 5041 quat
2610 4970 2776 5024 etiam
2821 4972 2940 5038 ejus
2987 4971 3144 5041 vocis
3174 4979 3356 5039 etyma
3393 4970 3558 5041 habet

1970 5045 2199 5100 libellus
2222 5039 2587 5111 expositionis
2634 5041 2920 5095 nominum
2964 5039 3316 5111 propriorum
3343 5039 3409 5093 ad
3443 5041 3556 5111 cal-

1972 5130 2092 5170 cem
2120 5109 2448 5167 Bibliorum.
2481 5110 2804 5180 Quanquam
2846 5125 2978 5163 vero
3013 5110 3282 5164 Maximus
3307 5109 3360 5164 in
3407 5109 3557 5163 vitu-

1975 5183 2120 5254 perii
2148 5192 2361 5254 partem
2389 5181 2663 5254 Respham
2691 5181 3006 5254 ἀλληγορεζ,
3033 5180 3313 5254 egregium
3375 5189 3554 5254 tamen

1977 5249 2099 5325 ejus
2133 5249 2673 5325 virtutisspeeimen
2701 5249 3050 5325 commendat
3069 5249 3377 5325 Scriptura,
3407 5249 3552 5325 quod

1977 5319 2458 5394 silspensisiﬁliis’,
2499 5321 2565 5376 ad
2613 5336 2806 5374 eorum
2849 5319 3115 5394 cadavera
3145 5319 3430 5394 substrato
3449 5319 3552 5373 sibi

1977 5389 2186 5457 cilicio,
2207 5393 2294 5446 vel
2321 5391 2487 5445 etlam
2512 5397 2742 5445 extenso
2767 5389 2990 5445 tentorii
3041 5390 3094 5443 in
3127 5405 3336 5443 morem
3365 5389 3430 5443 ad
3457 5404 3551 5442 ar-

1977 5463 2218 5519 cendum
2253 5469 2471 5524 azstum,
2509 5461 2562 5515 in
2592 5461 2844 5515 oratione
2885 5460 3348 5530 perseveraverit,
3372 5460 3549 5530 donec

1977 5534 2124 5589 Deus
2156 5547 2351 5588 eorum
2376 5546 2510 5586 nece
2534 5531 2800 5600 placatus,
2834 5528 3068 5586 imbrem
3111 5529 3359 5584 dederit:
3395 5528 3554 5594 cujus

1979 5605 2143 5659 etiam
2171 5601 2314 5656 facto
2338 5616 2403 5656 ac
2428 5601 2630 5672 pietate
2662 5609 2866 5672 motus,
2892 5600 2986 5672 qui
3017 5601 3070 5654 in
3093 5615 3310 5655 crucem
3343 5607 3549 5670 (δείδιθι,

1980 5672 2178 5740 David,
2215 5672 2426 5728 tumulo
2447 5671 2692 5726 mandari
2716 5671 2899 5743 jussit.
