3986 6420
523 310 629 373 7&3

1693 306 1753 365 S.
1798 304 2082 364 ΜᾹΧΙΜΙ
2124 302 2631 364 CONFESSORIS

3622 308 3706 370 ἨΑ

526 421 729 476 tionem
767 421 1018 475 admittat
1056 427 1151 475 aut
1189 418 1598 489 cogitationem,
1626 415 1772 485 quod
1808 429 1985 483 neque
2013 428 2080 467 re:

2204 413 2464 481 τούμενος
2517 413 2725 480 λόγους.
2760 412 2948 477 Οὐδεὶς
2989 412 3099 486 γάρ
3308 416 3631 488 προσανέχων
3655 423 3710 493 τῇ

521 512 662 567 ferat
686 519 746 565 ut
765 512 1006 582 symbola
1036 525 1101 564 ac
1130 510 1282 580 signa
1306 510 1452 564 idem
1479 508 1590 563 sint
1606 523 1668 561 ac
1700 517 1914 561 natura.
1939 504 2094 571 Quod

519 602 567 656 si
612 602 728 656 baac
773 617 882 654 non
927 602 1073 656 idem
1105 600 1216 656 sint
1244 616 1310 655 ac
1350 610 1568 663 natura,
1605 613 1882 667 nunquam
1914 596 2005 651 liat
2036 604 2097 650 ut

521 709 609 747 res
655 693 801 762 quod
853 702 983 747 sunt
1025 702 1221 747 natura
1258 708 1321 747 ac
1354 691 1684 753 substantia,
1720 691 1863 745 clare
1894 690 2092 752 videat,

519 784 612 853 qui
662 784 930 853 legalibus
987 785 1267 854 symbolis,
1326 784 1480 837 velut
1536 782 1731 851 primis
1781 780 1977 835 formis
2029 795 2094 835 ac

518 876 926 945 exemplaribus
975 885 1122 931 totus
1157 876 1331 929 inhiat
1360 892 1375 939 ;
1406 889 1636 943 eamque
1665 873 1738 928 ob
1771 888 1886 928 rem
1914 874 2094 928 alieno

518 982 548 1020 a
590 968 800 1019 ratione
843 973 1041 1020 conatu
1083 966 1392 1034 mentisque
1426 964 1676 1018 absentia
1708 963 1987 1018 naturales
2009 978 2096 1016 ra-

519 1056 697 1110 tiones
732 1057 929 1125 rejicit,
976 1072 1087 1111 non
1118 1056 1430 1125 intelligens
1451 1053 1811 1111 vindicandos
1849 1068 1970 1109 esse
1994 1052 2092 1123 qui

515 1164 545 1202 a
601 1147 729 1202 Jesu
782 1148 981 1202 servati
1028 1147 1141 1202 sint
1188 1147 1261 1201 “z
1298 1148 1351 1201 in
1397 1160 1632 1215 quorum
1672 1146 1835 1201 etiam
1862 1145 2090 1216 gratiam

511 1242 776 1296 adversus
802 1243 1047 1311 quinque
1081 1256 1236 1311 reges
1266 1241 1321 1295 in
1357 1241 1482 1296 illos
1504 1240 1870 1309 insurgentes,
1896 1240 2091 1315 formi-

512 1330 691 1385 dabile
741 1332 990 1401 praelium
1045 1331 1182 1386 illud
1233 1329 1618 1386 commiserit:
1660 1330 1717 1383 in
1755 1345 1867 1400 quo
1911 1329 2090 1399 ipsum

509 1436 729 1491 quoque
760 1422 961 1476 coelum
996 1420 1267 1476 adversus
1297 1418 1725 1475 Gabaonitarum
1773 1419 1959 1473 hostes
2007 1418 2090 1472 la-

509 1508 697 1580 pidum
724 1512 991 1581 grandine
1021 1512 1151 1568 Jesu
1194 1511 1477 1581 suppetias
1512 1510 1609 1566 ivit
1642 1510 1722 1575 ⁸¹⁶ς
1767 1509 2088 1564 οοηδιίιιιίιο

506 1618 617 1673 que
670 1618 768 1659 eos
825 1615 886 1658 ut
937 1613 1122 1661 essent
1153 1603 1567 1674 comportandis
1593 1602 1755 1672 lignis
1774 1610 1831 1655 et
1859 1617 1998 1671 aqua
2032 1602 2087 1657 in

508 1691 698 1747 divino
738 1693 1091 1747 tabernaculo
1141 1692 1184 1723 "’
1242 1690 1452 1765 (sancta
1501 1691 1762 1746 nimirum
1818 1691 2083 1754 Ecclesia,

2203 506 2493 575 σωματικῇ
2523 504 2617 557 τοῦ
2650 507 2816 575 νόμου
2851 504 3094 579 λατρεία.
3131 506 3354 575 φυσικῇ
3382 506 3442 560 τὸ
3493 513 3712 578 παράπαν

2197 594 2401 649 δύναιτ’
2431 595 2501 649 ἂν
2561 596 2968 667 παραδέξασθαι
3026 598 3183 666 ιόγον
3243 597 3276 668 ἢ
3324 598 3571 669 λογισμόν
3598 615 3612 630 ·
3647 599 3716 656 ὅτι

2201 685 2336 754 μηδὲ
2367 686 2578 753 πέφυκε
2615 686 2811 739 ταυτὸν
2831 682 2972 740 εἶναι
2994 689 3059 758 τῇ
3089 688 3248 756 φύσει
3301 688 3369 742 τά
3416 688 3716 758 σῦμόολα.Εί

2196 776 2253 830 δὲ
2275 778 2470 830 ταυτὸν
2496 778 2596 833 οὐκ
2618 778 2733 831 ἐστι
2763 781 2828 849 τῇ
2860 777 3019 845 φύσει
3047 779 3116 833 τά
3146 778 3405 849 σύμϐολα,
3429 779 3562 834 κατὰ
3589 781 3718 849 φύσιν

2194 867 2329 939 ὁρᾷν
2352 869 2459 922 τῶν
2480 870 2648 923 ὄντων
2663 872 2761 942 τὴν
2779 872 3029 943 γέννησιν
3049 873 3300 927 οὐδέποτε
3316 873 3531 927 δᾶναται
3547 875 3717 946 σαφῶς,

2195 963 2225 1013 ὁ
2253 963 2364 1024 τοῖς
2388 960 2481 1014 τοῦ
2513 962 2678 1029 νόμου
2704 963 2997 1034 συμϐόλοις
3028 964 3106 1029 ὡς
3149 965 3517 1037 πρωτοτύποις
3538 982 3728 1035 προστε-

2195 1052 2379 1123 τηκὼς
2405 1069 2419 1082 ο
2449 1059 2545 1107 καὶ
2575 1055 2666 1108 δια
2693 1056 2852 1109 τοῦτο
2879 1056 3207 1127 παραλόγως
3243 1062 3370 1121 τοὺς
3422 1057 3559 1110 κατά
3596 1058 3723 1126 φύσιν

2195 1145 2584 1215 ἀποπέμπεται
2613 1147 2806 1216 λόγους
2835 1166 2849 1181 ο
2888 1149 2962 1221 μὴ
2994 1147 3338 1220 λογιζόμενος
3373 1149 3511 1221 (ίῖ),
3542 1150 3617 1203 ὅτι
3640 1150 3727 1223 χρὴ

2195 1238 2599 1307 περιποιεῖσθαι
2623 1241 2748 1302 τοὺς
2774 1239 2879 1293 ὑπὸ
2894 1240 3068 1311 Ἰησοῦ
3110 1240 3495 1305 διασωθέντας,
3523 1241 3649 1310 ὑπὲρ
3668 1237 3727 1296 ὦν

2194 1331 2289 1382 καὶ
2320 1330 2458 1400 πρὸς
2488 1331 2614 1396 τοὺς
2658 1333 3070 1396 ἑπαναστάντας
3102 1335 3284 1388 αὐτοῖς
3312 1334 3474 1388 πέντε
3504 1331 3726 1403 βασιλεῖς,

2196 1421 2287 1475 τὸν
2314 1422 2545 1491 φοόεοδν
2581 1425 2788 1478 ἐκεῖνον
2820 1426 3184 1497 συνεκρότησε
3218 1426 3451 1495 πόλεμον
3476 1442 3489 1455 ·
3512 1428 3565 1478 ὲν
3655 1427 3730 1480 καὶ

2192 1513 2420 1583 οὐρανὸς
2477 1515 2639 1578 αὐτος
2687 1517 2828 1572 κατὰ
2885 1517 2993 1571 τῶν
3027 1519 3455 1572 ἐπαναστάντων
3499 1520 3605 1582 τοῖς
3644 1519 3676 1570 Γ
3677 1535 3727 1573 αι

2193 1603 2485 1669 ϐαωνὲταις
2498 1605 2586 1659 διὰ
2610 1606 2773 1660 λίθων
2797 1607 3039 1680 χαλάζης
3061 1611 3139 1681 τῷ
3166 1608 3340 1680 Ἰησοῦ
3369 1609 3729 1679 συνεμάχησεν⁸

2193 1692 2285 1753 οὓς
2316 1695 2616 1766 κατέστηκε
2649 1696 2972 1769 ξυλοφόρους
3005 1699 3097 1752 καὶ
3128 1700 3458 1771 ὐδροςοόρους
3491 1700 3584 1769 τῆς
3612 1700 3733 1763 θείας

508 1783 667 1852 cujus
702 1783 833 1837 olim
876 1783 1288 1838 tabernaculum
1332 1780 1507 1850 ﬁgura
1560 1778 1789 1848 exstitit)
1838 1779 2080 1834 incarna-

2192 1788 2394 1858 σκηνῆς
2412 1788 2704 1857 (15),τουτέ
2712 1807 2812 1852 στι,
2832 1790 2933 1859 τῆς
2950 1790 3035 1844 διὰ
3050 1792 3148 1862 τῆς
3164 1792 3376 1862 σκηνῆς
3392 1792 3733 1862 προδιατυπω-

509 1884 598 1928 tas
636 1875 848 1930 Sermo.
885 1876 935 1931 Is
969 1876 1138 1941 enim,
1182 1876 1229 1930 is
1266 1875 1428 1930 Jesus
1465 1881 1569 1936 est,
1610 1872 1704 1943 qui
1745 1872 2080 1943 insurgentes

2196 1876 2383 1948 θείσης
2414 1880 2577 1947 ἁγίας
2618 1880 2967 1952 Ἐκκλησίας,
2989 1883 3017 1935 ὁ
3036 1883 3340 1953 σαρκωθεὶς
3387 1883 3575 1951 Λόγος.
3596 1876 3732 1938 Oho:

507 1968 563 2023 in
625 1983 722 2023 eos
775 1984 844 2022 ex
904 1982 1097 2024 sensus
1145 1969 1360 2023 ratione
1414 1966 1741 2022 libidinosas
1794 1966 1986 2019 modos
2023 1980 2080 2020 ae

2190 1962 2478 2040 γὰρ,οὗτὸς
2488 1971 2844 2043 ἐστιν’]ησοῦς
2858 1974 2886 2025 ό
2905 1974 3229 2037 ἀποκτείνας
3242 1976 3370 2038 τοὺς
3386 1977 3505 2028 κατ’
3521 1975 3735 2044 αἴσθησιν

502 2058 863 2130 cogitationes
901 2058 1187 2114 interimit.
1236 2058 1466 2129 Semper
1525 2057 1672 2112 enim
1724 2055 1820 2110 Dei
1890 2056 2080 2111 Sermo

2187 2063 2371 2126 αὐτοῖς
2416 2064 2882 2135 ἐπανισταμένους
2932 2067 3199 2135 ἐμπαθεῖς
3226 2069 3465 2138 τρίπους
3496 2068 3586 2121 καὶ
3614 2066 3734 2135 λογι-

502 2150 665 2206 Jesus
702 2158 867 2221 atque
907 2151 1049 2205 ratio
1085 2149 1352 2204 naturalis
1393 2147 1876 2219 contemplationis
1916 2148 2080 2202 ratio-

2188 2154 2380 2225 σμούς.
2417 2154 2529 2207 ’Λεὶ
2557 2155 2666 2226 γὰρ
2689 2157 2816 2220 τοὺς
2837 2157 2978 2211 κατὰ
3013 2159 3249 2228 φυσικὴν
3284 2157 3525 2230 θεωρίαν
3551 2159 3734 2226 λόγους,

504 2258 605 2297 nes
652 2242 874 2297 aseiscit
924 2250 1216 2311 servatque
1265 2241 1587 2303 incolumes,
1644 2240 1750 2295 hoc
1797 2240 1904 2293 illis
1950 2254 2080 2294 con-

2185 2246 2214 2299 ό
2247 2244 2341 2299 τοῦ
2391 2245 2528 2299 Θεοῦ
2585 2248 2758 2316 Λόγος
2795 2248 3003 2319 Ἰησοῦς
3067 2251 3463 2321 περιποιεῖται,
3504 2251 3735 2321 προκαθι-

503 2332 718 2389 credito
775 2348 1030 2396 munere.
1073 2343 1134 2389 ut
1183 2334 1240 2387 in
1292 2332 1482 2387 divino
1524 2332 1645 2402 ejus
1698 2332 2080 2403 mysteriorum

2188 2338 2329 2391 στῶν
2358 2338 2524 2392 αὐτοῦ
2559 2340 2655 2411 τῆς
2692 2340 2844 2405 θείας
2868 2340 2977 2394 τῶν
3009 2341 3329 2414 μυστηρίων
3360 2344 3569 2414 σκηνῆς
3607 2343 3734 2409 ξυλο-

505 2424 883 2489 tabernaculo,
916 2424 1064 2494 ligna
1102 2429 1158 2477 et
1195 2436 1393 2491 aquam
1427 2429 1773 2490 comportent
1820 2437 1835 2473 :
1883 2420 2080 2491 quippe

2188 2430 2386 2500 φόρους
2411 2431 2505 2485 καὶ
2536 2431 2867 2505 ὑδροφόρους
2899 2450 2914 2464 ⁸
2936 2429 3026 2487 οἷα
3078 2434 3144 2504 δὴ
3172 2434 3277 2503 τῆς
3321 2434 3620 2504 ὲξαπτικῆς
3659 2434 3735 2488 τοῦ

502 2528 627 2585 quae
665 2521 844 2583 aptam
881 2512 1124 2567 fomento
1158 2511 1544 2566 illustrationis
1583 2510 1781 2566 divinae
1819 2511 2083 2576 scientiae,

500 2603 836 2674 eluendique
877 2604 1137 2658 vitiorum
1177 2603 1388 2666 sordes,
1427 2618 1493 2657 ac
1543 2602 1724 2657 vitalis
1775 2603 1831 2657 in
1885 2603 2085 2674 spiritu

499 2695 780 2767 augmenti
815 2695 1101 2751 materiam
1136 2694 1595 2764 occasionemque
1621 2694 1914 2749 sulliciant.
1936 2695 2082 2752 Abs-

498 2802 608 2857 que
634 2787 781 2842 enim
811 2785 1046 2843 naturali
1079 2769 1454 2856 speculatione
1492 2784 1545 2838 in
1571 2785 1745 2849 nullo,
1778 2786 1889 2840 ullo
1918 2801 2081 2856 pror-

496 2894 594 2936 sus
631 2879 793 2934 modo
816 2885 1216 2947 comparatum,
1247 2884 1309 2929 ut
1336 2875 1410 2929 sit
1437 2874 1729 2931 incolumis
1756 2890 1821 2931 ac
1851 2890 2084 2932 conser-

495 2981 661 3028 vetur
686 2970 1075 3043 mysteriorum
1106 2970 1303 3023 virtus.

571 3063 669 3119 Sin
698 3071 884 3117 autem
912 3060 1078 3115 etiam
1107 3058 1427 3134 Gabaonita:
1453 3074 1574 3114 eam
1599 3059 1846 3131 gentium
1866 3068 2079 3130 partem

496 3153 829 3226 significant,
856 3168 978 3223 qua:
1005 3167 1068 3206 ea
1098 3151 1331 3216 ratione,
1363 3166 1471 3221 qua
1504 3151 1735 3205 accessit
1767 3150 1836 3205 ad
1863 3150 2079 3204 divina-

2187 2522 2467 2591 φωτισμοῦ
2494 2523 2644 2587 θείας
2686 2524 2940 2591 γνώσεως
2991 2523 3144 2594 ὕλης,
3189 2524 3285 2577 καὶ
3331 2524 3438 2591 τῆς
3500 2525 3736 2596 ῥυπτικῆς

2186 2614 2292 2666 τῶν
2322 2613 2509 2668 παθῶν
2528 2615 2870 2688 καθάρσεω;,
2901 2617 3113 2687 καὶτῆς
3137 2619 3196 2671 έν
3219 2617 3500 2685 πνεύματι
3529 2617 3735 2687 ξωτικῆς

2184 2705 2471 2771 διαδόσεως
2530 2707 2783 2778 ἀφορμῆς
2827 2708 3081 2780 χορηγός.
3116 2710 3359 2780 Φυσικῆς
3396 2710 3509 2782 γὰρ
3534 2709 3738 2781 θεωρίας

2184 2796 2374 2866 χωρὶς,
2442 2798 2501 2848 έν
2562 2799 2738 2852 οὐδενὶ
2805 2800 2927 2852 κατ’
2988 2799 3180 2853 οὐδένα
3241 2799 3450 2870 τρόπον
3514 2800 3737 2871 οὐδαμῶς

2186 2888 2572 2969 συντηρεῖσθαι
2600 2890 2811 2960 πέφυκε
2843 2891 2951 2947 τῶν
2989 2892 3363 2965 μυστηρίωνή
3398 2893 3647 2964 δύναμις.

2255 3064 2319 3119 Ei
2345 3063 2402 3117 δὲ
2436 3064 2532 3118 καὶ
2556 3065 2656 3136 τὴν
2671 3064 2923 3136 Ἐθνικὴν
2955 3069 3151 3138 μοῖραν
3172 3067 3435 3140 δηλοῦσιν
3457 3070 3509 3123 οἱ
3538 3069 3579 3123 Γ
3581 3070 3737 3125 αὸαω-

2182 3156 2325 3209 νῖται
2353 3155 2490 3226 (14),
2532 3158 2958 3229 προσχωροῦσαν
3002 3159 3081 3230 τῷ
3110 3159 3413 3234 κληροδότῃ
3446 3162 3558 3241 τῶν
3606 3162 3736 3216 θείων

497 3262 620 3301 rum
660 3243 1088 3315 promissionum
1123 3241 1540 3298 distributorem
1577 3242 1765 3298 Jesum
1787 3283 1802 3305 ,
1846 3242 2078 3298 salutem

2182 3248 2525 3317 ἐπαγγελιῶν
2590 3250 2762 3322 Ἰησοῦ
2820 3253 2913 3307 καὶ
2967 3253 3286 3326 σωζομένην
3316 3271 3331 3287 ο
3364 3257 3737 3330 διδασκομένην

495 3347 655 3393 nacta
715 3344 822 3401 est,
877 3335 1150 3403 doctaque
1196 3333 1343 3403 ligna
1387 3343 1445 3388 et
1491 3348 1691 3403 aquam
1733 3343 2079 3404 comportare

2182 3359 2240 3396 τε
2266 3343 2581 3415 ξυλοφορεῖν
2629 3346 2725 3398 καὶ
2775 3345 3093 3417 ὑδροφορεῖν
3118 3363 3132 3378 ο
3170 3348 3445 3413 τουτέστι,
3504 3351 3594 3404 τὸν
3629 3350 3736 3418 περὶ

495 3430 717 3501 (nempe
764 3426 1047 3498 mysticam
1094 3434 1152 3480 et
1204 3423 1499 3479 salutarem
1549 3424 1733 3494 reipsa
1782 3424 1852 3479 de
1890 3440 2075 3491 cruce,

2182 3432 2419 3503 σταυροῦ
2454 3434 2549 3489 καὶ
2577 3437 2674 3505 τῆς
2702 3435 2770 3489 δι’
2797 3435 2988 3500 ὓδατος
3024 3437 3177 3503 θείας
3211 3439 3633 3512 ἀναγεννήσεως
3659 3459 3737 3510 pu-

492 3519 674 3589 dcque
719 3532 861 3587 aqua
889 3516 1091 3571 divinae
1125 3514 1561 3585 regenerationis
1596 3515 1887 3587 mysticum
1916 3527 1971 3571 et
1994 3532 2080 3571 sa-

2182 3522 2365 3577 στικὸν
2426 3523 2522 3577 καὶ
2570 3526 2835 3596 σωτήριον
2892 3527 3050 3595 λόγον
3089 3530 3419 3601 πρακτικῶς
3447 3533 3563 3595 τοῖς
3591 3530 3735 3601 ὤμοις

490 3610 728 3669 lutarem
766 3609 1032 3664 virtutum
1067 3605 1318 3661 humeris
1345 3605 1702 3662 circumferre
1734 3620 2076 3675 sermonem;

2182 3615 2287 3668 τῶν
2313 3615 2526 3687 ἀρετῶν
2556 3618 2897 3689 περιφέρειν,
2936 3620 3034 3673 καὶ
3072 3624 3333 3693 χορηγεῖν
3378 3625 3451 3696 τῇ
3501 3623 3618 3695 θεία
3666 3640 3736 3676 κί-

489 3716 595 3756 ncc
623 3716 734 3755 non
761 3698 960 3753 divinae
985 3712 1147 3763 arcae,
1180 3712 1280 3768 per
1302 3696 1447 3766 piam
1474 3695 1658 3762 ﬁdem,
1692 3697 1864 3753 instar
1896 3697 2075 3769 ligno-

2182 3703 2337 3775 δωτῷ
2365 3706 2469 3776 τῆς
2512 3707 2773 3773 εὐσεϐοῦς
2814 3710 3069 3777 πίστεως,
3105 3710 3276 3777 ξύλων
3302 3695 3489 3786 δίκην,
3524 3716 3609 3769 διὰ
3653 3713 3733 3784 μὲν

496 3807 641 3856 rum,
681 3788 917 3845 actionis
946 3788 1170 3860 quidem
1200 3788 1373 3853 cultu,
1400 3787 1773 3842 membrorum
1794 3803 1917 3858 qua:
1946 3797 2076 3844 sunt

2182 3799 2275 3869 τῆς
2297 3799 2627 3869 πρακτικῆς,
2650 3800 2758 3855 τῶν
2787 3801 2880 3855 ἐπὶ
2901 3802 3005 3873 γῆς
3041 3803 3219 3873 μελῶν
3267 3804 3371 3876 τὴν
3434 3807 3691 3878 νέκρωσιν
3715 3821 3727 3837 ο

495 3893 664 3948 super
700 3886 926 3940 terram,
959 3874 1437 3931 mortiﬁcationem
1480 3874 1559 3940 ﬂ';
1601 3888 1701 3944 per
1738 3876 2077 3945 contempla-

2182 3888 2262 3943 Bzi
2292 3888 2525 3961 θεωρίας
2549 3891 2626 3955 δὲ,
2661 3891 2913 3967 καθάπερ
2935 3893 3080 3966 ὕδωρ
3124 3896 3226 3967 τὴν
3259 3874 3549 3971 semper];
3571 3898 3662 3968 τῆς
3683 3897 3731 3949 ὲν

493 3970 701 4025 tionem
738 3984 890 4035 vero,
931 3969 1083 4024 velut
1121 3981 1342 4037 aquam,
1376 3965 1640 4035 spiritalis
1674 3965 1918 4021 scientiae
1942 3966 2073 4020 irri-

2182 3981 2447 4052 πνεύματι
2476 3982 2754 4051 γνώσεως,
2783 3985 2885 4040 οὐκ
2912 3986 3135 4054 ἄτοπον,
3160 3988 3280 4045 οὐδὲ
3320 3991 3425 4062 τῆς
3471 3990 3730 4053 εὐσεϐείας

490 4073 628 4131 guos
659 4057 852 4113 latices
890 4052 1675 4145 subministrare),absurdum
1709 4053 1847 4145 nihil
1885 4052 2069 4119 fuerit,
2173 4072 2472 4145 ἀλλότριον,

490 4160 590 4206 aut
620 4148 769 4218 quod
799 4147 1101 4202 abhorrere
1140 4160 1171 4199 a
1208 4145 1415 4215 pietate
1452 4143 1756 4215 putandum
1779 4143 1870 4198 sit.

565 4240 693 4296 Sive
731 4240 900 4310 igitur
928 4236 1200 4293 naturalis
1226 4235 1621 4305 speculationis
1644 4234 1907 4299 rationes,
1928 4234 2065 4301 sive,

2244 4246 2371 4303 Εἴτε
2401 4250 2538 4317 γοῦν
2563 4251 2689 4316 τοὺς
2713 4253 2858 4307 κατὰ
2878 4253 2978 4325 τὴν
3006 4271 3244 4328 φυσικην
3269 4256 3514 4329 θεωρίαν
3537 4259 3722 4329 λόγους,

488 4342 612 4398 quae
662 4343 762 4398 per
816 4326 978 4381 fidem
1036 4327 1211 4381 salute
1258 4325 1515 4388 donatur,
1566 4324 1811 4395 gentium
1855 4334 2067 4395 partem

2182 4343 2279 4395 ιῑτε
2312 4342 2413 4413 τὴν
2485 4344 2796 4415 σωζομένην
2821 4324 3209 4412 διασιιίστεως⁷
3244 4324 3443 4419 μερίδα
3501 4324 3616 4403 τῶν.
3650 4347 3724 4401 έθ-

489 4416 809 4517 ρὲιξὶαίξιὲιίίω
849 4416 1105 4517 ηεξιτθηιρ
1147 4414 1312 4517 2179
1338 4414 1935 4517 ευωέὶίιί-Ῐυᾷθίθθ-εξ
1953 4416 2067 4472 ³01³
2102 4464 2144 4517 η
2170 4432 2275 4487 νῶν
2300 4434 2669 4505 προτυποῦσιν
2694 4436 2745 4488 ot
2776 4435 3136 4503 Γαϐαωνῖται,
3176 4414 3269 4492 τὸν
3303 4414 3614 4504 ’Ϊουδαῖκῶς
3643 4439 3725 4507 ζῇν

491 4511 631 4582 legis
667 4509 852 4564 littera
887 4508 1056 4563 vitam
1081 4508 1368 4562 instituere
1407 4506 1561 4570 velit,
1593 4507 1809 4561 hostem
1841 4506 2064 4575 habent,

2182 4526 2313 4580 κατὰ
2341 4526 2435 4579 τὸν
2476 4526 2534 4580 ὲν
2586 4527 2733 4598 μόνῳ
2759 4525 2837 4598 τῷ
2862 4528 3153 4600 γράμματι
3203 4531 3370 4600 νόμον
3427 4530 3725 4604 προῃρημέ.

489 4600 654 4669 eique
706 4596 1003 4661 infensum,
1046 4596 1136 4650 cui
1188 4595 1338 4649 salus
1390 4594 1576 4649 dedita
1622 4594 1712 4648 sit.
1756 4593 1860 4661 Qui
1918 4596 2065 4651 enim

2182 4635 2279 4683 ρον,
2311 4618 2524 4689 ἔχουσιν
2552 4590 2764 4690 ἐχθρόν,
2794 4590 3344 4694 ’τοῦ-σωζομένου
3361 4590 3724 4695 πολέμίονῗό

490 4686 661 4741 Deum
694 4693 946 4739 ventrem
976 4680 1152 4737 'ducit
1190 4681 1259 4746 ",
1295 4695 1473 4750 eoque
1512 4679 1661 4750 quod
1702 4680 1899 4750 pudori
1940 4695 2071 4752 pro-

490 4783 701 4852 broque
747 4780 839 4847 sit,
890 4778 1045 4835 velut
1090 4777 1297 4849 inclyte
1335 4775 1534 4831 decore
1558 4775 1826 4847 gloriatur
1860 4793 1924 4832 ac
1960 4776 2069 4832 sibi

488 4880 685 4951 placet,
717 4877 766 4931 is
794 4877 939 4932 solas
964 4874 1252 4949 passiones
1272 4871 1588 4945 ignominiae
1612 4871 1823 4945 (turpes
1858 4872 2072 4929 scilicet

488 4984 830 5055 probrosque
858 4980 1112 5050 allectus)
1136 4980 1216 5035 uti
1247 4978 1462 5034 divinas
1493 4992 1762 5048 propense
1792 4979 2067 5034 sustinere

484 5089 652 5145 novit.
688 5087 959 5155 Quocirca
999 5084 1163 5141 etiam
1206 5083 1323 5139 sola
1360 5091 1719 5152 temporanea
1758 5081 2064 5154 (materiam

484 5174 699 5230 scilicet
727 5184 785 5229 et
809 5173 1067 5236 formam,
1094 5183 1473 5240 sensuumque
1491 5183 1715 5239 pravam
1742 5168 1918 5223 abusu
1943 5168 2067 5238 qui-

485 5265 572 5320 nis
609 5264 858 5334 partibus
888 5265 1116 5319 scissam
1156 5260 1560 5333 operationem)
1595 5260 1746 5315 colit.
1772 5260 1870 5316 llla
1896 5258 2063 5318 nimi-

486 5370 629 5420 rum,
667 5354 819 5409 velut
853 5354 1124 5424 Rhesphze
1159 5353 1375 5423 pellicis
1403 5353 1611 5407 liberos
1642 5366 1656 5416 ;
1698 5350 1816 5405 haec
1852 5359 2056 5414 autem,

484 5454 544 5503 ut
578 5454 903 5517 contemptae
933 5444 1057 5500 ﬁliae
1077 5444 1343 5510 Merobes,
1387 5450 1634 5513 nepotes.
1675 5441 1879 5497 Sensus
1907 5442 2054 5496 enim

482 5539 723 5595 materiai
754 5546 812 5594 et
843 5536 1033 5593 forma:
1061 5535 1384 5592 commistus
1424 5536 1825 5606 implexusque,
1860 5542 2053 5604 suopte

2169 4709 2279 4782 γὰρ
2298 4711 2465 4766 ,Θεὸν
2517 4713 2619 4785 τὴν
2663 4712 2872 4768 κοιλίαν
2913 4714 3236 4787 ἡγούμενος,
3269 4717 3367 4771 καὶ
3389 4719 3469 4782 ὡς
3498 4719 3590 4772 ἐπὶ
3613 4716 3720 4787 δόξῃ

2166 4807 2235 4877 τῇ
2269 4804 2504 4878 αἰσχύνῃ
2531 4804 3026 4878 καλλωπιζόμενος,
3063 4809 3240 4878 μόνων
3277 4806 3422 4866 οἶδεν
3467 4812 3545 4876 ὡς
3582 4810 3721 4863 θείων

2168 4893 2458 4966 ἀνέχεσθαι
2478 4894 2566 4950 διὰ
2591 4896 2827 4966 σπουδῆς
2849 4896 2959 4951 τῶν
2987 4898 3178 4952 παθῶν
3202 4900 3303 4972 τῆς
3333 4902 3564 4972 ἀτιμίας
3594 4917 3607 4930 ·
3641 4898 3721 4971 καὶ

2161 4984 2249 5039 διὰ
2277 4984 2434 5039 τοῦτο
2463 4986 2600 5058 μόνα
2623 4986 2874 5057 περιέπει
2920 4986 2993 5041 τὰ
3033 4990 3262 5059 χρονικά
3291 5007 3304 5020 ·
3337 4993 3607 5055 τουτέστι,
3633 4992 3720 5060 τὴν

2162 5073 2296 5146 ὕλην
2328 5075 2422 5128 καὶ
2469 5074 2527 5129 τὸ
2559 5071 2700 5140 εῐδος
2726 5076 2861 5148 (l5),
2892 5078 2988 5132 καὶ
3039 5077 3138 5149 τὴν
3196 5082 3338 5133 κατὰ
3386 5082 3720 5151 παράχρησιν

2162 5165 2476 5239 πενταπλῆν
2503 5168 2784 5239 ἐνέργειαν
2810 5167 2914 5223 τῶν
2943 5170 3269 5241 αἰσθήσεων,
3290 5171 3372 5225 Τά
3397 5173 3499 5241 μὲν
3521 5172 3596 5235 ὡς
3620 5172 3719 5224 Ῥε-

2163 5257 2305 5326 σφᾶς
2333 5257 2434 5328 τῆς
2458 5256 2743 5328 παλλακῆς
2771 5257 2937 5311 τέκνα
2963 5275 2978 5290 ·
3009 5261 3076 5312 τά
3130 5258 3208 5326 δὲ,
3237 5260 3313 5325 ὡς
3369 5263 3475 5331 γῆς
3536 5261 3713 5329 ἀτίμου

2165 5348 2434 5420 θυγατρὸς
2467 5349 2665 5418 ἔκγονα
2693 5349 2917 5422 Μερὼϐ.
2955 5352 3033 5423 Τῇ
3064 5351 3172 5423 γὰρ
3211 5353 3312 5425 ὕλῃ
3343 5354 3439 5409 καὶ
3472 5352 3549 5424 τῷ
3600 5351 3714 5404 εῖδει

2164 5440 2550 5509 συμπλακεῖσα
2577 5440 2717 5495 κατὰ
2754 5442 2901 5513 μίξιν
2934 5443 3263 5514 ἡαῐσθησις,
3295 5444 3579 5498 ἀποτελεῖν
3626 5440 3711 5510 μὲν

2161 5532 2331 5596 πάθος
2358 5550 2371 5564 ·
2404 5535 2726 5589 ἀποκτενεῖν
2754 5531 2810 5587 δὲ
2839 5532 2935 5587 καὶ
2959 5534 3227 5588 συντελεῖν
3253 5538 3378 5601 τοὺς
3402 5535 3546 5589 κατά
3568 5533 3707 5602 φύσιν

550 5719 598 5754 ⁸⁵
623 5720 788 5778 Josue
823 5736 896 5783 ια,
927 5721 961 5776 3
990 5735 1143 5793 seqq.
1220 5719 1264 5751 "
1288 5678 1452 5774 .losue
1491 5735 1543 5784 κ,
1569 5720 1602 5775 5
1628 5735 1783 5791 seqq.
1857 5721 1900 5754 "
1926 5719 2091 5776 Josue
2115 5735 2168 5775 Ix
2222 5716 2308 5778 ‘27.
2388 5720 2436 5755 ⁸⁸
2465 5719 2674 5777 Coloss.
2706 5736 2786 5788 nt,
2819 5722 2872 5778 5.
2968 5722 3012 5756 “
3057 5722 3291 5794 Philipp.
3328 5739 3401 5787 ιιι,
3438 5724 3519 5780 l9.
