3986 6422
552 307 653 371 747

1725 298 1784 358 S.
1826 295 2112 358 MAXIMI
2153 296 2663 356 CONFESSORIS
3651 307 3723 367 753

545 412 804 472 narratio.
853 410 1088 466 necdum
1145 407 1477 463 eaducarum
1532 415 2121 476 temporanearumque

2240 403 2576 473 ίστοριὼδους
2622 404 2729 456 τῶν
2776 403 3006 474 Γραφῶν
3064 406 3388 477 ἀφηγήσεως
3435 405 3553 477 (21),
3580 409 3630 462 τὸ
3651 414 3729 466 τῶν

545 520 730 561 rerum
767 513 1005 573 potestas
1033 516 1097 554 ac
1137 501 1432 570 imperium
1480 499 1666 554 animo
1713 497 1995 561 decessit;
2030 494 2125 549 sed

543 594 722 650 adhuc
756 591 1002 648 defuncti
1040 589 1223 645 Saulis
1259 589 1420 644 liberi
1456 596 1620 658 atque
1655 595 1903 656 nepotes,
1934 585 2134 639 omnes“

542 701 772 742 numero
808 693 1041 754 septem,
1083 683 1138 737 in
1178 681 1320 736 vivis
1355 690 1524 752 agunt
1549 697 1564 746 ;
1589 677 1894 748 corporalis
1917 675 2130 730 scilicet

541 785 599 832 et
649 784 1039 846 temporaneus
1084 771 1220 843 legis
1258 771 1459 834 cultus,
1513 785 1581 824 ex
1635 783 1745 838 quo
1805 765 2130 837 voluptariis

532 865 884 932 hominibus,
925 881 1025 935 pro
1051 865 1180 934 ejus
1214 878 1377 932 quam
1413 860 1630 916 reddidi
1672 875 1852 914 causa:
1890 859 2128 923 ratione,

545 960 842 1015 libidinosa
879 957 1104 1014 conflari
1147 955 1366 1011 afl‘ectio
1403 953 1561 1016 solet,
1594 952 1800 1007 erroris
1823 951 2129 1005 fomentum

548 1053 776 1116 habens,
806 1059 1049 1120 apertam
1077 1049 1152 1120 .in
1197 1045 1460 1117 symbolis
1506 1044 1765 1114 praecepti
1800 1042 2128 1114 jussionem.

548 1145 701 1200 Hanc
735 1141 992 1198 existimo
1023 1155 1268 1202 causam,
1295 1152 1396 1191 cur
1436 1136 1491 1190 in
1521 1136 1719 1191 diebus
1747 1134 1928 1189 Saulis
1958 1134 2130 1188 fames

546 1260 654 1299 non
685 1242 851 1296 fuerit
876 1258 891 1307 ;
924 1241 1032 1294 hoc
1057 1247 1161 1302 est,
1193 1234 1440 1291 scientia)
1467 1235 1728 1306 spiritalis
1757 1233 1990 1303 penuria
2021 1247 2130 1286 non

546 1337 601 1389 in
647 1346 896 1403 tempore
935 1331 1130 1402 legalis
1167 1327 1375 1384 carnali
1420 1327 1635 1381 ratione
1680 1326 1883 1388 cultus,
1930 1320 2024 1379 sed
2076 1325 2132 1377 in

548 1439 793 1495 tempore
821 1422 1026 1493 gratiae,
1063 1420 1372 1474 innotuerit
1407 1435 1419 1472 :
1453 1433 1552 1488 per
1586 1416 1756 1486 quod,
1783 1416 1887 1470 nisi
1914 1430 2134 1469 omnem

546 1515 780 1586 spiritali
817 1529 981 1569 sensu
1023 1511 1364 1580 Scripturam
1407 1508 1804 1578 acceperimus,
1845 1515 2133 1576 postquam

547 1609 745 1662 litterae
803 1604 1121 1659 dominatus
1169 1599 1455 1663 transivit,
1529 1598 1755 1652 omnino
1825 1596 2137 1651 esurientes

547 1698 718 1750 fames
785 1693 1146 1756 confieimur,
1221 1689 1317 1760 qui
1397 1689 1628 1760 mystico
1685 1686 1919 1756 spiritali
1981 1685 2134 1740 cultu

545 1786 878 1843 Christianis
918 1797 1163 1854 congruo
1211 1791 1375 1851 atque
1425 1779 1632 1846 dedito,
1681 1778 1907 1833 minime
1951 1776 2132 1846 potia-

551 1895 694 1934 mur.
736 1877 838 1933 Ubi
869 1884 1052 1931 autem
1080 1872 1302 1929 Davidis
1329 1887 1482 1927 more
1510 1879 1792 1940 assumpto
1819 1884 2009 1933 sensu,
2041 1883 2136 1922 ex-

548 1969 907 2041 quisierimus
956 1967 1154 2022 faciem
1207 1963 1450 2029 Domini,
1497 1963 1673 2033 palam
1709 1961 2016 2025 discimus;
2048 1957 2136 2013 id-

547 2063 694 2118 circo
715 2060 961 2115 scientiae
989 2059 1220 2130 gratiam
1241 2071 1344 2111 nos
1377 2056 1647 2119 amisisse,
1674 2051 1821 2124 quod
1853 2051 2136 2106 naturales

547 2154 706 2225 281
742 2153 1006 2215 rationes,
1041 2149 1248 2220 quibus
1276 2147 1439 2202 nobis
1481 2147 1549 2201 ad
1593 2146 1878 2216 mysticam
1916 2143 1971 2196 in
2018 2142 2135 2213 Spi-

549 2246 658 2300 ritu
693 2241 1218 2312 contemplationem
1259 2239 1490 2309 gradum
1523 2237 1809 2301 faciamus,
1833 2250 1943 2289 non
1978 2247 2136 2289 rece—

554 2337 753 2407 pimus,
795 2335 892 2390 sed
932 2333 1114 2388 adhuc
1155 2330 1472 2402 corporales
1517 2330 1656 2401 legis
1693 2327 1892 2383 littera:
1927 2324 2138 2396 cogita-

542 2429 736 2484 tiones
767 2424 1172 2497 amplectimur.

621 2630 692 2686 Et
744 2627 982 2700 quwsivit
1033 2623 1225 2688 David,
1276 2619 1477 2690 inquit,
1526 2618 1713 2689 faciem
1764 2607 1998 2670 Domini.
2066 2613 2140 2670 Et

549 2725 681 2779 dixit
709 2722 968 2777 Dominus
997 2734 1016 2774 :
1050 2715 1223 2787 Super
1259 2714 1473 2768 domum
1510 2709 1691 2766 Saulis
1741 2709 2031 2780 injustitia,
2077 2722 2138 2761 eo

549 2816 688 2889 quod
709 2811 1028 2884 interfecerit
1054 2806 1401 2867 Gabaonitas.
1433 2802 1606 2860 David
1637 2812 1742 2868 est,
1775 2817 1932 2857 mens
1957 2799 2139 2854 omnis

529 2914 607 2965 riu
637 2909 861 2967 Christo
894 2903 1210 2977 perspicax,
1258 2915 1383 2971 qua:
1429 2914 1649 2969 semper
1687 2895 1880 2951 faciem
1919 2892 2137 2949 Domini

526 3009 780 3072 'qumrat.
819 2995 1040 3054 Domini
1077 2993 1249 3049 facies
1280 3001 1387 3058 est,
1416 3005 1549 3046 vera
1575 2990 1888 3045 divinorum
1916 2986 2140 3041 virtutis

2230 494 2586 565 προσκαίρων
2615 494 2712 548 καὶ
2759 495 3030 565 χρονικῶν
3067 498 3167 566 τῆς
3199 496 3432 560 διανοίας
3469 497 3558 550 οὐκ
3579 499 3732 570 ἀπεγέ-

2228 599 2351 636 νετο
2375 584 2572 654 κράτος
2593 599 2607 614 ·
2633 583 2750 638 ἀλλ’
2781 585 2860 639 ἔτι
2881 585 3017 648 ζῶσι
3047 585 3114 638 τὰ
3138 585 3303 639 τέκνα
3324 585 3415 639 τοῦ
3442 587 3734 656 ἀποθανόντος

2231 675 2424 740 Σαοὺλ,
2453 676 2548 730 καὶ
2566 675 2637 730 τὰ
2657 676 2874 745 ἐκγονα,
2916 679 3056 732 ἐπτᾶ.
3081 678 3212 732 ὄντα
3239 679 3328 732 τὸν
3357 680 3598 750 ἀριθμόν·
3627 699 3737 738 τουτ-

2231 767 2380 821 έστιν
2404 770 2435 840 ἡ
2464 770 2753 842 σωματικὴ
2773 771 2868 824 τοῦ
2893 771 3058 842 νόμου
3084 771 3308 843 λατρεία
3328 773 3418 826 καὶ
3444 774 3737 846 πρόσκαιρος,

2230 857 2290 926 ἐξ
2321 851 2390 930 ἧς
2429 861 2462 930 ὴ
2493 861 2748 932 ἐμπαθὴς
2778 861 2971 916 εῐωθεν
3004 863 3404 928 ἀπογεννᾶσθαι
3434 866 3540 926 τοῖς
3566 865 3742 932 edocui-

2235 951 2431 1023 μάτοις
2465 955 2607 1008 κατὰ
2638 956 2741 1025 τὴν
2773 955 3133 1008 ἀποδοθεῖσαν
3173 955 3352 1009 αίτίαν
3399 956 3633 1023 διάθεσις,
3661 960 3744 1012 hai-

2232 1063 2429 1116 κουρον
2455 1045 2651 1117 ἔχουσα
2671 1048 2771 1118 τῆς
2795 1047 3006 1118 πλάνης
3033 1047 3134 1118 τὴν
3163 1048 3425 1119 πρόδηλον
3447 1051 3503 1102 ἐν
3521 1053 3621 1114 τοῖς
3647 1069 3747 1122 cup-

2233 1139 2412 1203 δόλοις
2459 1140 2747 1211 διαταγὴν.
2796 1141 2894 1194 Διά
2945 1140 3150 1211 ταύτην
3181 1137 3334 1212 οἶμαι
3365 1141 3462 1213 τὴν
3515 1142 3666 1196 αἰτίαν
3698 1146 3748 1215 μὴ

2232 1232 2482 1299 γίνεσθαι
2514 1232 2670 1302 λιμὸν
2720 1233 2778 1286 ἐν
2807 1235 2929 1296 ταῖς
2961 1234 3199 1305 ἡμέραις
3227 1234 3399 1288 Σαούλ
3427 1251 3440 1264 ·
3495 1236 3747 1302 τουτέστιν,

2233 1326 2292 1375 ἐν
2321 1323 2398 1394 τῷ
2447 1325 2626 1395 χρόνῳ
2681 1325 2779 1392 τῆς
2815 1327 3047 1394 νομικῆς
3108 1327 3247 1379 κατά
3307 1328 3481 1394 σάρκα
3516 1327 3750 1399 λατρείας,

2233 1417 2332 1486 τὴν
2357 1417 2565 1470 ἔνδειαν
2603 1418 2677 1488 μὴ
2723 1419 3122 1489 διαγνωσθῆναι
3151 1421 3250 1490 τῆς
3277 1423 3332 1473 ἐν
3359 1420 3615 1491 πνεύματι
3651 1422 3750 1489 γνὼ-

2238 1525 2376 1572 σεως
2395 1524 2408 1538 ⁶
2464 1509 2580 1563 ἀλλ’
2611 1512 2669 1562 ἐν
2695 1510 2772 1580 τῷ
2809 1511 2986 1581 χρόνῳ
3015 1511 3117 1580 τῆς
3147 1511 3510 1584 εὐαγγελικῆς
3553 1514 3750 1582 χάριτοςι

2236 1601 2359 1654 καθ’
2387 1601 2469 1664 δν,
2499 1602 2628 1655 ὅταν
2663 1601 2736 1673 μὴ
2789 1605 2972 1657 πᾶσαν
3021 1605 3410 1675 πνευματικῶς
3457 1604 3551 1674 τὴν
3585 1607 3753 1675 Γραφὴν

2238 1693 2690 1766 ἐκλαμϐάνωμεν,
2735 1697 2871 1766 μετά
2904 1697 3005 1766 τὴν
3035 1697 3266 1768 πάροδον
3299 1698 3401 1767 τῆς
3430 1696 3523 1750 τοῦ
3553 1697 3756 1767 γράμμα·

2236 1803 2328 1850 τος
2371 1787 2711 1852 δυναστείας,
2757 1789 3099 1859 λιμώττομεν
3147 1791 3392 1854 πάντως,
3434 1790 3531 1860 τῆς
3556 1791 3757 1862 Χριστια-

2235 1882 2346 1944 νοῖς
2376 1881 2695 1951 πρεπούσης
2723 1884 2995 1952 μυστικῆς
3023 1883 3167 1936 κατὰ
3199 1882 3422 1953 πνεῦμα
3447 1883 3676 1954 λατρείας
3693 1883 3760 1935 οὐχ

2236 1973 2624 2038 ἀπολαύοντες.
2681 1975 2852 2028 Ἐπάν
2881 1975 2938 2028 δέ
2990 1975 3246 2040 λαϐόντες
3275 1975 3525 2047 αἴσθησιν
3554 1975 3676 2028 κατὰ
3699 1976 3760 2028 τὸν

2236 2065 2421 2131 Δασὶδ,
2449 2065 2777 2138 ζητήσωμεν
2813 2068 2874 2121 τὸ
2917 2067 3209 2138 πρόσωπον
3252 2068 3461 2140 Κυρίου
3494 2068 3626 2140 (22),
3655 2068 3758 2121 6:8:-

2240 2159 2485 2230 σκόμεοα
2542 2161 2750 2228 σαφῶς,
2790 2161 2872 2214 ὅτι
2923 2161 3012 2214 διὰ
3041 2162 3101 2214 τὸ
3131 2163 3207 2233 μὴ
3253 2161 3648 2231 παραδέξασθαι
3674 2163 3761 2223 τοὺς

2238 2253 2380 2306 κατά
2424 2252 2588 2322 φύσιν
2623 2252 2816 2318 λόγους
2837 2253 2976 2324 πρὸς
3004 2254 3257 2308 ἐπίϐασιν
3292 2254 3393 2324 τῆς
3455 2256 3512 2307 ἐν
3546 2254 3761 2324 πνεύματι

2242 2348 2514 2416 μυστικῆς
2537 2345 2790 2417 θεωρίας,
2819 2346 2936 2399 ἀλλ’
2968 2345 3045 2400 ἐτι
3067 2347 3175 2400 τῶν
3206 2348 3266 2400 ἐν
3299 2346 3380 2417 τῷ
3410 2347 3677 2418 γράμματι
3700 2347 3762 2400 τοῦ

2237 2437 2403 2509 νόμου
2458 2437 2788 2508 σωματικῶν
2835 2439 3158 2510 ἀντέχεσθαι
3211 2438 3515 2511 λογισμῶν,
3574 2442 3605 2509 ἠ
3649 2441 3764 2510 χάρις

2238 2529 2490 2604 ἀφῃρέθη
2523 2532 2623 2602 τῆς
2652 2535 2928 2600 γνώσεως.

2313 2624 2422 2678 Καὶ
2453 2623 2728 2692 ἐζήτησε,
2754 2625 2909 2695 φησὶ,
2931 2623 3111 2678 Δαὸὶδ
3135 2624 3201 2679 τὸ
3227 2628 3557 2694 πρόσωπον
3581 2627 3763 2694 Κυρίου.

2241 2718 2349 2772 Καὶ
2373 2714 2506 2772 εἷπε
2533 2717 2746 2784 Κύριος
2764 2733 2778 2747 ⁸
2823 2717 2948 2770 Ἐπὶ
2978 2717 3086 2770 τὸν
3111 2714 3282 2770 οἶκον
3312 2718 3517 2773 Σαοὺλ
3545 2722 3580 2787 ἡ
3599 2719 3763 2780 ἀδικία,

2239 2809 2372 2876 περὶ
2401 2805 2472 2865 οὗ
2495 2808 2838 2863 ἐθανάτωσε
2867 2808 3011 2875 τοὺς
3042 2811 3456 2877 Γαϐαωνίτας.
3497 2812 3646 2865 Δασίδ
3671 2812 3763 2870 ἐστι,

2239 2901 2350 2964 πᾶς
2383 2899 2505 2962 νοῦς
2535 2898 2677 2954 κατά
2704 2899 2939 2970 Χριστὸν
2965 2899 3274 2970 διορατικδς
3319 2902 3458 2972 (25),
3503 2903 3588 2956 ἀεὶ
3636 2901 3763 2971 ζητῶν

2238 2991 2300 3046 τὸ
2322 2991 2612 3062 πρόσωπον
2642 2991 2869 3061 Κυρίου.
2905 2991 3204 3063 Πρόσωπον
3237 2992 3294 3045 δὲ
3327 2993 3537 3064 Κυρίου
3560 2994 3764 3061 καθέστη-

551 3106 782 3150 munere
807 3086 1202 3156 contemplatio
1224 3082 1590 3153 scientiaque,
1613 3095 1778 3150 quam
1801 3079 1896 3150 qui
1916 3077 2136 3150 quaerit,

2241 3100 2336 3138 κεν
2369 3085 2402 3154 ὴ
2437 3082 2578 3138 κατά
2627 3083 2726 3154 τὴν
2774 3082 2974 3155 ἀρετὴν
3026 3082 3136 3137 τῶν
3187 3083 3354 3136 θείων
3389 3084 3590 3156 ἀληθὴς
3620 3082 3765 3152 θεωρία

527 3223 536 3238 ..
553 3201 774 3244 causam
800 3184 1035 3239 docetur
1066 3181 1188 3252 ejus
1221 3177 1541 3248 indigentia:
1569 3191 1634 3232 ac
1656 3175 1940 3246 penuriae;
1976 3174 2140 3246 jube-

554 3291 756 3350 turque
776 3277 916 3332 duos
938 3273 1120 3329 Saulis
1149 3271 1289 3326 filios
1319 3285 1386 3324 ex
1426 3268 1686 3338 Rhespha
1720 3267 1916 3338 pellice
1950 3267 2139 3323 subla-

545 3382 662 3436 ‘tos,
694 3366 815 3423 neci
846 3363 1085 3427 tradere,
1136 3370 1192 3417 et
1236 3359 1483 3430 quinque
1525 3357 1668 3412 filios
1706 3357 1976 3422 Merobes,
2018 3357 2140 3427 ejus

556 3463 698 3518 filiae.
719 3458 846 3516 Saul
875 3465 980 3521 est,
1013 3454 1093 3510 uti
1123 3452 1397 3518 dicebam,
1421 3449 1713 3522 expetibilis
1738 3449 1996 3519 infernus,
2024 3448 2140 3503 sive

545 3550 860 3626 ignorantia
877 3544 1259 3602 desiderabilis.
1279 3543 1465 3598 Palam
1487 3543 1634 3597 enim
1653 3540 1963 3595 desiderata
1986 3540 2142 3610 igno-

558 3643 735 3700 rantia
778 3647 886 3704 est,
933 3637 1070 3708 legis
1108 3636 1315 3702 littera,
1364 3649 1566 3704 nempe
1608 3633 1910 3703 corporalis
1951 3631 2142 3703 legalis

557 3736 743 3791 cultus
780 3731 1118 3795 dominatus,
1161 3727 1310 3798 quod
1356 3725 1569 3780 scilicet
1624 3723 1762 3795 legis
1811 3738 2140 3793 corporeum

558 3833 644 3880 est
674 3839 689 3889 ;
735 3821 849 3876 sive
877 3833 1058 3883 mens,
1085 3831 1207 3888 qua:
1236 3815 1406 3871 solam
1442 3828 1606 3868 sensu
1630 3813 1831 3868 litterae
1855 3811 2140 3867 materiam

558 3913 925 3986 corporaliter
957 3909 1325 3981 amplectatur
1354 3922 1422 3963 ac
1445 3905 1609 3962 colat.
1648 3904 1906 3975 Rhespha
1933 3912 2138 3969 autem,

560 4024 660 4080 pro
682 4007 802 4078 ejus
829 4002 1071 4060 nominis
1090 4003 1400 4066 notatione,
1423 4001 1528 4076 oris
1548 4013 1732 4054 cursus
1754 4006 1835 4052 est
1860 4014 1876 4065 ;
1904 3996 2019 4067 ipsa
2052 3996 2141 4051 ni-

557 4101 762 4155 mirum
795 4097 932 4168 legis
963 4093 1237 4159 doctrina,
1277 4090 1583 4148 secundum
1627 4087 1776 4160 quod
1824 4088 1976 4144 nudo
2022 4104 2140 4144 ser-

559 4207 723 4249 mone
771 4189 1072 4261 profertur.
1107 4184 1248 4239 Vere
1277 4182 1483 4239 etenim
1510 4181 1624 4236 oris
1665 4195 1912 4246 cursum,
1940 4188 2004 4234 at
2030 4195 2142 4235 non

541 4281 785 4344 mentis,
827 4277 1014 4342 habet,
1059 4273 1156 4345 qui
1195 4287 1224 4326 a
1257 4271 1492 4343 spiritali
1514 4271 1652 4342 legis
1675 4271 2142 4341 contemplatione

555 4373 776 4426 alienus
799 4377 904 4424 est.
943 4367 1115 4421 Porro
1147 4363 1420 4433 Rhesphae
1444 4363 1563 4431 filii,
1597 4363 1888 4419 Ermonthi
1930 4374 2060 4419 sunt
2086 4373 2143 4420 et

2240 3172 2338 3226 καὶ
2386 3172 2608 3241 γνῶσις,
2641 3175 2710 3244 ἢν
2763 3171 2943 3243 ζητῶν
2977 3172 3291 3227 διδάσκεται
3349 3175 3451 3248 τὴν
3507 3175 3667 3230 αἰτίαν
3703 3173 3766 3242 τῆς

2241 3264 2365 3318 κατ’
2394 3263 2564 3334 αὐτὴν
2588 3263 2796 3326 ἐνδείας
2831 3263 2928 3317 καὶ
2956 3264 3194 3335 ἀπορίας
3219 3281 3232 3295 ·
3261 3266 3359 3319 καὶ
3395 3267 3660 3321 κελεύεται
3681 3263 3765 3319 δοῦ-

2241 3373 2330 3410 ναι
2362 3355 2501 3427 πρὸς
2529 3355 2759 3410 θάνατον
2789 3356 2915 3420 τοὺς
2933 3356 3026 3410 δύο
3076 3357 3228 3421 υἱοὺς
3263 3359 3464 3424 Σαοὺλ,
3491 3359 3608 3423 τοὺς
3629 3358 3680 3410 ἐκ
3702 3355 3766 3422 τῆς

2242 3448 2570 3511 παλλακίδος
2617 3448 2883 3516 Ῥεσφάς,
2910 3448 3006 3501 καὶ
3036 3449 3163 3512 τοὺς
3202 3448 3374 3503 πέντε
3411 3451 3510 3521 τῆς
3531 3449 3676 3504 αὑτοῦ
3705 3446 3769 3500 Θυ-

2241 3539 2444 3609 γατρὸς
2475 3537 2680 3606 Μερὼϐ
2709 3537 2877 3602 υἱούς.
2902 3537 3072 3592 Σαούλ
3100 3539 3242 3606 ἐστι,
3284 3539 3475 3604 καθὼς
3494 3541 3636 3611 ἔφην,
3655 3542 3768 3602 alm-

2240 3627 2348 3694 τὸς
2371 3627 2546 3695 ᾅδης,
2577 3627 2746 3698 ἤγουν
2773 3628 2987 3698 ἄγνοια
3009 3629 3266 3697 ποθητή.
3305 3632 3622 3703 Ποθουμένη
3641 3630 3685 3682 δὲ
3707 3645 3770 3681 σα-

2242 3721 2359 3790 φῶς
2381 3721 2531 3774 ἐστιν
2559 3722 2753 3789 ἀγνοια
2783 3721 2919 3792 (24),
2953 3721 3016 3776 τὸ
3038 3721 3277 3794 γράμμα
3299 3724 3366 3778 τὸ
3393 3725 3628 3796 νομικὴν,
3651 3723 3767 3792 ἦγουν

2241 3812 2303 3866 τὸ
2335 3813 2649 3884 σωματικὸν
2699 3814 2799 3885 τῆς
2842 3815 2902 3867 ἐν
2936 3814 3087 3886 νόμῳ
3121 3814 3388 3886 λατρείας
3438 3818 3646 3889 κράτος,
3674 3815 3768 3880 ὅπερ

2243 3903 2362 3957 ἐστὶ
2391 3902 2454 3957 τὸ
2483 3902 2578 3958 τοῦ
2612 3903 2776 3975 νόμου
2800 3906 3116 3984 σωματικόν
3139 3921 3156 3939 ο
3179 3905 3211 3976 ἢ
3235 3906 3364 3973 νοῦς
3407 3909 3574 3979 μόνης
3601 3905 3769 3960 κατάίο

2244 3994 2439 4067 σθησιν
2463 3995 2823 4066 ἀντεχόμενος
2857 3996 3188 4068 σωματικῶς
3219 3999 3319 4070 τῆς
3361 3999 3498 4072 ὕλης
3525 4001 3612 4053 τοῦ
3638 3998 3768 4070 γράμ-

2244 4105 2437 4158 ματος.
2475 4090 2681 4161 Ῥεσφά
2710 4090 2768 4145 δέ
2801 4092 2941 4156 ἐστι,
2985 4093 3129 4148 κατά
3169 4093 3268 4164 τὴν
3299 4095 3476 4167 αὐτῆς
3515 4093 3766 4166 ἑρμηνείαν,

2243 4180 2463 4252 δρόμος
2494 4183 2817 4254 στόματος,
2839 4185 2976 4257 ὅπερ
3002 4186 3150 4241 ἐστὶν
3176 4187 3210 4258 ἠ
3244 4187 3341 4240 τοῦ
3377 4188 3542 4260 νόμου
3569 4187 3687 4242 κατὰ
3706 4183 3768 4255 μό-

2243 4288 2345 4342 νην
2372 4272 2473 4343 τὴν
2527 4274 2584 4326 ἐν
2621 4271 2769 4343 λόγῳ
2821 4275 3108 4346 προφορὰν
3155 4275 3488 4346 ἐκμάθησις.
3541 4271 3767 4347 Δρόμονδέ

2243 4363 2462 4432 ἀληθῶς
2489 4363 2601 4434 ἔχει
2629 4365 2917 4436 στόματος,
2953 4366 3071 4419 ἀλλ’
3099 4365 3160 4419 οὐ
3185 4366 3451 4434 διανοίας,
3485 4370 3512 4422 6
3537 4368 3626 4438 τῆς
3651 4381 3769 4418 πνευ-

551 4459 1025 4531 Ἃθηιρὺίῢοεῑίιθ.
1073 4459 1172 4514 Est
1215 4466 1399 4512 autem
1447 4455 1759 4519 Ermonthi,
1790 4472 1971 4510 eorum
2003 4472 2137 4510 ana-

2253 4456 2490 4525 ματικῆς
2521 4454 2613 4508 τοῦ
2646 4454 2814 4526 νόμου
2869 4455 3106 4528 θεωρίας
3136 4458 3442 4531 ἀλλότριος.
3497 4460 3608 4513 Υἱοὶ
3633 4458 3678 4510 δὲ
3703 4455 3768 4522 τῆς

551 4557 760 4614 thema,
797 4550 944 4622 quod
982 4558 1069 4606 est
1107 4555 1336 4620 peccato
1371 4547 1566 4602 inclita
1605 4547 1857 4617 corporis
1890 4547 2015 4604 labe
2058 4547 2142 4603 vi-

562 4648 762 4702 tiorum
798 4643 998 4700 effectu
1038 4641 1364 4712 corruptio;
1411 4638 1499 4696 vel
1537 4638 1691 4694 locus
1733 4639 1996 4711 (mundus
2033 4641 2144 4696 sci-

554 4734 707 4808 licet)
748 4735 810 4789 in
843 4748 955 4805 quo
1001 4732 1214 4787 inﬂicta
1259 4728 1718 4801 transgressionis
1770 4729 1962 4794 multa,
2014 4743 2145 4785 reus

561 4827 787 4898 punitus
822 4833 952 4893 est;
1005 4824 1120 4880 sive
1157 4821 1452 4877 libidinosa
1499 4821 1669 4876 animi
1699 4837 1828 4892 erga
1876 4822 2144 4876 mundum

560 4919 781 4975 affectio
801 4933 866 4974 ac
884 4915 1236 4972 necessitudo
1267 4931 1282 4967 :
1303 4921 1399 4968 aut
1427 4913 1657 4968 forsitan
1687 4921 1939 4968 terrenus
1963 4911 2147 4968 defor-

560 5010 774 5080 misque
825 5018 993 5079 atque
1033 5005 1287 5062 informis
1332 5004 1594 5060 vitiorum
1635 5013 1838 5060 motus.
1870 5003 2143 5074 Memphi-

561 5103 755 5158 bosthe
809 5107 1017 5167 autem,
1064 5099 1232 5170 pudor
1263 5099 1497 5168 corporis
1525 5113 1725 5162 eorum,
1766 5095 1914 5166 quod
1937 5107 2023 5152 est
2055 5096 2142 5152 in-

559 5193 829 5249 naturalis
859 5191 1026 5247 animi
1066 5190 1214 5245 circa
1247 5189 1539 5244 libidinem
1573 5188 1882 5257 vitiumque
1917 5196 2138 5254 motus;

560 5280 819 5348 cogitatio
838 5277 1101 5332 nimirum
1121 5277 1449 5332 libidinosos
1469 5275 1700 5331 affectus
1721 5275 1967 5346 vitiaque
1985 5277 2143 5331 adin-

562 5373 836 5428 veniens:
887 5376 981 5424 aut
1027 5368 1166 5423 forte
1217 5369 1400 5423 saeculi
1443 5383 1509 5423 ac
1542 5367 1792 5438 corporis
1821 5383 2011 5422 amans
2053 5384 2143 5422 ra--

563 5467 773 5520 tionem
800 5460 1103 5516 meditatio.
1135 5460 1244 5515 Aut
1273 5475 1517 5524 rursum,
1552 5474 1673 5528 quze
1713 5459 2004 5515 affectibus
2033 5458 2144 5514 for—

560 5573 702 5612 mam
743 5552 976 5617 inducit,
1015 5551 1477 5622 libidinosamque
1507 5551 1980 5622 pulchritudinem
2010 5569 2140 5610 sen-

557 5651 640 5705 sui
669 5654 1064 5717 comparatam,
1095 5644 1297 5698 mentis
1330 5644 1554 5714 agitatio
1588 5643 1812 5715 effingit.
1857 5645 1968 5700 llos
1990 5646 2138 5700 enim

555 5741 780 5806 Iberos,
820 5753 886 5792 ex
925 5734 1177 5792 doctrina
1211 5750 1334 5805 qua:
1377 5735 1490 5790 sola
1522 5737 1795 5791 sermonis
1826 5737 2139 5807 prolatione

2259 4544 2497 4614 Ῥεσφᾶς
2559 4547 2918 4618 ὑπάρχουσιν,
2969 4549 3230 4621 Ἕρμονθὶ⁸
3291 4552 3390 4605 καὶ
3451 4544 3765 4622 Μεμφιὸοσθέ.

2258 4638 2516 4710 Ἐρμονθὶ
2552 4639 2609 4693 δέ
2659 4640 2832 4707 ἐστιν,
2883 4641 3152 4711 ἀνάθεμα
3179 4641 3403 4707 αὐτῶν,
3448 4645 3580 4712 ὅπερ
3613 4637 3764 4702 ἐστί’ιῆ

2247 4731 2374 4784 καθ’
2401 4731 2679 4803 ἁμαρτίαν
2711 4732 2801 4786 διὰ
2844 4731 3100 4804 σώματος
3136 4733 3311 4806 φθορά
3353 4737 3476 4806 τῆς
3507 4733 3605 4788 τῶν
3631 4726 3764 4785 παθῶν

2247 4823 2530 4894 ἐνεργείας
2550 4840 2563 4856 ·
2596 4825 2628 4896 ἢ
2655 4827 2682 4879 6
2700 4826 2887 4892 τόπος,
2924 4826 3204 4881 τουτέστιν
3239 4829 3267 4882 6
3306 4829 3535 4900 κόσμος,
3567 4828 3619 4880 ἐν
3697 4820 3764 4887 τῆς

2247 4917 2613 4988 παραϐάσεως
2651 4917 2806 4989 ἐδόθη
2833 4919 2894 4972 τὸ
2935 4918 3246 4990 ἐπιτίμιον·
3283 4921 3454 4990 ἦγουν
3484 4923 3515 4990 ἡ
3557 4916 3662 4972 καθ’
3681 4913 3762 4983 ἠδο-

2248 5009 2345 5080 νῆν
2373 5009 2510 5080 πρὸς
2543 5010 2636 5064 τὸν
2663 5010 2868 5081 κόσμον
2909 5010 3218 5074 ἐνδιάθετος
3264 5011 3451 5082 σχέσις
3476 5011 3537 5082 ’ἢ
3564 5007 3713 5078 τυχὸν,
3741 5003 3760 5068 ἡ

2248 5098 2516 5169 πρόῃ)λοῖ
2555 5099 2650 5154 καὶ
2677 5098 2918 5170 “amis
2957 5099 3065 5152 τῶν
3102 5099 3292 5154 παθῶν
3331 5101 3428 5153 καὶ
3461 5096 3760 5153 ἀδιάπλαστω

2247 5192 2482 5263 κίνησις.
2512 5190 2871 5260 Μεμφιϐοσθὲ
2899 5191 2979 5254 δέ,
3010 5193 3277 5261 αἰσχύνη
3301 5191 3572 5261 σώματος
3597 5181 3757 5242 αὐτῶν,

2247 5283 2386 5353 ὅπερ
2414 5282 2615 5352 ἐστὶνὴ
2650 5282 2805 5351 παρά
2840 5281 3004 5350 φύσιν
3037 5282 3131 5335 τοῦ
3171 5282 3263 5336 νοῦ
3295 5282 3424 5352 περὶ
3445 5281 3627 5334 κακίαν
3650 5273 3758 5335 κενι·

2249 5389 2364 5435 σις⁹
2416 5374 2586 5443 ἤγουν
2636 5373 2668 5442 ή
2700 5371 3023 5442 ἐπινοητικὴ
3050 5370 3159 5425 τῶν
3195 5371 3383 5426 παθῶν
3422 5369 3706 5438 ἐνθύμησις·
3736 5357 3755 5425 ἦ

2246 5464 2430 5534 τυχὸν,
2463 5466 2495 5534 ἡ
2528 5462 2862 5532 φιλόκοσμος
2890 5463 3089 5534 μελέτη
3119 5463 3228 5516 τῶν
3255 5463 3526 5532 λογισμῶν
3553 5457 3633 5511 καὶ
3654 5452 3756 5522 ptio-

2249 5554 2521 5624 σώματος.
2552 5554 2624 5608 Ἢ
2658 5553 2842 5619 πάλιν,
2874 5555 2908 5625 ἡ
2946 5555 3058 5618 τοῖς
3099 5553 3326 5609 πάθεσιν
3349 5547 3486 5615 εἶδος
3515 5549 3752 5613 ἐπάγουσα.

2246 5646 2418 5701 καὶτὸ
2448 5645 2572 5700 καθ’
2598 5647 2788 5717 ἡδονὴν
2822 5649 2960 5718 πρὸς
2991 5646 3244 5716 αἴσθησιν
3265 5644 3637 5700 διαπλάττουσα
3661 5627 3754 5687 καλ-

2245 5736 2334 5800 λος
2359 5737 2452 5790 τοῦ
2481 5735 2573 5789 νοῦ
2603 5735 2834 5808 κίνησις.
2879 5735 3113 5800 Τούτους
3149 5735 3259 5806 γάρ
3300 5734 3490 5805 γεννᾷν
3513 5729 3620 5790 τοὺς
3645 5719 3752 5781 νιοδς
