3986 6458
224 342 326 409 749

1285 341 1783 414 ΟΠίΕΞΤΙΟΝΕς
1822 342 1920 399 AD
1958 338 2469 399 THALASSIUM.

3402 340 3506 405 750

225 462 466 529 πέφυκεν
510 460 572 513 ἐκ
601 460 701 530 τῆς
732 461 875 513 κατὰ
923 459 1093 529 μόνην
1124 456 1222 527 τὴν
1249 457 1306 509 ἐν
1337 458 1481 528 λόγῳ
1522 456 1807 528 προφορὰν

1933 454 2201 517 tonsistat,
2236 452 2478 522 proclive
2506 454 2752 525 gignant,
2800 464 2915 510 tum
2967 456 3054 510 lex
3105 455 3332 526 scripta,
3390 465 3504 510 tum

221 550 602 622 ἐκμαθήσεως,
635 552 664 604 ὃ
693 568 751 603 τε
779 549 1026 621 γραπτὸς
1047 547 1234 618 νόμος,
1265 548 1361 602 κα)⁵
1398 551 1427 601 ὁ
1464 549 1613 618 μόνῳ
1640 564 1813 619 προσ-

222 643 537 712 καθήμενος
572 640 650 710 τῷ
672 644 965 712 γράμματι
994 638 1091 692 τοῦ
1126 640 1292 710 νόμου
1317 638 1463 702 νοῦς.
1496 638 1699 709 Μερὼϐ
1732 638 1809 705 δὲ,

222 733 366 788 κατὰ
394 733 490 803 τὴν
513 733 684 803 αὐτῆς
714 732 1018 803 ἑρμηνείαν
1043 732 1191 784 ἐστὶν
1225 730 1280 803 (ἡ
1301 730 1396 785 τοῦ
1438 730 1612 784 Σαοὺλ
1645 730 1814 800 θυγά-

219 827 369 897 τηρ),
402 826 440 893 ἡ
485 822 815 892 πλησμονὴ
862 823 969 877 τοῦ
1016 821 1325 892 φάρυγγος
1348 840 1361 853 ’
1398 824 1536 893 ὅπερ
1566 821 1717 893 δηλοῖ
1753 821 1814 875 τὸ

220 919 320 988 τῆς
371 914 818 987 γαστριμαργίας
858 915 1050 980 πάθος.
1096 916 1282 985 Μόνην
1322 916 1431 986 γάρ
1477 911 1587 967 οἶδε
1619 916 1814 985 γεννᾷν

222 1010 479 1079 σώματος
508 1007 740 1079 τρυφὴν,
780 1008 875 1061 καὶ
902 1009 999 1079 τὴν
1037 1010 1145 1061 τῶν
1173 1007 1377 1061 ὑλικῶν
1405 1007 1815 1076 ἀπολαυστικὴν

218 1101 480 1164 διάθεσιν,
517 1101 545 1153 ὅ
565 1117 623 1153 τε
647 1101 814 1169 νόμος
836 1100 977 1154 κατὰ
1008 1101 1070 1152 τὸ
1101 1100 1360 1171 γράμμα,
1388 1102 1499 1164 τοῖς
1522 1099 1815 1169 συμϐόλοις

217 1194 349 1257 τοὺς
372 1195 493 1247 κατ’
523 1192 688 1246 αὐτὸν
705 1193 1071 1264 λατρεύοντας
1099 1194 1459 1264 περιγράφων
1485 1208 1499 1221 ’
1532 1192 1560 1246 ὅ
1580 1209 1640 1245 τε
1666 1191 1813 1259 νοῦς,

217 1288 308 1340 διὰ
349 1286 446 1356 τὴν
475 1286 807 1357 φιλόσαρκον
838 1284 1007 1357 ζωὴν,
1045 1286 1189 1340 κατὰ
1235 1285 1297 1339 τὸ
1334 1285 1573 1357 γράμμα
1607 1285 1700 1339 τὸν
1732 1285 1817 1338 νό-

221 1395 324 1447 μον
353 1379 469 1439 τοῖς
489 1376 680 1439 τύποις
708 1377 1059 1447 περιορίζων.
1089 1376 1261 1430 Πέντε
1285 1375 1340 1428 δὲ
1368 1377 1466 1445 τῆς
1490 1374 1695 1447 Μερὼϐ
1724 1375 1817 1428 θυ-

219 1469 423 1541 γατρὸς
452 1469 626 1523 Σαοὺλ
659 1470 768 1523 υἱοὶ
796 1470 1223 1539 καθεστήκασιν,
1267 1470 1315 1522 οἱ
1347 1468 1489 1522 κατά
1521 1468 1816 1539 παράκρη-

220 1579 309 1613 σιν
343 1561 612 1633 ἐμπαθεῖς
662 1561 825 1615 πέντε
870 1559 1066 1631 τρόποι
1097 1560 1206 1613 τῶν
1260 1558 1425 1614 πέντε
1467 1558 1814 1629 αἰσθήσεων

216 1652 315 1717 οὒς
370 1655 578 1707 τίκτειν
629 1654 849 1717 πάντως
883 1650 1045 1704 εἴωθε
1081 1650 1159 1723 τῷ
1195 1649 1469 1722 Ἐσδριὴλ,
1512 1651 1683 1722 ἤγουν
1738 1651 1818 1722 τῷ

220 1744 549 1817 θεωρητικῷ
581 1745 760 1817 μέρει,
791 1748 824 1815 ἡ
858 1746 1022 1815 μόνου
1060 1745 1155 1799 τοῦ
1193 1744 1449 1816 σώματος
1484 1744 1624 1799 κατά
1651 1744 1815 1814 νόμον

218 1836 313 1891 διὰ
346 1839 557 1909 τρυφῆς
583 1837 997 1908 ἐπιμελουμένη
1027 1837 1289 1899 διάθεσις.

294 1929 533 1994 Τούτους
562 1931 685 1994 τοὺς
725 1930 819 1984 δύο
850 1930 945 1983 τοῦ
974 1931 1148 1984 Σαοὺλ
1174 1931 1325 1993 υίοὺς
1358 1929 1471 2001 (25)
1505 1930 1696 2000 (ἤγουν
1717 1928 1818 1999 τὴν

221 2022 361 2095 ὕλην
384 2023 560 2077 καὶτὸ
589 2018 774 2091 εἶδος),
796 2023 889 2076 καὶ
916 2025 1041 2085 τοὺς
1065 2025 1227 2075 πέντε
1247 2022 1341 2076 τοῦ
1363 2018 1539 2074 Σαοὺλ
1562 2019 1814 2084 υἱωνοὺς,

220 2119 393 2189 ἤγουν
419 2117 547 2178 τοὺς
579 2116 709 2188 περὶ
736 2117 837 2186 τὴν
865 2116 999 2188 ὕλην
1032 2117 1128 2170 καὶ
1178 2115 1243 2169 τὸ
1289 2110 1428 2176 εἶδος
1460 2112 1604 2167 κατὰ.
1634 2112 1816 2184 παρά-

223 2228 427 2283 χρησιν
462 2210 627 2264 πέντε
672 2211 912 2281 τρόπους
935 2210 1045 2263 τῶν
1076 2209 1387 2280 αἰσθήσεων
1414 2208 1585 2278 (λέγω
1623 2207 1689 2280 δὴ
1721 2210 1820 2281 τὴν

222 2300 449 2371 ἐμπαθῆ
496 2317 556 2353 τε
602 2301 699 2353 καί⁹
754 2300 906 2371 παρὰ
957 2300 1121 2371 φύσιν
1175 2300 1313 2371 πρὸς
1346 2300 1418 2352 τά
1449 2299 1686 2371 αἰσθητὰ
1711 2299 1821 2352 τῶν

221 2393 539 2464 αίσθήσεων
570 2394 915 2466 συμπλοκὴν,
943 2395 1113 2465 ἤγουν
1134 2394 1203 2447 τά
1229 2393 1334 2446 ὑπὸ
1367 2394 1560 2464 χρόνον
1587 2393 1680 2447 καὶ
1705 2394 1825 2463 ρεῦ-

227 2486 363 2555 σιν),
401 2486 539 2555 μετὰ
569 2487 667 2557 τὴν
715 2487 977 2557 τελευτὴν
1006 2486 1182 2540 Σαοὺλ
1206 2486 1511 2551 (τουτέστι,
1555 2485 1696 2556 μετὰ
1723 2484 1822 2555 τὴν

224 2580 465 2649 πάροδον
497 2580 599 2649 τῆς
648 2581 707 2633 ὲν
757 2580 907 2651 νόμῳ
940 2580 1082 2633 κατὰ
1112 2583 1173 2633 τὸ
1222 2580 1459 2649 γράμμα
1492 2578 1821 2648 σωματικῆς

224 2672 507 2744 λατρείας,
536 2672 631 2726 καὶ
653 2672 753 2743 τὴν
776 2673 876 2743 τῆς
896 2672 1123 2740 ἀγνοίας
1150 2671 1448 2741 διάϐασιν),
1481 2670 1822 2741 παραδίδωσι

225 2762 613 2833 θανατωθῆναι
646 2762 789 2817 κατὰ
818 2764 909 2818 τὸν
958 2763 1102 2817 θεῖον
1142 2762 1552 2834 χρηματισμὸν,
1583 2760 1751 2815 Δαϐὶδ
1794 2762 1822 2813 ό

226 2854 537 2925 Θαυμάσιος
588 2857 699 2918 τοῖς
755 2855 1131 2918 Γαϐαωνίταις
1184 2855 1479 2925 (τουτέστι,
1525 2856 1640 2918 τοῖς
1678 2854 1821 2907 κατὰ

224 2948 332 3017 τὴν
377 2946 616 3016 φυσικὴν
647 2945 881 3017 θεωρίαν
909 2946 1270 3019 ὑψηλοτέροις
1312 2944 1493 3015 λόγοις
1532 2946 1627 3000 καὶ
1672 2946 1822 3013 λογι-

226 3038 412 3106 σμοῖς,
460 3037 490 3088 ό
549 3036 925 3107 πνευματικὸς
969 3037 1156 3106 νόμος,
1202 3038 1234 3109 ἣ
1277 3038 1421 3104 νοῦς,
1465 3041 1566 3111 τὴν
1618 3043 1675 3105 ἐν
1709 3046 1824 3106 τοῖς

1914 560 2038 615 quae
2067 546 2169 601 soli
2194 547 2330 617 legis
2354 547 2552 601 litterae
2575 563 2732 602 mens
2750 548 3012 603 adhaeret.
3045 549 3266 604 Merobe
3298 558 3505 615 autem,

1916 639 1991 693 ita
2016 642 2074 693 ut
2098 640 2218 710 ejus
2238 656 2441 695 nomen
2463 649 2621 694 sonat
2648 640 2851 711 (Saulis
2877 642 3140 697 nimirum
3168 642 3300 712 ﬁlia)
3337 643 3505 697 abun-

1915 727 2051 782 dans
2076 730 2306 798 gutturis
2340 730 2560 783 satietas
2589 740 2709 784 est:
2752 731 2901 800 quod
2934 731 3075 801 gula:
3106 731 3302 785 vitium
3334 731 3507 802 signi-

1916 819 2065 874 ﬁcat.
2100 820 2193 876 Sic
2223 821 2371 875 enim
2404 829 2808 892 comparatum,
2837 830 2897 875 ut
2932 831 3046 875 tum
3091 822 3178 875 lex
3214 824 3369 892 juxta
3414 823 3510 877 lit-

1918 919 2115 977 teram,
2143 928 2212 966 ex
2244 914 2365 984 ejus
2400 912 2615 967 ratione
2654 914 2818 984 282
2855 914 3181 982 servientes,
3207 915 3334 969 unis
3360 930 3510 986 sym-

1917 1007 2060 1062 bolis
2099 1005 2394 1071 dcﬁniens,
2431 1017 2547 1063 tum
2576 1023 2732 1063 mens
2753 1008 2824 1063 ob
2849 1010 3128 1063 carnalem
3154 1024 3219 1064 ac
3249 1008 3512 1063 libidino-

1918 1116 2035 1156 sam
2110 1099 2315 1165 vitam,
2380 1116 2447 1154 ex
2523 1100 2723 1157 littera:
2790 1102 3007 1156 ratione
3078 1101 3255 1171 legem
3322 1099 3511 1171 ﬁguris

1918 1191 2290 1257 concludens,
2341 1194 2512 1247 solam
2562 1193 2791 1264 gignant
2840 1194 3093 1264 corporis
3144 1194 3511 1264 voluptatem,

1918 1286 2277 1355 fruendisque
2325 1287 2563 1341 terrenis
2617 1287 2934 1357 impensum
2976 1288 3225 1342 animum
3281 1286 3509 1341 faciant.

1919 1376 2265 1432 Suntautcm
2293 1377 2541 1449 quinque
2569 1378 2840 1445 Merobes,
2887 1379 3072 1434 Saulis
3120 1379 3262 1443 ﬁlim,
3310 1378 3511 1444 liberi;

1918 1484 2119 1540 nempe
2145 1469 2431 1525 libidinosi
2461 1470 2732 1541 quinque,
2762 1472 2940 1526 abusu
2977 1479 3319 1534 constantes,
3348 1470 3514 1539 quin-

1918 1578 2027 1632 que
2065 1578 2329 1617 sensuum
2360 1563 2511 1618 modi
2544 1582 2557 1617 :
2591 1579 2731 1633 quos
2763 1578 2997 1633 prorsus
3038 1562 3276 1618 Esdrieli
3320 1578 3516 1632 parere

1919 1655 2210 1709 consuevit
2264 1654 2431 1727 (parti
2489 1656 2701 1711 scilicet
2750 1653 3173 1725 contemplanti)
3222 1670 3349 1724 quae
3411 1654 3514 1708 soli

1920 1749 2139 1819 corpori
2198 1765 2268 1804 ex
2326 1749 2465 1821 legis
2516 1749 2731 1806 ratione
2790 1764 2892 1819 per
2951 1747 3293 1817 voluptatem
3360 1762 3520 1801 mens

1851 1816 1894 1870 Β
1922 1816 2110 1896 dedita
2145 1841 2239 1896 sit.

1995 1935 2177 1990 Ilosce
2199 1935 2341 1990 duos
2363 1935 2544 1990 Saulis
2579 1934 2723 1989 ﬁlios
2746 1933 3057 2005 (materiam
3082 1932 3296 1988 scilicet
3319 1942 3376 1987 et
3402 1931 3515 1987 for-

1922 2027 2091 2097 mam)
2117 2025 2410 2096 Saulisque
2440 2027 2687 2097 quinque
2708 2036 2961 2097 nepotes,
2992 2042 3192 2097 nempe
3230 2027 3327 2096 qui
3371 2025 3516 2080 circa

1922 2117 2213 2173 materiam
2251 2127 2307 2173 et
2335 2117 2565 2173 formam
2586 2119 2834 2188 quinque
2862 2134 3126 2174 sensuum
3157 2118 3305 2173 modi
3340 2118 3516 2172 abusu

1924 2220 2217 2266 versantur
2275 2210 2656 2282 (libidinosam
2708 2211 2973 2265 nimirum
3031 2227 3095 2266 ac
3145 2211 3517 2265 innaturalem

1924 2316 2189 2355 sensuum
2220 2316 2347 2355 cum
2371 2300 2693 2366 sensilibus,
2720 2315 2847 2354 cum
2891 2301 3266 2371 temporaneis
3308 2300 3521 2355 scilicet

1925 2391 2201 2461 ﬂuxisque
2236 2392 2405 2447 rebus
2433 2392 2907 2464 congressionem)
2932 2402 3059 2463 post
3081 2392 3264 2448 Saulis
3286 2402 3519 2447 mortem

1928 2483 2046 2555 (ubi
2091 2484 2307 2539 scilicet
2361 2484 2668 2554 corporalis
2725 2485 2864 2555 legis
2920 2500 2989 2539 ex
3058 2485 3256 2539 litterae
3308 2484 3522 2539 ratione

1926 2576 2132 2641 cultus,
2172 2577 2594 2648 ignorantiaque
2627 2575 2943 2648 transierat)
2970 2576 3390 2632 interﬁciendos
3415 2586 3525 2632 tra-

1926 2668 2007 2723 dit
2035 2667 2359 2724 Gabaonitis
2387 2669 2735 2723 admirabilis
2771 2668 2965 2733 David,
3000 2684 3102 2738 pro
3132 2685 3199 2723 eo
3232 2684 3296 2723 ac
3332 2669 3524 2724 divino

1926 2770 2108 2825 fuerat
2154 2770 2475 2826 admonitus
2526 2770 2751 2825 oraculo
2785 2769 3006 2842 (nempe
3030 2772 3300 2826 naturalis
3327 2787 3524 2841 specu-

1925 2860 2149 2916 lationis
2182 2862 2605 2916 sublimioribus
2628 2861 2940 2916 rationibus
2978 2877 3042 2916 ac
3069 2862 3522 2931 cogitationibus,

1926 2953 2014 3008 lex
2048 2954 2335 3024 Spiritalis,
2370 2955 2487 3009 sive
2522 2969 2698 3018 mens,
2749 2953 2817 3007 ad
2879 2953 3413 3009 universalissimam
3466 2954 3525 3009 in

1927 3046 2192 3117 symbolis
2247 3061 2375 3101 cum
2415 3062 2581 3102 sensu
2633 3061 2699 3101 ac
2744 3060 2983 3115 corpore
3045 3055 3526 3116 temporanearum

226 3131 525 3203 συμϐόλοις
558 3133 695 3204 πρὸς
735 3132 989 3203 αἴσθησιν
1040 3133 1136 3187 καὶ
1176 3133 1338 3205 σῶμα
1373 3134 1825 3209 καθολικωτάτην

1933 3152 2119 3192 rerum
2138 3137 2469 3193 abolendam
2488 3154 2553 3192 ac
2576 3138 3007 3192 interimendam
3032 3138 3526 3209 necessitudinem)

224 3226 346 3279 τῶν
389 3226 496 3279 ὑπὸ
551 3226 742 3296 χρόνον
802 3226 988 3296 σχέσιν
1039 3226 1302 3294 ἀφανίσαι
1344 3227 1439 3281 καὶ
1469 3226 1826 3300 θανατῶσαι),

227 3318 375 3371 κατὰ
403 3318 464 3371 τὸ
500 3315 632 3391 ὕψος
663 3316 973 3386 γινομένοις
1003 3316 1097 3369 τοῦ
1124 3316 1314 3386 βουνοῦ
1340 3318 1542 3371 Σαούλ’
1574 3319 1719 3387 λέγω
1739 3320 1827 3390 δὴ,

224 3410 329 3463 τοῦ
369 3410 534 3481 νόμου
560 3409 662 3478 τῆς
689 3411 1069 3480 πνευματικῆς
1098 3408 1348 3480 θεωρίας.
1389 3410 1451 3464 Ei.
1476 3410 1587 3481 γάρ
1618 3412 1692 3481 μὴ
1725 3429 1830 3480 cpu-

229 3501 409 3566 σικῶς
438 3500 708 3573 πρότερόν
740 3519 824 3565 τις
849 3501 950 3571 τὴν
976 3502 1035 3555 ἐν
1059 3504 1174 3565 τοῖς
1208 3501 1500 3572 συμϐόλοις
1533 3503 1643 3557 τῶν
1671 3502 1832 3557 θείων

228 3595 335 3648 καὶ
358 3594 567 3664 νοητῶν
598 3594 974 3664 διασκοπήσας
1003 3593 1330 3664 άπέμφασιν
1360 3594 1496 3666 (26),
1529 3595 1706 3649 ἐλθεῖν
1732 3615 1833 3651 ποι

229 3687 383 3758 θήσῃ
412 3687 553 3739 κατὰ
601 3684 749 3750 νοῦν,
787 3685 893 3750 ἔξω
952 3684 1237 3748 παντελῶς
1264 3685 1375 3739 τῶν
1424 3684 1587 3740 θείων
1619 3687 1833 3742 ἀδύτων

229 3780 341 3848 τὴν
362 3777 610 3849 αἴσθησιν
651 3777 897 3848 θέμενος,
947 3777 1085 3848 πρὸς
1112 3776 1213 3849 τὴν
1254 3777 1364 3830 τῶν
1393 3777 1600 3848 νοητῶν
1629 3780 1833 3852 εὐπρέ-

232 3889 422 3939 πειαν,
459 3872 558 3942 τῆς
592 3873 653 3925 ἐν
707 3874 822 3935 τοῖς
846 3869 1040 3933 τύποις
1090 3869 1428 3940 ἀπολυθῆναι
1462 3871 1718 3939 καθάπαξ
1770 3874 1832 3926 οὐ

229 3966 461 4020 δύναται
499 3964 826 4036 σωματικῆς
876 3963 1153 4027 ποικιλίας
1177 3980 1191 3994 ·
1229 3963 1355 4017 καθ’
1389 3964 1456 4035 ἢν
1487 3964 1594 4028 ἕως
1630 3964 1833 4037 βέϐηκε

228 4058 333 4113 τοῦ
364 4058 693 4131 γράμματος
733 4057 1115 4127 ἀντεχόμενος,
1171 4055 1273 4128 τὴν
1306 4056 1372 4110 ἐκ
1419 4056 1510 4110 τοῦ
1543 4056 1706 4127 λιμοῦ
1736 4056 1837 4127 τῆς

231 4151 500 4223 γνώσεως
554 4152 784 4215 εἰκότως
836 4150 1077 4222 ἀπορίαν
1122 4149 1185 4203 ού
1237 4148 1688 4221 παραμυθεῖται*
1734 4149 1837 4220 τῆς

232 4247 465 4317 Γραφῆς
489 4246 591 4317 τὴν
613 4246 739 4317 γῆν,
766 4245 935 4316 ἤγουν
962 4237 1023 4296 τὸ
1050 4243 1234 4313 σῶμα,
1265 4241 1407 4295 κατὰ
1435 4241 1527 4294 τὸν
1550 4240 1836 4312 ἀπατηλὸν

232 4340 364 4408 ὅφιν
394 4338 596 4393 ἐσθίειν
622 4337 814 4390 ἐαυτὸν
843 4335 1250 4398 καταδικάσας·
1292 4333 1410 4388 ἀλλ’
1440 4334 1501 4387 οὐ
1527 4334 1670 4388 κατὰ
1697 4334 1837 4405 Χρι-

235 4432 367 4486 στὸν
394 4432 487 4485 τὸν
517 4430 664 4500 νοῦν,
693 4432 861 4501 ἤγουν
893 4432 996 4500 τῆς
1027 4427 1255 4498 Γραφῆς
1281 4426 1343 4480 τὸ
1367 4426 1589 4497 πνεῦμα
1610 4424 1706 4480 καὶ
1735 4424 1838 4497 τὴν

1937 3231 2022 3285 bis
2062 3230 2156 3300 qui
2197 3238 2330 3285 sunt
2371 3229 2427 3284 in
2468 3230 2810 3285 sublimitate
2839 3229 3001 3284 collis
3029 3229 3213 3284 Saulis
3241 3229 3530 3299 (spiritalis

1935 3322 2150 3376 scilicet
2186 3321 2320 3390 legis
2354 3318 2885 3390 contemplationis).
2911 3319 3047 3374 Nam
3079 3319 3185 3374 nisi
3214 3320 3339 3389 quis
3364 3328 3531 3373 natu-

1936 3415 2128 3469 raliter
2163 3414 2323 3484 prius
2354 3413 2603 3482 dispecta
2636 3427 2759 3482 quae
2793 3411 2849 3465 in
2891 3411 3158 3481 symbolis
3196 3419 3282 3466 est
3309 3411 3533 3466 divino-

1935 3523 2058 3562 rum
2088 3522 2153 3561 ac
2188 3506 2525 3576 spiritalium
2556 3504 3034 3569 dissimilitudine,
3072 3520 3238 3558 sensu
3297 3520 3533 3575 prorsus

1935 3609 2088 3655 extra
2110 3599 2270 3670 adyta
2303 3598 2519 3664 relicto,
2546 3604 2732 3651 mente
2763 3597 2879 3651 sola
2910 3596 2975 3651 ad
3002 3595 3333 3665 spiritalium
3362 3597 3531 3652 deco-

1937 3704 2055 3743 rem
2089 3687 2384 3757 pervenirc
2411 3687 2726 3757 percupiat,
2764 3698 2826 3741 ut
2862 3703 2893 3741 a
2919 3686 3195 3755 corporali
3227 3686 3530 3757 ﬁgurarum

1936 3780 2204 3837 varietate
2228 3780 2497 3836 liberetur
2515 3796 2867 3851 nequaquam
2892 3790 3124 3851 prorsus
3157 3780 3275 3835 ﬁeri
3308 3789 3492 3851 potest
3515 3798 3531 3845 ;

1936 3886 2005 3927 ex
2040 3872 2203 3942 cujus
2247 3871 2465 3927 ratione
2502 3871 2751 3941 quandiu
2795 3870 3003 3926 incedit
3046 3872 3289 3927 litteram
3322 3873 3532 3937 colens,

1937 3979 2102 4035 quam
2125 3963 2367 4019 sustinet
2398 3978 2469 4018 ex
2517 3963 2764 4018 scientiae
2807 3962 2955 4017 fame
2999 3964 3291 4033 penuriam
3335 3965 3536 4021 merito

1938 4071 2060 4130 non.
2077 4055 2311 4120 solatur,
2339 4054 2436 4125 qui
2468 4070 2527 4109 se
2554 4054 2673 4124 ipse
2703 4053 2771 4109 ad
2812 4052 3114 4125 Scriptura:
3150 4064 3353 4110 terram
3380 4072 3535 4111 com—

1937 4148 2211 4204 edendam
2245 4147 2321 4219 (id
2346 4156 2452 4211 est,
2475 4148 2703 4217 corpus)
2734 4146 3044 4202 seductoris
3073 4162 3229 4202 more
3262 4150 3539 4219 serpentis

1940 4240 2260 4308 addixerit;
2308 4256 2419 4294 non
2462 4248 2521 4294 ut
2564 4239 2874 4294 secundum
2908 4239 3193 4295 Christum
3228 4240 3540 4312 intelligen-

1941 4334 2018 4388 tia
2060 4347 2339 4402 sensuque
2379 4332 2709 4403 (Scriptura:
2746 4332 2964 4387 scilicet
3005 4332 3203 4402 spiritu
3247 4341 3305 4387 et
3334 4333 3538 4399 anima,

1942 4442 2084 4497 pane
2114 4424 2379 4479 nimirum
2413 4424 2627 4479 caelesti
2661 4431 2717 4478 et
2742 4422 3015 4496 angelico)
3040 4435 3297 4480 vescatur
3329 4442 3343 4491 ;
3373 4425 3542 4495 spiri-

234 4524 440 4596 ψυχὴν,
489 4523 739 4577 τουτέστι
794 4523 889 4575 τὸν
917 4521 1174 4592 οὐράνιον
1206 4520 1301 4573 καὶ
1327 4518 1619 4588 ἀγγελικὸν
1669 4517 1826 4589 ἄρτον

1942 4516 2035 4571 tali
2057 4515 2271 4570 scilicet
2297 4515 2353 4569 in
2382 4513 2606 4570 Christo
2635 4513 3049 4584 Scripturarum
3072 4514 3543 4584 contemplatione

236 4618 407 4689 (λέγω
436 4616 523 4688 δὴ,
553 4617 651 4687 τὴν
687 4616 744 4668 ἐν
778 4613 1005 4685 Χριστῷ
1041 4612 1151 4666 τῶν
1186 4611 1423 4682 Γραφῶν
1452 4609 1836 4682 πνευματικὴν

234 4708 478 4778 θεωρίαν
501 4708 597 4763 καὶ
620 4706 844 4777 γνῶσιν)
871 4704 1033 4778 [ἄλλ.
1061 4701 1291 4776 βρῶσιν]
1319 4703 1801 4778 βρωματιζόμενος
1821 4718 1836 4733 ο

235 4800 313 4869 ἣν
342 4799 527 4854 δίδωσι
569 4797 812 4866 δαψιλῶς
856 4796 1372 4868 ἐπιχορηγουμένην
1405 4798 1518 4858 τοῖς
1550 4794 1839 4862 ἀγαπῶσιν

1945 4621 2011 4660 ac
2048 4605 2319 4671 scientia;
2367 4620 2535 4675 quam
2590 4603 2741 4675 larga
2795 4605 3313 4660 subministratione
3376 4605 3545 4661 tradit

1945 4700 2114 4766 Deus,
2150 4698 2262 4763 his,
2289 4699 2384 4768 qui
2408 4698 2589 4768 ipsum
2622 4698 2883 4769 diligunt,
2915 4698 3072 4769 juxta
3114 4697 3249 4751 illud
3284 4714 3297 4751 :
3339 4696 3544 4751 Panem

1948 4790 2064 4846 caeli
2085 4789 2227 4843 dedit
2250 4791 2358 4855 eis;
2379 4806 2575 4860 panem
2611 4788 2926 4858 angelorum
2951 4788 3290 4842 manducavit
3308 4788 3461 4840 homo
3473 4789 3541 4840 7°.

233 4893 406 4949 αὑτὸν
428 4897 456 4947 ὁ
485 4893 638 4958 Θεὸς,
663 4891 807 4946 κατὰ
829 4890 891 4943 τὸ
922 4889 1313 4961 γεγραμμένον
1337 4906 1350 4918 ·
1384 4888 1597 4956 Ἄρτον
1618 4884 1880 4957 οὐρανοῦ
1909 4883 2135 4939 ἔδωκεν
2161 4881 2403 4947 αὐτοῖς’
2441 4880 2626 4948 ἄρτον
2644 4881 2919 4949 ἀγγέλων
2942 4878 3167 4948 ἔφαγεν
3204 4879 3541 4946 ἄνθρωπος,

318 4988 438 5060 Χρὴ
460 4985 750 5057 τοιγαροῦν
771 4982 869 5054 τὴν
895 4983 1019 5036 κατ’
1046 4980 1303 5051 αἴσθησιν
1342 4979 1481 5051 πρὸς
1535 4977 1697 5050 σῶμα
1736 4979 1835 5050 τῆς

232 5078 468 5150 Γραφῆς
499 5075 752 5146 ἐκδοχὴν,
779 5074 854 5137 ὼς
886 5073 1073 5127 παθῶν
1106 5071 1389 5143 προδήλως
1425 5072 1520 5125 καὶ
1552 5071 1653 5141 τῆς
1701 5072 1838 5143 πρὸς

230 5169 313 5223 τά
342 5166 571 5238 χρονικὰ
623 5167 719 5220 καὶ
771 5166 968 5238 ῥέοντα
1016 5166 1275 5235 σχετικῆς
1327 5162 1623 5225 διαθέσεως
1672 5159 1837 5216 οὖσαν

234 5262 572 5334 γεννητικὴν
624 5262 812 5330 (ἤγουν
842 5259 941 5329 τῆς
969 5258 1109 5330 πρὸς
1138 5258 1206 5311 τά
1253 5256 1490 5327 αἰσθητά
1510 5256 1619 5309 τῶν
1647 5254 1840 5325 αίσθή-

234 5371 386 5410 σεων
425 5351 709 5423 ἐμπαθοῦς
759 5349 1089 5422 ἐνεργείας),
1124 5348 1200 5412 ὡς
1231 5348 1406 5402 Σαοὺλ
1428 5347 1591 5401 τέκνα
1622 5348 1718 5399 καὶ
1751 5345 1852 5399 ἔκ·-

230 5463 401 5519 γονα,
432 5446 521 5498 διὰ
539 5446 637 5515 τῆς
670 5444 929 5514 φυσικῆς,
953 5441 1029 5505 ὡς
1056 5444 1114 5495 ἐν
1143 5442 1258 5511 ὄρει
1284 5444 1349 5511 τῇ
1384 5441 1492 5493 τῶν
1524 5439 1685 5492 θείων
1720 5440 1843 5492 άνα-

235 5540 411 5611 γωγῇ
439 5537 635 5606 λογίων
656 5534 822 5609 [ἄλλ.
859 5533 1081 5607 λόγων],
1108 5534 1379 5604 ἀφανίσας
1405 5532 1662 5605 θεωρίας,
1683 5532 1842 5601 εἴπερ

228 5629 633 5702 ἐμφορηθῆναι
691 5629 846 5693 θείας
883 5625 1155 5700 ἐφιέμεθα
1206 5624 1451 5697 χάριτος.
1501 5625 1564 5679 Et
1603 5622 1712 5695 γάρ
1747 5624 1839 5677 ἐπὶ

321 5813 370 5847 ⁷⁰
403 5814 548 5872 Psal.
585 5830 781 5881 Lxxvn,
812 5813 900 5869 24.

2017 4974 2211 5045 Opera:
2240 4972 2482 5044 pretium
2519 4972 2687 5042 igitur
2710 4973 2805 5036 sit,
2839 4982 2901 5025 ut
2932 4970 3235 5041 Scriptura:
3254 4986 3321 5025 ex
3348 4987 3547 5026 sensus

1947 5067 2169 5139 corpori
2214 5066 2435 5121 addicta
2484 5066 2700 5119 ratione
2748 5065 2910 5135 283
2963 5064 3365 5134 expositionem
3420 5081 3548 5120 sen-

1943 5176 2181 5231 sumque
2213 5176 2317 5214 ceu
2352 5158 2615 5213 vitiorum
2653 5173 2883 5226 prorsus
2932 5174 2995 5212 ac
3038 5158 3544 5227 perturbationum,

1945 5252 2289 5321 affectusque
2332 5250 2397 5304 ad
2436 5259 2795 5320 temporanea
2840 5249 3098 5319 ﬂuxaquc
3123 5249 3408 5304 libidinosi
3444 5251 3547 5321 (vi-

1947 5346 2100 5399 tiosa:
2134 5343 2350 5399 scilicet
2404 5358 2666 5397 sensuum
2716 5358 2845 5412 erga
2902 5343 3124 5397 sensilia
3176 5345 3541 5415 operationis)

1946 5445 2258 5508 parentem,
2307 5436 2459 5489 velut
2492 5434 2669 5489 Saulis
2694 5434 2902 5489 liberos
2933 5450 2997 5488 ac
3021 5444 3274 5505 nepotes,
3301 5436 3457 5506 quasi
3488 5438 3544 5490 in

1950 5538 2139 5585 monte
2168 5527 2508 5598 (divinorum
2540 5527 2755 5583 scilicet
2793 5527 3150 5597 eloquiorum
3205 5528 3541 5584 celsitudine

1946 5636 2047 5693 per
2072 5622 2385 5677 naturalem
2410 5620 2847 5691 speculationem
2867 5622 3190 5679 aboleamus
3214 5639 3231 5691 ;
3270 5622 3547 5695 siquidem
