3986 6420
223 401 334 464 753

1292 395 1692 469 QUESTION
1703 395 1789 454 ES
1821 396 1922 454 AD
1959 394 2471 455 TIIALASSIUM.

3427 383 3455 443 7
3465 381 3533 443 5-1

222 529 375 574 νωνς
410 512 534 574 Πῶς
569 509 627 565 δὲ
661 511 792 576 τοὺς
812 514 876 565 ὲκ
904 510 998 564 τοῦ
1030 508 1343 578 σπέρματος
1375 504 1539 557 αὐτοῦ
1561 503 1819 564 λαϐόντες

1926 502 2156 571 con/into
2182 501 2422 565 lsraelis,
2445 513 2570 555 cum
2599 504 2725 552 ante
2748 497 2935 567 plures
2963 507 3138 549 annos
3165 491 3257 547 ille
3281 499 3532 545 mortuus

221 603 370 656 ἑπτὰ
396 603 621 673 ἄνδρας,
670 602 886 666 Αὑτὸν,
927 597 1096 664 εἷπον,
1149 599 1561 668 ἀφανίσομεν,
1601 595 1818 663 τοῦμὴ

219 694 480 748 ἑστάναι
501 695 690 748 αὑτὸν
717 695 787 748 ἐν
816 694 998 749 παντὶ
1030 694 1168 762 ὀρίῳ
1205 690 1468 758 Ἰσραὴλ,
1495 690 1600 760 πρὸ
1629 687 1822 740 τούτου

224 781 462 844 πολλοὺς
491 780 836 835 ἀποθανόντα
861 783 1122 853 χρόνους;
1171 779 1337 845 Ἀλλ’,
1377 778 1452 841 ὡς
1480 777 1641 840 ἔοικε,
1677 794 1822 846 παρ-

224 876 397 944 εμίγη
430 873 508 945 τῷ
560 874 712 946 ῥητῷ
755 877 855 944 τῆς
887 874 1130 944 ἱστορίας
1160 871 1222 924 τὸ
1254 871 1593 942 παράλογον,
1645 871 1733 924 ἵνα
1764 870 1825 924 τὸ

225 968 329 1035 τῆς
377 967 619 1030 διανοίας
648 967 847 1037 ἀληθὲς
879 967 985 1020 τῶν
1032 965 1437 1036 γεγραμμένων
1475 964 1820 1034 ζητήσωμεν.

226 1059 444 1111 οὐκοῦν
478 1059 569 1112 τὸν
601 1060 916 1130 σωματικὸν
965 1058 1090 1110 νοῦν
1125 1059 1224 1128 τῆς
1270 1055 1520 1127 Γραφῆς,
1574 1056 1824 1108 τουτέστι

225 1153 326 1206 τὸν
347 1153 542 1218 Σαοὺλ,
585 1152 839 1221 ἀφανίζει
872 1151 1152 1213 παντελῶς
1185 1151 1248 1203 ὲκ
1307 1150 1506 1212 παντὸς
1540 1150 1687 1220 ὁρίου
1725 1149 1824 1200 ἰσ-

231 1244 399 1314 ραὴλ,
429 1246 458 1297 ὁ
488 1242 684 1314 πράξει
717 1245 803 1298 διὰ
832 1245 932 1313 τῆς
973 1242 1212 1312 φυσικῆς
1239 1241 1492 1312 Θεωρίας,
1526 1242 1599 1303 ὡς
1626 1241 1712 1293 διά
1745 1259 1825 1293 τι⁸

237 1355 340 1389 θων
361 1333 746 1398 Γαϐαωνιτῶν,
779 1332 1095 1385 ἁποκτένων
1143 1331 1243 1402 τὴν
1275 1330 1625 1400 γεννωμένην
1648 1332 1711 1382 ἐκ
1731 1329 1822 1382 τοῦ

226 1426 488 1498 γραπτοῦ
531 1425 698 1493 νόμον
728 1423 864 1494 πρὸς
890 1424 986 1494 τὴν
1017 1423 1252 1477 ἄστατον
1286 1421 1440 1490 ὕλην,
1473 1422 1566 1474 καὶ
1598 1420 1825 1490 ῥέουσαν

223 1519 296 1587 τῇ
331 1516 500 1586 ψυχῇ,
528 1514 807 1585 φιλήδονον
841 1513 1026 1582 σχέσιν
1057 1513 1152 1566 καὶ
1193 1509 1576 1582 φιλοσώματον
1600 1527 1612 1540 ⁸
1649 1527 1826 1564 κατα-

227 1611 489 1678 σφάττων
538 1607 614 1670 ῶς
661 1606 827 1659 τέκνα
867 1605 960 1657 τοῦ
990 1604 1163 1658 Σαοὺλ
1195 1605 1289 1657 καὶ⁸
1338 1603 1558 1670 ἔκγονα,
1586 1601 1684 1672 τὴν
1729 1618 1826 1672 χα-

230 1699 500 1769 μαίζηλον
531 1696 622 1751 τοῦ
654 1697 820 1767 νόμου
842 1697 1105 1758 διάνοιαν,
1137 1695 1224 1748 διὰ
1258 1694 1432 1766 μέσης
1463 1696 1559 1764 τῆς
1587 1695 1826 1765 φυσικῆς

227 1790 492 1862 Θεωρίας,
527 1790 603 1855 ὡς
629 1792 685 1843 ὲν
718 1790 835 1860 ὄρει
863 1788 942 1859 τῷ
978 1788 1100 1858 ὕψει
1123 1789 1236 1858 τῆς
1274 1788 1550 1856 γνώσεως,
1589 1787 1683 1840 καὶ
1716 1805 1822 1857 φα-

225 1901 286 1938 νε
297 1883 396 1954 ραν
421 1882 744 1954 ποιούμενος
767 1880 996 1933 ἐνώπιον
1024 1879 1251 1951 Κυρίου,
1284 1880 1351 1933 δι’
1376 1876 1820 1950 ὲξομολογήσεως

223 1974 454 2046 δηλαδὴ,
504 1974 603 2045 τὴν
644 1973 782 2043 πρὸς
825 1972 986 2042 σῶμα
1032 1971 1127 2024 τοῦ
1159 1971 1328 2041 νόμου
1362 1970 1635 2043 προτέραν
1664 1971 1817 2023 ὲκδου

223 2068 354 2138 χὴν.
404 2065 577 2119 Τοῦτο
606 2063 715 2136 γὰρ
754 2064 1078 2131 ἐξηλιάσαι
1133 2065 1374 2117 νοεῖσθαι
1432 2063 1654 2116 δύναται
1708 2065 1820 2124 τοῖς

221 2159 585 2231 φιλομαθέσιν
617 2159 821 2212 ἔναντι
847 2158 1102 2225 Κυρίου*
1132 2159 1210 2220 είς
1243 2156 1356 2226 φῶς
1385 2156 1705 2225 ἀγαγόντες,
1731 2155 1820 2209 διὰ

221 2253 327 2322 τῆς
355 2251 613 2322 γνώσεως
643 2250 846 2322 δηλαδὴ
878 2250 1015 2320 (27),
1041 2250 1141 2322 τὴν
1172 2248 1316 2302 κατὰ
1345 2249 1406 2301 τὸ
1459 2247 1696 2319 γράμμα
1724 2265 1819 2300 πε-

221 2343 584 2412 πλανημένην
619 2342 713 2395 τοῦ
750 2341 916 2412 νόμον
947 2340 1241 2411 πρόληψιν.
1281 2340 1398 2402 Πᾶς
1428 2341 1537 2410 γὰρ
1564 2338 1820 2392 ἀποκτεί-

217 2453 326 2499 νας
352 2439 450 2507 τὴν
498 2435 820 2506 σωματικὴν
869 2433 964 2487 τοῦ
999 2435 1166 2504 νόμου
1199 2432 1459 2498 διάνοιαν,
1491 2431 1549 2484 τὸ
1582 2431 1822 2502 γράμμα.

216 2529 322 2582 τοῦ
367 2530 534 2600 νόμου
593 2527 783 2597 σαφῶς
845 2529 1134 2580 ἀπέκτεινε
1175 2528 1270 2580 καὶ
1296 2524 1552 2596 ἠφάνισε,
1602 2523 1706 2578 τοῦ
1733 2523 1818 2592 μὴ

219 2621 477 2676 ἑστάναι
523 2623 595 2675 ἐν
622 2620 803 2677 παντὶ
832 2621 972 2688 ὀρίῳ
1024 2617 1264 2686 Ἰσραήλ
1307 2616 1417 2688 (28)
1443 2634 1456 2647 ο
1513 2615 1816 2677 τουτέστιν,

219 2715 286 2767 ὲν
314 2713 476 2768 παντὶ
508 2713 648 2784 λόγῳ
683 2712 1059 2784 πνευματικῆς
1088 2709 1343 2782 θεωρίας.
1371 2693 1566 2778 Είγὰρ
1597 2705 1818 2778 Ἰσραὴλ

216 2805 374 2871 νοῦς
404 2803 559 2873 ὀρῶν
593 2805 742 2858 Θεὸν
784 2803 859 2875 (a)
888 2799 1277 2873 ἑρμηνεύεται,
1326 2798 1482 2869 δῆλον
1525 2797 1600 2860 ὡς
1633 2796 1692 2850 τὸ
1714 2814 1819 2849 σω-

221 2896 463 2968 ματικὸν
491 2896 584 2949 τοῦ
631 2895 796 2966 νόμου
827 2892 1086 2958 καθάπαξ
1115 2893 1172 2944 ὲν
1197 2890 1377 2944 οὐδενὶ
1427 2888 1618 2960 τρόπῳ
1651 2904 1815 2940 πνευ-

224 2989 468 3061 ματικῆς
496 2987 730 3059 θεωρίας
764 2988 1063 3058 ὑφέστηκε,
1089 2986 1201 3048 τοῖς
1250 2985 1310 3037 τὸ
1356 2984 1574 3052 πνεῦμα
1631 2999 1816 3053 προτι-

222 3081 377 3155 μῶσι
403 3080 499 3134 τοῦ
538 3081 868 3152 γράμματος
893 3096 905 3110 ·
933 3079 1090 3150 εἴπερ
1141 3077 1406 3146 Πνεῦμα,
1441 3075 1585 3129 κατὰ
1628 3074 1688 3127 τὸ
1726 3091 1818 3142 γε-

218 3174 568 3247 γραμμένον,
601 3173 773 3227 ἐστὶν
810 3175 843 3227 ὁ
882 3171 1048 3238 Θεὸς,
1092 3171 1191 3226 καὶ
1228 3169 1372 3236 τοὺς
1401 3168 1819 3236 προσκυνοῦν-

218 3285 335 3334 τας
364 3266 569 3332 αὑτὸν,
602 3268 672 3320 ἐν
701 3267 994 3334 πνεύματι
1029 3265 1125 3318 καὶ
1161 3264 1416 3331 ἀληθείᾳ
1437 3262 1532 3315 δεῖ
1549 3277 1818 3328 προσκυ-

219 3361 381 3425 νεῖν,
410 3360 526 3416 ἀλλ’
556 3359 616 3412 οὐ
644 3359 954 3430 γράμματι.
995 3357 1064 3411 Τὸ
1088 3356 1322 3427 γράμμα
1346 3355 1456 3424 γὰρ
1479 3354 1815 3408 ἀποκτένει·

221 3453 294 3506 τὸ
329 3452 398 3506 δὲ
425 3452 663 3522 πνεῦμα
695 3450 978 3512 ζωοποιεῖ.
1012 3449 1102 3503 Διὸ
1149 3448 1256 3520 χρὴ
1283 3448 1345 3502 τὸ
1373 3446 1695 3500 ἁποκτένειν
1723 3463 1822 3499 περ

221 3546 423 3614 φυκδς,
469 3545 865 3598 ἀποκτένεσθαι
917 3545 1189 3613 πνεύματι
1235 3541 1505 3611 ζωοποιῷ.
1535 3539 1820 3608 Συνυπάρ-

220 3656 346 3710 χειν
376 3638 484 3709 γὰρ
510 3639 630 3692 κατ’
663 3638 944 3708 ἐνέργειαν
977 3635 1229 3706 ἀλλήλοις
1265 3636 1383 3704 ἅμα
1418 3633 1562 3687 κατὰ
1589 3632 1649 3684 τὸ
1687 3631 1820 3684 αὐτὸ

215 3731 295 3786 τὸ
326 3730 755 3803 σωματικὸντοῦ
797 3730 966 3800 νόμου
1007 3728 1102 3783 καὶ
1134 3728 1195 3781 τὺ
1220 3727 1362 3780 θεῖον
1397 3727 1531 3798 (29),
1565 3727 1734 3797 ἤγουν
1761 3723 1820 3776 τὸ

230 3823 467 3898 γράμμα
521 3824 615 3878 καὶ
658 3824 719 3877 τὸ
754 3823 995 3888 πνεῦμα,
1053 3819 1334 3884 παντελῶς
1383 3820 1701 3889 ἀμήχανον·
1732 3818 1815 3870 ὅτι

221 3921 370 3995 μηδὲ
402 3923 713 3992 συμφωνεῖν
751 3919 962 3988 πέφυκε
984 3917 1063 3988 τῷ
1092 3916 1454 3989 παρεχομένῳ
1481 3913 1622 3969 κατὰ
1652 3913 1813 3983 φύσιν

219 4010 396 4084 ζωὴν,
423 4011 484 4066 τὸ
517 4012 722 4083 ταύτην
755 4009 1105 4081 ἀφαιρεῖσθαι
1134 4009 1450 4079 δυνάμενον.

301 4127 346 4160 ⁷⁸
374 4127 534 4183 Joan.
572 4143 646 4192 tv,
672 4127 760 4181 24.
834 4127 882 4157 ⁷⁵
917 4127 954 4180 ll
999 4125 1128 4185 Cor.
1162 4139 1242 4188 ιιι,
1279 4125 1331 4177 7.

226 4255 303 4295 ex
332 4235 589 4292 omnibus
614 4234 1017 4299 linibuslsrael,
1035 4247 1160 4288 cum
1184 4239 1265 4285 tot
1281 4245 1347 4284 ex
1370 4228 1462 4282 illa
1486 4226 1830 4297 superfuisse

230 4316 616 4364 memorentur
645 4306 794 4360 dicto
823 4306 840 4358 ι
878 4306 999 4359 Par.
1027 4320 1120 4358 vnt
1139 4313 1194 4358 et
1231 4303 1285 4355 in
1311 4310 1532 4371 gentem
1559 4314 1819 4371 magnam

231 4378 572 4443 excrevisse,
595 4377 753 4447 cujus
785 4374 1132 4445 defugiendae
1191 4369 1379 4447 causa,
1434 4369 1816 4447 necessarium

226 4449 342 4507 sibi
378 4455 534 4518 putat
557 4439 617 4518 τὸ
645 4439 991 4518 ἀλληγορεῖν,
1024 4455 1080 4499 ει
1117 4450 1176 4497 ιιι
1205 4441 1274 4497 ad
1314 4456 1511 4518 sensus
1536 4439 1818 4518 spiritales

230 4510 509 4575 recurrat.
549 4517 682 4584 Quae
711 4510 870 4571 mihi'
900 4518 1085 4572 evasio
1142 4529 1254 4568 non
1281 4511 1581 4584 admodum
1613 4510 1816 4584 proba—

229 4599 348 4654 tur,
400 4589 498 4659 qui
543 4580 776 4643 eatenus
835 4602 1032 4659 sensus
1062 4583 1367 4659 _ejusmodi
1433 4580 1814 4659 admittendos

229 4651 445 4732 putem,
478 4666 534 4720 et
559 4659 611 4732 in
639 4659 722 4713 eis
753 4659 843 4732 pie
871 4651 1196 4732 ludendum,
1229 4661 1528 4732 qua_tcnu_s_
1548 4651 1821 4732 permittit

232 4722 441 4787 iitteraé
465 4730 674 4785 veritas
694 4722 1036 4783 et'historia.
1085 4727 1197 4780 Nec
1248 4722 1406 4778 enim
1459 4722 1595 4776 falsa
1631 4730 1822 4774 narrat

231 4800 480 4870 Spiritus
497 4809 744 4864 sanctus,
771 4808 833 4853 ut
859 4799 976 4853 haec
999 4797 1067 4851 ad
1116 4811 1336 4870 morum
1367 4791 1820 4870 informationem

237 4861 551 4950 trahamus,
574 4872 694 4950 sive
715 4861 1076 4950 anagogicum
1108 4875 1203 4950 aut
1228 4863 1589 4950 allegorieum
1639 4861 1820 4950 omni-

230 4958 422 5012 noque
452 4933 1378 5012 Spi’ritalemeis"sensumdemus,
1417 4933 1654 5012 ubi_non
1704 4941 1817 5012 tro_-

233 5003 362 5084 pice
411 5003 539 5066 eum
576 5012 728 5082 loqui
765 5011 941 5084 liquet
970 5017 1026 5064 et
1074 5006 1409 5084 parabolice,
1446 5003 1543 5058 sed
1599 5003 1824 5084 histori-

233 5075 339 5148 ce;
371 5093 522 5152 gesta
552 5075 851 5145 nar-rando}
877 5097 1000 5149 qua:
1051 5075 1376 5152 ulteriorem
1430 5090 1655 5152 sensum
1706 5075 1822 5152 spi-

234 5145 456 5208 ritaIEm
513 5154 728 5222 possint
768 5145 1000 5215 habere,
1038 5150 1194 5206 velut
1232 5161 1465 5222 eaquae
1505 5145 1709 5222 Paulus
1761 5145 1818 5198 in

233 5225 356 5279 suis
387 5216 650 5294 Epistolis
673 5225 739 5279 de
778 5223 948 5278 Jacob
977 5231 1036 5276 et
1065 5222 1256 5294 Es_au,__
1293 5217 1360 5272 de
1391 5217 1522 5272 Sina
1571 5224 1628 5270 et
1660 5216 1820 5294 Jeru-

234 5286 451 5358 salem;
474 5294 708 5363 aliisque
741 5294 1055 5362 ἀλληγορεῖ,
1092 5290 1470 5363 similiumque
1519 5286 1823 5363 expositio-

235 5380 372 5435 num
408 5357 496 5435 pia
555 5357 1060 5421 sedulitate'nobis
1111 5369 1308 5435 auctor
1353 5357 1591 5435 exsistit.
1634 5357 1822 5435 Dicam

235 5427 432 5504 igitur,
487 5435 822 5506 ita‘quidem
869 5435 1113 5506 voluisse
1147 5430 1525 5506 Gabaonitas,_
1557 5427 1821 5482 Davidem

234 5499 425 5586 tamen
457 5499 668 5586 septe-tn
698 5507 966 5586 duntaxat
1013 5503 1094 5585 eis
1123 5504 1277 5557 viros
1325 5499 1643 5586 tradidisse:
1676 5515 1820 5586 quqs

232 5575 322 5648 sic
375 5569 535 5645 quasi
587 5577 855 5648 piaculari
913 5575 1119 5638 hostia,
1173 5583 1230 5628 et
1287 5582 1349 5626 ut
1409 5569 1816 5648 Deu_m'lsraeli

232 5641 546 5717 placa—rent,
583 5641 614 5700 ε
642 5647 893 5717 patibulo
941 5659 1242 5717 suspensos
1285 5641 1718 5717 strangularent,
1760 5647 1819 5694 ut

235 5711 445 5772 sonant
467 5711 719 5782 Hebraea,
749 5721 867 5774 sive
920 5711 1059 5772 alias
1085 5714 1239 5769 cruci
1267 5711 1552 5780 alligerent
1575 5721 1631 5765 et
1660 5727 1827 5782 neca-

237 5795 386 5850 rent,
430 5786 572 5842 facto
622 5788 847 5843 interim
897 5787 1023 5842 vita:
1064 5787 1247 5848 venia,
1330 5783 1401 5835 ob
1443 5781 1829 5850 jusjurandum

235 5857 540 5914 Jonathani
587 5857 920 5930 praestitum,
947 5859 1068 5931 ejus
1099 5857 1214 5912 tilio
1251 5853 1674 5924 Misphiboseth,
1701 5853 1828 5907 aliis

1925 593 2108 648 esset?
2158 592 2296 659 Sed,
2348 601 2407 646 ut
2453 589 2696 653 videtur,
2741 585 3024 641 contextui
3080 580 3326 637 historia:
3377 595 3530 633 eom-

1927 687 2155 741 mistum
2187 693 2292 748 est,
2321 682 2468 754 quod
2497 681 2814 744 abhorreat,
2848 686 2909 732 ut
2939 690 3132 731 eorum
3169 689 3290 745 quae
3324 672 3530 741 scripta

1927 788 2092 844 sunt,
2144 792 2338 832 verum
2390 789 2614 830 sensum
2666 783 3056 842 qumreremus.
3111 768 3334 836 Itaque,
3381 767 3529 834 quod

1927 875 2230 944 Scripturze
2272 887 2600 941 corporeum
2648 875 2732 922 est
2771 866 3001 938 (nempe
3047 862 3309 932 Saulcm)
3348 862 3532 916 abolet

1926 982 2156 1038 prorsus
2186 965 2254 1020 ab
2285 963 2436 1018 omni
2460 960 2700 1015 confinio
2726 957 2967 1021 lsraelis,
2994 956 3087 1025 qui
3117 954 3353 1009 actionis
3377 953 3528 1008 cultu

1928 1077 2029 1130 per
2068 1058 2378 1113 naturalem
2414 1053 2872 1126 speculationem,
2909 1050 3060 1103 velut
3098 1046 3529 1102 Gabaonitarum

1927 1166 2118 1219 opera,
2167 1165 2288 1217 quae
2334 1161 2402 1200 ex
2451 1146 2569 1216 legc
2619 1142 2822 1210 scripta
2866 1138 3063 1210 anima:
3100 1135 3368 1198 nascitur,
3401 1149 3527 1204 erga

1929 1241 2247 1294 instabilem
2304 1237 2620 1305 ﬂuxamque
2679 1231 3001 1295 materiam,
3056 1228 3410 1283 libidinosam
3466 1242 3530 1280 ac

1929 1332 2179 1401 corporis
2221 1340 2499 1385 amantem
2537 1326 2886 1381 affectionem
2929 1323 3164 1388 occidit;
3202 1321 3530 1377 interimens

1928 1433 1987 1477 ut
2011 1422 2194 1477 Saulis
2215 1421 2356 1475 filios
2377 1430 2542 1489 atque
2563 1427 2788 1487 nepotes
2809 1416 3097 1488 (humilem
3118 1413 3255 1484 legis
3279 1414 3526 1483 sensum)

1926 1514 2198 1569 naturalis
2240 1511 2636 1582 speculationis
2668 1526 2807 1580 ope;
2839 1509 2992 1562 velut
3031 1507 3086 1561 in
3134 1515 3323 1560 monte
3357 1505 3526 1577 (celso

1928 1605 2175 1660 scienti-.e
2210 1592 2443 1674 vertice)
2483 1603 2941 1671 manifestamque
2988 1599 3042 1654 in
3088 1609 3382 1669 conspectu
3416 1599 3524 1653 Do-

1929 1698 2064 1752 mini
2117 1697 2326 1751 faciens
2371 1695 2582 1766 (palam
2633 1694 2845 1749 scilicet
2893 1691 3236 1760 eonfttendo)
3284 1691 3524 1759 priorem

1930 1789 2149 1860 corpori
2185 1787 2545 1842 addieliorem
2585 1785 2724 1856 legis
2761 1784 3200 1854 intelligentiam.
3232 1781 3348 1836 Hoc
3374 1782 3522 1836 enim

1853 1861 1897 1922 Β
1928 1882 2162 1937 studiosi
2199 1880 2530 1950 intelligant,
2558 1877 2704 1948 quod
2746 1876 2972 1940 dicitur,
3005 1876 3075 1930 ad
3111 1874 3277 1930 solem
3305 1891 3524 1944 suspen-

1925 1975 2048 2027 dere
2080 1975 2137 2027 in
2186 1981 2466 2043 conspectu
2512 1971 2760 2036 Domini;
2801 1985 2864 2024 ac
2906 1970 2951 2024 si
2992 1968 3222 2035 diceret,
3257 1969 3310 2024 in
3341 1970 3520 2023 lucem

1923 2068 2299 2138 producentes
2352 2067 2650 2138 (nimirum
2704 2081 2803 2135 per
2863 2064 3186 2129 scientiam)
3239 2072 3519 2119 errantem

1923 2161 2062 2232 legis
2090 2177 2155 2214 ex
2184 2160 2383 2214 littera:
2413 2159 2626 2212 ratione
2651 2167 2970 2227 occupatam
2999 2157 3339 2226 opinionem.
3362 2155 3521 2222 Quis-

1923 2254 2049 2325 quis
2087 2253 2236 2307 enim
2293 2252 2638 2322 corporalem
2695 2251 2831 2321 legis
2891 2249 3312 2320 intelligentiam
3359 2265 3519 2317 pere-

1923 2344 2044 2408 mit,
2088 2343 2222 2414 legis
2264 2342 2506 2396 litteram
2560 2342 2736 2410 palam
2804 2339 3104 2402 interfecit,
3150 2339 3518 2410 abolevitque,

1921 2445 1980 2489 ut
2031 2454 2135 2490 non
2185 2443 2284 2490 stet
2336 2436 2387 2488 in
2449 2435 2592 2487 omni
2645 2432 2872 2502 conﬁnio
2935 2432 3180 2500 lsraelis;
3249 2434 3353 2488 hoc
3414 2442 3518 2496 est,

1925 2527 1979 2580 in
2007 2526 2156 2580 omni
2203 2523 2417 2579 ratione
2474 2523 2736 2594 spiritalis
2787 2521 3290 2594 contemplationis.
3334 2522 3521 2592 Siqui-

1923 2619 2048 2674 dem
2081 2619 2229 2672 cnim
2261 2617 2432 2672 Israel
2490 2631 2556 2669 ex
2612 2615 2854 2671 nominis
2902 2615 3021 2685 ipsa
3074 2615 3290 2670 ratione
3333 2614 3519 2668 Videns

1923 2711 2093 2764 Deum
2163 2710 2386 2775 dicitur,
2447 2709 2669 2779 planum
2731 2715 2850 2772 εει,
2902 2707 3051 2778 quod
3114 2707 3250 2778 legis
3325 2723 3518 2777 corpo-

1922 2819 2080 2857 reum
2131 2811 2235 2866 est,
2276 2803 2330 2856 in
2383 2803 2537 2855 nullo
2590 2815 2820 2870 prorsus
2873 2800 3036 2856 modo
3085 2801 3348 2870 spiritalis
3387 2814 3517 2854 con-

1923 2893 2319 2964 templationis,
2389 2892 2495 2955 his,
2563 2892 2657 2960 qui
2706 2892 2958 2961 spiritum
3028 2893 3226 2946 littertc
3291 2900 3521 2961 antepo-

1922 2995 2088 3053 nant,
2141 2987 2477 3052 consistere;
2533 2986 2808 3056 siquidem
2860 2988 3013 3057 juxta
3057 2986 3202 3056 quod
3252 2986 3517 3056 scriptum

1923 3089 2007 3137 est
2039 3099 2052 3136 :
2094 3078 2326 3150 Spiritus
2360 3087 2432 3133 est
2469 3079 2645 3145 Dem);
2676 3091 2723 3133 et
2753 3097 2836 3133 cos
2859 3081 2949 3155 qui
2989 3079 3214 3132 adorant
3248 3078 3441 3147 ipsum,
3466 3079 3520 3131 in

1922 3175 2116 3244 spiritu
2147 3181 2197 3228 et
2237 3174 2460 3227 veritate
2504 3174 2731 3227 adorare
2777 3181 2979 3241 oportet
3021 3174 3097 3239 7‘;
3145 3189 3254 3227 non
3290 3188 3424 3226 vero
3465 3171 3521 3225 in

1924 3263 2132 3318 littera.
2183 3263 2387 3318 Littera
2431 3266 2570 3318 enim
2613 3267 2832 3332 occidit,
2877 3267 3095 3337 spiritus
3137 3277 3315 3320 autent
3356 3266 3525 3334 viviﬁ-

1927 3365 2013 3410 cat
2044 3357 2111 3411 ⁷⁵.
2149 3355 2519 3423 Quamobrem
2570 3373 2798 3412 necesse
2849 3367 2954 3420 est,
2989 3367 3049 3412 ut
3083 3375 3205 3428 qutt-
3252 3358 3330 3412 sic
3369 3373 3522 3411 com-

1929 3457 2118 3519 parata
2157 3459 2243 3504 est
2283 3460 2345 3503 ut
2390 3449 2628 3515 occidat,
2665 3451 2868 3516 littera,
2907 3451 3024 3520 ipsa
3068 3451 3286 3505 vivifico
3324 3451 3520 3520 spiritu

1928 3541 2234 3595 occidatur.
2267 3541 2384 3596 Una
2418 3541 2568 3594 enim
2618 3540 2922 3595 secundum
2964 3541 3110 3595 idem
3159 3542 3423 3595 exsistere
3459 3557 3522 3594 ac

1927 3632 2088 3686 simul
2119 3632 2304 3702 vigere
2333 3632 2560 3686 omnino
2590 3647 2700 3686 non
2743 3641 2992 3701 possunt,
3029 3633 3175 3702 quod
3218 3633 3355 3703 legis
3394 3648 3520 3687 cor-

1929 3739 2158 3793 porcum
2188 3731 2273 3778 est
2301 3732 2360 3778 ct
2389 3722 2536 3793 quod
2567 3724 2814 3779 divinum
2848 3724 3068 3796 (nempe
3111 3725 3292 3778 littera
3321 3733 3376 3778 et
3405 3725 3519 3794 spi«

1928 3816 2089 3886 ritus)
2126 3815 2277 3886 quod
2319 3831 2500 3886 neque
2534 3826 2913 3887 comparatum
2948 3817 3021 3872 sit
3059 3827 3120 3872 ut
3150 3817 3516 3879 consentiant,

1921 3911 2069 3982 quod
2113 3927 2213 3967 sua
2263 3911 2444 3992 ipsum
2495 3911 2679 3970 indole
2721 3913 2888 3968 vitam
2922 3914 3151 3984 praebet,
3184 3922 3241 3970 et
3273 3913 3362 3969 cui
3397 3925 3520 3968 eam

1932 4002 2152 4058 auferre
2175 4004 2423 4086 proclive
2451 4012 2557 4060 est.

1939 4242 2046 4295 que
2083 4227 2150 4280 de
2179 4227 2352 4296 stirpe
2379 4227 2560 4310 Saniis
2588 4230 2742 4310 juxta
2775 4229 2978 4310 Syrum
3008 4238 3064 4284 et
3095 4229 3262 4310 Arab.
3283 4242 3515 4310 _postea-

1925 4312 2108 4378 .quam
2139 4313 2402 4378 concessa
2453 4300 2867 4378 pluvia___[)avid
2917 4303 3181 4369 cognovit
3243 4300 3517 4370 placatum

1917 4370 2031 4450 jam
2062 4383 2184 4422 esse
2213 4370 2408 4450 Qeum.
2439 4386 2576 4424 nece
2635 4371 2881 4450 illorum.
2907 4382 3151 4450 septem,
3189 4388 3328 4450 quos
3377 4374 3520 4429 forte

1923 4439 2447 4519 inumanudtabens
2492 4457 2611 4519 prae.
2671 4441 2816 4506 aliis,
2869 4441 2923 4519 i_n
2968 4439 3121 4519 illam
3180 4439 3515 4519 tradiderat;

1922 4509 2049 4589 aliis
2081 4509 2317 4590 forsitan
2342 4511 2504 4564 saluti
2542 4512 2668 4581 fuga
2709 4513 3156 4590 consulentibus,
3187 4514 3389 4590 _cisque
3419 4517 3518 4570 ad-

1927 4581 2268 4661 nitentibus,
2297 4597 2438 4661 quos
2475 4590 2683 4661 tantos
2714 4581 2896 4638 Saulis
2937 4583 3140 4638 fratres
3187 4581 3379 4639 Davidi
3409 4588 3511 4661 _ad-

1924 4649 2520 4730 htesisse,cuui_etiam
2557 4653 2685 4707 Saul
2717 4669 2844 4707 eum
2878 4660 3332 4730 persequeretur,
3370 4657 3518 4711 viros

1923 4722 2141 4794 scilicet
2166 4722 2222 4794 in
2259 4724 2383 4776 aula
2408 4731 2683 4794 potentes,
2745 4739 2844 4792 per
2877 4722 3017 4794 quos
3061 4722 3350 4779 mitissimi
3411 4727 3512 4780 Da-

1922 4791 2070 4846 vidis
2104 4792 2328 4846 animus
2383 4791 2547 4847 leniri
2600 4791 2801 4862 potuit,
2835 4791 3048 4864 si‘quid
3097 4795 3152 4847 in
3205 4796 3387 4851 Saulis
3416 4797 3515 4851 do-

1927 4877 2077 4934 mum
2127 4870 2491 4934 exasperatus
2541 4864 2741 4928 fuerat,
2792 4881 2902 4920 non
2942 4866 3158 4934 privato
3220 4866 3332 4920 ullo
3364 4868 3514 4927 odio,

1924 4932 2021 4986 sed
2067 4933 2241 5013 quasi
2274 4934 2632 5013 eisequendo
2669 4932 2958 5013 ‘divinatn—
2999 4935 3291 5013 ultionem.
3338 4955 3515 5008 eaqut-

1923 5004 2484 5076 propitiandoiDeum
2517 5005 2744 5074 populo,
2781 5007 2875 5076 qui
2931 5023 3072 5060 unus
3097 5007 3176 5059 illi
3220 5006 3346 5062 finis
3371 5004 3511 5068 erat.

1923 5089 1988 5128 ac
2019 5089 2186 5154 quem
2207 5145 2220 5154 _
2243 5075 2500 5144 adeptus,
2554 5077 2692 5154 nihil
2737 5075 3040 5154 ιιιξιιε-[ιιὶῂ⁸
3072 5086 3133 5130 ut
3162 5077 3514 5154 in_afllictam

1923 5145 2161 5213 amplius
2190 5145 2417 5199 domum
2470 5148 2709 5200 saeviret.
2760 5145 2907 5203 Nihil
2967 5147 3135 5202 etiam
3193 5147 3461 5204 abhorret
3487 5171 3514 5205 a

1925 5215 2207 5268 communi
2241 5233 2343 5270 usu
2385 5217 2674 5286 loquendi,
2703 5229 2761 5272 ut
2787 5219 2840 5272 id
2869 5219 3076 5273 factum
3113 5218 3337 5275 dicatur
3363 5222 3512 5276 Santi

1924 5300 1952 5366 ξι
1983 5286 2330 5366 Gabaonitis,
2367 5287 2515 5366 quod
2552 5289 2672 5366 ejus
2697 5289 2901 5343 factum
2948 5288 3145 5343 liberis
3178 5307 3242 5345 ac
3292 5294 3511 5362 nepoti-

1925 5355 2049 5436 bus,
2094 5357 2148 5436 in
2176 5355 2398 5426 quibus
2419 5359 2535 5428 ipse
2572 5355 2760 5414 vivere
2787 5377 2852 5415 ac
2898 5369 3184 5431 superstes
3241 5355 3382 5418 esse'
3426 5363 3514 5416 in—

1925 5428 2298 5482 telligehatur.

2004 5445 2038 5480 ιι
2082 5445 2298 5482 enatur.

1997 5445 2078 5569 (ιδζ
2110 5497 2274 5566 Νοῦς
2304 5499 2460 5568 ὀρῶν
2497 5500 2668 5556 Θεόν.
2704 5501 2797 5558 Sic
2822 5503 3024 5572 passim
3060 5502 3260 5568 Graeci,
3284 5504 3442 5574 quasi
3477 5522 3506 5557 a

1923 5599 2042 5670 ηῖιη
2081 5589 2232 5670 vidit,
2285 5600 2352 5670 et_
2388 5575 2482 5651 SN.
2528 5592 2697 5657 Deus,
2753 5611 2882 5670 cum
2916 5605 3340 5670 ⁸ειιιξειχιεξιιιιε
3387 5597 3516 5650 hinc

1926 5661 2139 5742 dictum
2181 5661 2445 5742 .lsraelcm
2499 5671 2674 5742 notet,
2719 5666 2868 5742 quod
2909 5667 3178 5742 f0t'tis__in
3214 5669 3512 5742 Demu,__et

1940 5732 2097 5800 quasi
2143 5732 2266 5807 ejus
2299 5733 2479 5788 victor
2504 5734 2560 5787 in
2588 5732 2974 5792 lucta’fuissct.
3031 5738 3137 5792 Alii
3163 5753 3296 5807 ergo
3319 5738 3516 5792 melius

1939 5817 1970 5856 a
2001 5815 2122 5882 Ἕν,-
2184 5805 2425 5882 priqceps
2475 5821 2624 5872 eum,
2686 5807 3000 5876 formativo,
3043 5824 3107 5865 ac
3155 5809 3200 5864 si
3234 5805 3513 5882 princeps,

1939 5888 2036 5928 seu
2075 5873 2239 5927 victor
2267 5873 2387 5929 Dei.
