3986 6422
532 421 638 485 755

1709 415 1767 475 S.
1809 409 2100 475 ΜΛΧῙΜΙ

2237 401 2652 466 NFESSORIS
3650 401 3729 464 755

603 533 795 601 lgitur,
823 531 867 586 si
893 531 1039 586 hunc
1065 530 1268 594 locum,
1295 545 1362 585 ex
1387 529 1652 586 historica
1683 529 1788 583 fide
1817 540 2119 587 sumamus,

2297 518 2508 574 Οὐκοῦν
2539 516 2682 570 κατά
2709 515 2808 584 μὲν
2835 513 2933 584 τὴν
2959 511 3202 584 ἱστορίαν
3222 508 3406 564 τοῦτον
3433 509 3734 581 λαμϐάνοντες
3763 571 3774 585 ⁸

531 625 873 695 Scripturam
905 627 1137 681 veritate
1168 625 1268 679 niti
1300 623 1445 678 haud
1479 622 1845 679 inveniemus.
1886 621 2121 678 Ubinam

529 722 676 776 enim
709 723 1222 777 exterminavcrunt
1257 721 1577 778 Gabaonitze
1609 719 1831 776 Saulem
1860 729 1927 769 ex
1959 712 2123 784 285

530 812 682 866 omni
728 811 969 867 confinio
1017 812 1267 878 lsraelis;
1327 828 1455 867 cum
1506 810 1665 866 multi
1711 817 1902 878 postea
1945 805 2125 860 Saulis

533 904 724 959 affines
769 904 826 958 in
872 905 1080 974 populo
1125 905 1473 960 exsisterent.
1519 901 1614 956 Sin
1665 909 1846 956 autem
1887 895 2124 968 spiritali

532 1014 699 1054 sensu
755 997 1160 1068 intelligamus,
1214 998 1359 1051 clare
1421 995 1800 1058 inveniemus,
1855 989 2126 1045 naturalis

534 1087 930 1158 speculationis
971 1103 1098 1158 ope,
1137 1088 1192 1142 in
1241 1087 1389 1142 celso
1419 1087 1666 1142 scientiae
1702 1083 1945 1150 vertice,
1990 1082 2126 1137 scri-

533 1189 684 1250 ptam
716 1180 892 1252 legem
930 1181 1294 1251 (corporalem
1325 1180 1534 1236 scilicet
1563 1182 1619 1234 in
1654 1177 1916 1251 symbolis
1943 1178 2126 1233 cultus

536 1270 727 1343 ritum)
751 1287 980 1342 prorsus
1010 1272 1286 1330 desinere.
1316 1271 1420 1328 Ubi
1448 1271 1597 1326 enim
1627 1271 1932 1326 etiamnum
1960 1269 2127 1324 stabit

536 1363 774 1418 carnalis
803 1363 1176 1430 circumcisio,
1221 1379 1347 1419 cum
1380 1364 1468 1417 lex
1501 1362 1823 1433 spiritaliter
1854 1361 2127 1431 intelliga-

539 1455 665 1508 tur?
714 1455 807 1510 ubi
854 1455 1116 1522 Sabbata,
1153 1456 1540 1526 mensiumque
1587 1453 1781 1508 initia?
1816 1451 1909 1506 ubi
1954 1455 2125 1505 festo-

538 1563 660 1602 rum
688 1546 936 1604 universi
971 1549 1160 1621 populi
1194 1558 1469 1605 couventu
1502 1547 1808 1605 solemnia?
1838 1547 1933 1602 ubi
1963 1546 2125 1601 victi-

539 1657 774 1705 marum,
812 1649 1083 1713 terraeque
1126 1643 1222 1698 otii
1274 1649 1330 1698 et
1372 1643 1598 1713 quietis,
1627 1657 1692 1697 ac
1730 1641 1956 1712 reliquae
1992 1640 2128 1712 legis

537 1733 816 1803 corporali
845 1735 998 1790 cultu
1031 1734 1398 1792 institutionis
1424 1735 1688 1790 traditio?
1715 1735 1932 1791 Scimus
1953 1735 2124 1801 enim,

537 1826 634 1896 qui
669 1835 882 1882 natura:
913 1828 1031 1899 ipso
1060 1828 1229 1884 ductu
1257 1829 1504 1884 animum
1545 1827 1715 1883 rebus
1756 1827 2126 1893 attendamus,

2226 612 2319 666 τὸν
2346 612 2531 675 τόπον,
2561 609 2658 678 οὐχ
2685 605 3014 676 εὑρίσκομεν
3047 605 3147 674 τὴν
3175 600 3392 674 Γραφὴν
3413 601 3734 670 άληθεὺουσαν.

2227 705 2339 760 Ποῦ
2369 704 2478 774 γὰρ
2501 701 2777 772 ἠφάνισαν
2815 700 2864 752 οί
2893 697 3238 751 Γαϐαωνῖται
3285 693 3374 746 τὸν
3397 692 3559 746 Σαοὺλ
3585 694 3737 756 παντὸς

2226 800 2378 869 ὁρίου
2422 796 2662 868 Ἰσραὴλ,
2695 793 2897 863 πολλῆς
2923 789 3062 859 μετὰ
3101 787 3263 841 τοῦτο
3313 784 3609 853 συγγενείας
3634 786 3741 854 εὑρι-

2228 890 2504 960 σκομένης
2529 889 2586 939 ὲν
2612 884 2689 955 τῷ
2715 881 2828 954 λαῷ
2848 899 2864 946 ;
2887 880 3046 935 Κατὰ
3067 879 3126 933 δὲ
3147 877 3248 948 τὴν
3284 875 3508 947 θεωρίαν
3527 876 3740 939 νοοῦντες,

2229 980 2418 1049 σαφῶς
2447 979 2798 1050 εὑρίσκομεν,
2831 974 2913 1027 ὅτι
2935 972 3026 1025 διὰ
3061 971 3237 1040 μέσης
3261 968 3357 1037 τῆς
3397 964 3613 1036 φυσικῆς
3647 967 3744 1020 θεω-

2229 1076 2372 1147 ρίας.
2395 1074 2453 1125 ὲν
2481 1069 2560 1141 τῷ
2586 1069 2711 1138 ὕψει
2751 1067 2852 1136 τῆς
2879 1064 3155 1134 γνώσεως,
3193 1064 3221 1115 ό
3254 1060 3490 1131 γραπτὸς
3524 1059 3746 1121 παντελῶς

2229 1164 2552 1234 ἀπογίνεται
2591 1161 2774 1232 νόμος,
2804 1160 2970 1229 ήγουν
2993 1158 3022 1209 ὁ
3055 1151 3364 1224 σωματικδς
3390 1151 3446 1203 ἐν
3473 1152 3576 1213 τοῖς
3601 1150 3747 1219 συμϐό-

2227 1259 2342 1321 λοις
2375 1255 2514 1310 κατὰ
2536 1254 2634 1326 τὴν
2661 1253 2917 1322 λατρείαν
2945 1247 3171 1318 θεσμός.
3217 1244 3326 1298 Ποῦ
3354 1243 3460 1312 γὰρ
3487 1241 3562 1295 ἐτι
3603 1244 3747 1311 στήσε-

2227 1370 2318 1406 ται
2347 1347 2622 1422 περιτομὴ
2653 1345 2874 1416 σαρκὸς,
2901 1343 3194 1412 νοουμένου
3234 1337 3328 1391 τοῦ
3369 1338 3528 1405 νόμου
3558 1350 3749 1403 πνευμα-

2229 1444 2399 1508 τικῶς
2429 1461 2444 1509 ;
2474 1440 2580 1495 ποῦ
2603 1439 2675 1494 τὰ
2706 1437 2984 1502 Σάϐϐατα,
3009 1433 3108 1488 καὶ
3135 1432 3244 1486 τῶν
3293 1428 3478 1502 μηνῶν
3509 1429 3561 1482 αἱ
3602 1426 3749 1498 ἀρχαί,

2231 1537 2334 1591 ποῦ
2360 1535 2470 1589 τῶν
2495 1531 2701 1604 ἑορτῶν
2723 1530 2780 1584 αἱ
2817 1525 3186 1598 πανηγύρεις;
3216 1519 3322 1576 ποῦ
3344 1519 3451 1574 τῶν
3473 1517 3668 1582 θυσιῶν,
3686 1517 3753 1570 καὶ

2228 1629 2331 1700 τῆς
2359 1627 2558 1698 ἀργίας
2591 1623 2692 1695 τῆς
2717 1623 2842 1694 γῆς,
2881 1619 2977 1675 καὶ
3005 1619 3104 1688 τῆς
3129 1617 3322 1684 λοιπῆς
3344 1613 3437 1666 τοῦ
3460 1612 3613 1682 νόμου
3653 1610 3754 1663 κατὰ

2229 1699 2329 1793 τῆν
2367 1717 2688 1789 σωματικὴν
2719 1712 2977 1786 λατρείαν
3005 1712 3167 1784 [fort
3222 1707 3352 1762 add.
3390 1699 3754 1773 καταστάσεως]

2231 1815 2265 1886 ὴ
2293 1811 2626 1886 παράδοσιςς
2650 1807 2886 1879 Οἴδαμεν
2902 1801 3012 1878 γὰρ
3035 1801 3282 1873 φυσικῶς
3303 1797 3663 1859 ἐπιϐάλλοντες
3680 1797 3758 1886 τοῖς

540 1935 648 1974 non
702 1921 758 1977 in
808 1938 876 1977 eo
928 1923 1161 1993 positam
1214 1923 1610 1995 perfectionem
1663 1937 1818 1990 esse,
1867 1931 1923 1976 ut
1959 1937 2126 1991 quam

2237 1885 2558 1980 πράγμασιν
2583 1901 2810 1974 (50),ὡς
2840 1899 2942 1954 οὐκ
2963 1897 3078 1950 ἐστι
3107 1893 3386 1962 τελειότης
3410 1893 3444 1963 ἡ
3467 1889 3562 1959 τῆς
3588 1890 3642 1940 ἐκ
3662 1885 3758 1995 Θεοῦ

536 2013 684 2068 Deus
728 2024 923 2071 natura
971 2016 1342 2086 integritatem
1385 2015 1614 2078 indidit,
1657 2015 1965 2070 auferatur.
2005 2015 2127 2069 Non

534 2103 685 2157 enim
722 2113 919 2160 natura
955 2115 1072 2161 arte
1105 2107 1356 2162 mutilata
1389 2106 1783 2178 perfectionem
1815 2105 1964 2170 facit,
1994 2105 2129 2160 sub-

537 2193 733 2264 tilique
772 2196 1000 2251 invento
1029 2197 1083 2252 id
1113 2197 1393 2261 amittens,
1425 2197 1575 2268 quod
1619 2197 1695 2251 illi
1726 2213 1793 2252 ex
1832 2195 2131 2251 creationis

537 2287 755 2342 ratione
787 2289 961 2355 inest;
1003 2306 1073 2347 nc
1123 2289 1192 2344 ad
1239 2289 1614 2359 praestandum
1661 2287 1888 2361 iustitia:
1934 2287 2128 2353 robur,

536 2375 826 2430 fortiorem
861 2377 975 2432 Deo
1013 2389 1187 2434 artem
1235 2377 1582 2443 inducamus,
1616 2392 1682 2432 ac
1713 2385 1926 2432 naturae
1962 2392 2128 2432 exco-

535 2466 770 2536 gitatum
804 2467 1108 2535 defectum,
1140 2469 1392 2524 defectus
1431 2469 1683 2541 iustitiae,
1720 2466 1816 2538 qui
1865 2483 1933 2522 ex
1972 2482 2129 2523 crea-

539 2559 690 2613 tione
745 2559 997 2624 inolevit,
1041 2562 1490 2633 supplementum
1541 2561 1810 2617 faciamus
1854 2578 1867 2614 :
1913 2561 2009 2616 sed
2063 2576 2132 2616 ex

537 2652 723 2722 typico
750 2654 871 2724 ejus
905 2655 1141 2710 membri
1180 2653 1312 2722 situ,
1352 2655 1500 2726 quod
1546 2654 1990 2721 circumciditur,
2024 2655 2133 2709 cir-

536 2743 958 2800 cumcidendam
1003 2746 1239 2817 spiritali
1280 2762 1347 2802 ac
1390 2746 1636 2802 scientia:
1671 2761 1900 2801 munere
1940 2745 2132 2800 libidi-

535 2847 730 2888 nosam
759 2834 931 2889 animi
963 2835 1314 2892 affectionem
1355 2834 1652 2900 docemur;
1689 2833 1848 2905 cujus
1876 2841 2132 2902 amputa-

537 2925 690 2981 tione
721 2926 943 2982 animus
971 2928 1350 2999 componitur,
1380 2937 1443 2982 ut
1477 2934 1732 2982 naturam
1763 2925 1951 2996 potius
1980 2939 2132 2979 asse-

538 3026 743 3084 ctctur,
779 3019 1136 3075 libidinosam
1185 3019 1474 3076 adventitii
1515 3028 1673 3075 ortus
1724 3019 1901 3089 legem
1941 3032 2132 3071 emen-

538 3109 698 3164 dans.
757 3107 1038 3180 Spiritalis
1085 3109 1238 3165 enim
1288 3109 1640 3165 circumcisio
1691 3118 1816 3174 est,
1867 3107 2029 3178 plena
2077 3115 2135 3163 et

2230 2001 2372 2058 κατὰ
2388 1999 2550 2070 φύσιν
2564 1996 2882 2069 ἀρτιότητος
2897 2009 2966 2046 πε
2975 1990 3260 2062 ριαίρεσις.
3275 1985 3355 2040 Οὐ
3371 1985 3484 2056 γὰρ
3499 1983 3628 2036 ποιεῖ
3638 1980 3762 2033 τελει-

2228 2095 2401 2164 ότητα
2419 2090 2581 2160 φύσις
2593 2088 2679 2142 διά
2699 2087 2896 2158 τέχνης
2920 2081 3314 2153 κολοϐουμένη,
3335 2078 3434 2133 καὶ
3446 2075 3531 2130 διὰ
3543 2074 3761 2145 περινοίας

2229 2182 2595 2254 ἀποτιθεμένη
2605 2179 2666 2235 τὺ
2683 2177 2883 2251 προσὸν
2895 2176 3032 2246 αὐτῇ
3045 2174 3230 2228 θεόθεν
3245 2171 3390 2227 κατὰ
3405 2171 3556 2238 λόγον
3566 2168 3764 2237 δημιουρ-

2230 2277 2485 2348 γίαςσῖνα
2514 2275 2590 2347 μὴ
2625 2274 2723 2343 τὴν
2749 2271 2948 2341 τέχνην
2977 2268 3112 2322 Θεοῦ
3146 2265 3283 2336 πρὸς
3313 2261 3598 2332 βεϐαίωσιν
3611 2258 3762 2348 δικαιο-

2232 2370 2399 2440 σύνης
2417 2365 2772 2438 ἰσχυροτέραν
2785 2360 3191 2429 εἰσαγάγωμεν,
3206 2355 3305 2411 καὶ
3319 2354 3422 2424 τὴν
3435 2370 3500 2405 πε
3509 2366 3688 2424 ρινενοη
3696 2347 3762 2416 μὲ-

2229 2482 2330 2535 νην
2345 2463 2446 2534 τῆς
2467 2461 2679 2530 φύσεως
2697 2455 2931 2526 ἔλλειψιν
2945 2449 3410 2524 ἀναπληρωτικὴν
3421 2441 3765 2535 ποιώμεθα,τῆς

2230 2534 2293 2613 ὲν
2317 2553 2632 2624 δικαιοσύνῃ
2655 2550 2800 2605 κατὰ
2821 2552 2921 2621 τὴν
2947 2545 3312 2618 δημιουργίαν
3357 2539 3632 2610 ἐλλείψεως
3651 2555 3663 2569 ·
3685 2534 3764 2589 ἀλλ’

2233 2653 2299 2705 ὲκ
2328 2650 2429 2720 τῆς
2458 2646 2697 2718 τυπικῆς
2715 2643 2809 2697 τοῦ
2848 2637 3318 2713 περιτεμνομένου
3358 2632 3549 2707 μυρίου
3592 2628 3759 2720 θέσεως,

2233 2718 2601 2812 διδασκόμεθα
2658 2733 2934 2790 ποιεῖσθαι
2987 2728 3312 2801 γνωστικῶς
3364 2727 3468 2798 τὴν
3523 2718 3763 2812 περιτομίςν

2233 2833 2335 2908 τῆς
2365 2811 2506 2888 κατὰ
2527 2831 2706 2902 ψυχὴν
2741 2825 3023 2899 ὲμπαθοῦς
3050 2822 3353 2884 διαθέσεως
3373 2835 3388 2849 ο
3424 2816 3543 2871 καθ’
3575 2815 3632 2886 ἢν
3664 2811 3759 2908 μᾶλα

2233 2903 2327 2982 λον
2361 2929 2427 2997 τῇ
2463 2925 2623 2994 φύσει
2674 2919 2989 2992 συντρέχειν
3041 2916 3076 2986 ἡ
3109 2912 3304 2984 γνώμη
3347 2909 3677 2983 ῥυθμίζεται,
3697 2903 3763 2997 ,τὸν

2239 2996 2466 3090 ἐμπαθῆ
2489 3017 2591 3086 τῆς
2615 3015 2917 3084 ἐπικτήτου
2948 3009 3217 3080 γενέσεως
3241 3005 3416 3074 νόμον
3446 2996 3763 3090 διορθουμένη..

2236 3086 2517 3183 ῐίεριτομὴ
2543 3108 2652 3180 γάρ
2679 3109 2795 3160 ἐστι
2824 3104 3064 3176 μυστικὴ
3095 3100 3234 3171 (51),
3259 3099 3364 3168 τῆς
3389 3091 3657 3167 ὲμπαθοῦς

539 3197 791 3254 absoluta
822 3199 1132 3255 libidinosa:
1164 3199 1367 3255 mentis
1396 3199 1708 3255 affectionis
1739 3199 1977 3254 ascititio
2005 3207 2132 3254 ortu

2237 3205 2363 3259 νοῦν
2398 3202 2528 3273 περὶ
2556 3199 2655 3272 τὴν
2691 3198 3017 3252 ἐπείσακτον
3049 3193 3265 3262 γένεσιν
3294 3190 3538 3260 σχέσεως
3559 3180 3764 3247 παντελὴς

540 3291 898 3361 amputatio:
943 3289 1245 3347 Sabbatum
1296 3299 1505 3356 autem,
1545 3289 1792 3362 perfecta
1836 3290 2132 3361 perturba-

2238 3252 2623 3367 ἐτερὶαῖῥξᾷιέ
2651 3291 2725 3344 Τὸ
2777 3290 2835 3343 δὲ
2893 3252 3168 3342 Σάϐϐατον
3201 3252 3364 3354 (52)"
3408 3279 3586 3334 τελεία
3633 3272 3767 3367 παθῶν

543 3385 758 3440 tionum
806 3385 1056 3453 sedatio,
1111 3385 1554 3455 universalisque
1605 3400 1736 3456 erga
1785 3399 1878 3439 res
1922 3392 2138 3439 creatas

542 3486 727 3533 motus
772 3479 976 3533 mentis
1020 3478 1180 3550 quies
1228 3494 1294 3534 ac
1341 3477 1607 3544 cessatio,
1651 3487 1817 3548 atque
1866 3477 1921 3531 in
1962 3476 2136 3531 Deum

541 3569 785 3642 perfecta
833 3571 1254 3643 commigratio;
1312 3570 1369 3625 in
1421 3585 1619 3641 quem,
1671 3570 1770 3640 qui
1825 3570 2031 3625 virtute
2083 3575 2140 3625 et

542 3661 773 3718 scientia
817 3666 1125 3730 concessit,
1174 3678 1278 3735 pro
1322 3663 1601 3719 facultatis
1644 3662 1900 3728 modulo,
1947 3670 2140 3717 caveat

542 3771 772 3812 necesse
801 3764 907 3823 est,
938 3772 1010 3812 ne
1050 3757 1205 3813 velut
1237 3757 1382 3828 ligna
1417 3757 1485 3822 ",
1522 3756 1812 3811 materiam
1855 3755 2021 3809 ullam
2053 3754 2138 3808 vi-

545 3849 638 3904 tiis
667 3849 974 3905 fomentum
1001 3849 1341 3921 praebentem
1372 3849 1557 3904 animo
1585 3847 1917 3914 meditetur;
1951 3855 2013 3902 ut
2045 3861 2141 3901 ne-

543 3957 654 4012 que
676 3941 905 3997 omnino
936 3951 1148 3998 naturae
1184 3942 1431 3998 rationes
1456 3941 1696 4013 colligat,
1723 3955 1794 3994 ne
1823 3939 2140 3995 Graecorum

544 4050 727 4100 more,
771 4035 977 4102 Deum,
1018 4035 1106 4090 vel
1152 4034 1448 4090 affectibus
1487 4049 1553 4089 ac
1597 4033 1831 4089 libidine
1875 4032 2142 4089 delectari

543 4139 875 4194 statuamus,
912 4139 1010 4184 aut
1043 4136 1258 4184 natura:
1299 4127 1555 4184 terminis
1587 4142 1966 4184 commensum
2009 4141 2138 4181 eum

543 4235 895 4286 asseramus;
935 4235 1100 4290 quem
1151 4220 1330 4275 solum
1368 4219 1678 4291 perfectum
1719 4219 2002 4274 silentium
2035 4219 2144 4274 cla-

545 4320 683 4378 mat,
717 4327 783 4368 ac
830 4311 991 4382 plena
1035 4311 1345 4366 secundum
1394 4311 1784 4368 excellentiam
1833 4310 2145 4381 ignorantia

548 4411 929 4473 repraesentat.
961 4401 1294 4458 Neomenias
1328 4417 1464 4458 vero
1503 4417 1626 4457 esse
1665 4399 1928 4466 dicimus,
1958 4399 2144 4455 diver-

549 4506 640 4547 sas
684 4490 911 4546 virtutis
961 4505 1026 4546 ac
1079 4490 1326 4546 scientiae
1378 4506 1546 4547 cursu
1607 4490 2038 4556 illustrationes,
2085 4490 2145 4545 in

2237 3363 2386 3442 ἐστιν
2407 3363 2671 3458 άπραξία,
2695 3383 2791 3437 καὶ
2820 3379 3062 3451 τῆςπερὶ
3095 3376 3166 3430 τὰ
3190 3373 3541 3443 πεποιημένα
3568 3363 3767 3458 καθολιιίὴ

2236 3477 2332 3532 τοῦ
2367 3473 2461 3529 νοῦ
2492 3455 2676 3527 παῦλα
2711 3469 3000 3540 κινήσεως,
3033 3466 3130 3519 καὶ
3181 3463 3320 3535 πρὸς
3354 3462 3419 3515 τὸ
3456 3461 3602 3513 Θεῖον
3639 3455 3768 3510 τελεία

2237 3567 2488 3630 διάϐασις
2511 3581 2526 3597 ⁸
2562 3566 2620 3618 ὲν
2646 3557 2690 3632 ᾧ
2723 3562 2814 3616 τὸν
2837 3560 2904 3614 δι’
2940 3557 3144 3630 ἀρετῆς
3168 3556 3264 3608 καὶ
3293 3553 3550 3624 γνώσεως
3575 3548 3695 3604 κατὰ
3729 3544 3769 3595 τὸ

2239 3659 2464 3732 θεμιτὸν
2492 3657 2847 3728 ἀφικόμενον,
2870 3653 2931 3706 οὐ
2959 3651 3042 3706 δεῖ
3061 3649 3315 3720 καθάπερ
3339 3647 3475 3712 ξύλα
3493 3645 3589 3716 τὴν
3613 3637 3770 3732 clavo?“

2240 3729 2526 3815 παντελῶς
2557 3748 2692 3818 ὕλην
2721 3743 3022 3815 ὲξαπτικὴν
3051 3739 3412 3813 ἐνθυμεῖσθαι
3457 3733 3660 3791 παθῶν·
3686 3729 3768 3782 οὔτε

2243 3843 2353 3917 μὴν
2399 3842 2617 3912 φύσεως
2653 3840 2715 3892 τὸ
2757 3837 3024 3908 παράπαν
3073 3831 3452 3900 ἀναλέγεσθαι
3501 3821 3770 3896 λόγους,ἶνα

2245 3935 2320 4008 μὴ
2348 3933 2583 3989 πάθεσιν
2610 3931 2894 4004 ἡδόμενον,
2929 3928 2962 3999 ἢ
2999 3925 3216 3996 φύσεως
3247 3924 3401 3994 ὅροις
3445 3917 3768 3992 μετρούμενον,

2243 4027 2388 4083 κατὰ
2412 4026 2542 4090 τοὺς
2577 4023 2853 4093 Ἕλληνας
2883 4020 2975 4074 τὸν
3008 4017 3143 4072 Θεὸν
3174 4015 3627 4087 δογματίζωμεν·
3653 4009 3769 4068 ὅνπερ

2245 4122 2279 4192 ἡ
2306 4119 2490 4173 τελεία
2522 4117 2662 4190 μόνη
2690 4115 2938 4185 κέκραγε
2995 4110 3124 4183 σιγὴ
3176 4108 3316 4180 (55),
3353 4107 3452 4162 καὶ
3499 4106 3532 4175 ὴ
3565 4096 3771 4192 παντελὴς

2244 4190 2370 4268 καθ’
2393 4209 2671 4282 ὑπεροχὴν
2691 4208 2940 4278 ἀγνωσία
2966 4203 3287 4275 παρίστησι.
3317 4201 3435 4264 Τὰς
3460 4199 3518 4252 δὲ
3545 4190 3771 4282 νεομηνίας

2245 4301 2387 4360 εἷναί
2410 4280 2594 4376 φαμεν
2623 4302 2761 4373 (54),
2801 4298 2930 4363 τοὺς
2953 4299 3012 4353 ὲν
3037 4295 3116 4366 τῷ
3136 4295 3325 4366 δρόμῳ
3347 4293 3461 4348 τῶν
3491 4292 3604 4346 κατ’
3629 4280 3771 4356 ἀρετὴν

2247 4399 2343 4453 καὶ
2371 4396 2576 4467 γνῶσιν
2607 4393 2836 4465 ἡμερῶν
2885 4389 3176 4460 διαφόρους
3210 4384 3552 4456 φωτισμοὺς,
3585 4376 3654 4442 οἷς
3680 4388 3772 4467 τρέ-

2246 4464 2526 4561 τροπάδην
2555 4464 2805 4547 ἅπαντας
2828 4481 3102 4544 ὲνθέοντες
3125 4478 3252 4541 τοὺς
3280 4477 3507 4540 αἰῶνας,
3535 4473 3618 4525 τὸν
3641 4464 3772 4561 deicit

550 4584 754 4654 quibus
796 4585 995 4640 saecula
1041 4583 1231 4638 omnia
1274 4591 1505 4654 repente
1551 4590 1905 4650 contuentes,
1935 4597 2135 4648 annum

2247 4559 2494 4631 ἐνιαυτὸν
2509 4572 2604 4627 τοῦ
2627 4572 2832 4643 Κυρίου
2854 4569 3062 4643 πληροῢ
3070 4566 3281 4638 μεν,τῷ
3296 4566 3412 4635 τῆς
3433 4559 3773 4662 χρηστότητα

549 4676 771 4731 Domini
828 4677 1224 4748 acceptabilem
1276 4676 1571 4746 implemus
1611 4676 1691 4743 ⁷⁷,
1740 4675 1832 4732 cui
1887 4683 2135 4732 ornatum

2249 4667 2533 4738 στεφάνῳ
2567 4665 2967 4737 κοσμούμενον.
3021 4663 3298 4732 Στέφανος
3352 4659 3413 4712 δὲ
3474 4650 3772 4748 χρηστότητξί

551 4787 751 4825 corona
797 4769 1137 4840 benignitatis
1173 4770 1219 4803 ⁷⁸
1256 4775 1500 4840 praestet.
1554 4768 1652 4824 Est
1697 4777 1884 4824 autem
1938 4781 2147 4823 corona

554 4862 934 4932 benignitatis,
967 4862 1134 4939 286
1159 4860 1296 4921 fides
1322 4861 1548 4920 munda.
1577 4876 1700 4932 qua:
1728 4861 1941 4917 scilicet
1972 4861 2146 4915 instar

555 4953 870 5024 lapillorum
929 4967 1382 5022 gemmarumque
1441 4951 1776 5007 sublimibus
1837 4951 2144 5023 dogmatis,

555 5045 1008 5116 spiritalibusque
1047 5044 1400 5100 sermonibus
1447 5059 1512 5098 ac
1559 5043 1737 5100 sens'is
1776 5043 2148 5108 interstincta,

557 5138 654 5193 Dei
700 5147 977 5193 amantem
1024 5152 1091 5192 ac
1135 5136 1453 5208 religiosam
1498 5145 1739 5191 mentem
1791 5136 1946 5190 velut
1983 5143 2150 5206 caput

558 5231 847 5302 astringat.
883 5230 1010 5286 Sive
1043 5230 1230 5300 potius
1270 5245 1490 5285 rursum
1529 5243 1734 5284 corona
1771 5226 2148 5298 benignitatis,

561 5323 679 5395 ipse
713 5323 810 5379 Dei
859 5322 1053 5382 Sermo
1082 5331 1187 5388 est,
1233 5321 1328 5392 qui
1364 5321 1536 5378 variis
1574 5319 1939 5392 providentiae
1971 5333 2038 5374 ac
2057 5318 2148 5390 ju-

560 5415 693 5472 dicii
721 5414 902 5470 modis
939 5413 1294 5485 (abstinentia
1325 5413 1540 5470 scilicet
1566 5411 1865 5467 affectuum
1891 5417 1948 5465 et
1970 5410 2150 5465 malo-

564 5523 706 5573 rum,
738 5521 862 5576 quaa
891 5521 961 5560 ex
988 5505 1171 5561 animo
1199 5517 1348 5573 sunt,
1379 5519 1684 5574 eorumque
1714 5502 2001 5574 patientia,
2027 5516 2149 5572 quae

567 5597 770 5654 lnvitos
819 5596 1086 5668 alliciunt)
1129 5598 1285 5684 velut
1326 5603 1511 5669 caput,
1543 5603 1788 5650 mentem
1817 5593 2147 5659 circumdat,

2248 4735 2377 4815 ἐστι⁷
2412 4758 2526 4828 ('55)
2573 4735 2760 4820 πίστις
2788 4735 3024 4824 καθαρὰ
3061 4752 3224 4806 λίθων
3255 4750 3458 4821 τιμίων
3504 4746 3664 4814 δίκην,
3692 4735 3770 4794 ταῖς

2251 4855 2362 4908 τῶν
2411 4850 2702 4921 δογμάτων
2731 4846 3061 4919 ὑψηγορίαις
3119 4846 3218 4899 καὶ
3259 4843 3445 4912 λόγοις
3489 4829 3769 4910 διηνθισμένη

2252 4946 2648 5018 πνευματικοῖς
2689 4943 2784 4996 καὶ
2818 4941 3076 5012 νοήμασι,
3111 4938 3202 4991 τὸν
3226 4933 3450 5006 θεοφιλῆ
3471 4929 3771 5018 καθάπερ

2258 5010 2435 5110 φαλην
2468 5035 2868 5104 διασφίγγουσα
2895 5010 3041 5086 νοῦν.
3080 5031 3151 5082 Ἢ
3189 5026 3390 5100 μᾶλλον
3438 5010 3764 5110 στέφανος-τέ’

2252 5108 2336 5186 λιν
2370 5108 2742 5202 χρηστότητός
2774 5126 2924 5180 ἐστιν
2961 5121 3075 5196 (56)
3113 5121 3276 5186 αὐτὸς
3306 5121 3334 5172 ό
3366 5117 3462 5172 τοῦ
3491 5111 3614 5170 Θεοῦ
3642 5108 3765 5174 λόγος,

2250 5225 2280 5277 ό
2309 5225 2373 5295 τῇ
2407 5220 2654 5292 ποικιλίᾳ
2687 5217 2796 5272 τῶν
2827 5216 2970 5272 κατὰ
2994 5215 3253 5285 πρόνοιαν
3280 5212 3371 5266 κα)¹
3398 5210 3574 5281 κρίσιν
3589 5202 3764 5295 τρόπωηο

2253 5284 2424 5388 ἤγουν
2477 5284 2777 5385 ἐγκρατείᾳ
2822 5309 2931 5364 τῶν
2987 5284 3253 5361 ἑκουσίων
3288 5303 3400 5376 (57)
3437 5301 3529 5356 καὶ
3581 5284 3763 5388 ὑπομῷ

2251 5406 2362 5460 τῶν
2384 5405 2656 5461 ἀκουσίων
2679 5401 2892 5468 παθῶν,
2917 5399 2991 5463 ὡς
3023 5396 3266 5468 κεφαλὴν
3293 5393 3382 5447 τὸν
3412 5390 3534 5445 νοῦν
3563 5393 3762 5456 napum-1‘

2259 5517 2396 5571 φων,
2440 5499 2536 5554 καὶ
2567 5500 2632 5569 τῇ
2677 5497 2879 5569 μετοχῇ
2918 5493 3017 5564 τῆς
3051 5490 3192 5546 κατὰ
3239 5488 3337 5560 τὴν
3366 5486 3557 5540 θέωσιν
3587 5479 3763 5554 χάριτας

2260 5592 2426 5655 αὐτὸς
2457 5587 2655 5644 ἑαυτοῦ
2683 5587 2775 5643 τὸν
2805 5584 2929 5642 νοῦν
2955 5581 3125 5637 ποιῶν
3157 5578 3506 5651 ὡραιότερον.

565 5709 650 5759 ac,
680 5709 790 5765 qua
827 5693 1058 5750 Deitatis
1091 5683 1263 5765 gratia
1305 5691 1569 5764 impartit,
1607 5690 1777 5762 ipsam
1815 5689 1998 5761 seipsa
2031 5687 2416 5744 formosiorem
2451 5683 2653 5743 reddit.

639 5849 686 5884 "
715 5850 874 5905 Num.
903 5868 992 5917 xv,
1021 5853 1110 5909 52.
1185 5855 1230 5886 ⁷⁷
1265 5854 1365 5908 lsa.
1398 5867 1542 5917 Lvtn,
1575 5852 1627 5904 5.
1704 5849 1750 5882 ⁷⁸
1777 5850 1918 5904 l’sal.
1944 5847 2156 5913 thv,‘2.
