3986 6454
250 404 348 466 757

1308 397 1805 473 QUAESTIONES
1841 397 1941 457 AD
1978 396 2488 457 THALASSIUM.

3409 397 3515 458 758

320 511 439 566 Τῶν
467 512 669 584 ἑορτῶν
695 514 773 578 δὲ,
810 513 905 583 τὴν
943 513 1039 584 μὲν
1090 511 1312 584 πρώτην
1335 512 1470 582 (58),
1511 510 1864 582 πρακτικῆςλ

2005 508 2082 563 Ad
2137 509 2276 564 festa
2328 519 2513 563 autem
2559 510 2706 579 quod
2747 512 2947 567 attinet
2993 525 3057 567 ac
3100 511 3517 577 solemnitates,

254 599 389 656 εἶναι
441 603 756 674 φιλοσοφίας
815 603 1105 674 σύμϐολον,
1157 604 1295 672 πρὸς
1357 604 1558 674 ἀρετὴν
1614 603 1689 665 ὼς
1735 600 1829 654 ἀπ’

257 694 534 765 Αἰγύπτου
577 697 675 766 τῆς
711 697 984 766 ἁμαρτίας
1008 696 1135 758 τοὺς
1194 697 1284 749 ὑπ’
1326 697 1497 765 αὐτῆς
1528 694 1834 765 κρατουμέ-

259 804 379 850 νους
422 787 872 850 διαϐιϐάζουσανο
931 788 1027 859 τὴν
1053 789 1109 840 δὲ
1168 788 1425 858 δευτέραν
1470 788 1606 859 (59),
1653 786 1753 857 τῆς
1778 788 1836 839 ἐν

263 879 533 949 πνεύματι
587 880 821 951 φυσικῆς
868 879 1038 933 τύπον
1091 881 1356 951 ὑπάρχειν
1423 880 1679 950 θεωρίας,
1737 878 1837 949 τὴν

261 972 391 1043 περὶ
423 972 532 1025 τῶν
558 972 726 1027 ὄντων
753 972 951 1043 εὐσεϐῆ
1003 972 1179 1037 δόξαν,
1230 972 1306 1036 ὡς
1344 972 1598 1044 ἀπαρχὴν
1647 972 1840 1042 θέρους

261 1064 337 1136 τῷ
365 1065 487 1136 Θεῷ
529 1065 1002 1136 προσκομίζουσαν
1024 1083 1039 1097 ο
1069 1068 1169 1138 τὴν
1198 1066 1255 1120 δὲ
1281 1066 1493 1137 τρίτην,
1561 1065 1842 1135 θεολογίας

258 1153 399 1210 εἶναι
437 1159 728 1228 μυστήριον
771 1156 903 1227 (40),
939 1158 1036 1228 τὴν
1070 1157 1288 1210 πάντων
1318 1156 1427 1209 τῶν
1462 1157 1517 1210 ὲν
1540 1159 1654 1221 τοῖς
1679 1173 1839 1225 γεγο-

260 1249 377 1302 νόσι
419 1248 804 1318 πνευματικῶν
844 1248 1019 1317 λόγων
1051 1248 1361 1318 γνωστικὴν
1407 1247 1544 1314 ἕξιν,
1601 1249 1696 1302 καὶ
1743 1247 1843 1315 τὴν

263 1341 385 1393 κατ’
442 1340 753 1410 οἰκονομίαν
806 1340 902 1394 τοῦ
944 1341 1319 1412 σαρκωθέντος
1372 1341 1545 1408 Λόγου
1599 1342 1838 1409 παντελῆ

263 1429 352 1482 διὰ
392 1430 490 1499 τῆς
520 1431 739 1502 χάριτος
801 1430 1236 1501 ἀναμαρτησίαν,
1273 1430 1368 1484 καὶ
1396 1432 1494 1500 τὴν
1538 1432 1623 1484 ἐπ’
1656 1432 1845 1495 αὐταῖς

263 1520 325 1574 ὲν
352 1521 430 1591 τῷ
465 1522 656 1593 ἀγαθῷ
690 1523 905 1577 τελείαν
937 1523 1033 1576 καὶ
1086 1522 1353 1576 ἀθάνατον
1392 1523 1658 1595 ἀτρεψίαν
1687 1541 1847 1595 περι-

267 1612 522 1681 έχουσαν,
545 1612 620 1677 ὡς
644 1614 960 1684 σαλπίγγων
991 1612 1086 1668 καὶ
1106 1613 1334 1683 ἱλασμοῦ
1359 1615 1452 1669 καὶ
1475 1615 1850 1686 σκηνοπηγίας

269 1706 583 1776 ποιητικήν.

1933 600 2115 670 prima
2146 600 2370 669 quidem
2399 601 2520 670 ejus
2545 601 2909 671 pliilOSOphia:
2936 603 3246 674 symbolum
3269 612 3374 667 est,
3398 617 3521 672 quae

1936 691 1993 747 in
2015 692 2231 747 actione
2265 703 2546 759 versatur;
2580 709 2703 763 qua:
2744 694 2957 750 scilicet
2992 695 3145 750 velut
3169 711 3238 750 ex
3265 694 3518 766 Egypto,

1936 798 1969 837 a
2003 792 2230 853 peccato
2266 783 2333 837 ad
2360 784 2621 838 virtutem
2650 799 2748 839 eos
2776 784 3051 851 traducat,
3080 801 3317 855 quorum
3343 786 3523 859 domi-

1936 884 2121 930 natur.
2146 875 2335 931 Altera
2362 891 2517 942 vero,
2544 876 2815 933 naturalis
2838 878 2892 931 in
2915 876 3113 947 spiritu
3135 875 3526 946 speculationis

1942 976 2131 1039 typum
2176 969 2354 1040 gerit;
2401 983 2523 1038 quae
2565 968 2829 1024 nimirum
2877 968 3071 1040 pietati
3115 968 3417 1023 haerentem
3459 969 3527 1023 de

1941 1068 2109 1122 rebus
2158 1068 2493 1123 sententiam
2540 1076 2803 1138 tanquam
2853 1068 3050 1123 messis
3097 1065 3370 1137 primitias
3416 1065 3529 1119 Deo

1942 1158 2158 1214 oﬂ‘erat.
2196 1158 2383 1214 Tertia
2428 1158 2667 1228 denique
2710 1157 3001 1228 theologiae
3045 1155 3372 1227 mysterium
3413 1163 3528 1220 est;

1943 1264 2067 1319 qua:
2094 1248 2354 1303 videlicet
2395 1248 2642 1303 omnium
2681 1248 2737 1302 in
2770 1247 2938 1303 rebus
2971 1245 3175 1303 creatis
3200 1243 3531 1315 spiritalium

1948 1340 2227 1394 rationum
2269 1340 2516 1395 scientiae
2554 1339 2827 1404 habitum,
2864 1338 3194 1409 plenamque
3226 1336 3397 1392 Verbi
3442 1350 3531 1391 sc-

1948 1430 2190 1485 cundum
2226 1431 2709 1501 dispensationem
2730 1430 3000 1485 incarnati
3028 1429 3217 1500 gratiae
3246 1442 3474 1482 munere
3503 1442 3533 1480 a

1946 1532 2177 1595 peccato
2204 1523 2637 1589 immunitatem;
2670 1538 2733 1578 ac
2763 1530 3063 1592 postremo,
3092 1521 3244 1575 velut
3272 1534 3395 1589 qua:
3419 1518 3534 1587 ipsa

1949 1614 2209 1669 tubarum
2249 1624 2306 1670 et
2349 1614 2757 1685 prepitiationis
2802 1629 2867 1669 ac
2905 1613 3247 1683 scenopegiae
3287 1609 3534 1665 eﬁ'ectrix

1950 1707 2199 1773 exsistat,
2231 1705 2531 1777 perfectam
2562 1721 2627 1760 ac
2656 1705 3021 1759 immortalem
3056 1703 3112 1757 in
3142 1702 3291 1756 bono
3334 1701 3535 1755 immu-

1954 1800 2300 1865 tabilitatem,
2337 1800 2532 1853 horum
2564 1799 2787 1854 cumulo
2817 1796 3233 1866 complectatur.

341 1881 562 1955 Ταύτην
595 1884 704 1956 ἔχω
734 1886 871 1951 τέως
901 1888 1040 1943 κατὰ
1071 1888 1200 1961 μίαν
1220 1890 1480 1962 ἐπιϐολὴν
1526 1891 1591 1944 ὲκ
1617 1891 1716 1961 τῆς
1740 1890 1849 1943 τῶν

2025 1891 2116 1945 Sic
2161 1890 2296 1945 mihi
2356 1890 2625 1945 hactenus
2673 1904 2785 1944 uno
2841 1903 3028 1951 sensu,
3063 1902 3128 1940 ex
3180 1885 3391 1939 honore
3445 1883 3537 1952 qui

269 1976 495 2047 ἡμερῶν
535 1979 697 2049 τιμῆς
753 1980 851 2051 τὴν
898 1981 1172 2039 ὑπόνοιαν.
1224 1984 1298 2038 Ού
1341 1982 1450 2053 γὰρ
1496 1983 1559 2052 δὴ
1588 1982 1851 2053 τιμᾶσθαι

270 2068 441 2121 θέλων
465 2071 494 2121 ὁ
528 2068 659 2135 Θεὸς
682 2071 894 2141 ἡμέρας
925 2073 1028 2126 ὑπὸ
1056 2074 1163 2128 τῶν
1190 2074 1513 2145 ἀνθρώπων,
1555 2073 1850 2145 προσέταξε

270 2160 568 2230 τιμηθῆναι
627 2162 688 2215 τό
734 2179 796 2215 τε
829 2163 1123 2230 Σάϐϐατον,
1156 2165 1252 2218 καὶ
1284 2166 1381 2229 τὰς
1420 2164 1729 2235 νεομηνίας.
1760 2164 1854 2216 καὶ

270 2248 370 2311 τὰς
389 2250 603 2322 ἑορτάς.
620 2252 776 2307 Οὕτω
791 2253 898 2325 γάρ
920 2254 985 2308 ἂν
1003 2255 1283 2327 λατρεύειν
1307 2259 1373 2327 τῇ
1395 2256 1568 2309 κτίσει
1599 2257 1749 2326 παρὰ
1764 2256 1855 2307 τὸν

273 2342 536 2397 κτίσαντα
572 2345 712 2399 κατὰ
738 2346 902 2417 νόμον
933 2348 1155 2418 ἐντολῆς
1186 2349 1483 2417 ὲξεδίδαξεν
1512 2349 1642 2420 (41),
1676 2349 1858 2419 οἰομέ-

271 2448 397 2494 νους
432 2436 634 2498 σεπτάς
689 2433 829 2490 εἶναι
861 2437 1020 2507 φύσει
1050 2438 1146 2501 τὰς
1174 2439 1409 2509 ἡμέρας,
1442 2439 1535 2491 καὶ
1584 2438 1673 2491 διὰ
1701 2436 1859 2491 τοῦτο

274 2527 656 2596 προσκυνητάς
685 2544 699 2558 ·
726 2528 842 2581 ἀλλ’
868 2530 1060 2583 ἑαυτὸν
1095 2530 1357 2601 τιμᾶσθαι
1404 2530 1744 2600 συμϐολικῶς
1772 2530 1860 2584 διὰ

274 2611 381 2663 τῶν
423 2613 645 2685 ἡμερῶν
684 2618 1088 2688 παρεδήλωσεν.
1129 2620 1303 2684 Αὐτὸς
1335 2620 1444 2692 γάρ
1473 2623 1587 2673 ἐστι
1638 2619 1860 2673 Σάϐϐα-

273 2720 370 2756 τον
397 2705 495 2775 μὲν
520 2705 655 2778 (42),
706 2708 781 2771 ὡς
812 2709 920 2762 τῶν
952 2712 1010 2762 ὲν
1069 2710 1235 2781 σαρκὶ
1273 2711 1372 2782 τῆς
1413 2711 1590 2781 ψυχῆς
1644 2711 1859 2782 μόχθων

277 2797 604 2862 ἀνάπαυσις,
625 2801 718 2852 καὶ
752 2801 858 2855 τῶν
888 2804 1029 2857 κατὰ
1072 2802 1416 2874 δικαιοσύνην
1447 2804 1623 2856 πόνων
1688 2803 1861 2857 κατά-

278 2906 484 2953 παυσις
512 2908 526 2923 ⁸
565 2893 755 2964 Πάσχα
785 2895 837 2948 δὲ
878 2896 1010 2965 (45),
1038 2897 1113 2957 ὡς
1139 2896 1507 2968 ἐλευθερωτής
1534 2896 1642 2950 τῶν
1666 2899 1732 2968 τῇ
1769 2916 1861 2950 πι-

276 2983 388 3051 κρᾷ
431 2982 644 3055 δουλείᾳ
686 2988 1112 3058 κεκρατημένων
1138 2989 1235 3058 τῆς
1292 2989 1589 3059 ἁμαρτίας.
1663 2989 1865 3059 Πεντη-

280 3072 453 3144 κοστὴ
487 3074 541 3127 δὲ
588 3073 723 3148 (dli),
760 3078 835 3140 ὡς
871 3079 1013 3150 ἀρχὴ
1066 3081 1159 3133 καὶ
1189 3079 1341 3143 τέλος
1374 3080 1484 3133 τῶν
1528 3080 1719 3145 ὄντων,
1771 3082 1866 3134 καὶ⁸

1954 1982 2152 2037 diebus
2194 1982 2452 2049 habetur,
2503 1982 2841 2052 opinandum
2890 1980 3183 2035 succurrit.
3230 1978 3349 2032 Non
3392 1978 3539 2032 enim

1956 2077 2185 2140 ideirco,
2218 2077 2362 2145 quod
2397 2077 2543 2131 Deus
2580 2075 2790 2129 honore
2831 2074 2936 2129 coli
2971 2073 3040 2127 ab
3074 2070 3394 2125 hominibus
3425 2068 3541 2122 dies

1956 2170 2157 2233 vellet,
2204 2167 2506 2223 Sabbatum
2551 2168 2758 2237 pariter
2799 2175 2855 2221 et
2897 2164 3246 2228 neomenias,
3297 2162 3542 2230 festaque

1956 2260 2223 2315 solemnia
2258 2259 2489 2314 colenda
2530 2258 2809 2328 praecepit.
2845 2257 2933 2312 Sic
2966 2256 3113 2310 enim
3148 2253 3355 2309 servire
3393 2266 3545 2306 crea-

1961 2362 2097 2408 tura:
2125 2333 2196 2417 δί’,
2228 2351 2402 2421 magis
2441 2367 2604 2420 quam
2650 2348 2898 2407 Creatori
2950 2348 3037 2419 (ad
3078 2348 3319 2402 mandati
3370 2346 3544 2415 legem

1961 2444 2110 2515 quod
2159 2442 2378 2511 attinet)
2424 2443 2549 2497 illos
2590 2441 2898 2506 docuisset;
2932 2456 3055 2495 cum
3091 2439 3302 2494 scilicet
3342 2438 3400 2503 ii,
3429 2436 3548 2491 dies

1960 2547 2159 2593 natura
2191 2535 2557 2601 venerabiles,
2596 2549 2659 2589 ae
2693 2541 2985 2604 propterea
3023 2532 3105 2588 eis
3138 2532 3345 2587 cultum
3390 2528 3548 2583 adhi-

1962 2620 2219 2683 bendum}
2256 2627 2694 2691 arbitrarentur;
2747 2625 2843 2680 sed
2896 2625 3011 2695 ipse
3059 2624 3162 2679 sibi
3216 2640 3283 2677 ex
3333 2622 3549 2677 dierum

1962 2720 2178 2774 ratione
2225 2720 2490 2774 honorem
2542 2717 2889 2781 habendum,
2935 2717 3184 2789 symbolo
3227 2714 3545 2770 declaravit.

1963 2814 2084 2883 Ipse
2125 2813 2273 2867 enim
2318 2822 2375 2867 et
2412 2811 2713 2867 Sabbatum
2761 2819 2865 2874 est,
2896 2809 3049 2864 velut
3087 2809 3255 2863 animi
3294 2808 3349 2861 in
3388 2822 3555 2861 carne

1964 2918 2338 2958 wrumnarum
2393 2901 2658 2969 amolitio,
2702 2916 2767 2955 ac
2810 2900 3038 2971 iustitia:
3083 2900 3335 2954 laborum
3373 2897 3552 2967 quies.

1967 2992 2179 3049 Pascha
2212 3000 2421 3056 autem,
2448 2999 2508 3046 ut
2542 3006 2736 3045 eorum
2769 2989 3056 3054 liberator,
3085 2989 3176 3057 qui
3209 3002 3393 3041 amara
3427 3001 3555 3057 pec-

1970 3082 2079 3137 cati
2119 3082 2385 3137 servitute
2424 3086 2704 3135 tenentur.
2739 3079 3066 3133 Pentecoste
3097 3092 3251 3141 vero,
3279 3083 3340 3131 ut
3375 3091 3558 3130 rerum

278 3163 460 3233 λόγος,
571 3167 638 3220 τά
701 3169 880 3222 πάντα
914 3170 1072 3239 φύσει
1109 3171 1459 3242 συνέστηκεν,
1492 3173 1553 3224 Ei
1585 3172 1695 3244 γὰρ
1729 3173 1864 3243 μετὰ

1969 3173 2306 3245 principium
2357 3180 2414 3227 et
2460 3171 2605 3236 ﬁnis,
2638 3170 2990 3239 Verbumque
3041 3179 3097 3225 et
3149 3169 3312 3233 ratio,
3345 3170 3401 3223 in
3452 3183 3563 3238 qua

278 3257 383 3328 τὴν
401 3260 479 3322 είς
512 3261 711 3332 ἑαυτὴν
746 3263 1112 3335 ἑϐδοματικὴν
1140 3265 1240 3335 τῆς
1292 3264 1583 3335 ἑϐδομάδος
1616 3265 1865 3335 περίοδον

280 3350 888 3423 ὲστινήΠεντηκοστὴ,
940 3354 1235 3425 πενταδικὴ
1284 3355 1341 3408 δὲ
1391 3356 1577 3425 σαφῶς
1628 3358 1865 3428 ὑπάρχει

279 3442 491 3513 δεκὰςή
531 3445 877 3517 Πεντηκοστή
893 3464 907 3478 ·
934 3446 1213 3518 προδήλως
1226 3447 1333 3518 ἄρα
1350 3446 1457 3501 τῶν
1474 3449 1641 3501 ὄντων
1659 3450 1868 3520 ἡφύσις

280 3536 430 3588 κατά
462 3536 551 3589 τὸν
594 3537 795 3607 ἑαυτῆς
855 3538 1012 3608 λόγον
1052 3540 1386 3610 ὑπάρχουσα
1443 3540 1736 3612 πενταδικὴ
1783 3541 1871 3596 διά

281 3628 388 3692 τὰς
453 3629 756 3700 αἰσθήσεις,
813 3632 951 3702 μετά
1005 3633 1104 3703 τὴν
1149 3634 1384 3705 φυσικὴν
1421 3633 1514 3687 τοῦ
1544 3633 1737 3705 χρόνου
1776 3633 1872 3686 καὶ

284 3718 398 3773 τῶν
440 3718 652 3776 αἰώνων
706 3722 981 3789 διάϐασιν,
1033 3725 1092 3778 ὲν
1134 3724 1211 3795 τῷ
1257 3723 1377 3795 Θεῷ
1410 3724 1583 3787 ἔσται,
1620 3723 1697 3795 τῷ
1731 3725 1873 3778 κατά

289 3810 457 3880 φύσιν
499 3814 598 3878 ἑνὶ,
628 3813 705 3886 μὴ
751 3815 1018 3887 δεχομένη
1046 3816 1251 3889 πέραςο
1298 3818 1358 3871 ὲν
1398 3810 1441 3886 ᾧ
1472 3816 1747 3880 παντελῶς
1771 3817 1872 3869 οὐκ

286 3902 408 3956 ἔστι
468 3904 769 3969 διάστασις.
825 3906 964 3960 Φασὶ
1001 3908 1110 3978 γάρ
1157 3925 1303 3972 τινες
1339 3904 1480 3962 εἶναι
1522 3908 1724 3979 μονάδα
1754 3906 1870 3978 (ΕΓ.

286 3994 512 4068 δεκάδα]
552 3996 643 4051 τὸν
692 3998 867 4067 λόγον,
907 3999 984 4063 ὡς
1037 4001 1293 4073 πρόνοιαν
1348 4002 1493 4055 κατά
1534 4000 1761 4072 πρόοδον
1805 4002 1872 4070 τῇ

287 4081 475 4137 δεκάδι
541 4084 651 4139 τῶν
713 4087 945 4142 ἐντολῶν
991 4088 1413 4160 πλατυνόμενον.
1474 4090 1743 4161 Ὀπηνίκα
1818 4090 1875 4143 δὲ

292 4176 546 4248 συναφθῇ
572 4177 649 4248 τῷ
674 4177 817 4250 λόγῳ
847 4181 989 4234 κατὰ
1020 4181 1181 4252 χάριν
1208 4183 1241 4253 ὴ
1266 4181 1452 4251 φύσις,
1500 4183 1602 4235 οὐκ
1623 4182 1777 4235 ἔσται
1807 4182 1878 4235 τὰ

292 4261 371 4320 ῶν
394 4269 492 4321 οὑκ
533 4270 685 4336 ἄνευ,
714 4271 814 4338 τῆς
838 4273 945 4327 τῶν
977 4272 1138 4343 φύσει
1166 4275 1502 4345 κινουμένων
1521 4275 1877 4342 άλλοιωτικῆς

293 4363 706 4435 ἀπογενομένης
755 4366 1042 4436 κινήσεως.
1088 4368 1181 4420 Δεῖ
1218 4368 1327 4439 γὰρ
1366 4371 1466 4439 τὴν
1522 4369 1879 4440 πεπερασμέ-

294 4471 396 4524 νην
420 4455 630 4519 στάσιν,
664 4458 720 4509 ἐν
810 4456 1056 4526 γίνεσθαι
1090 4459 1335 4529 πέφυκεν
1382 4460 1441 4527 ἐξ
1474 4461 1721 4531 ἀνάγκης
1756 4461 1880 4515 κατ’

1969 3273 2167 3320 cuncta
2209 3272 2409 3317 natura
2455 3261 2788 3316 consistunt.
2844 3259 2980 3316 Cum
3025 3261 3172 3315 enim
3215 3268 3342 3331 post
3385 3268 3565 3331 septe-

1969 3373 2096 3412 nam
2123 3357 2442 3426 septimana:
2465 3356 2517 3409 in
2543 3357 2779 3425 seipsam
2804 3355 3091 3424 periodum
3118 3355 3189 3409 sit
3213 3354 3561 3419 Pentecoste,

1970 3449 2152 3518 sitque
2207 3447 2386 3516 palam
2442 3447 2769 3501 Pentecoste
2830 3447 2992 3516 287
3047 3446 3298 3515 quinaria
3361 3445 3562 3507 dccas;

1971 3540 2264 3610 perspicue
2318 3538 2572 3608 sequitur
2608 3554 2793 3592 rerum
2827 3547 3102 3601 naturam,
3134 3554 3256 3607 quae
3286 3538 3403 3608 ipsa
3441 3553 3472 3593 a
3507 3553 3565 3592 se

1972 3648 2238 3689 sensuum
2277 3633 2492 3687 ratione
2540 3631 2791 3701 quinaria
2826 3629 2916 3695 sit,
2953 3638 3079 3699 post
3111 3640 3431 3700 superatum
3472 3646 3575 3685 na-

1973 3735 2098 3781 tura
2138 3734 2355 3794 tempus
2388 3731 2554 3793 atque
2589 3723 2811 3787 saecula,
2851 3723 2905 3776 in
2946 3724 3059 3777 Deo
3102 3722 3241 3787 fore,
3279 3722 3375 3792 qui
3424 3739 3571 3778 unus

1974 3828 2059 3873 est
2094 3833 2193 3888 per
2223 3825 2499 3880 naturam,
2533 3814 2747 3869 nullum
2786 3814 3099 3869 habituram
3137 3813 3297 3867 ﬁnem
3325 3832 3337 3867 :
3373 3814 3427 3867 in
3459 3830 3571 3884 quo

1975 3909 2189 3963 scilicet
2213 3906 2362 3960 nulla
2385 3920 2616 3975 prorsus
2638 3905 2895 3960 distantia
2925 3921 3020 3960 seu
3050 3905 3281 3959 mutatio
3308 3905 3398 3959 sit.
3430 3904 3572 3960 Sunt

1975 4001 2123 4056 enim
2167 4001 2262 4071 qui
2304 4001 2492 4056 dicant
2555 4016 2681 4056 esse
2727 4000 3018 4055 monadem
3063 4001 3219 4069 λόγον
3258 4002 3571 4068 (sermonem

1979 4094 2193 4149 scilicet
2242 4109 2307 4149 ac
2354 4094 2639 4165 rationem)
2692 4104 2951 4164 tanquam
2998 4094 3421 4163 providentiam,
3452 4108 3573 4162 qua:

1980 4187 2363 4256 “progressione
2420 4186 2808 4241 mandatorum
2893 4185 3098 4239 decade
3144 4185 3571 4254 multiplicetur.

1980 4278 2086 4335 Ubi
2127 4287 2308 4332 autem
2342 4286 2541 4332 natura
2586 4278 2785 4332 rationi
2823 4277 3028 4349 (Verbo
3058 4275 3318 4330 nimirum
3350 4291 3413 4329 ac
3441 4275 3574 4330 Ser-

1984 4372 2158 4443 moni)
2195 4389 2293 4443 per
2339 4373 2571 4443 gratiam
2623 4373 2878 4442 copulata
2923 4371 3108 4437 fuerit,
3145 4386 3254 4424 non
3290 4378 3456 4424 erunt
3487 4385 3571 4433 ea,

1985 4464 2106 4519 sine
2139 4462 2342 4533 quibus
2375 4478 2506 4526 non,
2538 4460 2687 4531 quod
2724 4475 2923 4529 nempe
2962 4476 3177 4521 eorum.
3212 4474 3334 4528 quae
3380 4467 3574 4512 natura

293 4546 582 4601 ἀλλοίωσιν
607 4548 714 4601 τῶν
742 4550 1129 4621 κινουμένωνὴ
1171 4553 1406 4623 κίνησις,
1441 4551 1699 4618 δέξασθαι
1728 4552 1864 4615 τέλος

1992 4565 2308 4620 moventur,
2342 4564 2526 4610 motus
2565 4554 2717 4609 varie
2747 4568 2968 4609 sensum
3015 4551 3255 4606 alliciens
3291 4551 3575 4605 deterens-

293 4638 362 4707 τῇ
398 4638 673 4709 παρουσίᾳ
700 4640 800 4711 τῆς
834 4642 1143 4713 ἀπεράντου
1164 4642 1427 4708 στάσεως,
1457 4638 1568 4719 ὲνῇ
1608 4645 1883 4699 παύεσθαι

298 4728 512 4808 πέφυκε
542 4729 650 4784 τῶν
678 4733 1010 4805 κινουμένων
1043 4736 1076 4806 ἡ
1104 4735 1339 4808 κίνησις.
1382 4737 1470 4789 Ἐν
1489 4729 1532 4803 ᾧ
1567 4737 1676 4808 γὰρ
1707 4738 1882 4808 πέρας

298 4822 443 4876 κατά
459 4806 644 4893 ίφύσιν
674 4827 810 4889 ἐστὶ,
843 4828 937 4881 καὶ
979 4828 1304 4900 ἀλλοιωτικὴ
1353 4830 1572 4893 πάντως
1611 4831 1643 4900 ἡ
1676 4830 1787 4884 τῶν
1828 4832 1885 4883 ὲν

297 4914 451 4984 αὺτῷ
480 4915 789 4989 καθέστηκε
810 4918 1025 4990 κίνησις
1050 4935 1064 4949 ·
1096 4920 1154 4974 ἐν
1185 4913 1228 4988 ᾦ
1258 4920 1316 4973 δὲ
1349 4920 1521 4991 πέρας
1549 4920 1694 4974 κατὰ
1722 4921 1885 4989 φύσιν

297 5006 405 5058 οὐκ
460 5007 626 5072 ἔστιν,
670 5009 898 5080 οὐδεμία
950 5011 1232 5076 παντελῶς
1293 5011 1620 5083 ἀλλοιωτικὴ
1673 5013 1779 5068 τῶν
1830 5016 1887 5067 ἐν

300 5098 454 5169 αύτῷ
510 5100 885 5172 γνωσθήσεται
920 5102 1153 5173 κίνησις.
1195 5102 1404 5158 Οὐκοῦν
1454 5106 1482 5157 ὁ
1533 5105 1633 5175 μὲν
1686 5105 1889 5175 κόσμος

300 5192 469 5255 τόπος
489 5193 607 5246 ἐστὶ
659 5194 1098 5266 πεπερασμένος,
1141 5196 1236 5249 καὶ
1287 5196 1474 5260 στάσις
1510 5214 1891 5269 περιγεγραμ-

304 5283 445 5356 μένη
465 5302 478 5316 ·
506 5287 533 5337 ὁ
562 5285 619 5339 δὲ
635 5287 846 5356 χρόνος,
882 5288 1333 5359 περιγραφομένη
1367 5288 1671 5359 καθέστηκε
1730 5289 1890 5360 κίνη-

303 5394 394 5440 σις
414 5392 429 5405 ⁸
467 5377 589 5431 ὅθεν
611 5379 706 5433 καὶ
739 5379 1065 5451 ἀλλοιωτικὴ
1095 5380 1205 5433 τῶν
1267 5383 1325 5433 ὲν
1369 5379 1517 5450 αὐτῷ
1547 5380 1891 5452 καθέστηκεν

303 5473 343 5543 ἡ
369 5470 511 5524 κατὰ
560 5473 661 5543 τὴν
717 5472 863 5544 ζωὴν
908 5472 1144 5543 κίνησις.
1194 5472 1462 5541 Ὀττηνίκα
1502 5472 1558 5525 δὲ
1594 5473 1685 5526 τὸν
1732 5471 1898 5525 τόπον

298 5564 616 5631 διελθοῦσα,
668 5567 763 5619 καὶ
789 5567 881 5621 τὸν
912 5567 1103 5638 χρόνον
1133 5568 1254 5641 κατ’
1289 5566 1568 5636 ἑνέργειάν
1595 5582 1655 5618 τε
1694 5566 1789 5619 καὶ
1814 5563 1900 5618 ἔν-

1990 4664 2100 4719 que
2152 4647 2526 4719 (alterationis
2578 4644 2806 4714 vocant)
2859 4644 3109 4699 desierit.
3161 4644 3395 4697 Necesse
3429 4642 3577 4696 enim

1991 4747 2094 4804 est,
2127 4750 2189 4793 ut
2218 4738 2369 4793 ﬁnita
2408 4738 2568 4808 quies
2597 4736 2675 4809 (in
2714 4752 2820 4807 qua
2853 4736 3166 4790 necessario
3200 4749 3297 4804 per
3329 4734 3580 4788 demuta-

1993 4832 2200 4886 tionem
2243 4831 2351 4885 alia
2387 4846 2455 4884 ex
2491 4829 2596 4884 alia
2631 4828 2916 4901 qualitate,
2951 4842 3166 4891 eorum,
3200 4841 3321 4895 qua:
3358 4840 3581 4878 moven—

1997 4932 2110 4991 tur,
2144 4925 2317 4979 motui
2349 4931 2410 4977 ut
2442 4922 2537 4977 ﬁat
2571 4929 2947 4992 comparatum
2980 4916 3083 4989 est)
3129 4919 3290 4973 ﬁnem
3324 4917 3577 4987 accipiat,

1996 5023 2267 5086 praesente
2302 5015 2412 5085 jam
2459 5010 2856 5067 interminabili
2901 5011 3109 5079 quiete,
3146 5008 3200 5062 in
3243 5023 3349 5077 qua
3388 5021 3577 5059 eorum

1996 5121 2121 5176 quae
2156 5114 2469 5168 moventur,
2498 5111 2685 5157 motus
2723 5114 2939 5155 cessare
2970 5099 3156 5152 habet.
3196 5097 3256 5150 ln
3296 5111 3406 5165 quo
3435 5094 3582 5149 enim

1996 5203 2191 5251 natura
2224 5193 2491 5249 terminus
2520 5199 2625 5257 est,
2648 5190 2874 5246 omnino
2897 5190 3063 5244 etiam
3090 5198 3271 5242 motus
3289 5186 3582 5258 ejusmodi.

1999 5288 2093 5358 qui
2124 5302 2193 5342 ex
2222 5287 2327 5341 alia
2364 5286 2419 5340 in
2452 5284 2620 5339 aliam
2647 5282 2907 5339 transfert
2935 5280 3277 5351 qualitatem,
3312 5280 3391 5333 illi
3421 5280 3581 5333 inest.

1999 5378 2059 5433 In
2090 5393 2201 5448 quo
2226 5386 2407 5432 autem
2433 5384 2630 5431 natura
2660 5373 2928 5430 terminus
2958 5388 3069 5427 non
3098 5380 3199 5437 est,
3231 5372 3285 5425 in
3310 5386 3377 5426 eo
3401 5370 3585 5424 nullus

1996 5470 2222 5525 omnino
2260 5467 2530 5540 ejusmodi
2576 5475 2761 5521 motus
2798 5470 3071 5519 occurret.
3113 5462 3302 5532 Igitur,
3346 5458 3585 5513 mundus

1997 5561 2222 5633 quidem
2255 5561 2411 5618 locus
2440 5566 2526 5615 est
2550 5557 2935 5614 terminativus
2958 5571 3024 5610 ac
3049 5554 3199 5609 ﬁnita
3227 5552 3415 5623 quies;
3443 5564 3574 5605 tem-

301 5671 484 5721 νοιαν,
510 5657 543 5727 ἡ
594 5656 753 5723 φύσις
781 5657 970 5727 (ἤγουν
1002 5656 1071 5710 τὰ
1103 5651 1178 5727 ὧν
1226 5655 1326 5709 οὐκ
1355 5653 1506 5720 ἄνευ,
1532 5653 1781 5708 τουτέστι
1805 5651 1864 5725 τὴ

2002 5669 2107 5726 pus
2137 5660 2343 5719 autem,
2373 5660 2555 5707 motus
2582 5658 2667 5707 est
2692 5648 2985 5715 deﬁnitus;
3013 5661 3080 5702 ex
3105 5659 3215 5717 quo
3241 5642 3407 5700 etiam
3439 5640 3499 5696 ﬁt
3527 5651 3587 5697 ut

384 5834 432 5866 "
466 5833 621 5889 Rom.
660 5852 696 5897 ι,
728 5834 815 5889 25.
