3986 6428
532 388 640 460 759

1710 389 1769 448 S.
1809 384 2096 448 MAXIMI
2135 388 2647 451 CONFESSORIS

3645 397 3730 465 100‘

530 516 725 563 eorum
754 516 874 573 qua:
905 500 957 554 in
990 500 1085 555 illo
1110 506 1424 562 versantur,
1453 497 1582 553 vitae
1610 506 1812 563 motus,
1847 498 2105 569 ejusmodi

2225 502 2650 572 πεπερασμένην
2681 502 2870 556 στάσιν
2898 502 2991 557 καὶ
3020 503 3278 575 κίνησιν),
3536 514 3723 582 συναφθῇ

531 596 623 658 sit,
649 594 741 664 qui
776 606 874 662 per
905 605 1000 646 eas
1029 589 1349 660 qualitates,
1382 600 1504 659 quae
1537 589 1690 643 varie
1728 602 1951 643 sensum
1997 588 2117 642 alii.

529 688 717 750 ciunt,
757 684 1031 737 immutet.
1078 681 1182 738 Ubi
1228 689 1415 735 autem
1458 687 1677 745 natura,
1714 692 1773 735 re
1810 680 2019 749 pariter
2053 692 2117 736 ac

529 778 861 850 cogitatione
905 777 1086 831 locum
1125 786 1478 844 supergressa
1515 781 1571 827 et
1599 781 1813 843 tempus
1851 773 1934 843 (ea
1966 773 2117 828 scili.

528 882 621 929 cet
665 872 784 926 sine
830 870 1038 940 quibus
1081 880 1226 931 non,
1273 874 1336 921 ut
1373 870 1602 931 vocant,
1659 880 1856 936 nempe
1905 867 2115 921 [initam

529 964 774 1035 quietem
797 976 861 1017 ac
890 960 1124 1027 motum)
1149 958 1302 1013 nullo
1329 957 1511 1011 medio
1543 956 1908 1011 Providentia:
1940 958 2119 1012 colue-

529 1055 687 1124 serit,
717 1054 987 1110 rationem
1017 1061 1213 1106 natura
1239 1050 1545 1119 simplicem
1575 1058 1632 1103 et
1665 1049 1941 1113 stabilem,
1965 1050 2116 1105 omni

529 1149 759 1205 omnino
787 1142 1301 1215 circumscriptione
1328 1143 1415 1215 (ac
1452 1142 1687 1213 proinde
1711 1143 1861 1197 omni
1892 1154 2117 1212 prorsus

529 1241 721 1310 metu)
766 1246 1084 1303 carentem,
1138 1234 1390 1291 oll‘endit.
1452 1233 1825 1301 Quamobrem
1882 1244 2113 1302 natura,

530 1333 775 1406 quandin
829 1332 1056 1404 quidem
1112 1331 1169 1385 in
1225 1328 1434 1385 mundo
1489 1338 1841 1399 temporanea
1900 1328 2117 1385 ratione

527 1434 802 1491 versatur,
858 1432 1072 1481 motum
1129 1423 1297 1478 habet
1338 1420 1503 1476 .varia
1566 1434 1791 1476 sensum
1854 1422 2118 1492 qualitate

529 1526 858 1584 mutantem,
903 1517 975 1571 ob
1015 1513 1205 1570 mundi
1257 1512 1469 1568 ﬁnitam
1516 1513 1781 1583 quietem,
1828 1514 2119 1584 temporis-

528 1627 636 1683 que
666 1614 723 1667 in
754 1613 1033 1667 diversum
1080 1609 1390 1663 trahentem
1428 1607 1867 1676 corruptionem,
1896 1620 1961 1662 ac
1996 1608 2120 1663 labe

2223 596 2287 665 τῇ
2322 594 2573 668 Προνοίᾳ,
2601 596 2760 665 λόγον
2791 596 3031 668 εὑρίσκει
3048 599 3147 669 τὴν
3178 592 3435 670 Πρόνοιαν
3454 597 3581 652 κατὰ
3605 599 3727 669 φύσιν

2223 690 2429 746 ἁπλοῦν
2475 689 2569 744 mi.
2597 690 2879 761 στάσιμον,
2940 692 3034 744 καὶ
3068 686 3336 763 μηδεμίαν
3383 692 3556 762 ἔχοντα
3594 695 3728 767 πάντη

2223 781 2593 853 περιγραφὴν,
2628 778 2723 835 καὶ
2760 778 2847 835 διὰ
2874 776 3031 836 τοῦτο
3078 781 3356 846 παντελῶς
3381 782 3498 837 οὔτε
3543 783 3730 854 κίνησιν.

2221 873 2420 943 Διόπερ
2462 873 2520 925 ἐν
2555 873 2653 943 μὲν
2705 870 2784 944 τῷ
2831 870 3022 946 κόσμῳ
3058 872 3377 945 ὑπάρχουσα
3425 875 3661 946 χρονικῶς
3706 882 3731 948 ἡ

2217 963 2400 1033 φύσις,
2451 961 2811 1036 ἀλλοιωτικὴν
2854 968 2966 1039 ἔχει
3002 969 3101 1038 τὴν
3140 971 3373 1042 κίνησιν,
3433 968 3514 1023 διὰ
3552 972 3637 1039 τὴν
3665 973 3735 1027 τοῦ

2215 1056 2421 1124 κόσμου
2450 1058 2875 1128 πεπερασμένην
2905 1064 3114 1126 στάσιν,
3146 1062 3241 1115 καὶ
3275 1061 3374 1132 τὴν
3390 1060 3511 1113 καθ’
3540 1058 3738 1133 ἑτεροιω-

2217 1160 2301 1197 σιν
2328 1142 2423 1197 τοῦ
2453 1143 2648 1214 χρόνου
2675 1147 2883 1218 φθοράν
2907 1162 2922 1180 ο
2952 1145 3011 1203 ἐν
3040 1145 3097 1203 δὲ
3136 1147 3215 1220 τῷ
3258 1148 3375 1219 Θεῷ
3396 1146 3648 1220 γινομένη,
3676 1150 3739 1205 διὰ

2218 1237 2318 1308 τὴν
2349 1236 2587 1309 φυσικὴν
2606 1238 2699 1293 τοῦ
2732 1241 2791 1293 έν
2818 1234 2863 1310 ᾧ
2898 1240 3088 1311 γέγονε
3142 1240 3365 1313 μονάδα,
3396 1240 3572 1293 στάσιν
3606 1243 3738 1294 risui-

2219 1347 2381 1402 νητον
2428 1334 2561 1404 ἔξει,
2622 1338 2717 1391 καὶ
2770 1337 3032 1406 στάσιμον
3084 1333 3523 1403 ταυτοκινησίαν,
3569 1333 3677 1404 πεῲ⁴
3699 1334 3742 1388 τὸ

2218 1426 2416 1481 ταυτὸν
2442 1432 2536 1483 καὶ
2558 1429 2617 1484 ἓν
2649 1430 2746 1484 καὶ
2783 1429 2943 1500 μόνον
2978 1424 3165 1489 ἀϊδίως
3194 1423 3488 1494 γινομένην
3512 1439 3525 1452 ·
3550 1423 3611 1493 ην
3642 1420 3743 1477 οἶδεν

2219 1519 2249 1571 ὁ
2277 1516 2434 1586 λόγος
2482 1521 2688 1592 ᾶμεσον
2721 1520 2859 1574 εἶναι
2894 1520 3026 1591 περὶ
3053 1516 3115 1570 τὺ
3145 1515 3363 1588 πρῶτον
3397 1513 3563 1569 αἴτιον
3587 1514 3679 1569 τῶν
3703 1514 3745 1579 ἐξ

2221 1609 2388 1663 αὑτοῦ
2423 1614 2808 1684 πεποιημένων
2856 1611 3083 1682 μόνιμον
3109 1608 3342 1680 ἵδρυσιν.

529 1706 896 1761 deterentem.
922 1704 982 1759 in
1010 1704 1122 1757 Deo
1145 1708 1330 1756 autem
1361 1700 1661 1757 constituta
1680 1714 1920 1771 eumque
1943 1710 2123 1769 nacta,
2165 1719 2267 1774 per
2294 1705 2435 1777 ejus,
2469 1707 2526 1762 in
2560 1723 2672 1778 quo
2709 1706 2932 1763 condita
2962 1712 3071 1769 est,
3139 1702 3450 1757 naturalem
3477 1698 3743 1766 monadem,

528 1798 853 1871 sempiterni
893 1805 1080 1853 motus
1120 1798 1363 1868 quietem
1407 1795 1664 1851 habitura
1707 1802 1812 1859 est,
1848 1795 2210 1869 ejusdemque
2241 1809 2424 1857 motus
2487 1802 2636 1858 circa
2667 1802 2837 1868 idem,
2865 1788 3148 1868 unumque
3172 1812 3239 1852 ac
3266 1796 3472 1861 solum,
3534 1796 3586 1849 in
3641 1809 3748 1849 sem-

528 1895 806 1965 piternum
837 1889 997 1945 lixam
1023 1890 1380 1945 stabilitatem
1415 1905 1428 1941 :
1461 1902 1627 1957 quam
1662 1886 1845 1943 divina
1870 1889 2114 1959 eloquia,
2155 1892 2301 1948 circa
2333 1896 2572 1965 primum
2608 1895 2927 1959 Auctorem,
2954 1904 3146 1948 eorum
3209 1880 3336 1962 quae
3370 1889 3442 1944 ab
3470 1902 3537 1944 eo
3564 1885 3742 1943 condita

525 1994 673 2049 sunt,
712 1998 1013 2055 perennem
1058 1981 1383 2051 ﬁrmamque
1422 1979 1814 2045 adbmsionem,
1854 1980 2117 2051 velutque
2154 1983 2342 2040 sedem
2375 1988 2440 2042 ac
2470 1986 2912 2051 collocationem,
2951 1996 3149 2040 vocare
3180 1996 3437 2036 suevere.

594 2079 762 2150 233
793 2078 891 2133 Est
912 2088 1047 2148 ergo
1096 2076 1456 2131 Pentecostes
1507 2073 1857 2145 mysterium,
1913 2073 2105 2131 imme-

2287 2081 2671 2153 Πεντηκοστῆς
2708 2077 2801 2137 οὖν
2851 2081 2967 2133 ἐστι
2996 2077 3057 2131 τὸ
3089 2074 3411 2147 μυστήριον,
3461 2072 3495 2143 ή
3525 2070 3645 2143 πρὸς
3678 2070 3750 2142 τὴν

521 2171 670 2226 tiiata
693 2184 910 2235 eorum,
949 2168 1042 2240 qui
1078 2167 1438 2224 Providentia
1472 2176 1765 2237 reguntur,
1799 2183 1926 2222 cum
1976 2168 2112 2225 Pro-

522 2266 766 2320 videntia
800 2263 968 2329 unio;
1002 2262 1109 2317 hoc
1142 2270 1247 2328 est,
1274 2268 1486 2316 naturae
1516 2276 1642 2315 cum
1671 2261 1888 2316 ratione
1918 2262 2111 2319 divino

524 2358 895 2413 Providentiae
924 2354 1132 2421 afﬂatu,
1189 2356 1507 2425 copulatio;
1555 2355 1864 2410 secundum
1919 2372 2108 2427 quam,

520 2451 673 2506 nulla
706 2466 934 2522 prorsus
952 2450 1219 2520 temporis
1241 2456 1509 2518 ortusque
1531 2449 1910 2518 generationis
1932 2450 2111 2522 imago

518 2553 784 2599 exstatac
814 2542 1255 2614 rcprmsentatio.
1291 2543 1534 2597 Rursum
1568 2551 1755 2597 autem
1803 2542 1957 2609 tuba,
2002 2558 2108 2598 no-

519 2647 632 2692 stra
673 2638 814 2691 ratio
853 2645 958 2702 est,
985 2652 1050 2692 ac
1078 2650 1301 2703 sermo;
1333 2634 1429 2706 qui
1471 2635 1683 2690 scilicet
1717 2635 1953 2701 divinas,
1990 2650 2109 2690 om-

517 2746 755 2802 nemque
782 2731 892 2786 vim
926 2731 1141 2802 eloquii
1162 2737 1495 2801 sUperantes
1520 2729 1682 2785 nobis
1708 2728 1931 2784 insonet
1958 2729 2106 2783 noti-

516 2825 643 2880 tias.
682 2824 1013 2895 Propitiatio
1036 2836 1189 2889 vero,
1217 2831 1281 2879 ut
1310 2823 1407 2893 qui
1443 2822 1501 2877 in
1549 2823 1735 2893 seipse
1766 2822 1967 2879 similis
2004 2838 2107 2877 no-

516 2914 603 2973 bis
630 2917 865 2973 eileetus
896 2923 1002 2984 est,
1039 2917 1109 2973 ad
1139 2926 1331 2974 nostra
1354 2916 1710 2973 dissolvenda
1733 2917 1991 2983 erimina,
2046 2923 2104 2972 et

515 3014 663 3066 dono
691 3012 881 3082 gratiae
915 3013 971 3066 in
1000 3012 1228 3083 Spiritu,
1255 3019 1516 3067 naturam
1551 3012 1763 3082 peccati
1799 3019 1962 3066 reatu
1996 3010 2100 3066 ob-

515 3104 988 3171 noxiam,deitate
1013 3105 1245 3160 imbuat.
1278 3104 1619 3175 Seenopegia
1660 3113 1870 3170 autem,
1912 3113 1972 3160 ut
2000 3120 2103 3158 no-

514 3208 645 3253 stra:
691 3196 913 3254 honesti
974 3199 1131 3254 cultu
1184 3197 1686 3264 itnmutabilitatis,
1745 3198 1941 3252 habitu
2007 3196 2105 3253 Dei

2216 2175 2483 2247 Πρόνοιαν
2531 2175 2736 2246 ᾶμεσος
2789 2172 2897 2229 τῶν
2945 2169 3363 2243 προνοουμένων
3398 2167 3601 2229 ἐνωσις,
3627 2164 3750 2236 ἤγουν

2218 2270 2249 2339 ἡ
2284 2267 2420 2339 πρὸς
2449 2267 2541 2321 τὸν
2568 2266 2726 2335 λόγον
2751 2265 2892 2319 κατὰ
2921 2262 3019 2335 τὴν
3064 2262 3162 2332 τῆς
3197 2258 3471 2331 Προνοίας
3518 2255 3751 2309 ἐπίπνοιαν

2218 2356 2433 2426 φύσεως
2459 2356 2672 2419 ἓνωσις,
2718 2353 2843 2409 καθ’
2868 2353 2936 2426 ἢν
2967 2350 3194 2421 οὐδεμία
3242 2348 3303 2401 τὺ
3340 2346 3600 2420 παράπαν
3643 2345 3753 2397 ἐστὶν

2218 2451 2411 2521 χρόνου
2432 2449 2525 2503 καὶ
2549 2448 2815 2519 γενέσεως
2845 2446 3101 2517 ἔμφασις.
3133 2440 3381 2511 Σάλπιγξ
3411 2440 3469 2495 δὲ
3500 2439 3647 2494 πάλιν
3670 2436 3750 2509 (i5)

2216 2541 2248 2609 ἡ
2260 2537 2377 2608 μῶν
2411 2538 2529 2591 ἔστι
2560 2538 2590 2590 ό
2616 2536 2795 2605 λόγος,
2819 2536 2896 2600 ὡς
2917 2534 3016 2598 τάς
3054 2533 3205 2596 θείας
3235 2531 3330 2584 καὶ
3362 2531 3629 2606 ᾁρρήτους
3655 2528 3752 2598 ἡμῖν

2211 2631 2574 2703 ένηχοὺμενος
2603 2631 2831 2699 γνώσεις
2852 2644 2865 2658 ·
2925 2626 3152 2699 ίλασμδς
3194 2625 3273 2687 δὲ.
3332 2625 3410 2688 ὡς
3439 2624 3496 2677 ὲν
3532 2619 3686 2690 ἐαυτῷ
3705 2620 3753 2672 τὰ

2210 2736 2477 2808 ἡμέτερα,
2505 2733 2630 2790 καθ’
2664 2733 2811 2805 ἡμᾶς
2836 2731 3147 2802 γενόμενος,
3182 2724 3418 2782 διαλύων
3460 2726 3750 2796 ἐγκλήματα,

2209 2827 2306 2882 καὶ
2337 2831 2405 2900 τῇ
2443 2826 2623 2899 δωρεᾷ
2661 2827 2763 2897 τῆς
2796 2825 3014 2895 χάριτος
3045 2822 3102 2876 ὲν
3151 2819 3455 2890 πνεύματι,
3495 2818 3589 2889 τὴν
3614 2818 3751 2887 ἀμαρ-

2207 2921 2452 2993 τήσασαν
2511 2918 2673 2989 φύσιν
2704 2914 2999 2971 θεοπιῶψ
3065 2912 3420 2983 σκηνοπηγία
3466 2909 3544 2972 δὲ,
3589 2909 3656 2972 ὡς
3682 2907 3751 2977 τῆς

2210 3014 2368 3085 ἡμῶν
2394 3010 2539 3065 κατὰ
2573 3010 2673 3080 τὴν
2700 3008 3037 3080 θεομίμητον
3060 3004 3174 3073 ἕξιν
3205 3004 3337 3074 περὶ
3362 3004 3427 3056 τὸ
3459 3001 3616 3055 καλὸν
3634 3002 3752 3070 ἀτρι-

2210 3105 2339 3177 ψίας
2373 3103 2557 3175 πῆξις,
2585 3102 2677 3156 καὶ
2723 3100 2824 3169 τῆς
2880 3099 3015 3171 πρὸς
3057 3096 3357 3151 ἀθανασίαν
3393 3094 3752 3167 μεταποιήσεως

2216 3195 2532 3258 συνεκτικὸς
2562 3192 2822 3264 ὑπάρχων
2855 3190 3075 3261 δεσμός.

513 3292 735 3359 aemulo,
765 3292 1021 3358 firmitas,
1086 3309 1159 3347 ae
1213 3292 1490 3365 ejusmodi
1541 3292 1847 3357 vinculum,
1892 3292 2041 3363 quod
2104 3308 2169 3347 ea
2210 3290 2429 3345 ratione
2475 3303 2585 3359 qua
2652 3286 2720 3341 ad
2784 3283 3260 3363 immortalitatem
3319 3285 3751 3340 transmutamur,

512 3385 797 3439 contineat
821 3400 885 3440 ac
918 3394 1231 3441 conservet.

585 3480 884 3536 Brutarum
917 3489 1102 3535 autem
1136 3479 1503 3536 animantium
1541 3479 1801 3545 victimis,
1838 3495 2097 3551 asperso-

2275 3478 2517 3549 Σφαγαῖς
2582 3475 2641 3529 δὲ
2702 3474 2857 3540 ζώων
2898 3473 3111 3542 ἀλόγων
3139 3471 3277 3544 (46),
3333 3454 3434 3527 καὶ⁵
3487 3473 3755 3543 ραντισμοίς

510 3591 621 3646 que
673 3586 872 3632 cruore
911 3572 1179 3629 delectari
1237 3574 1434 3640 Deum,
1499 3589 1564 3629 ac
1626 3574 1779 3628 velut
1838 3572 2094 3643 obsequii

512 3662 1151 3738 prmmio,olierentibus
1193 3663 1525 3720 delictorum
1582 3664 1799 3719 veniam
1848 3663 2098 3734 prazbere

515 3767 576 3812 ut
628 3757 1039 3821 existimemus,
1092 3771 1160 3811 ex
1207 3764 1406 3811 natura
1476 3755 1787 3825 Scripturis
1846 3754 2096 3809 animum

507 3850 883 3919 attendentes,
940 3850 1080 3907 nulli
1132 3850 1499 3918 adducimur,
1572 3867 1642 3907 ne
1713 3850 2099 3922 imprudentes

507 3946 680 3999 Deum
705 3942 999 4000 affeCtibus
1024 3960 1088 4000 ac
1112 3944 1329 4000 libidini
1380 3944 1753 4015 mancipatum
1814 3945 2094 4010 colamus;

506 4038 660 4092 velut
688 4038 784 4110 qui
820 4037 1007 4094 acrius
1032 4037 1313 4109 cupidinis
1340 4047 1511 4094 (nstro
1542 4037 1827 4107 depereat,
1852 4051 1975 4106 qua:
2008 4034 2096 4090 vel

506 4124 791 4183 hominem
820 4126 1033 4198 pariter
1078 4127 1481 4198 depereuntem
1535 4125 1808 4191 videntes,
1864 4123 2100 4180 luxuria;

506 4219 836 4275 damnamus
860 4235 925 4274 ac
972 4218 1406 4275 incontinentiae.
1450 4216 1743 4290 Spiritales
1791 4218 1941 4274 enim
1992 4217 2099 4273 hoc

507 4312 644 4368 stias
673 4310 1206 4379 novimus,,ncdutn
1243 4311 1393 4383 quod
1448 4313 1806 4382 perturbatos
1860 4306 2100 4367 aii‘ectus

508 4403 932 4470 mortilicamus,
975 4403 1280 4476 jugulando
1310 4404 1546 4474 spiritus
1575 4403 1782 4475 gladio,
1813 4404 1964 4474 quod
2013 4412 2100 4459 est

505 4494 738 4553 verbum
764 4498 863 4554 Dei
889 4498 956 4565 ⁸ο,
982 4498 1244 4568 omnique
1266 4497 1380 4553 vita
1404 4497 1635 4562 carnali,
1661 4506 1929 4567 tanquam
1971 4512 2100 4552 san-

506 4588 675 4661 guine
703 4588 876 4645 animi
921 4589 1198 4645 sententia
1227 4604 1592 4655 evacuamns;
1619 4586 1726 4644 sed
1758 4588 1909 4660 quod
1928 4588 2097 4643 etiam

505 4683 756 4739 excultos
795 4678 1143 4753 philosophia
1174 4698 1378 4749 mores,
1407 4690 1747 4754 cunctasque
1815 4682 2101 4737 naturales

506 4775 799 4830 facultates
824 4775 937 4831 Deo
967 4785 1319 4832 consecratas
1347 4777 1653 4841 oﬂ‘erimus,
1699 4785 1866 4845 atque
1931 4784 1991 4830 ut
2038 4774 2096 4829 in

2200 3571 2449 3642 αἱμάτων
2470 3568 2733 3640 ἡδόμενον
2769 3566 2861 3620 τὸν
2886 3565 3044 3631 Θεὸν,
3080 3565 3175 3618 καὶ
3204 3559 3320 3619 οἷον
3350 3564 3457 3635 τῆς
3500 3563 3751 3635 θεραπείας

2202 3662 2418 3734 μισθὸν,
2470 3659 2568 3732 τὴν
2619 3659 2727 3714 τῶν
2792 3656 3207 3730 ἁμαρτημάτων
3254 3655 3631 3729 παρεχόμενον
3671 3655 3753 3714 τοῖς

2200 3754 2601 3828 προσφέρουσιν
2633 3752 2843 3822 ἄφεσιν,
2882 3753 2946 3823 τῇ
2970 3751 3161 3821 Γραφῇ
3191 3750 3445 3818 φυσικῶς
3479 3746 3750 3802 ἐπιϐάλλον-

2198 3865 2311 3911 τες,
2353 3847 2414 3903 ob
2464 3844 2815 3915 πιστεύομεν,
2870 3843 2959 3896 ἵνα
2991 3841 3067 3913 μὴ
3095 3840 3226 3896 Θεὸν
3256 3840 3493 3911 ἐμπαθῆ
3545 3840 3751 3908 λάθωμεν

2203 3939 2470 4002 σέϐοντες,
2503 3939 2579 4001 ὡς
2612 3935 2875 4008 ἐμπαθῶς
2898 3934 3122 3988 ἐκείνων
3149 3932 3237 3986 διὰ
3270 3931 3482 4002 πολλῆς
3515 3931 3753 4000 ἐφιέμενον

2199 4036 2299 4104 τῆς
2344 4031 2602 4101 σπουδῆς,
2664 4029 2794 4100 περὶ
2841 4027 2877 4083 ἃ
2943 4026 3033 4081 καὶ
3094 4023 3425 4095 ἀνθρώπους
3470 4019 3750 4092 περιπαθῶς

2200 4123 2423 4194 ἔχοντας
2455 4120 2519 4175 ἂν
2547 4118 3032 4191 θεωρήσωμεν,ὡς
3053 4117 3393 4180 ἀκολάστους
3420 4116 3517 4169 καὶ
3539 4111 3750 4185 ἀκρατεῖς

2199 4211 2580 4283 διαδάλλομεν.
2634 4209 2836 4272 Θυσίας
2864 4212 2978 4280 γὰρ
3012 4205 3399 4276 πνευματικὰς
3451 4201 3591 4258 εἶναι
3624 4200 3749 4269 γινώ-

2203 4322 2405 4375 σκομεν
2454 4300 2589 4375 (47),
2645 4301 2707 4355 οὐ
2752 4300 2912 4372 μόνον
2962 4299 3061 4369 τὴν
3101 4298 3209 4350 τῶν
3255 4293 3452 4349 παθῶν
3506 4296 3748 4364 νέκρωσιν.

2203 4394 2586 4467 σφαττομένων
2623 4395 2690 4466 τῇ
2721 4391 2969 4464 μαχαίρᾳ
2997 4388 3091 4444 τοῦ
3121 4387 3463 4459 πνεύματος,
3500 4388 3630 4457 ὅπερ
3660 4380 3748 4436 ἐστὶ

2201 4501 2354 4571 ῥῆμα
2378 4496 2534 4561 Θεοῦ,
2570 4492 2662 4549 καὶ
2683 4493 2864 4563 πάσης
2883 4491 2983 4561 τῆς
3011 4490 3069 4544 ὲν
3101 4484 3264 4561 σαρκὶ
3285 4484 3440 4559 ζωῆς
3466 4488 3541 4551 ὡς
3561 4486 3747 4556 αἵματος

2199 4591 2297 4663 τὴν
2323 4588 2466 4646 κατὰ
2490 4585 2746 4660 πρόθεσιν
2768 4584 2983 4655 κίνησιν
3008 4579 3286 4655 [κένωσιν]
3311 4594 3327 4610 '
3360 4582 3380 4602 "
3406 4580 3545 4636 ἀλλὰ
3563 4580 3649 4633 καὶ
3673 4572 3752 4628 τῶν

2200 4681 2343 4737 κατὰ
2369 4678 2687 4750 φιλοσοφίαν
2717 4675 2886 4747 ὴθῶν,
2923 4675 3018 4728 καὶ
3065 4674 3259 4729 πασῶν
3305 4673 3421 4726 τῶν
3454 4672 3595 4728 κατὰ
3620 4667 3746 4739 φύσιν

2201 4773 2505 4843 δυνάμεων,
2538 4762 2927 4842 προσαγωγὴν,
2959 4761 3555 4837 ἀφιερουμένωνῖθεῷ,
3588 4763 3671 4816 καὶ
3693 4753 3749 4823 τῷ

508 4869 630 4938 ejus
656 4869 1109 4940 partemcedant,
1140 4869 1253 4941 igni
1283 4868 1524 4943 Spiritus
1553 4836 1878 4923 holocausto
1930 4866 2097 4922 absu-

2208 4836 2351 4936 πυρὶ*
2363 4863 2460 4935 τῆς
2478 4836 2537 4917 έν
2566 4836 2835 4932 πνεύματι
2863 4836 3102 4931 χάριτος
3127 4856 3266 4929 πρὸς
3308 4856 3411 4929 τὴν
3465 4856 3610 4910 θείαν
3633 4848 3749 4919 λῆξιν

512 4959 731 5016 mimus.
761 4960 822 5016 In
853 4975 980 5016 eum
1010 4961 1235 5016 modum
1266 4961 1479 5032 singula
1514 4976 1746 5031 quasque
1765 4960 1821 5014 in
1850 4958 2102 5029 Scriptu-

508 5052 587 5107 ris
617 5051 891 5107 exstantia
916 5048 1166 5125 symbola
1197 5068 1264 5107 ex
1324 5061 1537 5107 naturae
1593 5049 1909 5107 rationibus
1964 5065 2100 5106 con-

511 5152 753 5209 tuentes,
778 5144 933 5200 velut
962 5144 1017 5199 in
1046 5154 1232 5200 monte
1282 5145 1363 5216 (in
1398 5145 1546 5200 celso
1599 5145 1846 5215 mysticae
1899 5157 2099 5213 specu-

510 5234 735 5290 lationis
760 5235 997 5308 vertice)
1032 5238 1192 5308 quasi
1215 5238 1366 5293 viros
1389 5246 1601 5307 septem
1632 5250 1701 5291 ex
1739 5235 1920 5292 Saulis
1953 5234 2096 5290 iibe-

512 5324 591 5380 ris
641 5322 1080 5395 (temporaneam
1141 5326 1355 5382 scilicet
1387 5325 1703 5398 ﬁnitamque
1738 5325 1878 5397 legis
1922 5324 2098 5380 tradi-

512 5416 741 5487 tionem)
782 5433 1082 5487 necamus;
1124 5419 1456 5491 Saulemque
1483 5419 1916 5476 exterminamus
1965 5417 2102 5490 (ter-

509 5526 705 5568 renum
730 5509 995 5565 nimirum
1025 5510 1165 5583 legis
1182 5526 1407 5567 sensum
1431 5511 1489 5567 in
1509 5514 1628 5569 solo
1652 5511 1955 5582 Scriptum
1972 5524 2100 5566 cor-

507 5605 614 5659 tice
646 5612 910 5674 textuque
942 5603 1144 5659 litteras
1171 5602 1436 5676 positum)
1468 5620 1572 5661 nec
1596 5614 1743 5660 stare
1779 5604 2017 5660 sinimus
2038 5602 2096 5657 in

508 5697 661 5751 omni
694 5695 937 5751 conﬁnio
962 5695 1220 5762 Israclis;
1269 5696 1538 5767 spiritalis
1589 5696 1802 5753 scilicet
1846 5705 2097 5752 contem-

511 5784 790 5854 plationis.
822 5786 926 5843 Hie
948 5787 1099 5843 enim
1123 5803 1318 5844 revera
1350 5789 1478 5845 vita:
1522 5798 1828 5860 superstes,
1890 5804 2095 5845 consu-

584 5894 632 5927 ⁸⁰
664 5894 864 5967 Ephcs.
900 5914 972 5965 vr,
1012 5900 1095 5955 Π.

2198 4952 2696 5026 ὁλοκαυτουμένων.
2753 4951 2941 5015 Οὕτως
2975 4949 3207 5005 ἕκαστον
3247 4948 3357 5001 τῶν
3394 4943 3747 5020 ἐμφερομένων

2199 5049 2266 5119 τῇ
2306 5047 2498 5118 Γραφῇ
2551 5042 2833 5114 συμϐόλων
2868 5041 3115 5111 φυσικῶς
3139 5038 3559 5101 ἐποπτεύοντες,
3604 5035 3669 5096 ὡς
3706 5032 3747 5081 ἐν

2198 5137 2313 5209 ὄρει
2341 5137 2422 5208 τῷ
2445 5136 2569 5207 ὕψει
2592 5135 2694 5206 τῆς
2723 5134 2991 5207 μυστικῆς
3031 5131 3285 5204 θεωρίας,
3309 5131 3564 5200 καθάπερ
3588 5126 3746 5195 ἄνδρας

2199 5230 2338 5285 ἑπτὰ
2392 5229 2500 5284 τῶν
2551 5228 2683 5282 υἱῶν
2742 5227 2938 5291 Σαοὺλ,
2973 5220 3074 5297 τὴν
3111 5223 3370 5296 χρονικὴν
3411 5219 3744 5285 ἀποκτένομεν

2197 5323 2294 5378 καὶ
2332 5322 2667 5394 πρόσκαιρον
2698 5317 2794 5371 τοῦ
2830 5318 2996 5389 νόμου
3032 5316 3330 5387 παράδοσιν
3352 5330 3365 5347 ·
3398 5315 3496 5367 καὶ
3528 5306 3741 5380 ἀφανίζο-

2202 5432 2301 5488 μεν
2337 5416 2431 5469 τὸν
2456 5413 2649 5478 Σαοὺλ,
2702 5411 2950 5489 τουτέστι
2980 5406 3071 5464 τὸν
3102 5410 3159 5464 ὲν
3200 5409 3345 5478 μόνῳ
3376 5405 3455 5478 τῷ
3495 5403 3635 5477 ρητῷ
3666 5398 3741 5489 τῆς

2199 5487 2426 5580 Γραφῆς
2472 5505 2655 5576 χοῖκδν
2701 5487 2847 5569 νοῦν,
2895 5502 3002 5556 τοῦ
3047 5500 3135 5572 μὴ
3192 5498 3442 5553 ἑστάναι
3489 5494 3660 5550 αὐτὸν
3691 5487 3740 5541 ἐν

2202 5599 2384 5654 παντὶ
2431 5599 2571 5664 όρίῳ
2633 5595 2887 5665 Ἰσραήλ
2912 5609 2925 5624 ·
2986 5593 3257 5654 τουτέστι,
3306 5590 3495 5661 τρόπῳ
3548 5582 3739 5654 θεωρίας

2208 5692 2601 5763 πνευματικῆς.
2638 5680 2809 5752 Οὗτος
2839 5686 2949 5759 γὰρ
2982 5684 3091 5751 ζῶν
3154 5684 3242 5737 ἐπ’
3280 5678 3556 5752 ἀληθείαῖο
3584 5687 3733 5763 συντῗτῖ

2202 5787 2305 5853 λεῖ,
2332 5760 2429 5842 καὶ
2457 5782 2640 5839 διώκει
2695 5780 2831 5854 (48),
2866 5780 2961 5835 καὶ
3005 5776 3287 5841 ἀπόλλυσι,
3322 5772 3485 5844 σαρκὶ
3516 5768 3639 5840 μόνῃ
3666 5760 3735 5815 τὸν
