3986 6422
263 393 371 459 761

1332 389 1828 464 QUIESTIONES
1861 390 1962 450 AD
2001 385 2508 449 THALASSIUM.

3439 385 3542 448 7‘53

261 503 434 573 νόμον
481 501 876 576 περιγράφων,
924 500 1050 564 τοὺς
1097 499 1239 552 κατὰ
1286 497 1449 568 φύσιν
1503 497 1692 567 λόγου-ε,
1762 497 1839 550 κατ

1957 496 2058 550 mit
2085 506 2142 551 et
2169 501 2545 565 persequitur,
2574 494 2871 566 perditque
2904 495 3042 568 (sola
3073 494 3338 548 nimirum
3373 507 3542 546 carne

263 593 565 664 λογισμούς
595 610 608 623 ·
641 593 816 664 τιμῶν
861 593 936 656 ὡς
975 591 1094 644 θεῖα
1139 589 1207 644 τὰ
1263 589 1410 659 παθη
1450 593 1550 660 τῆς
1603 591 1847 659 ἀτιμίας,

261 684 414 753 ἅπερ
447 684 495 735 οί
529 683 670 736 κατὰ
724 682 885 752 φύσιν
939 681 1191 750 λογισμοὶ
1213 721 1227 746 ,
1261 680 1634 749 λαμϐάνοντες
1661 679 1850 732 ἄδειαν

262 777 375 830 ὑπὸ
409 773 500 828 τοῦ
523 775 688 845 νόμου
723 774 815 827 τοῦ
865 773 1196 844 πνεύματος,
1229 771 1622 825 ἀποκτένουσιν
1668 771 1849 822 ἐπιτο-

260 868 397 920 αυτὸ
440 869 530 920 καὶ
588 866 908 920 θανατοῦσιν
973 868 1032 919 ὲν
1088 867 1229 937 ἀρχῇ
1297 863 1560 935 θερισμοῦ
1619 862 1846 934 κριθῶν.

275 959 446 1031 Ἀρχὴ
484 959 541 1011 δὲ
564 958 826 1030 θερισμοῦ
841 957 1232 1028 κριθῶνὲστιν,
1268 958 1302 1024 ἡ
1338 955 1479 1008 κατὰ
1497 955 1595 1024 τὴν
1617 969 1850 1024 πρακτι-

259 1052 368 1122 κὴν
435 1051 752 1120 φιλοσοφίαν
803 1050 940 1118 μετά
993 1065 1139 1111 τινος
1179 1047 1498 1116 συμμέτρου
1533 1046 1691 1112 λόγου
1739 1044 1849 1096 τῶν

258 1141 477 1213 ἀρετῶν
532 1142 797 1212 συλλογή⁶
854 1141 976 1195 ’καθ’
1007 1143 1074 1211 ἢν
1107 1139 1165 1192 τὸ
1203 1139 1405 1206 γεῶδες
1460 1137 1569 1190 τῶν
1616 1137 1849 1208 Γραφῶν

258 1235 660 1289 ἀποκτένεσθαι
721 1234 954 1303 πέφυκε,
1004 1235 1099 1287 καὶ
1153 1234 1262 1286 πᾶν
1322 1231 1506 1302 χοῖκὸν
1565 1229 1848 1292 παντελῶς

256 1325 623 1395 ἀφανίζεσθαι
668 1325 895 1396 κίνημα.
934 1326 1087 1395 Ἀμα
1117 1326 1227 1394 γάρ
1250 1341 1333 1387 τις
1362 1324 1463 1393 τὴν
1489 1321 1599 1376 τῶν
1631 1322 1847 1392 ἀρετῶν

256 1417 496 1484 λογικῶς
526 1415 772 1486 μετέλθοι
806 1415 1126 1485 φιλοσοφίαν
1153 1414 1289 1488 [49),
1319 1414 1436 1484 ἅμα
1471 1416 1564 1467 καὶ
1590 1414 1690 1484 τὴν
1739 1414 1849 1466 τῶν

259 1507 496 1580 ι’ραφῶν
517 1508 650 1579 πρὸς
682 1508 742 1561 τὺ
774 1507 991 1578 πνεῦμα
1043 1507 1290 1576 φυσικῶς
1319 1507 1656 1577 μετήνεγκεν
1693 1505 1847 1558 ἐκδο-

255 1600 382 1669 χὴιν.
438 1601 498 1652 tv
557 1601 836 1671 καινότητι
883 1599 1190 1668 πνεύματος
1247 1599 1566 1668 πρακτικῶς
1600 1598 1690 1650 διὰ
1737 1597 1850 1649 τῶν

257 1691 484 1762 ὑψηλῶν
538 1691 912 1763 θεωρημάτων
963 1691 1040 1762 τῷ
1092 1690 1212 1760 Θεῷ
1267 1689 1568 1761 λατρεύων,
1636 1690 1731 1742 καὶ
1783 1691 1844 1741 οὐ

254 1782 953 1854 παλαιότητιγρόιμματος,
1003 1781 1092 1835 διὰ
1118 1783 1217 1851 τῆς
1259 1785 1378 1835 κατ’
1403 1781 1656 1852 αἴσθησιν
1706 1781 1843 1852 πρὸς

255 1874 422 1944 σῶμα
451 1878 839 1947 ταπεινοτέρας
893 1875 988 1928 τοῦ
1049 1877 1215 1946 νόμου
1248 1875 1583 1946 παραδοχῆς,
1610 1875 1841 1945 τροφεὺς

256 1968 450 2021 παθῶν
481 1967 625 2021 κατὰ
658 1971 785 2031 τοὺς
829 1969 1118 2033 Ἰουδαίους
1150 1969 1453 2037 γενόμενος,
1519 1967 1612 2020 καὶ
1666 1967 1844 2038 ἀμαρ-

255 2062 381 2126 τίας
412 2061 774 2133 Θεραπευτής.
810 2062 1014 2132 Πράξει
1064 2061 1173 2133 γὰρ
1229 2062 1358 2132 χρὴ,
1399 2060 1485 2114 διὰ
1533 2060 1644 2112 τῶν
1705 2060 1846 2113 κατὰ

257 2154 424 2222 φύσιν
472 2153 769 2224 λογισμῶν,
824 2154 925 2224 τὴν
975 2153 1197 2224 ἐμπαθῆ
1256 2155 1348 2206 καὶ
1380 2152 1701 2223 σωματικὴν
1751 2151 1844 2203 τοῦ

255 2247 428 2317 νόμου
464 2245 702 2301 διάνοιαν
739 2245 1185 2318 διαχειρίζεσθαι,
1221 2243 1405 2308 καθὼς
1428 2247 1456 2299 ό
1494 2244 1593 2316 τῆς
1624 2245 1846 2315 Γραφῆς

256 2339 552 2408 ὑφηγεῖται
579 2339 757 2407 λόγος,
801 2340 1026 2407 φάσκων
1049 2353 1063 2368 ⁸
1109 2338 1216 2391 Καὶ
1245 2337 1462 2391 ἔλαϐεν
1491 2340 1524 2391 ό
1544 2337 1846 2402 βασιλεὺς

255 2431 403 2499 τοὺς
431 2430 540 2486 δύο
588 2431 758 2498 υἱοὺς
798 2430 1054 2499 Ῥεσφᾶς
1099 2429 1389 2498 θυγατρὸς
1452 2431 1578 2482 Ἀΐιι
1611 2430 1846 2481 παλλα-

256 2525 374 2592 κῆς
396 2526 501 2580 τοῦ
539 2524 761 2588 Σαοὺλ,
806 2525 914 2577 τὸν
953 2522 1222 2593 Ἐρμονθί
1274 2523 1370 2576 καὶ
1410 2521 1516 2575 τὸν
1553 2525 1846 2590 Μεμφιϐο-

255 2616 408 2673 σθέ·
436 2619 533 2672 καὶ
584 2616 726 2684 τοὺς
770 2616 950 2670 πέντε
993 2615 1164 2682 υἱοὺς
1207 2614 1321 2683 τῆς
1368 2613 1579 2683 Μερὼὸ
1607 2615 1716 2682 τῆς
1742 2619 1845 2669 θυ-

253 2709 475 2779 γατρὸς
499 2709 719 2776 Σαοὺλ,
736 2708 842 2774 οὓς
858 2707 1023 2761 ἔτεκε
1044 2706 1122 2773 τῷ
1158 2706 1448 2776 Ἐσδριήλ
1469 2723 1481 2736 ο
1505 2707 1600 2761 καὶ
1623 2707 1848 2761 ἔδωκεν

254 2802 481 2869 αὐτοὺς
503 2802 572 2856 ἐν
597 2803 748 2872 χειρὶ
782 2797 903 2854 τῶν
923 2797 1336 2854 Γαϐαωνιτῶν.
1393 2799 1526 2870 Χείρ
1571 2801 1685 2852 ἐστι
1737 2799 1844 2854 τῶν

257 2893 621 2948 Γαϐαωνιτῶν
689 2893 842 2965 (50),
889 2893 922 2963 ἡ
978 2892 1096 2946 κατ’
1151 2890 1354 2964 ἀρετὴν
1385 2892 1581 2962 πρᾶξις
1605 2893 1714 2946 τῶν
1744 2910 1844 2961 φυ-

259 2987 430 3040 σικῶν
457 2983 752 3058 λογισμῶν,
781 2985 848 3039 δι’
874 2979 942 3056 ἦς
971 2985 1020 3038 οἱ
1045 2984 1152 3038 uio).
1189 2984 1422 3052 Ῥεσφᾶς
1465 2985 1721 3056 Ἐρμονθὶ
1751 2987 1844 3039 καί

254 3077 633 3148 Μεμφιϐοσθὲ,
674 3077 972 3143 τουτέστιν,
1021 3078 1054 3147 ἡ
1101 3077 1165 3128 ὲκ
1202 3076 1302 3146 τῆς
1344 3078 1401 3130 ὲν
1441 3077 1578 3148 μόνῃ
1608 3079 1675 3148 τῇ
1705 3095 1841 3149 προ-

1953 588 2130 659 legem
2155 587 2446 659 definiens)
2513 589 2796 643 naturales
2839 589 3082 642 rationes
3144 599 3199 642 et
3243 587 3534 656 cogitatio-

1952 697 2051 736 nes
2079 682 2263 750 :velnt
2290 680 2529 745 divinos,
2573 681 2871 751 probrosos
2932 682 3163 735 affectus
3211 682 3399 734 colens
3444 677 3531 733 ⁸²τ

1951 789 2092 844 quos
2123 773 2378 828 videlicet
2408 784 2756 828 assumcntes
2777 770 2941 842 289
2958 775 3244 826 naturales
3268 774 3532 834 rationes,

1951 875 2174 936 accepta
2235 867 2458 921 licentia
2519 883 2549 921 a
2606 867 2722 936 lege
2783 866 3037 936 spiritali,
3074 867 3128 918 in
3156 882 3326 919 unum
3373 867 3535 920 simul

1950 959 2340 1015 contrucidant
2365 977 2428 1014 ac
2457 961 2808 1023 interimunt,
2847 959 2900 1012 in
2942 959 3101 1012 initio
3154 959 3350 1011 messis
3403 958 3539 1012 hor-

1949 1053 2202 1109 deorum.
2248 1055 2346 1108 Est
2405 1062 2587 1108 autem
2651 1052 2872 1107 initium
2927 1053 3121 1106 messis
3178 1051 3534 1112 hordeorum,

1949 1147 2221 1202 virtutum
2258 1161 2383 1200 cum
2410 1146 2692 1200 moderata
2723 1145 2959 1215 quadam
2994 1145 3206 1200 ratione
3235 1159 3332 1214 per
3356 1144 3537 1214 philo-

1949 1240 2202 1310 sophiam
2235 1239 2548 1294 studentem
2581 1237 2783 1293 actioni
2831 1239 3086 1293 collectio
3124 1256 3136 1292 :
3174 1254 3281 1307 qua
3317 1253 3537 1306 compa-

1948 1341 2131 1387 ratum
2159 1341 2219 1386 ut
2253 1332 2620 1386 internecioni
2673 1333 2836 1386 detur
2889 1331 3160 1402 quidquid
3216 1329 3534 1400 Scriptura-

1948 1441 2071 1480 rum
2106 1434 2386 1480 terrenum
2421 1435 2524 1491 est,
2559 1441 2622 1479 ac
2659 1432 2913 1479 terrenus
2945 1426 3127 1479 omnis
3163 1431 3346 1478 motus
3395 1423 3535 1477 abo-

1947 1520 2148 1573 leatur.
2186 1519 2309 1573 Mox
2338 1518 2486 1573 enim
2511 1534 2577 1573 ac
2596 1517 2796 1587 aliquis
2826 1519 3092 1572 virtutum
3123 1517 3532 1587 philosophiam

1947 1626 2015 1664 ex
2042 1612 2256 1665 ratione
2287 1611 2494 1674 inierit,
2524 1627 2630 1664 una
2673 1627 2896 1680 quoque
2941 1609 3354 1680 Scripturarum
3407 1623 3536 1662 sen-

1949 1718 2070 1756 sum
2093 1714 2289 1757 natura
2315 1702 2370 1756 in
2408 1703 2662 1772 spiritum
2704 1703 2982 1765 transfert,
3015 1701 3069 1754 in
3107 1702 3350 1755 novitate
3422 1700 3535 1770 spi-

1949 1797 2089 1851 ritus
2121 1797 2356 1850 actionis
2390 1796 2541 1850 cultu
2576 1812 2674 1864 per
2703 1795 2964 1849 sublimia
2999 1809 3162 1848 sensa
3221 1803 3386 1862 atque
3435 1793 3535 1846 ob-

1881 1853 1918 1907 B
1940 1889 2085 1958 jecta
2115 1889 2226 1943 Deo
2261 1889 2529 1950 serviens,
2565 1895 2621 1941 et
2659 1903 2766 1942 non
2800 1887 2856 1940 in
2894 1894 3170 1941 vetustate
3232 1887 3433 1940 litterae
3458 1883 3528 1950 θ’,

1947 1995 2046 2049 per
2075 1980 2428 2034 humiliorem
2468 1979 2606 2048 legis
2643 1993 2872 2048 pronam
2929 1977 3152 2047 corpori
3207 1994 3273 2031 ex
3339 1992 3534 2031 sensus

1947 2073 2163 2126 ratione
2197 2071 2596 2140 acceptionem,
2645 2069 2960 2124 Judmorum
3019 2083 3175 2122 more
3230 2066 3528 2121 all‘ectuum

1946 2173 2136 2234 pastor
2172 2179 2236 2218 ac
2265 2162 2585 2228 libidinum,
2619 2175 2721 2215 nec
2763 2175 2872 2215 nou
2900 2161 3106 2230 peccati
3140 2175 3283 2213 curre
3318 2159 3502 2228 impen

1947 2275 2062 2325 sus,
2089 2259 2381 2313 exsistens.
2413 2255 2646 2311 Necesse
2680 2257 2828 2310 enim
2859 2265 2943 2309 est
2968 2263 3046 2319 ut,
3080 2253 3418 2307 naturalium
3444 2269 3532 2306 ra-

1948 2347 2160 2401 tionum
2185 2363 2309 2416 ope,
2350 2346 2652 2401 haerentem
2694 2344 2911 2398 libidini
2971 2358 3034 2398 ac
3069 2343 3416 2412 corporalem
3455 2343 3533 2396 le-

1946 2441 2030 2512 gis
2056 2441 2474 2510 intelligentiam
2507 2441 2867 2509 perimamus,
2904 2438 2978 2494 uti
3005 2437 3302 2506 Scriptura:
3352 2442 3534 2490 textus

1889 2579 1901 2597 ,
1947 2540 2168 2587 enarrat
2207 2550 2220 2584 :
2251 2532 2318 2586 Et
2341 2533 2535 2593 accepit
2563 2547 2653 2584 rex
2679 2532 2808 2584 duos
2837 2531 2976 2599 ﬁlios
3002 2530 3252 2597 Rhesplta:
3274 2528 3403 2597 ﬁlia:
3431 2529 3530 2582 Δία

1947 2622 2148 2692 pellicis
2177 2623 2377 2687 Saulis,
2413 2623 2692 2676 Ermoutlti
2725 2632 2772 2676 et
2793 2622 3232 2692 Hemplzibosthe;
3283 2630 3329 2674 et
3379 2622 3534 2690 quin-

1946 2732 2045 2786 que
2070 2715 2211 2784 ﬁlios
2232 2716 2465 2770 Merobes
2499 2715 2630 2784 ﬁlice
2652 2714 2854 2781 Sdulis,
2878 2733 3008 2786 quos
3041 2716 3239 2786 peperit
3262 2713 3529 2776 Esdricli;

1946 2819 1994 2861 et
2028 2807 2169 2862 dedit
2195 2825 2278 2861 eos
2308 2809 2360 2861 in
2407 2825 2567 2861 manu
2615 2808 3054 2862 Gabaonitarum.
3094 2806 3526 2862 Gabaonitarum

1947 2915 2160 2961 manus,
2202 2901 2541 2953 naturalium
2575 2899 2849 2954 rationum
2879 2900 3024 2954 actio
3066 2909 3170 2962 est,
3207 2915 3306 2969 per
3361 2914 3526 2968 quam

1949 2989 2222 3060 Rhespha:
2250 2989 2348 3044 lilii
2376 2992 2670 3045 Ermonthi
2697 3001 2755 3046 et
2783 2991 3224 3061 Memphibosthc
3271 2991 3413 3060 (qua:
3445 2990 3530 3044 ni-

1948 3081 2150 3136 mirum
2187 3097 2254 3136 ex
2280 3082 2397 3136 sola
2428 3082 2703 3136 sermonis
2743 3082 3080 3153 prolatione,
3131 3079 3406 3148 corporali
3449 3079 3530 3133 le-

254 3171 401 3241 φορᾷ
437 3165 530 3221 τοῦ
583 3166 744 3238 λόγου
783 3167 1102 3239 σωματικῆς
1120 3165 1213 3220 τοῦ
1249 3167 1415 3236 νόμου
1454 3167 1676 3238 διδαχῆς
1717 3183 1839 3235 γεν-

1946 3176 2030 3248 gis
2055 3177 2332 3243 doctrina,
2357 3177 2654 3232 libidinosa
2679 3177 2931 3247 Operatio
2985 3176 3254 3237 nascitur,
3299 3173 3532 3226 las-clva-

251 3263 470 3333 νωμένη
499 3260 608 3315 τῶν
650 3259 839 3316 παθῶν
867 3259 1139 3332 ἐνέργεια,
1175 3260 1271 3312 καὶ
1333 3262 1367 3330 ὴ
1419 3258 1526 3313 τῶν
1564 3258 1842 3330 λογισμῶν

249 3355 556 3418 ἀκόλαστος
581 3353 817 3424 κίνησις,
864 3351 1283 3407 ἀποκτένονται.
1350 3353 1495 3423 Πρὸς
1554 3351 1608 3405 δὲ
1663 3353 1758 3406 καὶ
1791 3353 1839 3404 ot

249 3447 417 3500 πέντε
447 3447 556 3499 υἱοὶ
579 3445 680 3516 τῆς
707 3443 932 3516 Μερὼό,
985 3447 1284 3510 τουτέστιν,
1315 3446 1363 3497 οί
1401 3444 1464 3497 ὲκ
1496 3443 1592 3514 τῆς
1631 3444 1842 3515 τρυφῆς

248 3534 586 3606 γεννώμενοι
642 3534 784 3588 κατὰ
829 3533 928 3606 τὴν
992 3534 1146 3607 παρᾶ
1198 3535 1359 3603 φύσιν
1405 3533 1502 3603 τῆς
1557 3533 1840 3602 ἐνεργείας

247 3627 450 3699 χρῆσιν
473 3626 762 3680 ἀκόλαστοι
786 3627 947 3680 πέντε
972 3625 1166 3697 τρόποι
1186 3625 1294 3678 τῶν
1318 3625 1478 3679 πέντε
1501 3624 1806 3694 αἰσθήσεων
1821 3638 1835 3652 ·

248 3718 347 3780 οὓς
400 3717 720 3773 ἀποκτένειν
763 3719 1055 3772 ὲπιτοαυτδ
1108 3718 1354 3788 πέφυκεν
1400 3717 1476 3780 ὡς
1508 3719 1592 3770 ὲν.
1620 3718 1736 3788 ὄρει
1761 3715 1840 3787 τῷ

248 3808 376 3879 ὕψει
412 3809 511 3878 τῆς
554 3808 927 3878 πνευματικῆς
964 3807 1217 3879 θεωρίας,
1263 3808 1322 3860 tv
1369 3808 1512 3879 ἀρχῇ
1569 3805 1836 3878 θερισμοῦ

247 3901 475 3972 κριθῶν,
510 3902 646 3971 ὅπερ
691 3900 838 3953 ἐστὶν
889 3900 947 3953 ὲν
999 3900 1308 3970 προοιμίοις
1352 3900 1452 3970 τῆς
1493 3899 1612 3953 κατ’
1637 3900 1839 3972 ἀρετὴν

247 3991 522 4063 πράξεως,
549 3991 582 4062 ἢ
612 3991 712 4062 τῆς
751 3991 891 4046 κατὰ
938 3991 1098 4060 φύσιν
1134 3991 1394 4055 εὐσεϐοῦς
1426 3992 1682 4062 θεωρίας,
1727 3993 1836 4052 πᾶς

247 4082 373 4147 νοῦς
428 4084 570 4138 κατὰ
627 4083 760 4137 Θεὸν
821 4083 1024 4154 ὑψηλὸς
1078 4085 1170 4137 καὶ
1214 4083 1525 4155 μετέωρος·
1587 4083 1730 4137 κατὰ
1774 4083 1836 4136 τὺ

247 4174 399 4240 αὐτὸ,
453 4175 552 4246 τήν
586 4191 645 4227 τε
683 4173 797 4228 τῶν
845 4175 1032 4229 παθῶν
1080 4176 1477 4244 κατασφάττων
1525 4175 1832 4246 ἐνέργειαν,

245 4265 343 4321 καὶ
378 4267 480 4339 τὴν
515 4266 625 4321 τῶν
671 4267 950 4337 λογισμῶν
1005 4266 1256 4339 ἄσχημον
1304 4267 1541 4339 κίνησιν.
1593 4267 1737 4340 Πρὸς
1777 4267 1834 4320 δὲ

248 4359 488 4423 καὶτοὺς
513 4359 654 4414 κατὰ
683 4359 1032 4432 παράχρησιν
1061 4360 1162 4430 τῆς
1201 4363 1309 4414 τῶν
1339 4360 1649 4432 αἰσθήσεων
1681 4363 1836 4432 ἐνερ-

246 4450 400 4520 γείας
431 4451 765 4515 ἀκολάστους
801 4453 1059 4523 τρόπους.

1944 3285 2052 3339 que
2075 3268 2445 3325 acluxuriosa
2476 3269 2874 3340 c0gitationum
2931 3265 3199 3334 incitatio)
3251 3267 3532 3336 perimun-

1946 3373 2054 3418 tur.
2095 3364 2176 3418 Ad
2209 3365 2326 3420 hinc
2349 3381 2480 3420 vera
2512 3364 2680 3419 etiam
2707 3363 2953 3434 quinque
2982 3363 3234 3416 Merobcs
3264 3361 3361 3414 lilii
3414 3359 3528 3432 (qui

1943 3456 2160 3512 scilicet
2182 3472 2249 3511 ex
2275 3457 2559 3527 voluptate
2614 3472 2713 3528 per
2767 3456 3134 3510 innaturalem
3188 3452 3529 3524 operationis

1943 3565 2127 3614 usum,
2164 3546 2602 3618 intemperantes
2640 3548 2908 3618 quinque,
2959 3547 3205 3616 quinque
3263 3559 3527 3600 sensuum

1941 3646 2250 3693 nascuntur
2284 3637 2457 3710 modi)
2514 3654 2656 3708 quos
2713 3638 2771 3692 in
2828 3653 3001 3691 unum
3049 3635 3246 3700 simul,
3293 3635 3447 3689 velut
3472 3633 3525 3687 in

1941 3740 2128 3786 monte
2151 3730 2229 3803 (in
2252 3731 2400 3786 celso
2425 3731 2692 3800 Spiritalis
2720 3729 3114 3800 speculationis
3139 3727 3369 3796 vertice)
3437 3741 3530 3780 oe—

1941 3823 2126 3878 cidere
2152 3821 2340 3887 habet,
2375 3821 2430 3876 in
2455 3821 2615 3877 initio
2655 3823 2851 3876 messis
2905 3821 3245 3877 hordeorum
3304 3819 3382 3890 (id
3418 3828 3524 3882 est,

1940 3915 2127 3985 primo
2159 3915 2344 3970 statim
2371 3915 2608 3970 actionis
2639 3931 2706 3969 ex
2727 3914 2953 3969 virtutis
3003 3914 3215 3967 ratione
3278 3911 3523 3973 exordio,

1938 4006 2074 4067 sive,
2100 4003 2203 4074 pia:
2238 4020 2306 4058 ex
2339 4011 2551 4058 natura:
2580 4004 2885 4058 rationibus
2923 4000 3338 4073 speculationis)
3371 4018 3528 4054 meus

1939 4096 2120 4150 omnis
2147 4095 2458 4150 secundum
2507 4096 2682 4150 Deum
2731 4095 2952 4149 excelsa
2994 4110 3057 4149 ac
3124 4093 3415 4157 sublimis;
3471 4093 3525 4145 in

1939 4201 2109 4240 unum
2142 4185 2307 4239 simul
2333 4201 2562 4249 necans,
2608 4193 2725 4238 tum
2759 4184 3059 4238 all'ectuum
3091 4183 3201 4235 vim
3244 4197 3307 4236 ac
3340 4181 3526 4234 libidi—

1937 4285 2235 4340 num,tum
2293 4283 2509 4344 turpem
2567 4274 2966 4345 cogitationum
2996 4281 3228 4326 motum.
3276 4271 3356 4325 Ad
3409 4271 3526 4326 lucc

1936 4368 2128 4432 etiam,
2164 4383 2427 4421 sensuum
2458 4366 2801 4436 operationis
2863 4366 3040 4420 abusu
3079 4374 3397 4420 constantes
3450 4363 3524 4418 la-

1939 4459 2115 4513 scivos
2151 4459 2342 4512 modos
2367 4470 2532 4527 atque
2565 4458 2830 4512 indolem.

315 4544 424 4598 Καὶ
461 4543 707 4608 ἔπεσον,
754 4545 941 4613 φησιν,
976 4542 1073 4596 ἐπὶ
1111 4543 1178 4596 τὸ
1225 4544 1375 4597 αὐτὸ
1424 4547 1480 4600 oi
1524 4544 1694 4609 ἑπτὰ,
1731 4543 1829 4598 καί

2010 4549 2077 4603 Et
2101 4551 2422 4613 ceciderunt,
2463 4549 2664 4619 inquit,
2718 4549 2771 4602 Ιιί
2827 4555 3022 4618 septem
3074 4546 3129 4599 in
3180 4548 3427 4616 idipsum,
3480 4556 3528 4599 et

241 4633 716 4702 ἐθανατώθησαν
769 4635 838 4688 ἐν
888 4634 1046 4704 ἀρχῇ
1089 4635 1378 4704 θερισμοῦ
1419 4636 1661 4704 κριθῶν.
1719 4635 1833 4690 Καὶ

245 4727 426 4779 ἔλαϐε
471 4723 698 4794 Ῥεσφὰ
732 4723 1000 4793 θυγάτηρ
1034 4725 1160 4777 ’Λΐα
1188 4727 1295 4778 τὸν
1322 4725 1580 4792 σάκκον,
1620 4727 1720 4780 καὶ
1746 4726 1834 4780 ὄι-

244 4818 559 4885 ἐστρωσεν
617 4816 806 4870 αὑτὸν
851 4815 1040 4884 ἑαυτῇ
1084 4817 1182 4870 ἐπὶ
1242 4817 1362 4884 τὴν
1409 4818 1671 4887 πέτραν,
1717 4819 1832 4886 ἕως

244 4907 510 4972 ἔσταξεν
557 4905 651 4961 ἐπ’
707 4907 930 4974 αὐτοὺς
974 4908 1164 4963 ὕδατα
1222 4908 1372 4962 Θεοῦ
1415 4909 1486 4973 ἐξ
1540 4909 1827 4978 οὐρανοῦ.

258 5000 482 5068 Ῥεσφὰ,
515 5001 699 5064 καθὼς
753 4999 912 5070 ἔφην,
946 5002 1094 5054 ἐστὶν
1137 5002 1576 5073 ὲρμηνευομένη,
1607 5002 1832 5072 δρόμος

245 5094 566 5162 στόματος,
597 5095 732 5167 ὅπερ
765 5096 913 5147 ἐστὶν
947 5096 981 5167 ἡ
1009 5096 1152 5149 κατὰ
1186 5097 1354 5166 μόνην
1377 5095 1472 5149 τοῦ
1503 5096 1664 5166 λόγου
1691 5114 1828 5166 προ-

246 5187 420 5256 φορὰν
457 5188 750 5258 σωματικὴ
776 5187 870 5241 τοῦ
899 5188 1066 5255 νόμου
1105 5189 1317 5259 διδαχὴ,
1367 5191 1400 5260 ὴ
1450 5190 1587 5259 μετὰ
1616 5190 1706 5242 τὸν
1735 5189 1831 5244 θά-

244 5295 406 5331 νατον
429 5279 540 5332 τῶν
566 5279 626 5346 ἐξ
648 5280 821 5350 αὐτῆς
847 5280 1206 5350 γεννωμένων
1238 5280 1450 5347 παθῶν,
1478 5280 1573 5334 καὶ
1598 5280 1699 5352 τὴν
1727 5300 1830 5350 φαο

243 5369 477 5439 νέρωσιν
507 5371 604 5442 τὴν
633 5372 694 5424 tv
725 5371 844 5442 ὄρει
864 5370 944 5442 τῷ
972 5371 1098 5441 ὕψει
1125 5374 1428 5443 γενομένην
1450 5373 1550 5444 τῆς
1587 5373 1828 5443 φυσικῆς

244 5457 477 5528 θεωρίας
503 5460 616 5530 (51)
656 5461 718 5513 tv
761 5462 827 5530 τῇ
863 5459 959 5513 τοῦ
1017 5459 1140 5512 καθ’
1186 5460 1419 5513 ἕκαστον
1463 5460 1662 5531 καρδία
1717 5459 1826 5511 τῶν

241 5550 382 5621 αὐτῇ
409 5551 998 5622 προκατειλημμένων,
1017 5551 1270 5623 καθάπερ
1299 5553 1503 5606 σάκκον
1529 5553 1626 5622 τὴν
1659 5553 1827 5623 μετά-

240 5657 393 5693 νοιαν
425 5640 760 5712 στρώννυσιν
792 5644 885 5697 ἐπὶ
911 5643 1012 5717 τὴν
1041 5644 1246 5715 πέτραν
1271 5644 1434 5713 (λέγω
1462 5644 1526 5717 δὴ
1549 5645 1642 5698 τὸν
1667 5645 1824 5714 λόγον

240 5730 342 5801 τῆς
375 5729 521 5786 κατὰ
548 5731 755 5804 Κύριον
787 5735 1069 5805 πίστεως),
1091 5736 1186 5789 τὸν
1219 5738 1279 5790 tv
1313 5736 1584 5809 πνεύματι
1611 5738 1699 5792 διὰ
1723 5739 1823 5810 τῆς

313 5841 354 5874 ⁸¹
396 5843 555 5901 Rom.
583 5862 623 5915 ι,
647 5847 738 5916 26,
779 5847 867 5904 27.
947 5850 991 5884 ⁸²
1020 5851 1180 5906 Rom.
1216 5867 1309 5920 vn,
1340 5854 1393 5908 6.

1935 4637 2048 4692 neci
2082 4638 2270 4691 traditi
2301 4646 2448 4701 sunt,
2471 4638 2525 4691 in
2560 4637 2820 4707 principio
2866 4637 3044 4690 messis
3068 4635 3405 4688 hordrorum.
3459 4632 3528 4686 Et

1931 4731 2052 4785 tulit
2081 4730 2323 4800 Rhespha
2355 4730 2474 4798 ﬁlia
2509 4732 2608 4784 Αἱα
2633 4746 2869 4792 saccum,
2912 4738 2961 4781 et
3017 4729 3208 4781 stravit
3259 4745 3379 4780 eum
3427 4729 3528 4781 sibi

1933 4835 2094 4891 super
2148 4830 2358 4890 petram
2411 4819 2753 4890 quoadusque
2809 4817 3199 4872 distillaveruut
3258 4835 3417 4888 super
3441 4836 3524 4872 eos

1935 4911 2100 4982 290
2130 4925 2284 4982 aqua:
2307 4909 2402 4963 Dei
2429 4927 2456 4964 e
2503 4909 2648 4963 cosio.
2691 4909 2970 4978 Rhespha,
3007 4909 3086 4963 uti
3147 4909 3422 4974 dicebam,
3479 4910 3524 4966 si

1933 5018 2136 5058 nomen
2154 5003 2559 5072 interpreteris,
2591 5018 2775 5055 cursus
2804 5003 2932 5066 oris,
2959 5009 3074 5066 est;
3107 5001 3253 5070 quod
3279 5011 3364 5055 est
3399 5018 3526 5055 cor-

1933 5095 2142 5166 poralis
2176 5093 2316 5164 legis
2349 5093 2621 5157 doctrina,
2651 5109 2715 5148 ex
2770 5094 2885 5148 sola
2918 5093 3185 5161 prolatitii
3251 5094 3527 5148 sermonis

1932 5188 2146 5242 ratione
2171 5203 2186 5253 ;
2217 5201 2340 5256 quae
2366 5185 2629 5240 nimirum
2651 5193 2778 5256 post
2803 5186 3102 5240 affectuum
3139 5201 3205 5239 ex
3235 5186 3349 5254 ipsa
3401 5203 3525 5256 prO‘

1931 5291 2223 5354 gnatorum
2245 5291 2500 5346 mortem,
2537 5282 2848 5352 factamque
2883 5281 2938 5336 in
2967 5292 3156 5337 monte
3183 5281 3352 5354 (celso
3405 5299 3526 5336 vcr-

1933 5376 2040 5431 tice
2064 5375 2336 5431 naturalis
2381 5375 2797 5446 speculationis)
2851 5375 2905 5428 in
2959 5375 3324 5446 singulorum,
3385 5392 3524 5443 quos

1932 5480 2059 5525 ante
2089 5468 2375 5538 complexa
2401 5475 2541 5531 erat,
2576 5467 2744 5522 corde
2771 5467 3272 5523 manifestationem
3297 5484 3311 5532 ;
3370 5468 3523 5520 velut

1931 5577 2175 5626 saccum,
2205 5559 2591 5630 pmnitentia’m
2643 5561 2878 5626 sternit;
2925 5576 3092 5630 super
3125 5568 3338 5631 petram
3403 5558 3523 5627 (do-

1931 5655 2172 5708 ctrinam
2219 5653 2433 5708 scilicet
2485 5652 2608 5708 ‘idei
2658 5653 2976 5718 Dominicze,
3044 5649 3393 5722 spiritalibus
3462 5648 3519 5705 in

1929 5746 2148 5802 Christo
2181 5746 2397 5818 legibus
2426 5762 2492 5801 ac
2544 5745 2698 5801 scitis
2727 5761 2825 5816 per
2866 5744 3252 5816 ptenitentiam
3310 5754 3516 5802 navans
