3986 6474
476 374 581 461 767

1638 369 1697 431 S.
1736 370 2026 431 MAXIMI
2060 373 2076 428 ί

2181 369 2577 430 lFESSORIS
3611 372 3695 441 768

550 480 722 550 Igitur
754 475 965 547 peccati
1001 474 1318 547 imperium,
1354 475 1471 531 sive
1496 476 1683 531 carnis
1708 477 2063 547 prudentiam

2239 474 2451 529 Οὐκοῦν
2482 476 2543 531 τὸ
2574 474 2778 544 κράτος
2817 472 2916 544 τῆς
2961 471 3256 543 ἁμαρτίας,
3290 472 3457 543 ἧγουν
3497 475 3553 528 τὸ
3589 484 3692 549 opt.

478 583 813 639 sensumque
862 576 924 622 ut
964 565 1222 632 aboleat,
1287 566 1463 622 sancti
1491 564 1839 638 baptismatis
1871 566 2064 639 gratia:

478 669 892 732 comparatum;
948 659 1194 730 itemque
1221 656 1572 725 obedientiae,
1625 675 1733 730 qua
1762 659 1944 730 reipsa
1972 657 2061 715 di-

476 753 603 807 vina
635 752 970 822 impleantur
1001 750 1258 806 mandata
1278 792 1292 817 ,
1328 760 1389 806 ut
1415 751 1595 823 gladio
1616 753 1847 823 spiritus
1869 752 2062 822 (verbo

477 845 693 901 scilicet
720 843 923 899 divinae
950 843 1004 898 in
1030 843 1240 914 Spiritu
1265 843 1547 916 scientiae)
1585 843 1901 913 interimat;
1952 844 2064 901 cla-

480 951 636 990 mans
663 934 890 1005 mystice
921 934 989 989 ad
1015 934 1227 1005 peccati
1249 933 1539 990 libidinem
1571 951 1914 1007 pronamque
1939 952 2066 1007 pas-

477 1028 692 1082 sionem
718 1067 735 1093 ,
792 1026 940 1082 haud
978 1043 1140 1082 secus
1176 1043 1241 1081 ac
1265 1042 1498 1099 magnus
1519 1026 1739 1083 Samuel
1766 1029 1835 1084 ad
1863 1028 2012 1100 Agag
2046 1046 2059 1082 :

480 1118 625 1173 Sicut
651 1118 824 1173 liberis
852 1118 1056 1173 orbavit
1081 1118 1325 1175 mulieres
1356 1120 1568 1192 gladius
1592 1133 1733 1185 tuus,
1764 1118 1890 1190 ﬁliis
1911 1119 2064 1175 hodie

480 1211 753 1266 orbabitur
798 1220 970 1265 mater
1013 1219 1105 1265 tua
1154 1227 1219 1265 ea:
1253 1211 1634 1267 mulieribus".
1692 1210 1890 1266 Multas
1915 1211 2065 1267 enim

482 1312 545 1359 ut
567 1304 622 1358 in
645 1303 827 1375 gladio
847 1301 986 1375 gulae
1008 1303 1228 1370 vitium,
1254 1303 1555 1374 voluptatis
1575 1302 1874 1369 lenocinio,
1892 1303 2067 1360 virtu-

484 1409 568 1456 tes
592 1399 784 1454 liberis
812 1398 1052 1455 orbavit.
1086 1398 1492 1469 Temperantia:
1511 1398 1662 1454 enim
1689 1407 1744 1453 et
1770 1397 2063 1466 castitatis,

481 1508 581 1561 per
604 1489 1067 1547 incontinentiam
1116 1505 1181 1546 ac
1204 1491 1332 1546 vita":
1354 1490 1632 1546 luxuriam
1659 1532 1674 1557 ,
1726 1492 1939 1546 semina
1966 1506 2065 1545 ex-

486 1581 685 1653 tinguit
713 1600 725 1635 :
750 1581 981 1655 iustitia:
1006 1598 1163 1647 vero,
1200 1598 1299 1653 per
1326 1583 1697 1640 insatiabilem
1729 1583 2067 1653 modumque

484 1673 821 1729 nescientem
874 1673 1114 1729 habendi
1169 1673 1572 1743 cupiditatem,
1633 1674 2065 1746 aequabilitatem

484 1765 793 1837 corrumpit
845 1784 858 1819 :
914 1765 1277 1821 humanitatis
1303 1809 1317 1833 ,
1378 1784 1478 1839 per
1513 1768 1791 1837 privatum
1818 1768 2067 1838 vitioque

484 1857 783 1912 haerentem
820 1855 1285 1929 indulgentiorem
1313 1855 1468 1913 illum
1504 1858 1589 1915 sui
1612 1876 1860 1914 amorem
1882 1901 1897 1925 ,
1948 1874 2072 1930 quae
2102 1850 2145 1904 Β

480 1964 548 2001 ex
577 1955 788 2004 naturae
812 1949 1128 2004 rationibus
1147 1948 1366 2004 exsistit
1397 1948 1849 2021 conjunctionem
1869 1949 2072 2005 scindit

481 2054 545 2093 ac
571 2039 1066 2095 necessitudinem.
1131 2043 1330 2111 Atque,
1373 2050 1433 2096 ut
1461 2058 1676 2097 summa
1697 2041 1898 2107 dicam,
1930 2041 2072 2112 gula:

483 2131 680 2185 vitium
725 2131 950 2187 virtutis
983 2134 1168 2189 omnia
1189 2135 1436 2206 germina
1460 2135 1703 2203 perimit.
1742 2133 1859 2189 lloc
1884 2142 2071 2190 autem

481 2222 701 2289 vitium,
738 2224 820 2278 uti
850 2224 1142 2291 dicebam,
1202 2227 1318 2281 sola
1344 2227 1507 2293 tollit,
1566 2236 1681 2280 tum
1723 2226 2076 2298 baptismatis

482 2314 660 2384 gratia
685 2355 700 2380 ,
751 2323 870 2370 tum
902 2316 1000 2371 Dei
1036 2317 1424 2373 mandatorum
1452 2318 1770 2373 obedientia
1820 2319 2073 2375 instituta

482 2403 608 2460 vita:
634 2406 797 2461 ratio.
858 2406 991 2474 Quae
1027 2407 1194 2480 igitur
1246 2409 1301 2464 in
1331 2409 1515 2465 littera
1569 2411 1742 2481 legem
1767 2413 1945 2481 posita
1968 2422 2073 2479 est,

483 2496 657 2553 hocce
677 2498 869 2553 vitium
906 2500 1182 2556 foventem
1207 2511 1371 2572 atque
1402 2512 1734 2563 servantem.
1762 2504 1934 2559 Deum
1960 2520 2078 2575 pm-

482 2587 625 2643 nitet
653 2588 706 2642 in
732 2590 954 2647 Israelis
982 2607 1167 2663 regem
1194 2592 1502 2659 inunxisse,
1534 2595 1932 2665 translatisque
1956 2612 2078 2651 sce-

440 2698 449 2702 ⁴
484 2679 644 2748 ptris,
684 2681 876 2737 Davidi
929 2681 1073 2755 (legi
1099 2682 1314 2740 scilicet
1338 2686 1670 2756 evangelicae
1704 2703 1768 2742 ac
1798 2686 2073 2760 spiritali)

482 2770 778 2842 imperium
805 2772 1009 2841 tradit;
1044 2789 1244 2847 nempe
1272 2775 1386 2831 ﬁlio
1408 2776 1583 2833 Jesse.
1626 2777 1724 2832 Est
1752 2789 1937 2834 autem
1958 2779 2079 2835 Jes—

482 2878 566 2929 se,
590 2863 635 2918 si
655 2877 860 2920 nomen
876 2864 1286 2938 interpreteris,
1310 2868 1407 2924 Dei
1423 2870 1641 2941 effectio.
1666 2871 1927 2927 Sanctum
1944 2887 2078 2943 ergo

485 2953 843 3024 Evangelium
871 2971 1100 3026 germen
1128 2965 1215 3013 est
1246 2957 1502 3013 factionis
1525 2960 1656 3027 Dei;
1707 2961 1763 3014 id
1801 2969 1917 3026 est,
1956 2962 2079 3033 ejus

484 3061 586 3115 per
615 3061 837 3101 carnem
871 3047 1112 3118 propria:
1139 3046 1489 3116 eﬂ‘ectionis,
1544 3067 1668 3121 quae
1701 3052 1861 3122 293
1896 3052 1953 3106 in
1979 3067 2079 3108 sa:-

2168 583 2318 637 νημαι
2360 567 2462 638 τῆς
2519 565 2743 640 σαρκὸς,
2789 567 2824 636 ἡ
2872 565 3034 636 χάρις
3084 564 3367 634 ἀφανίζειν
3401 565 3593 635 πέφυκε
3623 571 3695 624 τοῦ

2170 660 2328 729 ἁγίου
2378 659 2776 732 βαπτίσματος,
2823 658 2919 712 καὶ
2971 660 3004 729 ἡ
3038 659 3161 712 κατ’
3202 658 3479 728 ἐνέργειαν
3525 661 3699 733 ὑπακοὴ

2168 750 2281 804 τῶν
2320 749 2483 805 θείων
2540 748 2805 814 ἐντολῶν,
2850 748 3175 803 ἀποκτένειν
3228 750 3295 819 τῇ
3355 750 3584 822 μαχαίρᾳ
3626 753 3698 807 τοῦ

2170 841 2483 913 πνεύματος
2541 840 2731 913 (ἧγουν
2767 837 2846 910 τῷ
2894 839 3101 911 ῥήματι
3135 839 3236 911 τῆς
3282 840 3434 904 θείας
3478 842 3532 896 ὲν
3574 845 3702 896 πνεύο

2173 952 2304 1007 ματι
2336 933 2635 1005 γνώσεως)’
2667 932 2850 1004 βοῶσα
2880 931 3166 1004 μυστικῶς
3199 932 3335 1002 πρὸς
3363 933 3423 985 τὸ
3450 932 3605 999 πάθος
3630 940 3705 1008 τῆς

2169 1026 2482 1097 ἁμαρτίας,
2525 1025 2602 1088 ὡς
2647 1025 2676 1078 ὁ
2706 1025 2880 1096 μέγας
2929 1023 3066 1094 πρὸς
3095 1024 3189 1077 τὸν
3240 1025 3419 1094 Ἀγὰγ
3458 1027 3703 1100 Σαμουὴλ·

2171 1117 2380 1184 Καθὼς
2441 1117 2755 1185 ἠτέκνωσε
2814 1115 3110 1186 γυναῖκας
3163 1116 3202 1185 ἡ
3265 1115 3529 1187 μάχαιρά
3587 1135 3707 1189 σου,

2172 1210 2657 1278 ἁτεκνωθήσεται
2711 1208 2987 1279 σήμερον
3019 1208 3088 1263 ἐκ
3132 1208 3440 1280 γυναικῶν
3472 1211 3509 1279 ἠ
3550 1211 3710 1282 μήτηρ

2172 1320 2311 1359 σου.
2346 1302 2555 1366 Πολλὰς
2590 1301 2701 1373 γὰρ
2741 1301 2804 1355 τὸ
2836 1300 3007 1365 πάθος
3043 1304 3145 1372 τῆς
3178 1299 3628 1374 γαστριμαργίας,
3655 1305 3711 1370 ὡς

2173 1400 2231 1452 έν
2265 1398 2536 1469 μαχαίρᾳ,
2558 1396 2636 1467 τῷ
2668 1395 2797 1467 λείῳ
2826 1395 2927 1465 τῆς
2955 1394 3149 1466 ἡδονῆς
3178 1392 3427 1463 λογισμῷ
3450 1393 3712 1463 ἡτέκνωσεν

2173 1492 2399 1563 ἀρετάς.
2442 1491 2556 1562 Τῆς
2586 1488 2687 1562 μὲν
2718 1490 2827 1561 γὰρ
2860 1487 3218 1559 σωφροσύνης
3242 1486 3332 1539 διὰ
3356 1485 3460 1553 τῆς
3490 1485 3713 1557 ἀκρασίας

2173 1585 2467 1639 ἁποκτένει
2497 1580 2568 1636 τὰ
2598 1581 2892 1653 σπέρματα
2918 1596 2933 1611 ·
2968 1581 3069 1652 τῆς
3096 1576 3447 1649 δικαιοσύνης
3466 1577 3521 1630 δὲ
3546 1577 3621 1630 διὰ
3642 1581 3713 1649 τῆς

2175 1674 2494 1740 πλεονεξίας
2553 1673 2862 1745 διαφθείρει
2914 1674 3016 1745 τὴν
3067 1670 3386 1743 ἰσονομίαν·
3435 1669 3530 1741 τῆς
3566 1669 3718 1739 φιλαν-

2175 1767 2424 1840 θρωπίας
2462 1767 2519 1820 δὲ
2568 1765 2657 1821 διὰ
2685 1766 2786 1838 τῆς
2828 1764 3114 1837 φιλαυτίας
3144 1766 3244 1836 τὴν
3291 1765 3359 1819 ἐκ
3405 1762 3608 1833 φύσεως
3632 1761 3717 1816 δια-

2173 1859 2363 1928 τέμνει
2398 1857 2719 1929 συνέχειαν
2756 1859 2851 1912 καὶ
2890 1858 3174 1929 συντόμως
3217 1858 3398 1911 εἰπεῖν
3437 1856 3566 1927 (58),
3610 1859 3717 1912 trav.-

2174 1969 2284 2006 των
2328 1951 2439 2006 τῶν
2470 1953 2590 2006 κατ’
2623 1951 2826 2023 ἀρετὴν
2857 1951 3215 2022 γεννημάτων
3259 1950 3600 2021 ἀναιρετικὸν
3631 1952 3718 2001 ἐστι

2173 2044 2273 2116 τῆς
2303 2043 2753 2115 γαστριμαργίας
2768 2044 2829 2096 τὸ
2856 2041 3051 2107 πάθος.
3082 2041 3255 2095 Τοῦτο
3281 2039 3341 2093 δὲ
3384 2040 3539 2111 μόνη,
3569 2038 3716 2104 καθὼς

2176 2132 2334 2204 ἔφην,
2360 2133 2578 2204 ἀναιρεῖ
2600 2130 2662 2185 τὸ
2694 2131 2886 2195 πάθος,
2905 2131 2940 2202 ἧ
2964 2148 3023 2184 τε
3047 2129 3142 2183 τοῦ
3172 2127 3550 2200 βαπτίσματος
3576 2129 3718 2199 χάρις,

2176 2226 2273 2281 καὶ
2292 2227 2326 2296 ὴ
2356 2225 2475 2278 καθ’
2501 2224 2750 2296 ὑπακοὴν
2769 2222 2906 2278 Θεοῦ
2929 2223 3036 2278 τῶν
3057 2222 3291 2277 ἐντολῶν
3307 2222 3524 2293 ἀγωγή.
3542 2221 3633 2273 Τὸν
3653 2216 3719 2274 οὖν

2176 2316 2367 2370 τούτου
2414 2313 2509 2370 τοῦ
2542 2316 2749 2381 πάθους
2797 2315 3223 2387 περιποιητικδν
3269 2319 3329 2369 ὲν
3359 2314 3717 2386 γράμματινὰ

2181 2428 2281 2482 μον
2311 2407 2703 2481 μεταμελεῖται
2767 2408 2965 2481 χρίσας
3007 2408 3089 2472 είς
3139 2407 3376 2479 βασιλέα
3415 2407 3507 2460 τοῦ
3548 2406 3722 2478 Ἰσραὴλ

2176 2504 2203 2555 ὁ
2225 2500 2377 2564 Θεὸς,
2407 2501 2503 2554 καὶ
2538 2500 2840 2573 μεταφέρει
2869 2499 2930 2553 τὸ
2971 2500 3175 2571 κράτος
3213 2500 3316 2571 τῆς
3347 2498 3629 2570 βασιλείας,
3652 2498 3722 2551 καί

2176 2593 2362 2647 δίδωσι
2396 2590 2475 2663 τῷ
2518 2590 2686 2647 Δαόὶδ
2724 2588 2825 2663 (τῷ
2861 2589 3208 2662 εὐαγγελικῷ
3247 2590 3455 2662 δηλαδὴ
3481 2592 3571 2643 καὶ
3599 2607 3722 2642 πνευ-

2183 2676 2400 2757 ματικῷ
2449 2682 2647 2756 νόμῳ),
2698 2682 2971 2750 τουτέστι,
3016 2682 3097 2754 τῷ
3146 2682 3247 2755 υίῷ
3300 2682 3520 2736 Ἰεσσαί.
3560 2682 3723 2752 Ἑρμη-

2179 2779 2398 2833 νεύεται
2450 2777 2508 2831 δὲ
2551 2775 2772 2841 Ἰεσσαὶ,
2824 2776 2973 2831 Θεοῦ
3020 2776 3271 2844 ποίησις
3323 2775 3416 2847 (e).
3459 2774 3648 2830 Οὐκοῦν
3680 2773 3723 2826 τὸ

2180 2872 2337 2938 ἆγιον
2364 2869 2719 2939 Εὑαγγέλιον,
2747 2868 2996 2940 γέννημα
3036 2869 3302 2939 τυγχάνει
3326 2869 3431 2941 τῆς
3475 2869 3719 2938 ποιήσεως,

2179 2963 2349 3033 ἤγουν
2399 2962 2499 3032 τῆς
2553 2961 2648 3014 τοῦ
2686 2959 2826 3015 Θεοῦ
2883 2960 2972 3014 διὰ
3016 2960 3222 3032 σαρκὸς
3272 2961 3626 3032 αὐτουργίας,
3651 2958 3723 3030 τῆς

2181 3052 2418 3124 ἐχούσης
2464 3054 2545 3117 είς
2576 3053 2706 3116 τοὺς
2737 3051 3002 3124 ἀπείρους
3050 3052 3257 3117 αίῶνας
3295 3052 3399 3124 τὴν
3452 3051 3721 3125 βασιλείαν

485 3138 613 3192 eula
652 3138 867 3194 inﬁnita
916 3155 1089 3210 regno
1122 3140 1368 3211 potitur;
1430 3143 1589 3214 cujus
1614 3144 1878 3214 auspiciis
1911 3153 2076 3215 atque

2182 3145 2304 3200 καθ’
2331 3146 2398 3217 ἢν
2438 3142 2634 3216 ἔχομεν
2666 3144 2987 3212 ἀγαλλίασιν
3024 3144 3394 3211 ἀκατάλυτον,
3431 3144 3523 3199 καὶ
3546 3144 3632 3215 τὴν
3657 3142 3722 3195 εὐ-

486 3246 714 3286 munere
740 3270 756 3296 ,
792 3230 1237 3289 indissolunilem
1265 3234 1692 3306 exsultationem
1719 3252 1784 3292 ac
1807 3237 2076 3306 laetitiam,

2185 3237 2461 3307 φροσύνην
2495 3237 2572 3301 ὡς
2605 3236 2818 3308 ἡμέραν
2866 3230 3036 3291 οὖσαν
3070 3236 3381 3310 ἀνέσπερον
3420 3236 3512 3291 καὶ
3549 3233 3723 3290 ἀτελεύ-

487 3324 642 3379 velut
669 3324 817 3381 diem
858 3340 1094 3383 occasus
1120 3328 1366 3384 nesciam
1390 3346 1457 3385 ac
1480 3331 1871 3400 immortalem,
1905 3333 2076 3390 babe-

2183 3345 2367 3399 τητον.
2400 3330 2540 3401 Φησὶ
2562 3329 2672 3399 γάρ
2694 3343 2707 3358 ⁸
2750 3329 2913 3397 Αὕτη
2963 3329 3003 3398 ἠ
3045 3328 3241 3399 ἡμέρα
3274 3328 3359 3399 ἢν
3405 3328 3672 3397 ἐποίησεν
3702 3329 3725 3379 ό

490 3432 634 3472 mus.
670 3417 762 3473 Ait
788 3418 939 3474 enim
989 3436 1002 3473 :
1049 3418 1176 3475 Hac
1203 3431 1278 3476 est
1303 3421 1414 3477 dies
1438 3441 1599 3495 quam
1624 3424 1743 3495 fecit
1765 3424 1942 3492 Deus;
1989 3443 2076 3481 erc-

2188 3419 2337 3486 Θεός
2359 3435 2373 3450 ο
2415 3419 2925 3490 ἁγαλλιασώμεθα
2962 3419 3063 3474 καί
3104 3419 3533 3490 εὐφρανθῶμεν
3563 3418 3724 3472 ἐνού-

483 3506 742 3562 sultemus
770 3548 785 3574 ,
842 3515 893 3563 et
935 3509 1178 3564 lwtemur
1200 3511 1255 3565 in
1278 3513 1430 3580 ea";
1469 3529 1668 3584 nempe
1699 3513 1849 3569 diem
1870 3530 2076 3573 vocans

2185 3510 2261 3580 τῇ
2284 3528 2298 3543 ⁸
2353 3511 2569 3583 ἡμέραν
2611 3511 2808 3582 λέγων,
2849 3512 2948 3585 τὴν
3006 3512 3377 3585 εὐαγγελικὴν
3424 3513 3596 3585 χάριν,
3624 3509 3652 3580 ἢ
3682 3508 3725 3560 τὺ

486 3598 861 3669 evangelicam
880 3601 1136 3671 gratiam,
1156 3602 1213 3658 in
1235 3619 1346 3674 qua
1363 3605 1504 3671 vult,
1537 3614 1598 3661 ut
1613 3606 1772 3676 juxta
1793 3607 1941 3678 quod
1962 3623 2076 3663 mo-

2189 3604 2494 3676 μυστήριον
2516 3600 2683 3658 αὐτοῦ
2716 3603 2811 3657 τοῦ
2834 3604 3040 3676 ταύτην
3067 3605 3447 3675 ποιησαμένου
3471 3602 3564 3674 τὴν
3584 3600 3723 3672 χάριν.

488 3697 585 3744 net
602 3689 902 3761 Apostolus
936 3710 948 3744 :
980 3691 1130 3749 Sicut
1146 3696 1201 3748 in
1221 3695 1305 3748 die
1325 3694 1595 3767 (scientiae
1608 3712 1673 3752 ac
1695 3697 1968 3771 veritatis)
2000 3700 2076 3754 ho

2186 3699 2245 3751 ὲν
2288 3689 2333 3764 ᾧ
2366 3696 2617 3768 βούλεται
2654 3698 3078 3770 πάνταςήμᾶς,
3119 3697 3262 3752 κατὰ
3290 3696 3385 3753 τὸν
3429 3698 3567 3752 θεῖον
3602 3690 3726 3746 Ἀπό-

489 3790 637 3837 ueste
660 3782 995 3839 ambulemus
1010 3784 1081 3839 θ’.
1120 3785 1218 3841 Est
1241 3787 1390 3841 enim
1415 3786 1675 3864 Christus
1702 3788 1846 3843 lucis
1867 3788 2077 3858 sempi-

493 3891 667 3932 terna:
682 3876 824 3944 dies,
844 3877 902 3932 in
915 3894 1026 3948 quo
1038 3893 1219 3949 operae
1232 3879 1498 3949 pretium,
1516 3888 1581 3935 ut
1595 3880 1716 3950 ejus
1730 3893 1924 3934 omnes
1946 3879 2079 3935 lide-

489 3970 570 4025 les
591 3971 859 4027 virtutum
880 3972 1171 4028 honestate
1192 3980 1248 4028 et
1267 3973 1420 4029 cultu
1448 3974 1555 4029 rite
1570 3974 1741 4029 vitam
1760 3972 2078 4029 instituant.

490 4062 594 4120 llic
641 4080 879 4149 namque
927 4067 1079 4122 solus
1126 4082 1158 4122 a
1195 4066 1309 4121 Deo
1355 4066 1576 4136 (carnis
1593 4065 1806 4121 scilicet
1833 4063 2083 4135 ratione)

2185 3787 2391 3855 στολον,
2424 3789 2501 3853 ὡς
2547 3791 2607 3844 ὲν
2633 3789 2817 3862 ἡμέρᾳ
2846 3789 3104 3855 γνώσεως
3138 3792 3234 3844 καὶ
3268 3788 3527 3861 ἀληθείας
3572 3786 3725 3855 εὐσχη-

2193 3880 2370 3952 μόνως
2398 3883 2746 3952 περιπατεῖν.
2797 3880 3014 3953 Ἦμέρα
3058 3882 3171 3955 γὰρ
3212 3882 3390 3936 ἀϊδίου
3421 3881 3588 3953 φωτός
3614 3879 3725 3931 ἐστιν

2188 3971 2217 4024 ὁ
2248 3970 2504 4044 Χριστὸς,
2537 3974 2596 4025 ἐν
2628 3966 2673 4041 ᾧ
2703 3972 2785 4026 de!
2824 3973 3033 4037 πάντας
3068 3974 3194 4038 τοὺς
3226 3964 3387 4045 αὐτῷ
3422 3965 3726 4026 πεπιστευκό-

2192 4081 2313 4129 τας,
2340 4063 2431 4118 διὰ
2458 4065 2560 4135 τῆς
2588 4064 2696 4120 τῶν
2726 4065 2939 4136 ἀρετῶν
2963 4064 3387 4138 εὐσχημοσύνης
3414 4062 3583 4128 καλῶς
3608 4057 3723 4113 πολι-

564 4314 611 4348 '°
639 4314 659 4370 l
693 4314 828 4387 Reg.
864 4331 954 4383 xv,
988 4315 1078 4372 55.
1156 4315 1201 4348 ³⁸
1234 4316 1376 4372 Psal.
1409 4329 1572 4381 cxvn,
1595 4316 1686 4373 24.
1764 4318 1811 4348 θ’
1846 4316 2006 4371 Rom.
2032 4328 2152 4383 xm,
2184 4316 2274 4371 l5.

497 4550 619 4604 quae
641 4533 868 4605 eclipsis
895 4532 1101 4591 Graecis
1148 4533 1442 4591 familiaris
1466 4542 1554 4591 est
1585 4553 1601 4589 :
1643 4534 1740 4591 sed
1783 4532 2083 4605 difﬁcultas

496 4614 583 4660 est
612 4604 940 4676 explicanda
979 4621 1118 4661 voce
1144 4605 1415 4676 σπαίρων,
1451 4614 1510 4661 et
1538 4605 1927 4675 componendo
1972 4604 2085 4661 Ma-

2191 4532 2880 4608 signiticare‘inconditum
2903 4531 3207 4608 quemdam
3257 4531 3588 4608 motandi;
3621 4530 3722 4600 ὁρῶ-

2194 4604 2293 4677 μέν
2316 4608 2382 4677 γὲν
2415 4604 2612 4675 ἰχθύσι,
2640 4604 2855 4671 qualem
2887 4604 2995 4675 fere
3028 4605 3266 4677 uidemus
3292 4607 3351 4660 in
3364 4604 3609 4677 piscibus,
3634 4608 3720 4653 tum

496 4674 923 4758 ximi‘etymum,
952 4692 1081 4758 cum
1113 4692 1194 4758 eo.
1216 4674 1539 4758 quodhipse
1562 4674 1722 4758 sacer
1755 4684 1938 4758 textus
1987 4676 2086 4730 ha-
2121 4702 2164 4758 ι)
2192 4674 2464 4758 nimirum
2494 4690 2621 4731 cum
2641 4690 2718 4758 ex
2757 4674 2902 4745 aqua
2946 4674 3339 4758 extrahuntur,
3390 4683 3449 4757 et
3492 4675 3545 4728 in
3598 4683 3720 4758 suum

497 4746 613 4811 bet,
643 4740 818 4819 Exod.
875 4740 935 4813 ιι,
1000 4746 1086 4813 10,
1140 4740 1251 4819 ιώῖ
1284 4740 1511 4819 dicitur,
1554 4745 1626 4819 Et
1664 4748 1870 4801 vocavit
1896 4762 2091 4819 nomen
2122 4740 2162 4758 "
2191 4748 2534 4819 elementum
2568 4744 2787 4819 resilire
2812 4740 3179 4819 contendunt.
3211 4744 3453 4819 Alioqui
3471 4758 3575 4819 non
3605 4740 3720 4819 vide-

499 4821 613 4887 ejus
648 4817 814 4899 Mosa,
1048 4887 1063 4899 _
1088 4826 1137 4871 et
1192 4816 1347 4899 dixit,
1403 4817 1528 4899 quia
1585 4816 1846 4899 denaqua
1879 4816 2093 4899 egtraxi
2197 4816 2556 4899 ιιιιχᾶμουσος
2577 4815 2831 4899 piscium.
2850 4814 2907 4869 in
2940 4816 3099 4886 aquis
3129 4824 3336 4899 motps,
3358 4814 3455 4899 sed
3487 4814 3720 4899 ipse.

502 4886 642 4949 eum,
670 4896 796 4947 vim
833 4897 958 4948 um.
999 4887 1084 4942 Ab
1143 4897 1353 4943 eventu
1408 4886 1595 4957 itaque
1624 4886 1829 4957 dictus
1883 4886 2086 4952 Moses,

499 4957 660 5025 quasi
687 4973 753 5012 ex
782 4974 925 5027 aqua
958 4967 1342 5022 extractus,et
1381 4967 1444 5013 ut
1487 4956 1635 5028 grati
1661 4956 1837 5028 animi
1879 4972 2083 5012 monu-

500 5035 712 5093 mento,
754 5026 923 5083 etiam
978 5030 1206 5084 nomine
1245 5026 1583 5084 beneﬁcium
1637 5026 1904 5081 continue
1952 5041 2089 5096 pro-

501 5096 682 5152 deret.
717 5098 905 5154 Voluit
932 5099 1076 5154 forte
1118 5099 1408 5165 Maximus,
1469 5099 1585 5153 sive
1642 5096 1739 5167 qui
1786 5097 1871 5167 illi
1920 5096 2090 5167 hujus

498 5168 669 5239 etymi
704 5176 898 5223 auctor
923 5169 1050 5234 fuit,
1084 5174 1155 5225 ad
1186 5168 1537 5225 Homericam
1588 5165 1782 5223 vocem
1812 5165 2088 5239 alludere,

503 5237 610 5306 qua
639 5253 773 5292 usus
806 5247 892 5310 est
920 5239 979 5294 in
1009 5240 1173 5305 hove,
1213 5240 1309 5310 qui
1353 5239 1655 5294 renitentia
1703 5237 1943 5310 quadam
1970 5245 2091 5310 tra-

506 5314 692 5378 hatur,
716 5315 778 5378 ut
808 5308 891 5378 sic
919 5310 1079 5378 quasi
1119 5307 1508 5368 obnitentibus
1562 5307 1826 5364 ﬂuetibus
1878 5316 1940 5378 et
1967 5307 2090 5377 ipso

511 5376 564 5460 in
593 5375 797 5460 fiscella
822 5375 1326 5460 illis—onbsequepte,
1351 5390 1409 5437 et
1435 5379 1827 5460 dum.illor_um
1873 5375 2087 5460 impetu

508 5447 778 5512 trahitur,
831 5447 1176 5521 signiﬁcetur
1209 5447 1392 5508 MoSes
1434 5450 1593 5520 quasi
1628 5449 1841 5521 majore
1878 5449 1931 5503 vi
1958 5447 2089 5521 inde

514 5526 808 5591 extractus.
828 5517 923 5591 Alta
952 5519 1125 5577 refert
1156 5522 1342 5577 Varin.
1376 5517 1518 5591 Ὅρα
1548 5521 1606 5575 δὲ
1632 5517 1806 5591 Birt-"Pb
1833 5518 2089 5591 σπείρειν

511 5589 604 5640 ἐπὶ
641 5588 760 5663 βοὸς
797 5583 924 5663 εἷπε
969 5591 1261 5663 σπωμένου
1291 5583 1562 5663 Ὄμηρος,
1591 5589 1688 5645 καὶ
1725 5590 1841 5663 quae
1876 5583 2087 5663 ἐθέλοντ-

508 5673 600 5718 τος
650 5660 882 5729 ἔπεσθαι
936 5662 1052 5724 τοῖς
1099 5657 1315 5728 ἄγουσι.
1369 5657 1564 5714 "tuas.
1626 5676 1683 5729 γ.
1736 5659 1863 5715 295.
1915 5657 2085 5725 Quasi

509 5728 832 5798 metaphora
862 5731 933 5785 ab
959 5730 1070 5786 illis
1092 5746 1214 5800 qua:
1246 5730 1814 5802 palpitant,motuque
1840 5744 1904 5783 ac
1932 5737 2087 5799 gestu

509 5806 704 5853 contra
748 5810 986 5858 mortem
1035 5802 1190 5857 velut
1247 5801 1655 5859 obluctantum.
1720 5801 1813 5856 Ait
1863 5815 2086 5871 quoque

2194 4880 2685 4960 compositus,'__e_t_
2737 4885 2833 4960 qui
2865 4901 2930 4941 ea
2974 4880 3381 4960 compositione
3428 4880 3717 4960 terrestrium

2197 4955 2523 5013 animalium
2546 4955 2688 5010 nihil
2713 4955 2877 5011 cedat
2899 4955 3225 5020 motui,sed
3265 4955 3382 5010 fere
3406 4955 3595 5016 vincat,
3632 4955 3717 5004 sive

2202 5027 2519 5091 subsiliant,
2559 5027 2675 5081 sive
2714 5026 2873 5095 aquis
2900 5025 3091 5087 ﬁdant.
3120 5026 3238 5080 sive
3264 5026 3431 5081 etiam
3461 5024 3608 5095 longo
3636 5030 3717 5095 tra-

2195 5098 2354 5163 mite,
2405 5086 2517 5171 vel_'
2547 5086 2846 5171 gregatim,
2897 5098 2984 5151 vel
3017 5095 3354 5171 _sing_ulares
3418 5086 3716 5171 mariausuIIf

2196 5157 2408 5223 cent'et
2439 5157 2895 5238 adnavigent,'ut
2948 5165 3035 5223 sui
3057 5157 3273 5238 copiam
3296 5165 3508 5223 eunetis
3526 5157 3714 5217 subinde

2234 5247 2477 5294 mstent.

2194 5254 2477 5310 praesrent.

2235 5307 2337 5380 _(e)
2376 5308 2527 5363 Θεοῦ
2559 5310 2826 5380 ποίησις.
2861 5306 3235 5380 νοιυίιᾼνΐοτιε
3286 5305 3399 5380 qui)
3420 5309 3597 5361 auctor
3628 5296 3710 5380 Ma:

2192 5362 2566 5452 ximuset’ymi
2594 5362 2699 5435 fui—tt
2714 5362 3224 5452 εεῖίὶιειείκτῆσις,
3249 5362 3401 5449 quasi
3436 5393 3463 5431 a
3485 5380 3556 5438 nt,
3586 5362 3708 5452 filio}!

2194 5466 2371 5505 unum
2427 5438 2516 5505 est
2549 5465 2617 5506 ex
2655 5450 2979 5506 nominibus
3039 5438 3405 5514 Dei,"et'm27.
3470 5438 3709 5517 quod-“

2195 5536 2375 5592 pecus,
2407 5520 2652 5593 et_quasi
2688 5520 2996 5593 possessio.
3021 5519 3178 5593 _Nam
3218 5518 3503 5593 (ξι-ϐιηθεὶς
3548 5519 3707 5593 ,κζτηινῗξ

2193 5580 2278 5661 εει
2310 5580 2628 5661 αἀτῶμαι.
2671 5580 2766 5647 Vel
2804 5591 2968 5658 forte,
3021 5589 3421 5661 beemanticum
3458 5580 3706 5661 exsistatrf

2194 5646 2552 5732 formativut‘n
2572 5662 2815 5732 nominis
2851 5646 3082 5732 proprii,
3114 5660 3273 5732 quasi
3307 5675 3338 5713 a
3378 5666 3480 5732 ην,-
3502 5646 3701 5732 quod}?l

2195 5746 2405 5803 "mnus.
2425 5730 2537 5803 ﬁve}
2567 5730 2808 5803 denique
2842 5723 2874 5788 ὁ
2901 5723 3049 5801 uti”,
3072 5723 3240 5803 quasi
3274 5744 3430 5785 aenea:
3449 5723 3700 5790 decrepitus,

2194 5808 2290 5861 τιον
2324 5799 2436 5857 Isai
2455 5801 2639 5859 dictus
2669 5799 2759 5861 sit.
