3986 6412
310 303 418 366 τῖ’Ὑ)

1369 297 1866 375 ΟΗᾸΞΞΤΙΟΝΕΞ
1905 297 2005 356 ΑΙ)
2044 300 2553 369 TIIALASSIUM.

3482 321 3596 383 7T!)

305 421 585 477 τεύεσθαι.
618 413 787 486 Οῦτος
811 421 921 492 γάρ
951 423 1098 475 ἐστιν
1123 423 1150 474 6
1182 419 1562 489 πεποιημένος
1599 419 1728 472 ἀνευ
1763 429 1882 464 σπο-

1997 411 2208 482 absque
2238 418 2350 472 ullo
2373 422 2583 476 semine
2610 423 2785 481 factus
2815 442 2878 482 ac
2907 429 3167 486 conditus
3193 439 3310 495 est,
3368 433 3550 486 innov.
3573 461 3602 475 -ο

308 519 416 585 ρᾶς
451 515 556 568 ὑπὸ
578 514 715 569 Θεοῦ
756 515 915 586 μόνος
942 515 1000 567 τὸ
1055 511 1198 567 κατά
1227 513 1429 582 σάρκα,
1477 512 1573 566 καὶ
1606 510 1716 563 τῶν
1752 508 1893 562 κατὰ

306 609 474 676 φύσιν
503 607 722 679 θεσμῶν
770 607 1178 677 καινοτομήσας
1212 607 1340 668 τοὺς
1375 605 1593 675 νόμους,
1626 602 1724 656 καὶ
1752 600 1895 655 κατά

307 701 604 772 πρόσωπον
642 701 859 755 πάντων
888 701 997 753 τῶν
1031 698 1177 752 λαῶν
1205 698 1632 770 ἡτοιμασμένος,
1657 697 1750 748 καὶ
1779 693 1895 764 φῶς

306 796 392 857 είς
421 792 769 863 ἀποκάλυψιν
805 793 976 848 ἐθνῶν
1013 793 1108 846 καὶ
1141 793 1300 858 δόξαν
1330 791 1463 845 λαοῦ
1504 789 1746 861 Ἰσραήλ.
1773 788 1894 851 Φῶς

307 884 420 956 γάρ
461 886 612 936 ἐστιν
641 882 861 954 ἀληθῶς
892 878 1064 935 ἐθνῶν
1095 883 1120 935 ό
1160 880 1366 952 Κύριος
1395 879 1556 950 ἡμῶν
1586 876 1720 948 (60),
1763 877 1896 929 ἀπο-

305 977 601 1030 καλύπτων
633 977 838 1040 αὐτοῖς,
867 974 954 1028 διὰ
978 975 1081 1044 τῆς
1106 973 1340 1043 ἀληθοῦς
1367 971 1738 1039 ἐπιγνώσεως,
1763 968 1892 1031 τοὺς

302 1068 387 1139 τῷ
424 1067 572 1136 ζόφῳ
601 1068 701 1138 τῆς
731 1067 955 1135 ἀγνοίας
993 1065 1409 1134 ἐπιμεμυκότας
1446 1062 1762 1132 ὀφθαλμοὺς
1792 1060 1892 1130 τῆς

303 1162 580 1226 διανοίας·
614 1163 708 1217 καὶ
757 1162 913 1225 θείας
961 1161 1184 1230 ἀγωγῆς
1215 1158 1380 1212 πάλιν
1428 1156 1618 1211 ἑαυτὸν
1671 1154 1893 1224 ἑτοιμά-

304 1275 408 1320 σας
444 1257 554 1328 (61)
585 1258 698 1319 τοῖς
726 1257 936 1318 πιστοῖς
966 1255 1117 1315 λαοῖς
1147 1251 1351 1321 ἀγαθὸν
1383 1253 1581 1321 ἀρετῆς
1613 1249 1891 1319 ἐξεμπλά-

307 1369 458 1422 ριον·
493 1350 786 1422 προσώπου
817 1349 909 1402 τοῦ
942 1348 1061 1402 κατ’
1092 1346 1293 1418 ἀρετὴν
1323 1343 1686 1416 ὑπογραμμδς
1708 1344 1893 1406 αὐτοῖς

301 1445 600 1515 γενόμενος
626 1443 722 1497 καὶ
752 1443 1107 1504 ύποτύπωσις
1133 1461 1146 1474 ο
1177 1441 1315 1510 πρὸς
1347 1437 1406 1491 ὃν
1447 1435 1780 1508 ἀφορῶντες,
1817 1435 1892 1500 ὡς

302 1538 550 1609 ἀρχηγὸν
572 1537 673 1606 τῆς
699 1536 1002 1607 ’σωτηρίας
1034 1534 1213 1607 ἡμῶν,
1259 1532 1358 1596 τὰς
1382 1532 1583 1601 ἀρετάς
1631 1531 1770 1584 κατὰ
1806 1530 1892 1600 μί-

305 1647 495 1701 μησιν,
525 1629 600 1692 ὼς
628 1631 759 1700 ἡμῖν
791 1629 904 1680 ἐστι
948 1627 1207 1691 δυνατὸν,
1245 1624 1622 1696 κατορθοῦμεν
1667 1624 1757 1677 διὰ
1793 1622 1890 1693 τῆς

299 1719 582 1792 πράξεως.
629 1720 790 1774 Ἀλλά
818 1720 915 1772 καὶ
953 1719 1078 1784 δόξα
1105 1719 1236 1774 λαοῦ
1285 1718 1505 1790 Ἰσραὴλ
1540 1718 1703 1780 αὐτός
1742 1719 1889 1770 ἐστιν

296 1816 329 1868 6
359 1813 492 1876 Θεὸς
520 1813 618 1866 καὶ
671 1814 846 1882 Λόγος
883 1812 1020 1884 (62),
1073 1813 1148 1878 ὡς
1195 1813 1274 1884 τῷ
1305 1812 1435 1884 θείῳ
1486 1813 1586 1882 τῆς
1633 1811 1888 1880 γνώσεως

300 1904 446 1974 φωτὶ
475 1905 563 1958 διὰ
594 1905 694 1974 τῆς
735 1905 1006 1975 μυστικῆς
1036 1903 1274 1975 θεωρίας
1315 1901 1769 1974 καταφαιδρύνων
1796 1902 1888 1955 τὸν

295 1995 449 2050 νοῦν.
484 1996 557 2048 Ἢ
589 1996 750 2066 τυχὸν
778 1995 941 2058 λαούς
976 2012 1140 2066 φησιν
1165 1996 1192 2048 ό
1221 1993 1380 2064 λόγος
1413 1994 1548 2066 (65),
1581 1994 1709 2057 τοὺς
1747 1995 1889 2046 κατά

298 2091 467 2160 φύσιν
493 2091 684 2158 λόγους
707 2107 721 2121 ο
758 2089 1051 2161 πρόσωπον
1089 2089 1146 2141 δὲ
1183 2087 1410 2151 τούτων,
1454 2087 1553 2158 τὴν
1587 2087 1888 2141 ἄπταιστον

294 2185 480 2249 δόξαν,
517 2178 586 2255 ἦς
641 2183 966 2255 ἐτοιμασία,
1022 2182 1137 2252 φῶς
1185 2182 1323 2254 πρὸς
1367 2182 1666 2249 ἐπίγνωσιν
1727 2181 1888 2243 αὐτὸς

297 2275 644 2346 καθέστηκεν
675 2277 700 2327 6
729 2273 922 2342 Λόγος,
956 2274 1032 2337 ὡς
1073 2273 1300 2344 κτίστης
1336 2275 1432 2342 τῆς
1464 2272 1678 2342 φύσεως
1702 2289 1716 2301 ⁸
1759 2272 1886 2342 ἔθνη

295 2366 381 2432 δὲ,
429 2366 497 2419 τά
557 2364 711 2437 παρά
766 2364 930 2435 φύσιν
981 2363 1128 2435 πάθη
1165 2363 1300 2433 (64),
1339 2364 1482 2434 ἅπερ
1511 2362 1886 2416 ἀποκαλύπτει

294 2458 656 2523 λανθάνοντα,
679 2458 794 2528 φῶς
820 2457 1161 2529 δωρούμενος
1191 2455 1466 2526 γνώσεως,
1493 2455 1584 2509 καὶ
1608 2455 1886 2519 παντελῶς

293 2553 584 2618 ἐξωθεῖται
617 2552 718 2622 τῆς
752 2552 988 2620 φύσεως.
1025 2550 1165 2618 Δόξα
1197 2550 1252 2604 δέ
1283 2549 1489 2619 γίνεται
1530 2548 1623 2602 τοῦ
1668 2547 1886 2620 Ἰσραὴλ

290 2649 329 2700 ὁ
359 2646 530 2713 Λόγος
557 2643 690 2716 (65),
713 2643 788 2707 ὡς
813 2643 923 2696 τῶν
967 2646 1117 2715 παρά
1153 2643 1315 2712 φύσιν
1348 2640 1538 2694 παθῶν
1579 2640 1883 2694 ἀποκαθαί-

294 2758 414 2812 ρων
459 2738 553 2791 τὸν
583 2738 727 2800 νοῦν,
766 2736 996 2798 καὶτοῖς
1045 2736 1186 2789 κατά
1225 2735 1386 2806 φύσιν
1424 2735 1605 2804 λόγοις
1644 2752 1882 2788 κατακο-

295 2831 458 2902 σμῶν
478 2848 492 2862 ’
526 2830 666 2901 πρὸς
693 2830 769 2894 δὲ,
795 2828 890 2882 καλ⁵
916 2826 992 2898 τῷ
1022 2828 1314 2898 διαδήματι
1337 2827 1439 2897 τῆς
1462 2827 1604 2881 κατὰ
1628 2827 1726 2897 τὴν
1749 2826 1882 2880 θέω-

296 2944 389 2979 σιν
419 2925 681 2996 άτρεψίας
724 2922 1087 2991 ἐπισψίγγων.
1123 2923 1259 2986 Δόξα
1289 2922 1398 2992 γὰρ
1438 2920 1660 2992 άληθῶς
1701 2921 1880 2989 ὑπάρ-

288 3037 387 3092 χει
433 3018 527 3071 τοῦ
593 3016 890 3088 Ἰσραὴλ,ή
920 3033 979 3067 τε
1011 3015 1120 3067 τῶν
1167 3015 1322 3087 παρά
1374 3015 1539 3084 φύσιν
1590 3015 1882 3086 ἀπαλλαγὴ

1998 509 2186 580 vitque
2219 514 2492 570 naturalis
2527 532 2592 571 ac
2618 521 2869 575 consueti
2904 532 3094 593 partus
3140 525 3322 596 leges;
3376 537 3602 596 paratus

1995 603 2208 659 scilicet
2235 615 2362 661 ante
2391 606 2586 663 faciem
2617 613 2866 667 omnium
2893 618 3226 685 populorum
3246 659 3260 682 ,
3298 618 3598 688 lumenque

1995 695 2067 748 ad
2093 697 2489 754 revelationem
2516 703 2785 772 gentium,
2835 713 2890 759 et
2919 707 3148 777 gloriam
3180 709 3358 778 plebis
3379 711 3597 765 Israeli-

1997 787 2198 843 tica)”.
2241 791 2445 846 Verum
2475 794 2681 848 etenim
2725 797 2970 867 gentium
3002 799 3189 853 lumen
3212 809 3298 855 est
3330 803 3599 856 Dominus

1994 893 2186 936 noster
2201 923 2214 947 ,
2239 884 2333 953 qui
2360 883 2683 959 ignorantiae
2701 889 2936 961 caligine
2953 891 3170 946 clausos
3186 895 3387 948 mentis
3406 897 3599 949 oculos

1993 988 2127 1026 vere
2159 974 2214 1028 in
2237 975 2320 1030 eis
2347 978 2648 1047 agnitionis
2674 981 2795 1035 luce
2829 982 3080 1054 detergat
3111 999 3174 1038 ac
3198 986 3443 1054 aperiat;
3475 1003 3598 1040 rur-

1994 1081 2200 1136 susque
2231 1070 2397 1124 etiam
2427 1072 2628 1128 divinze
2652 1075 2962 1144 disciplina:
3000 1077 3114 1146 ipse
3139 1093 3197 1132 se
3221 1077 3481 1133 fidelibus
3503 1095 3600 1149 po-

1995 1159 2142 1228 pulis
2163 1161 2398 1229 probum
2423 1203 2436 1228 ,
2492 1164 2715 1219 virtutis
2737 1167 3117 1230 :emulatione,
3172 1169 3388 1237 paravit
3408 1185 3596 1223 exem-

1994 1252 2144 1321 plum
2177 1271 2188 1304 :
2213 1253 2374 1308 faciei
2396 1255 2610 1311 scilicet
2629 1256 2854 1312 virtutis
2878 1259 3002 1312 luce
3025 1260 3294 1315 radiantis
3316 1261 3599 1330 exemplar

1992 1346 2264 1400 exsistens
2283 1390 2296 1411 ,
2336 1347 2390 1402 in
2417 1365 2584 1418 quem
2611 1360 2962 1416 contuentes,
2993 1353 3148 1408 velut
3175 1363 3375 1408 nostra:
3400 1363 3596 1408 aucto-

1994 1452 2110 1490 rem
2137 1438 2331 1493 salutis
2360 1455 2422 1494 ac
2452 1440 2648 1495 ducem
2675 1485 2689 1508 ,
2749 1442 2986 1497 actionis
3012 1444 3187 1509 cultu,
3223 1445 3405 1515 quoad
3434 1446 3596 1501 nobis

1993 1544 2319 1586 concessum
2343 1540 2448 1597 est,
2484 1534 2605 1604 ejus
2629 1533 2942 1590 imitatione
2979 1536 3158 1590 seduli
3183 1538 3421 1593 virtutes
3450 1553 3594 1607 prte-

1995 1632 2224 1678 stamus.
2263 1623 2370 1678 Sed
2399 1632 2454 1679 et
2480 1625 2654 1696 gloria
2680 1627 2871 1697 populi
2897 1627 3184 1683 lsraelitici
3216 1629 3334 1700 ipse
3361 1631 3506 1685 Deus
3531 1646 3594 1684 ac

1995 1714 2190 1770 Sermo
2222 1725 2338 1781 est,
2403 1718 2558 1772 velut
2586 1719 2798 1774 scilicet
2832 1720 2927 1791 qui
2956 1719 3145 1776 divina
3171 1721 3420 1777 scientiae
3445 1724 3590 1788 luce,

1993 1823 2092 1876 per
2135 1809 2421 1879 mysticam
2463 1811 3013 1882 contemplationem,
3050 1823 3295 1869 mentem
3332 1815 3590 1872 illustret.

1991 1899 2099 1952 Aut
2130 1899 2270 1953 forte
2316 1903 2549 1971 populos
2581 1912 2744 1958 vocat
2780 1902 3068 1974 Scriptura
3105 1908 3389 1962 naturales
3419 1909 3592 1963 ratio-

1990 2007 2088 2046 nes
2127 2009 2139 2045 :
2177 1993 2373 2046 harum
2401 2002 2583 2049 autem
2614 1995 2834 2060 faciem,
2867 1996 3194 2052 inoffensam
3219 2000 3479 2071 omnique
3503 2017 3592 2055 er-

1990 2100 2117 2139 rore
2135 2094 2420 2140 vacantem
2448 2087 2789 2156 claritatem;
2823 2091 2982 2160 cujus
3007 2093 3342 2161 przeparatio
3374 2094 3586 2164 (lumen

1991 2177 2205 2231 scilicet
2253 2179 2589 2249 agnitionis)
2653 2179 2798 2249 ipse,
2857 2183 3011 2236 velut
3055 2195 3268 2240 natura:
3308 2187 3584 2252 conditor,

1987 2267 2184 2321 Sermo
2213 2269 2451 2323 exsistit.
2511 2268 2715 2325 Gentes
2737 2279 2945 2338 autem,
2983 2289 3012 2327 a
3041 2285 3257 2330 natura:
3278 2277 3587 2331 rationibus

1989 2359 2357 2416 abhorrentes
2383 2360 2637 2422 affectus,
2675 2378 2814 2432 quos
2843 2363 3082 2418 latentes
3112 2367 3341 2437 detegit,
3374 2369 3588 2424 donans

1989 2453 2236 2508 scicntia:
2263 2455 2407 2518 luce,
2435 2470 2497 2508 ac
2520 2471 2586 2508 ex
2611 2464 2808 2510 natura
2832 2473 3061 2526 prorsus
3083 2460 3357 2532 prclligat.
3388 2463 3471 2516 Fit
3493 2479 3589 2517 au-

1990 2552 2102 2598 tem
2136 2544 2331 2600 Sermo
2365 2547 2589 2602 lsraelis
2620 2548 2794 2618 gloria
2825 2559 2990 2619 atque
3019 2551 3260 2617 claritas,
3298 2555 3444 2624 quod
3476 2557 3587 2610 sci-

1987 2635 2116 2691 licet
2155 2637 2224 2692 ab
2266 2638 2674 2693 innaturalibus
2703 2640 2950 2694 animum
2977 2641 3272 2699 affectibus
3296 2648 3583 2712 cmundet,

1987 2755 2164 2809 exque
2205 2749 2402 2794 natura
2445 2741 2776 2810 comparatis
2807 2742 3119 2799 rationibus
3176 2758 3461 2815 perornet.
3504 2749 3585 2804 Ad

1986 2831 2105 2886 haec
2124 2847 2256 2886 vero
2279 2832 2444 2886 etiam
2468 2874 2482 2898 ,
2547 2833 2695 2901 quod
2725 2833 3028 2889 immobilis
3065 2850 3333 2907 arrogatre
3359 2840 3584 2895 deitatis

1987 2922 2298 2977 diademate
2329 2923 2618 2993 astringat.
2652 2922 2792 2978 Vere
2816 2927 3022 2981 etenim
3048 2927 3266 2983 lsraelis
3284 2930 3455 2999 gloria
3474 2943 3580 2992 est,

1988 3023 2104 3070 tum
2128 3015 2196 3069 ab
2221 3015 2627 3071 innaturalibus
2649 3015 2943 3073 alfcctibus
2961 3020 3198 3087 absolvi,
3226 3030 3338 3075 tum
3357 3033 3583 3078 natura-

289 3109 511 3174 παθῶν,
545 3109 640 3162 καὶ
667 3107 775 3160 τῶν
810 3107 952 3160 κατὰ
985 3107 1146 3176 φύσιν
1180 3107 1354 3175 λόγων
1391 3105 1750 3176 κατόρθωσις,
1788 3107 1879 3159 καὶ

1986 3106 2064 3161 les
2091 3108 2371 3178 complere
2396 3108 2663 3174 rationes,
2695 3117 2808 3164 tum
2834 3111 3074 3180 denique
3096 3111 3263 3178 bona,
3287 3129 3408 3182 quae
3425 3122 3584 3166 uatu-

282 3201 407 3256 τῶν
449 3200 589 3271 ὑπὲρ
639 3199 801 3270 φύσιν
848 3200 1139 3270 ἐπίκτησις
1188 3199 1427 3268 ἀγαθῶν.
1466 3200 1528 3252 '0
1571 3199 1759 3252 τοῦτον
1790 3199 1879 3251 τὸν

285 3295 488 3363 νοητὸν
523 3293 686 3346 Δαὸὶδ
718 3292 1171 3364 προσδεχόμενος,
1229 3292 1331 3345 κᾶν
1358 3292 1621 3361 φθονῆται
1645 3292 1749 3344 ὑπὸ
1787 3293 1879 3344 τοῦ

285 3387 492 3450 Σαοὺλ,
525 3386 640 3438 ἀλλ’
670 3386 768 3456 ούχ
798 3385 1080 3438 ἁλίσκεται
1100 3403 1114 3417 ο
1140 3385 1279 3439 ἀλλὰ
1310 3385 1405 3439 καὶ
1434 3384 1765 3452 τούναντίον,
1793 3385 1880 3439 διὰ

285 3479 497 3550 πολλὴν
554 3478 970 3550 φιλανθρωπίαν
1011 3477 1084 3542 ὡς
1124 3477 1376 3549 ἀπαθὴς,
1416 3477 1510 3531 καὶ
1553 3477 1878 3548 μισούμενος

286 3570 592 3642 θεραπεύει
646 3573 712 3642 τῇ
764 3569 966 3641 κιθάρα
999 3569 1094 3623 τοῦ
1151 3571 1495 3638 πνεύματος,
1542 3571 1633 3624 τὸν
1685 3569 1878 3641 ἐχθρὸν

287 3661 523 3732 πονηρῷ
569 3661 1043 3731 καταπνιγόμενον
1091 3660 1391 3732 πνεύματι·
1444 3661 1538 3715 καὶ.
1596 3664 1740 3714 ποιεῖ
1774 3660 1877 3713 σώ-

286 3771 492 3826 φρονα,
521 3753 665 3806 λύων
687 3754 874 3818 αὑτὸν,
904 3753 1156 3824 καθάπερ
1186 3753 1447 3826 δαίμονος
1483 3754 1742 3826 πονηροῦ,
1779 3755 1878 3826 τῆς

280 3847 471 3917 κακῆς
502 3846 599 3899 τοῦ
633 3846 818 3918 χοϊκοῦ
867 3848 1224 3918 φρονήματος
1270 3846 1586 3916 ἐπιληψίας.
1621 3848 1736 3910 Πᾶς
1771 3848 1878 3918 γὰρ

283 3940 387 3993 διὰ
424 3939 618 4009 φθόνον
657 3939 854 4010 μισῶν,
889 3940 984 3992 καὶ
1024 3938 1211 4002 κακῶς
1245 3937 1580 4011 διαθρυλλῶν
1607 3942 1728 4002 ταῖς
1758 3939 1876 3992 δια-

278 4031 480 4096 ϐολαῖς
508 4032 599 4084 τὸν
627 4033 684 4084 ἐν
717 4033 829 4095 τοῖς
877 4031 1054 4100 ἀγῶσι
1085 4031 1192 4084 τῶν
1222 4031 1459 4103 ἀρετῶν,
1493 4031 1584 4085 καὶ
1614 4035 1680 4103 τῇ
1724 4049 1878 4101 περι-

279 4127 450 4196 ουσίᾳ
483 4124 578 4178 τοῦ
607 4125 765 4194 λόγου
799 4125 898 4195 τῆς
939 4125 1322 4197 πνευματικῆς
1351 4123 1608 4192 γνώσεως
1641 4125 1880 4179 δυνατώ-

276 4235 467 4290 τερον,
487 4217 660 4272 Σαούλ
681 4219 798 4272 ἐστι
832 4217 1058 4288 πονηρῷ
1081 4217 1555 4287 καταπνιγόμενος
1581 4216 1872 4288 πνεύματι,

279 4307 370 4380 μὴ
401 4307 579 4378 φέρων
611 4309 671 4362 τὸ
701 4307 862 4371 κλέος
883 4309 982 4378 τῆς
1005 4309 1125 4362 κατ’
1163 4306 1364 4378 ἀρετὴν
1422 4308 1518 4360 καὶ
1547 4306 1750 4375 γνῶσιν
1784 4308 1876 4360 εύ-

271 4403 570 4470 δαιμονίας
595 4401 690 4456 τοῦ
723 4403 1036 4474 κρείττονος
1063 4420 1075 4432 ·
1105 4403 1200 4455 καὶ
1230 4402 1319 4456 διὰ
1351 4400 1510 4455 τοῦτο
1551 4401 1713 4456 πλέον
1747 4420 1872 4472 μαι-

273 4496 532 4565 νόμενος,
567 4498 648 4549 ὅτι
693 4496 768 4568 μὴ
795 4496 1024 4550 δύναται
1072 4495 1162 4550 τὸν
1197 4495 1496 4566 εὐεργέτην
1537 4497 1872 4568 διαχειρίσα-

275 4591 433 4645 σθαι.
476 4590 744 4654 Πολλάκις
790 4591 846 4644 δέ
882 4590 974 4644 καὶ
1029 4590 1190 4642 αὑτὸν
1231 4588 1618 4659 ἀποπέμπεται
1661 4589 1873 4660 πικρῶς

273 4682 378 4737 τὸν
407 4681 663 4751 φίλτατον
691 4681 948 4734 Ἰωνάθαν
969 4697 983 4711 ⁸
1015 4679 1107 4733 τόν
1136 4679 1378 4749 ἔμφυτον
1412 4679 1559 4748 λέγω
1584 4681 1721 4734 κατά
1745 4697 1872 4734 συν-

272 4775 494 4844 είδησιν
532 4772 814 4843 λογισμὸν,
859 4773 950 4826 τὸν
993 4772 1174 4825 ἄδικον
1226 4774 1383 4840 μῖσος
1425 4771 1736 4842 ἐλέγχοντα,
1775 4773 1869 4826 καὶ

271 4866 382 4922 τοῦ
427 4865 756 4936 μισουμένου
788 4863 1100 4936 φιλαλήθως
1147 4864 1532 4936 ἀφηγούμενον
1566 4865 1636 4919 τὰ
1675 4881 1877 4935 κατορ-

271 4957 539 5028 θώματα,
575 4958 719 5011 κατά
755 4957 847 5010 τὸν
879 4958 1048 5011 πάλαι
1079 4958 1173 5010 καὶ
1203 4957 1434 5026 μάταιον
1464 4957 1633 5020 ὅντως
1667 4957 1842 5009 Σαούλ
1862 4969 1876 4983 ·

271 5052 426 5122 πρὸς
471 5054 529 5108 ὃν
571 5071 703 5124 φησι
746 5053 1024 5124 Σαμουὴλ,
1055 5053 1132 5115 ὡς
1191 5052 1518 5123 παραϐάτην
1557 5052 1665 5105 τῶν
1716 5051 1876 5105 θείων

266 5145 548 5201 ἐντολῶν·
588 5145 1003 5215 Μεματαίωταί
1035 5160 1156 5206 σοι,
1205 5144 1294 5198 ὅτι
1330 5145 1596 5213 παρέϐης
1628 5145 1744 5211 τὴν
1775 5146 1874 5198 ἐν·

265 5239 475 5304 τολιὶν
495 5257 639 5307 μου,
668 5237 748 5306 ἦν
775 5238 1122 5291 ἐνετείλατό
1152 5253 1251 5290 σοι
1281 5240 1313 5291 ό
1367 5238 1530 5302 Θεός.
1572 5238 1764 5302 Σαοὺλ,
1797 5237 1871 5301 ὡς

267 5331 557 5404 προέφην,
584 5331 756 5399 ἐστὶν,
782 5331 816 5401 ἢ
862 5333 889 5383 6
932 5331 1179 5401 γραπτὸς
1225 5331 1465 5401 νόμος,ῆ
1507 5333 1533 5383 ὁ
1581 5330 1725 5384 κατὰ
1779 5330 1870 5383 τὸν

263 5427 533 5498 γραπτὸν
580 5427 745 5495 νόμον
799 5425 1218 5494 πολιτευόμενος
1262 5425 1389 5486 λαὸς
1427 5425 1534 5476 τῶν
1579 5424 1867 5477 Ἰουδαίων.

278 5517 647 5590 9Αμιοοττέρων
692 5517 802 5590 γὰρ
825 5515 969 5570 οὕτω
999 5515 1198 5587 χοῖκῶς
1233 5515 1484 5586 ἀλλήλοις
1523 5516 1869 5588 συμπεπλεγ-

334 5716 398 5749 ιο³
430 5712 561 5767 Luc.
587 5730 644 5778 ιι,
848 5718 892 5746 9"

263 5811 296 5845 ’,ς
319 5804 371 5850 ἲ,
425 5786 507 5834 i".

921 5717 1100 5785 litt-3.
1133 5734 1241 5776 XVI,
1283 5718 1380 5776 i8;
1427 5735 1575 5774 XVIII,
1611 5720 1661 5770 Ω,

1772 5720 1856 5770 “l
1895 5721 2024 5780 ίῖπζί.
2061 5736 2144 5780 ut,
2190 5718 2254 5768 7ιο
2399 5734 2472 5780 μί.
2574 5716 2660 5766 ³θί
2701 5718 2736 5768 Η

1984 3215 2103 3253 ram
2154 3209 2459 3271 superant,
2507 3201 2761 3271 adipisci.
2829 3202 2933 3270 Qui
2967 3203 3272 3274 spiritalem
3303 3205 3452 3259 hunc
3477 3207 3582 3260 Da-

1981 3294 2165 3348 videm
2194 3294 2411 3364 recipit,
2442 3295 2546 3349 etsi
2575 3296 2630 3349 in
2655 3311 2781 3351 eum
2811 3295 2993 3350 Saulis
3018 3296 3331 3350 inardescat
3353 3297 3580 3360 invidia,

1983 3401 2095 3439 non
2141 3393 2324 3440 tamen
2377 3385 2596 3456 capitur
2663 3396 2830 3457 atque
2873 3387 3162 3453 vincitur;
3231 3387 3394 3459 294
3448 3389 3583 3458 quin

1981 3491 2012 3530 c
2045 3484 2257 3540 contra,
2312 3492 2434 3546 quae
2463 3477 2583 3548 ejus
2610 3493 2824 3532 summa
2852 3479 3146 3532 clementia
3174 3488 3260 3533 est
3288 3495 3352 3532 ac
3382 3480 3580 3533 huma-

1982 3571 2149 3634 nitas,
2185 3569 2337 3625 velut
2371 3571 2844 3640 tranquillissime
2874 3571 3098 3638 mentis,
3131 3572 3225 3641 qui
3255 3571 3420 3627 etiam
3454 3572 3582 3626 odio

1981 3661 2275 3729 habeatur,
2313 3661 2552 3733 Spiritus
2581 3663 2797 3718 cithara
2827 3664 3046 3718 hostem
3078 3673 3290 3718 recreat
3325 3679 3388 3717 ac
3412 3664 3584 3718 mole-

1981 3755 2085 3810 stia
2114 3756 2299 3821 levat,
2358 3771 2524 3825 quem
2556 3756 2789 3827 spiritus
2812 3770 3050 3827 nequam
3077 3755 3449 3827 opprimat“;
3492 3773 3581 3812 sa-

1981 3863 2176 3917 nieque
2201 3848 2405 3902 mentis
2429 3863 2557 3901 eum
2583 3847 2782 3914 ellicit,
2838 3848 2990 3902 velut
3024 3864 3053 3902 a
3077 3847 3349 3913 daemone,
3381 3865 3409 3901 a
3442 3848 3581 3903 mala

1983 3939 2186 3993 terreni
2217 3934 2434 4004 sensus,
2462 3941 2618 4009 quasi
2645 3941 2826 3994 morbi
2850 3939 3052 3995 sontici
3075 3940 3222 4003 labe,
3251 3941 3582 4012 propensius

1980 4031 2243 4087 liberans.
2307 4031 2570 4103 Quisquis
2609 4032 2760 4088 enim
2819 4049 2932 4103 pra:
2970 4033 3178 4087 invidia
3226 4033 3357 4088 odio
3387 4034 3577 4098 habet,

1981 4125 2235 4195 maleque
2281 4125 2505 4195 sugillat
2552 4141 2616 4180 ac
2649 4126 2896 4182 detrahit
2926 4127 2977 4180 ei
3012 4128 3130 4197 qui,
3161 4126 3430 4181 virtutum
3463 4143 3583 4183 cer-

1980 4218 2283 4273 taminibus
2307 4219 2491 4274 clarus
2518 4261 2532 4284 ,
2594 4219 2761 4274 etiam
2797 4217 3142 4272 abundantia
3172 4219 3446 4274 sermonis
3471 4221 3582 4289 spi-

1979 4312 2157 4366 ritalis
2189 4311 2438 4365 scientiae
2482 4309 2765 4380 potentior
2793 4316 2879 4364 est
2905 4350 2921 4372 ,
2983 4308 3113 4364 Saul
3139 4318 3244 4374 est,
3280 4325 3444 4380 quem
3472 4310 3584 4380 spi—

1980 4402 2121 4454 ritus
2144 4415 2385 4469 nequam
2409 4401 2707 4472 opprimat,
2745 4401 2868 4471 ejus
2894 4399 2990 4470 qui
3022 4401 3232 4471 majore
3260 4402 3580 4469 praestantia

1980 4491 2215 4546 excellat
2258 4491 2483 4544 virtutis
2508 4489 2680 4545 decus
2711 4507 2775 4545 ac
2798 4491 3046 4546 scientiae
3071 4492 3393 4546 felicitatem
3431 4491 3580 4546 ferre

1981 4597 2092 4636 non
2116 4582 2338 4648 valens;
2371 4581 2598 4651 haecque
2627 4581 2706 4635 illi
2730 4582 2872 4637 ratio
2905 4590 2965 4636 ut
2989 4582 3182 4651 majori
3208 4581 3585 4636 feraturinsa-

1978 4687 2092 4749 nia,
2149 4686 2298 4757 quod
2347 4702 2476 4741 eum
2529 4685 2840 4740 demerenti
2879 4700 3072 4739 necem
3119 4686 3420 4755 importare
3468 4701 3578 4740 non

1977 4781 2244 4850 potest”.
2303 4779 2514 4849 Saepius
2547 4793 2679 4831 vero
2716 4776 2896 4847 ipsum
2933 4791 3154 4846 quoque
3189 4777 3577 4832 charissimum

1976 4874 2343 4930 Jonathanem
2392 4872 2650 4927 acerbius
2702 4870 2964 4940 repellit,
3004 4871 3311 4926 naturalem
3364 4871 3578 4926 scilicet

1978 4967 2332 5023 conscientia:
2354 4966 2658 5031 rationem;
2685 4980 2807 5035 quae
2827 4964 3090 5018 videlicet
3117 4964 3368 5035 iniquum
3387 4966 3574 5019 odium

1979 5055 2370 5127 reprehendat,
2409 5058 2641 5128 ejusque
2695 5055 2791 5125 qui
2824 5055 2954 5110 odio
2983 5055 3221 5109 habetur
3253 5057 3425 5110 animi
3451 5072 3579 5111 can-

1977 5151 2112 5206 dore
2144 5149 2390 5206 facinora
2423 5157 2589 5218 atqu-e
2622 5148 2859 5202 virtutes
2885 5147 3092 5202 referat
3113 5149 3191 5213 9°;
3230 5148 3383 5202 velut
3411 5149 3576 5202 etiam

1976 5244 2068 5298 ille
2099 5243 2329 5298 demens
2363 5250 2631 5310 vetusque
2657 5239 2785 5294 Saul
2808 5281 2822 5306 ,
2877 5239 2945 5294 ad
2973 5255 3136 5309 quem
3175 5238 3395 5294 Samuel
3429 5239 3578 5293 velut

1979 5336 2166 5390 divina
2199 5343 2608 5405 transgressum
2634 5331 2891 5386 mandata
2915 5350 2925 5385 :
2948 5330 3142 5396 Stulte,
3173 5331 3374 5401 inquit,
3403 5332 3573 5402 egisti,

1980 5428 2068 5496 qui
2099 5438 2460 5494 transgressus
2483 5439 2534 5476 es
2569 5421 2881 5475 mandatum
2907 5437 3102 5484 meum,
3136 5421 3274 5491 quod
3305 5421 3576 5474 mandavit

1983 5520 2074 5574 tibi
2109 5517 2332 5573 Deus”.
2373 5515 2526 5579 Saul,
2559 5514 2641 5570 uti
2673 5514 2729 5568 in
2756 5513 3142 5584 superioribus
3172 5512 3446 5577 dicebam,
3479 5518 3576 5566 aut

2748 5732 2827 5778 -‘;.'.
2873 5733 2978 5770 xm,
3012 5716 3041 5762 :‘i
3072 5730 3223 5780 seqq,
3306 5715 3348 5744 φτ
3382 5713 3398 5765 1
3435 5713 3570 5778 ιιι-πμ.
