3986 6416
565 281 626 347 Ἠ
1724 286 1784 344 S.
1824 282 2112 343 ΜΑΧΙΜΙ
2151 281 2662 343 CONFESSORIS
3647 296 3722 358 τῃ

530 399 618 456 lex
645 397 848 468 scripta
882 403 996 464 est,
1036 404 1150 461 aut,
1182 395 1276 466 qui
1311 411 1379 450 ex
1405 396 1542 467 legis
1567 396 1785 466 scriptm
1809 396 2120 450 rationibus

2230 396 2408 465 μένων
2474 396 2770 465 ἀφίσταται
2825 393 2888 446 τὸ
2939 392 3159 465 πνεῦμα
3219 395 3438 465 Κυρίου,
3479 399 3503 451 ὃ
3551 399 3724 475 tacturi

531 490 699 545 vitam
727 485 988 553 instituit,
1014 486 1280 542 Iudaicus
1304 487 1564 557 populus.
1593 486 1676 541 Ab
1697 487 1949 557 utrisque
1971 487 2124 540 enim

530 583 610 639 sic
659 590 883 636 terrene
937 580 1044 634 sibi
1090 586 1286 634 mutuo
1331 579 1586 650 implexis
1621 595 1686 634 ac
1713 579 2127 634 cohaerentibus

529 672 780 729 abscedit
828 670 1063 742 spiritus
1107 671 1328 726 Domini
1385 671 1696 742 (spiritalis
1728 672 1944 727 scilicet
1993 687 2124 742 spe-

531 767 740 821 culatio
789 774 847 820 et
893 763 1207 836 scientia),
1274 764 1597 834 invaditque
1630 764 1862 834 spiritus
1887 779 2125 834 nequam

534 859 757 931 (nempe
789 868 1047 914 terrenus
1072 854 1291 927 sensus)
1325 854 1540 911 crebris
1569 855 1857 920 nimirum,
1889 855 2126 926 aliisque

533 952 670 1006 alias
701 951 1146 1020 excipientibus,
1206 964 1393 1003 rerum
1423 956 1550 1002 ortu
1586 948 1927 1018 interituque
1954 949 2125 1002 alter-

538 1045 788 1099 nantium
815 1043 1228 1098 turbationibus
1244 1042 1472 1112 jugique
1493 1041 1787 1112 vertigine,
1811 1040 2129 1111 arreptitio-

539 1151 661 1190 rum
687 1151 840 1190 more
863 1177 878 1200 ,
933 1135 1104 1190 animi
1137 1135 1413 1189 rationum
1442 1134 1800 1189 instabilitatc
1827 1133 2123 1188 sulfocans.

539 1227 677 1281 Tum
703 1227 850 1280 enim
897 1227 981 1281 lex
1016 1235 1236 1280 terrene
1257 1265 1272 1290 ,
1327 1241 1395 1279 ex
1423 1225 1538 1279 sola
1567 1225 1767 1280 litterae
1794 1225 2011 1282 ratione
2039 1226 2126 1281 in-

541 1320 779 1382 tellecta,
805 1317 1156 1387 arreptitium
1181 1317 1372 1383 refert,
1399 1333 1462 1371 ac
1481 1333 1641 1373 sacro
1660 1318 1856 1373 morbo
1872 1317 2131 1373 laboran-

541 1418 672 1473 tem,
715 1424 840 1478 qua:
865 1409 1146 1463 sexcentis
1170 1410 1412 1479 jactetur
1437 1408 1735 1464 contrariis
1764 1408 1984 1479 sibique
2011 1409 2126 1480 ipsa

538 1501 680 1556 nihil
712 1499 1068 1565 consentiat;
1136 1508 1251 1554 tum
1295 1515 1455 1555 mens
1503 1499 1772 1556 Judaicos
1799 1509 2130 1556 consectans

540 1605 724 1645 mores
753 1629 769 1654 ,
836 1589 1085 1644 instabili
1133 1598 1486 1644 terrenorum
1520 1589 1931 1646 circumlationi
1967 1605 2112 1646 erro-

539 1684 699 1753 rique
748 1697 953 1738 vesane
999 1682 1244 1748 inhians,
1301 1681 1482 1737 eidem
1524 1699 1744 1753 quoque
1794 1683 2128 1740 instabiliter

538 1775 855 1830 necessario
884 1776 1145 1830 comitem
1178 1775 1588 1830 circumlationi
1613 1775 1930 1845 errorique,
1952 1777 2125 1831 animi

538 1865 888 1919 affectionem
921 1865 1108 1918 habet.
1167 1865 1258 1929 At,
1295 1865 1391 1919 ubi
1421 1866 1617 1930 David,
1651 1882 1780 1920 vere
1809 1867 1900 1921 ille
1928 1876 2128 1922 natura

540 1957 809 2023 musicus,
855 1957 1125 2012 Dominus
1159 1967 1351 2012 noster
1392 1957 1555 2013 Jesus
1577 1959 1838 2013 Christus
1861 2000 1874 2023 ,
1926 1959 2128 2028 spiritu

537 2048 784 2119 mysticae
811 2048 1301 2118 contemplationis
1330 2049 1506 2120 legem
1534 2049 1742 2119 pariter
1764 2049 2129 2120 Judteumque

540 2139 950 2206 incantaverit;
990 2150 1107 2195 tum
1140 2140 1288 2194 illam
1319 2155 1386 2195 ex
1413 2149 1633 2195 terrena
1667 2141 1968 2210 spiritalem
1996 2140 2125 2194 red-

535 2231 638 2295 dit,
695 2240 814 2285 tum
847 2231 999 2286 hunc
1035 2247 1066 2285 a
1093 2230 1398 2284 dillidentia
1425 2247 1490 2285 ac
1514 2231 1905 2286 incredulitate
1960 2232 2028 2286 ad
2061 2232 2125 2286 fi-

535 2323 662 2378 dem
698 2323 962 2377 traducit.
1033 2321 1196 2392 295
1255 2321 1476 2376 Saulcm
1513 2323 1700 2393 itaque
1752 2324 2002 2378 moribus
2038 2339 2126 2379 re-

538 2414 726 2470 ferunt
771 2414 859 2469 lex
905 2413 1112 2484 pariter
1165 2429 1230 2468 ac
1272 2414 1539 2470 Judaicus
1581 2415 1857 2484 populus,
1909 2425 2123 2470 etcum

539 2509 781 2563 fanatico
833 2515 1074 2578 aguntur
1115 2507 1358 2576 spiritu,
1423 2519 1474 2562 et
1524 2523 1649 2562 cum
1704 2517 1890 2562 mente
1938 2509 2124 2564 sobria

2231 488 2580 559 πνευματικὴ
2633 486 2841 558 Θεωρία
2892 487 3054 558 καὶὴ
3099 487 3322 556 γνῶσις,
3379 490 3468 540 καί⁵
3502 491 3726 562 ἐπέρχεται

2229 580 2450 651 πνεῦμα
2478 579 2714 651 πονηρὸν
2744 579 3035 645 (τουτέστι,
3069 579 3131 632 τὸ
3157 577 3338 632 ὑλικὸν
3364 581 3625 652 φρόνημα),
3647 591 3730 652 ταῖς

2229 671 2664 742 ἀλλεπαλλήλοις
2697 670 2806 724 τῶν
2867 670 2974 724 ὑπὸ
3020 670 3237 740 γένεσιν
3267 671 3359 723 καὶ
3399 670 3582 740 φθορὰν
3611 693 3733 745 ταρι-

2229 767 2353 836 χαῖς
2384 765 2478 818 καὶ
2515 763 2811 834 δινήσεσιν,
2837 763 2912 826 ὡς
2949 761 3287 834 ἐπιλήπτους
3327 765 3390 834 τῇ
3420 764 3639 838 ῐὰστασίᾳ
3659 769 3736 820 τῶν

2228 856 2508 926 λογισμῶν
2543 855 2902 923 καταπνίγον.
2937 855 3007 908 Ὅ
3032 871 3092 906 τε
3123 854 3234 923 γὰρ
3267 853 3426 923 νόμος
3447 856 3622 924 χοῖκῶς
3642 859 3738 927 πρὸς

2233 950 2396 1019 μόνον
2423 947 2485 1001 τὸ
2518 947 2756 1018 γράμμα
2782 946 3096 1016 νοούμενος,
3120 945 3418 1013 ὲπίληπτός
3446 945 3552 999 ἐστι
3574 949 3740 1018 μυρίας

2227 1037 2551 1108 δονούμενος
2597 1035 2973 1099 ὲναντιὼσεσι,
3023 1036 3119 1090 καὶ
3165 1036 3435 1107 μηδεμίαν
3477 1036 3600 1106 ἔχων
3645 1041 3741 1110 πρὸς

2230 1130 2424 1184 ἑαυτὸν
2455 1131 2803 1201 συμερωνίαν⁹
2839 1130 2868 1184 ὅ
2887 1147 2946 1182 τε
2980 1130 3292 1195 Ἰουδαῖζων
3330 1129 3474 1194 νοῦς,
3493 1132 3554 1202 τῇ
3579 1132 3744 1201 ἀστὰτψ

2231 1225 2508 1296 περιφορᾷ
2547 1224 2657 1277 τῶν
2697 1222 2900 1276 ὑλικῶν
2949 1222 3402 1294 ὲπιμαινόμενος,
3452 1224 3671 1287 ἀστάτως
3705 1227 3745 1288 ἐξ

2229 1317 2476 1388 ἀνάγκης
2511 1316 2606 1371 καὶ
2627 1316 2790 1381 αὐτὸς
2821 1315 2922 1387 τὴν
2956 1315 3168 1370 οἰκείαν
3217 1315 3745 1387 συμμεταϐαλλομένην

2229 1410 2344 1481 ἔχει
2379 1408 2639 1465 διάθεσιν.
2690 1408 2962 1478 Ὀπηνίκα
3018 1407 3074 1460 δὲ
3108 1407 3296 1471 Δαόὶδ,
3328 1409 3357 1460 6
3401 1409 3518 1460 κατ’
3546 1408 3744 1477 ἀλήθειαν

2231 1504 2394 1572 φύσει
2433 1501 2715 1574 μουσικὸς,
2739 1502 2767 1554 6
2797 1501 3004 1572 Κύριος
3031 1500 3196 1571 ἡμῶν
3237 1498 3464 1571 Ἰησοῦς,
3505 1501 3747 1570 ὲπᾲσει.τῷ

2230 1595 2505 1666 πνεύματι
2535 1595 2635 1665 τῆς
2667 1595 2938 1664 μυστικῆς
2971 1593 3230 1664 θεωρίας,
3264 1593 3360 1646 τόν
3393 1610 3452 1646 τε
3495 1594 3655 1662 νόμον,
3687 1596 3749 1646 καί

2229 1686 2321 1740 τὸν
2360 1686 2643 1740 Ἰουδαῖονο
2695 1685 2788 1738 τὸν
2820 1685 2919 1755 μὲν
2950 1683 3075 1736 ἀντὶ
3112 1681 3298 1753 χοϊκοῦ
3331 1685 3477 1736 ποιεῖ
3510 1699 3751 1751 πνεύματι.

2230 1778 2357 1832 κόν·
2388 1778 2482 1832 τὸν
2514 1777 2569 1832 δὲ
2593 1777 2832 1848 μετάγειι
2856 1776 2994 1847 πρὸς
3025 1775 3210 1829 πίστιν
3251 1775 3310 1839 ἐξ
3339 1776 3752 1838 ἀπιστίας.Ἐστιν

2230 1866 2325 1924 οὖν
2357 1869 2502 1924 κατὰ
2523 1869 2616 1922 τὸν
2637 1869 2833 1934 Σαοὺλ,
2868 1869 2896 1922 ὃ
2920 1884 2982 1921 τε
3011 1867 3198 1937 νόμος,
3222 1867 3317 1920 καὶ
3345 1868 3374 1920 6
3399 1866 3507 1918 τῶν
3541 1866 3754 1918 Ἰουδαίων

2231 1963 2381 2026 λαὸς,
2415 1962 2505 2015 καὶ
2538 1960 2831 2032 ἐπίληπτος
2885 1961 2982 2035 καὶ
3021 1958 3277 2029 σώφρων.
3341 1957 3653 2026 Ἑπίληπτος
3680 1956 3754 2027 γὰρ

2231 2054 2260 2106 6
2288 2055 2450 2124 νόμος
2471 2052 2640 2114 ἐστὶν,
2673 2051 2750 2114 ὡς
2794 2051 2954 2120 ἔφην,
2985 2050 3190 2120 χοῖκῶς
3236 2049 3667 2119 λαμϐανόμενος
3693 2049 3756 2101 καὶ

2231 2147 2532 2216 ἐπίληπτος
2560 2147 2589 2198 6
2629 2145 2881 2208 Ἰουδαῖός
2907 2147 3044 2207 ἐστι,
3067 2143 3270 2214 χοῖκῶς
3293 2143 3374 2212 τῷ
3393 2142 3513 2212 Θεῷ
3534 2140 3756 2211 λατρεύειν

2235 2235 2558 2305 βουλόμενος
2584 2252 2598 2265 ο
2649 2234 2745 2287 καὶ
2774 2233 2938 2288 πάλιν
2967 2232 3205 2304 σώφρων
3228 2235 3257 2286 6
3291 2233 3462 2302 νόμος
3491 2232 3618 2295 ἐστὶ,
3643 2246 3756 2282 πνευ-

2236 2327 2481 2396 ματικῶς
2509 2325 2629 2380 νοού
2639 2343 2798 2396 μενος
2815 2343 2829 2356 ·
2855 2326 2949 2379 καὶ
2968 2327 2996 2379 6
3026 2324 3278 2388 Ἰουδαῖος
3299 2324 3562 2387 ὡσαύτως
3585 2323 3757 2393 σώφρων

2233 2419 2402 2481 ἐστὶν,
2432 2421 2494 2472 ἐκ
2521 2419 2619 2490 τῆς
2641 2418 2984 2488 -σωματικῆς
3019 2416 3274 2487 λατρείας
3309 2417 3409 2469 ἐπὶ
3438 2416 3539 2486 τὴν
3579 2430 3758 2484 πνευμα-

2231 2511 2391 2578 τικὴν
2419 2509 2510 2562 τοῦ
2536 2508 2671 2563 Θεοῦ
2709 2508 3008 2579 θεραπείαν
3045 2508 3517 2578 μεταφερόμενος.

539 2607 689 2653 sunt.
714 2599 977 2653 Fanatico
1010 2598 1158 2652 enim
1180 2598 1269 2653 lex
1291 2599 1480 2654 furore
1513 2601 1716 2670 agitur,
1740 2601 1818 2654 uti
1851 2601 2127 2666 dicebam,
2168 2619 2294 2657 cum
2369 2614 2588 2657 terreno
2613 2617 2777 2657 sensu
2839 2601 3150 2671 accipitur:
3209 2600 3550 2668 Judzeusque
3577 2595 3758 2666 arrepti-

539 2688 653 2745 tius
691 2697 776 2743 est
830 2699 887 2744 et
930 2688 1204 2743 fanaticus
1229 2729 1244 2754 ,
1310 2689 1405 2760 qui
1443 2689 1614 2745 Deum
1685 2700 1910 2746 terreno
1964 2708 2135 2748 sensu
2177 2695 2358 2748 colere
2393 2696 2446 2748 in
2475 2694 2720 2748 animum
2751 2692 2986 2747 inducit.
3018 2691 3096 2746 Ac
3117 2705 3314 2745 rursus
3354 2691 3443 2744 lex
3485 2688 3654 2744 sobria
3687 2697 3758 2745 est.

536 2797 662 2851 quae
699 2782 1028 2852 spiritaliter
1061 2781 1455 2854 intelligatur;
1519 2794 1683 2854 atque
1749 2784 1974 2840 Iudaeus
2037 2784 2296 2842 similiter
2337 2787 2561 2842 sobrius
2602 2823 2618 2849 ,
2655 2787 2750 2854 qui
2820 2801 2853 2840 a
2889 2784 3162 2854 corporali
3190 2783 3346 2839 cultu
3385 2781 3455 2836 ad
3515 2779 3759 2851 spiritalem

539 2872 635 2926 Dei
662 2873 874 2926 cultum
903 2871 1251 2927 traducatur.

609 2963 786 3017 Porro
819 2973 877 3019 et
904 2962 1054 3018 istud
1080 2963 1488 3020 observandum
1512 3006 1527 3030 ,
1566 2965 1883 3022 interﬁcere
1909 2966 2125 3021 Saulcm

2309 2967 2382 3036 Ση
2391 2966 2655 3034 μειωτέον
2675 2965 2750 3032 δὲ,
2769 2965 2850 3018 ὅτι
2868 2963 2994 3026 τοὺς
3019 2959 3124 3016 ὑπὸ
3157 2958 3335 3031 Ἰησοῦ
3361 2957 3759 3029 διασωζομένους,

538 3068 681 3124 quos
717 3053 879 3110 Jesus
917 3065 1105 3110 servet
1146 3056 1392 3126 velitque
1420 3057 1748 3112 incolumes.
1806 3057 1956 3124 Quos
1979 3059 2129 3112 enim

540 3146 844 3217 Scriptura:
883 3147 1116 3218 spiritus
1153 3149 1433 3214 vindicat,
1486 3150 1687 3204 littera:
1727 3157 2128 3220 comparatum,

542 3247 604 3292 ut
635 3239 939 3293 interimat.
975 3239 1189 3295 Idcirco
1223 3240 1367 3296 hanc
1397 3241 1618 3311 (nempe
1642 3241 1819 3313 legem
1840 3242 2126 3312 scriptam)

541 3331 776 3401 paenitet
839 3331 1012 3385 Deum
1064 3332 1121 3386 in
1168 3332 1387 3388 lsraelis
1429 3349 1613 3405 regem
1655 3335 1971 3399 inunxisse,
2009 3353 2129 3406 qua:

541 3438 570 3476 a
621 3421 827 3477 Judaeis
878 3423 1180 3478 carnaliter
1223 3425 1573 3493 accipiatur;
1640 3426 1846 3496 datque
1894 3426 2127 3496 Spiritui

542 3511 698 3582 regni
729 3520 1092 3581 potestatem,
1130 3513 1226 3582 qui
1260 3513 1459 3568 littera:
1487 3515 1774 3583 proximus
1806 3532 1981 3586 eaque
2017 3533 2131 3571 me-

542 3604 652 3658 lior
676 3604 768 3659 sit.
807 3604 877 3658 Et
900 3604 1054 3670 dabo,
1086 3605 1292 3675 inquit,
1323 3623 1541 3676 regnum
1567 3609 1806 3677 proximo
1832 3617 1942 3672 tuo,
1968 3610 2058 3679 qui
2081 3618 2130 3662 te

544 3695 730 3750 melior
751 3695 898 3750 sit“.
935 3695 1414 3762 Quemadmodum
1437 3697 1586 3752 enim
1613 3699 1782 3754 David
1806 3699 1987 3754 Saulis
2003 3715 2129 3768 pro-

540 3787 722 3842 ximus
744 3794 902 3852 erat,
960 3787 1040 3842 sic
1064 3804 1290 3858 quoque
1314 3789 1452 3844 scite
1483 3788 1728 3859 Spiritus
1763 3789 1965 3844 littera:
1991 3789 2129 3859 legis

538 3879 832 3952 adjunctus
852 3891 976 3946 est;
1038 3881 1245 3950 quippe
1279 3881 1368 3936 cui
1406 3887 1468 3936 ut
1498 3889 1626 3951 post
1654 3891 1889 3938 mortem
1926 3882 2128 3938 litterae

539 3970 868 4026 inclarescat
896 3985 964 4025 ex
990 3971 1155 4042 genio
1177 3979 1285 4028 est.

609 4160 782 4230 Igitur
838 4175 939 4215 nos
970 4175 1192 4231 quoque
1233 4159 1539 4232 spiritalem
1562 4156 1828 4220 Davidem
1859 4165 2123 4221 obsecre-

536 4267 663 4306 mus
685 4291 700 4318 ,
763 4261 823 4306 ut
865 4251 1134 4321 spiritalis
1157 4254 1642 4324 contemplationis
1684 4271 1750 4311 ac
1774 4255 2022 4312 scientia:
2043 4255 2124 4310 ci-

2231 3057 2526 3114 ἀποκτὲνει
2557 3057 2754 3111 Σαούλ.
2789 3055 2900 3119 Οὓς
2950 3055 3061 3126 γὰρ
3102 3055 3486 3123 περιποιεῖται
3517 3051 3574 3104 τὸ
3598 3049 3762 3118 πνεῦμα

2230 3148 2331 3217 τῆς
2387 3147 2634 3218 Γραφῆς,
2672 3145 2992 3200 ἁπηκτένειν
3039 3144 3100 3197 τὸ
3144 3143 3387 3216 γράμμα
3440 3140 3762 3211 πέφυκε.Διδ

2228 3239 2439 3304 τοῦτον,
2487 3237 2629 3306 λέγω
2675 3237 2740 3309 δὴ
2785 3237 2874 3290 τὸν
2904 3235 3152 3308 γραπτὸν
3195 3235 3388 3306 νόμον,
3433 3233 3763 3306 μεταμελεῖται

2230 3330 2426 3401 χρίσας
2457 3329 2762 3399 βασιλεύειν
2788 3327 2883 3382 τοῦ
2920 3327 3138 3399 Ἰσραὴλ
3166 3329 3194 3380 6
3222 3326 3383 3392 Θεὸς,
3411 3327 3518 3379 ὑπὸ
3554 3324 3764 3385 Ἰουδαίων

2234 3421 2513 3493 σαρκικῶς
2565 3419 2999 3490 λαμϐανόμενον,
3051 3419 3144 3472 καὶ
3187 3418 3378 3471 δίδωσι
3420 3419 3500 3488 τῷ
3548 3416 3765 3486 πνεύματι

2229 3517 2290 3568 τὸ
2316 3517 2515 3586 κράτος
2539 3513 2640 3584 τῆς
2659 3513 2957 3583 βασιλείας,
2987 3512 3065 3582 τῷ
3084 3512 3310 3581 πλησίον
3333 3511 3438 3565 τοῦ
3470 3512 3765 3581 γράμματος,

2231 3609 2326 3662 καὶ
2363 3607 2556 3678 ἀγαθῷ
2586 3607 2726 3677 ὑπὲρ
2755 3605 2816 3659 τὸ
2854 3606 3110 3676 γράμμα.
3149 3604 3257 3658 Kal
3285 3603 3488 3668 δώσω,
3519 3605 3658 3674 φησὶ,
3688 3602 3767 3667 τὴν

2223 3699 2558 3762 ,βασιλείαν
2589 3696 2670 3763 τῷ
2713 3697 2983 3765 πλησίον
3019 3711 3138 3750 σου
3180 3694 3260 3760 τῷ
3300 3695 3512 3764 ἀγαθῷ
3540 3694 3677 3762 ὑπὲρ
3701 3690 3764 3744 σέ.

2228 3790 2431 3855 Καθὼς
2484 3791 2596 3862 γὰρ
2647 3792 2676 3844 6
2713 3789 2879 3843 Δαὸὶδ
2927 3785 2998 3860 ἦν
3028 3788 3260 3857 πλησίον
3299 3787 3401 3840 τοῦ
3459 3783 3767 3851 Σαοὺλ,οὒτω

2227 3882 2304 3952 τῷ
2332 3885 2625 3953 γράμματι
2649 3880 2743 3935 τοῦ
2769 3882 2936 3951 νόμου
2977 3880 3037 3933 τὸ
3077 3879 3301 3948 πνεῦμα
3352 3879 3540 3949 σοφῶς
3570 3875 3769 3948 παραπέο

2228 3987 2406 4041 πηγεν
2433 3985 2447 3998 ⁸
2492 3970 2632 4040 ὅπερ
2663 3969 2803 4040 μετὰ
2831 3969 2920 4022 τὸν
2951 3969 3183 4024 θάνατον
3218 3968 3314 4023 τοῦ
3354 3969 3675 4041 γράμματος
3701 3964 3769 4018 πέ·

2228 4073 2370 4126 φυκε
2395 4055 2774 4125 διαφαίνεσθαι
2801 4055 2941 4127 (66).

2302 4149 2784 4219 Παρακαλέσωμεν
2833 4141 2928 4201 οὖν
2985 4147 3083 4201 καὶ
3125 4147 3288 4218 ἡμεῖς
3356 4147 3458 4201 τὸν
3488 4146 3665 4217 νοητὸν
3692 4145 3768 4196 Δα-

2227 4240 2312 4294 ϐὶδ
2336 4241 2471 4312 (67),
2503 4241 2776 4310 ὲπηχῆσαι
2803 4243 2869 4312 τῇ
2888 4238 3092 4311 κιθάρᾳ
3118 4239 3220 4308 τῆς
3255 4241 3639 4311 πνευματικῆς
3664 4237 3764 4289 θεωο

540 4344 697 4398 thara
731 4352 1082 4398 terrenarum
1123 4343 1326 4399 affectu
1381 4345 1631 4400 fanatica:
1674 4348 1880 4403 mentis
1926 4355 2125 4402 nostrae

2235 4333 2358 4404 ρίας
2383 4332 2475 4385 καὶ
2502 4332 2760 4400 γνώσεως
2808 4331 3309 4403 ὲπιληπτευόμενον
3336 4335 3456 4396 τοῖς
3490 4332 3680 4394 ὐλικοῖς
3704 4326 3767 4381 τὸν

537 4435 767 4488 auribus
789 4434 1027 4500 occinat,
1059 4450 1122 4488 ac
1150 4435 1410 4504 spiritum
1437 4452 1674 4507 nequam
1703 4445 1938 4492 terrena:
1961 4454 2123 4492 sensu

537 4540 660 4581 sese
687 4525 1070 4581 collidentium
1104 4541 1332 4580 casuum
1361 4527 1648 4583 varietatis
1681 4529 1904 4599 abigat;
1964 4539 2026 4583 ut
2051 4530 2128 4585 ita

537 4617 866 4688 spiritaliter
917 4617 1095 4688 legem
1146 4617 1455 4690 intelligere
1483 4661 1498 4686 ,
1556 4620 1727 4691 inque
1761 4637 1826 4676 ea
1862 4623 2127 4678 latentem

537 4709 826 4782 mysticam
878 4710 1148 4765 rationem
1202 4711 1488 4768 offendere
1518 4755 1532 4780 ,
1584 4728 1649 4768 ac
1682 4713 1831 4784 quod
1875 4715 2010 4769 satis
2052 4713 2124 4769 sit

537 4801 592 4855 in
628 4801 756 4856 vita:
781 4808 1005 4856 aeterna:
1025 4801 1290 4857 viaticum
1321 4820 1647 4874 comparare
1676 4806 1991 4871 valeamus;
2051 4821 2123 4862 ne

537 4900 731 4946 mutuo
757 4899 1038 4961 acceptam
1062 4894 1117 4946 in
1138 4893 1325 4949 littera
1349 4895 1706 4966 symbolicam
1728 4896 1904 4966 legem
1921 4895 2126 4950 habea-

537 4996 680 5045 mus,
709 4982 804 5052 qui
832 4981 1068 5053 scientia
1090 4984 1282 5053 gratiae
1310 4983 1366 5038 in
1390 4985 1590 5054 spiritu
1615 4987 1774 5056 egeni
1799 5000 2122 5049 careamus;

535 5070 818 5138 solamque
835 5111 849 5135 ,
904 5080 967 5126 ut
995 5073 1173 5127 oculis
1194 5074 1372 5144 capti,
1425 5075 1494 5130 de
1517 5075 1725 5132 divinis
1751 5075 2128 5147 percontatio-

540 5174 665 5213 nem
689 5159 936 5215 colamus
957 5201 972 5226 ,
1028 5161 1136 5217 hoc
1160 5163 1376 5218 scilicet
1401 5165 1655 5220 destituti
1689 5175 1751 5221 ut
1779 5164 2125 5220 lucidissimo

539 5264 668 5304 vere
709 5262 936 5318 aspectu
995 5255 1215 5324 eloquia
1259 5255 1444 5311 divina
1487 5274 1673 5312 coram
1711 5258 2122 5312 nanciscamur.

540 5340 716 5394 Ambo
757 5341 905 5394 enim
956 5343 1085 5397 Saul
1129 5346 1373 5414 dicitur,
1435 5350 1480 5404 si
1519 5351 1575 5402 in
1605 5358 1850 5402 nostram
1878 5349 2121 5418 linguam

543 5427 909 5483 transferatur
939 5446 950 5483 :
978 5447 1125 5498 nam,
1163 5445 1360 5503 praeter
1383 5454 1448 5492 ea
1475 5454 1596 5508 quae
1619 5437 1766 5493 dicta
1786 5446 1936 5503 sunt,
1962 5436 2007 5491 si
2029 5451 2126 5490 no-

541 5534 665 5575 men
721 5519 1139 5592 interpreteris,
1197 5525 1467 5598 fenei-atus
1517 5539 1602 5584 est
1649 5545 1713 5583 ac
1762 5527 2126 5600 percontatio;

605 5699 654 5730 ”
677 5698 698 5754 l
722 5698 860 5771 Reg.
889 5715 976 5765 xv,
1007 5700 1099 5757 9.8.

2229 4423 2498 4494 ἡμέτερον
2520 4421 2665 4486 νοῦν,
2698 4424 2792 4475 καὶ
2821 4421 3096 4476 ἀπελάσαι
3127 4421 3187 4473 τὸ
3216 4421 3460 4492 πονηρὸν
3483 4421 3686 4490 πνεῦμα
3698 4416 3767 4484 τῆς

2230 4517 2370 4586 πρὸς
2426 4513 2681 4585 αἴσθησιν
2728 4514 2924 4583 ὑλικῆς
2968 4513 3351 4586 περιπετείας,
3383 4515 3474 4568 ἳνα
3500 4509 3768 4583 δυνηθῶμεν

2229 4609 2421 4678 νοῆσαι
2450 4608 2542 4662 τὸν
2571 4609 2736 4679 νόμον
2767 4608 3185 4679 πνευματικῶς,
3217 4609 3313 4662 καὶ
3342 4608 3440 4662 τὸν
3473 4611 3530 4662 ὲν
3560 4603 3688 4673 αύτῷ
3706 4617 3769 4654 κε-

2233 4700 2548 4771 κρυμμένον
2578 4700 2842 4772 μυστικὸν
2879 4698 3271 4772 λόγονέὑρεῖν,
3311 4700 3412 4754 καὶ
3444 4700 3627 4769 κτῆμα
3651 4693 3768 4761 ποιήο

2233 4793 2428 4847 σασθαι
2452 4791 2673 4865 διαρκὲς
2708 4790 2846 4863 πρὸς
2874 4792 3088 4861 ἑφόδιον
3119 4791 3295 4847 ἀϊδίου
3333 4790 3484 4861 ζωῆς
3511 4807 3526 4822 ο
3563 4792 3691 4850 ὅπως
3714 4783 3766 4854 μὴ

2231 4883 2322 4936 τὸν
2341 4883 2752 4954 δεδανεισμένον
2783 4885 2840 4935 ὲν
2888 4883 3181 4954 γράμματι
3219 4882 3554 4952 συμϐολικὸν
3596 4880 3763 4949 ἔχωμεν

2233 4973 2398 5043 νόμον
2424 4971 2558 5042 (68),
2587 4972 2923 5043 ἀποροῦντες
2948 4973 3046 5042 τῆς
3080 4973 3226 5026 κατὰ
3257 4973 3420 5044 χάριν
3452 4975 3510 5025 ὲν
3545 4969 3761 5036 πνεύματι

2233 5064 2488 5133 γνώσεως
2510 5081 2524 5095 °
2561 5065 2655 5119 καὶ
2691 5065 2862 5136 μόνην
2899 5064 3244 5135 στέργωμεν,
3275 5065 3352 5129 ὡς
3396 5065 3476 5136 μὴ
3501 5063 3760 5134 βλέποντες,

2231 5157 2330 5228 τὴν
2362 5158 2491 5229 περὶ
2522 5157 2632 5210 τῶν
2661 5157 2822 5210 θείων
2862 5151 3156 5228 ἐρώτησιν,
3187 5156 3550 5226 ἐστερημένοι
3575 5154 3665 5220 τῆς
3684 5147 3762 5200 τῶν

2236 5252 2514 5322 μυστικῶν
2548 5253 2744 5321 λογίων
2771 5253 2892 5307 κατ’
2919 5252 3176 5324 ἀλήθειαν
3195 5251 3494 5322 παμφαοῦς
3529 5243 3759 5314 αὑτοῴίιςο

2234 5348 2437 5416 ’Ἄμφω
2467 5347 2577 5418 γὰρ
2614 5347 2832 5414 λέγεται
2881 5345 3077 5411 Σαοὺλ,
3121 5347 3258 5417 πρὸς
3293 5347 3392 5415 τὴν
3440 5342 3654 5396 Ἐλλάδα
3679 5353 3761 5406 φω-

2232 5435 2328 5506 νὴν
2385 5439 2845 5508 μεταφερόμενος.
2890 5435 3284 5508 Ἑρμηνεύεται
3343 5435 3454 5506 γὰρ
3505 5431 3630 5503 πρὸς
3677 5425 3760 5483 τοῖς

2234 5529 2565 5599 εἰρημένοις,
2592 5529 2685 5584 καὶ
2703 5527 3185 5596 δεδανεισμένος,
3206 5529 3301 5582 καὶ
3317 5527 3599 5596 ἐρώτησις
3621 5539 3632 5552 ·
3651 5519 3758 5582 ὅπερ
