3986 6418
286 318 394 381 773

1346 296 1837 372 ΟΙΜΞΞἹἸΟΝΕΞ
1877 296 1974 353 ΑΒ
2013 295 2435 355 THALASSIU
2448 297 2523 355 .‘vl.

3453 298 3561 363 775

286 431 358 502 δὴ
407 426 501 482 καὶ
535 426 564 478 ὁ
607 422 854 495 γραπτδς
904 420 1164 489 ὑπάρχων
1211 417 1519 484 καθέστηκε
1567 412 1731 483 νόμος
1757 428 1771 441 ·
1803 409 1864 462 τὸ

1990 425 2091 479 [uie
2113 423 2243 463 sane
2266 408 2433 463 etiam
2455 409 2539 463 lex
2561 408 2763 480 scripta
2787 411 3024 466 exsistit.
3049 410 3294 465 Alterum
3312 412 3559 481 quidem,

293 501 417 592 μὲν,
464 519 539 582 ώς
570 516 645 589 μὴ
682 516 1015 569 οἰκειότατον
1042 512 1108 582 (f)
1154 511 1342 581 κτῆμα
1382 508 1480 577 τῆς
1514 504 1751 575 φύσεως,
1780 501 1876 555 καὶ⁷

289 616 361 684 τῇ
385 611 503 665 κατ’
524 608 696 678 αὑτὴν
720 605 952 677 ὑπάρξει
974 600 1250 664 παντελῶς
1275 616 1339 651 συ
1349 615 1465 669 μπα
1475 594 1870 667 ρατεινόμενος·

289 704 356 755 τὸ
398 702 475 766 δὲ,
512 701 589 763 ὡς
618 699 749 768 περὶ
783 695 988 767 γνῶσιν
1019 693 1193 766 ἀληθῆ
1236 689 1401 745 κινῶν
1427 690 1574 761 ἡμᾶς
1604 688 1699 740 καὶ
1722 703 1875 757 πρω-

290 795 525 848 τότυπον
555 790 768 859 σοφίαν,
788 788 916 851 τοὺς
934 788 1008 859 μὴ
1028 785 1348 857 νομίζοντας
1369 781 1466 852 τὴν
1490 779 1759 852 ἐρώτησιν
1780 795 1877 831 κα·

289 882 529 951 τάληψιν
546 877 686 934 εῖναι
702 880 799 951 τῆς
823 877 1162 949 ζητουμένης
1186 875 1295 929 τῶν
1317 873 1477 927 θείων
1493 869 1834 943 ἀρχετυπίας
1853 885 1871 899 ”

290 976 430 1028 ἀλλὰ
462 975 622 1046 μόνον
643 973 729 1027 διά
763 971 874 1025 τῶν
901 972 956 1024 ἐν
982 972 1135 1047 νόμῳ
1188 964 1521 1037 σωματικῶν
1568 961 1873 1031 συμϐόλων,

290 1069 371 1131 ὡς
396 1066 463 1120 δι’
492 1064 817 1135 ὲρωτήσεώς
848 1080 994 1125 τινος
1025 1062 1160 1132 πρὸς
1198 1058 1297 1130 τὴν
1320 1057 1426 1111 τῶν
1454 1056 1614 1109 θείων
1644 1054 1869 1123 ἀγαθῶν

293 1158 690 1227 ἐπειγομένους
720 1154 1032 1224 κατάληψιν
1056 1170 1071 1184 ⁶
1103 1152 1192 1206 ἵνα
1220 1146 1561 1219 παυσώμεθα
1600 1147 1699 1216 τῆς
1734 1147 1876 1199 κατά

292 1248 396 1320 τὴν
441 1246 709 1320 ἐρώτησιν
752 1247 1031 1317 φροντίδος
1066 1245 1146 1317 (ὲν
1243 1243 1404 1313 τυχόν
1440 1242 1559 1294 ἐστι
1617 1239 1876 1303 πολλάκις
1904 1316 1907 1317 ν

293 1341 390 1394 καὶ
419 1340 683 1409 πλάνησις
716 1337 853 1411 [67],
886 1339 945 1391 ἐν
991 1340 1058 1408 τῇ
1106 1336 1216 1389 τῶν
1264 1334 1612 1405 ζητουμένων
1646 1330 1876 1402 ἀληθείᾳ

292 1431 599 1502 γενόμενοι,
628 1429 723 1482 καὶ
752 1428 854 1498 τῆς
889 1427 1069 1481 αὑτῶν
1109 1425 1573 1497 μεταποιηθῶμεν
1603 1421 1873 1493 μακαριό-

292 1537 475 1592 τητος,
515 1518 850 1589 φαινομένης
882 1518 940 1570 ὲν
991 1518 1127 1587 ἡμῖν
1174 1513 1549 1575 ἀναλλοιώτως
1596 1511 1739 1565 κατά
1773 1509 1874 1581 τὴν

299 1613 517 1685 μέθεξιν
547 1611 680 1683 (70),
713 1611 806 1663 καὶ
831 1610 892 1663 τὸ
924 1607 1042 1661 κατ’
1064 1608 1232 1677 αὑτὴν
1261 1602 1398 1670 εἶδος
1428 1607 1527 1675 τῆς
1549 1602 1708 1675 ἡμῶν
1731 1601 1872 1671 γνώο

297 1723 471 1775 ρισμα
503 1703 833 1774 ποιουμένης
867 1700 1156 1771 ὑπάρξεως
1184 1715 1197 1729 ·
1232 1699 1290 1750 ὲν
1320 1695 1546 1766 Χριστῷ
1595 1694 1768 1765 Ἰησοῦ
1798 1690 1875 1763 τῷ

294 1768 419 1867 Qad)
459 1796 555 1850 καὶ
598 1768 814 1867 Σωτῆρι
850 1768 1030 1864 ἡμῶν,
1067 1784 1110 1859 ᾧ
1138 1792 1172 1861 ἡ
1216 1788 1343 1855 δόξα
1387 1790 1467 1852 είς
1488 1788 1615 1851 τοὺς
1648 1784 1870 1848 αἰῶνας.
1904 1768 1948 1823 Β

311 1889 506 1959 Ἀμήν.

966 2079 1240 2135 ΣΧΟΛΙΑ.

370 2185 441 2233 α’.
482 2176 627 2241 Νοῦς
666 2177 746 2239 εἰς
775 2176 943 2246 ἄκρον
985 2173 1075 2226 διὰ
1118 2172 1229 2225 τῶν
1285 2169 1497 2241 ἀρετῶν
1546 2167 1880 2238 καθαιρόμε-

292 2288 409 2337 νος,
428 2269 553 2333 τοὺς
579 2268 689 2322 τῶν
726 2265 935 2334 ἀρετῶν
988 2264 1235 2332 πέφυκεν
1284 2262 1510 2324 εἰκότως
1561 2259 1878 2312 ἐκδιδάσκε-

295 2362 424 2416 σθαι
447 2362 637 2429 λόγους
663 2377 677 2391 ο
709 2359 808 2427 τὴν
838 2356 896 2421 ὲξ
930 2355 1113 2409 αὑτῶν
1147 2354 1384 2416 θειωδῶς
1423 2349 1880 2423 χαρακτηρισθεῖ-

295 2472 402 2508 σαν
458 2452 681 2520 γνῶσιν,
735 2451 936 2502 οίκείον
1002 2445 1331 2515 ποιούμενος
1375 2444 1692 2514 πρόσωπον,
1736 2439 1877 2494 Καθ’

293 2546 490 2600 ἑαυτὸν
543 2544 653 2615 γὰρ
700 2540 939 2602 ἀνείδεός
986 2556 1046 2591 τε
1103 2538 1201 2590 καὶ¹
1246 2537 1724 2607 ἀχαρακτήριστος
1770 2535 1880 2597 πᾶς

292 2639 607 2706 καθέστηκε
636 2634 782 2699 νοῦς,
822 2630 1036 2704 μορφὴν
1081 2630 1220 2699 ἔχων
1278 2627 1593 2698 ἐπίκτητον,
1620 2626 1652 2697 ἢ
1684 2626 1783 2695 τὴν
1815 2628 1879 2679 ἐκ

291 2729 409 2782 τῶν
434 2726 645 2798 ἀρετῶν
697 2725 1010 2777 ὑποστᾶσαν
1050 2722 1107 2773 ὲν
1164 2719 1437 2790 πνεύματι
1465 2718 1689 2787 γνῶσιν,
1724 2717 1878 2788 ῆτὴν

292 2822 369 2875 ὲκ
392 2818 501 2874 τῶν
530 2816 720 2870 παθῶν
760 2812 1264 2883 ὲπισυμϐαίνουσαν
1310 2810 1553 2878 ἄγνοιαν.

385 2911 447 2982 β’.
488 2911 546 2964 '0
570 2909 669 2980 τὴν
694 2907 804 2982 νοῦ⁸
825 2905 1038 2979 μορφὴν
1061 2903 1157 2972 τὴν
1185 2902 1242 2966 ἐξ
1267 2902 1477 2972 ἀρετῶν
1507 2904 1565 2955 ὲν
1601 2901 1876 2972 πνεύματι

295 2978 453 3059 θείαν
501 2978 809 3072 δεξάμενος
839 2998 1064 3065 γνῶσιν,
1100 2996 1171 3050 τά
1212 2996 1331 3048 θεῖα
1371 2995 1593 3063 λέγεται
1648 2994 1868 3059 παθεῖν,

1981 507 2040 552 ut
2079 513 2191 552 non
2238 514 2451 554 summe
2498 501 2722 570 propria
2752 503 3174 572 necessariaque
3196 512 3411 558 natura:
3435 520 3565 573 pos-

1978 590 2175 656 sessio,
2197 593 2426 663 ejusque
2450 607 2678 661 prorsus
2703 594 3039 648 cxsistentim
3058 610 3273 661 comes;
3304 596 3562 662 alterum,

1978 690 2040 734 ut
2090 696 2212 750 quae
2252 697 2355 737 nos
2406 682 2473 737 ad
2515 698 2704 737 veram
2740 682 3027 737 scientiam
3054 694 3273 739 moveat
3304 685 3565 755 primige-

1978 771 2239 843 niamque
2276 774 2604 844 sapientiam
2643 793 2656 828 :
2696 776 2791 845 qui
2826 776 3041 830 scilicet
3088 778 3562 845 percontationem

1979 865 2129 921 haud
2160 867 2568 932 existimemus,
2604 869 2723 938 ejus
2753 884 2918 938 quam
2946 870 3267 938 quaerimus,
3301 871 3565 939 primige-

1978 957 2083 1012 υἱέε
2114 973 2178 1012 ac
2205 959 2540 1027 exemplaris
2590 959 2907 1014 divinorum
2934 960 3168 1014 rationis
3200 959 3365 1030 296
3417 976 3568 1015 com-

1980 1051 2414 1120 prehensionem
2440 1069 2455 1117 ;
2523 1053 2621 1106 sed
2650 1054 2741 1121 qui
2773 1053 2951 1107 solum
2984 1069 3081 1123 per
3102 1054 3410 1122 corporalia
3430 1053 3568 1124 legis

1978 1142 2248 1213 symbola,
2275 1144 2430 1197 velut
2452 1145 2851 1213 percontando,
2883 1145 2951 1199 ad
2975 1145 3289 1199 divinorum
3314 1162 3567 1215 compre-

1976 1234 2306 1290 hensionem
2361 1236 2635 1291 bonorum
2673 1237 2951 1291 enitamur
2978 1277 2993 1303 ,
3052 1254 3163 1308 quo
3194 1238 3414 1293 demum
3441 1254 3565 1307 per-

1977 1327 2239 1382 contandi
2266 1344 2397 1382 cura
2431 1329 2568 1399 (qua
2593 1329 2738 1383 forte
2771 1330 2937 1384 etiam
2976 1345 3087 1383 non
3120 1347 3249 1385 raro
3280 1347 3441 1385 error
3465 1331 3564 1384 ob-

1978 1418 2152 1487 repat)
2183 1418 2508 1486 liberemur,
2540 1420 2723 1490 adepti
2750 1435 2945 1475 eorum
2966 1422 3259 1477 veritatem
3279 1422 3346 1475 de
3360 1422 3563 1492 quibus

1976 1512 2333 1568 incumbebat
2356 1524 2417 1569 ut
2436 1515 2873 1580 sciscitaremur,
2907 1525 3262 1586 nostramque
3282 1517 3561 1571 nancisca-

1975 1620 2102 1659 mur
2127 1606 2529 1663 beatitudinem
2547 1650 2562 1675 ,
2621 1610 2930 1663 invariabili
2965 1610 3017 1662 in
3044 1610 3206 1663 nobis
3230 1608 3566 1664 commercio

1975 1700 2314 1764 elucentem,
2350 1716 2414 1755 ac
2439 1709 2644 1756 nostra:
2676 1702 3000 1757 substantiae
3030 1702 3241 1773 insigne
3266 1711 3566 1773 notamque

1978 1791 2279 1861 propriam,
2297 1792 2467 1861 ipsam
2495 1808 2649 1847 suam
2669 1794 2901 1848 formam
2927 1802 3280 1863 praestantem
3303 1810 3315 1847 :
3339 1794 3392 1847 in
3404 1792 3585 1848 Chri-.

1978 1891 2066 1935 sto
2086 1882 2216 1937 Jesu
2240 1883 2353 1937 Deo
2381 1891 2438 1939 et
2470 1884 2766 1941 Servatore
2789 1892 2981 1940 nostro
2999 1926 3014 1950 ,
3068 1886 3157 1941 cui
3187 1884 3361 1956 gloria
3386 1886 3441 1939 in
3467 1900 3567 1939 saa-

1978 1972 2121 2028 cula.
2158 1972 2355 2028 Amen.

2618 2088 2932 2145 SCHOLIA.

2051 2177 2102 2230 1.
2133 2177 2307 2244 Mens,
2340 2178 2610 2233 virtutum
2628 2183 2781 2236 cultu
2805 2197 3017 2237 summe
3037 2193 3289 2254 purgata,
3318 2192 3378 2238 ut
3392 2182 3567 2237 virtu-

1979 2275 2095 2321 tum
2127 2269 2372 2323 rationes
2402 2270 2707 2335 condiscat,
2744 2273 2944 2326 merito
2968 2282 3282 2342 comparata
3308 2282 3413 2337 est,
3445 2289 3567 2342 quae

1979 2358 2048 2413 iis
2078 2358 2267 2415 divine
2297 2360 2614 2430 insignitum
2637 2363 2926 2418 scientiam
2951 2363 3056 2419 sibi
3080 2364 3277 2419 faciem
3300 2364 3563 2417 vindicet.

1980 2450 2059 2504 Ex
2083 2466 2142 2504 se
2164 2465 2400 2521 namque
2431 2453 2656 2521 suisque
2682 2454 2897 2509 meritis
2923 2495 2935 2518 ,
2989 2470 3147 2508 mens
3174 2454 3353 2507 omnis
3379 2454 3567 2507 forma:

1980 2556 2044 2596 ac
2088 2542 2430 2597 cbaracteris
2467 2560 2667 2614 expers
2703 2546 2921 2600 exsistit
2952 2564 2966 2613 ;
3025 2545 3319 2600 ascititiam
3358 2546 3568 2599 habens

1978 2635 2210 2691 formam
2230 2677 2245 2701 ,
2303 2638 2389 2692 vel
2420 2653 2542 2707 quae
2571 2638 2839 2691 virtutum
2864 2638 2986 2691 luce
3013 2636 3248 2692 scientia
3280 2638 3333 2691 in
3362 2637 3563 2707 spiritu

1978 2730 2275 2798 clarescit,
2327 2731 2413 2785 vel
2447 2746 2569 2801 qua:
2604 2730 2902 2786 aﬂ‘cctuum
2929 2731 3051 2786 labe
3088 2747 3156 2785 ex
3180 2730 3485 2800 ignorantia
3514 2729 3563 2784 ei

1979 2819 2200 2874 accidit.

2052 2911 2105 2965 2.
2145 2910 2249 2977 Qui
2278 2911 2550 2964 virtutum
2576 2910 2809 2964 formam
2838 2910 3071 2980 adeptus
3095 2921 3181 2965 est
3200 2952 3214 2976 ,
3256 2926 3365 2979 qua
3391 2909 3566 2964 virtu-

1981 3013 2100 3059 tum
2133 3004 2258 3058 luce
2311 3004 2364 3057 in
2405 3004 2607 3073 spiritu
2640 3004 2829 3056 divina
2853 3001 3083 3057 scientia
3112 3002 3357 3066 nitescit,
3404 3001 3452 3055 is
3478 3001 3565 3055 di-

292 3098 383 3151 ὃτι
425 3094 499 3166 μὴ
534 3092 693 3163 φύσει
720 3090 861 3144 κατὰ
888 3088 988 3159 τὴν
1020 3086 1274 3156 ὓπαρξιν,
1312 3084 1446 3139 ἀλλά
1512 3085 1695 3156 χάριτι
1738 3086 1880 3139 κατά

1990 3097 2115 3151 vina
2134 3096 2247 3167 pati
2269 3096 2498 3161 dicitur,
2527 3095 2675 3165 quod
2702 3111 2815 3150 non
2836 3104 3033 3150 natura
3058 3111 3157 3165 per
3174 3095 3564 3159 substantiam,

292 3192 401 3259 τὴν
440 3184 658 3258 μέθεξιν
723 3184 930 3250 ταύτην
962 3179 1319 3252 προσέλαϐεν.
1377 3179 1433 3232 '0
1468 3177 1525 3230 δὲ
1565 3178 1662 3248 τὴν
1700 3179 1765 3229 ἐκ
1786 3176 1884 3247 χά-

300 3296 454 3353 ριτος
482 3277 556 3348 μὴ
584 3276 877 3346 δεξάμενος
909 3274 1130 3342 γνῶσιν,
1163 3272 1267 3325 κᾶν
1313 3271 1449 3341 λέγῃ
1473 3288 1523 3323 τι
1560 3268 1879 3337 γνωστικὸν,

293 3370 405 3425 οὐκ
429 3368 537 3422 οἶδε
570 3367 710 3421 κατά
745 3366 845 3436 τὴν
894 3366 1091 3433 πεῖραν
1130 3361 1224 3415 τοῦ
1264 3362 1561 3432 λεγομένου
1596 3360 1694 3430 τὴν
1722 3360 1881 3413 δύνα-

298 3479 423 3534 μιν.
466 3459 616 3530 Ψιλὴ
664 3456 774 3527 γὰρ
820 3455 1080 3527 μάθησις,
1114 3454 1213 3523 τὴν
1255 3452 1378 3508 καθ’
1416 3452 1532 3518 ἕξιν
1575 3451 1780 3521 γνῶσιν
1816 3452 1879 3505 οὐ

293 3552 540 3606 δίδωσιν.

375 3741 446 3806 γ’.
478 3732 675 3796 Καλῶς
717 3728 862 3785 κατὰ
901 3727 1050 3781 τόνδε
1093 3725 1197 3796 τῆς
1240 3726 1464 3796 Γραφῆς
1512 3722 1633 3778 εἶπε
1671 3725 1763 3778 τὸν
1792 3723 1883 3776 τό.

298 3848 411 3885 πον
441 3823 815 3898 λαμϐάνεσθαι
854 3821 945 3875 τὸν
984 3818 1163 3873 Σαούλ
1187 3833 1201 3847 ⁸
1228 3816 1318 3871 διὰ
1362 3818 1424 3870 τὸ
1458 3816 1601 3870 κατά
1653 3815 1885 3878 πολλοὺς

293 3926 365 3977 ὲν
396 3921 575 3981 ἀλλοις
608 3917 795 3977 τόποις
824 3910 1202 3981 λαμϐάνεσθαι
1240 3909 1499 3980 τρόπους,
1531 3908 1670 3980 πρὸς
1697 3908 1794 3978 τὴν
1820 3909 1884 3959 ὲκ

292 4013 408 4083 τῆς
436 4010 677 4082 ἱστορίας
702 4003 1171 4075 ἀναδεικνυμένην
1200 4002 1437 4074 θεωρίαν
1466 4000 1764 4073 προσφυῶς
1783 4002 1884 4072 ἀρ-

298 4104 630 4179 μοζόμενον.

378 4195 421 4250 δ’
428 4237 442 4251 .
479 4196 714 4264 Ὠσπερ,
752 4190 939 4261 φησὶν,
975 4189 1002 4241 ό
1037 4185 1292 4257 παλλακῇ
1347 4183 1780 4254 συναπτόμενος,
1804 4182 1884 4236 νό-

299 4305 479 4363 μιμον
508 4286 578 4357 οὑ
602 4285 867 4354 κέκτηται
895 4282 986 4335 τὸν
1022 4282 1199 4352 γάμον
1218 4296 1233 4312 ο
1268 4278 1442 4342 οὕτως
1470 4278 1500 4330 ὁ
1552 4275 1887 4345 σωματικῶς

290 4379 407 4451 τὴν
465 4376 697 4447 νομικὴν
753 4371 1155 4442 ὲξασκούμενος
1205 4368 1464 4440 μάθησιν,
1505 4366 1739 4437 νόμιμον
1785 4364 1883 4434 τὴν

1984 3187 2083 3243 sed
2114 3188 2313 3260 gratia,
2349 3187 2679 3258 participato
2716 3201 2839 3241 eam
2876 3201 3107 3240 munere
3138 3186 3280 3240 iniit.
3336 3184 3441 3251 Qui
3470 3201 3568 3239 au-

1986 3289 2097 3333 tem
2148 3295 2259 3333 non
2305 3294 2373 3333 ex
2395 3279 2570 3348 gratia
2619 3287 2818 3333 nactus
2850 3286 2934 3331 est
2959 3275 3272 3340 scientiam,
3326 3275 3430 3329 etsi
3456 3275 3567 3343 spi-

1982 3371 2144 3425 ritale
2163 3370 2373 3439 aliquid
2396 3370 2483 3441 (ad
2504 3368 2795 3425 scientiam
2812 3368 3027 3422 scilicet
3044 3364 3323 3436 spectans)
3342 3366 3563 3431 dixerit,

1983 3464 2133 3519 haud
2183 3474 2368 3518 tamen
2429 3464 2547 3532 ipsa
2591 3460 2935 3531 experientia
2986 3460 3107 3529 ejus
3145 3457 3291 3527 quod
3322 3458 3568 3527 loquitur

1981 3557 2095 3611 vim
2122 3556 2296 3610 novit.
2332 3554 2489 3609 Nuda
2512 3554 2660 3608 enim
2691 3550 2984 3620 disciplina
3015 3549 3304 3605 scientiam
3336 3564 3457 3618 quae
3481 3556 3567 3603 est

1984 3649 2175 3704 habitu
2215 3648 2531 3716 eﬂ‘cctuque
2563 3660 2675 3700 non
2708 3644 2925 3698 tribuit.

2054 3741 2109 3794 ’5.
2165 3738 2311 3793 Bene
2357 3738 2499 3792 dixit
2550 3735 2730 3807 accipi
2770 3736 3026 3801 Saulem,
3084 3734 3232 3804 quod
3271 3732 3469 3789 attinet
3496 3734 3563 3788 ad

1985 3831 2136 3885 hunc
2183 3829 2489 3899 Scripturte
2524 3828 2750 3893 locum;
2807 3824 2955 3897 quod
2995 3826 3118 3880 aliis
3140 3826 3277 3881 locis
3303 3827 3452 3879 varie
3476 3841 3568 3879 ac-

1986 3921 2257 3990 cipiatur,
2303 3934 2405 3989 pro
2436 3933 2504 3973 eo
2537 3933 2601 3973 ac
2633 3932 2830 3973 sensus
2857 3916 3119 3987 spiritalis
3149 3924 3276 3986 apte
3302 3931 3370 3971 ex
3392 3916 3567 3971 histo-

1988 4013 2070 4067 ria
2099 4012 2466 4067 concinnatus
2484 4010 2727 4065 elicitur.

2057 4187 2109 4240 4.
2168 4185 2648 4252 Quemadmodum
2670 4225 2685 4249 ,
2724 4184 2938 4254 inquit,
2974 4183 3069 4253 qui
3103 4183 3285 4253 pellici
3317 4184 3570 4255 jungitur

1986 4276 2294 4347 legitimum
2322 4276 2742 4330 matrimonium
2771 4291 2884 4330 non
2907 4275 3075 4330 habet
3110 4292 3124 4328 :
3161 4274 3243 4328 sic
3268 4290 3449 4343 neque
3474 4276 3570 4345 qui

1990 4366 2263 4436 corporali
2310 4367 2529 4421 ratione
2578 4366 2808 4436 legalem
2844 4364 3193 4435 disciplinam
3225 4364 3357 4420 colit
3394 4366 3572 4436 legiti-

293 4446 446 4542 στρὸς
493 4446 662 4540 αὑτὴν
705 4467 805 4521 οὑκ
845 4465 960 4535 ἔχει
1010 4462 1346 4534 συμϐίωσιν·
1392 4458 1522 4512 νόθα
1568 4458 1774 4527 γεννῶν
1822 4457 1880 4525 ἐξ

1991 4474 2136 4512 mam
2184 4474 2309 4513 cum
2353 4473 2419 4513 ea
2460 4458 2588 4513 vitze
2615 4457 2939 4514 societatem
2963 4457 3104 4523 init;
3168 4460 3354 4528 spuria
3386 4475 3454 4513 ex
3479 4460 3572 4514 illa

294 4563 478 4634 αὐτῆς
498 4562 765 4631 δόγματα,
796 4558 892 4613 καὶ
918 4559 984 4627 τῇ
1026 4556 1125 4626 τῆς
1155 4553 1357 4627 σαρκὸς
1396 4550 1511 4621 ζωῇ
1561 4550 1887 4622 συμφθειρό⁴

300 4669 546 4799 μεέῗὈ
572 4732 716 4812 πρὸς
751 4740 932 4809 σῶμα,
970 4738 1156 4808 φησὶν,
1201 4733 1301 4804 τὴν
1354 4730 1638 4803 Γραφικὴν
1669 4730 1888 4800 ἐκδεχό-

302 4849 473 4905 μενος
503 4831 759 4903 μάθησιν,
794 4829 894 4900 τὴν
924 4827 1045 4882 κατ’
1092 4825 1379 4897 ἐνέργειαν
1410 4822 1470 4887 ἐξ
1515 4823 1687 4893 αὐτῆς
1716 4823 1890 4894 ἁμαρ-

296 4922 430 4978 τίαν
472 4920 811 4982 διδάσκεται,
852 4917 945 4971 καὶ
980 4916 1080 4988 τὴν
1116 4915 1258 4968 κατὰ
1308 4913 1433 4967 νοῦν
1474 4912 1572 4982 τῆς
1615 4912 1891 4983 ἁμαρτίας

304 5012 544 5086 μελέτην
570 5030 585 5046 ο
615 5011 851 5084 τρυφὴν,
884 5014 979 5063 καὶ
1020 5006 1313 5070 συνουσίας
1339 5006 1625 5077 ἀκρατεῖς,
1657 5004 1752 5057 καὶ
1790 5004 1889 5073 φό-

385 5169 473 5240 (f)
508 5169 609 5234 Ὠς
634 5166 717 5236 μὴ
752 5165 1139 5240 ρίκεςιότατοεν·ἶ
1162 5160 1485 5240 Necessario
1507 5158 1681 5240 adjeci
1708 5172 1877 5240 nega-

304 5229 503 5305 tivam,
536 5229 658 5308 qua}
683 5229 769 5290 vel
808 5234 1143 5308 exscribenti
1176 5232 1470 5308 exciderit,
1502 5229 1587 5283 vel
1614 5229 1880 5308 Antiqua-

307 5313 419 5376 rio,
450 5300 518 5366 ei
547 5300 703 5379 cujus
724 5305 1024 5379 exemplari
1049 5304 1153 5357 alia
1184 5307 1482 5371 propagata
1512 5316 1527 5379 ξ
1558 5301 1705 5379 quod
1764 5300 1880 5379 llaec

305 5369 633 5438 sit'natura
683 5369 1029 5444 mutuifjam
1083 5369 1305 5442 quoque
1344 5369 1601 5444 superius
1648 5369 1881 5444 Maximo

305 5455 608 5524 explicata,
650 5456 712 5503 ut
749 5438 1023 5509 mutuum,
1052 5438 1309 5524 nonnr'ata
1345 5438 1625 5524 possessio
1662 5439 1754 5519 sit,
1777 5438 1880 5519 sed

308 5509 404 5577 ad'
425 5509 642 5590 tempus
660 5534 771 5572 non
811 5530 1040 5590 prorsus
1074 5512 1328 5590 abdicato
1348 5509 1449 5565 'rei
1480 5509 1736 5590 dominio
1776 5509 1881 5577 ipsi

310 5582 633 5655 fenerarfti,
675 5596 771 5642 aut
812 5582 895 5639 _in
955 5600 1083 5638 eum
1133 5582 1418 5644 translato,
1467 5582 1564 5647 qui
1625 5588 1884 5655 mutuum

310 5662 540 5731 accipit,
575 5649 671 5715 sed
705 5657 1213 5731 ad__su_mmum_per
1247 5660 1486 5731 tempus;
1516 5663 1626 5728 quo
1649 5665 1749 5718 per
1764 5649 1884 5718 ejus

313 5722 718 5804 indulgentiam
746 5725 827 5784 illi
856 5726 1039 5792 durat,
1071 5724 1164 5780 illa
1177 5722 1337 5794 quasi
1375 5722 1623 5791 precaria
1665 5733 1884 5789 posses-

1991 4549 2221 4620 gignens
2257 4548 2533 4620 dogmata,
2579 4557 2635 4604 et
2683 4565 2806 4620 qua:
2831 4564 2942 4604 una
2973 4564 3099 4604 cum
3128 4551 3313 4604 carnis
3346 4550 3458 4605 vita
3490 4551 3574 4605 in-

1992 4647 2227 4694 tereant.

2056 4732 2109 4785 5.
2148 4731 2251 4797 Qui
2274 4746 2341 4785 ex
2361 4732 2630 4801 corporis,
2658 4731 2859 4801 inquit,
2888 4731 3101 4787 ratione
3160 4731 3570 4801 Scripturarum

1987 4822 2300 4877 doctrinam
2331 4822 2537 4893 accipit
2572 4832 2738 4891 atque
2764 4824 3026 4891 exponit,
3082 4833 3371 4893 peccatum
3405 4840 3570 4893 opere

1989 4913 2221 4969 docetur
2246 4955 2261 4978 ,
2322 4922 2380 4969 et
2409 4922 2471 4967 ut
2495 4913 2629 4967 illud
2663 4923 2851 4968 mente
2875 4913 3196 4979 meditetur,
3229 4914 3570 4983 voluptatem

1990 5004 2222 5071 scilicet,
2256 5005 2567 5076 impudicos
2591 5005 2794 5071 coitus,
2826 5005 3003 5060 credes
3036 5022 3051 5060 :
3084 5020 3305 5060 omnem
3330 5006 3571 5077 denique

1983 5159 2088 5223 sio,
2147 5175 2245 5215 seu
2282 5160 2459 5230 magis
2484 5176 2640 5215 usus.
2671 5158 2763 5213 Sic
2802 5158 2988 5230 itaque
3015 5157 3573 5230 lexgquasiptedago-g

1984 5246 2085 5355 gus
2115 5230 2358 5311 parvulis
2384 5228 2673 5311 data_est,
2724 5243 2787 5283 ac
2820 5229 2997 5283 donec
3046 5228 3219 5309 adulti
3284 5229 3396 5298 jam
3464 5228 3571 5313 legi

2028 5309 2230 5355 inritus
2251 5310 2555 5355 comparati
2578 5314 2862 5354 essemus:
2896 5313 3008 5355 auo
3040 5306 3206 5351 etiam
3240 5307 3570 5355 percontatio

2028 5306 2230 5369 piritus
2251 5306 2555 5368 comparati
2578 5314 2827 5354 essemus
2850 5317 2862 5351 :
2888 5313 3008 5369 quo
3040 5306 3215 5369 etiarn
3240 5306 3570 5367 percontatio

1987 5368 2091 5434 est,
2120 5379 2176 5424 et
2208 5378 2267 5423 ut
2299 5372 2646 5439 percontatio
2682 5368 3261 5432 habenda,desiderio
3298 5376 3571 5437 praestans

1990 5455 2278 5509 assurgere
2302 5438 2383 5493 ad
2446 5440 2590 5495 bona
2647 5455 2768 5508 quae
2809 5439 3038 5501 indicat,
3072 5454 3184 5492 non
3234 5438 3391 5507 quasi
3432 5439 3569 5509 ipsa

1987 5507 2208 5564 illorum
2262 5509 2503 5579 adeptio.
2547 5510 2637 5565 Sic
2666 5507 2855 5565 ibrevi
2904 5508 3264 5563 medicamine
3314 5507 3569 5579 restituta

1986 5581 2203 5636 Maximi
2228 5578 2431 5646 littera,
2468 5589 2579 5636 tota
2612 5580 2679 5633 ad
2713 5581 2919 5634 calcem
2957 5580 3036 5633 sic
3068 5579 3245 5646 spisso
3287 5578 3559 5646 varioque

1988 5667 2156 5723 opere
2191 5652 2492 5714 ἄπταιστος
2532 5650 2790 5720 labisquc
2819 5664 2958 5720 pura
2988 5648 3255 5704 decurrit.
