3986 6470
272 428 376 494 ΤΠ

1307 419 1800 494 QU£STIONES
1840 419 1941 480 AD
1978 423 2486 487 THALASSIUM.

3428 425 3536 492 778

275 533 576 606 σημαίνων,
602 530 960 602 ἑρμηνεύεται
985 528 1213 600 ἲσχυρδς
1234 529 1448 599 δράσει,
1467 529 1557 582 διὰ
1577 528 1684 598 τὴν
1712 523 1854 581 κατὰ

1976 528 2147 584 :odcm
2177 533 2450 599 redditur,
2485 534 2556 588 ob
2584 533 2888 604 spiritalem
2912 544 3096 592 mente
3120 534 3366 590 scientiae
3395 551 3534 591 con-

280 624 399 680 νοῦν
425 623 663 693 θεωρίαν
705 621 804 690 τῆς
833 619 1112 689 γνώσεως.

350 715 436 770 ιϐ’.
471 714 663 786 Ψυχὴν
693 716 790 785 τῆς
814 713 1036 784 Γραφῆς
1064 708 1281 774 εἶπε,τὺ
1311 710 1528 781 πνεῦμα
1550 727 1564 741 ο
1586 709 1745 780 σῶμα
1775 709 1853 774 δὲ,

281 812 340 866 rb
368 813 623 882 γράμμα.

285 925 295 932 λ
349 910 416 957 κ’.
455 904 594 964 Τοὺς
623 901 770 970 τρεῖς
796 900 1076 961 ἐνιαυτοὺς
1099 897 1270 965 λέγει,
1299 895 1426 958 τοὺς
1460 896 1608 965 τρεῖς
1633 893 1854 963 νόμους,

281 993 366 1045 τόν
395 1008 453 1044 τε
482 991 726 1062 γραπτὸν
749 1029 762 1053 ,
796 988 887 1041 καὶ
917 988 1008 1039 τὸν
1053 986 1302 1054 φυσικὸν,
1339 985 1432 1037 καὶ
1479 986 1569 1036 τὸν
1611 983 1854 1053 χάριτος,

278 1085 574 1154 ἐχομένους
612 1080 827 1152 ἀλλήλω
844 1100 883 1132 ι.
919 1081 988 1132 Ὅ
1038 1078 1213 1131 τοίνυν
1264 1079 1356 1131 τὸν
1398 1075 1643 1147 γραπτὸν
1695 1075 1857 1144 νόμον

279 1175 567 1245 λαμϐάνων
596 1172 944 1242 σωματικῶς,
971 1173 1190 1242 ἀρεταῖς
1217 1171 1314 1238 την
1343 1168 1518 1238 ψυχὴν
1549 1168 1609 1220 οὐ
1644 1165 1857 1236 διατρέ-

282 1284 368 1335 φει
394 1282 407 1296 ·
445 1269 538 1318 καὶ
570 1266 598 1317 ὁ
629 1268 740 1328 τοῖς
763 1263 938 1331 λόγοις
961 1262 1069 1315 τῶν
1097 1261 1272 1314 ¹ὄντων
1306 1261 1406 1312 οὐκ
1438 1257 1766 1323 ἐπιϐάλλων,
1787 1258 1855 1328 τῇ

281 1358 499 1431 ποικίλῃ
532 1357 624 1410 τοῦ
662 1356 798 1410 Θεοῦ
835 1355 997 1426 σοφία
1040 1356 1134 1408 τὸν
1176 1353 1300 1407 νοῦν
1334 1353 1434 1422 οὐχ
1462 1353 1618 1421 ἐστιᾲ
1650 1349 1856 1419 φιλοτί-

275 1469 398 1522 ,μως
421 1467 433 1478 ·
468 1451 559 1503 καὶ
582 1451 608 1502 ὁ
631 1449 690 1502 rb
727 1448 869 1518 μέγα
923 1447 1022 1518 τῆς
1077 1445 1276 1516 καινῆς
1327 1447 1547 1514 χάριτος
1587 1444 1663 1514 μὴ
1697 1445 1858 1520 γινώ-

285 1560 428 1597 σκων
460 1541 758 1612 μυστήριον
779 1580 795 1604 ,
827 1542 893 1609 τῇ
921 1538 1108 1592 ’ἐλπίδι
1145 1538 1244 1608 τῆς
1277 1535 1576 1608 μελλούσης
1607 1532 1857 1596 θεώσεως

271 1633 380 1687 ιούκ
401 1632 714 1702 ἀγάλλεται.
747 1629 955 1683 Οὐκοῦν
985 1630 1020 1700 ὴ
1049 1627 1283 1697 ἔλλειψις
1308 1627 1405 1697 τῇς
1436 1626 1575 1679 κατὰ
1601 1624 1691 1677 τὸν
1722 1640 1859 1693 γρα-

284 1724 415 1776 πτὸν
439 1723 600 1792 νόμον
627 1721 1006 1792 πνευματικῆς
1028 1719 1260 1790 θεωρίας
1306 1718 1422 1788 ἔχει
1462 1715 1857 1788 παρεπομένην

280 1817 419 1886 αὐτῇ
451 1813 549 1886 τὴν
572 1813 777 1868 ἔνδειαν
805 1814 902 1884 τῆς
933 1812 1075 1866 κατὰ
1123 1813 1214 1865 τῖον
1248 1811 1476 1880 φυσικὸν
1511 1810 1673 1880 νόμον
1704 1824 1857 1860 νοουη

277 1908 449 1978 μένης
475 1907 722 1976 ποικίλης
745 1907 935 1975 σοφίας
963 1904 1056 1958 τοῦ
1082 1904 1239 1968 Θεοῦ,
1261 1903 1603 1974 ὲφεπομένην
1630 1901 1859 1972 ἔχουσαν

281 1998 382 2068 τῆς
412 1999 552 2053 κατά
585 1998 648 2051 rb
693 1997 879 2052 καινὸν
916 1998 1226 2067 ,μυστήριον
1267 1994 1451 2066 χάριτι
1491 1992 1860 2063 δοθησομένης

272 2088 531 2152 ’θεώτεως
562 2089 779 2152 πάντως
802 2087 901 2158 τὴν
940 2087 1188 2155 ἄγνοιαν.

353 2187 460 2235 κα⁹.
501 2181 560 2234 '0
593 2179 978 2251 πνευματικῶς
1006 2178 1088 2249 μὴ
1112 2177 1248 2232 νοῶν
1271 2176 1362 2231 τὸν
1382 2177 1565 2248 νόμον,
1591 2175 1694 2230 κᾶν
1712 2177 1861 2232 ἀπο-

271 2269 514 2324 ’θανόντα
540 2268 640 2341 ἔχη
671 2268 764 2322 τὸν
796 2267 963 2339 νόμον
997 2266 1085 2320 διὰ
1113 2265 1174 2320 r'b
1226 2265 1303 2338 μὴ
1339 2265 1630 2336 λατρεύειν
1674 2281 1863 2334 σωμα-

279 2359 470 2426 τικῶς,
490 2359 626 2413 ἀλλὰ
649 2359 718 2413 τά
750 2357 1066 2428 χαμαίζηλα
1101 2358 1216 2427 ἔχει
1250 2355 1347 2409 τοῦ
1371 2355 1539 2425 νόμου
1571 2355 1821 2424 νοήματα
1843 2370 1859 2386 ·

271 2452 352 2506 τά
380 2451 549 2506 τέκνα
569 2450 664 2504 τοῦ
691 2449 869 2503 ’Σαοὺλ
900 2449 1155 2520 περιέπει
1181 2447 1276 2515 καὶ
1305 2446 1376 2501 τά
1413 2446 1646 2516 ἔκγονα·
1675 2445 1754 2499 διὸ
1785 2445 1862 2518 τῷ

280 2543 427 2616 λιμῷ
449 2545 545 2614 τῆς
566 2541 820 2611 γνώσεως
850 2541 1222 2613 βασανίζεται.

353 2635 464 2706 κβ’.
507 2634 718 2706 Ὥσπερ
756 2633 824 2686 rb
877 2633 1172 2704 πρόσωπον
1208 2629 1715 2703 χαρακτηριστικόν
1743 2629 1863 2684 ἐστι

273 2725 376 2779 -τοῦ
426 2723 549 2780 καθ’
577 2724 819 2778 ’ἕκαστον
852 2739 866 2754 ⁸
892 2721 1036 2775 οὓτω
1079 2721 1174 2776 καὶ
1211 2724 1244 2793 ἡ
1277 2720 1629 2792 πνευματικὴ
1661 2720 1864 2789 γνῶσις

277 2811 602 2884 ὲμφατικῶς
629 2812 1026 2886 χαρακτηρίζει
1067 2811 1128 2865 τὸ
1159 2811 1316 2864 Θεῖον
1337 2827 1350 2841 ⁸
1380 2813 1446 2882 ἢν
1473 2812 1500 2862 ὁ
1529 2809 1708 2881 ζητῶν
1728 2849 1744 2877 ,
1774 2809 1862 2864 λέ-

274 2921 440 2975 γεται
468 2905 651 2977 ζητεῖν
677 2905 738 2957 τὸ
762 2904 1056 2976 πρόσωπον
1084 2904 1313 2975 Κυρίου.
1534 2889 1536 2891 ί

350 3085 440 3155 κγ’
448 3128 460 3142 .
503 3087 595 3151 Ὣς
633 3085 884 3156 ἰσχυρὸς
910 3085 1140 3155 ὁράσει,
1167 3085 1262 3140 καὶ
1291 3089 1441 3150 γοὺς
1470 3082 1809 3154 διορατικὸς
1834 3088 1864 3141 ὁ

273 3178 447 3233 Δαϐὶδ
475 3178 859 3250 ἑρμηνεύεται.

355 3270 452 3324 κδ’.
501 3270 560 3322 ’Θ
588 3268 1107 3341 κατασαρκούμενος
1135 3267 1277 3322 κατὰ
1305 3268 1365 3322 τὸ
1388 3269 1624 3341 γράμμα
1652 3267 1748 3323 τοῦ
1779 3268 1864 3321 νο-

277 3379 391 3434 μου
416 3365 536 3427 ταῖς
565 3363 810 3433 ἐναίμοις
833 3362 1066 3429 θυσίαις,
1093 3362 1438 3434 ποθουμένην
1472 3363 1696 3434 ἄγνοιαν
1726 3363 1862 3434 ἔχει,

281 3455 422 3526 πρὸς
448 3456 620 3527 μόνην
671 3456 870 3528 σαρκὸς
914 3457 1110 3529 ηδονὴν
1150 3457 1251 3529 τὴν
1306 3455 1530 3528 ἐντολὴν
1569 3457 1863 3529 ἐκδεχόμε-

275 3563 393 3611 νος.

357 3643 455 3694 κε’.
497 3639 556 3694 '0
603 3639 702 3710 μὲν
760 3637 1109 3710 σωματικῶς,
1148 3637 1320 3709 φησὶ,
1352 3637 1499 3692 κατὰ
1555 3637 1720 3709 νόμον
1763 3637 1862 3691 λα-

280 3731 526 3804 τρεύων,
575 3730 825 3800 καθάπερ
872 3730 1003 3801 ὅλην
1053 3731 1222 3802 γεννᾲ
1268 3729 1368 3800 τὴν
1425 3731 1546 3787 κατ’
1581 3729 1862 3801 ἐνέργειαν

278 3820 605 3890 ἁμαρτίαν⁴
633 3817 731 3872 καὶ
776 3817 853 3881 ὡς
902 3813 1064 3883 εἶδος,
1102 3817 1204 3890 τὴν
1246 3817 1335 3871 ἐπ’
1363 3819 1503 3891 αὐτῇ
1549 3819 1692 3872 κατὰ
1737 3818 1863 3872 νοῦν

283 3909 683 3980 συγκατάθεσιν
722 3911 843 3973 ταῖς
901 3909 1232 3980 προσφόροις
1261 3910 1482 3982 ἡδοναῖς
1524 3910 1636 3964 τῶν
1669 3911 1865 3982 αἰσθή-

276 4017 425 4054 σεων
477 3999 674 4062 ὑλικῶς
704 3997 1111 4052 διαπλάττεται.
1150 3998 1209 4052 '0
1233 3999 1290 4052 δὲ
1336 4001 1727 4071 πνευματικῶς
1759 4003 1860 4073 την

275 4091 508 4164 Γραφην
555 4089 926 4160 ἐκδεχόμενος,
957 4088 1034 4152 ὡς
1075 4089 1180 4160 μὲν
1221 4089 1374 4160 ὓλην,
1400 4093 1499 4160 τὴν
1532 4091 1815 4163 ἐνέργειαν
1842 4107 1856 4121 ·

273 4183 364 4246 ὡς
413 4178 548 4246 εἶδος
576 4182 654 4248 δὲ,
684 4181 784 4250 τῆς
830 4180 1105 4252 ἁμαρτίας
1139 4181 1238 4253 τὴν
1279 4183 1678 4250 συγκατάθεσιν
1722 4185 1860 4255 μετὰ

277 4275 394 4329 τῶν
441 4274 582 4329 κατὰ
625 4273 974 4346 παράχρησιν
1006 4273 1144 4346 πρὸς
1185 4275 1381 4346 ἡδονὴν
1423 4276 1523 4346 τῆς
1551 4275 1860 4347 αἰσθήσεως

279 4367 502 4440 τρόπων
525 4407 539 4431 ,
570 4366 646 4429 ὡς
689 4367 838 4429 υίοὺς
879 4366 972 4418 καὶ
1016 4367 1240 4430 υἱωνοὺς
1278 4367 1372 4420 τοῦ
1421 4366 1646 4438 νομικοῦ
1682 4368 1862 4438 γράμ-

283 4473 459 4527 ματος
498 4455 718 4509 θανατοῖ
767 4454 854 4508 διὰ
896 4454 1006 4509 τῶν
1048 4455 1294 4524 φυσικῶν
1347 4457 1624 4528 λογισμῶν
1670 4458 1728 4512 ὲν
1783 4455 1861 4527 τῷ

280 4553 412 4624 ὕψεϊ
437 4553 534 4625 τῆς
560 4551 817 4623 θεωρίας.

356 4651 470 4711 κςθ.
507 4647 629 4700 Ὀτι
653 4646 822 4717 χωρὶς
849 4643 1084 4715 φυσικῆς
1115 4639 1370 4715 θεωρίας,
1391 4640 1567 4704 οὐδεὶς
1594 4639 1692 4710 τὴν
1723 4638 1858 4708 πρὸς

281 4741 354 4796 τὰ
383 4741 501 4796 θεῖα
531 4739 639 4795 τῶν
667 4741 908 4811 νομικῶν
939 4736 1226 4808 συμϐόλων
1256 4735 1578 4804 άπέμφασιν
1606 4731 1860 4801 διαγινώ-

284 4851 431 4889 σκει.

356 4924 460 4990 κζ’.
494 4925 568 4977 Τὸ
607 4923 890 4994 ἐξηλιάσαι
929 4921 1206 4991 νενόηκεν,
1241 4919 1362 4973 ἀντὶ
1413 4917 1509 4971 τοῦ
1545 4914 1858 4987 φανερῶσαι

279 5017 428 5072 κατὰ
455 5018 516 5070 τὸ
540 5016 670 5086 ὕψος
709 5015 807 5085 τῆς
838 5013 1072 5083 θεωρίας
1106 5012 1168 5066 τὸ
1193 5014 1431 5083 γράμμα
1453 5007 1548 5062 τοῦ
1576 5007 1742 5077 νόμου
1769 5025 1858 5060 νε-

279 5111 440 5182 κρὸν,
468 5109 556 5164 διὰ
575 5108 675 5179 τῆς
704 5109 762 5163 ὲν
795 5105 1068 5177 πνεύματι
1111 5104 1387 5174 γνώσεως.

356 5294 466 5360 κη’.
497 5288 686 5360 Ὅριον
723 5285 940 5358 Ἰσραὴλ
969 5283 1216 5354 νενόηκε,
1252 5282 1432 5336 πάντα
1473 5282 1648 5360 λόγον,
1672 5297 1732 5333 τε
1769 5281 1862 5332 καὶ

274 5381 485 5453 τρόπον
510 5378 888 5449 πνευματικῆς
913 5375 1143 5447 θεωρίας
1177 5392 1191 5406 ·
1225 5378 1282 5428 ὲν
1307 5368 1351 5442 ᾧ
1385 5374 1579 5444 στῆναι
1612 5373 1674 5425 οὐ
1700 5372 1862 5426 δῦνα-

274 5493 381 5528 ται
408 5473 687 5537 παντελῶς
718 5473 750 5543 ὴ
775 5470 1062 5542 σωματικὴ
1090 5470 1183 5524 τοῦ
1215 5470 1383 5538 νόμου
1431 5466 1752 5542 παράδοσις.

357 5649 463 5706 κθ’.
497 5651 570 5705 Τὸ
623 5653 720 5722 μὲν
753 5649 1010 5718 πνεῦμα,
1040 5648 1205 5718 φησὶ,
1256 5647 1401 5718 ζωῆς
1448 5647 1684 5717 ὑπάρχει
1727 5664 1866 5720 παρ-

270 5744 540 5801 ικτικόν·
581 5743 641 5796 rb
680 5740 736 5794 δὲ
786 5739 1233 5812 γράμμα,ζωῆς
1282 5741 1431 5792 ἐστιν
1487 5737 1862 5809 ἁφαιρετικὸν.

273 5833 500 5892 οὐκοῦν
527 5831 588 5885 οὑ
617 5832 843 5884 δύναται
871 5832 965 5883 καὶ
990 5833 1050 5884 rb
1080 5831 1314 5901 γράμμα
1350 5830 1614 5901 πράττειν
1643 5829 1785 5886 κατὰ
1806 5831 1868 5886 τὸ

621 5924 891 5986 Puncta
925 5925 1040 5983 (in.
1086 5923 1206 5986 XC.

1957 619 2366 688 siderationem.

2031 710 2121 765 19.
2147 711 2404 767 Animam
2435 715 2732 784 Scriptura:
2759 717 3009 785 spiritum
3043 719 3374 786 appellavit;
3418 733 3534 772 cor-

1951 816 2060 870 pus
2090 817 2243 867 vero,
2273 805 2493 860 vocavit
2527 807 2789 860 litteram.

2025 893 2116 947 20.
2142 893 2332 950 Annos
2369 905 2499 962 tres,
2537 907 2649 952 tres
2669 908 2826 952 vocat
2853 899 3019 968 leges,
3065 897 3347 966 scriptam,
3374 908 3538 950 natu-

1957 982 2132 1037 ralem
2161 993 2219 1038 et
2241 986 2452 1054 gratim,
2485 986 2592 1040 sibi
2621 987 2760 1042 alias
2799 987 2924 1042 aliis
2971 988 3283 1043 continuas.
3314 987 3533 1055 itaque,

1957 1073 2006 1128 is
2029 1075 2122 1143 qui
2144 1075 2321 1146 legem
2349 1078 2611 1147 scriptam
2639 1079 2913 1148 corporali
2941 1081 3152 1133 ratione
3167 1079 3388 1148 accipit,
3417 1081 3538 1132 ani-

1958 1180 2100 1218 mam
2134 1167 2433 1224 virtutibus
2464 1185 2575 1224 non
2595 1171 2713 1224 alit.
2741 1170 2842 1237 Qui
2858 1173 2990 1226 item
3013 1172 3324 1227 rationibus
3349 1188 3534 1226 rerum

1958 1257 2205 1312 animum
2241 1275 2350 1316 non
2374 1262 2630 1327 attendit,
2657 1264 2810 1318 varia
2830 1263 2926 1318 Dei
2959 1264 3245 1334 sapientiae
3294 1277 3536 1322 mentem

1958 1351 2254 1407 ambitiose
2281 1368 2391 1408 non
2416 1355 2636 1424 accipit.
2671 1353 2776 1421 Qui
2801 1356 3038 1426 denique
3073 1372 3327 1428 magnum
3379 1375 3538 1413 novae

1950 1442 2149 1512 gratiae
2179 1458 2290 1497 non
2323 1446 2478 1500 novit
2506 1447 2852 1517 mysterium,
2903 1465 3012 1503 non
3049 1450 3263 1503 exsulat
3297 1465 3360 1504 ea
3413 1465 3536 1520 spe,

1958 1535 2105 1602 quod
2131 1534 2464 1592 imbuendus
2489 1538 2697 1594 deitatc
2725 1539 2818 1593 sit.
2837 1539 3009 1611 Igitur
3034 1541 3299 1610 spiritalis
3336 1558 3538 1612 specu-

1958 1623 2180 1680 lationis
2209 1641 2311 1696 pro
2358 1627 2496 1698 legis
2536 1630 2754 1699 scriptae
2793 1630 3008 1685 ratione
3058 1630 3301 1686 defectui
3351 1647 3539 1687 comes

1959 1723 2064 1781 est,
2097 1717 2260 1772 variae
2285 1718 2380 1772 Dei
2404 1720 2709 1789 sapientiae,
2735 1737 2838 1790 pro
2853 1722 2989 1792 legis
3025 1725 3293 1778 naturalis
3326 1723 3539 1778 ratione

1961 1807 2276 1874 intellectaa,
2302 1811 2569 1879 penuria;
2615 1827 2780 1880 quam
2807 1813 3035 1867 omnino
3085 1824 3351 1884 sequatur
3399 1831 3541 1884 prae-

1892 1881 1933 1936 Β
1964 1907 2144 1956 stante
2176 1900 2543 1957 deificationis
2567 1901 2900 1973 ignorantia,
2948 1919 3052 1973 pro
3103 1881 3232 1959 novi
3289 1881 3537 1975 mystcrii

1952 1993 2147 2061 gratiae
2177 2007 2428 2048 munere.

2029 2175 2120 2229 2ί.
2147 2173 2254 2240 Qui
2293 2189 2404 2229 non
2454 2173 2782 2244 spiritaliter
2805 2173 2983 2244 legem
3030 2174 3312 2245 intelligit,
3366 2192 3540 2245 quan-

1959 2281 2123 2338 quam
2143 2275 2416 2321 mortuam
2447 2267 2624 2337 legem
2676 2266 2898 2333 habeat,
2945 2283 3010 2321 ea
3059 2267 3275 2322 scilicet
3325 2272 3541 2324 ratione

1961 2357 2108 2428 quod
2131 2357 2494 2427 corporaliter
2525 2373 2636 2412 non
2664 2357 2884 2422 servit;
2938 2357 3169 2412 humilia
3190 2367 3374 2414 tamen
3405 2360 3543 2430 legis

1962 2448 2168 2521 sensa(
2199 2448 2386 2504 Saulis
2412 2448 2555 2504 filios
2588 2457 2646 2503 et
2683 2446 2934 2519 nepotes)
2961 2448 3123 2515 colit;
3155 2465 3223 2504 ex
3255 2465 3366 2519 quo
3413 2467 3541 2506 eum

1963 2542 2106 2597 fame
2130 2541 2374 2596 scientiae
2404 2541 2660 2610 torqueri
2678 2541 2977 2611 contingit.

2031 2635 2120 2688 22.
2148 2632 2626 2700 Quemadmodum
2659 2633 2830 2688 facies
2853 2634 3099 2704 singulos
3115 2649 3364 2704 quosque
3395 2627 3545 2690 velut

1963 2734 2092 2778 nota
2114 2725 2342 2794 propria
2373 2723 2664 2793 distinguit
2688 2731 2854 2792 atque
2883 2722 3110 2793 insignit
3134 2740 3147 2788 ;
3180 2723 3260 2777 sic
3291 2732 3347 2778 et
3376 2723 3506 2793 spiri
3530 2755 3544 2766 -

1965 2815 2091 2870 talis
2117 2815 2370 2873 scientia.
2406 2815 2554 2884 quod
2584 2814 2830 2868 divinum
2854 2823 2941 2869 est
2975 2831 3234 2884 expresse
3289 2816 3545 2885 obsignat

1970 2923 2031 2963 ac
2059 2917 2445 2977 repraesentat;
2481 2924 2645 2978 quant
2684 2907 2776 2976 qui
2827 2906 3044 2976 qumrit,
3090 2907 3307 2962 Domini
3345 2906 3543 2962 faciem

1965 3014 2213 3068 quaerere
2239 2999 2462 3053 dicitur.

2040 3090 2132 3145 25.
2175 3090 2365 3154 David,
2388 3093 2434 3146 si
2468 3107 2666 3146 nomen
2704 3091 3106 3160 interpreteris,
3136 3098 3350 3160 aspectu
3374 3090 3547 3159 fortis,

1969 3199 2032 3238 ac
2053 3200 2197 3238 mens
2215 3185 2490 3254 perspicax
2513 3183 2737 3239 dicitur.

2041 3276 2130 3330 25.
2157 3275 2262 3344 Qui
2285 3291 2353 3330 ex
2373 3275 2602 3345 scriptae
2626 3275 2763 3346 legis
2785 3274 2998 3329 ratione
3049 3274 3300 3328 cruentis
3350 3273 3549 3329 hostiis

1967 3369 2205 3424 carnalis
2229 3368 2467 3431 exsistit,
2493 3368 2858 3437 ignorantiam
2897 3374 3044 3421 amat
3093 3381 3157 3420 ac
3183 3366 3412 3435 expetit,
3451 3365 3568 3436 qui'

1967 3471 2304 3533 praeceptum
2329 3473 2389 3517 ut
2412 3462 2481 3515 ad
2499 3462 2669 3516 solam
2705 3445 3132 3530 spectet'carnis
3183 3459 3546 3530 voluptatem,

1964 3556 2208 3626 exponit.

2034 3647 2126 3701 25.
2149 3646 2252 3712 Qui
2283 3645 2649 3715 corporaliter
2673 3660 2741 3698 ex
2769 3645 2907 3716 legis
2949 3647 3164 3702 ratione
3196 3649 3388 3713 servit,
3427 3657 3546 3703 tan-

1959 3755 2129 3811 quam
2166 3739 2477 3797 materiam,
2510 3746 2797 3808 peccatum
2819 3753 2989 3807 opere
3023 3739 3236 3810 gignit:
3267 3750 3329 3794 ut
3355 3749 3544 3796 autem

1963 3833 2161 3897 forma,
2200 3832 2402 3887 mentis
2436 3829 2493 3884 in
2525 3830 2704 3900 ipsum
2731 3845 3024 3896 consensu,
3085 3831 3545 3886 convenientibus

1963 3940 2229 3981 sensuum
2278 3922 2555 3978 illecebris
2602 3921 2893 3976 formatur.
2934 3923 3026 3987 At,
3075 3923 3169 3992 qui
3216 3923 3542 3992 spiritaliter

1962 4018 2139 4088 legem
2175 4016 2362 4080 sumit,
2414 4022 2473 4068 ut
2505 4013 2727 4083 quidem
2777 4014 3085 4078 materiam,
3121 4016 3538 4084 operationem;

1959 4117 2024 4160 ut
2057 4114 2242 4160 autem
2300 4104 2558 4170 formam,
2600 4103 2814 4173 peccati
2849 4118 3207 4169 consensum,
3271 4120 3376 4158 una
3413 4121 3538 4160 cum

1961 4214 2159 4255 sensus
2183 4196 2497 4252 libidinosis
2541 4211 2642 4265 per
2681 4195 2916 4250 abusum
2962 4194 3160 4261 modis,
3218 4192 3370 4251 velut
3403 4197 3540 4268 legis

1960 4285 2160 4340 littera:
2190 4284 2333 4340 ﬁlios
2361 4300 2425 4340 ac
2460 4294 2713 4355 nepotes,
2743 4300 2843 4355 per
2881 4285 3164 4341 naturales
3189 4287 3433 4343 rationes
3484 4289 3540 4343 in

1961 4376 2354 4448 speculationis
2371 4377 2482 4432 alto
2514 4377 2721 4433 vertice
2755 4377 2976 4432 occidit.

2028 4645 2120 4700 26.
2153 4644 2373 4714 Absque
2409 4643 2649 4699 naturali
2676 4643 3057 4712 speculatione
3085 4642 3354 4698 dissidere
3399 4660 3426 4697 a
3453 4645 3541 4699 di-

1962 4732 2107 4786 vinis
2129 4731 2323 4802 legalia
2342 4731 2610 4802 symbola,
2643 4745 2806 4784 nemo
2837 4729 3132 4800 dignoscit.

2030 4910 2122 4965 27.
2207 4909 2291 4964 Ad
2352 4908 2527 4964 solem
2601 4907 2945 4978 suspendere
2983 4948 2997 4974 ,
3054 4907 3162 4962 hoc
3234 4909 3537 4977 intellexit;

1961 5011 2270 5057 emortuam
2329 5001 2544 5056 scilicet
2590 5001 2732 5070 legis
2788 5000 3032 5054 litteram
3089 5015 3190 5069 per
3249 5001 3537 5058 scientiam

1963 5095 2018 5148 in
2073 5095 2275 5165 spiritu
2330 5094 2684 5150 manifestare
2751 5093 2808 5147 in
2873 5091 3212 5147 sublimitate
3287 5096 3541 5163 specula-

1961 5187 2146 5241 tionis.

2057 5279 2146 5332 28.
2227 5277 2449 5332 lsraclis
2526 5276 2825 5332 terminum
2889 5277 3210 5346 intellexit,
3267 5281 3541 5338 rationem

1963 5387 2183 5425 onmem
2211 5371 2544 5441 modumque
2570 5369 2836 5440 spiritalis
2885 5371 3300 5440 speculationis,
3334 5375 3390 5428 in
3433 5390 3545 5444 quo

1965 5464 2266 5532 corporalis
2320 5463 2459 5533 legis
2510 5463 2737 5518 traditio
2797 5464 3024 5519 omnino
3086 5465 3388 5520 consistere
3447 5481 3545 5520 ne-

1967 5555 2108 5626 quit.

2039 5648 2128 5703 29.
2170 5646 2405 5717 Spiritui
2433 5645 2658 5716 quidem
2688 5662 2758 5702 ex
2803 5646 2990 5702 indole
3021 5655 3105 5701 est
3133 5655 3195 5700 ut
3237 5646 3404 5700 vitam
3444 5646 3546 5699 tri-

1967 5742 2140 5806 buat;
2181 5740 2380 5794 littera:
2405 5755 2558 5804 vero,
2606 5747 2669 5794 ut
2725 5755 2846 5794 eam
2881 5739 3109 5794 adimat.-
3135 5738 3254 5792 Non
3284 5753 3414 5809 ergo
3455 5753 3546 5792 se-

1967 5832 2210 5889 cundum
2246 5830 2391 5886 idem
2424 5833 2611 5889 littera
2637 5839 2692 5889 et
2713 5831 2940 5902 spiritus
2975 5829 3190 5902 operari
3229 5831 3449 5896 valent;
3487 5839 3548 5885 ut

3139 5921 3220 5984 25
