3986 6420
556 320 667 387 779
704 296 707 299 ’

1736 317 1795 377 s.
1835 282 2122 379 llAXlMI

2234 319 2666 382 )NFESSORIS
3646 339 3729 405 ,πω

558 448 739 506 neque
768 431 915 504 quod
951 431 1120 486 vitam
1160 429 1360 484 tribuit
1382 438 1437 485 et
1460 428 1607 500 quod
1636 430 1860 501 perimit
1885 448 1991 485 una
2013 447 2132 503 pos-

2242 434 2397 498 αὐτὸ,
2434 434 2530 490 καὶ
2555 436 2618 489 τὸ
2652 433 2873 507 πνεῦμα
2907 453 2919 467 ·
2957 436 3146 509 ῶσπερ
3178 440 3296 494 οὐδὲ
3338 441 3397 495 τὸ
3430 442 3647 508 ζωοτοοιὺν
3676 452 3732 522 τῷ

558 533 688 583 sunt
710 525 996 580 exsistere.

619 616 716 673 50.
749 614 1107 688 Praaputium,
1141 615 1273 685 quid
1309 615 1562 669 naturale
1596 625 1698 671 est.
1739 615 2013 687 Quidquid
2042 634 2141 673 au-

556 719 667 766 tem
691 718 780 765 est
809 710 1080 775 naturale,
1111 708 1313 763 divinae
1347 707 1649 762 creationis
1690 723 1831 778 opus
1858 717 1961 763 est.
1987 708 2139 781 Opus

559 799 992 855 autem-divinze
1019 798 1338 864 creationis,
1391 799 1558 853 etiam
1617 798 1777 854 valde
1817 798 2024 854 bonum
2072 815 2138 855 ac

556 890 850 959 pulchrum
884 898 988 954 est.
1016 891 1171 961 juxta
1214 904 1430 957 vocem,
1477 906 1600 961 quae
1640 891 1717 946 ait
1752 908 1765 944 :
1822 890 1958 946 Vidit
1996 890 2137 947 Deus

557 990 749 1037 cuncta
781 996 900 1052 quae
938 981 1104 1053 298
1128 983 1351 1053 fecerat,
1395 991 1445 1036 et
1484 998 1600 1036 ecce
1653 982 1790 1037 bona
1826 980 2000 1050 valde,
2033 999 2133 1039 seu

558 1074 781 1146 pulchra
803 1074 871 1128 ”.
894 1074 1007 1131 Lex
1028 1082 1234 1140 autem,
1267 1090 1392 1130 cum
1416 1075 1571 1131 velut
1621 1075 1988 1141 immundum,
2035 1090 2137 1147 per

557 1166 1063 1231 circumeisionem,
1119 1166 1449 1239 praeputium
1493 1166 1889 1238 amputandum
1921 1167 2135 1239 jubeat,

556 1259 729 1314 Deum
765 1274 907 1329 opus
935 1273 1097 1314 suum
1127 1266 1246 1313 arte
1268 1258 1651 1313 emendantem
1701 1257 1947 1327 inducit;
1988 1258 2136 1330 quod

556 1351 642 1406 vel
680 1350 921 1421 cogitatu
952 1341 1342 1421 impiissimum
1369 1357 1474 1406 est.
1531 1350 1707 1421 lgitur
1740 1351 1835 1420 qui
1867 1351 2137 1421 legalibus

556 1443 728 1514 signis
757 1452 950 1499 natura
971 1444 1212 1499 animum
1229 1441 1474 1503 adhibet.
1497 1442 1603 1497 hoc
1623 1442 1794 1507 novit,
1812 1442 2007 1507 Deum,
2024 1457 2137 1496 non

556 1544 673 1591 arte
704 1537 1000 1593 emendare
1030 1545 1302 1601 naturam,
1327 1535 1423 1592 sed
1458 1534 1650 1607 jubere
1680 1542 1741 1589 ut
1763 1543 1975 1606 partem
1997 1533 2134 1589 alie-

557 1629 739 1684 ctibus
753 1629 1069 1694 obnoxiam,
1088 1643 1210 1699 quae
1233 1628 1430 1683 rationi
1447 1634 1623 1699 paret,
1638 1626 2130 1694 circumcidamns;

560 1722 720 1791 cujus
755 1720 810 1775 id
836 1720 1146 1775 membrum
1202 1719 1374 1791 ﬁgura
1423 1726 1528 1774 est.
1566 1718 1720 1773 Hanc
1775 1718 2041 1785 scientiae,
2072 1725 2136 1772 ut

2241 524 2552 599 φθοροποιῷ
2592 528 2948 599 συνυπάρχει.

2311 619 2376 672 λ’.
2412 620 2647 674 Φυσικὸν
2688 621 3104 692 ήὰκροϐυστία,
3140 623 3295 696 φησί·
3322 625 3424 679 πᾶν
3445 624 3498 678 δὲ
3540 630 3734 699 φυσικὸν,

2241 708 2393 773 θείας
2421 709 2583 782 ἔργον
2610 709 2975 783 δημιουργίας
3001 712 3170 767 ἐστίν.
3197 712 3352 768 Ἐστι
3385 714 3439 768 δὲ
3465 715 3596 782 θείας
3622 720 3738 792 ἔργον

2241 800 2603 873 δημιουργίας
2657 803 2753 857 καὶ
2800 802 2918 858 λίαν
2969 803 3156 870 καλὸν,
3189 806 3330 861 κατὰ
3369 806 3464 879 τὴν
3492 810 3740 878 φάσκουσαν

2241 894 2424 964 φωνήν
2450 909 2464 924 ο
2503 889 2682 948 Εἶδεν
2714 897 2748 950 ό
2779 896 2922 963 Θεὸς
2965 895 3167 951 πάντα
3225 897 3342 953 ὅσα
3395 900 3646 967 ἐποίησε,
3668 908 3737 960 καί

2241 983 2371 1038 ιδοὺ
2402 983 2561 1040 καλὰ
2584 986 2746 1041 λίαν.
2806 987 2865 1041 ’0
2894 987 2950 1042 δὲ
2986 988 3194 1073 νόμος,
3218 990 3294 1054 ὡς
3322 990 3605 1062 ἀκάθαρτον
3634 1011 3744 1067 περι-

2238 1076 2514 1148 αιρεῖσθαι
2544 1076 2784 1131 κελεύων
2821 1078 2923 1150 τὴν
2953 1079 3324 1152 ἀκροϐυστίαν
3361 1080 3447 1135 διὰ
3482 1086 3743 1155 περιτομῆς,

2236 1166 2333 1220 τὸν
2355 1166 2490 1221 Θε⁴δν
2515 1169 2729 1237 εἰσάγει
2758 1168 2848 1223 διὰ
2875 1171 3072 1242 τέχνης
3102 1171 3166 1224 τὸ
3204 1172 3402 1225 οίκεῖον
3434 1173 3746 1246 διορθούμενον

2238 1257 2400 1330 ἔργον
2422 1274 2436 1291 ⁸
2465 1259 2601 1333 ὅπερ
2637 1260 2733 1314 καὶ
2761 1261 2959 1317 ἐννοεῖν
2991 1263 3376 1320 ἀσεϐέστατον.
3408 1265 3599 1318 Οὐκοῦν
3626 1269 3747 1331 ὁτοίς

2239 1349 2527 1423 συμϐόλοις
2557 1350 2652 1404 τοῦ
2703 1351 2869 1423 νόμου
2910 1353 3157 1423 φυσικῶς
3200 1356 3526 1421 ἐπιϐάλλων,
3557 1352 3674 1411 οἶδεν
3696 1360 3749 1423 ὡς

2237 1441 2300 1494 οὔ
2327 1441 2425 1513 τὴν
2460 1440 2622 1511 φύσιν
2648 1443 2677 1496 ὁ
2702 1442 2836 1506 Θεὸς
2858 1444 3165 1517 διορθοῦται
3189 1446 3279 1501 διὰ
3306 1449 3407 1519 τῆς
3435 1448 3630 1520 τέχνης,
3653 1451 3747 1504 dm
3864 1446 3865 1455 “

2237 1533 2298 1588 τὺ
2325 1534 2606 1598 ἑπιπειθὲς
2631 1535 2774 1608 λόγῳ
2797 1538 2899 1608 τῆς
2945 1537 3123 1611 ψυχῆς
3154 1540 3457 1612 παθητικὸν
3494 1544 3749 1615 περιτέμνε-

2192 1618 2197 1619 ί
2242 1625 2364 1679 σθαι
2388 1626 2619 1694 κελεύει,
2651 1627 2712 1682 τὸ
2741 1628 2827 1683 διὰ
2858 1633 2954 1683 τοῦ
2980 1634 3299 1701 σωματικοῦ
3333 1633 3522 1704 μορίου
3559 1637 3750 1700 τυπικῶς

2236 1714 2565 1788 δηλούμενον
2586 1734 2600 1749 ο
2628 1718 2766 1792 ὅπερ
2818 1720 3019 1789 γνῶσις
3049 1722 3138 1777 διὰ
3167 1725 3265 1795 τῆς
3309 1725 3454 1780 κατὰ
3488 1725 3579 1799 τὴν
3603 1729 3750 1798 πρᾶξιν

553 1810 717 1865 fortis
777 1809 948 1865 animi
988 1810 1206 1865 actione
1253 1810 1525 1879 deponat,
1582 1816 1964 1877 comparatum
2022 1815 2130 1864 est.

2235 1808 2490 1881 ἀνδρείας
2538 1809 2637 1881 τῆς
2667 1811 2895 1883 γνώμης
2919 1813 3278 1870 ἀποτίθεσθαι
3312 1798 3569 1891 πέφυκεν.
3609 1817 3655 1871 '0
3676 1819 3753 1888 γὰρ

554 1899 825 1955 Sacerdos
856 1900 1003 1955 enim
1032 1898 1456 1965 circumcidens,
1509 1900 1796 1955 scientiam
1836 1896 2131 1970 significat,

478 1986 484 1991 ’
551 1992 706 2046 velut
746 1990 917 2057 ferro,
952 1991 1110 2046 verbi
1145 1991 1382 2045 actionis
1428 1990 1627 2045 robore
1679 1989 1974 2045 adversum
2003 2004 2134 2061 pas-

552 2081 764 2138 sionem
827 2098 891 2139 ac
943 2082 1233 2138 libidinem
1285 2082 1607 2137 acCinetam.
1662 2080 1932 2136 Aboletur
1985 2081 2135 2136 enim

549 2174 856 2246 corporalis
884 2175 1022 2246 legis
1053 2174 1297 2241 traditio,
1327 2176 1459 2249 dum
1482 2173 1715 2244 spiritus
1754 2172 1956 2229 littera
1997 2189 2138 2245 prae-

548 2266 716 2321 valet.

620 2358 711 2412 3L
736 2357 996 2414 Deﬁnitio
1022 2357 1266 2430 mystica:
1308 2356 1754 2413 circumcisionis
1805 2356 2137 2428 speculatio-

549 2448 661 2504 nis.

624 2541 714 2597 32.
748 2540 1008 2598 Deﬁnitio
1047 2542 1292 2614 mystica:
1356 2539 1580 2596 Sabbati
1637 2539 2034 2612 legislationis;
2078 2539 2135 2596 in

548 2645 659 2704 qua
685 2632 815 2704 quid
840 2632 1143 2689 Sabbatum
1192 2634 1266 2688 sit
1314 2632 1545 2705 mystice
1579 2631 1845 2698 ostendit,
1907 2640 1964 2687 et
2014 2647 2140 2702 qua:

548 2723 673 2794 ejus
699 2723 970 2794 spiritalis
999 2723 1176 2790 ratio;
1208 2737 1408 2793 nempe
1427 2722 1675 2793 requiem
1717 2716 1842 2777 esse
1899 2721 1968 2776 ab
1998 2720 2137 2779 affe-

549 2812 756 2881 ctibus,
791 2813 1105 2885 mentisque
1139 2814 1287 2869 circa
1305 2829 1492 2869 rerum
1512 2816 1772 2869 naturam
1800 2813 2137 2884 agitationis,

546 2904 736 2961 tradit.
1218 2898 1219 2901 “

623 2995 712 3051 55.
746 2995 954 3064 Nempe
985 2994 1181 3049 Deum.

617 3087 708 3142 34.
732 3086 881 3155 Quid
902 3085 1215 3157 signiﬁcent
1243 3083 1574 3139 neomeniae.

621 3178 712 3234 55.
741 3177 1001 3234 Deﬁnitio
1017 3192 1237 3233 corona:
1257 3176 1636 3247 benignitatis.

550 3282 555 3285 '
616 3270 708 3326 36.
733 3268 994 3326 Deﬁnitio
1015 3269 1124 3324 alia
1140 3269 1390 3341 ejusdem
1417 3268 1678 3325 subtilior
1701 3284 1767 3326 ac
1797 3270 1971 3343 magis
2018 3270 2131 3340 spi-

548 3363 849 3489 ruz’zitlllfhllic.
907 3430 1016 3487 loci
1078 3430 1471 3487 abstinentiam
1540 3428 1912 3486 Providentia:
1988 3445 2131 3500 opus

547 3537 671 3577 esse
713 3521 888 3587 dicit,
918 3521 1123 3591 quippe
1186 3519 1277 3576 cui
1324 3527 1707 3590 comparatum
1756 3530 1821 3575 ut
1865 3519 2131 3575 emundet

544 3613 716 3669 animi
780 3612 933 3669 vitia.
988 3611 1317 3668 Patientiam
1370 3626 1504 3666 vero
1539 3609 1737 3681 judicii
1798 3625 1941 3680 opus
1982 3625 2127 3675 esse,

544 3704 698 3776 quod
774 3703 988 3761 scilicet
1042 3701 1432 3759 involuntariis
1503 3700 1904 3763 tentationibus
1978 3700 2132 3757 obsi-

542 3804 671 3855 stat.
780 3828 781 3831 π

612 3891 703 3946 58.
767 3890 1013 3947 Primum
1055 3888 1259 3950 festum
1301 3904 1368 3945 ac
1425 3888 1832 3944 solemnitatem
1858 3927 1872 3949 ,
1918 3886 2129 3941 Pascha

544 3980 698 4038 dicit.
1138 4024 1141 4031 .

612 4071 704 4128 59.
757 4071 1076 4133 Secundum
1108 4067 1312 4129 festum
1383 4086 1451 4126 ac
1502 4070 1957 4133 solemnitatem,
1992 4067 2132 4123 dicit

539 4163 942 4231 Pentecostem.

612 4254 703 4309 40.
730 4254 1173 4319 Tertiumvocat,
1213 4268 1338 4324 qua:
1370 4268 1558 4323 mense
1591 4253 1827 4324 septimo
1860 4253 2129 4323 propitia-

541 4346 708 4402 tionis
739 4346 1035 4401 celebritas
1068 4346 1354 4416 agebatur.

611 4435 703 4489 41.
730 4433 985 4489 "Observa
1006 4435 1472 4504 quemadmodum
1506 4436 1599 4492 lex
1620 4450 1740 4501 eos,
1798 4434 1895 4506 qui
1931 4449 2126 4505 corpo-

2235 1898 2580 1970 περιτέμνων
2612 1901 2824 1972 ἱερεὺς,
2867 1905 3123 1977 σημαίνει
3149 1907 3249 1978 τὴν
3284 1908 3508 1976 γνῶσιν,
3529 1909 3618 1980 τὴν
3642 1909 3753 1978 ἔχου-

2236 2006 2338 2044 σαν
2371 1989 2626 2061 καθάπερ
2649 1992 2765 2063 σίδη
2776 2010 2866 2064 ρον
2888 1995 3029 2048 κατὰ
3052 1995 3147 2048 τοῦ
3176 1997 3385 2061 πάθους
3407 1998 3502 2069 τὴν
3531 1998 3615 2051 τοῦ
3639 1999 3753 2067 λόγου

2234 2080 2377 2136 κατὰ
2408 2081 2508 2152 τὴν
2545 2082 2747 2153 πρᾶξιν
2779 2084 3051 2156 ἀνδρείαν.
3095 2086 3450 2156 ’Δφανίζεται
3482 2088 3601 2158 γοῦν
3628 2092 3657 2160 ἡ
3680 2106 3752 2143 σιο-

2238 2173 2441 2245 ματικὴ
2496 2171 2590 2227 τοῦ
2646 2173 2810 2246 νόμου
2863 2177 3203 2249 παράδοσις,
3248 2180 3675 2247 πλεονεκτοῦντος
3712 2184 3754 2235 τί

2200 2336 2203 2341 Ι
2233 2263 2470 2336 γράμμα
2504 2263 2600 2319 τοῦ
2639 2268 2975 2337 πνεύματος.

2306 2352 2409 2410 λα’.
2442 2352 2610 2427 Ὄρος
2662 2355 2763 2428 τῆς
2800 2358 2943 2412 κατὰ
2993 2360 3301 2433 περιτομὴν
3363 2363 3622 2434 μυστικῆς
3659 2364 3753 2418 θεω-

2240 2442 2383 2516 ρίας.

2307 2534 2408 2607 λβ’.
2446 2537 2612 2609 Ὅρος
2639 2538 2739 2612 τῆς
2786 2540 2932 2595 κατὰ
2966 2541 3247 2597 Σάϐϐατω
3290 2547 3560 2618 μυστικῆς
3596 2549 3757 2616 νομοθε-

2243 2627 2387 2697 σίας,
2420 2630 2480 2685 ὲν
2509 2624 2574 2700 ᾧ,
2598 2630 2651 2685 τί
2690 2632 2751 2686 τὺ
2783 2633 3058 2689 Σάϐϐατόν
3119 2636 3258 2709 ἐστι,
3292 2637 3587 2708 παρίστησι
3616 2654 3756 2709 μυστιε

2236 2718 2371 2784 κῶς,
2407 2720 2501 2773 καὶ
2531 2720 2614 2784 τίς
2642 2723 2671 2776 ὀ
2709 2723 2832 2776 κατ’
2854 2722 2988 2778 αὐτὸ
3042 2712 3422 2793 πνευματικὸς
3462 2710 3754 2794 λόγοςὲστὶν,

2237 2809 2318 2865 δτι
2340 2811 2530 2867 παθῶν
2557 2814 2652 2867 καὶ
2678 2814 2779 2885 τῆς
2803 2816 2932 2887 περὶ
2962 2814 3060 2887 τὴν
3087 2813 3254 2887 φύσιν
3278 2817 3392 2872 τῶν
3417 2817 3580 2872 ὄντων
3600 2816 3679 2872 τοῦ
3695 2816 3755 2875 νοῦ

2236 2901 2507 2973 κινήσεώς
2539 2905 2686 2957 ἐστιν
2723 2900 3049 2970 ἀνάπαυσις.
3492 2904 3497 2908 ’

2210 3058 2215 3063 _
2300 2994 2402 3063 ὶγθ.
2438 2994 2573 3051 Θεὸν
2594 2996 2754 3067 δῆλον
2779 2998 2882 3053 ὅτι.
2912 3038 2913 3043 η

2311 3083 2403 3139 λδθ.
2440 3085 2507 3138 Τί
2542 3086 2901 3158 σημαίνουσιν
2936 3090 2992 3143 αἱ
3016 3093 3326 3162 νεομηνίαι,

2148 3162 2199 3218 (7·
2299 3174 2394 3230 λε’.
2436 3177 2603 3250 Ὅρος
2625 3177 2721 3232 τοῦ
2761 3180 3030 3248 στεφάνου
3054 3182 3157 3249 τῆς
3180 3187 3569 3257 χρηστότητος.

2292 3266 2411 3332 λς’.
2455 3268 2649 3333 Ἄλλος
2673 3270 2800 3341 ὅρος
2824 3264 2919 3326 τοῦ
2949 3271 3118 3341 ctu-:06
3140 3274 3570 3350 μυστικώτερος.

2298 3443 2409 3508 λζ’(
2454 3444 2722 3501 Ἐνταῦθα
2774 3447 2873 3519 τὴν
2908 3448 3237 3521 ἐγκράτειαν
3277 3449 3447 3523 ἔργον
3497 3446 3628 3507 εἶναι
3651 3451 3760 3521 λέγει

2230 3537 2330 3608 τῆς
2360 3538 2645 3608 Προνοίας,
2663 3539 2739 3604 ὠς
2760 3539 2870 3595 τῶν
2898 3542 3195 3615 γνωμικῶν
3219 3545 3559 3619 καθαρτικὴν
3588 3543 3756 3600 παθῶν·

2229 3625 2329 3698 τὴν
2359 3627 2638 3699 ὑπομονὴν
2662 3629 2719 3683 δὲ
2752 3631 2853 3701 τῆς
2891 3633 3127 3703 κρίσεως
3177 3630 3318 3690 εἶναι
3351 3636 3667 3711 κατόρθωμά
3689 3651 3761 3706 φηι

2233 3736 2317 3775 σιν
2341 3761 2356 3787 ,
2386 3721 2462 3786 ὡς
2508 3724 2622 3786 τοῖς
2650 3723 2925 3790 ἀκουσίοις
2959 3714 3433 3800 ἀντιτασσομένην
3467 3730 3755 3803 πειρασμοῖς.

2299 3896 2401 3955 λη’.
2439 3897 2670 3971 Πρώτην
2702 3900 2916 3973 ἑορτὴν,
2944 3900 3004 3954 τὸ
3031 3902 3226 3973 Πάσχα
3248 3903 3426 3973 λέγει.

2300 4069 2397 4127 λθ’.
2429 4035 2698 4145 Δευτέραν
2720 4075 2914 4147 ἑορτὴν
2937 4075 3083 4147 λέγει
3108 4079 3206 4151 τὴν
3229 4081 3625 4153 Πεντηκοστήν.

2301 4250 2375 4321 μ’.
2409 4250 2614 4323 τρίτην
2650 4251 2798 4321 λέγει
2827 4291 2842 4317 ,
2884 4252 2986 4324 τὴν
3031 4255 3090 4307 ἐν
3126 4253 3342 4326 ἑϐδόμῳ
3396 4256 3546 4328 μηνὶ,
3578 4254 3661 4327 τὴν
3687 4252 3753 4308 τοῦ

2239 4343 2517 4398 Ἵλασμοῦ.

2301 4361 2385 4396 ιασ
2431 4361 2517 4398 ου.
3375 4380 3379 4384 ι

2301 4361 2430 4505 μαίῗ
2453 4435 2674 4502 Σκόπει,
2700 4434 2820 4501 πῶς
2846 4435 2874 4489 6
2912 4437 3075 4510 νόμος
3104 4437 3373 4494 ἀπόλλυσι
3406 4442 3531 4506 τοὺς
3550 4424 3752 4498 νοοῦντας

541 4525 734 4581 raliter
769 4541 889 4581 eam
912 4525 1249 4597 intelligunt,
1281 4527 1510 4582 interitu
1540 4536 1772 4598 mergat,
1816 4528 1939 4597 quae
1965 4526 2124 4581 vide-

2234 4525 2388 4580 αὐτον
2448 4527 2800 4597 σωματικῶς,
2830 4531 2897 4599 τῇ
2955 4530 3130 4583 κτίσει
3174 4529 3466 4601 λατρεύειν
3525 4531 3658 4600 παρὰ
3683 4527 3749 4580 τὸν

539 4616 670 4672 licet
696 4625 892 4672 auctor
912 4619 1166 4682 exsistat,
1189 4626 1253 4673 ut
1268 4618 1442 4690 magis
1460 4629 1748 4686 creaturae,
1762 4634 1925 4689 quam
1957 4619 2122 4674 Crea-

540 4711 648 4765 tori
693 4710 1000 4777 serviatur;
1035 4718 1091 4765 et
1132 4720 1195 4766 ut
1239 4711 1599 4767 veneratione
1647 4712 1910 4781 cultuque
1955 4710 2119 4782 digna

538 4801 880 4867 existiment,
940 4817 1067 4871 qua;
1125 4810 1351 4871 propter
1390 4801 1516 4857 illos
1570 4811 1756 4855 creata
1784 4808 1933 4865 sunt,
1962 4799 2119 4854 illum

539 4888 883 4959 ignorantes,
925 4900 1343 4962 propter'quem
1386 4891 1490 4961 ipsi
1522 4891 1874 4946 exstiterunt.

610 4981 703 5037 42.
730 4982 1022 5050 Quomodo
1051 4984 1198 5038 Deus
1234 4983 1537 5038 Sabbatum
1566 4991 1671 5037 est.

620 5069 713 5124 45.
788 5068 1079 5135 Quomodo
1146 5071 1294 5125 Deus
1340 5070 1508 5125 etiam
1564 5070 1773 5125 Pascha
1824 5070 2117 5141 mysticum

535 5167 644 5212 est.

609 5248 699 5302 44.
724 5248 872 5305 Festi
900 5250 1257 5307 Pentecostes
1284 5251 1631 5323 mysterium,
1663 5253 1721 5307 in
1746 5268 1860 5323 quo
1890 5254 2120 5325 mystice

2224 4616 2489 4672 κτίσαντα
2529 4617 2732 4672 πείθων
2755 4636 2770 4650 ·
2799 4620 2895 4673 καὶ
2938 4619 3187 4692 ἡγεῖσθαι
3225 4620 3391 4691 φύσει
3431 4623 3597 4676 σεπτά
3622 4620 3681 4674 τά
3700 4618 3748 4671 δι’

2224 4709 2421 4772 αὐτοὺς
2453 4710 2736 4778 γεγονότα,
2762 4710 2851 4765 τὸν
2874 4710 2943 4764 δι’
2976 4711 3036 4765 ὃν
3084 4712 3240 4766 αὐτοὶ
3283 4714 3573 4784 γεγόνασιν
3598 4712 3771 4781 άτνοήο.

2225 4820 2441 4866 σαντας.

2296 4980 2406 5052 μβ’.
2442 4980 2570 5045 Πῶς
2602 4982 2719 5033 ἐστι
2749 4980 3029 5035 Σάϐϐατον
3056 4984 3086 5035 ὁ
3120 4981 3273 5048 θεός.

2297 5080 2409 5144 μγ’.
2447 5074 2573 5161 Πῶς
2595 5076 2624 5127 ὁ
2650 5073 2780 5137 Θεὸς
2823 5073 2916 5127 καὶ
2938 5075 3130 5146 Πάσχα
3151 5077 3269 5130 ἐστὶ
3298 5077 3578 5149 μυστικόν.

2294 5254 2399 5324 μδ¹.
2433 5255 2748 5326 Μυστήριον
2772 5257 2873 5327 τῆς
2898 5257 3041 5312 κατὰ
3062 5257 3163 5328 τὴν
3174 5260 3554 5334 Πεντηκοστὴν
3571 5253 3738 5331 ἑορτῆς,

533 5354 727 5399 eorum
747 5354 872 5409 quae
904 5341 1288 5411 signiﬁcantur
1319 5343 1626 5415 spiritalem
1658 5344 1770 5398 vim
1795 5344 2113 5402 abstrusius

2234 5348 2278 5399 iv
2307 5338 2351 5413 ᾧ
2402 5346 2681 5416 μυστικῶς
2716 5346 2815 5419 τὴν
2859 5348 2969 5401 τῶν
3009 5349 3355 5422 δηλουμένων
3418 5346 3738 5422 πνευματικὴν

532 5428 743 5497 docuit,
768 5431 899 5487 dum
934 5432 1316 5489 Pentecostem
1355 5436 1527 5491 Deum
1552 5435 1866 5506 appellavit.
1904 5435 2111 5503 Quem-

2234 5437 2647 5510 εμυσταγώγησε
2673 5439 3031 5512 δύναμιν,τὸν
3060 5442 3192 5498 Θεὸν
3221 5438 3588 5517 Πεντηκοστὴν
3611 5451 3735 5511 προσο

531 5521 829 5589 admodum
900 5523 1051 5578 enim
1102 5540 1316 5592 monas,
1382 5542 1505 5597 qute
1593 5528 1809 5584 stabilis
1866 5538 2107 5596 maneat,

2234 5533 2542 5604 ιγορεύσας.
2575 5533 2663 5599 Ὠς
2691 5535 2800 5607 γὰρ
2828 5537 2860 5607 ἡ
2895 5537 3065 5606 μονὰς
3099 5539 3364 5610 στάσιμος
3390 5539 3611 5610 μένουσα
3633 5526 3736 5604 μετὰ

591 5693 633 5723 ’τ’
672 5695 809 5754 Gen.
838 5712 882 5764 ι,
912 5698 1005 5754 51.
