3986 6450
259 392 357 459 ’ἴδε

1313 387 1804 460 ΟΗΞΕΞΤΙΟΝΕΒ
1843 389 1942 446 ΑΙ)
1975 388 2487 451 TIIALASSIUM.

3411 390 3520 454 782

263 503 362 575 τὴν
388 501 470 564 είς
501 498 702 571 ἑαυτὴν
739 496 1104 570 ἑϐδοματικὴν
1158 495 1258 564 τῆς
1307 494 1600 564 ἑϐδομάδος
1635 494 1840 548 συνέλι-

1953 507 2069 565 post
2104 499 2465 567 septimanam
2495 499 2808 568 septenario
2830 500 3202 565 convolutam,
3253 500 3520 556 Penteco-

267 595 368 659 ξιν,
401 591 743 646 ἀποτελοῦσα
785 590 884 660 τὴν
931 588 1310 658 Πεντηκοστήν
1334 602 1348 617 ’
1392 587 1487 639 καὶ
1519 587 1679 640 πάλιν
1721 589 1840 649 ταῖς

268 687 346 748 εἰς
404 684 578 754 αὐτὴν
625 682 909 753 προσόδοις
960 680 1220 749 γινομένη
1276 677 1436 742 δεκάς
1462 679 1549 733 διὰ
1582 678 1842 741 πεντάδος

270 773 788 844 ίσοπλασιασθείσης
835 773 973 840 αὐτῇ
1033 771 1262 823 ποιοῦσα
1297 770 1395 838 τὴν
1435 768 1838 840 Πεντηκοστὴν,

265 865 410 937 ἀρχὴ
436 866 531 918 καὶ
570 863 722 926 τέλος
771 862 888 913 ἑστι
940 860 1048 912 τῶν
1095 859 1294 928 ἑαυτῆς
1321 874 1337 887 ο
1367 857 1425 910 τὸ
1462 858 1590 928 μὲν,
1620 857 1694 919 ὼς
1736 857 1842 925 πρὸ

270 957 470 1018 παντὸς
517 953 686 1007 ποσοῦ
709 970 720 982 ·
757 953 817 1005 τὸ
857 951 934 1015 δὲ,
961 950 1037 1014 ὡς
1071 949 1214 1020 ὑπὲρ
1262 948 1428 1001 ποσόν
1455 965 1468 978 ο
1502 948 1643 1000 οὕτω
1683 949 1777 1000 καὶ
1813 947 1842 998 6

261 1047 420 1111 Θεὸς,
442 1041 485 1114 ᾧ
508 1045 603 1116 τὴν
629 1035 830 1114 μονάδα
860 1028 1246 1096 κατέίκασίαν
1276 1038 1509 1110 τυπικὴν
1559 1023 1842 1106 άναλογεῖν

269 1140 491 1207 ἔφησεν,
527 1135 668 1207 ἁρχὴ
703 1136 796 1186 καὶ
850 1133 1004 1194 τέλος
1034 1133 1155 1184 ἐστὶ
1183 1130 1296 1183 τῶν
1323 1130 1514 1195 όντων,
1547 1130 1640 1182 καὶ
1663 1129 1840 1197 λόγος,

267 1223 311 1298 ᾧ
338 1230 406 1283 τὰ
439 1228 615 1281 πάντα
667 1213 996 1294 συνέστηκεν
1018 1240 1031 1254 ·
1065 1222 1210 1293 ἀρχὴ
1250 1209 1370 1292 μὲν,
1407 1223 1488 1274 ὅτι
1525 1222 1630 1291 πρὸ
1661 1220 1844 1288 πάσης

266 1322 455 1383 οὐσίας
491 1319 606 1372 ἑστι
638 1319 732 1372 καὶ
756 1319 1058 1386 κινήσεως·
1084 1315 1238 1377 τέλος
1265 1313 1340 1380 δὲ,
1372 1314 1454 1366 ὅτι
1483 1313 1622 1384 ὑπὲρ
1661 1314 1843 1366 πᾶσαν

266 1413 453 1468 οὐσίαν
486 1411 579 1464 καὶ
608 1412 848 1480 κίνησινο
870 1409 1026 1476 λόγος
1054 1407 1132 1474 δὲ,
1155 1407 1237 1460 ὅτι
1268 1407 1484 1459 πάντων
1511 1403 1629 1457 κατ’
1663 1403 1842 1456 αἰτίαν

266 1504 624 1574 προνοητικός
669 1504 835 1564 ἐστιν,
878 1500 955 1562 ὡς
999 1499 1136 1569 πρὸς
1166 1497 1528 1568 ὑποκείμενον
1558 1491 1695 1560 εἶδος
1723 1513 1846 1548 συν-

258 1598 387 1668 οχὴ,
422 1595 544 1648 καθ’
586 1595 652 1664 ἣν
683 1592 790 1645 τῶν
815 1591 982 1645 ὄντων
1004 1591 1232 1644 ἕκαστον
1258 1589 1380 1666 ἔχει.
1401 1588 1499 1660 τὴν
1527 1589 1586 1641 ὲν
1614 1586 1690 1657 τῷ
1719 1589 1847 1640 ἑαυ-

260 1691 362 1746 τοῦ
422 1690 566 1758 λόγῳ
623 1683 902 1756 διαμονήν.
941 1685 1110 1736 Ὅταν
1160 1677 1254 1735 οὖν
1303 1679 1513 1734 λάϐωσι
1569 1679 1744 1750 πέρας
1794 1680 1842 1731 οἱ

269 1782 449 1854 χρόνοι
497 1780 589 1832 καὶ
624 1779 674 1830 οἱ
712 1775 941 1838 αἰῶνες.
979 1767 1062 1837 οἷς
1113 1773 1398 1840 ἀναλογεῖν
1437 1771 1537 1841 τὴν
1575 1769 1844 1840 ἑϐδομάδα

265 1871 437 1940 φησιν
464 1909 478 1934 ,
511 1869 674 1930 αὐτὸς
728 1866 882 1919 ἔσται
930 1865 1053 1917 τότε
1117 1863 1425 1934 μονώτατος
1465 1863 1493 1915 6
1534 1862 1684 1926 Θεὸς,
1719 1861 1843 1931 δίχα

268 1960 367 2030 τῆς
387 1959 494 2011 τῶν
522 1959 624 2010 οὐκ
652 1957 803 2020 ἄνευ,
835 1955 1100 2019 τουτέστι,
1127 1953 1306 2006 τόπων
1332 1954 1429 2009 καὶ
1459 1953 1666 2024 χρόνων
1691 1968 1845 2020 μεσιδ-

267 2052 442 2114 τεὶας,
469 2048 794 2119 συγκροτῶν
828 2049 896 2100 δι’
927 2039 1123 2103 ἑαυτοῦ
1148 2044 1273 2098 καθ’
1305 2044 1499 2098 ἕνωσιν
1535 2041 1711 2113 άληθῆ
1734 2041 1844 2095 τῶν

258 2144 437 2197 -ὖντων
465 2144 521 2194 ὲν
557 2143 666 2204 τοῖς
703 2139 1030 2210 σωζομένοις
1061 2136 1325 2208 ὓπαρξιν·
1356 2137 1525 2205 ἤγουν
1557 2123 1654 2206 τὴν
1683 2134 1845 2203 φύσιν

267 2240 372 2310 τὴν
423 2236 678 2306 γενητὴν,
702 2235 767 2303 ἢν
802 2237 866 2303 τῇ
901 2232 1120 2285 πεντάδι
1167 2231 1534 2302 παρείκασεν,
1570 2229 1631 2282 οὐ
1686 2229 1846 2299 μόνον

261 2327 357 2381 διὰ
385 2329 482 2389 τὰς
513 2325 814 2396 αἰσθήσεις,
832 2317 921 2386 αἷς
955 2322 1286 2376 ὑποπίπτειν
1313 2321 1577 2389 πέφυκεν,
1597 2319 1730 2373 ἀλλὰ
1759 2318 1847 2372 διὰ
1913 2329 1915 2331 ’

267 2419 370 2489 τὴν
392 2416 685 2486 καθολικὴν
715 2416 1046 2485 ἐπιστήμην,
1077 2414 1200 2484 ἥτις
1247 2415 1305 2466 ἑν
1329 2415 1396 2482 τῇ
1426 2411 1715 2482 περιλήψει
1747 2413 1848 2481 τῆς

263 2511 379 2564 τῶν
399 2509 600 2580 νοερῶν
633 2526 690 2560 τε
718 2509 812 2562 καὶ
843 2507 1098 2575 λογικῶν,
1141 2503 1474 2576 αἰσθητικῶν
1505 2521 1564 2556 τε
1591 2505 1685 2556 καὶ
1719 2503 1850 2566 ζών-

269 2621 401 2668 των,
431 2604 523 2656 καὶ
545 2602 712 2654 ὄντων
741 2601 1043 2653 ἀπταίστου
1070 2598 1378 2668 καθέστηκε
1404 2595 1680 2664 γνώσεως.
1705 2595 1848 2648 06x-

267 2694 366 2748 οῦν
396 2692 665 2747 παύσεταί
693 2709 844 2755 ποτε,
876 2691 974 2760 τῆς
1010 2707 1068 2742 τε
1102 2689 1241 2743 κατὰ
1269 2690 1430 2743 τόπον
1461 2689 1725 2752 στάσεως,
1756 2686 1849 2740 καὶ

266 2785 372 2856 τῆς
399 2787 537 2838 κατὰ
565 2783 756 2855 χρόνον
787 2782 1070 2851 κινήσεως,
1101 2779 1174 2841 ὡς
1202 2780 1340 2850 ὑπὲρ
1363 2779 1434 2833 τὰ
1458 2780 1525 2834 δι’
1558 2779 1728 2848 αὐτὴν
1751 2772 1846 2846 γε·

269 2877 469 2944 γονότα
493 2863 777 2945 (τουτέστι,
805 2873 970 2925 τόπον
999 2873 1094 2924 καὶ
1127 2870 1338 2942 χρόνον)
1363 2869 1452 2924 διὰ
1477 2871 1575 2940 τῆς
1597 2869 1732 2939 πρὸς
1757 2865 1846 2923 τὸν

263 2969 426 3031 Θεὸν,
455 2967 522 3020 δι’
555 2966 615 3019 ὃν
637 2966 731 3017 καὶ
759 2964 1002 3031 γέγονεν,
1030 2960 1263 3031 ἀληθοῦς
1306 2960 1602 3028 συναφείας
1639 2961 1696 3012 ὲν
1735 2961 1848 3020 τοῖς

269 3056 603 3126 σωζομένοις
629 3053 897 3122 γενομένη
924 3052 1033 3104 τῶν
1060 3051 1227 3104 ὄντων
1259 3051 1292 3121 ἡ
1327 3048 1506 3119 φύσις.
1539 3047 1712 3101 Αὑτὸν
1741 3047 1849 3118 γὰρ

1942 599 2082 645 stem
2117 591 2394 657 efﬁciens;
2437 606 2501 646 ac
2545 607 2758 657 rursus,
2816 593 2933 648 suis
2984 592 3101 662 ipsa
3161 593 3400 648 cumulis
3449 593 3520 647 ad

1943 699 2172 752 eamque
2191 683 2607 740 accessionibus
2643 683 2808 738 decas
2843 685 3058 749 etfecm,
3078 701 3177 756 per
3203 685 3521 755 quinarium

1942 773 2116 844 aequis
2144 773 2221 827 illi
2254 773 2506 843 partibus
2533 775 2988 844 multiplicatum,
3020 775 3400 831 Pentecostem
3433 776 3524 829 iti—

1943 866 2069 921 dem
2110 866 2370 932 reddens,
2399 882 2624 922 suorum
2660 867 2997 936 principium
3032 882 3096 922 ac
3118 866 3244 922 ﬁnis
3262 868 3477 922 exsistit
3505 885 3520 933 ;

1943 959 2204 1024 alterum,
2236 968 2298 1013 ut
2333 968 2543 1029 quanto
2592 959 2742 1014 omni
2777 959 3060 1024 anterior;
3089 959 3322 1013 alterum
3366 975 3522 1024 vero,

1944 1057 2004 1104 ut
2033 1065 2100 1104 eo
2124 1050 2397 1119 superior.
2430 1052 2508 1104 Ita
2553 1058 2609 1106 et
2651 1051 2819 1116 Deus,
2855 1050 2942 1105 cui
2973 1049 3146 1120 ﬁgura
3179 1049 3418 1118 quadam
3462 1065 3528 1104 ac

1944 1141 2310 1197 similitudine
2334 1143 2624 1197 monadem
2669 1142 3029 1212 proportione
3073 1140 3410 1211 respondere
3441 1140 3528 1194 di-

1944 1231 2044 1295 xit,
2077 1246 2262 1285 rerum
2292 1231 2626 1302 principium
2655 1247 2720 1287 ac
2751 1231 2878 1286 ﬁnis
2905 1231 3147 1297 exsistit,
3171 1247 3238 1304 ac
3261 1230 3526 1296 Verbum,

1945 1335 2056 1388 quo
2081 1327 2278 1373 cuncta
2298 1321 2614 1375 consistunt
2643 1337 2708 1375 ac
2737 1321 2958 1376 condita
2992 1330 3145 1376 sunt.
3186 1320 3528 1390 Principium

1944 1412 2188 1484 quidem,
2222 1413 2368 1482 quod
2397 1421 2525 1469 ante
2560 1429 2780 1470 omnem
2819 1415 3181 1470 substantiam
3208 1424 3530 1484 motumque

1945 1513 2058 1572 est;
2093 1504 2218 1560 ﬁnis
2244 1513 2450 1570 autem,
2481 1507 2630 1576 quod
2692 1507 3008 1562 substantia
3059 1509 3212 1562 omni
3263 1517 3530 1577 motuque

1933 1598 2202 1676 superior
2223 1607 2327 1653 est.
2363 1598 2605 1653 Verbum
2662 1606 2846 1653 autem
2893 1614 2958 1654 ac
3007 1600 3170 1664 ratio,
3210 1599 3357 1669 quod
3404 1600 3530 1653 uni—

1945 1688 2123 1743 versis
2158 1697 2218 1742 ut
2265 1699 2456 1744 auctor
2507 1692 2818 1760 provideat,
2878 1691 3139 1760 quodque
3184 1691 3240 1745 in
3281 1691 3528 1761 subjecta

1947 1780 2130 1850 specie
2160 1780 2447 1851 formaque
2481 1784 2764 1837 contineat
2791 1798 2856 1837 ac
2885 1793 3211 1847 conservet;
3245 1797 3356 1851 quo
3380 1781 3531 1836 illius

1946 1886 2177 1926 munere
2202 1888 2291 1926 res
2323 1873 2551 1943 singulae
2597 1873 2653 1926 in
2696 1889 2796 1928 sua
2857 1873 3071 1926 ratione
3129 1873 3529 1942 perennitatem

1949 1962 2172 2017 habent.
2199 1963 2304 2018 Ubi
2336 1963 2505 2034 igitur
2534 1973 2785 2034 tempora
2812 1979 2877 2020 ac
2903 1964 3102 2019 saecula
3151 1964 3318 2018 ﬁnem
3368 1977 3532 2018 acce—

1946 2054 2149 2124 perint,
2176 2055 2378 2124 quibus
2403 2066 2551 2110 certa
2601 2056 2836 2126 quadam
2893 2057 3108 2110 ratione
3166 2055 3528 2124 septimanam

1947 2145 2284 2214 respondere
2305 2145 2459 2210 dicit,
2484 2146 2599 2215 ipse
2623 2155 2738 2200 tum
2763 2147 2906 2201 Deus
2930 2145 3402 2215 singularissimus
3425 2146 3533 2200 erit

1948 2235 2157 2304 absque
2183 2236 2271 2302 iis,
2307 2237 2426 2291 sine
2469 2238 2672 2306 quibus
2721 2254 2831 2291 non
2864 2237 3075 2308 (nullis
3125 2237 3338 2292 scilicet
3369 2237 3529 2299 locis,

1947 2326 2559 2398 nullisquciuterjectis
2599 2328 2987 2400 temporibus)
3037 2345 3068 2383 a
3123 2345 3182 2384 se
3232 2331 3379 2398 ipse,
3433 2344 3534 2398 per

1948 2434 2139 2471 veram
2177 2434 2365 2473 rerum
2394 2420 2677 2484 unionem,
2704 2420 2759 2473 in
2805 2420 2873 2474 iis
2901 2421 2996 2490 qui
3027 2420 3205 2474 salute
3234 2402 3532 2483 donantur,

1951 2509 2005 2562 id
2028 2510 2176 2578 quod
2226 2511 2503 2566 exsistunt
2554 2526 2890 2566 conservans
2933 2526 2998 2565 ac
3049 2521 3247 2566 tuens:
3280 2519 3533 2565 naturam

1950 2601 2162 2654 scilicet
2186 2610 2447 2666 creatam,
2484 2617 2649 2670 quam
2673 2601 2937 2671 quinario
2967 2617 3200 2656 numero
3247 2617 3536 2672 compara-

1950 2690 2052 2753 vit,
2077 2707 2186 2745 non
2209 2693 2388 2746 solum
2421 2701 2647 2763 propter
2671 2708 2888 2757 sensus,
2919 2693 2974 2747 in
3029 2709 3169 2763 quos
3197 2693 3277 2748 illi
3308 2708 3534 2764 compa-

1949 2790 2126 2836 ratum
2156 2791 2215 2837 ut
2269 2784 2464 2848 cadat,
2517 2783 2614 2839 sed
2655 2784 2822 2838 etiam
2881 2793 3108 2853 propter
3162 2784 3534 2842 universalem

1949 2872 2260 2936 scientiam,
2294 2873 2486 2942 quaein
2520 2874 2787 2929 inoffensa
2815 2884 3072 2944 certaque
3101 2876 3320 2948 notitia,
3368 2875 3534 2930 intel-

1949 2951 2376 3030 lectu,ratione,
2409 2980 2570 3019 sensu
2633 2965 2855 3034 vitaque
2902 2966 3154 3034 prmdita,
3188 2981 3253 3021 ac
3302 2982 3367 3021 ea
3413 2982 3534 3036 qua:

1952 3057 2130 3110 solum
2192 3057 2478 3118 exsistant,
2521 3057 2940 3125 complectente,
2994 3065 3078 3110 est
3124 3056 3325 3126 posita.
3359 3057 3538 3112 Futu-

266 3147 363 3201 τὸν
389 3147 542 3208 Θεὸν,
569 3143 709 3197 κατὰ
742 3143 832 3195 τὸν
877 3142 977 3211 τῆς
1019 3141 1278 3212 Προνοίας
1330 3139 1488 3206 λόγον
1509 3179 1523 3204 ,
1559 3141 1624 3209 τῇ
1668 3136 1846 3190 δεκάδι

1956 3162 2077 3199 rum
2145 3145 2314 3215 igitur
2339 3154 2423 3200 est
2471 3153 2531 3199 ut
2573 3145 2906 3216 quandoque
2936 3155 3116 3201 cesset
3167 3163 3197 3202 a
3255 3147 3444 3218 quiete
3479 3149 3538 3203 in

267 3244 380 3298 τῶν
431 3242 659 3295 ἐντολῶν
692 3240 822 3292 ἴδιον
857 3236 1198 3308 ποιησαμένη
1243 3235 1392 3287 ποιὸν
1430 3231 1729 3305 (τουτέστι,
1755 3231 1853 3300 τῆς

267 3338 337 3388 ὲκ
364 3334 584 3404 χάριτος
639 3332 779 3384 κατὰ
810 3329 906 3400 τὴν
966 3328 1160 3381 θέωσιν
1209 3325 1466 3400 ἰδιότητος
1520 3321 1851 3394 γνώρισμα),

267 3428 370 3497 τῆς
401 3443 460 3478 τε
500 3412 642 3478 κατὰ
675 3422 774 3493 τὴν
828 3421 1016 3475 στάσιν
1056 3421 1114 3472 ὲν
1160 3419 1310 3484 τόπῳ
1357 3414 1732 3488 περιγραφῆς,
1757 3413 1853 3466 καὶ

266 3520 370 3590 τῆς
400 3520 457 3571 ὲν
491 3516 668 3588 χρόνῳ
709 3515 848 3568 κατὰ
899 3513 998 3582 τὴν
1032 3511 1246 3581 κίνησιν
1296 3507 1797 3577 ἐλευθερωθήσεται
1833 3520 1849 3537 °

269 3611 462 3664 στάσιν
485 3608 796 3678 ἀεικίνητον
816 3605 1073 3668 λαϐοῦσα,
1098 3603 1196 3674 τὴν
1222 3603 1526 3673 ἀπέραντον
1554 3600 1661 3652 τῶν
1685 3598 1846 3650 θείων

269 3701 608 3764 ἀπόλαυσιν,
639 3700 735 3751 καὶ
785 3698 998 3766 κίνησιν
1047 3695 1342 3765 στάσιμον,
1377 3693 1476 3764 τὴν
1530 3693 1617 3743 ἐπ’
1664 3693 1846 3754 αὐτοῖς

267 3793 568 3863 ἀκόρεστον
597 3790 797 3862 δρεξιν.

1954 3239 2098 3301 loco,
2128 3253 2190 3290 ac
2226 3245 2378 3290 motu
2410 3237 2463 3290 in
2501 3246 2768 3307 tempore,
2805 3247 3063 3306 tanquam
3111 3238 3220 3293 illis
3263 3240 3536 3309 superior,

1951 3345 2072 3398 quae
2094 3337 2318 3398 propter
2338 3328 2512 3398 ipsam
2546 3338 2729 3384 creata
2753 3339 2882 3383 sunt
2908 3330 3046 3400 (loca
3070 3330 3282 3385 scilicet
3309 3345 3374 3386 ac
3403 3338 3543 3387 tem-

1950 3418 2107 3490 pora)
2156 3436 2256 3488 per
2289 3436 2474 3474 veram
2504 3435 2630 3475 cum
2663 3421 2775 3474 Deo
2822 3421 3083 3476 unionem
3125 3437 3190 3476 ac
3230 3421 3540 3491 copulatio-

1951 3526 2102 3574 nem,
2138 3520 2364 3580 propter
2388 3528 2552 3580 quem
2587 3523 2644 3567 et
2673 3513 2894 3567 condita
2937 3524 3042 3577 est,
3077 3513 3133 3567 in
3169 3513 3236 3568 iis
3263 3513 3539 3568 exsistens

1953 3617 2140 3654 rerum
2168 3610 2385 3666 natura,
2407 3601 2497 3670 qui
2527 3602 2700 3655 salute
2735 3602 2977 3656 donandi
3011 3610 3197 3658 erunt.
3229 3601 3359 3667 Quae
3388 3603 3536 3656 enim

1955 3695 2133 3764 ipsum
2164 3695 2336 3748 Deum
2360 3694 2664 3748 secundum
2698 3695 3065 3749 Providentia:
3087 3695 3356 3749 rationem
3381 3676 3537 3747 man-

1955 3785 2208 3838 datorum
2241 3783 2445 3838 decade
2476 3785 2754 3854 propriam
2784 3783 2891 3837 sibi
2919 3784 3236 3853 qualitatem
3272 3781 3538 3836 indiderit

267 3887 415 3960 (ejus
439 3883 648 3939 scilicet
669 3896 790 3951 qua:
841 3895 907 3933 ex
949 3876 1120 3948 gratia
1157 3891 1257 3946 per
1297 3872 1703 3928 deiﬁcationem
1746 3880 1853 3934 est,
1892 3873 2250 3943 proiirietatis
2310 3881 2494 3926 notam
2521 3880 2686 3940 atque
2727 3872 2960 3942 insigne)
3013 3881 3125 3926 tum
3157 3888 3187 3925 a
3216 3871 3419 3941 quietis
3479 3873 3535 3925 in

267 3977 394 4031 loco
427 3970 958 4040 circumscriptione,
986 3977 1101 4022 tum
1123 3983 1154 4022 a
1173 3977 1324 4021 motu
1361 3967 1416 4018 in
1441 3976 1689 4034 tempore
1717 3964 2000 4031 liberanda
2026 3973 2129 4030 est,
2159 3963 2305 4034 jugis
2366 3973 2547 4017 motus
2579 3964 2822 4031 quietem
2887 3973 3043 4018 nacta
3064 4004 3078 4028 ,
3149 3962 3536 4020 interminabi-

264 4069 381 4123 -lem
433 4065 750 4119 divinorum
801 4060 1119 4115 fruitionem
1147 4099 1162 4124 ,
1218 4066 1539 4126 motumque
1565 4056 1840 4119 stabilem,
1884 4055 2256 4110 insatiabilem
2294 4056 2405 4108 illis
2436 4055 2687 4109 fruendis
2715 4056 3055 4110 aviditatem.

347 4204 411 4256 με
433 4224 446 4239 .
480 4183 572 4254 Τῷ
607 4182 815 4251 ἑϐδόμῳ
853 4179 984 4249 μηνὶ
1018 4179 1164 4248 τρεῖς
1201 4178 1337 4229 εἰσιν
1369 4174 1587 4245 ἑορταί·
1611 4174 1850 4242 σαλπίγπ

265 4296 385 4348 γων
417 4276 510 4329 καὶ
550 4273 775 4343 ἱλασμοῦ
813 4271 906 4324 καὶ
964 4268 1368 4339 σκηνοπηγίας·
1399 4262 1532 4337 ὧνή
1584 4266 1682 4336 μὲν
1719 4266 1845 4319 σάλ-

268 4368 427 4438 πιγξ,
459 4367 624 4435 νόμου
658 4365 752 4418 καὶ
807 4361 1123 4433 προφητῶν,
1158 4362 1249 4413 καὶ
1280 4359 1379 4430 τῆς
1423 4358 1481 4423 ἐξ
1511 4357 1692 4410 αὐτῶν
1745 4375 1846 4428 κη-

2023 4173 2187 4243 299
2218 4173 2306 4228 45.
2347 4173 2531 4226 Mense
2577 4172 2814 4240 septimo
2839 4182 2951 4227 tres
2973 4181 3102 4227 sunt
3131 4172 3531 4232 solemnitates.

1954 4267 2232 4329 tubarum,
2283 4265 2691 4334 propitiationis
2735 4275 2792 4320 et
2839 4265 3179 4335 scenopegiaa
3212 4282 3226 4318 :
3257 4281 3288 4319 e
3329 4265 3534 4333 quibus

1952 4359 2106 4421 tuba,
2141 4357 2277 4427 legis
2302 4373 2365 4411 ac
2381 4358 2797 4426 prophetarum,
2816 4357 2989 4426 iisque
3023 4357 3329 4426 praedicata:
3351 4356 3534 4412 scien-

269 4460 608 4535 ρυττομένης
628 4456 879 4524 γνώσεως
906 4453 1074 4516 τύπος
1101 4451 1268 4519 ἐστίν,
1308 4453 1336 4504 6
1380 4451 1436 4503 δὲ
1477 4450 1721 4520 ἱλασμὸς,
1751 4451 1846 4520 τῆς

1957 4451 2062 4513 tiae,
2079 4458 2240 4520 typus
2261 4456 2362 4503 est.
2383 4448 2709 4518 Propitiatio
2734 4456 2935 4508 autem.
2957 4447 3051 4501 Dei
3074 4463 3197 4502 cum
3216 4447 3535 4502 hominibus

268 4551 366 4607 τοῦ
398 4550 533 4604 Θεοῦ
567 4550 700 4620 πρὸς
719 4549 808 4600 τὸν
837 4545 1122 4616 ἄνθρωπον
1155 4543 1245 4596 διὰ
1287 4541 1613 4613 σαρκώσεως
1642 4539 1842 4610 σύμϐο-

268 4644 361 4697 λον
394 4623 627 4712 ὑπάρχει
675 4637 1042 4706 καταλλαγῆς.
1087 4637 1144 4688 Ὀ
1187 4635 1296 4702 γὰρ
1347 4632 1546 4694 ὑποδὺς
1591 4631 1851 4693 ἑκουσίως

269 4736 372 4805 τὴν
418 4733 511 4786 τοῦ
548 4729 967 4804 κατακριθέντος
1026 4725 1372 4794 κατάκρισιν,
1425 4721 1705 4775 διελύσατο
1752 4722 1850 4790 τήν

274 4845 409 4880 ποτε
443 4827 579 4896 πρὸς
609 4824 770 4876 αὑτὸν
817 4821 1160 4891 κυρωθεῖσαν
1209 4816 1428 4887 ἔχθραν.
1473 4813 1538 4866 Ἦ
1582 4814 1636 4865 δὲ
1669 4830 1854 4883 σκηνο-

272 4921 470 4989 πηγία,
492 4917 836 4988 προτύπωσίς
873 4917 1020 4968 ἐστιν
1045 4909 1394 4970 ἀναστάσεως
1414 4947 1427 4970 ,
1454 4905 1549 4959 καὶ
1583 4906 1680 4974 τῆς
1714 4904 1851 4958 πάν-

270 5032 383 5066 των
419 5012 554 5082 πρὸς
585 5007 852 5078 ἀτρεψίαν
903 5003 1332 5074 μεταποιήσεως.

353 5123 470 5194 μς’.
506 5123 564 5174 '0
580 5122 758 5190 ψιλαῖς
786 5121 905 5179 ταῖς
935 5115 1178 5182 ἑναίμοις
1208 5115 1413 5182 χαίρων
1443 5110 1675 5173 θυσίαις,
1697 5109 1850 5178 φησι,

273 5219 406 5288 περὶ
431 5216 496 5268 τὰ
525 5213 672 5284 πάθη
716 5207 1034 5270 σπουδάζειν
1058 5207 1132 5268 ὡς
1167 5203 1419 5274 ἐμπαθὴς
1443 5201 1850 5270 παρασκευάζει

272 5311 402 5370 τοὺς
431 5308 686 5367 θύοντας·
725 5304 868 5371 φιλεῖ
913 5301 1021 5368 γὰρ
1053 5298 1263 5368 χαίρειν
1295 5296 1354 5348 τὸ
1397 5294 1633 5364 γνησίως
1671 5292 1848 5354 σέϐον,

272 5397 358 5464 οἷς
383 5399 558 5470 χαίρει
586 5399 644 5450 τὸ
681 5390 1173 5465 προσκυνούμενον.

354 5601 461 5670 μί’.
500 5599 624 5650 Ὅτι
659 5595 847 5657 θυσίας
873 5589 1010 5646 οἶδεν
1035 5595 1063 5644 6
1091 5589 1264 5658 λόγος,
1313 5591 1465 5660 φησι,
1489 5589 1587 5659 τὴν
1615 5589 1721 5640 τῶν
1747 5607 1851 5641 πα-

273 5694 387 5748 θῶν
412 5690 642 5759 σφαγὴν,
671 5688 764 5740 καὶ
792 5686 888 5756 τὴν
924 5684 1032 5736 τῶν
1084 5681 1328 5752 φυσικῶν
1367 5681 1650 5750 δυνάμεων
1681 5699 1852 5750 προσ-

261 5783 528 5858 αγωγὴν·
559 5775 632 5835 ὧν
665 5779 756 5833 τοῦ
791 5779 886 5850 μὲν
923 5777 1080 5845 λόγου
1111 5775 1278 5839 τύπος
1317 5775 1463 5828 ἐστὶν
1494 5775 1691 5846 ὁκριός
1721 5791 1732 5804 ο
1756 5774 1850 5827 τοῦ

1958 4558 2056 4612 per
2084 4541 2523 4596 incarnationem
2549 4539 3022 4594 reconciliationis
3048 4540 3376 4611 symbolum.
3426 4538 3531 4604 Qui

1954 4633 2103 4687 enim
2134 4642 2351 4701 sponte,
2377 4632 2498 4701 ejus
2521 4631 2616 4699 qui
2657 4646 2786 4685 reus
2827 4631 3076 4685 criminis
3118 4641 3257 4695 erat,
3308 4631 3537 4685 damna-

1954 4725 2160 4779 tionem
2185 4723 2374 4788 subiit,
2397 4722 2542 4791 quod
2574 4722 2626 4775 in
2657 4739 2782 4776 eum
2812 4723 3021 4792 pridem
3047 4722 3318 4776 ﬁrmatum
3343 4723 3530 4777 odium

1953 4825 2090 4879 erat,
2123 4814 2395 4868 dissolvit.
2430 4813 2768 4882 Sccnopegia
2801 4829 2952 4875 vero,
2991 4813 3187 4866 futurae.
3229 4813 3533 4882 designatio

1954 4906 2400 4968 resurrectionis,
2430 4904 2790 4974 omniumque
2814 4905 2868 4958 in
2898 4905 3298 4958 immutabilem
3328 4913 3531 4958 statum

1954 4995 2447 5052 trausmutationis.

2025 5117 2112 5172 46.
2161 5116 2264 5181 Qui
2304 5114 2468 5168 nudis
2509 5114 2757 5167 cruentis
2797 5111 2994 5168 hostiis
3049 5113 3376 5178 delectatur,
3429 5114 3536 5170 hoc
3580 5113 3584 5116 ’

1953 5216 2179 5279 ιιι-αδδιδι
2209 5217 2467 5275 tanquam
2513 5205 2884 5269 libidinosus",
2917 5215 2980 5259 ut
3024 5207 3118 5274 qui
3167 5205 3394 5272 faciunt,
3431 5207 3536 5276 ipsi

1955 5313 2176 5367 quoque
2205 5297 2422 5350 libidini
2449 5295 2727 5348 studeant.
2771 5294 3045 5360 Quienim
3095 5295 3309 5350 sincere
3359 5313 3536 5366 exque

1954 5391 2138 5445 animo
2162 5389 2314 5453 colit,
2345 5389 2414 5442 iis
2440 5388 2621 5442 libens
2653 5389 2874 5458 gaudet,
2902 5389 3106 5458 quibus
3150 5389 3288 5457 ipse,
3323 5389 3412 5443 cui
3445 5405 3536 5443 ve-

1955 5483 2299 5536 nerationem
2335 5496 2397 5535 ac
2419 5482 2625 5534 cultum
2656 5480 2868 5534 tribuit.

2025 5597 2113 5650 47.
2145 5595 2366 5649 llostias
2385 5593 2692 5663 Scriptura.
2733 5594 3031 5648 allectuum
3086 5593 3534 5657 immolationem,

1953 5686 2400 5753 naturaliumque
2439 5683 2760 5737 facultatum
2801 5685 3160 5748 oblationem,
3182 5701 3380 5739 vocare
3406 5699 3536 5740 con-

1957 5776 2171 5839 suevit;
2200 5790 2229 5828 ο
2259 5774 2464 5843 quibus
2509 5774 2674 5839 aries,
2723 5773 2954 5828 rationis
3013 5772 3181 5844 ﬁgura
3244 5782 3358 5840 est;
3418 5784 3536 5831 tau-
