3986 6412
208 379 320 445 785
1394 382 1892 456 QUESTIONES
1929 383 2027 445 ET
2066 380 2323 445 DUBIA.
3394 384 3502 449 786

285 493 379 558 ξε’.
417 490 545 557 Πῶς
600 494 758 561 Δόξα
815 494 1037 567 λέγεται
1094 495 1259 550 πάλιν
1317 497 1425 553 τοῦ
1484 498 1734 567 Ἰσραὴλ
1775 500 1859 559 6A

1980 499 2070 553 65.
2098 498 2390 566 Quomodo
2437 514 2630 555 rursus
2684 499 2881 557 Sermo
2936 500 3155 557 dicatur
3189 498 3372 558 ϐίον-ἔα
3421 499 3504 557 ls-

212 587 415 653 Λόγος.

1910 592 2087 645 raclis.

287 680 397 745 ξς’.
430 678 607 750 Ἅμα,
632 679 819 751 φησὶν,
850 680 1166 736 ἀποκτείνει
1202 698 1288 746 τις
1316 680 1406 734 τὸν
1436 684 1492 735 ὲν
1518 682 1597 753 τῷ
1626 684 1808 754 γράμ-

1981 683 2201 739 66.Mox
2227 700 2291 740 ac
2311 684 2512 755 aliquis
2534 686 2890 741 exsistentem
2920 688 2974 741 in
3002 687 3139 757 legis
3168 688 3353 744 littera
3377 704 3500 743 cor-

213 788 351 840 ματι
395 769 491 824 τοῦ
528 771 695 841 νόμου
742 774 1054 843 σωματικὸν
1083 773 1231 839 νοῦν,
1272 774 1625 846 βασιλεύοντα
1659 775 1787 845 δέχε-

1931 778 2158 833 )oralem
2182 794 2408 833 sensum
2430 779 2654 844 occidit,
2690 788 3012 849 regnantem
3044 780 3099 833 in
3151 780 3347 849 spiritu
3377 782 3505 837 Ser-

208 880 307 917 ται
346 863 440 917 τὸν
472 864 530 917 ὲν
552 864 629 935 τῷ
658 864 932 936 πνεύματι
958 867 1138 936 λόγον.

801 884 932 936 ματι
958 867 1138 936 λόγον.
1912 885 2133 924 monem
2158 871 2375 941 recipit.

290 957 390 1022 ξξ.
423 957 528 1010 Τὸν
562 958 725 1010 Δαὸὶδ
756 958 916 1012 ἔλαϐε
965 960 1063 1014 καὶ
1100 960 1182 1023 είς
1215 960 1307 1014 τὸν
1339 960 1570 1031 Κύριον,
1600 960 1695 1013 καὶ
1730 962 1808 1024 εἰς

1984 962 2074 1017 67.
2113 961 2477 1027 Davidem,et
2505 962 2723 1018 Domini
2752 971 2809 1017 et
2847 962 3131 1034 Evangelii
3167 973 3223 1019 et
3260 964 3506 1020 scientia:

209 1054 277 1105 τὸ
304 1052 657 1122 Εὑαγγέλιον,
698 1053 794 1107 καὶ
832 1056 913 1118 είς
947 1053 1038 1109 τὸν
1084 1054 1451 1125 πνευματικὸν
1493 1054 1688 1123 νόμον
1719 1073 1783 1107 κα

1934 1061 1969 1109 :t
2001 1052 2511 1123 contemplationis,
2538 1060 2595 1106 et
2628 1052 2864 1107 actionis
2893 1052 3080 1123 (quam
3101 1050 3320 1123 vocant)
3350 1051 3508 1109 novi.

212 1149 298 1209 είς
333 1146 430 1217 τὴν
460 1147 686 1215 γνῶσιν,
725 1147 819 1200 καὶ
872 1147 954 1211 είς
999 1146 1101 1219 τὴν
1153 1148 1409 1219 θεωρίαν,
1451 1148 1545 1200 καὶ
1598 1148 1679 1211 εἰς
1713 1148 1786 1217 τὴι

1934 1162 2025 1218 ιυο
2061 1145 2251 1216 populi
2300 1153 2430 1216 typo
2455 1144 2705 1214 accepit;
2761 1145 3028 1214 juxtaque
3079 1143 3263 1198 varios
3312 1158 3508 1199 sensus

212 1239 526 1308 λεγομένην
555 1236 779 1309 πρᾶξιν,
816 1238 911 1292 καὶ
944 1239 1024 1302 είς
1071 1237 1163 1291 τὸν
1200 1239 1321 1292 νέον
1351 1238 1505 1291 λαόν·
1542 1239 1635 1291 καὶ
1670 1256 1786 1292 κατι

1935 1235 2195 1306 spiritalis
2219 1235 2435 1299 modos,
2475 1250 2578 1304 pro
2608 1234 2861 1289 locorum
2903 1235 3144 1299 ratione,
3206 1233 3340 1305 quid
3393 1233 3509 1289 cui-

212 1330 454 1393 σῃλλοὺς
500 1329 735 1400 θεωρίας
789 1330 1050 1400 τρόπους,
1099 1330 1429 1400 προσφὸρως
1462 1331 1576 1393 τοῖς
1628 1330 1781 1383 τόποι

1934 1342 2026 1398 ιιιθ
2062 1343 2131 1382 ex
2157 1326 2421 1398 subjectae
2446 1327 2692 1382 materize
2722 1342 2826 1382 usu
2857 1327 2952 1393 sit,
2985 1326 3384 1383 convenienter
3410 1342 3508 1397 ap-

214 1423 359 1490 πρὸς
397 1421 495 1492 τὴν
526 1420 903 1492 ὑποκειμένην
929 1422 1143 1492 ἥρμοσε
1176 1424 1388 1493 χρείαν.
1919 1420 2073 1474 tavit.

296 1512 398 1583 ξη’.
443 1514 502 1567 '0
520 1513 647 1577 τοὺς
672 1513 875 1577 τύπους
910 1514 1047 1567 ἀλλά
1074 1514 1149 1586 μὴ
1175 1515 1241 1568 τά
1269 1515 1554 1586 ἀρχέτυπα
1576 1514 1685 1569 τῶν
1716 1534 1817 1587 μυ-

1989 1511 2079 1566 68.
2118 1510 2220 1578 Qui
2246 1509 2469 1582 ﬁguras,
2504 1528 2615 1567 non
2644 1512 2789 1583 ipsas
2812 1512 3095 1583 principes
3117 1511 3508 1583 mysteriorum

219 1605 468 1675 στηρίων
501 1603 661 1675 ἔχων,
696 1605 791 1659 καὶ
820 1604 925 1676 τὴν
956 1605 1249 1678 ἐρώτησιν,
1278 1607 1416 1661 ἀλλὰ
1442 1607 1518 1679 μὴ
1546 1607 1644 1679 τὴν
1677 1607 1790 1677 γνῶ

1936 1602 2088 1673 300
2116 1602 2345 1669 formas,
2405 1618 2470 1659 ac
2505 1605 3004 1674 pereontationem,
3045 1620 3155 1659 non
3191 1603 3510 1659 illustratio—

217 1712 309 1746 σιν
338 1692 447 1748 τῶν
482 1695 539 1746 ὲν
580 1694 852 1766 πνεύματι
888 1696 1209 1767 φωτισμῶν,
1241 1697 1481 1768 εἰληφὼς
1503 1700 1736 1762 δάνειον,
1757 1717 1791 1751 τι

1937 1708 2054 1747 ium
2080 1691 2137 1746 in
2161 1692 2358 1763 spiritu
2397 1694 2685 1749 scientiam
2726 1704 2924 1750 nactus
2944 1703 3067 1761 est;
3112 1702 3341 1764 accepto
3384 1709 3511 1748 mu-

214 1785 658 1857 ὁμολογούμενον
701 1788 814 1850 τοῖς
850 1788 1307 1859 προειρημένοις,
1334 1790 1432 1861 τὴν
1466 1791 1583 1843 κατ’
1624 1790 1788 1861 αἴσθη

1940 1801 2041 1851 ,uo,
2075 1800 2177 1855 pro
2197 1802 2265 1840 eo
2294 1801 2358 1839 ac
2392 1786 2779 1856 superioribus
2811 1786 3095 1857 explorate
3143 1787 3393 1841 habitum
3428 1793 3514 1841 est

218 1896 310 1930 σιν
340 1879 398 1931 ὲν
429 1880 540 1941 τοῖς
570 1878 863 1949 συμϐόλοις
886 1878 982 1933 τοῦ
1006 1880 1171 1951 νόμου
1195 1883 1422 1951 πεῖραν·
1454 1882 1599 1936 κατὰ
1634 1883 1792 1955 ψυχὴε

1946 1879 2086 1951 legis
2124 1879 2339 1934 scilicet
2355 1891 2423 1934 ex
2468 1895 2663 1935 sensus
2708 1879 2924 1933 ratione
2973 1878 3027 1933 in
3058 1878 3323 1951 symbolis
3350 1892 3516 1947 expe-

214 1966 510 2036 λιμώττων
546 1967 643 2022 τοῦ
694 1968 1043 2039 πνεύματος,
1078 1971 1175 2025 καὶ
1208 1972 1307 2043 τὴν
1358 1972 1548 2044 ὥσπερ
1592 1973 1788 2044 ὁδηγίαπ

1940 1969 2198 2042 -imento)
2234 1971 2464 2041 spiritus
2509 1969 2653 2026 fame
2695 1971 2882 2025 animo
2944 1969 3313 2034 contabescit,
3359 1967 3514 2023 velut

214 2058 493 2131 ἐρώτησιν
521 2061 620 2132 τῆς
668 2063 809 2117 κατά
858 2063 1121 2136 ἀλήθειαν
1170 2064 1423 2135 γνώσεως
1469 2066 1788 2137 μυωπάζων

1937 2060 2023 2115 riae
2043 2060 2265 2125 ducem,
2301 2058 2448 2135 verat
2482 2060 2731 2117 scientia:
2754 2060 3231 2132 percontationem
3270 2058 3511 2115 lusciosc

226 2788 3440 2833 Ἢ

298 2225 395 2291 ξθθ.
429 2226 817 2298 Μεταξυλογία
844 2229 984 2295 ἐστὶ,
1016 2229 1078 2284 τὸ
1110 2231 1167 2285 ὲν
1260 2232 1423 2304 τυχόν
1460 2234 1578 2287 ἐστι
1612 2234 1814 2289 πολλά-

1939 2149 2231 2206 ittendens.

1995 2242 2084 2297 69.
2109 2242 2474 2298 lnterloculio
2500 2250 2605 2311 est,
2624 2243 2770 2314 quod
2794 2244 2866 2298 ita
2899 2243 3125 2309 dicitur,
3160 2243 3217 2298 in
3241 2258 3349 2314 qua
3372 2242 3513 2300 forte

218 2338 315 2384 κις
346 2321 441 2375 καὶ
469 2321 760 2393 πλάνησις.

1920 2348 2069 2403 saepe
2105 2333 2274 2388 etiam
2314 2350 2474 2389 error
2504 2344 2589 2391 est
2617 2352 2682 2391 ac
2703 2336 2978 2407 deceptio.

288 2421 352 2468 o'.
386 2416 809 2488 Μακαριότητος
858 2417 1016 2489 δῆλον
1074 2419 1196 2485 ὅτι,
1229 2420 1356 2485 τοὺς
1404 2422 1545 2475 κατὰ
1596 2421 1820 2491 μέθεξιν

1993 2422 2095 2479 70.
2126 2423 2540 2479 Beatitudinem
2568 2426 2805 2491 scilicet,
2837 2442 2961 2496 qua:
2984 2442 3081 2481 eos
3110 2425 3203 2497 qui
3238 2427 3360 2499 ejus
3389 2443 3514 2500 par-

214 2508 397 2579 αὐτῆς
439 2508 775 2576 ἀξιωθέντας
823 2513 1378 2585 χαρακτηριζούσης,
1410 2514 1507 2567 καὶ
1548 2514 1610 2580 ἐξ
1645 2514 1784 2585 αὑτῆ

1938 2514 2118 2586 νὶοἰρθε
2146 2516 2286 2572 eﬂici
2314 2526 2643 2573 meruerunt
2662 2519 2817 2575 velut
2839 2526 2969 2575 nota
2991 2519 3271 2590 insigniat,
3308 2527 3365 2575 et
3394 2534 3424 2574 a
3455 2534 3512 2576 se

217 2601 543 2671 γνωρίμους
577 2602 777 2668 αὐτοὺς
804 2605 1143 2660 καθιστῶσα.

916 2605 1143 2660 ιστῶσα.
1917 2617 2086 2665 notos
2109 2609 2238 2665 illos
2264 2608 2489 2665 cﬂiciat.

3014 2806 3472 2835 ..__—'—=—-—'...__a

649 3209 1159 3309 ΠΕΥΣΕΙΣ,
1221 3213 1419 3299 ΚΑΙ
1491 3211 2165 3301 ΑΠΟΚΡΙΣΕΙΣ
2224 3215 2422 3300 ΚΑΙ
2471 3213 3088 3301 ΕΡΩΤΗΣΕΙΣ

1640 3391 1761 3448 ΚΑΙ
1796 3394 2099 3449 ΕΚΛΟΓΑῙ

1278 3548 1584 3617 Διαφόρων
1608 3549 1958 3618 κεφαλαίων
1983 3548 2410 3620 ἀπορουμένων
2426 3552 2463 3611 ⁸,

1554 3841 1707 3957 EJ
1722 3840 2197 3955 USDEM

864 4066 1381 4144 QUIESTIONES,
1422 4066 2151 4129 INTERROGATIONES
2190 4068 2286 4128 ET
2326 4067 2900 4130 RESPONSIONES

1094 4224 1624 4303 Diversorumque
1660 4220 2082 4286 diﬂiciliorum
2116 4223 2392 4303 capitum
2439 4221 2663 4285 electa.

804 4525 1142 4580 raporum:
1173 4526 1252 4579 A'.
1851 4532 1929 4594 ο·

1851 4538 1894 4594 C
1916 4532 1929 4544 ’
2404 4519 2931 4577 INTERROGATIO
2981 4518 3023 4575 l.

311 4622 483 4687 τίνες
515 4618 716 4689 ἀρεταὶ
748 4617 979 4688 ψυχῆς,
1010 4617 1106 4672 καὶ
1134 4619 1298 4685 τίνες
1323 4618 1597 4689 σώματος
1623 4638 1643 4686 ;

2009 4616 2270 4682 ριιαηιαηι
2322 4617 2526 4681 animi,
2567 4633 2629 4669 ac
2689 4631 2939 4685 quamam
2980 4614 3088 4668 sint
3144 4614 3375 4683 corporis
3423 4614 3526 4669 vir-

1937 4718 2071 4762 tutos
2095 4710 2120 4762 Ρ

862 4820 1230 4889 Ἀπόκρισις.
1984 4836 1991 4841 ’

1984 4836 1991 4841 ’
2573 4818 2876 4890 Responsio.

311 4912 532 4984 ’Λρεταὶ
572 4911 754 4983 ψυχῆς
805 4912 943 4965 εἰσιν
995 4908 1187 4967 αὗταιο
1222 4912 1446 4982 ἀγάπη,
1473 4912 1826 4979 ταπείνωσις,

2003 4915 2188 4970 Animi
2217 4914 2452 4968 virtutes
2476 4922 2608 4966 sunt
2642 4911 2727 4967 bre
2758 4929 2770 4965 :
2833 4910 3076 4965 charitas
3122 4924 3222 4965 seu
3275 4908 3520 4978 dilectio,

230 5004 515 5077 πραΰτης,
572 5004 947 5077 μακροθυμία,
1012 5004 1372 5070 ἀνεξικακία,
1427 5006 1803 5076 ἀμνησικακία

1948 5009 2245 5071 humilitas,
2297 5004 2692 5069 mansuetudo,
2747 5004 3181 5074 longanimitas,
3232 5003 3522 5074 patientia,

231 5098 626 5169 ἀοργησέα,τδ
673 5098 912 5168 ἄθυμον,
946 5098 1005 5151 τὸ
1059 5098 1312 5167 ἄφθονον,
1365 5098 1427 5152 τὸ
1475 5099 1735 5170 ἄκριτον,
1771 5118 1805 5155 τη

1960 5099 2263 5170 njuriarum
2329 5094 2563 5160 oblivio,
2598 5094 2666 5149 ab
2697 5093 2800 5158 ira,
2827 5094 3037 5159 furore,
3081 5094 3290 5149 invidia
3327 5094 3526 5150 immu-

238 5191 570 5257 ἁκενόδοξον
591 5232 606 5257 ,
641 5190 1007 5261 ἐλεημοσύνη,
1052 5188 1403 5260 σωφροσύνη,
1432 5190 1806 5263 ἀφιλαργυρία

1948 5209 2067 5248 nem
2100 5208 2246 5257 esse,
2282 5206 2393 5246 non
2413 5188 2689 5260 judicare,
2718 5189 2869 5243 inani
2898 5189 3087 5259 gloriae
3108 5204 3221 5243 non
3277 5189 3522 5254 studere,

236 5282 581 5353 συμπάθεια,
633 5283 876 5352 ἄτυφον,
918 5282 1358 5353 ἀνυπερήφανον,
1413 5285 1808 5338 κατανυκτικόν

1946 5290 2315 5359 elcemosyna,
2344 5285 2575 5341 castitas
2601 5284 2881 5353 animique
2908 5284 3199 5348 sobrietas,
3229 5299 3339 5339 non
3372 5284 3520 5337 avari

249 5376 475 5445 Ἀρεταὶ
506 5377 563 5430 δὲ
604 5375 858 5447 σώματός
911 5375 1049 5428 εἰσιν
1103 5371 1300 5429 αὗται·
1337 5376 1589 5446 νηστεία,
1624 5393 1823 5446 χαμευ-

1947 5394 2147 5443 mores,
2183 5375 2354 5431 animi
2399 5373 2719 5430 miserantis
2747 5374 2991 5443 aﬂ'ectio,
3028 5391 3224 5431 sensus
3264 5376 3331 5430 ab
3375 5374 3521 5428 omni

237 5468 354 5531 νία,
401 5469 699 5539 ἀγρυπνία,
742 5469 1041 5540 ἐγκράτεια
1066 5511 1080 5535 ,
1115 5468 1495 5540 ἀκτημοσύνη,
1535 5468 1596 5521 τὸ
1635 5470 1811 5541 ἀπερίι

1952 5470 2254 5541 arrogantia
2290 5484 2354 5523 ac
2386 5469 2649 5538 superbia
2672 5470 2908 5533 alienus,
2959 5468 3334 5540 compunctio.
3390 5466 3526 5523 Cor-

232 5576 505 5615 σπαττον.
1940 5563 2092 5634 poris
2113 5570 2297 5616 autem
2321 5559 2561 5614 virtutes
2592 5568 2721 5615 sunt
2751 5579 2764 5614 :
2803 5561 3097 5633 jejunium,
3126 5560 3253 5615 lecti
3291 5557 3527 5615 durities

229 5651 500 5722 nudaque
533 5655 687 5712 humi
722 5656 967 5723 cubatio,
994 5657 1215 5729 vigilite,
1252 5658 1616 5723 continentia,
1650 5674 1834 5714 rerum
1874 5657 2172 5722 abdicatio,
2198 5672 2307 5710 non
2340 5654 2616 5725 divagatio
2651 5672 2757 5711 seu,
2778 5654 3095 5711 distractio.-

310 5814 339 5838 '
370 5811 448 5865 Ex
497 5811 667 5885 Regio
712 5816 837 5871 cod.
870 5817 1152 5889 alteroque
1200 5820 1376 5875 excel.
1415 5821 1479 5876 V.
1520 5821 1670 5877 Petri
1717 5820 1966 5891 Seguier,
1991 5821 2236 5877 Francim
2262 5819 2600 5877 cancellarii.
