3986 6414
253 344 348 412 {39

1409 358 1903 430 QUgESTIONES
1942 360 2035 419 ET
2082 356 2338 421 DUBIA.

3417 360 3522 423 790

241 458 321 528 τῷ
350 456 600 529 διαϐόλῳ,
630 457 770 512 ὥστε
808 461 1245 531 μαστιγωθῆναι,
1282 465 1375 517 καὶ
1419 467 1516 528 τὰς
1557 466 1694 537 ὑπὲρ
1731 465 1822 519 τοῦ

1952 470 2314 535 :ruciaudum,
2344 477 2397 523 et
2429 475 2487 522 ut
2515 467 2732 524 debitas
2771 470 2957 526 Israeli
2991 485 3182 535 pcenas
3208 470 3324 540 ipse
3355 470 3525 525 susti-

259 550 477 620 Ἰσραὴλ
502 551 753 613 κολάσεις
793 553 1085 621 ὑπομεῖναι
1116 571 1129 585 '
1155 556 1330 629 ἇσπερ
1362 557 1501 609 κατὰ
1538 558 1593 609 τὸ
1625 558 1833 610 δίκαιον

142 672 147 677 ι
244 639 583 709 ἑχρεώστουν
627 642 771 713 ὑπὲρ
814 643 913 712 τῆς
953 646 1031 706 εἰς
1061 644 1193 696 Θεὸν
1238 646 1517 712 ἀπιστίας,
1552 647 1712 717 μόνον
1744 648 1834 701 ἵνα.

247 731 463 785 σωθῶσι
489 748 503 763 ο
538 733 662 786 καθ’
694 734 752 786 ὃν
792 735 992 804 τρόπον
1042 736 1136 789 καὶ
1185 737 1212 787 ό
1262 737 1467 806 Κύριος
1520 737 1833 808 παρέδωκεν

248 825 464 889 ἑαυτὸν,
506 827 600 879 καὶ
636 827 858 896 γέγονεν
885 828 1024 897 ὑπὲρ
1049 829 1208 899 ἡμῶν
1244 830 1479 900 κατάρα.

872 1022 1069 1075 ΕΡΩΤ.
1115 1022 1187 1076 Ε¹.

320 1112 483 1167 Κατὰ
516 1114 751 1181 πόσους
794 1120 1057 1184 τρόπους
1091 1116 1487 1185 ἐξαμαρτάνει
1531 1118 1565 1171 ὁ
1620 1116 1840 1185 ἄνθρω-

247 1220 383 1270 stoc.

929 1316 1167 1385 Ἀπόκρ.

322 1402 490 1476 Οἶμαι
542 1407 683 1459 κατὰ
726 1406 1007 1481 τέσσαρας
1061 1410 1297 1479 τρόπους
1350 1411 1688 1481 ἁμαρτάνειν
1749 1411 1841 1464 τὸν

250 1498 539 1567 ἄλθρωπον
568 1514 581 1527 ·
621 1496 764 1549 κατὰ
820 1497 1195 1567 συναρπαγὴν,
1238 1500 1381 1552 κατὰ
1430 1499 1666 1568 ἀπάτην,
1701 1501 1842 1554 κατὰ

254 1588 504 1652 ἄγνοιαν,
547 1588 689 1639 κατὰ
738 1586 994 1641 διάθεσιν.
1040 1588 1148 1639 Καὶ
1195 1589 1251 1641 αἱ
1294 1589 1394 1659 μὲν
1429 1590 1639 1659 πρῶται
1672 1592 1840 1660 τρεῖς,

255 1678 499 1748 εὐχερῶς
547 1680 628 1742 εἱς
686 1679 981 1747 ἐπίγνωσιν
1050 1680 1144 1733 καὶ
1203 1683 1493 1752 μετάνοιαν
1548 1683 1841 1753 ἓρχςνταιο

251 1773 282 1823 ὀ
307 1773 365 1824 δὲ
423 1773 487 1823 ὲκ
518 1771 809 1835 διαθέσεως
859 1773 1211 1841 ἁμαρτάνων,
1251 1775 1346 1828 καὶ
1395 1776 1530 1846 μήτε
1573 1779 1640 1846 τῇ
1677 1777 1841 1846 πείρᾳ

256 1864 393 1933 μήτε
416 1861 494 1931 τῷ
524 1861 700 1933 χρόνῳ
731 1864 811 1925 εἰς
864 1863 1151 1933 μετάνοιαν
1186 1864 1314 1936 ὲρχό
1325 1882 1511 1934 μενος,
1540 1866 1841 1934 ἀνήκεστον

254 1953 371 2024 ἔχει
401 1953 498 2025 τὴν
527 1955 767 2009 κόλασιν.

875 2245 1073 2301 ΕΡΩΤ.
1117 2247 1209 2302 (τ’.

875 2247 1073 2301 ΕΡΩΤ.
1195 2287 1209 2302 .

330 2334 391 2387 Tt
425 2332 603 2402 δηλοῖ
644 2336 714 2389 ἐν
760 2334 842 2400 τῷ
870 2247 1233 2407 Ἐὑαγγεῖῳ
1275 2339 1307 2391 ό
1339 2338 1554 2408 Κύριος
1587 2340 1781 2409 λέγων
1823 2357 1845 2407 ;

258 2426 419 2481 ιΔύο
461 2427 749 2495 στρουθία
780 2427 1085 2495 ἀσσαρίου
1107 2427 1406 2482 πωλεῖται.
1444 2447 1463 2480 ι

936 2561 1177 2617 Ἀποκο.

323 2644 460 2697 Φασὶ
486 2644 630 2707 τινὲς
659 2644 719 2698 τὸ
749 2580 1410 2717 ἀσσὰρῖὶῗοὲεέάνουμον
1438 2646 1512 2720 (d)
1536 2642 1696 2706 εἶναι.
1738 2653 1845 2721 Δη-

253 2734 443 2789 λοῦται
475 2736 532 2789 δὲ
561 2736 651 2790 διὰ
683 2737 776 2790 τοῦ
800 2736 955 2798 δέκα,
994 2737 1090 2790 τοῦ
1122 2738 1622 2817 Ιῶταργράμματος
1642 2757 1658 2772 ⁸
1701 2743 1845 2816 ἀρχὴ

254 2824 313 2878 δέ
344 2827 459 2877 ἐστι
490 2824 648 2879 τοῦτο
674 2827 770 2885 τοῦ
803 2827 1064 2899 ὀνόματος
1103 2827 1196 2880 τοῦ
1224 2830 1430 2903 Κυρίου
1473 2831 1627 2901 ἡμῶν
1670 2832 1844 2903 Ἰησοῦ

254 2917 514 2990 Χριστοῦ.
560 2919 983 2991 Ἐξαγοράζεται
1031 2918 1125 2975 οὖν
1170 2923 1261 2976 διὰ
1307 2923 1400 2975 τοῦ
1448 2923 1710 2995 ὀνόματός
1752 2927 1845 2981 τοῦ

256 3017 755 3086 Κυρίουόπαλαιὸς
787 3019 880 3073 καὶ
912 3020 940 3071 ὁ
981 3019 1100 3083 νέος
1139 3019 1295 3083 λαός’
1328 3022 1420 3073 καὶ
1463 3021 1490 3073 ὁ
1531 3020 1641 3074 ἕσω
1672 3024 1774 3077 καὶ
1812 3026 1840 3078 ὁ

253 3108 362 3173 ἔξω
396 3110 492 3164 ἄνθ
500 3127 700 3183 ρωπος.

874 3225 1122 3277 ΕΡΩΤΗ.
1170 3227 1243 3279 Z'.

334 3313 401 3367 Τί
426 3315 559 3368 ἐστι
578 3316 645 3369 τὸ
674 3316 793 3372 ὑπὸ
838 3317 1193 3371 Ἐλισσαίου
1228 3318 1837 3389 ἀναλαμϐανόμενονο

255 3403 340 3470 τῷ
378 3406 576 3461 Ἠλιοῦ
595 3406 801 3475 ῥηθέν-ο
838 3408 998 3461 «Ποῦ
1036 3411 1069 3461 ὁ
1091 3408 1233 3473 Θεὸς
1271 3408 1498 3478 Ἀφφοῦ
1522 3410 1587 3482 (ε)
1614 3428 1661 3474 ;ι

921 3521 1163 3589 Ἀπόκρ.

334 3612 489 3666 Κατὰ
514 3616 660 3683 τρεῖς
690 3612 950 3676 ἐπιϐολὰς
981 3615 1365 3683 ἑρμηνεύεται,
1397 3615 1454 3687 ἢ,
1472 3616 1612 3669 Ποῦ
1637 3620 1669 3671 ὀ
1694 3616 1841 3684 Θεὸς

258 3705 368 3758 τοῦ
393 3706 620 3773 Πατρός
643 3705 867 3776 μουοῆ,
894 3707 1017 3760 Ποῦ
1038 3710 1070 3760 ό
1097 3709 1243 3774 Θεὸς
1271 3702 1379 3763 τοῦ
1404 3708 1672 3779 μεγάλου
1684 3729 1803 3780 μου
1824 3727 1843 3743 ⁸

257 3798 319 3868 ἦ,
351 3797 472 3853 Ποῦ
499 3800 531 3853 ό
561 3798 707 3863 Θεὸς
739 3798 848 3852 τοῦ
878 3798 1203 3867 κρυϐέντος
1226 3815 1237 3828 ’

338 4045 557 4102 "Galat.
585 4062 642 4109 ιι,
682 4046 777 4114 ·10;
804 4064 884 4114 ιιι,
918 4049 1004 4103 15.

258 4206 365 4274 τῆς
408 4207 771 4277 ,ἀπολαύσειας
830 4206 1044 4277 ἐκείνης
1111 4207 1207 4261 καὶ
1278 4211 1380 4277 τῆς
1446 4204 1608 4275 δόξης
1638 4249 1651 4268 .
1710 4225 1844 4261 κατ-

261 4276 537 4347 εδεξάμην
568 4276 655 4340 ἂν,
680 4275 820 4347 ὥστε
857 4276 931 4346 μὴ
964 4275 1054 4328 τὸν
1085 4275 1355 4347 δεσπότην
1387 4277 1847 4347 βλασφημηθῆναι

261 4349 357 4400 τὸν
386 4346 763 4418 ἐμόν’-ιίὺεηδ
788 4346 1083 4418 habuissem
1111 4347 1174 4401 ab
1205 4365 1263 4401 eo
1294 4346 1450 4402 choro
1475 4346 1720 4417 separari
1755 4349 1847 4418 qui

261 4426 345 4488 est
366 4418 506 4469 circa
538 4415 826 4480 Christum,
857 4416 1078 4488 ﬁerique
1102 4426 1439 4483 extraneum,
1472 4415 1576 4471 non
1631 4419 1693 4472 ab
1728 4415 1841 4486 eius

1938 576 2150 623 narem,
2185 578 2420 630 quarum
2476 562 2554 614 illi
2596 562 2819 623 merito,
2851 563 2921 617 ob
2961 578 3114 616 suam
3148 563 3203 616 in
3238 564 3411 617 Deum
3442 562 3526 616 in-

1936 651 2353 716 credulitatem,
2380 652 2459 706 rci
2503 653 2870 717 tenebantur;
2903 653 3067 706 modo
3098 654 3278 707 solum
3300 652 3401 723 ipsi
3434 667 3525 707 sa-

1934 743 2108 797 lutem
2140 752 2618 813 consequerentur
2655 763 2666 797 :
2694 760 2857 813 quem
2892 746 2946 798 in
2977 744 3201 798 modum
3226 744 3392 799 etiam
3420 744 3528 798 Do-

1936 832 2121 886 minus
2149 832 2378 887 tradidit
2399 833 2779 897 semctinsum,
2804 842 2858 887 et
2886 834 3065 888 factus
3098 841 3182 887 est
3216 849 3316 903 pro
3364 827 3527 886 nobis

1936 925 2287 979 maledictum
2314 925 2353 980 ’⁵.

2542 1017 2827 1073 INTER“.
2866 1017 2930 1072 V.

2010 1106 2147 1172 Quot
2175 1110 2340 1161 modis
2380 1109 2633 1178 contingit
2658 1108 2920 1160 hominem
2952 1107 3208 1177 peccare?

2650 1311 2805 1381 Resp.

2012 1400 2270 1454 Arbitror
2324 1410 2563 1470 quatuor
2612 1402 2792 1457 modis
2842 1403 2894 1456 id
2926 1404 3282 1474 contingere;
3331 1421 3527 1475 nempe

1941 1508 2041 1562 per
2086 1492 2521 1561 subreptionem,
2574 1510 2674 1562 per
2702 1510 2949 1548 errorem
2993 1486 3056 1549 ac
3082 1496 3227 1566 quod
3260 1497 3528 1565 deceptus

1943 1584 2037 1649 sis,
2073 1599 2171 1653 per
2193 1582 2581 1653 ignorantiam,
2631 1586 2801 1639 animi
2849 1601 3125 1656 prepenso
3182 1586 3405 1641 ali‘cctu.
3454 1589 3533 1641 Ac

1942 1678 2167 1748 quidem
2199 1680 2294 1748 qui
2337 1679 2518 1733 tribus
2546 1680 2828 1749 prioribus
2882 1681 3058 1736 modis
3086 1693 3335 1752 peccant,
3369 1682 3531 1738 facile

1948 1770 2166 1841 culpam
2195 1781 2522 1840 agnoscunt,
2562 1786 2766 1841 eosque
2795 1774 3028 1843 pamitct
3069 1776 3189 1846 ejus
3217 1774 3365 1844 quod
3394 1775 3531 1829 deli-

1948 1872 2211 1933 querunt.
2259 1862 2420 1932 302
2462 1861 2567 1928 Qui
2613 1879 2746 1918 vero
2792 1880 3067 1935 pr0pcnso
3115 1867 3285 1920 animi
3326 1866 3530 1921 aﬂ‘ectu

1944 1964 2155 2025 peccat,
2180 1968 2243 2008 ac
2271 1968 2450 2022 neque
2487 1953 2566 2008 rei
2592 1954 2838 2023 periculo
2868 1970 3049 2024 neque
3090 1949 3530 2026 temporis’mora

1943 2046 2305 2117 paenitudinis
2334 2061 2557 2100 sensum
2591 2046 2845 2112 assumit,
2871 2047 3019 2101 omni
3045 2061 3241 2102 carens
3282 2046 3529 2103 remedio

1946 2139 2115 2193 habet
2141 2138 2499 2207 supplicium.

2530 2250 2817 2305 INTER“.
2841 2252 2928 2305 VI.

2021 2340 2160 2406 Quid
2208 2347 2263 2394 in
2316 2339 2606 2411 Evangelia
2638 2341 2907 2412 signiﬁcat
2950 2342 3207 2397 Dominus
3248 2360 3366 2399 cum
3410 2342 3485 2398 ait

1957 2456 1973 2485 ι
2018 2433 2131 2487 Duo
2161 2449 2401 2503 passeres
2416 2444 2639 2488 veneunt
2671 2435 2937 2489 assario‘.
2979 2455 3001 2486 ›

2660 2547 2823 2603 Resn.

2660 2566 2763 2603 nes
2809 2590 2823 2603 .

2018 2640 2190 2696 Aiunt
2213 2640 2459 2711 quidam,
2495 2640 2641 2711 quod
2679 2566 3027 2707 sicpdicitur,
3055 2640 3316 2710 ἀσσάριον
3342 2640 3531 2697 decem

1947 2750 2203 2788 nummos
2236 2750 2378 2789 esse.
2415 2732 2769 2805 Signiﬁcatur
2802 2741 2988 2787 autem
3034 2748 3134 2801 per
3166 2732 3357 2787 decem
3386 2732 3527 2788 litte-

1949 2843 2066 2881 ram
2110 2827 2324 2882 scilicet
2366 2828 2500 2881 iota.
2540 2827 2635 2882 Est
2678 2834 2862 2882 autem
2896 2826 3015 2881 hinc
3046 2826 3260 2893 littera,
3304 2826 3531 2883 initialis

1946 2914 2189 2971 nominis
2208 2914 2424 2971 Domini
2460 2917 2633 2971 nostri
2665 2916 2794 2971 Jesu
2818 2914 3045 2970 Christi.
3077 2914 3389 2969 Redimitur
3427 2914 3531 2969 ita—

1949 3024 2057 3078 que
2082 3024 2180 3079 per
2216 3024 2419 3063 nomen
2460 3007 2679 3062 Domini
2727 3015 2889 3061 vetus
2932 3006 3171 3076 populus
3213 3020 3277 3061 ac
3318 3022 3529 3071 novus;

1951 3107 2248 3169 nosterque
2266 3099 2434 3154 homo
2460 3098 2693 3152 interior
2719 3105 2775 3152 et
2799 3098 3065 3153 exterior.

2529 3221 2814 3276 INTERR.
2849 3220 2964 3277 VII.

1920 3367 1925 3371 .
2021 3313 2301 3379 Quodnam
2324 3313 2461 3367 illud
2488 3313 2552 3367 ab
2594 3312 2771 3367 Eliseo
2795 3321 3121 3383 resumptum
3142 3310 3274 3367 Elite
3294 3313 3492 3366 dictum
3517 3330 3531 3365 :

1956 3426 1971 3457 ι
2022 3408 2113 3463 Ubi
2141 3406 2281 3461 Deus
2323 3405 2586 3477 Applm"?
2624 3424 2643 3457 ι

2684 3515 2838 3586 Resp.

2020 3608 2320 3678 Triplicem
2367 3607 2611 3662 admittit
2670 3606 3112 3675 expositionem;
3161 3604 3311 3675 quod
3340 3608 3420 3661 sic
3443 3606 3531 3660 di-

1950 3709 2099 3755 ctum
2130 3706 2235 3765 est,
2271 3699 2359 3754 vel
2397 3716 2410 3752 :
2450 3698 2542 3754 Ubi
2582 3706 2661 3751 est
2694 3696 2837 3750 Deus
2864 3695 3049 3750 Patris
3082 3698 3182 3749 mei
3212 3697 3235 3749 ?
3266 3696 3397 3750 Vel:
3438 3696 3534 3752 Ubi

1950 3801 2027 3849 est
2052 3794 2191 3847 Deus
2218 3793 2403 3863 magni
2434 3790 2576 3845 mei?
2596 3789 2693 3845 Vel
2722 3787 2995 3859 denique:
3029 3788 3122 3843 Ubi
3146 3796 3221 3842 est
3250 3784 3389 3843 Deus
3417 3788 3534 3858 ejus

1949 3890 2041 3959 qui
2062 3886 2273 3941 delituit
2297 3887 2321 3939 ?

1081 4051 1102 4080 ⁸
1134 4048 1324 4112 Matth.
1356 4065 1410 4113 χ,
1439 4048 1527 4103 29.
1608 4048 1627 4078 ⁸
1657 4048 1724 4104 IV
1752 4049 1887 4118 Reg.
1920 4062 1980 4113 ιι,
2016 4047 2100 4101 Μ.

1946 4207 2179 4275 ejusque
2224 4206 2465 4260 nominis
2513 4205 2700 4259 littera
2750 4204 2969 4260 initiali.
3020 4203 3134 4275 Nec
3174 4219 3321 4259 unus
3361 4204 3529 4275 φοι-(1.

1947 4274 2128 4337 error,
2180 4292 2345 4347 quem
2401 4275 2678 4347 tantisper
2739 4274 3528 4347 excuset,_libri_mendum:

1950 4340 2318 4411 crassior'est,
2333 4346 2427 4415 qui
2450 4340 2723 4415 sequ-itur,
2746 4343 3141 4414 ἐξαγοράξεται
3156 4340 3271 4408 οὖν,
3298 4343 3533 4398 Veneunt

1953 4419 2120 4487 igitur
2148 4433 2241 4487 per
2272 4433 2460 4470 nomen
2484 4417 2619 4486 ejus,
2646 4424 2753 4471 etc.
2807 4416 2922 4470 lmo
2961 4426 3134 4487 certe,
3163 4415 3395 4478 venditi,
3433 4431 3533 4487 per

263 4486 545 4541 dilertione
577 4489 769 4556 (absit;
819 4505 945 4541 nam
984 4485 1033 4540 et
1086 4487 1184 4541 ilia
1230 4507 1395 4542 causa
1451 4497 1563 4541 erat
1618 4505 1713 4540 cur
1750 4485 1848 4542 hoc
1877 4485 1924 4541 Ι)
1950 4485 2071 4557 ejus
2108 4485 2311 4541 nomen
2345 4485 2714 4541 redimuntur.
2764 4487 2961 4557 Plures
2998 4486 3065 4539 de
3096 4501 3154 4557 re
3196 4485 3529 4557 nummaria,

265 4559 485 4628 faceret)
516 4559 607 4612 sed
637 4578 667 4612 a
698 4559 947 4628 {ruitioue
967 4557 1063 4612 illa
1097 4568 1144 4611 et
1185 4558 1452 4622 claritate,
1480 4568 1537 4612 ut
1579 4558 1835 4613 Dominus

267 4645 416 4682 meus
464 4645 569 4683 non
628 4629 1121 4697 blasphemaretur;
1179 4644 1247 4683 ex
1305 4644 1372 4683 eo
1428 4630 1639 4684 scilicet
1689 4630 1836 4697 quod

264 4698 549 4764 Israelitae,
601 4701 812 4758 electus
866 4700 998 4753 olim
1041 4699 1298 4769 populus,
1346 4698 1413 4752 ad
1456 4700 1685 4754 salutem
1741 4716 1839 4767 per

265 4784 395 4823 eum
442 4786 553 4824 non
607 4769 1059 4839 adducebantur.
1088 4770 1179 4824 Sic
1222 4784 1443 4839 quoque
1503 4769 1834 4839 T-heodoret.

345 4839 419 4911 (ά)
456 4839 842 4911 Τὸὰσσςὶριονξ
860 4838 1253 4911 (Sextia-onuor.
1288 4839 1474 4893 Varin.
1532 4838 1836 4911 ’ᾼσσάριον,

268 4908 687 4981 πεντανούμιον,
737 4911 769 4979 ἣ
827 4909 1227 4981 δεκανούμμον,
1272 4918 1434 4978 prout
1486 4908 1711 4965 scilicet
1754 4909 1839 4981 vel

267 4995 374 5050 pro
398 4979 625 5050 antiquo
658 4996 778 5034 asse
813 4979 1182 5050 sumitur,_vel
1211 4996 1311 5049 pro
1338 4995 1481 5033 novo
1535 4989 1701 5047 atque
1736 4980 1840 5032 mi-

269 5048 431 5105 nuto.
457 5048 695 5107 Utenim
724 5050 813 5104 Fr.
839 5050 1036 5113 Lucas,
1061 5048 1183 5103 Fuit
1205 5048 1439 5103 assarius
1460 5050 1679 5103 dimidia
1717 5066 1840 5118 pars

272 5122 428 5193 assis,
458 5139 612 5193 quem
645 5129 871 5193 testatur
904 5137 1207 5193 percussum
1232 5119 1334 5187 leg.
1368 5119 1589 5193 Papiria
1636 5118 1841 5173 Plinius

270 5191 312 5246 l.
352 5190 535 5255 xxxm,
567 5209 617 5248 c.
648 5191 700 5245 ’5.
728 5190 1172 5259 Luczeinterpr.
1200 5206 1304 5258 pro,
1340 5206 1459 5244 asse
1493 5190 1707 5259 integro
1748 5206 1843 5244 ac-

272 5206 312 5246 l.
352 5208 535 5255 XXXIII,
567 5209 617 5248 c.
649 5206 700 5245 ο.
730 5206 890 5245 Luca:
940 5206 1172 5259 mterpr.
1200 5206 1304 5258 pro,
1340 5206 1459 5244 asse
1493 5206 1707 5312 Integra
1748 5206 1842 5244 ac-

272 5263 424 5328 cepit
458 5279 553 5331 xu,
582 5262 635 5317 6.
682 5262 816 5330 ΟὐχἺ⁸
847 5260 1294 5331 πέντεᾷστρουθία
1323 5260 1564 5331 ἀσαρίων
1639 5261 1698 5331 tio
1728 5277 1842 5331 πῳ-

272 5332 466 5385 λεῖται·
532 5329 659 5388 Cum
731 5329 947 5395 reddit,
1005 5329 1267 5400 Dipondio
1324 5329 1567 5383 veneunt.
1626 5329 1845 5384 Assaria

275 5403 383 5458 ista
412 5404 569 5458 valde
600 5403 809 5456 minuta
835 5417 956 5457 esse
990 5401 1256 5469 oportuit,
1322 5408 1487 5470 atque
1529 5417 1693 5463 aerea,
1723 5415 1847 5468 quse

278 5480 364 5528 tot
394 5489 672 5537 nummos,
708 5473 823 5527 sive
849 5471 1045 5527 obolos
1074 5471 1441 5525 continerent.
1491 5471 1665 5525 Erant
1712 5485 1847 5523 vero

276 5546 471 5600 decem
496 5560 649 5599 asses
662 5542 941 5598 denarius.
970 5541 1289 5605 Cordcrius,
1318 5541 1461 5610 apud
1484 5555 1647 5610 quem
1670 5547 1850 5594 exstat

278 5615 373 5670 hic
396 5614 612 5669 Maximi
649 5615 802 5669 locus
818 5613 1007 5667 Matth.
1052 5628 1106 5675 x,
1144 5628 1242 5681 pro
1303 5612 1655 5678 δεκὰνουμον,
1688 5610 1850 5664 δεκά-

276 5686 440 5751 λογον
493 5685 679 5749 habet,
734 5700 797 5738 ac
854 5682 1144 5752 decoquit;
1198 5682 1355 5751 quasi
1414 5681 1485 5735 sit
1535 5681 1847 5752 decalngpus,

280 5770 544 5810 nummus
594 5755 705 5817 ille,
730 5764 971 5815 moneta,
1012 5750 1299 5815 denarius,
1332 5768 1441 5821 quo
1498 5750 1766 5819 redempti
1821 5766 1850 5803 a

283 5827 503 5883 (.hristo
534 5825 913 5896 intelligimur,
946 5840 1011 5879 ex
1052 5824 1310 5893 mysterio
1362 5822 1577 5877 numeri
1616 5821 1848 5884 denarii,

1948 4555 2132 4628 deque
2161 4566 2411 4628 veterum
2432 4556 2914 4628 nummorum,qui
2936 4556 2989 4609 in
3012 4556 3297 4625 Scriptura
3322 4555 3531 4628 haben-

1948 4626 2061 4690 tur,
2098 4627 2426 4682 reductione
2474 4627 2543 4681 ad
2595 4642 2715 4681 eam
2749 4636 3051 4689 monetam,
3084 4642 3193 4693 qua
3244 4640 3392 4679 nunc
3415 4626 3529 4679 uti-

1946 4716 2090 4753 mur.
2122 4699 2327 4753 Verum
2352 4699 2470 4753 haec
2492 4698 2655 4752 nobis
2677 4697 2949 4752 suﬂlciant
2984 4697 3053 4750 ad
3097 4695 3316 4749 Maximi
3369 4695 3530 4749 insti-

1949 4779 2226 4910 ωξὲἶὶτο
2257 4834 2702 4910 Θεὸςῌᾋφςροῦ.
2738 4832 2919 4910 Edita,
2948 4830 3134 4910 ἀφξρῴ·
3184 4848 3336 4910 unus
3398 4832 3524 4910 eod.

1947 4903 2150 4979 ἀπῲἑιῦ.
2194 4906 2447 4975 Procopii
2485 4906 2715 4974 interpr.
2758 4905 2971 4972 amp/ro.
2999 4903 3285 4957 llebrm'ﬂ
3308 4907 3389 4964 ἢκ
3405 4903 3528 4971 Ipse

1948 5003 2221 5066 etiam;et
2260 5007 2321 5052 ut
2358 4998 2517 5065 Vulg.
2578 4997 2760 5051 Etiam
2817 5012 2967 5066 num.
2997 4994 3245 5066 ενι-,νΑή
3298 4994 3521 5053 Domine

1948 5071 2087 5125 Deus
2117 5064 2316 5124 domini
2350 5070 2449 5122 mei
2472 5066 2626 5122 Elite.
2662 5066 2828 5120 Arab.
2856 5064 3071 5135 Suscipe
3107 5065 3529 5135 deprecationem

1950 5082 2087 5125 Deus
2117 5082 2315 5124 domtm
2350 5086 2448 5122 me:
2472 5082 2626 5122 Mtte.
2662 5082 2828 5120 arae.
2856 5082 3071 5187 Suscipe
3107 5082 3523 5135 aeprecanonem

1950 5158 2146 5203 meam,
2175 5140 2400 5193 Domine
2452 5138 2591 5192 Deus
2640 5136 2795 5191 Eliw.
2837 5135 2990 5189 Theo
3032 5150 3116 5206 or_.
3173 5141 3230 5188 et
3289 5136 3523 5206 Procop.

1951 5212 2108 5265 aiunt
2132 5210 2271 5265 alios
2302 5209 2719 5278 interpretatos.
2744 5209 2771 5259 ὁ
2799 5206 3050 5278 κρύφιος.
3081 5204 3221 5257 Deus
3267 5204 3522 5278 occultus,

1989 5284 2042 5335 ui
2098 5278 2387 5334 hominibus
2435 5276 2736 5349 inaspectus
2783 5277 2852 5349 sit
2876 5286 2958 5349 '_et_
3009 5276 3525 5349 inacgessuquuod

1989 5300 2042 5335 ut
2098 5300 2387 5334 nommwus
2435 5300 2736 5349 maspecma
2783 5300 2851 5329 tm
2907 5300 2956 5328 ει
3009 5300 3522 5345 ιιιαι-εεδδιιδ;.(ιυυιι

1951 5300 2223 5416 glaximus
2248 5349 2318 5404 ad
2354 5349 2529 5403 Eliam
2564 5346 2776 5409 retulit,
2808 5346 2837 5397 ὁ
2870 5345 3005 5416 Θεὸς
3064 5344 3159 5397 τοῦ
3205 5346 3522 5416 κρυὸέντος,

1954 5414 2093 5477 Deus
2126 5420 2270 5475 illius
2307 5422 2399 5491 qui
2410 5418 2648 5491 sublatus
2673 5414 2926 5491 aboculis
2948 5420 3105 5491 est'et
3121 5414 3528 5491 jam’ochcultus:

1956 5494 2136 5557 idest,
2173 5485 2328 5545 Deus
2354 5489 2526 5544 Elim:
2556 5487 2702 5557 quod
2743 5487 2923 5555 ipsum
2976 5486 3258 5540 voluerint
3303 5485 3424 5557 Syr.
3471 5495 3525 5539 et

1956 5556 2129 5618 Arah.
2195 5576 2295 5630 pro
2315 5556 2625 5629 periphrasi
2683 5557 2945 5630 nominis,
2998 5556 3520 5630 ipsum_propriu_m

1957 5625 2503 5709 nomenfeddentes;
2555 5629 2746 5709 sitque.
2768 5628 2836 5681 ab
3066 5625 3212 5694 quod
3253 5634 3359 5707 est,
3409 5627 3529 5709 eir-

1958 5702 2240 5767 cumdedit,
2259 5710 2391 5765 etc.,
2426 5708 2488 5754 ut
2518 5695 2921 5768 quze'vidcntur'
2947 5697 3196 5759 diversze,
3218 5711 3326 5749 una
3347 5695 3522 5749 inter-

1961 5773 2221 5844 pretatio,
2265 5787 2407 5825 unus
2438 5786 2633 5826 sensus
2652 5769 2742 5823 sit.
