3986 6416
228 328 334 395 737

1402 339 1896 412 QU.‘ESTlONES
1935 340 2028 399 ET
2071 341 2324 401 DUBIA.

3384 334 3492 397 798

231 448 616 521 Mpﬁivsceat
661 451 753 503 καὶ
811 453 1059 522 ἀνοήτου·
1111 453 1172 505 τὸ
1213 452 1268 505 δὲ
1314 453 1485 507 Ῥακὰ
1548 455 1812 525 Ἐϐραίων

1929 453 2104 506 :‘erunt
2147 472 2159 507 :
2198 455 2342 508 Raea
2379 469 2513 506 vero
2564 452 2922 506 llebrzeorum
2987 453 3195 521 lingua,
3228 451 3274 504 si
3311 450 3489 504 inter—

232 544 404 611 φωνῇ,
428 540 853 596 κατάπτυστον
875 543 1256 614 ἑρμηνεύεται.
1295 545 1448 598 Ἐπεὶ
1475 542 1565 599 οὖν
1594 548 1684 598 ἐπὶ
1719 545 1812 597 τοῦ

230 632 390 686 ἀθέου
421 634 514 684 καὶ
545 633 773 685 ἀπίστου
802 634 862 686 τὸ
885 635 1081 702 μωρὸς
1109 635 1278 704 ὄνομα
1312 635 1548 706 εἴρηται,
1569 636 1709 690 κατὰ
1731 636 1810 688 τοι

230 721 418 778 Εἶπεν
445 723 649 792 ἄφρων
685 727 756 778 ἐν
803 725 1015 792 καρδίᾳ
1059 727 1266 790 αὑτοῦ,
1309 731 1430 780 Οὐκ
1475 728 1606 781 ἔστι
1648 729 1810 793 Θεός.

231 817 342 870 Καὶ
372 817 512 870 κατὰ
535 817 626 870 τὸν
662 819 903 888 Μωῦσῆν
934 818 1177 886 λέγοντα,
1206 815 1396 884 Οὗτος
1425 820 1574 885 laet;
1596 820 1810 885 μωρὸς,

230 907 328 960 καὶ
374 907 510 975 οὐχί
539 907 753 976 σοφός’
790 907 938 967 ὅστις
990 905 1079 959 τὸν
1114 908 1340 976 ἀδελφὺν
1380 908 1546 960 αὐτοῦ
1576 908 1664 960 τὸν
1687 909 1817 975 ὁμό-

232 1013 443 1058 πιστον,
495 996 652 1050 ἄθεον
700 996 796 1048 καὶ
849 996 1266 1066 εἰδωλολατρην,
1313 999 1345 1068 ἢ
1400 998 1672 1067 αἱρετικὸν
1724 998 1817 1049 καὶ

231 1085 460 1136 ἄπιστον
501 1083 789 1146 ἀποκαλεῖ,
817 1077 970 1148 οὗτος
1003 1085 1150 1153 λέγει
1185 1087 1387 1156 μωρὸν,
1419 1086 1633 1155 καὶτῆς
1658 1086 1816 1152 γεέν-

231 1191 332 1243 νης
379 1175 604 1239 δικαίως
663 1175 962 1237 ὑπεύθυνος
1016 1177 1244 1245 γίνεται.
1306 1179 1496 1240 Ὅστις
1555 1177 1611 1230 δὲ
1667 1179 1814 1246 λέγει

249 1267 448 1327 Ῥακὰ,
477 1267 753 1320 τουτέστιν
778 1269 1128 1338 ὲμπτυσμένε
1166 1269 1351 1339 [Cord.
1377 1267 1675 1338 ἕμπτυστε]
1723 1269 1818 1320 καὶ

234 1357 539 1427 ἀκάθαρτε,
579 1352 732 1420 οὗτος
765 1358 855 1411 τὸν
887 1359 999 1428 βίον
1026 1359 1301 1412 διαὸά).λει
1332 1359 1424 1412 τοῦ
1453 1359 1686 1426 ἀδελφοῦ
1716 1360 1817 1413 αὑ-

233 1441 351 1504 τοῦ,
397 1445 489 1496 καὶ
509 1444 732 1508 εἰκότως
766 1447 1080 1515 κουφοτέρῳ
1108 1447 1370 1517 ἐπιτιμίῳ
1400 1447 1707 1502 ὑπόκειται.

860 1579 1054 1632 ΕΡΩΤ.
1103 1580 1200 1632 lE'.

313 1667 443 1733 Πῶς
471 1667 590 1737 χρὴ
613 1667 781 1721 νοεῖν·
816 1669 882 1722 τὸ
931 1669 999 1721 ἐν
1034 1668 1112 1733 τῷ
1151 1670 1435 1736 συμϐόλῳ
1462 1670 1812 1736 λεγόμενον,

1918 543 2172 612 preteris.
2217 542 2544 613 despuendus
2574 541 2798 595 dicitur.
2833 541 2968 607 Quia
3011 542 3176 611 igitur
3202 540 3358 594 Fatui
3389 555 3494 592 no-

1917 654 2045 692 men
2080 639 2146 692 de
2175 638 2342 706 impio
2369 645 2424 690 ct
2455 636 2736 690 incredulo
2757 635 2964 689 dictum
2990 646 3095 697 est,
3133 636 3287 704 juxta
3324 633 3492 688 illud:

1918 729 2064 782 Dixit
2094 730 2347 798 insipiens
2381 730 2436 781 in
2462 728 2616 780 corde
2650 744 2745 780 suo
2777 727 2934 780 :Non
2971 738 3045 779 est
3087 727 3226 780 Deus
3248 728 3313 791 “;
3337 727 3496 796 juxta

1919 821 2050 875 item
2079 820 2298 890 Moysen
2327 819 2624 881 dicentem,
2648 815 2878 886 Populus
2906 818 2987 869 hic
3005 817 3184 885 fatuus
3213 826 3259 868 et
3293 833 3394 869 non
3409 832 3497 869 sa-

1919 913 2065 977 piens
2091 911 2165 976 “;
2195 910 2287 978 qui
2318 909 2540 962 fratrem
2568 924 2727 961 suum
2757 906 3005 976 ejusdem
3033 922 3219 960 secum
3247 906 3372 960 fidei
3410 921 3499 959 so-

1917 1003 2114 1056 cietate
2151 1002 2542 1070 coniunctum,
2591 998 2819 1066 impium
2881 1005 3040 1051 vocat
3096 1013 3158 1050 ac
3215 996 3499 1052 idolorum

1917 1091 2215 1153 cultorum,
2253 1090 2336 1144 vel
2376 1089 2696 1142 lmretieum
2733 1104 2794 1141 ac
2819 1087 3127 1153 infidelem;
3164 1088 3253 1142 hic
3282 1087 3495 1141 fatuum

1918 1182 2076 1248 dicit,
2125 1199 2190 1238 ac
2232 1184 2433 1237 merito
2464 1182 2730 1252 gehennm
2759 1197 2816 1235 sc
2851 1181 3151 1234 obnoxium
3201 1181 3351 1235 facit.
3389 1180 3493 1246 Qui

1919 1283 2104 1327 autem
2137 1273 2272 1327 dicit
2323 1271 2465 1325 Raea
2489 1313 2502 1333 ,
2528 1272 2632 1325 hoc
2663 1279 2768 1334 est,
2813 1269 3129 1339 despuendc
3181 1278 3346 1338 atque
3395 1271 3493 1322 im-

1918 1365 2145 1428 munde,
2172 1365 2264 1418 hic
2299 1362 2486 1416 fratris
2522 1363 2606 1416 sui
2639 1377 2821 1414 mores
2851 1361 3130 1430 vitamque
3161 1369 3401 1426 accusat,
3435 1376 3502 1415 ac

1917 1455 2118 1509 merito
2147 1453 2354 1508 mitiori
2379 1469 2554 1522 pinna:
2577 1452 2846 1522 subjacet.

2492 1581 2773 1635 INTERR.
2817 1580 2930 1634 XV.

1991 1672 2237 1737 Quonam
2272 1674 2423 1728 modo
2457 1672 2856 1740 intelligendum
2887 1679 2980 1735 est,
3012 1671 3150 1741 quod
3181 1672 3232 1723 in
3253 1669 3502 1740 Symbolo

242 1779 271 1809 ι·
305 1731 685 1825 Σαρκοῆἲέττα
718 1761 784 1813 ἐκ
813 1731 1161 1830 Πνεύματος
1207 1731 1415 1829 cipiat),
1452 1731 1556 1814 xui.
1587 1731 1814 1829 .llaplac

1929 1764 2107 1817 iicitur
2139 1781 2156 1818 :
2211 1784 2228 1815 ι
2260 1764 2609 1818 Incarnatum
2638 1762 2700 1814 de
2755 1759 2957 1830 Spiritu
3013 1769 3194 1814 sancto
3239 1769 3288 1812 et
3321 1759 3498 1813 Maria

237 1849 346 1917 τῆς
379 1851 706 1919 Παρθένου.
740 1870 758 1902 ι

913 1963 1146 2030 Ἀπόκρ.

308 2051 442 2104 Φασί
481 2069 622 2115 τινες
651 2051 760 2104 τῶν
798 2052 985 2120 ἁγίων,
1027 2053 1109 2106 ὅτι
1133 2053 1198 2105 ἐκ
1229 2053 1543 2121 Πνεύματος
1571 2053 1727 2120 ἁγίου
1752 2051 1814 2120 (ί)

238 2142 395 2210 δίκην
426 2145 587 2214 γονῆς
622 2143 812 2212 ἀνδρὸς
834 2145 932 2214 τὴν
960 2144 1138 2216 ψυχὴν
1166 2143 1598 2214 καταϐληοῆναιο
1630 2144 1728 2214 τὴν
1761 2144 1816 2194 δὲ

243 2234 420 2304 σάρκα
441 2234 836 2304 διαπλασοῆναι
879 2238 942 2288 ἐκ
980 2236 1088 2288 τῶν
1121 2235 1463 2306 παρθενικῶν
1508 2235 1780 2305 αἱμάτων.

853 2347 1050 2402 near.
1093 2349 1209 2414 ις’.

318 2435 490 2501 Τίνας
541 2437 819 2504 σημαίνει
850 2441 882 2491 ὁ
924 2439 1304 2503 Ἀπόστολος,
1356 2438 1571 2506 λέγων,
1619 2459 1637 2490 ‹
1671 2438 1819 2504 Τοὺς

242 2527 688 2591 προηλπικότας
731 2528 800 2580 ἐν
826 2526 909 2590 τῷ
938 2526 1208 2595 Χριστῷ;
1242 2547 1259 2578 ι
1313 2530 1463 2596 πρὸς
1505 2530 1821 2598 Ἐφεσίους

243 2615 497 2685 τρύφων.

918 2731 1158 2799 Ἀπόκρ.

318 2819 434 2882 Πᾶς·
461 2837 548 2884 τις
580 2821 691 2873 τῶν
735 2821 927 2889 ἁγίων,
965 2822 1074 2875 τῶν
1111 2823 1219 2894 πρὸ
1253 2824 1351 2893 τῆς
1399 2823 1694 2896 ἐπιδημίας
1724 2823 1818 2895 (in)

240 2907 336 2961 τοῦ
376 2911 603 2982 Κυρίου,
633 2911 847 2965 οίανοῦν
875 2912 1075 2984 ἀρετὴν
1128 2915 1397 2978 ὲξασκῶν.
1425 2915 1526 2968 κᾶν
1566 2918 1614 2968 εί
1649 2915 1722 2986 μὴ
1759 2916 1821 2968 τὸ

240 2997 360 3051 ὅλον
412 3000 508 3070 τῆς
556 3001 867 3070 οἰκονομίας
911 3003 1208 3072 μυστήριον
1256 3005 1573 3071 ἐγίνωσκενο
1608 3004 1724 3056 ἀλλ’
1755 3005 1820 3057 ἐκ

319 3155 356 3186 ¹¹
391 3156 533 3210 Psal.
571 3173 686 3222 xui,
710 3157 766 3237 .1.
846 3160 887 3190 ¹¹
920 3160 1078 3213 Deut.
1119 3176 1282 3225 xxxn,
1317 3161 1369 3216 6.

1449 3161 1492 3192 ⁸³
1518 3161 1720 3231 Ephes.
1749 3177 1788 3228 ι,
1819 3162 1910 3216 12.

1925 1852 2150 1925 Virgine.
2179 1874 2196 1905 ι

2434 2027 2440 2032 _
2631 1965 2789 2035 Resp.

1991 2057 2161 2110 Aiunt
2210 2056 2432 2126 quidam
2490 2066 2830 2120 sanctorum,
2879 2056 3140 2117 animam,
3187 2070 3252 2108 ex
3287 2052 3497 2122 Spiritu

1919 2159 2130 2210 sancto,
2159 2148 2315 2217 quasi
2359 2164 2426 2201 ex
2453 2149 2597 2202 virili
2637 2149 2844 2201 semine
2883 2165 3001 2202 esse
3033 2157 3243 2211 satam;
3277 2161 3498 2199 carnem

1919 2252 2076 2301 vero,
2112 2254 2180 2291 ex
2215 2239 2478 2308 virgineis
2528 2238 2890 2306 sanguinibus
2927 2237 3096 2290 fuisse
3121 2237 3436 2289 formatam.

2469 2347 2753 2402 INTERR.
2794 2347 2932 2401 XVI.

1994 2438 2265 2504 Quasnam
2283 2440 2548 2509 signiﬁcat
2575 2439 2874 2509 Apostolus,
2904 2455 3021 2490 cum
3053 2439 3127 2491 sic
3151 2439 3226 2490 ait
3253 2437 3321 2489 ad
3340 2435 3508 2506 Ephe-

1919 2530 2022 2584 sios
2053 2532 2078 2584 ?
2107 2551 2124 2581 ι
2159 2529 2261 2596 Qui
2302 2539 2426 2585 ante
2454 2537 2801 2599 speraverant
2825 2533 2877 2583 in
2899 2530 3101 2584 Christo
3129 2530 3191 2581 ’³.
3227 2547 3246 2578 ι

2639 2725 2795 2794 Resp.

1990 2818 2250 2888 Quisquis
2274 2826 2589 2872 sanctorum
2608 2826 2734 2871 ante
2755 2816 2966 2870 Domini
2991 2816 3283 2870 adventum
3306 2828 3500 2883 quam-

1920 2911 2057 2968 libet
2085 2911 2348 2967 virtutem
2382 2909 2578 2974 coluit,
2614 2910 2718 2965 etsi
2765 2916 2937 2964 totum
2963 2908 3356 2964 incarnationis
3385 2921 3502 2978 my-

1923 3005 2154 3060 sterium
2176 3020 2289 3059 non
2317 3012 2584 3070 noverat;
2628 3004 2827 3074 partim
2855 3011 3034 3058 tamen
3061 3011 3258 3056 natura
3294 3010 3502 3067 motus,

245 3313 591 3389 indignantis
637 3323 732 3389 aut
791 3317 1137 3389 spernentis,
1199 3319 1281 3371 uti
1343 3320 1598 3389 exposuit
1650 3319 1817 3374 Basil.
1849 3323 1891 3382 ο
1924 3319 2066 3373 male
2101 3318 2419 3388 praesidium
2455 3317 2674 3388 qumrit,
2730 3315 3088 3389 quasianimi
3125 3325 3179 3369 et
3214 3317 3512 3386 cmlopro-

241 3383 475 3458 gravent
510 3386 778 3458 injuriam
820 3383 1133 3441 iexistimat
1189 3383 1438 3450 Photius',
1497 3389 1644 3458 quod
1695 3390 1822 3458 quis

244 3454 462 3528 ﬁdelem
493 3454 711 3528 [aluum
746 3467 928 3528 vocet,
963 3458 1111 3525 quod
1157 3459 1270 3512 h:ec
1327 3454 1529 3527 injuria
1569 3461 1690 3528 ejus
1715 3454 1818 3524 'sit,

243 3539 351 3598 qua
377 3524 554 3577 fidelis
578 3534 747 3598 estet
773 3524 1298 3598 Christianus,quos
1318 3524 1512 3582 omnes
1528 3524 1822 3598 φρονίμους

245 3595 695 3668 decet‘appellari
743 3603 798 3648 et
847 3595 1064 3668 σοφούς·
1115 3598 1397 3666 prudentes
1434 3607 1482 3650 et
1533 3595 1818 3668 sapientes,

241 3664 577 3752 non'fatuos‘
621 3674 671 3717 et
701 3665 986 3752 ‘stupidos.
1029 3664 1166 3750 rip-1,
1209 3679 1496 3752 seulnpj‘
1528 3664 1736 3752 Syriae.
1775 3670 1820 3752 si

243 3733 466 3802 quidem
500 3743 584 3787 est
604 3735 776 3798 κενὸς,
814 3733 970 3802 quasi
1004 3733 1158 3788 va'cai
1200 3733 1417 3803 cerebri',
1455 3733 1622 3791 Hebr.
1674 3738 1821 3792 haud

246 3803 428 3874 minor
455 3805 656 3871 injuria
687 3813 792 3867 est,
824 3820 986 3872 quam
1013 3803 1154 3874 fatui

319 3871 416 3945 (ί)
461 3875 568 3945 Ἐκ
596 3871 938 3945 Πνεύματος
969 3871 1160 3940 ἁγίου.
1203 3874 1487 3945 Chrysost.
1522 3875 1672 3930 hom.
1702 3877 1732 3929 Δ
1762 3877 1817 3930 in

242 3943 438 3997 Matth.
477 3943 573 3997 ubi
605 3943 842 4007 dixerat,
878 3952 1136 4012 tanquam
1161 3945 1228 3998 de
1265 3943 1330 4000 re
1355 3961 1494 3999 nova
1518 3955 1571 3998 et
1596 3946 1816 4000 insolita

242 4023 510 4081 extraque
550 4028 774 4068 omnem
833 4015 1335 4081 exspectationem,
1395 4015 1605 4070 dictum
1664 4032 1815 4070 esse:

238 4082 474 4157 Inuenta
517 4084 676 4157 estin
736 4082 1130 4157 uterohhaltens
1158 4085 1220 4157 de
1246 4084 1456 4157 Spiritu
1495 4094 1700 4157 sancto,
1745 4087 1818 4157 μὴ

242 4153 561 4226 περαιτέρῳ
589 4153 774 4226 prope“
811 4152 948 4221 μηδὲ
979 4153 1128 4226 ζήτει
1159 4152 1317 4206 «nos
1371 4173 1422 4226 τι
1453 4155 1559 4226 τῶν
1596 4152 1820 4226 εἰρημέξ

239 4239 372 4274 νων.
410 4221 537 4276 Νοίί
571 4221 796 4276 ulterius
826 4222 1123 4295 procedere.
1177 4240 1308 4277 neve
1331 4223 1482 4295 aliud
1513 4221 1660 4294 quid'
1683 4221 1820 4295 ηοω-

238 4296 360 4358 ras,
394 4302 587 4364 prietes
613 4308 675 4364 e_a
698 4293 985 4364 quwrdicta
1010 4301 1162 4364 sunt.
1220 4294 1402 4346 Εἰπὼν
1452 4293 1556 4364 τὸν
1585 4293 1820 4364 ἐργασά-

242 4359 408 4433 μενον
441 4363 500 4414 τὸ
534 4359 764 4433 pauper,
807 4362 1124 4432 ἀπηλλάγη.
1164 4363 1329 4416 Οὐδὲν
1358 4364 1467 4433 γὰρ
1504 4359 1636 4428 οῖδα,
1662 4359 1815 4433 φησὶ,

237 4431 424 4492 πλέον,
463 4431 578 4485 ἀλλ’
619 4430 651 4499 ἢ
691 4433 771 4484 ὅτι
819 4433 882 4484 ἐκ
913 4430 1244 4501 Πνεύματος
1287 4430 1476 4501 γέγονε
1518 4434 1579 4485 τὸ
1615 4430 1813 4501 γεξγὲν-

235 4501 498 4568 νημὲνον.
556 4501 753 4574 Anian.
792 4501 935 4574 Dixit
970 4503 1086 4568 quis
1111 4503 1352 4574 mirabile
1396 4503 1531 4556 illud
1571 4506 1813 4574 effecerit,

232 4587 452 4644 aequet;
474 4572 673 4644 eunetis
697 4573 899 4644 pariter
913 4573 1280 4644 quaestionibus
1296 4572 1818 4644 compendiolibera-

1925 3389 2058 3458 jeeti
2089 3390 2144 3442 in
2189 3405 2418 3458 corpora
2447 3391 2578 3449 sint,
2608 3404 2716 3441 non
2759 3389 2811 3440 in
2856 3388 2947 3458 rcis
2989 3403 3179 3458 recens
3220 3397 3504 3450 creentur,

1930 3457 2045 3512 tum
2073 3475 2197 3513 cum
2233 3457 2471 3528 aliquem
2515 3459 2665 3511 nasci
2719 3457 3030 3528 contigerit.
3067 3457 3184 3509 Non
3246 3459 3379 3510 satis
3412 3474 3506 3510 ex—

1969 3529 2098 3581 licat
2133 3527 2422 3587 Maximus,
2453 3545 2519 3582 an
2554 3529 2690 3596 ipse,
2723 3528 2808 3581 vel
2865 3527 2898 3578 ii
2937 3543 3004 3580 ex
3043 3542 3279 3594 quorum
3339 3541 3503 3581 sensu

1951 3599 2199 3666 oquitur,
2260 3599 2699 3652 existimaverunt
2735 3637 2749 3658 ,
2820 3596 2942 3648 fieri
3000 3597 3239 3648 animam
3294 3611 3360 3649 ex
3395 3605 3507 3650 tra-

1928 3667 2089 3729 duce,
2133 3684 2256 3721 cum
2292 3668 2472 3721 anima
2512 3667 2739 3730 Christi,
2774 3667 2862 3718 cui
2904 3681 3090 3720 semen
3131 3681 3240 3718 non
3258 3666 3502 3733 punivit,

1929 3738 2244 3791 immediate
2275 3754 2303 3790 a
2348 3739 2457 3790 Deo
2504 3738 2672 3790 fuerit
2710 3735 2932 3789 condita
2960 3744 3051 3799 ;et
3103 3751 3172 3788 an
3212 3735 3294 3788 \is
3339 3737 3504 3791 senii-

1928 3808 2035 3868 nis,
2077 3809 2249 3876 ipsam
2297 3808 2492 3861 animae
2545 3807 3197 3876 substantiamattingat,
3247 3815 3342 3858 aut
3371 3806 3502 3876 ejus

1928 3874 2112 3931 solum
2141 3877 2398 3930 unionem
2420 3877 2484 3929 ad
2519 3892 2754 3945 corpus:
2791 3875 2937 3944 quod
2980 3874 3120 3928 olim
3144 3889 3345 3943 anceps
3363 3874 3501 3939 fuit;

1929 3947 2092 4000 modo
2127 3963 2235 3999 non
2268 3947 2396 4000 licet
2424 3947 2760 4000 creationem
2798 3946 2852 3997 in
2885 3945 3114 3998 dubium
3157 3960 3380 3998 vocare.
3418 3946 3498 3999 De

1927 4031 2036 4086 quo
2063 4016 2118 4069 S.
2151 4017 2348 4086 Thom.
2375 4033 2412 4078 ι,
2444 4033 2498 4086 ιι.
2541 4017 2629 4078 90,
2659 4025 2764 4069 art.
2793 4016 2848 4086 2.

2001 4088 2094 4154 (νη)
2129 4085 2250 4138 Τῶν
2275 4086 2388 4150 πρὸ
2426 4084 2537 4150 τῆς
2565 4085 2904 4152 ἐπιδημίας.
2949 4084 3148 4137 Verius
3176 4084 3326 4152 loqui
3360 4084 3502 4136 Pau-

1925 4155 2038 4207 lum
2074 4155 2140 4208 de
2175 4156 2306 4223 ipsis
2355 4155 2627 4212 fidelibus.
2676 4171 2774 4209 seu
2819 4155 2915 4224 qui
2958 4157 3068 4224 jam
3132 4154 3186 4207 in
3221 4154 3506 4208 Christum

1926 4225 2300 4286 crediderant,
2343 4226 2494 4278 velut
2546 4225 2814 4292 apostoli.
2849 4240 2912 4278 ac
2968 4225 3196 4291 reliquis
3252 4225 3505 4292 exemplo

1925 4304 2103 4348 erant.
2127 4295 2201 4348 De
2230 4312 2285 4349 se
2312 4294 2458 4348 enim
2472 4296 2667 4362 suique
2697 4295 2970 4349 similibus
2994 4293 3238 4362 loquitur
3269 4293 3498 4359 Paulus,

1926 4365 2020 4426 El;
2045 4365 2105 4415 τὸ
2136 4363 2272 4417 εἶναι
2298 4367 2445 4433 ἡμᾶς
2475 4368 2553 4427 εἰς
2581 4367 2800 4417 ἔπαινον
2827 4363 2930 4428 τῆς
2959 4363 3114 4432 δόξης
3148 4362 3336 4433 αὑτοῦ,
3374 4365 3501 4426 τοὺς

1927 4432 2332 4503 προηλπικότας
2371 4435 2429 4486 ὲν
2456 4435 2534 4502 τῷ
2582 4433 2822 4503 Χριστῷ.
2886 4434 2964 4503 ιιι
3002 4435 3168 4486 simus
3197 4433 3252 4503 in
3290 4432 3504 4503 laudem

1925 4503 2038 4573 ejus
2059 4502 2180 4566 nos,
2216 4506 2304 4572 qui
2344 4514 2466 4557 ante
2497 4502 2824 4573 speravimus
2849 4505 2903 4556 in
2935 4502 3161 4557 Christo.
3204 4502 3307 4557 Ubi
3360 4503 3508 4557 bene

1927 4572 2287 4658 'llheo‘dorcts
2309 4572 2647 4643 Πάντεςγὰρ
2677 4577 2754 4658 είς
2783 4576 2959 4658 ἡμᾶίςν
2978 4573 3231 4658 ὀριῖ›γτες;
3261 4573 3384 4633 τοὺς
3413 4574 3502 4651 εἰς

236 4639 337 4694 rit.
360 4639 932 4730 lgilril.enipt,vinquit,'
957 4642 1078 4695 novi
1127 4641 1380 4730 aImplius,
1414 4639 1582 4713 'qaam
1619 4661 1653 4730 ξι
1683 4660 1814 4696 san-

1929 4642 2012 4730 τρν
2068 4644 2342 4725 Δεστςὸτην
2399 4639 3150 4730 ΞτεπιστέυκνὶταξᾺΧριστὸν
3202 4640 3505 4723 ἁνυμνοῦσο

235 4722 325 4764 clo
370 4709 575 4780 Spiritu
612 4709 808 4778 factum
871 4727 1000 4774 esse,
1030 4712 1167 4780 quod
1220 4709 1550 4766 'natum'est.
1607 4715 1812 4766 Auctor

236 4781 558 4849 imperfecti
595 4781 864 4850 Spiritum
900 4790 1152 4851 sanctum
1207 4783 1434 4851 exponit
1475 4783 1652 4851 ipsqu
1683 4783 1814 4837 Ver-

236 4852 374 4904 bum
417 4867 482 4904 ac
511 4849 732 4915 Filium,
773 4852 866 4920 qui
907 4849 1148 4905 animam
1177 4861 1234 4904 et
1278 4849 1517 4920 corpus,
1551 4853 1810 4920 templum

235 4921 482 4990 denique
519 4921 838 4990 (humanam
857 4922 1068 4975 scilicet
1101 4929 1375 4984 naturam,
1404 4939 1566 4990 quam
1602 4938 1814 4976 assum-

233 4989 371 5061 psit)
395 4989 736 5045 condiderit.
773 4991 830 5044 ln
875 5007 984 5060 quo
1036 4999 1217 5046 tamen
1274 4989 1499 5045 minime
1549 4992 1812 5045 Sabellia-

235 5077 376 5114 num
414 5077 556 5124 esse,
598 5061 692 5130 qui
737 5061 1030 5116 Anomaaus
1087 5062 1272 5129 potius
1317 5063 1504 5115 audiat
1565 5063 1648 5114 vel
1690 5062 1804 5114 Ma-

233 5130 601 5195 ecdouianus,
651 5131 933 5198 productis
985 5135 1107 5201 ejus
1171 5132 1346 5184 Serm.
1413 5133 1467 5184 iu
1516 5132 1655 5184 Bibl.
1705 5133 1806 5184 l’l’.

231 5201 552 5254 eoneionat.
591 5201 832 5254 ostendi.
863 5201 1060 5269 Liquet
1089 5211 1240 5254 certe
1273 5211 1438 5254 totam
1482 5201 1808 5254 Trinitatem

227 5269 443 5323 Christi
486 5270 726 5324 animam
760 5271 1073 5326 condidisse
1105 5287 1168 5323 ac
1199 5271 1317 5339 ejus
1353 5287 1556 5339 corpus
1586 5272 1814 5324 formas-

229 5355 321 5409 se,
381 5341 470 5393 cui
535 5341 758 5393 tandem
811 5339 864 5392 id
917 5357 1164 5408 personae
1207 5341 1545 5409 appropries.
1603 5341 1808 5394 Passim

224 5408 414 5463 (ἕταξεί
449 5410 516 5462 de
550 5410 689 5463 Filio
721 5410 780 5460 τὸ
821 5411 1182 5478 ὑπεστήσατο,
1211 5411 1357 5478 quod
1382 5408 1576 5465 melius
1593 5411 1812 5474 reddas,

223 5478 336 5532 sibi
361 5480 614 5543 condidit,
655 5495 818 5547 quam
880 5480 1015 5533 illud
1073 5480 1436 5548 quorumdam
1495 5481 1810 5544 barbarum,

225 5550 610 5617 suppositavit.
654 5549 801 5602 Scite
856 5549 990 5602 illud
1054 5549 1476 5616 καταϐληϐἧναι,
1536 5550 1692 5618 quasi
1744 5550 1812 5604 de

225 5619 559 5690 conditione
587 5635 650 5672 ac
665 5618 970 5690 creatione,
999 5619 1498 5690 quomodomundi
1539 5620 1810 5690 καταδολὴ

224 5687 364 5758 Val.
401 5689 704 5758 constitutio
744 5688 981 5744 dicitur;
1016 5688 1184 5758 quasi
1220 5689 1430 5742 scilicet
1461 5690 1714 5758 projectio
1751 5687 1814 5742 ae

223 5757 528 5828 fundatio:
573 5757 628 5812 in
673 5773 781 5827 qua
835 5773 968 5813 voce
998 5757 1146 5828 Orig.
1208 5759 1292 5813 sui
1356 5757 1560 5826 passim
1614 5759 1820 5815 erroris

1920 4711 2009 4762 τὸν
2069 4711 2327 4764 τοιούτων
2359 4714 2529 4764 αἴτιον
2561 4713 2800 4779 ἁγαθώψ
2865 4711 3054 4764 Omnes
3108 4713 3162 4763 in
3219 4727 3312 4763 nos
3348 4711 3498 4781 aspi-

1915 4782 2251 4851 cientes,_qui
2289 4783 2343 4834 in
2372 4781 2659 4834 Dominum
2692 4782 3031 4842 credidimus,
3074 4781 3342 4851 Christum
3376 4781 3500 4833 lau-

1914 4851 2042 4902 dant
2071 4849 2260 4902 talium
2289 4851 2542 4903 bonorum
2570 4859 2858 4904 auctorem.
2890 4851 3036 4904 Nihil
3073 4851 3237 4919 igitur
3262 4850 3336 4902 ibi
3362 4851 3504 4903 Pau-

1913 4921 1999 4973 lus
2028 4919 2094 4972 de
2123 4920 2325 4973 sanctis
2361 4921 2567 4975 veteris
2609 4931 2824 4974 testam.
2891 4936 2985 4973 seu
3040 4928 3165 4973 ante
3194 4920 3504 4974 Christum.

1914 4990 2066 5054 Quod
2094 4991 2170 5041 ait
2201 4989 2467 5044 Maximus
2501 4993 2564 5041 ὲκ
2611 4991 2805 5059 μέρους
2833 4992 3027 5059 partim
3068 4999 3263 5042 natura
3298 5007 3492 5058 cogno-

1915 5062 2048 5113 visse
2073 5060 2385 5129 mysterium
2400 5062 2805 5122 incarnationis,
2827 5076 2924 5112 seu
2947 5061 3200 5114 humana:
3221 5060 3504 5114 instaura-

1917 5131 2104 5192 tionis,
2177 5129 2442 5196 φυσικῶς,
2483 5130 2642 5183 aliine
2697 5139 2782 5183 est
2833 5131 2931 5192 illi,
2981 5130 3128 5198 quod
3176 5130 3253 5183 ait
3295 5130 3502 5185 Paulus

1919 5199 2076 5252 Itoni.
2111 5215 2168 5261 ιι,
2199 5198 2283 5269 14,
2315 5198 2383 5251 de
2433 5200 2691 5269 gentibus
2725 5200 3058 5253 facientibus
3089 5199 3268 5267 φύσει,
3300 5209 3506 5253 natura

1920 5285 2017 5323 seu
2041 5267 2388 5332 naturaliter,
2415 5267 2555 5338 opus
2580 5271 2749 5339 legis;
2774 5270 2928 5338 quasi
2956 5271 3170 5323 scilicet
3203 5285 3270 5324 ex
3303 5270 3504 5324 instin-

1921 5351 2011 5392 ctu
2045 5339 2406 5407 absquclegis
2423 5340 2716 5402 doctrina;
2749 5357 2855 5394 non
2889 5349 3071 5394 tamen
3097 5340 3215 5394 sine
3246 5341 3502 5394 interiori

1917 5409 2124 5469 atllatu,
2148 5409 2354 5476 Deique
2386 5427 2483 5478 per
2499 5409 2781 5464 Christum
2807 5411 3004 5479 gratia,
3023 5426 3144 5479 qua)
3169 5410 3284 5477 ipsa
3305 5419 3508 5463 natura

1916 5479 2141 5550 dicitur,
2167 5479 2315 5547 quod
2347 5479 2439 5550 Dei
2466 5481 2726 5550 notitiam
2757 5483 2988 5550 ejusque
3021 5481 3392 5550 providrutiae
3413 5495 3502 5533 so-

1915 5549 2028 5602 lum
2061 5550 2346 5602 confusam
2375 5549 2590 5619 ipsique
2614 5549 2824 5606 natura:
2859 5549 3072 5604 atlinem
3113 5550 3346 5616 tribuatj:
3379 5564 3504 5617 qua:

1917 5619 2186 5743 ipsadante
2221 5619 2387 5673 fidem
2416 5621 2622 5676 clarius
2647 5623 2968 5688 revelatam,
2999 5621 3067 5675 ad
3121 5620 3359 5674 salutem
3391 5619 3505 5673 illis

1919 5704 2018 5743 oro
2059 5699 2199 5743 erat.

1919 5699 2199 5758 proderat.
