4070 6408
269 347 378 413 801

1442 344 1852 419 QUIESTION
1858 345 1948 406 ES
1985 346 2080 407 ET
2110 347 2355 408 'DUBIA

3439 357 3547 423 8%

270 477 399 533 μον,
430 459 527 513 καὶ
546 457 736 513 ἔλαϐεν
758 459 822 525 νέξ
854 458 1018 513 αὑτοῦ
1050 457 1273 531 [αἰτῶν]
1301 459 1399 529 τὴν
1425 459 1684 525 διάνοιαν,
1714 462 1857 524 ὅπως

1967 462 2054 516 tite
2082 472 2229 517 actu.
2258 460 2475 518 Occidit
2496 463 2645 520 enim
2676 466 2731 522 in
2758 469 2920 526 nobis
2943 472 3123 528 virum
3148 474 3315 547 (leget
3333 478 3550 535 scilicet

264 552 448 622 ταύτῃ
484 550 806 620 μιγνύμενος
836 552 863 603 ὁ
896 551 993 620 τῆς
1046 550 1238 611 κακίας
1289 552 1545 622 σπορεὺς,
1574 555 1865 606 ἀποτεκεῖν

265 643 480 713 ποιήσῃ
522 640 620 712 τὴν
652 641 947 713 ἁμαρτίαν.
996 642 1092 694 Ἐκ
1141 640 1332 694 τούτου
1387 638 1480 694 οὖν
1529 641 1622 694 τοῦ
1672 642 1865 712 Λάμεχ

267 730 739 800 ἑϐδομηκοντάκις
770 730 912 784 ἑπτὰ
941 730 1259 784 ὲκδικεῖται·
1286 731 1427 801 ὑπὲρ
1462 732 1559 800 τῆς
1593 749 1863 800 συγκατα-

264 820 476 882 θέσεως
498 821 592 873 καὶ
628 821 909 891 ἐνεργείας
951 822 1108 884 δίκας
1131 823 1543 893 εἰσπράττεται.
1578 824 1741 875 Ὅθεν
1768 826 1862 877 καὶ

262 914 298 966 ὁ
328 912 535 982 Κύριος
568 912 814 980 λέγοντος
877 913 1120 984 Πέτρου,
1162 916 1432 979 Ποσάιιις
1476 915 1584 968 ἐὰν
1629 915 1861 984 ἁμάρτῃ

256 1004 363 1069 είς
392 1003 497 1071 ἐμὲ
544 1007 576 1056 ό
624 1002 885 1072 ἀδελφός
907 1022 1047 1073 μου,
1079 1004 1295 1073 ἀφήσω
1325 1004 1505 1070 αὐτῷ’
1529 1005 1649 1071 ἕως
1681 1006 1859 1059 ἑπτά-

264 1112 367 1161 κις
386 1112 407 1161 ;
439 1095 738 1166 Ἀπεκρίθη
769 1096 938 1166 αὐτῷ,
960 1100 1041 1149 Οὐ
1058 1098 1251 1165 μόνον
1278 1098 1387 1163 ἕως
1412 1098 1682 1164 ἑπτάκις,
1723 1099 1859 1152 ἀλλ’

259 1185 383 1251 ἕως
401 1186 910 1255 ἑϐδομηκοντάκις
930 1187 1102 1241 ἑπτά.
1133 1188 1410 1253 Τουτέστι,
1440 1188 1516 1259 τῷ
1541 1190 1860 1259 μετανοοῦνο

262 1278 325 1332 τί
358 1295 462 1344 σοι,
506 1280 580 1350 μὴ
620 1280 782 1350 μόνον
819 1282 889 1335 τὰ
930 1281 1103 1353 μικρὰ
1140 1284 1206 1334 τὰ
1254 1283 1312 1334 ὲν
1344 1283 1744 1351 συγκαταθέσει
1776 1300 1861 1351 γι-

263 1371 493 1442 νόμενα,
530 1373 668 1427 ἀλλὰ
700 1375 807 1427 ,καὶ
834 1374 935 1438 τὰς
976 1376 1257 1445 ἐνεργείας
1288 1375 1544 1445 ἀφήσεις.

896 1671 1092 1727 ΕΡΩΤ.
1139 1675 1226 1728 Κ⁴.

337 1766 479 1835 ﬂevi
496 1764 812 1835 διαφόρων
838 1767 1196 1837 θελημάτων
1222 1770 1394 1826 Θεοῦ.

937 1882 1182 1950 Ἀπόκρ.

340 1971 483 2042 Τρία
513 1970 799 2042 θελήματα
836 1973 929 2026 ἐπὶ
956 1973 1091 2028 Θεοῦ
1127 1974 1233 2046 χρὴ
1268 1975 1696 2048 ὑπολαμϐάνειν*
1734 1977 1854 2031 κατ’

263 2062 540 2125 εὐδοκίαν,
587 2064 707 2116 κατ’
737 2065 1054 2136 οἰκονομίαν
1078 2105 1095 2131 ,
1136 2068 1285 2121 κατὰ
1327 2066 1700 2138 συγχώρησιν.
1747 2070 1856 2122 Καὶ

261 2156 331 2209 τὸ
366 2156 463 2228 μὲν
490 2156 614 2210 κατ’
649 2158 899 2211 εὐδοκίαν
936 2158 1113 2229 δηλοῖ,
1149 2158 1219 2213 τὰ
1262 2162 1403 2213 κατὰ
1436 2161 1527 2213 τὸν
1583 2161 1852 2232 Ἀδραὰμ,

262 2248 520 2317 λέγοντος
552 2249 689 2320 πρὸς
733 2250 917 2312 αὐτὸν,
956 2252 1204 2315 Ἔξελθε
1235 2252 1303 2305 ἐκ
1334 2252 1445 2320 τῆς
1473 2252 1586 2321 γῆς
1615 2270 1753 2307 σου.
1783 2254 1857 2306 Τὸ

262 2338 325 2391 δὲ
372 2339 493 2392 κατ’
526 2341 861 2410 οἰκονομίαν,
896 2341 1050 2412 δηλοῖ
1074 2342 1142 2394 τὰ
1173 2341 1317 2395 κατὰ
1344 2343 1435 2395 τὸν
1478 2343 1677 2413 Ἰωσὴφ
1706 2346 1854 2397 οἱκο-

264 2431 597 2501 νομηθὲντα,
642 2433 779 2502 πρὶς
817 2434 914 2502 τὴν
944 2435 1054 2488 τῶν
1088 2433 1393 2505 μελλόντων
1431 2435 1679 2501 ἔκϐασιν,
1705 2436 1766 2488 τὸ
1797 2436 1855 2489 δὲ

260 2523 411 2577 κατὰ
442 2524 808 2595 συγχώρησιν,
839 2525 990 2597 δηλοῖ
1012 2525 1081 2580 τὰ
1107 2526 1250 2581 κατὰ
1275 2527 1366 2580 τὸν
1410 2525 1530 2580 Ἰὼϐ
1560 2526 1851 2596 γενόμενα.

863 2817 1061 2869 ΕΡΩΤ.
1118 2817 1247 2872 KA'.

344 2905 404 2962 Τί
426 2907 719 2975 σημαίνει
741 2910 775 2962 ό
822 2909 1153 2978 Ψαλμῳδὸς
1181 2910 1314 2978 περὶ
1361 2909 1590 2979 ἐχθρῶν
1621 2910 1848 2979 amr,-

268 3015 291 3051 ε
342 2997 465 3052 Τῶν
493 3000 699 3066 κύκλῳ
727 3001 1153 3071 ἐπιτιθεμένων
1180 3006 1217 3057 ⁸.
1254 3022 1277 3055 θ

750 3168 753 3173 ,
943 3114 1001 3167 Ἀ
1008 3116 1087 3167 πό
1090 3130 1179 3183 κρ.

337 3200 408 3255 Τὸ
466 3200 653 3272 κύκλῳ
705 3202 823 3255 ἐστὶ
866 3202 927 3256 τὸ
980 3205 1231 3275 ὲμπρὸς,
1284 3205 1499 3270 ὀπίσω,
1554 3206 1614 3259 τὸ
1654 3205 1845 3274 δεξιὸν,

262 3293 327 3346 τὸ
350 3293 663 3365 ἀριστερόν.
709 3294 1071 3350 Ἐπιτίθενται
1095 3293 1189 3351 οὖν
1213 3299 1344 3369 ἡμῖν
1372 3299 1422 3351 ot
1445 3298 1717 3368 δαίμονες,
1756 3300 1854 3373 ἐμ-

264 3385 503 3455 προσθεν
558 3387 676 3455 μὲν,
729 3389 857 3441 ὅταν
893 3386 984 3440 διὰ
1030 3388 1140 3441 τῶν
1194 3389 1296 3459 τῆς
1346 3390 1476 3459 ὕλης
1520 3394 1853 3460 ἐπιφανειῶν

262 3476 612 3540 δελεάζωσιν·
669 3478 852 3531 ὀπίσω
900 3479 999 3544 δὲ,
1030 3481 1181 3547 ,ὅταν
1219 3481 1310 3535 διὰ
1368 3481 1478 3534 τῶν
1527 3483 1854 3554 προλήψεων

263 3566 374 3621 τῶν
402 3568 679 3637 λογισμῶν
702 3570 801 3639 τῆς
826 3570 1024 3633 κακίας
1047 3571 1144 3641 τὴν
1182 3573 1404 3643 μνήμην
1436 3572 1528 3644 [Β.
1577 3574 1668 3627 τὸν
1708 3576 1857 3642 λογι-

265 3655 403 3725 σμὸν
426 3657 522 3726 τῆς
558 3658 756 3720 κακίας
786 3660 928 3712 κατὰ
948 3659 1100 3732 μνή.]
1118 3662 1463 3716 ἀνακινῶσιψ
1489 3665 1752 3737 ἀριστερὰ
1773 3665 1852 3726 δὲ,

264 3747 398 3801 ὅταν
425 3748 515 3801 διὰ
552 3748 661 3801 τῶν
700 3751 979 3820 σαρκικῶν
1027 3754 1122 3805 καὶ
1164 3754 1483 3807 ἀκολάστων
1514 3756 1726 3819 παθῶν,
1754 3758 1855 3825 τὴν

265 3837 445 3909 ψυχὴν
490 3841 888 3911 ἐκμοχλεύωσι·
939 3845 1087 3910 δεξιὰ
1129 3846 1203 3905 δὲ,
1242 3847 1369 3899 ὅταν
1417 3847 1508 3901 διὰ
1547 3848 1855 3913 κενοδοξίας

264 3930 366 3983 καὶ
405 3931 787 4004 ὑπερηφανίας
826 3938 891 4007 τῇ
930 3936 1079 4007 ψυχῇ
1113 3938 1472 3994 ἐπιτίθενται.

872 4142 1067 4195 ΕΡΩΤ.
1107 4145 1235 4197 ΚΒ’.

343 4230 406 4284 Τί
430 4230 564 4285 ἐστι
595 4234 663 4285 τό
680 4248 698 4296 ;
732 4249 750 4282 ‹
781 4231 1003 4286 Λάϐετε
1028 4237 1298 4303 ψαλμὸν,
1333 4238 1430 4289 καὶ
1462 4238 1598 4290 δότε
1626 4239 1856 4307 τύμπα-

263 4336 398 4374 νον·
426 4322 768 4392 ψαλτήριον
803 4326 1065 4392 τερπνὸν
1088 4332 1239 4394 μετὰ
1268 4329 1539 4397 κιθάρας.
1583 4349 1600 4381 ι

944 4438 999 4490 Ἀ
1009 4440 1182 4507 adesp.

340 4527 548 4579 Λὰὄετε
596 4527 943 4581 διδασκαλίαν
970 4529 1171 4595 ἔνθεον,
1203 4532 1295 4585 καὶ
1338 4532 1457 4584 δότε
1527 4532 1727 4603 πρᾶξιν
1769 4536 1857 4585 ὲν-

264 4616 461 4687 ἀρετον
487 4618 576 4671 διὰ
601 4620 702 4687 τῆς
730 4620 1045 4691 νεκρώςεως
1078 4621 1170 4674 τοῦ
1211 4622 1485 4692 σώματος.
1517 4624 1589 4677 Τὸ
1620 4625 1675 4676 δὲ
1700 4628 1857 4690 ψαλ-

264 4706 478 4775 τήριον
511 4710 771 4775 τερπνὸν
804 4712 957 4779 μετὰ
1009 4714 1292 4779 κιθιίραςο
1337 4712 1641 4785 ψαλτήριον
1689 4715 1857 4781 λέγει,

264 4798 330 4850 τὸ
364 4800 615 4870 πνεῦμα
665 4801 895 4871 κιθάραν
925 4801 982 4854 δὲ
1010 4802 1110 4873 τὴν
1136 4803 1334 4872 ψυχήν
1372 4803 1655 4873 τύμπανον
1686 4805 1761 4865 δὲ,
1798 4805 1858 4857 τὸ

268 4903 350 4940 σω
358 4905 454 4957 μα.

892 5002 1084 5054 ΕΡΩΤ.
1126 5004 1251 5057 Kl".

348 5093 407 5145 Τι’
435 5094 602 5157 earl;
641 5113 658 5143 c
690 5094 973 5163 Κιίλίιμον
1002 5096 1511 5166 συντετρμμέιόν
1542 5102 1614 5152 οὐ
1645 5098 1856 5152 κατεά-

269 5184 360 5249 ξει
387 5225 402 5250 ,
436 5186 529 5237 καὶ
567 5186 747 5238 ,Ιῑνςν
776 5187 1190 5255 τετυφωμένον
1237 5192 1308 5242 οὺ
1358 5189 1586 5243 σϐέσει.
1618 5210 1635 5240 ι

941 5299 1175 5367 Ἀπόκρ.

353 5394 413 5449 '0
460 5394 599 5447 κατὰ
648 5390 880 5462 μίμησιν
917 5389 1011 5444 τοῦ
1061 5390 1266 5462 Κυρίου
1320 5394 1668 5464 συμπαθείας
1716 5393 1861 5465 λόγῳ

345 5552 389 5582 ¹⁶
420 5550 611 5603 Matth.
642 5563 789 5612 xvm,
822 5546 911 5600 2|.
990 5547 1030 5578 "
1059 5546 1197 5603 ibid.
1228 5547 1319 5602 22.

267 5621 466 5675 Matth.
505 5636 596 5682 xu,
628 5618 718 5671 ‘20.

1436 5549 1477 5579 “
1503 5549 1638 5605 Gen.
1673 5565 1765 5612 xu,
1804 5549 1851 5602 I.

337 5775 362 5800 ⁶
386 5776 468 5831 Ita
493 5773 660 5827 ctiam
697 5771 822 5839 ὅτι.
852 5770 985 5839 Reg.
1021 5770 1317 5825 συνεπιτιθ.

1958 554 2293 623 naturalem)
2324 563 2379 609 et
2407 555 2812 613 adolescentem
2849 562 3134 631 (nimirum
3162 568 3340 638 legem
3386 572 3551 641 spiri-

1962 646 2151 715 talem)
2184 647 2416 716 tulitque
2445 664 2511 702 ex
2542 650 2649 703 illis
2684 651 3124 723 intelligentiam,
3175 669 3236 714 ut
3276 661 3353 716 illi
3390 679 3547 717 com-

1963 737 2160 792 mistus
2195 739 2415 793 malitiae
2461 751 2638 807 sator,
2685 745 2895 811 peccati
2933 758 3153 814 partum
3207 751 3414 809 eliciat.
3470 755 3549 809 De

1962 830 2069 884 hoc
2120 830 2289 901 igitur
2340 832 2616 888 Lamccho
2646 835 2887 890 sumitur
2925 839 3063 893 ultio
3111 843 3423 912 septuagies
3458 861 3549 900 sc—

1962 919 2134 988 pties;
2172 920 2277 975 hoc
2307 930 2412 984 est,
2442 938 2636 992 pmnas
2663 925 2765 981 luit
2806 936 2919 980 tum
2961 930 3171 984 ratione
3200 940 3357 986 actus
3381 942 3550 1003 atque

1960 1009 2163 1078 operis.
2196 1010 2351 1066 Unde
2385 1022 2441 1068 et
2464 1014 2753 1079 Dominus,
2781 1015 2999 1071 dicente
3026 1020 3189 1074 Petro
3220 1038 3232 1073 :
3266 1020 3324 1075 Si
3358 1040 3547 1092 pecca-

1960 1102 2091 1153 verit
2117 1103 2171 1154 in
2211 1119 2291 1155 me
2314 1103 2484 1173 frater
2526 1123 2690 1170 meus,
2720 1110 2919 1177 quoties
2959 1110 3227 1165 dimittam
3265 1114 3361 1166 ei?
3384 1130 3552 1185 usque

1957 1194 2149 1260 septies
2178 1194 2254 1246 ‘°?
2284 1195 2591 1264 Respondit
2630 1198 2711 1253 illi
2751 1217 2762 1252 :
2792 1199 2909 1253 Non
2930 1201 3104 1255 solum
3145 1220 3310 1273 usque
3334 1207 3550 1274 septies,

1956 1283 2048 1336 sed
2073 1300 2238 1355 usque
2262 1291 2559 1358 septuagies
2594 1290 2754 1360 307
2786 1293 2975 1361 septies
2996 1295 3057 1348 ¹⁷.
3086 1294 3199 1349 Hoc
3232 1306 3335 1360 est,
3364 1298 3415 1351 ei
3452 1298 3548 1367 qui

1959 1375 2304 1443 plenitudine
2334 1377 2533 1432 ductus
2562 1381 2859 1437 ollendisse
2896 1384 3065 1449 dolet,
3095 1400 3204 1439 non
3227 1388 3404 1441 solum
3441 1389 3552 1441 mi-

1956 1479 2094 1517 nora
2142 1466 2411 1531 dimittes,
2458 1485 2580 1538 qum
2616 1486 2888 1528 consensu
2938 1474 3077 1531 Iiunt
3102 1516 3117 1540 ,
3145 1493 3338 1533 verum
3378 1480 3550 1533 etiam

1959 1568 2125 1625 opera
2155 1568 2440 1629 actusque.

2540 1673 2750 1729 INTER
2760 1676 2823 1729 R.
2865 1676 2982 1730 XX.

2033 1762 2113 1816 De
2146 1763 2363 1819 diversis
2413 1764 2507 1818 Dei
2540 1768 2925 1823 voluntatibus~

2676 1877 2831 1950 Resp.

2024 1968 2325 2038 Triplicem
2379 1970 2474 2025 Dei
2511 1971 2848 2026 voluntatem
2898 1973 3278 2049 existimemus
3318 1991 3545 2031 necesse

1955 2068 2073 2124 est;
2124 2076 2411 2129 propensa:
2447 2062 2747 2116 voluntatis
2771 2077 2869 2116 seu
2916 2065 3269 2134 beneplaciti,
3318 2066 3545 2136 dispen—

1956 2151 2186 2205 sationis
2208 2167 2275 2205 ac
2300 2153 2702 2222 permissionis.
2743 2155 3037 2225 Propensa’:
3078 2157 3398 2219 voluntatis.
3448 2175 3547 2213 svu

1957 2241 2286 2311 beneplaciti
2340 2245 2702 2309 voluntatem,
2747 2246 3050 2311 declarant,
3102 2264 3226 2317 qua“:
3264 2249 3317 2302 in
3371 2251 3547 2304 Abra-

1957 2334 2122 2388 hamo
2155 2345 2306 2405 gesta
2341 2345 2489 2400 sunt,
2518 2336 2741 2392 dicente
2768 2338 2837 2391 ad
2871 2354 2997 2391 cum
3034 2339 3167 2402 Deo,
3199 2340 3462 2409 Egredere
3484 2342 3551 2395 de

1956 2431 2100 2477 terra
2128 2436 2225 2478 tua
2245 2426 2305 2478 ³⁸.
2343 2426 2806 2496 Dispensationis,
2837 2445 2959 2498 quae
2993 2442 3144 2484 certa
3191 2432 3405 2486 consilii
3455 2448 3548 2486 ra-

1956 2515 2107 2570 tione
2136 2516 2191 2570 in
2218 2518 2459 2586 Josepho
2488 2520 2861 2589 contigerunt,
2890 2521 2957 2573 ad
2992 2523 3431 2590 praestruendum
3458 2541 3549 2578 re-

1955 2625 2077 2663 rum
2139 2609 2451 2664 futurarum
2503 2621 2795 2679 eventum;
2856 2614 3238 2683 permissionis
3286 2614 3546 2686 denique,

1952 2716 2075 2770 qua:
2109 2700 2163 2754 in
2197 2701 2339 2757 Jobo
2369 2712 2696 2757 evenerunt.

2509 2813 2793 2869 INTERR.
2835 2814 2979 2870 XXI.

2018 2903 2160 2970 Quid
2184 2905 2288 2958 sibi
2314 2904 2424 2959 vult
2449 2904 2788 2960 Psalmorum
2817 2909 3140 2973 modulator,
3165 2910 3288 2964 dum
3328 2911 3545 2981 loquens

1947 2998 2012 3051 de
2041 2999 2270 3052 inimicis
2295 2997 2320 3049 ?
2343 2998 2423 3050 ait
2449 3013 2467 3051 :
2507 3015 2525 3048 ι
2557 2995 2661 3063 Qui
2692 3000 2749 3052 in
2778 3001 2997 3054 circuitu
3030 3003 3287 3072 ingruunt
3308 3006 3371 3056 “'.
3415 3022 3433 3053 ι

2663 3112 2818 3183 Resp.

2027 3199 2087 3254 In
2118 3198 2376 3267 circuitu,
2406 3215 2531 3258 ante
2560 3216 2646 3258 est
2687 3212 2744 3257 et
2774 3213 2943 3269 retro,
2976 3220 3006 3259 a
3052 3205 3371 3277 dextrisque
3419 3220 3475 3263 et
3520 3222 3551 3261 τι

1955 3292 2216 3348 sinistris.
2252 3294 2524 3365 lngruunt
2552 3296 2723 3365 igitur
2748 3296 2910 3352 nobis
2932 3296 3233 3363 daemones,
3258 3309 3386 3355 ante
3418 3301 3548 3371 qui-

1954 3386 2102 3450 dem,
2128 3403 2255 3442 cum
2286 3396 2515 3442 externa
2548 3403 2942 3458 corporearum
2976 3405 3162 3445 rerum
3201 3391 3407 3462 specie,
3429 3396 3551 3447 vel-

1956 3487 2019 3531 ut
2054 3492 2179 3531 esca
2229 3493 2334 3531 nos
2355 3479 2621 3547 capiunt:
2661 3486 2810 3533 retro
2835 3487 3042 3543 autem,
3070 3495 3197 3534 cum
3238 3495 3341 3550 per
3383 3495 3549 3535 occu-

1955 3579 2113 3640 patas
2170 3570 2462 3639 opiniones
2513 3586 2802 3640 pravarum
2867 3571 3283 3640 cogitationum,
3332 3586 3546 3627 memo-

1956 3664 2094 3718 riam
2128 3666 2389 3718 excitant.
2434 3665 2478 3718 A
2508 3664 2749 3719 sinistris
2783 3649 2944 3729 ’γει-ο,
2982 3680 3109 3719 cum
3154 3680 3255 3734 per
3288 3666 3545 3722 carnales

1957 3771 2023 3811 ac
2060 3756 2294 3811 lascivos
2339 3757 2571 3811 allectus
2622 3773 2720 3811 seu
2770 3756 3054 3821 libidines,
3100 3755 3343 3811 animum
3385 3774 3541 3810 emo-

1956 3856 2121 3902 vent:
2160 3865 2190 3902 a
2220 3849 2428 3903 dextris
2460 3849 2718 3919 denique,
2750 3864 2874 3903 cum
2911 3864 3011 3917 per
3060 3847 3278 3903 inanem
3312 3846 3541 3917 gloriam

1957 3948 2013 3992 et
2066 3939 2382 4009 superbiam
2431 3940 2676 3993 animum
2733 3940 3064 3993 adoriuntur
3111 3938 3305 4009 illique
3355 3939 3542 3998 immi-

1956 4039 2112 4084 nent.

2512 4144 2795 4197 INTERR.
2835 4142 2997 4196 XXII.

2030 4233 2169 4298 Quid
2204 4234 2300 4287 sibi
2335 4234 2499 4287 vult?
2541 4254 2558 4284 ε
2605 4232 2808 4288 Sumite
2840 4233 3125 4300 psalmum,
3157 4242 3203 4285 et
3252 4234 3375 4286 date
3404 4242 3542 4304 tym-

1960 4340 2188 4390 panum;
2238 4323 2887 4395 psalteriumjucundum,
2913 4340 3032 4376 cum
3063 4324 3269 4376 cit/cara
3288 4325 3353 4374 ²⁰.
3381 4343 3397 4373 ι

2673 4436 2831 4505 Resp.

2032 4523 2245 4578 Sumite
2298 4524 2541 4578 divinam
2584 4525 2916 4587 doctrinam,
2960 4533 3015 4579 et
3066 4525 3190 4579 date
3241 4525 3545 4579 studiosam

1960 4630 2115 4683 asque
2147 4615 2372 4669 virtutis
2396 4615 2609 4668 ratione
2629 4616 2903 4668 actionem
2928 4632 3025 4684 per
3047 4618 3295 4684 corporis
3317 4618 3541 4669 mortiti-

1960 4706 2255 4760 cationem.
2275 4707 2552 4771 Quantum
2571 4722 2701 4760 vero
2720 4707 2787 4760 ad
2805 4706 2859 4759 id
2881 4706 3029 4774 quod
3046 4706 3320 4774 sequitur,
3341 4706 3537 4759 Psalle-

1961 4800 2099 4852 rium
2149 4798 2441 4863 iucundum
2476 4815 2595 4851 cum
2641 4798 2880 4862 cithara;
2927 4797 3255 4867 psalterium
3311 4798 3550 4867 appellat

1960 4890 2254 4960 spiritum;
2302 4890 2595 4948 citharam.
2627 4891 2903 4955 animam;
2951 4898 3291 4960 tympanum,
3325 4905 3544 4959 corpus.

2387 5000 2553 5070 308
2590 5000 2875 5053 INTERR.
2917 4999 3112 5053 XXIII.

2031 5087 2167 5153 Quid
2207 5088 2327 5142 est?
2365 5109 2382 5140 ι
2415 5090 2741 5143 Αναηάίηεηι
2766 5099 3075 5160 quassatam
3104 5107 3204 5143 non
3237 5091 3547 5161 confringet,

1961 5192 2010 5235 et
2052 5181 2216 5236 linunt
2249 5183 2518 5253 fumigans
2553 5200 2657 5237 non
2698 5183 3075 5254 exstinguet“.

2688 5301 2825 5371 Resp

2034 5391 2136 5458 Qui
2166 5390 2383 5446 Domini
2406 5390 2682 5461 exemplo.
2704 5390 3065 5461 propensiore
3089 5389 3445 5445 miseratione
3472 5389 3551 5442 in-

1967 5549 2009 5579 ”
2036 5547 2179 5602 Psal.
2213 5563 2291 5613 tu,
2324 5547 2377 5603 6.
2492 5548 2537 5579 '°
2570 5547 2715 5603 Psal.
2755 5563 2913 5613 Lux,
2951 5546 3004 5602 5.
3120 5548 3161 5578 ¹¹
3194 5546 3295 5600 Isa.
3328 5559 3454 5610 xui,
3482 5542 3553 5612 ὃς

2492 5548 2537 5579 ⁸⁸
2570 5547 2715 5603 Psal.
2755 5563 2913 5614 Lux,
2951 5546 3004 5602 5.
