4070 6406
223 343 330 408 805

1377 335 1491 409 ⁷ου
1503 336 1890 396 [Ε8ΤΙΟΝΕ3
1927 335 2021 397 ΕΤ
2060 337 2321 399 ΒΠΒΙΑ.

3387 345 3497 408 806

228 453 408 520 μέλονι
451 469 465 500 ι
497 441 608 502 τΩτ·
635 449 860 518 ἤρξατο
882 451 908 502 ὀ
946 446 1175 516 Ἰησοῦς
1209 446 1400 500 ποιεῖν
1428 465 1492 501 τε
1526 449 1620 502 καί
1650 447 1813 501 διδά‹

1933 449 2249 513 loctrinam,
2273 451 2427 520 juxta
2458 453 2604 522 quod
2639 453 2903 523 scriptum
2938 464 3021 509 est
3063 473 3074 507 :
3124 475 3140 504 ι
3179 453 3306 520 sz'
3349 458 3506 528 erepit

223 559 418 597 σχειν.
445 559 465 590 ι

826 674 1022 727 uror.
1065 675 1210 739 κεῖν.

297 767 366 821 Τί
415 768 584 820 ἐστιν
629 769 667 835 ἡ
722 767 826 819 τοῦ
881 767 1224 834 Πνεύματος
1248 765 1657 834 βλασφημία·
1713 764 1812 816 καί

225 858 392 925 mite;
429 879 446 911 ι
487 857 618 912 Πᾶν
654 857 967 928 ἁμάρτημα
1020 858 1394 925 ἀφεθήσεται
1427 856 1550 920 τοῖς
1591 857 1814 922 ἀνθρώ-

230 965 388 1015 ποις·
415 950 540 1016 τοῖς
567 949 634 1001 δὲ
663 953 750 1014 εἰς
780 949 926 1001 αὐτὸ
953 948 1505 1016 βλασφημήσωσιν,
1543 950 1652 1000 οὐκ
1705 948 1814 1014 ἀέρ-

225 1039 526 1104 εθήσεται,
569 1039 708 1091 οὔτε
747 1038 819 1091 ἐν
869 1036 948 1102 τῷ
987 1034 1154 1088 αἰῶνι
1187 1037 1396 1098 τούτῳ,
1453 1033 1593 1087 οὔτε
1644 1030 1814 1096 ἐντῷ

221 1129 534 1200 μέλλοντι.
577 1149 596 1180 ι

903 1242 1146 1306 Ἀπόκρ.

311 1329 376 1382 Ἥ
413 1330 540 1400 περὶ
585 1331 686 1400 τῆς
717 1329 811 1383 τοῦ
849 1329 1169 1399 Πνεύματος
1205 1327 1558 1399 βλασφημίας
1586 1325 1812 1396 ἀπορία,

225 1421 454 1476 αὐτόθεν
487 1421 600 1491 ἔχει
647 1422 745 1492 τὴν
794 1421 972 1474 λύσιν.
1036 1421 1142 1474 Τοῦ
1201 1421 1311 1491 γὰρ
1369 1421 1578 1489 Κυρίου
1642 1419 1816 1480 ἰάσεις

229 1514 509 1577 ποιοῦντος
544 1515 824 1576 ποικίλας,
875 1515 924 1566 οἰ
967 1513 1213 1565 Ἰουδαῖοι
1245 1513 1344 1574 τὰς
1377 1511 1470 1564 τοῦ
1502 1510 1816 1580 Πνεύματος

225 1606 536 1678 ἐνεργείας,
571 1605 647 1676 τῷ
694 1606 916 1674 ἄρχοντι
949 1602 1058 1656 τῶν
1092 1603 1366 1672 δαιμόνων
1399 1602 1603 1665 ταύτας
1638 1601 1816 1654 ἀνετί-

227 1701 417 1754 θεσαν.
459 1699 532 1750 Τὸ
562 1698 638 1759 δὲ,
670 1696 817 1750 Οὔτε
849 1696 1131 1762 ἐνταῦθα,
1159 1696 1302 1749 οὔτε
1348 1696 1418 1748 ἐν
1459 1695 1538 1756 τῷ
1555 1695 1816 1762 μέλλον-

1911 541 2064 595 Jcsus
2093 543 2267 612 facere
2299 552 2348 597 et
2384 545 2570 598 docere
2587 547 2652 598 “.
2705 567 2722 596 ι

2465 681 2748 735 INTERR.
2791 681 2977 735 XXVI.

1987 769 2124 834 Quid
2185 788 2256 824 est
2301 775 2518 842 spiritus
2570 773 2939 843 blasphemia?
2979 773 3246 839 Quomodo
3288 779 3446 830 etiam
3485 793 3501 830 :

1921 881 1940 912 ‹
1976 862 2139 915 Omne
2171 873 2442 932 peccatum
2492 868 2786 918 remittetur
2829 867 3154 931 hominibus;
3207 870 3268 920 iis
3323 879 3499 922 autem

1916 955 2001 1022 qui
2042 954 2521 1024 blasphcumreriut
2555 959 2606 1010 in
2636 959 2828 1027 ipsum,
2859 975 2961 1010 non
2997 959 3311 1023 remittetur,
3339 975 3502 1024 neque

1915 1045 1970 1097 in
1997 1046 2091 1098 hoc
2123 1045 2337 1111 su’culo,
2363 1063 2530 1117 neque
2557 1048 2611 1100 in
2650 1048 2829 1118 futuro
2853 1049 2920 1102 '7.
2950 1067 2967 1100 ι

2640 1249 2798 1320 Resp.

1988 1338 2121 1404 Qua:
2145 1338 2212 1392 de
2245 1338 2484 1408 Spiritus
2513 1339 2855 1408 blasphemia
2877 1340 3107 1408 quaestio
3130 1351 3235 1405 est,
3267 1342 3392 1397 inde
3417 1360 3503 1399 so-

1917 1430 2186 1484 lutionem
2217 1428 2403 1483 habet.
2441 1429 2576 1484 Cum
2612 1430 2759 1482 enim
2795 1431 3062 1486 Dominus
3102 1434 3254 1487 varia
3299 1437 3505 1490 sanita-

1919 1529 2034 1573 tum
2068 1534 2297 1573 munera
2339 1527 2643 1588 prmstaret,
2673 1519 2848 1574 Judazi
2885 1519 3122 1589 Spiritus
3155 1525 3506 1592 operationes

1917 1611 2171 1680 principii
2203 1611 2514 1666 dtemonum
2542 1612 2914 1666 ascribebant.
2951 1613 3108 1678 Quod
3140 1624 3322 1668 autem
3351 1617 3507 1670 addi-

1921 1710 2011 1756 tur
2044 1719 2055 1755 :
2096 1701 2276 1774 Neque
2302 1705 2403 1766 hic,
2431 1720 2596 1774 neque
2629 1705 2682 1756 in
2713 1704 2912 1774 futuro,
2941 1696 3334 1761 remittendum
3365 1708 3503 1771 fore,

225 1809 306 1858 τι,
339 1793 534 1860 ἄφεσιν
572 1790 819 1858 γίνεσθαι
853 1791 966 1852 τοῖς
1016 1788 1453 1859 βλασφημοῦσιν,
1485 1787 1612 1856 ἑξῆς
1645 1786 1812 1857 ζητη-

1933 1792 2024 1857 ιίε,
2054 1793 2148 1862 qui
2172 1793 2576 1863 blasphemant,
2602 1794 2866 1863 deinceps
2896 1795 3310 1864 inquirendum.
3337 1799 3509 1852 Aiunt.

225 1882 371 1935 τὲον.
399 1883 535 1934 Φασὶ
551 1882 694 1944 τινὲς
729 1881 794 1951 (ε)
825 1879 932 1932 τῶν
964 1882 1033 1933 τὰ
1058 1880 1285 1932 τοιαῦτα
1313 1879 1400 1932 διὰ
1435 1879 1526 1932 τοῦ
1563 1879 1818 1948 Πνεύμα-

227 1989 321 2035 τος
371 1971 781 2041 ἡκριϐωκότων,
832 1971 1104 2038 τέσσαρας
1135 1965 1276 2024 εἶναι
1319 1973 1575 2042 τρόπους,
1630 1971 1696 2024 δι’
1743 1965 1818 2025 ὧν

230 2064 583 2134 συγχώρησις
610 2062 817 2130 γίνεται
843 2064 1281 2135 ἁμαρτημάτων·
1310 2065 1403 2117 δύο
1429 2065 1683 2128 ἐνταῦθα,
1725 2065 1819 2118 καὶ⁵

227 2157 327 2210 δύο
361 2158 419 2209 ἐν
440 2156 517 2226 τῷ
563 2155 834 2226 μέλλοντι.
900 2156 1123 2227 Ἐπειδὴ
1154 2155 1263 2227 γάρ
1293 2157 1396 2210 οὐκ
1446 2159 1735 2224 ἐξικνεῖται
1782 2161 1815 2230 ἡ

233 2249 425 2318 μνήμη
455 2247 577 2299 ὅλου
615 2245 710 2299 τοῦ
773 2245 970 2316 χρόνου
1007 2246 1368 2316 μνημονεύειν
1409 2247 1476 2299 τὰ
1506 2248 1818 2317 σφάλματα,

231 2341 322 2393 ἴνα
370 2340 510 2409 ὑπὲρ
544 2338 722 2392 αὐτῶν
776 2337 1014 2391 ἐνταῦθα
1062 2340 1374 2411 μετανοήσῃ
1417 2341 1444 2391 ό
1502 2339 1818 2410 ἄνθρωπος,

229 2431 553 2503 ᾠκονόμησε
582 2429 965 2501 φιλάνθρωπος
987 2428 1062 2482 ὣν
1091 2433 1119 2483 ό
1142 2431 1418 2502 Δεσπότης
1449 2432 1547 2500 τῆς
1582 2431 1818 2500 φύσεως,

232 2523 333 2578 καὶ
373 2523 528 2594 ἡμῶν
571 2523 644 2593 μὴ
693 2523 1352 2592 μετανοούντωντρόπους
1403 2524 1692 2594 μετανοίας
1717 2539 1728 2552 ·
1764 2526 1822 2576 ἐν

235 2617 338 2688 μὲν
366 2617 445 2686 τῷ
469 2615 738 2686 μέλλοντι,
776 2615 852 2678 ώς
881 2614 1118 2685 εἴρηται,
1145 2615 1258 2668 δύο.
1289 2616 1458 2668 Ὅταν
1497 2633 1577 2678 τις
1601 2596 1824 2684 ἀδιαφό-

237 2727 348 2781 ρως
383 2707 471 2781 [Π.
522 2725 625 2761 non
673 2707 801 2761 bene
849 2707 1146 2780 διαφόρως]
1197 2708 1433 2763 ἐνταῦθα
1467 2709 1818 2779 ἁμαρτήσας,

234 2805 332 2856 καὶ
370 2803 530 2856 πάλιν
565 2801 874 2871 ἀδιαφόρως
911 2801 1352 2872 ἁγαθοεργήσας,
1385 2801 1496 2853 εἴτε
1522 2803 1602 2864 εἰς
1634 2798 1820 2854 οἶκτον

235 2896 336 2950 καὶ
371 2894 718 2965 συμπάθειαν
754 2894 890 2964 πρὸς
933 2895 1024 2948 τὸν
1078 2894 1306 2964 πλησίον
1357 2894 1621 2965 κινηθεὶς,
1660 2894 1820 2964 ῆόσα

235 2985 376 3041 ἄλλα
403 2984 815 3056 φιλανθρωπίας
859 2984 1128 3055 ἐχόμενα,
1168 2983 1341 3036 ταῦτα
1370 2986 1429 3036 ἐν
1459 2984 1537 3053 τῷ
1573 2983 1820 3053 μέλλοντι

235 3077 398 3130 αἰῶνι
423 3079 480 3130 ἐν
501 3076 578 3147 τῷ
599 3076 778 3146 καιρῷ
807 3077 908 3147 τῆς
932 3076 1168 3146 κρίσεως
1202 3076 1701 3147 ζυγοστατούμενα,
1733 3075 1819 3147 ἐφ’

234 3168 277 3222 ἃ.
299 3167 397 3240 τὴν
427 3167 598 3239 ῥοπὴν
629 3167 764 3233 ἕξει,
811 3165 1158 3238 συγχώρησις
1202 3167 1431 3235 γίνεται.
1465 3164 1632 3232 Οὗτος
1664 3169 1763 3240 μὲν
1791 3169 1819 3222 ὁ

235 3252 322 3322 εἷς
349 3259 580 3327 τρόπος’
605 3257 867 3329 Δεύτερος
899 3257 978 3324 δὲ,
1025 3253 1198 3322 οὗτος·
1242 3259 1370 3312 ὅταν
1413 3277 1496 3324 τις
1535 3263 1591 3313 ἐν
1633 3261 1820 3330 ἁμαρ-

234 3351 385 3415 τίαις
413 3350 762 3422 ἐνεχόμενοςο
803 3349 1018 3404 ἀκούων
1047 3351 1105 3403 δὲ
1150 3351 1244 3404 τοῦ
1299 3352 1504 3424 Κυρίου
1543 3353 1816 3423 λέγοντος,

238 3442 341 3510 Μὴ
395 3443 651 3511 κρίνετε,
687 3442 789 3494 ἵνα
829 3441 917 3510 μὴ
947 3441 1206 3510 κριθῆτε,
1255 3441 1589 3512 φοϐούμενος
1632 3443 1822 3498 οὐδένα

241 3535 432 3607 κρίνῃ,
489 3536 546 3588 ἐν
591 3535 660 3605 τῇ
712 3533 958 3598 ἐξετάσει
998 3533 1108 3588 τῶν
1143 3534 1512 3604 βεϐιωμένων,
1542 3535 1619 3599 ὡς
1649 3536 1820 3604 φύλαξ

235 3628 342 3699 τῆς
379 3626 599 3698 ἐντολῆς
629 3626 690 3678 ού
725 3629 990 3697 κρίνεται.
1043 3627 1154 3696 Τῆς
1209 3627 1318 3696 γὰρ
1356 3626 1552 3680 ἑαυτοῦ
1604 3626 1823 3696 ἐντολῆς

236 3719 346 3773 ούκ
393 3719 714 3788 ἐπιλήσμων
757 3719 786 3770 ὁ
838 3717 1255 3787 ἀψευδέστατός.
1291 3720 1351 3772 Οἰ
1399 3718 1456 3771 δέ
1508 3717 1601 3771 δύο
1647 3718 1824 3790 ἕτεροι

238 3815 458 3886 τρόποι,
490 3811 724 3867 ἐνταῦθα
778 3809 876 3882 τὴν
921 3810 1268 3882 συγχώρησιν
1313 3811 1549 3880 ἔχουσιν,
1587 3811 1714 3864 ὅταν
1765 3813 1824 3863 ἐν

238 3906 546 3979 ἁμαρτίαις
577 3922 663 3968 τις
709 3903 808 3966 ὢν,
836 3905 1200 3973 οἰκονομεῖται
1252 3903 1316 3954 ἐκ
1357 3903 1456 3972 τῆς
1490 3903 1742 3972 προνοίας
1768 3904 1826 3955 ἐν

243 3999 576 4068 συμφοραῖς,
610 3998 666 4048 ὲν
695 3992 983 4062 ἀνάγκαις,
1014 3995 1071 4046 ὲν
1106 3993 1300 4056 νόσοις.
1343 3993 1428 4056 Ὠς
1455 3993 1554 4046 ούκ
1581 3989 1689 4046 οἶδε
1719 3995 1828 4064 γὰρ

239 4091 338 4144 διὰ
378 4091 488 4143 τῶν
521 4088 777 4142 τοιούτων
801 4086 1056 4158 καθαίρει
1079 4085 1242 4140 αὐτὸν
1271 4087 1299 4139 ό
1325 4084 1482 4148 Θεόςο
1518 4085 1614 4138 καὶ
1645 4087 1694 4138 εἰ
1728 4087 1827 4156 μὲν

241 4180 561 4248 εὐχαριστεῖ
585 4177 1001 4248 πειραζόμενος,
1024 4176 1115 4229 τὸν
1152 4176 1243 4228 ἐπὶ
1277 4178 1341 4246 τῇ
1383 4177 1703 4248 εὐχαριστίᾳ
1740 4194 1827 4247 μι-

244 4273 378 4326 σθὸν
404 4271 694 4342 λαμϐάνει.
744 4271 808 4324 Εἰ
858 4269 916 4322 δὲ
964 4271 1284 4341 ἀχαριστεῖ,
1321 4269 1389 4321 δι’
1426 4267 1490 4332 ἃς
1521 4269 1620 4339 μὲν
1651 4271 1830 4341 ἀμαρ-

241 4357 372 4426 τίας
398 4363 733 4422 παιδεύεται,
767 4363 830 4414 ἐκ
863 4361 1068 4414 τούτων
1109 4359 1451 4430 καθαίρεταγ
1484 4360 1582 4431 τὴν
1601 4361 1659 4414 δὲ
1688 4361 1829 4432 ὑπὲρ

1919 1887 2112 1954 aliqui,
2146 1886 2318 1940 divini
2352 1886 2593 1956 Spiritus
2625 1888 2807 1940 alllatu
2840 1888 2966 1941 talia
3007 1887 3328 1958 diligentius
3353 1906 3510 1944 exse-

1919 1976 2055 2041 cuti,
2101 1987 2340 2046 quatuor
2375 1995 2496 2034 esse
2544 1980 2742 2034 modos
2784 1980 2989 2050 quibus
3026 1991 3247 2051 peccata
3299 1983 3508 2037 condo-

1919 2077 2152 2136 nantur;
2200 2070 2360 2124 binos
2394 2087 2512 2125 δινο
2556 2072 2680 2135 hoc,
2715 2072 2986 2142 binosque
3023 2074 3077 2127 iu
3112 2073 3321 2128 futuro.
3369 2076 3509 2142 Quia

1919 2160 2065 2215 enim
2101 2161 2366 2215 memoria
2404 2162 2736 2216 imbecillior
2758 2173 3046 2234 cst,_quam
3073 2174 3133 2219 ut
3165 2167 3333 2220 totius
3368 2178 3506 2222 tem-

1920 2254 2072 2323 poris
2094 2254 2291 2307 delicta
2315 2253 2489 2322 possit
2512 2255 2778 2318 recolere,
2803 2260 2870 2309 de
2897 2256 3100 2324 quibus
3127 2257 3314 2320 homo,
3338 2275 3513 2327 quan-

1922 2343 2017 2397 diu
2049 2345 2160 2398 vita
2194 2345 2308 2398 haec
2356 2355 2637 2414 superstes
2667 2354 2774 2411 est,
2823 2347 3202 2414 pcenitentiam
3247 2357 3390 2418 agat,
3426 2350 3512 2404 iu-

1923 2435 2259 2506 dulgentiori
2283 2437 2487 2505 pietate
2517 2435 2949 2506 benignissimus
2985 2449 3195 2493 natura:
3225 2440 3512 2506 Dominus,

1923 2525 2115 2580 statuit
2141 2526 2483 2595 pcenitentia:
2516 2527 2731 2592 modos,
2775 2543 2900 2581 cum
2950 2544 3053 2583 nec
3086 2529 3188 2598 ipsi
3234 2531 3512 2599 pceniten-

1925 2619 2054 2672 tiam
2096 2619 2309 2686 agimus
2343 2637 2355 2672 :
2389 2619 2578 2672 futuro
2607 2619 2829 2688 quidem
2873 2636 3012 2686 arvo,
3045 2622 3125 2675 uti
3159 2621 3368 2676 dictum
3408 2632 3510 2689 est,

1922 2710 2192 2780 geminos.
2242 2707 2377 2763 Cum
2412 2710 2538 2778 quis
2589 2709 2852 2762 nimirum
2886 2710 3000 2763 vita
3050 2710 3155 2765 hac
3197 2714 3514 2781 promiscue

1922 2799 2167 2868 peccatis
2198 2798 2450 2864 indulsit,
2477 2799 2731 2869 bonaque
2757 2815 2953 2854 rursus
2976 2810 3239 2869 operatus
3263 2812 3367 2867 est,
3397 2803 3514 2858 sive

1924 2907 2053 2962 erga
2085 2891 2398 2960 proximum
2434 2891 2791 2946 miseratione
2821 2893 3071 2958 affectus,
3107 2893 3220 2948 sive
3251 2895 3360 2948 alio
3413 2895 3516 2949 du-

1924 2994 2048 3039 ctus
2099 2984 2460 3038 humanitatis
2509 2983 2708 3049 s'ensu;
2765 2984 2989 3054 haecque
3026 2985 3165 3039 adeo
3202 2985 3388 3040 futuro
3422 2986 3517 3040 illo

1925 3093 2042 3133 aevo
2071 3077 2268 3148 judicli
2312 3087 2559 3146 tempore
2602 3091 2726 3129 cum
2759 3077 2867 3131 illis
2901 3091 3164 3147 appensa,
3213 3093 3242 3131 a
3290 3094 3348 3132 se
3393 3078 3518 3132 lan-

1927 3186 2049 3226 cem
2080 3168 2476 3239 depresserint,
2519 3167 2840 3239 indulgetur
2868 3169 2952 3223 eis
2982 3169 3162 3222 venia.
3198 3168 3376 3238 Atque
3426 3169 3520 3224 hic

1930 3279 2076 3319 unus
2102 3273 2188 3319 est
2219 3261 2562 3318 remissionis
2588 3261 2787 3316 modus
2831 3278 2844 3313 :
2879 3261 3033 3314 Alter
3055 3276 3187 3315 vero
3229 3271 3345 3327 est;
3391 3277 3518 3315 cum

1933 3355 2060 3427 quis
2093 3363 2448 3426 peccatorum
2477 3371 2624 3419 reus,
2657 3353 2890 3408 audiens
2931 3367 2962 3406 a
3001 3353 3236 3407 Domino
3279 3370 3292 3406 :
3342 3353 3522 3407 Notite

1926 3449 2192 3518 judicare,
2224 3455 2272 3499 et
2299 3461 2402 3498 non
2425 3445 2798 3515 judicabimini
2815 3442 2896 3509 "';
2934 3444 3233 3498 Dominica‘.
3254 3443 3407 3497 vocis
3437 3460 3522 3499 re-

1933 3540 2182 3595 verentia
2212 3537 2488 3592 neminem
2518 3536 2870 3606 judicaverit,
2898 3549 3022 3589 cum
3049 3550 3133 3598 ea,
3160 3551 3281 3606 qua:
3310 3551 3411 3604 per
3439 3536 3518 3590 vi-

1937 3642 2048 3690 tam
2077 3633 2308 3703 egimus,
2357 3629 2596 3684 examini
2641 3628 3027 3698 subjicieutur,
3056 3628 3207 3682 velut
3233 3629 3326 3696 qui
3362 3643 3517 3682 man-

1936 3727 2124 3781 datum
2155 3721 2476 3787 servaverit,
2507 3737 2617 3775 non
2647 3721 3007 3792 judicabitur.
3042 3720 3162 3775 Non
3195 3720 3342 3774 enim
3364 3736 3522 3775 vera-

1934 3820 2190 3874 cissimus
2239 3814 2526 3879 Dominus,
2593 3813 2678 3867 sui
2734 3813 2884 3867 illius
2938 3812 3180 3866 mandati
3229 3812 3522 3867 immemor

1933 3912 2060 3965 erit.
2099 3909 2202 3976 Qui
2239 3916 2425 3962 autem
2459 3912 2771 3974 sequuntur
2805 3903 2968 3972 310
2997 3902 3158 3955 ambo
3183 3901 3378 3971 reliqui
3406 3918 3523 3958 mo-

1933 3999 2012 4063 di,
2047 3998 2165 4068 ipso
2209 3997 2315 4050 hoc
2341 4009 2458 4049 mvo
2502 3992 2900 4062 indulgentiam
2944 3991 3178 4057 habent;
3235 4007 3358 4044 cum
3396 3992 3526 4061 quis

1941 4089 2199 4144 nimirum
2230 4087 2470 4156 peccatis
2513 4085 2806 4148 obnoxius,
2835 4093 2985 4138 certa
3030 4084 3127 4138 Dei
3174 4083 3523 4153 providentia

1941 4197 2006 4236 ac
2043 4179 2275 4235 consilio
2308 4179 2362 4231 in
2394 4175 2676 4240 aerumnis,
2705 4174 2759 4228 in
2796 4174 3240 4237 necessitatibus,
3276 4173 3332 4227 in
3360 4173 3523 4244 aegri-

1937 4271 2226 4327 tudinibus
2258 4269 2590 4340 disponitur.
2643 4267 2790 4321 Deus
2835 4266 2984 4320 enim
3038 4266 3162 4319 talia
3199 4265 3525 4335 iniligendo,

1936 4380 2044 4434 qua
2073 4364 2165 4418 ille
2205 4362 2419 4416 ratione
2446 4359 2646 4423 nescit,
2677 4373 2804 4412 eum
2839 4357 3124 4412 emundat.
3152 4357 3230 4412 Ac
3273 4357 3526 4426 quidem,

243 4457 351 4524 τῆς
377 4453 700 4524 ἀχαριστίας
731 4452 1117 4522 εἰσπράττεται
1145 4453 1360 4520 ποινήν.
1389 4451 1641 4518 Ἔπειτα,
1675 4453 1826 4505 ἅτινα

1937 4456 1983 4509 si
2021 4455 2152 4509 dum
2190 4461 2434 4508 tentatur
2465 4451 2668 4522 gratias
2701 4450 2832 4521 agit,
2859 4463 2927 4503 eo
2963 4449 3185 4504 nomine
3218 4448 3365 4518 quod
3401 4465 3526 4520 gra-

242 4553 333 4610 εἰς
368 4545 689 4617 ἀνθρώπους
731 4561 816 4608 τις
850 4543 1178 4613 ἁμαρτάνει,
1201 4543 1300 4615 ,ὡς
1343 4542 1545 4606 ἔδειξεν
1578 4545 1606 4596 ό
1651 4543 1829 4611 λόγος,

325 4708 372 4739 ’⁸
398 4706 520 4762 Act.
547 4723 586 4771 ι,
626 4707 676 4759 1.
753 4706 797 4736 ³⁷
837 4703 1030 4758 Matth.
1069 4718 1161 4766 xn,
1189 4703 1289 4768 51;
1327 4700 1462 4756 Luc.
1490 4718 1584 4769 xu,
1619 4701 1706 4756 10.

1941 4557 2030 4601 tus
2056 4543 2357 4608 exstiterit,
2394 4542 2708 4598 mercedem
2741 4541 2940 4611 recipit
2967 4559 2978 4594 :
3009 4541 3094 4594 sin
3127 4550 3314 4594 autem
3347 4539 3532 4611 ingra-

1785 4704 1830 4736 ³⁸
1855 4704 2049 4758 Matth.
2076 4719 2168 4767 vn,
2209 4703 2258 4755 ί.

331 4875 351 4894 ⁸
394 4870 560 4926 Basil.
614 4871 670 4926 in
705 4871 899 4941 Regul.
953 4870 1197 4925 brevior.
1247 4886 1296 4923 c.
1347 4869 1478 4935 275,
1531 4879 1832 4938 auctorque
1869 4867 1980 4935 QQ.
2012 4867 2078 4922 ad
2120 4866 2400 4930 Antioch.,
2430 4881 2488 4934 q.
2517 4863 2605 4917 7|.

328 5013 396 5084 (ε)
425 5009 582 5084 Φοισί
617 5026 796 5084 τινες.
829 5007 984 5073 Quod
1020 5007 1113 5060 hic
1147 5004 1601 5084 illaxintustantis
1637 5013 1824 5084 vexat,

246 5075 541 5143 de‘r'nodis
568 5080 772 5149 quibus
805 5077 1260 5149 peecata,_etiam
1295 5076 1454 5129 nobis
1495 5091 1606 5128 non
1655 5075 1838 5143 poeni-

251 5155 527 5218 tentibus,
556 5147 973 5220 indulgea’ntur,
999 5147 1279 5220 refertque
1312 5148 1575 5220 tanquam
1624 5161 1693 5220 ex
1715 5159 1840 5220 vc-

250 5238 442 5282 terum
475 5214 775 5284 sententia,
808 5218 1016 5287 aliquid
1043 5214 1381 5271 diuicultatis
1405 5215 1591 5287 habet,
1621 5215 1729 5268 nisi
1755 5214 1840 5268 di-

249 5311 450 5354 camus
505 5292 674 5365 (quod
725 5285 931 5365 e_t_i_p_se
965 5304 1075 5342 non
1133 5287 1371 5365 obscure
1415 5285 1602 5355 habet)
1635 5300 1846 5365 sermo-

248 5376 389 5424 nem
424 5355 561 5421 ess‘e'
589 5363 658 5418 de
718 5355 925 5422 oblitis,
972 5374 1094 5428 qua:
1144 5357 1410 5428 memoria
1454 5355 1674 5418 assequi
1737 5370 1850 5408 non

247 5452 586 5510 possumus;
635 5446 933 5510 _q_uorum_
969 5427 1240 5510 proinde.
1274 5442 1385 5510 non
1429 5434 1648 5510 “potest
1729 5440 1852 5504 esse

247 5495 585 5576 'cxpressus'
617 5495 799 5576 do'lor,
841 5500 936 5555 sed
971 5495 1177 5576 ’solum
1229 5496 1558 5576 implicitus,
1628 5509 1692 5576 ac
1740 5495 1851 5576 vir-

250 5565 431 5636 tualis
483 5574 828 5646 paenitentia,
877 5585 1044 5646 quam
1093 5569 1267 5646 ipsam
1303 5567 1463 5646 velut
1503 5565 1850 5646 .impetrent,

247 5635 645 5723 proximorum
679 5635 984 5723 miseratio,
1013 5649 1073 5723 et
1095 5635 1244 5708 quod
1259 5637 1424 5723 alios
1443 5635 1669 5718 minime
1695 5635 1846 5704 judi-

246 5707 492 5781 ‘cemus;
530 5717 614 5770 vel
647 5714 815 5770 etiam
845 5711 940 5765 alii
976 5707 1211 5781 aliorum
1239 5707 1440 5781 delicta
1475 5707 1846 5781 ignoscam-us.

253 5775 367 5856 Sic
391 5798 446 5842 et
476 5775 680 5857 passim
712 5784 910 5852 Chrys.
949 5779 1146 5835 salutis
1185 5777 1451 5855 paranda:
1475 5778 1593 5832 vias
1640 5775 1846 5831 venite-

1943 5020 2051 5076 q-ue
2103 5011 2440 5076 exaggerat:
2495 5016 2617 5076 qua:
2675 4997 2860 5052 omnia
2916 4996 3000 5076 sic
3045 4993 3537 5076 ἀνθρωπινώτερον

1948 5067 2118 5138 dicta,
2152 5067 2318 5127 modo
2344 5074 2454 5142 jam
2511 5067 2661 5142 dicto
2689 5067 3014 5136 exponenda
3051 5077 3202 5142 sunt,
3239 5082 3347 5142 non
3379 5068 3533 5142 velut

1950 5135 2114 5214 quis,
2154 5135 2494 5215 gravio'rum_
2535 5135 3225 5215 scelerum_reus,a.bsque_
3280 5136 3537 5190 interiori

1952 5207 2008 5269 in
2041 5207 2290 5269 hacvvita
2352 5212 2700 5282 paenitentia.
2757 5209 2952 5262 saltem
3003 5207 3251 5268 virtuali,
3291 5223 3540 5282 veraque

1954 5285 2242 5349 eharitate,
2269 5276 2486 5338 veniam
2513 5290 2607 5336 aut
2632 5294 2858 5349 regnum
2886 5288 3280 5346 consequatur.
3329 5276 3443 5349 Qua
3465 5279 3540 5331 de

1956 5372 2015 5410 re
2040 5358 2151 5425 jam
2181 5348 2370 5409 annot.
2410 5370 2464 5406 ιι.
2512 5348 2712 5425 8._Ad_’
2730 5363 3007 5425 aerumnas
3059 5363 3122 5402 ac
3170 5348 3542 5425 necessitates

1955 5416 2102 5496 quod
2127 5427 2362 5490 attinet,
2390 5423 2627 5496 purgant
2683 5421 2765 5496 hge
2816 5419 3078 5496 quidem;
3138 5418 3231 5472 sed
3266 5416 3360 5478 qui
3395 5418 3542 5471 ferat

1994 5497 2251 5560 atienter,
2277 5492 2562 5564 Deumque
2589 5494 2642 5546 in
2679 5492 2760 5546 eis
2789 5492 3023 5544 ultorem
3053 5497 3312 5564 agnoscat
3339 5503 3403 5542 ac
3437 5503 3538 5541 co-

1994 5513 2251 5560 auemer,
2279 5513 2562 5564 Deumque
2589 5513 2642 5546 Ill
2679 5513 2760 5546 BIS
2790 5513 3023 5544 Ultorem
3053 5513 3312 5557 agnoscat
3339 5513 3403 5542 ut:
3437 5513 3538 5541 cu-

1955 5513 2170 5631 rat;sin
2196 5582 2350 5629 vero,
2385 5576 2599 5620 reatum
2632 5572 2868 5631 augent;
2906 5575 3010 5614 nec
3054 5559 3218 5631 video
3245 5573 3368 5631 qua:
3404 5573 3538 5626 pur-

1957 5629 2126 5707 gatio,
2160 5653 2287 5692 cum
2338 5637 2494 5707 inter,
2516 5635 2643 5707 vilge
2667 5629 2810 5707 mala
2848 5631 2972 5699 quis
2997 5631 3053 5684 in
3086 5629 3260 5707 Deum
3285 5629 3538 5707 ingratus

1956 5698 2041 5761 Est
2073 5698 2138 5762 ac
2182 5722 2456 5762 morosus.
2484 5706 2561 5760 De
2589 5705 2711 5758 loco
2731 5703 2823 5755 hic
2851 5698 3068 5768 vexato,
3097 5700 3261 5770 plura
3308 5713 3374 5752 ex
3427 5698 3524 5752 Pa-

1957 5777 2136 5836 tribus
2169 5778 2223 5832 in
2251 5778 2392 5832 Bibl.
2423 5776 2527 5831 PP.
2567 5774 2882 5830 concionat.
