4070 6408
317 364 424 427 809

1496 369 2001 443 ΟυίΈΞΤΙΟΝΕΞ
2038 368 2134 428 ET
2173 367 2404 429 DUBIA
2417 414 2430 426 .

3474 369 3580 434 810

328 481 609 554 ἐχθραίνει
632 481 739 534 τῶν
783 482 1012 536 νεοττῶν
1038 480 1199 555 [Reg.
1252 483 1363 547 τοῖς
1424 482 1682 556 νεοττοῖς]
1710 484 1896 538 αὑτοῦ.

2000 481 2083 537 los
2098 481 2249 551 gravi
2272 482 2399 533 odio
2430 478 2749 533 insectatur.
2776 478 2933 548 311
2959 476 3038 532 Ad
3063 478 3178 533 hmc
3202 477 3293 535 illc
3315 480 3447 549 quid
3470 498 3583 537 ma-

313 573 487 636 Αὑτὸς
519 574 576 626 δὲ
605 572 658 625 τί
698 576 1007 644 μηχανᾶται
1037 592 1051 639 ;
1098 575 1193 637 Εἰς
1235 574 1367 644 ὕψος
1396 578 1633 646 πήγνυσι
1653 576 1752 647 τὴν
1794 593 1895 630 κα-

311 665 436 719 λιὰν
468 665 658 731 αὑτοῦ,
696 666 1035 735 πανταχόθεν
1064 667 1456 735 περιφράσσων
1485 669 1655 738 αὐτὴν
1685 669 1772 722 διὰ
1808 669 1898 721 τὸν

311 756 459 825 ὅφιν.
486 756 551 809 Τί
587 751 679 809 οὖν
718 758 864 809 ποιεῖ
896 760 923 809 6
958 760 1346 827 κακομήχανος
1376 760 1532 828 ὄφις,
1565 763 1901 831 Περισκοπεί

312 848 440 903 ὅθεν
469 848 621 901 πνέει
646 848 677 900 6
702 850 920 916 ἄνεμος,
963 850 1215 901 κάκεῖθεν
1255 853 1475 922 ἐμφυσᾷ
1512 854 1625 914 τοῖς
1665 854 1901 915 νεοττοῖς

316 942 409 995 τὸν
440 941 515 994 ἰὸν
547 940 733 1002 αὐτοῦ,
766 941 860 992 καὶ
896 934 1243 995 τελευτῶσιν.
1283 944 1542 1014 Ἔρχεται
1586 939 1679 996 οὖν
1720 944 1750 995 6
1800 961 1898 996 πε-

316 1032 519 1096 λεκὰν,
571 1032 662 1084 καὶ
709 1030 907 1101 θεωρεῖ
941 1032 1022 1085 ὅτι
1075 1032 1341 1087 ἀπέθανον
1384 1032 1549 1089 αὐτοῦ
1591 1035 1659 1088 τὰ
1686 1035 1895 1089 παιδία·

318 1124 415 1177 καὶ
465 1126 659 1175 σκοπεῖ
705 1123 935 1191 νεφέλην
962 1165 977 1187 ,
1043 1124 1137 1176 καὶ
1191 1125 1417 1178 πέταται
1465 1127 1545 1187 εἰς
1582 1124 1715 1194 ὕψος
1764 1124 1901 1194 μετὰ

316 1214 427 1267 τῶν
462 1213 769 1283 πτερύγων·
810 1212 1001 1265 τύπτει
1058 1231 1116 1265 τε
1169 1213 1331 1267 αὑτοῦ
1384 1212 1482 1277 τὰς
1516 1214 1770 1284 πλευρὰς,
1805 1215 1900 1268 καὶ

316 1306 404 1359 διὰ
436 1305 534 1370 τῆς
569 1304 796 1372 νεφέλης
827 1304 1109 1367 ὲπιστὰζει
1158 1304 1401 1369 τούτοις,
1434 1306 1529 1356 καὶ
1571 1305 1895 1375 ἐγείρονται.

317 1396 675 1466 Λαμϐἀνεται
721 1391 813 1447 οὖν
874 1397 901 1447 6
950 1396 1183 1449 πελεκὰν
1228 1397 1308 1457 εἰς
1340 1395 1430 1449 τὸν
1485 1394 1709 1465 Κύριον·
1746 1397 1814 1449 τὰ
1842 1397 1898 1449 δὲ

317 1486 507 1539 παιδία
536 1486 719 1549 αὐτοῦ,
750 1487 778 1537 6
822 1484 998 1555 Ἀδὰμ
1026 1486 1174 1556 καὶὴ
1211 1485 1343 1552 Εὔα,
1369 1488 1402 1557 ὴ
1436 1488 1679 1556 ἡμετέρα
1716 1487 1895 1557 φύσις·

316 1581 352 1649 ἠ
389 1578 446 1631 δὲ
477 1577 640 1631 καλιὰ
675 1577 861 1641 αὑτοῦ,
894 1580 921 1630 6
950 1578 1298 1649 παράδεισος·
1345 1580 1372 1629 6
1407 1578 1462 1630 δὲ
1496 1577 1639 1646 ὄφις,
1691 1578 1719 1630 6
1762 1578 1899 1631 ἀπο-

322 1671 524 1738 στάτης
552 1668 816 1730 διάϐολος.
862 1668 1227 1739 Ἐνεφύσησεν
1258 1662 1352 1722 οὖν
1386 1670 1414 1721 6
1444 1668 1751 1739 ἁρχὲκακος
1778 1669 1899 1738 ὄφις

318 1762 407 1815 διὰ
430 1762 526 1831 τῆς
571 1760 856 1830 παρακοῆς
907 1762 1019 1821 τοῖς
1057 1759 1505 1828 πρωτοπλάστοις
1532 1799 1546 1825 ,
1594 1760 1689 1811 καὶ
1737 1760 1897 1828 γεγό-

2000 575 2297 629 cbinatur?
2339 573 2479 643 Figit
2510 572 2565 625 in
2601 571 2713 625 alto
2756 572 2948 625 nidum
2998 588 3180 640 suum,
3217 574 3583 644 undequaquo

1999 669 2243 738 serpenti
2277 668 2487 722 aditum
2514 674 2865 735 praastruens.
2894 663 3165 729 Quidnam
3213 666 3380 737 igitur
3427 669 3584 721 malis

2000 761 2176 814 solers
2232 775 2297 813 ac
2350 758 2659 827 versipellis
2712 758 2975 825 serpens?
3033 756 3442 827 Circumspeeto
3476 777 3583 829 qua

1999 859 2155 921 parte
2195 867 2331 906 aura
2378 850 2570 920 spiret,
2622 849 2750 904 inde
2789 864 3062 903 venenum
3096 849 3263 912 aﬂlat,
3291 866 3400 919 quo
3448 852 3582 919 pulli

2000 944 2296 999 intereant.
2330 943 2571 997 Veniens
2604 940 2788 1010 itaque
2839 941 3141 1010 pelicanus,
3166 942 3346 1009 pullos
3372 944 3583 996 exstin-

1998 1043 2121 1089 ctos
2152 1034 2324 1098 videt,
2350 1032 2675 1101 Nubemque
2700 1032 3075 1094 considerans,
3105 1032 3303 1100 pennis
3338 1032 3586 1087 sublatus

1998 1126 2059 1179 in
2098 1125 2269 1178 altum
2321 1123 2503 1187 volat;
2547 1122 2828 1190 lateraque
2876 1121 3213 1190 percutiens,
3240 1136 3338 1189 per
3378 1122 3582 1175 nubem

2002 1216 2113 1271 illis
2146 1215 2376 1269 instillat
2404 1230 2469 1269 ac
2502 1214 2860 1267 suscitantur.
2911 1210 3192 1280 Signiﬁcat
3235 1212 3402 1281 igitur
3453 1214 3585 1283 prli-

2002 1324 2172 1363 canus
2200 1306 2491 1361 Dominum
2525 1323 2537 1359 :
2581 1306 2701 1375 ejus
2730 1304 2973 1374 parvulae
3005 1304 3206 1373 proles,
3241 1304 3483 1358 Adamus
3528 1314 3585 1360 et

2001 1402 2114 1455 Eva
2150 1400 2474 1470 (humanum
2507 1398 2721 1453 scilicet
2768 1394 2961 1466 genus)
3016 1404 3146 1449 sunt
3187 1412 3199 1448 ε
3236 1396 3399 1450 nidus
3442 1398 3581 1466 ejus,

1998 1492 2287 1563 paradisus
2341 1509 2353 1545 :
2407 1507 2654 1560 serpens,
2689 1489 2942 1543 desertor
2971 1488 3242 1543 diabolus.
3285 1488 3585 1544 lnsulllavit

2000 1590 2183 1636 autem
2216 1581 2345 1635 mali
2377 1590 2567 1636 auctor
2602 1595 2829 1648 serpens
2853 1593 2954 1648 per
2986 1576 3415 1631 inobedientiam
3460 1592 3584 1646 pro-

2000 1673 2270 1743 toplastis,
2317 1688 2380 1727 ac
2415 1680 2638 1741 peccato
2683 1669 2886 1723 mortui
2939 1677 3084 1722 sunt.
3137 1668 3403 1722 Dominus
3450 1683 3583 1739 ergo

2001 1772 2190 1819 noster
2225 1779 2289 1818 ac
2331 1764 2495 1828 Deus,
2550 1770 2776 1831 propter
2810 1776 2963 1815 suam
3010 1760 3067 1813 in
3116 1776 3217 1815 nos
3256 1760 3583 1814 cbaritatem

321 1828 492 1908 νασιν⁷
511 1828 697 1923 νεκροὶ
724 1854 789 1922 τῇ
816 1828 1088 1922 ἁμαρτίᾳ.
1138 1851 1195 1904 '0
1224 1851 1353 1920 γοῦν
1384 1850 1589 1921 Κύριος
1620 1849 1774 1931 ἡμῶν
1808 1852 1896 1903 καὶ

2005 1851 2061 1906 in
2117 1853 2357 1923 pretiosa
2403 1865 2568 1905 cruce
2611 1854 2916 1914 exaltatur;
2968 1864 3340 1919 percussoque
3385 1848 3580 1913 latere,

321 1945 453 2008 Θεὸς
487 1944 577 1998 διὰ
624 1944 721 2013 τὴν
758 1943 890 2013 πρὸς
925 1944 1073 2013 ἡμᾶς
1120 1944 1342 2013 ἀγάπην
1400 1942 1628 2011 ὑψοῦται
1684 1942 1777 1995 ἐπ)⁵
1804 1942 1899 1995 τοῦ

318 2034 506 2104 τιμίου
538 2034 793 2103 σταυροῦ·
833 2033 927 2086 καὶ
985 2033 1170 2101 νυγεὶς
1218 2033 1317 2103 τὴν
1364 2032 1625 2102 πλευρὰν,
1666 2032 1757 2085 διὰ
1800 2035 1901 2103 τῆς

320 2126 549 2196 νεφέλης
578 2124 672 2177 τοῦ
707 2123 860 2191 ἁγίου
893 2124 1031 2178 Πνεύ
1042 2141 1210 2194 ματος
1242 2124 1387 2192 ζωὴν
1421 2126 1550 2195 ἡμῖν
1589 2123 1901 2194 ἐδωρήσατο

320 2218 421 2289 τὴν
446 2217 681 2269 αἰώνιον.

917 2329 1110 2398 ῌΡΩΤ.
1152 2328 1280 2381 κθι.

396 2422 458 2476 Τί
510 2421 714 2488 ἐστιν,
782 2437 804 2472 ι
878 2420 1039 2474 Ἐκεῖ
1095 2421 1385 2489 στρουθία
1453 2417 1896 2474 Μοσσεύσου-

316 2511 516 2582 mle);
547 2529 568 2562 ι
1029 2574 1039 2581 .

939 2631 953 2648 ⁹
986 2622 1233 2689 Ἀπόκρ.

391 2712 673 2787 Στρουθία,
712 2712 746 2784 ἢ
775 2711 867 2776 τὰς
903 2692 1081 2782 ψύχὰς
1108 2750 1125 2777 ,
1160 2710 1194 2781 ἢ
1224 2711 1323 2775 τὰς
1365 2709 1659 2782 διαφόρους
1696 2707 1898 2781 ἀρετὰς

318 2803 497 2877 λέγει.

948 2910 1153 2967 ΕΡΩΤῙ
1195 2914 1274 2965 A'.

396 3006 458 3061 Τί
492 3004 771 3073 σημαίνει
802 3003 890 3068 τὸ,
932 3020 951 3054 ι
1002 3000 1276 3069 Ἐρωδιοῦ
1302 3001 1339 3069 ἠ
1371 3002 1641 3057 κατοικία
1669 3002 1898 3075 ἡγεῖται

316 3096 516 3153 αὐτῶν
545 3095 622 3167 (π)
647 3111 662 3161 ;
689 3113 711 3147 ι

960 3205 1188 3271 Ἀπόκρ.

400 3298 651 3371 Ἐρωδιόν
678 3300 846 3368 »φασιν
877 3295 1062 3367 ὄρνεον
1112 3290 1251 3346 εἶναι
1273 3305 1287 3319 ⁸
1328 3291 1564 3364 τοσαύτῃ
1597 3291 1653 3344 δὲ
1686 3308 1895 3365 σωφρο-

390 3455 437 3487 ³⁰
467 3454 610 3509 Psal.
641 3469 749 3515 cm,
780 3452 867 3506 l7.
943 3450 984 3481 ³⁸
1016 3446 1152 3502 ibid.
1194 3447 1280 3502 18.

318 3616 438 3672 avis
460 3613 705 3667 omnium
739 3611 963 3665 minime
979 3611 1162 3664 noxia.
1188 3608 1470 3664 Plutarch.
1503 3608 1557 3662 in
1582 3609 1818 3663 Romulo
1846 3618 1903 3662 et

321 3689 382 3741 in
402 3684 663 3739 Romanis
681 3690 872 3751 quaest.
894 3681 1231 3751 δικαιότατον
1250 3679 1342 3751 καὶ
1359 3679 1559 3751 ἀϐλαθέ
1569 3697 1757 3731 στατον
1772 3695 1905 3747 pro-

2003 1958 2102 2012 per
2139 1945 2343 1997 nubem
2388 1942 2607 2012 (nempe
2652 1940 2919 2010 Spiritum
2977 1939 3249 2010 sanctum)
3296 1938 3583 2008 sempitero

2001 2048 2128 2089 nam
2162 2033 2323 2087 nobis
2363 2033 2587 2087 donavit
2616 2032 2809 2087 vitam.

2531 2318 2812 2374 INTERR.
2854 2316 3053 2375 XXIX.

2074 2411 2212 2477 Quid
2242 2413 2338 2465 sibi
2369 2409 2480 2464 vult
2503 2412 2641 2481 quod
2667 2412 2743 2465 ita
2774 2412 2970 2465 dictum
3000 2419 3075 2465 est
3101 2428 3116 2467 .'
3155 2432 3175 2463 ε
3202 2410 3321 2466 Illic
3346 2427 3582 2484 passeres

2000 2502 2344 2573 nidiﬁcabunt
2357 2502 2435 2555 ὀἳ
2474 2519 2492 2553 ι

2728 2612 2883 2684 Resp.

2069 2705 2357 2760 Passerum
2387 2704 2631 2769 nomine,
2659 2704 2746 2758 vel
2775 2704 3005 2769 animas,
3031 2704 3119 2759 vel
3143 2704 3377 2762 virtutes
3400 2704 3582 2765 diver-

2002 2811 2090 2852 sas
2116 2795 2405 2867 signiﬁcat.

2546 2908 2831 2964 INTERR.
2876 2907 3044 2962 XXX.

2066 2997 2209 3064 Quid
2236 2999 2336 3053 illa
2368 2999 2525 3053 verba
2556 2997 2856 3068 signiﬁcant
2887 3014 2904 3053 :
2945 3018 2965 3048 ι
3001 2997 3215 3055 Ilerodii
3260 3004 3445 3058 domus
3473 3001 3580 3057 dua

2001 3099 2077 3145 est
2107 3106 2289 3144 eorum
2306 3089 2391 3143 ”?
2424 3107 2443 3141 ι

2723 3200 2873 3271 Resp.

2071 3293 2368 3351 Hcrodium
2408 3307 2562 3350 avem
2593 3307 2714 3352 esse
2761 3290 2954 3355 dicunt
2989 3312 3003 3351 :
3043 3302 3189 3351 tanta
3232 3309 3365 3351 vero
3397 3292 3578 3353 conti-

2076 3609 2152 3678 (ατ)
2171 3609 2448 3674 Ἐρωδιοῦ
2466 3610 2503 3677 ἡ
2524 3609 2791 3663 κατοικία
2808 3609 3035 3677 ἠγεῖτο(
3060 3608 3282 3663 αὐτῶν.
3302 3609 3573 3679 Ἐρωὸιόν,

2004 3679 2096 3733 alii
2129 3679 2367 3748 fulicam,
2399 3679 2494 3733 alii
2542 3680 2801 3733 ciconiam
2832 3681 3304 3748 interpretantur;
3349 3696 3469 3748 qua:
3491 3684 3575 3736 sio

320 3758 417 3810 bat
436 3752 637 3823 triplici
658 3748 891 3823 ratione,
913 3750 1057 3818 quod
1077 3749 1215 3823 nillil
1236 3749 1419 3823 vivum
1438 3750 1687 3823 attingat,
1707 3751 1803 3804 sed
1820 3765 1907 3803 so-
2005 3749 2061 3823 in
2083 3749 2414 3823 sublimibus
2450 3748 2766 3823 nidulatur;
2795 3749 3368 3823 crebyius__quide_r_nin
3401 3751 3572 3804 turri-

321 3828 437 3880 lum
456 3818 761 3877 morticinis
778 3829 996 3885 utatur;
1017 3819 1163 3888 quod
1190 3819 1318 3873 asui
1338 3820 1555 3888 generis
1572 3819 1735 3872 etiam
1762 3834 1909 3872 mor-
2005 3819 2129 3882 bus,
2150 3818 2483 3887 quandoque
2536 3819 2700 3872 etiam
2752 3818 2809 3872 in
2858 3819 3172 3873 arboribus.
3213 3818 3357 3888 Velit
3394 3828 3575 3876 textus

325 3894 512 3949 ticinis
528 3892 834 3954 abstineat;
860 3890 1007 3959 quod
1037 3886 1254 3958 segetes
1281 3886 1661 3957 humanosque
1689 3890 1907 3944 labores
2001 3886 2250 3951 Graecus,
2293 3886 2458 3957 supra
2483 3903 2610 3942 aves
2640 3888 2777 3959 _a_lias
2808 3889 2975 3959 altius
2995 3888 3267 3941 nidulari:
3308 3886 3411 3942 hoc
3427 3891 3573 3945 enim

318 3966 461 4019 nihil
484 3963 661 4017 laedat.
682 3962 861 4015 Herus
884 3960 1078 4027 Apollo
1096 3960 1133 4011 Ι.
1159 3974 1197 4019 l,
1218 3973 1268 4029 e.
1293 3959 1380 4029 ll.
1405 3966 1597 4029 auctor
1621 3967 1723 4029 est,
1742 3959 1903 4029 Egy-

319 4036 469 4106 ptios
494 4033 549 4106 in
576 4028 1590 4106 hieroglypbicis_suis,_mise‘ricordem
1617 4027 1765 4106 picto
1787 4027 1905 4084 v’u‘l-

322 4096 449 4179 iure
480 4096 839 4179 signiﬁcasse:
866 4100 1095 4179 Murena.
1133 4098 1188 4149 δὲ
1223 4097 1523 4179 γράφοντες
1553 4096 1901 4179 ἢαὲλεήΙμονα,

319 4174 475 4242 γῦπα
492 4166 1182 4242 ζῷγραφούσιήυιιηιξενςιη
1195 4175 1287 4219 aut
1300 4166 1685 4242 misericordem
1697 4166 1903 4242 signi/i-

319 4236 461 4305 eent,
480 4236 741 4296 vulturem
755 4241 998 4309 pingunt.
1010 4236 1126 4309 _Sed
1142 4246 1199 4290 et
1213 4251 1371 4309 senes
1382 4236 1602 4309 jamque
1618 4236 1902 4309 deplumes

320 4330 355 4368 a
380 4313 539 4382 pullis
568 4312 637 4382 ali
664 4305 917 4382 in‘monte
938 4307 1154 4382 Atlante
1183 4305 1352 4382 tradit
1376 4305 1618 4382 scaliger
1650 4306 1895 4382 in_Card.

324 4374 557 4437 eiereit.
580 4381 706 4443 251,
723 4379 963 4445 hincque
984 4376 1119 4429 scite
1149 4376 1297 4429 aliud
1322 4374 1552 4445 verbum
1572 4376 1681 4444 jam
1695 4374 1897 4433 Graecis

322 4452 639 4528 ﬁngendum
662 4451 758 4528 ait,
779 4442 1391 4528 ςιιιᾴῐῃηὰντιτςελαργεζν
1421 4442 1640 4525 (nempe
1670 4446 1896 4528 ἀντοιω-

2008 3960 2296 4012 volucrum
2320 3956 2590 4011 κατοικία.
2640 3956 2807 4012 Hebr.
2860 3957 3064 4013 habent
3112 3966 3349 4022 mxima,
3382 3960 3573 4014 abiete:

2011 4029 2195 4081 domus
2220 4029 2354 4097 ejus,
2381 4043 2491 4095 quo
2516 4027 2858 4097 signiﬁcatur
2885 4030 2940 4082 in
2979 4028 3281 4087 abietibus,
3314 4045 3435 4097 qucc
3463 4030 3575 4091 sint

2010 4113 2255 4177 procera:
2285 4097 2531 4177 arbores,
2553 4098 2790 4177 altisque
2820 4097 3093 4177 insideant
3114 4098 3415 4177 montibus,
3445 4116 3573 4177 per:

2012 4166 2141 4221 inde
2188 4182 2251 4220 ac
2287 4166 2461 4229 cedri,
2514 4167 2819 4221 nidiﬁcare.
2872 4167 3013 4220 LXX
3053 4177 3107 4221 ct
3152 4167 3377 4221 llieron.
3423 4166 3571 4236 quod

2010 4237 2091 4290 sic
2143 4236 2527 4301 reddiderunt,
2578 4238 2829 4307 legerunt
2879 4245 3135 4301 aven-1:,
3178 4237 3233 4290 in
3293 4240 3572 4307 capitibus,

2006 4307 2061 4359 in
2084 4307 2377 4370 verticibus,
2410 4308 2505 4375 qui
2543 4315 2625 4377 est
2653 4308 2893 4376 optimus
2930 4322 3145 4370 sensus,
3189 4322 3365 4376 eoque
3402 4311 3574 4377 magis

2005 4385 2430 4440 consentaneus,
2455 4376 2603 4445 quod
2628 4377 2695 4431 de
2724 4377 2957 4431 excelsis
2986 4378 3263 4440 omnibus,
3290 4378 3344 4431 in
3372 4376 3574 4445 quibus

2002 4446 2287 4501 nidulatur
2311 4446 2546 4510 ciconia,
2583 4446 2754 4515 possit
2788 4447 2985 4516 accipi,
3004 4462 3125 4515 qua:
3150 4448 3570 4513 suntcrebrius,

321 4511 456 4591 νεῖν)
475 4522 542 4595 ad
559 4511 1552 4595 gratitudinisillamvicenipullorum
1572 4511 1623 4567 in
1643 4525 1897 4583 parentes
1932 4511 1972 4564 Ι)
2002 4531 2110 4595 non
2162 4531 2428 4595 procera;
2458 4511 2687 4595 abicies,
2748 4517 2842 4595 sed
2889 4511 3125 4595 turri—um
3190 4511 3574 4595 celsarumque

320 4584 763 4662 signiﬁcandum,
779 4588 857 4662 sic
874 4587 1002 4641 olim
1012 4586 1074 4662 _in
1094 4584 1319 4662 ciconiis
1338 4584 1763 4662 celebratam,_et
1780 4594 1899 4662 qua;

321 4654 518 4716 eadem
550 4660 605 4713 in
630 4656 943 4712 vulturibus
976 4655 1209 4725 eluceat.
1246 4654 1383 4725 ﬁam
1430 4654 1639 4725 οἰωνὸςῖ
1692 4654 1837 4724 ὅρνίς
1871 4658 1898 4707 6

322 4730 457 4799 γύψ.
493 4730 726 4800 Etymol.
764 4741 907 4800 mag.
940 4722 1189 4800 Varin‘_e_t
1211 4724 1301 4800 alii
1346 4722 1572 4800 passim.
1600 4722 1896 4800 Nec‘quod

325 4792 646 4855 ita'dietum
675 4798 746 4852 sit
769 4811 833 4849 ac
862 4792 1064 4857 lusum,
1096 4793 1447 4847 debuitmale
1480 4792 1685 4847 habere
1717 4796 1894 4848 virum

322 4871 568 4932 doctum,
595 4868 752 4937 quasi
783 4864 1097 4919 Graecorum
1120 4863 1173 4916 id
1203 4862 1479 4927 convicio,
1509 4871 1603 4916 aut
1629 4878 1737 4916 non
1765 4865 1896 4919 satis

321 4940 509 4994 Grtece
538 4940 765 4993 dictum.

397 5008 468 5078 (υ)
506 5008 664 5078 Ἐκεῖ
678 5006 963 5075 στρουθιά
985 5002 1492 5078 ἑηοσσεύσο-ιςσι.
1508 5002 1713 5072 Nempe
1731 5004 1865 5078 in_ce
1879 5034 1893 5044 -

323 5072 699 5132 dris'Libani:
734 5072 880 5146 quod
933 5075 1167 5145 proinde
1187 5074 1263 5146 de
1292 5072 1488 5126 avibus
1522 5074 1891 5146 communiter

322 5147 497 5215 accipi
534 5147 716 5211 debet,
752 5142 866 5200 non
894 5142 959 5199 de
989 5143 1326 5215 passeribus,
1360 5157 1501 5215 quos
1548 5142 1750 5215 liquet
1778 5159 1887 5197 non

324 5212 615 5271 nidilicare
639 5218 692 5271 in
712 5216 839 5270 altis
868 5212 1006 5269 adeo
1025 5214 1328 5276 montibus,
1344 5213 1534 5280 sicque
1553 5212 1783 5265 excelsis
1806 5230 1891 5267 ar-

318 5286 568 5341 boribus.
607 5287 761 5342 Unde
798 5286 979 5354 Aquil.
1029 5283 1175 5354 Ἐξιεί
1203 5283 1363 5354 ὄρνεα
1394 5284 1784 5354 vocasti-tonat?
1822 5284 1891 5337 Et

317 5356 717 5420 Hieronymus:
756 5356 833 5409 lbi
862 5350 989 5409 aves
1020 5351 1385 5420 nidi/icabunt.
1413 5350 1568 5415 Quod
1610 5351 1698 5405 hic
1720 5351 1888 5405 Maxi-

317 5373 521 5411 meron
564 5373 717 5411 mus:
756 5373 833 5409 lat
871 5373 989 5409 aves
1020 5373 1385 5420 rttatpcaaunt.
1413 5373 1568 5415 uuuu
1610 5373 1887 5405 "tumulu-

317 5440 464 5489 mus,
509 5373 556 5496 ἠγ
583 5426 679 5488 τὰς
712 5425 999 5496 διαφόρους
1033 5422 1236 5496 ἀρετὰς
1260 5422 1485 5496 exponit
1509 5461 1522 5485 ,
1562 5420 1737 5496 vald_e_
1769 5430 1887 5496 tro-

315 5490 627 5565 pologicum
662 5504 777 5549 est:
815 5490 1117 5565 'aptiusad
1169 5490 1509 5565 allegoriam,
1551 5490 1697 5565 quod
1724 5490 1777 5565 in
1809 5492 1884 5565 si-

315 5560 1088 5635 iniili'HieronymusfMatth.
1120 5576 1235 5635 .‘lll,
1264 5561 1521 5635 vdlucres
1542 5560 1685 5635 _co_eli
1726 5560 1882 5635 dicit,

314 5634 399 5689 uel
433 5634 638 5687 animas
677 5629 1019 5696 credentium,
1051 5630 1131 5684 vel
1154 5629 1488 5696 fortitudines
1532 5630 1630 5683 Dei
1674 5633 1883 5685 servitio

315 5706 685 5771 mancipatas:
710 5718 846 5771 quas
873 5704 1083 5757 scilicet
1139 5698 1407 5769 Δυνάμεις
1444 5698 1616 5755 (Ξτκοί
1643 5702 1882 5771 proclive

318 5782 544 5829 vocant:
602 5774 801 5840 ἀρετὰς
838 5788 966 5826 vero
987 5784 1289 5839 nunquam.

593 5866 844 5925 Ρδτῐιυι.
902 5865 1005 5924 Gr.
1046 5864 1156 5924 XC.

1999 4585 2197 4641 aedium
2252 4585 2485 4655 fastigia.
2526 4587 2667 4641 Sunt
2722 4588 2815 4655 qui
2862 4588 3078 4640 ardeam
3130 4588 3306 4640 velint
3350 4605 3361 4638 :
3406 4585 3570 4656 eique

2000 4656 2280 4727 convenit,
2314 4656 2461 4727 quod
2503 4656 2594 4711 hic
2617 4656 2884 4710 Maximus
2908 4656 2963 4709 in
3019 4664 3206 4727 typum
3244 4657 3444 4724 accipit
3484 4673 3571 4711 ea.

2000 4724 2221 4795 stitatis,
2294 4725 2439 4793 quod
2483 4727 2793 4795 copulatam
2821 4724 3137 4795 coitumque
3190 4740 3301 4795 non
3333 4728 3566 4794 appetit,

1997 4793 2204 4863 Nempe
2259 4796 2388 4862 quia
2437 4793 2568 4849 sine
2601 4796 2791 4849 dolore
2835 4811 2944 4849 non
2985 4793 3115 4849 coit.
3150 4793 3469 4863 Philoso’ph.
3528 4796 3568 4849 l.

1998 4878 2070 4927 lx,
2126 4880 2175 4918 c.
2240 4863 2466 4917 1εΤῶν
2518 4866 2573 4917 δὲ
2631 4865 2866 4933 ἐρωδιῶν
2926 4866 3039 4916 ἐστι
3093 4864 3218 4932 τρία
3257 4864 3411 4933 γένη·
3446 4865 3474 4916 ὅ
3512 4882 3569 4917 τε

1998 4934 2189 5005 πέλλος
2256 4933 2352 5005 καὶ
2394 4935 2424 5005 6
2452 4934 2688 5005 λευκὸς,
2736 4935 2830 5005 καὶ
2858 4936 2885 4985 6
2924 4934 3181 5005 ἀστερίας
3214 4933 3567 5005 καλούμενος.

1997 5002 2213 5055 Τούτων
2260 5004 2289 5054 6
2345 5003 2534 5065 πέλλος
2568 5003 2820 5073 χαλεπῶς
2870 5002 3082 5065 εύνὰζεὶ
3121 5006 3325 5073 τεκαὶ
3368 5003 3567 5073 ὀχεύει·

1997 5073 2187 5141 κράζει
2215 5089 2273 5125 τε
2308 5073 2436 5141 γὰρ,
2468 5067 2755 5139 κα“ι”α¹ίμα,
2790 5073 2864 5134 ὥς
2899 5090 3082 5140 φασιν,
3113 5072 3339 5141 ἀφίησιν
3367 5067 3431 5124 ἐξ
3457 5073 3569 5126 τῶν

1996 5142 2293 5210 ὀφθαλμῶν
2318 5142 2541 5209 ὀχεύων.
2568 5142 2723 5203 Unde
2757 5143 2896 5199 Plin.
2926 5144 2963 5195 Ι.
3003 5160 3057 5207 x,
3087 5158 3134 5196 c.
3161 5142 3229 5196 60
3254 5160 3265 5193 :
3305 5142 3568 5199 Ardeola—

1996 5227 2115 5267 rum
2158 5213 2263 5265 tria
2289 5228 2506 5283 genera.
2533 5212 2736 5275 leucen,
2770 5214 3014 5270 asterias.
3046 5212 3233 5283 pellas.
3260 5212 3325 5267 lli
3358 5215 3411 5266 in
3428 5215 3568 5266 coitu

1994 5282 2487 5352 anguntur.’Mares
2509 5283 2857 5352 quidetn_cunt
2900 5284 3213 5352 vociferatu,
3255 5284 3569 5352 sanguinem

1992 5350 2244 5423 ex’oculis
2290 5350 2655 5423 profundunt.
2711 5350 2959 5423 Ilincque
2996 5350 3303 5423 Etymolog.
3356 5350 3420 5423 iet
3452 5352 3567 5406 Eu-

1992 5428 2119 5491 stat.
2178 5420 2354 5491 Ίλιάδ.
2397 5420 2451 5473 κ.
2481 5437 2683 5475 nomen
2710 5420 3011 5485 deducunt,
3065 5420 3217 5491 παρὰ
3252 5420 3312 5473 τὸ
3351 5420 3448 5489 ἔαρ
3480 5423 3567 5475 vel

1994 5489 2129 5561 ξωρ,
2158 5490 2217 5561 id
2252 5499 2356 5556 est,
2389 5492 2672 5561 sanguine,
2708 5504 2764 5546 et
2814 5492 2995 5551 ίδύειν.
3032 5489 3178 5561 quod
3208 5500 3312 5554 est,
3351 5491 3564 5561 sudare.

1993 5559 2099 5631 Alii
2146 5560 2287 5615 forte
2329 5559 2551 5625 melius,
2581 5562 2806 5631 ὲρωδιὺν
2852 5559 3067 5627 volunt,
3098 5562 3254 5631 quasi
3324 5559 3563 5631 ἐλωδιον,

1995 5629 2045 5682 id
2082 5638 2187 5692 est,
2241 5631 2558 5703 palustrem,
2616 5628 2767 5702 quod
2828 5631 2966 5687 locis
3024 5630 3363 5701 palustribus
3415 5628 3566 5685 dolea

1987 5707 2188 5753 ClClUl’.

3127 5861 3208 5920 26
