4070 6412
383 370 486 436 817

1543 369 2034 440 QUrESTlONES
2075 369 2169 427 ET
2212 370 2464 430 DUBIA.

3533 367 3641 433 818

379 488 472 540 ἵνα.
495 484 580 535 διὰ
610 482 704 550 τῆς
741 481 820 544 είς
852 479 1015 534 αὐτὸν
1048 480 1308 541 πίστεως,
1346 477 1508 548 ἡνίκα
1536 477 1624 530 διὰ
1656 476 1962 547 φιλανθρω-

2086 475 2213 530 nisit
2248 495 2258 528 :
2295 483 2355 531 ut
2398 475 2610 530 scilicet
2643 491 2740 545 per
2781 477 2940 531 [idem
2980 480 3032 532 in
3076 479 3276 548 ipsum,
3317 493 3440 532 cum
3483 480 3645 533 beni-

378 578 510 629 πίαν
543 578 600 628 ἐν
626 578 690 645 τῇ
714 571 806 626 τοῦ
835 572 960 643 ᾇδου
989 569 1212 640 γένηται
1236 568 1406 639 χώρα,
1427 569 1539 620 ὅσοι
1562 566 1950 629 πιστεύσωσιν,

379 666 552 737 ἀφεθῇ
582 666 764 727 αὐτοῖς
799 665 832 734 ἡ
882 663 983 730 τῆς
1018 659 1270 723 ἀσεϐείας
1301 659 1541 729 ἁμαρτία
1566 676 1577 689 ⁸
1611 658 1706 711 καὶ
1746 658 1955 728 ζήσωσι

380 760 521 811 κατὰ
577 757 709 808 Θεὸν
769 754 1075 824 πνεύματι,
1130 753 1410 824 κριθέντες
1467 750 1707 821 δηλονότι
1769 749 1955 819 σαρκὶ,

381 847 562 911 καθὼς
598 849 834 916 εἴρηται,
867 845 1004 918 ὑπὲρ
1056 845 1163 899 τῶν
1208 847 1288 907 εἰς
1333 843 1652 913 ἀνθρώπους
1702 841 1958 912 πλημμε-

383 939 440 992 ‘As
449 938 554 1010 ιῶν,

983 1050 1180 1103 ΕΡΩΤ.
1221 1049 1352 1101 All'.

458 1141 521 1196 Τί
571 1141 851 1210 σημαίνει
897 1138 1074 1192 Διιόὶδ
1121 1136 1396 1206 ψάλλων,
1440 1134 1537 1188 καὶ
1582 1133 1648 1188 τὸ
1694 1133 1961 1201 πονηρῶν

387 1232 620 1301 πνεῦμα
653 1232 758 1286 τοῦ
793 1230 992 1285 Σαοὺλ
1019 1229 1535 1289 ἁποκαταπαύων,

1058 1341 1297 1408 Ἀπόκρ.

460 1438 575 1500 Πᾶς
614 1438 642 1489 ὁ
670 1435 811 1490 κατὰ
859 1434 951 1488 τὸν
1004 1434 1272 1504 μακάριον
1325 1430 1488 1483 Δαϐὶδ
1539 1429 1840 1499 ποιμαίνων
1894 1425 1961 1478 τὰ

390 1529 658 1601 πρόϐατα,
687 1525 986 1588 τουτέστιν,
1029 1523 1089 1575 τὸ
1131 1522 1437 1589 λογιστικὸν
1466 1521 1567 1588 τῆς
1598 1519 1774 1589 ψυχῆς
1801 1534 1816 1548 ·
1870 1518 1964 1570 καὶ

389 1620 596 1672 κτένων
629 1615 797 1686 θυμὸν
846 1615 942 1668 καὶ
991 1612 1286 1680 ἐπιθυμίαν
1320 1611 1570 1681 καΟάπερ
1624 1612 1828 1669 ἐκεῖνος
1871 1607 1963 1661 τὸν

391 1710 579 1763 λέοντα
609 1710 701 1761 καὶ
727 1705 824 1777 τὴν
856 1708 1056 1778 ἄρκον·
1088 1699 1256 1778 οὗτος.
1271 1703 1349 1773 τῷ
1389 1703 1533 1771 λόγῳ
1569 1703 1668 1770 τῆς
1711 1701 1964 1753 διξασκα-

2064 567 2324 636 gnissima
2348 566 2640 622 clementia
2658 567 2724 620 ad
2745 567 2958 622 inferna
2981 567 3640 632 descendisset,universi

2064 658 2121 711 in
2157 672 2282 712 eum
2313 657 2604 721 credituri,
2650 657 2951 726 impietatis
2983 668 3134 711 reatu
3163 659 3532 719 solverentur,
3557 655 3643 708 vi,

2064 759 2368 818 verentque
2413 749 2615 818 spiritu
2655 749 2959 802 secundum
2992 749 3199 812 Deum;
3231 763 3397 802 carne
3431 747 3644 801 scilicet
3702 797 3704 799 .

2059 839 2316 911 judicati,
2348 855 2543 896 eorum
2568 840 2810 906 nomine,
2847 854 2968 910 quae
3005 840 3060 893 in
3091 840 3340 893 homines
3373 838 3641 907 deliquis-

2065 942 2208 987 sent.

2554 1039 2840 1094 INTERR.
2877 1036 3166 1092 XXXVIII.

2061 1118 2076 1129 ”
2140 1126 2276 1192 Quid
2291 1129 2387 1182 sibi
2410 1127 2531 1182 velit
2563 1129 2731 1183 David
2756 1127 3052 1199 psallendo,
3074 1129 3419 1199 spiritumque
3443 1138 3643 1185 malum

2069 1237 2100 1273 a
2126 1217 2291 1272 Saule
2314 1219 2546 1275 sedando
2585 1238 2645 1274 ac
2669 1220 2956 1290 mitigando
2988 1221 3025 1250 ³⁷
3054 1219 3076 1271 ?

2777 1331 2934 1402 Resp.

2140 1425 2401 1495 Quisquis
2451 1424 2508 1479 in
2561 1424 2706 1480 beati
2755 1424 2973 1478 Davidis
3013 1439 3241 1489 morem,
3291 1439 3422 1479 oves
3473 1425 3648 1494 pascit

2072 1515 2262 1585 (animi
2282 1513 2798 1594 scilicetcogitantis
2821 1514 2928 1567 vim
2952 1529 3014 1567 ac
3033 1513 3280 1584 rationis)
3297 1530 3359 1568 ac
3381 1515 3532 1568 velut
3558 1515 3648 1569 ille

2039 1615 2042 1618 ’
2070 1607 2286 1660 leonem
2309 1617 2567 1661 etursun.
2595 1606 2752 1675 (iram
2771 1605 3220 1676 etcupiditatem)
3239 1605 3531 1670 occidit”;
3559 1605 3648 1659 hic

2072 1697 2336 1752 doctrina:
2375 1712 2685 1752 sermonem
2722 1711 2846 1749 cum
2880 1696 3102 1750 sublimi
3130 1696 3364 1764 quadam
3399 1704 3647 1749 eontem-

390 1803 510 1864 λίας
539 1798 816 1872 χρώμενος
868 1797 1007 1868 μετά
1048 1813 1191 1858 τινος
1244 1794 1453 1864 ὑψηλῆς
1506 1794 1757 1863 θεωρίας,
1785 1790 1963 1862 ἡδύνει

2086 1789 2314 1858 platione
2347 1802 2641 1856 usurpans,
2681 1785 2993 1839 audientem
3026 1785 3284 1850 delectat,
3312 1784 3647 1854 vitiososque

392 1893 485 1946 τὸν
513 1891 796 1955 ἀκούοντα,
824 1891 919 1944 καὶ
942 1890 1011 1943 τὰ
1041 1891 1099 1943 ἐν
1127 1886 1274 1958 αὐτῷ
1319 1884 1463 1957 πάθη
1494 1887 1591 1956 τῆς
1618 1885 1814 1948 κακίας
1842 1899 1972 1936 κατ-

2086 1880 2129 1931 in
2158 1894 2223 1933 eo
2254 1877 2486 1932 ali'ectus
2509 1890 2572 1940 ac
2599 1874 2858 1929 libidines
2878 1874 3067 1930 sedat.

392 1984 629 2048 ευνάζει.

994 2092 1190 2147 ΕΡΩΤ.
1225 2091 1329 2146 AO'
1971 2127 1980 2135 -

479 2184 717 2253 Ἐπειδὴ
744 2186 781 2253 ἠ
811 2183 1020 2253 Γραφὴ
1061 2181 1289 2250 τρανῶς
1317 2179 1494 2249 λέγει,
1527 2180 1612 2232 ὅτι
1639 2179 1858 2234 δέδωκε
1878 2175 1974 2229 δε·

397 2277 580 2342 κάταξ-
611 2280 644 2330 ό
697 2277 940 2344 Ἀϐραὰμ
975 2275 1052 2340 τῷ
1081 2272 1451 2341 Μελχισεδέκ
1475 2288 1489 2302 ·
1539 2271 1738 2336 ἄλλως
1775 2286 1838 2322 τε
1879 2265 1977 2320 καὶ

397 2369 452 2421 ει
506 2365 700 2418 πάντα
726 2365 991 2418 ἀπέδωκε
1015 2402 1029 2425 ,
1069 2361 1260 2428 καθὼς
1293 2362 1474 2427 αὐτὸς
1501 2361 1659 2429 λέγει
1686 2405 1696 2418 ,
1737 2358 1826 2411 ὅτι
1871 2357 1978 2422 ἓως

400 2455 810 2525 σραιρωτῆρος
843 2453 1225 2522 ὑποδήματος
1256 2453 1365 2505 οὐκ
1399 2451 1598 2510 ἔλαϐε,
1633 2451 1819 2502 πόθεν
1883 2446 1976 2500 δέ⁶

400 2548 552 2601 δωκε
581 2547 831 2612 δεκάτας
854 2563 872 2610 ;
897 2544 1048 2597 Οὐδὲ
1082 2544 1191 2612 γὰρ
1220 2543 1397 2607 αὐτὸς
1413 2541 1568 2594 ἴδιόν
1591 2558 1641 2594 τι
1662 2538 1979 2608 ἐπεφέρετο

397 2642 488 2706 εὶς
516 2639 782 2708 πόλεμον
807 2637 1147 2705 ἔκπληκτος
1179 2635 1586 2703 ἀπερχόμενος

1067 2750 1114 2803 Ἀ
1124 2749 1298 2803 erdem.

1071 2767 1239 2803 Ἀποκ
1283 2787 1298 2803 .

486 2845 704 2917 Ἐπειδὴ
737 2846 770 2914 ἡ
802 2844 918 2898 οεία
956 2842 1147 2913 Γραφὴ
1180 2767 1328 2906 lepoéa
1360 2837 1453 2891 τοῦ
1502 2837 1636 2890 Θεοῦ
1694 2835 1785 2888 τὸν
1835 2834 1980 2889 Μελ-

403 2941 620 3012 χισεδὲκ
653 2938 803 3006 λέγει
837 2932 996 2998 εἶναι,
1025 2932 1411 3004 προσηκόντως
1470 2928 1576 3000 ἄρα
1635 2928 1663 2978 ὁ
1727 2925 1980 2996 Ἀϐραὰμ

405 3033 482 3094 ὡς
512 3028 697 3084 λαῖκοῦ
727 3027 877 3092 τάξιν
911 3025 1122 3095 ἐπέχων
1162 3021 1449 3075 δεδωκέναι
1479 3019 1556 3088 τῷ
1589 3020 1725 3089 ἱερεῖ
1747 3017 1846 3080 τὰς
1900 3017 1984 3069 δε-

405 3125 577 3186 κάτας
633 3121 1074 3189 πιστευθήσεται.
1110 3117 1232 3168 ’Ότι
1264 3113 1320 3166 δὲ
1352 3114 1446 3165 καὶ
1472 3107 1587 3180 εἷχε
1655 3109 1819 3162 πόθεν
1876 3127 1980 3163 πα·
2010 3149 2052 3207 C

408 3216 653 3286 ρασχεῖν,
690 3211 898 3263 ἐκεῖθεν
933 3207 1112 3278 δῆλον.
1176 3205 1239 3258 Οἱ
1292 3203 1400 3274 γὰρ
1454 3199 1984 3269 ἐπιστρατεύσαντες

408 3305 643 3377 βασιλεῖς
673 3302 766 3355 ἐπὶ
803 3301 1030 3370 Σόδομα,
1063 3297 1126 3351 ού
1186 3295 1348 3367 μόνον
1413 3292 1480 3346 τὰ
1535 3292 1782 3362 Σοδόμων
1840 3287 1986 3362 εἶχον

405 3397 683 3458 λαϐόντες,
718 3393 852 3447 ἀλλὰ
880 3390 974 3445 καὶ⁹
1009 3389 1184 3443 ἄλλων
1211 3385 1405 3458 χωρῶν
1432 3378 1579 3454 εἶχον
1615 3382 1732 3454 μεθ’
1777 3380 1986 3435 ἑαυτῶν

406 3487 660 3557 λάφυρα,
703 3483 846 3553 ἅπερ
882 3477 1023 3552 ἦσαν
1076 3473 1751 3549 προαιχμαλωτεύσαντες.
1808 3472 1989 3540 Ἀπερ

414 3581 598 3630 πάντα
651 3571 970 3639 κατακόψας
999 3567 1259 3630 αὐτοὺςὸ
1314 3564 1584 3635 Ἀϐραὰμ,
1638 3561 1734 3614 καὶ
1787 3559 1986 3622 λαϐὼν,

409 3667 479 3720 τὰ
519 3665 618 3734 μὲν
645 3663 774 3734 τῶν
795 3659 1101 3730 Σοδομιτῶν
1132 3657 1381 3710 ἀπέδωκε
1404 3669 1418 3685 ’
1449 3655 1518 3706 τὰ
1557 3652 1613 3704 δὲ
1666 3651 1800 3705 ἄλλα
1856 3649 1987 3720 παρ’

415 3733 593 3825 ἑαυτῷ
630 3733 916 3821 κατέσχεν,
971 3747 1030 3812 ἐξ
1053 3741 1129 3801 ὧν
1162 3745 1258 3799 καὶ
1291 3742 1388 3806 τὰς
1415 3741 1647 3800 δεκάτας
1709 3737 1787 3805 τῷ
1842 3737 1987 3790 Μελ-

414 3867 467 3920 χι
480 3846 631 3899 σεδὲκ
678 3842 1006 3914 παρέσχετο.

1043 3950 1236 4004 ΕΡΩΤ.
1269 3949 1362 4004 Μ’.

488 4051 656 4113 Τίνος
718 4045 916 4115 χάριν,
969 4045 1022 4098 ol
1067 4039 1185 4110 μὲν
1237 4039 1389 4091 κατὰ
1453 4035 1640 4104 νόμον
1697 4030 1870 4100 ἱερεῖς
1892 4049 1994 4099 γυ-

415 4141 629 4203 ναῖκας
669 4139 827 4207 ἔχειν
858 4137 969 4188 οὐκ
997 4131 1334 4186 ἐκωλύοντο
1359 4144 1372 4160 ο
1436 4130 1490 4181 οὶ
1549 4125 1618 4178 δὲ
1666 4123 1816 4178 κατὰ
1864 4125 1996 4190 Χρι-

416 4231 571 4287 στὸν
595 4228 767 4298 ἱερεῖς
794 4225 1144 4288 κωλύονται,
1172 4222 1322 4275 ὅσον
1351 4221 1466 4274 ἀπὸ
1499 4217 1609 4287 τῆς
1634 4216 1995 4284 συνηθειάς;

1092 4332 1334 4400 Ἀπόκρ.

503 4431 719 4502 Ἐπειδὴ
767 4431 801 4501 ἠ
845 4427 940 4481 τοῦ
1004 4424 1337 4494 Εὑαγγελίου
1377 4419 1648 4492 ἱερωσύνη
1714 4419 1856 4473 κατὰ
1899 4419 2000 4489 τὴν

421 4525 575 4590 τάξιν
617 4521 950 4593 Μελχισεδὲκ
980 4517 1232 4587 γενέσθαι
1259 4513 1599 4579 πιστεύεται,
1635 4514 1729 4565 καὶ
1760 4513 1820 4565 ού
1855 4511 1995 4564 κατὰ

421 4616 523 4686 τὴν
555 4614 707 4680 τάξιν
748 4609 958 4682 Ἀαρών
982 4625 996 4638 ·
1029 4606 1367 4677 Μελχισεδὲκ
1395 4604 1474 4666 δὲ,
1531 4605 1767 4672 γυναῖκα
1830 4603 1994 4673 ὲσχη-

422 4707 579 4760 κέναι
611 4705 712 4757 οὐκ
775 4699 1211 4769 ἀναγέγραπται.
1280 4691 1621 4761 Ἀναγκαίως
1653 4691 1762 4762 ἄρα
1798 4691 1892 4744 καὶ⁴
1950 4691 1999 4743 οἱ

424 4797 567 4854 κατά
596 4797 696 4866 τὴν
745 4792 910 4848 αὐτοῦ
968 4789 1122 4855 τάξιν
1155 4785 1224 4858 (e)
1279 4783 1649 4856 ἱερατεύοντες
1710 4782 2001 4836 ἐπίσκοποι

427 4891 694 4961 γυναῖκας
723 4886 783 4940 ού
819 4883 1152 4955 προσίενται.

2499 2072 2658 2143 315
2681 2074 2961 2128 INTERR.
2985 2073 3229 2128 XXXIX.

2145 2166 2276 2222 Cum
2308 2163 2586 2235 Scriptura
2620 2164 2764 2218 clare
2811 2166 3021 2228 habeat,
3059 2166 3258 2217 dedisse
3293 2162 3651 2217 Abrahamum

2077 2257 2302 2310 drcimas
2327 2252 2692 2308 Melchisedeco
2715 2269 2732 2305 :
2759 2252 2954 2323 alioqui
2992 2270 3112 2306 vero
3147 2251 3426 2304 reddiderit
3451 2251 3653 2313 omnia,

2079 2349 2156 2400 uti
2180 2349 2287 2417 ipse
2319 2345 2414 2408 ait,
2445 2359 2536 2396 nec
2558 2343 2626 2395 ad
2649 2342 2807 2396 calcei
2828 2360 2986 2412 usque
3015 2340 3232 2412 ligulam
3257 2341 3541 2410 quidquam
3569 2355 3657 2391 ac-

2081 2439 2293 2508 ceperit,
2315 2435 2575 2507 quomodo
2610 2434 2838 2488 decimas
2865 2433 3022 2486 dedit.
3059 2431 3234 2501 Neque
3265 2430 3403 2482 enim
3431 2430 3540 2497 ipse
3566 2435 3652 2480 tu-

2083 2528 2368 2582 multuarie
2408 2530 2691 2599 profectus,
2735 2526 2803 2580 ad
2844 2523 2966 2579 belli
3008 2531 3329 2593 apparatum
3369 2519 3656 2590 quidquam

2081 2620 2338 2675 attulerat
2365 2621 2429 2676 ³³.

2801 2729 2953 2800 Resp.

2154 2824 2291 2879 Cum
2321 2822 2506 2877 divina
2537 2819 2821 2890 Scriptura
2857 2816 3314 2873 Melchisedeeum
3337 2814 3443 2868 \Dei
3476 2799 3659 2866 sacer-

2084 2915 2267 2970 dotem
2316 2929 2435 2969 esse
2487 2913 2654 2976 dicat,
2705 2921 2830 2981 apte
2884 2911 3072 2978 utique
3125 2908 3490 2967 Abraliamus,
3536 2903 3660 2956 laici

2086 3007 2328 3062 hominis
2375 3007 2491 3075 ipse
2534 3014 2729 3060 tenens
2771 3003 3055 3068 ordinem,
3101 3001 3372 3054 sacerdoti
3423 2999 3664 3052 decimas

2086 3098 2449 3155 :estimabitur
2475 3096 2711 3152 dedisse.
2749 3095 2906 3161 Quod
2937 3109 3068 3148 vero
3106 3107 3216 3146 non
3259 3093 3476 3146 deesset
3519 3088 3664 3142 unde

2087 3193 2382 3271 prmberet,
2422 3190 2547 3244 inde
2579 3189 2774 3258 liquet.
2807 3187 2845 3241 li
2877 3177 3111 3254 namque
3143 3199 3318 3253 reges,
3346 3182 3438 3251 qui
3466 3180 3664 3234 adver-

2087 3300 2182 3339 sus
2204 3284 2497 3338 Sodomam
2519 3280 2925 3350 expeditionem
2954 3283 3333 3344 susceperant,
3351 3287 3460 3326 non
3489 3272 3664 3325 solum

2089 3375 2476 3440 Sodomorum,
2511 3386 2704 3426 verum
2736 3369 2899 3423 etiam
2931 3368 3162 3421 aliarum
3201 3364 3504 3435 regionum,
3530 3376 3667 3430 quas

2089 3475 2217 3522 ante
2266 3466 2634 3534 diripuerant,
2692 3459 2979 3516 manubias
3031 3456 3314 3526 spoliaque
3369 3453 3664 3507 habebant.

2088 3557 2297 3614 Cuncta
2345 3557 2480 3620 haec,
2517 3555 2627 3608 illis
2666 3550 2990 3622 proﬂigatis,
3039 3562 3163 3601 cum
3198 3544 3540 3602 Abrahamus
3575 3549 3666 3594 tu-

2089 3647 2265 3711 lisset,
2290 3661 2412 3715 qua:
2447 3653 2607 3699 erant
2636 3641 3025 3697 Sodomorum.
3059 3635 3358 3690 Sodomitis
3391 3631 3665 3695 reddidit;

2092 3739 2302 3808 reliqua
2331 3752 2462 3792 vero
2489 3751 2659 3807 penes
2688 3749 2746 3789 se
2772 3727 3021 3794 retinuit,
3053 3742 3118 3782 ex
3152 3727 3353 3797 quibus
3386 3723 3670 3779 Melchise—

2093 3833 2227 3888 deco
2252 3830 2493 3885 decimas
2524 3827 2778 3898 prrebuit.

2670 3942 2954 3997 INTERR.
2981 3938 3096 3994 XL.

2166 4037 2303 4102 Quid
2319 4051 2491 4090 causa:
2517 4043 2592 4088 est
2632 4050 2724 4087 cur
2747 4031 2942 4103 legales
2959 4026 3255 4084 sacerdotes
3279 4039 3463 4077 uxores
3482 4019 3672 4074 habere

2097 4145 2199 4182 non
2229 4127 2659 4198 prohiberentur;
2687 4122 2974 4179 Christiani
3008 4128 3185 4173 autent
3222 4115 3518 4169 sacerdotes
3544 4129 3668 4182 pro-

2096 4216 2516 4288 hibentur,quod
2551 4215 2620 4270 ad
2643 4213 3066 4269 consuetudinem
3094 4211 3322 4263 attiiwt?

2808 4328 2966 4398 Resp.

2174 4423 2388 4480 Idcirco
2420 4421 2686 4477 nimirum
2719 4419 2866 4489 quod
2901 4415 3267 4472 sacerdotium
3301 4411 3678 4482 evangelicum

2102 4515 2406 4574 secundum
2436 4513 2688 4568 ordinem
2715 4509 3080 4565 Melchisedec
3105 4507 3380 4562 exstitisse
3407 4502 3677 4565 creditur,

2096 4624 2207 4663 non
2220 4604 2522 4663 secundum
2539 4603 2787 4658 ordinem
2803 4599 3034 4655 Aaronis
3048 4642 3062 4663 ,
3084 4614 3192 4651 non
3210 4605 3393 4650 autem
3409 4593 3680 4661 scriptum

2095 4708 2182 4755 est
2228 4694 2688 4752 Melchisedecum
2739 4691 2996 4746 habuisse
3057 4703 3304 4742 uxorem.
3355 4681 3678 4739 Necessario

2103 4788 2288 4857 itaque
2317 4785 2506 4850 etiam,
2541 4782 2638 4852 qui
2664 4781 2968 4837 secundum
2995 4780 3116 4849 ejus
3143 4776 3392 4831 ordinem
3422 4769 3678 4827 sacerdo-

2107 4879 2188 4933 tio
2219 4877 2528 4948 funguntur
2551 4871 2816 4944 episcopi,
2840 4886 2953 4926 non
2982 4867 3284 4923 admittunt
3307 4877 3559 4919 uxorem.

504 5027 549 5059 "
573 5027 594 5082 Ι
619 5027 754 5097 Reg.
781 5041 890 5091 xw,
923 5025 1009 5082 16.
1087 5024 1131 5058 ³⁸
1156 5023 1180 5078 Ι
1213 5023 1349 5094 Reg.
1377 5036 1508 5087 xvu,
1539 5019 1629 5076 '56.
1705 5019 1751 5053 ³⁸
1774 5019 1911 5076 Gen.
1943 5037 2053 5088 xxv,
2077 5023 2148 5079 90
2176 5038 2331 5094 seqq.

503 5143 522 5165 “
555 5139 831 5195 Hactenus
865 5135 1072 5206 Regius
1110 5135 1231 5191 eod.
1263 5134 1394 5201 Quae
1431 5141 1739 5202 sequuntur
1777 5149 1845 5188 ex
1888 5133 2006 5188 solo
2044 5133 2422 5205 Seguieriano.

507 5274 576 5347 (ε)
611 5278 673 5328 Ol
695 5273 845 5327 κατὰ
874 5270 1200 5347 τὴν-αὑτοῦ
1232 5269 1422 5333 τάξιν.
1454 5267 1611 5347 Quod
1635 5269 1712 5322 sie
1732 5268 2008 5347 Alanimus

435 5347 503 5402 ad
518 5339 815 5414 episcopos
853 5339 1156 5414 reStringit,
1182 5357 1340 5414 usum
1362 5340 1588 5414 respicit
1614 5355 1711 5393 sua
1729 5339 2005 5414 Ecclesia},

436 5409 905 5484 quosimpiieibus
928 5409 1306 5467 sacerdotibus
1329 5409 1684 5484 indulgentur
1714 5409 1966 5484 coniugia
1991 5427 2003 5462 :

441 5478 521 5539 sic
552 5478 746 5550 nem—pc
784 5483 874 5536 ille
906 5484 1169 5543 modeste,
1199 5490 1255 5534 et
1291 5496 1359 5533 ne
1396 5479 1682 5532 videretur
1714 5478 1767 5530 in
1803 5478 2005 5550 caelum

438 5572 504 5608 (is
558 5549 782 5622 (maere,
841 5568 904 5606 ac
966 5553 1195 5622 simplex
1258 5550 1582 5622 monachus,
1631 5549 2010 5622 sacerdotibus

442 5618 826 5692 prie—scribere.
856 5618 1125 5676 Catteruin
1154 5622 1273 5689 ejus
1311 5618 1450 5672 ratio
1489 5619 1554 5670 ad
1583 5634 1783 5692 omnes
1803 5618 2008 5671 Clu-isti

444 5687 756 5760 sacerdotio
781 5691 1067 5758 fungentes
1094 5687 1343 5760 spectat;
1377 5697 1507 5741 sunt
1529 5689 1675 5760 enim
1711 5687 1793 5760 illi»
1817 5704 2010 5740 omnes

445 5759 916 5821 hiclcliiscdceiani
949 5758 1181 5825 ordinis,
1240 5776 1347 5813 non
1383 5759 1662 5822 Aaronici,
1717 5758 2012 5812 etl'crcntcs

2113 5280 2171 5327 et
2203 5271 2307 5341 ipsi
2334 5284 2530 5341 panem
2560 5274 2616 5322 et
2631 5265 2833 5341 _vi_num
2868 5261 3100 5341 corpus
3130 5258 3340 5338 scilicet
3365 5271 3441 5341 _ac
3465 5255 3690 5338 sangui-

2114 5327 2240 5397 neni
2274 5327 2478 5394 Christi
2512 5327 2889 5402 conﬁcientes)
2916 5349 2979 5386 ac
2998 5327 3158 5400 quos,
3187 5328 3412 5402 perinde
3451 5343 3521 5402 ac_
3569 5327 3691 5402 (Ῥί-

2113 5428 2330 5481 scapos,
2365 5410 2595 5462 maxima
2625 5406 2750 5459 inde
2798 5398 3059 5481 sanctitas
3109 5398 3558 5481 “aeneastinmnia
3591 5399 3690 5448 de-

2115 5469 2236 5537 ceat
2264 5500 2276 5536 :
2309 5469 2473 5550 quam
2498 5487 2554 5532 et
2581 5486 2791 5550 statuto
2827 5489 2927 5550 suo
2978 5472 3045 5550 ab
3072 5472 3154 5550 eis
3197 5469 3466 5550 ljlcelpsia.
3493 5473 3682 5550 sancte

2115 5535 2462 5622 esirgatfnon
2495 5557 2556 5622 ut
2588 5547 2848 5614 templum
2875 5542 3088 5622 Domini
3122 5539 3419 5619 majoribus
3456 5535 3691 5612 impudi-

2115 5607 2262 5677 citi‘i’s
2297 5607 2348 5674 in
2387 5636 2443 5672 se
2473 5607 2717 5687 polluaui
2747 5655 2762 5677 ,
2782 5629 2925 5687 νει-ε
2951 5611 3252 5682 majestatis
3290 5607 3389 5672 rei,
3419 5623 3581 5674 quam
3609 5607 3692 5658 sic

2117 5694 2336 5755 adeant,
2365 5684 2666 5759 quidquam
2704 5684 3002 5753 indulgeat.
