4070 6378
302 283 408 346 8‘23

1472 280 1534 340 S.
1569 280 1856 340 MAXIMI
1895 277 2400 339 CONFESSORIS

3453 273 3558 340 824

300 394 474 449 minor
515 398 590 444 est
641 390 696 444 in
734 405 895 460 regno
949 389 1229 456 caelorum,
1279 388 1454 459 major
1499 397 1575 444 est
1615 390 1709 445 illo
1735 391 1820 443 ‘7?
1845 409 1863 442 ι

1979 389 2314 458 μικρότερος
2373 387 2539 456 ἐνῖῇ
2574 386 2864 453 βασιλείᾳ
2901 385 3018 439 τῶν
3073 382 3365 452 οὐρανῶν,
3432 389 3559 456 μεί-

1010 591 1165 662 Resp.

367 682 626 753 Quisquis
654 698 763 753 pra:
792 683 999 740 Joanne
1026 698 1144 739 sese
1170 683 1544 740 humiliaverit
1570 683 1698 756 (hoc
1723 681 1870 740 enim

297 775 399 830 sibi
428 776 563 841 vult,
591 776 756 845 318
787 775 934 845 quod
965 775 1175 830 dictum
1209 785 1316 841 est,
1345 776 1559 847 minor),
1584 777 1677 831 ille
1698 778 1873 847 major

295 872 380 919 est
419 865 649 919 Joanne.
683 865 780 919 Vel
822 865 988 919 etiam
1034 866 1198 921 aliter
1241 883 1253 919 :
1301 865 1430 935 quia
1471 866 1710 922 Joannes
1751 883 1870 922 eam

295 957 780 1027 contemplationis
823 959 965 1022 vim,
1002 973 1165 1028 quam
1209 973 1310 1028 pro
1349 959 1453 1013 hoc
1494 975 1609 1013 sevo
1654 961 1874 1029 assequi

296 1045 447 1108 licet,
476 1046 960 1115 comprehendisse
987 1047 1356 1111 existimatur,
1385 1048 1578 1117 exigua
1605 1057 1876 1103 extrema-

293 1149 404 1205 que
446 1151 513 1190 eo
553 1144 699 1190 statu
741 1136 837 1205 qui
875 1137 1098 1191 futurus
1135 1145 1240 1202 est,
1273 1137 1583 1194 exhibenda
1623 1139 1872 1204 scientia,

297 1227 470 1295 major
505 1236 611 1303 est,
644 1242 806 1297 quam
850 1227 1115 1298 quidquid
1161 1231 1416 1298 [ιι-περιιιὶ
1455 1245 1571 1285 :zevo
1611 1230 1873 1286 scientia-

297 1332 420 1372 rum
452 1318 705 1374 habetur.
737 1319 834 1374 Vel
867 1319 961 1389 qui
996 1317 1138 1375 inter
1163 1321 1417 1376 homines
1441 1336 1688 1377 summus
1718 1323 1874 1378 theo-

296 1407 452 1480 logus
488 1407 759 1480 longeque
799 1409 1111 1466 divinorum
1153 1411 1382 1467 scientia
1420 1415 1872 1482 provectissimus

295 1510 397 1563 est,
425 1508 699 1569 postremo
730 1501 875 1554 inter
897 1501 1118 1570 angelos
1149 1501 1328 1556 minor
1353 1511 1458 1559 est.
1479 1502 1588 1557 Aut
1611 1502 1869 1572 denique,

295 1593 386 1662 qui
435 1594 738 1648 secundum
785 1592 1157 1661 evangelicam
1202 1593 1607 1650 institutionem
1653 1603 1871 1663 postre-

1989 477 2099 540 ζων
2124 479 2314 534 αὑτοῦ
2365 479 2559 544 same;

2651 591 2892 657 Ἀπόκρ.

2053 685 2243 748 Ὅστις
2311 683 2452 754 ὑπὲρ
2502 683 2595 737 τὸν
2657 683 2907 753 Ἰωάννην
2967 677 3304 734 ταπεινώσει·
3365 664 3566 749 ,ἑαυτὸν

1981 772 2162 849 (τοῦτο
2193 776 2303 846 γάρ
2347 776 2463 829 ἐστι
2499 772 2580 842 τὸ,
2621 770 3026 844 μικρότερος),
3080 771 3288 837 ἐκεῖνος
3365 773 3564 843 μείζων

1980 870 2097 922 ἐστὶ
2125 868 2219 922 τοῦ
2283 867 2553 922 Ἰωάννου.
2611 869 2679 920 Ἢ
2710 866 2803 920 καὶ
2835 865 3033 930 ἄλλως,
3083 865 3276 936 ἐπειδὴ
3317 866 3344 918 ὁ
3385 864 3566 918 Ἰωάν-

1980 980 2078 1033 νης
2111 964 2209 1033 τὴν
2236 961 2468 1016 ἐνταῦθα
2501 959 2727 1030 ἐφικτὴν
2771 957 2859 1012 διὰ
2901 957 3138 1028 θεωρίας
3183 956 3384 1024 γνῶσιν
3431 975 3565 1010 κατ-

1978 1057 2260 1128 ειληφέναι
2287 1056 2644 1118 πιστεύεται,
2670 1056 2704 1125 ἡ
2765 1054 2941 1124 μικρά
2994 1054 3088 1107 καὶ
3142 1055 3430 1107 τελευταία
3465 1071 3568 1107 κα-

1980 1147 2049 1200 τὰ
2089 1146 2187 1218 τὴν
2250 1147 2546 1217 μέλλουσαν
2595 1145 2932 1215 φανήσεσθαι
2973 1143 3311 1197 κατάστασιν
3343 1144 3564 1212 γνῶσις,

1983 1235 2183 1305 μείζων
2216 1235 2450 1305 ὑπάρχει
2499 1236 2597 1305 τῆς
2643 1233 2902 1288 ἐνταῦθα.
2952 1235 3022 1287 Ἢ
3057 1233 3152 1286 καὶ
3189 1235 3216 1286 ὀ
3252 1234 3309 1285 ὲν
3353 1233 3566 1305 ἀνθρώ-

1985 1342 2110 1388 ποις
2165 1325 2332 1395 ἄκρος
2374 1324 2625 1393 θεολόγος
2671 1324 2763 1376 τοῦ
2815 1327 2873 1377 ὲν
2901 1324 3153 1393 ἀγγέλοις
3191 1324 3423 1394 ἐσχάτου
3451 1325 3568 1378 ἐστὶ

1983 1414 2324 1485 μικρότερος.
2377 1416 2448 1468 Ἦ
2480 1417 2573 1468 καὶ
2624 1416 2652 1468 ὁ
2674 1415 2816 1469 κατὰ
2841 1414 2938 1485 τὴν
2977 1413 3566 1488 ἀγγελικὴν[εὐαγγελ.]

1968 1507 2258 1570 ,πολιτείαν
2305 1507 2403 1577 τὴν
2437 1507 2670 1579 ἐσχάτην
2700 1507 2838 1577 ἔχων
2858 1507 3029 1572 τάξιν,
3054 1506 3149 1559 τοῦ
3172 1509 3311 1560 κατὰ
3343 1507 3441 1579 τὴν
3479 1525 3565 1562 νο⁴

1983 1595 2147 1667 μικὴν
2192 1596 2536 1668 δικαιοσύνην
2567 1597 2760 1670 ἄκρου,
2795 1597 2997 1668 μείζων
3026 1596 3165 1652 ἐστί.

295 1700 444 1740 mum
459 1686 672 1742 obtinet
713 1685 940 1756 gradum
961 1727 974 1751 ,
1011 1704 1268 1758 supremo
1287 1733 1301 1756 ,
1333 1693 1481 1763 quod
1511 1694 1578 1749 ad
1607 1689 1835 1763 legalem
1854 1685 2125 1758 justitiam
2150 1689 2369 1757 attinet,
2396 1692 2570 1762 major
2595 1701 2701 1748 est.
2733 1752 2742 1760 _

819 1795 1102 1853 INTERR.
1139 1799 1370 1855 XLVIII.

365 1883 505 1951 Quid
533 1882 630 1940 sibi
657 1887 767 1942 vult
792 1886 925 1942 illud
950 1889 1357 1945 Proverbiorum
1385 1907 1402 1946 :
1434 1911 1451 1944 ι
1481 1892 1668 1946 Manui
1693 1909 1882 1947 manus

290 1975 600 2045 inmittens,
627 1992 730 2033 non
757 1982 854 2034 erit
878 1982 1125 2036 innocens
1143 1982 1221 2035 ‘8?
1254 2000 1276 2032 »λ

1015 2098 1172 2169 Resp.

368 2184 586 2240 Actioni
631 2186 895 2244 studiosce
931 2188 1126 2243 malam
1165 2190 1440 2246 actionem
1479 2190 1738 2258 miscens,
1771 2207 1882 2249 non

291 2275 402 2330 erit
429 2275 718 2332 innocens.

838 2388 1117 2446 INTERR.
1150 2392 1340 2448 XLIX.

365 2483 505 2550 Quid
546 2483 646 2540 sibi
685 2485 797 2541 suit
833 2504 851 2544 :
895 2505 914 2539 ‹
954 2485 1155 2559 Septies
1195 2486 1346 2540 cadet
1368 2486 1580 2557 justus,
1615 2493 1664 2541 et
1700 2502 1879 2541 resur-

293 2585 378 2644 get
398 2575 478 2630 “7
505 2595 524 2628 ι

1009 2687 1164 2760 Resp.

362 2773 585 2837 Iustum
626 2776 733 2832 hoc
769 2777 915 2844 loco,
947 2779 1128 2834 solum
1167 2791 1298 2834 vene
1337 2780 1545 2850 justum
1585 2778 1879 2835 Dominum

293 2874 548 2922 nostrum
571 2867 760 2925 Iesum
790 2867 1070 2924 Christum
1105 2869 1506 2936 existimemus,
1532 2885 1717 2940 operae
1737 2885 1878 2942 pre-

297 2959 434 3013 tium
460 2967 566 3015 est.
587 2959 724 3026 Quia
755 2959 924 3032 igitur
949 2960 1065 3030 ipse
1096 2962 1153 3016 in
1177 2963 1340 3018 nobis
1369 2971 1484 3017 tum
1513 2963 1712 3018 cadere
1737 2963 1878 3017 dici-

304 3059 417 3115 tur,
454 3060 572 3105 tum
607 3067 915 3123 resurgere,
943 3054 1097 3108 velut
1126 3054 1222 3124 qui
1254 3063 1443 3109 nostra
1461 3055 1666 3120 omnia,
1687 3054 1881 3109 huma-

2585 1805 2783 1858 ΕΡΩΤ.
2851 1807 2991 1862 ΜΗ’.
3425 1857 3430 1862 .

2061 1893 2124 1947 Τί
2163 1892 2316 1958 ἐστι,
2358 1895 2426 1948 τὸ
2489 1895 2609 1949 τῶν
2654 1897 3010 1965 Παροιμιῶν,
3076 1915 3097 1950 ι
3124 1896 3283 1967 Xsth
3365 1896 3570 1968 χεῖρας

1983 1983 2280 2052 ἐμϐαλὼν,
2311 1987 2423 2040 οὐκ
2449 1985 2862 2053 ἀθωωθήσεται
2891 2004 2912 2052 ;
2949 2007 2969 2040 ι

2653 2103 2713 2156 Ἀ
2721 2103 2893 2156 πόκο.

2653 2103 2669 2124 ’
2721 2118 2764 2154 π
2877 2141 2893 2156 .

2062 2188 2265 2263 Πράξει
2315 2190 2555 2264 ὲναρέτῳ
2585 2192 2615 2247 ὁ
2653 2103 2874 2265 ᾃᾶὲᾕρ
2915 2191 3127 2265 μίσγων
3179 2191 3410 2265 φαύλην,
3465 2191 3568 2248 οῦκ

1985 2277 2398 2352 ὰθωωθήσεται.
2817 2301 2820 2304 ’

2601 2395 2802 2452 ΕΡΩΤ.
2831 2396 2965 2452 ΜΘ’.

2063 2486 2124 2540 Τί
2150 2484 2282 2540 ἐστι
2315 2486 2402 2552 τὸ,
2443 2504 2462 2540 ι
2483 2486 2766 2555 Ἐπτάκις
2812 2487 3084 2566 πεσεῖται
3105 2489 3140 2544 δ
3162 2487 3412 2556 δίκαιος,
3455 2485 3566 2543 Hal

1982 2576 2390 2648 ἀναστήσεται
2414 2593 2434 2644 ;
2473 2597 2492 2632 ι

2655 2691 2716 2746 Ἀ
2727 2693 2903 2760 πόκρ.

2070 2776 2289 2832 Δίκαιον
2329 2776 2588 2845 ἐνταῦθα,
2619 2777 2716 2832 τδν
2748 2776 2910 2849 μόνον
2961 2779 3176 2851 ἀληθῶς
3205 2781 3414 2837 δίκαιον
3467 2781 3571 2838 τὸν

1981 2865 2188 2935 Κύριον
2216 2866 2376 2936 ἡμῶν
2430 2867 2638 2932 Ἰησοῦν
2667 2867 2902 2940 Χριστὸν
2932 2868 3344 2940 ὑπολαμϐάνειν
3363 2870 3564 2942 χρεών.

1995 2956 2147 3008 Ἐπεὶ
2174 2951 2268 3009 οῦν
2318 2957 2483 3021 αὐτὸς
2511 2959 2569 3011 ὲν
2615 2959 2747 3028 ἡμῖν
2794 2958 3009 3027 λέγεται
3060 2962 3153 3014 καὶ
3207 2962 3430 3017 πίπτειν
3469 2961 3566 3016 καὶ

1981 3045 2324 3109 ἀνίστασθαι,
2352 3047 2428 3110 ὡς
2476 3047 2547 3101 τὰ
2595 3049 2840 3118 ἡμέτερα
2896 3049 3076 3103 πάντα
3129 3050 3218 3104 διὰ
3263 3050 3568 3122 φιλανθρω-

288 3142 528 3200 .nissima
581 3143 785 3213 pietate
839 3145 1166 3216 susceperit.
1218 3144 1433 3202 Cecidit
1482 3161 1613 3201 vero
1669 3145 1875 3216 septies

1981 3137 2110 3191 πίαν
2163 3138 2593 3208 καταδεξάμενος
2625 3138 2827 3193 ’ἔπεσε
2854 3141 2911 3194 δὲ
2957 3144 2989 3212 ή
3017 3143 3179 3210 φύσις
3222 3143 3377 3214 ἡμῶν
3401 3145 3570 3199 ἑπτά-

298 3232 539 3287 humana
569 3242 797 3299 natura,
824 3235 1066 3304 primum
1098 3236 1264 3305 primi
1296 3235 1543 3306 parentis
1578 3244 1881 3307 transgres-

289 3323 484 3389 sione,
517 3339 639 3394 quaa
682 3324 859 3394 prima
901 3325 1211 3392 exstiterit;
1257 3334 1373 3382 tum
1415 3333 1684 3382 attentato
1721 3327 1879 3382 Caini

299 3412 598 3469 homicidio
619 3415 686 3481 ⁸ο,
719 3415 818 3484 qui
860 3415 1066 3472 caedem
1107 3417 1262 3488 prior
1303 3417 1638 3489 designavit;
1680 3419 1876 3483 tertio,
1913 3443 1915 3446 ⁴

296 3503 490 3559 Νοοιηί
518 3512 701 3571 aetate,
729 3520 828 3576 per
849 3522 1016 3578 quam
1043 3523 1154 3564 non
1183 3509 1486 3580 permansit
1513 3509 1755 3580 Spiritus
1781 3511 1878 3566 Dei

299 3596 353 3650 in
383 3596 720 3663 hominibus,
751 3613 819 3654 eo
843 3599 997 3670 quod
1027 3615 1225 3657 carnes
1252 3611 1466 3668 essent;
1497 3611 1715 3673 quarto,
1743 3611 1882 3658 tem-

297 3701 433 3756 pore
462 3696 757 3744 exstructa:
784 3690 986 3758 turris;
1017 3691 1234 3763 quinto,
1256 3691 1552 3748 Abrahami
1580 3702 1760 3760 :etate,
1782 3694 1878 3764 qui

297 3779 450 3834 solus
491 3779 699 3849 placuit
731 3780 844 3836 Deo
864 3781 942 3848 ⁸¹;
987 3791 1163 3850 sexto,
1197 3784 1300 3839 sub
1340 3783 1544 3856 Moyse,
1578 3785 1659 3841 sie
1693 3785 1880 3842 adulta

297 3877 566 3939 auctaque
592 3871 712 3941 ejus
741 3873 917 3927 astatis
944 3873 1234 3929 hominum
1269 3875 1574 3946 impietate,
1603 3886 1664 3932 ut
1687 3877 1881 3933 adver-

298 3974 394 4015 sus
418 3973 538 4015 eam
563 3962 781 4033 adjutor
805 3965 923 4034 ipse
945 3981 975 4020 a
1001 3967 1113 4022 Deo
1137 3967 1283 4022 mitti
1310 3967 1592 4036 debuerit;
1622 3969 1877 4038 septimo,

298 4051 693 4121 prophetarum
727 4065 920 4123 aetate,
946 4072 1068 4127 qua:
1102 4059 1419 4129 superiores
1449 4067 1642 4115 aetates
1674 4062 1880 4131 majore

299 4145 601 4214 impietatis
645 4149 869 4203 cumulo
914 4152 1220 4219 superavit.
1247 4151 1404 4217 Quod
1452 4152 1639 4223 igitur,
1672 4153 1751 4208 uti
1791 4153 1879 4206 di-

299 4246 450 4290 ctum
493 4248 608 4304 est,
639 4247 836 4294 natura
874 4241 1114 4296 humana
1154 4243 1359 4312 septies
1399 4243 1702 4306 ceciderat,
1739 4243 1882 4298 hanc

299 4325 566 4382 Dominus
595 4327 859 4384 ineffabili
889 4332 1093 4401 pietate
1117 4343 1298 4388 motus
1322 4333 1602 4398 excitavit,
1630 4333 1735 4389 sibi
1765 4335 1881 4404 ipse

300 4416 548 4472 eamdem
585 4428 839 4475 naturam
878 4422 1082 4479 unione
1119 4440 1242 4495 quae
1275 4433 1360 4480 est
1389 4440 1489 4495 per
1520 4426 1878 4498 hypostasim,

301 4509 583 4577 copulans.

799 4812 964 4882 319
999 4811 1281 4868 lNTERR.
1319 4812 1382 4870 L.

374 4901 511 4966 Quid
547 4898 645 4957 sibi
685 4903 795 4958 vult
828 4903 966 4958 illud
999 4905 1360 4975 evangelicum
1394 4923 1415 4963 :
1456 4926 1474 4960 ι
1512 4905 1658 4962 Lava
1689 4909 1881 4982 faciem

297 5001 473 5059 luam,
499 5003 549 5049 et
576 5011 708 5066 unge
737 5004 894 5063 caput
923 4999 1133 5050 tuum"
1165 4997 1188 5050 ?
1216 5018 1236 5049 ι

1016 5191 1172 5268 Resp.

371 5277 564 5339 Facies
597 5292 808 5351 nostra,
836 5287 948 5340 vita
980 5296 1085 5352 est,
1112 5303 1233 5357 qum.
1268 5289 1424 5356 quasi
1460 5288 1663 5353 vultus,
1693 5289 1853 5358 quale

300 5376 476 5429 simus
507 5373 812 5428 secundum
843 5375 1160 5431 interiorem
1190 5365 1470 5431 hominem
1502 5379 1672 5433 certis
1702 5378 1884 5434 ducti-

302 5465 406 5522 bus
428 5475 805 5536 reprzesentet.
829 5465 981 5522 IIanc
1008 5469 1171 5540 igitur
1197 5468 1476 5539 Scriptura
1505 5470 1687 5525 lavare
1705 5471 1883 5541 jubet,

367 5624 417 5657 ‘7
445 5625 634 5678 hiatth.
669 5643 740 5690 ιιι,
776 5625 831 5678 II
860 5625 1037 5689 ;‘[.uc.
1077 5643 1169 5688 vn,
1202 5628 1290 5680 28.
1393 5628 1434 5658 “'
1477 5627 1636 5682 Prov.
1671 5645 1776 5689 xw,
1815 5629 1864 5681 ii.

290 5695 492 5770 ascqq.
581 5711 657 5761 ιιι,
691 5697 726 5750 2
753 5711 906 5765 seqq.
939 5713 1032 5765 xu,
1064 5697 1086 5749 I
1145 5712 1306 5768 seqq.
1361 5699 1403 5730 ³³
1433 5698 1623 5753 Matth.
1656 5714 1727 5765 Vl,
1763 5700 1841 5755 I7.

1981 3245 2087 3293 κις,
2169 3231 2310 3283 κατά
2364 3247 2424 3282 τε
2487 3231 2587 3301 τὴν
2666 3230 2761 3285 τοῦ
2832 3235 3178 3306 προπάτορος
3252 3235 3564 3306 παράὸασιν

1981 3319 2202 3390 πρώτην
2247 3321 2651 3392 γεγενημένην
2694 3320 2956 3390 δευτέραν
2991 3322 3068 3387 δὲ,
3127 3323 3226 3391 τὴν
3279 3323 3564 3394 τολμηθεῖ-

1982 3425 2080 3465 σαν
2107 3410 2227 3464 τοῦ⁶
2253 3411 2394 3464 Κὰῖν
2427 3413 2764 3482 μιαιφονίαν,
2803 3414 3021 3480 πρῶτον
3067 3415 3563 3484 καινοτομήσαντος

1981 3501 2180 3570 φόνον·
2228 3500 2421 3572 τρίτην
2451 3501 2545 3555 ἐπὶ
2589 3502 2687 3572 τῆς
2729 3503 2869 3556 κατὰ
2892 3503 2983 3556 τὸν
3029 3503 3153 3557 Νῶε
3204 3505 3418 3572 γενεᾶς,
3479 3504 3565 3573 ἐφ’

1978 3586 2046 3664 ἧς
2105 3592 2166 3647 οὐ
2241 3593 2530 3664 κατέμεινε
2585 3595 2646 3648 τὸ
2723 3595 2946 3666 Πνεῦμα
2995 3595 3089 3648 τοῦ
3142 3595 3300 3660 Θεοῦ,
3351 3595 3441 3648 διὰ
3505 3595 3567 3648 τὸ

1979 3683 2118 3739 εἶναι
2167 3685 2364 3748 αὐτοὺς
2406 3684 2656 3755 σάρκας·
2723 3686 3006 3757 τέταρτον,
3057 3686 3148 3739 ἐπὶ
3208 3685 3310 3754 τῆς
3357 3702 3566 3756 πυργο-

1981 3776 2203 3839 ποιίαςο
2249 3777 2520 3846 πέμπτον,
2571 3777 2663 3829 ἐπὶ
2716 3777 2816 3847 τῆς
2867 3777 2960 3831 τοῦ
3055 3775 3305 3846 Ἀϐραὰμ
3353 3778 3564 3844 γενεᾶς,

1983 3867 2041 3934 ἐξ
2101 3863 2170 3939 ἦς
2227 3868 2388 3938 μόνος
2460 3867 2622 3931 αὐτὸς
2659 3866 2736 3938 τῷ
2782 3867 2904 3938 Θεῷ
2929 3868 3269 3940 εὖηρέστησε
3301 3883 3316 3900 ·
3377 3867 3562 3938 ἕκτην,

1981 3959 2072 4010 ἐπὶ
2101 3957 2195 4010 τοῦ
2231 3958 2530 4020 Μωῦσὲως,
2569 3959 2648 4021 είς
2675 3957 2929 4011 τοσοῦτον
2964 3958 3062 4027 τῆς
3115 3957 3200 4010 ἐπ’
3242 3956 3407 4011 αὐτοῦ
3469 3973 3564 4025 γε·

1981 4052 2107 4112 νεοῖς
2144 4049 2333 4112 ἁῦεῒας
2358 4049 2725 4118 ἐξοκειλὰσης,
2744 4049 2818 4112 ὡς
2837 4049 2996 4103 αὐτὸν
3017 4051 3095 4112 είς
3123 4047 3442 4118 ἐπικουρίαν
3468 4046 3567 4116 τῆς

1981 4141 2251 4210 τοσαύτης
2285 4141 2540 4204 ἀσεϐείας
2590 4142 2697 4194 ἀπὸ
2728 4141 2862 4194 Θεοῦ
2897 4141 3217 4212 πεμφθῆναι
3247 4156 3260 4171 ο
3316 4139 3561 4208 ἕϐδομον,

1982 4232 2072 4284 ἐπὶ
2119 4232 2221 4302 τῆς
2257 4233 2366 4285 τῶν
2414 4233 2709 4303 προφητῶν
2761 4235 2974 4300 γενεᾶς,
3029 4233 3150 4302 ἥτις
3206 4232 3306 4294 τὰς
3367 4229 3567 4301 προλα-

1982 4323 2182 4388 ϐοῦσας
2209 4321 2404 4392 γενεὰς
2441 4325 2520 4387 είς
2573 4323 2773 4388 κακίας
2851 4323 3048 4394 μέτρον
3113 4321 3562 4393 ὑπερηκόντισεν.

1996 4415 2150 4467 Ἐπεὶ
2201 4409 2312 4478 οὖν,
2376 4413 2450 4477 ὡς
2489 4415 2724 4486 εἴρηται,
2788 4416 3016 4478 ἑπτάκις
3060 4415 3253 4467 ἔπεσεν
3307 4415 3339 4485 ἡ
3395 4413 3564 4483 φύσις

1913 4476 1956 4530 D
1986 4505 2164 4576 ἡμῶν,
2206 4476 2411 4576 ταῦτην
2479 4476 2672 4576 ἀφάτῳ
2713 4476 3121 4577 ⁷φιλανθρωπίᾳ.
3176 4476 3419 4576 νικηθεὶς
3461 4476 3559 4559 ἅνέ

1987 4597 2216 4666 έστησεν
2255 4597 2282 4648 ὁ
2338 4594 2564 4666 Κύριος,
2619 4597 2785 4667 αὐτὴν
2814 4596 2912 4667 τὴν
2951 4598 3111 4664 φύσιν
3159 4595 3364 4658 ἑνώσας
3388 4593 3565 4665 ἑαυτῷ

1989 4688 2112 4742 καθ’
2168 4689 2478 4742 ὑπόστασιν.

2621 4803 2816 4857 ΕΡΩΤ.
2846 4804 2906 4856 N'
2920 4839 2935 4855 .

2063 4897 2124 4950 Τί
2172 4897 2452 4966 σημαίνει
2507 4895 2574 4949 τὸ
2631 4893 3020 4964 Εὑαγγέλιον,
3059 4893 3278 4963 λέγον,
3319 4912 3336 4944 ι
3377 4892 3563 4960 Nigrae

1987 5005 2105 5044 σου
2162 4989 2229 5043 τὸ
2278 4990 2625 5058 πρόσωπον,
2683 4987 2784 5041 καί
2830 4985 3076 5056 ἄλειψαί
3132 5003 3248 5042 σου
3297 4985 3412 5056 τὴν
3445 5001 3562 5040 ⁸κε·

1981 5080 2188 5153 βαλήν
2207 5097 2258 5147 ;›

2668 5194 2896 5261 Ἀπόκρ.

2059 5285 2131 5338 Τὸ
2185 5288 2476 5356 πρόσωπον
2517 5285 2673 5357 ἡμῶν
2724 5286 2870 5338 ἐστιν
2912 5287 2939 5338 ὁ
2979 5285 3114 5354 βίος,
3145 5283 3566 5356 χαρακτηρίζων

1989 5374 2239 5452 καθάπερ
2267 5382 2298 5449 ἡ
2322 5379 2444 5449 ὄψις
2473 5380 2646 5432 ὁποῖοί
2671 5379 2816 5443 τινές
2840 5381 3006 5451 ἐσμεν
3034 5379 3175 5432 κατὰ
3204 5378 3296 5430 τὸν
3327 5377 3436 5431 ἔσω
3469 5377 3567 5432 ἇν-

1989 5473 2223 5546 ορωπον.
2251 5473 2422 5526 Τοῦτο
2452 5469 2545 5526 οὖν
2592 5474 2620 5525 ὁ
2665 5472 2822 5542 λόγος
2856 5469 3290 5542 παρακελεύεται
3329 5469 3563 5532 νίπτειν,

1944 5631 1984 5662 ⁵ο
2019 5633 2178 5687 Prov.
2209 5649 2352 5700 xxxv,
2384 5634 2465 5688 l6.
2544 5634 2588 5665 ⁵ο
2614 5631 2748 5688 Gen.
2781 5648 2856 5696 ιιι,
2887 5631 2946 5699 6;
2977 5649 3046 5697 iv,
3078 5631 3130 5685 8.
3243 5630 3284 5663 "
3317 5627 3454 5684 Gen.
3481 5641 3555 5692 vr,
