4070 6416
364 346 474 417 825

1554 359 1953 430 QU/ESTION
1958 362 2048 421 ES
2088 364 2180 423 ΕΤ
2221 364 2475 426 DUBIA.

3532 372 3637 438 896

365 461 614 516 τουτέστι
672 463 957 533 καθαίρειν
999 464 1088 519 τὸν
1128 466 1261 536 βίον,
1297 467 1512 538 κηλῖδος
1542 469 1724 540 πάσης
1759 472 1944 542 ἁμαρι

2053 472 2156 528 hne
2190 482 2294 537 est,
2321 476 2390 530 ab
2426 477 2576 531 omni
2610 478 2871 532 vitiorum
2910 480 3073 536 sorde
3110 483 3275 536 vitam
3311 483 3633 539 emundare.

366 554 519 607 τιῶν·
562 553 774 623 κεφαλὴ
807 554 864 607 δέ
905 557 1053 608 ἐστιν
1099 557 1127 610 6
1155 558 1424 628 ἡμέτερος
1456 557 1600 621 νοῦς,
1636 558 1694 611 ὃν
1732 561 1759 612 6
1792 559 1948 626 λόγος

365 644 612 714 ἀλείφειν
650 645 885 712 κελεύει,
911 647 1158 702 τουτέστι
1207 651 1275 720 τῇ
1320 648 1440 722 θείᾳ
1490 649 1951 722 καταφαιδρύνειν

367 751 588 804 γνωσει.

976 853 1176 911 ΕΡΩΤ.
1218 853 1347 908 NA’.

445 942 506 996 Τί
546 910 678 996 ἐστι
712 942 803 1006 τὸ,
834 961 853 995 ι
885 942 1225 1013 Συνέφερεν
1256 941 1438 1009 αὐτῷ,
1465 943 1565 997 ἵνα
1601 943 1801 1013 μύλος
1834 943 1955 998 ὀνι-

367 1035 474 1100 κὸς
523 1036 804 1104 περιτεθῇ
841 1037 913 1091 ἐν
940 1037 1019 1102 τῷ
1045 1037 1321 1106 τραχήλῳ
1349 1036 1560 1101 αὑτοῦ,
1587 1037 1684 1090 καὶ
1709 1034 1862 1106 ῥιφῇ
1887 1037 1956 1090 ἐν

367 1126 441 1195 τῇ
492 1129 799 1197 θαλάσσῃ,
848 1127 886 1197 ἢ
944 1130 1046 1183 ἵνα
1102 1127 1491 1198 σκανδαλίσῃ
1539 1127 1648 1182 ἕνα
1687 1124 1808 1182 τῶν
1859 1145 1953 1197 μισ

368 1218 550 1288 κρῶν;
589 1240 606 1271 ι

1050 1333 1291 1402 Ἀπόκρ.

441 1423 703 1493 Μικροὺς,
741 1418 914 1494 οἶμαι,
945 1423 1096 1494 λέγει
1125 1428 1252 1488 τοὺς
1287 1424 1428 1479 κατὰ
1449 1423 1682 1478 διάνοιαν
1712 1424 1950 1491 ἀφελεῖς,

365 1515 462 1570 καὶ
487 1516 576 1569 διὰ
609 1517 950 1589 σμικρότητα
992 1517 1131 1582 νοὸς,
1166 1520 1242 1589 μὴ
1279 1517 1612 1588 δυναμένους
1657 1515 1955 1586 διακρίνειν

364 1608 435 1662 τὰ
491 1609 590 1680 τῆς
646 1609 910 1679 Προνοίας
962 1611 1224 1681 κρίματα.
1283 1611 1470 1673 Ὅστις
1513 1608 1579 1662 ἂν
1625 1608 1955 1680 σκανδαλίσῃ

364 1702 492 1766 τοὺς
541 1702 836 1770 τοιούτους,
893 1705 1189 1775 συνέφερεν
1235 1701 1385 1774 αὐτῷ
1439 1701 1757 1772 Ἑλληνικῆς
1813 1696 1952 1754 εἶναι

369 1794 583 1864 μοίρας,
615 1795 664 1848 οἳ
693 1795 850 1866 δίκην
879 1794 1003 1847 ὄνου
1029 1797 1087 1848 ὲν
1113 1795 1316 1865 μύλωνι
1355 1793 1490 1864 μόνῃ
1521 1795 1585 1864 τῇ
1616 1794 1827 1863 κινήσει
1857 1790 1952 1845 τοῦ

365 1886 573 1955 κόσμου
604 1873 936 1957 ένίσχήνται·
973 1890 1068 1941 καὶ
1098 1887 1184 1940 ἵνα
1225 1888 1356 1957 ῥιερῇ
1396 1886 1453 1938 ὲν
1486 1884 1563 1954 τῷ
1597 1884 1822 1952 πελάγει
1847 1883 1948 1953 τῆς

366 1978 658 2047 θαλάσσης·
695 1979 980 2032 τουτέστιν
1009 1981 1064 2034 ἐν
1093 1981 1157 2050 τῇ
1191 1977 1451 2048 συγχύσει
1476 1977 1571 2030 τοῦ
1601 1976 1737 2047 βίου.
1780 1975 1948 2029 Τοῦτο

365 2069 420 2124 δὲ
449 2070 544 2123 καὶ
564 2071 592 2122 6
621 2070 941 2134 Ἀπόστολος
965 2069 1168 2141 Πέτρος
1193 2069 1404 2139 βεϐαιοῖ
1430 2068 1620 2136 λέγων·
1648 2067 1949 2136 Ιιρεῖσσον

360 2165 447 2233 μὴ
476 2161 803 2232 ἐπιγνῶναι
843 2161 958 2230 τὴν
988 2162 1134 2217 ὁδὸν
1164 2161 1275 2231 τῆς
1302 2161 1725 2227 δικαιοσύνης,
1754 2159 1791 2228 ἣ
1823 2160 1950 2213 ἑπι-

367 2255 644 2328 τνόντας,
673 2255 761 2320 είς
779 2253 853 2308 τὰ
881 2255 1076 2310 ὀπίσω
1108 2253 1484 2324 ἀνακάμψαι.
1811 2271 1814 2273 ‘

972 2365 1168 2417 ΕΡΩΤ.
1218 2365 1345 2419 NB’.

427 2453 544 2517 ,Εἰς
571 2452 631 2507 τί
652 2453 1018 2525 λαμϐάνεται
1057 2458 1090 2510 ὀ
1117 2455 1286 2520 Kdl‘r,
1313 2455 1411 2510 καὶ
1435 2459 1468 2510 ὀ
1504 2456 1682 2511 ’Ἅϐελ
1703 2472 1726 2523 ;.

1050 2568 1292 2626 Ἀπόκο.

790 2595 796 2600 -
1050 2570 1234 2623 Ἀπόκ
1279 2611 1292 2626 .

453 2655 512 2710 '0
539 2657 679 2712 Κὰῖν
708 2657 770 2729 (i)
798 2656 1135 2727 λαμῦάνεται
1181 2585 1274 2712 erg.
1325 2659 1418 2714 τοῦ
1467 2664 1816 2734 φρονήματος
1849 2649 1960 2734 τῆς

371 2750 593 2822 σαρκός·
639 2753 668 2804 6
719 2751 778 2805 δὲ
811 2751 998 2819 Ἅϐελ,
1050 2752 1144 2806 ἐπὶ
1197 2752 1293 2808 τοῦ
1345 2753 1594 2824 πένθους,
1642 2757 1808 2828 ἤγουν
1851 2758 1952 2830 τῆς

373 2842 688 2915 μετανοίας.

875 2997 882 3005 .
979 2959 1175 3022 ΕΡΩΤ.
1213 2959 1338 3015 Nl".

445 3047 508 3103 Τί
534 3047 664 3102 ἐστι
692 3046 783 3116 τὸ,
819 3067 839 3102 ι
868 3048 964 3119 Μὴ
984 3052 1333 3120 μακαρίσῃς
1358 3051 1547 3121 ἄνδρα
1589 3054 1706 3123 πρὸ
1747 3057 1953 3110 τελευ-

370 3138 478 3210 τῆς
509 3139 730 3204 αὐτοῢ;
759 3159 778 3193 ι

1047 3255 1280 3324 Ἆπόκρ.

440 3347 546 3400 Καὶ
569 3347 709 3402 κατὰ
738 3346 800 3400 τὸ
829 3347 1121 3420 πρόχειρον
1154 3349 1232 3421 τῷ
1262 3350 1474 3405 πολλῶν
1498 3351 1575 3424 νῷ
1611 3352 1701 3407 διὰ
1740 3353 1802 3407 τὺ
1827 3354 1954 3424 ἄδη-

367 3439 476 3505 λον,
521 3441 616 3494 καὶ
652 3441 755 3510 τῆς
792 3441 1142 3513 ἀνθρωπίνης
1171 3441 1548 3513 προαιρέσεως
1572 3446 1868 3511 εὐόλισθον,
1890 3445 1952 3498 οὐ

363 3533 472 3603 χρὴ
503 3533 825 3604 μακαρίζειν
845 3533 985 3597 τινὰ,
1010 3534 1137 3604 ἄχρι
1161 3535 1250 3589 διὰ
1275 3535 1457 3606 πάσης
1479 3537 1681 3607 ἀρετῆς
1707 3537 1952 3601 διελθὼν,

368 3626 750 3696 ἁναντιρῤήτῳ
773 3625 916 3679 τέλει
946 3625 1043 3698 τὴν
1073 3626 1220 3698 ζωὴν
1241 3627 1610 3682 κατακλείσει.
1628 3626 1770 3701 Πρὸς
1789 3629 1844 3682 δὲ
1859 3628 1954 3682 τὸν

371 3715 706 3786 ὑψηλότερον
735 3716 878 3783 νοῦν,
905 3718 935 3770 6
969 3717 1278 3788 ἀρξάμενος
1301 3718 1388 3772 διὰ
1409 3719 1510 3789 τῆς
1544 3720 1833 3788 μετανοίας
1862 3720 1956 3774 καὶ

368 3807 677 3876 ἀσκήσεως,
705 3807 764 3860 τὸ
793 3807 902 3872 ζῶν
924 3810 982 3861 ὲν
1005 3809 1154 3879 αύτῷ
1175 3810 1360 3880 γήϊνον
1387 3811 1642 3882 φρόνημα.
1666 3811 1955 3867 ταπεινοῦν

363 3900 462 3953 καὶ
500 3899 698 3969 ἀσθενῆ
729 3903 924 3964 ποιεῖν,
955 3899 1109 3955 οὔπω
1147 3902 1505 3975 μακαριστὸς,
1538 3903 1730 3974 μέχρις
1771 3903 1837 3958 ἂν
1867 3903 1956 3958 διὰ

362 3991 458 4045 τοῦ
486 3993 742 4045 συντόνου
784 3993 885 4062 τῆς
914 3993 1202 4063 ἀσκήσεως
1227 3995 1394 4049 πόνου
1421 3995 1670 4066 νεκρωθῇ
1701 3996 1794 4049 καὶ
1827 4013 1954 4049 συν-

363 4085 576 4138 τέλειαν
603 4083 764 4156 λάϐῃ.
805 4083 864 4138 '0
884 4084 992 4155 γὰρ
1019 4084 1258 4149 τοιοῦτος
1297 4086 1584 4158 μακάριος,
1608 4087 1684 4151 ὡς
1712 4087 1789 4158 τῷ
1816 4089 1954 4158 Χρι-

368 4174 478 4245 στῷ
503 4175 892 4229 συναποθανὼν
917 4175 1004 4229 διὰ
1035 4176 1134 4247 τῆς
1167 4176 1351 4230 κακῶν
1379 4177 1671 4247 ἀπραξίας.
1703 4179 1796 4231 καὶ
1832 4194 1957 4230 συν-

367 4266 726 4336 ανιστὰμενος
760 4264 919 4320 πάλιν
967 4266 1054 4319 διὰ
1088 4267 1147 4320 τὸ
1173 4266 1306 4337 ὕψος
1358 4267 1467 4321 τῶν
1511 4267 1743 4338 ἀρετῶν.
1785 4269 1956 4322 Τοῦτο

366 4358 474 4428 γὰρ
503 4359 597 4411 καὶ
643 4359 672 4410 6
707 4357 1014 4429 Ψαλμῳδὸς
1062 4358 1316 4428 σημαίνει
1347 4359 1540 4428 λέγων’
1578 4359 1871 4429 Μακάριοι
1901 4361 1956 4412 οἱ

367 4451 613 4519 ἄμωμοι,
638 4450 686 4502 οἱ
717 4448 950 4518 καθαροὶ
970 4448 1128 4520 δῆλον
1161 4451 1243 4502 ὅτι
1273 4452 1490 4514 κακίας·
1513 4453 1562 4504 οἱ
1598 4453 1954 4523 πορευόμενοι

2051 562 2229 634 Caput
2252 581 2406 632 vero,
2437 584 2594 623 mens
2623 579 2812 624 nostra
2842 579 2945 635 est,
2973 589 3135 642 quam
3169 573 3454 644 Scriptura
3479 576 3640 646 jubet

2051 672 2153 710 nos
2181 673 2408 729 ungere,
2438 661 2626 716 divina
2653 663 2867 718 scilicet
2895 665 3127 720 scicntia
3153 666 3432 723 illustrare
3463 678 3519 724 et
3544 686 3638 725 cx-

2053 748 2312 806 hilarare.

2647 866 2929 922 INTERR.
2966 866 3052 922 LI.

2127 953 2265 1018 Quid
2296 956 2393 1009 sibi
2419 956 2552 1022 vult,
2576 959 2715 1028 quod
2743 961 2819 1013 ita
2852 961 3048 1012 dictum
3083 967 3157 1012 est
3189 976 3206 1014 :
3253 980 3270 1011 ‹
3312 960 3640 1017 ϐοιιιίιιεείιαι

2055 1044 2123 1107 ei,
2151 1052 2206 1097 ut
2234 1045 2373 1099 mola
2399 1047 2636 1101 asinaria
2666 1050 3052 1120 appenderetur
3075 1049 3211 1103 collo
3241 1052 3374 1122 ejus,
3399 1062 3442 1104 et
3460 1055 3643 1122 jacta-

2055 1144 2202 1188 retur
2226 1138 2282 1190 in
2311 1155 2477 1204 mare,
2503 1156 2662 1210 quam
2690 1150 2746 1194 ut
2771 1139 3167 1195 scandalizaret
3196 1158 3359 1196 unum
3382 1159 3446 1196 ea:
3476 1143 3642 1213 pusil-

2058 1222 2120 1279 lis
2145 1224 2236 1279 5’?
2271 1245 2288 1277 ι

2771 1340 2926 1415 Resp.

2123 1427 2395 1485 Existimo
2422 1428 2653 1502 pusillos
2681 1436 2980 1504 appellare,
3010 1437 3104 1506 qui
3137 1443 3265 1492 sunt
3292 1437 3474 1491 animo
3503 1437 3640 1491 sim-

2053 1520 2246 1590 plices,
2270 1537 2334 1576 ac
2359 1538 2470 1592 prze
2501 1524 2700 1578 mentis
2726 1526 3025 1594 pusillitatc
3049 1526 3414 1581 Providentia:
3431 1527 3641 1596 judicia

2052 1629 2162 1668 non
2204 1615 2390 1669 valent
2432 1615 2773 1672 discernere.
2811 1618 2867 1672 Si
2917 1621 3041 1688 quis
3083 1635 3200 1682 eos,
3232 1621 3324 1689 qui
3369 1619 3639 1690 ejusmodi

2053 1713 2202 1770 sunt,
2226 1707 2702 1773 seandalizaverit,
2727 1709 2916 1764 utilius
2941 1718 3061 1764 erat
3085 1711 3160 1774 ei,
3187 1719 3246 1764 ut
3272 1711 3326 1765 in
3351 1711 3638 1782 gentilium

1983 1839 2025 1894 Β
2055 1799 2252 1854 castris
2282 1816 2522 1865 merens,
2551 1802 2705 1856 velut
2736 1803 2950 1866 asinus,
2981 1803 3036 1858 in
3073 1804 3390 1858 molendino
3425 1804 3640 1862 (mundi

2054 1895 2268 1950 scilicet
2295 1892 2472 1964 motu)
2502 1894 2867 1949 distineretur
2893 1903 2948 1948 et
2980 1896 3346 1966 projiceretur
3374 1897 3430 1949 in
3465 1912 3637 1958 mare,

2051 1984 2108 2038 in
2154 1983 2336 2040 saeculi
2385 1974 2647 2038 nimirum
2695 1983 3099 2037 confusionem.
3139 1983 3255 2038 lloc
3296 1999 3426 2037 vero
3473 1983 3639 2038 etiam

2052 2075 2344 2130 confirmat
2383 2075 2666 2144 apostolus
2705 2075 2936 2138 Petrus,
2971 2074 3103 2128 dum
3139 2073 3216 2127 ait
3253 2091 3265 2125 :
3303 2073 3489 2127 Melius
3525 2085 3640 2128 erat

2051 2184 2155 2220 non
2197 2182 2480 2237 agnoscere
2509 2167 2650 2220 viam
2674 2166 2921 2236 justitiw,
2951 2182 3112 2236 quam
3146 2173 3261 2236 post
3297 2167 3637 2235 agnitionem,

2053 2267 2345 2311 retrorsum
2374 2256 2606 2310 converti
2627 2256 2693 2312 ³³.

2631 2369 2916 2424 INTER“.
2953 2369 3065 2424 Lll.

2123 2461 2416 2534 Cujusnam
2447 2461 2620 2535 ﬁgura
2645 2472 2889 2517 sumatur
2910 2461 3143 2530 Cain,ac
3167 2464 3444 2535 cujusnam
3475 2464 3596 2519 Abel
3617 2465 3643 2520 .’

2775 2575 2933 2630 Rcsv.

2775 2593 2933 2646 ucsp.

2123 2666 2375 2720 Sumitur
2423 2665 2558 2722 Cain
2602 2675 2663 2720 ut
2707 2666 2980 2737 signiﬁcet
3025 2682 3208 2721 carnis
3258 2667 3637 2736 prudentiam;

2050 2755 2186 2811 Abel
2218 2767 2402 2812 autem
2431 2764 2493 2812 ut
2513 2756 2745 2822 luctum,
2775 2756 2830 2810 id
2857 2764 2963 2822 est,
2991 2756 3390 2826 pcenitentiam.

2613 2965 2896 3020 INTER“.
2936 2964 3074 3019 Llll.

2125 3057 2263 3124 Quid
2285 3059 2384 3115 sibi
2409 3058 2560 3113 vult:
2594 3076 2612 3110 ι
2641 3057 2720 3113 Ne
2746 3056 3128 3126 beatiﬁcaveris
3153 3058 3326 3112 virum
3351 3066 3472 3112 ante
3495 3074 3640 3113 mor-

2059 3160 2160 3207 tem
2192 3170 2346 3207 suam
2366 3152 2449 3205 5"?
2479 3170 2498 3203 ι

2774 3263 2933 3334 Resp.

2125 3357 2364 3412 Proclivi
2400 3356 2566 3411 etlam
2602 3354 2863 3426 vulgique
2901 3369 3098 3419 sensu,
3130 3352 3203 3408 ob
3246 3353 3520 3408 incertum
3560 3353 3641 3407 rei

2054 3453 2316 3503 eventum
2360 3446 2727 3514 humanasque
2776 3446 2942 3515 320
2984 3445 3286 3499 voluntatis
3332 3443 3638 3506 lubricum,

2056 3553 2218 3593 nemo
2242 3538 2439 3592 beatus
2465 3535 2849 3606 prmdicandus
2877 3543 2982 3601 est,
3002 3535 3180 3589 donec
3209 3535 3359 3589 omni
3385 3543 3642 3603 superata

2053 3628 2291 3692 virtute,
2325 3627 2464 3682 nihil
2499 3627 2670 3682 dubio
2709 3625 2815 3678 line
2849 3625 3018 3679 vitam
3053 3624 3334 3679 clauserit.
3363 3623 3640 3689 Quantum

2054 3733 2188 3775 vero
2215 3719 2282 3774 ad
2315 3719 2570 3774 altiorem
2602 3717 2971 3781 intellectum,
3001 3716 3095 3786 qui
3130 3731 3229 3785 per
3259 3715 3639 3785 pmnitentiam

2055 3828 2121 3868 ac
2140 3811 2363 3866 virtutis
2389 3811 2622 3876 cultum,
2641 3811 2913 3880 vigentem
2943 3810 2998 3863 in
3025 3825 3082 3863 se
3111 3818 3389 3862 terrenum
3417 3821 3640 3860 sensum

2056 3921 2121 3960 ac
2144 3903 2492 3974 prudentiain
2516 3903 2824 3974 deprimere
2845 3901 3014 3972 coepit
3035 3917 3099 3955 ac
3121 3909 3380 3967 atterere,
3405 3900 3640 3954 necdum

2057 3995 2456 4051 beatiﬁcandus
2485 4003 2590 4060 est,
2620 3994 2799 4048 donec
2834 4001 3094 4048 contenta
3128 3993 3332 4047 laboris
3369 3993 3639 4047 exercita-

2057 4087 2207 4140 tione
2241 4084 2625 4150 mortilicatus,
2659 4084 3193 4140 consummationem
3227 4090 3420 4137 nactus
3453 4083 3642 4137 fuerit.

2057 4177 2160 4244 Qui
2191 4177 2339 4232 enim
2369 4177 2642 4247 ejusmodi
2675 4185 2780 4241 est,
2807 4175 3003 4230 beatus
3030 4184 3135 4238 est,
3158 4174 3311 4228 velut
3334 4189 3458 4229 cum
3485 4174 3644 4228 Chri-

2057 4281 2144 4325 sto
2173 4278 2449 4329 mortuus,
2477 4269 2682 4323 indicta
2716 4285 2745 4322 a
2782 4267 2942 4321 malis
2971 4267 3308 4332 cessatione;
3342 4282 3644 4336 rursusque

2059 4378 2184 4419 cum
2219 4378 2308 4427 co,
2339 4362 2410 4416 ob
2438 4362 2708 4415 virtutum
2745 4359 3130 4414 celsitudinem
3164 4359 3480 4413 suscitatus.
3509 4359 3644 4412 Nam

2060 4455 2166 4509 hoc
2210 4453 2376 4508 etiam
2423 4452 2768 4506 Psalmorum
2818 4448 3136 4503 modulator
3182 4447 3484 4518 signiﬁcat,
3519 4461 3646 4500 cum

368 4543 424 4595 ιν
454 4543 604 4614 νόμῳ
627 4541 854 4614 Κυρίου·
886 4541 937 4596 οἱ
966 4541 1055 4596 διὰ
1083 4543 1192 4599 τῶν
1216 4543 1433 4614 ἀγαθῶν
1464 4545 1716 4615 πράξεων
1739 4547 1951 4600 ὁδεύον-

2053 4545 2130 4600 ait
2156 4563 2168 4598 :
2195 4544 2348 4598 Beati
2373 4541 2741 4606 immaculati;
2770 4540 2893 4610 puri
2924 4540 3134 4594 scilicet
3157 4556 3187 4593 a
3210 4539 3458 4609 nequitia
3481 4546 3646 4608 atque

368 4649 478 4698 τες.

980 4835 1174 4888 ΕΡΩΤ.
1225 4835 1350 4888 ΝΔ’.

445 4925 507 4980 Τί
531 4924 709 4994 δηλοῖ
734 4927 824 4994 τὸ,
855 4945 874 4979 ι
909 4927 1052 4981 Ἐὰν
1092 4925 1389 4981 διώκωσιν
1423 4925 1579 4996 ὑμᾶς
1606 4926 1674 4979 ἐκ
1700 4924 1810 4994 τῆς
1851 4927 1956 4979 πό-

371 5020 522 5084 λεως
545 5019 767 5086 ταύτης
809 5017 976 5091 [vulg.
1013 5019 1084 5072 ἐν
1109 5017 1185 5088 τῇ
1222 5021 1398 5074 πόλει
1430 5017 1663 5090 tanta],
1703 5018 1953 5088 φεύγετε

372 5111 459 5178 εἰς
488 5112 606 5181 τὴν
628 5112 829 5181 ἀλλην
851 5128 870 5176 ;
905 5132 922 5165 ι

2056 4635 2221 4700 vitio;
2250 4635 2338 4705 qui
2368 4633 2644 4688 ambulant
2672 4634 2725 4686 in
2753 4631 2862 4701 lege
2887 4629 3100 4684 Domini
3120 4631 3196 4697 5°;
3225 4630 3319 4700 qui
3350 4646 3450 4700 per
3472 4629 3648 4685 bonas

2057 4727 2302 4783 actiones
2327 4725 2435 4781 iter
2460 4723 2827 4780 contendunt.

2625 4836 2907 4892 INTERR.
2944 4836 3076 4890 LIV.
3121 4861 3126 4864 ·

2131 4932 2267 4999 Quid
2291 4933 2389 4986 sibi
2421 4929 2528 4986 vult
2561 4947 2577 4984 :
2613 4947 2630 4980 ι
2661 4927 2720 4983 Si
2745 4944 2834 4982 vos
2863 4926 3160 4997 {ugaverint
3191 4943 3252 4980 ea:
3284 4927 3492 4980 civitate
3518 4926 3643 4993 ista,

2060 5023 2223 5095 fugite
2248 5025 2301 5078 in
2331 5020 2498 5076 aliam
2518 5019 2603 5072 87‘?
2631 5037 2650 5071 ι

441 5253 489 5286 ⁸³
518 5253 652 5310 Luc.
681 5270 811 5318 xvu,
837 5254 891 5308 2.
969 5254 1016 5286 ⁵⁵
1048 5253 1093 5308 II
1127 5253 1273 5308 Petr.
1309 5269 1366 5319 ιι,
1409 5253 1500 5306 21.
1581 5253 1625 5284 ⁸⁵
1659 5251 1830 5306 Eccli.
1861 5267 1933 5316 χι,

2152 5249 2172 5280 ⁶
2205 5249 2346 5304 Psal.
2379 5263 2560 5313 cxvm,
2595 5247 2644 5299 l.
2723 5245 2767 5280 ⁸⁷
2805 5244 2999 5299 Matth.
3033 5259 3088 5309 x,
3123 5242 3215 5296 2'7.

443 5393 508 5464 (ἱ)
542 5395 604 5448 Ὀ
628 5395 795 5449 Κάιτν.
850 5396 1014 5451 Vocis
1046 5395 1202 5459 Cain,
1253 5409 1364 5449 non
1409 5394 1554 5448 aliud
1597 5393 1956 5464 quaerendum

371 5475 615 5547 etymum
645 5481 809 5547 quam
824 5466 979 5547 quod
1013 5468 1131 5536 ipsa
1148 5467 1259 5547 Eva
1292 5465 1622 5547 assignavit,
1647 5481 1714 5518 eo
1741 5464 1818 5517 illi
1854 5479 1950 5547 no-

373 5535 522 5590 mine
569 5536 768 5600 indito,
818 5536 956 5591 Gen.
1000 5535 1071 5601 ιν,
1111 5535 1260 5606 quod
1313 5535 1524 5591 scilicet
1571 5536 1754 5589 virum
1796 5543 1955 5606 nacta

373 5614 553 5671 esset;
587 5606 700 5660 lilio
735 5607 947 5661 scilicet
979 5603 1144 5662 aucta
1171 5607 1321 5660 velut
1364 5607 1745 5676 possessione;
1808 5603 1953 5676 quod

372 5677 669 5741 nihilJ‘acit
701 5677 769 5731 ad
794 5678 1147 5746 prudentiam
1173 5675 1390 5731 carnis:
1419 5692 1585 5745 quam
1638 5675 1811 5745 ipsam
1840 5675 1953 5746 illas

373 5749 558 5803 ximus
585 5747 770 5806 nanin
799 5749 919 5815 ejus
944 5749 1185 5812 nominis
1233 5757 1415 5818 etymo
1464 5746 1809 5818 spectaverit,
1859 5745 1953 5798 sed

375 5818 430 5872 in
470 5818 644 5890 ipsius
664 5818 920 5874 moribus
971 5831 1135 5888 atque
1163 5817 1368 5884 indole,
1410 5828 1463 5873 et
1518 5817 1666 5888 quod
1702 5817 1953 5881 fratrem,

2060 5394 2269 5462 justum
2296 5389 2519 5444 Abelem
2546 5386 2908 5462 oppresserit,
2933 5386 3012 5441 uti
3038 5384 3333 5462 prudentia
3357 5386 3536 5441 carnis
3550 5401 3648 5462 op:-

2057 5457 2247 5530 primit
2276 5473 2501 5514 sensum
2527 5458 2748 5511 mentis.
2771 5457 2924 5521 Abel,
2960 5457 3249 5530 vanitatem
3277 5466 3458 5530 sonat,
3487 5457 3643 5530 quasi

2063 5525 2178 5587 rem
2238 5531 2434 5593 nihili;
2486 5530 2643 5598 cujus
2709 5543 2906 5582 sensus
2963 5527 3198 5580 maxime
3244 5525 3310 5578 ad
3375 5525 3646 5598 pmniten-

2061 5604 2190 5655 [iam
2220 5598 2514 5662 conducit;
2547 5597 2694 5667 quod
2727 5614 2784 5652 se
2822 5599 3083 5651 nimirum
3142 5611 3270 5667 vere
3308 5597 3446 5667 Aquis
3477 5611 3645 5667 agno-

2060 5683 2194 5734 scat,
2258 5687 2321 5725 ac
2362 5670 2509 5740 quod
2557 5665 2885 5740 nihiliesl,
2941 5670 3054 5737 ipsa
3114 5665 3356 5740 hominis
3407 5666 3640 5740 ratione,

2059 5745 2327 5812 linigeque
2355 5734 2422 5796 c'o
2446 5739 2652 5810 aliquid
2682 5738 2886 5802 minus,
2914 5734 3220 5808 peccatoris
3250 5735 3417 5789 ascita
3445 5734 3639 5791 condi-

2062 5822 2235 5869 tione.
