4070 6390
508 281 610 358 827

1227 405 1383 476 Resp.

579 498 658 555 Ea
693 497 1089 555 struendarum
1124 499 1410 556 civitatum
1447 498 1588 554 ratio
1622 496 1859 569 finisque
1891 506 2009 564 est,
2038 503 2102 552 ut

510 606 633 661 quae
669 591 724 644 in
763 591 945 661 pretio
978 599 1142 658 sunt,
1171 606 1238 646 ac
1271 590 1447 661 pluris
1479 589 1855 654 aestimantur,
1887 594 2009 643 tuto
2044 587 2103 642 in

513 683 596 739 eis
646 699 957 754 securoque
1009 683 1270 755 prresidio
1324 692 1641 739 serventur.
1693 682 1874 739 Sensu
1932 681 2105 753 igitur

514 776 846 846 allegorico,
881 778 1080 833 civitas
1114 786 1230 843 est,
1265 793 1388 848 quae
1431 793 1501 834 ex
1538 777 1778 833 diversis
1819 775 2002 831 modis
2041 790 2106 832 ac

515 868 820 924 virtutibus
845 870 1100 942 religiosa
1132 870 1461 925 exercitatio
1490 885 1556 926 ac
1582 870 1771 926 cultus
1800 867 2103 934 conﬂatur;

518 960 830 1031 cujusmodi
871 970 975 1031 est,
1009 963 1375 1033 temperantia
1414 978 1445 1017 a
1482 963 1633 1028 vino,
1664 961 1997 1017 abstinentia
2036 960 2106 1016 ab

516 1054 680 1118 escis,
706 1054 763 1109 in
790 1054 982 1126 longas
1008 1056 1175 1111 horas
1200 1071 1267 1112 ac
1294 1063 1541 1127 tempora
1565 1062 1859 1127 protractae
1884 1053 2104 1126 vigiliae,

516 1146 747 1216 ejusque
779 1146 1010 1213 similia;
1044 1162 1166 1218 quas
1199 1154 1331 1202 sunt
1357 1146 1509 1201 velut
1542 1156 1696 1202 arces
1731 1161 1795 1201 ae
1827 1145 2105 1217 praesidia.

516 1235 691 1306 igitur
730 1237 776 1291 si
821 1238 891 1293 ab
938 1238 1138 1293 borum
1181 1238 1369 1310 aliquo
1416 1254 1518 1295 nos
1563 1237 1743 1310 fugari
1795 1238 2108 1293 dtemonum

516 1327 779 1383 violentia
843 1339 1105 1400 strueque
1167 1330 1498 1402 contigerit,
1551 1331 1648 1402 qui
1708 1330 1976 1386 nimirum
2041 1343 2110 1387 eo

518 1431 720 1487 genere
751 1418 995 1491 religiosi
1025 1421 1209 1476 cultus
1228 1420 1560 1493 arrogantiae
1586 1420 1790 1476 fastum
1819 1420 2112 1491 inanisQue

518 1510 707 1581 gloria:
747 1511 961 1590 fumum
999 1513 1358 1581 admoveant;
1404 1516 1657 1585 praestat,
1703 1512 1772 1569 ab
1818 1513 1952 1579 hac,
1984 1520 2113 1584 qua:

518 1602 764 1669 videtur,
797 1603 1167 1675 exquisitiore
1199 1602 1494 1675 disciplina
1528 1603 1988 1674 institutioneque
2025 1618 2113 1658 re—

520 1693 741 1759 cedere,
774 1709 845 1750 ne
892 1695 951 1749 in
995 1695 1318 1766 superbiam
1360 1695 1692 1762 incidamus,
1727 1696 1796 1751 ad
1839 1696 2113 1768 aliamque

1682 296 1746 356 S.
1789 295 2079 357 MAXIM!
2121 296 2264 357 (ΖοΝ
2274 296 2632 358 FESSORIS

2130 415 2177 471 Α

3686 297 3786 362 828

2886 408 3119 474 'A.‘to'xp.

2276 498 2342 552 Ai
2371 499 2554 564 πόλεις
2587 498 2683 552 ἐπὶ
2709 501 2953 571 φρουρᾶς
2983 502 3078 553 καὶ
3103 499 3401 569 ἀσφαλείας
3426 502 3519 554 καὶ
3549 500 3787 571 φυλακῆς

2203 595 2403 665 τιμίων
2437 595 2562 648 εἰσί.
2592 595 2755 659 Πόλις
2788 592 2880 651 οὖν
2913 598 3033 662 εστι
3063 596 3206 652 κατὰ
3225 597 3317 651 τὸν
3348 598 3446 668 τῆς
3468 596 3784 669 ἀλληγορίας

2202 687 2426 759 τρόπον,
2461 689 2493 758 ἠ
2520 689 2581 741 ὲκ
2604 687 2878 759 διαφόρων
2902 688 3120 760 τρόπων
3146 690 3507 761 ἐπινοουμένη
3541 691 3785 761 ἄσκησις·

2205 775 2339 843 οἷον,
2366 781 2664 851 ἐγκράτεια
2684 784 2848 847 οῐνου,
2876 782 3183 854 βρωμάτων
3204 782 3403 854 ἀποχὴ,
3432 780 3786 857 ἐπιτεταμένη

2207 872 2506 944 ἀγρυπνία,
2542 868 2641 928 καὶ
2670 873 2740 928 τὰ
2773 875 3017 942 τοιαῦτα,
3073 868 3233 930 ἀτινά
3285 877 3393 929 εἱσι
3443 874 3658 946 φρουρά
3704 876 3791 929 καὶ

2207 966 2500 1035 ἀσφάλεια.
2550 967 2676 1020 Ἐἀν
2700 961 2793 1021 οὖν
2822 966 3091 1021 διώκωσιν
3121 967 3270 1039 ἡμᾶς
3311 969 3362 1021 οἱ
3390 967 3665 1039 δαίμονες,
3695 967 3793 1021 ἀπὸ

2210 1059 2326 1125 ὲνδς
2359 1059 2585 1124 τούτων,
2615 1058 2784 1129 τύφον
2810 1054 2844 1130 ἢ
2870 1058 3177 1125 κενοδοξίαν
3202 1059 3290 1113 διὰ
3318 1057 3411 1113 τοῦ
3436 1058 3679 1112 τοιούτου
3704 1058 3794 1129 τῆς

2211 1154 2497 1223 ἀσκήσεως
2522 1151 2695 1215 εἴδους
2718 1151 3106 1222 προσάγοντες,
3135 1150 3383 1222 κρεῖττόν
3415 1153 3563 1205 ἐστιν
3589 1151 3796 1222 ὑποχω-

2212 1246 2327 1316 ρεῖν
2356 1247 2457 1315 τῆς
2484 1244 2741 1315 τοιαύτης
2771 1243 3036 1315 δοκούσης
3072 1236 3215 1296 εἶναι
3243 1241 3641 1315 ἀκριϐεστέρας
3666 1242 3800 1312 ἀγω-

2211 1337 2336 1408 γῆς,
2361 1338 2450 1392 ἵνα
2475 1338 2549 1409 μή
2580 1340 2659 1403 εἱς
2691 1337 3074 1409 ὑπερηφανίαν
3104 1335 3456 1408 ἐμπέσωμεν,
3491 1335 3588 1389 καὶ
3614 1336 3798 1404 φυγεῖν

2213 1431 2293 1495 εἰς
2332 1428 2497 1501 ἄλλην
2536 1428 2852 1497 ἀκενόδοξον
2883 1428 3109 1501 ἀρετὴν,
3145 1427 3340 1499 μέχρις
3369 1427 3435 1481 ἂν
3471 1429 3500 1481 ὁ
3534 1426 3633 1496 τῆς
3665 1427 3800 1480 ἀπα-

2214 1514 2366 1585 θείας
2400 1520 2528 1593 ἔλθῃ
2562 1521 2740 1591 λόγος.
2783 1521 2855 1575 Ἦ
2896 1522 2989 1574 καὶ
3038 1519 3235 1584 ἄλλως,
3273 1518 3461 1583 πόλεις
3513 1517 3658 1586 λέγει
3707 1519 3800 1578 τὰς
3862 1571 3867 1575 .

2217 1613 2565 1683 ἀνθρωπίνας
2598 1608 2798 1685 ψυχάς.
2841 1612 2968 1667 Ἐπὶ
3016 1613 3125 1685 γάρ
3174 1612 3376 1676 ταύτας
3418 1611 3467 1665 οἱ
3519 1610 3799 1665 ἀπόστολοι

2219 1706 2371 1778 παρά
2399 1706 2493 1760 τοῦ
2518 1705 2770 1779 Σωτῆρος
2795 1705 3163 1777 πεμπόμενοι,
3189 1703 3297 1758 ἀπὸ
3324 1703 3420 1774 μὲν
3442 1701 3551 1755 τῶν
3575 1700 3801 1767 ἀναξῐων

523 1783 783 1839 virtutem
817 1799 882 1841 ca
918 1784 1141 1841 interim
1175 1785 1302 1841 labe
1334 1793 1648 1852 carentem,
1683 1784 1905 1857 fugere,
1938 1785 2118 1842 donec

2232 1776 2450 1861 ἑαύτοὺς
2503 1776 2799 1871 κρινόντων
2835 1776 3219 1861 ἀπελαθέντες,
3255 1797 3335 1859 εἰς
3377 1791 3580 1866 ἐτέρων
3630 1792 3803 1863 ψυχὰς

521 1876 1040 1948 imperturbationis
1062 1894 1249 1936 sermo
1270 1879 1589 1936 accesserit.
1615 1878 1712 1937 Vel
1737 1879 1906 1935 etiam
1929 1878 2113 1945 aliter,

521 1969 777 2026 civitates
798 1979 961 2028 vocat
986 1971 1278 2028 hominum
1304 1972 1538 2028 animas.
1560 1971 1643 2027 Ad
1666 1972 1768 2028 bas
1789 1972 1938 2028 enim
1963 1972 2118 2028 missi

513 2066 557 2116 τι
603 2060 889 2120 Salvatore
934 2063 1229 2136 discipuli,
1266 2064 1335 2121 ab
1382 2063 1563 2137 iisque
1609 2065 1705 2137 qui
1753 2082 1813 2123 se
1863 2065 2121 2139 indignos

520 2154 841 2225 iudicarent
873 2158 1123 2229 expulsi,
1151 2157 1221 2214 ad
1263 2159 1501 2214 aliorum
1539 2167 1833 2217 transeunt
1868 2162 2113 2226 animas,

513 2258 722 2302 eorum
752 2248 967 2305 scilicet
987 2249 1257 2305 doctrina:
1288 2250 1657 2321 suscipiendae
1686 2250 1859 2307 factas
1887 2264 2118 2322 capaces

524 2337 718 2410 illique
746 2350 1115 2412 comparatas.
1144 2342 1415 2414 Talesque
1444 2344 1586 2399 adeo
1616 2344 1870 2401 civitates
1896 2345 2120 2402 lsraelis

2225 1880 2642 1961 μετοικίζονται,
2675 1889 2932 1954 δεκτικὰς
2952 1890 3052 1960 τῆς
3080 1887 3259 1944 αὐτῶν
3281 1877 3633 1948 διδασκαλῖας
3655 1900 3807 1954 γεγε-

2223 1981 2481 2052 νημένας·
2509 1982 2603 2036 καὶ
2632 1980 2733 2045 τάς
2765 1980 3022 2045 τοιαύτας
3048 1980 3233 2045 πόλεις
3262 1979 3357 2033 τοῦ
3392 1976 3623 2049 Ἰσραὴλ,
3647 1976 3707 2029 οὐ
3735 1974 3805 2046 μὴ

2222 2073 2518 2129 τελέσωσιν
2570 2073 2786 2143 ἀληθῶς
2828 2073 3188 2145 ἐνδημοῦντες
3223 2073 3434 2134 αὐταῖς
3468 2068 3563 2122 καλ⁵
3602 2065 3675 2137 πῆ
3712 2066 3807 2136 μὲν

2222 2166 2663 2238 εἰσοικιζόμενοι·
2692 2168 2766 2239 πῆ
2798 2160 2878 2233 δὲ,
2910 2169 3004 2221 ἀπ’
3028 2165 3208 2220 αὐτῶν
3238 2163 3580 2233 διωκόμενοι,
3604 2158 3709 2221 ἕως
3746 2156 3809 2210 ἂν

2223 2259 2356 2334 ἔλθῃ
2391 2262 2419 2315 ό
2451 2261 2578 2325 Υἱὸς
2621 2259 2717 2314 τοῦ
2769 2260 3059 2332 ἀνθρώπου
3101 2258 3244 2312 κατὰ
3270 2257 3371 2328 τὴν
3398 2251 3609 2319 ἔνδοξον
3648 2246 3809 2305 αὑτοῦ

2227 2352 2533 2425 παρουσίαν
2567 2353 2636 2407 τὰ
2664 2353 2845 2408 πάντα
2871 2352 2978 2420 πλη
2989 2350 3118 2422 ρῶν.

525 2444 639 2487 non
687 2435 1161 2501 consutnmarint,
1198 2451 1330 2492 vere
1375 2436 1444 2491 ad
1491 2437 1612 2491 illas
1647 2437 1970 2506 venientes,
2005 2441 2318 2515 partimque
2356 2446 2415 2501 in
2458 2445 2568 2502 illis
2606 2446 2851 2517 recepti,
2886 2443 3203 2516 partimque
3250 2440 3459 2513 repulsi
3498 2453 3568 2494 ac
3608 2436 3810 2508 fugati,

528 2524 708 2584 donec
740 2526 917 2584 Filius
957 2526 1199 2584 hominis
1233 2527 1473 2595 venerit,
1507 2538 1707 2585 cuncta
1741 2528 1984 2601 glorioso
2020 2546 2121 2586 suo
2152 2533 2394 2631 adventu
2420 2537 2757 2609 adimplens.
3668 2556 3671 2557 '

989 2638 1149 2714 321
1190 2642 1474 2699 INTERB.
1516 2640 1627 2699 Lv.

513 2798 523 2806 .
604 2729 879 2799 Quomodo
908 2733 1094 2798 etiam,
1139 2752 1159 2785 ι
1193 2732 1557 2787 Misericordia
1578 2731 1637 2786 in
1660 2733 1896 2804 pondera
1921 2735 1988 2803 ⁸⁸,
2018 2754 2038 2787 ι
2073 2742 2130 2791 ut

524 2833 721 2881 auctor
734 2833 813 2881 est
847 2834 1065 2881 sanctus
1096 2818 1314 2881 Isaias?
1340 2827 1448 2882 Nec
1474 2820 1615 2882 enim
1645 2837 1721 2881 est
1749 2828 1964 2893 bonum,
1991 2830 2133 2901 quod

2851 2644 3050 2706 ΕΡΩΤ.
3080 2649 3208 2705 NE’.

2308 2742 2441 2812 Πῶς
2475 2743 2598 2809 καὶ,
2635 2743 2739 2799 «Ἡ
2763 2743 3145 2813 ἐλεημοσύνη
3178 2745 3265 2810 εὶς
3300 2741 3626 2811 σταθμοὺς,
3665 2740 3812 2794 κατὰ

2235 2833 2347 2889 τὸν
2367 2835 2825 2904 ἅγιον⁹11σαΐαν;
2853 2854 2870 2886 ι
2899 2834 3053 2887 Οὐδὲ
3081 2832 3192 2902 γάρ
3214 2850 3269 2887 τι
3301 2832 3528 2903 ἀγαθόν
3556 2829 3815 2900 ἄκριτον,

525 2908 720 2989 iudicii
758 2919 895 2975 libra
938 2927 1144 2988 careat,
1179 2937 1489 2992 quanquam
1526 2922 1787 2992 vperarii:
1821 2923 1881 2977 in
1918 2924 2127 2979 vineam

2237 2929 2289 2982 si
2320 2926 2438 2982 κᾶν
2458 2927 2528 2983 ἐν
2552 2926 2682 2995 τοῖς
2708 2926 2791 2993 τῷ
2815 2924 3125 2998 ἀμπελῶνι
3161 2922 3397 2991 ἔδοξεν.

522 3007 808 3064 iconductis
841 3010 920 3065 ita
949 3011 1121 3065 visum
1150 3018 1230 3065 est
1256 3011 1326 3065 ⁵⁸.

586 3190 596 3199 η
1250 3112 1407 3194 Resp.

606 3208 671 3267 'Si
696 3211 794 3267 Dei
819 3211 934 3283 ipsa
958 3213 1345 3271 misericordia
1372 3216 1724 3287 appenditur,
1750 3218 1943 3290 utique
1968 3218 2137 3275 etiam

531 3302 743 3359 'merito
791 3305 1303 3362 circumscribitur?
1349 3308 1544 3366 Potius
1590 3310 1781 3383 itaque
1820 3312 1902 3368 sic
1940 3312 2138 3367 existi-

533 3393 807 3449 mandum
839 3414 855 3450 :
890 3397 1183 3465 nimirum,
1218 3400 1367 3456 sicut
1392 3401 1642 3470 videndi,
1678 3404 1965 3470 audiendi,
2001 3404 2141 3460 olfa-

528 3486 727 3543 ‘ciendi
756 3487 1016 3546 facultate
1040 3492 1257 3562 przediti
1284 3509 1500 3561 sumus,
1528 3512 1633 3553 nec
1658 3505 1841 3555 tamen
1866 3498 2140 3570 quidquid

532 3579 692 3635 aeris
734 3588 842 3645 est,
885 3590 983 3637 aut
1024 3583 1187 3650 lucis,
1221 3595 1318 3642 aut
1360 3587 1516 3643 vocis
1555 3589 1892 3659 recipimus;
1931 3589 2140 3660 alioqui

530 3669 692 3740 'quod
725 3670 820 3725 alii
853 3673 1231 3743 perciperent,
1276 3684 1514 3732 restaret
1552 3678 1723 3745 nihil;
1758 3678 1853 3734 sed
1890 3693 1991 3749 pro
2022 3687 2140 3734 rata

534 3761 803 3833 quisque,
843 3781 952 3835 qua
1012 3767 1277 3837 prazditus
1321 3778 1426 3836 est,
1474 3769 1757 3837 facultate,
1792 3771 1876 3828 sic
1917 3770 2143 3829 demum

538 3855 808 3925 percipit.
845 3856 939 3912 Sic
966 3873 1188 3930 quoque
1228 3860 1326 3915 Dei
1372 3861 1783 3930 misericordia,
1816 3878 1920 3935 pro
1951 3865 2142 3936 cujus-

534 3956 658 4016 tque
693 3948 1074 4020 subjectorum
1109 3952 1345 4009 affectus
1371 3954 1587 4011 ratione
1616 3965 1669 4011 et
1700 3956 1988 4027 qualitate,
2017 3972 2144 4013 cum

539 4041 938 4098 remissionem
970 4052 1087 4099 tum
1117 4044 1348 4116 gratiam
1380 4046 1598 4102 tribuit.
1643 4047 1714 4105 Ut
1752 4047 1859 4103 sub
1891 4050 2147 4120 eXemplo

540 4126 770 4205 ioquar,
800 4135 896 4205 qui
944 4135 1174 4193 iunctus
1210 4138 1456 4207 perfecte
1496 4139 1827 4209 pmnitentia
1860 4148 1970 4209 est,
2007 4142 2054 4197 is
2089 4152 2148 4197 et

544 4226 938 4282 remissionem
976 4228 1225 4298 perfecte
1252 4238 1593 4287 consecutus
1626 4240 1744 4298 est;
1784 4248 1850 4290 ac
1887 4233 2147 4289 similiter

540 4316 719 4371 etiam
751 4316 822 4371 de
848 4331 918 4372 eo
946 4318 1043 4388 qui
1070 4318 1287 4391 diligits

1122 4430 1405 4487 INTERR.
1449 4432 1583 4489 LVI.
2087 4504 2093 4510 η

622 4518 764 4586 Quid
795 4521 892 4576 sibi
922 4521 1034 4576 vult
1068 4523 1209 4593 quod
1241 4525 1296 4578 in
1332 4522 1507 4579 Eadm
1536 4525 1730 4579 dicitur
1762 4543 1780 4581 :
1821 4545 1839 4578 ι
1871 4518 2031 4583 Terre
2058 4540 2144 4583 εσε

545 4614 609 4671 '4'»
638 4614 751 4688 lege
783 4616 994 4672 Domini
1017 4618 1062 4650 °°
1091 4617 1116 4671 ?

1273 4731 1422 4803 Resp.

626 4815 766 4881 Illud
792 4826 936 4880 ἰείη-ε
960 4825 1172 4881 dictum
1205 4832 1310 4888 est,
1338 4840 1439 4895 pro
1471 4840 1539 4881 eo
1572 4840 1637 4880 ac
1665 4825 1857 4881 dicat:
1889 4822 2147 4882 Tcrrori-

553 4918 664 4975 bus
713 4920 769 4974 in
816 4929 1102 4990 stuporem
1151 4916 1437 4984 adducito,
1476 4934 1683 4989 eosque
1724 4920 1991 4989 percelle,
2038 4936 2149 4975 non

554 5010 704 5066 bona
746 5011 1146 5080 promittendo,
1185 5010 1282 5065 sed
1322 5011 1714 5066 comminando
1750 5011 2055 5068 tremenda.
2086 5012 2149 5067 id

550 5102 710 5157 enim
742 5102 943 5159 servile
975 5116 1152 5173 exque
1172 5093 1498 5159 Judaeorum
1527 5103 1733 5159 indole.

2170 4300 2220 4354 Β

2919 3122 2969 3177 Ἀ
2977 3122 3149 3191 πόκρ.

2309 3206 2440 3269 Ἐὰν
2464 3214 2595 3269 σταο
2604 3212 2815 3285 μιζεται
2838 3215 2868 3284 ἡ
2894 3212 3232 3283 ἐλεημοσύνη
3257 3213 3352 3266 τοῦ
3374 3211 3532 3279 Θεοῦ,
3560 3213 3651 3266 καὶ
3673 3229 3738 3265 πε
3748 3228 3824 3284 ρι-

2240 3308 2513 3381 γράφεται
2550 3306 2637 3379 (j),
2683 3308 2930 3371 εἰκότως.
2974 3306 3191 3361 Μᾶλλον
3231 3301 3325 3360 οὖν
3356 3304 3515 3359 τοῦτο
3556 3304 3663 3377 χρὴ
3695 3307 3823 3358 ὑπο-

2240 3401 2565 3472 λαμβάνειν,
2595 3400 2677 3454 ὅτι
2711 3398 2901 3470 ὥσπερ
2934 3397 3130 3470 ἔχομεν
3170 3397 3402 3468 δύναμιν
3451 3397 3685 3467 ὀπτικὴν
3732 3394 3826 3450 καὶ

2242 3493 2578 3565 ἀκονστικὴν
2608 3493 2704 3548 καὶ
2734 3491 3196 3561 ἀναπνευστικὴν,
3218 3492 3317 3563 οὐχ
3354 3491 3475 3546 ὅλον
3517 3489 3829 3561 εἰσδεχομέι

2243 3602 2342 3652 νας
2368 3586 2462 3641 τὸν
2495 3585 2653 3659 ἀέρα,
2692 3584 2731 3655 ἦ
2752 3584 2814 3639 τὸ
2838 3584 2976 3655 φῶς,
3004 3583 3037 3655 ἢ
3080 3585 3180 3655 τὴν
3213 3584 3423 3655 φωνὴν.
3457 3584 3580 3637 ἐπεὶ
3622 3583 3724 3636 οὐκ
3765 3581 3830 3636 ἂν

2244 3679 2395 3751 ἄλλῳ
2422 3678 2725 3749 ὑπελείφθη
2754 3679 2787 3749 ἠ
2819 3679 2884 3731 ἐκ
2907 3676 3114 3731 τούτων
3140 3677 3366 3748 μετοχὴ,
3395 3676 3532 3730 ἀλλά
3556 3673 3702 3729 κατά
3730 3674 3830 3742 τὴν

2247 3773 2527 3842 ἀναλόγως
2561 3769 2875 3842 προσοῦσαν
2899 3769 3127 3839 δύναμιν
3159 3764 3375 3839 ἑκάστῳ
3407 3767 3647 3839 μετέχειο
3689 3765 3832 3822 οὕτω

2247 3872 2342 3924 κατ⁵
2381 3869 2416 3940 ἡ
2463 3866 2560 3921 τοῦ
2603 3856 2743 3920 Θεοῦ
2773 3862 3114 3935 ἐλεημοσύνη
3157 3862 3298 3917 κατά
3329 3860 3431 3933 τὴν
3462 3858 3694 3916 ἑκάστου
3725 3861 3834 3914 τῶν

2248 3958 2626 4030 ὑποκειμένων
2668 3956 2961 4012 διαθέσεων
3021 3954 3303 4027 ποιότητα,
3348 3955 3441 4008 καὶ
3500 3954 3601 4025 τὴν
3637 3955 3834 4022 ἄφεσιν

2249 4048 2343 4104 καὶ
2405 4047 2509 4118 τὴν
2567 4046 2727 4119 χάριν
2784 4044 3019 4099 δίδωσιν.
3083 4038 3229 4110 Οἷον,
3270 4043 3493 4108 τελείως
3553 4061 3637 4107 τις
3706 4060 3836 4115 μετ-

2249 4142 2461 4212 ενόησε’
2512 4137 2736 4202 τελείως
2775 4139 2871 4191 καὶ
2915 4136 3153 4207 dictetur
3183 4136 3448 4201 ὡσαύτως
3475 4136 3569 4190 καὶ
3600 4136 3701 4189 ἐπὶ
3736 4128 3835 4188 τοῦ

2248 4232 2596 4304 ἀγαπῶντος.

2854 4424 3056 4487 ΕΡΩΤ.
3092 4431 3239 4487 NG".

2854 4432 3056 4487 ΕΡΩΤ.
3092 4432 3142 4485 Ν
3202 4438 3239 4487 ’.

2318 4528 2389 4588 τι
2412 4530 2544 4585 ἐστι
2572 4526 2640 4582 τὸ
2668 4525 2739 4581 ἐν
2778 4523 2861 4592 τῷ
2892 4523 3117 4593 Ἐσδρςι
3143 4432 3493 4595 imitarer,
3541 4538 3561 4576 ι
3597 4522 3838 4592 Φοσέρι-

2249 4638 2369 4678 σον
2389 4617 2616 4686 αὐτοὺς
2644 4617 2715 4673 ἐν
2748 4616 2912 4686 νόμῳ
2934 4615 3154 4685 Κυρίου
3176 4633 3226 4682 ;ι

2931 4730 3164 4799 Ἆπόκρ.

2319 4826 2393 4883 Τὸ
2422 4828 2746 4900 φοϐέρισον
2792 4825 3025 4896 εἴρηται,
3056 4822 3177 4877 ἀντὶ
3210 4820 3327 4888 τοῦ,
3359 4821 3723 4893 Κατάπληξον
3745 4822 3848 4876 αὖ·

2247 4922 2395 4986 τούςο
2424 4923 2523 4976 οὐκ
2548 4922 2612 4974 ἐκ
2641 4918 2750 4973 τῶν
2775 4915 3203 4987 ἐπηγγελμένων
3231 4915 3472 4984 ἀγαθῶν,
3502 4915 3698 4968 ἀλλ’ὲκ
3730 4913 3848 4965 τῶν

2249 5013 2630 5084 ἠπειλημένων
2652 5009 2918 5085 φοϐερῶν.
2949 5009 3203 5065 Δουλικδν
3232 5008 3343 5082 γὰρ
3369 5008 3548 5073 τοῦτο,
3580 5007 3676 5062 καὶ
3715 5007 3852 5060 ἰου-

2252 5092 2422 5168 δσίοις
2451 5101 2728 5175 ἁρμόδιον.

632 5260 808 5319 “13a.
833 5274 1019 5327 xxvm,
1051 5263 1138 5319 17.
1215 5261 1261 5296 ⁸⁸
1300 5262 1492 5319 Matth.
1522 5272 1615 5328 xx,
1646 5261 1734 5318 ii.
1813 5264 1857 5297 ⁸ο
1883 5256 1905 5319 1
1935 5260 2097 5318 Esdr.
2124 5275 2221 5329 vn,
2246 5256 2332 5318 ﬂ.

637 5395 815 5468 (j)_Kai
840 5395 1278 5468 περιγράφεται.
1305 5394 1473 5468 Quasi
1492 5394 1645 5468 certis
1670 5394 1909 5468 terminis
1925 5391 2144 5468 ﬁnitur;

604 5464 715 5523 uod
749 5467 905 5530 quasi
941 5464 1338 5523 inconveniens
1363 5465 1569 5521 habere
1597 5465 1817 5519 videtur
1842 5464 2144 5530 Maximus;

590 5534 712 5593 orte
741 5534 813 5591 ob
839 5536 957 5592 loca
1013 5536 1331 5607 Scriptum,
1361 5537 1566 5607 quibus
1592 5535 1715 5604 ejus
1757 5534 2018 5607 quaedam
2040 5534 2148 5587 int-

569 5606 856 5669 mensitas,
886 5621 1107 5661 omnem
1137 5603 1435 5660 humerum
1477 5603 1727 5668 vincens,
1779 5603 2141 5658 describitur.

568 5675 811 5744 Exponit
867 5677 1056 5745 itaque
1105 5675 1490 5731 circumscribi
1541 5674 1638 5729 Dei
1685 5673 2144 5745 misericordiam,

572 5743 745 5816 penes
772 5743 1367 5815 eorum—capacitatem,
1392 5746 1487 5817 qui
1511 5745 1660 5801 illius
1691 5743 1922 5800 effectus
1970 5745 2146 5799 susci-

2248 5392 2417 5475 piunt
2429 5410 2464 5475 ’ξ
2502 5407 2604 5475 pro
2632 5378 2882 5475 quorum.
2912 5390 3125 5473 ratione
3146 5399 3275 5475 sunt
3302 5391 3392 5446 illa
3425 5389 3544 5475 eius
3568 5387 3849 5475 pondera,

2254 5459 2403 5534 quod
2428 5459 2524 5518 Dei
2544 5459 2686 5518 dona
2717 5479 2827 5517 non
2852 5460 3053 5533 ἀκριτα
3083 5463 3224 5534 sint;
3252 5478 3375 5532 quae
3405 5459 3619 5534 scilicet
3658 5459 3787 5534 ipse
3820 5472 3854 5510 ιι

2253 5528 2314 5588 se
2342 5543 2550 5589 temere
2572 5534 2831 5603 nullaque
2860 5528 3009 5604 justa
3033 5528 3246 5587 ratione
3270 5528 3618 5604 'mortalibus
3647 5528 3857 5604 cenfe-

2254 5613 2359 5675 rat,
2389 5620 2498 5659 non
2523 5620 2622 5674 pro
2653 5600 2921 5674 cujusque
2952 5604 3256 5675 (praeeunte
3287 5602 3487 5675 gratia)
3515 5600 3706 5672 operis
3728 5612 3859 5653 mc-

2254 5674 2362 5729 rito
2394 5691 2458 5730 ac
2488 5675 2896 5746 cooperatione.
