4070 6458
482 387 585 452 821

1647 394 1707 454 S.
1748 394 2035 455 ΜΛΧΙΜΙ
2054 449 2058 454 .
2075 392 2581 460 CONFESSORlS

3627 399 3727 463 δεῖ

434 492 445 502 ’
481 498 629 554 dicio
661 497 810 551 velut
840 512 870 552 e
895 497 1059 565 libra,
1084 498 1287 557 viatica
1310 515 1376 556 ac
1402 499 1724 571 imperfecta
1750 503 1881 559 boni
1909 504 2060 575 cogi-

2173 506 2444 576 μήματος,
2478 506 2558 579 τῷ
2593 507 2805 580 μονίμῳ
2826 508 2920 563 καὶ
2943 508 3335 581 ἀπηρτισμένη)
3364 508 3715 586 ἐνθυμήματι,

484 589 710 652 tatione,
737 603 860 643 cum
887 603 951 663 ea
984 605 1106 661 quae
1145 606 1376 648 manens
1396 609 1461 649 ac
1482 592 1723 664 perfecta
1754 602 1860 657 est,
1893 595 2059 665 hujus

481 686 668 748 partes
709 678 952 747 potiores
987 693 1137 745 esse;
1186 681 1391 751 quippe
1436 695 1562 736 cum
1610 680 1783 733 altera
1830 690 2062 736 vexetur

482 768 772 835 examine,
824 769 998 825 altera
1047 769 1157 827 diei
1206 770 1332 827 festi
1380 778 1546 842 atque
1595 769 1780 842 gaudii
1832 773 2062 829 exsistat

484 873 671 914 causa.

1037 971 1321 1028 INTERR.
1359 971 1497 1029 LIX.

556 1061 686 1126 Quae
712 1061 780 1115 sit
808 1076 933 1115 uera
963 1062 1099 1115 ratio
1123 1062 1348 1117 nominis
1375 1063 1792 1137 γαστριμαργία
1822 1065 1848 1119 2

1188 1173 1342 1246 Resp.

555 1264 728 1319 Nemo
763 1271 849 1319 est
884 1279 989 1321 nec
1027 1267 1509 1337 grammaticorum
1542 1283 1722 1340 neque
1755 1281 2058 1337 oratorum,

487 1359 581 1428 qui
633 1358 948 1413 meminerit
989 1374 1003 1413 :
1040 1358 1368 1414 Aristoteles
1412 1367 1615 1426 tamen,
1654 1361 1712 1416 in
1757 1360 1852 1416 illo
1894 1376 2061 1432 opere

486 1450 633 1520 quod
687 1450 910 1520 scripsit
956 1451 1033 1506 De
1081 1451 1435 1520 animalibus,
1477 1452 1763 1524 cujusdam
1805 1453 2060 1511 animalis

485 1543 760 1607 meminit,
787 1558 952 1613 quem
981 1553 1184 1599 vocant
1205 1560 1469 1615 margum,
1492 1546 1846 1617 nasciturque
1871 1560 1937 1601 ex
1963 1560 2065 1616 pu-

487 1634 723 1699 tredine,
744 1634 923 1689 media
949 1634 1362 1705 intercapedine
1382 1635 1527 1692 inter
1543 1645 1745 1693 terram
1765 1646 1821 1693 et
1840 1653 2058 1709 aquam.

485 1725 567 1779 Ex
603 1742 714 1795 quo
760 1735 944 1781 autem
977 1736 1168 1781 natum
1200 1736 1308 1793 est,
1345 1744 1457 1783 non
1491 1739 1670 1786 cessat
1712 1737 1919 1786 terram
1962 1745 2061 1786 ex-

2161 596 2224 652 τδ
2251 597 2413 654 πλέον
2438 598 2571 670 ἔχει·
2603 599 2663 654 τὸ
2687 601 2784 671 μέν
2815 600 2943 672 γὰρ,
2978 600 3311 669 ἐξετάζεται·
3342 601 3404 655 τδ
3433 600 3514 672 δὲ,
3539 603 3720 675 ἑορτῆς

2164 688 2261 743 καὶ
2291 691 2467 762 χαρᾶς
2491 691 2705 760 γίνεται
2733 690 3016 765 πρόξενον.

2767 967 2963 1024 ΕΡΩΤ.
2996 968 3123 1024 Νῦν.

2239 1063 2305 1119 Τί
2332 1062 2778 1134 inmoderatam
2805 1062 3241 1136 γαστριμαργίας

2530 1218 2533 1219 ν
2832 1180 3065 1249 Ἀπόκρ.

2234 1270 2423 1336 Οὐδεὶς
2437 1269 2563 1325 οὔτε
2584 1268 2984 1342 γραμματικῶν
3000 1268 3121 1322 οὕτε
3140 1269 3382 1340 ρητόρων
3401 1270 3537 1340 ἐμνη
3547 1269 3730 1339 p.de-

2165 1379 2277 1418 σεν.
2295 1361 2669 1433 Ἀριστοτέλης
2687 1360 2742 1414 δὲ
2763 1361 2821 1412 ἐν
2840 1357 2918 1429 τῷ
2944 1358 3080 1430 Περὶ¹
3100 1358 3252 1422 ζώων
3277 1359 3546 1430 μέμνηται
3569 1358 3726 1424 ζώου,

2166 1453 2378 1527 μαργοῦ
2424 1452 2716 1523 λεγομένου
2745 1452 2863 1523 (m),
2894 1451 3032 1522 ὅπερ
3068 1452 3322 1519 γεννᾶται
3358 1451 3465 1504 ἀπὸ
3496 1452 3727 1521 σήψεως,

2166 1544 2368 1618 μεταξὺ
2390 1544 2488 1616 τῆς
2506 1544 2606 1614 γῆς
2628 1545 2724 1597 καὶ
2744 1540 2838 1595 τοῦ
2857 1540 3064 1605 ὓδατος.
3086 1542 3197 1594 Kal
3214 1541 3304 1609 ἀφ’
3322 1532 3382 1593 οὗ
3400 1540 3653 1612 γεννηθῇ,
3671 1540 3728 1593 οὐ

2164 1637 2397 1692 παύεται
2421 1634 2749 1706 γηῖφαγοῦν,
2772 1633 2878 1696 ἕως
2900 1632 3249 1703 ἐκτρυπῆσαν
3270 1631 3367 1699 τήν
3384 1630 3509 1701 γῆν,
3535 1634 3614 1694 εἰς
3635 1632 3729 1701 τήν

2165 1727 2485 1797 ἐπιφάνειαν
2506 1725 2655 1797 ἐλθγγ
2679 1724 2773 1779 καὶ
2791 1722 2964 1788 ἐλθὸν,
2983 1723 3207 1793 θνήσκει
3228 1723 3373 1791 τρεῖς
3391 1720 3497 1792 ήμέ
3504 1737 3622 1792 ρας·
3641 1723 3731 1776 καὶ

485 1813 675 1880 edere,
706 1814 883 1870 donec
921 1815 1010 1870 illa
1043 1824 1290 1886 pertusa,
1322 1817 1389 1873 ad
1423 1818 1773 1890 superﬁciem
1802 1821 2059 1878 evaserit.

2173 1822 2307 1892 μετὰ
2326 1821 2475 1890 τρεῖς
2493 1818 2703 1889 ἡμέρας
2733 1816 2951 1887 ἔρχεται
2980 1814 3143 1884 νέφος
3170 1813 3391 1885 βῳχῆς,
3421 1812 3515 1866 καὶ
3549 1812 3730 1882 βρέχει

485 1902 544 1959 In
586 1920 750 1974 quam
781 1906 1041 1976 ejectum,
1080 1907 1266 1963 triduo
1295 1909 1562 1978 moritur;
1605 1912 1920 1983 exactisque
1958 1914 2062 1970 tri-

486 1993 592 2050 bus
642 1995 862 2062 diebus,
902 2007 1228 2069 aspergente
1281 2001 1429 2057 nube
1486 2017 1727 2072 aquosa,
1767 2019 1833 2060 ac
1883 2004 2062 2077 ipsum

485 2086 860 2156 compluente,
894 2087 1059 2144 vitam
1094 2091 1348 2157 resumit,
1378 2107 1482 2148 nec
1506 2106 1573 2148 ea
1600 2094 1903 2152 voracitate
1924 2112 2064 2153 con.-

486 2176 704 2231 tiuuum
752 2177 989 2234 exsistit.
1035 2179 1222 2250 anue
1257 2190 1394 2252 puto
1433 2182 1691 2240 inductos
1725 2185 1939 2242 ratione
1972 2201 2068 2243 ve-

487 2275 634 2321 teres
666 2268 1046 2339 philosophos,
1077 2286 1175 2326 eos
1197 2272 1291 2341 qui
1321 2273 1463 2343 gulae
1489 2272 1663 2330 dediti
1697 2275 1830 2342 sint,
1852 2275 2065 2333 Gastri-

486 2374 709 2430 margos
741 2376 989 2416 vocasse.
1017 2363 1205 2419 Potest
1236 2379 1368 2420 vero
1403 2365 1527 2435 quis
1566 2367 1656 2437 pie
1691 2369 2064 2438 considerare,

486 2451 581 2521 qui
633 2467 697 2507 ea
744 2468 867 2523 quae
909 2454 1056 2509 dicta
1106 2462 1268 2521 sunt,
1316 2456 1554 2527 spiritali
1601 2460 2067 2531 contemplatione

486 2543 708 2598 noverit
755 2544 1132 2615 interpretari.
1183 2545 1463 2618 Quidquid
1505 2548 1773 2605 vitiorum
1805 2561 1891 2608 est
1930 2552 2068 2609 aﬂ‘e-

487 2641 700 2699 ctuum,
734 2650 800 2690 ex
828 2636 1119 2706 putredine
1150 2638 1299 2693 nasci
1326 2638 1571 2709 proclive
1597 2648 1712 2708 est;
1743 2651 2066 2714 natumque,

486 2734 771 2782 auctorem
809 2727 1054 2782 animum
1088 2728 1319 2783 vorandi
1349 2730 1561 2785 nullum
1592 2730 1758 2788 ﬁnem
1793 2732 1945 2801 facit,
1974 2735 2071 2791 (lo-

487 2832 593 2872 nec
636 2832 737 2889 per
779 2817 1024 2875 scientiae
1058 2817 1332 2887 habitum,
1365 2818 1422 2878 in
1453 2831 1706 2895 apertum
1738 2824 2070 2897 productum

485 2911 780 2968 exstiterit.
825 2912 918 2967 Sic
957 2920 1143 2969 autem
1176 2913 1233 2969 in
1270 2922 1525 2985 apertum
1557 2918 1888 2987 productum
1911 2959 1927 2987 ,
1962 2921 2069 2977 tri-

486 2999 594 3056 bus
643 3003 812 3058 animi
850 3004 1205 3061 facultatibus
1253 3009 1507 3064 moritur.
1539 3010 1712 3080 Inque
1764 3010 1913 3068 hunc
1951 3028 2072 3069 mo-

486 3091 618 3146 dum
663 3093 834 3149 divini
874 3094 1112 3165 Spiritus
1146 3097 1338 3168 gratia,
1371 3099 1524 3155 velut
1567 3115 1669 3171 per
1706 3101 1935 3169 nubem,
1969 3119 2070 3175 per

2164 1912 2351 1968 ἐπάνω
2380 1908 2566 1974 αὐτοῦ,
2590 1910 2684 1963 καὶ
2714 1908 2884 1977 ἀναζῇ
2924 1905 3119 1977 μηκέτι
3148 1904 3409 1973 άειφάγον
3427 1903 3506 1956 ὃν.
3536 1904 3645 1955 Καὶ
3672 1905 3733 1958 ἐκ

2161 2003 2351 2059 τούτου
2382 1997 2536 2073 οἶμαι
2568 2000 2696 2063 τοὺς
2720 1998 2980 2069 ἀρχαίους
3016 1995 3337 2066 φιλοσόφους
3377 1994 3731 2066 ὁρμηθέντας,

2162 2095 2291 2159 τοὺς
2317 2092 2664 2161 πολυφάγους
2698 2088 3148 2160 γαστριμάργους
3178 2085 3534 2141 ἀποκαλέσαι.
3566 2084 3733 2139 Δύνα-

2164 2204 2255 2243 ται
2287 2185 2346 2241 δέ
2371 2201 2454 2249 τις
2493 2180 2733 2245 εὐσεϐῶς
2758 2182 2872 2244 τοῖς
2899 2175 3050 2234 οὖσιν
3080 2179 3390 2233 ἐπιϐάλλειν
3433 2177 3610 2243 εἰδὼς,
3644 2178 3736 2231 καὶ

2166 2277 2308 2335 κατὰ
2344 2273 2720 2347 πνευματικήν
2759 2271 2991 2343 θεωρίαν
3037 2269 3289 2325 ἐκλαϐεῖν
3340 2269 3412 2323 τὰ
3456 2270 3745 2340 εἰρημένα.

2164 2370 2283 2424 Πᾶν
2311 2366 2422 2439 γὰρ
2445 2366 2615 2429 πάθος
2648 2362 2758 2417 ἀπὸ
2790 2360 3006 2433 σήψεως
3040 2360 3334 2429 γεννᾶσθαι
3381 2360 3611 2429 πέφυκε·
3648 2361 3740 2414 καὶ

2167 2460 2386 2516 ἐπειδὰν
2413 2455 2671 2528 γεννηθῇ,
2701 2454 2761 2509 οὐ
2782 2453 3014 2508 παύεται
3041 2451 3218 2506 ἐσθίον
3243 2451 3341 2523 τὴν
3361 2452 3739 2522 ὑποστήσασαν

2168 2549 2301 2603 αὐτὸ
2329 2546 2578 2619 καρδίαν,
2617 2544 2722 2607 ἐως
2753 2542 2819 2597 ἂν
2855 2541 2944 2596 διὰ
2983 2543 3083 2611 τῆς
3111 2541 3417 2610 γνωστικῆς
3449 2540 3616 2606 ἕξεως
3662 2542 3744 2605 είς

2170 2640 2477 2713 φανέρωσιν
2505 2638 2655 2710 ἐλθῃ.
2680 2637 2793 2691 Kal
2829 2636 2982 2690 ἐλθὸν
3005 2635 3232 2705 θνήσκει
3261 2637 3381 2699 ταῖς
3414 2637 3561 2707 τρισὶ
3585 2635 3741 2690 δυνά-

2173 2751 2298 2806 μεσι
2323 2733 2424 2803 τῆς
2452 2731 2649 2802 ψυχῆς.
2682 2729 2791 2783 Καὶ
2827 2726 3054 2795 οὗτωςή
3085 2725 3246 2796 χάρις
3278 2725 3371 2779 τοῦ
3407 2726 3741 2798 Πνεύματος,

2170 2827 2245 2891 ὡς
2283 2825 2372 2880 διὰ
2416 2824 2612 2893 νέφους
2648 2823 2748 2892 τῆς
2788 2818 3135 2882 διδασκαλίας
3166 2820 3510 2888 ἐπιφανεῖσα,
3541 2819 3745 2873 σταλα-

2170 2916 2346 2989 γμοὺς
2376 2913 2559 2968 δίδωσι
2607 2911 2882 2981 γνώσεως,
2915 2909 3011 2963 καὶ
3054 2909 3324 2972 ζωοποιεί’
3369 2908 3430 2962 οὐ
3479 2910 3621 2964 κατὰ
3646 2911 3747 2983 τὴν

2170 3010 2443 3085 προτέραν
2472 3004 2699 3080 ἐμπαθῆ
2728 3004 2889 3076 ζωήν·
2914 3002 3051 3058 ἀλλὰ
3078 3002 3222 3059 κατὰ
3247 3003 3346 3077 τὴν
3374 3006 3625 3077 ἐνάρετον
3650 3005 3749 3059 καὶ

2170 3101 2288 3173 Θεῷ
2318 3098 2548 3154 οἰκείαν.

488 3183 793 3240 doctrinam
830 3187 915 3241 sui
942 3188 1152 3257 cupiam
1197 3187 1356 3259 323
1405 3188 1632 3257 faciens,
1680 3192 1927 3251 scientia:
1961 3193 2367 3269 stillasprrebet,
2406 3206 2471 3246 ac
2499 3190 2668 3245 vitam
2706 3184 2930 3253 tribuit;
2961 3199 3077 3241 non
3112 3200 3214 3257 pro
3248 3184 3453 3256 prioris
3488 3184 3639 3242 illius
3678 3199 3747 3241 ac

488 3273 796 3334 libidinosa:
826 3279 949 3334 vita:
981 3284 1214 3347 ratione,
1250 3283 1345 3337 sed
1384 3282 1685 3341 virtutibus
1707 3284 1900 3342 fultam
1935 3289 2157 3362 Deoque
2192 3285 2500 3361 propriam.

1054 3393 1333 3449 INTERR.
1374 3394 1486 3449 LX.

558 3481 697 3550 Quid
756 3484 855 3538 sibi
901 3484 1015 3539 rult
1061 3485 1320 3556 parabola
1376 3487 1745 3558 operariorum
1795 3491 1852 3545 in
1908 3493 2072 3548 vinea

488 3574 755 3628 culturam
798 3575 850 3628 in
890 3573 1179 3645 Evangelia
1230 3575 1605 3631 conductorum
1644 3578 1722 3645 ⁶⁸;
1774 3595 1950 3649 quave
1993 3582 2077 3636 in-

486 3666 770 3738 aequalitas
790 3667 815 3721 .’

1192 3780 1349 3852 Resp.

563 3871 660 3926 Dei
699 3870 969 3943 judicium
1001 3887 1113 3928 non
1146 3888 1247 3943 pro
1284 3873 1547 3943 temporis
1586 3874 1939 3946 corporisque
1984 3892 2076 3931 ra-

495 3962 648 4017 tione
686 3964 934 4034 geritur;
977 3964 1125 4035 quod
1164 3973 1221 4019 et
1264 3967 1443 4021 anima
1476 3968 1740 4037 temporis
1773 3984 1969 4039 expers
2005 3970 2078 4025 sit

492 4064 553 4113 et
586 4056 948 4126 incorporea;
993 4065 1265 4127 quatenus
1303 4058 1516 4113 scilicet
1556 4074 1669 4113 non
1706 4074 1774 4115 ex
1814 4062 2078 4136 temporis

495 4148 808 4203 rationibus
852 4155 1206 4218 augmentum
1259 4146 1392 4203 facit
1440 4149 1715 4220 finemque
1758 4151 1932 4221 capit;
1978 4152 2073 4207 sed

495 4239 615 4295 sine
645 4248 889 4309 tempore
919 4240 1149 4295 allectus
1189 4250 1482 4310 motusque
1513 4257 1642 4297 suos
1681 4243 1811 4316 agit.
1846 4244 2078 4299 Prtestat

493 4343 558 4383 ea
582 4345 703 4398 quae
720 4329 953 4385 dicimus
970 4331 1220 4399 exemplo
1248 4331 1545 4386 illustrare.
1573 4330 1854 4403 Coutingit
1877 4333 2076 4403 saepius

478 4417 841 4487 quempiam,
893 4434 1066 4473 annos
1111 4418 1452 4489 septuaginta
1493 4421 1822 4474 monachum
1861 4421 2073 4493 egisse;

494 4505 661 4559 alium
707 4505 826 4559 dies
867 4521 979 4559 non
1024 4507 1209 4575 plures
1257 4523 1366 4561 uno
1405 4507 1549 4562 idem
1585 4508 1900 4566 institutum
1938 4527 2075 4567 con-

495 4603 764 4649 sectatum
792 4610 932 4650 esse.
965 4595 1103 4662 Quia
1139 4612 1270 4653 vero
1302 4597 1359 4652 in
1390 4613 1458 4653 eo
1496 4599 1710 4668 positus
1750 4601 1873 4656 ﬁnis
1911 4603 2074 4659 insti-

2810 3393 3006 3449 ΕΡΩΤ.
3041 3392 3117 3448 Ξ’.

2173 3527 2177 3530 ν
2252 3492 2347 3559 Τίς
2388 3489 2428 3559 ἡ
2461 3485 2774 3558 παραϐολὴ
2800 3484 2918 3539 τῶν
2947 3485 3019 3539 ἐν
3057 3479 3136 3553 τῷ
3161 3483 3503 3555 Εὐαγγελῑφ
3524 3484 3750 3553 μισθω-

2175 3584 2400 3643 θέντων
2434 3576 2699 3653 ἐργατῶν
2721 3579 2811 3646 είς
2834 3578 2942 3633 τὸν
2963 3575 3322 3649 ἁμπελῶνα;
3339 3574 3437 3631 καὶ
3460 3575 3552 3642 τίς
3576 3576 3615 3645 ἠ
3640 3574 3752 3630 dr-

2174 3676 2386 3742 ισότης
2405 3689 2425 3739 ;

2853 3778 3083 3847 Ἀπόκρ.

2248 3874 2322 3930 Ἦ
2350 3873 2442 3928 τοῦ
2466 3871 2601 3927 Θεοῦ
2637 3868 2843 3942 κρίσις,
2864 3868 2924 3922 οὐ
2955 3867 3097 3922 κατὰ
3126 3865 3316 3939 χρόνον
3346 3865 3443 3923 καὶ
3472 3865 3632 3938 σῶμα
3660 3864 3751 3934 γί-

2173 3985 2345 4034 νεται,
2373 3966 2508 4021 διότι
2532 3963 2627 4018 καὶ
2663 3964 2695 4034 ή
2720 3961 2868 4032 ψυχὴ
2891 3959 3119 4031 ἄχρονος
3146 3959 3241 4014 καὶ
3272 3958 3563 4030 ἀσώματος
3594 3952 3750 4021 οὖσα,

2173 4059 2262 4115 διὰ
2280 4058 2342 4113 τὸ
2368 4056 2439 4130 μή
2477 4056 2616 4111 κατὰ
2648 4052 2838 4126 χρόνον
2866 4052 2966 4121 τὴν
2995 4049 3224 4121 αὔξησιν
3257 4050 3348 4104 καὶ
3375 4049 3437 4104 τὸ
3461 4050 3634 4122 πέρας
3662 4047 3753 4102 δέ-

2175 4150 2404 4223 χεσθαι,
2452 4145 2697 4217 άχρόνως
2751 4142 2809 4197 δὲ
2859 4142 2959 4207 τὰς
3004 4141 3249 4212 κινήσεις
3301 4140 3400 4210 τῆς
3461 4140 3757 4202 διαθέσεως

2179 4240 2470 4296 ποιεῖσθαι.
2515 4236 2696 4291 Καλὸν
2724 4233 2784 4288 δέ
2826 4234 2885 4288 ἐν
2912 4232 3270 4303 ὑποδείγματι
3310 4231 3641 4303 διασαφῆσαι
3686 4229 3760 4284 τὰ

2172 4333 2463 4402 λεγόμενα.
2507 4327 2774 4390 Πολλάκις
2818 4323 2933 4379 ἔστι
2993 4343 3078 4389 τις
3132 4323 3504 4396 ἐβδομήκοντα.
3531 4321 3760 4393 χρόνους

2173 4425 2312 4496 ἔχων
2351 4425 2410 4477 ἐν
2450 4419 2528 4490 τῷ
2572 4419 2795 4490 μονήρει
2839 4415 2958 4488 βίῳο
2997 4416 3155 4481 ἄλλος
3192 4406 3279 4483 δὲ,
3331 4415 3462 4486 μίαν
3518 4413 3759 4485 ἡμέραν.

2186 4513 2405 4584 Ἐπειδὴ
2452 4511 2508 4564 δὲ
2552 4512 2581 4564 ὁ
2620 4509 2715 4563 τοῦ
2760 4507 3180 4577 ἐπαγγέλματος
3222 4506 3425 4571 σκοπός
3471 4506 3642 4571 ἐστιν,
3672 4504 3764 4558 ἵνα

2175 4608 2272 4680 τῆς
2294 4604 2433 4671 πρὸς
2455 4602 2525 4656 τὰ
2548 4599 2711 4657 ὗλικὰ
2734 4598 3113 4672 προπαθείας
3133 4599 3229 4653 καὶ
3252 4598 3491 4669 σχέσεως
3512 4597 3767 4652 ἀνασπά-

496 4682 600 4739 tuti
637 4690 741 4750 est,
778 4690 840 4737 ut
880 4684 999 4750 ejus
1045 4684 1247 4752 cultor,
1291 4701 1322 4741 a
1370 4694 1717 4743 terrenorum
1764 4690 1967 4746 affectu
2009 4705 2070 4747 ac

2179 4716 2280 4764 σας
2303 4697 2402 4769 τὴν
2427 4693 2627 4767 ψυχὴν,
2654 4692 2787 4766 ὅλην
2819 4690 3122 4765 μετενέγκῃ
3146 4690 3282 4763 πρὸς
3308 4690 3402 4746 τὸν
3430 4690 3585 4746 Θεόν⁹
3609 4690 3638 4744 ὁ
3665 4683 3768 4745 οὖν

566 4872 612 4905 ⁶³
645 4872 833 4927 Matth.
864 4872 1014 4939 xx,i.

495 5028 698 5086 Catena
751 5030 919 5101 aliqui
976 5030 1534 5101 Patrescxponunt,
1587 5035 1645 5082 et
1694 5026 1849 5101 _Suid_.
1886 5027 2073 5101 μόριόν

497 5118 571 5154 τι.
606 5101 807 5156 Verum
847 5098 1129 5169 baecjusto
1154 5098 1344 5168 plura;
1378 5098 1524 5168 quod
1552 5098 1786 5169 nouhic
1814 5098 1921 5153 loci
1959 5098 2079 5153 'Da-

498 5170 712 5225 vidicos
751 5168 1018 5233 Psalmos,
1044 5169 1140 5224 sed
1165 5169 1438 5239 praecipue
1461 5168 1679 5224 Maximi
1711 5175 1953 5223 mentem
1985 5183 2079 5223 ex-

524 5255 781 5295 lOIllmllS.

501 5255 914 5377 νοίὲιῗίίίῗγργοῦ
927 5308 1276 5381 λεγομένοιν,
1304 5307 1538 5381 Perinde
1557 5307 1863 5381 Etymolog.
1883 5308 2076 5364 iisdem

525 5393 645 5449 reue
671 5380 874 5441 verbis,
908 5380 992 5434 vel
1027 5380 1141 5449 ipse
1169 5395 1198 5433 a
1223 5379 1456 5432 Maximo
1485 5379 1789 5444 mutuatus,
1818 5379 1913 5435 “vel
1960 5395 2079 5432 am-

525 5393 642 5431 ieue
671 5393 874 5441 venus,
908 5393 992 5434 vel
1027 5393 1141 5449 ipse
1169 5395 1198 5433 a
1223 5393 1456 5432 maxumo
1485 5393 1789 5444 mutuatus,
1828 5393 1913 5435 vet
1960 5395 2079 5432 am-

501 5393 576 5501 ίιο
605 5448 675 5503 ab
697 5449 882 5516 aliquo
908 5449 1225 5518 superiore,
1267 5450 1360 5518 qui
1384 5457 1441 5502 et
1486 5449 1672 5503 fucum
1700 5451 1912 5505 fecerit.
1970 5449 2080 5504 Res

384 5539 403 5545 ι
506 5526 657 5572 certe
710 5530 863 5572 extra
903 5516 1121 5571 omnem
1160 5516 1344 5581 fidem,
1402 5534 1465 5571 ac
1518 5520 1676 5588 cujus
1724 5519 2073 5584 Aristoteles,

503 5587 734 5660 perinde
764 5604 828 5642 ac
860 5588 973 5660 alii,
1010 5587 1150 5660 nihil
1180 5590 1530 5660 meminerit:
1550 5587 1674 5643 cum
1703 5590 1906 5660 alioqui
1929 5590 2073 5643 clara

505 5660 578 5729 sit
601 5658 756 5712 vocis
778 5657 1124 5729 etymologia,
1171 5658 1416 5729 nihilque
1456 5657 1650 5729 doctos
1690 5657 1900 5729 utravis
1948 5674 2076 5728 pars

505 5726 1063 5798 eiuscompo'sitiouis
1086 5728 1274 5791 lateat,
1302 5726 1382 5791 τὸ,
1408 5726 1639 5798 γαστὴρ,
1668 5738 1724 5783 et
1742 5728 1824 5793 τὸ,
1844 5726 2071 5797 μάργος.

505 5793 668 5853 Suid.
699 5793 933 5873 Μάργης
960 5798 1053 5851 καὶ
1088 5798 1316 5868 μάργος,
1351 5793 1672 5867 μαινόμενος
1699 5814 1712 5830 ⁸
1780 5793 1871 5852 καὶ
1905 5793 2077 5868 ὕπερ·

2186 5030 2549 5103 μαργρτερος,
2587 5032 2617 5085 ὀ
2649 5030 3127 5103 ὑπερμαινόμενος
3153 5044 3169 5061 ο
3195 5027 3773 5103 καὶᾼγᾳστρίμαργος,

2186 5049 2549 5171 μαργοτξρος,
2587 5049 2617 5085 ο
2649 5049 3125 5118 υπερμαινομενος
3153 5049 3169 5061 ·
3195 5049 3291 5083 και
3323 5049 3773 5113 γαστριμαργος,

2181 5103 2211 5154 ὁ
2241 5101 2367 5172 περὶ
2467 5119 2496 5153 ν
2526 5101 2770 5172 γαστέρα
2797 5118 3074 5171 μεμηνως.
3098 5100 3251 5172 Port.
3267 5098 3379 5172 Qut
3407 5116 3605 5172 circum
3635 5115 3777 5172 uert-

2184 5178 2318 5225 trem
2347 5170 2565 5226 insanit.
2592 5170 2787 5241 Iustine
2800 5170 3007 5226 uentris
3036 5170 3275 5241 rapiendi
3311 5170 3593 5241 cupiditati
3616 5170 3782 5241 dedi-

2187 5250 2291 5294 tus.
2315 5241 2456 5296 Num
2494 5250 2552 5296 et
2597 5239 2876 5296 Aristoteli
2908 5239 3241 5310 obrepsierit,
3278 5248 3344 5295 ut
3374 5241 3476 5294 ista
3505 5239 3775 5310 fabulosa

2187 5311 2255 5365 de
2281 5311 2612 5366 animalculo
2645 5310 2752 5366 hoc
2789 5308 3111 5381 scripserit,
3156 5311 3243 5381 vel
3292 5310 3381 5364 alii
3436 5308 3783 5381 couiixerint

2186 5381 2375 5450 illique
2401 5379 2998 5452 ascripseriutquzeiita
3036 5379 3262 5435 forsitan
3308 5379 3785 5452 simplicitateuet

2185 5449 2492 5514 mendacio.
2519 5449 2598 5504 u'ti
2643 5451 2710 5505 de
2732 5449 2993 5506 Plimnice
3048 5465 3147 5504 ave
3193 5450 3494 5505 ostendunt
3538 5449 3781 5514 eruditi,

2188 5522 2417 5591 ipseque
2448 5521 2713 5575 Maximus
2746 5521 2920 5590 Epist.
2954 5521 3019 5574 ad
3051 5522 3285 5591 Petrum
3340 5519 3635 5591 illustrem,
3667 5516 3784 5591 ubi

2182 5589 2513 5661 scrio'magis
2530 5591 2780 5661 dogmata
2794 5589 2993 5654 tradit,
3013 5590 3221 5661 credita
3244 5589 3373 5655 sint,
3387 5590 3479 5661 alii
3501 5589 3783 5661 viderint.

2182 5660 2314 5714 Mihi
2350 5657 2460 5716 non
2487 5657 2742 5729 displicet
2770 5661 2851 5715 sic
2883 5660 3131 5730 opinari;
3162 5675 3340 5730 eoque
3369 5659 3516 5730 vulgi
3542 5667 3787 5726 arrepto

2183 5739 2516 5801 commento,
2559 5730 2612 5783 iu
2637 5747 2702 5785 eo
2721 5729 3012 5786 Maximum
3037 5745 3146 5786 non
3177 5729 3544 5801 spernendam
3577 5739 3782 5798 tropo-

2182 5800 2379 5872 logiam
2409 5801 2736 5857 instituisse.
