4070 6404
284 361 391 461 ξ33

1465 361 1955 432 QUxESTlONES
1992 362 2086 422 ET
2129 365 2382 424 DUBIA.

3436 369 3541 434 83’.

283 473 657 543 ἑὸδομήκοντα
694 469 787 539 ἔτη
825 470 982 541 ἔχων,
1020 471 1129 525 οὐδ’
1158 471 1291 533 ὅλως
1327 472 1452 540 περὶ
1479 473 1579 541 τῆς
1605 472 1851 543 τοιαύτης

1964 473 2193 527 libidine
2224 483 2510 528 evocatum
2539 488 2756 528 onmem
2783 476 3048 542 animum,
3083 479 3136 532 in
3173 479 3338 534 Deum
3367 491 3546 537 trans-

278 566 550 628 ἀπαθείας
586 566 928 634 μεριμνήσας
958 563 1322 632 ἐτελεύτησεν·
1348 565 1375 616 ό
1405 563 1458 615 δὲ
1487 565 1614 633 μίαν
1645 563 1857 634 ἡμέραν

278 662 442 732 ἔχων,
480 663 659 714 πᾶσαν
686 659 851 712 αὑτοῦ
880 659 975 730 τὴν
1022 659 1156 729 πρὸς
1194 660 1262 713 τὰ
1295 659 1454 711 ὑλικά
1487 659 1709 729 ἐμπαθῆ
1744 659 1859 714 διά-

276 770 427 807 νοιαν
454 751 795 816 ἀνασπάσας,
831 751 958 820 ὅλην
997 768 1056 802 τε
1089 750 1164 821 τῷ
1201 750 1320 820 Θεῷ
1355 751 1709 818 ὲγκολπώσας
1744 753 1860 804 ἐτε-

275 844 498 915 λειώθη.
542 844 629 896 Ἐν
666 845 733 913 τῇ
779 838 871 895 οὖν
901 842 1157 913 γινομένῃ
1185 845 1243 894 ὲν
1288 846 1352 914 τῇ
1385 843 1564 913 κρίσει
1604 843 1854 914 διανομῇ,

271 936 303 988 ὁ
365 935 462 1004 μὲν
514 934 680 1000 ἀξίως
723 934 814 986 τὸν
876 935 1065 1004 μισθὸν
1117 933 1511 1004 λαμϐάνει,ὼς
1557 934 1636 997 εἰς
1685 935 1858 1004 πέρας

272 1024 366 1077 τὸν
397 1024 598 1076 σκοπὸν
620 1022 711 1075 τοῦ
740 1023 1155 1094 ἐπαγγέλματος
1175 1023 1420 1092 ἀγαγών·
1447 1026 1475 1076 ὁ
1500 1023 1555 1077 δὲ
1587 1025 1727 1078 κατά
1761 1025 1857 1095 χά-

275 1133 386 1186 ριν,
420 1114 516 1168 καὶ
551 1114 710 1183 μόνον
746 1115 884 1184 ὑπὲρ
920 1109 980 1169 οὗ
1018 1115 1107 1168 τὸν
1137 1115 1235 1185 τῆς
1273 1115 1559 1185 ἀσκήσεως
1593 1115 1852 1186 ὑπέμεινε

271 1205 467 1261 κόπον.

1965 565 2135 632 ferat;
2183 565 2341 634 isque
2385 565 2557 630 adeo,
2611 567 2702 634 qui
2755 582 2930 622 annos
2973 573 3314 641 septuaginta
3355 575 3540 637 haizt-t,

1965 656 2111 710 diem
2141 657 2299 720 obiit,
2335 673 2458 710 cum
2487 671 2606 710 eam
2637 658 2881 712 nancisci
2922 663 3373 730 tranquillitatem
3405 666 3542 721 nihil

1964 747 2125 802 anxie
2171 748 2480 814 curaverit;
2522 747 2570 801 is
2611 764 2764 813 vero,
2810 751 2903 817 qui
2951 767 3118 805 unum
3170 753 3334 808 habet
3374 757 3540 820 diem,

1963 855 2185 894 omnem
2229 840 2396 893 animi
2442 842 2736 910 cogitatum
2786 857 2816 896 a
2861 849 3081 897 terrena
3121 845 3443 900 abstrahcns
3474 849 3543 902 li-

1963 937 2173 1002 bidine,
2216 932 2382 1006 inque
2417 937 2530 991 Deo
2574 938 2872 1004 collocans,
2921 939 2991 992 ita
3032 940 3256 994 demum
3291 957 3547 994 consum-

1963 1037 2146 1083 matus
2183 1027 2254 1082 sit
2283 1045 2297 1080 :
2324 1028 2384 1081 ﬁt
2424 1029 2584 1097 plane
2626 1037 2687 1082 ut
2721 1029 2774 1082 in
2805 1029 3036 1098 judicio,
3072 1029 3255 1084 futura
3290 1034 3544 1100 praemio-

1961 1137 2085 1174 rum
2132 1121 2555 1184 distributione,
2609 1121 2697 1176 hic
2746 1121 2967 1189 quidem
3018 1123 3180 1192 digne
3231 1123 3544 1177 mercedem

1961 1211 2197 1282 accipiat
2229 1210 2507 1282 (tanquam
2547 1211 2759 1266 scilicet
2786 1212 2881 1280 qui
2914 1212 2980 1266 ad
3018 1212 3353 1267 destinatum
3382 1213 3544 1266 insli-

270 1299 378 1352 tuti
425 1299 588 1352 ﬁnem
620 1297 724 1351 rite
767 1304 1064 1366 provectus
1092 1295 1208 1367 sit),
1252 1296 1344 1351 ille
1385 1311 1516 1351 vero
1562 1297 1865 1353 secundum
1905 1300 2326 1372 indulgentiam,
2366 1316 2430 1356 ac
2471 1315 2538 1355 eo
2571 1301 2834 1356 duntaxat
2885 1303 3130 1369 nomine,
3159 1303 3309 1373 quod
3377 1319 3542 1358 excr-

278 1389 562 1443 citationis
580 1387 828 1442 laborem
855 1386 1152 1441 sanctioris
1175 1387 1412 1443 instituti
1431 1391 1684 1459 palaestra
1703 1389 2050 1446 sustinuerit.

887 1478 1084 1531 ΕΡΩΤ.
1117 1478 1240 1532 ΞΑ’.

350 1571 521 1644 Τίνος
546 1568 723 1640 χάριν
741 1568 892 1638 μετὰ
923 1567 1069 1623 δέκα
1100 1570 1323 1640 ἡμέρας
1349 1572 1459 1640 τῆς
1495 1571 1855 1641 ἀναλήψεως

268 1660 383 1716 τοῦ
406 1661 652 1730 Κυρίου,
686 1661 750 1714 τὸ
784 1661 1028 1731 Πνεῦμα
1056 1664 1378 1733 κατῆλθεν.

952 1777 1180 1846 Ἁπόκρ.

346 1889 480 1942 Φασί
502 1906 646 1953 τινες
671 1889 778 1945 τῶν
805 1890 870 1944 τὰ
895 1890 1014 1946 θεῖα
1048 1892 1516 1962 πεπαιδευμένων,
1547 1894 1628 1946 ὅτι
1665 1892 1852 1964 ἐπειδὴ

270 1981 435 2036 ἐννέα
460 1981 644 2046 τάξεις
672 1983 812 2037 κατὰ
835 1983 926 2036 τὸν
952 1984 1228 2037 Διονύσιον
1254 1985 1345 2038 τὸν
1383 1986 1774 2056 Ἀρεοπαγίτην
1797 1986 1853 2040 αἱ

267 2072 568 2142 ἀγγελικαὶ
587 2074 846 2145 δυνάμεις
876 2076 1034 2139 εἰσὶν,
1066 2075 1232 2129 ἀνιὼν
1263 2077 1403 2130 κατά
1431 2077 1491 2129 τὺ
1514 2077 1852 2148 ἀνθρώπινον

263 2165 298 2218 ὁ
325 2163 530 2235 Κύριος
565 2165 726 2235 (κατὰ
755 2165 864 2234 γὰρ
899 2164 960 2218 τὸ
990 2165 1130 2218 θεῖον
1158 2165 1335 2220 πάντα
1366 2167 1605 2237 πληροῖ),
1639 2168 1853 2237 ἑκάστῳ

265 2254 517 2326 τάγματι
564 2254 694 2325 μίαν
731 2256 945 2325 ἡμέραν
983 2257 1296 2326 ἀπένειμεν,
1339 2259 1446 2310 ἀπὸ
1485 2259 1584 2327 τῆς
1618 2257 1854 2327 ἐσχάτης

266 2345 382 2409 ἕως
407 2349 508 2411 τῆς
536 2345 872 2409 τελευταίας.
918 2346 1154 2399 Ἐδέοντο
1187 2348 1295 2415 γὰρ
1319 2349 1412 2400 καὶ
1437 2341 1596 2401 αὗται
1625 2348 1726 2418 τῆς
1756 2347 1851 2401 τοῦ

269 2437 482 2508 Κυρίου
510 2436 643 2507 πρὸς
654 2436 822 2500 αὐτὰς
836 2437 1144 2508 ἐπιδημίας.
1165 2440 1258 2492 Ἐν
1277 2436 1436 2504 αὐτῷ
1453 2439 1581 2509 γὰρ,
1600 2439 1741 2493 κατὰ
1760 2438 1872 2493 τὸν·

285 2529 632 2591 Ἀπόστολον,
669 2528 1178 2597 ἀνεκεεραλαιὼθη,
1211 2531 1282 2582 οὐ
1306 2533 1498 2598 μόνον
1526 2530 1599 2584 τὰ
1615 2530 1711 2583 ἐπὶ
1741 2529 1851 2600 τῆς

269 2615 404 2687 τῆς,
437 2618 599 2672 ἀλλὰ
627 2618 724 2671 καὶ
766 2618 837 2672 τὰ
863 2619 933 2671 ἐν
964 2618 1217 2688 οῖ”ρανῷο
1251 2621 1344 2672 καὶ
1384 2621 1520 2690 μετά
1568 2621 1725 2674 τοῦτο
1767 2625 1852 2676 iw-

272 2711 535 2782 εφανίσθη
564 2710 642 2781 τῷ
669 2711 786 2782 Θεῴ
827 2713 920 2765 κα¹ι
946 2713 1140 2782 Πατρί·
1177 2713 1271 2765 καὶ
1309 2712 1480 2776 οὕτως
1518 2712 1577 2766 τὸ
1625 2714 1850 2784 Πνεῦμα

273 2805 509 2860 κάτεισι.
571 2807 726 2859 Ἔστι
781 2807 836 2859 δὲ
892 2807 1162 2876 Θεωρῆσαι
1217 2806 1278 2858 τὸ
1343 2807 1700 2878 προκείμενον
1757 2809 1851 2863 καὶ

275 2903 392 2954 κατ’
421 2900 578 2954 ἄλλον
606 2900 839 2972 Θεωρίας
871 2901 1092 2972 τρόπον.
1137 2901 1355 2971 Ἐπειδὴ
1383 2903 1492 2969 γὰρ
1531 2904 1558 2954 ό
1588 2901 1680 2959 τοῦ
1714 2902 1849 2955 Θεοῦ

275 2993 464 3062 Λόγος,
491 2995 546 3045 έν
575 2995 694 3060 ταῖς
722 2993 883 3046 αὑτοῦ
911 2994 1041 3046 δέκα
1066 2994 1302 3056 ἐντολαῖς
1327 2995 1719 3063 ἐγκέκρυπται’
1754 3012 1852 3048 σω-

281 3085 538 3153 μτοῦται
581 3085 723 3137 δὲέν
755 3087 904 3156 ἡμῖν,
944 3085 1391 3152 συγκαταϐαίνων
1431 3087 1559 3156 ἡμῖν
1604 3087 1692 3140 διὰ
1745 3088 1844 3156 τῆς

280 3177 544 3250 πράξεως·
579 3176 735 3242 αὖθίς
783 3197 839 3232 τε
881 3180 1070 3247 ἀνάγει
1124 3182 1268 3251 ἡμᾶς
1309 3181 1395 3234 διὰ
1434 3184 1533 3252 τῆς
1571 3180 1846 3249 γνώσεως,

281 3272 425 3341 ὑψῶν
465 3275 610 3343 ἡμᾶς
643 3272 836 3342 μέχρις
869 3272 1182 3343 ἀνέλθωμεν
1223 3275 1302 3337 εἰς
1331 3273 1428 3342 τὴν
1456 3275 1673 3327 πάντων
1708 3275 1847 3342 ὑψη-

276 3363 496 3434 λοτέραν
525 3365 632 3419 τῶν
661 3365 912 3428 ἐντολῶν,
947 3365 1044 3437 τὴν
1069 3366 1352 3434 λέγουσαν,
1399 3368 1612 3435 Κύριος
1640 3370 1672 3420 ὁ
1705 3369 1849 3433 Θεός

273 3470 414 3522 σου,
467 3460 684 3526 Κύριος
723 3453 811 3525 εἷς
846 3458 1037 3512 ἐστιν’
1086 3460 1174 3512 ὅτε
1218 3458 1348 3528 γοῦν
1398 3461 1462 3514 ἐκ
1490 3461 1704 3513 πάντων
1739 3462 1847 3528 ἀφ-

275 3551 440 3615 εθεὶς,
471 3551 667 3620 μᾶλλον
695 3551 772 3617 δὲ,
803 3551 983 3605 πάντα
1027 3551 1186 3620 ἀφεὶς
1230 3554 1258 3604 ό
1287 3552 1555 3623 ἡμέτερος
1591 3551 1738 3616 νοῦς,
1768 3554 1848 3616 εἰς

279 3642 444 3696 αὐτὸν
469 3642 558 3695 τὸν
587 3643 716 3695 Θεὸν
743 3643 1042 3716 καταλήξῃ,
1070 3643 1190 3696 τότε
1216 3643 1313 3706 τὰς
1341 3643 1573 3715 πυρξνας
1597 3644 1846 3713 γλώσσας

279 3734 514 3806 δέχεται,
541 3734 671 3798 Θεὸς
702 3735 840 3789 κατά
868 3736 1028 3805 χάριν
1055 3735 1351 3806 γινόμενος.

891 3910 1084 3962 ΕΡΩΤ.
1110 3910 1226 3964 ΞΒ’.

352 3998 413 4051 Τι’
431 3997 622 4065 δηλοῖ,
653 4017 671 4049 ι
685 3999 953 4054 Σπάνιον
969 4001 1249 4068 εἰσάγαγε
1273 4001 1379 4052 τὸν
1399 4001 1553 4054 πόδα
1569 4001 1719 4069 πρὸς
1740 4004 1846 4057 τὸν

272 4087 536 4144 σεαυτοῦ
551 4088 754 4155 φίλον,
769 4088 1000 4156 μήποτε
1018 4089 1313 4157 πλησθείς
1329 4105 1445 4144 σου
1458 4089 1692 4160 prmia”
1713 4106 1838 4157 σε;›

945 4182 1122 4235 Ἀπόκ
1122 4199 1183 4250 ρ.

344 4295 498 4347 Φίλον
524 4293 760 4347 ἐνταῦθα
795 4293 854 4346 τὸ
883 4294 1040 4363 σῶμα
1067 4295 1223 4364 ἡμῶν
1253 4295 1421 4364 λέγει,
1448 4296 1534 4349 διά
1566 4297 1665 4367 τὴν
1707 4299 1844 4368 πρὸς

2517 1482 2800 1537 INTERR.
2842 1482 2979 1537 LXI.

2033 1569 2171 1636 Quid
2213 1587 2385 1626 causa:
2420 1581 2494 1625 est
2555 1589 2650 1624 cur
2682 1580 2796 1639 post
2837 1571 3011 1624 decem
3043 1571 3153 1625 dies
3192 1587 3224 1625 a
3255 1580 3456 1642 recepto
3483 1573 3541 1626 in

1889 1701 1930 1754 Β
1958 1662 2111 1717 caelos
2137 1663 2626 1734 Domino,Spiritus
2657 1664 2856 1717 venerit
2881 1663 2905 1716 ἒ)

2668 1772 2828 1842 Resp.

2024 1887 2193 1942 Aiunt
2235 1889 2457 1958 quidam
2514 1889 2766 1942 divinoru
2797 1904 2827 1942 ,ι
2875 1887 3106 1942 scientia
3159 1887 3364 1942 eruditi
3409 1888 3536 1956 viri,

1953 1978 2123 2048 quod,
2163 1994 2286 2033 cum
2337 1987 2561 2033 auctore
2603 1979 2866 2048 Dionysio
2892 1977 3236 2054 Areopagita,
3279 1979 3540 2049 angelicae

1954 2076 2254 2137 potestates
2278 2069 2329 2122 in
2353 2083 2548 2122 novem
2579 2067 2892 2122 distributa:
2921 2067 3030 2120 sint
3057 2067 3308 2133 ordines,
3344 2084 3538 2122 ascen-

1953 2159 2090 2213 dens
2131 2159 2396 2212 Dominus
2440 2157 2748 2212 secundum
2795 2156 3090 2209 humanam
3134 2166 3385 2211 naturam
3431 2158 3538 2227 (di-

1951 2251 2080 2306 vina
2119 2250 2267 2304 enim
2313 2249 2578 2317 implebat
2623 2246 2839 2316 omnia)
2871 2249 3073 2316 cuique
3123 2247 3306 2300 ordini
3342 2248 3410 2301 ab
3439 2263 3540 2302 cx-

1953 2351 2130 2397 tremo
2163 2342 2228 2396 ad
2268 2357 2587 2410 supremum
2617 2339 2763 2394 diem
2799 2354 2971 2392 unum
3008 2337 3358 2406 impenderit.
3399 2338 3538 2392 Nam

1952 2438 2010 2483 et
2060 2428 2236 2498 angeli
2307 2428 2529 2481 Domini
2569 2427 2633 2481 ad
2689 2429 2838 2496 ipsos
2889 2426 3129 2481 adventu
3198 2426 3535 2496 indigebant.

1951 2519 2023 2575 Ut
2079 2520 2226 2573 enim
2285 2519 2460 2573 sentit
2509 2518 2673 2589 324
2729 2519 3024 2587 Apostolus
3068 2535 3082 2571 :
3123 2517 3430 2571 Instauruta
3483 2519 3539 2572 in

1951 2622 2010 2659 eo
2067 2613 2190 2659 sunt
2242 2608 2455 2669 omnia,
2507 2623 2609 2659 non
2669 2623 2732 2659 ca
2805 2607 2977 2658 solum
3030 2622 3148 2675 qua:
3202 2615 3323 2659 sunt
3380 2622 3539 2676 super

1953 2705 2169 2760 terram,
2199 2700 2290 2749 sed
2329 2703 2377 2747 et
2417 2713 2535 2766 qum
2571 2703 2696 2748 sunt
2740 2696 2794 2748 in
2839 2697 2966 2748 caelo
3001 2695 3044 2727 "’
3081 2713 3094 2758 ;
3143 2704 3365 2764 tumque
3423 2696 3536 2750 Deo

1951 2801 2014 2839 ac
2056 2785 2201 2840 Patri
2248 2784 2594 2854 apparuerit,
2647 2793 2812 2853 atque
2855 2784 2910 2837 in
2956 2786 3103 2838 hunc
3151 2786 3371 2838 modum
3414 2785 3538 2855 Spi-

1951 2877 2092 2931 ritus
2164 2877 2400 2931 venerit.
2467 2877 2654 2930 Potest
2716 2891 2849 2930 vcro
2913 2877 3080 2931 etiam
3126 2877 3235 2930 alio
3300 2878 3536 2946 spiritali

1951 2983 2116 3023 sensu
2164 2967 2535 3033 considerari,
2581 2968 2728 3038 quod
2768 2967 2860 3021 hic
2903 2969 3207 3037 argumenti
3251 2983 3533 3023 vexamus.

1877 3055 1917 3109 C
1950 3059 2103 3126 Quod
2131 3061 2277 3114 enim
2311 3061 2406 3115 Dei
2444 3061 2636 3115 Sermo
2672 3060 2726 3114 in
2753 3059 2942 3114 decem
2985 3061 3101 3114 suis
3134 3059 3407 3116 mandatis
3437 3077 3537 3116 oc-

1951 3152 2154 3215 cultus,
2201 3152 2255 3204 in
2295 3161 2544 3205 nostrum
2582 3167 2640 3205 se
2687 3151 2910 3205 modum
2958 3167 3020 3206 ac
3060 3151 3222 3206 nobis
3262 3152 3538 3206 inclinans

1951 3241 2184 3295 actionis
2233 3241 2385 3294 cultu
2439 3248 2794 3308 corporatur;
2849 3255 3152 3308 rursusque
3206 3257 3307 3294 nos
3359 3241 3536 3295 subli-

1949 3347 2066 3386 mes
2090 3333 2308 3400 tollens,
2334 3349 2430 3402 per
2455 3332 2738 3386 scientiam
2769 3331 3042 3400 provehit,
3073 3331 3248 3386 donec
3279 3333 3346 3387 ad
3376 3349 3533 3388 man-

1949 3424 2138 3496 datum
2192 3424 2469 3478 universis
2523 3422 2861 3478 sublimius:
2898 3423 3156 3477 Dominus
3205 3423 3344 3477 Deus
3389 3433 3530 3488 tuus,

1946 3515 2205 3568 Dominus
2235 3531 2372 3568 unus
2413 3523 2487 3567 est
2507 3513 2952 3578 “,ascendamus
2977 3531 2989 3565 :
3015 3528 3138 3566 cum
3165 3514 3350 3582 itaque
3375 3529 3532 3569 mens

1947 3614 2132 3659 nostra
2162 3604 2379 3660 cunctis
2403 3605 2602 3667 soluta,
2635 3619 2730 3658 seu
2763 3604 2947 3672 potius
2975 3603 3233 3657 omnibus
3261 3604 3527 3664 dimissis.

1949 3697 2126 3766 ipsum
2162 3704 2440 3766 postremo
2474 3695 2645 3749 Deum
2698 3703 2855 3748 nacta
2901 3694 3091 3756 fuerit,
3139 3703 3270 3750 tunc
3314 3696 3530 3766 linguas

1948 3788 2156 3858 igneas,
2188 3802 2287 3858 per
2309 3788 2540 3857 gratiam
2571 3785 2710 3842 deus
2733 3785 2950 3850 ellecta,
2982 3785 3198 3855 recipit.

2496 3900 2778 3954 INTERR.
2821 3899 2982 3953 LXII.

1915 4009 1918 4012 ·
2017 3989 2154 4054 Quid
2193 3989 2290 4044 sibi
2337 3988 2447 4042 vult
2484 4005 2501 4041 :
2538 4007 2555 4038 ι
2595 3989 2798 4041 Rarum
2846 3989 2983 4057 infer
3034 3988 3215 4058 pedem
3267 3996 3414 4043 tuum
3457 3989 3528 4042 ad

1946 4083 2170 4136 amicum
2197 4090 2363 4144 tuum,
2391 4096 2454 4132 ne
2481 4079 2617 4149 forte
2641 4087 2688 4130 te
2712 4081 2960 4143 satiatus,
2985 4080 3154 4131 oderit
3181 4087 3229 4130 te
3251 4079 3337 4131 5°?
3361 4099 3379 4130 ι

2707 4169 2862 4238 Resp.

2015 4283 2266 4339 Amicum
2303 4281 2392 4336 hic
2419 4281 2547 4344 loci,
2579 4295 2781 4348 corpus
2813 4289 3061 4334 nostrum
3091 4279 3245 4343 dicit,
3275 4280 3343 4334 ob
3370 4288 3528 4334 natu-

263 4390 401 4445 αὐτὸ
432 4390 664 4459 φυσικὴν
697 4390 886 4442 ἕνωσίν
911 4407 968 4442 τε
999 4389 1093 4442 καὶ
1126 4391 1381 4460 στοργήν.
1417 4393 1681 4462 Παραινεῖ
1706 4389 1798 4448 οὖν
1819 4397 1846 4448 ό

1951 4375 2119 4428 ralem
2148 4389 2271 4428 cum
2302 4389 2366 4427 eo
2399 4373 2656 4426 unionem
2687 4371 2999 4440 amorisque
3037 4372 3524 4427 necessitudinem.

263 4482 462 4551 Λόγος,
499 4483 596 4567 τὴν
630 4483 755 4552 περὶ
791 4483 852 4535 τὸ
887 4482 1042 4552 σῶμα
1076 4482 1332 4552 πρόνοιαν
1369 4481 1442 4552 μὴ
1474 4483 1844 4554 πεφορτισμέ-

260 4589 366 4642 νην
417 4570 705 4632 ποιεῖσθαι,
730 4570 864 4623 ἀλλα
899 4570 1043 4639 μόνῳ
1087 4569 1162 4638 τῷ
1209 4573 1306 4638 τῆς
1348 4569 1526 4636 ψυχῆς
1575 4569 1710 4638 ἴχνει
1743 4569 1841 4638 τὴν

260 4663 435 4716 αὐτοῦ
468 4663 724 4733 πρόνοιαν
762 4662 1052 4714 ποιεῖσθαι·
1113 4660 1207 4712 καὶ
1258 4659 1414 4712 τοῦτο
1457 4661 1512 4712 δὲ
1570 4660 1832 4727 σπανίως,

262 4755 481 4825 μήποτε
543 4751 642 4823 τὴν
695 4753 1002 4806 ἀνάπαυσιν
1049 4751 1211 4805 αὑτοῦ
1255 4751 1379 4821 περὶ
1418 4749 1615 4804 πολλοῦ
1655 4769 1840 4804 ποιου-

261 4845 434 4915 μένου
463 4861 580 4910 σου,
610 4844 682 4897 τὰ
713 4845 820 4897 τῶν
850 4843 1061 4914 ὲχορῶν
1087 4843 1180 4897 καὶ
1206 4843 1505 4914 μισούντων
1539 4845 1597 4896 ἐν
1627 4844 1708 4897 σοὶ
1748 4845 1836 4897 ἐν·

255 4933 526 5004 δείξηται.

885 5025 1076 5078 ΕΡΩΤ.
1109 5023 1224 5078 El".

344 5117 408 5169 Τί
425 5118 702 5185 σημαίνει
734 5116 765 5184 ἡ
789 5115 939 5170 κατὰ
971 5116 1076 5169 τὸν
1101 5117 1286 5185 νόμον
1305 5117 1439 5185 περὶ
1461 5115 1709 5184 ἀγνοίας
1730 5113 1835 5169 τοῦ

251 5207 455 5279 φόνου
470 5208 990 5275 νειιροκοπουμένη
1011 5205 1086 5278 (η)
1101 5208 1168 5260 ἐν
1189 5206 1264 5276 τῇ
1278 5207 1529 5278 φάραγγι
1549 5207 1841 5280 (Mysum;

973 5319 1200 5388 Ἀπόκρ.

333 5430 410 5501 Ση
421 5429 598 5498 μαίνει
631 5429 718 5483 διὰ
743 5430 948 5484 τούτων
971 5430 1033 5484 τὸ
1063 5431 1433 5501 πνευματικὸν
1462 5431 1708 5504 βούλημα
1735 5433 1841 5504 τῆς

324 5604 371 5638 ⁶⁸
397 5605 601 5676 Ephcs.
628 5623 666 5674 ι,
700 5606 784 5661 10.
859 5608 903 5639 ⁸⁸
930 5607 1086 5663 Deut.
1117 5624 1190 5673 vr,
1219 5609 1270 5662 4.
1350 5610 1393 5641 ⁸⁸
1421 5610 1582 5664 Prov.
1627 5625 1750 5673 xxv,
1779 5609 1867 5662 17.

331 5780 415 5855 (η)
433 5784 1097 5855 Νευροκοπουμένη.8ἰε
1114 5793 1261 5840 certe
1315 5786 1522 5840 iLXX.
1566 5786 1724 5842 Deut.
1773 5801 1861 5838 xxx
1899 5803 1910 5837 :

1947 4466 2129 4519 Monet
2158 4465 2324 4534 igitur
2353 4464 2658 4532 Scriptura,
2695 4479 2761 4517 ne
2799 4465 3072 4518 morosius
3107 4463 3356 4534 corporis
3383 4481 3528 4520 curae

1945 4554 2302 4624 impendaris,
2336 4553 2429 4607 sed
2461 4553 2631 4606 animi
2666 4553 2844 4606 solum
2888 4553 3121 4622 vestigio
3158 4553 3234 4606 illi
3270 4554 3522 4620 studeas;

1943 4646 2040 4700 sed
2079 4652 2135 4699 et
2173 4645 2280 4698 hoc
2317 4640 2494 4713 ipsum
2540 4659 2686 4706 raro,
2723 4658 2792 4696 ne
2834 4643 2974 4697 forte
3015 4643 3144 4697 dum
3190 4645 3308 4713 ejus
3351 4645 3526 4712 pluris

1943 4737 2300 4793 refectionem
2341 4751 2403 4789 ac
2449 4735 2689 4805 quietem
2745 4734 2899 4797 facis,
2936 4733 3254 4803 diligentius
3301 4750 3522 4799 curans,

1942 4845 2064 4899 qua;
2093 4829 2204 4892 sint
2232 4829 2474 4883 hostium
2513 4835 2677 4897 atque
2713 4826 3017 4881 odientium
3050 4826 3104 4880 in
3133 4835 3184 4880 te
3214 4826 3346 4881 illud
3372 4827 3526 4881 exhi-

1946 4922 2093 4977 beat.

2475 5028 2756 5082 INTERR.
2799 5025 2986 5082 LXlll.

2018 5120 2156 5188 Quid
2212 5121 2307 5174 sibi
2355 5119 2464 5174 vult
2520 5119 2706 5188 legalis
2758 5117 2924 5172 vitula
2975 5134 3070 5188 pro
3116 5119 3394 5173 homicidio
3430 5136 3525 5191 per

1947 5216 2307 5285 ignorantiam
2335 5213 2608 5266 commisso
2637 5213 2691 5264 in
2721 5209 2859 5264 valle
2888 5209 3212 5264 subnervata-
3233 5209 3276 5240 ⁸⁷
3307 5201 3332 5255 ?

2645 5322 2805 5388 Resp.

2016 5434 2221 5489 llorum
2266 5432 2512 5506 symbolo
2557 5431 2609 5484 id
2658 5431 2915 5486 videlicet
2953 5429 3224 5502 signiﬁcat
3259 5430 3523 5503 spiritalis

1945 5609 1989 5641 ⁸⁷
2019 5609 2179 5664 Deut.
2205 5625 2314 5674 xxx,
2354 5608 2471 5664 4-6.

1949 5784 2057 5838 Καὶ
2087 5784 2547 5853 νευροκοπήσουσι
2576 5784 2672 5853 τὴν
2702 5783 2930 5854 δάμαλιν
2979 5785 3036 5837 ὲν
3068 5786 3132 5854 τῇ
3159 5783 3426 5854 φάραγγι,
3461 5793 3520 5839 et
