4070 6428
275 420 365 483 {37

1461 417 1957 490 QUr'ESTIONES
1992 416 2090 476 ET
2121 415 2379 476 DUBIA.

3432 415 3547 478 838

277 529 381 588 ὑπὸ
419 525 732 597 τεσσάρων
771 527 1140 597 χαλώμενος.
1168 528 1266 583 καὶ
1303 531 1353 584 εὶ
1394 529 1658 584 δυνατὸν
1697 530 1848 584 κατὰ

1961 531 2272 595 submissus;
2328 544 2389 582 ac
2443 543 2545 580 non
2613 525 2813 597 reipsa,
2868 526 3052 582 domus
3103 535 3233 582 tecto
3275 527 3541 584 denudari

273 623 376 688 τὴν
404 621 676 688 ἱστορίαν
699 619 1232 690 ἀποστεγασθῆναι
1267 623 1374 676 τὸν
1415 623 1585 677 οἷκον
1613 641 1632 688 ;

950 731 1190 800 Ἀπόκρ.

337 823 492 877 Κατὰ
530 823 628 894 μὲν
676 821 772 893 τὴν
818 822 1085 892 ἱστορίαν,
1138 823 1357 887 πάντως
1408 817 1792 895 ἁπεστεγάσίῖη
1823 826 1850 877 ὁ

269 914 439 979 οἶκος·
467 915 654 985 ἐπειδὴ
695 917 744 966 οἱ
786 914 894 966 τῶν
940 916 1119 968 τόπων
1161 916 1384 970 ἐκείνων
1435 918 1700 970 αὐτόπται
1754 933 1850 983 γε-

269 1009 500 1076 νόμενοι,
531 1008 665 1075 φασὶ
687 1008 784 1070 τὰς
807 1009 1008 1076 στέγας
1031 1007 1136 1060 τῶν
1165 1006 1355 1072 οἴκων,
1387 1010 1496 1062 ἀπὸ
1517 1009 1668 1062 λίθου
1693 1010 1848 1078 κισή-

270 1117 355 1169 ρου
385 1093 526 1151 εἶναι
552 1097 981 1169 ἐλαφροτάτους,
1019 1099 1158 1152 ὥστε
1198 1102 1288 1154 τὸν
1320 1102 1692 1169 ἁποστεγάσαι
1728 1100 1852 1170 βου-

265 1191 509 1258 λόμενον,
577 1189 818 1255 εὐκόλως
868 1193 963 1245 καὶ
1027 1193 1313 1263 συντόμως
1370 1193 1634 1247 δύνασθαι
1693 1193 1852 1246 τοῦτο

269 1283 458 1334 ποιεῖν.
507 1281 665 1334 Κατὰ
700 1280 756 1333 δὲ
789 1281 881 1334 τὸν
934 1283 1034 1353 τῆς
1081 1285 1378 1354 ἀναγωγῆς
1418 1285 1641 1355 τρόπον,
1676 1303 1853 1356 παρα-

273 1373 475 1435 λυτικός
509 1374 646 1439 ἐστι,
677 1373 784 1436 πᾶς
822 1373 946 1438 νοῦς
971 1377 1029 1428 ἐν
1062 1377 1364 1448 ἁμαρτίαις
1401 1378 1597 1442 νοσῶν,
1634 1378 1728 1434 καὶ
1779 1379 1851 1448 μὴ

271 1461 664 1530 δυνάμενοςδδιὰ
685 1464 784 1532 τῆς
807 1465 1040 1534 φυσικῆς
1061 1465 1296 1541 θεωρίας
1322 1466 1482 1538 (αὕτη
1505 1468 1667 1538 γὰρὴ
1688 1466 1848 1537 θύρα)

273 1553 394 1605 ἰδεῖν
449 1552 545 1605 τὸν
583 1552 775 1622 λόγον·
811 1553 898 1607 διὰ
944 1555 1001 1609 δὲ
1040 1557 1138 1628 τῆς
1187 1559 1424 1620 πίστεως
1470 1559 1851 1626 ἀποστεγάσας

264 1645 322 1697 τὸ
353 1645 620 1716 κάλυμμα
648 1649 745 1717 τῆς
770 1646 1082 1718 παχύτητος
1109 1649 1204 1702 τοῦ
1239 1652 1468 1722 νομικοῦ
1499 1653 1852 1722 γράμματος,

262 1736 348 1789 διὰ
380 1735 490 1788 τῶν
530 1738 817 1811 τεσσάρων
868 1740 1102 1810 χαλᾶται
1141 1743 1205 1794 ἐκ
1255 1742 1349 1794 τοῦ
1397 1743 1629 1812 ματαίου
1662 1741 1852 1812 ὕψους,

187 1841 200 1849 ·
266 1828 403 1899 πρὸς
451 1827 543 1882 τὸν
598 1829 790 1882 ἑαυτὸν
837 1831 1155 1885 κενώσαντα
1203 1833 1399 1901 Λόγον,
1430 1835 1524 1886 καὶ
1553 1836 1618 1903 τῇ
1671 1835 1852 1888 πίστει

263 1923 354 1975 καὶ
395 1924 462 1993 τῇ
495 1921 694 1992 πράξει
717 1922 988 1993 λαμϐάνει
1016 1924 1116 1992 τὴν
1151 1925 1332 1995 βάσιν.

885 2063 1085 2118 ΕΡΩΤ.
1129 2063 1245 2118 ΞΕν.

336 2156 511 2222 Τίνος
562 2156 741 2227 χάριν
790 2159 1282 2227 καταγελωμένου
1331 2158 1688 2214 Ἐλισσαίου
1752 2160 1858 2214 τοῦ

260 2247 580 2329 προςεήτου
613 2246 682 2300 ἐκ
729 2245 848 2299 τῶν
886 2248 1138 2312 παίδων,
1174 2250 1424 2316 ηὔξατο,
1449 2251 1544 2304 καὶ
1591 2251 1860 2318 ἐξῆλθον

257 2337 458 2407 ἇρκοι,
493 2337 590 2393 καὶ
610 2337 930 2408 ἀνώρυξαν
962 2339 1344 2413 [ἀνέρρηξαν]
1373 2343 1478 2411 μβ¹
1518 2343 1774 2408 auidae;

935 2453 1173 2522 Ἀπόκρ.

328 2546 470 2601 Φασί
499 2563 644 2609 τινες
681 2545 755 2617 μὴ
788 2539 926 2600 εἶναι
963 2546 1302 2616 Ἰσραηλίτας
1332 2548 1459 2612 τοὺς
1496 2549 1710 2614 παῖδας,
1741 2548 1857 2602 ἀλλ’

261 2641 326 2694 ἐκ
351 2639 466 2695 τῶν
495 2639 813 2709 ἀλλοφύλων
831 2656 844 2668 ·
880 2639 975 2693 καὶ
1001 2639 1123 2710 οὐχὶ
1156 2642 1355 2704 παῖδας
1384 2645 1450 2713 τῇ
1487 2643 1698 2715 ἡλικίᾳ,
1721 2642 1858 2696 ἀλλὰ

258 2734 328 2802 τῇ
367 2733 652 2803 φρονήσει.
696 2731 851 2784 Ἐπεὶ
887 2726 981 2785 οὖν
1009 2732 1209 2802 ἤκουον
1238 2732 1329 2786 τὸν
1362 2734 1652 2805 προφήτην
1685 2735 1858 2788 πολλὰ

263 2827 472 2896 σημεῖα
507 2823 794 2891 ποιοῦντα,
832 2825 926 2877 καὶ
962 2825 1064 2877 οὐκ
1109 2825 1420 2885 ἐπίστευον,
1458 2824 1595 2878 ἀλλὰ
1626 2826 1860 2892 κατεγέ-

256 2915 371 2969 λων
397 2913 562 2968 αὐτοῦ
589 2929 601 2942 ·
641 2913 894 2984 παρῆσαν
928 2913 986 2966 δέ
1021 2931 1166 2977 τινες
1210 2913 1286 2984 μὴ
1327 2913 1713 2976 κοινωνοῦντες
1759 2918 1858 2987 τῆς

266 3007 506 3077 ματαίας
537 3005 720 3059 αὐτῶν
749 3004 976 3076 γνώμης
1014 3021 1027 3034 ·
1077 3005 1163 3058 ἵνα
1188 3001 1280 3058 οὖν
1313 3005 1387 3076 μὴ
1413 2999 1556 3058 οὗτοι
1579 3005 1861 3076 βλάπτων-

260 3117 379 3164 ται,
423 3099 518 3152 καὶ
552 3097 611 3150 τὸ
655 3097 980 3168 βλάσφημον
1011 3098 1090 3160 εἰς
1119 3097 1251 3150 Θεὸν
1280 3097 1580 3170 ὰνατρὲχῃ,
1619 3099 1858 3170 ἐπεξῆλ-

264 3189 360 3242 θεν
395 3190 579 3253 αὐτοῖς
612 3191 640 3242 ὁ
673 3175 826 3251 Θεὸς,
865 3187 1022 3242 Κατὰ
1046 3187 1102 3240 δὲ
1137 3187 1234 3260 τὴν
1287 3185 1544 3260 Θεωρίαν,
1578 3191 1687 3254 πᾶς
1724 3189 1851 3254 νοῦς

1953 623 2114 694 possit
2145 622 2210 677 ⁸³⁸.

2659 739 2820 811 Resp.

2022 834 2178 902 Quod
2228 833 2451 904 quidem
2506 833 2574 888 ad
2628 835 2704 889 rei
2759 843 2926 904 gesta:
2977 833 3266 890 veritatem
3319 831 3537 893 attinet,

1951 930 2179 982 omnino
2209 929 2420 982 detecta
2449 937 2532 982 cst
2560 929 2775 982 domus.
2811 928 2982 984 Aiunt
3004 927 3151 980 enim
3178 924 3272 994 qui
3298 922 3542 977 Palaesti-

1952 1037 2037 1075 na:
2076 1021 2194 1074 loca
2240 1019 2341 1088 ipsi
2389 1021 2720 1084 lustrarunt,
2758 1021 3049 1074 domorum
3086 1027 3228 1072 tecta
3266 1017 3544 1072 levissima

1953 1127 2075 1166 esse
2107 1126 2171 1165 ex
2220 1110 2402 1180 lapide
2453 1111 2690 1180 pumice,
2720 1120 2782 1166 ut
2823 1111 2918 1180 qui
2962 1111 3079 1165 hazc
3119 1124 3377 1163 amovere
3410 1109 3546 1162 velit

1953 1218 2018 1257 ac
2071 1201 2354 1272 detegere,
2397 1202 2448 1256 id
2500 1202 2661 1257 facile
2717 1203 2982 1273 brevique
3037 1204 3213 1273 possit
3260 1209 3542 1272 praestare.

1955 1293 2201 1362 Spiritali
2227 1308 2360 1347 vero
2385 1309 2449 1347 ac
2477 1293 2658 1347 altiori
2687 1311 2874 1359 sensu,
2900 1294 3234 1365 paralyticus
3257 1303 3342 1348 est
3365 1291 3546 1346 omnis

1956 1386 2174 1439 animus
2200 1387 2442 1456 peccatis
2471 1386 2751 1451 laborans,
2783 1402 2888 1441 nec
2913 1388 3102 1441 valens
3127 1385 3394 1440 naturalis
3416 1399 3548 1438 con-

1957 1475 2331 1544 templationis
2369 1477 2418 1530 vi
2459 1477 2598 1547 (haec
2641 1477 2788 1532 enim
2828 1487 2998 1546 porta:
3041 1477 3307 1530 rationem
3355 1472 3544 1543 habet)

1955 1585 2266 1646 sermonem
2315 1570 2507 1626 videre
2556 1589 2569 1624 :
2619 1571 2715 1641 qui
2770 1581 2964 1625 tamen
3005 1570 3130 1624 ﬁdei
3175 1585 3279 1638 ope
3329 1568 3542 1622 detecto

1957 1663 2157 1718 litterae
2205 1663 2340 1733 legis
2377 1664 2688 1734 obtegentis
2719 1663 2961 1727 crasitie,
3001 1679 3031 1716 a
3059 1671 3296 1732 quatuor
3328 1661 3548 1714 laxatus

1955 1756 2027 1810 ab
2065 1757 2214 1811 inani
2251 1758 2501 1812 celsitate
2544 1758 2612 1812 ad
2641 1758 2986 1820 Sermonem,
3027 1755 3121 1826 qui
3156 1755 3396 1823 seipsum
3427 1751 3547 1806 exi-

1959 1847 2172 1909 nanivit
2194 1849 2261 1915 ⁸³,
2292 1864 2391 1919 per
2415 1848 2577 1904 ﬁdem
2607 1865 2670 1904 ac
2695 1850 2966 1904 actionem
2993 1863 3240 1919 gressum
3279 1844 3502 1915 recipit.

2507 2066 2790 2122 INTER“.
2834 2065 2992 2120 LXV.

2029 2157 2169 2225 Quid
2207 2173 2384 2214 causae
2413 2168 2486 2212 est
2544 2175 2639 2211 cur
2669 2158 2897 2212 Eliswus
2935 2157 3188 2228 propheta
3221 2155 3398 2226 pueris
3425 2154 3551 2206 irri-

1956 2252 2195 2306 dentibus
2231 2260 2472 2322 precatus
2498 2251 2585 2311 sit,
2609 2251 2931 2320 eaieriutque
2959 2249 3090 2313 ursi,
3122 2264 3183 2301 ac
3212 2262 3395 2316 pueros
3419 2262 3552 2316 qua-

1957 2345 2212 2414 draginta
2244 2344 2374 2398 duos
2409 2341 2782 2412 discerpserint
2806 2342 2875 2394 7°.

2672 2453 2830 2524 Resp.

2030 2548 2173 2603 Sunt
2198 2548 2292 2617 qui
2323 2547 2514 2602 dicant
2543 2562 2654 2600 non
2694 2546 2867 2601 fuisse
2899 2562 3106 2620 pueros
3132 2546 3427 2611 lsraelitas,
3455 2546 3553 2601 sed

1958 2655 2024 2695 ex
2056 2641 2382 2712 alienigenis
2416 2659 2428 2693 :
2465 2655 2528 2694 ac
2565 2655 2748 2709 neque
2789 2647 2949 2694 aetate
2988 2654 3212 2709 pueros,
3249 2639 3346 2694 sed
3383 2633 3554 2693 animi

1959 2747 2125 2787 sensu
2154 2747 2217 2787 ac
2244 2732 2561 2802 prudentia,
2597 2730 2738 2796 Quia
2776 2729 2944 2800 igitur
2982 2730 3281 2792 audiebant
3316 2729 3556 2799 prophe-

1963 2831 2070 2878 tam
2100 2823 2270 2876 multa
2295 2823 2448 2893 signa
2473 2833 2761 2892 praestare,
2783 2836 2886 2875 nec
2912 2831 2972 2875 ut
2994 2821 3286 2876 crederent
3309 2821 3554 2874 animum

1961 2913 2321 2979 inducebant,
2356 2914 2452 2968 sed
2494 2914 2649 2967 illum
2696 2913 3035 2978 irridehant;
3072 2923 3231 2967 erant
3273 2929 3404 2967 vero
3434 2913 3558 2982 qui-

1961 3007 2086 3062 dam
2116 3014 2437 3077 praesentes,
2479 3007 2574 3076 qui
2604 3022 2632 3059 a
2666 3016 2835 3076 prava
2878 3006 3102 3059 illorum
3137 3012 3320 3059 mente
3355 3005 3560 3058 abhor-

1962 3100 2178 3154 rebant.
2206 3098 2285 3154 Ne
2310 3097 2481 3168 igitur
2502 3097 2537 3151 ii
2563 3097 2743 3152 labem
2771 3097 3107 3166 acciperent,
3134 3111 3197 3150 ac
3218 3096 3559 3166 blasphemia

1964 3192 2020 3246 in
2044 3193 2218 3246 Deum
2249 3199 2585 3256 recurreret,
2619 3191 2739 3262 ipso
2771 3192 2952 3245 ultore
2981 3190 3035 3242 in
3063 3190 3188 3244 illos
3214 3189 3563 3244 animadver-

265 3281 416 3335 κατὰ
472 3283 563 3334 τὸν
601 3281 905 3334 Ἐλισσαῖον
942 3281 1257 3351 φαλακρὸς,
1310 3281 1562 3334 τουτέστι
1609 3268 1852 3351 καθαρὸς

1961 3293 2082 3334 sum
2111 3289 2216 3336 est.
2261 3281 2510 3351 Spiritali
2553 3290 2734 3336 autem
2767 3296 2955 3345 sensu,
2982 3295 3138 3334 mens
3166 3281 3348 3333 omnis
3383 3281 3560 3335 ΕΗεωί

264 3371 476 3424 ὑλικῶν
535 3371 850 3442 νοημάτων,
910 3371 969 3423 ἐν
1007 3372 1078 3447 τῇ
1128 3369 1394 3424 ἀναϐάσει
1431 3371 1530 3442 τῆς
1582 3371 1858 3439 γνώσεως,

259 3463 447 3516 πολλὰ
476 3463 578 3516 ὑπὸ
609 3461 718 3516 τῶν
750 3461 1027 3532 λογισμῶν
1062 3461 1171 3514 τῶν
1204 3463 1334 3532 περὶ
1368 3462 1436 3517 τὰ
1487 3463 1740 3533 αἰσθητά,
1771 3463 1864 3516 καὶ

255 3557 370 3624 τὴν
401 3555 533 3625 ὓλην
562 3557 658 3609 καὶ
696 3555 757 3608 τὸ
788 3551 949 3618 εἶδος,
1000 3555 1373 3622 καταγελᾶται
1399 3571 1412 3586 ·
1446 3555 1856 3624 τεσσαράκοντα

253 3645 564 3716 δηλοῦντος
592 3646 660 3698 τὰ
681 3647 913 3718 αἰσθητά
938 3645 1011 3717 (ο)
1041 3662 1053 3674 ’
1091 3645 1192 3716 ὕλη
1213 3646 1268 3698 δὲ
1305 3646 1400 3698 καὶ
1428 3646 1488 3699 τὸ
1523 3643 1661 3708 εἶδος
1691 3663 1859 3717 προσ-

257 3738 562 3808 τιθέμενα,
600 3738 849 3792 ἀποτελεῖ
897 3738 988 3792 τὸν
1021 3739 1433 3808 τεσσαράκοντα
1480 3737 1573 3791 δύο
1605 3739 1858 3810 ἀριθμόν.

252 3831 598 3884 Σκώπτεται
647 3825 739 3884 οὖν
773 3832 837 3885 ἐκ
864 3833 973 3884 τῶν
1024 3831 1281 3884 τοιούτων
1327 3831 1602 3902 λογισμῶν
1645 3833 1672 3884 ὁ
1711 3831 1857 3898 νοῦς,

247 3925 412 3996 πρὸς
466 3924 526 3977 τὸ
566 3925 645 3987 είς
677 3925 838 3978 ὄκνον
871 3925 1035 3979 αὐτὸν
1067 3926 1406 3996 ἐμϐληθῆναι
1453 3927 1589 3997 πρὸς
1617 3928 1714 3998 τὴν
1741 3930 1864 3999 ἀρε-

239 4020 385 4090 τήν.
428 4017 665 4081 Τούτους
698 4014 792 4076 οὖν
824 4018 1088 4088 διέὑχῆς
1116 4021 1354 4088 ἀναιρεῖ,
1388 4019 1482 4072 καὶ
1514 4019 1601 4072 διὰ.
1627 4020 1734 4074 τῶν
1763 4022 1860 4092 ἆρ-

238 4129 398 4174 κων,
438 4109 691 4162 τουτέστι
724 4109 793 4163 δι’
824 4110 1020 4181 ἡδονῆς
1066 4111 1158 4164 καὶ
1209 4110 1536 4180 ὲπιθυμίαςσ
1571 4115 1688 4165 κατ’
1711 4114 1860 4166 ἀντι-

234 4204 511 4276 στροφὴν
537 4203 646 4275 γὰρ
677 4203 770 4256 ἐπὶ
792 4201 853 4255 τὸ
883 4204 1131 4273 κρεῖττον
1158 4202 1644 4272 μεταχειριζόμενα
1661 4202 1729 4256 τὰ
1751 4220 1859 4257 τοι-

231 4299 402 4353 αῦτα
445 4297 615 4367 πάθη,
669 4294 1032 4350 ἀποκτὲνουσι
1082 4295 1208 4359 τοὺς
1263 4295 1558 4368 λογισμοὺς
1601 4299 1728 4360 τοὺς
1762 4299 1860 4369 ὲμ-

228 4402 562 4448 παικτους.

879 4581 1080 4636 ΕΡΩΤ.
1120 4583 1252 4637 EG".

879 4585 1080 4636 ΕΡΩΤ.
1120 4585 1160 4635 Ξ
1224 4591 1252 4637 '.

306 4673 470 4742 Πῶς
507 4673 832 4742 ὀφείλομεν
864 4671 1034 4726 νοεῖν
1062 4585 1342 4742 τὴνςπερὶ
1373 4677 1734 4743 συντελείας
1749 4675 1855 4733 τοῦ

218 4770 274 4823 Υ
269 4767 386 4824 ἰοῦ
427 4765 724 4835 dra-alar;

964 4881 1192 4935 Ἀπόκο.

968 4897 1136 4935 Ἀποκ
1179 4920 1192 4933 .

309 4972 520 5041 Διπλῆ
567 4973 650 5036 τίς
702 4973 853 5027 ἐστιν
907 4975 1098 5042 ἄγνοια
1121 4897 1210 5042 ’ρή
1249 4971 1349 5042 μὲν
1371 4971 1857 5044 διαϐαλλομένη,ή

211 5071 309 5133 δὲ,
364 5064 714 5136 ἀδιάϐλητος
737 5083 750 5098 ι
783 5067 876 5120 καὶ
904 5068 936 5137 ἠ
973 5066 1070 5137 μὲν
1101 5064 1186 5134 ἐφ’
1215 5065 1346 5135 ἡμῖν
1377 5066 1546 5128 ἐστιν,
1573 5066 1605 5135 ἡ
1639 5066 1716 5129 δὲ,
1755 5066 1856 5118 οὐκ

206 5162 319 5234 ἐφ’
358 5159 546 5231 ἡμῖν,
584 5158 695 5212 Καὶ
728 5159 762 5228 ἡ
801 5157 902 5230 μὲν
943 5155 1344 5228 διαϐαλλομένη
1392 5156 1489 5210 καὶ
1521 5156 1607 5224 ἐφ’
1636 5158 1791 5227 ἡμῖν’
1821 5158 1854 5226 ἡ

296 5320 357 5353 ⁸⁸
391 5317 552 5373 Luc.
579 5332 634 5383 ν,
668 5315 756 5372 19.
833 5316 879 5348 ⁶⁹
902 5314 1142 5385 Philipp.
1177 5331 1235 5382 ιι,
1266 5316 1318 5370 7.

291 5460 401 5532 (0)
481 5460 951 5532 Teqdapaxmq
977 5455 1316 5532 δηλοῦντος
1357 5455 1430 5509 τὰ
1476 5451 1762 5532 αἰσθητά..
1781 5451 1874 5504 Vi-

202 5523 520 5591 deinitur
562 5523 692 5599 haee
724 5523 1112 5599 ,περιττότερον
1137 5526 1314 5599 dicta,
1355 5525 1620 5599 nec_satis
1640 5539 1708 5578 ex
1748 5523 1868 5593 lege

195 5610 477 5661 exactae
509 5596 813 5673 allegoriae.
838 5597 906 5653 Ut
935 5596 1085 5673 enim
1119 5596 1352 5673 August.
1376 5596 1614 5673 inJoan.
1647 5610 1700 5658 v,
1725 5609 1860 5673 qua:

198 5664 644 5742 dragcnarius
663 5683 933 5742 numerus
958 5668 1013 5742 in
1043 5664 1278 5742 quadam
1312 5665 1653 5736 perfectione
1681 5664 1857 5732 accipi

193 5737 413 5805 sole't,
453 5753 642 5807 eaque
675 5738 890 5793 ratione
919 5737 974 5791 in
996 5739 1208 5808 jejunio
1231 5745 1591 5808 consecratus
1608 5745 1723 5808 est:
1754 5749 1857 5808 nec

193 5803 510 5872 triateria
540 5803 595 5862 et
628 5808 805 5863 forma
833 5808 984 5861 aliud
997 5803 1144 5864 'simt
1171 5822 1337 5877 quam
1367 5807 1486 5876 ipsa
1515 5803 1772 5877 sensilia,
1798 5803 1855 5858 in

189 5885 476 5959 quibus
513 5877 746 5947 proinde
779 5893 889 5932 non
910 5878 1129 5934 videtur
1154 5873 1415 5933 debuisse
1449 5877 1717 5931 Maximus
1743 5873 1854 5957 duo

1405 5317 1450 5349 ⁷ο
1486 5316 1554 5372 IV
1579 5316 1712 5386 Reg.
1742 5331 1802 5380 ιι,
1830 5315 1920 5369 25.

1963 3389 2117 3428 more
2143 3373 2295 3427 calva
2328 3389 2339 3426 :
2372 3374 2479 3428 hoc
2508 3380 2612 3439 est,
2646 3389 2675 3427 a
2716 3373 2952 3427 terrenis
2987 3371 3164 3426 sensis
3200 3387 3264 3426 ac
3305 3373 3560 3441 cogitati-

1961 3464 2068 3519 bus
2102 3481 2259 3534 pura,
2293 3465 2347 3518 in
2377 3480 2607 3519 ascensu
2651 3465 2917 3528 scientite,
2949 3464 3249 3533 plurimum
3292 3463 3560 3518 irridetur

1962 3557 2033 3611 ab
2070 3557 2137 3611 iis
2179 3557 2509 3620 rationibus,
2537 3573 2660 3626 qua:
2697 3558 2844 3611 circa
2875 3556 3121 3618 sensilia,
3158 3556 3558 3624 materiamque

1962 3663 2026 3702 ac
2060 3648 2314 3712 formam,
2355 3657 2668 3703 versantur.
2702 3649 2780 3702 Ita
2817 3647 3049 3712 scilicet,
3083 3656 3144 3700 ut
3179 3647 3559 3717 quadragena-

1962 3742 2080 3796 rius
2125 3753 2411 3807 numerus,
2450 3757 2539 3796 res
2580 3742 2635 3795 in
2674 3757 2896 3795 sensum
2943 3741 3207 3794 cadentes
3248 3739 3554 3809 signiﬁcet;

1962 3833 2234 3903 adjunctus
2261 3849 2396 3888 vero
2420 3834 2648 3887 materia
2674 3841 2731 3886 ct
2762 3833 2957 3896 forma,
2984 3831 3096 3886 duo
3120 3847 3284 3900 supra
3317 3832 3556 3900 quadra-

1962 3922 2112 3991 ginta
2141 3921 2399 3974 clliciant.
2433 3921 2788 3976 Subsannant
2820 3922 2986 3992 igitur
3013 3921 3256 3975 rationes
3283 3923 3556 3992 ejusmodi

1963 4011 2231 4075 animum,
2269 4019 2328 4063 ut
2384 4010 2439 4063 in
2484 4010 2824 4076 socordiam,
2877 4026 2988 4079 quo
3037 4010 3220 4063 minus
3261 4008 3354 4064 ille
3393 4009 3556 4063 obeat

1962 4105 2258 4168 virtutem,
2309 4104 2628 4174 conjiciunt.
2673 4103 2782 4164 Has
2830 4104 2999 4174 igitur
3051 4102 3309 4173 precibus
3356 4110 3552 4176 necat,

1963 4197 2128 4265 idque
2174 4211 2431 4248 ursorum
2474 4211 2676 4265 opera;
2714 4197 3013 4266 voluptatis
3055 4197 3268 4250 scilicet
3299 4210 3364 4249 ac
3400 4195 3555 4264 cupi-

1963 4288 2152 4355 ditatis
2184 4287 2348 4359 326
2379 4305 2503 4358 ope.
2539 4290 2761 4344 Alterna
2800 4289 2947 4344 enim
2989 4287 3350 4344 conversione
3381 4289 3555 4347 virtu-g

1965 4379 2034 4433 tis
2082 4378 2331 4440 subsidio
2381 4382 2628 4450 usurpati
2676 4382 2906 4436 atl‘ectus
2947 4381 3240 4450 ejusmodi,
3282 4379 3556 4434 derisores

1964 4470 2234 4538 cogitatus
2265 4456 2617 4540 rationesque
2650 4471 3057 4526 contrucidant.

2499 4587 2785 4641 INTERR.
2826 4585 3008 4639 LXVI.

2031 4683 2302 4749 Quomodo
2358 4681 2506 4734 nobis
2559 4677 3001 4748 intelligendum,
3060 4680 3310 4748 ignorare
3362 4677 3554 4732 Filium

1955 4771 2135 4827 swculi
2173 4770 2682 4826 consummationem
2708 4768 2786 4823 7‘?

2678 4877 2832 4947 Resp.

2038 4974 2249 5044 Duplex
2276 4971 2582 5044 ignorantia
2614 4979 2734 5035 cst;
2771 4954 2961 5032 altera,
2991 4985 3114 5039 qua:
3142 4969 3375 5024 obnoxia
3407 4969 3556 5024 vitu-

1969 5068 2125 5136 perio
2179 5066 2278 5129 sit,
2334 5066 2501 5122 altera
2561 5079 2683 5132 qua:
2742 5062 2890 5116 omni
2940 5063 3062 5116 lahe
3113 5070 3327 5126 careat,
3379 5062 3558 5132 sitque

1969 5158 2189 5217 innoxia
2217 5175 2229 5211 :
2263 5167 2427 5227 atque
2453 5156 2624 5229 altera
2645 5155 2887 5226 quidem,
2910 5170 3079 5223 penes
3106 5170 3208 5208 nos
3247 5165 3560 5225 nostraeque

1995 5315 2037 5345 ⁷¹
2067 5314 2231 5369 Marc.
2262 5331 2377 5379 xm,
2408 5314 2495 5368 52.

1982 5466 2232 5520 quaerere
2297 5465 2459 5520 supra
2507 5448 2871 5519 quadraginta
2907 5489 2921 5511 ,
2969 5449 3247 5519 siquidem
3313 5448 3557 5518 quadra-

1977 5523 2127 5591 ginta
2175 5521 2285 5592 (ob
2315 5520 2810 5592 quatuorscilicet
2833 5521 3152 5592 elementa)
3205 5520 3450 5592 exponit
3491 5520 3559 5592 τὰ

1975 5588 2227 5662 αἰσθητὰ,
2253 5588 2409 5661 quasi
2437 5606 2514 5662 ex?
2534 5590 2642 5643 illis
2671 5590 2868 5644 coalita
2897 5609 2909 5642 :
2955 5591 3060 5662 nisi
3095 5588 3373 5662 {erlenhoc
3395 5588 3562 5642 libuit

1966 5658 2162 5716 ludere
2198 5661 2254 5714 in
2271 5658 2569 5731 allegoriae
2595 5661 2984 5731 campo;un
3040 5661 3146 5714 alia
3184 5660 3306 5713 aliis
3357 5658 3558 5731 imme-

1965 5733 2147 5787 diatus
2178 5732 2244 5786 ad
2277 5732 2394 5800 ipsa
2407 5728 2482 5785 'se
2514 5728 2774 5793 habeant,
2800 5728 3084 5800 possitque
3113 5731 3332 5785 animus
3351 5728 3556 5785 distin-

1964 5803 2168 5858 ctionis
2196 5800 2409 5872 aliquid
2438 5802 2678 5872 cogitare
2708 5802 2853 5856 inter
2883 5801 2998 5858 illa.
