2035 3208
196 166 242 200 Ml

796 163 1043 199 QUESTIONES
1061 163 1109 193 ET
1130 163 1256 194 DUBlA.

1774 163 1827 197 842

195 221 289 257 ἐπειδὴ
305 220 335 247 τδ
355 219 405 256 μὲν
419 220 479 247 ὅλον
491 219 571 255 σῶμα
587 218 693 246 σκέπει.
715 219 798 253 μόνας
814 218 842 245 δὲ
856 219 908 250 τὰς
929 220 985 254 χεῖ-

1039 226 1150 254 corpus,
1164 219 1231 246 solis
1242 219 1368 247 manibus
1380 219 1462 247 nudis
1470 218 1586 252 relictis,
1598 222 1682 254 tegat,
1694 220 1824 248 moralcn:

199 277 249 303 ρας
266 268 376 303 γυμνοί,
393 265 571 301 σημαίνειὼς
586 264 639 300 χρὴ
654 264 703 299 τὴν
718 264 816 300 ἠθικὴν
828 264 987 299 φιλοσοφίαν

195 313 364 345 ἐνδεδύσθαι,
381 312 565 349 ἀφῃρημένην
581 310 630 342 τὰς
652 310 808 344 πρακτικὰς
829 311 879 345 τῆς
896 311 988 346 ἀμαρ-

193 361 254 392 τίας
274 358 428 394 ἐνεργείας·
455 358 501 385 καὶ
523 357 560 388 ὡς
584 356 637 391 χρὴ
652 356 754 391 ταύτην
776 356 931 382 ἰπικεῖσοαι
945 356 988 382 ἀεὶ

195 404 242 430 ἐπί
253 412 282 430 τε
292 403 405 438 δυνάμει
419 402 465 429 καὶ
480 401 614 437 ἐνεργείᾳ.
632 400 663 426 Ἡ
674 401 728 435 γὰρ
736 399 848 434 δύναμις
856 400 904 435 τῆς
914 400 988 426 ἀντι-

195 450 326 484 κειμένης
355 448 401 475 τοῦ
428 447 547 482 πονηροῦ
573 447 731 476 δυναστείας
748 446 817 478 ἐστὶ,
844 445 915 472 κατὰ
944 445 988 472 τὸν

205 495 273 525 Ἰὼϐ,
289 495 340 520 ὑπὸ
355 493 478 528 ὀμφαλοῦ
499 493 616 526 γαστρός
627 500 634 507 ·
652 493 699 519 καὶ
715 493 745 518 αἱ
760 491 846 526 ψυχαὶ
859 490 931 517 κατὰ
943 490 988 517 τὸν

197 541 334 575 μακάριον
361 540 455 570 Δαϐὶδ,
482 540 651 574 πληροῦνται
672 538 728 565 τῶν
750 537 917 571 δαιμονικῶν
938 538 989 573 ἐμ-

196 587 373 621 παιγμάτων.
395 585 592 619 Ἐμπαίγματα
610 584 639 610 δέ
663 584 743 614 εἰσιν,
760 584 787 609 αἱ
801 583 925 618 διάφοροι
939 583 989 618 τῆς

197 633 325 667 πορνείας
341 631 485 665 ἐνέργειαι.
512 630 540 657 Ὀ
556 631 584 656 δὲ
600 629 745 662 ἀναλαϐος,
759 628 853 664 ἐπειδὴ
872 629 919 655 καὶ
938 629 988 663 ἑμ-

197 680 267 713 πρὸς
290 679 335 704 καὶ
349 679 437 703 ὀπίσω
451 677 493 703 τὸν
508 677 623 712 σταυρὸν
641 676 706 711 ἔχει,
724 675 852 710 σημαίνει
866 675 908 701 ὅτι
923 674 987 710 χρὴ,

197 725 268 751 κατὰ
284 725 328 750 τὸν
348 723 520 751 Ἀπὸστολονι
543 723 579 757 μὴ
601 721 681 756 μόνον
707 720 898 756 σταυρωθῆναι
914 720 989 754 ἡμᾶς

195 771 236 806 τῷ
254 771 359 805 κόσμῳ,
375 770 443 796 ἀλλὰ
463 769 508 795 καὶ
525 768 570 794 τὸν
587 768 690 802 κόσμον
712 767 777 802 ἡμῖν
788 774 794 780 ·
812 766 856 793 ἵνα
873 765 988 800 φευγόν-

194 825 251 843 των
268 816 345 851 ἡμῶν
360 815 405 841 τὸν
419 815 532 849 κόσμον,
551 814 634 849 μηδὲν
646 812 774 848 ἐμπόδιον
790 812 907 847 ἔχωμεν,
920 811 987 847 μηδὲ

195 864 231 898 τῇ
249 862 316 896 πρὸς
332 862 411 887 αὑτὸν
427 861 516 895 σχέσει
532 860 574 885 διὰ
591 861 639 892 τῆς
653 858 866 893 ὲπιφαινομένης
880 857 988 892 ἀπάτης

1038 271 1089 291 nos
1100 263 1302 299 philosophiam
1317 264 1427 292 indutos
1437 272 1497 292 esse
1510 264 1611 293 debere
1623 264 1767 300 signiﬁcat,
1783 264 1827 292 cui

1038 309 1144 345 peccati
1172 310 1347 345 operationes
1363 314 1495 345 actusque
1510 310 1599 337 ablata
1615 311 1684 343 sint;
1702 319 1827 346 semper-

1038 363 1092 389 que
1116 362 1180 382 cum
1203 355 1327 382 facultati
1351 360 1408 382 tum
1433 356 1588 390 operationi
1612 360 1739 390 oportere
1765 365 1826 384 esse

1039 399 1206 434 impositam.
1233 400 1362 427 Adversa:
1383 400 1457 427 enim
1485 400 1646 435 nequissimi
1672 400 1752 435 327
1779 408 1828 435 po-

1040 445 1147 472 testatis
1163 445 1215 477 vis,
1230 450 1261 472 ut
1274 449 1371 472 auctor
1385 450 1427 472 est
1439 445 1536 472 beatus
1548 445 1598 472 Job
1613 445 1646 477 ",
1659 445 1711 472 sub
1724 446 1828 473 ventris

1039 491 1171 518 umbilico
1190 495 1247 523 est;
1268 491 1419 525 animique,
1438 496 1508 518 teste
1525 491 1606 518 beato
1624 491 1769 524 Davidc",
1785 500 1829 519 re-

1038 536 1150 570 plentur
1169 535 1324 562 daemonum
1347 535 1533 563 illusionibus.
1553 536 1623 563 Sunt
1640 544 1706 563 vero
1724 536 1830 564 illusio-

1038 589 1104 614 nes,
1126 581 1241 609 diversae
1262 581 1452 608 fornicationis
1476 581 1660 616 operationes.
1684 582 1829 613 Ἀνάλαὸος

1038 632 1130 656 autem
1152 628 1214 664 (nos
1230 627 1308 662 quasi
1321 627 1451 662 replicam
1466 629 1498 660 “,
1519 627 1700 655 monasticam
1724 628 1830 656 scilicet

1038 674 1192 709 scapulare,
1205 672 1338 708 dicamus)
1353 681 1416 700 cum
1430 678 1493 700 ante
1509 678 1637 710 retroque
1652 674 1752 701 habeat
1764 682 1830 701 cru-

1038 726 1116 752 cem,
1144 719 1197 746 hoc
1220 718 1357 754 signiﬁcat
1374 728 1381 745 :
1397 718 1501 746 debere
1525 727 1591 751 nos,
1614 720 1690 755 juxta
1714 721 1832 755 Aposto-

1037 765 1095 792 lum
1107 765 1141 797 7‘,
1161 772 1216 791 non
1242 764 1332 792 solum
1357 763 1460 790 mundo
1481 763 1630 791 cruciﬁxos
1648 771 1719 797 esse,
1737 764 1785 791 sed
1802 769 1830 791 et

1038 810 1171 837 mundum
1188 810 1216 836 in
1232 809 1314 836 nobis
1335 808 1495 836 cruciﬁxum
1519 808 1636 842 habere;
1654 816 1709 844 quo
1726 809 1831 837 scilicet

1037 856 1119 883 nobis
1141 855 1274 882 mundum
1295 854 1474 890 fugientibus,
1490 854 1559 881 nihil
1583 854 1772 890 impedimenti
1790 855 1833 882 in-

194 908 413 943 ὲγκρατηοὼμεν
426 916 433 922 ·
457 907 526 941 μήτε
553 906 580 931 δὲ
604 905 684 932 πάλιν
698 904 753 931 τῶν
768 903 879 930 ὄπισθεν
891 903 987 929 διωκό-

1040 907 1144 935 currat,
1161 911 1212 930 nec
1237 902 1337 930 aﬁectu
1361 902 1390 929 in
1411 910 1474 930 eum
1492 909 1524 930 ac
1538 902 1665 936 libidine,
1682 904 1831 938 conspicua

199 962 276 988 μενοι
294 954 326 978 ὲκ
347 952 394 978 τοῦ
420 953 522 986 κόσμου
539 951 570 976 ἐκ
594 950 647 976 τῶν
663 949 799 976 ἀκουσίων
814 947 987 983 πειρασμῶν,

197 999 398 1034 ὑπενδώσωμεν
414 999 459 1024 τοῦ
474 998 550 1023 τόνου
562 998 610 1031 τῆς
623 995 779 1026 εὐσεϐείας·
791 994 848 1021 ἀλλ’
861 993 989 1028 ἀναίσθη-

195 1055 240 1073 τοι
258 1046 304 1072 καὶ
315 1046 406 1080 νεκροὶ
426 1045 623 1079 διαμείνωμεν,
639 1043 708 1077 πρὸς
721 1051 751 1068 τε
764 1041 799 1068 τὰ
811 1040 927 1068 ἀκούσια
941 1040 989 1067 καὶ

195 1094 234 1120 τὰ
247 1093 357 1119 ἑκούσια
373 1092 456 1126 πάθη.
474 1091 510 1116 Τὸ
525 1090 552 1116 δὲ
570 1089 727 1115 κουκοὺ).ιον
744 1088 830 1123 δηλοῖ,
841 1087 890 1123 τὴν
906 1095 989 1122 φρου-

198 1141 300 1176 ροῦσαν
311 1140 358 1166 καὶ
376 1140 474 1165 σκέπον
480 1148 526 1164 σαν
540 1138 583 1164 τὸν
593 1137 654 1163 νοῦν
667 1137 746 1172 ἡμῶν
757 1136 838 1171 χάριν
850 1135 897 1161 τοῦ
909 1134 987 1161 Θεοῦ.

203 1187 235 1213 '0
251 1186 306 1221 γὰρ
325 1186 542 1220 ἀποκειράμενος
560 1184 593 1210 τὰ
610 1183 655 1210 τοῦ
674 1183 778 1218 κόσμου
794 1182 928 1217 νοήματα,
939 1180 988 1215 τὴν

195 1232 417 1268 περικεφαλαίαν
442 1231 548 1265 δέχεται
567 1230 612 1255 τοῦ
627 1229 774 1264 σωτηρίου.
788 1227 828 1254 Τὰ
846 1227 875 1253 δὲ
892 1225 989 1253 σανδά-

195 1280 255 1311 λια,
269 1278 361 1305 τοῦτον
376 1277 486 1312 ἔχειτὸν
501 1276 587 1310 λόγον.
609 1274 716 1309 Ἐπειδὴ
727 1275 759 1301 ἑκ
772 1272 875 1308 νεκρῶν
890 1271 990 1307 δερμά-

197 1333 255 1351 των
271 1324 335 1352 εἰσὶ,
351 1322 441 1357 μικρῷ
462 1322 489 1347 δὲ
507 1321 586 1356 μέρει
611 1320 657 1346 τοῦ
676 1320 802 1354 σώματος
820 1317 988 1348 ὑπόκεινται,

197 1373 247 1396 τὸν
262 1369 344 1396 αὐτὸν
359 1368 471 1403 τρόπον,
487 1365 558 1404 ᾗπερ
573 1367 602 1392 τὸ
621 1366 680 1393 ὅλον
701 1365 779 1400 σῶμα
794 1363 862 1400 πρὸς
879 1363 913 1390 τὰ
929 1363 990 1398 ίχνη

199 1415 248 1442 τοῦ
263 1415 405 1442 σανδαλίου
419 1414 485 1448 ἔχει,
502 1414 575 1440 οὕτω
591 1412 643 1448 χρὴ
659 1413 706 1447 τὴν
719 1411 809 1447 ψυχὴν
826 1409 867 1445 τῷ
882 1408 990 1444 σώματι

199 1460 366 1497 κεχρῆσθαι.
381 1460 428 1487 καὶ
444 1460 523 1486 τοῦτο
538 1458 652 1494 «κεκροῦν
669 1458 723 1484 τῶν
747 1456 824 1491 παρὰ
839 1455 921 1491 φύσιν
937 1463 991 1482 πα-

201 1507 266 1534 οῶν.
282 1507 319 1533 Τὸ
343 1506 371 1532 δὲ
400 1506 583 1541 περιϐόλαιον,
602 1504 695 1539 ἐπειδὴ
708 1502 880 1538 τετράγωνόν
894 1502 971 1529 ἔστιν
981 1522 990 1535 ,

200 1555 232 1580 ὲκ
246 1554 386 1588 τεσσάρων
409 1552 436 1578 δὲ
463 1551 601 1586 στοιχείων
623 1551 669 1577 καὶ
688 1551 701 1577 ὁ
724 1550 837 1584 κόσμος,
862 1548 990 1583 σημαίνει

201 1600 242 1625 ὅτι
258 1598 310 1634 χρὴ
336 1597 551 1633 περιϐεϐλῆσθαι
577 1598 649 1632 ἡμᾶς
663 1596 713 1631 τὴν
726 1595 844 1631 φυσικὴν
861 1594 988 1629 θεωρίαν,

201 1644 270 1670 ὥστε
290 1643 327 1678 μὴ
352 1643 420 1677 πρὸς
443 1644 570 1676 αἴσθησιν
586 1643 632 1668 καὶ
652 1641 725 1677 πάθη
739 1642 774 1667 τὰ
787 1639 915 1676 ὁρώμενα
929 1639 990 1675 βλέ-

202 1699 272 1723 πειν,
289 1691 356 1717 ἀλλὰ
374 1690 417 1716 διὰ
433 1689 480 1715 τοῦ
498 1690 525 1714 ἐν
544 1689 637 1720 αὐτοῖς
660 1688 751 1722 λόγου,
770 1686 839 1722 πρὸς
863 1686 910 1713 τὸν
929 1685 991 1712 τού-

201 1744 255 1762 των
276 1735 441 1770 δημιουργὸν
467 1733 626 1768 ἀνάγεσθαι.
650 1733 688 1759 Τδ
714 1732 743 1759 δὲ
757 1731 806 1766 τὴν
819 1731 991 1767 ἀριστερὰν·

203 1781 281 1815 χεῖρα
301 1779 558 1815 παραγυμνοῦσθαι,
579 1778 705 1814 σημαίνει
725 1777 767 1803 ὃτι
783 1776 835 1812 χρὴ
855 1776 904 1808 τὰς
923 1776 991 1810 ἀγα-

208 1825 255 1857 θᾶς
267 1825 378 1861 πράξεις
391 1827 420 1852 ὲν
432 1826 497 1860 ἡμῖν
510 1824 717 1859 προφαίνεσθαι,
734 1823 806 1850 κατὰ
819 1823 864 1849 τὸν
875 1822 923 1849 τοῦ
935 1822 992 1848 Σω-

208 1872 288 1907 τῆρος
312 1871 398 1905 λόγον,
429 1873 504 1902 ὃπως
530 1871 622 1897 ἴδωσιν
640 1871 664 1896 οι
696 1869 835 1905 ἄνθρωποι
861 1868 896 1895 τὰ
920 1867 992 1895 καλὰ

205 1916 281 1950 ἡμῶν
297 1916 376 1951 ἔργα,
397 1917 443 1943 καὶ
465 1916 599 1947 δοξάσωσι
617 1915 663 1942 τὸν
679 1914 790 1950 Πατέρα
806 1913 886 1949 ἡμῶν
902 1913 948 1939 τὸν
963 1914 992 1939 ἐν

201 1963 255 1994 τοῖς
271 1963 407 1998 οὐρανοῖς.
423 1963 459 1989 Τὸ
476 1963 503 1989 δὲ
523 1963 615 1997 μαῦρα
629 1961 665 1988 τὰ
685 1961 820 1996 ἐνδύματα
842 1958 923 1990 εἶναι,
941 1968 990 1995 ση-

201 2009 293 2043 μαίνει
306 2009 347 2035 ὂτι
359 2009 412 2044 χρὴ
428 2010 502 2044 ἡμᾶς
523 2010 636 2042 ἀφανεῖς
649 2005 718 2034 εἶναι
734 2007 774 2043 τῷ
789 2007 895 2041 κόσμῳ,
907 2006 945 2038 ὡς
959 2005 989 2032 τδ

197 2054 352 2089 πολίτευμα
373 2055 487 2089 ἔχοντας
502 2055 530 2080 ἐν
546 2054 662 2089 οὐρανῷ.
677 2054 709 2080 Et
722 2054 750 2081 δέ
770 2062 812 2085 τις
833 2053 862 2079 τὸ
878 2052 989 2079 παλλίΟν

194 2101 371 2134 τετράγωνον
384 2101 424 2133 ὃν,
441 2101 487 2127 καὶ
505 2101 544 2131 είς
558 2101 606 2131 τὰς
618 2099 729 2134 γενικὰς
743 2100 878 2134 τέσσαρας
888 2098 990 2134 ἀρετὰς

194 2144 320 2176 ἐκλάὃοι,
336 2145 414 2172 τοῦτο
426 2145 537 2176 εἰκότως
551 2145 598 2179 οὐχ
612 2145 811 2179 ἁμαρτήσεται.

1039 947 1146 983 decepti
1163 947 1264 982 specie,
1282 952 1439 980 teneamur;
1457 954 1546 981 neque
1565 955 1660 975 rursus
1676 955 1709 975 eo
1725 956 1741 975 a
1755 952 1832 983 tergo

1039 998 1237 1028 persequente,
1262 993 1297 1020 iis
1321 992 1521 1020 tentationibus
1543 1000 1604 1028 qua:
1628 992 1722 1020 invitis
1745 993 1831 1021 obve-

1039 1038 1130 1070 niuut,
1144 1042 1303 1065 contentum
1316 1037 1427 1073 pietatis
1440 1038 1564 1066 studium
1578 1037 1726 1073 quidquam
1738 1039 1833 1066 remit-

1041 1088 1130 1111 tamus
1142 1092 1149 1117 ;
1165 1083 1214 1111 sed
1226 1084 1303 1111 velut
1315 1091 1413 1111 sensus
1424 1088 1552 1119 expertes
1564 1087 1593 1111 et
1603 1084 1681 1119 quasi
1700 1085 1830 1117 emortui,

1040 1128 1175 1156 adversus
1199 1132 1257 1155 tum
1279 1127 1452 1155 voluntarios
1473 1128 1589 1155 aﬁ‘eelus
1611 1127 1751 1163 malaque,
1774 1133 1831 1155 tum

1040 1172 1242 1200 involuntarios
1265 1173 1460 1200 consistamus.
1485 1172 1617 1200 Cucullus
1648 1173 1697 1200 Dei
1715 1173 1832 1208 gratiam

1040 1217 1190 1253 signiﬁcat,
1212 1222 1403 1253 protegentem
1425 1224 1546 1247 mentem
1566 1227 1683 1254 eamque
1702 1219 1834 1255 obtegen-

1042 1268 1107 1292 tem.
1129 1264 1214 1300 Cujus
1234 1265 1309 1292 enim
1332 1265 1454 1293 detonsze
1476 1270 1540 1293 sunt
1560 1266 1706 1293 szeculares
1728 1266 1833 1301 cogita-

1040 1309 1141 1342 tiones,
1158 1310 1262 1345 galeam
1282 1311 1397 1338 assumit
1411 1310 1538 1338 salutaris
1552 1311 1585 1338 ⁷⁸.
1606 1311 1691 1338 Porro
1709 1311 1833 1339 sandalia

1041 1354 1113 1382 hanc
1125 1355 1229 1383 habent
1240 1356 1386 1384 rationem.
1402 1356 1471 1384 Cum
1483 1356 1557 1383 enim
1573 1364 1605 1384 ex
1621 1356 1739 1384 mortuis
1753 1357 1832 1392 pelli-

1040 1402 1094 1431 bus
1116 1404 1250 1437 confecta,
1272 1412 1305 1432 ac
1328 1405 1453 1440 corporis
1474 1405 1580 1440 exigua;
1601 1406 1672 1440 parti
1694 1406 1832 1434 substrata

1041 1450 1107 1483 sint,
1127 1450 1180 1478 hoc
1200 1451 1351 1479 denotant:
1368 1459 1422 1486 qua
1445 1452 1551 1479 ratione
1573 1456 1661 1479 totum
1684 1460 1785 1488 corpus
1799 1453 1832 1480 ad

1041 1495 1158 1523 sandalii
1182 1497 1296 1532 vestigia
1313 1505 1341 1524 se
1366 1496 1458 1531 habet,
1477 1497 1518 1525 sic
1539 1505 1654 1526 necesse
1673 1502 1704 1526 ut
1727 1499 1834 1526 animus

1042 1548 1158 1576 corpore
1183 1545 1287 1574 utatur,
1308 1542 1454 1577 ipsumque
1471 1542 1616 1570 aﬁ‘ectibus
1633 1543 1834 1571 innaturalibus

1043 1588 1107 1624 (qui
1128 1588 1233 1616 scilicet
1255 1589 1324 1616 vitio
1348 1589 1486 1624 haereant)
1510 1589 1551 1617 sic
1576 1589 1656 1624 quasi
1677 1595 1833 1618 emortuum

1042 1633 1150 1661 reddat.
1169 1634 1293 1669 Denique
1311 1634 1435 1670 pallium,
1450 1635 1524 1670 quod
1542 1635 1643 1663 habeat
1655 1639 1773 1671 quatuor
1783 1644 1834 1663 au-

1041 1686 1120 1721 gulos
1130 1706 1137 1719 ,
1161 1694 1194 1714 ac
1205 1686 1325 1714 mundus
1336 1686 1420 1714 etiam
1431 1691 1551 1722 quatuor
1561 1687 1706 1716 elementis
1715 1692 1833 1721 constet,

1041 1731 1095 1759 hoc
1108 1731 1212 1760 iudicat
1225 1741 1233 1760 :
1246 1732 1350 1761 debere
1368 1740 1419 1760 nos
1426 1733 1509 1761 etiam
1525 1733 1553 1761 id
1569 1741 1657 1770 genus
1671 1733 1835 1769 speculatio-

1041 1777 1085 1805 nis
1100 1777 1225 1810 induere,
1241 1778 1316 1813 quod
1339 1779 1458 1806 naturali
1480 1787 1532 1806 usu
1555 1783 1713 1814 prastatur,
1729 1786 1765 1806 ne
1789 1786 1835 1807 res

1041 1824 1130 1852 oculis
1148 1824 1287 1860 subjectas
1316 1833 1351 1853 ex
1374 1822 1472 1853 sensus
1493 1825 1698 1860 aﬁ‘ectuumque
1718 1824 1834 1852 libidine

1042 1875 1204 1902 cernamus,
1221 1869 1270 1896 sed
1294 1877 1344 1905 per
1366 1869 1503 1897 rationem
1525 1877 1586 1904 qua:
1613 1869 1668 1897 illis
1693 1870 1779 1902 inest,
1799 1869 1833 1896 ad

1042 1915 1153 1942 illorum
1181 1920 1323 1942 auctorem
1352 1915 1547 1951 provehamur.
1572 1914 1651 1948 Quod
1678 1921 1769 1943 autem
1798 1916 1836 1943 si-

1042 1959 1130 1987 nistra
1153 1968 1249 1988 manus
1273 1960 1381 1988 detecta
1406 1960 1453 1994 sit,
1477 1961 1531 1987 hoc
1555 1960 1707 1996 signiﬁcat,
1732 1961 1834 1989 debere

1043 2005 1130 2033 bonas
1159 2005 1282 2033 actiones
1309 2005 1338 2032 in
1360 2005 1442 2033 nobis
1463 2006 1630 2041 praelucere,
1656 2006 1734 2041 juxta
1760 2006 1834 2041 quod

1042 2050 1168 2086 pmipit
1178 2051 1321 2083 Dominus,
1337 2055 1367 2078 ut
1378 2051 1490 2078 videant
1505 2050 1632 2078 homines
1645 2059 1729 2086 opera
1740 2056 1835 2079 nostra

1043 2096 1125 2130 bona,
1139 2101 1167 2124 et
1187 2097 1342 2132 gloriﬁcent
1359 2097 1468 2125 Patrem
1487 2101 1612 2124 nostrum
1636 2098 1684 2133 qui
1706 2098 1733 2125 in
1756 2099 1834 2126 caelis

1044 2147 1085 2170 est
1098 2144 1130 2170 ".
1148 2143 1225 2177 Quod
1243 2144 1310 2178 pulli
1325 2143 1427 2171 coloris
1443 2144 1499 2171 sint
1515 2143 1688 2176 indumenta,
1700 2144 1754 2172 hoc
1771 2144 1835 2173 insi-

192 2196 278 2222 nuat,
293 2191 394 2218 debere
416 2200 466 2219 nos
484 2199 543 2219 esse
559 2191 659 2219 sreculo
679 2192 823 2224 obscuros,
857 2195 888 2218 ut
905 2191 952 2225 qui
968 2190 1051 2217 vitam
1070 2198 1102 2218 ac
1116 2191 1315 2226 municipatum
1351 2192 1378 2218 in
1393 2191 1463 2219 caelo
1495 2191 1647 2219 habeamus
1660 2192 1693 2218 ".
1712 2191 1760 2219 Sin
1786 2200 1835 2220 au-

192 2245 255 2266 tem
269 2238 370 2272 aliquis
396 2238 519 2273 pallium,
534 2238 605 2272 quod
624 2242 744 2273 quatuor
761 2237 876 2273 angulos
895 2237 1006 2268 habeat,
1027 2237 1110 2264 etiam
1133 2238 1167 2265 ad
1189 2237 1333 2273 generales
1354 2241 1473 2272 quatuor
1504 2237 1622 2265 virtutes
1643 2238 1780 2271 retulerit,
1801 2247 1836 2267 ne

188 2285 238 2312 sic
255 2284 365 2318 quidem
380 2292 394 2310 a
408 2291 474 2310 vero
489 2283 672 2311 aberravcrit.

500 2339 598 2366 ΕΡΩΤ.
618 2340 681 2367 Eﬂ'.

534 2441 649 2476 Ἆπόκρ.

229 2487 352 2522 Εἰρήνην
364 2487 378 2514 ὁ
392 2487 483 2523 ἱερεὺς
498 2486 552 2513 ἀπὸ
563 2487 611 2514 τοῦ
626 2486 712 2522 ὕψους
732 2486 782 2521 τῆς
803 2486 941 2521 καθέδρας
953 2488 987 2522 τῇ

190 2533 353 2574 Ἐκκλησία
372 2533 581 2567 ἐπιφθέγγεται,
597 2533 643 2560 τὸν
665 2532 768 2568 Κύριον
790 2532 840 2567 τῆς
852 2532 988 2567 καθέδρας

182 2579 376 2617 μιμούμενος,
389 2579 648 2615 ἁναλαμόανόμενον
666 2580 779 2615 εἰρήνην
800 2579 850 2615 τὴν
872 2579 986 2611 οἰκείαν,

180 2627 243 2657 xit
258 2627 372 2661 ἀφιέντα
387 2627 434 2654 καὶ
457 2626 574 2654 διδόντα.
590 2626 624 2653 Τὸ
649 2626 687 2660 δὲ,
703 2626 758 2654 Kal
782 2626 821 2659 τῷ
839 2625 986 2661 πνεύματι

225 2705 255 2722 τ’
267 2704 318 2733 Job
330 2712 373 2737 XL,
387 2704 430 2732 Η.
467 2694 491 2720 9³
502 2704 573 2732 Psal.
589 2712 692 2734 xxxvn.
702 2704 729 2731 8.
758 2704 781 2720 ⁷⁵
792 2703 880 2731 Galat.
893 2712 930 2736 vt,
947 2704 990 2732 Η.

228 2775 241 2786 ⁹
255 2773 327 2807 Quid
341 2774 364 2802 si
377 2774 476 2807 δεξιάν,
492 2774 526 2802 ad
540 2774 645 2802 laboris
664 2774 771 2801 scilicet
784 2774 884 2802 usum?

174 2833 288 2872 gentis
333 2837 474 2872 mentem:
493 2832 689 2872 _Dorptheu_s,
729 2831 803 2872 quod
836 2839 992 2866 puerorum

175 2867 387 2905 [egumcntum
416 2867 515 2902 capitis
551 2867 603 2898 sit,
636 2867 743 2902 signum
774 2867 855 2895 docet
885 2876 982 2894 ταπει-

342 2914 476 2944 Pnnon.
499 2913 558 2943 Gn.
582 2913 646 2944 XC.

1245 2339 1328 2375 323
1345 2339 1486 2367 INTERR.
1511 2337 1628 2367 vam.

1078 2401 1832 2413 un..........o....ou..u....

1390 2436 1473 2475 Resp.

1073 2489 1208 2517 Sacerdos
1220 2496 1235 2517 e
1248 2488 1360 2516 sublimi
1382 2487 1519 2516 cathedra:
1531 2487 1617 2523 gradu
1629 2495 1725 2522 pacem
1737 2487 1832 2516 Eccle-

1038 2535 1085 2563 siae
1096 2535 1237 2567 acclamat,
1252 2534 1373 2562 imitatus
1386 2533 1522 2562 cathedra;
1535 2534 1692 2567 Dominum,
1704 2534 1762 2570 qui,
1774 2542 1830 2570 quo

1038 2585 1161 2616 tempore
1177 2580 1379 2612 assumebatur,
1394 2579 1451 2607 suis
1465 2586 1559 2614 pacem
1573 2580 1686 2614 reliquit
1698 2587 1730 2607 ac
1742 2580 1828 2608 dedit.

1037 2625 1115 2659 Quod
1130 2630 1220 2654 autem
1232 2626 1351 2662 populus
1363 2625 1537 2662 respondeat,
1547 2626 1581 2653 Et
1594 2635 1653 2654 cum
1665 2628 1760 2663 spiritu
1773 2633 1827 2660 tuo,

1030 2704 1052 2720 ⁷⁸
1065 2704 1134 2739 Eph.
1151 2712 1188 2737 vt,
1203 2704 1247 2730 l7.
1282 2703 1304 2719 "
1317 2703 1413 2730 Matth.
1428 2711 1455 2737 ν,
1472 2702 1515 2731 10.
1554 2704 1577 2719 ⁷⁷
1588 2704 1707 2740 Philipp.
1725 2713 1764 2738 Ill,
1778 2705 1828 2733 20.

1062 2776 1079 2784 "
1096 2774 1165 2802 Vide
1180 2773 1256 2802 Cass.
1272 2773 1291 2800 Ι.
1307 2773 1324 2801 9
1338 2773 1370 2800 de
1382 2774 1472 2801 habitu
1486 2774 1684 2801 monachorum.

1038 2831 1157 2868 νώσγεως,
1173 2831 1340 2866 humilitatis,
1355 2831 1434 2868 cujus
1443 2831 1726 2859 sanctiusinstitutum
1742 2834 1829 2859 totum

1034 2867 1169 2902 professio
1186 2871 1237 2894 est.

1629 2911 1669 2942 27
