4070 6434
389 337 495 403 843

1582 337 1641 396 S.
1681 329 1973 395 MAXIMI
2014 326 2530 388 CONFESSORIS

3581 324 3688 392 84ft

379 450 483 506 hoc
508 447 780 515 signiﬁcat
809 467 823 504 :
854 450 1050 504 Pacem
1087 448 1312 520 quidem
1349 418 1530 510 nobis,
1559 445 1812 508 Domine,
1845 454 1983 511 prae-

2091 451 2208 491 σου
2249 435 2338 491 τὸν
2372 434 2501 491 λαὸν
2545 434 2995 506 ἀποκρινόμενον,
3035 431 3195 488 τοῦτο
3237 431 3408 506 δηλοῖ,
3455 434 3694 508 Εἰρήνην

391 542 589 611 buisti,
615 553 971 612 mutuamque
1001 543 1380 606 concordiam,
1419 549 1474 594 at
1499 538 1662 593 nobis
1683 537 1750 591 da
1771 547 1989 606 pacem,

391 635 684 690 indivisam
727 637 939 691 scilicet
980 644 1162 691 tecum
1201 635 1485 700 unionem,
1536 640 1598 686 ut
1639 629 1847 698 Spiritu
1885 634 1992 681 .tuo

389 728 590 797 pacati,
615 743 778 799 quem
805 728 987 793 nobis,
1016 736 1130 783 tum
1183 743 1308 784 cum
1337 727 1520 799 primo
1540 721 1747 779 conditi
1775 735 1988 785 sumus,

391 818 664 882 indidisti,
699 835 730 874 a
763 828 854 874 tua
884 819 1153 875 cliaritatc
1185 833 1466 888 nunquam
1500 814 1846 870 divellamur.

924 1015 1207 1070 INTERR.
1263 1013 1451 1068 LXIX.

461 1107 521 1164 Si
558 1110 774 1163 omnino
805 1110 1001 1162 mortui
1037 1116 1341 1179 resurgunt,
1379 1123 1474 1160 cur
1517 1106 1752 1167 omnino,
1796 1105 1986 1174 inquit,

393 1219 614 1273 corpora
640 1211 821 1257 nostra
848 1219 952 1256 non
978 1202 1322 1256 excitantur?
1353 1199 1490 1266 Quid
1527 1209 1578 1253 et
1602 1199 1726 1253 dum
1755 1199 1992 1268 baptiza-

396 1309 533 1358 mur,
562 1293 618 1347 in
650 1292 1103 1363 incorruptionem
1131 1293 1487 1347 transmutari
1524 1307 1586 1345 ea
1621 1290 1880 1343 credimus
1913 1288 1992 1339 7"?

1106 1919 1265 1992 Resp.

462 2011 518 2068 Si
567 2012 850 2085 mysticam
902 2013 1205 2083 Scriptura:
1258 2011 1705 2082 explanationem
1762 2007 1988 2093 quaeris,

389 2105 462 2160 ita
498 2105 914 2177 intelligendum
943 2105 1224 2160 :Laudate
1260 2105 1550 2159 Dominum
1586 2105 1640 2157 in
1670 2117 1792 2157 voce
1819 2101 1990 2167 tabat;

391 2198 445 2251 in
481 2198 749 2252 memoria
791 2196 1238 2261 resurrectionis,
1279 2212 1443 2266 quam
1479 2195 1611 2250 tuba
1642 2196 1876 2259 intonat,
1911 2193 1991 2248 uti

390 2290 655 2360 scriptum
683 2299 768 2344 est
800 2306 814 2342 :
840 2288 1080 2342 Laudate
1106 2303 1224 2341 eum
1254 2290 1308 2342 in
1355 2287 1610 2359 psalterio
1658 2297 1707 2340 et
1750 2287 1992 2352 cithara;

391 2383 577 2453 lingua
612 2391 803 2437 nostra
830 2397 893 2436 ac
921 2396 1038 2443 ore,
1075 2391 1332 2452 tangente
1363 2396 1424 2434 ea
1451 2381 1673 2450 spiritu,
1714 2380 1769 2434 in
1794 2379 1992 2450 plectri

389 2471 677 2544 cujusdam
701 2486 931 2527 morem.
962 2471 1200 2525 Laudate
1229 2487 1348 2525 eum
1373 2473 1426 2525 in
1449 2479 1704 2543 tympano
1728 2481 1774 2524 et
1800 2475 1993 2537 choro;

390 2566 446 2620 in
479 2580 644 2620 carne
672 2571 728 2619 et
764 2563 966 2628 anima,
1004 2580 1072 2619 ex
1112 2580 1220 2634 qua
1261 2565 1413 2619 velut
1460 2565 1663 2619 chorea
1697 2580 1892 2634 preces
1938 2575 1994 2619 et

388 2665 515 2711 vcta
537 2655 604 2710 ad
631 2654 804 2709 Deum
836 2654 1162 2709 ascendunt.
1201 2653 1448 2708 Lauda‘te
1469 2671 1588 2707 eum
1618 2655 1672 2708 in
1709 2655 1916 2708 chordis
1945 2665 1992 2708 et

388 2765 624 2819 organo;
665 2749 720 2802 in
763 2747 951 2814 corde,
998 2748 1326 2818 cunctisque
1373 2747 1543 2802 animi
1577 2746 1887 2803 visceribus
1929 2765 1994 2804 ac

388 2838 595 2903 nervis,
634 2853 758 2908 qua:
797 2853 1065 2909 organum
1101 2839 1465 2908 nuncupavit.
1496 2837 1741 2894 Laudate
1776 2857 1893 2894 eum
1935 2858 1991 2894 ιιι

387 2929 643 3000 cymbalis
677 2930 808 2984 bene
837 2930 1152 2984 sonantibus
1182 2929 1250 2996 '9;
1291 2931 1348 2984 in
1377 2929 1559 2996 labiis,
1593 2948 1692 3001 per
1723 2949 1844 3002 quzc
1877 2949 1994 2988 mo-

389 3021 576 3078 dulata
599 3021 917 3092 psalmodia:
939 3022 1186 3078 carmina
1212 3020 1634 3093 depromuntur.

923 3239 1207 3296 INTERR.
1259 3239 1448 3298 LXXI.

456 3332 591 3390 Cum
611 3333 778 3405 juxta
807 3334 1052 3405 quantum
1077 3333 1315 3406 Apostoli
1342 3329 1671 3408 exemplaria
1704 3337 1984 3402 habeatur,

395 3445 412 3476 ι
451 3423 644 3480 Omnes
670 3427 879 3495 quidem
907 3425 1249 3492 dormienms,
1275 3427 1366 3480 sed
1395 3444 1499 3498 non
1530 3444 1709 3482 omnes
1737 3429 1988 3483 immuta-

386 3520 591 3586 binmr;
634 3520 796 3590 juatta
845 3519 1092 3588 quwdam
1135 3535 1256 3572 vero
1284 3535 1301 3574 :
1333 3540 1349 3570 ι
1388 3519 1506 3574 Non
1550 3537 1728 3576 omnes
1773 3522 1986 3593 quidem

385 3611 550 3682 329
575 3611 1008 3676 immutabimur,
1045 3627 1226 3665 omnes
1258 3618 1434 3664 tamen
1479 3629 1812 3683 resurgenms
1847 3612 1924 3680 ⁸ος
1957 3634 1976 3666 ι

385 3720 583 3774 quaeso,
621 3705 832 3769 doceas,
875 3720 1124 3775 quamam
1160 3706 1326 3776 magis
1358 3705 1633 3776 probanda
1683 3707 1840 3762 editio
1880 3708 1983 3774 sit;

384 3810 446 3848 ac
476 3793 605 3866 quid
632 3792 728 3847 sibi
760 3791 941 3859 velint,
979 3808 1096 3864 qute
1127 3794 1205 3848 his
1234 3794 1624 3865 signiﬁcantur.

1103 3993 1262 4066 Resp.

456 4085 730 4143 Utramvis
769 4086 896 4158 quis
935 4094 1068 4159 puto
1097 4085 1400 4147 editionem
1434 4089 1800 4160 amplectatur
1831 4092 1981 4160 (cum

381 4189 568 4236 vetera
600 4181 937 4252 exemplaria
981 4180 1175 4236 ambas
1207 4183 1574 4252 contineant),
1606 4183 1650 4240 si
1690 4185 1855 4244 modo
1889 4185 1981 4256 pie

383 4273 636 4344 accipiat,
684 4273 754 4327 ab
799 4273 1049 4344 Apostoli
1095 4288 1264 4344 scopo
1311 4289 1424 4330 non
1469 4275 1768 4333 abest-abit.
1817 4277 1981 4334 Juxta

383 4364 625 4433 priorem
662 4364 888 4434 quidem
923 4365 1246 4432 editionem,
1279 4367 1473 4424 Omnes
1503 4371 1716 4440 quidem
1747 4371 1979 4425 dormie-

382 4473 518 4522 mus,
549 4457 642 4511 sed
663 4473 767 4511 non
790 4474 969 4513 omnes
992 4460 1414 4529 immutabimur,
1448 4464 1523 4518 ita
1557 4464 1974 4534 intelligendum

382 4557 466 4604 est
495 4566 507 4602 :
538 4547 655 4604 fore
685 4550 897 4606 scilicet
927 4560 987 4606 ut
1030 4567 1224 4608 omnes
1272 4571 1371 4624 per
1415 4565 1650 4611 mortem
1682 4555 1974 4611 dormitio-

381 4657 508 4697 nem
556 4641 949 4710 sustineamus,
981 4653 1038 4700 at
1072 4661 1184 4700 non
1226 4654 1286 4701 ut
1331 4662 1526 4703 omnes
1557 4649 1863 4704 claritatem
1909 4666 1975 4705 ac

384 4732 644 4789 fiduciam
687 4737 1112 4804 nanciscamur;
1163 4738 1309 4808 quod
1358 4739 1476 4809 ipse
1524 4739 1820 4808 Apostolus
1866 4743 1974 4797 alio

380 4824 501 4879 loco
529 4825 734 4880 clarius
762 4827 937 4896 ponit,
971 4828 1163 4883 dicens
1199 4847 1211 4882 :
1249 4827 1307 4884 Si
1339 4839 1519 4884 tamen
1558 4831 1747 4894 induti,
1781 4842 1831 4886 et
1870 4850 1976 4887 non

381 4920 509 4972 nudi
538 4919 873 4974 inveniamur
900 4922 967 4975 ⁸¹.
995 4923 1158 4978 Juxta
1188 4924 1419 4978 alteram
1448 4939 1578 4979 vero
1613 4944 1626 4978 :
1654 4925 1770 4982 Non
1799 4944 1975 4982 omnes

381 5009 591 5079 quidem
623 5011 967 5078 dormiamus,
1007 5029 1187 5067 omnes
1233 5022 1409 5069 tamen
1447 5017 1869 5089 immutabimur,
1903 5020 1977 5075 ita

382 5103 767 5172 exponendum
807 5114 912 5170 est,
946 5114 1008 5160 ut
1034 5102 1214 5173 dicat,
1263 5122 1374 5162 non
1407 5123 1600 5164 omnes
1638 5110 1978 5169 dormituros

384 5193 773 5250 dormitionem
812 5199 1154 5268 temporibus
1185 5201 1530 5270 productam,
1566 5211 1620 5257 et
1647 5221 1752 5274 qua
1788 5206 1977 5274 sepul-

385 5297 508 5341 tura
538 5296 594 5343 et
626 5288 993 5345 dissolutione
1040 5292 1412 5362 corruptionis
1455 5310 1621 5350 causa
1659 5296 1967 5366 indigeant;

383 5379 480 5435 sed
532 5380 628 5450 qui
684 5389 817 5436 tunc
872 5381 1259 5450 invenientur,
1315 5384 1540 5441 brevem
1591 5387 1976 5459 degustaturos

385 5466 646 5540 mortem,
685 5474 824 5530 nihil
874 5474 956 5530 eis
1004 5479 1319 5534 necessaria
1371 5480 1519 5553 longi
1569 5481 1660 5537 illa
1712 5487 1976 5554 temporis

2098 528 2197 596 μὲν
2222 530 2357 599 ἡμῖν
2387 529 2678 599 παρέσχες,
2706 528 2902 599 Κύριε,
2945 529 3040 583 καὶ
3066 525 3166 600 τὴν
3193 530 3252 584 ὲν
3274 527 3528 600 ἀλλήλοις
3565 530 3696 600 ὁμό-

2093 637 2243 674 νοιαν
2267 638 2280 650 ·
2313 622 2540 694 εἰρήνην
2569 622 2626 675 δὲ
2654 621 2744 684 δὸς
2765 622 2914 692 ἡμῖν,
2949 621 3051 693 τὴν
3096 621 3236 692 πρὸς
3279 621 3343 675 σὲ
3389 620 3695 692 ἀδιαίρετον

2092 711 2308 780 ἕνωσιν,
2376 713 2464 767 ἵνα
2511 714 2589 784 τῷ
2634 713 2912 784 Πνεύματί
2950 730 3043 767 σου
3082 711 3477 785 εἰρηνεύοντες,
3507 712 3536 765 ὃ
3564 713 3695 784 ἡμῖν

2094 807 2152 858 ὲν
2201 805 2342 876 ἀρχῇ
2381 805 2483 874 τῆς
2527 805 2878 878 διμιουργίας
2922 805 3208 877 ἐνέθηκας,
3245 804 3542 878 ἀχώριστοι
3593 805 3694 877 τῆς

2096 901 2194 970 σῆς
2225 900 2447 970 ἀγάπης
2472 900 2854 970 τυγχάνωμεν.

2702 993 2899 1048 ΕΡΩΤ.
2945 993 3068 1048 ΞΘ.

2161 1089 2230 1140 El
2273 1088 2430 1153 ὅλως
2484 1087 2688 1156 νεκροὶ
2735 1088 3090 1158 ἐγείρονται,
3113 1089 3170 1141 τί
3198 1087 3377 1154 ὅλως,
3406 1086 3586 1157 φησι,
3618 1089 3692 1142 τὰ

2093 1179 2338 1247 σώματα
2363 1175 2534 1245 ημῶν
2570 1178 2681 1231 οὐκ
2708 1176 3103 1242 ἀνίστανται;
3134 1177 3196 1231 Τί
3224 1177 3321 1231 καὶ
3353 1177 3423 1231 ὲν
3462 1167 3543 1242 τῷ
3575 1178 3694 1242 ,βα-

2093 1271 2420 1335 πτίζεσθαι,
2485 1273 2572 1335 εἰς
2631 1270 2977 1340 ἀφθαρσίαν
3029 1271 3183 1325 αὐτὰ
3243 1270 3692 1341 μεταποιεῖσθαι

2093 1364 2461 1434 πιστεύομεν
2478 1380 2498 1429 ;

2168 1631 2180 1643 ο
2231 1631 2244 1643 ι
2293 1631 2306 1644 0
2354 1631 2368 1645 0
2413 1632 2426 1645 ο
2475 1631 2488 1644 0
2536 1633 2548 1646 ο
2595 1631 2609 1644 ο
2655 1633 2667 1645 0
2718 1631 2731 1647 0
2777 1632 2791 1644 ο
2837 1630 2851 1645 0
2898 1632 2914 1645 ο
2957 1631 2972 1646 0
3021 1632 3031 1639 ⁸
3080 1634 3093 1646 0
3140 1631 3155 1646 0
3199 1633 3213 1645 0
3259 1631 3272 1645 0
3319 1630 3333 1644 0
3380 1630 3393 1646 0
3435 1630 3448 1644 0
3493 1632 3506 1644 0
3557 1629 3576 1643 ο.
3617 1629 3629 1642 0
3675 1628 3691 1644 ο

2787 1912 3017 1980 Ἀπόκρ.

2165 2001 2230 2055 El
2253 2002 2351 2068 τῆς
2376 2003 2603 2074 Γραφῆς
2623 2004 2808 2075 ζητεῖς
2833 2003 3106 2076 μυστικὴν
3131 2003 3486 2074 διασάφησιν,
3517 2000 3690 2064 οὓτως

2093 2095 2314 2165 νοητὲον
2335 2112 2350 2126 ·
2380 2095 2612 2151 Αἰνεῖτε
2641 2099 2747 2152 τὸν
2775 2100 2998 2166 Κύριον
3023 2098 3093 2151 ἐν
3119 2095 3292 2167 φωνῇ
3323 2095 3687 2166 σάλπιγγος,

2094 2189 2152 2242 ὲν
2177 2192 2242 2261 τῇ
2279 2191 2468 2262 μνήμῃ
2517 2190 2618 2261 τῆς
2651 2192 3003 2255 ἀναστάσεως
3035 2190 3148 2264 [ἵσ.
3179 2189 3526 2262 ἀναλήψεως]
3564 2189 3691 2242 σάλ-

2095 2297 2255 2350 πιγγι
2301 2283 2583 2354 σειομένη,
2635 2285 2712 2347 ὡς
2745 2284 3057 2356 γέγραπται
3083 2281 3344 2340 Ἀἰνεῖτε
3391 2281 3580 2336 αὐτὸν
3621 2281 3691 2334 ἐν

2093 2374 2409 2442 ψαλ-τηρίῳ
2461 2374 2560 2428 καὶ
2614 2374 2853 2442 κιθάρᾳο
2901 2375 2970 2444 τῇ
3019 2373 3245 2446 γλώσσῃ
3270 2371 3429 2444 ἡμῶν
3474 2371 3572 2425 καὶ
3610 2369 3688 2439 τῷ

2096 2467 2348 2538 στόματι,
2383 2467 2460 2532 ὡς
2488 2468 2752 2538 πλήκτρῳ
2774 2467 2881 2520 τινὶ
2905 2466 2986 2538 τῷ
3014 2467 3290 2537 πνεύματι
3315 2466 3686 2538 κρουομένων.

2094 2559 2325 2614 Αἰνεῖτε
2374 2559 2562 2614 αὐτόν
2609 2560 2680 2613 ἐν
2706 2558 2993 2630 τυμπάνῳ
3041 2559 3140 2614 καὶ
3195 2559 3382 2628 χορῷο
3421 2561 3479 2612 ὲν
3525 2559 3688 2626 σαρκὶ

2097 2653 2195 2705 καὶ
2226 2653 2397 2724 ψυχῇ,
2427 2653 2520 2722 ἀφ’
2551 2648 2620 2724 ἧς
2663 2651 2737 2717 ὡς
2767 2654 2987 2724 χορείας
3033 2652 3168 2724 πρὸς
3192 2652 3326 2706 Θεὸν
3353 2652 3688 2706 διαϐαίνουσι

2094 2744 2329 2814 δεήσεις.
2358 2745 2580 2799 Αἰνεῖτε
2609 2745 2796 2799 αὐτὸν
2823 2747 2892 2800 ὲν
2921 2745 3166 2816 χορδαῖς
3195 2745 3292 2799 καὶ
3334 2741 3565 2814 ὀργάνῳ
3583 2746 3687 2798 ὲν

2097 2843 2318 2913 καρδίᾳ,
2353 2843 2448 2895 καὶ
2481 2843 2536 2894 ἐν
2578 2845 2712 2896 πᾶσι
2775 2846 2890 2907 τοῖς
2945 2843 3148 2898 ἔσωθεν
3209 2844 3540 2914 σπλάγχνοις
3596 2847 3686 2900 καὶ

2097 2936 2330 3006 νεύροις,
2385 2936 2531 3007 ἅπερ
2572 2936 2805 3007 ὄργανον
2837 2937 3096 3007 κέκληκε.
3125 2937 3356 2992 ΑΖνεῖτε
3401 2938 3590 2991 αὐτὸν
3619 2939 3684 2991 ἐν

2097 3027 2426 3098 κυμϐάλοις
2469 3029 2754 3101 εὐήχοιςο
2796 3033 2908 3093 τοῖς
2954 3021 3282 3100 χείλεσι,δι⁶
3310 3025 3384 3085 ὧν
3418 3031 3486 3085 τὰ
3527 3033 3684 3100 ἐναρ-

2010 3154 2055 3216 C
2099 3123 2260 3192 μόνια
2286 3125 2384 3191 τῆς
2411 3123 2730 3194 ψαλμῳδίας
2763 3123 3023 3178 πλέκεται
3060 3110 3221 3197 μέλη.

2714 3237 2908 3289 ΕΡΩΤ.
2955 3236 3076 3290 οΑ’.

2172 3329 2423 3399 Ἐπειδὴ
2462 3330 2614 3384 κατά
2653 3348 2788 3384 τινα
2819 3329 2939 3386 τῶν
2963 3329 3345 3401 ἀντιγράφων
3367 3331 3474 3386 τοῦ
3509 3331 3680 3387 Ἀπο-

2089 3424 2317 3478 στόλου
2375 3423 2708 3492 περιέχεται
2735 3462 2750 3486 ,
2789 3422 2879 3476 ὅτι
2923 3442 2940 3473 ι
2969 3422 3199 3490 Πάντες
3240 3424 3359 3492 μὲν
3398 3429 3681 3495 κοιμηθη-

2088 3516 2338 3584 σόμεθα,
2396 3517 2467 3570 οὐ
2527 3514 2753 3580 πάντες
2804 3515 2874 3567 δὲ
2921 3515 3474 3586 ἀλλαγησόμεθαη
3531 3515 3681 3571 κατά

2085 3622 2221 3660 τινα
2271 3604 2397 3668 δὲ’,
2435 3603 2526 3658 ότι
2583 3622 2600 3656 ι
2632 3603 2861 3670 Πάντες
2903 3602 3020 3673 μὲν
3053 3605 3125 3656 οὐ
3171 3604 3680 3673 κοιμηθησόμεθα,

2086 3696 2311 3763 πάντες
2337 3696 2405 3750 δὲ
2457 3697 2968 3768 ἀλλαγησόμεθα·
3002 3715 3020 3746 ι
3059 3695 3390 3764 παρακαλῶ
3435 3695 3680 3767 μαθεῖν,

2085 3791 2266 3843 ποίαν
2295 3789 2412 3858 χρὴ
2448 3789 2565 3844 τῶν
2593 3788 2898 3844 ἐκδόσεων
2929 3788 3197 3858 ἐγκρῖναι
3219 3805 3232 3824 ’
3266 3788 3364 3844 καὶ
3409 3789 3466 3846 τί
3496 3790 3569 3844 τὰ
3607 3788 3676 3844 ἐκ

2084 3885 2188 3938 τού
2198 3899 2311 3936 των
2337 3883 2700 3952 δηλούμενα.

2770 3996 3000 4064 Ἀπόκρ.

2156 4091 2329 4166 Οἶμαι
2381 4097 2463 4148 ὅτι
2515 4094 2638 4149 καθ’
2667 4093 2937 4164 ἑκατέροιν
2993 4091 3101 4146 τῶν
3145 4091 3432 4156 ᾶκδόσεων,
3485 4092 3676 4164 ἐπειδὴ

2082 4190 2174 4244 καὶ
2203 4187 2272 4242 τὰ
2304 4189 2508 4258 ἀρχαῖα
2535 4185 2646 4242 τῶν
2674 4185 3027 4257 ἀντιγράφων
3053 4183 3123 4238 τὰ
3155 4183 3250 4237 δύο
3281 4185 3634 4256 περιέχουσιν
3657 4202 3673 4220 ο

2080 4280 2324 4344 εὐσεϐῶς
2372 4281 2436 4351 δή
2489 4298 2572 4343 τις
2628 4278 3009 4349 ἐκλαμϐάνων,
3050 4277 3144 4332 τοῦ
3185 4276 3544 4332 ἀποστολικοῢ
3574 4280 3674 4333 οὐκ

2081 4375 2442 4427 ἀποπεσεῑται
2479 4372 2707 4426 σκοποῦ.
2733 4371 2890 4425 Κατὰ
2923 4372 3022 4442 μὲν
3055 4371 3137 4434 τὸ,
3188 4371 3420 4437 Πάντες
3464 4390 3667 4441 κοιμη-

2083 4469 2408 4538 θησόμεθα,
2457 4468 2528 4520 οὺ
2593 4466 2816 4531 πάντες
2870 4464 2940 4517 δὲ
2985 4465 3478 4535 ἀλλαγησόμεθα,
3530 4465 3673 4519 οὕτω

2082 4563 2187 4634 χρὴ
2229 4564 2390 4625 νοεῖν,
2416 4561 2496 4613 ὅτι
2529 4560 2731 4622 πάντες
2760 4558 2866 4628 μὲν
2894 4558 2996 4628 τὴν
3023 4557 3110 4610 διὰ
3143 4557 3374 4610 θανάτου
3418 4559 3673 4630 κοίμησιν

2079 4655 2463 4728 ὑπομενοῦμεν
2481 4673 2494 4684 ·
2533 4655 2595 4707 οὐ
2642 4655 2845 4723 πάντες
2869 4655 2927 4721 δὲ
2955 4656 3056 4727 τὴν
3083 4656 3242 4722 δόξαν
3268 4657 3364 4711 καὶ
3401 4655 3500 4726 τὴν
3533 4656 3673 4726 παῤ-

2081 4750 2278 4820 ῥησῐαν
2308 4747 2781 4818 ἀπαλλαξόμεθα*
2826 4749 2963 4820 ὅπερ
2996 4751 3024 4808 ὁ
3062 4749 3226 4814 αὐτὸς
3269 4747 3592 4810 Ἀπόστολος
3616 4749 3671 4799 ὲν

2078 4842 2223 4913 ἄλλῳ
2257 4841 2592 4911 σαεὲστερον
2623 4841 2828 4911 τίθησι,
2862 4843 3108 4911 φάσκων,
3135 4843 3321 4912 Εἴπερ
3368 4841 3468 4895 καὶ
3498 4842 3671 4894 ἐνδυ·

2078 4935 2350 5004 σὰμενοι,
2403 4933 2504 4987 καὶ
2550 4935 2621 4988 οὐ
2670 4935 2883 5005 γυμνοὶ
2928 4935 3396 5004 εὑρεθησόμεθα.
3432 4934 3588 4988 Κατά
3615 4933 3674 4986 δὲ

2078 5028 2158 5091 τὸ,
2200 5029 2282 5081 Οὐ
2340 5025 2568 5092 πάντες
2601 5026 2723 5096 μὲν
2768 5028 3276 5097 κοιμηθησόμεθα,
3329 5025 3554 5094 πάντες
3603 5025 3671 5079 δὲ

2079 5118 2574 5187 ἀλλαγησόμεθα,
2615 5116 2790 5180 οὕτως
2830 5119 2938 5189 χρὴ
2983 5117 3323 5188 ἐκδέχεσθαι,
3354 5118 3437 5170 ὅτι
3466 5118 3672 5182 Πάντες

2086 5211 2182 5279 μὲν
2208 5208 2268 5261 οὐ
2305 5208 2756 5280 κοιμηθησόμεθα
2799 5211 2898 5280 τὴν
2930 5210 3189 5284 χρονικὴν
3219 5210 3500 5282 κοίμησιν,
3529 5209 3671 5282 ὥστε,

2079 5302 2342 5373 δεηθῆναι
2375 5301 2555 5373 ταφῆς
2606 5303 2700 5355 καὶ
2741 5302 2950 5366 λύσεως
2997 5303 3095 5373 τῆς
3143 5305 3223 5366 εἰς
3266 5302 3504 5375 φθοράν·
3534 5303 3668 5358 ἀλλὰ

2083 5392 2348 5462 σύντομον
2396 5393 2488 5447 τὸν
2520 5393 2751 5448 θάνατον
2789 5395 2842 5447 οἱ
2883 5395 3005 5449 τότε
3046 5395 3432 5468 εὑρισκόμενοι
3464 5398 3670 5469 ὑπομε-

2083 5484 2255 5548 νοῦσι,
2295 5485 2370 5556 μὴ
2430 5485 2680 5558 δεόμενοι
2737 5486 2994 5559 χρονικῑμ
3041 5489 3372 5560 κοιμήσεως,
3427 5487 3517 5542 διὰ
3570 5488 3667 5560 τὴν

409 5646 414 5649 ·
457 5634 503 5667 ⁷⁸
534 5636 707 5692 ICor.
743 5652 830 5705 xv,
863 5636 953 5693 9.9.
1032 5638 1079 5670 "
1112 5639 1258 5724 Psal.
1291 5655 1375 5707 CL,
1403 5642 1518 5697 5—5.
1593 5643 1638 5676 ⁸ο
1668 5642 1840 5699 lCor.
1879 5659 1966 5712 xv,

2089 5689 2094 5700 .
2172 5644 2214 5678 ⁸³
2251 5647 2297 5704 ll
2327 5647 2456 5704 Cor.
2483 5664 2536 5716 ν,
2565 5648 2619 5706 5.

465 5790 481 5806 ⁸
512 5789 747 5845 Primam
815 5793 1109 5850 lectionem
1169 5795 1364 5852 Latina
1423 5797 1617 5854 modo.
1679 5799 1974 5859 secundam
2017 5802 2202 5862 Grtcca
2238 5816 2654 5874 repraesentant.

3729 780 3752 811 ο
