4070 6416
379 412 486 473 8ίῦ

1541 404 2032 481 ΟυίΕῧΤΙΟΝΕΞ
2069 405 2163 463 ΕΤ
2203 404 2458 465 DUBIA.

3531 401 3636 465 8i8

380 520 693 594 παραυτίκα
740 519 1030 590 γινομένην
1076 520 1405 573 ἀνάστασιν·
1449 521 1646 583 πάντες
1688 521 1745 574 δὲ
1784 520 1950 574 ἀλλα-

2077 517 2405 580 lormitione,
2440 515 2511 570 ob
2544 515 2783 568 futuram
2817 529 2940 569 mox
2969 513 3431 570 resurrectionem
3465 531 3479 566 :
3511 529 3633 568 om-

379 617 658 685 γ-ῆσονται,
690 613 955 676 τουτέστι,
988 613 1086 682 τὴν
1125 611 1434 684 ἀφθαρσίαν
1466 611 1796 667 ὲνδύσονται.

979 792 1176 866 aper.
1219 811 1338 868 ou'.

457 926 520 981 Τί
566 923 792 993 δήποτε
847 921 1130 992 λέγοντος
1157 921 1265 974 τοῦ
1299 921 1500 975 Λουκᾶ
1548 922 1619 974 ἐν
1647 922 1777 986 ταῖς
1804 923 1959 990 Πρά-

383 1020 515 1084 ξεσι
539 1016 792 1086 περὶτοῦ
805 1015 1065 1077 Παύλου,
1091 1013 1179 1066 ὅτι
1209 1033 1226 1065 ι
1243 1014 1604 1076 Ἐσπευδεν,
1628 1017 1678 1067 εἰ
1699 1015 1960 1066 δυνατεῖν

382 1108 464 1180 ἦν
483 1108 666 1173 αὐτῷ,
693 1105 942 1174 ποιῆσαι
975 1104 1094 1173 τὴν
1124 1105 1356 1173 ἡμέραν
1384 1103 1493 1172 τῆς
1536 1103 1960 1171 Πεντηκοστῆς

383 1203 471 1266 εις·
497 1199 898 1266 Ἱεροσόλυμα,
927 1217 945 1248 ι
971 1198 1243 1265 φαίνεται
1261 1195 1655 1264 τονυκλισίας
1676 1194 1958 1264 ποιήσας,

385 1293 418 1346 ὃ
443 1289 570 1356 τοῖς
596 1291 856 1343 κανόσιν
891 1288 1311 1356 ἀπηγόρευται.

1055 1400 1293 1468 Ἀπόκρ.

459 1496 532 1548 Οὐ
585 1493 716 1564 περὶ
763 1491 932 1560 αὐτῆς
985 1491 1085 1560 τῆς
1140 1488 1638 1560 Πεντηκοστῆς(ι·),
1693 1491 1752 1543 ὲν
1896 1488 1958 1542 τὸ

391 1585 614 1656 Πνεῦμα
640 1583 901 1654 κατῆλθε,
937 1583 1118 1651 λέγει·
1159 1581 1274 1634 ἀλλ’
1318 1581 1502 1651 ἐπειδὴ
1542 1582 1599 1633 αἱ
1630 1582 1964 1650 πεντήκοντα

389 1678 615 1750 ἡμέραι,
649 1677 854 1748 ἡμέραι
895 1676 1147 1744 λέγονται
1184 1674 1283 1744 τῆς
1339 1674 1736 1744 Πεντηκοστῆς,
1769 1673 1966 1726 ἔσπευ-

388 1771 478 1822 δεν
507 1771 536 1824 ὁ
562 1767 772 1830 Παῦλος
817 1766 915 1837 τὴν
943 1765 1051 1819 ἀπὸ
1090 1764 1190 1834 τῆς
1223 1763 1544 1834 Πασχαλίας
1575 1763 1799 1834 πρώτην
1823 1761 1964 1833 ὴμέρ-

2056 622 2156 663 nes
2183 616 2362 662 tamen
2401 606 2788 672 immolandos,
2822 606 2927 661 hoc
2959 615 3064 672 est,
3095 605 3510 677 incorruptione
3535 605 3635 661 do-

2058 693 2288 748 nandos.

2577 828 2860 882 INTERR.
2915 827 3127 881 LXXII.

2133 913 2269 978 Quid
2293 915 2390 968 sibi
2412 916 2544 980 vult,
2585 933 2703 970 cum
2736 919 2874 970 dicat
2904 917 3072 970 Lucas
3105 919 3160 970 in
3193 917 3332 972 Actis
3366 919 3426 970 de
3448 917 3640 985 Paulo,

2061 1005 2198 1075 quod
2235 1025 2252 1056 ι
2283 1007 2584 1075 festinabat,
2610 1008 2656 1060 si
2681 1007 2920 1078 possibile
2945 1008 3042 1060 sibi
3077 1017 3224 1071 esset,
3253 1017 3310 1060 ut
3343 1009 3476 1061 diem
3506 1008 3640 1061 Pen-

2061 1106 2274 1150 tecostes
2319 1098 2512 1166 faceret
2541 1097 2994 1170 IIierosoiymis",
3036 1121 3052 1150 ι
3086 1101 3222 1170 quod
3245 1101 3451 1153 videtur
3471 1117 3642 1170 genua

2064 1192 2313 1260 posuisse,
2341 1191 2479 1260 quod
2501 1193 2668 1246 sacris
2701 1193 2984 1246 canonibus
3015 1195 3232 1246 vetitum
3263 1192 3382 1245 est?

2777 1386 2934 1457 Resp.

2135 1472 2252 1526 Non
2293 1473 2360 1527 de
2394 1473 2509 1543 ipsa
2537 1474 2862 1530 Pentecoste
2896 1476 3160 1546 loquitur,
3195 1477 3252 1532 in
3281 1493 3390 1548 qua
3417 1478 3648 1534 descen-

2065 1563 2146 1617 dit
2193 1563 2430 1634 Spiritus
2465 1582 2478 1617 :
2513 1565 2610 1620 sed
2666 1566 2795 1634 quia
2837 1568 3234 1639 quinquaginta
3277 1571 3396 1626 dies
3448 1572 3649 1628 Pente-

2065 1666 2245 1709 eostes
2279 1655 2400 1710 dies
2443 1667 2851 1727 nuncupantur,
2881 1658 3177 1716 festinabat
3207 1663 3412 1718 Paulus
3447 1672 3507 1718 ut
3533 1666 3650 1735 pri-

2066 1761 2216 1798 mum
2263 1761 2294 1800 a
2344 1745 2607 1800 Pascbate
2651 1745 3043 1820 Hierosolymis
3090 1749 3236 1804 diem
3290 1751 3495 1808 faceret
3540 1767 3652 1808 :ac

393 1877 495 1930 ραν
538 1860 763 1929 ποιῆσαι
796 1835 882 1920 εἱς-
914 1857 1298 1927 Ἱεροσόλυμαο
1330 1856 1407 1919 ὡς
1455 1854 1616 1923 δῆλόν
1671 1857 1840 1919 ἐστιν,
1880 1855 1964 1908 ὅτι

2077 1835 2239 1906 liquet
2269 1837 2416 1902 inde,
2444 1837 2590 1906 quod
2625 1837 2678 1891 in
2708 1839 2934 1910 jejuniis
2957 1856 3101 1911 genu
3134 1841 3400 1898 ﬂecteret.

390 1957 450 2007 ὲν
487 1957 607 2016 ταῖς
634 1952 909 2024 νηστείαις
936 1949 1113 2003 ἔκλινε
1137 1949 1288 2016 γόνυ.

993 2060 1190 2114 ΕΡΩΤ.
1231 2057 1349 2113 Ol".

467 2153 528 2209 τί
558 2154 752 2216 ἐστιν,
791 2173 808 2205 ι
835 2154 1048 2217 Ὅστις
1096 2150 1474 2221 ἐποικοδομεῖ
1497 2151 1592 2204 ἐπὶ
1644 2151 1753 2204 τὸν
1809 2147 1966 2217 θεμέι

392 2250 530 2300 ,ξιον
583 2246 803 2301 τοῦτον
857 2245 1110 2314 χρυσὸν,
1153 2243 1192 2312 ἢ
1238 2244 1518 2313 ἄργυρον,
1551 2243 1588 2311 ἢ
1630 2245 1842 2307 λίθους
1885 2259 1966 2293 τι·

359 2338 602 2405 -μίουςο
635 2335 814 2401 ξύλα,
872 2338 1108 2404 χόρτον,
1170 2334 1488 2401 καλάμην·
1535 2335 1599 2386 τὸ
1643 2334 1762 2400 πῦρ
1815 2332 1967 2384 αὐτὰ

394 2426 728 2496 δοκιμάσει.
761 2426 834 2482 El
865 2443 1026 2492 τινος
1053 2421 1167 2481 οὖν
1196 2425 1262 2478 τὸ
1290 2425 1468 2494 ἔργον
1490 2423 1666 2492 μενεῖ
1688 2423 1720 2475 ὃ
1743 2423 1963 2488 ἐπῳκοσ

394 2518 646 2587 ὃόμησε,
667 2516 892 2587 μισθὸν
912 2517 1171 2585 λήψεται
1195 2533 1206 2546 ·
1226 2516 1280 2570 sl
1310 2533 1471 2580 τινος
1492 2515 1559 2567 δὲ
1579 2514 1645 2567 τὸ
1671 2513 1847 2582 ἔργον
1866 2527 1970 2564 κα-

396 2610 779 2676 τακαήσεται,
815 2607 1240 2676 ζημιωθήσεται
1261 2626 1276 2642 υ
1307 2609 1492 2672 αὐτὸς
1521 2606 1588 2660 δὲ
1605 2605 1964 2675 σωθήσεται,

393 2703 584 2770 οὕτως
614 2703 705 2768 δὲ,
728 2703 808 2770 ὡς
841 2702 936 2756 διὰ
961 2703 1184 2769 πυρός
1232 2721 1252 2755 ι

1061 2817 1294 2871 Ἀπόκι).

1067 2835 1234 2870 Απολι
1279 2858 1294 2871 .

467 2908 726 2980 Θεμέλιός
749 2909 896 2962 ἐστιν
920 2909 953 2978 ἡ
980 2905 1074 2960 τοῦ
1094 2835 1328 2978 Χρισξοῧ
1355 2906 1555 2968 πίστις.
1596 2907 1970 2975 Ἐποικοδομεϊ

393 3003 452 3056 δέ
493 3019 576 3066 τις
605 3003 663 3053 ὲν
705 3002 864 3071 αὐτῇ,
895 3000 1095 3070 χρυσὸν
1122 2999 1242 3070 μὲν,
1279 3001 1376 3070 τὴν
1436 2999 1750 3071 θεολογικὴν
1799 3015 1968 3070 μυστ-

397 3094 642 3164 αγωγίαν
663 3110 676 3121 θ
710 3093 785 3155 ὡς
818 3094 1056 3161 ἄργυρον
1096 3093 1175 3153 δὲ,
1216 3091 1310 3144 τὸν
1353 3090 1588 3161 διαφανῆ
1614 3090 1756 3162 βίον·
1789 3090 1969 3152 λίθους

2579 2059 2861 2114 INTERR.
2903 2061 3136 2117 LXXIII.

2137 2145 2275 2212 Quid
2313 2149 2409 2202 sibi
2438 2151 2593 2204 vult:
2627 2173 2646 2200 ι
2685 2150 2742 2205 Si
2771 2155 2885 2222 quis
2919 2156 3310 2224 super-aediﬁcat
3335 2174 3492 2229 super
3524 2159 3650 2228 fun-

2066 2238 2372 2293 damentum
2395 2241 2554 2305 istud,
2575 2260 2788 2307 aurum,
2813 2254 3112 2315 argentum,
3141 2246 3343 2318 lapides
3365 2251 3618 2319 pretiosos
3631 2267 3652 2316 ;

2067 2327 2234 2398 ligna,
2265 2329 2460 2398 fenum,
2494 2331 2783 2402 stipulam;
2813 2335 2949 2404 ignis
2986 2336 3095 2389 lucc
3130 2336 3388 2406 probabit.
3416 2337 3474 2393 Si
3501 2340 3652 2409 cujus

2067 2421 2230 2491 igitur
2261 2439 2389 2491 opus
2427 2426 2712 2489 manserit,
2761 2415 2905 2494 quod
2942 2427 3409 2496 superwdiﬁcauit,
3454 2446 3653 2484 merce-

2068 2511 2187 2563 dem
2217 2513 2452 2582 accipiet,
2477 2513 2640 2584 330
2662 2516 2707 2568 si
2735 2516 2886 2585 cujus
2924 2525 3101 2570 autem
3132 2534 3260 2588 opus
3298 2520 3650 2584 comburetur,

2068 2601 2322 2654 damnum
2365 2605 2582 2665 accipiet
2623 2622 2641 2658 :
2677 2607 2786 2675 ipse
2825 2614 3004 2662 tamen
3043 2608 3356 2676 salvabitur,
3393 2614 3468 2666 sic
3507 2629 3650 2677 vero,

2072 2691 2226 2760 quasi
2259 2707 2352 2760 per
2383 2692 2554 2764 ignem
2593 2693 2676 2747 ⁸³⁶ἶ
2710 2714 2729 2746 ι

2788 2825 2943 2882 Resp.

2788 2844 2890 2881 ms
2931 2869 2943 2882 .

2141 2916 2579 2971 Fundamentum
2637 2929 2724 2973 est
2769 2844 2975 2974 Chripsti
3032 2921 3188 2978 ﬁdes.
3242 2921 3654 2993 Supermditicat

2069 3017 2255 3062 autem
2289 3007 2413 3078 quis
2442 3007 2498 3061 in
2545 3007 2656 3071 illa,
2695 3024 2894 3063 aurum
2925 3011 3170 3081 quidem,
3207 3013 3458 3068 altiorem
3498 3016 3656 3071 theo-

2072 3098 2303 3168 logicam
2332 3099 2882 3168 contemplationem;
2910 3110 3165 3172 tanquam
3191 3113 3477 3175 argentum
3500 3123 3652 3173 vero,

398 3188 456 3241 δὲ
498 3185 737 3256 τιμίους,
774 3184 900 3248 τοὺς
947 3183 1193 3246 εὐσεϐεῖς
1239 3181 1533 3253 λογισμούς
1555 3197 1567 3210 ·
1601 3181 1734 3246 ξύλα
1764 3182 1842 3242 δὲ,
1873 3183 1971 3251 τὴν

2077 3189 2242 3244 vitam
2273 3188 2495 3243 virtutis
2524 3189 2645 3245 luce
2679 3193 3068 3262 conspicuam;
3112 3195 3319 3266 lapides
3363 3200 3654 3267 pretiosos,

401 3277 528 3348 περὶ
572 3276 640 3329 τὰ
676 3275 914 3342 αἰσθητὰ
956 3274 1334 3342 πιιοσπάθειαν
1361 3290 1375 3306 ·
1431 3275 1626 3344 χόρτον
1681 3275 1760 3335 δὲ,
1805 3276 1833 3327 ὁ
1871 3275 1972 3341 τὴν

403 3370 619 3438 ἀλογίαν
650 3370 1014 3441 τρεφόμενος·
1047 3369 1298 3441 καλάμην
1322 3370 1398 3432 δὲ,
1430 3371 1457 3422 ὁ
1498 3369 1595 3439 τὴν
1635 3368 1838 3440 φθορὰν
1886 3371 1974 3440 ἐρ-

405 3463 726 3530 γαζόμενος.
779 3461 890 3516 Καὶ
923 3461 1019 3514 ἐπὶ
1065 3461 1164 3531 μὲν
1207 3461 1315 3514 τῶν
1363 3461 1600 3529 ἐχόντων
1632 3462 1730 3522 τὰς
1764 3460 1972 3526 ἁγαοὰς

409 3552 656 3622 πράξεις,
688 3553 722 3620 ἡ
754 3551 851 3619 τῆς
878 3550 1136 3617 γνώσεως
1155 3549 1549 3623 [διαγνώσεως]
1593 3551 1775 3622 ἡμέρα
1803 3550 1971 3620 δηλοῖ,

411 3645 493 3696 ὅτι
529 3644 774 3720 ὲνοπυρὶ,
799 3644 1079 3697 τουτέστιν
1129 3646 1186 3697 ὲν
1224 3644 1302 3714 τῷ
1335 3645 1626 3714 πνεύματι,
1674 3643 1896 3712 γέγονεν
1941 3646 1972 3717 ἠ

418 3735 614 3788 τούτων
658 3737 1012 3806 ἀποκάλυψις.
1067 3739 1154 3792 Ἐν
1187 3738 1245 3792 δὲ
1306 3741 1417 3802 τοῖς
1466 3740 1862 3809 ἁμαρτάνουσι,
1905 3739 1976 3792 τὰ

415 3825 544 3896 ἔργα
592 3825 1004 3899 κατακαίονται,
1055 3830 1158 3898 τῆς
1203 3827 1550 3897 διαγνώσεως
1609 3829 1975 3900 διακαιούσης

479 3985 522 4016 ⁸²
548 3987 667 4042 Act.
703 4003 792 4052 xx,
823 3988 904 4042 16.
981 3987 1028 4019 ⁸³
1057 3985 1232 4040 ICor.
1265 4001 1344 4050 ιιι,
1379 3987 1564 4042 15-15.

477 4149 547 4219 (r)
573 4153 654 4204 Οὐ
687 4150 817 4216 περὶ
861 4149 1053 4214 αὐτῆς
1111 4149 1219 4216 τῆς
1274 4149 1718 4215 Πεντηκοστῆς.
1767 4151 1976 4204 Durum

393 4221 595 4292 plane,
615 4221 696 4273 sic
720 4235 910 4292 vocem
957 4221 1335 4292 Πεντηκοστῆς
1396 4221 1674 4292 accepisse
1731 4221 1972 4274 Lucam:

401 4289 510 4344 iiec
536 4291 831 4343 admodum
864 4290 1010 4360 cogit
1043 4289 1318 4360 illaratio,
1362 4290 1506 4358 quod
1547 4290 1749 4344 Paulus
1801 4308 1978 4360 genua

391 4361 588 4428 posuit
611 4361 666 4413 in
697 4359 984 4414 oratione:
1018 4359 1163 4427 quod
1193 4374 1299 4412 non
1327 4359 1528 4413 licebat
1552 4377 1647 4428 per
1681 4359 1922 4415 canones
1948 4378 1980 4415 a

401 4378 588 4484 posuit
611 4378 666 4413 in
697 4378 946 4414 orauone
972 4378 984 4411 :
1018 4378 1163 4427 quou
1193 4378 1299 4412 non
1328 4378 1528 4413 nceuat
1552 4378 1647 4428 per
1681 4378 1922 4415 canones
1948 4378 1978 4415 a

427 4431 669 4484 ’aschate
692 4431 757 4483 ad
803 4431 1204 4490 Pentecostem,
1254 4431 1324 4483 ob
1359 4431 1677 4483 memoriam
1730 4447 1978 4484 resurre-

394 4500 612 4554 ctionis
644 4500 958 4554 Dominicze.
997 4499 1122 4553 Sive
1156 4499 1301 4553 enim
1326 4500 1436 4567 jam
1464 4500 1748 4553 exstabant
1786 4501 1863 4554 illi
1887 4517 1976 4554 ca-

2073 3281 2193 3350 pias
2231 3281 2497 3344 rationes;
2550 3281 2729 3350 ligna,
2779 3284 3163 3352 procliviorem
3216 3287 3268 3340 in
3330 3304 3418 3342 res
3466 3290 3655 3345 sensui

2075 3372 2350 3443 subjectas
2400 3371 2744 3426 all‘ectionem
2803 3390 2868 3428 ac
2928 3374 3240 3441 libidinem;
3297 3376 3505 3441 fenum,
3559 3381 3656 3447 qui

2075 3463 2268 3517 brutas
2311 3464 2408 3517 alit
2458 3464 2811 3530 aﬂ‘ectiones;
2858 3467 3150 3534 stipulam,
3194 3469 3290 3537 qui
3341 3471 3656 3540 corruptio-

2077 3567 2200 3607 nem
2229 3562 2509 3623 operatur.
2543 3557 2619 3608 Ac
2645 3556 2887 3624 quidem,
2916 3557 3062 3626 quod
3089 3559 3284 3612 attinet
3317 3560 3383 3613 ad
3415 3560 3534 3614 illos
3561 3561 3656 3629 qui

2077 3646 2249 3701 bonas
2299 3645 2503 3699 habent
2543 3647 2810 3709 actiones,
2858 3647 3231 3703 manifestabit
3269 3650 3460 3719 judicii
3502 3651 3654 3718 dies;

2076 3738 2221 3807 quod
2251 3738 2303 3792 in
2341 3738 2485 3808 igne,
2514 3739 2620 3792 boc
2646 3746 2750 3800 est,
2789 3739 2842 3791 in
2872 3739 3090 3808 spiritu,
3122 3755 3316 3794 eorum
3357 3741 3498 3796 facta
3537 3757 3657 3795 ma-

2076 3829 2354 3883 niieslatio
2402 3835 2506 3882 est.
2558 3829 2715 3895 Quod
2765 3845 2896 3882 vero
2946 3829 3013 3884 ad
3063 3839 3414 3899 peccatores,
3465 3823 3657 3886 eurum

2081 4151 2328 4223 eimiillis
2353 4151 2626 4223 omnibus.
2662 4150 2806 4216 Quin
2850 4152 3161 4223 saceripse
3200 4161 3380 4206 textus
3398 4192 3420 4215 .,
3475 4153 3660 4223 egisse

2087 4221 2312 4276 Paulum
2344 4222 2544 4275 festum
2574 4223 2908 4291 Azymorum
2940 4221 3230 4291 Philippis,
3268 4223 3321 4276 in
3371 4221 3657 4291 procinctu

2085 4291 2252 4361 hujus
2303 4291 2542 4354 itineris,
2596 4293 2742 4346 clare
2777 4291 3019 4360 loquitur
3050 4307 3064 4342 :
3106 4293 3292 4360 Ἡμεῖς
3324 4292 3381 4344 δὲ
3408 4292 3669 4356 ἐξεπλεύέ

2088 4378 2259 4431 σαμεν
2321 4364 2456 4428 μετὰ
2500 4362 2597 4423 τὰς
2640 4362 2854 4432 ἡμέρας
2892 4361 2998 4414 τῶν
3040 4361 3288 4432 Ἀζύμων
3328 4363 3437 4415 ὰπὸ
3475 4362 3669 4416 Φιλίπ-

2091 4449 2213 4486 που.
2272 4433 2352 4486 Ex
2403 4447 2514 4502 quo
2561 4431 2766 4501 Chrys.
2813 4434 2921 4486 Kc“.
2969 4431 3078 4502 γὰρ
3141 4431 3238 4494 τὰς
3291 4433 3484 4502 ἑορτὰς
3541 4433 3666 4502 ἐμοὶ

2089 4502 2232 4554 δοκεῖ
2284 4499 2606 4571 σπουδάζειν
2658 4499 2821 4554 αὐτὸν
2877 4499 3059 4554 ποιεῖν’
3112 4504 3170 4555 ἐν
3229 4499 3362 4560 mia
3403 4499 3664 4571 μεγάλαις

395 4587 600 4642 nones,
641 4571 768 4642 sive
817 4570 1178 4642 sequentipm
1213 4561 1491 4642 pastorum
1549 4570 1842 4642 sedulitate
1887 4587 1983 4624 au—
2015 4561 2058 4615 Ι)
2090 4572 2274 4642 πόλεσι
2294 4588 2306 4600 ο
2345 4570 2452 4624 Hoc
2478 4561 2606 4642 puto
2633 4571 2894 4632 studebat,
2927 4581 2981 4624 ut
3003 4570 3360 4642 solemnitates
3382 4561 3437 4642 in
3460 4561 3666 4642 magnis

393 4641 586 4710 gendo
624 4639 809 4694 divino
837 4640 1028 4704 cultui,
1056 4639 1298 4710 Ecclesia
1337 4640 1446 4709 jam
1479 4640 1776 4710 constituta
1817 4651 1981 4709 atque

392 4711 610 4770 adulta,
645 4710 852 4763 conditi
876 4718 1042 4775 sunt;
1083 4709 1220 4762 nihil
1273 4718 1452 4762 tamen
1513 4709 1589 4764 illi
1645 4709 1978 4774 efficiebant,

387 4780 539 4850 quin
563 4781 764 4834 Paulus
792 4795 1106 4848 supremum
1132 4779 1249 4850 vale
1274 4779 1522 4850 dicturus
1557 4796 1624 4832 ac
1660 4782 1863 4849 quibus
1894 4781 1982 4833 di-

392 4849 586 4912 cebat,
616 4850 923 4920 presbyteri
947 4865 1009 4902 ac
1026 4849 1282 4904 Ecclesia:
1301 4849 1587 4920 primores,
1624 4850 1702 4903 sic
1726 4865 1984 4920 procum-

395 4917 630 4983 berent,
655 4917 831 4988 eoque
862 4921 1111 4987 corporis
1137 4917 1380 4988 gestiret
1405 4917 1618 4979 habitu,
1655 4917 1766 4973 tum
1807 4919 1981 4973 tristi-

388 4993 538 5045 tiam
575 4991 814 5044 vicissim
862 4989 941 5042 illi
991 5004 1143 5043 suam
1197 4988 1512 5056 proderent,
1574 4996 1690 5041 tum
1741 4990 1984 5043 divinam

384 5075 563 5130 opem
617 5059 975 5130 propensiore
1024 5059 1332 5130 humilitate
1375 5059 1788 5130 deposcerent,
1822 5060 1983 5113 Ritus

385 5129 496 5186 ille
521 5146 632 5184 non
661 5129 914 5183 ﬂectendi
943 5129 997 5182 in
1029 5129 1266 5198 publicis
1291 5129 1555 5197 statisque
1586 5129 1842 5198 Ecclesia:
1860 5145 1984 5197 pre-

381 5202 564 5256 cibus
595 5210 648 5254 Cll
672 5198 864 5254 ciliciis
896 5197 1075 5253 locum
1110 5198 1294 5259 habet,
1323 5198 1582 5266 omnique
1617 5197 1819 5252 Graecis
1854 5200 1985 5253 reli-

383 5271 567 5340 gione
607 5281 894 5334 servatur;
945 5270 1000 5322 in
1032 5267 1364 5340 aliisineseio
1394 5284 1462 5321 an
1492 5277 1548 5321 et
1573 5268 1724 5340 ipsis,
1745 5269 1980 5340 inviola-

383 5339 656 5410 ιῖίιίεεὶις
698 5340 844 5410 quod
873 5340 1092 5394 videtur
1122 5339 1386 5392 Maximus
1418 5340 1668 5410 innuere.
1714 5339 1849 5394 Utut
1888 5339 1978 5403 sit,

379 5409 606 5483 passim
636 5407 875 5483 legimus
893 5411 946 5463 in
975 5410 1260 5483 Scriptura
1292 5410 1372 5462 sic
1422 5407 1782 5483 procubuisse
1816 5425 1984 5483 oran-

381 5477 508 5542 ics,
532 5496 656 5535 eum
687 5477 910 5549 majoris
944 5477 1150 5549 aliquid
1197 5477 1658 5547 compunctionis,
1701 5480 1980 5533 exorando

376 5551 646 5606 divinam
691 5551 1060 5614 clementiam,
1107 5549 1394 5603 ostendere
1423 5549 1646 5602 vellent.
1699 5549 1790 5603 Sic
1842 5549 1982 5603 bene

369 5622 692 5688 Chrysost.
759 5621 884 5674 inde
921 5635 1106 5674 orasse
1158 5619 1541 5688 colligittobx
1575 5619 1781 5681 ἁπλῶς,
1844 5619 1982 5673 ἀλλὰ

385 5687 558 5764 μετὰ
585 5690 784 5764 πολλῆς
813 5691 913 5759 τῆς
941 5687 1332 5764 κατανύξεωςί·
1386 5687 1858 5764 Nondefunctorie
1919 5705 1980 5764 ac

364 5759 586 5835 ᾲααυίδ
619 5761 841 5835 rat_iou_e,
861 5760 950 5835 sed
976 5776 1092 5835 cum
1124 5760 1743 5835 magnacompunctione,
1774 5759 1886 5820 θεὶς
1913 5759 1980 5811 τὰ

375 5830 609 5899 γόνατα
644 5830 808 5883 αὑτοῦ
837 5833 932 5884 σὺν
964 5833 1127 5884 πᾶσιν
1167 5833 1346 5892 αὐτοῖς
1367 5843 1380 5856 ’
1417 5844 1614 5897 ponens
1662 5830 1773 5898 ipse
1805 5845 1979 5898 genua

2085 4641 2296 4695 urbibus
2331 4641 2625 4711 perageret.
2658 4643 2837 4710 Atque
2871 4642 3030 4703 adeo,
3057 4641 3139 4694 uti
3161 4641 3427 4710 Philippis
3454 4641 3666 4711 Pascha

2085 4711 2312 4781 diesque
2339 4710 2668 4780 Azymorum
2703 4722 2910 4781 egerat,
2940 4712 3028 4781 sic
3070 4711 3430 4781 Pentecosten
3454 4710 3648 4764 Hiero-

2085 4779 2310 4864 solymis
2339 4779 2622 4864 celebrare
2655 4779 2953 4864 satagebat.
2999 4779 3539 4864 OEcuInennius‘i‘pse'
3555 4796 3664 4834 non

2085 4846 2219 4906 satis
2236 4863 2543 4915 accuratus,
2570 4851 2658 4905 illa
2676 4846 2841 4905 verba
2863 4852 2981 4907 Act.
3008 4865 3118 4913 xxx,
3143 4846 3205 4904 5:
3234 4850 3363 4901 Ὅτε
3380 4846 3440 4900 δε
3452 4850 3667 4915 ἐγένετο

2085 4923 2232 4990 ἡμᾶς
2280 4921 2557 4990 ἐξαρτίσαι
2601 4921 2698 4983 τὰς
2749 4920 2979 4989 ἡμέρας,
3038 4919 3306 4990 completis
3339 4919 3540 4990 diebus,
3594 4920 3666 4990 de

2086 4987 2285 5047 diebus
2349 4987 2679 5062 Azymorum
2731 4987 2956 5062 cii-ponit
2991 5029 3005 5053 ,
3060 4987 3371 5062 τριὰς-εστι,⁸
3405 4987 3542 5057 μετὰ
3597 4989 3668 5041 τὰ

2089 5063 2330 5130 ’Λζυμα,
2375 5058 2500 5115 cum
2567 5076 2748 5113 sermo
2788 5061 2857 5112 sit
2900 5059 2968 5130 de
3008 5068 3216 5130 septem
3265 5058 3482 5130 diebus,
3525 5073 3669 5130 quos

2087 5132 2216 5201 Tyri
2237 5128 2354 5200 legit
2385 5131 2588 5184 Paulus
2621 5146 2744 5183 eum
2789 5129 3096 5201 discipulis,
3127 5128 3514 5201 peractisjam
3546 5128 3667 5182 die-

2085 5198 2190 5255 bus
2242 5198 2571 5270 Atymorum
2608 5199 2914 5270 Philippis,
2951 5199 3072 5253 Act.
3127 5214 3217 5261 xx,
3261 5198 3313 5252 6.
3365 5199 3452 5270 Ac
3479 5213 3667 5270 neque

2085 5271 2130 5324 si
2160 5272 2224 5325 de
2251 5268 2805 5341 diebusAzymorum
2845 5269 2920 5322 ibi
2963 5277 3326 5341 sermoesset,
3362 5268 3667 5337 quidquam

2084 5342 2238 5394 locus
2302 5340 2512 5395 auctori
2555 5337 2782 5394 'l‘averet
2823 5378 2837 5402 ,
2914 5354 3037 5402 eum
3123 5337 3308 5392 statim
3404 5348 3670 5408 sequatur

2083 5412 2190 5464 alia
2243 5411 2519 5480 precantis
2559 5410 2709 5465 Pauli
2755 5421 2810 5463 et
2863 5409 3110 5462 ﬁdelium
3141 5408 3503 5480 geniculatio,
3558 5409 3670 5480 Ιξαὶ

2086 5477 2266 5544 Θέντεξ
2318 5481 2384 5532 τὰ
2448 5482 2668 5546 γόνατα,
2734 5482 2826 5532 ἐπὶ
2863 5481 2983 5548 γτὺν
3042 5477 3290 5546 αἰγιαλὸν
3352 5477 3670 5548 προσηυξᾲ-

2089 5551 2248 5620 μευα.
2289 5549 2481 5603 Positis
2503 5551 2737 5620 genibus,
2764 5552 2819 5602 in
2855 5547 3032 5620 littore
3056 5550 3357 5620 oravimus;
3401 5546 3531 5600 cum
3567 5546 3672 5620 τῇς

2086 5615 2458 5689 ὀτεντηκοστῆς
2489 5615 2786 5690 (paschalis
2808 5619 3019 5674 scilicet
3051 5618 3358 5686 temporis)
3399 5633 3512 5672 non
3555 5615 3668 5690 nisi

2085 5685 2296 5760 septem
2326 5685 2548 5744 circiter
2575 5690 2694 5746 dies
2731 5690 3090 5755 elliuxisScnt,
3143 5685 3246 5744 nec
3284 5697 3506 5758 tempus
3554 5685 3664 5740 τῶν

2084 5761 2348 5830 νηστειῶν
2379 5767 2545 5816 esset.
