4070 6410
441 300 546 364 849

1608 295 2006 368 QUIESTION
2013 297 2104 357 ES
2141 295 2235 354 ΕΤ
2275 295 2377 355 DU
2388 294 2532 354 BIA.

3599 291 3707 355 82:0

437 414 698 486 προνοίας
739 411 890 465 οὐδὲν
945 410 1171 481 γίνεται,
1221 408 1338 463 ἀλλ’
1389 409 1500 463 εἴτε
1561 411 1678 466 κατ’
1734 409 2058 473 ε’ὒδοκίαν,ί

2149 406 2296 460 entia
2331 405 2600 476 contingit
2632 404 2807 470 nihil;
2857 404 2956 460 sed
3011 404 3098 460 vel
3148 403 3306 475 331
3346 404 3703 474 propensiore

438 509 550 561 εἴτε
581 507 702 558 κατ’
741 505 1076 574 οἰκονομίαν,
1104 505 1213 556 εἴτε
1235 503 1376 556 κατὰ
1405 500 1751 572 συγχώρησιν
1782 501 1851 554 τὰ
1882 502 2017 554 πάν-

437 617 512 654 τα
557 598 823 668 γίνονται’
861 597 922 650 τὸ
973 599 1029 650 ὲν
1082 597 1203 659 ταῖς
1249 593 1557 662 Βᾳσιλείαις
1609 595 2013 664 γεγραμμένον,

440 693 524 745 ὅτι
556 693 585 744 ὁ
614 690 745 752 Θεὸς
777 690 1078 752 ὲπέσεισεν,
1128 688 1247 740 ἀντὶ
1289 685 1404 752 τοῦ,
1439 683 1848 754 παρεχώρησε,
1879 687 2019 737 νοεῖν

444 786 588 837 ἐστιν
622 783 846 846 εὐσεϐές
867 801 879 812 ο
913 784 970 835 ὲν
997 782 1053 835 δὲ
1085 785 1205 845 ταῖς
1241 778 1772 851 Παραλειπομέναις,
1795 778 1886 830 τὸν
1902 777 2020 830 διὰ-

443 877 598 928 6ολον
619 875 709 928 τὸν
743 873 1134 944 ὲνεργήσαντα,
1167 875 1260 926 καὶ
1279 871 1452 926 αἴτιον
1492 872 1804 941 γενόμενον.
1836 868 2021 921 Ἐὔδο-

446 969 693 1036 μήκοντα
723 965 781 1018 δὲ
807 964 1043 1036 χιλιάδες
1069 963 1380 1028 πίπτουσιν,
1428 964 1476 1015 οἱ
1518 961 1833 1032 εὑρεθέντες
1883 957 2022 1027 μετὰ

457 1055 834 1110 Ἀὄεσσα).ὡν·
880 1056 929 1108 οἱ
973 1055 1033 1107 τὸ
1073 1053 1243 1116 πάθος
1270 1052 1486 1123 ἔχοντες
1518 1050 1619 1120 τῆς
1647 1051 1886 1120 οἰήσεως
1925 1047 2022 1099 καὶ

446 1147 876 1218 ὑπερηφανείας.
903 1145 1062 1200 Κατὰ
1086 1145 1143 1198 δὲ
1175 1143 1272 1214 τὴν
1303 1143 1536 1214 Θεωρίαν
1559 1142 1714 1194 τοῦτο
1741 1139 2020 1208 σημαίνει,

446 1242 528 1294 ὅτι
566 1241 674 1302 πᾶς
705 1239 892 1301 Δαϐὶδ,
924 1238 951 1290 ὁ
993 1237 1067 1308 μὴ
1095 1237 1234 1290 κατὰ
1271 1235 1533 1298 διάθεσιν,
1563 1233 1698 1286 ἀλλὰ
1733 1232 1871 1286 κατὰ
1900 1249 2023 1283 συν-

449 1332 726 1406 αρπαγὴν,
761 1334 1049 1404 ὲπὰρσεως
1091 1329 1473 1400 ἀπογεννήσας
1522 1327 1804 1397 λογισμὸν,
1856 1342 2022 1394 μετα-

449 1424 633 1494 γνοὺς,
662 1425 892 1476 αἰτεῖται
936 1422 1026 1475 τὸν
1056 1421 1208 1485 Θεὸν,
1242 1420 1338 1474 καὶ
1369 1420 1691 1490 θνήσκουσιν
1729 1419 1776 1470 οἱ
1807 1416 2026 1487 περὶτὰ

453 1517 680 1588 χρονικὰ
707 1515 800 1568 καὶ
832 1514 1143 1586 πρόσκαιρα
1175 1514 1448 1584 λογισμοί.
1501 1511 1559 1565 ’0
1585 1511 1692 1581 γὰρ
1724 1509 2026 1580 ἑϐδομηκο-

454 1607 578 1670 στὸς
625 1604 881 1678 ἀριθμὸς,
925 1605 1025 1676 τὴν
1068 1604 1324 1676 χρονικὴν
1366 1602 1582 1672 κίνησιν
1631 1601 1910 1672 σημαίνει,
1938 1599 2025 1654 διὰ

453 1699 544 1753 τὸν
569 1698 928 1769 ἑϐδοματικὸν
965 1697 1183 1752 κύκλον.
1214 1697 1310 1750 Διὰ
1348 1695 1505 1750 τοῦτο
1525 1695 1706 1749 τοίνυν
1751 1694 2025 1765 παραιτή-

457 1793 654 1845 σασθαι
693 1792 935 1862 ἄμεινον,
966 1789 1028 1843 τὸ
1064 1790 1174 1844 ἀπὸ
1213 1788 1323 1844 τῶν
1357 1787 1568 1860 ἐχθρῶν
1601 1788 1870 1858 δαιμόνων
1905 1787 2026 1839 διώ-

455 1885 669 1947 κεσθαι,
697 1885 792 1938 καὶ
818 1883 895 1956 μὴ
924 1881 1082 1955 λιμὸν
1105 1883 1198 1936 τοῦ
1230 1881 1460 1935 ἀκοῦσαι
1484 1881 1636 1950 λόγον
1657 1878 1816 1934 Θεοῦ.

2119 501 2240 572 ejus
2265 500 2546 554 voluntate
2579 507 2848 568 nutuque,
2884 498 2968 553 vel
3002 497 3363 570 indulgentia,
3397 507 3493 552 aut
3533 497 3700 551 etiam

2119 593 2482 665 permissione
2509 599 2706 648 cuncta
2733 591 3034 658 eveniunt;
3058 590 3205 661 quod
3229 591 3282 645 in
3309 591 3468 645 libris
3490 590 3707 659 Regno—

2125 702 2245 744 rum
2279 686 2548 756 scriptum
2585 692 2690 749 est,
2711 683 3078 741 commovisse
3107 685 3302 749 Deum,
3333 684 3405 738 ita
3434 684 3522 753 pie
3553 683 3706 752 posi-

2127 789 2244 835 tum
2287 778 2678 849 intelligemus,
2705 793 2806 848 pro
2844 793 2912 832 eo
2956 776 3104 847 quod
3145 783 3250 840 est,
3294 777 3619 845 permisisse;
3653 775 3707 827 in

2122 871 2282 927 libris
2311 877 2496 925 autem
2526 870 3006 940 Paralipomenon,
3037 867 3318 922 diabolum
3349 882 3464 920 rem
3490 866 3706 936 praesti-

2122 961 2277 1026 tisse,
2305 961 2534 1031 ejusque
2559 967 2840 1014 auctorem
2877 957 3068 1013 t‘uisse.
3093 956 3311 1013 Cadunt
3338 971 3468 1010 vero
3493 966 3713 1024 septua-

2123 1055 2276 1126 ginta
2301 1053 2496 1117 millia,
2524 1052 2618 1122 qui
2641 1051 2852 1106 scilicet
2874 1050 3081 1106 inventi
3105 1057 3234 1104 sunt
3261 1065 3385 1104 cum
3419 1048 3708 1112 Absalone,

2123 1148 2487 1216 laborantque
2526 1145 2704 1199 inanis
2745 1143 2918 1198 fastus
2953 1159 3016 1197 ae
3053 1142 3322 1210 superbiae
3354 1141 3506 1195 vitio.
3540 1140 3715 1208 Spiri-

2128 1237 2220 1293 tali
2251 1247 2438 1292 autem
2470 1237 2753 1292 intellectu
2795 1236 2900 1289 hoc
2931 1233 3220 1304 signiﬁcat,
3251 1232 3503 1302 quisquis
3543 1230 3712 1284 David

2126 1337 2230 1393 est,
2267 1329 2361 1398 qui
2404 1343 2517 1382 non
2565 1341 2838 1397 propensa
2866 1325 3168 1389 voluntate,
3205 1324 3298 1378 sed
3331 1322 3478 1392 quod
3507 1321 3581 1374 ita
3611 1321 3713 1374 ob-

2128 1419 2383 1489 repserit,
2413 1432 2516 1473 nec
2557 1417 2690 1471 satis
2715 1417 2989 1488 cogitante
3025 1417 3211 1470 animo
3248 1414 3504 1469 elationis
3532 1411 3711 1466 labem

2127 1511 2413 1582 genuerit;
2464 1508 2810 1580 paenitudine
2857 1509 3110 1572 ductum,
3146 1507 3406 1577 precibus
3439 1504 3507 1559 ad
3540 1505 3712 1558 Deum

2129 1602 2446 1673 confugere,
2493 1616 2577 1666 ac,
2623 1617 2744 1670 qua:
2785 1601 2932 1657 circa
2982 1609 3203 1654 terrena
3255 1606 3714 1667 temporaneaque

2130 1683 2456 1758 versantur,
2522 1692 2884 1762 cogitationes
2950 1691 3197 1745 interire.
3254 1687 3718 1758 Septuagenarius

2134 1786 2282 1841 enim
2335 1799 2602 1840 numerus
2650 1783 3007 1854 temporalem
3071 1782 3322 1852 designat
3372 1790 3603 1844 motum,
3647 1778 3719 1832 ob

2135 1876 2506 1948 septenarium
2559 1884 2937 1930 recurrentem
2982 1875 3195 1930 dierum
3231 1873 3523 1928 circulum.
3571 1871 3716 1924 Prie-

454 1987 564 2033 stat
596 1979 762 2049 igitur
795 1993 1042 2049 poscere,
1093 1987 1153 2032 ut
1219 1977 1425 2032 inimici
1493 1976 1770 2031 daemones
1831 1983 2260 2046 persequantur,
2309 1988 2472 2043 quam
2529 1980 2587 2027 ut
2629 1971 2770 2026 fame
2809 1970 3068 2026 audiendi
3109 1969 3338 2024 verbum
3387 1967 3484 2022 Dei
3525 1965 3721 2037 punia-

457 2073 535 2129 ris
562 2073 626 2128 ⁸⁸.

1056 2186 1253 2243 ΕΡΩΤ.
1295 2187 1432 2254 017'.

533 2281 594 2334 Τί
623 2281 751 2334 ἐστι
784 2280 850 2334 τὸ
874 2281 946 2334 ἐν
966 2279 1046 2345 τῷ
1073 2280 1412 2346 Ἀποστόλῳ
1437 2280 1770 2348 εἰρημένον,
1808 2298 1826 2332 ι
1857 2281 2034 2349 Ὄφε-

454 2375 572 2428 λον
597 2371 694 2426 καὶ
725 2373 1138 2444 ἀποκόψονται
1159 2388 1177 2437 ;
1199 2389 1218 2422 ι

1137 2483 1364 2550 Ἆποκρ.

528 2580 702 2634 Τοῦτο
743 2580 960 2652 εἴρηται
1009 2580 1132 2633 ἀντὶ
1176 2577 1295 2643 τοῦ,
1332 2579 1676 2650 Θρηνήσουσι
1707 2579 1802 2632 καὶ
1835 2577 2033 2648 κόψον-

455 2693 546 2729 ται
581 2676 666 2744 (ι),
698 2676 777 2737 εἰς
809 2675 1098 2745 μετάνοιαν
1127 2671 1414 2744 ἐρχόμενοι
1440 2664 1778 2743 ὧνῆμαρτον
1806 2673 2034 2725 ἀναστα-

455 2767 678 2830 τοῦντες
706 2767 834 2830 τοὺς
864 2763 1112 2830 πιστούς.

1079 2961 1274 3015 ΕΡΩΤ.
1317 2962 1435 3015 UZ'.

538 3058 705 3122 Τίνος
733 3055 910 3126 χάριν
941 3054 1235 3110 Μωαϐῖται
1290 3053 1388 3106 καὶ
1424 3050 1757 3121 Ἀμμανῖται
1807 3053 2030 3121 ἀπαγο-

454 3151 735 3220 ρεύονται
763 3147 1061 3220 εἰσελθεῖν
1091 3148 1178 3212 εις
1203 3146 1308 3199 τὸν
1333 3144 1482 3199 ναὸν
1518 3145 1626 3199 τοῦ
1660 3145 1900 3213 Κυρίου,
1927 3144 2040 3209 ἕως

460 3245 666 3310 τρίτης
705 3241 804 3296 καὶ
860 3239 1144 3308 τετάρτης
1195 3237 1292 3292 καὶ
1349 3237 1605 3305 δεκάτης
1653 3235 1865 3308 γενεᾶς
1892 3255 1905 3267 ·
1939 3227 2040 3293 καὶ

467 3333 575 3399 ἕως
608 3335 697 3398 εις
723 3329 830 3384 τὸν
858 3329 1044 3384 αἰῶνα
1072 3345 1092 3393 ;

1145 3417 1374 3486 Ἇπόκρ.

551 3507 772 3580 Ἐπειδὴ
841 3507 1141 3578 Μωαϐίτης
1205 3506 1569 3578 ἑρμηνεύεται
1625 3507 1872 3576 ἔντερον
1933 3523 2046 3562 πα·

475 3605 614 3672 τρός
652 3604 748 3673 (ul'
791 3601 1130 3674 Ἀμμανίτης
1167 3601 1245 3668 δὲ,
1285 3599 1481 3666 πατὴρ
1523 3599 1791 3668 μητρός-ο
1839 3599 2044 3670 σημαί-

548 3758 597 3792 ⁸⁸
629 3759 792 3814 Amos
820 3773 937 3824 vm,
973 3758 1059 3812 ll.

542 3918 560 3936 ‘
594 3917 734 3985 Vulg
791 3913 1187 3985 abscinduntur,
1221 3912 1447 3985 aliique.

547 3986 608 4057 (t)
653 3980 804 4039 Ἀντί
865 3984 994 4047 τοῦ,
1049 3980 1912 4057 Qpiirﬂaouo't_3calxd¢01{t_at.
1941 3980 2058 4036 Hu-

467 4051 564 4128 jus
593 4051 860 4128 sicnova;
882 4054 1218 4128 acceptionis
1242 4051 1388 4128 vocis
1411 4051 1588 4128 illius,
1636 4051 2014 4128 ἀποκόψωνται
2043 4090 2057 4114 ,

471 4122 730 4181 ineminit
745 4136 799 4180 et
820 4122 1056 4195 Hesycb.
1083 4139 1268 4195 exque
1287 4123 1388 4195 illo
1411 4122 1482 4176 Va
1492 4139 1550 4195 r;
1564 4122 2057 4195 ᾁποκοπησαμένη,

471 4191 1048 4267 στερνοκοπησαμένη,
1069 4191 1480 4267 ἁπονοψαμενῃ.
1512 4191 1778 4267 Plangens
1807 4192 2062 4267 tundens-

469 4261 588 4337 qne'
611 4261 812 4337 pectus;
847 4261 972 4320 Haec
1013 4261 1160 4337 forte
1209 4263 1289 4337 sic
1325 4261 1474 4337 mitis
1508 4261 1814 4337 excogitata
1838 4261 2058 4330 exposi-

471 4331 574 4402 tio,
597 4331 665 4391 ne
683 4336 816 4406 quid
840 4335 1121 4406 austerius
1146 4333 1353 4406 habere
1373 4331 1697 4406 imprecatio
1723 4332 1860 4406 base,
1892 4347 2054 4406 quam

470 4400 575 4477 pro
605 4400 852 4476 Apostoli
890 4404 1334 4477 mansuetudine,
1371 4400 1677 4477 _videre_tur
1702 4401 1948 4477 ;_reliqui
1976 4409 2056 4454 ta-

2062 2979 2110 3040 Β

2642 2174 2926 2231 INTER“.
2968 2174 3208 2231 LXXVI.

2205 2271 2344 2337 Quid
2367 2271 2465 2326 sibi
2487 2267 2621 2333 vnit,
2653 2269 2791 2337 quod
2824 2268 3022 2321 dictum
3047 2274 3120 2321 est
3145 2268 3209 2321 ab
3238 2264 3529 2338 Apostolo:
3556 2281 3576 2318 ι
3601 2263 3724 2322 Uti—

2136 2379 2264 2419 nam
2288 2361 2335 2396 ⁸⁹
2359 2370 2417 2418 et
2439 2360 2804 2430 ἀποκόψονται
2834 2362 2870 2413 ⁸.

2864 2475 3018 2530 Resp.

2864 2494 2961 2530 nes
3005 2515 3018 2530 .

2210 2570 2392 2626 Posita
2427 2579 2511 2624 est
2540 2585 2604 2624 ea
2633 2583 2760 2632 vox,
2793 2583 2894 2637 pro
2938 2494 3006 2620 ei:
3048 2581 3112 2622 ac
3153 2565 3339 2621 dicat:
3373 2564 3621 2635 Lugcant
3660 2579 3725 2620 ac

2143 2664 2402 2734 plangant
2445 2661 2790 2731 paenitudine
2836 2659 3010 2723 ducti,
3055 2673 3247 2713 eorum
3288 2673 3410 2727 qua:
3454 2669 3724 2726 peccave-

2143 2762 2293 2816 runt,
2320 2749 2706 2806 conturbando
2732 2749 2940 2813 ﬁdeles,
2975 2762 3277 2816 eorumque
3305 2745 3567 2802 tentando
3593 2760 3724 2802 con-

2143 2841 2422 2897 stantiam.

2634 2955 2917 3010 lNTERR.
2975 2953 3231 3010 LXXVII.

2212 3051 2350 3118 Quid
2381 3065 2554 3105 causa?
2589 3059 2664 3103 est
2698 3065 2789 3102 cur
2833 3047 3078 3102 Moabitis
3128 3055 3174 3100 et
3210 3044 3526 3101 Ammanitis
3556 3043 3735 3097 inter-

2140 3145 2334 3199 dictum
2363 3143 2432 3196 sit
2469 3141 2675 3212 ingredi
2711 3142 2764 3194 in
2796 3138 3052 3211 templum
3088 3138 3320 3203 Domini,
3345 3153 3508 3208 usque
3532 3138 3590 3190 in
3619 3145 3730 3190 ter-

2143 3239 2276 3291 tiam
2326 3242 2378 3289 et
2430 3240 2683 3302 quartam
2739 3232 3172 3303 generationem;
3222 3239 3272 3285 et
3313 3245 3479 3301 usque
3523 3229 3583 3284 in
3625 3241 3731 3284 εω-

2143 3327 2323 3382 culum
2349 3327 2395 3359 9°
2424 3327 2447 3378 ’ἰ

2863 3413 3033 3484 Resp.

2216 3506 2354 3574 Quia
2387 3505 2672 3571 Moabites,
2701 3504 2747 3561 si
2780 3518 2984 3558 nomen
3016 3502 3417 3573 interpreteris,
3448 3501 3618 3574 patris
3646 3501 3732 3557 in-

2147 3601 2396 3654 testinum
2426 3608 2623 3665 sonat;
2646 3595 2987 3653 Ammanites
3016 3607 3170 3660 vero,
3201 3595 3388 3650 matris
3413 3601 3568 3668 pater
3595 3610 3616 3652 .'
3641 3593 3729 3650 his

1135 3756 1180 3788 ’δ’
1211 3753 1389 3810 Galat.
1423 3769 1474 3818 v,
1512 3753 1597 3807 12.
1674 3754 1722 3785 ’°
1753 3753 1914 3810 Deut.
1947 3767 2100 3820 mu,
2131 3751 2196 3820 5;
2233 3752 2254 3808 Ι
2282 3753 2444 3808 Esdr.
2479 3767 2596 3819 xm,
2632 3753 2682 3807 l.

2156 3925 2277 3982 cem
2306 3909 2506 3982 iterum
2529 3910 2750 3982 repetit.
2787 3911 2954 3981 inque
2978 3911 3170 3982 eavim
3200 3911 3347 3975 facit,
3385 3913 3467 3967 sic
3495 3926 3598 3967 nos
3615 3912 3736 3982 opi—

2157 3981 2279 4035 nari
2299 3997 2423 4053 non
2455 3981 2608 4035 sinit.
2639 3981 2752 4036 Nec
2773 3982 2958 4053 minus
3009 3981 3155 4053 clara
3187 3983 3524 4053 etymologia,
3550 3981 3733 4038 nomi-

2159 4053 2247 4106 nis
2282 4051 2535 4115 Ammon,
2574 4067 2641 4104 ex
2671 4067 2780 4118 quo
2810 4050 3135 4106 Ammanita:
3163 4050 3621 4118 setiAnnnonita},
3667 4068 3735 4108 ex

2158 4121 2402 4176 secunda
2419 4120 2537 4174 Loti
2568 4121 2680 4174 ﬁlia
2711 4123 2939 4191 ipsoque
2955 4122 3112 4184 Loto,
3143 4125 3446 4191 perscripta
3467 4123 3602 4177 Gen.
3620 4139 3731 4189 nx,

2159 4192 2229 4248 ’58
2258 4209 2272 4245 :
2309 4191 2478 4246 Filius
2505 4191 2685 4262 populi
2709 4194 2843 4256 mei;
2876 4207 2979 4245 nec
3007 4193 3281 4255 occurrit,
3315 4194 3461 4248 unde
3481 4193 3736 4257 Maximo,

2160 4262 2221 4314 τὸ
2252 4263 2432 4330 πατὴρ
2467 4261 2670 4332 μητρός
2702 4262 3033 4332 obrepserit.
3079 4263 3232 4327 Quod
3272 4265 3436 4318 etiam
3467 4264 3536 4319 de
3574 4264 3737 4319 tertia

2162 4339 2432 4401 etquarta
2475 4331 2971 4401 generationehuc
3009 4334 3331 4388 translatum
3376 4343 3482 4399 est,
3535 4334 3602 4388 ad
3633 4335 3737 4389 alia

2163 4410 2378 4472 spectat
2405 4401 2580 4456 Exod.
2614 4417 2703 4465 xx,
2731 4403 2797 4468 5;
2840 4403 3002 4457 Num.
3031 4419 3141 4467 xlv,
3186 4404 3279 4470 l8;
3316 4405 3476 4459 Deut.
3501 4421 3555 4470 v,
3590 4405 3624 4460 9
3670 4405 3740 4460 de

471 4466 601 4530 inen
629 4466 710 4532 sic
754 4483 1060 4545 exponunt,
1097 4483 1158 4528 ut
1183 4466 1338 4545 quasi
1363 4470 1851 4545 immedicabiliter
1872 4466 2054 4545 Eegro—
2088 4466 2132 4522 D
2158 4466 2247 4545 bis
2293 4471 2386 4541 qui
2442 4466 2955 4545 transgrediuntur“
2979 4466 3185 4545 divina
3209 4466 3487 4541 mandata,
3537 4466 3741 4545 quibus

475 4547 722 4601 tantibus
753 4540 1077 4615 summeque
1097 4540 1222 4615 aliis
1244 4543 1512 4606 exitiosis,
1538 4550 1595 4596 et
1614 4540 1905 4615 ἀστατορσι
1933 4540 2054 4613 (οοε

472 4616 572 4686 qui
598 4617 758 4672 liberi
780 4624 967 4670 essent
988 4611 1045 4670 et
1069 4614 1135 4669 ad
1164 4628 1457 4686 supernam
1491 4619 1805 4686 Spectarent
1828 4611 2054 4686 Jerusa-

471 4680 798 4763 lem,__quasi
828 4700 994 4756 vagos
1025 4680 1349 4763 exsulesque
1375 4698 1441 4738 ac
1464 4680 1709 4763 captivos
1742 4680 2057 4763 circumdu-

471 4751 750 4826 centibiis)
763 4771 872 4826 non
887 4751 1202 4826 iapttott'hv
1216 4751 1719 4826 (circumcisionem
1737 4767 1844 4826 qua
1855 4751 2056 4826 gloria-

473 4825 701 4895 bantur)
727 4825 818 4879 sed
850 4821 1064 4894 plenam
1091 4821 1371 4895 ὰττοτόμὴν
1399 4832 1456 4878 et
1486 4821 1768 4895 ἀποκοπὴν
1791 4821 2055 4895 _(virilium

472 4891 692 4950 scilicet
714 4891 1069 4963 excisionem)
1104 4895 1250 4964 justa
1281 4891 1364 4947 eis
1407 4891 1754 4964 aemulatione
1789 4893 2057 4964 imprece-

473 4975 604 5030 tur;
634 4965 777 5034 quod
805 4975 912 5028 est,
936 4961 1144 5019 nullam
1177 4962 1536 5034 deincepss‘ic
1565 4961 1722 5034 malae
1748 4961 2056 5034 gentisfore

473 5031 744 5091 sobolem.
777 5034 1274 5106 Videturgllesych.
1307 5031 1553 5106 quodita
1576 5031 1767 5097 refert,
1795 5032 1850 5106 in
1871 5032 2057 5100 aliquo

472 5107 712 5172 comico,
744 5120 809 5160 ac
839 5105 907 5159 de
932 5102 1417 5174 muliere‘dictuﬁm,
1447 5102 1648 5174 legisse
1690 5119 1728 5174 :_
1750 5102 1846 5170 qui
1895 5116 2058 5174 sexus

469 5175 546 5255 ad
574 5170 858 5255 planctum
877 5183 1177 5245 pectusque
1215 5170 1557 5228 tundenduin
1589 5170 1826 5226 maxime
1855 5172 2058 5241 proeli-

469 5254 563 5300 νιε
585 5254 689 5300 est.

554 5317 636 5386 (ιι)
679 5319 971 5382 Ἓντερον
1021 5316 1266 5381 πατρός.
1305 5313 1428 5386 Non
1478 5312 1613 5386 satis
1657 5311 1877 5386 videtur
1912 5310 2058 5386 istud

468 5382 721 5455 (sty'mum
740 5394 1062 5441 accuratum
1086 5402 1100 5449 ;
1132 5393 1260 5439 nota
1291 5385 1438 5439 enim
1469 5382 1709 5455 nominis
1735 5382 1893 5455 Moab
1914 5382 2062 5436 deri-

468 5452 627 5535 vatio
658 5473 753 5512 seu
795 5458 984 5535 origo;
1025 5455 1171 5535 quod
1219 5470 1285 5509 ex
1317 5453 1626 5535 patre_{Lot
1671 5452 1904 5535 scilicet)
1937 5461 2061 5534 post

473 5526 845 5581 Sodomorum
870 5522 1433 5594 subversionem,_per
1451 5522 1683 5577 ﬁliarum
1710 5522 2060 5594 fraudemin-

473 5605 738 5650 cestuoso
769 5596 1064 5651 concubitu
1107 5605 1267 5648 natus
1302 5593 1391 5648 sit.
1424 5594 1559 5646 Num
1599 5608 1734 5663 ergo
1778 5593 2062 5663 scripserit

473 5666 772 5729 Maximus,
818 5666 893 5718 ὢν
942 5668 1008 5718 ἐκ
1058 5665 1150 5718 τοῦ
1206 5666 1431 5734 πατρός.
1469 5662 1617 5734 quod
1664 5662 1739 5716 ita
1771 5662 2062 5734 imperitus

477 5736 665 5790 scriba
689 5737 742 5791 in
779 5737 994 5806 ἔντερον
1017 5735 1290 5791 verterit?
1318 5732 1422 5790 Sed
1451 5733 1596 5804 quod
1627 5749 1747 5788 eam
1771 5732 1942 5802 ipsam
1969 5749 2062 5786 vo-

2157 4543 2304 4597 Deus
2329 4542 2696 4615 comminatur
2721 4557 2779 4596 se
2804 4543 3151 4615 redditurum
3175 4544 3229 4615 in
3261 4545 3480 4615 tertiam
3501 4542 3743 4615 etquar-

2160 4620 2268 4685 ta_m
2291 4613 2727 4685 generationem,
2752 4622 2808 4685 et
2833 4614 2887 4667 in
2913 4614 3176 4685 saeculum
3201 4614 3275 4685 (id
3300 4624 3408 4685 est.
3435 4613 3739 4684 nunquam)

2157 4681 2531 4738 admittendos
2571 4683 2624 4735 in
2655 4683 2957 4738 Ecclesiam
2997 4681 3234 4748 Domini,
3261 4684 3525 4739 Moabitas
3545 4681 3742 4739 etAnt-

2157 4753 2417 4813 monitas,
2450 4751 2632 4806 divina
2661 4754 2934 4807 sententia
2968 4763 3072 4806 est.
3098 4753 3312 4823 Fefellit
3343 4769 3535 4823 parum
3561 4763 3741 4808 atten—

2158 4831 2276 4877 tum
2303 4823 2588 4894 memoria,
2625 4823 2774 4894 quod
2803 4823 2869 4878 de
2895 4823 3151 4894 ldnmieis
3176 4830 3232 4877 et
3255 4822 3548 4894 Egyptiis,
3575 4825 3740 4878 Deut.

2157 4909 2309 4964 χχιιι.
2329 4894 2382 4956 7,
2401 4893 2829 4964 ingcontrarium
2857 4893 3134 4964 sancitur;
3162 4902 3286 4962 post
3318 4893 3536 4964 tertiam
3575 4909 3743 4964 gene-

2159 4963 2433 5017 rationem
2463 4962 2766 5016 intraturos
2796 4963 2850 5016 in
2879 4963 3183 5018 Ecclesiam
3208 4963 3446 5027 Domini,
3476 4962 3596 5018 noc'
3619 4980 3743 5018 esse

2158 5032 2557 5088 abominandos
2582 5033 2979 5104 eospopulos,
3003 5033 3150 5104 quod
3187 5033 3458 5089 ldnmaeus
3489 5035 3608 5104 ejus
3639 5033 3745 5087 fra-

2159 5113 2246 5158 ter
2269 5107 2530 5175 esset,’ex
2563 5119 2626 5175 ea
2655 5103 2795 5158 idem
2821 5102 3072 5175 Abra_haa_
3071 5103 3240 5173 stirpe
3273 5105 3410 5175 (ipsa
3438 5102 3580 5159 Esau
3614 5120 3744 5175 pro-

2159 5172 2368 5243 genies)
2405 5172 2703 5239 oriundus;
2737 5189 2800 5227 ac
2830 5172 2979 5243 quod
3010 5172 3299 5244 Aigyp’tius
3339 5172 3744 5230 llebrazos'ho-

2159 5245 2332 5314 spites
2357 5257 2420 5314 ac
2450 5244 2680 5314 colonos
2716 5244 2999 5314 habuisset
3025 5253 3190 5314 atque
3240 5244 3484 5299 fovisset.
3516 5244 3745 5300 Admitti

2161 5313 2219 5366 in
2251 5313 2552 5385 Ecclesiam
2605 5313 2844 5385 Domini,
2893 5313 3113 5383 putem,
3153 5315 3515 5369 consiliorum
3567 5315 3749 5385 gentis

2161 5398 2281 5437 esse
2305 5383 2664 5456 participem,
2712 5383 2972 5456 illiusque
3018 5385 3180 5456 plene
3217 5387 3341 5456 jura
3378 5383 3644 5444 nancisci.
3677 5401 3744 5439 ac

2161 5455 2318 5521 quasi
2341 5468 2531 5508 verum
2561 5453 2809 5508 Judmum
2856 5453 3070 5520 haberi,
3109 5453 3232 5510 non'
3246 5455 3312 5510 ad
3337 5470 3530 5509 eorum
3562 5463 3746 5509 trans-

2161 5532 2411 5595 euntem
2435 5525 2668 5587 cultum,
2693 5524 2838 5595 inter
2863 5525 3166 5595 prosclytas
3195 5541 3258 5580 ac
3280 5525 3469 5579 ﬁdeles
3503 5525 3744 5586 admitti,

2162 5593 2367 5646 Verum
2398 5593 2516 5648 haec
2560 5594 2789 5648 alterius
2823 5593 2929 5649 loci
2978 5593 3088 5648 sint
3137 5596 3744 5651 etcommunicationis.

2166 5663 2365 5717 Vocem
2412 5665 2754 5719 Ammanitas
2821 5665 3119 5720 deduxerit
3178 5665 3443 5719 Maximus
3471 5665 3539 5717 ab
3585 5671 3745 5732 mn,

2164 5733 2312 5801 quod
2343 5742 2427 5788 est
2458 5735 2700 5800 nutrivit,
2731 5751 2796 5790 ex
2827 5735 2979 5791 vocis
3018 5735 3253 5803 sonique
3291 5734 3554 5788 afﬁnitate
3580 5736 3744 5790 deoc-
