4070 6406
404 318 510 384 853

1566 324 2061 393 QU/ESTIONES
2100 327 2196 385 ΕΤ
2238 329 2489 388 DUBIA.

3556 337 3659 399 855

400 432 693 505 πρόϐατον,
720 432 814 487 τὸν
836 435 1026 505 μαλὸν,
1056 436 1115 491 τὸ
1136 438 1297 505 γάλα,
1327 437 1417 490 τὸν
1437 438 1628 508 ἀμνόν.
1669 439 1730 491 Ἡ
1759 437 1815 492 δὲ
1841 438 1975 508 κόρη

2086 438 2189 503 lac,
2222 454 2552 509 agnumquc.
2600 441 2731 511 Ejus
2758 444 3018 511 pupillam
3062 445 3204 499 oculi
3257 461 3379 499 cum
3409 448 3523 501 sole
3553 451 3662 503 vir-

400 522 496 582 τοῦ
529 526 814 598 ὀφθαλμοῦ
869 529 1057 595 αὑτοῦ,
1115 531 1515 601 συμπεριπολεῖ
1562 532 1640 601 τῷ
1686 531 1842 602 ἡλίῳ,
1880 532 1975 584 καὶ

401 620 638 691 ἑκάστης
668 621 883 691 ἡμέρας
913 622 1167 691 ἀφοδεύει
1200 624 1512 695 σπυράθους
1540 624 1667 689 τξε’.
1710 625 1783 677 Τὸ
1808 624 1865 677 δὲ
1891 624 1977 678 λο-

399 710 553 777 γικὸν
582 712 859 783 πρόϐατον
899 715 927 767 ό
973 713 1281 786 ἄνθρωπος,
1327 716 1485 787 εἴπερ
1513 716 1705 769 ἑαυτὸν
1737 718 1977 787 προσφέ-

402 822 515 876 ρειν
541 804 734 858 θυσίαν
756 805 835 878 τῷ
853 808 1183 878 κτησαμένῳ
1211 808 1331 878 Θεῷ
1358 809 1682 873 ἐσπούδακε,
1714 812 1977 879 χρεωστεῖ

398 896 598 950 διδόναι
642 897 833 969 ὥσπερ
873 900 1063 970 μαλὺν,
1113 902 1214 969 τὴν
1250 901 1445 971 ἠθικὴν
1491 882 1729 972 πράειν·
1788 902 1864 963 ὡς
1918 902 1975 953 δὲ

399 992 559 1060 γάλα,
598 992 696 1063 τὴν
723 993 960 1062 φυσικὴν
994 992 1228 1063 Θεωρίαν
1260 994 1548 1063 (θρεπτικὴ
1572 995 1683 1063 γάρ
1710 994 1849 1061 αὕτη
1880 992 1973 1048 τοῦ

399 1080 537 1153 νοῦ)·
573 1080 649 1145 ὡς
704 1082 762 1135 δὲ
816 1083 1011 1152 ἀμνὸν,
1066 1084 1157 1137 τὸν
1189 1085 1629 1155 μαθητευόμενον
1664 1085 1976 1154 ἀπογεννῶν

397 1172 488 1228 διά
518 1172 619 1245 τῆς
650 1175 1019 1241 διδασκαλίας,
1070 1178 1164 1230 καὶ
1214 1177 1389 1230 πάντα
1427 1178 1612 1247 ὅμοιον
1661 1177 1837 1247 ἑαυτῴ
1882 1179 1976 1230 καὶ

399 1267 602 1321 τέλειον
664 1268 980 1332 σπουδάζων
1036 1270 1330 1342 προσάγειν
1376 1270 1455 1339 τῷ
1494 1269 1633 1340 Θεῷ.
1666 1268 1826 1322 Ἀλλά
1883 1269 1976 1320 καὶ

398 1359 500 1429 τὴν
530 1358 700 1429 κόρην
726 1359 822 1413 τοῦ
877 1358 1178 1429 ὀφθαλμοῦ,
1234 1362 1261 1413 ὁ
1312 1360 1549 1423 τοιοῦτος
1584 1362 1695 1429 ἔχει
1732 1359 1809 1429 τῷ
1841 1359 1976 1429 ἡλίῳ

401 1448 913 1520 συμπεριπολοῦσαν
935 1466 950 1481 ο
1004 1449 1249 1503 τουτέστι
1277 1451 1366 1504 τὸν
1391 1450 1536 1516 νοῦν,
1578 1450 1655 1520 τῷ
1685 1450 1851 1519 Ἡλίῳ
1878 1451 1977 1519 τῆς

396 1540 768 1612 δικαιοσύνης,
807 1543 897 1596 διά
946 1541 1049 1612 τῆς
1080 1543 1448 1613 προνοητικῆς
1490 1543 1599 1596 τῶν
1645 1542 1816 1595 όντων
1848 1542 1978 1594 διοι-

400 1634 615 1703 κήσεως
647 1632 865 1700 φέροντι
898 1633 970 1687 τὰ
1018 1632 1283 1703 ἡμέτερα,
1339 1634 1770 1705 συμπεριπολεῖο
1822 1650 1976 1686 τουτ-

399 1725 570 1790 έστιν,
601 1724 958 1779 ἐπακολουθεῖ
991 1742 1005 1756 ·
1044 1726 1101 1779 ἐν
1129 1743 1187 1778 τε
1222 1726 1329 1797 γὰρ
1377 1726 1620 1795 θλίψεσιν
1645 1766 1660 1791 ,
1707 1725 1764 1778 ἒν
1796 1742 1856 1777 τε
1886 1726 1969 1778 εὐ·

2082 532 2331 601 cumagi,
2384 533 2543 602 333
2594 548 2656 586 ac
2706 534 2953 602 quotidie
2996 534 3216 603 pillulas
3259 536 3363 591 565
3412 552 3658 609 egerere.
3706 570 3715 597 ι.

2082 626 2317 681 Ratione
2348 635 2529 679 autem
2559 626 2823 694 prmditus
2848 628 2987 691 ovis,
3026 630 3209 693 homo,
3259 629 3527 699 siquidem
3558 632 3663 687 hoc

2079 718 2275 774 sedqu
2301 727 2442 789 agat,
2479 726 2539 773 ut
2577 734 2636 773 se
2669 719 2801 783 Deo,
2842 721 3001 791 cujus
3030 720 3259 774 dominii
3287 730 3391 785 est,
3426 722 3661 778 hostiam

2081 811 2298 877 offerat,
2344 812 2589 881 praebeat
2623 826 2849 867 necesse
2877 820 2983 878 est,
3033 821 3290 881 tanquam
3333 814 3527 879 vellus,
3574 831 3665 869 ac-

2084 903 2289 957 tionem
2320 903 2565 958 moribus
2603 903 2947 967 institutam;
2985 911 3243 972 tanquam
3277 918 3407 956 vero
3434 905 3538 967 lae,
3570 922 3663 959 na-

2084 993 2314 1047 turalem
2346 994 2775 1061 speculationem
2809 996 2949 1065 (ejus
2990 995 3137 1048 enim
3173 994 3450 1047 facultatis
3482 1005 3565 1049 cst
3608 1006 3666 1049 ut

2084 1093 2322 1139 mentem
2345 1086 2499 1155 alat),
2520 1095 2581 1140 ut
2606 1096 2791 1141 autem
2815 1102 3038 1155 agnum,
3058 1085 3392 1153 discipulum
3417 1085 3667 1141 doctrina

2082 1174 2361 1238 adultum,
2407 1191 2505 1244 per
2552 1177 2735 1231 omnia
2786 1176 3022 1232 similem
3069 1179 3519 1246 perfectumque,
3556 1178 3666 1231 Deo

2083 1265 2284 1321 offerre
2309 1267 2545 1322 studeat.
2578 1266 2685 1322 Sed
2712 1276 2768 1323 et
2791 1268 3054 1337 pupillam
3087 1270 3256 1335 oculi,
3284 1269 3377 1338 qui
3410 1269 3533 1323 talis
3558 1277 3664 1334 est,

2084 1372 2192 1411 una
2235 1372 2362 1411 cum
2400 1359 2516 1413 sole
2559 1360 2711 1413 velut
2755 1368 3031 1430 gyrantem
3079 1361 3275 1426 habet;
3318 1362 3413 1430 qui
3458 1361 3669 1414 scilicet

2084 1462 2194 1500 una
2217 1463 2341 1501 cum
2366 1447 2492 1502 Sole
2511 1449 2761 1519 justitize,
2793 1465 2891 1519 per
2920 1451 3323 1520 providentiam
3346 1466 3434 1505 res
3464 1450 3664 1521 guber-

2083 1548 2248 1593 nante
2281 1554 2345 1593 ac
2379 1555 2501 1609 qua:
2530 1549 2714 1595 nostra
2741 1551 2871 1596 sunt
2904 1542 3133 1608 ferente,
3161 1552 3398 1597 mentem
3427 1543 3667 1597 circum-

2081 1641 2239 1701 agat;
2304 1648 2501 1701 nempe
2560 1649 2687 1687 eum
2737 1635 3041 1703 sequendo,
3073 1635 3127 1688 in
3159 1634 3421 1689 aerumnis
3461 1635 3667 1703 pariter

2083 1732 2246 1792 atque
2280 1725 2539 1779 secundis
2573 1724 2741 1779 rebus
2768 1725 2971 1795 gratias
3010 1734 3168 1795 agat;
3213 1735 3519 1794 cunctaque
3561 1724 3666 1779 rite

398 1817 660 1887 ημερίαις
695 1815 1056 1888 εὐχαριστῶνο
1094 1816 1187 1870 ὲπί
1216 1834 1276 1871 τε
1304 1821 1371 1889 τῇ
1424 1817 1606 1881 καλῶς
1651 1817 1859 1888 ἀγούσῃ
1910 1817 1979 1869 τά

2086 1816 2264 1885 agenti
2314 1832 2378 1871 ac
2417 1816 2677 1887 dirigenti
2726 1817 3120 1886 providentiae,
3163 1832 3437 1887 propense
3479 1815 3665 1870 animo

403 1907 580 1961 πάντα
612 1906 859 1978 προνοίᾳ.
898 1907 1220 1961 ’Δποϐάλλει
1259 1908 1318 1963 δὲ
1368 1910 1397 1961 ό
1453 1908 1694 1971 τοιοῦτος
1741 1908 1979 1977 ἑκάστης

400 1998 614 2070 ἡμέρας
668 1999 981 2070 σπυράθους
1028 1998 1169 2065 τξε’·
1226 2001 1495 2065 τουτέστι,
1524 2000 1594 2053 τά
1644 1998 1750 2053 ὑπὸ
1783 1998 1978 2069 χρόνον

400 2092 498 2145 καὶ
531 2092 747 2159 γένεσιν
784 2092 1005 2164 φθαρτὰ
1032 2093 1129 2148 καὶ
1175 2093 1409 2164 περισσά
1449 2094 1710 2147 ἑκάστοτε
1742 2092 1977 2164 ἀπορρί-

402 2201 546 2238 πτει.

474 2278 607 2349 Περὶ
635 2277 694 2331 δὲ
716 2278 811 2331 τοῦ
844 2277 965 2347 βοός
1000 2295 1186 2347 φασιν,
1218 2279 1299 2332 ὅτι
1327 2278 1425 2348 τὴν
1455 2278 1681 2349 καρδίαν
1714 2279 1979 2348 τρίγωνον

403 2367 703 2437 κέκτηται·
755 2367 849 2422 τὸν
896 2368 956 2422 δὲ
993 2368 1194 2438 νεφρόν
1242 2368 1605 2425 πεντάϐολονο
1656 2369 1768 2439 ἔχει
1799 2369 1857 2423 δὲ
1886 2369 1981 2423 καὶ

401 2459 553 2528 τρεῖς
580 2459 887 2528 στομάχους
910 2474 928 2492 ο
980 2462 1076 2513 καὶ
1120 2459 1221 2531 τὴν
1265 2460 1364 2531 μὲν
1397 2460 1638 2531 ἡμέραν,
1673 2461 1983 2529 φωτοειδεῖς

402 2549 516 2618 ἔχει
546 2549 669 2612 τοὺς
695 2548 1040 2619 ὀφθαλμούςο
1072 2552 1136 2620 τῇ
1171 2549 1229 2602 δὲ
1278 2550 1455 2616 νυκτὶ,
1493 2551 1798 2620 πυροειδεῖς
1821 2569 1834 2581 ·
1887 2554 1981 2607 καὶ

400 2640 586 2709 τρίτον
618 2640 714 2710 τῆς
743 2640 958 2712 ἡμέρας
992 2641 1087 2694 καὶ
1104 2641 1287 2711 τρίτον
1308 2642 1408 2712 τῆς
1435 2643 1627 2705 νυκτὸς
1648 2644 1767 2696 κατ’
1794 2644 1983 2697 ἀνατο-

402 2729 500 2795 λάς
528 2731 671 2800 ὁρῶν
695 2730 847 2785 πνέει
875 2731 1086 2800 φυσῶν.
1125 2732 1183 2786 '0
1210 2732 1385 2798 δεξιὸς
1422 2731 1587 2786 αὐτοῦ
1618 2732 1723 2802 ῥὶς,
1755 2733 1981 2789 εὐωδιά-

404 2822 489 2887 ζει
539 2823 785 2895 μόσχον·
836 2822 899 2876 τὸ
946 2823 1005 2878 δὲ
1052 2818 1192 2894 αἷμα
1240 2825 1427 2890 αὑτοῦ,
1478 2826 1822 2898 ἀναιρετικόν
1866 2828 1983 2880 ἐστι

404 2913 625 2968 πάντων
667 2915 775 2967 τῶν
806 2915 1031 2986 ἡμέρων
1079 2912 1254 2980 ζώων,
1306 2915 1478 2985 χωρὶς
1516 2915 1611 2969 τοῦ
1666 2917 1847 2979 κυνός.
1894 2918 1986 2970 Δεῖ

409 3004 503 3061 οὖν
534 3007 629 3060 καὶ
659 3006 807 3077 ἡμᾶς
839 3005 1030 3076 ὥσπερ
1066 3005 1191 3075 βοῦν
1220 3006 1509 3078 φέροντας,
1546 3004 1640 3059 τὸν
1687 3006 1852 3075 ζυγὸν
1888 3006 1983 3059 τοῦ

402 3097 643 3171 Χριστοῦ
676 3100 1244 3171 μεταχειριζομένους,
1282 3100 1380 3163 τὰς
1421 3098 1631 3162 λιθίνας
1659 3100 1984 3169 ἀνατέμνειν

404 3199 671 3270 καρδίας·
727 3199 822 3252 καὶ
857 3198 956 3261 τὰς
992 3199 1090 3268 μὲν
1125 3198 1368 3259 ἀκάνθας
1404 3196 1515 3250 τῶν
1564 3195 1752 3249 παθῶν
1829 3196 1984 3267 ἐκρι-

404 3292 533 3358 ζοῦν
557 3308 573 3325 ο
606 3290 901 3345 πλατύνειν
936 3289 993 3343 δὲ
1018 3290 1117 3361 τὴν
1145 3290 1249 3360 γῆν
1281 3289 1379 3359 τῆς
1420 3288 1648 3360 καρδίας
1678 3288 1815 3360 πρὸς
1848 3288 1983 3341 ὑπο-

401 3383 565 3454 δοχὴν
586 3381 681 3435 τοῦ
720 3379 866 3433 θείου
914 3379 1307 3449 λόγου.Ἐχειν
1354 3380 1411 3432 δὲ
1464 3380 1558 3431 καὶ
1600 3379 1703 3449 τὴν
1758 3378 1985 3449 καρδίαν

404 3474 693 3544 τρίγωνον,
753 3472 1003 3525 τουτέστι
1055 3470 1148 3523 τὸν
1206 3470 1332 3541 περὶ
1379 3470 1611 3541 Τριάδος
1667 3470 1825 3539 λόγον
1856 3471 1984 3541 ὑγιῆ

407 3566 554 3635 ἔχειν
584 3567 640 3618 ὲν
665 3568 730 3636 τῇ
775 3564 976 3635 καρδίᾳ
995 3580 1008 3595 ο
1070 3564 1157 3617 ἵνα
1203 3560 1448 3633 ὥσπερὴ
1484 3561 1678 3631 καρδία
1708 3561 1985 3614 διαδίδωσι

414 3656 660 3724 φυσικῶς
687 3657 780 3727 τὴν
808 3656 955 3727 ζωὴν
988 3655 1063 3727 τῷ
1100 3654 1332 3725 σώματι,
1364 3654 1539 3718 οὕτως
1565 3654 1659 3708 καὶ
1683 3656 1717 3726 ἡ
1749 3655 1828 3717 είς
1851 3651 1988 3708 Θεὸν

414 3748 680 3815 εὐσέϐεια,
714 3749 780 3802 τὰ
817 3749 952 3820 μέλη
979 3750 1079 3819 τῆς
1111 3746 1293 3818 ψυχῆς
1325 3746 1625 3816 συνίστησι.
1663 3746 1767 3800 Τδν
1799 3746 1858 3801 δὲ
1895 3764 1985 3799 νει

408 3840 547 3910 φρὸν
568 3838 708 3910 ἔχειν
738 3840 1090 3905 πεντάδολον,
1128 3838 1377 3892 τουτέστι
1406 3837 1466 3889 τὸ
1488 3837 1886 3908 ἐπιθυμητικὸν
1912 3837 1986 3909 μὴ

406 3928 545 3999 πρὸς
574 3930 643 3983 τά
663 3931 811 3999 πάθη
842 3929 1161 4002 τετράφθαι,
1196 3928 1333 3982 ἀλλὰ
1356 3929 1445 3981 διά
1468 3927 1578 3981 τῶν
1605 3935 1644 3980 ε’
1683 3927 1988 3998 αἰσθήσεων

401 4027 507 4093 τὴν
532 4022 709 4076 κτίσιν
737 4023 1094 4077 κατοπτεύειν
1120 4023 1201 4086 είς
1225 4022 1393 4092 μόνην
1410 4020 1701 4091 ἐπιθυμίαν
1731 4020 1824 4074 καὶ
1852 4019 1989 4089 ἀγά-

404 4132 518 4185 πην
540 4115 634 4169 τοῦ
666 4115 989 4180 κτίσαντος.
1017 4115 1179 4184 Τρεῖς
1208 4116 1265 4169 δὲ
1295 4115 1602 4185 στομάχους
1652 4109 1986 4185 κεκτῆσθαι·

403 4211 435 4263 ὁ
473 4210 747 4279 στόμαχος
779 4208 997 4279 πρῶτον
1030 4209 1099 4262 τὰ
1134 4208 1280 4261 σιτία
1308 4208 1613 4278 δεχόμενος,
1648 4207 1740 4260 καὶ
1768 4207 1856 4261 διά
1888 4208 1990 4276 τῆς

405 4303 685 4372 πεπτικῆς
713 4300 997 4371 δυνάμεως
1028 4300 1089 4353 τὸ
1119 4299 1409 4371 εἱλικρινὲς
1433 4301 1623 4361 αὐτῶν,
1641 4300 1857 4369 ἑκάστῳ
1884 4299 1990 4352 τῶν

412 4394 596 4463 μελῶν
648 4394 1048 4465 παραπέμψας,
1081 4393 1141 4447 τὸ
1190 4393 1375 4447 λοιπὸν
1424 4396 1489 4464 τῇ
1541 4393 1719 4464 κοιλίᾳ
1753 4393 1985 4448 δίδωσιν,

2077 1909 2410 1978 acquiescat.
2464 1910 2649 1979 Egerit
2702 1918 2888 1964 autem
2936 1909 3186 1979 quotidie
3234 1908 3507 1979 ejusmodi
3560 1906 3666 1962 565

2080 1995 2329 2064 pillulas;
2380 1997 2431 2052 id
2466 2008 2573 2061 est,
2622 1997 2856 2067 tempori
2897 1998 3153 2067 ortuique
3196 1998 3454 2062 obnoxia,
3487 2011 3664 2065 eoque

2080 2087 2372 2143 interitura
2397 2106 2459 2144 ac
2487 2089 2787 2159 superﬂua,
2813 2088 3062 2159 quotidie
3088 2089 3325 2144 abdicat.

2151 2278 2234 2332 Ad
2265 2278 2462 2333 bovem
2499 2288 2684 2335 autem
2711 2279 2859 2350 quod
2894 2279 3117 2343 attinet,
3151 2280 3309 2333 aiunt
3338 2278 3546 2334 habere
3568 2292 3666 2333 cor

2084 2371 2456 2441 triangulum;
2490 2387 2701 2436 renem,
2739 2372 2986 2442 quinque
3034 2372 3191 2442 quasi
3226 2370 3669 2441 projectionihus

2081 2472 2424 2530 exstantem;
2476 2467 2820 2520 stomachum
2859 2464 3169 2535 triplicem;
3207 2464 3384 2520 oculis
3424 2462 3666 2518 interdiu

2081 2555 2305 2621 lucidis,
2341 2566 2508 2611 noctu
2562 2557 2739 2628 igneis
2776 2573 2929 2622 esse;
2980 2564 3168 2612 ternas
3206 2553 3482 2620 interdiu,
3539 2554 3669 2608 toti-

2084 2648 2320 2719 demque
2353 2661 2521 2706 noctu
2552 2652 2701 2706 vices
2727 2690 2743 2715 ,
2794 2662 3121 2706 conversum
3157 2649 3225 2704 ad
3263 2650 3535 2704 orientem
3580 2658 3659 2701 tu-

2083 2751 2324 2796 mentem
2354 2742 2715 2813 inilatumque
2732 2743 2967 2812 spirare.
2994 2742 3283 2797 Dexteram
3306 2741 3427 2811 ejus
3476 2754 3667 2793 narem

2084 2832 2299 2887 moschi
2353 2833 2561 2903 spirare
2617 2833 3025 2904 fragrantiam;
3103 2831 3427 2902 sanguinem
3479 2830 3669 2885 cicura

2084 2938 2318 2994 quaeque
2360 2925 2620 2979 animalia
2647 2966 2660 2987 ,
2713 2934 2945 2994 excepto
2981 2939 3138 2988 cane,
3200 2938 3423 2978 necare.
3472 2920 3669 2991 Operae

2085 3017 2325 3085 pretium
2356 3016 2564 3085 itaque,
2613 3030 2715 3069 nos
2760 3030 2984 3085 quoque
3036 3014 3196 3069 bovis
3247 3013 3423 3067 instar
3464 3011 3669 3067 Christi

2087 3116 2369 3177 assumpto
2395 3108 2546 3177 jugo,
2582 3107 2798 3177 lapidea
2845 3106 3015 3161 corda
3048 3105 3438 3176 proscindere;
3471 3120 3537 3159 ac
3585 3104 3671 3157 vi-

2033 3186 2054 3208 λ
2090 3197 2291 3251 tiorum
2316 3198 2536 3267 quidem
2561 3198 2750 3267 Spinas
2779 3197 3039 3261 evellere,
3073 3195 3259 3251 cordis
3288 3211 3421 3249 vero
3464 3203 3668 3249 terram

2087 3290 2155 3344 ad
2191 3290 2603 3359 suscipiendum
2639 3289 2887 3343 divinum
2917 3302 3229 3343 sermonem
3276 3286 3526 3341 dilatare.
3564 3285 3672 3340 Cor

2086 3382 2219 3435 item
2260 3381 2468 3436 habere
2498 3382 2796 3451 trigonum,
2828 3396 3015 3435 sanam
3049 3380 3262 3433 scilicet
3308 3380 3474 3433 corde
3512 3388 3673 3433 tenus

2087 3472 2155 3527 de
2186 3471 2458 3525 Trinitatc
2484 3470 2822 3535 d'bctrinam;
2854 3478 2915 3524 ut
2948 3471 3092 3525 sicut
3134 3484 3231 3523 cer
3265 3478 3463 3522 natura
3502 3468 3669 3521 vitam

2087 3563 2309 3632 c0rpori
2346 3562 2651 3626 distribuit,
2687 3563 2767 3616 sic
2804 3568 2859 3615 et
2893 3560 3071 3631 pietas
3116 3562 3171 3615 in
3202 3561 3375 3615 Deum
3424 3560 3673 3613 membra

2086 3655 2335 3711 stabiliat
2383 3665 2547 3725 atque
2578 3662 2815 3724 vegetet.
2843 3654 3052 3708 lienem
3104 3660 3317 3723 septem
3352 3652 3509 3722 quasi
3540 3668 3671 3721 pro-

2081 3749 2421 3819 jectionibus
2465 3754 2804 3813 exstantem;
2853 3745 2928 3801 ita
2991 3745 3257 3800 nimirum
3308 3753 3370 3799 ut
3408 3746 3669 3814 cupiendi

2085 3842 2172 3895 vis
2202 3855 2312 3895 non
2371 3842 2437 3894 ad
2461 3839 2591 3893 vitia
2629 3854 2692 3893 ac
2716 3838 2979 3893 libidines
3004 3849 3271 3891 conversa
3299 3834 3391 3899 sit,
3423 3835 3521 3889 sed
3546 3850 3673 3889 sen-

2090 3946 2253 3989 suum
2286 3946 2455 4003 Opera
2508 3931 2614 3985 hoc
2666 3931 2844 3986 solum
2884 3929 2992 3983 ﬁne
3036 3935 3290 3983 naturam
3328 3929 3674 3997 contemple-

2090 4040 2235 4090 mur,
2290 4033 2353 4079 ιιι
2399 4024 2518 4094 ejus
2570 4022 2665 4093 qui
2727 4021 2975 4077 condidit
3027 4018 3305 4075 desiderio
3351 4018 3673 4082 alliciamur,

2086 4131 2327 4186 eumque
2362 4115 2673 4185 diligamus.
2704 4112 3001 4183 Triplicem
3030 4109 3270 4181 denique
3300 4110 3669 4166 stomachum.

2091 4208 2423 4264 Stomachus
2466 4208 2709 4276 primum
2756 4205 2955 4275 recipit
3008 4204 3184 4268 cibos,
3243 4212 3473 4272 tumque
3525 4202 3672 4271 quod

2090 4316 2294 4371 purum
2322 4307 2407 4355 est
2436 4315 2533 4369 per
2590 4299 2703 4353 vim
2736 4296 3026 4367 digerendi
3076 4295 3132 4349 in
3164 4294 3378 4365 singula
3428 4294 3674 4347 membra

2092 4393 2515 4454 transmittens,
2574 4399 2761 4461 partes
2813 4389 3060 4458 reliquas
3092 4386 3273 4442 ventri
3328 4383 3544 4440 tribuit.
3582 4384 3675 4439 Sic

409 4484 599 4550 Οὕτως
638 4484 735 4540 οὖν
760 4487 909 4556 ἡμᾶς
943 4486 1210 4557 προσήκει
1248 4484 1336 4539 διὰ
1369 4488 1679 4556 πρακτικῆς
1713 4485 1806 4537 καὶ
1836 4502 1984 4551 φυσι-

2098 4483 2268 4554 igitur
2294 4491 2349 4537 et
2374 4498 2497 4547 nos,
2534 4498 2632 4552 per
2667 4480 2950 4543 moralem,
2988 4479 3295 4533 naturalem
3340 4487 3503 4545 atque
3533 4475 3677 4530 divi-

407 4583 516 4653 κῆς
539 4585 636 4637 καὶ
662 4583 977 4653 θεολογικῆς
998 4581 1229 4651 θεωρίας
1256 4581 1579 4651 ἀγομένους,
1604 4575 1697 4632 κάι
1726 4579 1793 4632 τὰ
1824 4579 1992 4649 πρόσ-

412 4690 557 4742 φορα
591 4675 723 4726 πᾶσι
752 4676 868 4737 τοῖς
902 4673 1091 4743 μέλεσι
1126 4675 1227 4743 τῆς
1268 4672 1444 4742 ψυχῆς
1473 4671 1863 4741 ἀπονέμοντας,
1897 4670 1992 4722 καὶ

410 4762 506 4816 τοῦ
539 4763 761 4833 ἥττονος
793 4762 1139 4834 προνοεῖσθαι
1171 4760 1369 4831 μέρους
1390 4775 1404 4788 ⁸
1436 4762 1704 4823 τουτέστι,
1754 4758 1849 4813 τοῦ
1884 4759 1991 4813 σώο

417 4872 589 4925 ματος
611 4871 626 4884 °
666 4855 827 4909 τοῦτο
855 4854 964 4926 γὰρ
1011 4857 1045 4923 ή
1097 4854 1296 4908 κοιλία.
1335 4852 1530 4924 Τρίτον
1562 4850 1617 4905 δὲ
1652 4853 1749 4923 τῆς
1782 4852 1993 4923 ἡμέρας

413 4949 512 5002 καὶ
541 4948 725 5019 τρίτον
768 4949 867 5020 τῆς
924 4945 1118 5009 νυκτὸς
1167 4945 1488 5016 ἀφορῶντας
1538 4943 1676 5014 πρὸς
1730 4942 1993 5006 ἀνατολὰς

415 5041 626 5107 πνέειν,
680 5040 931 5094 τουτέστι
959 5038 1062 5111 τὴν
1103 5039 1334 5109 τρισσὴν
1378 5035 1661 5099 τοῦ,Θεοῦ
1712 5037 1992 5105 πρόνοιαν,

418 5132 817 5205 συντηρητικὴν
865 5132 959 5187 καὶ
1010 5128 1440 5203 ὲπιστρεπτικὴν
1501 5128 1596 5182 καὶ
1647 5128 1995 5199 παιδευτικὴν

416 5225 761 5296 ἀφορῶντας,
791 5225 848 5280 ἐν
876 5242 935 5280 τε
961 5224 1120 5278 νυκτὶ
1153 5223 1262 5277 τῶν
1297 5220 1639 5293 πειρασμῶν,
1679 5220 1735 5273 έν
1775 5236 1831 5273 τε
1863 5220 1997 5291 ἡμέ-

419 5333 491 5389 ρᾳ
521 5316 846 5388 εὐημερίας,
864 5316 1208 5387 εὐχαριστεῖν
1226 5331 1239 5345 ο
1269 5314 1413 5384 ἔχειν
1437 5312 1495 5365 δὲ
1513 5313 1638 5374 τοὺς
1665 5311 1995 5381 ὀφθαλμοὺς,

414 5413 477 5464 ὲν
502 5408 599 5480 μὲν
614 5412 767 5463 νυκτὶ
788 5410 1111 5480 πυροειδεῖς,
1135 5410 1193 5461 ὲν
1208 5408 1262 5461 δὲ
1288 5406 1470 5479 ἡμέρᾳ
1490 5404 1819 5475 φωτοειδεῖς,
1844 5421 1998 5458 τουτ-

416 5500 555 5565 ἐστι,
600 5500 940 5572 θεωρητικὴν
993 5499 1244 5568 δύναμιν,
1291 5499 1349 5549 ὲν
1387 5495 1485 5567 μὲν
1545 5497 1610 5565 τῇ
1652 5494 1837 5565 ἡμέρᾳ
1889 5494 1999 5548 τῶν

415 5588 648 5659 ἀρετῶν,
683 5591 781 5653 τὰς
812 5592 876 5642 ὲκ
915 5588 1010 5642 τοῦ
1053 5589 1232 5642 ⁹[ιλίου
1262 5587 1360 5657 τῆς
1383 5584 1725 5653 δικαιοσύνης
1776 5586 1999 5648 ἀκτῖνας

415 5680 513 5748 τῆς
538 5678 791 5749 γνώσεως
819 5678 1219 5749 ὑποδεχομένην
1241 5695 1253 5707 ο
1284 5680 1340 5727 ὲν
1366 5675 1421 5727 δὲ
1455 5677 1518 5745 τῇ
1545 5673 1698 5727 νυκτὶ
1725 5673 1832 5725 τῶν
1860 5673 2001 5742 ὑπὲρ

415 5764 622 5847 ἀρετῆς
650 5772 1004 5842 ἐπαγομένων
1041 5766 1460 5837 ἁλλεπαὶλήλων
1492 5763 1813 5836 πειρασμῶν
1834 5805 1846 5829 ,
1874 5766 1998 5829 τοὺς

2095 4587 2222 4625 nam
2258 4568 2784 4639 contemplationem
2813 4573 3124 4636 provectos,
3158 4564 3485 4634 cunctisque
3508 4564 3674 4617 animi

2094 4661 2379 4725 membris,
2408 4659 2572 4731 334
2608 4658 2755 4728 quod
2788 4653 2977 4726 aptum
3034 4656 3105 4710 sit
3143 4656 3319 4724 iisque
3362 4654 3674 4715 conducat,

2096 4753 2423 4825 impartitos,
2451 4752 2616 4807 etiam
2640 4748 2936 4803 deterioris
2969 4747 3140 4816 partis
3169 4746 3243 4816 (id
3263 4754 3367 4809 est,
3394 4745 3675 4814 corporis;

2094 4848 2151 4903 id
2170 4848 2319 4901 enim
2348 4854 2543 4899 venter
2570 4839 2932 4910 intelligatur)
2979 4854 3167 4892 curam
3206 4852 3366 4907 agerc
3395 4838 3674 4891 convenit.

2095 4939 2204 4995 Ter
2234 4952 2368 4993 vero
2398 4934 2663 4999 interdiu,
2697 4947 2762 4987 ac
2794 4942 2878 4987 ter
2914 4939 3085 4985 noctu
3126 4928 3195 4982 ad
3229 4928 3503 4982 orientem
3530 4931 3679 4999 aspi~

2096 5032 2309 5087 cientes
2338 5028 2570 5098 Spirare,
2606 5023 2808 5079 trinam
2842 5022 2937 5077 Dei
2976 5018 3400 5091 providentiam,
3420 5034 3527 5087 qua
3549 5034 3683 5073 cou-

2098 5129 2323 5188 servat,
2386 5117 2660 5174 convertit
2709 5130 2773 5169 ac
2826 5113 3077 5183 castigat,
3134 5110 3336 5164 animis
3388 5108 3681 5164 attenden-

2098 5226 2202 5280 tes,
2238 5213 2428 5271 sivein
2455 5210 2823 5266 tentationum
2856 5218 3041 5271 nocte,
3076 5206 3190 5261 sive
3223 5205 3279 5259 in
3320 5219 3504 5259 rerum
3552 5218 3683 5275 pro-

2097 5316 2382 5373 sperarum
2438 5300 2551 5363 die,
2603 5298 2807 5370 gratias
2861 5312 3052 5366 agerc;
3094 5295 3285 5365 sicque
3356 5293 3497 5349 adeo
3548 5310 3679 5349 ocu-

2098 5396 2167 5450 lis
2200 5400 2546 5462 comparatos
2573 5406 2716 5453 esse,
2748 5398 2808 5442 ut
2838 5388 2874 5443 ii
2913 5396 3079 5441 noctu
3118 5386 3295 5457 ignei,
3323 5382 3564 5438 interdiu
3595 5382 3683 5435 lu-

2098 5484 2209 5540 cidi
2238 5482 2509 5538 exsistant
2540 5499 2553 5533 :
2588 5495 2651 5534 ea
2687 5478 2900 5532 scilicet
2925 5476 3136 5546 prmditi
3168 5471 3579 5541 contemplandi
3604 5471 3682 5533 vi,

2100 5588 2163 5632 ut
2198 5577 2252 5630 in
2278 5575 2545 5637 virtutum
2590 5571 2701 5632 die,
2755 5568 2897 5623 Solis
2925 5567 3155 5638 justiti-.e
3202 5564 3448 5620 scientiae
3501 5562 3687 5616 radios

2102 5668 2427 5738 suscipiant,
2464 5671 2742 5730 noctuque
2776 5661 3098 5714 crebrarum
3128 5666 3184 5711 et
3207 5672 3327 5725 qua:
3378 5653 3513 5707 alias
3538 5653 3687 5708 exci-

2103 5763 2277 5833 piant,
2318 5756 2687 5811 tentaticnum
2727 5746 2944 5806 virtutis
2995 5764 3157 5804 causa
3193 5748 3489 5806 illatarum,
3524 5744 3684 5798 derc-
