4070 6402
496 305 598 369 857

1579 314 1984 375 EXPOSITIO
2022 314 2105 375 IN
2144 313 2508 379 PSALMUM
2550 323 2700 381 LIX.

3646 302 3761 367 858

489 439 628 493 ρισε
662 426 778 491 τὴν
807 429 1291 499 Μεσοποταμίαν,
1324 430 1423 484 καὶ
1472 430 1587 499 τὴν
1637 432 1859 500 Συρίαν
1908 430 2073 486 Σωσᾶ

2194 416 2927 508 llesOpotamiam,etSyriam
2953 438 3089 494 Soba
3112 456 3129 493 :
3152 449 3200 493 et
3236 456 3472 495 reversus
3504 450 3581 495 est
3597 440 3758 509 Joab,

501 515 645 589 [erat
677 516 909 589 Σωϐἀλ]·
940 520 1037 573 καὶ
1060 520 1438 590 ἐπέστρεψεν
1473 521 1649 586 Ἰωὰϐ,
1680 522 1779 575 καί
1815 521 2078 588 ἐπάταξε

496 608 613 676 τὴν
636 608 912 680 φάραγγα
944 610 1062 665 τῶν
1090 611 1273 666 Ἁλῶν
1298 612 1527 669 δώδεκα
1548 613 1848 684 χιλιάδας.

572 704 677 767 Εἰς
722 704 787 755 τὸ
813 702 1007 769 τέλος,
1045 703 1169 770 τοῖς
1199 700 1787 775 ἀλλοιωθησομένοιξ
1825 706 1853 757 6
1882 701 2078 773 παρὼν

500 791 866 862 ἐπιγράφεται
917 790 1375 865 [ἐπιγέγραπται]
1420 792 1634 865 ψαλμάς
1663 809 1678 823 ο
1733 793 1821 847 διά
1865 809 1926 845 τε
1974 793 2076 864 τὴν

501 884 596 937 ἐπὶ
640 884 781 937 τέλει
810 884 919 938 τῶν
974 885 1182 956 χρόνων
1200 886 1287 940 διὰ
1337 886 1437 957 τῆς
1476 885 1771 957 ἐπιδημίας
1818 884 1911 938 τοῦ
1952 885 2081 955 Χρι-

504 973 631 1027 στοῦ
664 974 963 1047 γενομένην
992 979 1103 1040 τοῖς
1134 977 1444 1048 ἀνθρώποις
1480 976 1539 1041 ἐξ
1567 976 1825 1038 ἀπιστίας
1878 976 1958 1039 είς
1991 976 2083 1028 πί-

508 1082 644 1129 στιν,
676 1066 772 1119 καὶ
809 1066 917 1120 ἀπὸ
946 1067 1146 1132 κακίας
1193 1070 1274 1133 εἰς
1319 1069 1543 1140 ἀρετὴν,
1588 1070 1682 1123 καὶ
1728 1068 1951 1137 ἀγνοίας
2002 1068 2082 1129 είς

506 1156 709 1225 γνῶσιν
743 1156 880 1212 Θεοῦ
903 1162 1190 1231 γνωμικήν
1220 1177 1281 1212 τε
1324 1160 1421 1214 καὶ
1472 1160 1865 1231 προαιρετικὴν
1917 1175 2084 1230 μετα-

509 1249 671 1320 εολὴν
698 1250 793 1304 καὶ
820 1251 1107 1305 ἀλλοίωσιν
1137 1269 1152 1283 ⁸
1186 1252 1285 1306 Διά
1303 1270 1362 1305 τε
1380 1253 1478 1323 τὴν
1506 1253 1586 1316 είς
1612 1252 1839 1323 ὕστερον
1872 1252 1965 1305 ἐπὶ
1992 1250 2083 1305 τέ-

509 1341 593 1397 λει
623 1345 733 1399 τῶν
766 1342 980 1399 αἰώνων
1010 1347 1384 1417 γενησομένην
1412 1346 1480 1400 δι’
1513 1345 1677 1400 αὑτοῦ
1708 1344 1803 1399 τοῦ
1833 1345 2085 1416 Σωτῆρος

511 1435 671 1505 ἡμῶν
702 1434 837 1489 Θεοῦ
864 1436 1159 1508 καθολικὴν
1177 1437 1271 1491 τοῦ
1299 1437 1501 1505 παντὸς
1531 1438 1721 1507 γένους
1745 1437 1853 1491 τῶν
1875 1436 2084 1507 ἀνθρώ-

510 1542 629 1578 πων
685 1526 741 1577 ὲν
799 1526 981 1596 χάριτι
1027 1526 1262 1599 φυσικὴν
1296 1530 1361 1581 ὲκ
1394 1527 1624 1582 θανάτου
1657 1528 1749 1581 καὶ
1778 1528 1982 1599 φθορᾶς
2005 1528 2083 1590 εἰς

508 1618 653 1689 ζωὴν
682 1617 948 1672 ἀθάνατον
984 1619 1077 1672 καὶ
1107 1618 1438 1691 ἀφθαρσίαν,
1464 1620 1552 1674 διὰ
1575 1624 1675 1692 τῆς
1705 1619 2086 1690 προσδοκωμέ-

508 1726 607 1779 νης
644 1708 1015 1774 ἀναστάσεως,
1042 1708 1325 1764 ἀλλοίωσίν
1375 1728 1437 1765 τε
1485 1711 1581 1766 καὶ
1631 1711 1949 1766 ἀνανέωσιν.
1978 1711 2084 1775 Εἰς

512 1801 968 1869 στηλογραςρίαν
1003 1801 1081 1871 (a)
1119 1801 1178 1855 δὲ
1229 1801 1309 1866 τῷ
1358 1803 1539 1856 Δασίδ
1562 1817 1577 1831 ⁸
1609 1801 1902 1866 τουτέστιν,
1933 1799 2083 1871 αὑτῷ

508 1888 589 1959 τῷ
622 1888 845 1960 Χριστῷ
880 1906 894 1920 ·
933 1891 1019 1943 διά
1053 1907 1112 1943 τε
1144 1890 1243 1962 τὴν
1285 1892 1584 1963 γενομένην
1621 1892 1723 1963 ἥδη
1784 1891 1926 1947 κατά
1984 1890 2084 1962 τὴν

512 1980 664 2033 θείαν
702 1979 867 2033 αὐτοῦ
916 1980 1190 2050 σάρκωσιν
1242 1981 1446 2053 στήλης
1475 1982 1653 2053 δίκην,
1686 1984 1745 2036 ὲν
1788 1980 1938 2052 αὐτῷ
1986 1981 2086 2051 μὲν

513 2071 589 2134 ὡς
618 2070 848 2143 ἀρχηγῷ
877 2072 972 2125 καὶ
999 2072 1235 2145 Σωτῆρι,
1262 2074 1358 2128 καὶ
1391 2074 1509 2145 μετ’
1535 2074 1701 2129 αὐτὸν
1730 2075 1789 2129 ὲν
1826 2075 1940 2137 τοῖς
1964 2074 2086 2127 κατ’

513 2161 674 2217 αὑτὸν
704 2161 943 2227 εὐσεϐῶς
975 2162 1175 2232 βιοῦσι,
1207 2167 1307 2234 τῆς
1338 2165 1533 2229 κακίας
1554 2164 1833 2237 ἀναίρεσιν
1854 2180 1871 2197 σ
1903 2164 1994 2218 διά
2025 2180 2087 2217 τε

512 2250 605 2303 τὸν
637 2249 717 2303 ετι
746 2250 813 2303 δι’
844 2250 1010 2305 αὐτοῦ
1045 2252 1411 2323 γενησόμενον
1434 2254 1670 2324 παντελῆ
1703 2252 1798 2307 τοῦ
1828 2270 1889 2307 τε
1920 2252 2089 2307 θανά-

512 2359 606 2396 του
634 2342 848 2413 καὶτῆς
874 2341 1080 2415 φθορᾶς
1106 2344 1435 2415 ἀφανισμόν.
1468 2347 1570 2411 Εἰς
1596 2343 1853 2415 διδαχὴν
1885 2344 1942 2398 δὲ
1983 2348 2091 2399 ὁπ-

515 2433 989 2503 ότανὲνεπύρισε
1002 2434 1118 2499 τὴν
1136 2436 1621 2505 Μεσοποταμίαν,
1638 2434 1736 2489 καί
1754 2435 1825 2506 (b)
1844 2435 1960 2503 τὴν
1978 2438 2092 2490 Συ-

510 2524 653 2592 ρίαν
689 2522 856 2578 Σωσᾶ
898 2522 1020 2595 [ΡΤ.
1074 2524 1309 2596 Σωὸάλ].
1345 2524 1435 2588 Εἰς
1492 2525 1713 2596 διδαχὴν
1756 2527 1920 2595 ἡμῖν,
1966 2528 2079 2589 τοῖς

519 2613 919 2684 ἀλλοιουμένοις
975 2614 1070 2667 καὶ
1120 2615 1665 2687 ἀλλοιωοησομένοις,
1710 2616 1956 2687 δηλονότι
1990 2616 2089 2687 τὴν

520 2703 808 2775 ἐπαινετὴν
860 2704 954 2756 καὶ
1012 2702 1162 2758 θείαν
1220 2704 1525 2769 ἀλλοίωσιν,
1577 2707 1603 2759 6
1640 2705 1855 2776 ψαλμὸς
1902 2705 2089 2774 ἐπιγέ-

519 2812 767 2868 γραπται
797 2796 949 2868 παρὰ
978 2795 1072 2850 τοῦ
1112 2796 1275 2850 Δαόὶδ
1300 2796 1394 2850 τοῦ
1424 2798 1616 2865 νοητοῦ
1652 2814 1667 2829 ·
1701 2796 1845 2864 λέγω
1864 2796 1921 2850 δὲ
1949 2797 2089 2867 Χρι-

521 2886 648 2941 στοῦ
677 2887 771 2942 τοῦ
810 2887 970 2944 Θεοῦ.
1001 2888 1180 2952 Μόνος
1215 2888 1325 2960 γὰρ
1348 2889 1523 2952 αὐτὸς
1557 2887 1811 2960 ἀληθινὸς
1838 2888 2090 2958 βασιλεὺς

520 2980 783 3053 ὑπάρχων
811 2979 907 3034 τοῦ
953 2979 1172 3051 Ἰσραὴλ
1198 2981 1294 3035 καὶ
1342 2980 1578 3047 ὁρῶντος
1609 2980 1762 3044 Θεὸν,
1793 2981 1868 3044 ὡς
1906 2980 2090 3049 πάσης

2179 531 2229 576 ει
2257 527 2513 593 percussit
2539 525 2733 579 vallem
2765 527 3074 583 Salinarum
3108 529 3379 584 duodecim
3409 529 3580 585 millia
3608 531 3648 584 ί.

2248 703 2450 759 Psalmi
2478 704 2642 775 hujus
2667 704 2957 774 inscriptio
2980 713 3066 759 est
3092 722 3104 757 :
3136 704 3199 758 In
3222 704 3404 773 ﬁnem,
3440 707 3518 760 his
3540 706 3629 776 qui
3650 707 3723 759 im

2182 796 2548 863 mutabuntur;
2572 807 2685 850 tum
2722 806 2950 865 propter
2992 795 3233 849 futuram
3291 795 3347 849 in
3396 796 3501 851 ﬁne
3543 807 3757 866 tempo-

2182 904 2325 951 rum,
2349 904 2448 958 per
2478 886 2777 942 adventum
2796 886 3025 953 Christi,
3049 900 3116 940 ex
3142 884 3467 941 inﬁdelitate
3483 888 3550 941 ad
3570 888 3756 952 ﬁdem,

2181 993 2357 1047 exque
2382 978 2518 1032 vitio
2548 977 2615 1033 ad
2644 977 2927 1043 virtutem,
2950 993 3014 1033 ac
3043 993 3111 1031 ex
3139 977 3451 1047 ignorantia
3484 976 3552 1030 ad
3578 978 3759 1037 scien-

2184 1070 2337 1136 tiam,
2367 1067 2535 1124 animi
2573 1069 2859 1139 proposito
2892 1084 2957 1124 ac
2981 1069 3286 1133 voluntate,
3322 1067 3607 1123 hominum
3641 1084 3762 1122 mu-

2185 1163 2483 1227 tationem;
2522 1170 2637 1215 tum
2687 1170 2914 1231 propter
2948 1160 3317 1216 exhibendam
3360 1170 3645 1230 postremo
3702 1159 3758 1213 in

2183 1252 2292 1307 ﬁne
2337 1252 2659 1307 saeculorum
2712 1266 2811 1321 per
2865 1250 3047 1320 ipsum
3106 1249 3447 1305 Salvatorem
3509 1259 3760 1304 nostrum

2183 1344 2379 1405 Deum,
2417 1342 2660 1397 universi
2690 1341 2910 1412 generis
2943 1342 3169 1395 humani
3204 1341 3519 1397 universam
3548 1342 3603 1395 in
3636 1357 3761 1411 gra-

2186 1437 2261 1491 tia
2286 1435 2593 1491 naturalem
2630 1450 2661 1489 a
2694 1443 2871 1488 morte
2895 1433 3345 1503 etcorruptione,
3377 1432 3445 1487 ad
3468 1433 3635 1486 vitam
3658 1433 3730 1486 im

2186 1526 2469 1581 mortalem
2502 1538 2565 1579 ac
2616 1523 3113 1593 incorruptionem,
3154 1529 3470 1593 exspectata
3512 1537 3763 1578 resurre-

2186 1618 2402 1680 ctione,
2433 1615 2873 1670 immutationem
2917 1630 2981 1669 ac
3024 1614 3462 1669 renovationem.
3508 1613 3573 1668 In
3621 1612 3763 1667 tituli

2186 1717 2369 1763 autem
2395 1707 2789 1777 inscriptionem
2806 1707 2907 1777 ipsi
2922 1705 3121 1771 David,
3149 1705 3257 1759 hoc
3283 1716 3371 1760 est
3384 1704 3625 1770 Christo,
3649 1715 3761 1759 tum

2183 1809 2410 1871 propter
2444 1799 2640 1855 factam
2669 1796 3126 1868 pridem,.divina
3150 1798 3326 1869 ipsius
3360 1797 3761 1856 incarnatione.

2185 1889 2330 1945 tituli
2353 1890 2543 1953 instar,
2578 1889 2633 1943 in
2656 1889 2776 1958 ipso
2799 1887 3045 1957 quidem,
3073 1895 3135 1942 ut
3172 1886 3293 1957 ipso
3327 1886 3468 1943 duce
3492 1903 3556 1943 ac
3580 1887 3767 1943 Salva-

2185 1992 2324 2047 tore,
2351 1981 2420 2036 ab
2466 1996 2643 2052 eoque
2681 1980 2943 2051 deinceps
2976 1981 3033 2035 in
3075 1980 3163 2035 his
3196 1981 3292 2051 qui
3329 1995 3398 2036 ex
3444 1982 3565 2051 ejus
3619 1996 3765 2050 pra:-

2184 2075 2393 2145 scripto
2416 2073 2505 2144 pie
2534 2073 2705 2129 vitam
2744 2072 3061 2138 instituunt,
3100 2071 3387 2141 pravitatis
3415 2086 3479 2126 ac
3504 2071 3765 2140 nequitiae

2187 2166 2570 2231 eversionem;
2622 2175 2737 2220 tum
2796 2173 3023 2235 propter
3076 2163 3321 2218 futuram
3376 2162 3593 2229 adhuc,
3646 2163 3766 2233 ipso

2188 2267 2505 2329 praastanle,
2551 2258 2819 2326 integram
2857 2256 3053 2311 mortis
3080 2270 3147 2310 ac
3174 2255 3553 2325 corruptionis
3588 2255 3766 2309 aboli-

2189 2351 2417 2405 tionem.
2446 2348 2510 2403 In
2533 2350 2827 2402 doctrinam
2857 2356 3061 2412 autem,
3087 2363 3208 2401 cum
3241 2345 3511 2401 succendit
3530 2344 3766 2416 Mesopo-

2191 2443 2413 2496 tamiam
2460 2448 2510 2494 et
2551 2439 2764 2511 Syriam
2813 2437 2950 2494 Soba
2974 2454 2993 2493 :
3026 2439 3082 2493 in
3112 2438 3420 2494 doctrinam
3450 2438 3632 2501 nobis,
3672 2437 3767 2506 qui

2190 2535 2549 2590 immutamur
2570 2541 2626 2587 et
2655 2547 2847 2587 sumus
2872 2530 3203 2586 immutandi
3238 2528 3525 2603 (laudabili
3556 2528 3769 2583 scilicet

2190 2640 2255 2679 ac
2275 2624 2462 2679 divina
2507 2621 2909 2692 immutatione)
2938 2622 3006 2676 ab
3040 2621 3272 2691 spiritali
3300 2620 3505 2675 Davide
3530 2619 3766 2690 (Christo

2191 2717 2405 2771 scilicet
2448 2713 2580 2780 Deo)
2644 2713 2943 2782 inscriptus
2984 2720 3069 2767 est
3118 2711 3384 2781 psalmus.
3441 2709 3579 2766 Cum
3618 2708 3768 2764 enim

2192 2823 2339 2861 unus
2376 2807 2491 2877 ipse
2515 2820 2681 2860 verus
2706 2804 2922 2859 Israelis
2964 2820 3029 2858 ac
3059 2804 3232 2857 Deum
3263 2801 3505 2857 videntis
3542 2817 3639 2855 rex
3668 2815 3766 2854 ex-

2192 2900 2370 2965 sistat,
2409 2906 2666 2967 tauquam
2700 2896 2921 2950 malitia:
2948 2896 3127 2950 omnis
3149 2910 3213 2949 ac
3252 2894 3576 2966 ignorantiae
3605 2909 3767 2948 ever-

2192 3005 2304 3055 sor,
2339 2988 2629 3056 omuisque
2686 2988 2953 3055 temporis
2996 3000 3061 3039 ac
3092 2992 3306 3038 natura:
3335 2983 3535 3049 victor;
3565 2982 3771 3052 quibus

522 3071 814 3142 ἀναιρέτης
836 3071 1036 3134 κακίας
1066 3072 1161 3124 καὶ
1186 3072 1484 3141 ἀγνωσίας,
1511 3072 1607 3125 καὶ
1629 3074 1856 3142 νικητὴς
1887 3072 2090 3134 παντὸς

2194 3083 2436 3155 proclive
2468 3080 2631 3151 336
2652 3080 2708 3134 in
2726 3078 2888 3134 nobis
2906 3078 3104 3133 vitium
3126 3078 3479 3147 pravitasque
3505 3074 3773 3131 conﬂatur

519 3164 711 3234 χρόνου
761 3164 855 3215 καὶ
912 3162 1147 3230 φύσεως,
1174 3164 1240 3217 δι’
1272 3156 1347 3218 ὧν
1369 3164 1426 3217 ὲν
1465 3164 1594 3234 ἡμῖν
1620 3165 1791 3218 κακία
1838 3164 2091 3217 συνίστα-

519 3253 641 3307 σθαι
689 3254 972 3322 πέφυκεν’
1010 3253 1299 3326 ἐνεπύρισε
1348 3254 1445 3325 τὴν
1492 3256 1939 3327 Μεσοποταμίαν,
2002 3255 2091 3310 διὰ

519 3345 722 3417 σαρκὸς
769 3346 905 3415 ἡμῖν
944 3345 1212 3416 ὁμιλήσας
1242 3362 1256 3377 ·
1290 3348 1556 3412 τουτέστι,
1584 3347 1683 3420 τὴν
1732 3347 2094 3419 ὲπικλυξομέ-

518 3454 615 3509 νην
661 3439 776 3501 τοῖς
805 3437 957 3509 παρά
1011 3436 1173 3507 φύσιν
1198 3439 1397 3492 πάθεσι
1432 3439 1534 3509 τῆς
1592 3440 1795 3511 σαρκὸς
1831 3440 1944 3507 ἕξιν
1993 3440 2094 3511 τῆς

523 3531 734 3594 κακίας.
781 3529 893 3583 Kal
944 3528 1060 3597 τὴν
1087 3529 1313 3599 Συρίαν
1342 3528 1510 3585 Σωϐᾶ
1540 3528 1723 3603 [etiam
1754 3518 1845 3587 Fr.
1885 3531 2045 3586 Σωύᾶ
2077 3548 2091 3563 ο

530 3629 579 3676 et
607 3620 885 3693 deinceps],
916 3621 1166 3675 τουτέστι
1210 3621 1311 3693 τὴν
1358 3610 1768 3693 δεδουλωμένην
1792 3622 1870 3694 τῷ
1895 3625 2092 3695 χρόνῳ,

531 3710 693 3781 ἤγουν
720 3711 1082 3782 ἡπατημένην
1111 3711 1190 3782 τῷ
1218 3711 1374 3765 αἰῶνι
1404 3712 1580 3783 τούτῳ
1606 3712 1870 3768 διάθεσιν.
1917 3714 2094 3769 Ἑπτὰ

527 3804 632 3876 γὰρ
667 3806 701 3876 ἡ
737 3803 906 3860 Σωὸᾶ
933 3804 1298 3877 ἑρμηνεύεται
1330 3821 1346 3837 ⁸
1403 3806 1593 3876 σαφῶς
1638 3807 1696 3861 δὲ
1746 3807 1907 3862 τοῦτο
1948 3808 2098 3878 δηλοί

525 3896 624 3967 τὴν
656 3895 916 3968 χρονικὴν
962 3896 1225 3969 ἰδιότητα.
1261 3897 1651 3969 Ἐὄδοματικὸς
1688 3900 1845 3971 γὰρὸ
1882 3901 2093 3972 χρόνος.

522 3988 690 4042 Φύσιν
723 3989 836 4062 γὰρ
864 3991 960 4044 καὶ
1010 3990 1203 4062 χρόνον
1234 3990 1425 4045 εἴωθεν
1454 3994 1482 4045 6
1514 3992 1760 4058 διάὸολος
1825 4010 2099 4048 συνεπικι-

523 4082 634 4137 νεῖν
668 4081 849 4153 ἑαυτῷ
877 4083 1018 4137 κατά
1043 4083 1145 4154 τῆς
1171 4084 1377 4155 ἀρετῆς
1402 4085 1497 4138 καὶ
1530 4086 1627 4155 τῆς
1666 4087 1940 4155 γνώσεως,
1969 4089 2098 4151 τοὺς

525 4175 753 4243 ἀφανεῖς
785 4174 1117 4246 συμπλέκων
1164 4175 1457 4244 πολέμους,
1485 4178 1561 4240 ὠς
1606 4179 1706 4242 τὰς
1752 4179 1848 4233 δύο
1898 4179 2097 4252 Συρίας

529 4265 670 4319 κατά
725 4264 821 4319 τοῦ
865 4264 1029 4319 sum
1054 4267 1083 4319 6
1125 4265 1453 4338 ’Δδρααζάμ
1503 4268 1812 4340 ’Δδρααζὰρ
1859 4269 1969 4341 γὰρ
2020 4272 2135 4335 είς,

522 4357 620 4429 τὴν
647 4357 871 4413 Ἐλλάδα
900 4358 1084 4430 φωνὴν
1103 4358 1601 4430 μεταφραζόμενος,
1656 4366 2013 4436 λύωνισχὺν
2027 4365 2096 4436 (c)

2192 3191 2257 3231 ac
2292 3174 2571 3239 inolescit;
2602 3171 3051 3242 Mesopotamiam
3073 3169 3383 3235 succendit,
3420 3183 3519 3239 per
3550 3184 3770 3223 carnem

2191 3266 2483 3320 nobiscum
2524 3271 3046 3333 versatus;_nempe
3089 3268 3432 3332 stagnantem
3463 3260 3775 3329 prolutum-

2193 3374 2300 3429 que
2331 3354 2738 3411 innaturalibus
2764 3352 2946 3406 carnis
2972 3350 3261 3406 aﬁ‘ectibus
3311 3358 3475 3418 atque
3501 3348 3652 3402 vitiis
3680 3348 3777 3400 ha--

2195 3449 2394 3504 bitum.
2422 3447 2491 3501 Et
2528 3444 2743 3517 Syriam
2772 3442 2950 3509 Saba;
2985 3443 3223 3512 tempori
3249 3442 3464 3496 scilicet
3489 3440 3774 3510 mancipa—

2196 3551 2328 3605 tam,
2354 3540 2534 3603 idest,
2572 3535 2758 3592 mculi
2799 3535 2964 3605 hujus
2988 3548 3177 3589 errore
3210 3532 3455 3587 delusam
3486 3532 3653 3585 animi
3690 3531 3775 3585 af-

2196 3633 2512 3688 fectionem.
2545 3629 2681 3683 Soba
2715 3627 2886 3691 enim,
2914 3626 2958 3680 si
2982 3640 3186 3679 nomen
3234 3623 3642 3691 interpreteris,
3679 3620 3774 3676 Se-

2198 3730 2339 3795 ptem
2367 3720 2637 3792 signiﬁcat
2659 3717 2816 3790 (imo,
2847 3714 3057 3786 Syriam
3080 3714 3235 3785 quasi
3269 3711 3599 3782 militarem],
3627 3712 3777 3781 quod

2200 3815 2257 3870 in
2315 3810 2578 3882 temporis
2628 3809 2805 3880 palam
2868 3806 3261 3877 proprietatem
3309 3812 3486 3859 sonat.
3536 3803 3778 3872 Tempus

2199 3906 2349 3963 enim
2366 3902 2678 3974 septenario
2702 3900 2959 3954 vertitur.
2989 3898 3139 3953 Solet
3156 3896 3305 3951 enim
3341 3894 3612 3958 diabolus,
3646 3894 3775 3948 dum

2198 3996 2461 4051 adversus
2522 3992 2785 4047 virtutem
2826 4006 2890 4044 ac
2924 3987 3211 4044 scientiam
3250 3985 3547 4043 invisibilia
3584 3984 3777 4055 proelia

2201 4085 2601 4141 commissurus
2633 4090 2740 4146 est,
2789 4096 2898 4134 una
2941 4094 3129 4134 secum
3162 4086 3417 4131 naturam
3452 4087 3779 4144 tempusque

2203 4191 2449 4240 movere,
2478 4175 2625 4229 haud
2655 4190 2815 4229 secus
2837 4189 2901 4227 ac
2939 4172 3216 4226 Adraazar
3242 4169 3435 4224 ambas
3463 4169 3649 4239 Syrias
3679 4167 3778 4220 ad-

2202 4286 2399 4327 versus
2439 4267 2701 4323 Davidem
2723 4268 2765 4320 ¹.
2800 4265 3078 4319 Adraazar
3133 4261 3308 4327 enim,
3354 4261 3400 4316 si
3454 4261 3507 4315 in
3536 4260 3778 4329 linguam

2204 4371 2451 4419 nostram
2476 4368 2664 4416 vertas
2707 4374 2773 4414 ac
2797 4354 3206 4429 interpreteris,
3241 4353 3527 4408 dissolvens
3571 4352 3780 4422 fortitu-

597 4514 615 4546 ⁸
646 4516 689 4571 11
722 4517 857 4589 Reg.
885 4533 998 4584 vui,
1031 4517 1091 4585 l;
1130 4533 1182 4585 x,
1213 4518 1275 4586 7;
1307 4517 1328 4572 1
1358 4516 1534 4573 Paral.
1568 4534 1717 4588 xvm,
1750 4521 1802 4576 1.
1850 4523 1872 4554 ⁸
1893 4522 2060 4594 lReg.
2094 4538 2150 4589 ι,
2179 4522 2266 4578 19.

598 4673 675 4747 (a)
698 4676 827 4747 _Elc
877 4676 1357 4745 στηλογραςριαν.
1392 4675 1638 4747 Assumit
1665 4676 1932 4733 Maximus
1963 4692 2094 4747 pro-

528 4743 655 4801 clivi
681 4743 995 4817 Graecorum
1028 4760 1154 4810 usu,
1189 4743 1248 4817 ut
1268 4745 1426 4817 quasi
1456 4760 1523 4800 ex
1553 4747 1714 4801 titulo
1738 4743 2099 4817 proscriptio-

528 4830 654 4887 nem
691 4814 993 4887 signiﬁcet,
1044 4830 1151 4887 seu,
1185 4814 1592 4887 damnationem
1623 4814 1843 4887 (nempe
1878 4814 2099 4872 malitia:

529 4831 654 4871 nem
691 4831 738 4869 ει
816 4831 993 4877 lucet,
1044 4831 1142 4869 seu
1185 4831 1592 4870 damnationem
1623 4831 1843 4887 (nempe
1878 4831 2099 4872 mantia:

529 4831 811 4957 vitiiqutgn
835 4884 1034 4957 iactam
1072 4886 1253 4957 primo
1306 4886 1361 4957 in
1407 4884 1648 4951 Christo,
1677 4902 1854 4957 exque
1883 4888 1997 4952 illo,
2035 4901 2100 4957 ac

529 4955 905 5027 pergillumgin
944 4955 1168 5027 sanctis.
1187 4956 1399 5027 Potius
1424 4965 1604 5011 tamen
1656 4955 2099 5027 (hic—praecipue)

529 5024 750 5079 titulum
777 5025 1026 5081 victoria:
1067 5024 1274 5080 Christi
1310 5025 1565 5080 videatur
1608 5024 1824 5082 so'nare‘.
1859 5024 2102 5081 [labetur

529 5095 721 5151 eadem
745 5111 850 5151 vox
897 5095 1039 5151 Psal.
1063 5111 1153 5158 xv,
1187 5111 1272 5159 ιν,
1306 5111 1408 5159 LVI,
1457 5113 1599 5161 Lvm,
1633 5097 1725 5151 ubi
1754 5099 1802 5149 οί
1836 5096 1980 5151 LXX
2020 5096 2102 5151 sic

530 5166 846 5237 reddentes,
878 5165 1028 5219 aliud
1080 5164 1343 5219 videntur
1374 5166 1569 5235 legisse
1610 5181 1774 5237 quam
1804 5167 1971 5237 modo
1993 5164 2102 5222 He-

530 5236 675 5290 braea
720 5235 959 5291 habeant
987 5253 1000 5288 :
1031 5250 1231 5304 nempe
1265 5246 1448 5299 ιιι-ωηο,
1482 5252 1593 5290 11011
1630 5235 1699 5290 ut
1720 5236 1831 5305 jam
1873 5236 2105 5304 legimus

531 5317 721 5368 DI'DD,
750 5305 898 5374 quod
933 5305 1163 5360 Arabica
1194 5320 1327 5359 voce
1368 5321 1479 5358 rem
1508 5306 1867 5360 absconditam
1900 5306 2107 5375 signiﬁ-

533 5383 639 5439 cat,
670 5375 725 5431 id
758 5384 863 5440 est,
889 5384 1101 5429 servam
1133 5375 1370 5445 dignam,
1402 5375 1507 5429 nisi
1536 5378 1701 5430 etiam
1733 5375 2106 5431 sicreddendo

533 5445 787 5500 servandi
811 5446 1031 5501 modum
1053 5445 1327 5514 explicare
1344 5446 1654 5511 voluerunt,
1674 5456 1734 5501 ut
1756 5445 1967 5500 scilicet
1987 5461 2108 5514 per-

533 5515 661 5568 enni
722 5516 882 5572 titulo
929 5516 997 5570 ad
1036 5516 1359 5570 memoriam
1408 5526 1677 5579 servetur,
1732 5515 1973 5570 acvelut
2009 5530 2105 5570 co-

536 5583 738 5655 lumna:
767 5585 1111 5655 inscriptum.
1154 5584 1246 5640 Sic
1270 5600 1418 5655 saepe
1457 5586 1557 5649 illi,
1584 5585 1746 5655 paulo
1791 5585 1952 5640 aliter
1982 5585 2107 5639 red-

538 5652 739 5721 dendo,
770 5670 881 5726 non
914 5652 1049 5711 alias
1075 5670 1239 5726 voces
1267 5652 1550 5726 legerunt,
1584 5652 1686 5726 sed
1714 5662 1775 5709 ut
1804 5671 1897 5710 eas
1936 5655 2103 5726 ipsas,

540 5738 674 5791 quas
698 5724 950 5797 legimus,
983 5724 1482 5783 clarioribus'aliis
1521 5725 1835 5793 redderent,
1874 5725 1980 5782 sibi
2017 5725 2102 5781 in-

2201 4676 2509 4731 dulserunt.
2527 4674 2760 4741 Quidam
2790 4672 3218 4726 instrumentum
3247 4668 3515 4741 musicum
3546 4666 3736 4719 volunt
3763 4684 3776 4720 :

2206 4748 2299 4801 alii
2333 4738 2846 4815 insigne'militare;
2878 4757 3005 4815 cum
3040 4741 3160 4815 ejus
3197 4739 3351 4815 radix
3486 4747 3622 4797 om,
3660 4753 3781 4815 qum

2204 4833 2327 4870 auri
2380 4806 2565 4885 oplimi
2620 4829 2854 4885 massam
2914 4806 3202 4885 signiﬁcat.
3256 4808 3450 4885 Chalil.
3490 4806 3781 4875 exemplar,

2205 4886 2351 4955 quod
2378 4878 2556 4955 ipsum
2580 4899 2610 4937 a
2627 4884 2772 4955 tituli
2800 4878 3157 4955 inscriptione
3168 4894 3291 4955 ‘non
3309 4878 3467 4955 valde
3488 4886 3780 4955 remotum,

2206 4947 2465 5026 adjuncta
2493 4953 2793 5025 praesertim
2822 4947 3086 5014 voce—ei;
3112 4948 3354 5018 διδαχὴν,
3395 4949 3451 5001 in
3496 4947 3781 4999 documen-

2207 5036 2339 5080 tum.

2280 5096 2353 5167 (b)
2411 5095 2532 5167 Τὴν
2567 5094 2791 5167 Συρίαν
2848 5087 3036 5167 {fw-6’5.
3069 5088 3162 5143 Sic
3199 5086 3465 5167 emendo,
3504 5084 3674 5167 quod.
3706 5086 3782 5167 i_t_a

2209 5156 2575 5236 sequentibus
2597 5156 2825 5236 codices
2854 5161 3145 5236 liabeant,_
3164 5173 3271 5211 non
3302 5156 3702 5236 2066.}.‘qu0d_
3722 5159 3785 5211 Ii-

2208 5226 2341 5306 quet
2377 5252 2489 5291 non
2516 5233 2822 5306 reddidisse
2849 5232 2973 5306 τοὺς
3006 5228 3171 5306 μεὶς,
3211 5236 3271 5281 ιιι
3293 5243 3395 5306 nec
3418 5226 3669 5306 “Hebraea
3690 5226 3782 5280 ha-

2211 5296 2363 5371 bent,
2392 5306 2487 5361 sed
2526 5305 2766 5374 idipsum
2806 5299 2964 5374 quod
3006 5299 3051 5353 11
3080 5300 3214 5374 Reg.
3254 5306 3310 5351 et
3348 5297 3367 5350 1
3418 5296 3783 5374 i’ar._l_lbique

2209 5366 2359 5431 enim
2380 5385 2537 5440 mw,
2578 5366 2702 5430 cum
2730 5366 2892 5426 Sob'al
2919 5370 3080 5440 longe
3127 5366 3232 5423 alia
3264 5367 3491 5440 vox__si_t,
3526 5366 3783 5440 aliudque

2211 5446 2501 5515 signiﬁcet,
2522 5436 2686 5515 atque
2718 5442 2841 5495 aliis
2873 5436 3319 5515 prorsuslitteris
3353 5437 3620 5515 Hebraiee
3644 5436 3781 5515 scri-

2212 5498 2806 5590 Bi’iar,1}¢hipé5:w,
2854 5498 2935 5590 uti
2969 5518 3026 5590 et
3054 5525 3162 5579 qua
3202 5504 3780 5590 septenhsigniﬁcant,

2209 5595 2356 5649 γεω,
2382 5576 2717 5653 ἰηἰι-ιιῖηίιυο
2750 5580 2967 5653 venisse
2982 5576 3343 5653 Δἰηίιιοῐιιιει-ιι
3376 5576 3628 5653 Maximo,
3669 5576 3783 5630 sive

2209 5645 2283 5717 ei,
2318 5645 2411 5725 qui
2458 5653 2534 5709 illi
2568 5645 2955 5727 au'ctoretymi
2976 5648 3100 5711 fuit,
3127 5657 3198 5727 ut
3226 5646 3587 5727 Sobaseptem
3616 5645 3784 5727 inter.

2212 5716 2556 5796 pretarcturi;
2593 5738 2717 5780 cum
2742 5723 2813 5779 sit
2834 5716 2980 5778 clare
3010 5718 3285 5784 exercitus,
3314 5716 3571 5779 militans,
3604 5723 3714 5771 etc.
