4070 6466
296 318 405 385 859

1473 316 1533 375 S.
1575 311 1864 375 MAXIM!
1896 306 2413 369 CONFESSORIS

3462 304 3567 367 860

296 435 475 488 dinem
502 433 729 502 dicitur,
757 445 854 494 aut
897 438 1190 508 potentiam
1225 440 1497 496 evertens;
1528 443 1728 498 nempe
1759 425 1878 480 dia-

1987 419 2485 491 ἢκατασκὰπτων
2521 419 2783 489 δύναμιν
2816 417 3210 491 ἑρμηνεύεταιο
3242 417 3390 480 ὅστις
3423 418 3571 474 ἐστὶν

296 525 459 582 holus
484 567 499 589 ,
551 528 648 597 qui
681 528 927 598 spiritale
974 529 1230 583 humana:
1261 534 1472 580 natura:
1491 522 1681 585 robur,
1727 518 1884 574 sedu-

295 610 496 677 cendo,
525 614 700 669 divini
731 616 1171 686 transgressione
1196 613 1440 669 mandati
1475 611 1544 667 ab
1579 609 1739 664 initio
1768 609 1885 663 dis-

293 702 483 765 solvit,
508 709 675 772 atque
719 701 1004 758 hominem
1050 711 1267 758 natura:
1296 718 1361 757 ac
1396 699 1631 769 tempori
1660 712 1882 754 servum

293 787 524 844 addixit.
553 790 779 860 Absque
811 790 960 845 enim
987 790 1077 856 iis,
1110 806 1234 861 quae
1265 798 1480 845 natura:
1513 787 1754 842 subsunt
1802 794 1887 840 at-

291 897 400 951 que
451 883 710 952 tempori,
747 882 978 939 omnino
1029 884 1299 940 adversus
1344 882 1599 938 homines
1645 895 1884 951 pugnam

293 970 570 1029 instruere
599 975 814 1045 nequit.

366 1065 434 1121 Et
458 1084 695 1125 reversus
713 1080 788 1122 est
809 1068 962 1135 Joab,
988 1077 1038 1124 et
1064 1069 1319 1147 percussit
1345 1065 1543 1122 vallem
1569 1064 1885 1121 Salinarum

293 1156 561 1213 duodecim
579 1157 1038 1231 millia.Quisquis
1052 1160 1201 1215 enim
1220 1158 1486 1229 spiritalis
1502 1158 1649 1227 regis
1661 1156 1885 1213 Davidis

295 1249 376 1320 (id
391 1259 494 1313 est,
512 1250 733 1306 Domini
751 1253 930 1308 nostri
941 1252 1075 1309 Jesu
1094 1251 1321 1324 Christi)
1341 1252 1453 1308 dux
1468 1251 1677 1307 militiae
1693 1257 1885 1306 contra

290 1342 640 1400 adversarias
668 1353 973 1413 potestates
1001 1346 1213 1411 educit,
1246 1346 1542 1402 duodecim
1566 1344 1739 1401 millia
1765 1358 1889 1415 per-

292 1433 435 1489 cutit
476 1434 536 1490 in
571 1436 713 1491 valle
747 1436 1084 1493 Salinarum.
1113 1439 1286 1494 Vallis
1329 1449 1517 1496 autem
1572 1438 1885 1493 Salinarnm

294 1539 425 1580 caro
448 1535 556 1592 est,
584 1533 648 1581 ut
670 1543 796 1595 quae
817 1526 1376 1600 probrosissimorum
1402 1530 1704 1587 affectuum
1729 1530 1888 1585 locus

295 1630 398 1686 per
418 1614 857 1676 inobedientiam
883 1620 1027 1676 facta
1043 1622 1136 1676 sit.
1157 1622 1216 1676 In
1241 1622 1348 1678 hac
1364 1622 1521 1693 quasi
1545 1622 1711 1687 valle,
1736 1620 1889 1692 quis-

291 1707 420 1777 quis
441 1708 567 1778 pius
589 1718 676 1765 est
690 1726 754 1766 ac
777 1711 1094 1784 religiosus,
1117 1713 1352 1769 rationis
1368 1714 1540 1769 armis
1551 1729 1616 1769 ac
1638 1720 1889 1768 contem-

290 1798 576 1867 plationis,
594 1808 727 1855 natu
736 1816 851 1857 ram
866 1818 931 1858 ac
954 1814 1171 1874 tempus
1190 1805 1467 1877 percutit;
1489 1805 1887 1861 abhorrentem

290 1887 507 1968 scilicet
526 1891 783 1947 aratione
799 1903 1124 1965 occupatam
1145 1897 1316 1954 animi
1329 1897 1387 1952 in
1405 1896 1517 1953 illis
1537 1897 1885 1968 opinionem,

291 1995 402 2050 qua
435 1966 664 2053 prastat
704 1984 932 2041 virtutis
978 2004 1045 2045 ac
1077 1990 1327 2046 scientiae
1355 1966 1889 2056 celsitate,’natura

290 2077 643 2148 tcmporique
670 2077 932 2136 obnoxiis
974 2080 1195 2153 legibus
1226 2082 1659 2155 haudquaquam
1685 2083 1888 2139 immo-

295 2182 446 2224 rans.
500 2169 892 2229 Duodenarius
949 2175 1101 2230 enim
1130 2190 1401 2230 numerus
1436 2184 1693 2231 naturam
1742 2183 1887 2230 tem-

289 2276 504 2332 pusque
527 2263 839 2336 signiﬁcat;
866 2267 1074 2338 quippe
1104 2283 1232 2323 cum
1264 2278 1497 2333 natura,
1540 2269 1612 2324 ob
1634 2269 1888 2340 quinque

289 2367 511 2434 sensus,
544 2355 800 2425 quinaria
855 2359 962 2426 sit;
992 2368 1211 2430 tempus
1243 2376 1374 2417 vero
1396 2362 1800 2431 septenarium,
1827 2370 1890 2421 ut

290 2444 471 2501 cuivis
499 2448 862 2518 perspicuum
892 2459 998 2506 est.
1047 2450 1105 2506 Si
1135 2461 1321 2509 autem
1364 2453 1612 2524 quinque
1646 2464 1888 2524 septem-

289 2550 400 2607 que
429 2538 820 2608 componendo
849 2539 1124 2611 iunxeris,
1156 2541 1565 2599 duodenarium
1591 2544 1757 2615 plane
1786 2560 1889 2599 nu-

289 2642 507 2683 merum
539 2629 885 2700 impleveris.

359 2719 528 2777 Forte
551 2736 689 2777 vero
719 2722 1035 2778 occisorum
1067 2741 1361 2787 numerus.
1394 2725 1727 2781 facultatum
1763 2726 1885 2781 ani-

287 2809 366 2865 mi
395 2812 706 2868 ternionem
733 2814 1040 2886 signiﬁcat,
1092 2833 1280 2873 rerum
1322 2818 1380 2874 in
1415 2834 1642 2875 sensum
1682 2819 1887 2875 caden-

288 2902 429 2957 tium
450 2905 811 2974 quaternioni
836 2907 980 2963 male
999 2910 1213 2965 erroris
1228 2909 1557 2967 seductione
1585 2910 1889 2982 implexum

288 3000 457 3063 atque
477 2994 762 3062 innexum,
795 2997 942 3054 unde
966 2998 1243 3071 quidquid
1266 3008 1623 3071 peccatorum
1648 3010 1734 3057 est
1759 3018 1891 3072 pro—

1987 512 2017 565 ὁ
2053 511 2319 575 διάϐολος,
2358 512 2387 563 ὁ
2417 511 2483 565 δι’
2503 511 2722 583 ἀπάτης
2749 513 2848 581 τὴν
2877 508 3251 582 πνευματικὴν
3297 511 3451 580 ἰσχὺν
3473 511 3572 582 τῆς

1987 604 2264 675 ἡμετέρας
2320 604 2534 674 φύσεως
2594 606 2718 659 κατ’
2779 603 2956 675 ἀρχὰς
2998 605 3065 675 τῇ
3117 602 3429 676 παραϐάσει
3472 604 3574 674 τῆς

1988 695 2138 761 θείας
2163 697 2387 769 ἐντολῆς
2421 697 2701 762 διαλύσας,
2733 698 2829 751 καὶ
2860 697 2938 767 τῷ
2962 698 3140 770 χρόνῳ
3173 696 3269 752 καὶ
3301 700 3367 768 τῇ
3412 696 3574 766 φύσει

1986 788 2264 853 δουλώσας
2291 789 2381 843 τὸν
2408 789 2719 860 ἄνθρωπον.
2757 791 2920 844 Ἀνευ
2953 790 3061 861 γάρ
3094 790 3204 843 τῶν
3264 790 3371 844 ὑπὸ
3412 789 3573 858 φύσιν

1988 883 2086 937 καὶ
2136 884 2354 956 χρόνον,
2396 883 2668 955 μάχεσθαι
2711 885 2825 947 τοῖς
2860 880 3171 955 ἀνθρώποις
3198 882 3483 945 παντελῶς
3512 883 3572 936 οὐ

1986 974 2229 1030 δύναται.

2056 1066 2165 1121 Καὶ
2176 1067 2554 1136 ἐπέστρεψεν
2581 1067 2744 1121 Ἰωὰϐ
2758 1065 2859 1120 καί
2875 1064 3138 1130 ἐπάταξε
3158 1065 3275 1136 τὴν
3294 1064 3575 1136 φάραγγα

1986 1158 2109 1212 τῶν
2140 1156 2322 1214 Ἁλῶν
2342 1157 2575 1213 δώδεκα
2597 1157 2896 1229 χιλιάδας.
2929 1158 3045 1222 Πᾶς
3079 1157 3188 1228 γὰρ
3216 1159 3245 1212 ὁ
3280 1156 3358 1228 τῷ
3396 1156 3577 1228 νοητῴ

1987 1249 2202 1321 βασιλεῖ
2267 1250 2432 1306 Δαὸὶδ
2497 1251 2865 1324 στρατηγῶν,
2922 1252 3178 1305 τουτέστι
3235 1251 3316 1323 τῷ
3383 1252 3576 1322 Κυρίῳ

1991 1342 2152 1415 ἡμῶν
2190 1344 2391 1413 Ἰησοῦ,
2421 1342 2564 1399 κατά
2589 1344 2700 1397 τῶν
2732 1342 2991 1397 ἐναντίων
3013 1342 3323 1415 δυνάμεων,
3364 1344 3577 1398 πατάσ-

1994 1452 2078 1489 σει
2107 1435 2317 1491 δώδεκα
2344 1436 2592 1508 χιλιάδας
2612 1437 2675 1489 ἐν
2700 1438 2766 1521 τῇ
2801 1437 3048 1507 φάραγγι
3092 1436 3204 1490 τῶν
3246 1436 3437 1490 Ἀλῶν,
3465 1434 3577 1490 Φάεί

1989 1526 2129 1600 ραγξ
2153 1527 2211 1581 δέ
2240 1528 2391 1582 ἐστιν
2433 1527 2662 1600 Ἀλῶνή
2689 1527 2848 1601 σὰρξ,
2876 1527 2955 1592 ὡς
2986 1528 3188 1599 χωρίον
3221 1526 3413 1581 παθῶν
3456 1528 3575 1581 ἀτι-

1990 1620 2127 1690 μίας
2172 1616 2264 1675 διά
2317 1621 2419 1693 τῆς
2470 1624 2758 1693 παρακοῆς
2815 1620 3086 1693 γενομένη
3115 1637 3130 1653 ο
3166 1621 3226 1673 ὲν
3260 1612 3577 1694 ᾖκαθάπερ

1993 1713 2240 1786 φάραγγι
2262 1713 2352 1769 διὰ
2380 1708 2542 1783 λόγου
2560 1714 2655 1767 καὶ
2683 1713 2940 1785 θεωρίας,
2973 1714 3084 1778 πᾶς
3115 1711 3350 1784 εὐσεϐὴς
3376 1712 3472 1766 καὶ
3495 1730 3577 1781 φι-

1991 1804 2176 1868 λόθεος
2224 1805 2501 1859 πατάσσει
2552 1805 2720 1875 φύσιν
2769 1806 2865 1861 καὶ
2897 1806 3091 1877 χρόνον
3118 1824 3132 1837 ν
3169 1806 3342 1877 ήγουν
3362 1804 3465 1878 τὴν
3486 1806 3575 1861 ἐπ’

1988 1897 2176 1961 αὐτοῖς
2231 1896 2331 1967 τῆς
2375 1896 2556 1968 ψυχῆς
2601 1897 2917 1968 παράλογον
2954 1896 3247 1969 πρόληψιν,
3309 1896 3577 1968 μηδαμῶς

1986 1989 2244 2060 ἐμμένων
2268 1988 2356 2042 διὰ
2390 1988 2450 2042 τὸ
2480 1987 2616 2059 ῦψος
2652 1989 2755 2059 τῆς
2783 1989 2991 2060 ἀρετῆς
3020 1988 3116 2043 καὶ
3164 1987 3263 2056 τῆς
3298 1986 3574 2057 γνώσεως,

2149 2082 2254 2135 ὑπὸ
2288 2080 2453 2150 φύσιν
2494 2080 2592 2135 καὶ
2643 2080 2833 2153 χρόνον
2861 2081 3067 2153 νόμοις.
3111 2080 3171 2135 '0
3212 2078 3324 2152 γὰρ
3368 2077 3579 2133 δώδεκα

1988 2169 2227 2243 ἀριθμὸς
2273 2169 2373 2245 τὴν
2422 2170 2583 2243 φύσιν
2632 2171 2787 2241 δηλοῖ
2827 2171 2927 2227 καὶ
2987 2171 3082 2225 τὸν
3138 2171 3334 2243 χρόνον
3364 2188 3378 2203 υ
3414 2169 3575 2240 εἴπερ

2005 2264 2305 2335 πενταδικὴ
2336 2264 2435 2336 μὲν
2463 2265 2498 2335 ἡ
2531 2263 2813 2335 φύσιςδιά
2843 2263 2944 2328 τὰς
2984 2263 3272 2334 αἰσθήσεις
3297 2275 3314 2293 ⁸
3343 2261 3579 2332 ἑϐδομα-

1988 2359 2141 2421 τικδς
2161 2357 2220 2412 δὲ
2239 2358 2454 2430 χρόνος,
2486 2357 2563 2423 ὡς
2593 2358 2731 2412 πᾶσι
2762 2357 3102 2428 καθέστηκεν
3129 2356 3378 2427 εὔδηλον.
3406 2357 3577 2410 Πέντε

1986 2450 2044 2503 δὲ
2077 2453 2192 2515 τοῖς
2224 2451 2367 2507 ἐτιτά
2401 2451 2648 2519 συνθεὶς,
2680 2450 2776 2507 τὸν
2799 2449 3008 2506 δώδεκα
3038 2448 3360 2522 πληρώσαις
3396 2448 3464 2503 ἂν
3484 2464 3579 2502 σα-

1989 2541 2105 2613 φῶς
2135 2543 2394 2615 ἀριθμόν.

2060 2722 2240 2794 Τυχὺν
2267 2722 2325 2776 δὲ
2365 2724 2461 2778 καὶ
2484 2723 2587 2795 τὴν
2615 2724 2815 2793 κακῶς
2849 2724 2916 2778 δι’
2942 2723 3162 2794 ἀπάτης
3201 2722 3355 2795 παρὰ
3414 2720 3579 2792 φύσιν

1988 2815 2415 2884 συμπλακεῖσαν
2456 2819 2523 2889 τῇ
2560 2818 2808 2889 τετριάδι
2838 2816 3103 2889 [τετράδι]
3142 2815 3255 2871 τῶν
3305 2815 3580 2886 αἰσθητῶν

1984 2907 2183 2978 τριάδα
2220 2907 2330 2960 τῶν
2357 2908 2647 2977 δυνάμεων
2680 2909 2780 2980 τῆς
2800 2910 2981 2980 ψυχῆς
3018 2908 3165 2964 κατά
3212 2908 3314 2981 τὴν
3366 2907 3577 2978 σχέσιν,

1985 3000 2056 3054 δι’
2084 2994 2155 3072 ἦς
2196 3001 2350 3055 πᾶσα
2377 3000 2626 3070 γίνεσθαι
2660 3002 2909 3071 πέφυκεν
2936 3002 3182 3073 ἁμαρτία
3204 3042 3222 3069 ,
3268 3002 3297 3053 ὁ
3327 2999 3438 3054 τῶν
3482 3000 3579 3054 ἀν-

288 3087 431 3143 clive
454 3088 664 3157 oritur;
719 3106 886 3161 quem
938 3092 1202 3161 praeclare
1240 3093 1366 3149 neci
1409 3093 1601 3162 tradit,
1646 3095 1745 3166 qui
1775 3095 1885 3165 spi-

1987 3094 2284 3167 ῃρημένων
2329 3094 2563 3167 ἀριθμὸς
2597 3096 2969 3168 ὑποσημαίνει
2994 3113 3010 3129 ο
3060 3095 3120 3150 δν
3187 3094 3579 3165 καταφονεύσει

287 3179 438 3235 ritali
491 3180 726 3245 Davidi,
762 3182 927 3253 337
959 3191 1183 3240 certans
1239 3201 1343 3255 pro
1403 3186 1667 3252 veritate,
1712 3203 1886 3257 opera

288 3267 562 3335 deseruit,
589 3269 975 3341 sapientiaque
1012 3286 1077 3327 ac
1106 3273 1329 3329 solertia
1366 3274 1669 3331 invisibilia
1693 3276 1888 3347 prelis

288 3360 613 3428 committit,
639 3377 706 3417 ac
728 3362 997 3420 adversus
1035 3365 1408 3435 aequissimas
1432 3376 1742 3438 potestates
1770 3369 1887 3440 spi-

289 3449 532 3515 ritaliter
564 3452 686 3509 acie
718 3452 992 3510 decernit.
1030 3455 1225 3514 Omnis
1248 3459 1401 3515 enim
1450 3460 1620 3516 animi
1657 3462 1888 3521 facultas

291 3542 690 3613 innaturaliter
744 3556 927 3613 mota,
980 3548 1071 3614 iis,
1108 3565 1232 3620 qua:
1261 3550 1319 3605 in
1366 3568 1597 3608 sensum
1636 3554 1883 3610 cadunt-

290 3636 409 3692 fere
442 3637 833 3709 complicatur.
875 3638 1018 3697 Cum
1054 3644 1244 3713 itaque
1281 3645 1446 3708 ratio,
1483 3646 1678 3718 iraque
1701 3656 1758 3703 et
1789 3663 1888 3705 eu-

289 3727 518 3800 piditas,
571 3739 688 3788 tres
713 3731 885 3787 animi
939 3735 1228 3804 generales
1275 3734 1594 3805 facultates,
1629 3739 1798 3796 rebus
1827 3741 1886 3798 in

289 3832 516 3875 sensum
549 3821 878 3877 cadentibus
901 3821 1046 3894 (qua:
1075 3823 1337 3882 videlicet
1362 3828 1734 3896 quaternarite
1754 3846 1890 3886 con-

290 3912 519 3989 sistunt)
570 3915 992 3982 succubuerint,
1047 3916 1461 3975 duodenarium
1495 3920 1744 3979 efﬁciunt
1778 3940 1886 3980 nu-

288 4019 534 4061 merum.
562 4005 815 4073 Quatuor
856 4008 1006 4064 enim
1040 4010 1087 4066 si
1121 4011 1303 4067 tribus
1347 4012 1647 4081 addideris,
1675 4030 1741 4072 ac
1780 4016 1885 4073 tria

288 4095 523 4167 adjectis
551 4107 793 4168 quatuor
826 4100 1076 4171 quinque
1095 4104 1502 4174 composueris,
1532 4106 1749 4165 huncce
1776 4124 1884 4165 nu-

289 4201 506 4242 merum
551 4190 950 4260 compleveris;
982 4207 1150 4261 quem
1185 4193 1474 4258 interﬁcit,
1522 4196 1616 4266 qui
1652 4196 1762 4252 ﬁde
1814 4198 1883 4255 ad

289 4278 587 4337 Dominum
618 4283 856 4348 accedit,
885 4291 1229 4354 strenueque
1277 4302 1343 4341 ac
1380 4286 1601 4343 fortiter
1617 4289 1887 4345 adversus

288 4390 513 4431 omnem
543 4375 1002 4447 inaspectabilem
1031 4377 1365 4448 hostemque
1397 4378 1658 4449 spiritum
1686 4383 1886 4453 praelia

289 4466 561 4529 decernit.

360 4559 439 4614 Ea
465 4557 651 4630 itaque
680 4559 878 4630 psalmi
908 4560 1077 4632 hujus
1111 4559 1405 4634 inscriptio
1427 4579 1493 4620 ac
1516 4564 1713 4622 titulus
1738 4577 1822 4624 est
1859 4586 1874 4623 :

289 4652 386 4708 His
418 4653 510 4725 qui
532 4653 978 4724 immutabuntur;
1003 4656 1167 4712 nobis
1188 4657 1403 4714 scilicet
1440 4675 1454 4712 :
1484 4660 1541 4714 in
1557 4661 1877 4731 doctrinam,

289 4758 492 4813 nempe
529 4758 725 4799 eorum
750 4745 1026 4801 honorum
1057 4763 1181 4818 qua:
1211 4749 1281 4804 ab
1312 4749 1547 4821 spiritali
1592 4752 1798 4811 Davide
1825 4755 1880 4811 in

290 4851 394 4893 nos
419 4847 830 4907 pervenerunt:
858 4839 921 4895 In
953 4840 1096 4897 tituli
1119 4843 1519 4915 inscriptionem
1542 4847 1645 4918 ipsi
1670 4834 1881 4915 David;

292 4927 400 4983 hoc
438 4937 558 4993 est,
595 4930 651 4986 in
700 4933 1039 5002 praeconium
1085 4949 1151 4990 ac
1200 4936 1634 4994 celebrationem
1683 4956 1878 4997 eorum

292 5038 416 5093 quae
454 5024 502 5079 is
551 5035 778 5097 propter
826 5011 926 5084 nos
952 5026 1142 5085 divina
1194 5045 1260 5086 ac
1307 5031 1569 5089 salutaria
1615 5036 1881 5105 praeclare

292 5112 483 5182 gessit.
519 5114 691 5170 Tituli
720 5116 871 5172 enim
903 5117 1217 5189 inscriptio,
1251 5134 1442 5176 rerum
1475 5124 1745 5193 praeclare
1780 5142 1878 5198 ge-

292 5212 504 5262 starum
531 5211 865 5278 praeconium
902 5227 969 5268 ac
1010 5213 1442 5272 celebrationem
1489 5216 1783 5291 signiﬁcat,
1819 5232 1881 5278 ut

1989 3187 2246 3252 καλῶς,ὁ
2286 3187 2366 3259 τῷ
2404 3187 2585 3259 νοητῷ
2626 3187 2795 3242 Δαὸὶδ
2840 3190 2899 3241 ὲν
2950 3190 3065 3252 τοῖς
3123 3187 3264 3263 ὑπὲρ
3319 3185 3577 3260 ἀληθείας

1987 3278 2198 3349 ἀγῶσιν
2229 3278 2548 3350 ὑπουργῶν,
2585 3280 2679 3333 καὶ
2705 3278 3028 3349 γνωστικῶς
3056 3279 3158 3343 τὰς
3177 3279 3448 3349 ἀοράτους
3473 3280 3579 3350 μά-

1988 3390 2094 3445 χας
2130 3374 2447 3438 συνάπτων,
2478 3372 2576 3429 καὶ
2628 3372 2772 3427 κατά
2820 3373 2938 3427 τῶν
2985 3372 3244 3444 πονηρῶν
3295 3372 3580 3444 δυνάμεων

1984 3463 2381 3534 πνευματικῶς
2414 3464 2923 3535 παραταττόμενος.
2959 3463 3120 3517 Πᾶσα
3145 3462 3256 3534 γὰρ
3282 3461 3459 3533 ψυχῆς
3489 3461 3583 3516 δύο·

1986 3573 2161 3628 ναμις
2211 3557 2365 3629 παρά
2394 3555 2562 3626 φύσιν
2594 3557 2895 3628 κινουμένη
2917 3595 2933 3621 ,
2965 3559 3079 3619 τοῖς
3113 3555 3396 3625 αἰσθητοῖς
3439 3573 3579 3627 συμ-

1988 3649 2292 3704 πλέκεσθαι
2348 3649 2617 3719 πέφυκεν.
2659 3648 2917 3704 Ἐπειδὰν
2963 3643 3058 3702 οὖν
3083 3648 3113 3701 δ
3141 3665 3200 3701 τε
3231 3648 3391 3715 λόγος
3431 3647 3529 3702 καὶ
3551 3649 3581 3701 ὁ

1986 3741 2158 3813 θυμὸς
2183 3743 2279 3796 καὶ
2298 3743 2331 3814 ὴ
2353 3740 2649 3813 ἐπιθυμία,
2679 3741 2831 3814 τρεῖς
2862 3738 2957 3795 τὸν
2984 3737 3222 3813 ἀριθμὸν
3246 3734 3406 3794 οὖσαι
3434 3754 3579 3809 γενι-

1988 3836 2088 3890 xa‘t
2123 3836 2225 3907 τῆς
2272 3835 2455 3906 ψυχῆς
2488 3824 2769 3905 δυνάμεις,
2801 3836 2917 3898 τοῖς
2952 3833 3236 3904 αἰσθητοῖς
3275 3831 3575 3905 ἡττηθῶσι,

1984 3929 2289 4001 τέσσαρσιν
2322 3924 2465 3993 οὖσι,
2499 3927 2593 3982 τὸν
2615 3925 2825 3981 δώδεκα
2853 3926 3092 3997 ἀριθμὸν
3122 3925 3401 3980 ἀποτελεῖ.
3436 3924 3577 3978 Τέσ-

1978 4039 2142 4095 σαρα
2168 4021 2279 4091 γὰρ
2319 4020 2415 4074 ἐπὶ
2434 4020 2586 4091 τρία,
2615 4020 2711 4074 καὶ
2742 4019 2868 4091 τρία
2884 4018 2980 4073 ἐπὶ
3005 4019 3251 4090 τέσσαρα
3276 4020 3390 4081 τοῖς
3416 4016 3579 4072 πέντε

1989 4115 2375 4188 συντιθέμενα,
2404 4114 2599 4170 τοῦτον
2655 4115 2859 4186 πληροῖ
2900 4114 2994 4169 τὺν
3026 4112 3261 4185 ἀριθμόν
3282 4126 3298 4146 ο
3333 4111 3395 4166 ὃν
3426 4111 3582 4165 ἀναι-

1984 4210 2095 4280 psi,
2128 4211 2157 4262 ὁ
2182 4207 2260 4279 τῷ
2282 4206 2475 4279 Κυρίῳ
2501 4206 2715 4271 πιστῶς
2751 4206 3114 4279 προσχωρῶν,
3141 4206 3239 4259 καὶ
3256 4203 3439 4268 καλῶς
3461 4205 3583 4276 ἀρι-

1988 4298 2198 4353 στεύων
2247 4298 2395 4355 κατά
2446 4299 2650 4362 παντὸς
2699 4298 2944 4367 ἀφανοῦς
2977 4296 3075 4352 καὶ
3106 4296 3371 4367 πολεμίου
3414 4295 3580 4351 πνεύ-

1990 4410 2183 4461 ματος.

2067 4572 2508 4644 Ἐπιγέτραπται
2534 4570 2669 4642 γοῦν
2695 4572 2725 4626 δ
2757 4571 2951 4645 παρὼν
2994 4571 3245 4645 ψαλμδς,
3296 4574 3425 4642 Τοῖς
3486 4575 3585 4647 μὲν

1986 4665 2599 4735 ἀλλοιωθησομένοις,
2661 4666 2814 4737 ἡμῖν,
2871 4668 2959 4733 εἰς
3024 4667 3303 4738 διδαχὴν,
3348 4668 3459 4722 τῶν
3506 4671 3584 4731 εἰς

1987 4760 2135 4830 ἡμᾶς
2167 4755 2321 4830 παρὰ
2340 4756 2436 4810 τοῦ
2462 4755 2659 4829 νοητοῦ
2683 4756 2847 4811 Δαϐἰδ
2869 4759 3180 4829 γενομένων
3200 4759 3450 4827 ἀγαθῶν·
3485 4761 3585 4824 Εἰς

1986 4850 2450 4920 στηλογραφίαν
2472 4848 2532 4902 δὲ
2570 4849 2655 4915 τῷ
2684 4850 2886 4913 Δαὸἰδ,
2909 4851 3191 4905 τουτέστιν
3233 4853 3316 4917 εἰς
3342 4853 3586 4923 avaram-

1989 4960 2075 4998 σιν
2093 4944 2204 4997 τῶν
2223 4942 2361 5015 ὑπὲρ
2384 4941 2416 5013 ἡ
2424 4941 2540 5011 μῶν
2575 4940 2740 4996 αὐτοῦ
2768 4942 2929 4997 θείων
2950 4943 3046 4998 καὶ
3078 4943 3362 5016 σωτηρίων
3383 4962 3586 5017 κατορ-

1988 5036 2281 5108 θωμάτων.
2324 5036 2653 5109 ’Δνάῥρησιν
2691 5036 2803 5109 γὰρ
2831 5035 3271 5108 κατορθωμάτων
3303 5038 3338 5109 ἡ
3393 5039 3585 5109 στηλο-

1982 5129 2210 5202 γραφία
2244 5130 2417 5203 δηλοῖ,
2451 5128 2598 5207 κατά
2618 5129 2749 5194 τοὺς
2776 5130 3146 5203 ἐπιστήμονας
3193 5129 3301 5185 τῶν
3329 5130 3584 5188 τοιούτων

1986 5223 2271 5296 ὀνομάτων
2294 5220 2591 5296 ἐξηγητάς.

291 5297 546 5356 sentiunt
587 5301 682 5370 qui
714 5302 992 5373 ejusmodi
1019 5306 1311 5362 nominum
1353 5307 1467 5362 vim
1506 5312 1761 5382 apprime
1786 5328 2023 5376 norunt.

358 5390 523 5447 Vens.
546 5391 603 5449 5.
626 5392 800 5461 ~Deus,
825 5395 1066 5467 repulisti
1090 5415 1184 5454 nos
1208 5409 1261 5455 et
1279 5401 1585 5458 destruxisti
1610 5419 1704 5460 nos
1724 5424 1745 5474 ;
1766 5409 1884 5464 ira-

295 5495 380 5539 tus
412 5500 487 5553 es,
515 5494 567 5541 et
587 5488 831 5546 misertus
854 5508 907 5547 es
937 5491 1104 5546 nobis.

369 5640 926 5726 (εὶῃᾼύωγλσχύν.
960 5649 1173 5726 Nempe
1227 5653 1365 5726 legit
1419 5653 1723 5723 Maximus,
1780 5673 1880 5715 seu

296 5717 393 5837 qui
430 5714 508 5769 illi
530 5716 747 5786 punivit
777 5714 1192 5793 etymologistes
1223 5714 1460 5792 ἾῆΠΊΠ,
1493 5728 1649 5797 quasi
1684 5714 1722 5783 θ’
1744 5714 1841 5788 πή
1866 5770 1882 5797 ,

326 5786 608 5839 anauidus.
644 5789 834 5839 sicmm
874 5791 1156 5839 scribitur-
1194 5795 1238 5839 ll
1271 5797 1403 5839 ῐιρσ.
1441 5815 1568 5839 νιιι·
1605 5800 1751 5839 Μςίι
1786 5801 1882 5839 υς.-

326 5791 608 5856 anguidus,
644 5791 849 5860 sicque
874 5791 1159 5862 scribitur,
1194 5795 1239 5851 II
1271 5797 1406 5867 Reg.
1441 5791 1570 5865 vui;
1605 5800 1753 5856 etsi!
1785 5791 1886 5856 Pa;

2077 5410 2133 5463 Ὀ
2191 5408 2360 5474 Θεὸς,
2387 5404 2613 5463 ἀπώσω
2676 5406 2857 5477 ἡμᾶς,
2914 5407 3016 5462 καί
3068 5407 3346 5476 καθεῖλες
3382 5406 3541 5479 ἡμᾶς
3567 5423 3583 5439 ο

1996 5501 2318 5574 ὠργίσθης,
2349 5500 2448 5555 καὶ
2475 5500 2843 5571 ᾡκτείρησας
2871 5497 3052 5572 ἡμᾶς.

1991 5658 2093 5714 ral.
2123 5674 2274 5719 xvnt,
2303 5664 2389 5713 est
2411 5669 2445 5716 ἰ
2470 5659 2595 5729 loco
2621 5673 2662 5717 ’π
2693 5675 2794 5729 pro
2828 5657 2991 5714 tertia
3017 5657 3228 5714 littera;
3254 5658 3436 5716 Possit
3473 5669 3528 5717 et
3554 5677 3582 5715 ιι

1990 5740 2086 5788 'm
2120 5730 2351 5805 amicum
2378 5728 2663 5805 amittunt.
2684 5728 2896 5798 Auctor
2922 5730 3308 5805 explicationis
3332 5735 3589 5805 propriu—

1996 5816 2117 5856 rum
2151 5800 2437 5855 nominum
2474 5798 2832 5864 Biblicorum,
2861 5815 2960 5871 per
2979 5798 3019 5859 ἡ
3042 5810 3097 5857 ct
3121 5813 3160 5863 Π
3184 5798 3335 5873 legit.
