4070 6430
384 278 510 342 .881

1492 284 1894 345 EXPUSITIO
1935 291 2012 346 1N
2053 286 2296 346 PSAle
2312 292 2419 348 Lini
2459 290 2610 350 LIX.

3571 293 3700 354 862³.Δ

484 383 781 442 Ἀπὼσατο
809 390 957 459 ἡμᾶς
988 394 1016 444 ό
1045 390 1198 456 Θεδς,
1227 393 1357 446 ὅταν
1396 395 1468 465 μὴ
1499 396 1836 464 φυλάξαντες
1867 398 1986 450 κατ’

2160 397 2388 468 Repulit
2419 415 2520 454 nos
2551 401 2718 466 Deus,
2763 417 2889 457 cum
2918 405 3030 474 jam
3067 405 3226 459 initio
3257 420 3362 459 non
3407 406 3678 460 servando

410 481 585 550 ἀρχάς
600 481 697 552 τὴν
726 483 964 554 ἐντολὴν,
992 486 1200 551 ἀνάξιοι
1223 489 1502 559 ἐφάνημεν
1524 493 1621 560 τῆς
1644 491 1787 544 κατὰ
1816 491 1994 562 πρόσ-

409 592 558 627 ωπον
615 575 783 628 αὑτοῦ
839 578 1076 645 ὁμιλίας.
1110 581 1371 634 Καθείλεν
1435 584 1582 652 ἡμᾶς
1612 625 1625 645 ,
1776 583 1845 636 ἂν
1899 583 1994 636 τοῦ

413 665 584 736 ὕψους
617 669 717 738 τῆς
748 671 806 722 ὲν
853 669 931 740 τῷ
965 672 1283 742 παραδείσῳ
1320 673 1500 743 δόξης.
1544 673 1631 726 διὰ
1687 675 1786 744 τὴν
1839 673 1997 743 ἡμῶν

415 759 615 812 κακίαν
657 759 1002 826 ἁπεξένωσεν
1040 778 1054 793 ⁸
1097 763 1366 835 ὠργίσθη,
1393 765 1468 817 ὅτ’
1497 763 1563 817 ἂν
1609 766 1703 817 ἐπὶ
1757 765 1998 836 τιμωρίᾳ

416 852 512 904 καὶ
541 851 762 904 κολάσει
792 852 891 921 τῆς
921 852 1139 916 κακίας,
1189 854 1265 924 τῷ
1311 855 1403 908 τοῦ
1453 855 1684 909 θανάτου
1737 856 2001 926 ἐπιτιμίῳ

416 944 567 1014 ἡμᾶς
619 943 1001 998 καθυπέὅαλεν
1032 961 1047 974 ·
1102 945 1440 1017 ᾠκτείρησεν
1476 949 1658 1016 ἡμᾶς,
1692 947 1768 1000 ὅτ’
1799 947 1867 1000 ἂν
1912 947 2000 1000 διὰ

417 1035 514 1089 τοῦ
557 1034 879 1106 μονογενοῦς
913 1037 1078 1089 αὑτοῦ
1123 1036 1254 1090 Υίοῦ
1286 1037 1424 1091 Θεοῦ
1465 1039 1642 1107 Λόγου
1690 1038 2000 1108 σαρκωθέν-

418 1145 532 1193 τος,
566 1127 659 1180 καὶ
694 1127 792 1198 τὴν
825 1128 966 1199 ὑπὲρ
1001 1129 1218 1182 πάντων
1248 1129 1404 1200 ἡμῶν
1450 1131 1674 1202 ὀφειλὴν
1705 1131 2003 1196 καταδεξα-

426 1215 612 1288 μένου.
650 1216 998 1287 ὲλυτρώσατο
1034 1221 1180 1290 ἡμᾶς
1213 1221 1306 1273 τοῦ
1335 1220 1592 1290 θανάτου,
1633 1221 1728 1276 καὶ
1773 1224 1851 1286 εἰς
1903 1221 2002 1293 τὴν

424 1307 618 1363 ἑαυτοῦ
651 1307 806 1373 δόξαν
835 1310 996 1362 πάλιν
1033 1311 1403 1382 ἐπανήγαγεν.

495 1400 868 1467 Συνέσεισας
889 1402 1007 1469 τὴν
1039 1401 1154 1472 γῆν
1199 1405 1299 1457 καὶ
1326 1404 1743 1473 συνετάραξας
1785 1406 2000 1475 αὺτῄνο

428 1491 596 1547 ἴασαι
621 1495 691 1546 τὰ
713 1495 1128 1564 συντρίμματα
1152 1495 1363 1565 αὐτῆς,
1396 1497 1484 1551 ὅτι
1513 1498 1842 1566 ἐσαλεύθη.

497 1584 815 1637 Συνέσεισεν
831 1584 985 1654 ἡμῶν
1007 1585 1098 1657 τὴν
1118 1589 1222 1657 γῆν
1239 1589 1332 1640 καὶ
1356 1589 1706 1660 συνετάραξε,
1733 1590 2001 1654 τουτέστι,

427 1674 528 1746 τὴν
558 1675 808 1744 καρδίαν,
839 1677 963 1740 δοὺς
984 1679 1115 1747 ἡμῖν
1138 1679 1236 1749 τὴν
1263 1679 1539 1750 μάχαιραν
1561 1680 1654 1732 τοῦ
1673 1679 2003 1751 πνεύματος,

2097 490 2373 556 mandata,
2401 491 2506 545 visi
2553 506 2743 547 sumus
2779 494 2990 565 indigni
3015 497 3108 566 qui
3142 499 3263 567 ejus
3294 513 3477 552 coram
3512 497 3694 551 collo--

2097 583 2228 651 quio
2257 581 2569 636 frueremur
2601 600 2615 637 :
2653 583 2930 639 destruxit
2959 602 3082 653 nos,
3106 605 3230 642 cum
3273 605 3302 643 a
3343 591 3488 643 celsa
3516 605 3677 658 para-

2098 673 2202 728 disi
2230 673 2424 742 gloria,
2450 674 2522 728 ob
2550 683 2798 730 nostram
2831 677 3096 731 malitiam
3125 719 3139 742 ,
3191 680 3427 734 extrusit
3459 698 3470 731 :
3503 681 3678 733 iratus

2097 775 2202 828 est,
2236 781 2360 820 cum
2392 767 2619 821 sceleris
2646 769 2822 822 nostri
2862 783 2926 823 ac
2962 770 3184 824 malitiae
3218 770 3441 834 vindex,
3477 772 3678 827 mortis

2099 876 2200 915 nos
2240 875 2416 929 poenae
2449 859 2663 914 addixit
2698 879 2713 915 :
2764 860 3027 916 misertus
3069 868 3154 914 est
3178 861 3374 925 nostri,
3410 877 3533 915 eum
3581 877 3680 930 per

2100 951 2444 1021 unigenitum
2482 949 2680 1005 Filium
2723 966 2901 1005 .suum
2950 951 3122 1005 Deum
3159 950 3402 1004 Verbum
3429 951 3682 1004 incarna-

2101 1053 2238 1109 tum,
2284 1051 2342 1098 et
2392 1043 2487 1113 qui
2535 1051 2786 1098 nostrum
2815 1043 2872 1098 in
2906 1058 2963 1097 se
3019 1042 3271 1098 debitum
3306 1042 3601 1111 receperit,
3653 1056 3683 1093 a

2101 1146 2278 1192 morte
2310 1151 2413 1191 nos
2447 1135 2702 1202 redemit,
2726 1143 2896 1206 atque
2927 1137 2980 1191 in
3014 1151 3170 1190 suam
3216 1135 3444 1206 gloriam
3493 1148 3684 1187 rursus

2102 1227 2403 1283 revocavit.

2173 1402 2338 1457 Vens.
2385 1403 2437 1456 4.
2475 1400 2811 1456 Commovisti
2859 1407 3060 1453 terram
3085 1407 3134 1451 et
3157 1397 3482 1451 conturbasti
3523 1412 3684 1461 eam;

2103 1511 2238 1549 sana
2271 1494 2607 1548 contritiones
2629 1493 2764 1563 ejus,
2797 1492 2922 1561 quia
2949 1500 3207 1544 commota
3237 1499 3330 1544 est.
3489 1560 3499 1569 ἴ

2176 1583 2486 1640 Commovit
2537 1591 2742 1637 terram
2776 1588 3023 1636 nostram
3058 1597 3122 1636 ac
3180 1579 3534 1635 conturbavit
3569 1576 3686 1649 (cor

2108 1674 2360 1744 scilicet),
2389 1673 2570 1728 dando
2589 1673 2748 1728 nobis
2765 1673 3007 1743 gladium
3035 1671 3263 1740 spiritus
3287 1671 3328 1734 ⁸,
3352 1671 3445 1740 qui
3470 1670 3522 1724 id
3540 1671 3687 1739 quod

427 1767 531 1839 τὴν
559 1767 621 1819 τὸ
650 1768 832 1837 χεῖρον
856 1766 951 1820 τοῦ
982 1768 1294 1839 κρείττονος
1349 1771 1668 1838 γνωστικῶς
1707 1772 2007 1843 διακρίνου-

2113 1737 2356 1821 deterius
2382 1781 2446 1819 ac
2467 1764 2589 1819 vitii
2625 1775 2732 1828 est,
2763 1737 2832 1817 ab
2860 1778 2926 1817 eo
2953 1737 3102 1832 quod
3137 1737 3490 1832 przestantius
3520 1737 3686 1830 atque

430 1876 553 1923 σαν,
585 1859 796 1913 καὶτὸν
835 1860 999 1929 νόμον
1043 1860 1140 1913 τοῦ
1193 1861 1503 1932 πνεύματος
1532 1864 1674 1917 κατὰ
1708 1863 1802 1916 τοῦ
1837 1864 2005 1934 νόμου

427 1952 528 2022 τῆς
558 1952 760 2021 σαρκὸς
783 1952 1110 2023 ἐγείρουσαν
1136 1970 1151 1984 ·
1177 1953 1272 2006 καὶ
1330 1954 1422 2007 τὸν
1453 1957 1595 2009 κατὰ
1652 1955 1762 2010 τῶν
1814 1956 2006 2009 παθῶν

430 2041 714 2094 ἐπαινετὸν
745 2040 979 2110 πόλεμον
1010 2043 1068 2092 ὲν
1092 2043 1224 2111 ἡμῖν
1250 2042 1694 2114 δημιουργοῦσαν
1728 2063 1741 2076 ·
1785 2047 1879 2099 καὶ
1903 2045 2002 2116 τὴν

430 2132 492 2183 ὲν
518 2132 648 2202 ἡμῖν
675 2130 784 2184 τῶν
813 2131 1002 2185 παθῶν
1027 2133 1305 2204 συνέχειαν
1337 2137 1713 2200 συσσείουσαν,
1741 2137 1834 2189 καὶ
1877 2155 2006 2188 συν-

430 2220 812 2291 ταράσσουσαν
847 2222 939 2275 ἐπὶ
969 2223 1090 2286 ταῖς
1127 2223 1269 2275 κατὰ
1303 2225 1578 2296 πρόληψιν
1609 2227 1834 2290 ἀτόποις
1872 2230 2006 2298 μνή-

433 2327 566 2381 μαις
593 2311 692 2382 τὴν
723 2312 1050 2382 συνείδησιν.
1098 2313 1262 2365 ’ἰᾶται
1291 2314 1348 2367 δὲ
1379 2316 1444 2368 τὰ
1498 2317 1880 2387 συντρίμματα
1905 2316 2011 2385 τῆς

430 2404 589 2474 ήμῶν
611 2403 858 2474 καρδίας,
899 2403 1044 2474 ἅπερ
1077 2405 1401 2460 σαλευθεῖσά
1444 2424 1504 2460 τε
1539 2409 1633 2461 καὶ
1676 2409 2008 2478 ὀλισθήσασα

428 2492 522 2547 διὰ
543 2495 641 2565 τῆς
673 2493 962 2566 παρακοῆς
982 2495 1264 2566 καταρχὰς
1286 2497 1349 2549 ἐκ
1374 2499 1474 2567 τῆς
1500 2498 1558 2551 ὲν
1587 2497 1664 2568 τῷ
1695 2499 2009 2570 παραδείσῳ

432 2585 820 2658 παραϐάσεως,
851 2587 1140 2658 ὑπέμεινε,
1169 2590 1258 2644 διὰ
1283 2590 1385 2660 τῆς
1415 2592 1472 2643 ὲν
1500 2591 1684 2662 χάριτι
1705 2605 2009 2660 πνευματι-

432 2677 536 2749 κῆς
551 2677 821 2748 ἀναγεννή
829 2694 988 2741 σεως.

509 2861 787 2928 Ἕδειξας
808 2859 888 2925 τῷ
926 2859 1056 2926 ,λαῷ
1087 2876 1203 2915 σου
1229 2861 1472 2930 σκληρά
1497 2875 1512 2894 ο
1545 2827 1836 2927 ἐπότισαςή
1853 2861 2014 2930 ἡμᾶς

433 2947 605 3008 οἶνον
627 2952 1028 3018 κατανύξεως.
1063 2951 1334 3017 Ἔδωκας
1365 2952 1488 3017 τοῖς
1514 2953 1910 3021 φοϐουμένοις
1931 2968 2010 3006 σε

2105 1857 2324 1912 virtutis
2349 1857 2626 1922 sapienter
2650 1856 2947 1924 dispescat,
2995 1855 3283 1923 legemque
3330 1853 3562 1923 spiritus
3587 1853 3686 1906 ad-

2106 1965 2301 2004 versus
2323 1950 2498 2020 legem
2526 1947 2710 2003 carnis
2730 1945 3050 2009 exsuscitet,
3080 1960 3144 1999 ac
3175 1945 3400 2016 dignum
3425 1944 3588 1998 laude
3632 1943 3685 1996 in

2107 2042 2270 2096 nobis
2297 2041 2562 2094 adversus
2582 2038 2717 2092 vitia
2745 2051 2809 2093 ac
2841 2038 3290 2107 perturbationes
3318 2037 3525 2091 bellum
3560 2051 3687 2089 con—

2107 2133 2233 2198 ﬂet;
2266 2133 2717 2200 cohzerentesque
2762 2130 3030 2201 ejusmodi
3065 2131 3298 2185 aﬂ‘ectus
3333 2145 3397 2184 ac
3429 2129 3687 2183 libidines

2107 2224 2272 2294 338
2305 2221 2605 2285 concutiat,
2633 2236 2737 2285 nec
2779 2237 2889 2274 non
2915 2221 3336 2285 conscientiam,
3373 2235 3475 2290 pro
3524 2234 3690 2273 oceu-

2107 2324 2233 2384 pata
2258 2313 2538 2383 opinione,
2564 2311 2929 2367 absurdarum
2973 2327 3038 2365 ac
3084 2311 3434 2382 impurarum
3478 2324 3689 2363 memo-

2108 2421 2224 2462 rem
2259 2405 2677 2476 cogitationum,
2707 2403 3022 2458 conturbet.
3055 2402 3224 2458 Sauat
3245 2410 3427 2459 autem
3453 2418 3550 2473 per
3581 2401 3690 2470 spi-

2108 2497 2347 2562 ritalem,
2371 2496 2548 2568 gratia
2580 2503 2830 2559 auctore,
2860 2496 3364 2566 regenerationem,
3407 2493 3693 2550 contritio-

2108 2599 2208 2642 nes
2254 2586 2438 2640 cordis
2481 2584 2678 2650 nostri,
2715 2600 2854 2654 quas
2889 2585 3003 2656 jam
3038 2584 3220 2650 initio,
3249 2601 3348 2656 per
3369 2583 3691 2639 inobedicn»

2111 2677 2242 2732 tiam
2269 2687 2535 2742 emotum,
2583 2677 2826 2732 mandati
2855 2678 2910 2730 in
2939 2676 3197 2747 paradiso
3233 2674 3689 2747 transgressione,

2109 2768 2393 2823 sustinuit.

2180 2860 2342 2915 Vens.
2375 2861 2488 2915 5-7.
2530 2845 2829 2916 Οετεηιίὶεῑῖ
2847 2857 3039 2929 populo
3068 2866 3156 2914 tuo
3183 2859 3351 2926 dura;
3383 2861 3578 2931 potasti
3600 2877 3691 2913 nos

2110 2955 2230 3009 vino
2252 2955 2685 3025 compunctionis.
2724 2948 2926 3006 Dedisti
2955 2953 3300 3008 metuentibus
3347 2961 3396 3006 te
3427 2951 3695 3024 signiﬁca-

406 3044 784 3114 ,a'mwtww,
823 3041 931 3096 τοῦ
985 3041 1197 3111 φυγεῖν·
1243 3039 1362 3095 ἀπὸ
1421 3041 1745 3108 προσώπου
1787 3042 1968 3106 τόξου
1993 3055 2010 3070 ·

2119 3048 2333 3111 tionem,
2363 3057 2420 3101 ut
2441 3047 2651 3118 fugiant
2670 3064 2704 3099 a
2729 3043 2863 3115 facie
2888 3060 3076 3111 arcus;
3099 3054 3157 3099 ut
3184 3045 3469 3099 liberentur
3498 3045 3696 3098 charis-

434 3137 596 3204 ὅπως
617 3135 700 3194 ἂν
722 3132 1040 3204 ρυσθῶσιν
1062 3135 1117 3189 οἱ
1143 3133 1440 3204 ἀγαπητοί
1463 3147 1602 3189 σου.

506 3227 754 3285 Δεικνύει
781 3225 996 3298 σκληρὰ
1034 3227 1149 3288 τοῖς
1187 3222 1547 3294 φοϐουμένοις
1594 3222 1758 3277 αὐτὸν
1790 3224 1879 3277 διὰ
1907 3225 2019 3278 τῶν

435 3320 665 3377 ιντολῶν
688 3319 718 3373 ό
748 3318 904 3384 Θεδς,
933 3315 1075 3370 κατὰ
1123 3315 1223 3386 τὴν
1281 3313 1593 3386 πρακτικὴν
1651 3315 1974 3384 φιλοσοφίαν
1997 3333 2013 3350 ο

436 3414 565 3478 τοὺς
592 3412 830 3484 τρόπους
859 3410 959 3479 τῆς
997 3408 1092 3462 τοῦ
1129 3407 1382 3478 σώματος
1419 3406 1743 3478 νεκρώσεως
1771 3408 2020 3462 ὑποτιθέ-

445 3504 605 3578 μενος
637 3521 653 3535 ·
683 3505 717 3576 ἢ
751 3502 1080 3566 τούναντίον,
1100 3501 1189 3556 διὰ
1210 3501 1308 3572 τῆς
1342 3499 1600 3568 ποικίλης
1627 3499 1887 3570 προνοίας
1923 3499 2018 3553 καὶ

438 3599 690 3667 κρίσεως,
720 3593 1116 3670 φιλανθρώπως
1139 3591 1277 3663 πρὸς
1305 3591 1368 3643 τὺ
1411 3590 1693 3660 συμφέρον
1749 3590 2022 3644 παιδεύων

450 3695 618 3764 ἡμᾶς,
648 3695 767 3756 τοὺς
799 3695 876 3764 μὴ
905 3683 1049 3746 κατὰ
1069 3683 1289 3755 θέλησιν
1323 3682 1688 3758 ἀνεχομένους
1740 3681 1833 3740 τὸν
1877 3682 2019 3738 θεῖον

449 3785 610 3853 ζυγὸν
642 3785 893 3837 ὑπελθεῖν
935 3781 1030 3836 τοῦ
1066 3782 1232 3852 νόμου
1267 3780 1377 3834 τῶν
1425 3777 1677 3832 ἐντολῶν.
1719 3777 1936 3842 Ποτίζει
1961 3777 2022 3830 δὲ

442 3873 581 3932 οἶνον
605 3875 974 3941 κατανύξεως,
1015 3875 1183 3945 ἤγουν
1216 3871 1314 3943 τὴν
1369 3870 1644 3942 ἑπομένην
1676 3873 1741 3942 τῇ
1783 3870 1872 3924 διὰ
1921 3869 2024 3940 τῆς

442 3971 756 4042 πρακτικῆς
781 3967 1048 4038 καθάρσει
1076 3967 1218 4019 κατὰ
1246 3965 1342 4034 τὴν
1373 3962 1757 4033 πνευματικὴν
1785 3959 2024 4032 θεωρίαν

441 4061 801 4134 χαριζόμενος
839 4059 1041 4129 γνῶσιν
1069 4074 1084 4089 ο
1120 4057 1275 4111 πᾶσα
1312 4055 1421 4127 γὰρ
1447 4053 1653 4123 γνῶσις
1677 4050 2024 4122 πνευματικὴ

2119 3139 2246 3192 simi
2272 3141 2366 3192 tui.

2185 3229 2439 3286 Ostendit
2471 3232 2618 3289 Deus
2665 3233 2778 3302 his,
2810 3238 2902 3308 qui
2940 3236 3120 3307 ipsum
3167 3236 3445 3296 metuunt,
3471 3227 3696 3283 manda—

2116 3325 2300 3376 torum
2338 3322 2553 3376 ratione
2580 3315 2742 3389 dura,
2771 3338 2872 3395 per
2901 3337 3021 3380 eam
3041 3317 3406 3392 philosophiae
3438 3324 3649 3386 partem
3682 3355 3695 3374 .

2115 3426 2239 3484 quas
2266 3414 2540 3470 actionem
2590 3415 2743 3483 colit,
2790 3415 3040 3488 corporis
3084 3409 3456 3467 mortiﬁeandi
3507 3406 3698 3462 modos

2117 3503 2453 3560 documento
2499 3507 2760 3574 tradens;
2791 3508 2877 3562 vel
2911 3523 2942 3562 e
2970 3513 3182 3568 contra,
3226 3500 3596 3574 providentiae
3637 3514 3697 3552 ac

2113 3596 2308 3669 judicii
2332 3598 2501 3652 variis
2518 3600 2829 3656 rationibus
2851 3617 2951 3671 per
2975 3611 3246 3655 summam
3278 3593 3696 3665 benignitatem,

2119 3688 2265 3747 adid
2287 3689 2434 3762 quod
2476 3688 2773 3761 conducat,
2824 3707 2926 3752 nos
2958 3691 3242 3756 erudiens,
3302 3686 3398 3760 qui
3450 3684 3699 3742 divinum

2119 3785 2258 3856 legis
2284 3785 2665 3842 mandatorum
2704 3790 2917 3859 iugum,
2948 3785 3054 3858 ipsi
3098 3791 3296 3854 sponte
3329 3795 3396 3836 ae
3420 3779 3706 3833 voluntate

2121 3876 2265 3932 ferre
2293 3892 2631 3933 recusamus.
2660 3878 2819 3934 Potat
2839 3887 3025 3934 autem
3052 3891 3152 3931 nos
3170 3875 3304 3929 vino
3323 3869 3701 3940 compunctio-

2119 3967 2208 4022 nis
2251 3983 2265 4020 :
2300 3966 2435 4022 dum
2464 3968 2680 4024 scilicet
2711 3985 2855 4034 eam,
2887 3984 3010 4040 quae
3033 3966 3267 4023 actionis
3301 3964 3455 4019 cultu
3493 3969 3699 4031 partam

2122 4057 2373 4128 sequitur
2425 4061 2911 4126 emundationem,
2970 4057 3205 4130 spiritali
3241 4053 3701 4124 contemplatione

441 4154 785 4210 κατανύσσει
838 4152 937 4224 τὴν
979 4151 1227 4222 καρδίαν,
1263 4150 1342 4214 εἰς
1403 4146 1761 4218 συναίσθησιν
1814 4145 2013 4214 ἄγουσα

2122 4149 2356 4220 largitur
2371 4149 2679 4207 scientiam.
2709 4149 2902 4206 Omnis
2925 4149 3073 4204 enim
3108 4147 3361 4210 scientia,
3387 4143 3703 4199 divinorum.

439 4247 539 4308 τοῦ
564 4247 828 4320 μεγέθους
847 4246 956 4299 τῶν
985 4244 1070 4315 ιφ’
1105 4245 1237 4315 ἡμῖν
1263 4242 1426 4298 θείων
1454 4239 1809 4312 εὐεργεσιῶν.

2125 4240 2182 4295 in
2203 4256 2307 4296 nos
2334 4240 2729 4297 beneﬁciorum
2762 4241 3159 4313 magnitudinis
3176 4253 3402 4294 sensum
3420 4237 3700 4306 ingerens,

2126 4329 2374 4384 animum
2397 4329 2738 4400 eompungit.

516 4426 711 4479 Δίδωσι
738 4424 796 4478 δὲ
821 4425 935 4488 τοῖς
965 4421 1328 4492 φοϐουμένοις
1370 4419 1536 4474 αὐτὸν
1568 4417 1891 4489 σημείωσιν,
1925 4417 2013 4471 τοῦ

2197 4419 2298 4475 Dat
2316 4427 2500 4475 autem
2525 4420 2610 4475 bis
2637 4420 2731 4490 qui
2748 4419 2926 4489 ipsum
2949 4424 3205 4473 metuunt
3224 4414 3705 4488 signiﬁcationem,

443 4520 634 4597 φυγεῖν
664 4517 772 4570 ἀπὸ
795 4514 1092 4586 προσώπου
1130 4498 1284 4578 τόξου
1313 4528 1327 4543 ο
1353 4511 1455 4582 τὴν
1481 4511 1751 4582 νέκρωσιν
1777 4509 1874 4564 τοῦ
1915 4511 2022 4581 ’1η-

445 4605 542 4660 σοῦ
575 4624 588 4636 ·
621 4607 680 4659 ὲν
703 4603 778 4675 τῷ
806 4603 1018 4676 σώματι
1043 4601 1362 4674 περιφέρειν
1382 4597 1653 4652 διδάσκων
1675 4597 1802 4661 τοὺς
1827 4597 2023 4665 φοϐου-

447 4699 646 4772 μένους
679 4697 841 4752 αὐτόν
868 4713 882 4728 ο
909 4694 1034 4750 καθ’
1066 4696 1132 4765 ἢν
1166 4695 1200 4764 ή
1265 4691 1534 4763 παντελὴς
1586 4689 1688 4760 τῆς
1744 4688 2023 4759 ἁμαρτίας

443 4790 690 4862 ἀπραξία
755 4785 1404 4859 συνέστηκε.Σημείωσις
1463 4782 1573 4854 γάρ
1623 4781 2026 4854 ἀληθὴς,ήδιὰ

446 4881 683 4953 σταυροῦ
713 4880 984 4949 νεκροῢσα
1011 4879 1070 4934 τὸ
1095 4879 1351 4949 φρόνημα
1384 4877 1484 4948 τῆς
1519 4875 1719 4946 σαρκὸς
1748 4874 2022 4944 καθέστη-

445 4992 512 5029 κε
536 4973 782 5045 δύναμις.
808 4971 966 5041 Πρὸς
991 4970 1057 5024 τὸ
1091 4967 1304 5041 φυγεῖν
1323 4967 1440 5024 ἀπὸ
1468 4967 1795 5036 προσώπου
1821 4965 2022 5030 τόξου·

447 5065 750 5130 τουτέστιν,
796 5064 904 5118 ἀπὸ
931 5063 1033 5133 τῆς
1062 5060 1471 5132 ἐμφαινομένης
1497 5061 1609 5124 τοῖς
1627 5053 1779 5113 οὖσιν
1806 5060 2023 5130 ἀπατης

447 5159 547 5230 λῆς
566 5156 907 5226 ἐπιφανείας.
937 5153 1235 5225 Πρόσωπον
1265 5152 1372 5222 γάρ
1395 5150 1573 5215 τόξου,
1607 5150 1750 5222 φημὶ
1785 5149 1843 5220 δὲ
1888 5151 2019 5204 ἑκά-

453 5266 580 5303 στου
601 5246 986 5318 δαιμονιώδους
1007 5243 1234 5307 πάθους,
1261 5244 1294 5313 ἡ
1317 5243 1414 5312 τὴν
1432 5243 1682 5312 αἰσθησιν
1705 5241 2027 5314 ὲρεθίζουσα

359 5388 364 5391 .
451 5340 559 5394 τῶν
625 5338 892 5408 σωμάτων
946 5335 1096 5389 ἐστὶν
1159 5334 1469 5402 ἐπιφάνεια,
1493 5333 1744 5404 καθάπερ
1786 5333 1910 5395 ἁκὶς
1935 5332 2026 5402 βέ-

443 5435 576 5496 λους
603 5431 702 5502 τὴν
732 5428 986 5499 αἴσθησιν
1012 5425 1411 5497 τιτρώσκουσα,
1446 5425 1540 5478 καὶ
1571 5425 1706 5496 πρὸς
1753 5423 1823 5478 τά
1877 5425 2026 5496 πάθη

453 5523 555 5596 τὴν
578 5521 756 5593 ψυχὴν
783 5520 1048 5592 ἀπρεπῶς
1067 5515 1458 5588 διερεθίζουσα.
1496 5516 1696 5587 Διόπερ
1725 5515 1834 5572 ἀπὸ
1857 5533 2026 5588 προσ-

528 5713 549 5756 ³
576 5712 741 5777 llebr.
772 5729 841 5781 tv,
877 5712 963 5770 12.
1039 5711 1059 5742 ⁸
1089 5711 1131 5766 ll
1163 5710 1287 5763 Cor.
1320 5725 1390 5775 ιν,
1420 5708 1485 5764 10

2129 4519 2190 4567 ut
2223 4511 2434 4582 fugiant
2459 4527 2489 4566 a
2520 4511 2658 4567 facie
2692 4526 2875 4576 arcus,
2927 4511 3138 4565 docens
3176 4524 3274 4565 eos
3303 4515 3366 4562 ut
3403 4503 3704 4561 mortiﬁca-

2127 4603 2335 4659 tionem
2367 4603 2492 4659 Jcsu
2549 4604 2604 4658 in
2656 4619 2888 4674 corpore
2942 4619 3046 4659 suo
3083 4599 3550 4662 circumferant‘,
3600 4612 3707 4668 qua

2125 4703 2413 4765 peccatum
2470 4695 2697 4750 omnino
2744 4695 2910 4750 otiari
2968 4702 3134 4764 atque
3182 4708 3377 4748 vacare
3414 4689 3705 4759 contingit.

2127 4788 2268 4843 Vera
2292 4788 2440 4842 enim
2465 4786 2795 4858 signiﬁcatio
2810 4795 2916 4851 est,
2949 4785 3035 4840 vis
3066 4800 3153 4849 ea,
3198 4799 3320 4854 quae
3360 4795 3460 4850 per
3485 4793 3710 4834 erucem

2127 4879 2310 4936 carnis
2351 4891 2576 4935 sensum
2616 4879 2943 4950 exstinguit.
2978 4879 3041 4934 Ut
3068 4878 3275 4948 fugiant
3296 4893 3329 4929 a
3353 4873 3486 4943 [acie
3512 4888 3667 4926 arcus
3695 4891 3711 4935 ;

2094 4971 2152 5026 ,ι
2173 4987 2234 5026 λε
2261 4979 2366 5037 est,
2404 4973 2472 5026 ab
2494 4981 2718 5027 externa
2757 4985 2946 5026 rerum
2998 4969 3204 5040 specie.
3235 4968 3413 5024 Arcus
3441 4970 3591 5025 enim
3635 4952 3711 5022 ia-

2126 5067 2241 5119 cies
2258 5063 2547 5136 (cujusque
2564 5064 2774 5120 scilicet
2792 5062 3114 5119 daamoniaei
3131 5061 3363 5117 affectus
3382 5070 3549 5132 atque
3565 5062 3711 5124 vitii)

2127 5164 2355 5211 externa
2376 5157 2466 5212 illa
2494 5171 2793 5226 corporum
2823 5155 3037 5224 species
3061 5162 3164 5218 est,
3197 5169 3321 5223 qua:
3349 5168 3572 5208 sensum
3605 5154 3712 5206 illi-

2127 5247 2223 5312 cit,
2259 5263 2323 5302 ac
2347 5248 2498 5302 velut
2527 5262 2758 5302 acumen
2791 5261 2923 5301 acus
2951 5245 3155 5301 vulnus
3185 5245 3460 5316 inﬂigens,
3493 5244 3562 5300 ad
3579 5245 3709 5298 vitia

2129 5337 2365 5407 turpiter
2392 5337 2635 5390 animum
2670 5336 2930 5392 illecebra
2966 5335 3159 5391 trahit.
3197 5335 3540 5407 Fugiendum
3602 5334 3710 5387 ita-

2130 5444 2238 5500 que
2265 5445 2292 5482 a
2325 5428 2465 5483 facie
2508 5443 2674 5482 arcus
2721 5437 2912 5483 monet
2963 5427 3273 5496 Scriptura,
3327 5427 3414 5481 his
3466 5424 3562 5495 qui
3593 5440 3708 5477 me—

2135 5528 2290 5576 tuant
2323 5521 2655 5588 Dominum;
2686 5527 2740 5575 at
2784 5535 2896 5575 non
2927 5520 2998 5576 ab
3025 5535 3178 5575 arcu.
3218 5517 3430 5575 Pcccati
3477 5529 3712 5591 namque
