4070 6462
338 315 446 379 863

1506 311 1566 369 s.
1604 305 1895 385 MAXIMI
1932 303 2441 366 conrnssoms

3498 293 3606 356 8M

341 435 527 486 arcus,
587 421 795 491 absque
849 418 1009 486 facie,
1039 435 1144 476 nec
1176 419 1352 476 ullum
1375 419 1518 475 forte
1543 419 1807 474 damnum
1855 417 1926 472 iis

2053 413 2178 469 bnou
2211 418 2368 481 τόξου
2401 418 2563 488 φησὶν
2597 420 2625 472 6
2659 417 2830 485 Λόγος
2860 413 3154 486 φεύξεσθαι
3181 414 3310 474 τοὺς
3335 409 3608 480 φοὸουμέ-

343 513 613 570 attulerit.

421 801 484 860 Ut
529 800 813 856 liberentur
859 799 1040 854 dilecti
1093 799 1204 854 Dei.
1243 800 1438 854 Dilecti
1482 799 1578 853 Dei
1625 807 1777 864 sunt,
1808 816 1931 869 quae

341 910 444 965 per
473 893 990 962 contemplationem
1020 891 1260 946 divinam
1304 893 1590 946 scientiam
1622 892 1930 959 continent,

346 986 590 1040 rationes
617 1004 628 1040 :
658 1000 796 1054 quas
821 984 1081 1049 liberant,
1109 985 1200 1054 qui
1237 1001 1335 1054 per
1369 985 1642 1038 actionem
1686 983 1932 1037 conﬂan-

354 1085 446 1129 tur
484 1075 756 1128 virtutum
810 1075 979 1140 modi,
1023 1075 1092 1129 ab
1149 1075 1297 1129 onmi
1341 1091 1550 1139 errore,
1608 1076 1934 1145 cunctisque

349 1165 538 1220 animo
588 1165 1030 1220 obtundentibus
1081 1181 1178 1235 per
1213 1175 1536 1236 occupatam
1592 1167 1934 1236 Opinionem,

348 1256 628 1312 memoria:
664 1273 811 1327 penu
843 1257 1102 1326 repositis
1131 1258 1343 1327 peccati
1373 1258 1686 1313 simulacris
1718 1274 1783 1313 ac
1821 1259 1936 1313 tor-

351 1347 483 1404 mis.

420 1461 586 1532 339
639 1462 803 1517 Vens.
830 1461 883 1516 8.
911 1459 1132 1517 Salvum
1159 1465 1242 1525 (ac
1271 1462 1492 1516 dextera
1525 1471 1640 1525 tua,
1661 1473 1708 1516 ct
1741 1463 1937 1517 exaudi

351 1569 453 1607 me.
487 1553 625 1607 Deus
655 1552 860 1608 locutus
896 1561 973 1608 est
1011 1555 1067 1608 in
1095 1553 1290 1608 Sancto
1334 1571 1427 1609 suo
1466 1572 1483 1609 :
1533 1553 1828 1608 Ezcsultabo
1888 1561 1937 1607 et

352 1643 594 1712 partibor
643 1640 977 1709 Sichimam,
1029 1653 1077 1697 et
1117 1643 1412 1698 convallem
1462 1643 1943 1698 Tabernaculorum

356 1733 628 1786 ὤωαὼη

434 1845 621 1900 Salvat
644 1846 790 1901 Deus
809 1845 1031 1901 dextera
1095 1861 1214 1911 sua,
1249 1846 1429 1902 dando
1456 1849 1799 1920 unigenitum
1850 1851 1941 1906 Fi-

359 1936 496 1991 lium
530 1953 691 1992 suum
723 1936 830 2008 (est
852 1937 998 1992 enim
1024 1938 1196 1993 Filius
1225 1939 1406 1994 Patris
1432 1939 1679 2014 dextera)
1724 1943 1942 1997 redem-

359 2029 606 2100 ptionem
636 2044 739 2100 pro
794 2029 986 2084 mundi
1043 2031 1242 2085 salute.
1299 2031 1534 2087 Exaudit
1574 2048 1707 2088 vero
1764 2033 1946 2088 dando

356 2124 530 2193 justo,
562 2130 763 2192 praater
783 2123 1169 2178 remissionem
1200 2132 1573 2194 peccatorum,
1609 2126 1777 2180 etiam
1829 2127 1946 2195 spi-

364 2215 548 2269 ritalia
578 2213 740 2268 dona.
761 2213 897 2269 Nam
927 2215 1081 2270 audit
1113 2216 1260 2270 Deus
1281 2231 1444 2271 suum
1472 2218 1796 2287 supplicem,
1831 2219 1948 2289 pri-

363 2320 514 2360 mum
536 2320 635 2374 per
669 2303 1053 2374 paenitentiam
1106 2304 1401 2360 tribuendo
1431 2306 1649 2360 veniam
1690 2314 1946 2375 peccato-

365 2411 527 2463 rum;
557 2394 783 2449 exaudit
809 2409 943 2449 vero
988 2409 1053 2448 ac
1105 2394 1262 2463 quasi
1296 2396 1571 2449 cumulate
1613 2395 1787 2459 audit,
1817 2395 1948 2449 dum

366 2502 570 2562 praeter
600 2493 980 2549 remissionem
1012 2502 1388 2563 peccatorum,
1433 2493 1599 2548 etiam
1645 2493 1856 2548 amatus
1885 2511 1951 2550 ac

369 2584 514 2640 dona
548 2601 647 2655 per
673 2586 905 2657 gratiam
961 2585 1267 2655 spiritalem
1329 2585 1603 2641 concedit.
1651 2587 1713 2639 ln
1750 2584 1950 2641 Sancto

370 2685 556 2732 autem
579 2692 679 2731 suo
712 2675 979 2746 loquitur,
1009 2675 1118 2730 hoc
1154 2682 1258 2740 est,
1315 2676 1373 2730 in
1419 2675 1598 2730 Verbo
1628 2690 1729 2731 suo
1768 2675 1953 2730 incar-

370 2777 540 2834 nato,
600 2767 850 2824 divinum
899 2784 1061 2824 suum
1121 2769 1414 2824 consilium
1468 2784 1532 2824 ac
1585 2771 1948 2839 propositum,

371 2861 519 2931 quod
546 2876 576 2914 a
613 2860 830 2915 saeculis
862 2874 927 2914 ac
951 2860 1403 2930 generationibus
1433 2859 1615 2915 fuerat
1661 2860 1954 2916 abscondi-

375 2963 521 3017 tum;
556 2965 656 3021 per
673 2949 880 3005 Christi
903 2952 1167 3006 nimirum
1193 2952 1248 3006 in
1269 2967 1435 3007 carne
1458 2951 1950 3022 dispensationem,

371 3043 494 3113 ejus
547 3042 789 3098 humana
849 3043 1140 3099 nobiscum
1193 3045 1653 3110 conversatione,
1715 3044 1953 3114 quodam

376 3131 542 3185 modo
568 3131 775 3186 diserte
805 3131 1070 3198 clamans,
1098 3133 1417 3202 mundoque
1455 3133 1524 3188 ad
1551 3141 1772 3190 aeternae
1828 3135 1955 3190 vita:

377 3221 852 3290 informationem,
888 3225 1041 3278 omni
1063 3239 1198 3279 voce
1221 3225 1427 3281 clarius
1459 3227 1829 3291 insonantem,
1855 3227 1958 3283 bo-

375 3319 575 3370 norum
623 3332 853 3386 operum
912 3316 1312 3373 exhibitionem
1361 3318 1634 3388 praebens.
1689 3318 1959 3390 Loquitur

376 3422 510 3461 vero
532 3407 698 3460 etiam
728 3409 785 3462 in
809 3407 1008 3478 quovis
1035 3417 1250 3475 sancto,
1280 3410 1400 3480 ejus
1419 3419 1672 3467 servante
1701 3411 1957 3467 mandata

376 3498 534 3568 quasi
568 3498 818 3554 viventes
849 3515 950 3570 per
980 3515 1149 3571 opera
1176 3515 1482 3570 sermones,
1516 3501 1779 3574 omnique
1821 3518 1959 3560 voce

375 3590 686 3646 voealiores
706 3600 1015 3648 ostentans.

446 3705 698 3761 Exsultat
721 3714 906 3762 autem
936 3708 1286 3778 tuncjustus,
1317 3723 1445 3764 eum
1474 3709 1756 3780 Unigeniti
1783 3711 1958 3782 gratia

375 3796 662 3867 perfectus
690 3813 756 3853 ac
785 3806 1222 3864 consummatus,
1281 3798 1513 3855 idoneus
1544 3798 1725 3856 factus
1768 3801 1956 3866 fuerit,

379 3891 442 3938 ut
465 3883 678 3940 dividat
726 3885 1005 3954 Sichima;
1039 3902 1238 3958 nempe
1275 3897 1337 3943 ut
1369 3903 1468 3959 pro
1503 3891 1768 3961 cujusque
1798 3899 1958 3960 captu

379 3991 445 4031 ac
468 3977 681 4033 ratione
738 3993 804 4033 ex
858 3978 1020 4034 docta
1075 3981 1435 4050 experientia,
1475 3981 1743 4036 virtutum
1773 3983 1962 4038 viriles

379 4068 596 4135 modos,
621 4068 854 4124 colendo
877 4070 1176 4138 actionem,
1210 4073 1438 4142 reliquis
1468 4073 1805 4129 documento
1845 4083 1960 4130 tra-

380 4159 497 4216 dat.
521 4160 619 4214 Est
647 4160 794 4216 enim
829 4159 1092 4226 Sichima,
1125 4162 1173 4217 si
1202 4179 1404 4219 nomen
1431 4164 1829 4234 interpreteris,
1859 4167 1961 4220 hu-

381 4269 650 4308 merorum
691 4251 954 4319 latitudo;
984 4255 1255 4325 ejusmodi
1308 4256 1521 4313 scilicet
1575 4257 1817 4323 habitus,
1864 4259 1962 4330 qui

380 4350 640 4396 ctomnes
668 4342 1113 4411 perturbationes
1129 4344 1369 4415 vitiaque
1386 4355 1659 4412 coerceat,
1682 4347 1961 4403 omnium-

2031 525 2154 572 νους
2179 510 2270 562 τὸν
2311 513 2533 582 Κύριον,
2571 510 2684 564 ἀλλ’
2715 511 2815 562 οὐκ
2859 509 2969 562 ἀπὸ
3017 506 3196 572 τόξου.
3223 505 3298 557 T6
3328 503 3438 573 γὰρ
3459 501 3610 566 τόξον

2030 602 2132 673 τῆς
2161 603 2450 672 ἁμαρτίας,
2483 602 2611 656 ἄνευ
2639 602 2930 672 προσώπου
2958 599 3142 668 τυχὸν,
3166 597 3287 650 οὐδέ
3314 613 3368 648 τι
3393 595 3609 664 δράσειε

2033 694 2175 747 κατὰ
2196 694 2304 746 τῶν
2336 695 2688 763 φοϐουμένων
2709 695 2798 747 τὸν
2830 690 3056 762 Κύριον.

2120 803 2244 874 Ἐφ’
2271 797 2320 872 ᾧ
2344 803 2647 872 ρυσθῆναι
2705 802 2848 869 τοὺς
2901 802 3249 871 ἀγαπητοὺς
3298 799 3404 853 τοῦ
3441 797 3610 851 Θεοῦ.

2050 895 2347 965 Ἀγαπητοὶ
2367 895 2422 947 δὲ
2457 894 2591 946 Θεοῦ
2617 900 2772 956 εἰσιν,
2795 895 2842 946 οἱ
2873 892 3015 946 κατά
3047 891 3277 963 Θεωρίαν
3308 889 3615 944 συνεκτικοὶ

2038 989 2132 1058 τῆς
2178 988 2328 1051 θείας
2375 965 2630 1057 γνώσεως
2660 987 2951 1058 λογισμοί·
2983 985 3079 1049 οὒς
3122 986 3363 1058 ῥύονται,
3390 985 3438 1037 οἱ
3473 984 3614 1037 κατά

2039 1080 2138 1146 τὴν
2191 1077 2501 1147 πρακτικὴν
2563 1077 2946 1147 συνιστάμενοι
2980 1077 3169 1147 τρόποι
3218 1073 3327 1127 τῶν
3380 1073 3612 1144 ἀρετῶν,

2041 1171 2149 1225 ἀπὸ
2207 1172 2389 1241 πάσης
2453 1170 2663 1240 πλάνης
2723 1170 2818 1223 καὶ
2880 1168 3069 1222 πασῶν
3117 1168 3225 1221 τῶν
3279 1167 3610 1236 διοχλουσῶν

2042 1264 2113 1332 τῇ
2140 1261 2286 1333 ψυχῇ
2324 1261 2466 1314 κατὰ
2499 1259 2770 1333 πρόληψιν
2817 1259 2919 1330 τῆς
2968 1260 3245 1330 ἁμαρτίας
3279 1257 3402 1329 [Fr.
3437 1259 3618 1329 ἀμαρ-

2039 1355 2192 1427 τιῶν]
2229 1373 2333 1426 μνη
2343 1355 2480 1425 μῶν.

2115 1471 2325 1525 Σῶσον
2365 1468 2440 1538 τῇ
2472 1467 2643 1536 δεξιᾷ
2675 1483 2791 1523 σου
2815 1509 2831 1532 ,
2862 1466 2959 1522 καὶ
2993 1463 3343 1520 ἐπάκουσόν
3376 1479 3515 1532 μου.
3555 1460 3619 1514 '0

2047 1565 2188 1630 Θεὸς
2216 1559 2522 1629 ἐλάλησεν
2547 1563 2613 1615 ἑν
2645 1559 2726 1626 τῷ
2755 1560 2930 1630 Ἀγίῳ
2948 1560 3133 1615 αὑτοῦ
3166 1576 3179 1589 ·
3216 1555 3612 1628 Ἀγαλλιάσοη

2040 1667 2147 1722 μαι
2203 1652 2297 1703 καὶ
2337 1648 2612 1720 διαμεριῶ
2653 1649 2904 1718 Σίκημα,
2932 1649 3029 1702 καὶ
3066 1646 3182 1716 τὴν
3221 1645 3471 1702 κοιλάδα
3505 1645 3622 1698 τῶν

1967 1770 2010 1829 Β
2047 1741 2300 1809 Σκηνῶν
2324 1740 2717 1810 διαμετρήσω.

2121 1847 2288 1914 Σώζει
2318 1851 2346 1903 ὁ
2369 1848 2498 1913 Θεὸς
2527 1851 2595 1920 τῇ
2625 1849 2777 1921 δεξιᾷ
2811 1847 3008 1915 αὐτοῦ,
3028 1847 3205 1911 διδοὺς
3231 1846 3322 1900 τὸν
3355 1847 3618 1917 μονογενῆ

2049 1940 2216 1996 αὑτοῦ
2271 1941 2400 1994 Υἱόν
2424 1957 2438 1970 ⁸
2475 1940 2625 2005 δεξιά
2648 1940 2756 2012 γὰρ
2801 1939 2894 1994 τοῦ
2926 1939 3139 2010 Πατρδς
3163 1940 3191 1991 6
3222 1939 3348 2001 Υἱός
3379 1952 3392 1968 ·
3425 1938 3620 2008 λύτρον

2052 2034 2191 2105 ὑπὲρ
2211 2033 2311 2103 τῆς
2364 2033 2458 2086 τοῦ
2500 2032 2707 2103 κόσμου
2759 2032 3055 2102 σωτηρίας.
3112 2030 3512 2094 Ἐπακούειδὲ,
3541 2031 3624 2082 δι-

2050 2127 2172 2190 δοὺς
2201 2126 2279 2197 τῷ
2311 2124 2526 2195 δικαίῳ,
2551 2126 2687 2196 πρὸς
2712 2128 2780 2195 τῇ
2821 2124 3012 2193 ἀφέσει
3033 2123 3140 2176 τῶν
3184 2121 3621 2192 ἁμαρτημάτων,

2052 2215 2149 2268 καὶ
2204 2214 2554 2286 πνευματικὰ
2613 2215 2949 2286 χαρίσματα.
2996 2213 3208 2266 Ἀκούει
3261 2213 3359 2283 μὲν
3397 2213 3506 2280 γὰρ
3530 2212 3624 2265 τοῦ

2055 2309 2390 2372 ἱκετεύοντος
2448 2307 2610 2362 αὐτὸν
2659 2309 2686 2361 ό
2734 2307 2889 2373 Θεὸς,
2917 2305 3131 2376 πρῶτον
3178 2305 3266 2358 διὰ
3319 2305 3418 2374 τῆς
3457 2321 3626 2374 μεταο

2053 2398 2202 2461 νοίας
2226 2398 2419 2467 ἄφεσιν
2444 2397 2620 2460 διδοὺς
2644 2397 3078 2468 ἁμαρτημάτων,
3109 2395 3369 2448 ἐπακούει
3393 2394 3471 2456 δὲ,
3492 2394 3627 2464 πρὸς

2053 2493 2122 2562 τῇ
2153 2491 2347 2560 ἀφέσει
2390 2489 2498 2544 τῶν
2542 2490 3097 2561 ἀμαρτημάτων,καὶ
3141 2488 3210 2541 τὰ
3263 2487 3353 2539 διὰ
3407 2487 3629 2558 χάριτος

2055 2583 2429 2653 πνευματικῆς
2479 2582 2655 2644 διδοὺς
2712 2580 3084 2651 ἐνεργήματα.
3115 2579 3284 2634 Λαλεί
3334 2578 3394 2632 δὲ
3455 2580 3512 2630 ἐν
3549 2575 3629 2647 τῷ

2067 2675 2234 2746 Ἀγίῳ
2281 2673 2444 2730 αὑτοῦ
2473 2689 2484 2702 ·
2519 2674 2814 2738 τουτέστιν,
2852 2674 2912 2725 ὲν
2936 2670 3014 2742 τῷ
3068 2671 3403 2742 σαρκωθέντι
3455 2669 3624 2723 αὐτοῦ

2055 2768 2220 2839 λόγῳ,
2251 2767 2344 2821 τὸν
2397 2767 2538 2820 θεῖον
2581 2764 2747 2820 αὑτοῦ
2792 2764 2992 2818 σκοπὸν
3013 2763 3103 2817 τὸν
3134 2761 3629 2834 ἀποκεκρυμμένον

2057 2859 2166 2913 ἀπὸ
2194 2857 2303 2912 τῶν
2329 2856 2541 2911 αἰώνων
2564 2858 2660 2909 καὶ
2688 2855 2797 2910 ἀπὸ
2826 2855 2934 2908 τῶν
2965 2853 3186 2922 γενεῶν,
3213 2853 3354 2907 κατὰ
3401 2853 3502 2922 τὴν
3543 2852 3630 2904 ἐν·

2060 2967 2264 3022 σαρκον
2297 2949 2462 3002 αὐτοῦ
2485 2947 2576 3002 τοῦ
2601 2947 2838 3018 Χριστοῦ
2871 2948 3202 3016 οἰκονομίαν.
3250 2946 3349 2998 Διά
3375 2945 3476 3015 τῆς
3509 2943 3647 2998 καθ’.

2059 3042 2210 3112 ἡμᾶς
2270 3039 2776 3109 ἀνθρωποπρεποῦς
2837 3039 3002 3093 αὑτοῦ
3048 3038 3416 3110 ἀναστροφῆς,
3469 3038 3634 3091 οἱονεὶ

1980 3129 2025 3188 ε
2057 3133 2354 3206 διαρρήδην
2386 3132 2546 3203 βοῶν,
2578 3131 2672 3186 καὶ
2696 3131 2772 3202 τῷ
2817 3131 2915 3203 βίῳ
2951 3131 3126 3194 διδοὺς
3169 3133 3247 3193 εἰς
3283 3128 3633 3184 ὑποτύπωσιν

2063 3225 2288 3282 αἰωνίου
2326 3224 2494 3296 ζωῆς,
2539 3224 2726 3278 εἰκόνα
2770 3224 2953 3292 πάσης
3007 3222 3382 3294 γεγωνοτέραν
3428 3222 3632 3291 φωνῆς,

2057 3319 2159 3390 τὴν
2213 3317 2321 3374 τῶν
2376 3317 2596 3386 ἀγαθῶν
2643 3317 2820 3389 ἔργων
2862 3315 3141 3382 ἐπίδειξιν.
3177 3316 3346 3369 Λαλεῖ
3369 3315 3424 3368 δὲ
3453 3314 3546 3368 καὶ
3577 3315 3636 3366 ὲν

2059 3412 2275 3482 ἑκάστῳ
2319 3411 2460 3480 ἁγίῳ
2518 3409 2842 3480 φυλάττοντι
2896 3408 3060 3462 αὑτοῦ
3095 3409 3194 3471 τὰς
3230 3406 3450 3470 ἐντολάς
3476 3423 3489 3436 ·
3524 3401 3634 3458 οἷον

2059 3503 2269 3569 ζῶντας
2295 3503 2508 3568 δεικνὺς
2537 3503 2627 3557 διὰ
2650 3502 2760 3557 τῶν
2789 3502 2968 3574 ἔργων
3001 3501 3126 3564 τοὺς
3155 3499 3348 3567 λόγους
3367 3539 3382 3563 ,
3408 3500 3503 3553 καὶ
3533 3498 3637 3551 πά-

2061 3612 2162 3667 σης
2187 3592 2373 3663 φωνῆς
2405 3592 2668 3662 γεγωνοτέ
2677 3609 2822 3664 ρους.
3569 3603 3572 3606 ’

2073 3741 2080 3747 -
2140 3707 2489 3778 Ἀγαλλιᾶται
2525 3706 2582 3760 δὲ
2610 3710 2638 3761 ό
2657 3707 2890 3769 δίκαιος,
2923 3705 3085 3777 ἡνίκα
3109 3703 3414 3768 τελειωθεὶς
3445 3705 3513 3775 τῇ
3534 3702 3634 3773 χά-

2065 3816 2173 3871 ριτι
2205 3799 2299 3853 τοῦ
2322 3797 2685 3867 Μονογενοῦς,
2717 3799 2902 3861 ἱκανὸς
2925 3797 3152 3868 γένηται
3183 3795 3499 3867 διαμερίσαι
3535 3794 3638 3864 τὴν

2059 3892 2192 3962 Σῐκη
2202 3909 2278 3961 μα
2311 3907 2327 3924 ·
2371 3891 2672 3956 τουτέστιν,
2703 3889 2884 3952 ἄλλοις
2907 3889 3183 3958 ἀναλόγως
3205 3890 3268 3941 ἐκ
3291 3889 3489 3960 πείρας
3515 3888 3637 3938 ὲπι-

2063 3981 2328 4050 στήμονος
2363 3979 2682 4040 ὑποθέσθαι,
2715 3979 2844 4043 τοὺς
2889 3977 3032 4031 κατά
3070 3979 3169 4047 τὴν
3195 3975 3507 4047 πρακτικὴν
3541 3977 3636 4030 ἀν-

2059 4073 2278 4144 δρικοὺς
2338 4071 2448 4124 τῶν
2503 4071 2712 4140 ἀρετῶν
2759 4069 3014 4140 τρόπους.
3063 4069 3327 4138 Ὦμίασις
3358 4066 3435 4137 (d)
3466 4067 3575 4135 γὰρ
3603 4066 3638 4134 ὴ

2061 4164 2278 4236 Σίκημα
2333 4163 2690 4234 ἑρμηνεύεται
2720 4177 2732 4190 ·
2774 4162 2911 4230 ὅπερ
2965 4161 3112 4214 ἐστὶν
3160 4162 3194 4231 ἡ
3270 4159 3488 4212 πάντων
3541 4157 3639 4227 μὲν

2061 4255 2325 4326 ἐφεκτικὴ
2375 4255 2484 4308 τῶν
2539 4255 2766 4320 παθῶν,
2815 4253 3004 4306 πασῶν
3055 4253 3114 4306 δὲ
3162 4251 3490 4324 ὲνεργητικὴ
3532 4249 3639 4302 τῶν

2064 4351 2276 4423 ἀρετῶν
2341 4349 2472 4415 ἕξις.
2525 4349 2786 4422 Πράξεως
2840 4347 2951 4420 γὰρ
3009 4345 3280 4419 σύμϐολον
3330 4346 3423 4400 τὸν
3489 4339 3640 4416 ὦμον

382 4445 492 4498 quc
520 4444 720 4499 parens
748 4445 814 4484 ac
837 4446 1000 4486 causa
1029 4433 1296 4488 virtutum
1323 4435 1572 4493 exsistat.
1617 4436 1788 4492 Aiunt
1811 4438 1951 4494 enim

2063 4438 2202 4498 εἷναί
2229 4459 2382 4512 φασι.

381 4520 675 4574 humerum
705 4520 928 4576 virtutis
957 4523 1217 4592 praeferre
1251 4526 1584 4598 symbolum.

452 4642 522 4698 Et
543 4643 845 4698 convallem
895 4645 1402 4705 Tabernaculorum
1458 4652 1776 4720 dimetitur;
1831 4669 1964 4708 con-

2132 4646 2244 4700 Καὶ
2267 4646 2366 4715 τὴν
2399 4643 2623 4699 κοιλάδα
2648 4641 2758 4695 τῶν
2797 4639 3021 4710 Σκηνῶν
3046 4639 3114 4711 (e)
3143 4639 3430 4709 διαμετρεί
3456 4652 3470 4668 °
3507 4636 3633 4699 τοὺς

381 4734 668 4789 venientes
693 4735 1115 4808 scilicet’cuique
1144 4742 1225 4796 rei
1259 4743 1499 4798 rationes
1528 4759 1626 4813 per
1653 4745 1951 4800 naturalem

2060 4737 2404 4809 προσφόρους
2452 4737 2666 4806 ἑκάστῳ
2696 4735 2804 4789 τῶν
2853 4734 3025 4788 ὅντων
3071 4731 3214 4785 κατὰ
3254 4731 3353 4800 τὴν
3403 4729 3639 4797 φυσικὴν

384 4827 912 4896 contemplationem
955 4831 1231 4888 tribuens.
1258 4833 1535 4890 Convallis
1567 4836 1714 4889 enim
1760 4837 1951 4892 Taber-

2060 4830 2291 4904 θεωρίαν
2324 4829 2516 4897 λόγους
2546 4828 2860 4897 ἀπονέμων.
2911 4825 2976 4878 Ἠ
3014 4825 3121 4895 γὰρ
3153 4822 3339 4885 κοιλὰς
3357 4821 3464 4873 τῶν
3495 4821 3638 4888 Σκη-

383 4919 708 4973 naculorum
738 4921 980 4978 mundus
1017 4923 1118 4979 iste
1161 4933 1266 4989 est,
1317 4926 1374 4980 in
1431 4943 1541 4996 quo
1585 4928 1813 4994 scilicet,
1861 4945 1951 5000 pre

2060 4921 2187 4990 νῶν,
2208 4923 2236 4975 6
2265 4920 2456 4990 παρών
2479 4922 2596 4973 ἐστι
2631 4919 2856 4987 κόσμος,
2890 4915 2949 4969 ὲν
2974 4908 3018 4983 ᾧ
3070 4915 3289 4969 πάντων
3347 4912 3488 4966 κατά
3541 4911 3639 4982 τὴν

385 5006 606 5064 diversa
653 5011 923 5081 cujusque
987 5013 1272 5068 voluntate
1315 5013 1596 5084 animique
1651 5018 1951 5086 proposito,

2064 5016 2294 5072 ἑκάστου
2329 5012 2584 5084 διάφορον
2619 5008 2848 5079 γνώμην
2877 5024 2937 5060 τε
2981 5005 3080 5060 καὶ
3119 5005 3382 5071 διάθεσιν,
3422 5003 3642 5066 ἀπαγὴς

459 5161 534 5233 (d)
577 5163 863 5240 ’ρμίασις.
891 5175 1028 5240 pst!)
1049 5168 1303 5240 humerus
1328 5178 1430 5231 est,
1464 5169 1660 5240 ὼμίας·
1697 5175 1789 5240 qui
1816 5167 1958 5230 latis

387 5231 649 5289 humeris
673 5245 776 5300 est,
810 5237 949 5291 Poll.
983 5237 1019 5290 1.
1049 5253 1124 5299 m,
1163 5253 1212 5290 c.
1247 5238 1333 5301 50,
1375 5231 1526 5293 unde
1548 5231 1649 5294 sibi
1693 5231 1958 5300 Maximus

386 5317 507 5357 eam
562 5320 751 5360 vocem
799 5306 1012 5361 habuit.
1063 5307 1159 5361 Est
1201 5318 1383 5362 autem
1434 5310 1698 5368 humerus
1739 5315 1958 5368 virtutis

388 5373 717 5453 symbolum,
744 5376 896 5453 quod
939 5377 1156 5431 athleta:
1189 5393 1397 5453 eorum
1423 5381 1655 5453 maxime
1706 5383 1959 5440 ﬁrmitate

390 5445 620 5515 victoria
645 5445 951 5515 potiuntur,
973 5456 1029 5500 et
1056 5447 1203 5515 quod
1239 5449 1350 5503 sint
1375 5451 1603 5505 ferendo
1626 5469 1814 5508 onera.

463 5512 531 5597 (ς)
598 5512 716 5579 Τὴν
740 5586 752 5597 .
776 5514 1052 5597 κοιλάδα.
1065 5512 1191 5597 τῶν
1215 5520 1520 5597 ’Σξκηνῶιςη
1538 5522 1799 5597 Videntur
1829 5526 1882 5597 in
1907 5525 1959 5579 vi

389 5586 845 5665 potius_nominis
868 5586 1308 5665 proprihac‘cipi,
1337 5591 1480 5658 quod
1509 5592 1581 5645 ita
1613 5594 1962 5665 singulariter

391 5651 547 5735 vallis
572 5651 1050 5735 Tqbervwcu'lorugn
1077 5651 1304 5735 di_c__i_ttirv
1329 5651 1483 5727 riuo,
1522 5664 1669 5732 quod
1701 5651 1845 5735 forte
1882 5667 1962 5720 lo-

395 5735 493 5777 cus
529 5723 584 5778 in
615 5723 766 5796 Syria
807 5726 970 5796 paulo
998 5727 1262 5784 humilior
1300 5740 1356 5786 et
1389 5723 1862 5803 populosissimus,
1904 5745 1962 5790 ut

2066 5173 2221 5246 Syria
2252 5188 2373 5246 pro_
2385 5171 2641 5246 vastitate
2672 5167 2933 5246 regionis,
2982 5166 3093 5246 alia
3132 5166 3346 5246 aliaque
3379 5163 3645 5246 induebat

2065 5235 2304 5298 nomina.
2343 5242 2434 5297 Sic
2465 5239 2665 5310 passim
2701 5235 2756 5291 in
2788 5238 3106 5310 regionibus
3147 5239 3253 5290 alta
3298 5243 3354 5288 et
3381 5235 3644 5310 depressa

2065 5313 2392 5377 dividimus;
2436 5305 2692 5364 montana
2727 5305 3096 5368 etcnnvalles,
3130 5321 3363 5374 quarum
3392 5305 3502 5377 fere
3525 5319 3644 5377 ma-

2060 5385 2147 5453 jor
2173 5374 2447 5453 fertilitas,
2483 5396 2547 5434 ac
2570 5378 2799 5453 proinde
2835 5379 3138 5431 incolarum
3166 5374 3644 5453 freqnpntiaLNec

2065 5443 2207 5508 ἴοι-ιο
2246 5455 2350 5507 alia
2392 5452 2462 5506 sit.
2500 5443 2655 5504 vallis
2684 5447 2897 5512 Sucrot,
2941 5462 3103 5516 quam
3135 5444 3290 5499 uallis
3324 5443 3644 5516 ipsarSaIis.

2066 5540 2227 5593 quam
2257 5523 2456 5577 notiuri
2485 5520 2703 5576 nomine
2728 5515 3036 5593 signiﬁcare
3080 5516 3343 5593 voluerit,
3370 5515 3481 5593 qui
3515 5516 3642 5593 titu-

2067 5583 2178 5648 lum
2217 5594 2425 5663 psalmo
2456 5593 2730 5660 apposuit,
2773 5583 2853 5642 vel
2879 5587 3139 5663 _Es_'dr_as,
3185 5586 3272 5663 vel
3307 5583 3422 5653 ipse
3447 5583 3644 5639 David.

2065 5655 2467 5732 Campestrium
2491 5655 2688 5715 crebra
2723 5659 2931 5732 mentio
2961 5658 3012 5710 in
3033 5657 3213 5732 veteri
3250 5655 3646 5718 Instrumenta,

2068 5735 2160 5788 ubi
2186 5728 2266 5789 vel
2303 5733 2500 5788 itinera
2537 5741 2830 5786 narrantur
2854 5728 2933 5783 vel
2958 5728 3168 5797 prtulia.
