4070 6442
407 379 515 442 865

1474 370 1880 432 EXPOSITIO
1921 371 2002 431 IN
2039 371 2397 435 PSALMUM
2437 373 2588 434 LIX.

3597 381 3703 444 866

413 488 650 560 ὑπάρχει
721 487 817 541 καὶ
876 483 1218 556 πρόσκαιρος
1247 481 1471 554 σκηνῶν
1492 482 1654 553 δίκην
1690 483 1722 553 ὴ
1757 481 2007 553 παροῦσα

2118 480 2258 535 nihil
2285 491 2548 536 constans
2577 497 2640 537 ac
2673 481 2775 536 ﬁxa
2803 491 3269 556 temporaneaque
3304 501 3548 556 presens
3592 486 3702 542 vita

412 581 546 651 ζωή.

487 673 556 726 Ἦ
585 671 750 725 πάλιν
785 671 995 742 Σκηναὶ
1016 669 1383 740 τυγχάνουσιν
1418 667 1518 739 τῆς
1567 666 1850 738 παρούσης
1889 683 2006 719 κοι-

410 765 588 830 λάδος,
642 765 692 816 oi
716 762 825 816 τῶν
855 762 1071 835 ἀρετῶν
1095 761 1311 834 τρόποι,
1335 759 1428 824 οὒς
1459 760 1658 830 διαιρεί
1689 758 2008 828 γνωστικῶς

409 860 524 920 τοῖς
549 855 983 924 διδασκομένοις,
1016 852 1162 925 πρὸς
1187 853 1286 926 τὴν
1315 853 1549 905 ἑκάστου
1590 851 1703 918 ἕξιν
1736 849 2007 919 κατάλλη-

409 950 503 1004 λον
556 949 732 1011 διδοὺς
781 947 1004 1019 ἀγωγὴν
1041 947 1136 1000 καὶ
1169 944 1564 1018 προσφυλακὴν
1599 939 2005 1014 [προφυλακὴν]

407 1044 520 1097 τῶν
551 1041 774 1113 τιμίων,
813 1043 842 1094 6
873 1041 1159 1112 διανέμειν
1183 1038 1340 1102 εἰδὼς
1362 1039 1580 1108 ἑκάστῳ
1602 1035 1692 1089 διὰ
1714 1038 1812 1106 τῆς
1832 1033 2008 1103 καλῆς

408 1135 764 1197 διδασκαλίας
795 1133 894 1206 τὴν
923 1133 1280 1216 ἁρμόζουσαν
1314 1131 1452 1204 πρὸς
1488 1128 1763 1201 σωτηρίαν
1794 1127 1934 1182 ὁδόν.

498 1310 572 1363 ’Ἡ
614 1311 822 1382 Σκηναὶ
878 1308 1127 1371 κοιλάδος
1170 1307 1535 1377 ὑπάρχουσιν,
1575 1306 1630 1359 αἱ
1655 1303 1744 1358 διὰ
1769 1303 2005 1374 Χριστοῦ

414 1403 512 1458 τοῦ
545 1403 801 1471 Σωτῆρος
827 1403 986 1473 ¹ἡμῶν
1023 1401 1160 1455 Θεοῦ
1197 1405 1458 1469 παγεῖσαι
1493 1399 1640 1456 κατὰ
1689 1399 1870 1451 πᾶσαν
1912 1397 2009 1467 τὴν

409 1497 743 1568 οἰκουμένην
801 1495 910 1550 τῶν
963 1494 1376 1549 πιστευσάντων
1414 1492 1586 1548 ἐθνῶν
1655 1491 2005 1560 Ἐκκλησίαι·

410 1587 442 1641 ὃ
501 1587 597 1641 καὶ
663 1585 866 1657 μᾶλλον
892 1626 909 1653 ,
963 1585 1039 1648 ὡς
1082 1580 1259 1655 οἶμαι,
1313 1583 1422 1637 τῶν
1478 1582 1655 1637 ἀλλων
1705 1581 1852 1635 ἐστὶν
1890 1581 2010 1631 ὲπι-

414 1678 655 1748 φανέστε
662 1695 775 1750 ρον.

498 1772 572 1825 Ἦ
601 1771 790 1836 πάλιν,
815 1769 1038 1824 κοιλάδα
1088 1769 1315 1840 Σκηνῶν
1369 1768 1670 1839 διαμετρεῖ,
1699 1767 1728 1819 6
1784 1766 1876 1820 τὸν
1920 1765 2012 1818 x6-

2115 574 2599 628 tabernaculbrum
2636 591 2787 630 more
2811 577 3014 643 agitur.

2179 665 2528 728 Autrursus,
2557 668 2825 722 convallis
2887 668 3052 738 hujus
3111 668 3489 725 Tabernacula
3548 677 3701 734 sunt,

2110 755 2380 812 virtutum
2415 759 2586 824 modi,
2633 775 2774 829 quos
2803 760 3083 829 sapienter
3112 776 3175 814 ac
3225 763 3361 819 scite
3413 763 3701 833 discipulis

2110 850 2331 915 dividit,
2365 852 2483 921 qui,
2511 869 2609 922 pro
2633 867 2701 906 eo
2747 867 2812 906 ac
2868 851 3106 922 quisque
3155 852 3347 906 habitu
3397 854 3701 924 dispositus

2109 951 2214 1006 est,
2245 941 2408 1014 340
2441 943 2863 998 convenientem
2894 943 3243 1011 disciplinam
3289 944 3562 1013 prtebens,
3597 946 3699 1002 do-

2109 1033 2307 1103 nisque
2359 1049 2424 1088 ac
2477 1034 2776 1089 virtutibus
2829 1049 3051 1096 cavens,
3123 1033 3263 1087 bene
3314 1041 3549 1102 apteque
3606 1037 3702 1090 do-

2109 1123 2308 1188 cendo,
2332 1140 2454 1193 qua:
2474 1125 2674 1195 cuique
2707 1134 2974 1195 congruat
2995 1123 3064 1178 ad
3093 1125 3347 1186 salutem,
3375 1125 3518 1179 viam
3551 1129 3704 1182 novit

2108 1217 2414 1288 assignare.

2181 1289 2290 1362 Aut
2329 1308 2602 1363 convallis
2629 1308 3012 1364 Tabernacula
3044 1321 3206 1374 sunt,
3243 1327 3366 1380 qua:
3397 1319 3510 1365 toto
3535 1321 3703 1366 terra-

2111 1415 2233 1453 rum
2267 1401 2400 1455 orbe
2429 1417 2526 1470 per
2546 1400 2830 1456 Christum
2860 1401 3203 1456 Salvatorem
3241 1413 3492 1457 nostrum
3530 1403 3726 1458 Deum’

2110 1501 2314 1548 erecta:
2371 1501 2500 1548 sunt
2553 1493 2796 1548 ﬁdelium
2871 1495 3118 1562 gentium
3184 1496 3495 1550 Ecclesiae:
3554 1495 3732 1566 quod'

2111 1580 2326 1647 etiam,
2378 1592 2513 1651 puto
2550 1625 2565 1648 ,
2622 1583 2854 1653 reliquis
2899 1583 3254 1639 manifestius
3307 1601 3373 1639 ac
3429 1586 3705 1642 illustrius

2110 1681 2209 1728 GSI.

2181 1765 2292 1820 Aut
2319 1782 2512 1822 rursus
2542 1767 2848 1822 convallem
2889 1768 3399 1825 Tabernaculorum
3451 1771 3710 1838 metitur,

413 1877 556 1932 σμον
585 1861 694 1914 τῶν
737 1860 1010 1932 σωμάτων
1033 1859 1289 1930 καθάπερ
1312 1858 1534 1912 κοιλάδα
1564 1856 1786 1928 Σκηνῶν
1808 1855 2005 1925 γνώσει

2117 1860 2208 1930 qui
2244 1860 2511 1914 mundum
2544 1875 2842 1930 corporum
2873 1862 3023 1916 velut
3061 1862 3367 1916 convallem
3425 1862 3706 1917 Taberna-

411 1953 870 2024 περιλαμϐάνων.
909 1952 1148 2022 Σκῆνος
1174 1953 1283 2025 γὰρ
1315 1951 1586 2024 πολλαχοῦ
1631 1951 1730 2023 τῆς
1755 1951 2001 2022 Γραφῆς,

412 2046 484 2100 τὸ
511 2045 673 2117 σῶμα
697 2045 1145 2118 προσηγορεύθη.

503 2219 672 2288 Ἐμός
730 2217 864 2272 ἐστι
920 2215 1192 2280 Γαλαὰδ,
1222 2214 1322 2268 καὶ
1375 2214 1519 2285 ἐμός
1573 2213 1704 2268 ἐστι
1759 2216 2009 2267 Μανασ-

410 2309 562 2380 σῆς,
615 2311 717 2364 καί
779 2309 1026 2380 Ἐφραῒμ
1081 2308 1442 2379 κραταίωσις
1474 2307 1536 2378 (f)
1570 2305 1683 2376 τῆς
1734 2303 2010 2376 κεφαλῆς

407 2421 555 2472 μου.

491 2494 708 2549 Γαλαὰδ
733 2493 873 2549 κατά
891 2494 1022 2566 μίαν
1033 2494 1126 2547 ἐπὶ
1141 2493 1219 2564 τῷ
1235 2493 1459 2563 ὀνόματι
1480 2493 1652 2560 τούτῳ
1675 2490 2007 2564 έρμηνειῶν,

415 2586 572 2640 ἐστὶν
588 2585 999 2655 ἀποκάλυψις.
1028 2585 1327 2655 Μανασσῆς
1340 2584 1418 2651 δὲ,
1440 2584 1804 2656 ἑρμηνεύεται
1825 2583 2004 2652 λήθη.

425 2677 803 2747 ’Λποκάλυψις
824 2678 882 2731 δὲ
929 2677 1024 2732 καὶ
1057 2677 1195 2748 λήθη
1231 2677 1456 2741 είκὸτως
1501 2678 1890 2748 προσγίνονται
1933 2676 2009 2730 δι-

413 2771 562 2841 καίῳ
589 2787 604 2802 ο
648 2770 984 2840 λαμϐάνοντι
1017 2769 1118 2841 μὲν
1149 2769 1238 2824 διὰ
1271 2769 1507 2840 θεωρίας
1541 2769 1649 2821 τῶν
1675 2770 2008 2839 ἀπορρήτων

414 2864 519 2935 τὴν
546 2863 748 2936 μύησιν
764 2880 779 2896 ·
810 2864 921 2917 τῶν
939 2863 998 2918 δὲ
1013 2865 1135 2918 κατ’
1155 2863 1357 2934 ἀρετὴν
1377 2863 1554 2916 πόνων
1572 2863 1671 2934 τὴν
1701 2861 1890 2934 λήθην,
1921 2861 2010 2914 διὰ

416 2956 516 3025 τὴν
547 2954 940 3026 διαδεχομένην
973 2955 1099 3018 τοὺς
1122 2954 1319 3015 πόνους
1357 2953 1465 3006 τῶν
1492 2952 1706 3024 ἀρετῶν
1741 2949 2010 3022 εὐφροσύ-

416 3064 515 3117 νην
537 3047 636 3117 τῆς
665 3045 1050 3116 πνευματικῆς
1079 3046 1334 3118 θεωρίας.
1370 3043 1612 3113 Ἐφραίμ
1631 3043 1685 3097 δὲ
1708 3043 2007 3115 ἑρμηνεύε-

420 3158 510 3193 ται
559 3140 921 3209 πλατυσμός
949 3154 966 3172 ο
1001 3140 1138 3210 ὅπερ
1170 3140 1318 3192 ἐστὶν
1344 3140 1377 3208 ἡ
1408 3138 1549 3191 κατὰ
1581 3137 1763 3191 πίστιν
1786 3137 1877 3188 ἐπὶ
1891 3139 2006 3201 τοῖς

425 3233 710 3302 μέλλουσιν
738 3233 963 3302 ἀγαθοῖς
985 3231 1237 3296 ἄπτωτος
1263 3232 1418 3294 ἐλπίς
1452 3246 1465 3258 ·
1497 3231 1619 3301 ἥτις
1653 3230 1802 3283 ἐστὶν
1841 3229 2007 3284 ἀντί-

422 3327 611 3391 ληψις
649 3325 749 3394 τῆς
774 3323 1016 3393 κεφαλῆς
1047 3322 1143 3376 τοῦ
1177 3323 1387 3376 δικαίου
1408 3337 1423 3351 ·
1456 3322 1741 3386 τουτέστι,
1767 3321 1864 3392 τῆς
1919 3320 2011 3372 πί-

427 3434 614 3477 στεως.
653 3415 864 3478 Παντὸς
937 3415 1034 3486 γὰρ
1105 3415 1318 3468 δικαίου
1353 3413 1564 3484 κεφαλὴ
1594 3414 1626 3484 ἡ
1661 3413 1845 3476 πίστις
1869 3412 2007 3477 ἐστὶ,

427 3512 518 3561 καὶ⁷
571 3508 772 3572 παντὸς
813 3507 976 3578 ἔργου
1019 3505 1248 3576 ἀγαθοῦ.
1287 3507 1641 3578 Κραταίωσις
1697 3505 1754 3559 δὲ
1805 3505 2010 3577 ταύτης

435 3601 767 3671 καθέστηκεν
820 3600 1094 3670 ἀσφαλὴς,
1145 3602 1178 3670 ἡ
1231 3601 1341 3654 τῶν
1410 3599 1714 3671 μελλόντων
1790 3599 2010 3668 ἀγαθῶν

441 3689 764 3755 ἀδιάπτωτος
789 3691 947 3753 ὲλπίς
977 3705 994 3720 ⁸
1027 3689 1147 3742 καθ’
1177 3692 1244 3762 ἢν
1270 3690 1346 3754 ὡς
1373 3690 1616 3762 παρόντα
1655 3691 1724 3743 τά
1749 3689 2011 3761 μέλλοντα

436 3780 754 3853 θεωροῦντες
773 3823 789 3847 ,
827 3781 1289 3852 ὲμπλατυνόμεθα
1316 3785 1436 3847 ταῖς
1467 3782 1710 3852 θλίψεσιν
1735 3820 1752 3850 ,
1811 3783 2012 3837 ἀκατά-

431 3891 627 3928 πτωτοι
659 3877 718 3929 ὲν
749 3877 863 3939 τοῖς
889 3877 1220 3946 πειρασμοῖς
1245 3875 1612 3946 διαμένοντες.

503 4055 732 4124 Ἰούδας
755 4057 1057 4123 ,βασιλεύς
1091 4073 1232 4125 μου,
1267 4057 1450 4111 Μωὰϐ
1478 4055 1662 4125 λέϐης
1692 4055 1804 4126 τῆς
1836 4057 2011 4111 ἐλπι-

422 4148 529 4214 ὃος
561 4166 702 4216 μου.

506 4240 709 4303 Ἰούδας
750 4241 1190 4312 ἐξομολόγησις
1232 4240 1616 4312 ἑρμηνεύεται.
1674 4243 1867 4312 Ἀρχει
1902 4242 2013 4314 γὰρ

421 4333 456 4404 ἡ
487 4333 559 4386 δι’
590 4332 767 4402 εὐχῶν
794 4333 1185 4405 ἐξομολόγησις
1217 4335 1277 4387 έν
1299 4335 1414 4396 τοῖς
1440 4333 1617 4403 ἁγίοις
1650 4334 1852 4396 παντὸς
1872 4335 2014 4402 ἁγα-

421 4424 540 4480 θοῦ.
570 4425 804 4480 Δύναται
842 4426 900 4480 δὲ
929 4427 1188 4498 νοηθῆναι
1219 4428 1314 4481 καὶ
1340 4428 1420 4491 είς
1446 4426 1538 4480 τὸν
1578 4425 1786 4498 Κύριον
1811 4428 1840 4480 6
1875 4427 2012 4481 Ἰούο

2113 1953 2369 2008 culorum
2394 1953 2708 2024 cognitione
2730 1954 3074 2023 scientiaque
3095 1956 3507 2024 complectitur.
3565 1953 3698 2008 Cor-

2111 2060 2216 2115 pus
2247 2046 2394 2100 enim
2423 2061 2535 2099 non
2567 2059 2678 2100 uno
2726 2045 2848 2101 loco
2901 2044 3222 2116 Scripturae,
3278 2043 3704 2100 Tabernaealum

2109 2142 2195 2190 est
2219 2135 2578 2204 appellatum.

2181 2228 2346 2282 Vens.
2380 2228 2433 2282 9.
2470 2227 2616 2282 Meus
2640 2235 2716 2280 est
2743 2226 2975 2293 Galaad,
3009 2238 3057 2283 et
3087 2245 3232 2283 meus
3265 2238 3342 2283 est
3382 2229 3657 2286 Manasses
3681 2245 3704 2286 :

2111 2327 2161 2372 et
2187 2318 2447 2389 Ephraim
2469 2318 2726 2389 fortitudo
2760 2320 2948 2389 capitis
2975 2320 3100 2374 mei.

2181 2496 2584 2572 Galaad,juxta
2609 2513 2772 2552 unam
2804 2498 2970 2570 hujus
3001 2499 3242 2554 nominis
3290 2499 3707 2571 interpretatio-
3736 2538 3742 2543 -

2109 2605 2260 2653 nem,
2290 2589 2549 2644 revelatio
2572 2599 2657 2645 est
2689 2607 2701 2642 :
2728 2590 2976 2645 Manasse
3009 2599 3216 2656 autem,
3241 2592 3286 2646 si
3311 2608 3514 2646 nomen
3538 2593 3707 2648 inter-

2109 2681 2370 2752 preteris,
2396 2681 2709 2736 oblivionem
2733 2690 2915 2737 sonat.
2957 2682 3153 2737 Merito
3188 2691 3373 2738 autem
3439 2685 3706 2739 revelatio

2109 2787 2175 2827 ac
2207 2772 2414 2826 oblivio
2441 2773 2593 2843 justo
2625 2772 2976 2842 contingunt,
3033 2774 3127 2842 qui
3181 2789 3378 2843 nempe
3425 2790 3523 2844 per
3575 2791 3707 2830 con-

2110 2862 2745 2946 templationemarcana
2778 2863 3066 2930 doceatur,
3086 2865 3421 2934 virtutisque
3450 2866 3703 2921 laborum

2109 2955 2490 3020 obliviscatur,
2515 2971 2616 3026 per
2644 2971 2766 3010 eam
2789 2972 2912 3026 quae
2941 2957 3208 3011 virtutum
3243 2957 3552 3018 laboribus.
3586 2958 3705 3028 spi-

2109 3047 2287 3101 ritalis
2303 3047 2788 3117 contemplationis
2804 3048 3126 3119 jucunditas
3153 3049 3421 3105 succedit.
3442 3050 3707 3119 Ephraim

2111 3140 2373 3210 denique,
2408 3139 2453 3195 si
2485 3155 2688 3195 nomen
2711 3139 3116 3211 interpreteris,
3141 3140 3513 3195 dilatationem
3539 3142 3710 3209 signi-

2117 3230 2264 3294 ﬁcat,
2301 3230 2448 3301 quod
2481 3239 2567 3285 est
2591 3237 2743 3285 certa
2773 3230 3061 3300 ﬁrmaque,
3091 3247 3193 3301 pro
3223 3231 3347 3285 ﬁdei
3377 3231 3585 3285 ratione
3611 3230 3711 3286 bo»

2114 3338 2314 3376 norum
2348 3322 2667 3376 futurorum
2719 3336 2876 3391 spes;
2917 3337 3039 3390 qua:
3091 3321 3228 3390 ipsa,
3290 3323 3556 3392 susceptio
3610 3336 3706 3376 seu

2113 3415 2347 3484 defensio
2368 3414 2564 3484 capitis
2579 3413 2718 3484 justi
2749 3423 2854 3477 est,
2884 3413 2937 3466 id
2981 3423 3085 3474 est,
3119 3412 3268 3467 ﬁdei.
3331 3412 3524 3467 Omnis
3557 3413 3708 3468 enim

2110 3506 2242 3577 justi
2271 3514 2457 3575 caput,
2497 3504 2634 3560 ﬁdes
2665 3513 2772 3569 est,
2808 3504 3102 3574 omnisque
3129 3504 3259 3559 boni
3289 3504 3497 3574 operis.
3532 3491 3708 3575 Hujus

2113 3605 2298 3650 autem
2328 3595 2558 3650 ﬁrmitas
2623 3610 2689 3650 ac
2745 3594 3016 3648 fortitudo
3049 3593 3360 3663 roburque,
3387 3594 3705 3649 futurorum

2113 3687 2389 3742 bonorum
2417 3702 2546 3757 spes
2570 3696 2832 3742 constans
2861 3701 2924 3740 ac
2977 3686 3193 3741 stabilis
3240 3695 3358 3752 est;
3393 3702 3501 3756 qua
3542 3686 3708 3742 nimi-

2114 3793 2237 3832 rum
2259 3818 2273 3843 ,
2314 3777 2520 3841 futura,
2553 3792 2619 3832 ac
2645 3777 2689 3832 si
2716 3778 2829 3848 jam
2854 3776 3147 3846 praesentia
3186 3786 3394 3842 essent,
3435 3786 3708 3833 contuen-

2117 3876 2218 3931 tes,
2251 3866 2547 3922 dilatamur
2579 3866 2632 3920 in
2667 3865 3121 3922 tribulationibus
3139 3868 3182 3933 ',
3207 3867 3438 3923 stabiles
3467 3882 3534 3924 ac
3560 3867 3704 3923 ﬁrmi

2115 3967 2538 4030 perseverantes
2565 3957 2622 4012 in
2651 3958 3074 4014 tentationibus.

2186 4053 2349 4106 Vens.
2390 4051 2473 4106 10.
2512 4051 2725 4117 ludas,
2776 4067 2873 4105 rex
2902 4067 3046 4105 meus
3083 4067 3104 4105 :
3175 4049 3367 4116 Moab,
3428 4049 3540 4104 olla
3594 4052 3708 4124 spei

2115 4159 2246 4198 mea:
2253 4185 2264 4196 .

2184 4249 2375 4313 Judas,
2400 4249 2446 4304 si
2469 4263 2672 4303 nomen
2697 4247 3106 4318 interpreteris,
3126 4247 3506 4317 confessionem
3525 4254 3704 4303 sonat.

2115 4343 2247 4410 Qua:
2276 4343 2424 4397 enim
2452 4343 2508 4396 in
2534 4342 2794 4412 precibus
2817 4340 3090 4396 confessio
3105 4348 3213 4406 est,
3239 4355 3402 4394 omne
3426 4340 3480 4393 in
3501 4341 3709 4394 sanctis

2118 4435 2326 4491 bonum
2375 4435 2716 4506 auspicatur.
2753 4435 2942 4489 Potest
2977 4445 3162 4488 autem
3202 4432 3368 4488 etiam
3419 4431 3589 4488 Iudas
3647 4440 3711 4486 ut

417 4517 518 4581 δας
550 4533 566 4549 ⁸
603 4518 662 4582 ὃς
710 4521 860 4573 ἐστιν
915 4519 1169 4590 ἀληθινὸς
1224 4518 1480 4590 βασιλεὺς
1507 4519 1602 4572 τοῦ
1632 4520 2007 4590 πνευματικοῦ

2121 4528 2340 4583 Domini
2366 4527 2537 4598 ﬁgura
2571 4525 2828 4596 intelligi,
2864 4525 2958 4596 qui
2996 4534 3082 4579 est
3108 4540 3277 4580 verus
3317 4533 3415 4579 rex
3438 4522 3706 4594 spiritalis

430 4611 656 4682 Ἰσραὴλ
682 4612 776 4664 καὶ
807 4610 1040 4681 ὁρῶντος
1064 4611 1196 4664 Θεόν
1229 4628 1244 4644 ο
1277 4613 1305 4664 ὁ
1336 4611 1476 4681 ὑπὲρ
1521 4612 1678 4681 ἡμῶν
1714 4611 1878 4683 ἡνίκα
1915 4613 2008 4680 γέ-

416 4719 582 4771 γονεν
616 4701 922 4773 ἄνθρωπος.
957 4701 1452 4772 ἐξομολογούμενος
1473 4704 1610 4774 πρὸς
1642 4704 1732 4756 τὸν
1763 4704 2010 4774 Πατέρα,

419 4795 522 4847 καὶ
586 4794 793 4863 λέγων,
847 4795 1360 4866 Ἐξομολογοῦμαί
1431 4810 1553 4862 σοι,
1594 4795 1786 4865 Πάτερ
1859 4796 2010 4866 ἅγιε.

419 4885 602 4939 Μωὰϐ
639 4886 715 4947 δὲ,
740 4886 988 4956 ἔντερον
1015 4887 1241 4955 πατρὸς
1274 4887 1349 4958 (g)
1385 4889 1774 4958 ἑρμηνεύεται,
1810 4891 2014 4942 νοεῖται

419 4980 480 5033 δὲ
521 4980 581 5032 τὸ
639 4981 909 5052 ἡμέτερον
957 4981 1136 5052 σῶμα,
1170 4981 1237 5034 δι’
1264 4974 1326 5034 οὗ
1370 4982 1509 5035 κατὰ
1566 4983 1666 5054 τὴν
1705 4983 2014 5054 πρακτικὴν

421 5075 748 5145 φιλοσοφίαν
769 5075 998 5148 λουτροῦ
1021 5077 1198 5148 δίκην,
1224 5079 1362 5150 ὅπερ
1389 5078 1540 5149 δηλοῖ
1560 5079 1744 5148 σαφῶς
1772 5079 1801 5130 6
1825 5079 2012 5151 λέϐης,

423 5170 457 5237 ἡ
518 5165 784 5239 κάθαρσις
831 5169 1045 5238 πέφυκε
1102 5170 1350 5240 γίνεσθαι
1407 5171 1516 5223 τῶν
1570 5172 2006 5241 ἁμαρτημάτων.

425 5260 473 5310 Κ
485 5257 714 5330 άθαρσις
737 5261 848 5332 γάρ
881 5262 1029 5314 ἐστιν
1049 5263 1077 5314 6
1098 5261 1282 5332 λέϐης,
1305 5261 1406 5333 τῆς
1432 5261 1644 5324 ἐλπίδος
1669 5276 1682 5290 ο
1709 5262 2010 5327 τουτέστιν,

502 5417 523 5448 ⁸
553 5418 698 5472 Psal.
733 5436 805 5482 IV,
836 5418 890 5471 2.
969 5416 989 5448 ⁵
1018 5416 1210 5472 Matth.
1244 5432 1317 5480 xx,
1348 5418 1438 5472 25.

501 5549 565 5636 (1)
602 5551 989 5636 Κραταίωσις.
1015 5550 1324 5636 habent,
1346 5549 1400 5612 9,
1427 5550 1520 5606 ubi
1545 5550 1744 5636 eadem
1766 5564 1869 5636 vox
1899 5547 2018 5636 ⁸Πε-

431 5619 957 5692 ιιτᾷὶεεζίἱᾱεηιηυε
989 5621 1210 5691 repetiti
1237 5637 1452 5685 versus,
1492 5631 1576 5676 est
1605 5619 2018 5692 ἀντίληψιςαα-

426 5691 644 5754 mitium,
681 5689 960 5762 susceptio,
999 5689 1161 5762 quam
1197 5701 1488 5761 utramque
1522 5707 1711 5746 vocem
1748 5689 2018 5762 Maximus

428 5763 660 5831 exponit
682 5779 698 5827 ;
723 5761 845 5817 cum
871 5763 942 5818 sit
970 5761 1084 5817 scla
1111 5762 1343 5816 variatio
1377 5762 1720 5832 interpretis.
1754 5761 2014 5829 Ephraim

431 5834 583 5902 quod
633 5833 951 5904 πλατυσμὸς
1006 5833 1276 5899 redditur,
1314 5832 1652 5905 intelligatur
1679 5833 1860 5902 ampla
1883 5846 2014 5902 pro-

2122 4621 2347 4677 lsraelis
2388 4636 2452 4675 ac
2485 4619 2728 4675 videntis
2754 4621 2949 4674 Deum.
2988 4619 3095 4672 Pro
3140 4617 3302 4672 nobis
3349 4617 3495 4671 enim
3534 4615 3713 4671 factus

2119 4713 2286 4769 homo
2311 4712 2380 4766 ad
2420 4713 2640 4766 Patrem
2683 4710 2998 4775 conﬁtetur,
3045 4708 3255 4778 aitque,
3291 4706 3557 4774 Conﬁteor
3594 4707 3708 4771 tibi,

2119 4803 2286 4859 Pater
2308 4811 2488 4856 sancte
2504 4804 2544 4855 ⁸.
2580 4801 2738 4855 Moab
2761 4811 2967 4864 autem,
2995 4801 3040 4854 si
3071 4814 3275 4853 nomen
3301 4797 3709 4866 interpreteris,

2120 4903 2206 4950 est
2234 4895 2545 4948 intestinum
2567 4894 2756 4964 patris.
2783 4892 3118 4963 lntelligitur
3141 4901 3324 4946 autem
3365 4905 3570 4960 corpus
3613 4905 3714 4945 no-

2121 4994 2295 5042 strum
2321 5004 2335 5053 ;
2357 5002 2488 5057 quo,
2517 5003 2617 5041 ceu
2647 4986 2822 5052 labro,
2847 5001 2945 5056 per
2968 5000 3088 5039 eam
3118 4983 3480 5056 philosophiae
3500 4992 3712 5053 partem

2122 5095 2245 5150 qum
2267 5079 2324 5133 in
2353 5091 2572 5134 actione
2604 5087 2859 5132 versatur
2890 5077 2966 5150 (id
2996 5077 3142 5133 enim
3169 5076 3459 5146 perspicue
3493 5075 3600 5128 olla
3634 5075 3713 5130 si-

2122 5168 2366 5242 gniﬁcat)
2385 5177 2794 5238 comparatum;
2813 5175 2876 5222 ut
2901 5165 3220 5221 cmundatio
3244 5166 3337 5220 ﬁat
3359 5171 3711 5235 peccatorum

2122 5262 2216 5318 Est
2243 5262 2391 5316 enim
2432 5260 2602 5326 lebes,
2632 5260 2790 5332 341
2819 5261 2935 5331 spei
2966 5260 3322 5328 cmundatio;
3349 5275 3472 5332 qua:
3501 5259 3711 5317 scilicet

2127 5548 2286 5621 genie
2315 5547 2621 5602 secundum
2654 5548 2801 5618 quod
2834 5548 3169 5606 fructiﬁcare
3212 5551 3487 5621 signiﬁcat
3524 5559 3581 5605 et
3628 5549 3710 5606 fe-

2128 5619 2371 5674 cundum
2405 5634 2549 5672 esse.

2201 5689 2274 5766 (9)
2316 5691 2603 5766 ξἘντερον
2649 5693 2892 5766 πατρτξς.
2933 5700 3074 5749 2m:
3120 5691 3428 5761 simplicius
3469 5710 3500 5746 a
3532 5699 3706 5766 patre,

2125 5760 2526 5834 quotLincesto
2565 5760 2862 5834 concubitu
2908 5776 2972 5815 ex
3020 5771 3175 5834 patre
3213 5760 3541 5834 susceptus,
3567 5760 3706 5819 Gen.

2123 5847 2235 5897 xxx,
2266 5831 2356 5896 37,
2390 5839 2602 5887 mutato
2623 5841 2762 5885 tzere
2786 5833 2840 5887 in
2872 5848 2974 5886 ean
3006 5831 3224 5887 rholem.
