4070 6412
410 344 522 410 867

1589 349 1650 410 S.
1691 349 1979 409 ΜΑΧΙΜΙ
2016 349 2525 413 CONF'ESSORIS

3567 362 3672 428 868

412 462 518 513 rite
548 458 816 517 institutis
838 462 966 517 vitae
986 462 1314 528 rationibus,
1363 477 1462 534 per
1512 461 1977 527 emundationem1

2091 465 2124 533 ἡ
2159 464 2248 519 διὰ
2304 465 2422 534 βίου
2471 465 2612 521 κατὰ
2671 468 2775 540 τὴν
2818 467 3099 541 κάθαρσιν
3135 471 3275 543 πρὸς
3300 472 3672 542 κληρονομίαν

412 551 480 605 ad
504 551 645 606 bona
668 554 827 609 nobis
851 554 907 609 in
923 570 1019 625 spe
1043 556 1303 626 reposita,
1338 556 1666 627 praeparatio
1690 571 1758 611 ac
1788 555 1993 611 habili-

414 656 497 697 tas
511 643 756 699 exsistit.

479 735 666 791 Potest
686 745 871 795 autem
898 755 1092 794 rursus
1118 740 1273 795 Moab
1296 741 1462 795 etiam
1494 740 1563 794 de
1594 739 1883 794 Dominica
1908 740 1994 795 iu-

407 826 730 884 earnatione
758 829 1010 901 intelligi.
1035 832 1266 901 Propter
1289 848 1390 886 nos
1408 832 1557 887 enim
1593 832 1768 887 Filius
1812 831 1993 887 homi-

408 917 496 973 nis
529 934 698 976 verus
715 921 870 976 lebes
895 923 1012 991 spei
1053 934 1255 978 nostrae
1303 923 1480 977 factus
1507 932 1593 978 est
1636 923 1987 993 exstititque;

2094 558 2201 612 τῶν
2255 562 2373 613 κατ’
2404 559 2592 613 ὲλπίδα
2642 561 3020 632 ἀποκειμένων
3080 563 3212 633 ἡμῖν
3263 564 3485 633 ἀγαθῶν
3526 568 3672 624 ἑτοι-

2137 652 2286 704 ότης.

2137 667 2196 704 on:
2271 690 2286 704 .

2096 667 2135 720 μ
2164 668 2395 797 Δὲἷαται
2426 742 2485 795 δὲ
2526 742 2689 797 πάλιν
2720 744 2974 815 νοηθῆναι
3002 745 3036 799 ὀ
3070 746 3248 802 Μωὰϐ
3289 748 3387 803 καὶ
3437 750 3521 813 εἰς
3569 749 3670 820 τὴν

2094 833 2372 904 σάρκωσιν
2408 833 2503 887 τοῦ
2534 834 2763 905 Κυρίου.
2791 832 2921 899 Υἱὸς
2961 837 3070 907 γὰρ
3092 836 3383 908 ἀνθρώπου
3426 837 3495 892 δι’
3519 840 3671 910 ἡμᾶς

2090 926 2285 995 γέγονέ
2311 943 2371 979 τε
2397 927 2492 979 καὶ
2523 927 2896 997 ἐχρημάτισεν
2921 930 2949 982 ὁ
2986 928 3240 999 ἀληθινὸς
3266 928 3429 1000 λέϐης
3447 931 3548 1002 τῆς
3577 931 3670 985 ἑλ-

407 1009 517 1065 lmc
536 1020 641 1073 est,
672 1013 767 1082 qui
801 1014 961 1068 nobis
994 1030 1062 1068 ex
1103 1026 1332 1085 peccato
1367 1023 1682 1072 contractas
1700 1015 1893 1071 sordes
1924 1032 1977 1072 at

2093 1017 2248 1080 πίδος
2280 1015 2467 1087 ἡμῶν,
2502 1015 2781 1070 τουτέστιν
2808 1017 2836 1071 ὁ
2860 1016 3123 1088 ῥυπτικὺς
3178 1017 3277 1072 καὶ
3335 1017 3670 1088 καθαρτικδς

406 1103 649 1159 maculas
668 1103 819 1159 eluat
839 1113 1003 1176 atque
1021 1106 1304 1162 emundet.

478 1300 543 1357 In
572 1300 867 1357 Idumaaam
893 1302 1172 1357 extendam
1193 1302 1615 1358 calceamentum
1645 1319 1858 1365 meum.

476 1412 732 1478 Idumaea,
755 1414 800 1469 si
839 1430 1041 1470 nomen
1079 1416 1480 1486 interpreteris,
1515 1416 1689 1471 lutum
1720 1423 1806 1470 est
1839 1416 1983 1470 rubei

407 1521 505 1559 seu
537 1504 815 1577 argillacei
842 1506 1053 1572 coloris,
1085 1515 1376 1577 potestque
1408 1507 1476 1562 de
1503 1506 1788 1560 Dominica
1819 1519 1987 1560 carne

404 1598 770 1668 exponi;qua
808 1598 875 1663 is,
903 1614 1003 1654 ceu
1048 1597 1443 1661 calceamento,
1489 1598 1558 1652 ad
1602 1597 1857 1652 homines
1902 1596 1986 1650 in-

404 1703 625 1755 gressus
655 1690 840 1755 venit;
891 1705 1016 1744 cum
1047 1689 1182 1745 alias
1211 1697 1463 1743 creatura
1511 1687 1831 1744 Creatorem
1882 1703 1986 1742 na-

2092 1108 2200 1161 τῶν
2223 1108 2289 1161 ὲκ
2311 1106 2413 1175 τῆς
2441 1105 2716 1178 ἁμαρτίας
2742 1106 3028 1180 ἡμετέρων
3061 1107 3295 1178 κηλίδων
3321 1125 3384 1162 τε
3423 1109 3520 1163 καὶ
3566 1125 3669 1181 μο-

2091 1202 2332 1272 λυσμῶν.

2153 1298 2281 1351 Ἐπί
2316 1296 2427 1364 τὴν
2469 1296 2805 1364 Ἰδουμαίαν
2825 1292 3047 1349 ἐκτενῶ
3076 1292 3144 1347 τὸ
3173 1292 3453 1364 ὑπόδημὰ
3490 1311 3632 1363 μου.

2170 1411 2443 1482 Ἰδουμαία
2467 1449 2480 1473 ,
2508 1406 2840 1477 αἱματώδης
2896 1406 3091 1475 πηλός
3124 1404 3200 1476 (lt)
3260 1404 3621 1477 ἑρμηνεύεται
3646 1421 3665 1439 ’

2087 1503 2309 1557 δύναται
2339 1502 2395 1555 δὲ
2422 1501 2695 1573 ληφθῆναι
2722 1500 2818 1553 καὶ
2847 1500 2927 1564 είς
2956 1497 3057 1570 τὴν
3085 1498 3264 1570 σάρκα
3299 1497 3394 1551 τοῦ
3416 1497 3625 1569 Κυρίου
3644 1513 3662 1529 ·

2087 1594 2152 1647 δι’
2186 1588 2252 1667 ἧς
2276 1594 2446 1665 ἐπέϐη
2470 1594 2546 1656 ὡς
2578 1592 2645 1647 δι’
2669 1592 3017 1661 ὑποδήματος
3040 1592 3156 1655 τοῖς
3184 1587 3496 1661 ἀνθρώποις
3516 1604 3535 1621 ⁸
3568 1587 3665 1642 ἄλ-

2087 1687 2195 1750 λως
2249 1687 2498 1758 χωρῆσαι
2547 1684 2639 1739 τὸν
2674 1684 2913 1755 Ποιητὴν
2953 1680 3028 1753 μὴ
3068 1681 3375 1753 δυναμένης
3409 1680 3509 1751 τῆς
3540 1680 3664 1735 κτί-

401 1789 524 1835 tura
552 1779 825 1834 inﬁnitum
857 1795 921 1836 ac
965 1780 1488 1851 incomprelteusum
1514 1792 1864 1848 nequaquam
1891 1793 1977 1833 ca-

2089 1796 2225 1841 σεως
2259 1792 2273 1809 ·
2310 1777 2538 1848 ἄπειρόν
2585 1792 2647 1828 τε
2696 1774 2791 1829 καὶ
2830 1772 3117 1845 ἁχώρητον
3154 1770 3300 1826 κατὰ
3336 1768 3502 1841 φύσιν
3527 1785 3663 1839 τυγ-

401 1886 534 1941 pere
560 1880 768 1941 posset.

471 1962 658 2017 Potest
681 1978 816 2017 vero
856 1978 1051 2018 rursus
1079 1962 1245 2018 etiam
1295 1962 1363 2017 de
1422 1963 1688 2033 cujusque
1729 1970 1982 2017 nostrum

399 2065 562 2105 carne
587 2051 854 2122 intelligi;
876 2051 933 2106 in
957 2068 1121 2123 quam
1138 2051 1489 2108 extendimus
1512 2053 1982 2107 calceamentum:

400 2140 740 2195 munientem
777 2142 992 2199 scilicet
1020 2159 1051 2197 a
1085 2142 1290 2198 diaboli
1324 2143 1509 2212 pravis
1527 2141 1748 2198 tribulis
1775 2156 1840 2197 ac
1870 2145 1982 2212 spi-

395 2229 486 2285 nis
517 2232 971 2287 exercitationem
1000 2247 1065 2287 ac
1089 2230 1511 2287 continentiam.
1536 2230 1651 2286 Hoc
1683 2231 1829 2286 enim
1865 2231 1982 2286 cal-

396 2331 747 2377 ceamentum
779 2322 1198 2392 intelligendum
1219 2331 1322 2378 est.
1351 2323 1572 2392 Absque
1600 2324 1746 2378 enim
1769 2322 1985 2378 exerci-

398 2413 625 2477 tatione,
661 2414 918 2485 seriaque
948 2407 1310 2480 continentia,
1360 2415 1478 2470 ﬁeri
1527 2431 1635 2470 non
1677 2425 1878 2487 potest,
1919 2423 1982 2470 ut

395 2506 582 2562 carnis
616 2507 750 2563 vitia
784 2517 1084 2580 expugnet,
1103 2509 1198 2580 qui
1228 2508 1452 2579 pietatis
1472 2509 1651 2565 cultor
1684 2517 1788 2576 est,
1819 2517 1876 2565 et
1907 2509 1979 2565 ad

399 2611 523 2650 eam
547 2606 790 2653 exercet.

462 2686 689 2754 Quinet
714 2704 909 2746 rursus
934 2689 1168 2769 intelligi
1202 2676 1383 2761 potest
1431 2691 1601 2747 animi
1631 2692 1976 2748 calceamen-

392 2788 535 2845 tum,
572 2781 941 2837 mortiﬁcatus
965 2798 1159 2837 sensus
1189 2784 1422 2839 rationis
1448 2785 1600 2839 cultu
1625 2791 1683 2838 et
1728 2792 1978 2840 contem-

391 2869 690 2941 plationis;
726 2887 836 2943 quo
872 2871 1090 2927 animus
1118 2873 1174 2927 in
1222 2873 1304 2928 eis
1338 2873 1606 2930 incedens
1633 2890 1756 2944 quae
1808 2889 1976 2931 sensu

389 2961 795 3031 percipiuntur;
819 2962 1040 3017 innoxie
1058 2962 1252 3018 transit
1277 2963 1447 3019 hocce
1471 2964 1733 3019 saiculum
1752 2963 1976 3031 ;'eorum

390 3054 982 3119 scilicet,.intermedio
1010 3068 1176 3109 sensu
1218 3055 1374 3109 velut
1423 3054 1821 3119 calceamento,
1862 3055 1979 3110 col-

2085 1871 2387 2015 χάέἒννῗτοαι
2424 1957 2481 2012 δὲ
2525 1957 2689 2012 πάλιν
2724 1955 2981 2029 νοηθῆναι
3016 1957 3115 2010 καὶ
3169 1957 3250 2019 είς
3284 1955 3385 2027 τὴν
3428 1954 3661 2009 ἑκάστου

2082 2055 2240 2126 ἡμῶν
2269 2053 2449 2125 σάρκα
2484 2068 2498 2084 ’
2535 2052 2623 2122 ἐφ’
2658 2043 2726 2123 ἧς
2748 2049 3064 2120 ὲκτείνομεν
3092 2047 3155 2102 τὸ
3178 2047 3430 2117 ὑπόδημα
3454 2062 3469 2078 ο
3503 2062 3664 2100 τουτο

2081 2149 2199 2204 ἐστι
2255 2147 2356 2217 τὴν
2413 2143 2759 2217 φρουροῦσαν
2786 2142 2883 2213 τὴν
2904 2141 3082 2213 ψυχὴν
3132 2140 3240 2194 ἀπὸ
3272 2139 3382 2194 τῶν
3405 2138 3664 2214 πονηρῶν

2081 2240 2176 2294 τοῦ
2235 2237 2485 2293 διαϐόλου
2524 2235 2789 2307 τριϐόλων
2838 2250 2898 2287 τε
2926 2233 3022 2288 καὶ
3059 2232 3313 2288 ἀκανθῶν
3339 2231 3575 2302 ἄσκησιν
3600 2248 3663 2284 τε

2082 2328 2177 2381 καὶ
2206 2327 2533 2398 ἐγκράτειαν
2559 2340 2571 2354 ·
2603 2324 2762 2377 τοῦτο
2781 2323 2890 2395 γὰρ
2913 2322 3018 2395 χρὴ
3040 2323 3278 2376 νοεῖσθαι
3295 2321 3357 2375 τὸ
3380 2321 3659 2393 ὑπόδημα.

2085 2421 2249 2473 Ἀνευ
2282 2420 2390 2490 γὰρ
2423 2418 2715 2488 ἀσκήσεως
2758 2417 2852 2469 καὶ
2902 2414 3166 2485 ἀκριϐοῦς
3214 2414 3562 2485 ἐγκρατείας,
3590 2413 3661 2468 τὰ

2080 2512 2181 2583 τῆς
2217 2510 2420 2583 σαρκὸς
2467 2509 2618 2580 πάθη
2656 2507 3066 2563 καταπαλαῖσαι
3113 2505 3205 2561 τὸν
3256 2505 3503 2579 ἀσκητὴν
3556 2504 3661 2575 τῆς

2081 2604 2384 2668 εὐσεϐείας,
2410 2603 2712 2673 ἀμήχανον.

2150 2696 2386 2751 Δύναται
2412 2694 2469 2748 δὲ
2517 2693 2680 2748 πάλιν
2714 2691 2973 2763 νοηθῆναι
3036 2686 3293 2761 ὑπόδημα
3331 2686 3534 2763 ψυχῆς,
3564 2688 3660 2742 καὶ

2081 2791 2113 2861 ἡ
2142 2790 2231 2844 διὰ
2282 2789 2442 2858 λόγου
2484 2786 2579 2841 καὶ
2604 2783 2835 2856 θεωρίας
2875 2781 3211 2855 νεκρωθεῖσα
3259 2779 3513 2849 αἴσθησις
3542 2795 3558 2812 θ
3590 2778 3659 2833 δι’

2077 2877 2146 2956 ἦς
2172 2880 2530 2935 ὲπιϐαίνουσα
2560 2880 2594 2950 ἡ
2641 2878 2789 2949 ψυχὴ
2829 2878 2944 2940 τοῖς
3007 2874 3307 2949 αἰσθητοῖς,
3347 2875 3441 2930 τὸν
3488 2872 3662 2929 αἰῶνα

2077 2972 2266 3027 τοῦτον
2314 2969 2566 3032 ἀϐλαϐῶς
2622 2967 3027 3039 διαπορεύεται,
3059 2967 3185 3030 τοὺς
3233 2966 3415 3021 αὐτῶν
3469 2964 3667 3034 λόγους.

2076 3064 2166 3120 διὰ
2187 3065 2362 3136 μέσης
2389 3065 2487 3135 τῆς
2514 3062 2819 3133 αἰσθήσεως
2838 3061 2914 3124 ὡς
2938 3059 3107 3132 ὗποδή
3118 3076 3305 3131 ματος,
3328 3074 3658 3129 φαντασιου-

390 3146 569 3218 ligens
591 3147 867 3211 rationes;
897 3159 1085 3201 rerum
1111 3144 1533 3216 aspectabilium
1565 3147 1742 3220 ﬁgura
1769 3146 1974 3202 forma-

2084 3134 2251 3228 μένης
2276 3158 2377 3220 τὰς
2408 3155 2517 3210 τῶν
2550 3154 2760 3226 ὁρατῶν
2781 3155 2903 3206 κατ’
2934 3147 3076 3215 εἶδος
3122 3151 3222 3206 καὶ
3252 3151 3442 3222 σχῆμα
3472 3151 3660 3218 διαφο-

390 3254 501 3309 que
526 3238 871 3294 diﬂ'erentias
905 3238 1237 3294 informante
1261 3238 1521 3309 imagine,
1560 3237 1629 3294 ad
1669 3255 1837 3295 unam
1884 3255 1975 3296 so-

390 3331 615 3401 lamque
659 3338 825 3400 atque
886 3331 1194 3402 principem
1240 3330 1515 3387 rationem
1562 3331 1978 3404 intelligendam

392 3421 936 3494 agnoscendamque.

460 3539 592 3597 Mihi
622 3537 935 3610 alienigena:
961 3538 1157 3601 subditi
1180 3548 1324 3597 sunt.

463 3651 729 3715 Veniente
775 3651 928 3711 enirn
959 3652 1195 3711 Domino
1243 3667 1345 3722 per
1389 3666 1617 3709 carnem
1675 3652 1745 3709 ad
1786 3660 1979 3711 nostra

388 3744 533 3811 loca,
567 3744 805 3816 subjecti
853 3753 984 3805 sum
1011 3745 1132 3815 ejus
1169 3743 1300 3800 forti
1365 3743 1620 3815 imperio,
1659 3760 1768 3800 non
1798 3746 1976 3800 solum

390 3849 535 3906 quos
565 3836 846 3895 destruxit
890 3834 1122 3906 spiritus
1168 3834 1466 3905 nequitiae,
1510 3836 1607 3895 sed
1657 3845 1715 3892 et
1766 3844 1978 3899 cunctae

390 3934 603 3999 gentes,
637 3935 894 3998 suscepta
922 3941 1022 3998 per
1060 3926 1410 3987 vocationem
1445 3926 1728 3998 Evangelii
1776 3927 1977 3997 praedi-

391 4021 633 4086 catione,
686 4027 854 4091 caput
902 4019 969 4081 ei,
1016 4019 1350 4082 submisere,
1405 4018 1789 4090 Subjiciuntur
1841 4036 1977 4076 vero

386 4113 563 4170 etiam
586 4113 737 4168 omni
768 4113 919 4184 justo
952 4112 1296 4183 alienigenae,
1325 4126 1451 4166 cum
1494 4110 1660 4166 missa
1684 4112 1838 4167 velut
1866 4112 1979 4169 cal-

388 4219 513 4270 ceo,
544 4204 604 4260 in
636 4218 753 4260 sua:
784 4202 971 4261 carnis
994 4210 1222 4268 terram,
1265 4202 1476 4274 peccati
1518 4202 1695 4274 legem
1740 4202 1975 4258 mortiﬁ-

385 4303 552 4351 cante
585 4294 951 4359 continentia,
1006 4295 1210 4351 nedum
1243 4293 1301 4349 in
1328 4311 1393 4349 ea
1421 4294 1702 4351 latitantes
1737 4294 1976 4350 immun-

388 4384 492 4447 dos
514 4385 748 4442 all‘ectus
786 4385 1032 4459 vitiaque
1062 4385 1399 4451 edomuerit,
1444 4385 1543 4443 sed
1574 4386 1740 4443 etiam
1776 4401 1970 4442 eorum

2085 3249 2184 3322 ρας
2227 3249 2602 3319 ἀναλεγομένη
2643 3245 2782 3328 ,πρὸς
2833 3244 2932 3317 τὴν
2994 3244 3087 3299 τοῦ
3122 3242 3241 3308 ἐνὸς
3292 3242 3456 3315 μόνου
3481 3259 3541 3296 τε
3565 3241 3660 3297 καὶ

2082 3342 2314 3417 ἀρχικοῦ
2346 3342 2504 3412 Λόγου
2536 3339 2749 3395 σύνεσιν
2771 3337 2866 3393 καὶ
2894 3337 3212 3408 ἐπίγνωσιν.
3268 3342 3273 3351 ‘

2371 3561 2534 3633 Ἐμοὶ
2562 3561 2913 3632 ἀλλόφυλοι
2941 3558 3358 3630 ὑπετάγησαν.

2164 3653 2360 3709 Ἦνίκα
2379 3652 2489 3724 γὰρ
2516 3651 2604 3708 διὰ
2644 3651 2847 3725 σαρκὸς
2862 3653 2976 3716 τοῖς
2999 3650 3120 3705 καθ’
3151 3652 3296 3724 ἡμᾶς
3319 3650 3657 3723 ὲπεχωρίασι

2075 3745 2263 3809 τόποις
2294 3747 2322 3799 ὁ
2351 3744 2575 3817 Κύριος,
2602 3744 2853 3813 ὑπετάγη
2882 3743 2960 3814 τῷ
2992 3743 3185 3814 κράτει
3208 3743 3309 3813 τῆς
3340 3742 3523 3815 ἰσχύος
3550 3743 3652 3800 αὐ-

2075 3836 2170 3891 τοῦ
2197 3853 2212 3869 ο
2241 3836 2302 3889 οὐ
2335 3836 2493 3906 μόνον
2515 3835 2932 3908 καταργηθέντα
2960 3835 3028 3889 τὰ
3069 3832 3358 3907 πνεύματα
3409 3836 3511 3908 τῆς
3555 3853 3656 3892 πο-

2077 3929 2296 4002 νηρίας,
2342 3928 2480 3982 ἀλλὰ
2524 3928 2619 3981 καὶ
2669 3927 2847 3980 πάντα
2868 3927 2936 3980 τὰ
2968 3926 3096 3998 ἔθνη
3119 3925 3390 3997 δεξάμενα
3435 3926 3524 3982 διὰ
3557 3930 3656 3999 τῆς

2052 4021 2324 4094 ,κλήσεως
2376 4019 2470 4076 τοῦ
2520 4017 2855 4089 Εὐαγγελίου
2894 4017 2957 4073 τὺ
2996 4018 3298 4091 κήρυγμα,
3326 4018 3605 4090 ὑπέκοψεν
3635 4034 3652 4050 ο

2077 4114 2477 4169 ὑποτάσσονται
2511 4112 2568 4166 δὲ
2593 4111 2691 4166 καὶ
2715 4111 2877 4165 παντὶ
2907 4110 3101 4181 δικαίῳ
3130 4111 3180 4164 οἱ
3200 4109 3507 4180 ἀλλόφυλοι,
3539 4108 3654 4181 ἠνί-

2074 4225 2150 4262 κα
2179 4204 2453 4262 ἐπιϐαλὼν
2483 4203 2671 4276 ὥσπερ
2708 4202 2966 4275 ὑπόδημα
2985 4205 3051 4273 τῇ
3075 4204 3146 4274 γῇ
3179 4202 3281 4273 τῆς
3323 4201 3527 4276 σαρκὸς
3554 4201 3679 4256 αὐ--

2072 4299 2169 4354 τοῦ
2202 4299 2302 4370 τὴν
2352 4294 2656 4368 πκροῦσαν
2690 4294 2782 4349 τὸν
2816 4296 2980 4368 νόμον
3017 4294 3120 4365 τῆς
3149 4291 3420 4365 ἁμαρτίας
3447 4292 3653 4365 ἐγκρά-

2075 4408 2249 4455 τειαν,
2282 4387 2556 4458 δαμάσσει
2584 4386 2647 4440 οὐ
2679 4385 2840 4458 μόνον
2857 4385 2927 4440 τὰ
2950 4385 3340 4457 ὲμφωλεύοντα
3352 4385 3492 4459 αὐτῇ
3517 4386 3651 4440 ἀκά-

383 4483 647 4531 anctores
681 4489 746 4533 ac
787 4474 1106 4531 incentores
1136 4474 1510 4545 nequissimos
1558 4473 1834 4543 daemones
1869 4475 1968 4539 da-

2079 4481 2255 4552 θαρτα
2285 4477 2457 4551 πάθη,
2487 4476 2624 4533 ἀλλὰ
2654 4477 2749 4531 καὶ
2783 4477 2910 4541 τοὺς
2936 4476 3301 4548 ἐνεργοῦντας
3329 4475 3507 4531 ταῦτα
3554 4493 3652 4531 πο-

382 4567 679 4629 struxerit.

457 4680 622 4737 Vsus.
657 4681 740 4737 li.
800 4678 931 4747 Qui:
984 4679 1202 4739 deducet
1249 4696 1333 4735 me
1391 4681 1448 4734 in
1505 4678 1773 4734 ciuitatem
1829 4693 1971 4749 pm-

382 4771 551 4828 eidii?
933 4790 937 4793 ·
1932 4766 1941 4775 ’

455 4904 704 4962 Praesidii
732 4906 947 4973 civitas,
971 4904 1157 4962 (Ξῖ-ποθ
1184 4905 1468 4978 περιοχῆς,
1494 4920 1559 4961 ac
1582 4906 1628 4961 si
1656 4905 1817 4977 342
1849 4921 1970 4960 am-

379 4997 525 5061 bitus
563 4996 717 5052 dicas
772 4995 1033 5066 valloque
1082 4996 1389 5060 munitam,
1447 4995 1720 5065 sapientia
1769 5001 1855 5050 est
1901 5010 1969 5049 ex

387 5087 579 5144 multis
641 5086 844 5143 divinis
881 5095 1047 5157 atque
1101 5084 1352 5158 mysticis
1401 5083 1970 5155 contemplationibus

380 5181 638 5245 collecta,
674 5177 1077 5234 circumuallata
1108 5193 1172 5233 ac
1198 5177 1431 5249 undique
1472 5176 1702 5241 munita,
1740 5184 1804 5230 ut
1828 5174 1970 5229 alius

377 5270 512 5342 quis
541 5270 906 5341 interpretum
929 5267 1125 5342 (ενοι,
1148 5268 1363 5341 Theod.)
1392 5268 1655 5333 reddidit,
1692 5268 1966 5323 virtutum

380 5359 796 5421 munitionibus
827 5375 893 5415 ac
916 5358 1212 5430 praesidiis.

454 5455 567 5508 Aut
605 5467 800 5508 rursus
829 5451 1025 5508 civitas
1047 5450 1287 5521 prmsidii
1317 5462 1431 5516 est,
1451 5460 1629 5507 status
1662 5444 1964 5523 ejusmodi,

380 5556 496 5616 quo
522 5543 612 5597 vir
646 5557 781 5598 vere
804 5542 932 5611 pius
959 5556 1026 5596 ac
1066 5539 1379 5611 religiosus,
1430 5539 1875 5611 inexpugnabilis
1904 5555 1969 5596 ac

453 5721 528 5844 gl!)
554 5720 896 5790 Αἱματώδης
936 5721 1294 5802 πηλόςοωτιει,
1336 5717 1543 5800 rubere,
1584 5717 1963 5800 rubrum.esse,

484 5808 560 5844 er.
609 5792 759 5844 homo
786 5831 799 5844 .
839 5800 981 5844 terra
1011 5789 1158 5844 rubr:
1195 5804 1292 5844 seu
1325 5786 1604 5844 araillacet
1644 5787 1856 5844 colam.
1897 5803 1963 5844 ex

383 5786 560 5855 ruber,
609 5786 759 5847 homo
786 5831 799 5855 ,
839 5800 981 5845 terra
1008 5786 1158 5845 rubri
1195 5804 1292 5845 seu
1325 5786 1604 5859 argillacei
1644 5787 1856 5853 coloris,
1897 5803 1964 5844 ex

2073 4573 2273 4644 νηροὺς
2295 4572 2636 4642 καταργήσει
2665 4569 2945 4643 δαίμονας.

2289 4686 2385 4751 Τίς
2412 4684 2631 4750 ἀπάξει
2657 4700 2736 4754 με
2763 4686 2852 4743 εὶ(-
2893 4685 3075 4739 πόλιν
3116 4683 3433 4757 περιοχῆς-ς

2144 4885 2306 4949 Πόλις
2337 4884 2458 4937 ἐστὶ
2490 4884 2774 4955 περιοχῆς,
2804 4885 2839 4954 ἡ
2868 4885 2931 4936 ὲκ
2961 4882 3175 4937 πολλῶν
3209 4882 3647 4954 συνηθροισμένη

2071 4978 2231 5033 θείων
2263 4978 2357 5031 καὶ
2390 4976 2669 5048 μυστικῶν
2703 4976 3075 5047 θεωρημάτων
3107 4974 3268 5045 σοφία
3306 4974 3648 5045 περιεχομέ-

2050 5087 2170 5138 -νη,
2197 5069 2366 5141 ἦγουν
2402 5066 2947 5137 περιπεφραγμένη,
2979 5065 3166 5133 καθὼς
3191 5068 3381 5140 ἕτερος
3408 5068 3516 5140 ἔφη
3538 5067 3647 5122 τῶν

2070 5161 2325 5226 ὶκδοτῶν,
2356 5162 2472 5226 τοῖς
2494 5159 2606 5215 τῶν
2637 5159 2851 5232 ἀρετῶν
2872 5157 3246 5232 ὀχυρώμασιν.

2142 5446 2216 5498 Ἦ
2274 5449 2438 5500 πάλιν
2489 5443 2644 5506 πόλις
2701 5442 2821 5496 ἐστὶ
2870 5440 3171 5512 περιοχῆς,
3217 5442 3251 5512 ἠ
3285 5439 3642 5503 κατάστασις,

2068 5535 2190 5590 καθ’
2225 5536 2292 5607 ἣν
2334 5534 2605 5598 ἀνάλωτος
2645 5534 2741 5587 καὶ
2786 5529 3241 5603 ἀπροσπέλαστος
3281 5528 3494 5600 γίνεται
3531 5531 3646 5591 τοῖς

2065 5731 2175 5786 qua
2200 5723 2265 5837 ett
2276 5728 2480 5769 nomen
2507 5711 2719 5769 homini
2746 5712 3006 5780 inditum,
3045 5713 3195 5782 quod
3217 5712 3287 5770 de
3315 5712 3411 5771 illa
3440 5709 3644 5768 forma-

2068 5795 2156 5837 ωε
2197 5800 2241 5837 Si
2268 5826 2288 5837 -

2068 5795 2156 5841 tus
2197 5795 2288 5840 Sil.
