4070 6412
410 337 514 406 869

1510 286 1918 393 EXPDSITIO
1959 333 2040 392 ΙΝ
2082 333 2449 393 PSALMUM
2488 333 2648 397 LIX.

3603 335 3712 408 870

411 445 714 519 πολεμίοις,
748 443 837 498 διὰ
890 442 990 514 τὴν
1050 439 1400 513 φρουροῦσαν
1451 439 1616 493 αὐτὸν
1669 440 1779 492 τῶν
1831 439 2004 508 ἁγίων

2123 441 2434 496 inaccessus
2475 441 2735 496 hostibus
2759 441 3018 509 edicitur,
3066 443 3216 515 quod
3245 452 3564 500 sanctarum
3594 445 3712 503 Po-

409 542 706 612 Δυνάμεων
764 534 1077 609 περιϐολὴν,
1104 535 1132 589 ὅ
1189 549 1253 602 γε
1306 531 1523 603 αληθῶς
1581 530 1843 603 θεοσεϐὴς
1905 534 2003 588 καὶ

411 633 677 705 φιλόθεος.

487 728 558 780 Ἢ
580 724 747 779 πάλιν
777 721 934 784 πόλις
983 720 1103 775 ἐστὶ
1157 718 1442 790 περιοχῆς,
1476 719 1509 788 ή
1543 716 1689 788 λόγῳ
1741 717 1838 770 καὶ
1905 715 2004 787 βίῳ

411 816 788 888 τετειχισμένη
857 813 1028 884 ψυχὴ,
1060 811 1156 867 καὶ
1205 810 1412 874 πάσαις
1466 811 1588 873 ταῖς
1640 809 1751 861 τῶν
1792 807 2003 880 ἀρετῶν

410 909 694 980 πλήθουσα
721 909 964 978 χάρισιν.

417 1013 421 1018 ·
489 1001 562 1054 Ἦ
595 998 760 1054 πάλιν
793 997 946 1060 πόλις
975 994 1095 1050 ἐστὶ
1119 995 1396 1066 περιοχῆς,
1436 995 1472 1066 ἡ
1506 993 1603 1064 τῆς
1643 991 1878 1063 ἀληθοῦς
1908 993 2003 1045 καὶ

410 1091 709 1144 ἀπταίστου
755 1087 1012 1158 γνώσεως
1062 1086 1199 1154 ἕξις,
1233 1088 1267 1157 ἡ
1305 1089 1368 1140 ἐκ
1422 1086 1637 1139 πάντων
1692 1084 1897 1155 ἠθικῶν
1942 1100 2004 1136 τε

411 1183 507 1236 καὶ
534 1181 786 1251 φυσικῶν
834 1182 931 1234 καὶ
969 1179 1299 1248 Θεολογικῶν
1331 1178 1706 1250 θεωρημάτων
1752 1194 2004 1249 «cap-.510-

414 1276 552 1347 μένη
587 1277 714 1339 ἐἰς
762 1275 830 1346 ἢν
861 1273 1137 1343 ἀπάγεται
1190 1274 1300 1336 πᾶς
1370 1271 1626 1342 εὐσεϐὴς,
1679 1271 1772 1322 ὑπ’
1837 1270 2022 1323 ἄλλου.

416 1369 516 1438 μὲν
553 1367 792 1430 οὐδενὸς.
822 1365 929 1419 ὑπὸ
987 1366 1154 1436 μόνον
1183 1364 1239 1420 δὲ
1289 1362 1384 1418 τοῦ
1445 1362 1582 1420 Θεοῦ
1633 1361 1728 1418 τοῦ
1794 1362 2003 1423 πάντας

396 1461 554 1529 ’πρὸς
596 1460 792 1513 ἑαυτὸν
835 1458 1088 1521 ἕλκοντος
1145 1458 1216 1512 δι’
1244 1456 1452 1526 ἄφατον
1506 1455 1842 1525 ἁγαθότητος
1903 1454 2003 1523 μέ·-

410 1554 594 1623 γεθος.

558 1646 640 1699 Ἦ
664 1646 757 1712 τίς
789 1643 1082 1714 ὁδηγήσει
1116 1661 1193 1712 με
1223 1643 1336 1709 ἕως
1354 1641 1464 1708 τῆς
1501 1639 1856 1709 Ἰδουμαίας.

500 1737 799 1808 Ἰδουμαία,
843 1736 1028 1800 καθὼς
1065 1735 1240 1801 ἔδειξε·
1263 1733 1554 1806 προλαϐὼν
1586 1736 1614 1789 ὁ
1645 1732 1825 1800 λόγος,
1855 1729 2004 1784 ἐστὶν

2121 538 2380 586 testatum
2412 531 2672 600 praesidio
2700 533 2939 587 vallante
2977 535 3282 591 muniatur.

2183 713 2295 768 Aut
2343 729 2538 771 rursus
2578 714 2778 770 civitas
2808 716 3054 786 praesidii
3103 717 3287 771 anima
3317 725 3422 781 est,
3460 732 3584 787 qua:
3617 732 3709 773 ra-

2117 804 2265 858 tione
2289 820 2353 858 ac
2374 805 2489 860 vita
2517 805 2733 860 munita
2764 816 2869 872 cst,
2900 806 3270 878 omnibusque
3291 807 3562 862 virtutum
3587 823 3712 878 gra-

2116 897 2207 951 tiis
2243 896 2508 951 abundat.

2184 986 2294 1043 Aut
2323 1004 2519 1047 rursus
2562 989 2761 1044 civitas
2809 996 2894 1043 est
2945 988 3212 1060 praasidii,
3247 1004 3395 1044 verae
3439 999 3714 1060 ceraeque

2113 1081 2366 1138 scientiae
2395 1082 2645 1147 habitus,
2673 1098 2838 1152 quem
2895 1083 3125 1139 moralia
3155 1082 3362 1148 omnia,
3405 1083 3711 1140 naturalia-

2112 1187 2221 1242 que
2258 1187 2326 1228 ac
2370 1173 2688 1246 theologica
2715 1175 2875 1238 scita.
2907 1190 3009 1231 ceu
3056 1175 3316 1246 praesidio
3361 1176 3609 1232 vallent:
3641 1176 3711 1230 ad

2111 1276 2290 1334 quam’
2325 1263 2622 1320 deducitur
2665 1266 2921 1336 quisquis
2962 1275 3047 1322 est
3077 1267 3301 1336 pietatis
3343 1267 3562 1332 cultor;
3600 1282 3709 1321 non

2111 1355 2220 1409 alio
2250 1355 2505 1420 ductore,
2542 1373 2710 1427 quam
2736 1359 2854 1414 solo
2885 1358 3018 1423 Deo,
3036 1358 3133 1428 qui
3161 1374 3273 1428 prae
3302 1360 3587 1416 immensae
3612 1359 3714 1413 bo-

2111 1448 2304 1504 nitatis
2325 1449 2729 1520 magnitudine,
2761 1450 2830 1505 ad
2860 1465 2920 1508 se
2953 1450 3248 1508 universos
3278 1451 3472 1506 trahit.

2183 1631 2291 1686 Aut
2312 1633 2428 1702 quis
2469 1631 2688 1687 deducet
2723 1649 2805 1687 me
2826 1649 2990 1703 usque
3015 1635 3070 1688 in
3099 1633 3447 1692 Idumwam?

2183 1723 2445 1790 Idumtea,
2479 1725 2560 1778 uti
2593 1726 2759 1796 paulo
2789 1735 2916 1780 ante
2941 1725 3242 1782 declaravit
3277 1726 3478 1792 oratio,
3530 1727 3709 1781 omnis

411 1833 446 1900 ἡ
482 1831 702 1885 πάντων
724 1829 843 1883 *τῶν
870 1829 976 1882 ὑπὸ
1019 1828 1274 1898 αἴσθησιν
1324 1827 1646 1898 κτισμάτων
1697 1827 1961 1886 σὺστασις
1985 1839 2000 1854 ο

2123 1815 2202 1869 .lla
2237 1823 2322 1871 est
2353 1832 2542 1870 rerum
2578 1816 2635 1869 in
2657 1831 2880 1873 senSum
2914 1815 3236 1872 cadentium
3273 1816 3585 1885 complexio
3634 1831 3703 1872 ac

409 1924 544 1995 περὶ
574 1923 642 1993 ἣν
673 1923 708 1992 ἡ
735 1923 792 1974 ἐν
823 1921 1100 1991 πνεύματι
1134 1919 1341 1991 φυσικὴ
1385 1918 1590 1990 θεωρία
1647 1917 2002 1974 συνίστασθαι

409 2015 626 2084 πέφυκε
670 2029 681 2041 ·
715 2013 837 2066 καθ’
866 2013 932 2084 ἢν
967 2014 1030 2066 ἐκ
1053 2011 1323 2079 καλλονῆς
1346 2013 1439 2064 καὶ
1471 2008 1738 2080 μεγέθους
1765 2007 2003 2077 κτισμά-

408 2124 522 2160 των
549 2104 833 2172 ἀναλόγως
865 2104 893 2156 6
919 2103 1301 2171 γενεσιουργὸς
1323 2101 1400 2172 τῷ
1453 2101 1697 2164 εὐσεϐῶς
1745 2099 2005 2167 ἀναλεγο-

414 2199 563 2270 μᾶνῳ
599 2197 700 2269 τὴν
737 2195 847 2250 τῶν
875 2195 1047 2250 ὅντων
1071 2194 1274 2265 γνῶσιν
1304 2195 1612 2266 Θεωρεῖται.

496 2381 566 2432 Ἤ
595 2380 847 2451 τυχὸν,ή
902 2379 1025 2432 κατ’
1081 2376 1288 2448 ἀρετὴν
1323 2375 1606 2446 πρακτικὴ
1656 2371 1748 2429 διὰ
1803 2373 2005 2446 σαρκὸς
2056 2438 2062 2442 _

413 2475 706 2544 φιλοσοφία
734 2491 750 2508 ·
787 2475 910 2529 καθ’
941 2475 1011 2544 ἢν
1061 2471 1156 2526 τοῦ
1209 2472 1368 2539 ἁγίου
1428 2469 1748 2538 Πνεύματος
1789 2468 2004 2536 γίνεται

409 2567 544 2630 ναὸς
585 2567 646 2619 τὸ
677 2566 948 2636 ἡμέτερον
986 2563 1169 2633 σῶμα,
1199 2564 1313 2624 τοῖς
1330 2560 1438 2614 τῶν
1481 2561 1716 2614 ἐντολων
1753 2575 2000 2616 συνοικο-

411 2657 748 2727 δομούμενον
783 2655 1038 2709 κάλλεσιν
1075 2671 1088 2685 ·
1127 2655 1208 2716 εἰς
1238 2654 1305 2723 ἣν
1333 2653 1361 2705 6
1401 2651 1565 2715 αὐτὸς
1603 2650 1764 2704 πάλιν
1811 2650 2003 2720 ὁδηγεῖ

413 2745 651 2819 Κύριος,
720 2746 1080 2817 χαριζόμενος
1131 2747 1247 2808 τοῖς
1302 2744 1590 2812 ἀγαπῶσιν
1671 2741 1834 2795 αὐτὸν
1905 2742 2002 2795 καὶ

411 2840 523 2892 τῶν
569 2840 863 2911 ὁρωμένων
924 2838 1021 2909 τὴν
1076 2837 1410 2906 ἐπιστήμην,
1444 2834 1539 2888 καὶ
1569 2833 1838 2886 διδάσκων
1888 2832 2000 2887 τῶν

419 2934 598 3006 μελῶν
634 2935 733 3004 τῆς
766 2934 962 3004 γηῖνης
981 2931 1185 3001 ταύτης
1217 2931 1310 2984 καὶ
1331 2929 1601 2998 ἐπικὴρου
1659 2927 1860 2997 σαρκὸς
1905 2926 2004 2996 τὴν

416 3029 705 3098 νέκρωσιν.

499 3121 589 3184 Ἣ,
642 3119 733 3174 ἵνα
753 3115 989 3172 συνελὼν
1012 3117 1170 3179 εἴπω,
1202 3114 1357 3176 πόλις
1396 3113 1514 3166 ἐστὶ
1541 3113 1802 3184 περιοχῆς
1830 3114 1863 3184 ή
1895 3111 2002 3167 τῶν

417 3213 624 3282 νοητῶν
657 3209 936 3281 γνωστικὴ
987 3209 1212 3279 Θεωρία.
1255 3203 1534 3277 Ἰδουμαία
1570 3204 1646 3268 δέ,
1671 3207 1706 3275 ἡ
1754 3205 1863 3258 τῶν
1915 3205 2002 3259 αἰ-

420 3305 632 3376 σθητῶν
687 3304 966 3373 ἐπιστήμη
996 3319 1012 3335 ο
1049 3304 1128 3364 εἰς
1169 3301 1236 3364 ἃς
1291 3299 1495 3366 ἀπάγει
1543 3313 1603 3351 τε
1635 3297 1730 3356 καὶ
1759 3297 1946 3366 ὁδηγεῖ
1969 3297 2004 3367 ἡ

424 3399 559 3468 μόνη
586 3396 680 3450 τοῦ
705 3395 840 3449 Θεοῦ
871 3396 964 3448 καὶ
1007 3394 1213 3464 πατρὸς
1255 3391 1439 3459 σοφία,
1465 3389 1494 3441 ὁ
1523 3388 1820 3460 μονογενὴς
1855 3389 2000 3452 Υἱός.

422 3488 512 3541 Διὸ
548 3489 772 3559 ἐπάγων
797 3488 824 3540 ὁ
855 3485 1172 3556 Προφήτης,
1202 3482 1368 3553 φησίν
1395 3499 1410 3514 ·

575 3665 714 3736 Οὐχ)
748 3665 829 3720 σὺ
870 3669 904 3719 ό
945 3664 1088 3730 Θεὸς
1129 3667 1161 3718 ό
1211 3664 1607 3734 ἀπωσάμενος
1638 3660 1840 3732 mide;

502 3757 804 3822 Τουτέστιν,
839 3759 919 3812 ὅτι
971 3758 1043 3810 Σὺ
1086 3756 1113 3810 ὁ
1161 3755 1292 3819 Θεὸς
1328 3757 1356 3809 6
1395 3755 1512 3810 κατ’
1560 3754 1733 3825 ἀρχάς
1765 3752 1851 3805 διὰ
1909 3749 2005 3821 τὴν

429 3849 702 3921 ἁμαρτίαν
747 3850 1110 3917 ἀπωσάμενος
1156 3849 1306 3921 ἡμᾶς
1340 3864 1354 3877 ⁸
1388 3846 1552 3910 αὐτὸς
1594 3845 1682 3898 διὰ
1720 3843 2007 3914 σπλάγχνα

424 3942 608 4006 ἐλέους
636 3959 730 3994 σου
760 3942 1131 4011 οἱκτειρήσας,
1161 3941 1400 4004 ἀπάγεις
1431 3942 1514 4002 εἰς
1538 3939 1692 3992 πόλιν
1721 3936 2004 4008 περιοχῆς,

421 4035 520 4088 καὶ
550 4034 766 4104 ὁδηγεῖς
792 4032 898 4096 ἕως
919 4031 1018 4102 τῆς
1065 4029 1388 4100 Ἰδουμαίας,
1419 4031 1559 4085 κατὰ
1583 4029 1683 4101 τὴν
1708 4027 2008 4100 προαποδε-

419 4125 654 4197 δομένην
685 4123 971 4196 ἐξήγησιν.

420 4321 534 4378 Καὶ
561 4323 674 4377 οὐκ
711 4321 1032 4388 ἐξελεύσῃ,
1072 4321 1106 4373 δ
1167 4318 1332 4386 Θεὸς,
1377 4319 1447 4372 ἐν
1493 4317 1625 4383 ταῖς
1674 4315 2011 4387 δυνάμεσιν

1125 4411 1311 4480 ἡμῶν.

2107 1907 2422 1978 congeries,
2458 1907 2606 1961 circa
2643 1922 2808 1976 quam
2838 1915 3094 1962 versatur
3114 1906 3387 1964 naturalis
3420 1907 3476 1960 in
3503 1907 3706 1977 spiritu

2106 1999 2502 2069 contemplatio
2519 2016 2533 2065 ;
2550 2014 2678 2068 qua,
2709 2015 2777 2054 ex
2805 1999 3222 2069 pulchritudine
3244 2007 3300 2054 et
3324 2001 3708 2072 magnitudine

2107 2106 2298 2150 rerum
2345 2092 2698 2154 creatarum',
2744 2107 2846 2160 per
2885 2091 3302 2162 proportionem
3343 2107 3536 2148 earum
3581 2092 3702 2162 ipse

2105 2183 2375 2240 Conditor
2434 2183 2503 2237 ab
2555 2199 2623 2237 eo
2682 2183 3025 2253 conspicitur
3055 2184 3118 2249 ",
3177 2184 3274 2254 qui
3324 2183 3568 2254 ipsarum
3616 2183 3708 2256 pie

2107 2274 2404 2332 scientiam
2445 2275 2690 2344 colligat.

2176 2365 2290 2421 Aut
2317 2365 2459 2420 forte
2495 2365 2870 2435 philosophia,
2901 2379 3000 2434 per
3036 2381 3262 2422 carnem
3297 2366 3535 2422 actionis
3576 2365 3707 2423 fun-

2107 2452 2293 2506 ctione
2319 2452 2584 2507 virtutem
2619 2453 2846 2520 colens;
2877 2469 2986 2522 qua
3018 2471 3220 2525 corpus
3242 2465 3496 2512 nostrum
3527 2455 3710 2526 Spiri-

2109 2551 2199 2598 tus
2218 2545 2395 2600 sancti
2428 2545 2695 2613 templum
2731 2544 3014 2611 ell‘ectum,
3050 2548 3438 2602 mandatorum
3471 2549 3708 2618 pulchre

2105 2637 2448 2692 ornamentis
2483 2637 2858 2690 coaediﬁcatur
2883 2655 2894 2690 :
2929 2637 2998 2691 ad
3026 2654 3191 2708 quam
3218 2640 3486 2694 Dominus
3513 2655 3710 2695 rursus

2107 2728 2357 2794 deducit,
2408 2728 2503 2797 qui
2535 2727 2898 2798 diligentibus
2935 2730 3139 2799 ipsum,
3177 2731 3344 2786 etiam
3406 2747 3592 2788 rerum
3647 2732 3707 2788 in

2105 2829 2391 2889 aspectum
2415 2818 2731 2874 cadentium
2763 2820 3049 2874 scientiam
3070 2821 3371 2891 largiatur;
3399 2823 3707 2893 doceatque

2106 2921 2344 2967 terrena:
2375 2912 2541 2984 hujus
2564 2929 2628 2967 ac
2662 2914 2914 2968 mortalis
2944 2914 3126 2968 carnis
3147 2914 3525 2970 membrorum
3561 2930 3709 2969 mor-

2108 3003 2494 3060 tiﬁcationem.

2178 3099 2329 3161 Sive,
2355 3106 2417 3151 ut
2443 3099 2635 3170 paucis
2660 3097 2970 3168 expediam,
2991 3099 3188 3155 civitas
3211 3102 3452 3170 praesidii
3486 3118 3551 3158 ac
3578 3119 3705 3158 mu-

2113 3191 2421 3246 nitionibus
2447 3191 2649 3254 cincta,
2690 3191 2849 3244 docta
2878 3199 2963 3245 est
2994 3208 3182 3246 rerum
3209 3193 3542 3264 spiritalium
3569 3209 3707 3252 con-

2115 3286 2421 3355 templatio.
2450 3285 2686 3340 ldumaea
2719 3300 2876 3350 vero,
2907 3301 3124 3350 eorum,
3183 3303 3305 3356 quae
3336 3303 3498 3342 sensu
3521 3287 3704 3359 perci-

2112 3379 2363 3447 piuntur,
2387 3376 2654 3442 scientia;
2691 3377 2760 3434 ad
2793 3393 2932 3446 quas
2976 3377 3204 3434 deducit
3232 3378 3556 3450 dirigitque,
3601 3379 3698 3449 qui

2112 3470 2226 3523 sola
2287 3469 2385 3524 Dei
2439 3467 2704 3537 sapientia
2742 3468 2794 3530 ‘L,
2843 3467 3162 3538 unigenitus
3228 3470 3400 3528 Filius
3464 3471 3702 3528 exsistit.

2111 3560 2482 3627 Quamobrem
2517 3559 2761 3612 subdens
2779 3559 3078 3628 Propheta,
3112 3561 3232 3615 ait:

2181 3653 2347 3708 Vsus.
2395 3651 2462 3703 12
2508 3650 2696 3703 Nonne
2729 3658 2807 3712 tu,
2858 3649 3016 3713 Deus,
3043 3651 3134 3720 qui
3159 3651 3404 3721 repulisti
3429 3653 3564 3707 nos?

2184 3744 2302 3799 Hoc
2331 3751 2438 3806 est,
2465 3752 2525 3796 tu
2548 3742 2714 3805 Deus,
2749 3741 2898 3810 quia
2929 3741 3210 3812 principio
3245 3754 3476 3812 propter
3503 3759 3704 3813 pecca-

2115 3843 2228 3890 tum
2243 3849 2345 3888 nos
2376 3831 2643 3902 repulisti,
2675 3830 2790 3898 ipse
2819 3840 3045 3901 prOpter
3073 3833 3284 3888 viscera
3307 3834 3708 3890 misericordias

2116 3937 2226 3984 tuae
2253 3925 2538 3988 misertus,
2575 3921 2820 3978 deduce:
2875 3939 2979 3982 nos
3011 3924 3066 3977 in
3124 3924 3407 3980 civitatem
3459 3926 3706 3995 praesidii

2113 4016 2276 4090 343
2325 4023 2489 4086 atque
2545 4015 2854 4080 munitam;
2898 4015 3206 4085 ductorque
3255 4018 3368 4072 eris
3411 4033 3587 4087 usque
3646 4020 3704 4074 in

2115 4113 2436 4176 ldumaaam,
2467 4110 2623 4181 juxta
2656 4106 3059 4178 expositionem
3095 4109 3151 4162 in
3173 4109 3558 4178 superioribus
3588 4119 3705 4166 tra-

2115 4203 2307 4258 ditam.

2186 4330 2259 4385 Et
2283 4347 2387 4383 non
2414 4327 2723 4399 egredieris,
2749 4326 2914 4394 Deus,
2947 4327 3005 4380 in
3035 4326 3348 4380 exercitibus
3383 4329 3600 4381 nostris.

496 4507 572 4559 Οὐ
605 4506 717 4576 γὰρ
752 4504 1089 4572 ἐξελεύσεται
1112 4503 1140 4555 ὁ
1165 4502 1296 4564 Θεὸς
1330 4503 1388 4554 ἐν
1432 4500 1512 4571 τῷ
1551 4501 1637 4569 ἐφ’
1675 4499 1852 4570 ἑαυτῷ
1883 4498 2010 4573 Θαρ-

2183 4501 2307 4556 Non
2327 4499 2477 4554 enim
2507 4500 2654 4555 Deus
2677 4515 2802 4555 cum
2831 4500 2926 4555 illo
2958 4501 3298 4571 egredietur,
3319 4502 3412 4572 qui
3449 4502 3504 4556 in
3526 4503 3715 4573 seipse

419 4597 636 4671 ροὖντι,
698 4599 792 4650 καὶ
840 4597 933 4648 ἐπὶ
970 4595 1047 4667 τῷ
1075 4595 1212 4664 τόξῳ
1239 4593 1536 4658 ἐλπίζοντι,
1565 4592 1708 4646 κατὰ
1745 4592 1842 4661 τὴν
1886 4594 2014 4663 ῥομ-

419 4688 594 4758 φαίαν
626 4686 1052 4758 ἐπιγραφομένῳ
1092 4685 1284 4738 ἐαυτοῦ
1310 4687 1594 4754 σωτήριον.
1636 4682 1776 4736 Ἀλλ’
1809 4685 1866 4735 ἐν
1898 4685 2012 4744 τοῖς

415 4783 482 4834 ὲν
506 4779 656 4852 αὐτῷ
689 4780 768 4850 τῷ
789 4779 906 4848 Θεῴ
934 4777 1250 4848 κερατιοῦσι
1285 4777 1410 4839 τοὺς
1446 4775 1694 4846 ἐχθροὺς,
1721 4775 1816 4829 καὶ
1844 4774 1903 4826 ἐν
1932 4773 2010 4843 τῷ

415 4872 650 4943 ὀνόματι
697 4871 861 4925 αὑτοῦ
896 4869 1231 4936 ἐξουδενοῦσι
1263 4869 1385 4932 τοὺς
1428 4867 1890 4937 ἐπανισταμένους
1915 4867 2011 4920 αὑ-

413 4963 556 5027 τοῖς,
598 4959 826 5022 εἰκότως
853 4960 881 5011 ὁ
913 4959 1046 5022 Θεὸς
1078 4957 1420 5026 ἐξελεύσεται
1455 4959 1590 5027 πρὸς
1616 4957 1706 5009 τὸν
1735 4956 1879 5010 κατὰ
1899 4956 2008 5009 τῶν

416 5054 674 5124 ἀοράτων
700 5052 793 5123 ἐχο
801 5051 910 5124 ρῶν
940 5051 1199 5120 πόλεμον.

416 5147 536 5213 Δὸς
572 5145 717 5215 ἡμῖν
747 5143 1040 5214 ,ϐοήθειαν
1072 5143 1141 5195 ἐκ
1177 5142 1459 5210 θλίψεως,
1493 5140 1588 5195 καὶ
1642 5142 1867 5210 ματαία
1896 5156 2012 5195 σω·

957 5236 1129 5303 τηρία
1146 5233 1480 5303 ἀνθρώπου.

500 5328 779 5392 Εὑκτικῶς
807 5328 985 5384 δέεται
1012 5326 1106 5380 τοῦ
1141 5327 1276 5380 Θεοῦ
1308 5327 1403 5381 καὶ
1424 5327 1677 5398 Σωτῆρος
1727 5328 1792 5380 ὲκ
1840 5343 2012 5396 προσ-

417 5421 573 5476 ώπου
624 5423 725 5494 τῆς
759 5422 949 5493 κοινῆς
1000 5420 1262 5491 φύσεωςό
1294 5421 1607 5491 Προφήτης,
1641 5418 1859 5489 δοθῆναι
1884 5421 2014 5490 ἡμῖν

419 5515 680 5588 βοήθειαν
737 5515 802 5568 ἐκ
855 5514 954 5584 τῆς
998 5512 1230 5582 θλίψεως
1260 5528 1274 5541 ·
1305 5512 1505 5583 δηλαδὴ
1545 5511 1645 5581 τῆς
1676 5512 2015 5594 κατασκεδα-

421 5607 650 5676 σοείσης
679 5607 781 5678 τῆς
824 5606 1036 5676 φύσεως
1081 5603 1170 5657 διά
1211 5602 1311 5675 τὴν
1351 5601 1647 5672 ἁμαρτίαν,
1708 5601 1801 5654 καὶ
1850 5601 2012 5673 μέχρι

506 5776 525 5806 ⁷
567 5773 694 5843 Sep.
727 5787 842 5836 xm,
875 5771 928 5826 5.
988 5769 1026 5845 7°
1057 5768 1079 5824 Ι
1113 5767 1242 5824 Cor.
1277 5783 1315 5835 ι,
1363 5766 1454 5824 24.
1533 5767 1552 5797 °
1587 5767 1731 5821 Psal.
1763 5784 1911 5833 mn,
1945 5767 1998 5830 6,
2036 5770 2084 5824 7.

2113 4593 2367 4656 conlidit,
2403 4601 2697 4662 speratque
2730 4592 2787 4646 in
2822 4609 2954 4647 arcu
2980 4609 3103 4658 suo,
3151 4609 3215 4650 ac
3253 4595 3348 4664 qui
3390 4595 3574 4664 gladio
3606 4611 3714 4654 suo

2113 4686 2348 4740 salutem
2394 4685 2627 4738 ascribit
2661 4702 2675 4739 :
2717 4685 2812 4739 sed
2838 4701 2962 4739 cum
2994 4684 3085 4750 iis,
3116 4686 3209 4755 qui
3243 4687 3296 4739 in
3322 4687 3440 4755 ipso
3472 4687 3713 4743 Domino

2113 4777 2371 4834 inimicos
2423 4775 2770 4832 ventilabnnt
2811 4791 3023 4841 cornu,
3080 4786 3137 4831 et
3182 4777 3236 4830 in
3281 4778 3400 4846 ejus
3457 4779 3690 4835 nomine

2113 4878 2381 4939 spernent
2418 4869 2766 4939 insurgentes
2805 4869 2859 4923 in
2893 4870 3042 4938 ipsos
3072 4870 3114 4935 °,
3142 4869 3342 4923 merito
3375 4870 3522 4925 Deus
3543 4886 3706 4940 egree

2113 4960 2318 5026 dietur,
2346 4961 2412 5015 ad
2449 4961 2846 5015 conferendum
2880 4960 3146 5015 adversus
3172 4960 3483 5016 invisibiles
3511 4962 3712 5018 hostes

2113 5054 2395 5122 praelium.

2185 5144 2348 5198 Vens.
2386 5145 2473 5197 15.
2511 5144 2592 5198 Da
2625 5145 2772 5198 nobis
2836 5144 3099 5199 auxilium
3131 5145 3195 5198 de
3229 5144 3608 5214 tribulatione;
3658 5156 3712 5209 et

2112 5253 2251 5290 vana
2285 5235 2431 5290 salus
2453 5238 2705 5302 hominis,

2192 5329 2478 5383 Precantls
2507 5341 2658 5383 more
2701 5329 2876 5384 Deum
2910 5345 2976 5384 ac
3003 5328 3347 5387 Salvatorem
3387 5330 3705 5387 communis

2119 5419 2340 5491 generis
2373 5422 2596 5476 nomine
2625 5430 2780 5491 rogat
2807 5422 3101 5491 Propheta,
3138 5433 3199 5479 ut
3227 5424 3390 5479 detur
3419 5423 3580 5479 nobis
3605 5437 3711 5476 au-t

2120 5511 2314 5565 xilium
2343 5512 2411 5567 de
2444 5510 2831 5578 tribulatione;
2856 5528 2980 5581 quae
3003 5515 3212 5569 scilicet
3240 5522 3474 5584 propter
3500 5527 3707 5581 peccao.

2123 5611 2236 5656 tum
2269 5602 2322 5657 in
2365 5611 2618 5658 naturam
2676 5601 2785 5658 late
2829 5602 3005 5659 eﬂusa
3035 5613 3144 5670 est,
3179 5612 3344 5680 atque
3376 5603 3443 5658 ad
3497 5602 3707 5667 inferni
