4070 6422
409 349 510 410 871

1672 325 1960 410 ΜΑΧΙΜΙ
1998 349 2508 414 CONFESSORIS

3567 346 3676 412 872

410 476 583 530 usque
615 469 802 530 portas
833 474 954 514 eam
989 457 1214 528 premit.
1244 459 1342 514 Est
1364 459 1536 523 enim,
1599 467 1659 512 ιιι
1702 460 1980 525 existimo,

2087 462 2196 516 τῶν
2243 461 2338 515 τοῦ
2391 462 2522 534 ᾇδου
2573 460 2758 517 πυλῶν
2802 458 2974 532 αὐτὴν
3020 457 3455 530 καταπιεσάσης.
3484 458 3676 530 eum;

409 551 711 614 tribulatio,
734 550 928 604 mortis
959 549 1080 604 dira
1102 551 1206 615 vis,
1257 566 1321 605 ac
1355 550 1692 616 dominatio;
1718 551 1983 604 auxilium

403 658 560 704 vero,
598 641 752 694 ﬁrma
781 657 879 710 per
934 642 1166 712 gratiam
1235 641 1665 697 resurrectionis
1726 657 1895 712 spes:
1927 643 1984 697 in

403 749 566 801 quam
590 732 920 802 aspicientes
971 735 1046 803 pii
1087 734 1363 800 homines,
1412 735 1609 790 mortis
1632 735 1978 802 mmstitiam,

403 827 553 879 nulla
587 824 812 879 tristitia
834 839 931 879 seu
966 825 1155 880 dolore
1181 825 1419 890 subacti,
1443 825 1698 880 tolerant.

469 1007 579 1060 Aut
602 1021 794 1060 rursus
816 1004 1104 1060 tribulatio
1128 1014 1246 1071 est,
1273 1005 1368 1074 qui
1396 1004 1620 1058 virtutis
1644 1019 1808 1059 causa
1829 1003 1988 1058 labor

401 1098 734 1168 suscipitur:
779 1100 1048 1154 auxilium
1075 1114 1230 1164 vero,
1251 1115 1373 1169 quae
1399 1115 1500 1170 per
1529 1098 1627 1154 Dei
1649 1099 1877 1169 gratiam
1906 1098 1985 1153 illi

400 1208 588 1248 comes
642 1201 747 1258 est,
797 1191 1259 1262 imperturbatio;
1304 1193 1393 1246 cui
1453 1200 1769 1262 comparata
1803 1190 1987 1246 omnis

401 1284 691 1338 hominum
718 1283 888 1348 salus,
923 1284 1139 1338 vanitas
1159 1292 1244 1338 est
1271 1299 1596 1353 merumque
1627 1283 1766 1338 nihil
1789 1290 1848 1338 ct
1867 1296 1988 1338 ces-

401 1375 564 1430 satio.
596 1374 654 1430 ld
675 1375 824 1428 enim
850 1374 1052 1445 merito
1071 1374 1370 1430 vanitatem
1404 1375 1699 1446 intelligas.

468 1467 630 1521 Vens.
669 1467 754 1521 14.
785 1465 848 1520 In
876 1465 986 1519 Deo
1013 1467 1274 1536 faciamus
1327 1470 1610 1528 virtutem:
1645 1475 1696 1522 et
1744 1468 1858 1539 ipse
1914 1467 1986 1522 ad

399 1555 627 1612 nihilum
659 1556 878 1610 deducet
907 1556 1223 1612 tribulantes
1242 1575 1356 1611 nos.

467 1659 527 1714 In
554 1660 665 1714 Deo
705 1659 915 1714 faciunt
962 1661 1248 1724 virtutem,
1279 1661 1375 1730 qui
1429 1676 1538 1716 non
1581 1660 1684 1715 sibi
1725 1660 1857 1730 ipsis
1883 1660 1985 1714 tri-

396 1747 578 1804 buunt
602 1749 869 1804 virtutum
895 1749 1160 1815 facinora,
1181 1765 1361 1819 neque
1379 1765 1492 1805 suae
1511 1748 1797 1819 sapientia:
1816 1747 1988 1803 ascri-

2087 555 2218 626 γὰρ,
2243 555 2364 608 κατ’
2395 554 2498 624 ἐμὲ
2536 553 2721 624 φάναι,
2754 555 2788 623 ἡ
2823 551 2920 606 τοῦ
2954 551 3182 606 θανάτου
3215 552 3310 605 καὶ
3336 549 3437 619 τῆς
3469 549 3677 620 φθορᾶς

2086 646 2204 698 ἐστι
2225 646 2480 717 τυραννὶς
2509 647 2606 699 καὶ
2626 645 2953 718 ἐπικράτεια
2981 659 2995 672 ⁸
3025 643 3246 714 βοήθεια
3283 643 3361 704 δὲ,
3404 644 3438 713 ή
3467 641 3555 696 διὰ
3576 645 3675 714 τῆς

2086 737 2307 808 χάριτος
2360 736 2556 807 βεσαια
2605 737 2707 808 τῆς
2749 737 3099 799 ἀναστάσεως
3165 733 3320 797 ἐλπίς
3351 751 3365 765 ο
3421 733 3563 804 πρὸς
3605 733 3675 806 ἢν

2085 829 2402 899 ἀφορῶντες
2454 831 2504 882 oi
2550 829 2818 896 εὐσεϐεῖς,
2847 828 2946 899 τὴν
2973 827 3068 880 τοῦ
3105 826 3339 880 θανάτου
3369 827 3676 898 κατήφειαν

2085 920 2307 984 ἀλύπως
2339 919 2712 990 διαφέρουσιν.

2158 1014 2232 1066 Ἦ
2288 1012 2452 1067 πάλιν
2511 1013 2695 1082 θλίψις
2753 1011 2922 1078 ἐστὶν,
2984 1012 3012 1064 ὁ
3065 1009 3205 1079 ὑπὲρ
3233 1008 3436 1080 ἀρετῆς
3465 1005 3628 1069 πόνος
3657 1021 3674 1036 ⁸

2087 1103 2312 1175 βοήθεια
2364 1104 2443 1166 δέ,
2499 1107 2532 1175 ὴ
2563 1104 2754 1158 τοῦτον
2791 1101 3145 1174 διαδεχομένη
3176 1100 3318 1154 κατὰ
3349 1097 3484 1152 Θεοῦ
3515 1097 3676 1168 χάριν

2087 1197 2365 1250 ἀπάθειαο
2408 1197 2546 1270 πρὸς
2585 1197 2652 1268 ἢν
2709 1198 2860 1250 πᾶσα
2910 1192 3315 1264 συγκρινομένη
3369 1191 3676 1262 ἀνθρώπων

2088 1290 2351 1360 σωτηρία,
2409 1288 2710 1359 ματαιότης
2759 1289 2879 1340 ἐστὶ
2913 1287 3010 1340 καὶ
3038 1284 3307 1355 παντελὴς
3339 1280 3674 1352 ἀνυπαρξία.

2086 1379 2258 1434 Τοῦτο
2283 1380 2390 1452 γὰρ
2428 1379 2636 1434 δίκαιον
2667 1377 2906 1433 νοεῖσθαι
2933 1377 3032 1449 τὴν
3066 1376 3428 1448 ματαιότητα.

2099 1473 2200 1528 Ἑν
2229 1470 2308 1537 τῷ
2342 1469 2464 1536 Θεῷ
2489 1469 2825 1540 ποιήσομεν
2851 1469 3134 1538 δύναμιν,
3167 1467 3262 1521 καὶ
3289 1465 3474 1530 αὐτὸς
3507 1464 3675 1529 ἐξου-

2367 1561 2618 1616 δενώσει
2655 1562 2801 1626 τοὺς
2845 1562 3168 1625 θλίϐοντας
3211 1556 3389 1627 ἡμᾶς.

2168 1653 2256 1706 Ἐν
2285 1652 2364 1724 τῷ
2395 1652 2514 1724 Θεῷ
2547 1651 2761 1706 ποιοῦσι
2793 1652 3047 1722 δύναμιν,
3079 1651 3129 1704 oi
3171 1648 3246 1720 μὴ
3277 1648 3673 1718 ἐπιγράφοντες

2087 1747 2302 1810 ἑαυτοῖς
2337 1744 2448 1800 τῶν
2477 1745 2692 1818 ἀρετῶν
2725 1745 2796 1799 τὰ
2830 1742 3254 1815 κατορθώματα,
3287 1741 3422 1812 μηδὲ
3446 1743 3512 1811 τῇ
3543 1741 3672 1793 ἐαυ-

397 1839 557 1906 bunt,
615 1840 763 1911 quod
819 1841 1005 1895 divina
1057 1841 1316 1912 mysteria
1359 1839 1870 1910 comprehendunt;
1923 1837 1980 1892 in

2090 1837 2199 1890 τῶν
2227 1837 2390 1909 σοφίᾳ
2421 1838 2521 1908 τὴν
2571 1837 2678 1891 τῶν
2737 1836 2898 1889 θείων
2957 1834 3275 1906 μυστηρίων
3323 1831 3670 1902 κατάληψινο

396 1931 604 2002 quibus
653 1933 1129 2003 singularissimus
1173 1931 1502 2004 ipse'Deus,
1559 1941 1817 2001 totusque
1873 1931 1980 1985 im-

399 2039 608 2088 means,
641 2039 860 2079 omnem
894 2025 1061 2079 eﬂicit
1084 2025 1348 2080 virtutem
1371 2041 1434 2080 ac
1467 2025 1638 2080 donat
1659 2023 1976 2090 scientiam;

398 2113 756 2190 adversantes
793 2132 987 2171 omnes
1020 2132 1146 2171 cum
1171 2117 1389 2182 virtuti,
1431 2125 1545 2170 tum
1601 2116 1845 2170 scientiae
1877 2130 1980 2170 ne—

397 2205 695 2274 quissimos
724 2205 1020 2270 daamones,
1049 2222 1114 2262 ac
1167 2223 1268 2280 per
1299 2206 1434 2261 vitia
1489 2217 1548 2261 et
1612 2205 1978 2276 ignorantiam

398 2304 668 2350 conantes
686 2305 966 2360 exterere,
991 2312 1108 2360 eos,
1138 2296 1234 2366 qui
1262 2297 1440 2366 ipsum
1474 2306 1748 2360 metuunt,
1785 2296 1853 2350 ad
1897 2295 1981 2349 ni-

399 2385 575 2440 hilum
597 2387 880 2444 deducens
905 2397 1071 2458 atque
1103 2387 1422 2458 proﬂigans.
1448 2389 1568 2458 Ipse
1594 2402 1830 2457 namque
1856 2385 1981 2440 uni-

399 2491 688 2533 versorum
722 2478 974 2536 Salvator
1021 2481 1260 2544 exsistit,
1297 2481 1500 2550 quippe
1531 2497 1656 2536 cum
1689 2479 1856 2535 etiam
1907 2479 1981 2534 sit

399 2569 651 2624 omnium
688 2568 974 2626 Conditor.
1005 2572 1111 2643 lpsi
1137 2572 1310 2643 gloria
1333 2573 1387 2626 in
1417 2572 1636 2627 saecula.
1675 2572 1869 2626 Amen.

2085 1931 2146 1983 ἐν
2196 1924 2278 1992 οἷς
2333 1929 2494 1993 αὐτὸς
2529 1928 2559 1980 ὁ
2599 1927 2733 1992 Θεὸς
2787 1925 3120 1998 μονώτατος,
3167 1925 3262 1978 καὶ
3297 1923 3418 1988 ὅλος
3455 1922 3670 1994 χωρῶν,

2090 2022 2269 2074 πᾶσαν
2320 2019 2522 2092 ἀρετὴν
2575 2017 2870 2091 ἐργάζεται
2925 2017 3018 2071 καὶ
3076 2014 3360 2087 χαρίζεται
3417 2013 3618 2082 γνῶσιν
3651 2051 3670 2077 ,

2087 2111 2403 2179 ἐξουδενῶν.
2430 2111 2635 2174 πάντας
2681 2110 2810 2173 τοὺς
2857 2108 3269 2178 ἀντικειμένους
3309 2108 3378 2176 τῇ
3409 2123 3467 2158 τε
3498 2105 3670 2176 ἀρετῇ

2087 2199 2185 2253 καὶ
2232 2201 2298 2271 τῇ
2351 2199 2550 2268 γνώσει
2605 2200 2879 2270 πονηροὺς
2911 2199 3194 2268 δαίμονας,
3225 2198 3319 2251 καὶ
3353 2196 3442 2250 διὰ
3476 2195 3672 2260 κακίας

2086 2292 2180 2344 καὶ
2244 2290 2516 2359 ἀγνωσίας
2575 2289 2844 2343 ἐκθλίϐειν
2913 2288 3326 2360 ἐπιχειροῦντας
3381 2288 3508 2350 τοὺς
3577 2303 3674 2355 φο-

2085 2383 2383 2453 ϐουμένους
2411 2382 2594 2436 αὐτόν.
2624 2381 2798 2446 Αὐτὸς
2826 2382 2934 2453 γὰρ
2965 2381 3186 2434 πάντων
3203 2377 3672 2450 ὑπάρχειΣωτὴρ,

2085 2475 2166 2529 ὅτι
2222 2475 2318 2530 καὶ
2367 2476 2586 2530 πάντων
2635 2475 3002 2546 Δημιουργός.
3030 2471 3190 2544 Αὑτῷ
3216 2473 3249 2545 ή
3276 2471 3403 2537 δόξα
3432 2471 3514 2538 είς
3542 2471 3671 2534 τοὺς

2087 2569 2308 2633 αἰῶνας.
2353 2568 2548 2640 Ἀμήν.

445 2745 3662 2788 W

1839 2890 2224 2953 MONITUM.

1385 3036 1468 3092 Ad
1498 3035 1874 3106 expositionem
1903 3035 1958 3088 in
1993 3032 2300 3089 Orationem
2325 3034 2682 3091 Dominicam.

480 3145 866 3230 Declaranda
894 3150 1188 3230 Oratione
1217 3149 1547 3214 Dominica
1589 3148 1916 3230 desudavit
1943 3146 2092 3230 olim
2132 3148 2599 3230 praecipuorum
2636 3151 2886 3230 Patrum
2922 3151 3286 3230 Graecorum
3329 3149 3566 3230 pariter
3592 3170 3668 3216 ac

403 3227 766 3310 Latinorum
810 3228 1148 3310 industria;
1197 3231 1426 3310 quibus
1467 3229 1770 3310 Maximus
1812 3226 1981 3310 felici
2011 3226 2255 3310 conatu
2290 3226 2454 3307 pene
2490 3227 2917 3308 colophonem
2960 3229 3201 3310 addidit
3245 3226 3389 3309 post
3427 3230 3669 3310 aliquot

401 3304 652 3379 saecula,
684 3323 794 3368 sua
822 3306 938 3388 hac
971 3304 1424 3388 lucubratione,
1455 3325 1579 3388 qua
1600 3308 1688 3388 sic
1709 3305 2209 3388 alteDominicos
2228 3304 2306 3366 in'
2319 3324 2392 3368 ea
2420 3304 2658 3368 sensus
2673 3313 2733 3367 et
2763 3308 3080 3388 mysteria,
3102 3315 3170 3368 ut
3198 3304 3397 3381 vacat,
3427 3304 3666 3373 seu'sa-

401 3392 722 3476 crementa
762 3385 1050 3476 reliquis
1073 3386 1355 3476 pleniora
1385 3384 2498 3476 _e_t'u_nivers’aliora,.quibusnostra
2544 3392 2796 3476 paratur
2835 3385 3024 3476 salus,
3052 3393 3329 3476 septena
3378 3404 3663 3476 numero,

398 3463 714 3544 exposuit.
749 3463 976 3528 AuctOr
1002 3463 1246 3529 cotem
1280 3467 1348 3528 in
1372 3465 1604 3528 Matth.
1632 3481 1718 3536 v1,
1749 3463 2054 3525 Corderioi
2073 3465 2380 3542 vulgatus,
2412 3463 2715 3544 pleraque
2747 3463 2882 3526 haec
2910 3463 3159 3528 Maximi
3188 3465 3250 3527 in
3282 3482 3430 3528 suos
3459 3465 3666 3530 alveos

403 3539 724 3605 derivavit.

1119 3905 1466 4040 ΤΟΥ
1540 3901 2066 4041 ΑΓΙΟΥ
2143 3898 2956 4039 ΜΑΞΙΜΟΥ

1576 4134 1894 4184 ΜΟΝΑΧΟΥ
1918 4137 2033 4186 ΚΑΙ
2059 4135 2502 4184 ΟΜΟΔΟΙἮΤΟΥ

829 4281 960 4337 ΕΙΣ
991 4283 1137 4338 ΤΗΝ
1162 4283 1627 4337 ΠΡΟΣΕΥΧΗΝ
1661 4283 1793 4336 ΤΟΥ
1837 4284 2063 4340 ΠΛΤΕΡ
2089 4285 2310 4352 ΗΜΩΝ,
2347 4287 2550 4340 ΠΡΟΣ
2579 4290 2728 4346 ENA
2762 4288 3263 4345 ΦΙΛΟΧΡΙΣΤΟΝ

1443 4451 2010 4544 ΕΡΜΗΝΕΙΑ
2063 4453 2666 4544 ΣΥΝΤΟΜΟΣ

1297 4793 1955 4924 SANCTI
2053 4801 2748 4929 MAXIMI

1557 5046 1839 5092 MONACIII
1903 5049 1982 5094 ET
2049 5049 2496 5112 CONFESSORIS,

729 5202 1392 5298 ORATIONIS
1467 5205 2106 5301 DOMINICE
2177 5217 2607 5306 BBEVIS
2678 5215 3346 5309 EXPOSITIO

1424 5394 1515 5448 AD
1549 5394 1884 5461 QUEMDAM
1945 5396 2243 5457 CHRISTO
2288 5402 2616 5462 DEVO‘TUM

477 5680 638 5754 344
657 5683 840 5754 Ipsum
861 5700 892 5740 a
912 5685 1025 5740 Deo
1040 5695 1423 5743 conservatum
1448 5693 1661 5762 suscepi
1680 5691 1964 5750 dominum

410 5774 731 5842 meum,suis
754 5775 822 5831 ad
839 5791 926 5832 me
939 5777 1250 5833 venientem
1274 5779 1726 5851 auspicatissimis
1743 5785 1976 5855 litteris;

2143 5701 2314 5755 Αὑτὸν
2363 5702 2632 5775 ἐδεξάμην
2677 5703 2766 5758 τὸν
2822 5704 3186 5774 θεοφύλακτόν
3237 5723 3340 5776 μου
3393 5708 3660 5780 δεσπότην

2083 5787 2172 5842 διὰ
2193 5787 2300 5842 τῶν
2355 5788 2518 5842 αὐτοῦ
2572 5793 2948 5863 πανευφήμων
2988 5796 3331 5866 γραμμάτων
3355 5796 3660 5870 παραγινόα
