4070 6402
350 367 456 446 8’73

1338 358 1739 440 EXPOSITIO
1775 378 2187 441 ORATIONIS
2227 361 2636 441 nomine.

3500 387 3607 448 δτι
3688 467 3699 475 .

351 512 513 567 μενον
544 511 558 525 ο
612 492 703 547 τὸν
744 493 832 547 ἀεὶ
879 494 977 563 μὲν
1019 491 1285 563 παρόντα,
1313 497 1407 546 καὶ
1430 498 1650 548 ἀπεῖναι
1672 492 1751 564 τῷ
1775 493 1936 547 πνέύ-

2046 495 2132 565 qui
2159 510 2378 565 semper
2404 494 2628 564 quidem
2664 493 2907 564 praesens
2930 502 3023 559 sit,
3058 510 3160 551 nec
3190 510 3423 567 usquam
3461 512 3618 567 pror-

353 606 482 659 ματι
520 586 799 649 παντελῶς
830 586 889 639 οὐ
916 585 1211 655 δυνάμενον
1238 600 1252 615 ⁸
1307 586 1457 655 ὅμως
1512 587 1569 639 δὲ
1609 586 1681 639 δι’
1728 587 1928 657 ἀρετῆς

350 676 672 749 περιουσίαν
699 676 1050 746 θεομιμήτως
1088 674 1439 744 συγγίνεσθαι
1464 676 1577 737 τοῖς
1611 674 1775 727 αὑτοῦ
1806 674 1929 728 δού-

350 773 485 836 λοις,
524 770 617 823 κα)⁸
648 769 714 822 δι’
746 765 812 842 ἦς
839 771 865 821 6
896 768 1027 831 Θεὸς
1053 767 1249 822 δέδωκε
1290 771 1355 839 τῇ
1386 767 1542 838 φύσει
1582 768 1927 838 προφάσεως,

350 866 453 916 οὐκ
482 861 942 933 ἀπαναινόμενον.
972 859 1063 912 Διὸ
1091 860 1375 929 θαυμάσας
1408 859 1572 912 αὑτοῦ
1601 861 1661 913 τὸ
1703 859 1930 928 μέγεθος

350 956 449 1025 τῆς
505 936 988 1021 συγκαταϐάσεως,
1033 950 1184 1021 πόθῳ
1216 951 1523 1020 σύγκρατον
1556 952 1646 1004 τὸν
1675 952 1810 1019 προς
1836 953 1930 1005 αῦ-

347 1046 441 1099 τὸν
505 1045 667 1115 φόϐον
725 1044 1073 1113 ἐποιησάμην
1108 1058 1121 1070 ·
1174 1042 1268 1094 καὶ
1317 1045 1446 1112 μίαν
1492 1041 1552 1106 ἐξ
1582 1043 1926 1113 ἀμφοτέρων,

350 1138 519 1208 φόϐου
541 1155 599 1190 τε
632 1138 727 1191 καὶ
752 1136 940 1202 πόθου,
972 1137 1191 1206 ἀγάπην
1220 1136 1617 1205 ἐνεστησάμην,
1658 1136 1723 1188 δι’
1750 1135 1932 1199 αἰδοῦς

349 1232 447 1285 καὶ
494 1229 705 1293 εὐνοίας
743 1229 1141 1301 συνισταμένην
1174 1245 1187 1258 ο
1242 1229 1328 1282 ἵνα
1362 1230 1499 1298 μήτε
1533 1230 1685 1298 μῖσος
1713 1229 1741 1281 6
1767 1228 1931 1296 φόϐος

350 1327 569 1396 γίνηται
618 1323 711 1377 τοῦ
737 1323 900 1376 πόθου
931 1320 1325 1392 γυμνούμενος,
1356 1323 1495 1392 μήτε
1532 1320 1934 1391 καταφρόνησις

350 1419 379 1469 ό
428 1413 612 1480 πόθος,
642 1412 735 1465 τὸν
768 1411 1021 1482 σώφρονα
1046 1411 1212 1483 φόϐον
1244 1412 1590 1481 συνημμένον
1621 1412 1720 1464 οὐκ
1747 1412 1884 1481 ἔχων
1915 1427 1930 1442 ⁸

349 1505 493 1559 ἀλλὰ
525 1505 687 1575 νόμος
736 1505 769 1574 ἡ
832 1505 1022 1572 ἀγάπη
1070 1503 1416 1574 τυγχάνουσα
1467 1501 1652 1574 δειχθῇ
1700 1502 1935 1573 στοργῆς

353 1597 679 1660 ἐνδιάθετος,
734 1597 881 1650 am»
928 1596 989 1648 τὸ
1043 1595 1185 1648 κατά
1219 1594 1379 1662 φύσιν
1415 1595 1676 1662 συγγενὲς
1700 1593 1932 1646 οἰκειοῦ-

355 1704 517 1759 μενος
552 1702 563 1715 ·
605 1687 673 1739 δι’
706 1687 917 1749 εὐνοίας
963 1686 1081 1756 μὲν,
1128 1685 1188 1737 τὸ
1225 1688 1381 1755 μῖσος
1434 1685 1820 1756 χειρούμενος·
1864 1683 1932 1736 δι’

363 1779 549 1841 αἰδοῦς
578 1778 659 1839 δὲ,
702 1778 890 1849 «opem
920 1776 1238 1847 ποιούμενος
1276 1775 1372 1845 τὴν
1396 1776 1802 1847 καταφρόνησιν
1827 1792 1840 1805 ·
1876 1775 1934 1829 δν

357 1873 423 1944 δὴ
462 1873 695 1941 μάλιστα
719 1871 957 1934 πάντων,
1005 1870 1148 1940 φημὶ
1196 1868 1252 1922 δὲ
1285 1868 1375 1921 τὸν
1420 1869 1604 1939 φόϐον,
1651 1872 1748 1940 τῆς
1785 1868 1936 1931 Θείας

350 1967 581 2035 ἀγάπης
625 1963 944 2017 συστατικὸν
984 1962 1238 2031 ἐπιγνοὺς
1267 1961 1434 2014 Δαῧὶδ
1460 1962 1488 2013 6
1516 1962 1804 2031 paxa’rptoq,
1832 1977 1937 2029 φη·

353 2058 465 2109 σίν·
510 2054 572 2109 '0
591 2054 774 2123 φόϐος
814 2053 1029 2121 Κυρίου
1069 2052 1273 2119 ἁγνὸς,
1307 2050 1601 2119 διαμένων
1635 2052 1723 2117 εἰς
1753 2050 1938 2103 αἰῶνα

348 2146 577 2213 αἰῶνος
605 2162 619 2175 ·
669 2146 858 2216 ἕτερον
903 2143 1104 2213 δηλαδὴ
1138 2142 1323 2195 τοῦτον
1357 2136 1530 2204 εἰδὼς,
1559 2142 1707 2212 παρὰ
1737 2141 1826 2193 τὸν
1851 2141 1937 2194 ἐπ’

350 2237 665 2307 ἐγκλήμασι
687 2235 798 2288 δέει
828 2234 1097 2305 τιμωρίας
1124 2232 1512 2303 συνιστάμενον
1541 2232 1707 2301 φόϐον
1731 2249 1742 2261 ⁸
1778 2231 1937 2302 εἰπερ

349 2326 385 2382 6
415 2330 512 2399 μὲν
546 2327 652 2392 ἔξω
681 2327 909 2395 γίνεται,
940 2328 1011 2396 τῇ
1066 2324 1339 2397 παρουσία
1382 2325 1481 2395 τῆς
1504 2324 1723 2392 ἀγάπης
1745 2339 1943 2376 παντε-

348 2421 464 2483 λῶς
497 2419 906 2490 ἀφανιζόμενος,
931 2417 1005 2481 ὥς
1030 2435 1132 2471 που
1159 2419 1271 2479 τοῖς
1297 2417 1490 2470 ἑαυτοῦ
1520 2416 1697 2484 λόγοις
1725 2416 1752 2468 6
1770 2412 1941 2484 μέγας

354 2510 749 2582 εὖαγγελιστὴς
777 2510 1029 2579 Ἰωάννης
1048 2510 1344 2575 δείκνυται,
1364 2510 1604 2577 φάσκων·
1634 2510 1703 2562 ἸΙ
1742 2506 1943 2577 ἀγάπη

350 2603 475 2669 ἐξω
497 2603 721 2668 βάλλει
741 2602 850 2656 τόν
875 2603 1064 2672 φόϐον
1089 2619 1101 2631 ·
1135 2605 1162 2655 6
1185 2600 1265 2665 δὲ,
1296 2602 1386 2655 τὸν
1415 2602 1511 2671 τῆς
1533 2599 1767 2670 ἀληθοῦς
1789 2616 1944 2669 στορ·

354 2696 463 2765 γῆς
489 2694 733 2766 φυσικῶς
779 2693 1185 2766 χαρακτηρίζει
1228 2693 1389 2764 νόμον
1415 2710 1428 2723 ·
1468 2692 1606 2745 αἰδοῖ
1666 2691 1944 2762 συντηρῶν

355 2787 441 2849 εἰς
500 2786 672 2839 αἰῶνα
712 2788 824 2849 τοῖς
871 2786 1065 2854 ἁγίοις,
1114 2789 1251 2857 πρῧς
1274 2802 1334 2837 τε
1364 2784 1495 2837 Θεὸν
1528 2784 1622 2836 καὶ
1654 2782 1936 2853 ἀλλήλους,

355 2878 453 2931 τὸν
489 2877 589 2947 τῆς
622 2878 841 2950 ἀγάπης
893 2878 1091 2949 θεσμόν
1146 2894 1206 2930 τε
1260 2878 1354 2929 καὶ
1406 2876 1603 2947 τρόπον
1658 2873 1938 2937 παντελῶς

356 2972 705 3042 ἀδιάφθορον.

2039 603 2135 641 sus
2167 587 2361 656 spiritu
2395 587 2587 641 abesse
2618 586 2823 656 possit;
2846 603 2949 642 nec
2970 588 3189 643 virtutis
3222 598 3403 645 tamen
3440 590 3613 644 abun-

2039 676 2247 739 dantia,
2294 683 2403 735 Deo
2426 692 2567 741 pene
2590 674 2734 729 aﬂini
2760 676 2973 730 ratione
3000 677 3325 746 dedignctur
3355 694 3479 733 cum
3506 696 3619 734 ser-

2037 766 2122 821 vis
2147 767 2262 821 suis
2290 768 2407 836 ipse
2437 767 2718 837 congredi,
2763 783 2821 822 ac
2851 775 2957 837 qua
2985 768 3129 821 Deus
3182 776 3393 823 natura:
3462 784 3619 825 occa-

2040 857 2193 911 sione
2226 858 2517 912 concessit.
2544 859 2909 923 Quamobrem
2938 860 3057 929 ejus
3081 875 3138 913 sc
3163 859 3233 914 ita
3263 852 3396 914 mihi
3421 860 3619 916 demit-

2039 950 2204 1004 tentis
2232 965 2295 1003 ac
2330 950 2646 1004 inclinantis
2670 950 2972 1005 admiratus
2991 950 3159 1004 animi
3190 952 3618 1022 magnitudinem

2039 1058 2147 1112 quo
2164 1044 2339 1112 ipsum
2368 1058 2694 1113 prosequor,
2716 1044 2970 1097 timorem
2997 1044 3273 1099 desiderio
3297 1047 3618 1115 temperavi;

2040 1149 2316 1204 unamque
2340 1150 2408 1189 ex
2434 1135 2706 1189 ambobus
2736 1134 2953 1206 (timore
2976 1137 3193 1190 scilicet
3211 1153 3276 1191 ac
3308 1136 3619 1208 desiderio)

2039 1226 2414 1290 dilectionem,
2441 1226 2764 1281 reverentiae
2782 1242 2849 1282 ac
2897 1228 3298 1285 benevolentia:
3332 1226 3623 1285 affectibus

2040 1326 2408 1381 constantem,
2435 1317 2685 1386 institui;
2721 1328 2782 1373 ut
2807 1333 2911 1374 nec
2942 1320 3105 1374 timor
3139 1320 3413 1377 desiderio
3451 1321 3622 1377 desti-

2041 1415 2194 1462 tutus
2224 1407 2280 1462 in
2325 1407 2513 1463 odium
2546 1408 2865 1480 degeneret,
2895 1426 3076 1480 neque
3107 1411 3350 1467 vicissim
3403 1412 3621 1467 deside-

2041 1499 2185 1552 rium
2222 1500 2277 1553 in
2298 1508 2674 1570 contemptum
2697 1502 2877 1565 cedat,
2935 1503 3082 1572 quod
3130 1519 3239 1557 una
3291 1506 3622 1575 coniunctus

2041 1592 2260 1647 sobrius
2291 1608 2353 1649 ac
2381 1602 2564 1648 castus
2598 1594 2763 1648 timor
2787 1594 2965 1663 ipsum
2998 1594 3249 1662 deﬁciat;
3289 1597 3385 1651 sed
3404 1595 3621 1651 dilectio

2043 1687 2249 1740 amoris
2276 1686 2360 1740 lex
2377 1686 2621 1755 penitius
2651 1687 2838 1740 animo
2866 1687 3038 1742 indita
3067 1688 3621 1760 appareat,quidquid

2044 1787 2237 1830 natura
2270 1784 2562 1845 cognatum
2598 1785 2682 1830 est
2714 1777 3017 1831 concilians
3045 1777 3262 1847 sibique
3286 1778 3579 1835 vindicans
3606 1795 3621 1845 ;

2039 1882 2102 1921 ac
2135 1882 2276 1936 quae,
2310 1868 2692 1922 benevolentia
2718 1867 2964 1937 quidem,
2983 1868 3175 1923 odium
3195 1856 3445 1940 subigat,
3473 1886 3621 1925 reve-

2040 1957 2220 2011 rentia
2265 1964 2451 2012 autem
2487 1998 2500 2017 .
2556 1966 2935 2027 contemptum
3009 1960 3202 2027 procul
3280 1961 3620 2016 submoveat.

2038 2046 2195 2103 Hunc
2219 2048 2436 2119 (nempe
2468 2049 2742 2117 timorem)
2771 2065 2895 2104 cum
2945 2050 3140 2105 beatus
3162 2051 3332 2105 David
3356 2053 3622 2121 ejusmodi

2041 2150 2249 2204 nosset,
2286 2150 2346 2194 ut
2368 2155 2478 2211 prce
2504 2140 2767 2195 Omnibus
2814 2142 3050 2195 maxime
3082 2142 3291 2196 divinae
3344 2143 3623 2198 dilectioni

2036 2238 2414 2299 comparatus,
2440 2231 2591 2285 illius
2611 2232 2764 2285 velut
2797 2233 3202 2288 constituenda:
3224 2248 3289 2287 ac
3324 2233 3627 2304 insignien-

2043 2321 2125 2376 (ιω
2162 2323 2212 2376 vi
2237 2322 2503 2392 praeditus
2543 2324 2634 2387 sit,
2669 2323 2743 2377 ita
2770 2323 2933 2378 iniit:
2972 2324 3153 2378 Timor
3181 2324 3396 2379 Domini
3417 2335 3623 2388 castus,

2046 2441 2362 2494 permanens
2398 2426 2454 2479 in
2482 2424 2739 2479 sa'eulum
2766 2425 2947 2480 δαί-ιιιί
2972 2426 2987 2456 ¹
3018 2443 3032 2493 ;
3099 2426 3194 2496 qui
3240 2443 3439 2499 nempe
3480 2428 3628 2484 hunc

2046 2511 2214 2565 alium
2237 2512 2487 2567 timorem
2512 2530 2620 2568 non
2653 2513 2951 2585 ignoraret,
2979 2515 3071 2585 qui
3090 2527 3237 2572 metu
3256 2533 3452 2587 pmnze,
3471 2519 3541 2574 ob
3563 2536 3626 2575 ea

2047 2618 2168 2673 quae
2199 2602 2324 2671 quis
2369 2604 2511 2657 mala
2539 2604 2796 2673 patravit,
2838 2605 3147 2659 Concrescit
3183 2624 3196 2659 :
3240 2607 3444 2677 quippe
3498 2622 3625 2662 cum

2046 2693 2139 2748 ille
2175 2694 2487 2749 dilectionis
2521 2696 2756 2749 adventu
2809 2700 3033 2765 penitus
3058 2712 3420 2763 evanescens,
3460 2713 3623 2754 exce-

2046 2785 2162 2849 dat,
2189 2787 2266 2840 uti
2300 2788 2538 2857 quodam
2569 2789 2690 2842 loco
2731 2790 2961 2858 magnus
3006 2789 3247 2843 Joannes
3292 2792 3625 2862 evangelista

2040 2877 2268 2946 scriptis
2289 2878 2405 2932 suis
2450 2876 2717 2945 ostendit,
2769 2880 2845 2932 ita
2878 2879 3113 2948 loquens
3145 2897 3158 2932 :
3190 2879 3436 2936 Charitas
3482 2882 3624 2952 foras

2037 2969 2199 3022 mittit
2232 2971 2469 3023 timerent
2489 2969 2508 2999 ⁸
2534 2988 2548 3036 ;
2576 2970 2668 3025 hic
2692 2976 2898 3034 autem,
2924 2972 3037 3025 veri
3066 2980 3263 3026 natura
3307 2974 3513 3027 amoris
3540 2974 3621 3028 le-

358 3084 483 3140 gem
508 3066 772 3138 peculiari
802 3068 953 3122 velut
976 3076 1105 3123 nota
1134 3065 1421 3137 insigniat;
1446 3063 1711 3136 345ηυί
1732 3078 1928 3133 nempe
1945 3064 2184 3121 modesti
2221 3064 2390 3119 animi
2430 3065 2739 3119 reverentia
2764 3065 3147 3136 incorruptam
3186 3067 3412 3124 omnino
3453 3070 3627 3141 legem

360 3164 696 3235 modumque
723 3164 1055 3230 dilectionis,
1084 3178 1192 3235 qua
1224 3170 1340 3217 tum
1378 3162 1513 3226 Deo,
1547 3170 1664 3216 tum
1703 3159 1795 3215 alii
1819 3159 1944 3218 aliis
1982 3163 2159 3217 sancti
2187 3162 2434 3233 proclive
2466 3158 2716 3227 utuntur,
2742 3162 2796 3215 in
2832 3177 3008 3217 aevum
3038 3164 3334 3219 custodiat.

432 3256 589 3327 Πόθῳ
639 3255 790 3325 γοῦν,
847 3255 921 3319 ὠς
980 3256 1139 3327 ἔφην,
1182 3256 1338 3323 κάγὼ
1372 3255 1612 3326 κεράσας
1640 3254 1731 3308 τὸν
1759 3254 1938 3322 φόϐον,

2122 3254 2243 3324 Ipse
2282 3269 2503 3325 quoque
2548 3253 2739 3324 igitur,
2773 3254 2852 3307 uti
2879 3254 3150 3319 dicebam,
3186 3256 3438 3311 timorem
3479 3257 3628 3314 desi-

364 3344 497 3417 πρὸς
525 3346 615 3396 τὸν
650 3343 781 3415 ἐμὸν
814 3344 1107 3409 Δεσπότην,
1167 3343 1355 3398 τοῦτον
1402 3343 1500 3411 τῆς
1551 3342 1770 3415 ἀγάπης
1816 3361 1940 3396 συν-

363 3435 676 3509 εστησάμην
707 3434 798 3492 τὸν
836 3439 997 3507 νόμον
1027 3438 1188 3507 μέχρι
1227 3440 1325 3507 τῆς
1358 3438 1598 3507 σήμερον
1626 3451 1640 3466 ⁶
1677 3436 1815 3488 αἰδοῖ
1845 3436 1941 3506 μὲν

366 3527 457 3583 τοῦ
506 3533 739 3601 γράφειν
786 3528 1121 3599 εἰργόμενος,
1163 3528 1251 3580 ἴνα
1298 3527 1373 3598 μὴ
1414 3526 1556 3599 λάϐῃ
1578 3524 1817 3598 χώρανῆ
1846 3543 1942 3579 κα-

373 3621 696 3690 ταφρόνησις
724 3637 740 3652 ο
770 3620 959 3691 εὐνοίᾳ
984 3620 1040 3672 δὲ
1074 3619 1209 3688 πρὸς
1236 3620 1293 3671 τὸ
1324 3619 1557 3690 γράφειν
1610 3617 1940 3687 ὠθούμενος,

380 3712 463 3763 ἵνα
478 3710 552 3782 μὴ
567 3710 787 3782 νομισθῇ
812 3715 963 3782 μῖσος
981 3714 1014 3782 ἡ
1032 3711 1209 3765 τελεία
1227 3710 1319 3764 τοῦ
1340 3711 1572 3780 γράφειν
1588 3709 1939 3781 παραίτησις.

378 3802 572 3873 Γράφω
606 3802 679 3866 δὲ,
710 3803 867 3856 τοῦτο
905 3805 1163 3873 πράττειν
1203 3802 1577 3873 κελευόμενος,
1606 3803 1704 3873 οὐχ
1727 3802 1825 3854 ὅσα
1859 3800 1943 3854 λο-

370 3896 587 3964 γίζομαι
614 3910 630 3926 ⁸
678 3895 963 3965 Aornum!
1016 3894 1124 3963 γὰρ
1168 3894 1492 3961 ἀνθρώπων
1538 3892 1746 3955 δειλοὶ,
1803 3890 1943 3943 κατὰ

366 3992 461 4062 τὴν
514 3990 775 4061 Γραφήν·
829 3988 942 4042 ἀλλ’
993 3989 1093 4042 ὅσα
1147 3986 1395 4057 βούλεται
1435 3986 1588 4051 Θεὸς,
1637 3986 1731 4039 καὶ
1762 3984 1944 4055 χάριτι

364 4082 503 4153 πρὸς
531 4082 626 4152 τὴν
651 4079 744 4135 τοῦ
787 4080 1159 4151 συμφέροντος
1209 4078 1422 4148 γένεσιν
1472 4077 1807 4130 ἐπιδίδωσιν.
1875 4075 1946 4128 ’11

361 4172 474 4240 γάρ
507 4169 713 4235 βουλὴ
755 4168 864 4222 τοῦ
906 4168 1126 4235 Κυρίου
1168 4164 1265 4236 (Ι),
1325 4164 1490 4235 φησιν
1537 4166 1564 4217 6
1620 4162 1804 4228 Δαϐὶδ,
1858 4163 1946 4225 εἰς

360 4262 475 4315 τὸν
500 4260 685 4314 αἰῶνα
706 4260 875 4330 μένει
906 4278 921 4291 ο
985 4257 1254 4327 λογίοιιοί
1308 4253 1418 4325 τῆς
1464 4254 1702 4325 καρδίας
1759 4252 1945 4307 αἱ)ῒοῦ

360 4358 455 4421 εἰς
488 4354 706 4424 γενεὰν
735 4352 833 4406 καὶ
887 4350 1090 4420 γενεάν
1180 4348 1374 4420 βουλὴν
1415 4348 1513 4419 μὲν
1561 4348 1722 4417 τυχὸν
1768 4346 1947 4417 φήσας

358 4447 461 4502 τοῦ
496 4444 630 4500 Θεοῦ
671 4445 769 4499 καὶ
799 4444 1034 4515 Πιιτρδς,
1064 4459 1163 4512 την
1184 4443 1274 4494 ἐπὶ
1307 4438 1499 4494 θεώσει
1530 4439 1632 4509 τῆς
1669 4439 1948 4509 ἡμετέρας

360 4540 585 4611 φύσεως
615 4537 925 4608 ἀπόρρητον
976 4536 1208 4589 κένωσιν
1270 4531 1367 4585 τοῦ
1420 4530 1743 4602 μονογενοῦς
1790 4528 1945 4593 Υἰοῦ,

2048 3348 2203 3405 derio
2257 3358 2594 3419 temperans,
2640 3344 2785 3399 hanc
2840 3345 3104 3401 hactenus
3153 3360 3281 3416 erga
3334 3347 3627 3403 Dominum

2048 3455 2233 3495 meum
2270 3436 2481 3493 institui
2507 3434 2823 3492 dilectionis
2848 3434 3123 3507 regulam;
3171 3450 3332 3507 quem
3366 3452 3627 3494 reveren-

2048 3529 2123 3584 tia
2154 3528 2376 3598 quidem
2427 3527 2496 3581 ab
2531 3526 2827 3581 scribendo
2857 3526 3157 3585 deterreat,
3182 3543 3249 3581 ne
3279 3529 3461 3581 forsan
3496 3544 3630 3581 con-

2050 3628 2290 3690 temptus
2325 3619 2551 3684 subeat;
2598 3618 2983 3672 benevolentia
3032 3630 3216 3673 autem
3270 3619 3336 3672 ad
3380 3619 3629 3673 scriben-

2050 3709 2181 3764 dum
2235 3709 2501 3778 impellat,
2558 3724 2629 3763 ne
2698 3708 2923 3762 omnino
2976 3708 3256 3762 scribendi
3319 3709 3633 3764 detrectans

2050 3810 2236 3873 partes
2268 3802 2450 3857 odisse
2489 3801 2703 3855 videar.
2742 3800 2938 3855 Scribe
2970 3810 3177 3865 autem,
3211 3803 3304 3871 qui
3338 3804 3417 3858 sic
3446 3805 3635 3873 jussus

2051 3894 2176 3958 sim,
2202 3909 2311 3948 non
2340 3910 2461 3964 quae
2497 3894 2759 3962 cogitanti
2791 3903 3126 3949 succurrunt
3155 3894 3375 3959 omnia;
3413 3910 3537 3949 nam
3575 3905 3636 3950 ut

2051 3985 2295 4055 loquitur
2319 3985 2602 4055 Scriptura
2633 4004 2644 4037 :
2681 3983 3034 4055 Cogitationes
3070 3987 3339 4041 hominum
3364 3988 3631 4053 timidw’;

2051 4078 2146 4133 sed
2181 4094 2529 4148 qumcunquc
2561 4094 2629 4132 ex
2666 4078 2763 4132 Dei
2794 4086 2924 4132 sunt
2952 4079 3256 4142 voluntate,
3293 4096 3356 4135 ac
3390 4097 3512 4150 quae
3547 4082 3637 4136 ille

2052 4175 2239 4247 gratim
2278 4191 2528 4241 munere,
2558 4185 2619 4229 ut
2661 4175 3013 4231 commodum
3065 4176 3271 4246 aliquid
3322 4180 3633 4247 proveniat,

2052 4268 2249 4322 tribuit
2285 4276 2449 4337 atque
2483 4266 2803 4337 suppeditat
2833 4285 2845 4320 :
2883 4266 3175 4323 Consilium
3224 4269 3371 4323 enim
3402 4269 3633 4331 Domini.

2054 4360 2233 4431 inquit
2260 4359 2453 4425 David,
2477 4362 2531 4414 in
2557 4371 2813 4415 internum
2842 4370 3057 4426 manet;
3099 4362 3438 4432 cogitationes
3470 4366 3638 4418 cordis

2054 4452 2166 4522 ejus
2210 4452 2265 4504 in
2304 4452 2699 4522 generationem
2751 4459 2800 4503 et
2847 4450 3315 4521 generationem";
3344 4454 3637 4508 consilium

2054 4542 2196 4596 forte
2239 4542 2523 4611 appellans
2554 4541 2653 4596 Dei
2681 4556 2745 4595 ac
2773 4538 2975 4607 Patris,
3002 4557 3168 4613 quam
3202 4544 3519 4614 unigenitus
3554 4546 3641 4599 Fi-

358 4632 493 4686 καθ⁹
523 4632 588 4702 ἢν
617 4630 729 4701 ἔχει
764 4630 982 4683 πάντων
1012 4627 1119 4681 τῶν
1154 4626 1365 4681 αἰώνων
1390 4625 1452 4678 τὸ
1476 4624 1650 4694 πέρας
1678 4638 1938 4693 περιγρα-

2049 4633 2159 4687 lius
2189 4633 2358 4687 nullis
2401 4633 2589 4688 verbis
2620 4633 3003 4704 e‘xplicabilem
3052 4635 3315 4705 suscepit,
3349 4635 3415 4689 ad
3467 4652 3639 4705 genus

358 4726 603 4796 φόμενον
633 4739 647 4753 ο
687 4721 983 4791 λογισμοὺς
1013 4720 1067 4773 δὲ
1097 4719 1198 4789 τῆς
1231 4716 1455 4788 καρδίας
1488 4715 1673 4773 αὑτοῦ.
1704 4714 1830 4777 τοὺς
1851 4716 1949 4784 τῆς

358 4814 629 4888 προνοίας
670 4812 766 4865 καὶ
813 4814 914 4883 τῆς
946 4811 1179 4882 κρίσεως
1204 4808 1394 4876 λόγους
1415 4822 1429 4837 ⁸
1480 4806 1602 4859 καθ’
1632 4805 1727 4868 οὓς
1763 4807 1864 4876 τήν
1890 4820 1949 4858 τε

2052 4721 2358 4779 humanum
2409 4726 2613 4781 deitate
2658 4726 2999 4791 donandum,
3028 4726 3490 4791 exinanitionem;
3532 4743 3639 4796 qua

2050 4817 2307 4871 videlicet
2356 4818 2603 4871 omnium
2654 4817 2816 4871 linem
2896 4818 3224 4873 saeculorum
3295 4818 3643 4874 circumscri-

359 4906 657 4979 παροῦσαν
707 4903 865 4976 ἡμῶν
909 4901 1054 4974 ζωὴν
1110 4902 1205 4955 καὶ
1257 4899 1355 4971 τὴν
1405 4898 1721 4969 μέλλουσαν,
1761 4893 1938 4969 ὥσπερ

2054 4913 2209 4976 ptum
2238 4906 2409 4962 habet
2445 4924 2460 4960 ι
2493 4906 2859 4976 cogitationes
2890 4923 3022 4962 vero
3061 4906 3246 4963 cordis
3279 4910 3419 4980 ejus,
3459 4911 3643 4978 provi-

357 4999 525 5059 τινὰς
557 4995 748 5064 γενεὰς
779 4993 1066 5065 διαφόρους
1103 4990 1279 5068 σοφῶς
1297 4990 1554 5059 διεξάγει,
1601 4987 1938 5060 καταλλήλως

2054 4996 2257 5053 dentiae
2280 5010 2345 5051 ac
2386 4996 2583 5069 judieii
2620 4998 2860 5053 rationes
2890 4998 3109 5068 quibus,
3132 5005 3248 5052 tum
3295 5007 3642 5069 praesentem,

362 5089 581 5161 ἑκάστῃ
599 5087 691 5140 τὸν
725 5085 1000 5157 πρέποντα
1045 5083 1244 5154 τρόπον
1290 5082 1391 5151 τῆς
1438 5081 1721 5152 ἐνεργείας
1771 5094 1917 5151 προσ

328 5240 333 5241 ,
360 5187 573 5256 νέμων.

2057 5102 2219 5157 quam
2270 5087 2483 5156 agimus
2525 5087 2715 5153 vitam,
2763 5098 2880 5145 tum
2927 5089 3193 5154 futuram,
3248 5104 3348 5145 ceu
3399 5089 3645 5145 diversas

2059 5177 2327 5246 quasdam
2356 5177 2740 5247 generationes
2785 5180 3065 5249 sapienter
3101 5179 3340 5235 traducit
3367 5179 3646 5251 transigit-

358 5290 505 5347 que,
536 5288 775 5346 congrua
806 5272 1007 5341 cuique
1043 5270 1257 5326 ratione
1304 5267 1726 5324 convenientem
1778 5267 2118 5337 operationis
2178 5268 2403 5323 modum
2465 5269 2719 5325 dwidens
2775 5285 2837 5325 ac
2876 5270 3219 5340 impertiens.

447 5464 511 5519 Εἰ
543 5465 598 5518 δὲ
624 5465 775 5526 θείας
798 5461 1033 5533 ὑπάρχει
1064 5460 1259 5532 βουλῆς
1289 5459 1450 5531 ἔργον
1503 5458 1657 5529 ήτῆς
1684 5457 1956 5528 ἡμετέρας

363 5558 592 5630 φύσεως
623 5556 817 5619 θέωσις
835 5573 849 5587 ·
874 5552 968 5609 καὶ
990 5552 1096 5607 τῶν
1119 5553 1278 5607 θείων
1296 5552 1572 5625 λογισμῶν
1592 5551 1709 5605 ἐστι
1734 5549 1955 5613 σκοπός,

362 5657 402 5724 ή
464 5652 602 5722 πρὸς
647 5650 708 5703 τδ
764 5649 936 5718 πέρας
994 5648 1296 5719 διεξαγωγὴ
1345 5646 1454 5701 τῶν
1484 5644 1827 5717 ζητουμένων
1857 5642 1959 5713 τῆς

2132 5455 2289 5523 Quod
2322 5455 2368 5510 si
2410 5453 2583 5510 divini
2625 5455 2839 5510 consilii
2871 5469 3012 5526 opus
3051 5463 3139 5510 est
3175 5455 3400 5510 humani
3432 5454 3649 5524 generis

2064 5549 2378 5612 deiﬁcatio,
2443 5563 2620 5619 eoque
2664 5548 2963 5603 collineant
3015 5547 3215 5603 divina:
3267 5545 3647 5617 cogitationes.

2066 5651 2127 5696 ut
2160 5642 2269 5695 vita
2294 5647 2479 5696 nostra
2517 5640 2571 5694 in
2610 5653 2803 5693 eorum
2833 5653 2955 5707 qua:
2989 5636 3241 5693 oratione
3271 5636 3556 5706 petuntur,
3584 5631 3647 5687 tl-

452 5833 467 5861 ¹
500 5831 643 5886 Psal.
676 5848 823 5893 ινιιι,
860 5832 943 5884 l0.
1020 5831 1038 5860 ¹
1066 5831 1223 5885 Joan.
1260 5845 1332 5892 tv,
1374 5829 1457 5883 18.
1540 5830 1558 5859 ³
1588 5829 1714 5898 Sap.
1749 5843 1821 5890 tv,
1862 5824 1938 5879 Η.

2072 5822 2213 5876 Psal.
2250 5835 2411 5882 xxx",
2450 5821 2534 5874 Η.

620 5923 893 5983 ΡΑτιιΟι.
929 5924 1043 5982 GR.
1099 5922 1193 5981 XC

3252 5905 3329 5965 28
