4070 6472
511 379 617 443 875

504 583 730 654 exsequi
768 581 1036 637 orationis
1059 583 1360 637 Dominicte
1384 582 1516 647 vim,
1541 597 1603 638 ac
1634 580 1714 636 sic
1740 580 1949 650 scripto
1971 592 2091 634 eam

504 677 852 747 consignare.
890 675 1160 743 Quoniam
1194 692 1332 732 vero
1379 676 1544 732 etiam
1581 675 1701 746 ejus
1745 671 2093 744 potissimum

502 769 774 824 orationis
809 772 878 824 ad
908 785 996 825 me
1027 785 1250 826 servum
1279 784 1442 825 suum
1475 768 1744 823 Dominus
1774 779 1932 820 meus
1961 763 2094 818 scri-

505 857 662 923 bens,
681 855 873 912 divino
901 857 1168 913 instinctu
1197 856 1596 921 commeminit,
1621 869 1786 925 quam
1813 862 1870 908 et
1900 865 2094 908 eorum

418 934 426 942 ’
503 963 625 1016 quae
660 947 798 1002 mihi
829 947 1066 1004 dicenda
1091 957 1222 1004 sunt
1249 945 1566 1002 necessario
1592 951 1976 1016 argumentum
2005 957 2094 997 as-

504 1055 698 1106 sumo;
752 1039 933 1110 ipsum
967 1041 1238 1095 orationis
1269 1040 1438 1110 hujus
1468 1049 1864 1108 praeceptorem
1905 1033 2094 1089 Domi-

503 1148 636 1187 num
668 1133 924 1197 obsecro,
950 1141 1014 1187 ut
1040 1143 1282 1188 mentem
1318 1131 1454 1185 mihi
1503 1130 1736 1200 aperiat.
1767 1117 1836 1182 ad
1885 1124 2095 1181 intelli-

504 1223 682 1294 genda
707 1223 967 1294 mysteria
1021 1239 1145 1295 quae
1181 1223 1237 1278 in
1269 1224 1362 1278 illa
1387 1222 1742 1277 continentur
1762 1262 1778 1287 ,
1820 1234 1885 1274 ac
1917 1234 2098 1288 quan»

505 1322 622 1368 tum
667 1330 896 1370 necesse
931 1315 1004 1369 sit
1034 1331 1346 1371 sermonem
1393 1314 1715 1385 elargiatur,
1749 1321 1811 1367 ut
1847 1326 1970 1380 qua:
2017 1311 2101 1365 in-

508 1404 791 1471 tellexero,
838 1405 986 1460 clare
1036 1407 1242 1476 possim
1291 1406 1592 1476 explicare.
1664 1402 2101 1474 Comprehendit

503 1496 651 1549 enim
696 1494 854 1550 brevi
891 1497 1179 1566 complexu
1213 1512 1278 1551 ac
1313 1495 1703 1551 informatione
1739 1495 1968 1566 mystice
2003 1509 2099 1548 oc-

505 1586 749 1653 cultum;
794 1586 881 1641 vel
935 1587 1019 1659 (ut
1055 1587 1256 1642 melius
1300 1587 1503 1656 dicam)
1557 1587 1645 1641 bis
1684 1587 1781 1656 qui
1813 1585 2100 1640 intellectu

506 1680 714 1744 valent,
751 1680 1044 1736 manifeste
1093 1679 1468 1745 enuntiatum,
1500 1693 1728 1750 scopum
1777 1692 1998 1732 omnem
2044 1682 2102 1730 ct

508 1771 694 1838 linem,
727 1773 892 1845 346
938 1773 1031 1843 qui
1065 1761 1119 1826 in
1150 1773 1238 1838 iis,
1271 1787 1395 1842 quae
1441 1780 1574 1826 sunt
1623 1771 1793 1837 dicta,
1840 1770 2097 1824 habetur.

507 1863 772 1918 Omnium
794 1865 943 1919 enim
971 1880 1208 1936 quorum
1235 1881 1334 1935 per
1354 1880 1578 1920 carnem
1597 1864 1692 1919 Dei
1717 1862 1958 1920 Verbum
1990 1859 2106 1916 exi-
2133 1842 2176 1897 Β

506 1956 759 2010 nanitum
806 1955 988 2025 ipsum
1041 1965 1237 2011 auctor
1273 1955 1507 2021 exstitit,
1537 1954 1861 2027 petitionem
1905 1951 2108 2008 oratio-

505 2049 594 2104 nis
625 2057 807 2104 textus
835 2049 1247 2119 complectitur,
1274 2047 1504 2114 docens,
1531 2057 1592 2103 ut
1619 2064 1684 2102 ea
1710 2048 1855 2102 bona
1883 2045 2105 2116 assequi

505 2140 851 2207 studeamus,
904 2156 1144 2210 quorum
1193 2141 1345 2195 solus
1382 2141 1530 2196 Deus
1575 2148 1633 2195 ct
1666 2140 1828 2195 Pater
1864 2154 1964 2210 per
2016 2138 2107 2193 Fi-

504 2231 639 2286 lium
701 2231 1032 2285 naturaliter
1093 2231 1432 2286 mediantem
1493 2231 1550 2286 in
1641 2230 1851 2302 Spiritu
1913 2240 2106 2286 sancto

503 2337 633 2375 vere
681 2321 913 2392 largitor
976 2327 1091 2388 est;
1153 2321 1604 2392 quandoquidem
1647 2323 1803 2393 juxta
1853 2322 2107 2377 divinum

503 2413 851 2483 Apostolum,
904 2413 1174 2468 Dominus
1207 2413 1368 2469 Jesus
1416 2413 1513 2468 Dei
1564 2422 1622 2469 et
1651 2413 1939 2468 hominum
1986 2429 2106 2470 me-

504 2507 688 2561 diator
717 2507 876 2573 est“;
912 2504 1006 2575 qui
1038 2505 1302 2560 nimirum
1335 2505 1663 2561 intermedia
1693 2521 1858 2561 carne
1887 2507 2106 2562 Patrem

507 2595 832 2650 hominibus
862 2596 1137 2666 ignotum,
1167 2604 1361 2650 notum
1399 2596 1591 2664 faciat;
1637 2597 1898 2667 Patrique
1929 2597 2109 2654 homi-

504 2704 624 2753 nes,
654 2687 710 2742 in
748 2702 808 2742 se
849 2686 989 2757 ipse,
1028 2703 1132 2757 per
1177 2686 1445 2757 Spiritum
1495 2689 1905 2755 reconciliatos,
1933 2689 2108 2745 addu-

503 2789 627 2845 cat;
673 2794 776 2849 pro
828 2778 1054 2848 quibus,
1105 2794 1170 2833 ac
1198 2794 1439 2848 quorum
1485 2780 1662 2850 gratia
1706 2780 1845 2836 citra
1883 2796 2103 2838 omnem

507 2873 872 2928 mutationem
907 2871 1087 2927 factus
1120 2872 1309 2939 homo,
1347 2880 1430 2926 tot
1467 2879 1878 2944 tantorumque,
1914 2882 1974 2929 ut
2005 2888 2106 2930 eo-

493 2981 628 3018 rum
672 2964 760 3019 vel
795 2963 1172 3018 multitudinis
1209 2964 1298 3018 vel
1345 2963 1746 3035 magnitudinis
1792 2965 1944 3022 nulla
1997 2981 2105 3020 un-

500 3071 668 3124 qutun
701 3056 828 3110 iniri
863 3057 1040 3126 possit
1071 3055 1237 3121 ratio,
1263 3071 1538 3111 novorum
1571 3055 1962 3126 mysteriorum
1986 3059 2105 3130 ipse

505 3157 698 3203 auctor
714 3154 878 3216 atque
896 3145 1101 3216 opifex,
1116 3147 1418 3218 ductorque
1439 3148 1670 3204 exsistat
1689 3166 1702 3202 :
1721 3164 1752 3204 e
1773 3149 1976 3221 quibus
1994 3161 2108 3220 prae

1683 377 1746 436 S.
1788 374 2074 435 MAXIM]
2117 373 2628 437 CONFESSORIS
2883 403 2890 406 -
3674 364 3779 427 876

409 487 419 498 ’
507 507 630 548 nem
659 489 964 563 dirigatur,
1017 488 1204 560 utique
1239 487 1599 545 utilissimum
1639 495 1724 543 est
1751 496 1808 542 et
1840 501 2006 542 nosse
2035 494 2092 540 et

2201 485 2470 556 ἡμετέρας
2496 483 2644 554 ζωῆς
2663 500 2677 514 ·
2706 484 2814 554 ἄρα
2845 483 3116 554 συμφέρει
3144 480 3243 552 τῆς
3263 479 3357 533 τοῦ
3385 477 3588 550 Κυρίου
3608 493 3781 548 προσ-

2196 576 2364 645 ευχῆς
2440 573 2644 643 γνῶναί
2700 591 2759 627 τε
2795 573 2892 627 καὶ
2949 573 3177 643 πρᾶξαι,
3229 568 3324 623 καὶ
3382 568 3526 624 οὕτω
3549 566 3781 630 δεόντως

2195 667 2421 738 γράψαι,
2476 666 2576 737 τὴν
2627 665 2878 737 δύναμιν.
2921 665 3076 718 Ἐπεὶ
3104 663 3160 717 δὲ
3195 661 3428 732 μάλιστα
3456 661 3659 730 ταύτης
3685 657 3782 713 καὶ

2194 760 2223 812 6
2250 758 2382 829 ὲμος
2417 759 2696 829 Δεσπότης
2731 758 2866 824 πρὸς
2892 757 2994 827 ἐμὲ
3025 756 3115 810 τὸν
3157 753 3322 809 αὐτοῦ
3347 751 3531 806 δοῦλον
3553 752 3781 822 γράφων

2198 852 2382 905 θεόθεν
2414 849 2659 921 κινηθεὶς
2691 849 3014 921 ἐπεμνήσθη
3043 847 3144 918 τῆς
3190 845 3524 918 προσευχῆς,
3573 844 3641 914 ἣν
3690 843 3785 896 καὶ

2196 944 2306 998 τῶν
2355 944 2505 1013 ἐμῶν
2554 941 2870 1011 ἀναγκαίως
2919 939 3177 994 ὑπόθεσιν
3230 937 3406 1006 λόγων
3437 935 3782 1004 ποιούμενος,

2198 1035 2458 1106 αἰτοῦμαι
2485 1034 2576 1088 τὸν
2609 1033 2814 1105 ταύτης
2840 1031 3157 1086 διδάσκαλον
3184 1030 3284 1100 τῆς
3318 1027 3630 1100 προσευχῆς
3667 1025 3786 1081 Κύ-

2201 1146 2339 1199 ριον,
2387 1126 2650 1191 διανοΐξαί
2705 1143 2808 1193 μου
2851 1125 2942 1178 τὸν
2987 1123 3112 1178 νοῦν
3143 1123 3282 1194 πρὸς
3319 1121 3652 1192 κατανόησιν
3676 1118 3787 1173 τῶν

2199 1220 2259 1272 ὲν
2290 1218 2430 1287 αὐτῇ
2479 1219 2818 1290 μυστηρίων,
2872 1217 2967 1268 καὶ
3021 1215 3206 1268 δοῦναι
3261 1213 3580 1283 σύμμετρον
3627 1210 3788 1279 λόγον

2200 1311 2336 1381 πρὸς
2363 1311 2462 1380 τὴν
2483 1310 2590 1362 τῶν
2612 1308 2921 1378 νοουμένων
2952 1308 3271 1377 σαφήνειαν.
3304 1304 3464 1358 Ὀλον
3513 1303 3620 1374 γὰρ
3675 1301 3792 1374 ἔχει

2201 1401 2344 1456 κατά
2389 1399 2738 1472 περιγραφὴν
2765 1399 2856 1452 τὸν
2889 1400 2946 1453 ἐν
2977 1399 3089 1461 τοῖς
3117 1396 3432 1468 εἰρημένοις
3457 1394 3658 1448 σκοπὸν
3689 1411 3794 1465 μυ-

2203 1492 2406 1556 στικῶς
2443 1494 2867 1564 κεκρυμμένονο
2927 1493 2985 1564 ἢ,
3036 1490 3164 1559 τόγε
3217 1487 3552 1560 κυριώτερον
3593 1489 3790 1553 εἰπεῖν,

2202 1591 2314 1652 τοῖς
2364 1587 2704 1660 ἐρρωμένοις
2738 1587 2829 1640 τὸν
2873 1584 3000 1640 νοῦν
3053 1582 3315 1655 ἐμφανῶς
3359 1580 3790 1652 κηρυττόμενον.

2203 1683 2432 1738 Πάντων
2479 1682 2588 1751 γὰρ
2634 1677 2708 1738 ὧν
2756 1682 2842 1735 διὰ
2885 1679 3089 1752 σαρκδς
3116 1679 3338 1748 γέγονεν
3369 1675 3670 1748 αύτουργὸς
3703 1690 3794 1728 xe-

2204 1779 2400 1842 νωθεὶς
2453 1779 2480 1831 ὁ
2524 1777 2616 1830 τοῦ
2647 1775 2786 1830 Θεοῦ
2815 1776 3010 1843 Λόγος,
3039 1773 3255 1844 αἴτησιν
3290 1770 3402 1840 ἔχει
3425 1771 3524 1838 τῆς
3554 1783 3793 1837 προσευο

2204 1872 2308 1942 χῆς
2341 1870 2574 1939 όλόγος,
2621 1869 2886 1923 διδάσκων
2942 1867 3166 1920 ἐκείνων
3215 1859 3630 1944 μεταποιεῖσθαι
3685 1857 3798 1912 τῶν

2205 1963 2447 2032 ἀγαθῶν,
2493 1955 2567 2015 ὧν
2607 1960 2767 2031 μόνος
2811 1962 2838 2014 6
2867 1959 3000 2022 Θεὸς
3027 1957 3124 2010 καὶ
3152 1954 3345 2026 Πατὴρ
3375 1953 3440 2006 δι’
3476 1951 3608 2006 Υίοῦ
3639 1968 3798 2020 φυσι-

2206 2055 2320 2120 κῶς
2379 2053 2759 2125 μεσιτεύοντος
2801 2053 2861 2104 ὲν
2899 2050 3040 2120 ἁγίῳ
3073 2047 3354 2119 Πνεύματι
3379 2047 3500 2098 κατ’
3539 2043 3794 2116 ἀλήθειάν

2205 2148 2323 2200 ἐστι
2376 2145 2650 2217 χορηγός·
2696 2143 2858 2214 εἴπερ
2901 2141 3131 2214 μεσίτης
3170 2139 3306 2194 Θεοῦ
3340 2139 3436 2192 καὶ
3466 2137 3795 2207 ἀνθρώπιον,

2205 2233 2348 2290 κατά
2378 2233 2470 2288 τὸν
2507 2233 2652 2287 θεῖον
2693 2231 3042 2295 Ἀπόστολον,
3064 2231 3093 2281 6
3126 2227 3331 2300 Κύριός
3352 2228 3502 2280 ἐστιν
3535 2226 3745 2298 Ἰησοῦς
3780 2243 3796 2256 ’

2203 2328 2319 2390 τοῖς
2383 2325 2483 2396 μὲν
2541 2323 2886 2394 ἀνθρώποις,
2943 2321 3034 2376 διὰ
3091 2321 3294 2392 σαρκὸς
3349 2318 3570 2390 ἐμφανῆ
3625 2319 3801 2374 ποιῶν

2206 2414 2568 2487 ἀγνοούμενον
2601 2415 2694 2468 τὸν
2729 2414 2992 2492 Πατέραθ·
3031 2412 3110 2484 τῷ
3147 2411 3207 2466 δὲ
3262 2411 3440 2483 [Ia-cpi
3495 2411 3583 2465 διὰ
3625 2410 3796 2464 Πνεύο

2209 2525 2374 2580 ματος
2392 2508 2449 2562 ὲν
2469 2507 2646 2578 ἑαυτῷ
2664 2509 2790 2572 τοὺς
2813 2506 2911 2562 ἀνθ
2920 2506 3134 2578 ρώπους
3147 2503 3516 2569 καταλλαγέντ
3525 2521 3594 2568 ας
3619 2520 3794 2575 προσ-

2207 2601 2356 2669 άγων
2385 2615 2398 2628 ·
2435 2598 2576 2670 ὑπὲρ
2623 2590 2720 2661 ὧν,
2775 2596 2870 2650 καὶ
2907 2595 2976 2650 δι’
3018 2593 3114 2660 οὓς
3169 2593 3457 2666 ἀτρέπτως
3507 2593 3796 2662 γενόμενος

2205 2693 2513 2765 ἄνθρωπος,
2570 2691 2781 2744 πολλῶν
2815 2691 2939 2744 ὅσον
2971 2688 3185 2743 οὐδέπω
3217 2687 3402 2759 μέτρῳ
3456 2685 3796 2757 περιλαϐεῖν,

2205 2786 2266 2840 τό
2315 2803 2376 2840 τε
2438 2783 2645 2854 πλῆθος
2695 2783 2792 2838 καὶ
2820 2780 3050 2854 μέγεθος
3071 2779 3360 2852 δεδύνηται
3382 2778 3563 2848 λόγος,
3593 2777 3797 2832 καινῶν

2209 2875 2525 2948 μυστηρίων
2581 2874 2886 2946 αὐτουργὸς
2931 2873 3147 2942 γίνεται
3198 2872 3296 2926 καὶ
3323 2871 3645 2935 διδάσκαλος
3677 2886 3692 2901 ο
3722 2863 3798 2923 ὧν

2206 2967 2345 3020 ὲπτά
2369 2966 2458 3020 τὸν
2487 2965 2721 3038 ἀριθμὸν
2748 2963 3090 3036 γενικώτερα
3111 2963 3221 3018 τῶν
3245 2963 3471 3030 λοιπῶν,
3501 2963 3625 3018 κατ’
3650 2959 3795 3028 ὲξαί·

2211 3075 2365 3129 ρετον
2410 3057 2722 3129 φιλοτιμίαν
2767 3057 3039 3127 πέφανται
3096 3058 3208 3121 τοῖς
3233 3055 3542 3128 ἀνθρώποις
3564 3055 3795 3128 δεδωρη·

2213 3152 2371 3223 μένος
2399 3168 2412 3183 ·
2449 3147 2524 3206 ὧν
2555 3151 2832 3223 μυστικῶς
2855 3151 3100 3222 περιέχει
3121 3150 3222 3222 τὴν
3254 3149 3506 3220 δύναμιν,
3536 3148 3612 3213 ὡς
3637 3148 3796 3217 ἔφην,

506 3239 720 3295 ueteris
737 3247 948 3308 septem
967 3255 1200 3295 numero
1225 3239 1642 3307 uuiversaliora,
1660 3256 1760 3312 pro
1779 3241 1978 3297 eximia
2008 3257 2100 3298 sua

2209 3247 2310 3316 τῆς
2365 3243 2680 3316 προσευχῆς
2724 3243 2753 3296 6
2803 3243 3005 3306 σκοπός
3032 3258 3048 3273 ·
3097 3240 3400 3310 θεολογίαν,
3435 3238 3710 3294 υἱοθεσίαν
3739 3240 3796 3291 ἐν

503 3331 836 3386 liberalitate
883 3331 1097 3402 liquido
1145 3331 1464 3387 hominibus
1505 3336 1817 3402 concessit;
1865 3351 2100 3406 quorum

2205 3338 2412 3409 χάριτι,
2466 3336 2740 3407 ἰσοτιμίαν
2768 3335 2868 3406 τὴν
2907 3335 3046 3406 πρὸς
3105 3333 3404 3403 ἀγγέλους,
3443 3331 3614 3386 ἀϊδίου
3652 3329 3794 3399 ζωῆς

505 3423 735 3491 mystice
756 3422 892 3489 vim,
921 3423 1000 3477 uti
1035 3422 1310 3488 dicebam,
1341 3425 1730 3494 complectitur
1758 3441 1958 3498 seopus
1982 3443 2100 3483 ora.

2207 3429 2465 3500 μετοχὴν,
2524 3427 2742 3498 φύσεως
2796 3427 3026 3491 ἀπαθῶς
3083 3426 3221 3498 πρδς
3282 3422 3482 3496 ἑαυτὴν
3534 3421 3795 3492 νευούσης

509 3514 718 3568 tionis:
758 3529 977 3584 nempe,
1010 3514 1367 3585 theologiam,
1403 3516 1760 3587 adoptionem
1802 3519 1858 3574 in
1907 3521 2103 3592 gratia,

506 3620 692 3675 parem
751 3620 874 3660 cum
925 3605 1136 3676 angelis
1195 3607 1425 3663 honoris
1475 3616 1705 3676 sortem,
1751 3611 2102 3681 sempiternae

500 3696 625 3750 vita:
654 3697 994 3762 societatem,
1021 3705 1233 3752 naturae
1258 3699 1316 3753 in
1346 3697 1584 3768 seipsam
1634 3699 1788 3755 nulla
1813 3701 1935 3756 vitii
1974 3703 2100 3758 labe

501 3797 597 3842 aut
627 3787 856 3843 libidine
914 3788 1232 3844 inclinantis
1276 3789 1332 3844 in
1357 3791 1631 3862 integrum
1667 3792 2100 3859 restitutionem,

2203 3521 2672 3588 ἀποκατάστασιν,
2710 3521 2805 3575 τοῦ
2846 3521 3012 3592 νόμου
3039 3521 3137 3592 τῆς
3170 3512 3448 3592 ἀμαρτίας
3474 3516 3794 3578 κατάλυσιν,

2205 3615 2302 3670 καὶ
2345 3615 2447 3684 τῆς
2483 3614 2578 3668 τοῦ
2612 3614 2988 3686 κρατήσαντος
3016 3613 3175 3685 ἡμῶν
3204 3612 3272 3666 δι’
3299 3611 3520 3681 ἀπάτης
3555 3606 3798 3680 πονηροῦ

2207 3709 2525 3780 τυραννίδος
2583 3707 2924 3778 καθαίρεσιν.
2975 3705 3276 3776 Σκοπῶμεν
3323 3698 3418 3758 οὖν
3452 3702 3550 3774 τὴν
3581 3700 3690 3754 τῶν
3720 3699 3794 3752 λε·

2208 3799 2447 3871 χθέντων
2469 3799 2750 3870 ἀλήθειαν.

501 3879 637 3949 legis
695 3879 906 3949 peccati
954 3881 1428 3948 destruetioncm,
1478 3899 1543 3940 ac
1591 3887 1944 3956 nequissimi,
2001 3889 2238 3960 quinos
2307 3893 2630 3951 seducendo
2681 3893 2992 3960 addixerat,
3057 3891 3369 3964 tyrannidis
3412 3889 3792 3946 abolitionem.

504 3970 790 4025 Dictorum
829 3971 999 4042 igitur
1033 3973 1328 4030 veritatem
1367 3977 1563 4032 scdulo
1593 3978 1970 4048 exquiramus.

572 4064 708 4118 Nam
766 4065 1101 4138 theologiam
1159 4069 1387 4140 quidem
1435 4071 1621 4137 docet,
1669 4074 1820 4144 quod
1867 4052 2099 4132 eamcm

503 4155 822 4225 assumpsit,
858 4157 955 4211 Dei
995 4159 1256 4226 Verbum,
1286 4161 1341 4214 in
1373 4177 1432 4216 se
1463 4162 1726 4218 nimirum
1778 4165 1996 4221 Patrem
2043 4177 2101 4222 et

505 4256 771 4327 Spiritum
810 4269 1062 4315 sanctum
1115 4263 1438 4320 ostendens.
1485 4264 1658 4320 Totus
1712 4267 1862 4321 enim
1913 4268 2097 4335 Pater,

505 4355 765 4418 totusque
794 4349 933 4404 adeo
965 4350 1204 4420 Spiritus
1237 4361 1462 4408 sanctus
1487 4355 1858 4410 essentialiter
1890 4356 1944 4410 in
1984 4366 2100 4414 toto

504 4438 752 4510 perfecte
785 4440 925 4494 Filio
973 4448 1153 4507 erant,
1205 4443 1373 4497 etiam
1423 4443 1730 4511 incarnato,
1765 4461 1876 4501 non
1915 4455 2098 4502 tamen

2279 4077 2574 4146 Θεολογίαν
2611 4077 2709 4149 μὲν
2753 4075 2863 4146 γὰρ
2915 4075 3158 4130 διδάσκει
3211 4074 3585 4147 σαρκούμενος
3622 4077 3652 4130 ὁ
3699 4075 3795 4130 τοῦ

2201 4168 2340 4224 Θεοῦ
2387 4171 2582 4238 Λόγος,
2624 4170 2699 4234 ὡς
2743 4171 2802 4223 ὲν
2852 4167 3032 4239 ἑαυτῷ
3081 4167 3294 4232 δεικνὺς
3335 4168 3427 4221 τὸν
3453 4168 3676 4239 Πατέρα
3701 4169 3794 4222 καὶ

2201 4263 2264 4316 τὸ
2293 4261 2521 4334 Πνεῦμα
2555 4261 2616 4314 τὸ
2662 4261 2842 4329 ἅγιον.
2891 4260 3052 4322 ’Ὁλος
3097 4259 3206 4331 γὰρ
3249 4254 3317 4331 ἦν
3360 4261 3388 4313 ό
3427 4257 3644 4330 Πατὴρ,
3699 4259 3792 4313 καὶ

2200 4355 2321 4408 ὅλον
2353 4354 2414 4407 τὸ
2451 4354 2679 4423 Πνεῦμα
2707 4353 2767 4406 τὸ
2795 4353 2974 4422 ἅγιον,
3013 4351 3289 4415 ούσιωδῶς
3332 4353 3392 4404 ὲν
3430 4351 3536 4421 ὅλῳ
3572 4350 3793 4413 τελείως

2201 4444 2278 4514 τῷ
2307 4444 2421 4514 Υίῷ
2450 4445 2544 4497 καὶ
2582 4443 2963 4514 σαρκουμένῳ,
3011 4442 3074 4496 ού
3135 4441 3500 4513 σαρκούμενοι
3532 4455 3548 4470 ⁶
3599 4439 3718 4496 ἀλλ’
3764 4441 3797 4493 6

504 4529 608 4599 ipsi
671 4531 973 4598 incarnati;
1023 4533 1117 4588 sed
1176 4549 1241 4588 ea
1291 4535 1505 4590 ratione
1559 4535 1708 4606 quod
1762 4535 1924 4591 Pater
1964 4553 2097 4608 pro-

2208 4535 2308 4606 μὲν
2360 4535 2620 4602 εὐδοκῶν,
2677 4534 2740 4587 τὸ
2787 4534 2843 4588 δὲ
2897 4533 3212 4606 συνεργοῦν,
3273 4531 3665 4604 αύτουργοῦντι
3710 4530 3796 4603 τῷ

503 4637 676 4692 pense
724 4625 919 4678 volens
972 4642 1036 4679 ac
1083 4626 1455 4696 complaecns,
1508 4626 1750 4696 Spiritus
1791 4643 2100 4698 eooperans

503 4721 641 4781 erat,
674 4715 833 4780 Filio,
863 4715 957 4786 qui
989 4717 1106 4787 ipse
1147 4717 1253 4772 sibi
1285 4733 1510 4772 carnem
1539 4718 1803 4774 conderet
1840 4736 1854 4772 :
1891 4721 2097 4791 quippe

504 4822 630 4860 cum
664 4806 908 4862 Verbum
951 4817 1136 4864 mente
1175 4808 1466 4878 praeditum
1511 4812 1970 4880 perseveraverit,
2015 4813 2098 4866 vi-

505 4906 667 4968 taque
718 4899 1004 4963 incolumi,
1057 4917 1122 4956 ac
1159 4901 1454 4972 ejusmodi,
1503 4910 1566 4957 ut
1604 4917 1635 4956 a
1674 4903 1793 4958 solo
1831 4903 2097 4959 duntaxat

503 4988 664 5044 Patre
699 4999 754 5044 et
806 4989 1017 5058 Spiritu
1068 4998 1280 5056 sancto,
1315 4990 1462 5060 quod
1496 4990 1735 5046 essentia
1776 5000 1879 5056 cst,
1913 4991 2096 5063 capia-

2206 4630 2322 4701 Υἱῷ
2355 4629 2459 4702 (a)
2499 4630 2599 4701 τὴν
2640 4629 2916 4701 σάρκωσιν
2949 4646 2963 4659 ο
3011 4629 3170 4699 εἴπερ
3205 4627 3392 4691 ἔννους
3443 4627 3473 4679 6
3505 4626 3679 4694 Λόγος
3714 4625 3793 4681 δι-

2204 4724 2390 4793 έμεινε
2426 4723 2522 4776 καὶ
2561 4720 2692 4786 ζῶν,
2727 4723 2823 4777 καὶ
2860 4721 3049 4793 μηδενὶ
3079 4721 3142 4774 τὸ
3170 4719 3432 4792 παράπαν
3478 4717 3623 4790 ἄλλῳ
3668 4723 3802 4772 κατ’

2203 4815 2392 4869 οὐσίαν
2431 4815 2800 4886 χωρούμενος,
2841 4815 2874 4886 ἢ
2911 4815 3057 4886 μόνῳ
3081 4814 3158 4885 τῷ
3187 4813 3365 4884 Πατρῖ¹
3404 4813 3496 4866 καὶ
3519 4811 3598 4882 τῷ
3622 4811 3792 4866 Πνεύο

2205 4921 2360 4976 ματι,
2392 4906 2485 4959 καὶ
2520 4905 2658 4978 πρὸς
2701 4905 2800 4975 τὴν
2847 4904 3028 4975 σάρκα
3080 4903 3171 4958 διὰ
3213 4901 3647 4974 φιλανθρωπίαν,
3689 4901 3791 4972 τὴν

2203 4993 2326 5048 καθ’
2356 4994 2656 5048 ὑπόστασιν
2676 4993 3044 5065 ποιησάμενος
3076 4993 3294 5046 ἕνωσιν.

502 5092 626 5147 tur;
674 5090 792 5137 tum
817 5082 1005 5150 ctiam,
1032 5099 1158 5139 cum
1190 5099 1290 5154 pro
1323 5099 1553 5138 summa:
1597 5083 1954 5154 benignitatis
2016 5086 2329 5153 clementia,
2368 5088 2653 5154 unionem,
2717 5103 2839 5158 qua:
2875 5095 2960 5141 est
3005 5086 3062 5140 in
3127 5099 3385 5156 persona,
3428 5099 3554 5141 cum
3625 5099 3790 5139 carne

507 5173 799 5250 contraxit.

572 5332 641 5386 'l
681 5331 925 5387 Timoth.
962 5348 1020 5397 ιι,
1053 5333 1106 5387 5.

560 5468 1085 5539 (ο).ὶῠτουρτοῦντι
1115 5469 1194 5535 τῷ
1233 5468 1628 5535 Υἰῷ.Ρι·ἰηιιιῐη
1655 5469 1804 5539 quod
1829 5471 2080 5527 continet

502 5546 681 5595 oratio
715 5539 1021 5610 Dominica,
1080 5539 1264 5610 divina
1313 5539 1587 5610 theologia
1617 5549 1702 5594 est
1740 5558 1752 5593 :
1796 5539 2087 5597 Trinitatis

503 5611 638 5666 fides
669 5618 725 5665 et
755 5609 1174 5672 incarnationis,
1203 5625 1324 5679 quae
1348 5609 1471 5665 sita
1502 5609 1615 5665 tota
1635 5610 1909 5666 Trinitate
1936 5610 2085 5665 indi-

449 5691 452 5695 '
501 5681 638 5747 vise,
661 5681 737 5736 ita
763 5689 945 5751 tamen
977 5687 1035 5751 ut
1075 5681 1227 5734 solus
1258 5680 1432 5735 Filius
1467 5680 1789 5735 incarnatus
1818 5682 1925 5745 sit,
1969 5681 2087 5751 ipse

501 5751 605 5804 sibi
635 5749 1083 5820 αὑτουργῶντὴν
1125 5751 1423 5820 σάρκωσιν,
1458 5762 1647 5820 auctor
1676 5749 2084 5817 incarnationis,

499 5821 664 5891 οι(ιυί
689 5823 932 5893 scipsum
955 5819 1348 5890 incarnavcrit,
1375 5819 1471 5878 sed
1500 5821 1848 5887 εὐδοκοῦντος
1873 5822 2088 5896 nupti;

2191 5472 2284 5526 καὶ
2314 5471 2706 5542 συνεργοῦντος
2732 5472 2827 5544 τοῦ
2889 5470 3048 5544 ἁγίου
3065 5470 3384 5544 Πνεύματος
3411 5486 3424 5499 ’
3452 5471 3639 5525 Patris
3661 5483 3780 5544 pro:

2191 5559 2355 5614 pensa
2381 5539 2658 5614 voluntate
2694 5553 2745 5596 et
2775 5539 2982 5614 Spiritu
3020 5539 3484 5614 sancto'adjutofe
3500 5557 3522 5614 ς
3543 5539 3669 5595 non
3693 5539 3782 5608 qui

2190 5612 2306 5685 ipsi
2337 5613 2765 5685 αὐτουργοῦντες
2801 5612 3016 5685 ἰίιίγτὴν
3048 5612 3347 5685 σάρκωσιν,
3383 5612 3646 5685 Maximo,
3691 5619 3782 5662 aut

2189 5681 2424 5754 probato
2449 5681 2835 5754 ulli’tbeologo
2872 5681 3007 5739 dicti
3042 5681 3174 5746 sint,
3198 5693 3259 5738 ut
3285 5683 3438 5754 gravi
3471 5681 3675 5754 mendo
3701 5694 3782 5754 re-

2189 5750 2712 5826 prmsentatCatcua
2737 5750 2966 5811 Cbrder.
3006 5750 3310 5826 redditque
3337 5754 3455 5825 ipse
3473 5750 3782 5825 simplicius

2192 5825 2486 5897 minusque
2527 5825 2856 5898 theologice.
