4070 6416
383 363 481 422 8ἷ7

1335 361 1738 424 EXPOSITIO
1778 359 2189 422 ORATIONIS
2229 358 2635 419 DOMINICAS.

3532 364 3637 428 878

450 479 732 532 Υίοθεσίαν
774 480 832 534 δὲ
895 481 1098 544 δίδωσι,
1133 482 1231 552 τὴν
1262 483 1404 553 ὑπὲρ
1435 482 1595 552 φύσιν
1629 481 1833 535 ἄνωθεν
1870 478 1952 531 διὰ

2129 474 2496 544 Adoptioncm
2529 489 2658 528 vero
2691 473 2910 538 tribuit,
2942 484 3215 544 quatenus
3239 474 3450 530 scilicet
3495 477 3641 533 illam

376 569 690 634 Πνεύματος
737 572 795 623 ὲν
835 571 1018 642 χάριτι
1059 573 1401 644 δωρούμενος
1452 575 1703 642 γέννησιν
1731 587 1745 600 ⁹
1791 567 1856 643 ἦς
1902 572 1960 622 έν

377 662 490 731 θεῷ
552 660 652 733 [al.
720 664 816 716 σὺν
867 663 1010 734 Θεῷ]
1054 666 1270 736 φυλακή
1301 683 1360 718 τε
1398 667 1494 719 καὶ
1521 664 1754 734 τήρησίς
1789 664 1958 723 ἐστιν,

373 749 534 817 ἡτῶν
561 750 922 820 γεννωμένων
975 754 1292 824 προαίρεσις
1337 753 1431 824 (b)°
1483 752 1718 806 διαθέσει
1759 748 1959 820 γνησίᾳ

370 841 472 908 τὴν
507 840 755 893 δοθεῖσαν
789 842 1094 913 στέργουσα
1117 845 1299 912 χάριν,
1351 845 1446 898 καὶ
1495 847 1561 914 τῇ
1603 841 1800 912 πράξει
1851 839 1959 891 τῶν

370 930 603 983 ἐντολῶν
645 933 924 1000 ἐπιμελῶς
969 935 1028 985 τὸ
1077 936 1220 988 κατὰ
1269 936 1428 1006 χάριν
1470 935 1621 988 δοθὲν
1647 931 1959 1002 ώραῑζουσα

376 1019 571 1082 κάλλος
597 1037 611 1049 ·
662 1023 754 1074 καὶ
788 1023 1044 1078 τοσοῦτον
1069 1029 1134 1096 τῇ
1171 1027 1401 1080 κενώσει
1427 1027 1536 1080 τῶν
1572 1026 1762 1079 παθῶν
1791 1042 1959 1095 μεταο

375 1108 672 1178 ποιουμένη
704 1109 975 1181 θεότητος,
1002 1114 1127 1168 ὅσον
1153 1117 1182 1168 ὁ
1207 1115 1300 1167 τοῦ
1326 1114 1461 1169 Θεοῦ
1512 1115 1684 1182 Λόγος
1734 1114 1832 1184 τῆς
1877 1115 1958 1167 οἱ·

376 1196 533 1261 κείας
581 1200 914 1270 ἀκραιφνοῦς
963 1203 1141 1273 δόξης,
1187 1205 1546 1276 οἰκονομικῶς
1601 1206 1789 1258 ἑαυτὸν
1817 1205 1959 1257 κατὰ

375 1287 594 1357 θέλησιν
625 1289 887 1360 κενώσας,
941 1295 1231 1365 γενόμενος
1278 1297 1496 1368 ἀληθῶς
1550 1295 1958 1368 κεχρημάτικεν

374 1373 692 1444 ἄνθρωπος.

459 1549 754 1619 ’ἰσοτίμους
791 1552 846 1606 δὲ
892 1557 1006 1618 τοῖς
1041 1556 1294 1624 ἀγγέλοις
1325 1558 1454 1622 τοὺς
1482 1558 1805 1629 ἀνθρώπους
1854 1577 1954 1614 πε-

373 1641 626 1708 ποίηκεν,
675 1644 734 1694 οὺ
768 1645 960 1698 καθότι
1004 1647 1163 1714 μόνον
1185 1650 1676 1720 Εἱρηνοποιήσας
1725 1651 1824 1705 διὰ
1850 1653 1954 1707 τοῦ

371 1731 625 1801 αἵματος
653 1734 759 1787 τοῦ
802 1738 1068 1806 σταυροῦ
1099 1741 1285 1795 αὐτοῦ
1317 1742 1388 1796 τὰ
1428 1743 1498 1796 ἐν
1525 1742 1645 1809 τοῖς
1679 1744 1956 1810 οὐρανοῖς

372 1823 478 1876 καὶ
513 1823 585 1876 τὰ
627 1825 724 1878 ἐπὶ
757 1827 867 1894 τῆς
897 1828 1028 1898 γῆς,
1057 1832 1151 1884 καὶ
1181 1835 1536 1904 καταργήσας
1567 1835 1664 1899 τὰς
1712 1837 1950 1908 πληρού-
1984 1825 2026 1881 Β

375 1932 484 1977 σοις
526 1917 615 1970 τὸν
651 1918 815 1989 μέσον
843 1921 1076 1992 οὐρανοῦ
1109 1925 1199 1978 καὶ
1232 1926 1335 1997 γῆς
1371 1929 1534 1981 τόπον
1569 1929 1954 2000 ἀντικειμένας

371 2006 637 2078 δυνάμεις
655 2050 670 2075 ,
701 2012 831 2081 μίαν
875 2014 1009 2084 πρὸς
1039 2015 1137 2087 τὴν
1164 2016 1271 2072 τῶν
1298 2018 1460 2073 θείων
1481 2019 1666 2091 δώρων
1695 2021 1953 2094 διανομὴν

369 2097 487 2148 τῶν
505 2100 760 2166 ἐπιγείων
785 2101 879 2154 καὶ
894 2103 1158 2172 οὐρανίων
1177 2107 1454 2178 δυνάμεων
1478 2111 1758 2178 ἀπέδειξεν
1787 2109 1953 2166 οὖσαν

372 2189 688 2256 πανήγυριν
709 2205 722 2218 ·
773 2193 870 2262 τῆς
906 2193 1252 2266 ἀνθρωπίνης
1281 2199 1496 2266 φύσεως
1547 2201 1603 2253 ἐν
1635 2202 1952 2270 ἀγαλλιάσει

373 2277 523 2330 κοιτά
569 2278 628 2330 τὸ
665 2278 724 2332 ἓν
754 2282 849 2334 καὶ
877 2283 938 2336 τὸ
971 2285 1104 2338 αὐτὸ
1149 2286 1360 2358 θέλημα
1394 2292 1511 2353 ταῖς
1553 2290 1664 2344 ἄνω
1696 2292 1953 2364 δυνάμεσι

372 2373 478 2440 τὴν
527 2370 684 2437 δόξαν
737 2374 833 2426 τοῦ
886 2375 1022 2429 Θεοῦ
1075 2380 1515 2453 συνεπηχούσης·
1576 2384 1692 2438 ἀλλ’
1730 2387 1812 2440 ὅτι
1859 2388 1954 2441 καὶ

373 2463 520 2530 μετά
549 2463 644 2534 τὴν
679 2464 957 2535 πλήρωσιν
977 2468 1078 2538 τῆς
1109 2471 1249 2543 ὑπὲρ
1280 2473 1435 2543 ἡμῶν
1459 2477 1789 2547 οἰκονομίας,
1817 2479 1953 2549 μετὰ

370 2552 473 2605 τοῦ
521 2555 962 2625 προσληφθέντος
997 2560 1329 2632 ἀναληφθεὶς
1358 2563 1610 2636 σώματος
1645 2568 1739 2638 (ι’),
1787 2571 1951 2641 οὐρα-

374 2643 471 2695 νὸν
521 2645 617 2696 καὶ
663 2646 768 2716 γῆν
813 2648 990 2718 ἦνωσε
1041 2650 1107 2704 δι’
1159 2653 1385 2706 ἑαυτοῦ·
1437 2659 1532 2710 καὶ
1589 2661 1701 2723 τοῖς
1744 2665 1950 2730 νοητοῖς

378 2735 588 2805 συνῆψε
643 2738 710 2790 τὰ
756 2740 1011 2808 αἰσθητὰ,
1064 2746 1157 2797 καὶ
1208 2746 1336 2815 μίαν
1373 2747 1538 2816 ἔδειξε
1588 2750 1684 2821 τὴν
1729 2753 1951 2823 κτιστὴν

376 2826 542 2896 φύσιν
569 2831 686 2893 ταῖς
716 2830 824 2883 τῶν
854 2833 1052 2904 ἑαυτῆς
1079 2836 1344 2908 ἁκρότησι
1372 2840 1574 2911 μερῶν,
1603 2843 1720 2895 κατ’
1748 2845 1951 2916 ἀρετήν

372 2937 436 2972 τε
471 2922 565 2974 καλ⁴
611 2922 709 2990 τῆς
762 2923 982 2996 πρώτης
1013 2927 1189 2992 αἰτίας
1221 2930 1533 2998 ἐπίγνωσιν,
1587 2935 1723 3003 πρὸς
1753 2936 1950 3007 ἑαυτὴν

377 3013 767 3085 συνδεομένην·
811 3016 1044 3085 δεικνὺς,
1097 3015 1272 3090 οἶμαι,
1318 3023 1385 3076 δι’
1427 3016 1501 3076 ὧν
1552 3026 1800 3080 ἐπετέλει
1847 3047 1949 3097 μυ·-

377 3104 598 3167 στικῶς,
633 3107 707 3168 ὡς
735 3109 764 3160 ὁ
799 3109 896 3176 μὲν
929 3109 1086 3179 λόγος
1117 3113 1232 3165 ἐστὶ
1257 3113 1364 3166 τῶν
1389 3114 1696 3172 διεστώτων
1725 3118 1914 3183 ἕνωσις
1933 3136 1948 3152 ⁸

378 3195 410 3262 ἡ
441 3194 495 3246 δὲ
529 3196 739 3264 ἀλογία,
774 3199 883 3251 τῶν
917 3201 1209 3271 ἡνωμένων
1231 3204 1493 3276 διαίρεσις
1514 3223 1528 3236 °
1563 3208 1656 3260 καὶ
1687 3209 1950 3280 μάθωμεν

377 3283 535 3352 λόγου
565 3290 976 3358 μεταποιεῖσθαι
1012 3293 1099 3346 διὰ
1127 3294 1224 3363 τῆς
1255 3297 1527 3367 πράξεως,
1567 3299 1652 3352 ἵνα
1682 3299 1756 3370 μὴ
1789 3302 1948 3372 μόνον

377 3378 629 3446 ἀγγέλοις
687 3382 811 3434 κατ’
859 3383 1093 3456 ἀρετὴν,
1142 3387 1276 3441 ἀλλὰ
1329 3391 1422 3442 καὶ
1467 3390 1586 3461 Θεῷ
1631 3395 1948 3460 γνωστικῶς

377 3472 521 3524 κατὰ
551 3474 649 3543 τὴν
678 3475 784 3527 τῶν
821 3477 987 3530 ὄντων
1020 3480 1309 3550 ένωθῶμεν
1349 3483 1659 3554 ἀφαίρεσιν.

2061 577 2257 621 natura
2303 565 2654 635 superiorum
2684 565 2900 620 ccclitus
2941 581 3040 634 per
3069 565 3332 636 Spiritum
3383 568 3438 622 in
3471 571 3646 639 gratia

2063 657 2262 712 tribuit
2307 672 2370 712 ac
2413 657 2582 711 donat
2629 657 3010 722 nativitatem;
3063 659 3219 727 cujus
3267 659 3380 715 Deo
3423 661 3654 731 auspice

2059 750 2310 805 custodia
2341 765 2404 806 ac
2437 750 2786 804 conservatio
2815 757 2922 814 est,
2956 748 3130 804 libera
3177 765 3394 816 eorum,
3420 753 3515 822 qui
3565 753 3647 808 sic

2053 843 2172 897 .nati
2203 850 2351 904 sunt,
2379 842 2662 905 voluntas;
2708 841 2926 896 sincero
2975 841 3143 896 animi
3176 843 3378 898 aﬂ'eetu
3423 861 3644 902 conces-

2059 948 2172 988 sam
2217 932 2448 1004 gratiam
2479 933 2689 998 colens,
2715 947 2779 986 ac
2811 931 2972 1004 347
3000 933 3207 1002 quibus
3244 934 3499 988 mandata
3546 951 3640 989 ει·-

2053 1033 2342 1096 sequatur,
2405 1024 2597 1079 sedulo
2649 1039 2749 1094 per
2811 1024 3043 1094 gratiam
3106 1039 3428 1080 concessum
3477 1025 3646 1081 decus

2058 1132 2371 1182 exornans;
2427 1123 2750 1185 tantumque
2782 1115 3263 1185 perturbationum
3292 1118 3646 1172 evacuatione

2059 1207 2282 1262 deitatis
2328 1205 2660 1260 commercio
2699 1205 3029 1275 provehens,
3058 1214 3327 1276 quantum
3372 1206 3470 1260 Dei
3511 1208 3636 1262 Ver-

2059 1298 2190 1352 bum
2225 1312 2356 1352 vere
2390 1296 2606 1352 exstitit
2642 1296 2828 1361 homo,
2859 1311 2890 1351 a
2919 1311 3019 1352 sua
3061 1312 3121 1352 se
3162 1313 3292 1352 vera
3336 1313 3402 1353 ae
3439 1299 3649 1370 magni-

2056 1390 2162 1446 ﬁca
2223 1389 2396 1460 gloria
2450 1405 2550 1460 per
2607 1389 2944 1444 voluntatem
2971 1389 3408 1460 dispensatione
3454 1391 3646 1446 exina-

2057 1483 2241 1537 niens.

2124 1575 2247 1629 Pari
2273 1589 2406 1630 vero
2433 1574 2688 1630 homines
2735 1574 2944 1644 angelis
2985 1574 3253 1645 dignitate
3297 1576 3451 1632 auxit
3483 1584 3646 1648 atque

2055 1666 2325 1736 provexit,
2360 1681 2472 1720 non
2500 1682 2564 1722 ea
2598 1666 2865 1721 duntaxat
2897 1667 3134 1734 ratione,
3167 1667 3314 1738 quod
3346 1667 3646 1736 Paciﬁcans

2055 1771 2148 1826 per
2170 1756 2484 1826 sanguinem
2520 1757 2687 1809 crucis
2721 1771 2852 1821 sum,
2902 1771 3021 1826 qua:
3059 1757 3116 1810 in
3159 1756 3324 1823 cae-lis,
3369 1766 3419 1811 et
3441 1773 3560 1828 qua:
3590 1760 3644 1813 in

2055 1855 2200 1901 terra
2243 1856 2365 1901 sunt
2386 1847 2429 1912 ⁸,
2478 1848 2716 1917 caelique
2766 1863 2832 1902 ac
2879 1845 3044 1903 terra:
3094 1849 3426 1906 intermedia
3469 1852 3645 1920 spatia

2055 1937 2349 2006 implentes
2387 1938 2735 1992 adversarias
2777 1947 3079 2009 potestates
3109 1939 3423 2007 destruens,
3451 1942 3518 1996 ad
3564 1941 3648 1996 di-

2054 2030 2313 2084 vinorum
2388 2029 2838 2086 distributionem
2899 2031 3175 2086 donorum
3221 2033 3372 2102 quod
3424 2034 3643 2097 attinet,

2056 2137 2221 2176 unam
2273 2123 2620 2179 terrestrium
2671 2123 3094 2194 caelestiumque
3135 2133 3470 2194 potestatum
3501 2141 3637 2180 con-

2053 2215 2269 2272 cionem
2312 2223 2637 2292 caelumque
2673 2214 2949 2281 ostendit;
3013 2216 3145 2271 dum
3192 2216 3408 2272 scilicet
3449 2217 3646 2272 buma-

2055 2320 2187 2360 num
2223 2320 2416 2376 genus,
2463 2319 2574 2359 una
2610 2303 2916 2375 eademque
2956 2307 3240 2362 voluntate
3287 2322 3414 2362 eum
3451 2323 3646 2378 supcr-

2055 2399 2144 2452 nis
2171 2398 2564 2468 potestatibus,
2595 2398 2856 2468 socioque
2889 2398 2998 2453 illis
3031 2399 3252 2470 agmine
3284 2398 3380 2454 Dei
3417 2401 3644 2471 gloriam

2056 2490 2112 2544 in
2139 2489 2505 2544 exsultatione
2536 2498 2800 2559 personat
2828 2504 2893 2545 ac
2919 2490 3104 2555 canit;
3148 2492 3242 2546 sed
3279 2492 3424 2562 quod
3455 2492 3644 2559 etiam,

2055 2579 2283 2649 impleto
2321 2587 2525 2635 nostrae
2555 2580 2750 2634 salutis
2797 2579 2853 2634 in
2888 2595 3056 2636 carne
3087 2583 3330 2653 negotio,
3369 2599 3478 2638 una
3516 2599 3644 2639 cum

2053 2679 2338 2741 assumpto
2373 2686 2606 2739 corpore
2647 2670 2701 2725 in
2738 2671 2937 2726 cmlum
2985 2681 3264 2743 receptus,
3293 2675 3492 2728 cmlum
3525 2682 3642 2730 ter-

2054 2775 2280 2829 ramque
2312 2775 2411 2829 per
2440 2774 2497 2812 se
2527 2759 2643 2829 ipse
2675 2761 3037 2828 copulaverit,
3067 2762 3344 2832 rebusque
3375 2765 3640 2833 spiritali-

2052 2850 2156 2906 bus
2181 2861 2386 2922 etquae
2421 2861 2604 2907 mente
2645 2851 3050 2922 intelliguntur,
3080 2867 3146 2908 ea
3181 2870 3303 2923 quas
3331 2855 3384 2908 in
3416 2871 3639 2910 sensum

2052 2943 2277 3005 cadunt,
2335 2944 2720 3014 conjunxerit;
2801 2959 3019 3000 necnon
3100 2946 3321 3000 unicam
3388 2956 3640 3001 naturam

2048 3042 2316 3098 creatam,
2371 3049 2596 3089 suarum
2633 3035 2872 3104 partium
2913 3034 3381 3099 extremitatibus,
3422 3036 3642 3092 virtutis

2053 3126 2205 3180 cultu
2243 3125 2519 3194 primique
2565 3127 2812 3181 auctoris
2857 3124 2943 3179 sui
2988 3125 3204 3189 notitia,
3235 3125 3344 3181 sibi
3397 3127 3499 3202 ipsi
3542 3128 3641 3182 dc-

2004 3215 2020 3254 έ
2054 3215 2296 3272 vinctam
2322 3231 2387 3270 ac
2409 3217 2802 3279 cohaerentem,
2824 3215 3177 3282 exhibuerit;
3219 3215 3275 3270 id
3303 3227 3435 3286 puto
3455 3226 3642 3273 osten-

2054 3310 2211 3371 dens,
2237 3323 2338 3378 per
2366 3323 2431 3362 ea
2462 3323 2586 3377 quae
2617 3308 2846 3378 mystice
2883 3308 3203 3377 peragebat,
3249 3309 3483 3363 verbum
3515 3309 3642 3379 qni-

2053 3399 2178 3454 dem
2233 3414 2297 3453 ac
2333 3397 2622 3463 rationem,
2653 3413 2773 3467 quae
2825 3406 2957 3451 sunt
3003 3397 3196 3452 dissita
3240 3399 3502 3465 counire;
3557 3417 3644 3454 ra-

2053 3489 2219 3543 tionis
2247 3505 2377 3544 vero
2402 3488 2709 3542 absentiam
2746 3488 2984 3557 (brutam
3030 3487 3242 3543 scilicet
3267 3488 3634 3550 adactionem)

379 3582 586 3638 eaquae
608 3572 1205 3643 sintunita.dividere,
1231 3592 1296 3633 ac
1324 3593 1423 3647 per
1464 3581 1734 3636 actionem
1774 3599 2062 3653 capessere
2109 3585 2386 3639 discamus
2454 3584 2724 3639 rationem
2771 3603 2784 3638 :
2819 3594 2881 3640 ut
2908 3584 3113 3639 nedum
3179 3587 3412 3656 angelis,
3463 3587 3640 3642 virtu-

387 3665 461 3716 tis
494 3664 782 3734 l‘unctione,
809 3670 905 3724 sed
949 3681 1006 3725 ct
1041 3672 1152 3727 Deo
1184 3674 1460 3742 sapienter
1489 3691 1588 3744 per
1615 3678 1946 3734 ablationem
1981 3695 2166 3735 rerum
2198 3679 2474 3733 uniamur.

461 3761 606 3828 Ζωῆς
635 3763 688 3816 δὲ
728 3764 875 3828 θείας
917 3771 1149 3820 ποιεῖται
1186 3769 1490 3838 μετάδοσιν,
1527 3773 1786 3845 ἐδώδιμον
1819 3777 1948 3828 ἑαυ-

380 3851 473 3905 τὸν
498 3855 879 3926 ἐργαζόμενος,
911 3860 986 3921 ὡς
1031 3855 1169 3913 οἶδεν
1199 3863 1381 3926 αὐτὸς,
1413 3865 1507 3917 καὶ
1535 3865 1585 3918 οἱ
1621 3868 1750 3937 παρ’
1783 3868 1948 3922 αὐτοῦ

369 3945 627 4016 τοιαύτην
661 3947 914 4019 αἴσθησιν
933 3953 1124 4023 νοεράν
1159 3954 1465 4022 εἰληφότες,
1494 3955 1634 4009 ὥστε
1662 3960 1729 4028 τῇ
1760 3959 1947 4026 γεύσει

366 4033 580 4104 ταύτης
611 4037 708 4105 τῆς
746 4037 1021 4107 βρώσεως,
1073 4041 1291 4106 εἰδέναι,
1334 4045 1455 4096 κατ’
1486 4045 1785 4114 ἐπίγνωσιν
1819 4048 1948 4117 ἀλη-

364 4123 504 4187 θῶς,
537 4125 615 4178 ὅτι
643 4128 879 4197 χρηστὸς
902 4130 930 4180 ό
958 4129 1182 4201 Κύριος,
1219 4134 1462 4204 ποιότητι
1489 4135 1609 4206 θείᾳ
1640 4138 1775 4208 πρὸς
1809 4137 1943 4193 θέω-

361 4232 458 4267 σιν
497 4219 841 4288 μετακιρνῶν
876 4222 1000 4284 τοὺς
1031 4222 1309 4287 ἐσθίοντας
1334 4241 1347 4253 ⁵
1377 4222 1466 4278 οἷα
1493 4227 1556 4297 δὴ
1589 4229 1771 4298 σαφῶς
1803 4231 1948 4302 ζωῆς

357 4310 462 4361 καὶ
493 4307 777 4379 δυνάμεως
804 4312 966 4381 ἄρτος
998 4315 1086 4365 καὶ
1114 4313 1189 4368 ὢν
1228 4317 1323 4369 καὶ
1355 4316 1711 4388 καλούμενος,

431 4585 553 4655 Τὴν
587 4585 745 4653 φύσιν
771 4587 826 4640 δὲ
872 4588 1005 4659 πρὸς
1035 4589 1232 4661 ἑαυτὴν
1261 4591 1710 4663 ἀποκαθίστησιν,
1741 4594 1800 4646 οὐ
1846 4612 1945 4648 κοι-

344 4678 478 4730 θότι
516 4677 676 4746 μόνον
705 4681 996 4749 γενόμενος
1031 4683 1336 4753 ἄνθρωπος,
1365 4685 1549 4756 ἀπαθῆ
1590 4688 1688 4757 τὴν
1719 4687 1946 4757 γνώμην

338 4769 502 4840 πρὸς
565 4769 662 4839 τὴν
717 4771 876 4840 φύσιν
920 4773 1155 4844 ἐτήρησε
1210 4777 1303 4829 καὶ
1364 4777 1758 4830 ἀστασίαστον·
1812 4779 1946 4850 μηδὲ

339 4861 501 4928 πρὸς
533 4861 730 4925 αὐτοὺς
761 4865 884 4926 τοὺς
918 4865 1338 4936 σταυρώσαντας
1379 4868 1476 4939 τῆς
1504 4869 1645 4922 κατὰ
1679 4871 1842 4938 φύσιν
1871 4871 1948 4922 ol-

336 4953 520 5014 κείας
574 4953 940 5025 σαλευομένην
984 4958 1044 5011 τὸ
1091 4959 1307 5012 σύνολον
1348 4960 1591 5029 βάσεως·
1637 4963 1945 5016 τούναντίον

333 5045 399 5097 δὲ
460 5045 670 5115 μᾶλλον
716 5049 1048 5118 αἱρουμένην
1089 5052 1209 5102 ἀντὶ
1257 5051 1400 5122 ζωῆς
1446 5053 1535 5105 τὸν
1573 5053 1714 5123 ὑπὲρ
1764 5053 1944 5106 αὐτῶν

329 5141 594 5194 θάνατον
618 5156 631 5169 ·
666 5140 788 5193 καθ’
819 5141 846 5194 ὃ
878 5142 974 5195 καὶ
1003 5142 1062 5196 τὸ
1092 5145 1182 5198 τοῦ
1217 5145 1423 5208 πάθους
1453 5145 1700 5198 ἑκούσιον
1737 5145 1944 5199 δείκνυ-

410 5326 438 5357 ⁶
475 5323 694 5401 Coloss.
720 5341 758 5388 ι,
789 5326 878 5381 20.
955 5327 975 5358 ⁷
1010 5325 1152 5381 Psal.
1179 5344 1362 5393 xxxm,
1397 5329 1452 5384 9.

408 5507 503 5580 (ὁ)
548 5507 622 5562 Ἦ
663 5506 781 5560 τῶν
820 5507 1204 5580 γεννωμένων
1230 5510 1590 5577 προαίρεσις.
1633 5509 1818 5563 Libera
1863 5525 1946 5563 ro-

315 5579 538 5658 {r_t_u_tas
566 5594 776 5658 egrum,
823 5579 1036 5658 quisic,
1091 5595 1257 5658 eaque
1285 5580 1597 5658 adoptione,
1631 5589 1939 5658 nascuntur.

319 5651 568 5704 Vitiose
591 5648 710 5702 Cat.
742 5661 797 5704 et
831 5648 984 5704 Dufr.
1009 5649 1131 5703 eod.
1165 5648 1272 5700 τῶν
1291 5648 1597 5719 γενὸμένων
1620 5665 1632 5677 ⁶
1656 5651 1751 5702 ubi
1773 5649 1938 5705 Cord.

313 5735 566 5783 eorum,
613 5735 732 5788 qua:
760 5719 918 5789 ﬁunt,
955 5720 1285 5791 prwc'lectio;
1319 5721 1372 5773 in
1407 5736 1520 5790 quo
1566 5721 1775 5774 nullum
1811 5735 1945 5775 acu-

315 5806 506 5846 HIC“.

1529 5327 1550 5358 "
1580 5328 1721 5382 Psal.
1759 5343 1954 5393 Lxxvn,
1985 5327 2073 5382 25.

2122 3776 2333 3830 Divinas
2367 3783 2551 3829 autem
2584 3775 2715 3830 vita:
2755 3774 3075 3830 societatem
3126 3773 3342 3839 tribuit,
3384 3775 3639 3831 esculen-

2049 3873 2165 3920 tum
2191 3881 2248 3921 se
2275 3880 2340 3922 ac
2379 3864 2821 3920 mandueabilem
2871 3872 3160 3934 praestans,
3191 3879 3299 3934 qua
3326 3866 3481 3919 novit
3523 3865 3638 3935 ipse

2049 3957 2282 4020 ratione,
2312 3964 2368 4011 et
2410 3955 2504 4025 qui
2554 3955 2622 4009 ab
2671 3957 2739 4010 eo
2787 3954 3148 4024 intelligentis
3189 3954 3359 4010 animi
3415 3971 3636 4011 sensum

2046 4047 2318 4117 ejusmodi
2368 4054 2733 4116 acceperunt;
2784 4046 2859 4101 ita
2888 4046 3176 4112 nimirum,
3218 4055 3280 4101 ut
3332 4047 3441 4102 cibi
3476 4048 3640 4117 hujus

2047 4147 2211 4210 gustu
2253 4155 2380 4194 vere
2412 4147 2712 4209 agnoscant
2737 4154 2800 4193 ac
2824 4138 3160 4208 intelligant,
3186 4139 3333 4208 quod
3369 4138 3551 4193 bonus
3574 4155 3638 4194 ae

2047 4231 2231 4286 suavis
2287 4229 2612 4294 Dominus‘,
2667 4228 2764 4300 qui
2808 4228 3068 4284 videlicet
3115 4228 3532 4292 manducantes,
3579 4241 3639 4283 ut

2050 4322 2254 4378 deitate
2307 4323 2627 4377 imbuantur
2668 4322 2856 4376 divina
2898 4321 3165 4391 qualitate
3213 4321 3635 4388 commiscent“;

2051 4424 2112 4471 ut
2148 4418 2242 4487 qui
2278 4418 2454 4487 palam
2485 4417 2642 4487 panis
2664 4417 2792 4472 vitae
2815 4418 2836 4448 °
2878 4425 2933 4471 et
2963 4416 3307 4472 fortitudinis
3334 4425 3450 4470 tum
3496 4420 3641 4472 casi-

2052 4518 2179 4574 stat,
2215 4519 2330 4563 tum
2364 4520 2421 4565 et
2449 4510 2657 4564 audiat.

2116 4603 2381 4657 Naturam
2426 4613 2608 4658 autem
2643 4604 2750 4659 sibi
2785 4605 2957 4674 ipsam
2990 4602 3257 4666 restituit,
3300 4617 3410 4656 non
3457 4601 3634 4654 solum

2046 4703 2322 4765 quatenus
2360 4695 2540 4750 factus
2570 4697 2759 4760 homo,
2788 4696 2953 4750 animi
2979 4695 3320 4748 voluntatem
3346 4693 3512 4746 nullis
3535 4690 3634 4744 ad-

2050 4799 2244 4838 versus
2267 4791 2519 4838 naturam
2560 4785 2839 4838 incitatam
2870 4783 3178 4848 affectibus,
3225 4791 3322 4836 aut
3357 4783 3408 4835 ei
3453 4781 3599 4835 rebcl
3622 4811 3634 4820 -

2047 4873 2275 4937 lantem,
2309 4873 2547 4927 servavit
2582 4871 2664 4943 (ut
2695 4888 2763 4928 nc
2790 4873 3013 4942 quidem
3055 4873 3108 4926 in
3150 4887 3247 4926 eos
3280 4871 3373 4941 qui
3417 4871 3472 4925 in
3503 4886 3633 4926 cru-

2048 4979 2166 5018 cem
2209 4965 2604 5018 sustuleranta
2653 4964 2890 5018 naturali
2929 4979 3028 5019 sua
3074 4963 3225 5027 sede,
3269 4965 3376 5018 ulla
3409 4979 3636 5031 prorsus

2049 5054 2397 5109 animositate
2444 5063 2627 5108 emota
2667 5053 2769 5118 sit;
2810 5053 2977 5125 348
3007 5054 3101 5108 sed
3134 5069 3257 5122 qum
3299 5053 3504 5122 potius,
3535 5067 3632 5104 eo-
3678 5082 3682 5087 -

2049 5162 2167 5199 rum
2196 5145 2387 5201 salutis
2416 5161 2602 5210 causa,
2632 5155 2862 5201 mortem
2893 5147 3017 5200 vita:
3045 5145 3367 5216 przctulerit.
3413 5144 3534 5213 Quo
3579 5154 3635 5200 et

2153 5329 2173 5360 °
2197 5327 2354 5392 Joan,
2381 5345 2455 5393 vt,
2483 5329 2571 5383 48.

2124 5508 2192 5577 (ε)
2228 5510 2389 5564 Μετὰ
2415 5508 2521 5564 τοῦ
2552 5504 3050 5577 προσληφθέντος
3082 5501 3453 5572 ἁναληςρθεῗς
3493 5503 3626 5577 Δονώ-

2049 5573 2254 5645 ματος.
2299 5581 2364 5634 1η
2387 5573 2609 5654 iactitat:
2658 5573 2914 5648 receptus,
2937 5646 2948 5654 .
2967 5592 3085 5629 cum
3115 5588 3341 5654 corpore.
3362 5573 3502 5654 quod
3541 5591 3630 5626 as-

2048 5643 2366 5716 sumpserat.
2387 5651 2534 5704 Nihil
2558 5649 2642 5703 his
2674 5643 3023 5703 eon'tmunius
3045 5643 3293 5705 vocibus,
3328 5643 3382 5716 in
3411 5643 3633 5716 dispen-

2050 5714 2284 5780 satione,
2318 5722 2410 5774 ubi
2453 5721 2530 5776 sic
2558 5720 2697 5775 male
2721 5717 2950 5775 Corder.
2984 5714 3377 5786 postassumpti
3399 5715 3630 5786 corporis

2049 5792 2448 5861 msceptioucm.
