2035 3205
186 184 235 216 881

667 187 867 217 EXPOSITIO
887 189 1093 219 ORATlONlS
1113 190 1318 220 DOMlNlC.E.

1762 194 1788 225 ετ
1793 194 1815 224 θ.

187 250 293 277 optimo;
309 243 415 277 γίνεται
436 243 478 279 (τὸ
502 243 575 277 ξένον
591 243 676 276 ὅντως
695 245 810 279 πρᾶγμα
834 246 879 271 καὶ
895 245 974 271 ἄκου-

1029 246 1102 273 Deus
1114 254 1177 273 cum
1191 251 1275 279 esset,
1293 247 1375 279 homo
1389 248 1418 274 tit
1436 247 1504 283 (rem
1523 248 1601 283 plane
1615 253 1750 275 novatn-ct
1765 256 1815 274 au—

187 289 253 322 σμα)
270 290 371 315 καὶτὸν
383 290 433 325 τῆς
446 291 547 325 σαρκὸς
564 290 648 317 θέλων
660 290 837 325 καταδέχεται
849 291 974 318 θάνατον.

186 333 293 360 Τούτων
318 335 456 368 ἁπάντων,
481 336 520 367 ὡς
558 336 638 371 ἔφην,
662 336 769 371 αἴτησιν
795 335 864 371 ἔχων
887 337 902 362 ό
927 337 977 372 τῆς

185 380 344 415 προσευχῆς
358 382 538 417 εὑρεθήσεται
552 382 642 417 λόγος.

219 426 331 461 Πατέρα
344 426 409 462 γὰρ,
437 428 483 454 καὶ
508 428 615 463 [ἰατρὸς
636 428 722 462 ὄνομα
735 428 819 462 λέγει,
840 429 885 455 καὶ
902 429 977 464 βασι-

184 470 279 497 λείαν-
296 471 344 498 καὶ
360 471 455 498 τούτου
468 473 516 499 τοῦ
533 474 639 509 Πατρδς
652 472 731 505 αὖθις
748 473 810 500 Υἱὸν
822 474 851 500 ἐν
874 474 974 509 χάριτι,

183 517 229 542 τὸν
244 518 463 553 προσευχόμενον
477 519 541 546 ὄντα
557 521 731 555 παρίστησιν,
754 521 828 552 Ἐνός
845 529 874 547 τε
898 521 977 557 θελή-

185 572 271 596 ματος
283 564 345 595 τοὺς
360 565 389 590 ὲν
405 565 513 600 οὐρανῷ
524 567 570 592 καὶ
582 568 616 601 γῇ
634 567 759 600 γενέσθαι
775 567 861 601 ζητεῖ.
877 568 976 603 ’Ἄρτον

182 609 318 636 αἰτεῖσθαι
331 612 495 646 προστάττει
509 612 554 639 τὸν
569 613 717 639 ἐπιούσιον.
731 614 909 649 Καταλλαγὴν
921 615 976 645 τοῖς

184 655 339 690 ἀνθρώποις
355 657 494 691 νομοθετεῖ
517 658 595 693 [alter
612 659 694 685 codex
710 658 856 694 ἐπιζητεῖ],
872 659 919 685 καὶ
938 659 975 694 τῷ

186 702 340 735 συγχωρεῖν
357 701 403 727 καὶ
416 702 676 738 συγχωρεῖσθαιτὴν
690 703 770 737 φύσιν
789 703 857 738 πρὸς
875 704 975 737 ἑαυτὴν

186 747 284 777 συνδεῖ,
299 748 330 782 τῇ
349 747 464 782 διαφορᾷ
478 748 525 781 τῆς
540 749 652 783 γνώμης
668 749 705 784 μὴ
724 749 905 784 τεμνομένην.
928 750 975 781 Εἷς

184 800 213 817 τε
236 793 388 827 πειρασμὸν
411 793 552 826 εἰσελθεῖν,
568 794 606 825 ὡς
629 795 710 829 νόμον
726 795 872 828 ἀμαρτῑας,
891 795 976 821 ἀπεύ-

184 838 280 871 χεσθαι
298 839 435 865 διδάσκει·
462 841 507 865 καὶ
521 839 652 875 ῥυσοῆναι
674 840 721 866 τοῦ
740 840 857 875 πονηροῦ
876 849 976 876 παραι‹

184 884 234 909 νεῖ.
254 883 325 909 Ἔδει
340 885 393 919 γὰρ
410 885 455 910 τὸν
478 886 628 920 αὐτουργὸν
645 886 692 913 καὶ
708 886 809 921 δοτῆρα
833 886 887 912 τῶν
907 888 975 921 ἁγα-

1025 293 1188 328 ditioneml)
1204 301 1236 320 ac
1249 293 1341 320 carnis
1352 299 1469 321 mortem
1487 299 1584 328 sponte
1598 295 1727 321 admittit.
1743 293 1817 321 Cun-

1026 344 1069 366 cta
1101 340 1158 368 haec
1172 340 1301 374 petenda,
1314 340 1353 367 uti
1366 340 1502 372 dicebam,
1513 341 1647 367 orationis
1668 341 1817 367 Dominicaa

1026 391 1130 413 textum
1148 386 1288 413 insinuare
1302 386 1438 413 invenias.

1060 432 1142 467 359
1155 432 1264 459 Patrem
1277 432 1362 465 enim,
1382 436 1411 459 et
1426 432 1516 460 Patris
1533 439 1633 459 nomen
1648 439 1817 467 regnumque

1025 477 1147 512 loquitur
1165 487 1171 504 :
1193 478 1329 512 bujusque
1347 485 1443 505 rursus
1460 477 1549 504 Patris
1562 476 1660 504 Filium
1678 477 1703 503 in
1719 477 1816 511 gratia.

1025 528 1150 551 orantem
1174 523 1306 551 ostendit.
1334 522 1422 550 Unius
1445 523 1510 550 item
1534 523 1694 555 voluntatis,
1716 522 1764 557 qui
1790 522 1817 548 in

1025 570 1095 597 cmlo
1108 573 1135 597 et
1155 570 1201 604 qui
1218 569 1246 596 in
1272 573 1354 600 terra,
1377 568 1436 596 fieri
1456 569 1534 603 pctit.
1553 569 1655 595 Panem
1680 568 1817 603 quotidia-

1025 623 1091 642 num
1109 620 1236 650 petamus
1251 615 1339 650 jubet.
1354 614 1529 646 Hominibus,
1542 614 1587 641 alii
1606 618 1636 641 ut
1649 614 1712 641 aliis
1723 621 1819 640 recon~

1025 660 1166 692 cilientur,
1178 660 1280 692 sumit;
1299 667 1386 694 eaque
1402 659 1510 686 ratione
1531 658 1605 693 quod
1622 662 1651 685 et
1667 658 1817 691 dimittant,

1024 711 1052 733 et
1069 706 1124 733 illis
1148 705 1315 738 dimittatur,
1332 710 1458 733 naturam
1478 705 1531 732 sibi
1559 705 1655 739 ipsam,
1671 704 1749 730 nullo
1768 711 1818 729 vo-

1024 751 1141 779 luntatis
1158 751 1298 786 animique
1318 752 1462 779 sententia:
1490 751 1604 778 dissidio
1624 750 1749 782 scissam,
1771 756 1820 776 ne-

1025 798 1085 825 ctit.
1101 798 1141 825 Ad
1159 798 1227 830 haec,
1244 799 1347 825 intrare
1370 798 1396 825 in
1420 798 1611 829 tentationem,
1627 802 1756 831 tanquam
1778 796 1818 823 le-

1025 850 1086 878 gem
1114 843 1231 877 peccati,
1254 842 1459 877 deprecandum
1483 842 1650 869 documento
1677 842 1770 868 tradit.
1797 842 1819 868 A

1027 889 1097 916 malo
1113 888 1234 923 denique
1259 889 1386 916 hortatur
1399 888 1525 916 liberari.
1545 888 1664 915 Docebat
1681 888 1766 920 enim,
1789 893 1819 914 ut

183 931 239 957 θῶν
263 930 332 958 εἶναι
356 934 401 959 καὶ
427 933 598 965 διδάσκαλον,
630 930 674 960 οἷα
698 933 730 969 δὴ
757 933 900 969 μαθηταῖς,
919 936 974 966 τοῖς

1026 935 1163 962 bonorum
1182 939 1281 963 auctor
1296 936 1353 970 ipse
1370 939 1396 963 et
1413 935 1538 970 largitor,
1554 934 1639 962 etiam
1661 933 1759 961 doctor
1773 941 1818 960 es-

182 978 358 1005 πιστεύουσιν
382 980 421 1010 εἰς
437 980 527 1012 αὑτὸν,
552 980 600 1006 καὶ
626 980 803 1015 μιμουμένοις
826 980 910 1007 αὑτοῦ
927 979 975 1016 τὴν

182 1024 227 1050 διὰ
252 1025 353 1059 σαρκὸς
382 1025 502 1059 ἀγωγὴν,
528 1025 668 1060 ὑποθήκας
693 1024 765 1061 ζωῆς
781 1026 882 1061 ταύτης
903 1034 975 1061 παρ-

182 1069 312 1104 εχόμενον
327 1071 375 1104 τῆς
393 1071 546 1105 προσευχῆς
563 1070 597 1097 τὰ
623 1070 694 1106 ῥητά
715 1070 786 1107 [ΟΜ.
804 1071 853 1100 Fr.
872 1071 974 1103 Venet.

183 1115 306 1151 ῥήματα]
317 1124 324 1130 θ
341 1116 374 1141 δι’
391 1113 427 1142 ὧν
452 1117 513 1147 τοὺς
526 1117 554 1142 ὲν
569 1116 643 1151 αὐτῷ
661 1117 720 1143 κατ’
735 1115 804 1149 εἶδος
820 1117 976 1152 ὑφεστῶτας

181 1161 234 1194 τῆς
261 1161 356 1194 σοφίας
381 1162 427 1187 καὶ
444 1162 493 1195 τῆς
517 1161 643 1195 γνώσεως
669 1163 846 1198 ἀποκρύφους
873 1164 976 1198 ἐμήνυε

183 1206 350 1240 θησαυροὺς.
380 1206 446 1241 πρὸς
475 1207 524 1241 τὴν
554 1207 645 1235 αὐτῶν
678 1208 828 1235 ἀπόλαυσιν
855 1208 976 1244 δηλονότι

181 1252 239 1278 τῶν
254 1252 400 1278 αἰτούντων
423 1253 541 1279 ἐλαύνων
561 1253 609 1288 τὴν
625 1253 727 1288 ἔφεσιν.

220 1298 269 1324 Διὰ
283 1298 361 1324 τοῦτο
381 1300 546 1334 προσευχὴν,
569 1297 656 1334 οἶμαι,
673 1300 774 1335 ταύτην
790 1300 904 1335 κέκληκε
928 1300 977 1335 τὴν

181 1343 357 1371 διδασκαλίαν
380 1347 393 1371 ὁ
415 1345 504 1378 λόγος,
535 1345 571 1377 ὼς
596 1346 704 1381 αἴτησιν
719 1346 831 1381 ἔχουσαν
854 1346 908 1372 τῶν
929 1347 975 1373 ἀν-

182 1389 304 1425 θρώποις
319 1391 389 1417 κατὰ
403 1391 480 1426 χάριν
496 1392 526 1416 ἐκ
539 1391 607 1417 Θεοῦ
622 1391 766 1426 διδομένων
778 1391 881 1427 δώρων.
897 1390 975 1418 Οὕτω

181 1436 239 1470 γὰρ
255 1436 280 1462 οἱ
306 1436 481 1462 Θεόπνευστοι
503 1436 624 1471 Πατὲρες
649 1436 727 1472 ἡμῶν
751 1437 896 1472 όριστικῶς
912 1438 977 1472 περ).

182 1483 233 1516 τῆς
250 1483 404 1518 προσευχῆς
421 1483 568 1516 διεξῆλθον,
585 1483 731 1517 φήσαντες,
750 1480 820 1509 εἶναι
834 1483 883 1518 τὴν
896 1492 977 1519 προσ-

201 1529 266 1563 οχὴν
279 1529 396 1563 αἴτησιν,
413 1525 449 1554 ὧν
463 1529 528 1559 Θεὸς
545 1529 705 1564 πρεπόντως
727 1529 815 1564 ἐαυτῷ
831 1530 976 1565 δωρεῖσθαι

1026 986 1077 1013 set,
1094 982 1142 1016 qui
1159 982 1266 1009 scilicet
1280 981 1408 1008 ﬁdelibus
1432 982 1499 1010 suis.
1519 984 1649 1015 tanquam
1663 979 1816 1014 discipulis,

1026 1026 1140 1061 ejusque
1158 1034 1207 1061 per
1219 1034 1331 1054 carnem
1345 1026 1519 1061 disciplinam
1535 1025 1651 1060 vitaeque
1669 1024 1820 1052 institutio—

1026 1080 1088 1099 nem
1105 1072 1289 1103 imitantibus,
1304 1072 1469 1099 documenta
1484 1071 1547 1098 vita:
1560 1071 1695 1098 orationis
1708 1074 1819 1097 senten-

1026 1117 1079 1145 tias
1092 1117 1221 1152 dictaque
1237 1118 1389 1152 praeberet;
1413 1117 1518 1152 quibus
1533 1116 1605 1150 apud
1624 1123 1653 1143 se
1670 1124 1733 1143 vere
1748 1116 1820 1143 exsi—

1027 1167 1132 1191 slentes
1157 1163 1299 1198 sapientite
1319 1167 1346 1191 et
1361 1163 1484 1190 scientia:
1508 1163 1654 1190 thesauros
1674 1161 1820 1189 abscondi—

1027 1213 1070 1236 tos
1089 1209 1252 1242 ostendit“;
1270 1209 1304 1236 ad
1319 1216 1388 1243 quos
1406 1208 1550 1240 fruendos,
1563 1216 1658 1235 eorum
1676 1207 1723 1242 qui
1739 1212 1819 1234 orant

1027 1262 1059 1282 ac
1073 1259 1181 1289 petunt,
1195 1255 1375 1290 cupiditatem
1392 1262 1571 1290 amoremque
1589 1254 1716 1289 impellit.

1062 1300 1179 1333 Idcirco,
1195 1304 1272 1335 puto,
1288 1301 1359 1328 hanc
1377 1300 1518 1336 Scriptura
1533 1300 1697 1333 doctrinam,
1715 1299 1819 1327 oratio-

1027 1354 1101 1378 nem,
1117 1346 1209 1373 Grzece
1226 1346 1391 1381 προσευχὴν,
1409 1346 1567 1380 appellavit,
1583 1350 1614 1372 ut
1627 1353 1688 1380 quae
1708 1353 1817 1376 eorum,

1027 1400 1088 1426 qua:
1104 1400 1119 1419 ιι
1133 1392 1188 1419 Deo
1206 1392 1367 1419 hominibus
1381 1400 1429 1426 per
1448 1392 1562 1427 gratiam
1581 1391 1752 1422 tribuuntur,
1767 1390 1819 1418 d0-

1026 1446 1138 1470 norum,
1155 1438 1319 1472 petitionem
1335 1438 1547 1472 complectatur.
1565 1437 1612 1464 Sic
1628 1437 1703 1464 enim
1725 1436 1819 1463 divino

1026 1484 1109 1511 alllati
1136 1484 1250 1511 numine
1276 1484 1372 1511 Patres
1396 1483 1482 1511 nostri
1508 1482 1543 1510 de
1565 1483 1691 1510 oratione
1716 1482 1820 1518 (Graece

1027 1529 1188 1565 προσευχὴ),
1204 1530 1408 1563 disseruerunt,
1426 1529 1551 1556 dicentes
1570 1537 1577 1556 :
1593 1536 1653 1556 esse
1665 1528 1819 1555 orationem

184 1575 303 1609 πέφυκεν
326 1574 495 1609 ἀνθρώποις-
514 1574 607 1610 ὦσπερ
632 1575 679 1602 καὶ
718 1575 767 1611 τὴν
798 1576 889 1611 εὐχὴν,
912 1576 974 1603 ὑπό-

1027 1576 1189 1610 petitiouem
1206 1583 1313 1608 eorum,
1328 1583 1389 1611 quae
1407 1575 1479 1602 Deus
1500 1582 1552 1610 pro
1575 1575 1668 1602 innata
1684 1574 1819 1607 bonitate,

186 1627 287 1654 σχεσιν,
309 1620 393 1655 ἤγουν
414 1620 591 1654 ἐπαγγελίαν,
608 1617 645 1648 ὢν
659 1621 780 1656 γνησίως
799 1622 975 1657 λατρεύοντες

186 1664 244 1700 Θεῷ
264 1664 497 1700 προσκομίζουσιν
512 1665 661 1701 ἄνθρωποι,
678 1666 726 1702 τὴν
743 1667 854 1702 Γραφὴν
873 1676 976 1702 μαρτυ-

188 1710 285 1746 ροῦσαν
295 1710 333 1746 τῷ
345 1711 438 1746 οἰκείῳ
454 1712 525 1747 λόγῳ
536 1712 677 1747 πολλαχῶς
691 1713 925 1748 παραστήσαντες,
938 1713 976 1745 ὼς

186 1756 225 1789 ea,
247 1756 393 1789 Εὔεασθε,
411 1758 459 1783 καὶ
486 1758 613 1785 ἀπόδοτε
633 1758 730 1793 Κυρίῳ
744 1757 783 1791 τῷ
798 1758 858 1791 Θεῷ
873 1758 972 1793 ἡμῶν·

189 1802 246 1832 καὶ.
264 1803 342 1830 'Co’a
357 1803 510 1837 ηὐξάμην,
523 1803 669 1831 ἀποδώσω
679 1812 729 1831 σοι
745 1804 860 1838 Σωτῆρί
867 1813 926 1838 μου
936 1804 976 1836 τῷ

193 1847 288 1881 Κυρίῳ
302 1847 347 1883 (9)·
364 1850 486 1885 περὶτῆς
503 1850 585 1885 εὐχῆς
594 1850 725 1885 εἰρημένα
736 1858 743 1864 ·
760 1850 807 1876 καὶ
822 1848 899 1881 αὖθις
912 1851 976 1886 περὶ

193 1894 349 1929 προσευχῆς,
359 1895 396 1926 ὡς
407 1895 437 1921 τὸ
448 1915 455 1926 .
471 1895 524 1922 Καὶ
536 1895 729 1930 προσηύξατο
748 1896 785 1931 (Ιι)
796 1897 886 1923 Ἅννα
901 1897 976 1930 πρὸς

187 1939 304 1973 Κύριον,
318 1939 451 1974 λέγουσα
461 1949 467 1955 ·
483 1942 570 1975 Κύριε
589 1941 718 1973 Ἀδωναῒ,
744 1942 828 1969 Ἐλωῒ
841 1943 973 1974 σαϐαὼθ,

184 1983 238 2010 ἐὰν
265 1986 433 2013 εἰσακούων
465 1987 651 2021 εἰσακούσῃς
679 1987 734 2022 τῆς
762 1987 873 2021 δούλης
904 1996 972 2021 σου,

183 2030 232 2056 καὶ
246 2030 306 2063 δῷς
328 2040 379 2066 μοι
403 2032 520 2065 καρπὸν
545 2022 680 2066 έοιλίας·
703 2032 760 2065 καὶ,
777 2034 974 2068 Προσηύξατο

189 2076 319 2109 Ἐζεκίας
347 2078 497 2110 βασιλεὺς
532 2078 640 2110 Ἰούδα,
669 2079 719 2106 καὶ
755 2079 879 2113 Ἡσαΐας
909 2080 973 2113 υἱὸς

187 2121 283 2155 Ἀμῶς
300 2124 316 2149 ὀ
330 2123 486 2157 προφήτης
501 2124 576 2157 πρὸς
595 2125 705 2158 Κύριον
717 2133 724 2140 ³
744 2125 791 2152 καὶ
805 2126 845 2157 τὸ,
864 2126 921 2153 'Ot‘
936 2126 974 2153 ἂν

178 2166 268 2200 ὑμεῖς
287 2169 508 2202 προσεύχησθε,
536 2168 649 2203 λέγετε,
674 2169 769 2203 Πάτερ
796 2168 880 2204 ἡμῶν
902 2171 918 2197 ό
939 2171 974 2197 ἐν

177 2212 246 2244 τοῖς
274 2213 423 2247 οὐρανοῖς,
457 2216 532 2249 παρὰ
556 2214 602 2241 τοῦ
626 2215 730 2250 Κυρίου
753 2217 811 2246 τοῖς
840 2216 974 2251 μαθηταῖς

1028 1625 1109 1656 atque
1118 1627 1148 1648 ut
1163 1622 1252 1656 ipsum
1263 1621 1459 1657 decetelargiri
1471 1620 1631 1648 hominibus
1641 1620 1761 1656 proclive
1772 1620 1821 1647 ha-

1028 1667 1090 1700 bet;
1119 1668 1352 1703 quemadmodum
1373 1672 1479 1701 votum,
1498 1668 1591 1695 Graece
1611 1667 1705 1702 εὐχὴν,
1722 1674 1819 1694 eorum

1027 1713 1251 1747 promissionem,
1267 1721 1315 1740 seu
1343 1712 1588 1747 nuncupationem,
1605 1719 1666 1746 qua:
1681 1711 1739 1738 veri
1759 1711 1816 1738 cul-

1029 1764 1102 1786 tores
1117 1760 1174 1786 Deo
1190 1760 1332 1786 offerunt:
1350 1763 1432 1793 atque
1454 1758 1518 1786 liuic
1539 1765 1595 1785 suae
1622 1758 1764 1785 sententia:
1787 1765 1819 1785 ac

1027 1805 1182 1832 detinitioni
1208 1804 1379 1839 Scripturam
1403 1804 1498 1831 multis
1528 1804 1597 1831 locis
1623 1803 1818 1838 astipulantem

1027 1850 1194 1885 producunt,
1212 1854 1242 1877 ut
1254 1854 1296 1877 est
1309 1849 1375 1876 illud
1388 1849 1421 1876 de
1436 1854 1502 1876 voto
1522 1849 1625 1876 dictum
1640 1858 1647 1875 :
1665 1848 1768 1881 Vovete,
1793 1853 1818 1875 et

1027 1896 1126 1923 reddite
1144 1896 1254 1922 Domino
1268 1895 1324 1922 Deo
1338 1899 1426 1922 nostro
1437 1894 1469 1922 ".
1488 1894 1523 1921 Et
1541 1902 1548 1921 :
1566 1893 1631 1926 Qun:
1645 1894 1701 1921 vovi
1717 1894 1817 1923 omnia.

1027 1942 1137 1968 reddam
1156 1941 1202 1968 tibi
1218 1940 1330 1968 Domino
1342 1939 1457 1967 salutari
1473 1947 1531 1966 meo
1543 1939 1581 1972 ";
1598 1947 1658 1973 quae
1670 1939 1742 1966 dicta
1753 1943 1818 1966 sunt

1027 1985 1060 2012 de
1074 1988 1153 2018 voto;
1175 1993 1207 2012 ac
1223 1992 1320 2012 rursus
1334 1984 1369 2011 de
1383 1984 1518 2017 oratione,
1537 1988 1568 2012 ut
1591 1988 1633 2011 est
1657 1983 1724 2010 illud
1750 1991 1758 2010 :
1782 1983 1816 2010 Et

1026 2032 1110 2059 orauit
1130 2031 1209 2059 Anna
1223 2031 1259 2058 ad
1270 2031 1423 2063 Dominum,
1447 2031 1533 2058 dicem
1546 2039 1555 2058 :
1569 2030 1679 2057 Domine
1701 2029 1815 2060 Adonai,

1025 2077 1096 2105 Deus
1113 2078 1290 2109 exercituum,
1311 2077 1334 2104 si
1358 2077 1500 2104 exaudiens
1517 2076 1666 2104 exaudicris
1690 2075 1817 2102 ancillam

1025 2128 1110 2156 tuam,
1126 2127 1150 2150 et
1166 2123 1268 2150 dederis
1281 2123 1343 2150 mihi
1357 2123 1473 2158 fructum
1488 2123 1632 2151 ventris".
1652 2122 1732 2153 Item,
1746 2121 1816 2149 Ora—

1026 2171 1061 2198 vit
1077 2170 1201 2197 Ezechias
1214 2177 1261 2196 rea:
1276 2168 1358 2200 Iuda.
1372 2172 1396 2196 et
1409 2169 1495 2197 Isaias
1507 2168 1580 2203 ﬁlius
1596 2168 1675 2196 Amos
1690 2168 1817 2203 propheta

1028 2215 1063 2242 ad
1077 2215 1218 2241 Dominum
1229 2214 1261 2242 ¹⁸.
1280 2214 1309 2241 id
1326 2214 1447 2250 denique
1464 2214 1538 2250 quod
1552 2222 1566 2242 a
1580 2214 1697 2242 Domino
1714 2213 1817 2241 dictum

177 2257 343 2292 εἰρημένον·
357 2259 394 2290 ὠς
405 2257 474 2285 εἶναι
489 2259 618 2286 δύνασθαι
631 2259 680 2295 τὴν
692 2260 741 2295 μὲν
752 2260 844 2296 εὐχὴν,
860 2262 974 2288 ὲντολῶν

1026 2265 1068 2288 est
1083 2260 1226 2295 discipulis
1242 2268 1249 2287 :
1264 2259 1331 2287 Cum
1342 2261 1480 2288 oraveritis
1495 2268 1551 2290 vos.
1563 2260 1640 2288 dicite
1652 2268 1661 2287 :
1675 2259 1757 2287 Pater
1769 2268 1817 2286 no-

174 2303 299 2337 τήρησιν
314 2303 384 2329 κατὰ
403 2303 516 2338 γνώμην
534 2304 581 2330 τοῦ
606 2304 744 2339 ηὐγμένου
761 2305 956 2341 κεκυρωμένην
967 2314 973 2321 ’

174 2348 231 2382 τὴν
250 2347 278 2373 δὲ
295 2349 457 2384 προσευχὴν,
475 2350 525 2383 τῆς
540 2350 608 2386 πρὸς
623 2350 658 2377 τὰ
671 2350 824 2386 τηρηθέντα
842 2351 911 2378 καλὰ
926 2352 973 2379 τοῦ

174 2392 363 2427 τετηρηκότος
384 2395 589 2428 μετα-ποιήσεως
609 2394 732 2429 αἴτησιν·
750 2395 767 2430 ἦ
792 2395 902 2430 μᾶλλον,
924 2396 975 2432 τὴν

175 2438 232 2472 μὲν
250 2437 331 2472 εὐχὴν
355 2438 455 2474 ἀρετῆς
477 2437 568 2471 ἆθλον,
587 2440 602 2466 ὃ
622 2438 655 2475 δὴ
679 2441 796 2476 μάλιστα
818 2443 974 2477 προσφιλῶς

172 2484 289 2518 δέχεται
311 2484 377 2516 Θεὸς
399 2485 666 2521 προσκομιζόμενον⁹
684 2486 734 2522 τὴν
757 2486 786 2513 δὲ
807 2488 972 2524 προσευχὴν,

213 2550 240 2566 ³⁵
253 2549 359 2578 Coloss.
375 2559 403 2585 ιι,
419 2551 447 2579 5.
486 2552 508 2568 "
521 2552 593 2580 Psal.
610 2561 652 2585 xv,
668 2554 712 2581 12.
752 2555 773 2570 ¹⁶
788 2554 863 2582 Iona:
879 2564 908 2588 ιι,
925 2556 967 2583 l0.

214 2617 257 2656 (ρ)
284 2617 397 2656 Σωτῆρι
413 2653 417 2656 _
423 2628 493 2653 μου,
515 2619 554 2652 τῷ
570 2620 790 2656 Κυι)[ῳ.ν(;ι·ιιεοα
817 2621 893 2656 Vulg.
917 2630 970 2647 σω-

170 2653 276 2692 τηρίοιι
291 2653 329 2687 τῷ
347 2653 451 2692 Κυρίῳ,
468 2661 526 2692 qua
540 2662 606 2692 voce
616 2655 716 2690 passim
734 2657 849 2683 salutem
860 2653 885 2682 οἶ
900 2656 971 2684 LXX

171 2681 348 2723 signiﬁcant.
374 2681 451 2716 Clod:
460 2681 538 2716 Alex.
564 2691 604 2720 εις
616 2681 763 2724 ’άώξῆριιξλ
779 2681 971 2726 “ιὶξί›⁷,⁷ει”‹ίῖι⁷ὁ

171 2731 238 2752 non
254 2723 334 2758 longe
348 2723 427 2758 Vulg.
453 2732 500 2758 pro
522 2724 609 2751 salute
632 2724 764 2757 Domina,
789 2731 819 2753 ut
840 2730 868 2753 et
890 2726 971 2753 Arab.

171 2731 238 2752 non
254 2731 334 2758 longe
352 2731 427 2759 vutg.
453 2732 500 2759 pro
522 2731 609 2751 salute
632 2731 764 2757 uomma,
789 2731 819 2753 ut
840 2731 868 2753 et
890 2731 973 2753 Arat).

172 2765 283 2798 nempe
292 2758 414 2798 salutem
442 2759 628 2821 accipientes,
649 2768 700 2795 pro
718 2765 784 2787 voto
797 2761 823 2788 in
840 2768 900 2788 eam
923 2769 976 2788 eu-

171 2795 334 2821 cbansuco
358 2801 364 2819 :
383 2801 445 2821 nam
464 2794 502 2821 lle
526 2803 578 2821 rma
607 2801 717 2821 sonant.
738 2795 818 2821 Salus
836 2796 947 2821 Domino
966 2805 975 2821 :

171 2794 334 2822 charistico
358 2801 364 2819 :
383 2801 445 2821 nam
464 2794 578 2822 llebrtea
607 2801 717 2828 sonant,
738 2795 818 2823 Salus
836 2796 947 2823 Domino
966 2805 975 2823 :

172 2829 237 2859 vel.
254 2832 286 2855 ut
301 2828 385 2861 Pagn.
401 2828 517 2857 Domini.

216 2862 258 2901 (1})
284 2863 342 2901 _Kal
366 2865 569 2901 προσηύξατο.
596 2865 742 2893 Maximum
771 2865 884 2899 fefellit,
901 2866 974 2901 quod

173 2898 269 2927 verba
284 2897 353 2930 haec,
370 2906 432 2934 qum
446 2899 531 2928 Annae
546 2901 654 2929 cantico
669 2904 803 2936 przeeunt.
817 2901 850 2929 ad
864 2897 975 2929 versum

1024 2311 1079 2333 ater
1091 2306 1136 2341 qui
1149 2307 1215 2333 exin
1230 2305 1322 2339 caelis;
1346 2311 1377 2334 ut
1394 2307 1483 2342 possit
1508 2306 1621 2341 quidem
1642 2309 1737 2333 votum
1757 2313 1817 2332 esse

1025 2352 1218 2379 mandatorum
1232 2351 1399 2384 observatio,
1422 2352 1492 2387 ejus.
1511 2352 1558 2387 qui
1573 2352 1659 2384 vovit,
1682 2351 1816 2378 sententia

1025 2405 1058 2425 ac
1069 2398 1211 2425 voluntate
1225 2390 1403 2431 conﬁrmata;
1425 2398 1514 2425 oratio
1533 2406 1608 2431 vero,
1620 2397 1727 2433 petitio,
1746 2401 1778 2424 ut
1794 2397 1817 2423 is

1025 2444 1073 2479 qui
1095 2444 1264 2477 observavit,
1285 2444 1361 2472 inea
1388 2452 1449 2479 qua:
1470 2445 1612 2472 observata
1634 2448 1708 2476 sunt,
1735 2443 1817 2479 350

1025 2489 1097 2516 bona
1111 2489 1270 2517 reducatur.
1284 2489 1348 2517 Sive
1371 2490 1473 2524 potius,
1486 2493 1581 2517 votum
1594 2489 1718 2525 quidem,
1728 2489 1816 2516 virtu-

1006 2557 1028 2572 "
1047 2556 1057 2584 l
1073 2557 1139 2592 Reg.
1155 2564 1163 2583 ι
1190 2556 1234 2583 i0.
1273 2557 1294 2572 ⁸⁸
1307 2556 1330 2583 ll
1343 2556 1432 2584 Paral.
1448 2565 1532 2591 sun,
1546 2557 1591 2584 20.

1024 2631 1051 2655 ιι,
1066 2630 1090 2649 c.
1103 2630 1122 2653 ι,
1136 2621 1234 2653 traxit;
1252 2629 1283 2648 ea
1299 2621 1406 2649 scilicet
1424 2630 1484 2657 qum
1500 2626 1564 2649 sunt
1580 2622 1724 2655 orationis,
1737 2621 1770 2649 ad
1783 2630 1815 2649 ea

1024 2665 1084 2692 qum
1095 2661 1160 2684 sunt
1173 2657 1239 2692 voti.
1255 2657 1295 2683 lbi
1309 2657 1382 2683 cnim
1399 2662 1450 2689 est,
1466 2657 1521 2683 Καὶ
1543 2657 1644 2692 ηὔξατο
1659 2657 1741 2692 εὐχὴν
1761 2658 1816 2683 Κυ-

1026 2691 1085 2726 ρίῳ,
1101 2699 1153 2718 nec
1171 2691 1245 2718 ullus
1261 2696 1312 2723 est,
1327 2692 1374 2726 qui
1393 2700 1448 2719 non
1468 2691 1574 2724 reddat,
1588 2692 1623 2719 Et
1637 2691 1725 2719 volunt
1747 2693 1815 2719 vari!

1024 2727 1136 2754 Domino
1147 2747 1154 2758 ,
1171 2726 1256 2762 rquod
1271 2726 1361 2761 ipsum
1371 2731 1445 2754 tanta
1469 2728 1649 2762 sequentibus
1666 2727 1813 2762 verborum

1023 2761 1148 2796 emphasi
1163 2761 1240 2788 Anna
1270 2767 1467 2797 reprtescntat;
1486 2761 1537 2789 nec
1563 2769 1684 2797 usquam
1697 2762 1724 2788 in
1738 2761 1814 2789 ’ἔοι-μ

1024 2802 1105 2832 plura
1122 2796 1208 2832 major
1222 2796 1278 2832 voti
1295 2797 1447 2831 expressio,
1472 2798 1525 2824 etsi
1539 2805 1590 2824 nec
1605 2796 1651 2824 Villi
1671 2796 1750 2824 deest
1763 2797 1813 2824 ad-

1024 2831 1107 2859 inixta
1124 2831 1222 2867 oratio.
1233 2831 1412 2859 Commodius
1427 2837 1515 2862 tamen
1535 2833 1689 2867 exemplum
1711 2831 1814 2860 licebat

1024 2867 1123 2895 εποντο
1137 2866 1264 2894 Maximo.
