4070 6396
479 369 585 434 883

1657 370 1716 431 S.
1756 370 2041 432 ΜΑἈΙΜΙ
2082 368 2591 430 (ΣΟΝΙἚΞΞΟΗΙΒ

3644 338 3747 425 εει

478 483 551 540 lis
580 492 861 542 certamen
887 493 994 551 est,
1017 485 1166 556 quod
1191 501 1323 551 sane
1343 487 1590 543 oblatum
1617 485 1764 540 Deus
1788 484 2070 556 benignis-

2179 484 2373 555 αρετῆς
2420 482 2691 536 ἔπαθλον·
2737 478 2767 533 δ
2814 479 2878 551 δὴ
2938 478 3085 551 μάλα
3137 477 3344 550 χαίρων
3377 474 3512 540 Θεὸς
3565 473 3764 530 ἀντιδε·

479 575 619 631 sime
673 576 939 646 suscipit;
1003 578 1184 633 oratio
1240 587 1448 644 autem,
1491 577 1715 632 virtutis
1759 577 2070 646 praemium,

478 666 627 737 quod
644 654 807 724 'Deus
835 668 1259 728 lubentissimus
1291 670 1534 741 reponit.

547 754 685 811 Cum
720 755 890 827 igitur
916 773 986 812 ex
1015 758 1180 815 dictis
1211 760 1507 830 probatum
1560 759 1653 823 sit,
1688 773 1812 815 esse
1861 757 2072 814 oratio-

479 860 605 901 nem
628 845 903 901 bonorum
935 849 1239 917 potionem,
1273 863 1512 919 quorum
1541 847 1788 902 Verbum
1816 847 2072 902 incarna-

481 947 598 993 tum
647 946 847 993 auctor
893 939 1137 1006 exsistit,
1192 941 1371 1011 ipsum
1412 938 1578 995 nobis
1612 946 1906 995 contextus
1951 954 2076 994 ora-

480 1029 653 1086 tionis
690 1027 978 1086 doctorem
1018 1032 1405 1102 praziicicntes,
1452 1031 1688 1087 lldenter
1722 1045 2070 1096 enarremus,

480 1119 557 1175 ita
590 1133 723 1175 sane
759 1130 821 1175 ut
855 1121 1126 1192 cujusque
1172 1122 1460 1177 sententia:
1499 1136 1745 1186 sensum,
1773 1120 1956 1191 quoad
1988 1134 2077 1175 as-

478 1214 636 1284 sequi
667 1213 1093 1284 contemplando
1115 1214 1325 1280 licebit,
1354 1213 1748 1284 expediamus;
1794 1213 1873 1268 uti
1905 1212 2074 1266 nimi-

480 1319 607 1359 rum
636 1303 818 1375 ipsum
849 1304 1141 1361 commode
1171 1306 1413 1361 Verbum
1442 1306 1797 1376 suppeditare
1829 1306 1991 1370 solet,
2018 1312 2076 1360 et

483 1400 545 1450 ut
571 1393 811 1451 dicentis
841 1396 1137 1452 sententia
1154 1395 1239 1452 vis
1273 1395 1632 1467 intelligatur,
1660 1397 1875 1451 tribuit.

480 1501 648 1558 Pater
697 1513 895 1571 noster,
943 1508 1034 1576 qui
1083 1522 1136 1561 es
1169 1508 1224 1561 in
1272 1506 1835 1576 cmlis;sanctiﬁcetur
1884 1522 2075 1561 nomen

825 1582 1010 1642 tuum;
1045 1577 1292 1631 adveniat
1322 1594 1539 1649 regnum
1566 1587 1735 1632 tuum.

549 1683 805 1757 Congrue
844 1702 972 1743 mox
1015 1702 1047 1743 a
1082 1687 1354 1760 theologia
1402 1689 1679 1760 auspicari
1721 1698 1943 1745 orantes
1974 1689 2076 1746 do-

485 1785 573 1832 cet
630 1778 896 1834 Dominus
950 1778 1104 1835 hiscc
1161 1780 1367 1845 verbis,
1423 1795 1723 1850 rerumque
1777 1781 2077 1836 eﬂ‘ectricis

2174 575 2358 629 δωσιν.

2247 747 2477 815 Οὐκοῦν,
2507 747 2694 821 ἐπειδὴ
2726 746 2994 800 δέδεικται
3023 744 3134 799 τῶν
3158 743 3264 798 ὑπὸ
3289 742 3386 796 τοῦ
3415 742 3591 811 Λόγου
3624 757 3760 812 σαρ-

2175 841 2441 904 κωθέντος
2474 839 2699 909 ἀγαθῶν
2752 838 2969 909 αἴτησιν
2999 832 3139 890 εἶναι
3172 836 3271 907 τὴν
3302 832 3634 905 προσευχὴν,
3661 834 3764 887 αὐ-

2173 936 2265 989 τὸν
2302 934 2742 1005 προστησάμενοι
2797 931 2891 986 τοῦ
2942 931 3119 999 Λόγου
3164 930 3264 1001 τῆς
3318 929 3627 999 προσευχῆς
3669 926 3762 979 τὸν

2172 1027 2512 1091 διδάσκαλον,
2545 1024 2876 1097 θαρροῦντες
2923 1022 3261 1093 ἐπέλθωμεν,
3318 1018 3594 1090 ἐπιμελῶς
3630 1018 3762 1072 ἑκά-

2176 1135 2302 1172 στου
2337 1115 2500 1188 ῥητοῦ
2520 1115 2900 1186 γυμνάσαντες
2927 1112 3141 1187 [νεηει.
3160 1122 3206 1166 ει
3227 1110 3322 1165 Fr.
3343 1106 3761 1180 γυμνάζοντεςῙ,

2173 1213 2249 1276 ὡς
2280 1206 2390 1266 οἶόν
2417 1228 2500 1277 τε,
2532 1208 2737 1281 θεωρίᾳ
2765 1210 2866 1277 τὴν
2899 1206 3108 1260 ἔννοιαν
3127 1219 3143 1234 ·
3189 1203 3266 1267 ὡς
3302 1202 3465 1265 αὐτός
3500 1218 3561 1254 τε
3592 1217 3765 1271 χορη-

2174 1308 2294 1375 γεῖν
2326 1303 2715 1375 συμφερόντως
2743 1299 2932 1354 είωθεν
2960 1300 2989 1353 ό
3017 1299 3212 1365 Λόγος,
3241 1296 3335 1349 καὶ
3358 1296 3557 1367 χωρεῖν
3582 1293 3766 1382 δίδωσι

2175 1400 2274 1471 τῆς
2305 1399 2399 1452 τοῦ
2429 1397 2684 1466 λέγοντος
2714 1394 2947 1457 διανοίας
2979 1393 3079 1463 τὴν
3106 1392 3355 1460 δύναμιν.
3402 1396 3413 1403 '

2174 1512 2369 1581 Πάτερ
2398 1509 2586 1581 ἡμῶν,
2616 1512 2649 1563 ό
2678 1509 2747 1562 ὲν
2790 1507 2917 1581 τοῖς
2942 1503 3222 1581 angar-97¢
3240 1518 3254 1532 ο
3285 1500 3650 1581 ’ἁγιασθήτω
3695 1499 3767 1556 τὸ

2369 1574 2558 1650 ὅπερμὰ
2586 1596 2703 1634 σου
2723 1597 2738 1610 ·
2777 1576 3001 1633 ἐλθέτω
3030 1577 3068 1643 ’ἠ
3102 1574 3393 1640 ,βασιλεία
3423 1589 3561 1627 σου.

2250 1695 2424 1758 Εὐθὺς
2453 1691 2802 1763 καθηκόντως
2847 1689 3125 1757 θεολογίας
3162 1688 3219 1741 ἐν
3250 1686 3463 1750 τούτοις
3511 1678 3765 1758 ἀπ’άρξαὶ

2180 1780 2301 1835 σθαι
2334 1779 2575 1833 διδάσκει
2604 1780 2718 1841 τοῖς
2749 1775 3206 1849 προσευχομένοις
3238 1778 3266 1830 ό
3298 1778 3520 1846 Κύριος,
3550 1777 3645 1829 καὶ
3665 1774 3766 1847 τήν

483 1883 663 1925 causae
681 1871 1085 1937 exsistentiam,
1110 1874 1335 1943 quoquo
1365 1872 1529 1929 modo
1558 1849 1850 1940 initiando,
1875 1873 2075 1944 aperit,

2180 1889 2297 1935 πως
2326 1869 2561 1941 ὓπαρξιν
2596 1870 2697 1941 τῆς
2726 1867 2835 1923 τῶν
2880 1868 3049 1924 ὄντων
3092 1868 3382 1938 ποιητικῆς
3424 1868 3608 1931 αίτίας
3659 1886 3765 1939 μυ-

483 1960 579 2030 qui
612 1960 733 2031 ipse
769 1976 867 2033 per
889 1964 1187 2019 essentiam
1218 1979 1404 2019 rerum
1435 1980 1599 2021 causa
1649 1974 1953 2036 auctorque
1983 1965 2075 2022 sit.

484 2051 667 2108 Patris
691 2053 863 2122 enim,
893 2061 952 2111 et
977 2055 1221 2112 nominis
1252 2056 1455 2121 Patris,
1487 2057 1754 2129 regnique
1784 2058 1964 2114 Patris
1985 2057 2080 2114 de-

484 2143 843 2205 clarationem
869 2146 1079 2203 habent
1098 2149 1373 2205 orationis
1392 2151 1597 2216 verba;
1641 2160 1704 2205 ut
1725 2150 1794 2206 ab
1821 2151 1940 2221 ipso
1969 2161 2082 2207 sta-

486 2241 587 2290 tim
622 2240 872 2308 exordio,
920 2239 1134 2296 unitate
1172 2249 1517 2297 constantem
1553 2243 1902 2308 Trinitatem,
1936 2242 2084 2298 cole-

485 2344 569 2396 re,
601 2331 882 2398 invocare,
912 2332 1169 2387 venerari
1199 2331 1499 2389 discamus.
1535 2332 1634 2388 Dei
1686 2334 1833 2390 enim
1867 2349 1932 2389 ac
1974 2334 2079 2389 Pa-

487 2420 592 2479 tris
624 2437 828 2478 nomen
856 2423 1227 2479 essentialiter
1260 2425 1589 2492 subsistens,
1616 2425 1935 2497 unigenitus
1985 2425 2079 2481 Εἱ-

486 2512 598 2568 lius
645 2521 768 2581 est;
826 2513 1037 2586 Deique
1080 2529 1145 2569 ac
1197 2516 1377 2571 Patris
1429 2531 1658 2587 regnum
1709 2516 2083 2572 essentialiter

488 2605 817 2671 subsistens,
850 2605 1092 2677 Spiritus
1140 2614 1381 2663 sanctus.
1434 2606 1591 2675 Quod
1641 2608 1789 2663 enim
1826 2607 1917 2662 hic
1939 2607 2080 2662 Mat-

488 2696 665 2752 thteus
697 2706 928 2768 regnum
964 2705 1143 2764 vocat,
1178 2699 1323 2755 alius
1367 2698 1476 2754 alio
1500 2700 1741 2770 quodam
1771 2700 1892 2754 loco
1913 2715 2082 2754 evan-

487 2785 682 2856 gelista
733 2787 1032 2857 appellavit
1083 2788 1352 2859 Spiritum
1395 2798 1668 2857 sanctum,
1718 2789 1951 2845 dicens:
1987 2789 2082 2844 Ve-

485 2878 603 2932 niat
633 2875 866 2948 Spiritus
900 2888 1117 2934 sanatus
1150 2890 1290 2947 tuus,
1315 2891 1365 2935 et
1397 2882 1612 2937 mandet
1642 2898 1760 2937 nos.
1783 2882 1905 2937 Non
1929 2882 2080 2937 enim

486 2966 790 3021 ascititium
847 2982 1050 3023 nomen
1106 2969 1277 3025 habet
1322 2970 1485 3026 Pater
1536 2987 1602 3027 ac
1663 2971 1970 3039 factitium;
2021 2982 2083 3028 ut

487 3071 669 3126 neque
703 3070 950 3130 regnum
1014 3061 1376 3132 intelligimus
1408 3063 1559 3119 velut
1601 3062 1925 3134 dignitatem
1958 3080 2081 3135 quae

483 3146 567 3202 illi
600 3146 907 3202 advenerit.
951 3148 1072 3204 Non
1102 3151 1252 3205 enim
1281 3151 1451 3222 coepit
1475 3166 1619 3218 esse,
1651 3161 1713 3207 ut
1743 3164 1858 3209 tum
1892 3164 2068 3224 pater,
2097 3191 2140 3249 ο

486 3245 608 3293 tum
638 3254 736 3293 rex
772 3253 896 3294 esse
929 3239 1233 3311 inciperet;
1280 3243 1375 3297 sed
1404 3258 1530 3298 cum
1558 3244 1631 3299 sit
1658 3259 1896 3315 semper,
1929 3259 2074 3300 sem-

487 3344 589 3400 per
619 3330 786 3385 etiam
819 3339 997 3401 pater,
1024 3346 1090 3387 ac
1124 3348 1221 3387 rex
1249 3342 1366 3401 est;
1415 3342 1475 3388 ut
1507 3349 1686 3405 neque
1717 3316 1864 3401 esse:
1898 3350 2078 3405 neque

486 3430 663 3492 pater,
698 3432 796 3476 aut
847 3438 943 3477 rex
972 3437 1114 3489 esse,
1149 3424 1376 3479 omnino
1417 3426 1668 3495 coeperit.
1723 3426 1821 3481 Sin
1872 3437 2075 3491 autem,

485 3526 709 3584 semper
742 3528 868 3569 cum
900 3512 993 3578 sit,
1030 3528 1251 3586 semper
1290 3524 1405 3571 tum
1437 3527 1614 3587 pater,
1655 3526 1771 3573 tum
1807 3534 1903 3574 rex
1936 3517 2082 3574 εχδί-

484 3604 586 3660 stit
616 3620 630 3658 :
666 3617 886 3674 semper
924 3605 1116 3676 utique
1157 3607 1326 3662 etiam
1359 3608 1554 3674 Filius,
1591 3625 1654 3664 ac
1684 3608 1924 3680 Spiritus
1955 3626 2081 3667 san-

485 3702 611 3751 ctus
645 3694 1018 3751 essentialiter
1046 3712 1178 3753 vere
1213 3699 1362 3754 Patri
1393 3700 1836 3767 coexstiterunt;
1884 3703 1980 3779 qui
2011 3719 2080 3759 ex

485 3786 629 3858 ipso,
661 3787 829 3858 inque
869 3788 992 3859 ipso
1024 3799 1223 3846 natura
1248 3802 1401 3858 sunt,
1430 3806 1597 3863 supra
1630 3808 1849 3848 causam
1883 3811 1948 3850 ac
1988 3812 2078 3851 ra-

491 3879 721 3945 tionem,
753 3895 864 3935 non
914 3889 1040 3950 post
1078 3881 1258 3953 ipsum
1303 3893 1514 3954 postea,
1566 3894 1792 3957 propter
1835 3902 2077 3954 causam,

488 3985 588 4026 seu
628 3971 723 4027 illa
751 3970 1087 4042 impellente,
1130 3974 1259 4032 facti
1294 3976 1422 4032 sint.
1475 3976 1689 4034 Relatio
1734 3978 1883 4034 enim
1929 3995 2080 4035 com-

489 4060 831 4115 monstrandi
864 4060 979 4116 vim
994 4060 1178 4130 habet,
1203 4079 1268 4119 ea
1297 4079 1533 4134 quorum
1553 4074 1640 4122 est
1679 4066 1894 4132 relatio,
1913 4076 2080 4139 atque

486 4149 715 4217 dicitur,
751 4152 856 4208 alia
902 4154 1027 4210 aliis
1075 4155 1384 4224 posteriora
1430 4157 1659 4229 intelligi
1711 4173 1822 4214 non
1869 4159 2079 4215 sinens.

559 4242 726 4298 Pater
761 4252 960 4299 noster.
987 4274 1059 4286 -—
1083 4245 1237 4302 Hanc
1279 4246 1448 4318 igitur
1489 4249 1838 4319 auspicantes
1872 4251 2081 4305 oratio-

487 4347 640 4400 nem,
664 4333 1199 4391 consubstantialem
1238 4351 1304 4393 ae
1337 4340 1859 4409 superessentialem
1892 4341 2081 4396 Trini-

490 4432 681 4489 tatem,
724 4432 788 4479 ut
815 4419 993 4481 nostri
1040 4441 1264 4486 causam
1305 4428 1666 4497 eﬂ‘ectricem,
1714 4431 1873 4502 351
1917 4440 2081 4503 atque

2183 1964 2473 2032 σταγωγεῖ,
2512 1960 2634 2015 κατ’
2661 1960 2851 2014 οὐσίαν
2879 1959 2989 2015 τῶν
3019 1959 3187 2014 ὄντων
3220 1960 3390 2023 αἴτιος
3419 1957 3512 2012 ὢν.
3548 1958 3767 2030 Πατρδς

2180 2056 2310 2127 γὰρ,
2343 2055 2438 2109 καὶ
2486 2054 2749 2126 ὀνόματος
2784 2053 3021 2123 Πατρδς,
3074 2053 3171 2108 καὶ
3224 2051 3503 2123 βασιλείας
3551 2051 3766 2124 Πατρὸς

2179 2147 2415 2217 δήλωσιν
2441 2145 2555 2217 ἔχει
2586 2145 2687 2214 τῆς
2720 2145 3028 2217 προσευχῆς
3051 2144 3119 2198 τὰ
3140 2144 3282 2214 ῥητά
3303 2161 3316 2175 ·
3350 2144 3418 2197 ἶν’
3450 2144 3548 2197 ἀπ’
3591 2143 3767 2212 αὐτῆς

2178 2237 2516 2310 διδαχθῶμεν
2561 2238 2659 2307 τῆς
2709 2237 2884 2308 ἀρχῆς
2945 2236 3046 2308 τὴν
3089 2233 3380 2308 μοναδικὴν
3425 2235 3632 2307 Τριάδα
3677 2234 3768 2288 σέ-

2180 2331 2329 2395 ϐειν,
2361 2314 2744 2385 ἐπικαλεῖσθαί·
2769 2346 2828 2383 τε
2874 2329 2968 2384 καί¹
3013 2330 3357 2400 προσκυνεῖν.
3396 2329 3608 2400 Ὀνομα
3652 2327 3769 2399 γὰρ

2180 2423 2274 2478 τοῦ
2299 2422 2434 2477 Θεοῦ
2468 2423 2564 2477 καὶ
2586 2421 2798 2494 Πατρδς
2830 2420 3105 2485 οὐσιωδῶς
3138 2420 3382 2491 ὑφεστὼς
3417 2423 3562 2489 ἐστιν
3590 2422 3618 2474 ό
3665 2440 3769 2492 po-

2180 2514 2408 2587 νογενὴς
2440 2516 2567 2578 Υἱός
2591 2532 2605 2545 ·
2654 2515 2749 2569 καὶ
2784 2513 3029 2585 βασιλεία
3077 2514 3172 2568 τοῦ
3211 2513 3346 2568 Θεοῦ
3395 2515 3488 2569 καὶ
3528 2513 3764 2585 Πατρός,

2180 2603 2454 2668 οὗσιωδῶς
2485 2605 2630 2658 ἐστιν
2661 2603 2973 2673 ὑφεστῶσα,
3022 2602 3084 2657 τὸ
3119 2602 3344 2674 Πνεῦμα
3374 2603 3435 2657 τὸ
3466 2602 3642 2674 ἅγιον.
3695 2606 3767 2659 ’0

2181 2698 2289 2770 γὰρ
2322 2696 2554 2751 ἐνταῦθα
2594 2696 2869 2761 Ματθαῖός
2894 2713 3027 2767 φησι
3059 2694 3352 2766 βασιλείαν,
3387 2695 3620 2767 ἀλλαχοῦ
3652 2696 3767 2751 τῶν

2182 2786 2580 2856 εὐαγγελιστῶν
2634 2786 2821 2858 ἕτερος
2868 2786 3093 2856 Πνεῦμα
3137 2785 3406 2855 κέκληκεν
3449 2787 3623 2854 ἅγιον,
3657 2787 3768 2857 φά·

2184 2894 2350 2942 σκων,
2394 2878 2647 2934 Ἐλθέτω
2685 2894 2804 2934 σου
2848 2878 2913 2932 τὸ
2942 2877 3186 2948 Πνεῦμα
3217 2878 3279 2950 (ἰ)
3308 2877 3376 2933 τὸ
3421 2877 3614 2948 ἅγιον,
3660 2879 3768 2934 καὶ

2182 2969 2557 3039 καθαρισάτω
2584 2967 2762 3040 ἡμᾶς.
2804 2971 2877 3023 Οὐ
2908 2969 3018 3041 γὰρ
3044 2969 3337 3040 ἐπίκτητον
3364 2971 3394 3024 ό
3428 2971 3618 3042 Πατὴρ
3648 2970 3765 3042 ἔχει

2180 3061 2241 3115 τὸ
2273 3062 2463 3132 ὄνομα,
2507 3059 2627 3114 οὔτε
2671 3061 2778 3132 μὴν
2804 3059 2879 3124 ὡς
2906 3060 3061 3126 ἀξίαν
3104 3058 3574 3133 ὲπιθεωρουμένην
3611 3062 3766 3134 αὐτῷ

2181 3152 2410 3222 νοοῦμεν
2442 3150 2541 3222 τὴν
2571 3150 2867 3222 βασιλείαν.
2890 3152 3004 3205 Οὐκ
3025 3147 3227 3225 ἦρκται
3247 3153 3357 3224 γὰρ
3384 3153 3477 3207 τοῦ
3499 3148 3639 3210 εἶναι
3671 3155 3715 3225 (ί
3727 3168 3764 3221 τ,

2182 3245 2268 3297 ἵνα
2299 3244 2393 3297 καὶ
2436 3243 2530 3297 τοῦ
2577 3241 2759 3314 πατὴρ
2796 3242 2830 3313 ἢ
2883 3242 3134 3313 βασιλεὺς
3180 3238 3320 3298 εἶναι
3348 3244 3596 3315 ἄρξηται*
3646 3243 3767 3299 ἀλλ’

2179 3336 2265 3390 ἀεὶ
2291 3334 2387 3399 ὢν,
2423 3334 2512 3389 ἀεὶ
2557 3335 2650 3388 καὶ
2681 3336 2865 3406 πατήρ
2902 3336 3018 3389 ἐστι
3049 3336 3142 3388 καὶ
3169 3333 3447 3406 βασιλεύς·
3497 3336 3635 3408 μήτε
3663 3336 3764 3392 τοῦ

2179 3423 2340 3493 εἶναι,
2386 3428 2525 3499 μήτε
2564 3426 2660 3480 τοῦ
2693 3427 2874 3498 πατὴρ
2902 3426 2935 3498 ἢ
2980 3425 3233 3497 βασιλεὺς
3263 3423 3404 3481 εἶναι
3432 3429 3765 3499 τοπαράπαν

2179 3519 2475 3591 ἠργμένος.
2508 3519 2570 3573 El
2599 3517 2657 3572 δὲ
2684 3519 2770 3572 ἀεὶ
2802 3517 2896 3584 ὢν,
2926 3518 3015 3572 ἀεὶ
3043 3519 3135 3573 καὶ
3166 3519 3350 3589 πατήρ
3384 3519 3501 3573 ἐστι
3532 3519 3628 3573 καὶ
3662 3519 3766 3589 βα-

2182 3610 2384 3676 σιλεὺς,
2414 3611 2500 3665 ἀεὶ
2526 3610 2636 3682 ἄρα
2666 3611 2760 3665 καὶ
2786 3613 2814 3664 ὁ
2842 3609 2970 3673 Υἱὸς
3002 3610 3097 3664 καὶ
3126 3608 3188 3664 τὸ
3231 3609 3456 3681 Πνεῦμα
3499 3609 3560 3664 τὸ
3605 3610 3764 3679 ἅγιον

2178 3702 2452 3767 οὐσιωδῶς
2509 3701 2588 3773 τῷ
2657 3702 2834 3774 Πατρὶ
2910 3702 3414 3773 συνυφεστήκασιν,
3491 3702 3550 3768 ἐξ
3596 3700 3763 3757 αὐτοῦ

2179 3809 2240 3847 τε
2300 3793 2449 3857 ὄντα,
2502 3793 2594 3847 καὶ
2640 3794 2699 3848 ὲν
2752 3793 2901 3865 αὐτῷ
2947 3793 3212 3863 φυσικῶς,
3259 3793 3401 3864 ὑπὲρ
3449 3793 3628 3848 αἰτίαν
3667 3794 3763 3846 καὶ

2182 3881 2370 3953 λόγον,
2427 3881 2543 3938 ἀλλ’
2601 3883 2663 3936 οὐ
2722 3882 2841 3954 μετ’
2888 3882 3078 3948 αὐτὸν,
3123 3882 3392 3951 γενόμενα
3466 3883 3536 3938 δι’
3581 3882 3762 3938 αἰτίαν

2182 3973 2435 4047 ﬁcta-pou:
2480 3974 2545 4027 Ἡ
2594 3972 2703 4043 γὰρ
2736 3973 2919 4045 σχέσις
2959 3973 3334 4041 συνενδειξεων
3374 3972 3635 4044 κέκτηται
3665 3972 3759 4026 δύ-

2181 4081 2345 4137 ναμιν
2368 4106 2387 4132 ,
2419 4066 2489 4120 τὰ
2529 4057 2605 4120 ὧν
2638 4065 2755 4118 ἔστι
2784 4082 2846 4118 τε
2892 4066 2985 4119 καὶ
3012 4064 3231 4134 λέγεται
3261 4065 3464 4137 σχέσις,
3499 4065 3618 4137 μετ’
3661 4063 3760 4119 ἅλ-

2181 4156 2321 4228 ληλα
2343 4155 2417 4229 (It)
2450 4155 2772 4228 θεωρεῖσθαι
2805 4156 2879 4228 μὴ
2917 4154 3297 4227 συγχωροῦσα.

2252 4248 2470 4319 Ταύτης
2494 4244 2587 4303 οὖν
2607 4246 2981 4320 ἀπαρξάμενοι
3005 4247 3106 4317 τῆς
3125 4246 3454 4320 προσευχῆς,
3477 4246 3759 4321 γεραίρειν

2183 4337 2490 4407 ὲναγόμεθα
2522 4334 2598 4409 [in
2629 4348 2733 4394 cat.
2759 4334 3123 4409 ἐπειγόμεθα]
3144 4336 3242 4409 τὴν
3269 4334 3553 4407 όμοούσιόν
3580 4353 3641 4391 τε
3665 4337 3760 4390 καὶ

2184 4427 2507 4501 ὑπερούσιον
2535 4427 2760 4498 Τριάδα,
2791 4426 2868 4493 ὡς
2906 4427 3196 4500 ποιητικὴν
3222 4428 3401 4483 αἰτίαν
3430 4429 3531 4499 τῆς
3559 4427 3759 4499 ἡμετές

488 4524 795 4582 auctorem,
812 4518 1064 4572 venerari
1089 4518 1410 4591 honoreque
1430 4523 1692 4593 prosequi
1714 4523 2076 4578 instituimur.

2185 4540 2286 4595 ρας
2310 4522 2595 4592 γενέσεως.
2631 4520 2774 4593 Πρὸς
2811 4519 2890 4586 δὲ,
2925 4520 3020 4574 καὶ
3057 4518 3157 4592 τὴν
3197 4520 3277 4583 εἰς
3320 4521 3470 4591 ἡμᾶς
3504 4518 3762 4588 ἐξαγγέλ-

489 4605 571 4663 Ad
612 4606 731 4662 haec
763 4623 900 4664 vero
943 4609 1132 4674 etiam,
1165 4626 1506 4669 .coneessam
1554 4614 1719 4670 nobis
1769 4615 2079 4685 adoptionis

2179 4611 2293 4666 λειν
2342 4608 2706 4680 διδασκόμεθα
2754 4609 2915 4683 χάριν
2966 4608 3066 4679 τῆς
3117 4607 3407 4674 υἱοθεσίας,
3466 4608 3557 4662 τὸν
3600 4607 3761 4680 φύσει

488 4698 723 4768 gratiam
753 4700 975 4767 efferre,
1008 4717 1074 4758 ac
1100 4705 1394 4761 enuntiare
1435 4705 1722 4777 docemur,
1763 4707 1860 4778 qui
1903 4707 2079 4777 ipsum

2179 4702 2506 4774 δημιουργὸν
2556 4701 2739 4772 χάριτι
2776 4700 3000 4772 Πατέρα
3046 4699 3234 4754 καλεῖν
3278 4698 3623 4772 ἀξιούμενοι⁹
3673 4700 3761 4753 ῐνα

489 4799 688 4847 natura
716 4792 993 4866 opiﬁcem,
1019 4811 1118 4865 per
1143 4798 1377 4867 gratiam
1408 4798 1628 4854 Patrem
1652 4814 1849 4855 vocare
1872 4813 2079 4854 merca-

2179 4796 2273 4850 τοῦ
2316 4795 2459 4850 κατὰ
2492 4794 2652 4866 χάριν
2702 4793 3033 4864 Γεννήτορος
3068 4791 3405 4855 αἰδεσθέντες
3453 4793 3550 4863 τὴν
3592 4809 3762 4863 προσ-

489 4896 658 4938 mur:
696 4891 759 4939 ut
798 4886 921 4955 eius
941 4887 1036 4956 qui
1066 4888 1241 4959 gratia
1274 4890 1463 4959 genuit
1489 4890 1959 4960 nuncupationem
1993 4904 2085 4945 re-

489 4973 677 5041 veriti,
726 4975 1001 5033 institutis
1063 4979 1188 5035 vitae
1251 4981 1564 5037 rationibus
1613 4983 1858 5052 parentis
1911 4978 2086 5037 nostri

562 5130 625 5214 (ἢ
662 5131 951 5214 ,Ἐλέῗέτίιθ
979 5151 1097 5214 σρυ
1136 5136 1216 5214 τὸ.
1243 5138 1505 5214 Πνεῦμςις
1548 5138 1807 5214 Perinde-
1838 5139 2072 5214 Nissen:

490 5209 635 5273 orat.
662 5200 698 5273 ξι
720 5203 777 5256 in
809 5202 964 5259 Orat.
1004 5205 1359 5273 Dominicam,
1402 5200 1506 5264 'ubi
1537 5209 1615 5264 ait
1644 5210 1719 5265 ita
1757 5210 1844 5265 bis
1879 5200 2078 5264 haberi

490 5271 636 5352 apud
661 5271 865 5352 lineam
897 5290 917 5352 :7
945 5286 1291 5352 cnm_tanicn
1320 5271 1486 5334 modo
1517 5279 1854 5352 exemplaria
1896 5278 2083 5352 omnia

490 5341 639 5395 idem
683 5341 927 5397 habeant
957 5344 1104 5413 apud
1136 5347 1446 5405 Matthzeum
1482 5357 1539 5404 et
1569 5341 1775 5406 Lucam
1803 5366 1816 5414 ;
1850 5363 1953 5403 nec
1998 5348 2082 5403 in-

492 5420 774 5493 terpretes
801 5414 1041 5493 aliquam
1080 5417 1366 5493 ejusmodi
1389 5419 1770 5493 diversitatem
1807 5419 2076 5493 indicent.

488 5479 868 5561 Ac_videatur_
893 5479 1162 5561 Maximus
1187 5503 1273 5561 _ex
1322 5489 1572 5561 Eysseno
1602 5490 1874 5561 hausisse,
1908 5488 2079 5561 unde-

492 5553 962 5631 cunquetandem
996 5552 1391 5631 illehabuerit'.
1429 5559 1584 5615 Unus
1610 5560 1744 5631 Reg.
1777 5552 1949 5614 codex
1974 5558 2076 5631 ha-_

490 5620 587 5701 hct
613 5622 909 5701 ἐπελθέτω,
942 5626 1100 5701 quasi
1126 5631 1495 5701 superveniat,
1530 5636 1648 5694 aut,
1680 5620 2079 5701 ﬁrmterea,_at_t

490 5692 603 5744 nec
629 5695 857 5772 .ve‘niut;
894 5692 1054 5772 quasi
1106 5692 1320 5772 nedum.
1363 5692 1917 5772 virtutein‘petamus
1950 5692 2075 5761 lDei

491 5762 736 5838 nominis
780 5762 1061 5840 in_nobis
1108 5762 1785 5840 sanctiticationcm),’sed
1835 5781 1892 5827 et
1936 5784 2076 5840 proe-

496 5832 692 5895 mium,
725 5832 875 5902 quod
905 5834 1060 5906 regni
1083 5837 1306 5892 nomine
1333 5839 1532 5897 clarius
1560 5832 1898 5913 chigncwr.

2181 4887 2436 4957 ηγορίαν,
2484 4887 2542 4940 ὲν
2572 4884 2651 4955 τῷ
2686 4884 2785 4955 βίῳ
2816 4884 2943 4946 τοὺς
2965 4884 3321 4954 χαρακτῆρας
3376 4882 3758 4953 ὲπισημαίνειν

2179 4978 2572 5050 σπουδάζωμεν
2588 4976 2683 5030 τοῦ
2715 4975 3099 5046 γεννήσαντος,
3123 4973 3441 5043 magum;
3468 4973 3634 5028 αὑτοῦ
3666 4973 3760 5027 ἐπὶ

2261 5135 2327 5207 (j)
2358 5130 2722 5207 Οὐκ-ἦρκται
2753 5131 2864 5207 γὰρ
2886 5133 3011 5207 ’τοῦ
3044 5128 3217 5207 εἶναι.
3258 5132 3381 5207 Non
3405 5132 3573 5207 coepit
3612 5147 3755 5188 esse.

2187 5200 2648 5262 Dormitatcord.
2681 5203 2775 5272 qui
2806 5200 3020 5266 reddat,
3056 5202 3177 5256 Non
3203 5203 3343 5273 enim
3388 5200 3573 5273 stt/ﬁcit
3612 5219 3759 5268 esse;

2182 5276 2290 5332 nisi
2322 5275 2465 5331 forte
2502 5275 2579 5329 ita
2607 5271 2856 5343 praeluxi},
2889 5287 2953 5343 ac
2982 5273 3076 5341 qui
3108 5271 3351 5342 regebat,
3377 5271 3473 5327 illi
3486 5273 3755 5342 peccavit.

2255 5346 2326 5415 (Ic)
2360 5344 2497 5399 Μετ’
2518 5340 2778 5415 ἄλληλα.
2805 5340 3015 5396 Relata’
3047 5340 3212 5399 simul
3255 5351 3452 5415 natura
3487 5340 3649 5415 sunt,
3681 5343 3757 5397 si-

2180 5412 2407 5485 mulque
2431 5413 2853 5485 concipiuntur,
2878 5427 2989 5485 non
3022 5412 3396 5485 unumﬂaltero
3434 5414 3711 5485 posterius
3739 5429 3753 5466 :

2178 5481 2339 5556 cujus
2397 5481 2741 5556 contrarium
2804 5482 3005 5556 vitiosa
3047 5482 3139 5556 il_l_a
3189 5481 3307 5556 Cat.
3375 5481 3492 5551 μετ’
3512 5483 3757 5556 ἀλλήλων

2179 5551 2501 5626 θεωρεῖσθαι
2529 5555 2603 5626 μὴ
2630 5552 3020 5626 συγχωροῦσα,
3066 5551 3186 5626 Non
3218 5553 3398 5626 sineris
3446 5554 3602 5626 quasi
3636 5551 3756 5605 alia

2178 5620 2306 5678 aliis
2352 5620 3096 5693 socia,'si'mulqueintelligi.
3116 5622 3276 5693 Unde
3307 5622 3425 5678 haec
3458 5620 3757 5693 relatorum

2176 5704 2395 5759 natura,
2442 5703 2539 5749 aut
2570 5691 2976 5764 grammatica?
3022 5692 3127 5764 Sed
3178 5692 3405 5764 longum
3448 5702 3597 5748 esset
3639 5691 3759 5764 ejus

2175 5766 2357 5822 omnia
2383 5760 2601 5835 menda,
2631 5772 2686 5835 et
2705 5760 2931 5832 quidem
2962 5762 3172 5833 gravia,
3199 5762 3445 5825 iudicare
3477 5781 3491 5818 :
3515 5778 3637 5835 quas
3661 5762 3759 5818 dov

2176 5835 2323 5891 ccbit
2358 5835 2475 5906 ipsa
2498 5833 2737 5890 collatio.
