4070 6404
437 363 550 428 885

1425 357 1826 418 EXPOSITIO
1863 353 2276 417 ORATIONIS
2315 349 2704 410 DOMINICAS

3586 347 3694 409 886

436 485 542 553 γῆς
571 474 632 530 τδ
669 474 862 545 ὄνομα,
899 472 991 526 καὶ
1021 471 1421 544 πατρὼζοντες,
1453 475 1546 524 καὶ
1579 471 1744 524 τέκνα
1771 469 1860 523 διά
1899 471 2009 522 τῶν

2116 485 2465 541 characteres
2505 482 2738 538 reddere
2789 480 3126 546 studeamus,
3152 480 3555 537 sanetitlmntes
3599 498 3693 536 no-

431 568 776 638 πραγμάτων
805 566 1164 635 δεικνύμενοι,
1201 566 1296 618 καὶ
1343 563 1436 616 τὸν
1482 563 1683 632 ταύτης
1713 564 2010 634 αὐτουργὸν

427 660 532 729 τῆς
567 657 836 719 υἱοθεσίας
868 657 1093 725 φυσικὸν
1121 654 1216 707 τοῦ
1239 654 1450 726 Πατρὸς
1483 654 1631 720 Υἱὸν,
1659 655 1724 708 δι’
1755 649 1830 710 ὧν
1861 656 2008 709 νοοῦ-

433 767 536 820 μεν
565 749 597 820 ἢ
637 749 966 821 πράττομεν,
999 746 1410 820 μεγαλύνοντες.

514 925 839 998 Ἀγιάζομεν
869 927 925 980 δὲ
955 927 1048 980 τού
1077 928 1134 980 ὲν
1165 928 1410 1001 οὐρανοῖς
1435 930 1574 984 κατὰ
1608 933 1765 1004 χάριν
1787 935 2002 1006 Πατρδς

427 1019 496 1072 τὺ
546 1017 736 1087 ὃνομα,
776 1017 875 1087 τὴν
917 1017 1182 1088 πρόσυλο)
1215 1017 1413 1090 δηλαδὴ
1454 1021 1770 1091 κιεκροῦντες
1814 1026 2005 1080 ἐπιθυ-

434 1109 587 1179 μίαν,
615 1108 706 1162 καὶ
739 1107 1078 1179 φθοροποιῶν
1112 1110 1560 1182 ὲκκαθαιρόμενοι
1591 1114 1810 1166 παθῶνο
1852 1116 2007 1188 εἴπερ

431 1200 705 1268 ἁγιασμὸς
733 1200 899 1262 ἐστιν,
929 1200 961 1268 ἡ
996 1199 1114 1253 κατ’
1145 1197 1393 1270 αἴσθησιν
1420 1202 1516 1271 τῆς
1551 1203 1843 1274 ἐπιθυμίας
1873 1223 2009 1258 παν-

430 1291 596 1362 τελὴς
647 1292 902 1360 ἀκινησία
944 1290 1071 1363 [σοι.
1132 1290 1339 1364 ὲξορία]
1393 1294 1486 1346 καὶ
1539 1295 1838 1364 νέκρωσις·
1884 1290 2008 1369 ὲνῇ

432 1382 738 1452 γενόμενοι,
787 1381 886 1445 τὰς
936 1384 1202 1453 ἀπρεπεῖς
1246 1383 1338 1435 τοῦ
1387 1383 1557 1454 θυμοῦ
1612 1387 2010 1456 κατευνάζομεν

436 1474 666 1537 ὑλακάς,
701 1473 800 1526 οὐκ
829 1473 1039 1542 ἔχοντος
1065 1473 1142 1526 ἔτι
1170 1474 1540 1543 διεγείρουσαν
1571 1477 1751 1543 αὐτὸν,
1787 1483 1880 1531 καὶ
1905 1479 2011 1533 τῶν

434 1565 653 1616 οἰκείων
687 1564 886 1632 ἡδονῶν
917 1563 1419 1635 ὑπεραγωνίζεσθαι
1454 1567 1864 1640 πείθουσαντὴν
1897 1572 2013 1623 επι-

436 1654 662 1724 Ουμίαν,
702 1657 802 1727 ἤδη
835 1659 904 1727 τῇ
953 1657 1093 1710 κατά
1119 1658 1397 1725 τὸνλόγον
1435 1659 1680 1729 ἁγιότητι
1730 1661 2015 1732 νεκρωθεῖ-

439 1763 563 1799 σαν.
601 1747 757 1800 Κατά
789 1747 950 1817 φύσιν
983 1748 1091 1819 γὰρ
1135 1751 1233 1820 τῆς
1261 1750 1554 1821 ἐπιθυμίας
1589 1752 1845 1821 ὑπάρχων
1875 1753 2015 1807 ἔκδι-

439 1857 537 1902 κος
574 1842 602 1893 6
629 1838 816 1910 θυμὸς,
843 1839 934 1893 τοῦ
967 1841 1251 1909 μαίνεσθαι
1283 1842 1552 1896 παύεσθαι
1581 1842 1846 1912 πέφυκεν,
1876 1846 2014 1916 ὁπη-

438 1931 567 1984 νίκα
598 1930 801 2002 ταύτην
838 1931 923 2006 ἴδῃ
952 1931 1381 2004 νενεκρωμένην.

515 2133 754 2198 Εἰκότως
793 2129 906 2200 οὖν,
951 2137 1018 2206 τῇ
1070 2133 1164 2187 τοῦ
1213 2133 1388 2204 θυμοῦ
1432 2133 1524 2188 καὶ
1576 2134 1676 2206 τῆς
1724 2135 2014 2206 ἐπιθυμίας

438 2223 717 2296 ἀποϐολῇ,
762 2225 823 2278 τὸ
868 2225 966 2296 τῆς
1017 2224 1294 2295 βασιλείας
1332 2225 1425 2277 τοῦ
1469 2225 1603 2278 Θεοῦ
1661 2226 1753 2279 καὶ
1804 2226 2014 2298 [ἰατρὸς

437 2317 584 2370 κατὰ
613 2317 709 2386 τὴν
753 2316 1058 2388 προσευχὴν
1106 2317 1405 2386 ἐπιγίνεται
1453 2318 1669 2387 κράτος,
1719 2321 1830 2381 τοῖς
1878 2318 2016 2388 μετά

436 2407 538 2479 τὴν
563 2407 765 2461 τούτων
799 2406 1054 2461 ἀπόθεσιν
1078 2407 1254 2474 λέγειν
1287 2407 1644 2477 ἀξιουμένοις,
1689 2408 1941 2462 Ἐλθέτω
1978 2408 2012 2472 ἡ

437 2500 725 2564 βασιλεία
756 2517 872 2553 σου
897 2515 911 2528 ·
947 2499 1220 2566 τουτέστι,
1248 2499 1309 2552 τὸ
1345 2499 1566 2568 Πνεῦμα
1612 2499 1670 2552 τὸ
1701 2500 1883 2566 ἀγῶν’
1913 2499 2012 2570 ἤδη

435 2591 518 2661 τῷ
560 2591 661 2660 τῆς
692 2590 996 2660 πραότητος
1028 2591 1169 2660 λόγῳ
1205 2607 1264 2642 τε
1297 2591 1390 2642 καὶ
1421 2591 1605 2659 τρόπῳ
1645 2589 2014 2658 ναοποιηθεῖσι

437 2684 518 2754 τῷ
543 2683 659 2753 Θεῷ
687 2683 774 2736 διά
823 2683 914 2736 τοῦ
963 2683 1296 2753 Πνεύματος.
1361 2682 1492 2737 Ἐπὶ
1533 2683 1666 2735 τίνα
1702 2682 1832 2755 γὰρ,
1859 2687 2012 2754 φησι,

440 2777 829 2838 καταπαύσω,
859 2775 996 2829 ἀλλ’
1029 2773 1068 2844 ἢ
1097 2775 1196 2828 ἐπὶ
1225 2775 1329 2828 τὸν
1359 2773 1553 2842 πρᾶον
1580 2775 1678 2830 καὶ
1709 2779 2010 2845 ταπεινὸν,

438 2868 540 2922 καί
574 2866 861 2936 τρέμοντά
877 2884 994 2935 μου
1022 2866 1162 2932 τοὺς
1197 2870 1455 2936 λόγους;
1502 2868 1576 2932 ὡς
1609 2869 1855 2922 ἐντεῦθεν
1876 2865 2013 2924 εἶναι

435 2959 712 3028 δῆλον,ὃτι
745 2957 854 3011 τῶν
885 2958 1154 3011 ταπεινῶν
1185 2957 1278 3011 καὶ
1299 2958 1517 3028 πραέων
1539 2961 1685 3014 ἐστὶν
1714 2960 2015 3030 ήβασιλεία

2121 591 2248 630 men
2289 577 2408 646 ejus
2441 575 2497 629 in
2542 584 2708 632 terra.
2747 573 3033 642 ipsumque
3077 571 3399 638 referentes,
3433 579 3598 642 atque
3629 571 3693 624 ﬁ-

2114 666 2224 721 lios
2254 665 2386 736 ipsis
2416 679 2518 719 nos
2554 662 2817 732 operibus
2860 660 3213 724 exhibentes;
3255 659 3524 728 hujusque
3557 657 3696 712 adeo

2112 763 2396 812 auctorem
2428 752 2738 822 adoptionis
2775 749 3075 804 naturalem
3113 747 3287 802 Patris
3321 748 3538 811 Filium,
3568 749 3694 818 qui.

2111 849 2226 907 bus
2259 847 2617 917 intelligimus
2657 853 2820 898 autve
2851 841 3085 914 agimus,
3118 839 3547 910 magniﬁcantes.

2177 938 2549 1002 Sancti/icetur
2574 954 2762 992 nomen
2790 944 2955 989 tuum.
2975 965 3043 973 —
3059 933 3473 989 Sanctiﬁcamus
3488 942 3692 998 autem,

2105 1033 2226 1102 ejus
2244 1033 2335 1102 qui
2363 1035 2419 1088 in
2433 1029 2588 1086 ccelis
2604 1037 2708 1094 est,
2736 1027 2924 1098 gratiae
2940 1027 3105 1090 dono,
3126 1027 3302 1080 Patris
3320 1041 3540 1093 nomen,
3564 1026 3694 1080 dum

2107 1123 2318 1178 scilicet
2364 1130 2642 1176 terrenam
2670 1119 3023 1190 cupiditatem
3050 1115 3478 1183 mortificamns,
3531 1127 3695 1187 atque

2109 1215 2176 1269 ab
2205 1214 2450 1270 exitiosis
2472 1212 2764 1268 affectibus
2798 1211 3056 1280 vitiisque
3078 1208 3480 1276 emundamnr;
3515 1226 3694 1279 quan-

2110 1307 2405 1377 doquidem
2455 1307 2510 1360 in
2549 1318 2618 1361 eo
2653 1303 2828 1374 posita
2858 1302 3120 1357 sanctitas
3144 1309 3248 1366 est,
3288 1311 3346 1356 ut
3371 1318 3491 1371 qua:
3522 1317 3691 1356 sensu

2110 1410 2398 1459 exercetur
2436 1402 2730 1471 cupiditas,
2765 1397 2913 1452 omni
2943 1411 3170 1468 prorsus
3196 1403 3345 1449 motu
3380 1395 3697 1450 inhibeatur

2112 1512 2176 1550 ac
2202 1495 2614 1565 exstinguatur;
2663 1502 2827 1562 atque
2881 1489 2935 1544 id
2960 1488 3262 1553 consecuti,
3289 1487 3579 1542 indecoros
3602 1487 3697 1550 ira:

2113 1587 2346 1641 latratus
2371 1586 2625 1640 sedamus
2645 1625 2658 1649 ,
2709 1598 2834 1638 eum
2863 1582 3031 1651 ipsam
3053 1580 3379 1634 exeitantem
3415 1578 3697 1648 ipsiusque

2116 1677 2408 1731 libidinum
2448 1691 2615 1730 causa
2666 1688 2910 1744 pugnare
2948 1670 3272 1726 suadentem
3315 1669 3692 1739 cupiditatem,

2117 1769 2346 1823 rationis
2384 1767 2677 1822 sanctitate
2718 1766 2829 1835 jam
2867 1763 3253 1818 mortiﬁcatam
3296 1769 3460 1829 atque
3486 1760 3695 1815 exstin-

2118 1871 2288 1926 ctam,
2328 1861 2468 1914 ultra
2502 1875 2608 1913 non
2645 1858 2966 1912 habeamus.
3023 1855 3109 1909 Ira
3140 1853 3307 1916 enim,
3345 1867 3468 1920 quae
3499 1859 3692 1904 natura

2117 1952 2318 2006 vindex
2350 1950 2670 2020 cupiditatis
2693 1948 2942 2010 exsistat,
2994 1945 3090 1999 ubi
3120 1959 3240 1999 eam
3269 1942 3472 1998 viderit
3497 1940 3696 1995 morti-

2118 2045 2355 2110 ﬁcatam,
2389 2051 2584 2112 suopte
2610 2040 2771 2111 genio
2801 2039 2987 2094 furere
3016 2034 3240 2092 desinit.

2187 2149 2447 2205 Adveniat
2478 2161 2696 2216 regnum
2719 2150 2889 2199 tuum.
2917 2171 2987 2181 ——
3020 2138 3214 2194 Merito
3237 2137 3404 2208 igitur
3431 2132 3696 2204 ablegatis

2117 2219 2280 2311 aique
2301 2238 2541 2295 extrusis
2577 2237 2658 2291 ira
2684 2251 2747 2291 ac
2769 2233 3093 2303 cupiditate,
3126 2230 3222 2284 Dei
3252 2245 3317 2284 ac
3339 2227 3518 2282 Patris
3540 2225 3694 2296 regni

2117 2339 2361 2404 potestas
2414 2331 2468 2384 in
2498 2327 2749 2384 oratione
2782 2325 3066 2394 sequitur,
3124 2321 3301 2390 iisque
3342 2317 3556 2373 accedit
3601 2315 3694 2386 qui

2117 2432 2243 2494 post
2275 2423 2396 2477 illas
2425 2421 2667 2491 abiectas
2715 2418 2902 2472 dicere
2936 2421 3220 2469 merentur
3259 2429 3272 2466 :
3310 2410 3565 2465 Adveniet
3612 2422 3695 2460 re-

2117 2529 2280 2584 gnum
2306 2519 2475 2574 tuum,
2513 2509 2618 2564 hoc
2643 2515 2746 2574 est,
2783 2505 3021 2576 Spiritus
3043 2513 3264 2558 sanctus
3291 2517 3306 2569 ;
3361 2501 3455 2569 qui
3485 2499 3698 2554 scilicet

2119 2603 2420 2659 mansuetis
2462 2601 2713 2656 moribus
2765 2595 3247 2667 inDeitemplum
3299 2607 3398 2664 per
3432 2589 3696 2662 Spiritum

2118 2695 2418 2753 constructi
2444 2702 2571 2749 sunt
2589 2694 2629 2724 ¹⁹
2657 2712 2670 2747 :
2701 2690 2872 2762 Super
2892 2705 3044 2760 quem
3067 2687 3235 2749 enim,
3266 2684 3465 2754 inquit,
3490 2684 3696 2753 requie-

2115 2804 2282 2852 scam,
2313 2787 2413 2840 nisi
2436 2801 2594 2856 super
2618 2791 2952 2838 mansuetum
2975 2785 3024 2833 et
3046 2776 3296 2832 humilem
3319 2785 3366 2829 et
3389 2783 3694 2828 trementem

2073 2861 2080 2868 ’
2116 2894 2380 2934 sermones
2405 2894 2541 2931 meos
2561 2876 2646 2928 ὀἳ
2701 2883 2762 2930 ut
2791 2873 2920 2928 inde
2946 2869 3298 2926 manifestum
3322 2867 3420 2934 sit,
3465 2882 3694 2936 regnum

2117 2970 2214 3025 Dei
2228 2985 2293 3025 ac
2311 2970 2488 3024 Patris
2515 2983 2708 3023 eorum
2725 2981 2846 3021 esse
2864 2963 2958 3034 qui
2975 2960 3212 3016 humiles
3230 2966 3358 3014 sunt
3372 2967 3428 3014 et
3443 2973 3693 3012 mansue-

439 3049 533 3103 τοῦ
551 3050 682 3104 Θεοῦ
697 3049 791 3104 καὶ
809 3047 1036 3120 Πατρός.
1053 3048 1338 3117 Μακάριοι
1365 3049 1490 3121 γάρ,
1512 3067 1583 3120 φη
1593 3053 1697 3114 σἰν,
1719 3055 1771 3106 οἱ
1787 3050 2014 3120 πραεῖς,

2123 3062 2184 3117 ti.
2218 3060 2368 3114 Beati
2395 3058 2566 3123 enim,
2603 3056 2803 3126 inquit,
2840 3056 3012 3120 mites,
3060 3051 3313 3124 quoniam
3340 3049 3441 3119 ipsi
3468 3047 3693 3118 posside-

439 3143 528 3197 ὁτι
569 3141 739 3196 αὐτοὶ
775 3139 1304 3209 κληρονομήσουσι
1341 3139 1456 3209 τὴν
1498 3140 1634 3212 γῆν.
1677 3143 1786 3213 Γῆν
1817 3142 2016 3212 ταύτην

441 3234 537 3307 τὴν
569 3233 710 3288 κατά
757 3233 918 3302 φύσιν
953 3232 1124 3304 μέσην
1167 3231 1260 3286 τοῦ
1294 3237 1495 3298 παντὸς
1533 3234 1910 3288 ἀπολαϐοῦσαν
1939 3233 2012 3287 θὲι

442 3344 527 3380 σιν
566 3326 594 3379 6
642 3325 778 3388 Θεὸς
825 3325 925 3378 οὐκ
974 3324 1338 3394 ἐπηγγείλατο
1376 3327 1488 3390 τοῖς
1541 3327 1828 3395 ἀγαπῶσιν
1856 3325 2018 3380 αὐτὸν

439 3415 843 3489 κληρονομίαν·
899 3416 1058 3486 εἴπερ
1105 3415 1358 3487 ἀληθεύει
1403 3417 1647 3485 φάσκων,
1680 3417 1866 3470 Ὅταν
1909 3416 2018 3487 τὰρ

439 3507 509 3561 ἐκ
569 3503 801 3575 νεκρῶν
850 3501 1237 3571 ἀναστῶσιν,
1291 3505 1432 3560 οὔτε
1494 3507 1822 3574 γαμοῦσιν,
1881 3507 2019 3561 οὔτε

445 3596 782 3668 γαμίζονται
807 3614 820 3647 ε
853 3597 992 3652 ἀλλ’
1020 3597 1180 3650 είσίν
1207 3596 1286 3662 ὡς
1316 3597 1660 3667 ἅγγελοὶιέν
1695 3600 1822 3665 τοῖς
1847 3602 2022 3668 ori-pa-

449 3687 600 3754 νοῒς.
629 3689 758 3750 Καὶ,
787 3689 959 3743 Δεῦτε
987 3689 1044 3742 oi
1066 3685 1456 3757 εὐλογημένοι
1490 3687 1598 3742 τοῦ
1625 3690 1855 3756 Πατρός
1874 3706 2015 3758 μου,

446 3777 938 3848 κληρονομήσατε
975 3779 1090 3849 τὴν
1142 3777 1592 3848 ἡτοιμασμένην
1646 3780 1790 3848 ὑμῖν
1837 3781 2022 3845 βασι-

439 3871 616 3926 λείαν
653 3871 771 3925 ἀπὸ
819 3870 1160 3940 καταϐολῆς
1197 3870 1451 3939 κόσμου.
1497 3871 1606 3924 Καὶ
1639 3871 1872 3942 ἀλλαχοῦ
1912 3873 2020 3925 πά-

441 3971 524 4018 λιν
574 3963 746 4034 ἑτέρῳ
792 3964 908 4034 μετ’
958 3963 1170 4026 εὐνοίας
1219 3961 1581 4029 δουλεύσαντι,
1636 3963 1890 4018 Εἴσελθε
1934 3967 2022 4029 είς

440 4056 557 4124 τὴν
599 4055 793 4126 χαρὰν
837 4059 946 4110 τοῦ
991 4056 1214 4123 Κυρίου
1263 4071 1398 4110 σου.
1451 4057 1562 4110 Καὶ
1619 4059 1738 4126 μετ’
1783 4058 1944 4110 αὑτὸν
1995 4059 2023 4111 6

440 4150 586 4209 θεῖος
627 4149 968 4213 ’Λπόστολος,
1004 4148 1297 4203 Σαλπίσει
1325 4149 1456 4217 τὰρ,
1489 4148 1587 4202 καί
1623 4153 1678 4203 οι
1725 4149 1924 4219 νεκροὶ
1953 4151 2023 4204 ἐν

439 4241 696 4312 Χριστῷ,
732 4242 950 4312 πρῶτοι
982 4241 1407 4310 ἐγερθήσονται
1444 4241 1752 4310 ἄφθαρτοι.
1786 4243 2025 4296 Ἔπειτα

442 4334 616 4404 ἡμεῖς
671 4339 724 4390 οι
765 4332 1012 4400 ζῶντες,
1066 4334 1122 4386 oi
1169 4333 1671 4401 περιλειπόμενοι,
1728 4331 1849 4402 ἅμα
1900 4332 2024 4386 σὺν

2118 3153 2247 3208 bunt
2290 3150 2564 3206 terram“.
2631 3147 2855 3202 Terram
2886 3145 3069 3212 hanc,
3127 3157 3251 3214 quae
3302 3156 3402 3211 per
3447 3148 3696 3195 naturam

2118 3244 2360 3302 medium
2391 3241 2636 3298 universi
2663 3240 2830 3310 hujus
2859 3238 3026 3293 situm
3056 3241 3215 3290 nacta
3240 3242 3345 3298 est,
3380 3231 3527 3286 haud
3557 3231 3697 3287 Deus

2121 3339 2190 3395 iis
2230 3333 2617 3407 possidendam
2660 3329 2918 3402 promisit
2959 3327 3054 3398 qui
3083 3327 3262 3396 ipsum
3288 3323 3562 3394 diligunt;
3606 3338 3696 3378 ve-

2118 3445 2217 3484 rax
2241 3426 2447 3498 quippe
2471 3430 2555 3478 est
2587 3422 2682 3492 qui
2710 3421 2789 3476 ait
2819 3438 2832 3475 :
2860 3419 2992 3476 Cum
3019 3419 3158 3472 enim
3186 3415 3588 3478 resurrexerint,
3615 3429 3707 3467 ne-

2119 3529 2218 3584 que
2249 3512 2471 3575 nubunt,
2508 3524 2673 3579 neque
2703 3507 2890 3576 nuptui
2919 3507 3207 3560 traduntur
3229 3545 3246 3567 ,
3299 3503 3392 3558 sed
3413 3512 3538 3557 sunt
3569 3503 3702 3556 sicut

2117 3602 2293 3674 angeli
2325 3604 2379 3657 in
2409 3600 2640 3665 caelis";
2701 3605 2752 3653 et
2773 3639 2788 3661 ,
2842 3597 3042 3662 Venite,
3077 3594 3333 3650 benedicti
3360 3593 3539 3648 Patris
3566 3595 3697 3659 mei,

2118 3694 2374 3764 possidete
2406 3699 2659 3763 paratum
2684 3689 2824 3744 vobis
2849 3705 3066 3760 regnum
3099 3705 3130 3741 a
3159 3686 3526 3740 constitutione
3551 3701 3692 3739 mun-

2119 3787 2174 3840 di
2195 3787 2262 3840 ".
2309 3785 2431 3841 Alio
2463 3799 2684 3854 quoque
2717 3796 2912 3837 rursus
2936 3782 3080 3848 loco,
3117 3779 3277 3834 alteri
3312 3779 3404 3846 qui
3436 3776 3697 3831 benevole

2119 3876 2264 3930 servi
2290 3890 2493 3929 munus
2518 3874 2734 3928 obierat
2753 3891 2766 3927 :
2785 3871 2938 3926 Intra
2959 3871 3011 3924 in
3034 3869 3287 3941 gaudium
3311 3867 3521 3921 Domini
3544 3867 3619 3920 tui
3638 3865 3697 3922 ".

2120 3967 2252 4022 Post
2298 3981 2462 4036 quem
2517 3965 2686 4020 etiam
2727 3963 2949 4018 divinus
2976 3961 3273 4032 Apostolus
3314 3976 3327 4012 :
3366 3957 3531 4014 Canet
3564 3957 3698 4010 enim

2121 4059 2245 4111 tuba
2269 4074 2288 4123 ;
2352 4063 2402 4110 et
2434 4055 2626 4110 mortui
2651 4053 2740 4125 qui
2766 4055 2822 4107 in
2845 4052 3052 4110 Christo
3072 4058 3195 4105 sunt
3222 4054 3496 4118 resurgent
3521 4046 3697 4116 primi.

2123 4147 2284 4218 352
2319 4147 2518 4201 Deinde
2548 4163 2641 4200 nos
2673 4146 2761 4216 qui
2787 4145 3024 4208 vivimus,
3059 4142 3149 4213 qui
3178 4139 3372 4193 residui
3394 4153 3595 4202 sumus,
3629 4137 3694 4189 si-

2122 4236 2234 4291 mul
2292 4237 2561 4308 rapiemur
2605 4252 2723 4289 cum
2761 4233 2867 4288 illis
2917 4233 3122 4287 obviam
3158 4228 3383 4285 Domino
3438 4228 3496 4282 in
3539 4242 3699 4294 aera,

2125 4338 2173 4384 et
2196 4331 2270 4384 sic
2302 4345 2510 4400 semper
2535 4344 2654 4382 cum
2685 4327 2907 4381 Domino
2930 4325 3210 4380 erimus".

441 4427 648 4496 αὐτοῖς
699 4429 1170 4498 ἁρπαγησόμεθα
1208 4427 1277 4480 ἐν
1313 4427 1597 4498 νεφέλαις
1641 4430 1728 4496 εὶς
1788 4426 2134 4496 ἀπάντησιν
2178 4429 2284 4480 τοῦ
2319 4426 2538 4496 Κιιοίου
2571 4425 2658 4490 είς
2688 4422 2855 4492 ἀέρα,
2891 4421 2990 4475 καὶ
3038 4421 3191 4474 οὕτω
3253 4417 3513 4474 πάντοτε
3582 4415 3700 4470 σὺν

443 4527 636 4593 Κιιρίφ
663 4525 941 4595 ἐσόμεθα.

512 4614 729 4669 Τούτων
773 4611 866 4670 οὖν
902 4611 1084 4681 Χοὕτως
1129 4613 1556 4686 ἐπηγγελμένων
1603 4618 1715 4680 τοῖς
1761 4616 2016 4686 ἀγαπῶσι

2192 4612 2330 4670 Cum
2374 4611 2492 4667 haec
2541 4611 2724 4680 itaque
2781 4623 2909 4664 eum
2952 4606 3007 4661 in
3041 4604 3265 4661 modum
3295 4601 3564 4673 promissa
3591 4600 3698 4656 sint

441 4709 532 4762 τὸν
572 4709 797 4778 Κύριον,
830 4707 914 4772 τίς
949 4709 1094 4778 μόνῳ
1120 4707 1197 4779 τῷ
1237 4706 1386 4778 ῥητῷ
1441 4707 1539 4777 τῆς
1575 4707 1798 4779 Γραφῆς
1843 4724 2013 4778 προσ·

345 4847 350 4854 .
392 4875 396 4879 ῳ
440 4799 658 4868 ηλὼσας
683 4797 774 4852 τὸν
801 4797 1060 4861 νοῦν,,τδν
1083 4797 1330 4870 οὐρανὸν,
1359 4795 1454 4850 καὶ
1478 4796 1575 4867 τὴν
1602 4798 2014 4870 ἡτοιμασμένην

421 4890 553 4962 ἱἀπὸ
587 4889 887 4959 καταϐολῆς
916 4889 1122 4960 κόσμου
1153 4888 1461 4962 βασιλείαν,
1501 4889 1594 4942 καὶ
1624 4888 1723 4959 τὴν
1764 4889 1856 4942 τοῦ
1901 4891 2014 4942 Κυ-

401 4951 562 5054 ,τδρίου
622 4951 899 5052 μυστικῶς
964 4951 1457 5052 ἀποκεκρυμμένην
1512 4951 1722 5049 χαράν,
1777 4979 1870 5032 καὶ
1920 4979 2016 5050 τὴν

441 5073 663 5142 διηνεκῆ
716 5071 811 5126 καὶ
861 5070 1136 5134 παντελῶς
1180 5071 1500 5124 ἀδιάστατον
1548 5070 1642 5124 σὺν
1677 5070 1865 5140 Κυρίῳ
1911 5070 2018 5124 τῶν

442 5161 609 5226 ἀξίων
654 5162 821 5232 μονήν
865 5177 926 5214 τε
956 5161 1051 5214 καὶ
1097 5160 1324 5232 ἵδρυσιν,
1361 5161 1552 5214 ταυτόν
1585 5160 1700 5214 ποτ’
1752 5161 1818 5214 ἂν
1855 5163 1920 5232 τῇ
1947 5163 2016 5233 γῇ

444 5253 659 5322 φήσειε,
678 5252 820 5321 λόγῳ
848 5251 1185 5322 κινούμενος,
1215 5252 1309 5306 καὶ
1334 5251 1490 5320 λόγου
1519 5250 1855 5322 θεραπευτὴς
1881 5249 2017 5304 εἶναι

443 5343 648 5410 ποθῶνς
693 5343 850 5398 Ἀ).λά
881 5341 976 5396 νῦν
1000 5343 1101 5414 γῆν
1129 5343 1356 5412 φάσκειν
1383 5339 1559 5412 οἶμαι,
1579 5343 1673 5412 τὴν
1697 5342 1898 5409 παγίαν
1927 5343 2018 5396 καὶ

443 5437 722 5501 παντελῶς
776 5435 1110 5508 ἀμετάθετον
1152 5437 1225 5510 (ί)
1277 5434 1384 5489 ἀπὸ
1417 5435 1510 5489 τοῦ
1562 5433 1722 5488 καλοῦ
1772 5435 1870 5504 τῆς
1912 5435 2020 5487 τῶν

521 5557 566 5626 ³-³
595 5555 798 5626 Ephes.
829 5571 890 5620 ιι,
921 5554 1013 5626 2-1.
1034 5556 1132 5626 λθ
1163 5553 1266 5611 lsa.
1300 5571 1440 5626 vai,
1470 5556 1533 5626 2r.
1602 5555 1645 5587 ’ί
1676 5554 1864 5610 Matth.
1897 5571 1950 5610 ν.
1985 5555 2019 5611 4
2057 5595 2072 5610 .

442 5627 490 5660 ³⁸
526 5624 548 5680 1
575 5624 703 5682 Cor.
735 5643 824 5692 xv,
853 5626 956 5692 5:2;
987 5625 1225 5682 l'l'hess.
1254 5641 1327 5692 IV,
1360 5625 1447 5691 15,
1478 5625 1562 5680 16.

2117 4703 2206 4759 his
2233 4703 2325 4774 qui
2349 4703 2585 4773 diligunt
2605 4699 2919 4764 Dominum,
2954 4697 3096 4767 quis,
3124 4695 3218 4751 uni
3242 4691 3699 4764 Scripturazdicto

2119 4795 2342 4867 aﬂigens
2360 4795 2625 4856 animum,
2663 4791 2887 4854 caelum,
2912 4795 3276 4858 paratumque
3301 4799 3332 4838 a
3354 4783 3541 4838 mundi
3565 4799 3696 4837 con-

2116 4887 2401 4943 stitutione
2431 4899 2682 4954 regnum,
2719 4897 2783 4936 ae
2811 4879 3028 4936 Domini
3059 4876 3285 4949 mystice
3313 4873 3700 4928 absconditum

2116 4977 2376 5048 gaudium
2399 5016 2413 5041 ,
2465 4975 2593 5046 juge
2619 4972 2856 5042 denique
2892 4981 3231 5040 prorsusque
3253 4964 3546 5018 indivisum
3574 4979 3696 5018 cum

2121 5069 2352 5124 Domino
2399 5081 2592 5121 eorum
2630 5063 2722 5134 qui
2754 5062 2907 5133 digni
2941 5068 3106 5116 erunt
3153 5055 3578 5112 contubernium
3608 5070 3698 5109 se-

2119 5161 2347 5231 desque,
2398 5159 2543 5214 idem
2576 5172 2817 5225 unquam
2851 5155 3142 5210 dieatesse
3172 5165 3236 5205 ac
3260 5157 3432 5211 terra,
3461 5148 3505 5203 si
3535 5147 3698 5202 modo

2120 5251 2333 5306 ratione
2367 5250 2618 5314 ducatur,
2647 5263 2711 5302 ac
2738 5246 2904 5302 Verbi
2938 5243 3117 5298 cultor
3135 5256 3256 5296 esse
3284 5238 3533 5294 ambiat?
3591 5238 3698 5292 Ve-

2121 5359 2240 5397 rum
2274 5343 2379 5397 hoc
2407 5343 2528 5397 loco
2565 5350 2765 5396 ternm
2797 5350 2993 5392 vocare
3022 5333 3282 5395 arbitror,
3316 5331 3532 5384 ﬁrmum
3556 5329 3700 5384 etab

2121 5436 2341 5491 honesti
2380 5449 2606 5505 prorsus
2642 5431 2857 5486 rstione
2905 5424 3355 5483 indcmutabilem
3382 5431 3696 5477 mansueto-

2149 5557 2192 5588 ²¹
2223 5553 2412 5609 Matth.
2446 5569 2574 5618 xxn,
2605 5551 2694 5607 ⁸50.
2771 5549 2814 5581 ⁸³
2841 5546 3034 5603 Matth.
3072 5560 3194 5612 xxv,
3225 5543 3315 5598 54.
3391 5540 3435 5572 ⁸⁸
3466 5539 3599 5595 ibid.
3629 5537 3693 5592 ει

515 5743 578 5814 (Ι)
598 5744 731 5816 ,Τὴν
760 5745 982 5813 πανίαν
1015 5743 1112 5798 καὶ
1138 5745 1534 5816 ἀμετάθετον.
1565 5746 1701 5803 Male
1726 5749 1842 5804 Cat.
1881 5765 2016 5802 nava

2116 5765 2170 5813 ,v,
2215 5753 2478 5812 sanetum,
2538 5758 2658 5815 pro,
2699 5740 2939 5812 ﬁrmum,
3001 5745 3062 5793 ut
3111 5744 3168 5792 et
3227 5733 3542 5804 εὐτερφίαν,
3599 5745 3696 5801 pro

443 5814 734 5887 ἀτρεψίαν,
770 5832 891 5886 quae
908 5815 1092 5871 omnia
1120 5815 1376 5885 decoquit
1395 5817 1685 5888 interpres.
