4070 6400
418 300 421 305 ”
480 297 583 365 887

1638 305 1697 363 S.
1738 303 2029 367 MAXIMI
2060 308 2572 373 CONFESSORIS

3633 311 3741 377 888

479 420 603 462 rum
625 404 1095 477 immutabilitatis
1113 405 1364 469 habitum
1392 419 1556 478 atque
1582 408 1881 481 virtutem;
1911 416 2057 483 quod

2171 420 2385 491 πραέων
2432 417 2703 490 ἀτρεψίας
2758 418 2871 486 ἕξιν
2925 419 3021 473 καὶ
3063 418 3330 491 δύναμιν,
3375 420 3453 485 ὡς
3500 420 3589 474 ἀεὶ
3646 422 3742 478 σὺν

478 508 699 565 semper
738 508 863 549 cum
899 494 1134 550 Domino
1172 495 1284 562 sit,
1337 496 1712 569 gaudiumque
1740 500 2065 560 indeﬂciens

479 585 716 653 habeat,
773 600 839 641 ac
864 598 1096 659 regnum
1123 587 1256 644 olim
1278 598 1531 661 paratum
1555 595 1869 663 perceperit
1895 611 1911 661 ;
1948 604 2064 651 sta-

479 688 597 733 tum
637 677 879 748 denique
927 693 992 739 ac
1025 679 1316 749 ordinem,
1362 682 1457 752 qui
1488 682 1545 737 in
1571 685 1714 741 cmlo
1738 693 2063 756 praestatur,

478 772 633 831 velut
679 771 944 828 nimirum
1006 780 1212 830 terram
1261 776 1596 849 quamdam,
1654 795 1779 851 quae
1820 782 2065 838 medium

480 860 729 918 universi
766 862 935 929 situm
978 864 1239 936 (virtutis
1262 868 1477 923 scilicet
1507 869 1811 942 rationem)
1852 881 2060 945 teneat,

480 950 713 1022 adipisci
763 953 1030 1010 meruerit
1082 971 1097 1008 :

480 1052 831 1115 mansuetus,
856 1044 1077 1102 medius
1095 1045 1243 1115 inter
1260 1046 1461 1103 bonam
1483 1050 1681 1106 famam
1706 1060 1763 1107 et
1784 1051 2066 1109 infamiam

481 1134 912 1205 constitutus“,
971 1139 1273 1210 tranquillo
1318 1141 1503 1197 animo
1556 1157 1624 1198 ac
1660 1143 2066 1215 imperturbato

481 1233 831 1295 perseverat,
889 1234 951 1282 ut
975 1242 1155 1299 neque
1186 1228 1447 1286 laudibus
1470 1232 1782 1303 celebratus
1816 1234 2063 1303 inﬂetur,

480 1331 587 1373 nec
642 1316 871 1391 infamia
914 1318 1244 1390 deturpatus
1291 1331 1543 1382 matreat.
1579 1323 1685 1381 Ubi
1712 1327 1861 1381 enim
1898 1328 2064 1396 ratio,

482 1424 515 1464 ο
549 1407 758 1479 quibus
780 1425 881 1481 per
923 1421 1181 1477 naturam
1228 1414 1404 1471 libera
1424 1416 1664 1483 exsistit,
1701 1420 2064 1491 cupiditatem

474 1498 833 1567 abstraxerit,
853 1516 1048 1558 eorum
1069 1504 1374 1572 molestiam
1399 1506 1706 1579 insultuum
1737 1526 1851 1566 non
1872 1512 2063 1579 sentit,

482 1604 608 1663 quae
651 1592 806 1663 circa.
840 1590 934 1648 illa
981 1602 1217 1665 aestuare
1256 1594 1523 1664 desierit,
1589 1609 1871 1671 totamque
1896 1604 2073 1669 animi

484 1683 600 1738 vim
648 1683 718 1740 ad
747 1684 993 1753 divinam
1034 1687 1294 1761 curisque
1324 1703 1388 1745 ac
1413 1689 1547 1747 vitae.
1566 1692 1805 1763 negotiis
1826 1695 2064 1752 solutam

485 1773 799 1845 libertatem
829 1776 1136 1847 appulerit;
1162 1758 1292 1848 qua,
1319 1793 1447 1834 cum
1470 1758 1735 1838 Dominus
1765 1782 2068 1855 discipulos
2101 1758 2140 1814 Β

485 1879 617 1920 suos
647 1864 923 1937 impartiri
953 1867 1156 1933 vellet,
1198 1867 1409 1945 Tollite,
1433 1870 1637 1939 aiebat,
1671 1874 1863 1945 jugum
1893 1892 2068 1933 meum

483 1971 642 2027 super
684 1972 772 2029 vos
798 1997 814 2023 ,
875 1965 927 2012 et
946 1958 1129 2014 discite
1155 1978 1187 2015 a
1218 1977 1300 2016 me
1329 1963 1452 2034 quia
1481 1966 1620 2020 mitis
1639 1956 1757 2020 sum
1783 1976 1832 2021 et
1856 1969 2068 2024 humilis

484 2048 639 2103 corde
664 2065 687 2125 ε⁸
708 2056 760 2103 et
787 2051 1057 2109 invenietis
1085 2052 1317 2123 requiem
1349 2054 1628 2123 animabus
1648 2059 1923 2127 vestris";
1976 2075 2070 2117 re—

483 2141 671 2215 quiem
694 2142 998 2219 appellans,
1030 2143 1206 2201 divini
1236 2147 1388 2223 regni
1420 2150 1725 2219 potentiam
1744 2191 1760 2216 ,
1817 2166 1940 2223 quae
1959 2153 2072 2220 sej-

487 2231 620 2301 licet
664 2233 753 2287 his
793 2233 889 2303 qui
928 2233 1081 2306 digni
1109 2237 1222 2291 siut
1255 2237 1325 2305 ab
1353 2220 1504 2297 omni
1528 2239 1769 2297 liberum
1802 2220 2071 2301 servitute

485 2308 831 2395 dominatum
861 2323 1087 2399 tribuat.

518 2442 523 2450 -
555 2410 713 2495 Quod
744 2413 797 2473 si
817 2414 1126 2472 humilibus
1146 2431 1213 2477 ac
1233 2421 1537 2477 mansuetis
1564 2421 1892 2480 immortalis
1914 2427 2070 2498 regni

488 2505 669 2576 nullis,
699 2523 942 2579 unquam
980 2510 1160 2581 ruinis
1209 2510 1416 2568 caduca
1443 2514 1887 2588 inviolabilisque
1911 2528 2070 2591 pote-

488 2606 602 2655 stas
641 2600 1006 2674 conceditur,
1069 2604 1196 2673 quis
1248 2605 1328 2661 sic
1348 2606 1561 2663 amoris
1603 2608 1863 2666 illecebra
1899 2611 2073 2669 durus

486 2690 916 2765 divinorumque
945 2710 1189 2766 prorsus.
1216 2698 1488 2755 bonorum
1532 2700 1757 2757 fastidio
1782 2703 2070 2775 languens,

489 2791 552 2842 ut
595 2799 709 2840 non
747 2781 984 2856 prorsus
1022 2786 1354 2849 humilitatis
1385 2804 1451 2866 ac
1482 2794 1928 2850 mansuetudinis
1955 2794 2075 2854 adi-

489 2874 766 2950 piscenda:
795 2876 1075 2950 desiderio
1095 2888 1292 2951 agatur
1321 2881 1464 2953 (quo
1491 2884 1756 2940 nimirum
1787 2885 1959 2942 divini
1988 2903 2075 2945 re-

488 2964 583 3034 gni
605 2963 897 3021 character
917 2975 1083 3039 atque
1105 2968 1300 3041 ﬁgura,
1330 2981 1597 3041 quantum
1620 2973 1831 3030 homini
1849 2992 2076 3034 conces-

1150 970 1219 1010 ex
1263 957 1421 1027 cujus
1465 958 1678 1023 ratione
1716 960 1803 1015 vir
1826 962 1979 1020 mitis
2001 979 2099 1020 ac-

2167 509 2357 582 Κυρίῳ
2405 509 2777 581 ὑπάρχουσαν,
2829 509 2923 564 καὶ
2966 499 3150 581 χαρὰν
3190 509 3541 565 ἀνέκλειπτον
3586 509 3742 581 έχου-

2169 618 2288 665 σαν,
2317 600 2413 655 καὶ
2443 600 2719 672 βασιλείας
2750 599 3014 656 ἀνέκαθεν
3039 601 3452 674 ἡτοιμασμένης
3480 602 3744 673 ἐπειλημ-

2169 692 2357 763 μένην,
2405 692 2498 748 καὶ
2534 693 2631 763 τῆς
2658 694 2719 747 ὲν
2764 692 2979 765 οὐρανῷ
3023 691 3265 758 στάσεώς
3298 710 3358 747 τε
3403 692 3499 747 καὶ
3537 691 3745 758 τάξεως

2164 781 2508 855 ἠξιωμένην·
2552 779 2641 837 οἷα
2688 782 2755 854 δὴ
2808 784 2911 853 γῆν
2954 799 3076 836 τινα
3128 781 3304 854 μέσην
3356 779 3515 854 [alter
3558 782 3741 846 codex,

2167 876 2297 947 γῆν,
2327 874 2522 949 μέσην]
2545 875 2639 930 τοῦ
2669 876 2868 941 παντὸς
2895 875 3043 930 θέσιν
3072 874 3454 931 ἀπολαϐοῦσαν
3489 874 3592 943 τῆς
3621 874 3752 946 ἀρε-

2164 963 2267 1035 τῆς
2291 965 2383 1019 τὸν
2427 964 2621 1034 λόγον·
2668 964 2789 1019 καθ’
2823 964 2882 1019 δν
2917 967 3078 1037 μέσος
3108 963 3383 1036 εὐφημίας
3411 963 3507 1019 καὶ
3543 962 3749 1032 δυσφη-

2170 1053 2300 1126 μίας
2333 1054 2654 1128 ὑπάρχωτό
2682 1058 2883 1128 πρᾶος,
2907 1056 3124 1127 ἀπαθὴς
3149 1056 3415 1127 διαμένει,
3450 1054 3589 1127 μήτε
3630 1056 3750 1118 ταῖς

2166 1147 2468 1218 εὐφημίαις
2514 1145 2902 1220 [ἐπαιρόμενος
2958 1147 2993 1219 ἢ
3034 1144 3352 1219 κενοδοξῶν]
3406 1144 3749 1216 φυσώμενος,

2170 1242 2308 1312 μήτε
2351 1243 2471 1305 ταῖς
2511 1240 2848 1313 δυσφημίαις
2897 1240 3293 1309 στυγνούμενος
3334 1236 3750 1318 [lu-traditam}.

2165 1325 2268 1382 Ὧν
2320 1329 2432 1403 γάρ
2480 1330 2510 1384 6
2537 1329 2699 1399 λόγος
2745 1330 2984 1401 ὑπάρχει
3035 1326 3178 1385 κατά
3230 1325 3393 1396 φύσιν
3444 1325 3752 1395 ἐλεύθερος,

2167 1422 2483 1493 ἀποστήσας
2531 1420 2632 1492 τὴν
2681 1413 2904 1490 ἔφεσιν,
2955 1417 3162 1475 τούτων
3216 1415 3569 1488 διοχλούντων
3628 1416 3753 1477 ταῖς

2167 1510 2495 1585 προσϐολαῖς
2519 1512 2620 1565 οὐκ
2651 1509 2990 1575 αἰσθάνεται,
3029 1506 3390 1571 καταπαύσας
3416 1504 3611 1560 ἑαυτὸν
3648 1502 3753 1573 τῆς

2167 1604 2298 1676 περὶ
2359 1604 2529 1658 ταῦτα
2557 1602 2725 1676 ζάλης
2783 1603 2892 1674 (2),
2954 1601 3050 1656 καὶ
3110 1600 3243 1672 πρὸς
3299 1600 3398 1671 τὴν
3449 1598 3600 1654 θείαν
3653 1596 3754 1650 καὶ

2167 1697 2447 1768 ἄπρακτον
2480 1694 2794 1768 ἐλευθερίαν
2833 1694 2963 1765 ὃλην
3014 1693 3115 1764 τῆς
3163 1692 3343 1764 ψυχῆς
3394 1690 3753 1763 μεθορμὴσας

2166 1789 2267 1861 τὴν
2316 1788 2581 1860 δύναμιμνο
2644 1783 2713 1860 ἧς
2759 1790 2870 1851 τοῖς
2916 1786 3112 1841 ἑαυτοῦ
3160 1785 3429 1857 μαθηταῖς
3470 1783 3499 1835 6
3545 1779 3752 1852 Κύριος

2170 1877 2495 1950 μεταδοῦναι
2536 1878 2737 1943 ποθῶν,
2775 1879 3012 1944 Ἄρατε,
3045 1877 3201 1950 φησι,
3245 1874 3354 1930 τὸν
3407 1873 3586 1945 ζυγόν
3627 1888 3757 1942 μου

2164 1972 2258 2041 ἐφ’
2292 1970 2467 2040 ὑμᾶς,
2513 1968 2614 2024 καί
2650 1969 2868 2038 μάθετε
2909 1968 3010 2023 ἀπ’
3036 1967 3206 2038 ἐμοῦ,
3248 1967 3339 2022 δτι
3378 1961 3568 2035 πρᾶός
3609 1965 3755 2035 ειμι,

2168 2064 2268 2120 καί
2293 2062 2576 2130 ταπεινὸς
2613 2060 2689 2131 τῇ
2736 2060 2952 2131 καρδίᾳ
2972 2077 2986 2092 ·
3020 2059 3117 2115 καὶ
3147 2058 3438 2129 εὑρήσετε
3476 2056 3753 2113 ἀνάπαυ-

2168 2169 2277 2210 σιν
2311 2153 2441 2220 ταῖς
2493 2150 2723 2222 ψυχαῖς
2757 2150 2960 2220 ὑμῶν·
2994 2149 3301 2204 ἀνάπαυσιν
3329 2147 3524 2217 λέγων,
3554 2145 3617 2200 τδ
3653 2146 3760 2217 τῆς

2170 2245 2322 2309 θείας
2371 2243 2647 2317 βασιλείας
2689 2242 2912 2313 κράτος,
2960 2241 3038 2303 ὡς
3086 2239 3269 2310 πάσης
3322 2235 3761 2309 ἀπηλλαγμένην

2168 2336 2413 2399 δουλείας
2440 2337 2554 2397 τοῖς
2582 2334 2754 2398 ἀξίοις
2781 2330 3045 2403 ἐμποιοῦν
3071 2329 3410 2386 δεσποτείαν.
3828 2352 3831 2355 -

2241 2425 2307 2480 Εἰ
2338 2424 2395 2478 δὲ
2440 2426 2553 2488 τοῖς
2599 2425 2874 2486 ταπεινοῖς
2920 2422 3013 2476 καὶ
3062 2422 3259 2493 πράοις
3296 2418 3358 2473 τὺ
3392 2416 3759 2488 ἀκαθαίρετον

2171 2519 2272 2589 τῆς
2307 2516 2588 2588 ἀκηράτου
2625 2513 2903 2586 βασιλείας
2955 2513 3157 2568 δίδοται
3191 2506 3411 2583 κράτος,
3456 2510 3542 2573 τίς
3579 2506 3759 2579 οὕτως

2168 2609 2468 2681 ἀνέραστος
2500 2607 2594 2661 καὶ
2619 2607 2798 2677 πάντη
2836 2604 2945 2660 τῶν
2988 2604 3147 2659 θείων
3185 2602 3480 2675 ἀνόρεκτος
3506 2600 3757 2673 ἀγαθῶν,

2168 2699 2245 2763 ὡς
2284 2698 2361 2771 μὴ
2398 2697 2520 2753 κατ’
2563 2697 2733 2769 ἀκρον
2762 2694 3012 2766 ἐφίεσθαι
3040 2694 3427 2759 ταπεινώσεως
3448 2693 3546 2749 καὶ
3582 2692 3761 2764 πραό-

2169 2807 2367 2862 τητος,
2399 2789 2487 2844 ῖνα
2528 2789 2763 2861 γένηται
2794 2789 2894 2859 τῆς
2937 2787 3088 2854 θείας
3133 2786 3421 2858 χαρακτὴρ
3453 2782 3757 2857 βασιλείας,

2169 2881 2247 2945 ὠς
2292 2880 2513 2951 ἐφικτόν
2557 2881 2705 2944 εστιν
2755 2877 3060 2950 ἀνθρώπῳ,
3112 2877 3293 2950 φέρων
3329 2877 3391 2931 ὲν
3436 2875 3617 2947 ἑαυτῷ
3659 2874 3759 2935 τοῦ

2174 2970 2332 3041 φύσει
2384 2971 2504 3028 κατ’
2549 2969 2738 3024 οὐσίαν
2791 2968 2868 3033 ὡς
2926 2966 3143 3039 ἀληθῶς
3200 2965 3437 3038 μεγάλου
3491 2962 3760 3036 βασιλέως

488 3070 613 3113 sum
642 3064 747 3130 est,
778 3056 1053 3127 eﬂiciatur
1072 3059 1128 3132 ),,
1189 3061 1246 3117 in
1271 3062 1453 3134 seipse
1478 3074 1675 3122 natura
1704 3069 2072 3126 essentialiter

2176 3061 2437 3135 Χριστοῦ,
2467 3062 2611 3123 κατὰ
2633 3061 2733 3132 τὴν
2758 3060 2920 3132 χάριν
2946 3058 3362 3132 ἀπαράλλακτον
3386 3056 3486 3130 τὴν
3510 3058 3568 3112 ἐν
3593 3054 3761 3111 πνεῦ-

489 3149 679 3226 magni
697 3165 825 3205 vere
855 3151 1000 3223 regis
1022 3150 1254 3220 Christi,
1283 3156 1471 3227 gratiae
1494 3172 1746 3226 munere,
1772 3161 1922 3217 nulla
1946 3177 2074 3219 eva-

488 3238 727 3297 riatione
771 3241 1097 3313 dissimilem
1146 3246 1203 3300 in
1243 3232 1455 3318 spiritu,
1495 3248 1726 3307 formam
1754 3267 1952 3325 gerens
1980 3272 1993 3308 :
2018 3254 2074 3310 in

489 3347 620 3413 qua,
673 3330 834 3407 353
893 3334 1074 3406 inquit
1105 3334 1328 3395 divinus
1351 3342 1675 3417 Apostolus,
1719 3326 1825 3399 non
1849 3354 1927 3399 est
1954 3362 2073 3401 ma-

487 3421 662 3479 sculus
687 3431 747 3478 et.
757 3423 953 3495 femina
966 3422 1021 3475 ’⁸η
1041 3425 1144 3499 (ira
1168 3428 1380 3485 scilicet
1408 3438 1466 3486 et
1485 3430 1806 3503 cupiditas),
1835 3449 2074 3505 quarum

487 3514 643 3587 prior
693 3516 965 3573 rationem
1015 3519 1302 3590 tyrannice
1342 3521 1540 3578 eﬁ’erat
1566 3564 1581 3589 ,
1644 3531 1910 3596 extraque
1938 3526 2076 3598 legis

488 3610 701 3678 naturae
731 3617 905 3663 metas
936 3608 1180 3666 animum
1206 3612 1453 3668 extrudit
1488 3632 1502 3668 :
1539 3615 1715 3671 altera
1734 3632 1896 3696 vero,
1910 3618 2076 3674 unica

487 3699 716 3771 solaque
736 3699 1094 3758 desiderabili
1122 3718 1188 3760 ac
1209 3704 1535 3776 impassibili
1555 3722 1719 3764 causa
1742 3718 2072 3782 naturaque,

488 3806 611 3864 qua:
637 3790 706 3847 ab
728 3807 794 3848 ea
820 3794 1063 3851 secunda
1083 3805 1213 3851 sunt
1238 3796 1565 3855 amabiliora
1594 3799 1808 3868 reddit;
1841 3815 2077 3872 eamque

488 3883 561 3957 ob
583 3899 722 3955 rem,
753 3899 976 3941 carnem
1008 3887 1230 3959 spiritui
1256 3891 1566 3963 anteponit,
1598 3909 1664 3950 ac
1693 3910 1877 3950 rerum
1901 3896 2078 3955 oculis

487 3981 859 4053 subiectarum
880 3982 1128 4059 delicias,
1160 3982 1497 4061 spiritalium
1521 3985 1770 4042 claritate
1797 4002 1864 4061 ac
1888 3987 2075 4058 splen-

487 4074 657 4153 dore,‘
672 4073 1037 4153 iucundiores
1069 4074 1223 4130 ducit
1253 4091 1268 4142 ;
1325 4076 1622 4147 voluptatis
1645 4092 1842 4133 sensus
1869 4077 2079 4133 lenoci-

488 4168 586 4235 nio
633 4177 691 4222 et
733 4167 994 4246 illecebra
1019 4208 1034 4234 ,
1094 4183 1124 4222 a
1155 4167 1341 4224 divina
1370 4178 1534 4240 atque
1557 4169 1705 4226 amni
1733 4186 1918 4227 rerum
1955 4186 2078 4242 quae

489 4267 676 4325 mente
718 4258 1105 4337 intelliguntur
1151 4262 1508 4333 perceptione
1560 4278 1759 4319 arcens
1791 4264 2083 4340 animum;

488 4351 586 4423 sed
607 4350 1042 4425 singularissima
1058 4353 1219 4427 ratio,
1247 4352 1317 4411 ab
1340 4354 1460 4427 ipso
1477 4371 1699 4427 quoque
1723 4371 1936 4412 summe
1952 4355 2075 4429 qui-

2180 3174 2311 3230 ματι
2353 3156 2672 3228 μόρφωσιν;
2725 3157 2783 3209 ὲν
2824 3148 2896 3229 ᾖ,
2935 3155 3100 3225 φησὶν
3147 3154 3177 3208 6
3221 3151 3364 3217 θεῖος
3411 3150 3758 3214 ’Δπόστολος,

2174 3252 2287 3305 οὐκ
2327 3249 2498 3304 ἐστιν
2534 3247 2718 3319 ἆρῤεν
2758 3245 2859 3302 καί
2913 3244 3105 3316 θῆλυ·
3149 3243 3416 3309 τουτέστι,
3454 3242 3626 3316 θυμὸς
3660 3241 3760 3297 καὶ

2174 3341 2441 3413 ἐπιθυμία
2460 3356 2474 3370 ·
2505 3343 2534 3394 6
2569 3341 2668 3413 μὲν
2696 3338 3038 3411 τυραννικῶς
3067 3338 3317 3409 ἐκφέρων
3350 3337 3443 3391 τὸν
3470 3335 3756 3406 λογισμὸν,

2176 3437 2269 3488 καὶ
2300 3431 2392 3488 τοῦ
2424 3432 2590 3504 νόμου
2623 3435 2723 3504 τῆς
2772 3430 2988 3501 φύσεως
3014 3429 3119 3498 ἔξω
3152 3430 3475 3501 ποιοὺμενος
3499 3427 3600 3500 τὴν
3637 3426 3758 3484 διά-

2173 3539 2358 3579 νοιανο
2413 3522 2562 3597 ἠδὲ,
2613 3521 2717 3594 τῆς
2772 3522 2903 3593 μιᾶς
2949 3521 3044 3577 καὶ
3096 3522 3263 3593 μόνης
3319 3520 3518 3591 ὲφετῆς
3559 3534 3621 3573 τε
3658 3517 3796 3573 καὶ.

2176 3615 2422 3680 ἀπαθοῦς
2453 3614 2628 3680 αἰτίας
2654 3616 2746 3669 καὶ
2775 3612 2990 3685 φύσεως
3016 3613 3312 3686 ποιουμένη
3333 3613 3400 3668 τά
3441 3613 3559 3685 μετ’
3586 3610 3758 3682 αὐτὴν

2175 3708 2580 3783 έρασμιώτερα,
2608 3709 2703 3764 καὶ
2730 3708 2820 3763 διὰ
2838 3707 2997 3762 τοῦτο
3014 3708 3115 3781 τὴν
3144 3707 3324 3780 σάρκα
3351 3704 3759 3779 προτιμοτέραν

2175 3801 2433 3874 τιθεμένη
2475 3800 2571 3856 τοῦ
2615 3799 2962 3872 πνεύματος·
3008 3800 3103 3856 καὶ
3140 3800 3240 3869 τῆς
3268 3796 3570 3870 νοουμένων
3597 3795 3758 3869 δόξης

2176 3915 2236 3953 τε
2266 3899 2361 3952 καὶ
2390 3894 2774 3968 λαμπρότητος
2808 3893 3269 3965 ὲπιτερπεστέραν
3291 3888 3633 3962 ἐργαζομένη
3657 3889 3758 3961 τὴν

2176 3990 2284 4045 τῶν
2328 3988 2670 4060 φαινομένων
2716 3986 3050 4042 ἀπόλαυσιν·
3079 3982 3158 4056 τῷ
3194 3983 3315 4039 κατ’
3343 3981 3594 4054 αἴσθησιν
3627 3981 3758 4052 λείῳ

2176 4081 2279 4152 τῆς
2326 4080 2552 4152 ἡδονῆς,
2605 4079 2949 4152 ἀπείργουσα
2999 4076 3091 4132 τὸν
3150 4075 3274 4131 νοῦν
3324 4075 3425 4145 τῆς
3468 4074 3622 4138 θείας
3661 4073 3759 4128 καὶ

2180 4172 2475 4244 συγγενοῦς
2527 4171 2636 4226 τῶν
2682 4170 2888 4242 νοητῶν
2938 4167 3273 4240 ἀντιλήψεως
3291 4182 3306 4197 °
3350 4165 3464 4223 ἀλλ’
3510 4162 3545 4235 ἢ
3596 4161 3757 4231 λόγος

2181 4264 2510 4339 μονώτατος,
2541 4263 2637 4318 καὶ
2672 4260 2845 4333 αὐτῆς
2894 4263 2974 4323 είς
3018 4258 3189 4333 ἄκρον
3220 4259 3320 4329 τῆς
3359 4254 3601 4320 ἀπαθοῦς
3634 4253 3754 4325 μὲν,

2180 4355 2419 4436 φυσικῆς
2450 4355 2509 4410 δὲ
2555 4356 2706 4422 ὅμως
2751 4351 2847 4406 τοῦ
2888 4351 3140 4424 σώματος
3188 4350 3255 4404 δι’
3288 4347 3490 4421 ἀρετῆς
3535 4362 3757 4418 περιου-

488 4440 614 4497 dem
638 4458 671 4498 a
688 4442 924 4498 libidine
943 4460 1105 4514 puro,
1126 4445 1365 4501 naturali
1390 4455 1596 4512 tamen,
1618 4449 1870 4519 corporis
1885 4465 2071 4505 amore

2176 4451 2296 4506 σίαν
2323 4449 2699 4522 γυμνούμενος
2747 4445 2983 4518 στοργῆς
3011 4443 3107 4500 καὶ
3142 4443 3454 4507 διαθέσεως,
3494 4440 3754 4502 νικῶντος

488 4545 654 4612 atque
692 4533 863 4613 animi
904 4534 1198 4597 all‘ectione
1223 4579 1238 4604 ,
1297 4536 1370 4607 ob
1407 4537 1635 4613 virtutis
1671 4540 2067 4596 abundantiam

490 4626 728 4694 nudata;
787 4643 862 4703 ea.
879 4625 1093 4685 scilicet
1120 4628 1335 4701 ratione
1357 4671 1372 4697 ,
1423 4630 1571 4701 quod
1600 4630 1830 4702 spiritus
1862 4640 2076 4690 natura:

492 4720 668 4783 vietor
698 4719 939 4791 perfecte
964 4721 1223 4786 exsistat,
1282 4734 1347 4777 ae
1376 4736 1417 4797 οἳ
1433 4722 1628 4787 morali
1655 4724 1926 4793 tantisper
1953 4721 2078 4792 phi-

492 4808 751 4879 losophia.
774 4809 1031 4883 inducias
1054 4809 1262 4865 indicat
1284 4852 1299 4876 ,
1358 4810 1490 4866 dum
1522 4811 1790 4867 hactenus
1817 4826 1917 4883 per
1945 4812 2077 4868 sim-

492 4900 691 4972 plicem
723 4900 1124 4978 indivisamque
1148 4902 1688 4972 contemplationem,
1722 4918 1848 4959 cum
1879 4918 2074 4974 super-

489 4991 781 5059 essentiali,
805 4993 1016 5048 ratione
1046 4993 1337 5064 Verboque
1362 5003 1424 5049 ut
1448 4992 1867 5065 congrediatur,
1902 4992 2074 5050 menti

491 5083 795 5161 incumbit;
832 5086 1050 5141 tametsi
1082 5086 1175 5143 illa
1203 5086 1354 5144 utilis
1383 5094 1577 5157 suopte
1600 5086 1761 5157 genio
1778 5095 1883 5153 est,
1917 5086 1985 5142 ad
2008 5102 2072 5142 ea

489 5192 613 5246 qua:
663 5176 1040 5248 temperaliter
1086 5178 1266 5235 ﬂuunt
1318 5178 1479 5234 facile
1522 5178 1759 5236 secanda
1799 5194 1865 5235 ac
1893 5187 2069 5236 trans-

2175 4542 2398 4607 τελείως
2444 4540 2545 4614 τὴν
2587 4539 2750 4609 φύσιν
2785 4538 2883 4593 τοῦ
2923 4536 3255 4607 πνεύματος,
3283 4535 3380 4590 καὶ
3422 4533 3525 4604 τῆς
3556 4530 3755 4603 ἠθικῆς

2178 4632 2458 4698 πείθοντος
2506 4631 2765 4704 σχολάσαι
2820 4628 3155 4701 φιλοσοφίας,
3190 4627 3351 4699 ἡνίκα
3399 4624 3754 4695 συγγίνεσθαι

2174 4722 2284 4778 δέοι
2326 4722 2407 4795 τῷ
2467 4722 2777 4795 ὑπερουσίῳ
2822 4720 2967 4793 λόγῳ
3021 4719 3089 4774 δι’
3134 4717 3311 4788 ἁπλῆς
3360 4715 3453 4770 καὶ
3514 4709 3755 4785 ἀμεροῦς

2177 4811 2434 4887 θεωρίας,
2485 4814 2577 4868 τὸν
2626 4812 2784 4868 νοῦνο
2827 4811 2932 4866 κᾶν
2971 4808 3242 4864 συντελεῖν
3284 4806 3432 4878 αὐτῷ
3485 4804 3751 4874 πέφυκεν,

2175 4906 2255 4968 είς
2293 4904 2482 4978 ῥᾳδίαν
2509 4903 2923 4978 τῶν·χρονικῶς
2952 4901 3183 4973 ῥεόντων
3221 4898 3394 4971 τομὴν
3432 4896 3528 4951 καὶ
3568 4894 3753 4950 διάὄα·

2178 5012 2296 5050 σινσ
2341 4990 2418 5052 ὧν
2456 4998 2837 5058 διαδαθέντων.
2862 4996 2965 5050 οὐκ
2988 4992 3210 5063 εὔλογον
3236 4989 3618 5063 ὲπιϐαρεῖσθαι
3657 5005 3753 5043 κατ

2175 5093 2354 5165 θάπερ
2398 5093 2619 5164 μηλωτῇ
2658 5090 2738 5165 τῷ
2779 5090 2900 5146 κατ’
2942 5085 3074 5162 ἦθος
3118 5089 3327 5162 τρόπῳ,
3378 5085 3471 5139 τὸν
3506 5086 3753 5154 ἀποφανο

2175 5180 2337 5237 θέντα
2365 5184 2478 5247 τοῖς
2505 5180 2782 5251 αἰσθητοῖς
2814 5181 3210 5250 ἀκατάσχετον.

492 5266 807 5337 mittenda;
864 5270 1068 5341 quibus
1112 5271 1444 5343 transmissis
1476 5285 1541 5326 ac
1564 5271 1872 5343 superatis,
1925 5270 2074 5327 haud
2110 5289 2244 5330 sane
2282 5288 2500 5345 aequum
2525 5314 2541 5339 ,
2607 5281 2689 5341 ut,
2719 5274 2815 5346 qui
2871 5272 3166 5345 sensilibus
3228 5270 3576 5342 terrenisque
3613 5266 3752 5323 liber

490 5360 809 5427 excesserit,
861 5364 1055 5420 morali
1083 5364 1342 5435 deinceps
1370 5367 1762 5432 exercitatione
1812 5376 2069 5437 tanquam
2108 5369 2309 5443 melote
2332 5378 2611 5442 gravetur.

560 5452 809 5525 Itemque
863 5456 1009 5512 clare
1060 5473 1288 5529 magnus
1322 5457 1471 5514 Elias
1512 5457 1831 5525 declarat",
1868 5470 2072 5531 myste-

495 5546 639 5606 rium
665 5547 773 5603 hoc
798 5546 1028 5619 ﬁgurate
1051 5548 1193 5604 facto
1215 5564 1317 5606 suo
1339 5548 1666 5619 ostendens;
1698 5552 1790 5622 qui
1814 5552 2072 5609 melotcm

2251 5463 2361 5537 Kal.
2383 5462 2535 5535 δηλοῖ
2578 5463 2736 5517 τοῦτο
2801 5461 2988 5533 σαφῶς
3044 5459 3228 5524 Ἠλίας
3265 5459 3294 5514 6
3351 5456 3546 5530 μέγας,
3583 5454 3651 5509 δι’
3678 5446 3753 5508 ὧν

2179 5554 2419 5626 ἐπραττι
2448 5554 2695 5613 τυπικῶς
2739 5554 2897 5609 τοῦτο
2921 5550 3287 5630 παραδεικνὺς
3315 5552 3375 5607 ab
3411 5552 3709 5625 μυστήριον
3731 5562 3748 5595 π

561 5723 608 5757 ³⁸
630 5722 676 5778 ll
700 5712 829 5779 Ger.
861 5740 933 5791 vi,
967 5723 1021 5779 8.
1097 5724 1139 5755 ’τ
1172 5722 1362 5780 Matth.
1397 5740 1467 5789 ιιι,
1498 5725 1586 5780 ‘29.
1664 5722 1708 5759 ’⁸
1738 5724 1911 5793 Galat.
1945 5725 2072 5792 m,‘i

2216 5728 2260 5761 "
2290 5726 2353 5803 l_\'_
2383 5727 2514 5799 ltcg.
2557 5743 2613 5787 It.
2654 5727 2735 5789 ll.
