4070 6412
443 337 552 400 ὶ89

1435 336 1842 400 ΕΧΡΟΒῙΤΙΟ
1880 336 2297 397 ORATIONIS
2335 333 2749 396 DOil‘IiNlC/E.

3595 321 3708 386 890

442 455 548 522 -ιὴν
570 451 668 521 μὶν
703 450 978 523 μηλωτὴν,
1013 453 1156 523 φημί
1176 451 1234 506 δὲ
1257 453 1356 523 τῆς
1388 453 1586 525 σαρκὸς
1607 454 1704 525 τὴν
1736 454 2022 524 νέκρωσιν,

2136 451 2351 522 quidem
2413 448 2633 521 (carnis
2675 445 2885 502 scilicet
2935 439 3412 498 mortiﬁcationem
3438 477 3452 503 ,
3512 436 3569 490 in
3603 451 3712 506 qua

446 537 570 618 ἐνῇ
615 543 678 596 τὸ
719 545 1130 614 μεγαλοπρεπὲς
1170 546 1388 616 πέπηγε
1442 547 1542 616 τῆς
1582 547 1779 619 ἠθικῆς
1814 549 2031 620 κοσμιό-

454 652 632 706 τητος,
667 636 815 714 κατὰ,
835 635 932 706 τὴν
959 636 1218 706 ἁρπαγὴν
1259 637 1558 706 Ἐλισσαίῳ
1579 639 1752 704 διδοὺς
1781 641 1860 706 εἰς
1891 659 2030 710 συμο

454 724 652 792 μαχίαν
734 723 829 777 τοῦ
884 727 1192 796 πνεύματος
1234 727 1377 781 κατά
1417 729 1598 799 πάσης
1641 730 2022 802 ἀντικειμένης

453 815 752 886 δυνάμεως,
797 817 892 869 καὶ
936 817 1152 888 πληγὴν
1202 820 1296 891 τῆς
1357 821 1592 877 ἀστάτου
1648 825 1740 876 καὶ
1797 823 2031 894 ῥεούσης

452 907 667 1010 pudico;
688 925 702 940 °
831 909 1001 1010 τὺπρς
1035 910 1278 982 ὑπῆρχεν
1299 914 1326 970 ό
1366 915 1672 985 ἰωρδάνης,
1706 917 1840 987 πρὸς
1865 917 1925 970 τὺ
1955 915 2030 988 μὴ

455 999 709 1068 σχεθῆναι
738 1000 831 1053 τὸν
865 1000 1112 1073 μαθητὴν
1156 1005 1255 1072 τῆς
1283 1003 1418 1075 πρὸς
1443 1006 1541 1075 τὴν
1569 1008 1732 1076 ἁγίαν
1758 1008 1861 1078 γῆν
1910 1009 2029 1061 δια-

454 1091 686 1155 ϐάσεως,
735 1090 815 1163 τῷ
850 1092 1054 1166 θολερῷ
1081 1113 1138 1148 τε
1160 1097 1252 1150 καὶ
1283 1098 1550 1170 ὀλισθηρῷ
1597 1101 2030 1168 περικλυσθέντα

455 1183 554 1252 τῆς
579 1181 687 1237 τῶν
715 1184 914 1239 ὑλικῶν
949 1189 1324 1258 προσπαθείας
1343 1207 1356 1221 ·
1414 1193 1573 1256 αὐτὸς
1601 1194 1656 1246 δὲ
1680 1192 1872 1263 χωρῶν
1897 1195 2031 1263 πρὸς

455 1276 546 1328 τὸν
601 1275 734 1329 Θεὸν
781 1277 987 1341 ἄνετος,
1033 1280 1212 1334 οὐδενὶ
1242 1282 1348 1335 τῶν
1376 1282 1546 1337 ὄντων
1580 1284 1860 1348 παντελῶς
1889 1287 2032 1338 κατά

456 1369 557 1442 τὴν
589 1369 773 1440 σχέσιν
805 1371 1198 1442 κρατούμενος,
1235 1373 1440 1438 ἁπλοῦς
1477 1392 1536 1427 τε
1576 1375 1674 1445 τὴν
1719 1375 1903 1444 ἔφεσιν
1938 1376 2033 1429 καὶ

457 1458 552 1528 τὴν
580 1459 804 1528 γνώμην
833 1461 1146 1529 ἀσύνθετος,
1187 1463 1324 1534 πρὸς
1367 1463 1458 1518 τὸν
1506 1464 1711 1521 ἁπλοῦν
1741 1469 1808 1536 τῇ
1849 1465 2030 1536 φύσει,

456 1549 542 1603 διά
594 1551 703 1604 τῶν
739 1552 1083 1624 ἀλληλούχων
1132 1555 1368 1624 γενικῶν
1418 1558 1650 1626 ἀρετῶν,
1717 1560 2032 1627 γνωστικῶς

457 1641 710 1712 ἀλλήλαις
725 1645 1140 1715 συνῃρημένων,
1175 1647 1248 1711 ὡς
1283 1648 1465 1702 ἵππων
1497 1651 1737 1720 πυρίνων
1765 1649 1860 1720 τὴν
1883 1649 2034 1720 ἐνδη-

458 1732 588 1804 μίαν
646 1733 988 1806 ποιούμενος.
1041 1739 1224 1806 Ἔγνω
1268 1739 1376 1811 γὰρ
1419 1743 1514 1794 ’ὅτι
1561 1742 1642 1794 δεῖ
1672 1741 1748 1810 τῷ
1775 1740 2029 1810 ,Χριστοῦ

459 1823 673 1897 μαθητῇ
721 1824 844 1898 [Fr.
887 1829 1119 1898 alterque
1166 1831 1296 1898 Reg.
1343 1833 1432 1884 τὸν
1485 1833 1721 1904 Χριστοῦ
1759 1833 2031 1906 μαθητὴν]

455 1915 815 1984 ἀπογενέσθαι
842 1918 941 1982 τὰς
969 1919 1189 1985 ἀνίσους
1226 1921 1495 1987 διαθέσεις
1541 1925 1639 1994 (ὅ),
1679 1918 1752 1977 ὧν
1784 1927 1816 1996 ή
1846 1926 2036 1990 διαφο-

458 2006 620 2076 ρότης
644 2007 856 2078 ἐλέγχει
890 2010 988 2080 τὴν
1013 2010 1368 2084 ἀλλοτρίωσιν
1392 2030 1405 2044 °
1455 2016 1614 2087 εἴπερ
1647 2016 1890 2086 διάχυσιν
1935 2016 2036 2087 μὲν

457 2100 550 2148 τοῦ
575 2099 703 2168 περὶ
737 2099 964 2169 καρδίαν
989 2101 1222 2172 αἵματος
1253 2103 1315 2156 τὺ
1353 2107 1473 2159 κατ’
1499 2105 1796 2176 ἐπιθυμίαν
1828 2108 2000 2171 πάθος
2019 2125 2033 2139 ⁸

456 2185 688 2257 αἵματος
732 2187 790 2240 δὲ
839 2187 1006 2252 ζέσιν.
1069 2192 1386 2263 κινούμενον
1441 2196 1631 2264 σαφῶς
1688 2197 1750 2250 τὸ
1806 2197 2037 2269 θυμικὸν

458 2277 864 2347 ἀπεργάζεται·
925 2280 1017 2334 καὶ
1069 2282 1282 2349 φθάσας
1339 2279 1428 2340 οἶα
1474 2286 1537 2356 δὴ
1590 2287 1697 2352 ζῶν
1728 2290 1786 2341 ἐν
1817 2289 2038 2359 Χριστῷ

460 2367 555 2421 καὶ
574 2371 893 2440 κινούμενος
927 2372 1022 2425 καὶ
1051 2371 1146 2440 ὢν,
1185 2376 1377 2429 ἑαυτοῦ
1400 2377 1496 2448 τὴν
1528 2379 1634 2430 τῶν
1657 2379 1855 2433 ἀνίσων
1885 2380 2040 2435 ἀλλό-

457 2477 614 2551 κοτον
637 2459 796 2551 [alter
821 2463 1004 2528 codex,
1033 2466 1128 2518 καῖ⁹
1159 2465 1484 2542 ἀλλοκότων]
1517 2470 1751 2524 ἀπέθετο
1780 2472 1994 2540 γένεσιν
2020 2489 2034 2504 ⁸

461 2550 537 2623 μὴ
562 2550 744 2622 φέρων
783 2553 840 2605 ὲν
875 2555 1051 2626 ἐαυτῷ
1095 2557 1346 2631 καθάπερ
1395 2561 1563 2632 ἄρρεν
1589 2562 1683 2615 καὶ
1726 2563 1877 2634 θῆλυ,
1938 2565 2038 2630 τὰς

459 2643 727 2708 ἐναντίας.
781 2645 858 2710 ὡς
913 2645 1069 2718 ἔφην,
1108 2649 1315 2704 τούτων
1348 2651 1457 2706 τῶν
1501 2654 1689 2708 παθῶν
1729 2655 2034 2721 διαθέσεις*

460 2733 550 2788 ἵνα
581 2734 654 2807 μὴ
681 2735 920 2808 δουλωθῇ
957 2739 1168 2803 τούτοις
1213 2745 1240 2795 ὁ
1270 2743 1447 2812 λόγος,
1501 2749 1621 2810 ταῖς
1656 2748 1836 2802 αὑτῶν
1865 2748 2032 2802 ἀστά-

457 2842 571 2889 τοις
618 2825 943 2895 μεταϐολαῖς
1000 2829 1400 2902 ἀλλοιούμενος,
1533 2835 1777 2903 φυσικῶς
1830 2837 1890 2891 τὸ
1936 2837 2038 2908 τῆς

458 2915 609 2978 θείας
645 2917 853 2980 εἰκόνος
901 2919 1239 2992 ἐγκέκραται
1276 2925 1460 2988 σέϐας,
1488 2927 1674 2981 πεῖθον
1731 2930 1831 2999 τὴν
1859 2929 2037 3002 ψυχὴν

460 3007 911 3080 μεταπλασθῆναι
946 2987 1100 3066 κατά
1147 3016 1246 3086 τὴν
1298 3016 1523 3089 γνώμην
1561 3020 1698 3091 πρὸς
1759 2987 2038 3094 τῖὴνθείοίν

457 3098 739 3202 ὁμοίωσιν,
766 3101 1134 3202 καλ-γενέσθαι
1151 3109 1249 3178 τῆς
1269 3112 1742 3182 συνυφισταμένης
1767 3115 2037 3181 ούσιωδῶς

455 3190 536 3262 τῷ
563 3190 680 3263 Θεῷ
707 3194 802 3247 καὶ
837 3194 1016 3267 Πατρὶ
1049 3197 1158 3250 τῶν
1184 3198 1322 3253 ὅλων
1353 3202 1595 3274 μεγάλης
1634 3203 1933 3274 βασιλείας,
1959 3207 2036 3273 ὼς

457 3282 773 3356 Πνεῦματος
835 3286 990 3354 ἁγίου
1030 3290 1291 3360 παμφαὲς
1328 3293 1666 3365 οἰκητήριον,
1713 3297 1843 3365 ὅλην
1881 3300 2035 3370 δεχό-

460 3393 641 3447 μενον,
683 3379 731 3431 εί
792 3379 951 3449 θέμις
1001 3383 1195 3447 εἰπεῖν,
1231 3383 1332 3454 τῆς
1367 3385 1518 3450 θείας
1567 3388 1780 3458 φύσεως
1810 3392 1950 3445 κατὰ
1976 3393 2039 3447 τὸ

459 3466 704 3532 δυνατὸν,
741 3469 842 3543 τὴν
877 3471 1127 3536 ἐξουσίαν
1172 3473 1273 3544 τῆς
1302 3475 1555 3544 γνώσεως
1576 3494 1590 3508 ο
1621 3479 1745 3533 καθ’
1773 3482 1838 3553 ἣν
1868 3484 1900 3554 ή
1937 3484 2036 3554 μὲν

459 3557 567 3612 τῶν
614 3561 876 3632 χειρόνων
904 3563 1280 3632 ἀπογίνεσθαι,
1334 3567 1442 3622 τῶν
1471 3569 1526 3621 δὲ
1556 3574 1882 3640 κρειττόνων
1911 3576 2036 3644 ὑφί·

467 3649 693 3712 quaeat
723 3653 931 3724 πέφυκε
970 3657 1204 3724 γένεσις,
1246 3655 1340 3712 ἶσα
1385 3661 1504 3733 Θεῷ
1559 3663 1657 3734 τῆς
1680 3665 1859 3736 ψυχῆς
1896 3668 2038 3722 κατά

467 3738 565 3832 τήν
595 3742 753 3815 χάριν
773 3745 870 3817 τῆς
891 3747 1136 3820 κλήσεως
1156 3751 1352 3805 ἄσυλον
1381 3753 1758 3828 φυλαττούσης
1788 3759 1845 3811 ὲν
1870 3761 2034 3832 ἑαυτῇ
2056 3765 2071 3790 ί

463 3831 568 3888 τῶν
594 3832 942 3907 δωρηθέντων
989 3841 1171 3894 καλῶν
1199 3842 1299 3915 τὴν
1331 3844 1624 3900 ὑπόστασιν
1644 3865 1659 3879 ο
1692 3848 1812 3901 καθ’
1843 3850 1911 3922 ἦν
1946 3831 2036 3904 ἀεῖ

459 3923 629 3979 θέλων
682 3927 918 3998 Χριστὸς
975 3931 1229 3999 γεννᾶται
1263 3935 1566 4004 μυστικῶς,
1598 3937 1688 3992 διά
1727 3938 1835 3992 τῶν
1867 3940 2036 4005 σωξοο

458 4015 638 4088 μένων
663 4019 1066 4091 σαρκούμενος’
1105 4024 1198 4078 καὶ
1231 4027 1443 4097 μητέρα
1473 4027 1757 4100 παρθένων
1786 4031 2035 4104 ἀπεργα-

452 4105 682 4178 ζόμενος
705 4109 804 4180 τὴν
831 4113 1106 4180 γεννῶσαν
1127 4113 1327 4186 ψυχὴν,
1360 4117 1460 4170 οὑκ
1493 4119 1745 4190 ἔχουσαν,
1799 4124 1884 4177 ἵνα
1915 4144 2038 4179 συν-

451 4199 595 4256 ελὼν
655 4200 817 4268 ετπω,
885 4205 1027 4259 κατά
1077 4206 1177 4274 τὴν
1241 4209 1446 4279 σχέσιν,
1501 4211 1688 4285 ὥσπερ
1729 4215 1894 4287 ἄρρεν
1944 4219 2036 4273 καὶ

449 4292 611 4397 θήλυ,
674 4293 745 4348 τά
787 4297 1144 4370 γνωρίσματα
1190 4299 1289 4371 τῆς
1345 4301 1450 4356 ὑπὸ
1473 4303 1678 4376 φθορὰν
1697 4309 1790 4362 καὶ
1820 4311 2037 4379 γένεσιν

449 4399 524 4452 φιν
533 4400 691 4448 σεως.

2131 543 2353 598 moralis
2390 541 2696 597 honestatis
2750 538 2854 592 lixa
2883 535 3282 607 magnilicentia
3310 530 3431 598 est)
3489 527 3712 583 interim

2132 636 2264 692 dum
2297 642 2584 705 raperetur
2636 633 2832 688 Elisaeo
2864 628 3080 684 dederit
3104 667 3119 693 ,
3181 624 3461 695 suppetias
3495 619 3713 692 spiritui

2133 729 2377 784 futuram
2438 734 2631 781 contra
2679 737 2896 778 onmem
2948 717 3314 774 adversariam
3361 724 3710 785 potestatein,

2130 835 2197 876 ac
2238 836 2348 890 qua
2391 818 2650 873 instabile
2679 815 2995 883 ﬂuxumque
3019 813 3352 866 elementum
3379 813 3712 876 percuteret,

2132 911 2288 981 cujus
2314 918 2432 965 erat
2461 908 2720 965 Jordanis
2747 906 2917 976 ﬁgura
2943 921 2959 970 ;
3017 918 3088 956 ne
3118 900 3327 955 scilicet
3371 905 3714 951 terrenarum

2133 1019 2318 1056 rerum
2342 1001 2561 1056 turbida
2610 1009 2775 1069 atque
2790 996 3000 1051 lubrica
3017 993 3256 1057 affectio,
3279 990 3538 1043 obrutum
3555 985 3720 1039 disci—

2123 1097 2324 1166 pulum
2359 1093 2594 1148 transitu
2625 1091 2693 1146 ad
2723 1099 2922 1144 terram
2947 1094 3190 1143 sanctam
3218 1081 3573 1153 prohiberet;
3604 1077 3716 1146 ipse

2131 1201 2266 1240 vero
2287 1185 2427 1239 liber
2446 1193 2610 1254 atque
2632 1181 2842 1236 solutus
2858 1178 2926 1232 ad
2947 1179 3116 1232 Deum
3139 1169 3538 1243 commigravit,
3555 1183 3718 1238 quem

2131 1277 2362 1333 libidine
2375 1276 2663 1330 subactum
2678 1273 2827 1327 nulla
2843 1283 3069 1341 prorsus
3086 1283 3172 1322 res
3187 1266 3488 1328 detineret;
3505 1261 3722 1316 deside-

2132 1370 2216 1424 rio
2237 1369 2486 1439 simplex,
2511 1365 2676 1421 animi
2699 1364 2978 1418 voluntate
3005 1375 3115 1413 non
3137 1355 3494 1426 compositus,
3509 1353 3575 1406 ad
3595 1366 3722 1405 cum

2133 1461 2228 1532 qui
2256 1469 2454 1515 natura
2485 1457 2715 1527 simplex
2741 1462 2846 1517 est,
2885 1468 2984 1522 per
3017 1457 3302 1506 consertas
3332 1444 3438 1500 sibi
3483 1442 3722 1497 invicem

2133 1550 2414 1622 generales
2439 1543 2695 1607 virtutes,
2721 1543 3007 1615 igneorum
3030 1551 3299 1608 equorum
3324 1549 3476 1589 more
3501 1532 3721 1600 sapien-

2136 1651 2218 1697 ter
2236 1643 2576 1712 eonjugatas,
2606 1639 2712 1693 iter
2737 1633 3098 1690 contendens.
3124 1625 3525 1685 Noverateuim
3543 1637 3724 1691 opera:

2134 1734 2371 1806 pretium
2388 1749 2530 1796 esse,
2545 1742 2606 1786 ut
2621 1729 2826 1786 Christi
2843 1725 3116 1795 discipulo
3137 1721 3407 1777 decedant
3429 1715 3724 1784 inceqiiales

2136 1826 2386 1891 all‘eetus,
2409 1838 2642 1894 quorum
2661 1819 2953 1875 diversitas
2977 1816 3188 1870 alienos
3203 1828 3299 1867 eos
3314 1825 3435 1865 esse
3453 1805 3720 1862 ostendit;

2137 1915 2412 1986 siquidem
2447 1913 2528 1969 sic
2560 1919 2937 1981 comparatum
2963 1915 3049 1960 est
3073 1945 3088 1970 ,
3150 1914 3211 1958 ut
3259 1899 3575 1970 cupiditatis
3597 1897 3723 1966 qui-

2136 2009 2261 2064 dem
2287 2007 2505 2063 all‘ectio
2538 2003 2889 2059 diﬂ‘usionem
2914 1997 3198 2069 sanguinis
3225 1993 3388 2064 354
3416 1992 3564 2046 circa
3601 2005 3717 2054 cor,

2135 2102 2358 2157 incitata
2378 2113 2509 2154 vero
2532 2099 2627 2152 irae
2665 2096 2746 2151 vis
2772 2092 3056 2163 sanguinis
3076 2087 3463 2144 ebullitionein
3494 2093 3689 2139 iustum
3707 2113 3722 2122 -

2137 2211 2246 2266 que
2267 2193 2508 2256 ellieiat;
2567 2205 2630 2244 ac
2661 2188 2755 2258 qui
2786 2202 2910 2241 cum
2933 2186 3046 2256 jam
3074 2181 3435 2253 pervenisset,
3467 2188 3723 2245 tanquam

2139 2287 2235 2358 qui
2283 2287 2339 2340 in
2381 2283 2602 2339 Christo
2644 2280 2857 2335 viveret
2917 2285 2973 2331 et
3012 2282 3331 2328 moveretur
3396 2278 3454 2323 et
3491 2265 3722 2327 esset”,

2135 2395 2168 2433 a
2213 2393 2273 2432 se
2316 2377 2434 2446 ipse
2489 2374 2724 2428 alienam
2776 2377 2940 2438 atque
2981 2366 3246 2420 absonam
3291 2357 3724 2430 inrequalitatuin

2137 2469 2552 2541 generationem
2591 2461 2888 2534 abjccerit;
2927 2474 3037 2513 non
3070 2456 3253 2512 ferens
3284 2455 3339 2508 in
3368 2451 3574 2520 seipso,
3605 2462 3724 2501 ma-

2140 2559 2282 2616 sculi
2325 2559 2502 2613 instar
2551 2569 2615 2610 ac
2655 2553 2910 2617 feminae,
2975 2547 3302 2611 contrarias,
3344 2543 3426 2598 uti
3453 2540 3725 2604 dicebam,

2139 2654 2407 2709 horumce
2445 2648 2742 2703 alIcctuum
2787 2631 3221 2712 dispositiones;
3274 2651 3345 2690 ne
3381 2633 3594 2688 scilicet
3639 2631 3727 2683 iu-

2139 2743 2434 2803 stabilibus
2480 2754 2672 2795 eorum
2720 2733 3118 2792 mutationibus
3179 2729 3343 2784 aliam
3375 2734 3538 2795 atque
3563 2723 3726 2778 aliam

2141 2837 2380 2894 induens
2423 2833 2564 2888 ratio
2615 2830 2725 2884 illis
2766 2827 3214 2896 manciparetur,
3274 2820 3362 2875 eui
3395 2815 3725 2873 naturaliter

2140 2929 2343 2985 divinae
2385 2923 2641 2994 imaginis
2693 2919 2883 2974 radius
2923 2915 3247 2972 eommistus
3273 2914 3380 2977 sit;
3438 2909 3532 2980 qui
3564 2908 3727 2978 plane

2142 3029 2340 3077 auctor
2367 3018 2472 3082 sit,
2531 3026 2594 3070 ut
2633 3013 2817 3068 ani-ma
2863 3005 3166 3064 voluntatis
3189 3003 3478 3076 proposito
3505 3002 3560 3054 in
3584 2999 3726 3054 divi-

2145 3129 2272 3170 nam
2299 3111 2784 3166 translorinaretur
2809 3100 3251 3162 similitudinem,
3301 3097 3552 3166 ejusque,
3582 3090 3728 3162 quod

2142 3210 2255 3266 Deo
2282 3223 2346 3262 ac
2367 3205 2516 3261 Patri
2545 3199 2913 3258 essentialiter
2937 3192 3224 3251 coexsistit
3245 3229 3260 3257 ,
3310 3202 3571 3260 magnum
3603 3183 3731 3239 uni-

2141 3314 2426 3358 versorum
2455 3310 2685 3367 regnum
2745 3291 2986 3362 (nempe
3019 3285 3258 3356 Spiritus
3286 3280 3462 3337 sancti
3495 3277 3727 3334 lucidis-

2137 3394 2340 3450 simum
2368 3386 2708 3444 domicilium
2732 3382 2750 3454 )
2797 3380 3068 3438 elliciatur
3091 3394 3106 3444 ;
3145 3384 3314 3431 totam
3340 3372 3604 3428 nimirum
3630 3384 3726 3424 ca-

2137 3488 2299 3559 piens
2333 3482 2511 3555 (absit
2535 3479 2708 3535 verbo
2740 3472 2982 3542 invidia)
3017 3481 3228 3526 natura!
3255 3465 3456 3521 divinae
3481 3505 3497 3530 ,
3546 3461 3729 3532 quoad

2139 3553 2464 3634 concessum
2488 3579 2592 3636 est,
2623 3565 2954 3639 cognitionis
2983 3565 3102 3635 (seu
3127 3557 3394 3626 scientiae)
3423 3556 3532 3610 vim
3563 3570 3627 3608 ac
3650 3553 3730 3608 l‘a—

2139 3669 2402 3725 cultatem
2429 3681 2445 3732 ;
2499 3677 2607 3733 qua
2638 3666 3016 3729 comparatum
3037 3695 3052 3721 ,
3106 3663 3168 3709 ut
3197 3650 3476 3707 deteriora
3502 3647 3726 3718 quidem

2139 3762 2416 3816 intereant
2470 3765 2636 3826 atque
2682 3751 2980 3815 desinant;
3035 3745 3314 3817 potiorum
3347 3750 3531 3797 autem
3573 3747 3728 3794 ortus

2138 3853 2442 3917 consistat,
2502 3853 2865 3904 conservante
2910 3841 3124 3897 scilicet
3166 3839 3348 3893 anima
3393 3834 3542 3890 haud
3569 3832 3728 3887 aliter

2137 3963 2203 4002 ac
2226 3947 2392 4008 Deus,
2427 3940 2732 3998 secundum
2761 3935 2992 4009 gratiam
3022 3931 3331 3987 vocationis
3351 3968 3365 3993 ,
3429 3939 3726 3982 concesso—

2139 4054 2261 4093 rum
2293 4037 2564 4091 bonorum
2613 4027 2993 4086 inviolabilem
3025 4025 3080 4079 in
3106 4024 3286 4093 seipsa
3323 4017 3724 4078 substantiam;

2136 4146 2246 4201 qua
2296 4143 2514 4197 semper
2554 4125 2809 4181 Christus
2855 4126 3049 4190 sponte
3074 4133 3171 4172 sua
3201 4113 3430 4186 mystice
3455 4108 3724 4171 nascitur,

2139 4238 2238 4294 per
2266 4236 2360 4278 eos
2386 4232 2674 4274 assumens
2694 4228 2917 4270 carnem
2945 4210 3042 4281 qui
3062 4209 3239 4264 salute
3270 4206 3583 4265 donantur;
3638 4214 3722 4262 ac,

2138 4329 2248 4385 qua
2297 4311 2544 4367 nascitur
2593 4308 2779 4363 anima
2803 4346 2819 4370 ,
2881 4311 3115 4358 matrem
3143 4299 3414 4370 virginem
3442 4291 3724 4354 elliciens;

2140 4408 2197 4462 in
2223 4421 2330 4477 qua
2363 4406 2462 4476 (ut
2486 4415 2701 4458 summa
2721 4395 2932 4467 dicam)
2966 4395 3118 4450 nulla
3140 4390 3444 4450 secundum
3467 4385 3727 4441 affectum

451 4491 520 4530 ac
566 4475 877 4546 libidinem,
933 4481 1165 4536 masculi
1189 4481 1364 4540 instar
1417 4501 1482 4542 ac
1513 4486 1753 4559 feminae,
1788 4504 2002 4558 natura
2028 4475 2380 4570 corruptioni
2406 4511 2470 4552 ac
2506 4491 2848 4566 generationi
2885 4487 3158 4553 obnoxiae,
3203 4481 3436 4554 insignia
3475 4484 3729 4547 notaque

452 4571 780 4628 consistant.

523 4663 830 4729 Ξενιξέσθω
867 4667 924 4721 δὲ
963 4668 1172 4740 μηδεὶς,
1210 4669 1310 4742 τὴν
1366 4672 1574 4746 φθορὰν
1625 4678 1725 4749 τῆς
1769 4678 2035 4747 γενέσεως

2210 4680 2323 4736 Nec
2347 4691 2679 4750 quemquam
2707 4689 2811 4730 ceu
2833 4686 3038 4728 novum
3065 4683 3129 4723 ac
3154 4664 3462 4721 inauditum
3485 4667 3725 4721 moveat,

453 4753 672 4866 ἀμοὺων
701 4758 1164 4866 προταττομένην.
1205 4761 1454 4828 Ἀπαθῶς
1475 4765 1583 4840 γὰρ
1615 4769 1710 4822 σὺν
1730 4768 1874 4841 ὀρθῷ
1893 4771 2037 4840 λόγῳ

452 4853 555 4920 τὴν
595 4853 705 4904 τῶν
756 4853 1058 4922 γινομένων
1115 4855 1211 4910 καὶ
1247 4857 1657 4930 ἀπογινομένων
1709 4861 1874 4932 φύσιν·
1916 4864 2037 4917 διαε-

456 4941 760 5011 σκοπήσας,
795 4942 1014 5016 εὑρήσει
1045 4947 1230 5015 σαφῶς
1257 4949 1323 5002 ὲκ
1353 4950 1557 5020 φθορᾶς
1586 4951 1682 5004 καὶ
1709 4955 1789 5016 εἰς
1834 4953 2039 5025 φθορὰν

453 5027 556 5100 τὴν
581 5029 797 5098 γένεσιν
825 5034 1134 5106 ἀρχομένην
1160 5036 1256 5090 καὶ
1288 5037 1560 5110 λήγουσαν
1589 5057 1602 5070 ·
1633 5035 1702 5114 ἦς
1736 5041 1805 5095 τά
1830 5059 2040 5114 σημαν-

454 5121 586 5176 τικά
625 5121 795 5194 πάθη,
820 5125 1070 5198 καθάπερ
1095 5126 1250 5198 ἔφην,
1277 5130 1378 5182 οὐκ
1415 5129 1529 5200 ἔχει
1566 5131 1802 5204 Χριστός
1823 5151 1836 5164 ·
1869 5136 2038 5205 ἧγουν

453 5215 487 5267 ὁ
508 5215 600 5268 τοῦ
630 5217 868 5288 Χριστοῦ
893 5237 954 5274 τε
978 5221 1070 5274 καὶ
1093 5221 1234 5276 κατά
1251 5223 1485 5294 Χριστὸν
1505 5224 1620 5294 βίος
1649 5243 1711 5278 τδ..
1739 5227 1999 5296 καὶλόγος
2019 5243 2034 5260 ο

453 5304 616 5380 εἴπερ
632 5312 660 5363 ό
684 5310 859 5379 λέγων
882 5313 1029 5367 ἐστὶν
1052 5314 1279 5386 ἀληθὴς,
1311 5317 1407 5369 Ἐν
1427 5315 1536 5386 γὰρ
1561 5317 1793 5386 Χριστῷ
1820 5319 2037 5385 Ἰησοῦ,

452 5400 570 5455 οὐκ
625 5401 799 5458 ἐστιν
839 5405 1020 5475 ἇρῤεν
1070 5407 1172 5462 καὶ
1226 5407 1384 5477 θῆλυ
1407 5425 1422 5441 ο
1469 5410 1535 5464 τὰ
1565 5414 1764 5481 σημεῖα
1816 5410 2036 5482 δηλαδὴ.

451 5490 556 5596 καὶ
591 5494 661 5549 τὰ
922 5499 1096 5596 δηλῶν
1144 5501 1242 5567 τῆς
1279 5500 1384 5554 ὑπὸ
1429 5500 1637 5574 φθορὰν
1689 5505 1786 5557 καὶ
1823 5505 2038 5572 γένεσιν

452 5586 676 5650 φύσεως
699 5600 715 5614 ·
766 5586 884 5640 ἀλλ’
917 5587 951 5660 ἢ
985 5590 1146 5661 μόνον
1193 5589 1432 5661 θεοειδὴς
1495 5591 1651 5662 λόγος
1682 5594 1879 5663 γνώσει
1917 5593 2038 5666 θεία

518 5747 569 5780 ³⁸
601 5763 721 5840 Act.
757 5767 990 5838 xvu,28.
1069 5769 1109 5803 ³³
1142 5767 1316 5844 Calat.
1347 5785 1430 5843 iii,
1457 5771 1547 5843 28,.

2141 4772 2294 4842 quod
2337 4768 2711 4840 corruptionis
2738 4765 3024 4820 interitum
3057 4760 3203 4815 ortui
3227 4753 3600 4830 generationis
3624 4768 3727 4805 au-

2142 4865 2224 4920 dit
2253 4865 2558 4935 praalatum.
2621 4858 2884 4929 Quisquis
2918 4856 3066 4911 enim
3113 4866 3312 4908 sereno
3339 4847 3542 4902 mentis
3565 4846 3733 4907 oculo

2141 4968 2406 5027 rectaque
2446 4955 2662 5016 ratione
2707 4965 2895 5006 rerum
2931 4963 3052 5019 quae
3073 4945 3330 5000 oriuntur
3356 4956 3421 4996 ac
3443 4940 3727 4994 intereunt

2137 5056 2396 5108 naturam
2421 5041 2754 5106 attenderit,
2811 5039 3071 5094 inchoare
3090 5046 3285 5090 'ortum
3311 5032 3380 5087 ab
3407 5028 3724 5086 interitione

2139 5155 2237 5194 seu
2287 5135 2645 5206 corruptione
2668 5175 2683 5199 ,
2749 5133 2918 5202 inque
2957 5128 3207 5186 eamdem
3231 5124 3510 5190 desinere,
3543 5121 3727 5192 palam

2139 5229 2456 5300 invenerit;
2508 5241 2671 5298 quam
2705 5225 2800 5295 qui
2831 5222 3141 5293 insignium
3183 5234 3247 5274 ac
3271 5217 3562 5288 designant
3590 5213 3724 5268 all‘e-

2139 5331 2262 5378 ctus
2289 5337 2387 5378 seu
2413 5319 2719 5390 passiones,
2749 5316 2828 5370 uti
2851 5314 3126 5378 dicebam,
3149 5311 3405 5368 Christus
3426 5321 3537 5362 non
3561 5319 3728 5376 agno-

2139 5416 2248 5472 scit
2303 5414 2322 5487 ί
2340 5412 2546 5470 Christi
2576 5411 2790 5467 scilicet
2822 5409 3056 5478 vitaeque
3083 5404 3414 5462 Christiana;
3448 5397 3740 5471 institutiq

2137 5516 2195 5564 et
2213 5506 2400 5578 ratio),
2426 5505 2698 5576 siquidem
2725 5517 2893 5558 verax
2915 5509 2999 5556 est
3019 5499 3115 5570 qui
3135 5499 3215 5552 ait
3241 5515 3255 5550 :
3281 5495 3345 5550 In
3365 5493 3569 5550 Christo
3584 5491 3737 5564 enim,

2139 5593 2266 5650 Iesu
2301 5609 2407 5649 non
2431 5601 2507 5648 est
2535 5589 2798 5647 masculus
2831 5604 2999 5662 neque
3023 5585 3278 5660 femina"
3331 5582 3490 5658 (ejus
3513 5579 3738 5660 scilicet,“
