4070 6410
449 328 557 399 891

1613 331 1672 392 s.
1717 330 2003 390 MAXIMI
2041 294 2545 389 ceaerssoms

3607 321 3715 384 802

451 454 668 504 natura:
706 454 864 501 notas
905 443 1246 513 affectusque
1283 458 1347 498 ac
1381 443 1664 512 passiones
1692 443 2030 514 signiﬁcans,

2160 441 2532 510 τεποιωμένος,
2561 438 2655 492 καὶ
2689 436 2913 507 γνώμης
2945 436 3210 508 μοναδικὴ
3268 437 3506 508 κίνησις,
3547 436 3714 507 μόνην

451 553 575 608 quae
596 535 970 606 corruptionis
987 534 1296 590 interitioni
1318 543 1482 604 atque
1501 533 1648 588 ortui
1664 534 2041 605 generationis

2147 531 2446 601 αἱρουμένη
2473 530 2570 601 τὴν
2605 531 2827 600 ἀρετήν.

452 629 692 683 obnoxia
716 628 863 698 est);
899 625 999 682 sed
1027 626 1376 682 solummodo
1400 625 1686 682 deil‘ormis
1707 627 1869 690 ratio,
1929 627 2131 682 divinae
2159 624 2409 680 scientiae
2468 624 2734 694 qualitate
2794 620 3036 689 imbuta,
3088 621 3498 693 singularisque
3546 619 3715 677 animi

453 720 779 781 voluntatis,
823 718 1042 773 unicam
1077 718 1333 790 eligentis
1361 720 1658 784 virtutem,
1713 719 1939 789 agitatio
1969 734 2034 773 ac
2071 725 2277 772 motus.

525 813 685 883 355
721 813 900 881 Neque
920 815 1130 871 Graecus
1164 832 1226 869 ac
1261 814 1500 881 Judarus,
1553 815 1758 884 quibus
1799 814 2036 870 diversae

2208 813 2358 867 οὔτε
2399 813 2639 880 Ἕλλην
2688 811 2787 866 καὶ
2854 811 3164 878 Ἰουδαῖος,
3211 811 3278 864 δι’
3318 803 3393 864 ὧν
3439 809 3544 879 τῆς
3590 810 3718 879 περὶ

456 907 734 976 opinionis
757 906 825 961 de
850 907 960 961 Deo
990 906 1133 961 ratio
1165 905 1543 976 significatur,
1574 908 1689 961 sive
1720 909 1804 970 (ut
1846 907 2037 961 verius

2160 903 2271 957 ἐοῦ
2301 903 2458 974 δόξης
2489 905 2517 956 ό
2540 903 2794 976 διάφορος
2831 904 3155 974 σημαίνεται
3181 903 3338 971 λόγος
3361 918 3374 932 ⁸
3434 901 3490 972 ἢ,
3533 901 3596 954 τό
3654 917 3716 969 γε

459 999 672 1069 loquar)
689 1000 987 1054 contraria.
1013 999 1148 1053 Nam
1180 999 1271 1054 ille
1291 999 1537 1069 quidem,
1557 999 1855 1053 multorum
1886 999 2039 1068 prin-

460 1089 703 1158 cipatum
735 1088 1062 1158 insipienter
1084 1087 1267 1152 docet,
1299 1103 1363 1142 ac
1391 1105 1535 1143 unus
1584 1104 1707 1141 cum
1752 1088 1840 1153 sit,
1903 1105 2038 1142 conc

465 1180 648 1242 trariis
680 1194 806 1234 eum
830 1179 1247 1249 operationibus
1283 1190 1448 1250 atque
1501 1180 1714 1234 viribus
1768 1179 2036 1245 dividit‘;

465 1273 815 1341 pluriumque
845 1274 1134 1326 numinum
1166 1272 1576 1326 venerationem
1611 1271 1894 1340 conﬁngit,
1927 1280 2042 1350 tum

464 1363 737 1432 ipsorum,
773 1364 1083 1434 quibusilla
1115 1364 1430 1427 adhibetur,
1483 1363 1836 1418 multitudine
1875 1363 2041 1417 dissi-

463 1454 705 1519 dentem,
757 1463 872 1508 tum
909 1455 1130 1511 diverso
1168 1455 1508 1526 adorationis
1559 1455 1670 1509 ritu
1715 1454 2035 1509 ridiculam.

2141 996 2340 1066 μᾶλλον
2393 996 2753 1069 ἀληθέστερον
2793 997 2988 1062 εἰπεῖν,
3057 995 3450 1066 ἀντικείμενος.
3502 994 3562 1046 '0
3621 993 3717 1062 μὲν

2141 1089 2336 1157 (Mary.
2418 1088 2729 1157 Ἐλληνικὸς
2784 1088 2961 1158 λόγος)
3019 1087 3270 1158 ἀφρόνως
3322 1085 3718 1154 εἰσηγούμενος

2140 1178 2500 1250 πολυαρχίαν,
2533 1179 2624 1232 καὶ
2653 1180 2752 1248 τὴν
2785 1179 2914 1249 μίαν
2938 1178 3113 1250 ἀρχὴν
3143 1177 3545 1247 ἀντικειμέναις
3566 1178 3721 1246 ἐνερ-

2141 1271 2316 1342 γείαις
2343 1289 2402 1325 τε
2455 1272 2550 1324 καὶ
2596 1272 2857 1339 δυνάμεσι
2894 1270 3277 1342 καταμερίζων
3304 1286 3318 1301 °
3351 1268 3445 1322 καὶ
3496 1268 3724 1321 πλαττό-

2146 1380 2306 1434 μενος
2344 1363 2504 1426 σέϐας
2533 1363 2812 1423 πολύθεον,
2846 1363 2924 1433 τῷ
2954 1380 3013 1414 τε
3068 1361 3258 1430 πλήθει
3315 1360 3424 1412 τῶν
3479 1376 3723 1429 προσκυ-

2145 1473 2234 1508 νου
2244 1455 2418 1525 μένων
2440 1454 2882 1526 στασιαζόμενον,
2907 1455 3096 1525 καὶτῷ
3112 1453 3352 1524 διαφόρῳ
3376 1452 3475 1521 τῆς
3490 1469 3726 1522 προσκν-

465 1545 565 1600 llic
594 1561 748 1611 vero,
795 1562 969 1601 unum
1014 1547 1238 1616 quidem
1293 1547 1686 1617 principatum,
1739 1546 1834 1600 scd
1867 1562 2042 1615 angu-

2160 1549 2358 1618 rhcsw;
2391 1547 2576 1617 τρόπῳ
2600 1547 2924 1617 γελώμενον.
2962 1547 3020 1598 Ὀ
3053 1545 3127 1610 δὲ,
3163 1544 3357 1614 (Mary.
3378 1545 3405 1596 ό
3438 1541 3727 1623 ’[ουδαῐκδς

463 1643 608 1688 stum
637 1651 700 1690 ac
733 1635 1138 1705 imperfectum,
1173 1653 1278 1691 nec
1299 1636 1414 1690 fere
1448 1636 1864 1699 consistentem,
1921 1644 2043 1689 tan-

464 1741 628 1794 quam
669 1727 881 1781 ratione
929 1727 1150 1798 vitaque
1193 1728 1563 1794 destitutum;
1625 1727 1680 1781 in
1725 1726 1935 1797 aequale
1981 1741 2045 1780 ac

466 1817 618 1886 prior
650 1818 871 1881 malum,
907 1819 1134 1873 sublatae
1162 1818 1383 1873 deitatis
1423 1835 1522 1888 per
1567 1819 1843 1873 contraria
1893 1817 2044 1871 dela-

466 1925 600 1978 psus
625 1925 639 1973 ;
667 1925 774 1962 una
801 1909 1013 1964 scilicet
1038 1925 1274 1980 persona
1299 1926 1468 1964 unum
1495 1910 1646 1964 illum
1671 1909 2044 1980 principatum

465 2014 701 2068 eumque
724 1998 931 2070 absque
959 2002 1172 2056 ratione
1207 2017 1306 2055 seu
1344 2001 1521 2056 Verbo
1553 2017 1616 2057 ac
1673 2001 1885 2072 Spiritu
1915 2016 2048 2056 con-

466 2091 748 2146 sistentem
764 2135 779 2158 ,
803 2101 898 2147 aut
919 2103 1069 2148 certe
1092 2093 1304 2150 ratione
1327 2103 1382 2149 et
1407 2093 1604 2163 Spiritu
1636 2107 1894 2163 tanquam
1916 2107 2050 2162 qua-

467 2180 619 2236 litate
649 2182 946 2246 imbutum,
980 2183 1286 2251 definiens;
1327 2200 1440 2238 non
1503 2185 1838 2255 intelligens,
1893 2183 2049 2252 quis-

468 2287 595 2325 nam
627 2273 772 2328 Deus
798 2273 1016 2328 futurus
1039 2274 1132 2340 sit,
1161 2275 1254 2344 qui
1290 2274 1488 2329 horum
1537 2276 1764 2329 exsistat
1811 2287 2046 2344 expers;

471 2371 570 2416 aut
590 2364 869 2432 quomodo
903 2365 1066 2428 Deus,
1090 2365 1183 2434 qui
1209 2366 1354 2420 haud
1383 2381 1544 2421 secus
1568 2382 1632 2421 ac
1659 2366 1826 2420 animi
1852 2365 2048 2430 creati,

471 2453 624 2509 hisce
650 2464 908 2525 tanquam
936 2455 1314 2511 accidentibus
1341 2457 1689 2527 impartiatur
1707 2459 1764 2511 “.
1819 2457 2049 2520 Horum,

473 2543 554 2598 uti
594 2543 870 2608 dicebam,
906 2554 1103 2600 neuter
1131 2562 1360 2616 prorsus
1420 2548 1475 2602 in
1524 2549 1744 2604 Christo
1788 2559 1890 2612 est,
1955 2551 2051 2605 scd

471 2649 618 2689 verae
639 2635 904 2690 duntaxat
942 2637 1165 2706 pietatis
1217 2653 1422 2700 sermo,
1490 2638 1755 2713 ﬁrmaque
1807 2641 2054 2711 mystica

472 2725 764 2796 theologiae
785 2727 894 2792 lex,
917 2736 1032 2781 tum
1066 2727 1289 2797 prioris,
1319 2728 1544 2783 deitatis
1577 2729 1904 2784 divisionem
1954 2730 2055 2784 cli-

473 2817 719 2885 minans;
742 2825 855 2872 tum
883 2819 1229 2888 posterioris,
1259 2820 1696 2876 contractionem
1726 2821 2051 2891 repudians;

473 2924 543 2964 ne
573 2910 782 2964 scilicet
812 2911 1051 2966 naturali
1078 2911 1441 2966 multitudine
1468 2928 1498 2966 a
1525 2928 1583 2967 se
1607 2890 1889 2968 dissidens
1947 2931 2054 2968 nu-
2085 2890 2123 2942 (ἶ

475 3016 602 3055 men
625 3009 832 3055 statuat
858 3002 986 3071 (hoc
1013 3018 1249 3072 namque
1305 3002 1622 3058 Grtccorum
1682 3005 1934 3076 erroris),
1963 3013 2059 3060 aut

476 3093 644 3148 unius
669 3092 1051 3163 singularitate
1076 3109 1326 3164 personae
1353 3094 1614 3164 passibile
1655 3094 1733 3166 (id
1766 3095 1915 3149 enim
1962 3095 2060 3152 Ju-

479 3187 651 3244 daicze
678 3187 1131 3258 superstitionis),
1149 3196 1211 3242 ut
1245 3187 1393 3257 quod
1427 3187 1637 3243 ratione
1667 3201 1764 3242 seu
1789 3188 1970 3244 Verbo
1995 3204 2060 3244 ac

413 3300 419 3307 ·
479 3277 691 3348 Spiritu
716 3288 922 3343 careat,
959 3287 1055 3334 aut
1085 3279 1175 3334 his
1205 3279 1478 3334 imbutum
1504 3278 1576 3335 sit
1623 3287 1880 3350 tanquam
1924 3297 2062 3351 qua-

476 3370 657 3436 litate,
679 3386 790 3425 non
823 3380 1007 3425 autem
1037 3370 1216 3440 ipsum
1250 3385 1428 3436 mens,
1458 3370 1712 3440 ratioque
1761 3386 1860 3426 seu
1921 3372 2060 3427 Ver-

481 3462 614 3517 bum
649 3470 708 3518 et
739 3461 982 3532 Spiritus
1005 3463 1268 3530 exsistat;
1303 3477 1518 3533 nosque
1537 3462 1775 3528 docens,
1803 3464 1898 3534 qui
1932 3479 2058 3534 gra-

482 3555 571 3611 tiae
621 3555 908 3629 vocatione
965 3569 1065 3625 per
1097 3554 1262 3609 tidem
1315 3554 1372 3610 in
1437 3554 1778 3625 agnitionem
1810 3556 2062 3612 veritatis

479 3646 724 3718 adaptati
748 3661 963 3710 sumus,
1002 3654 1062 3701 ut
1086 3661 1248 3700 unam
1280 3645 1601 3702 noverimus
1651 3647 1872 3704 deitatis
1895 3658 2060 3704 natu-

481 3755 599 3794 ram
619 3754 683 3794 ac
702 3739 1006 3810 potentiam
1031 3755 1046 3805 ;
1083 3753 1252 3794 unum
1280 3739 1494 3795 scilicet
1519 3740 1712 3805 Deum,
1737 3740 1834 3810 qui
1870 3740 1927 3795 in
1953 3741 2058 3797 Pa-

483 3841 566 3887 tre
623 3839 680 3886 et
718 3831 856 3885 Filio
910 3839 969 3886 et
1006 3829 1216 3900 Spiritu
1255 3839 1447 3886 sancto
1494 3830 1836 3901 intelligatur
1873 3850 1887 3887 :
1942 3840 2063 3888 tan-

482 3938 648 3994 quam
677 3923 892 3978 scilicet
919 3922 1092 3977 solam
1121 3937 1300 3978 causae
1321 3922 1506 3977 omnis
1540 3938 1639 3978 seu
1669 3923 1928 3994 principii
1959 3940 2062 3980 au-

485 4015 761 4086 elorisque
785 4022 1069 4086 expertem
1100 4014 1474 4070 essentialiter
1519 4031 1650 4071 vere
1699 4016 2061 4073 exsistentem

489 4116 748 4172 mentem,
787 4107 954 4162 unius
987 4107 1293 4162 secundum
1323 4108 1619 4162 essentiam
1643 4123 1774 4163 vere
1793 4109 2063 4165 exsisten—

2150 1639 2327 1708 λόγος)
2387 1639 2517 1710 μίαν
2557 1639 2677 1708 μὲν,
2714 1639 2906 1712 στενὴν
2954 1635 3010 1688 δὲ
3066 1635 3159 1688 καὶ
3191 1634 3376 1702 ἀτελῆ,
3413 1633 3506 1686 καὶ
3542 1632 3727 1702 σχεδὸν

2151 1731 2544 1792 ἀνυπόστατον,
2592 1729 2668 1794 ὼς
2725 1729 2885 1798 λόγου
2943 1729 3037 1781 καὶ
3085 1724 3230 1795 ζωῆς
3280 1723 3518 1796 ἔρημον,
3590 1722 3728 1793 πρὸς

2148 1817 2267 1876 ἴσον
2301 1822 2469 1875 κακὸν
2489 1821 2567 1892 τῷ
2591 1814 2852 1891 ’προτέρῳ
2891 1819 3033 1888 λόγῳ
3064 1817 3151 1871 διὰ
3181 1817 3287 1870 τῶν
3336 1817 3592 1868 ἐναντίων
3640 1817 3730 1867 ἐκο

2153 1913 2389 1974 πίπτων,
2431 1913 2530 1983 τὴν
2579 1912 2767 1966 ἀθεῖαν
2788 1928 2802 1942 ο
2840 1911 2917 1963 ἐνὶ
2945 1911 3300 1981 περιγράφων
3335 1907 3608 1979 προσώπῳ
3633 1907 3731 1977 τὴν

2157 2004 2286 2075 μίαν
2335 2004 2530 2074 ἀρχὴν,
2564 2005 2656 2056 καὶ
2688 2001 2894 2072 ταύτην
2931 2002 3053 2071 δίχα
3084 1999 3258 2068 Λόγου
3287 2001 3380 2052 καὶ
3415 1999 3732 2070 Πνεὺματος

2155 2095 2526 2166 ὑφισταμένην
2551 2110 2564 2123 ’
2615 2095 2647 2165 ἢ
2674 2095 2832 2162 Λόγῳ
2861 2093 2955 2147 καὶ
2987 2093 3261 2163 ιῘνεὺματι
3297 2091 3683 2161 πεποιωμένην
3715 2110 3731 2122 ·

2159 2188 2234 2258 μὴ
2275 2187 2536 2257 συνορῶν,
2592 2189 2675 2241 ὅτι
2717 2186 2801 2250 τίς
2879 2185 3031 2250 Θεὸς,
3086 2185 3292 2237 τούτων
3325 2181 3692 2254 ὴμοιρημένος
3717 2197 3732 2211 ο

2155 2277 2189 2349 ἢ
2222 2277 2341 2338 πῶς
2373 2277 2508 2340 Θεὸς
2561 2275 2776 2346 μεθέξει
2817 2273 3211 2345 παραπλησίως
3248 2276 3361 2336 τοῖς
3394 2273 3496 2324 ὑπὸ
3522 2272 3736 2340 γένεσιν

2156 2369 2414 2438 λογικοῖς,
2467 2367 2542 2430 ὡς
2593 2366 3018 2439 συμϐεϐηκότων
3051 2368 3254 2420 τούτων
3287 2365 3690 2435 μεμοιραμένος
3720 2382 3734 2395 ·

2155 2457 2231 2515 ὧν
2277 2464 2333 2514 ἐν
2385 2459 2604 2531 Χριστῷ
2642 2460 2702 2512 τὸ
2737 2459 3014 2530 παράπαν,
3076 2458 3152 2522 ὡς
3200 2455 3337 2528 ἔφην
3369 2457 3467 2529 (ι),
3519 2455 3734 2518 οὐδείς·

2158 2548 2296 2602 ἀλλὰ
2344 2548 2504 2617 μόνος
2562 2546 2795 2617 ἀληθοῦς
2845 2547 3125 2611 εὐσεϐείας
3162 2548 3343 2615 λόγος,
3404 2546 3501 2599 καὶ
3540 2545 3738 2614 πάγιος

2163 2637 2430 2707 μυστικῆς
2477 2637 2754 2706 θεολογίας
2813 2637 3034 2707 θεσμὸς,
3085 2639 3183 2710 τήν
3223 2656 3283 2691 τε
3321 2637 3414 2692 τοῦ
3471 2637 3735 2709 προτέρου

2157 2725 2318 2793 λόγου
2348 2727 2630 2795 διαστολὴν
2659 2727 2757 2798 τῆς
2799 2727 3056 2797 θεότητος
3105 2728 3572 2799 ἀποπεμπόμενος
3645 2729 3738 2781 καὶ

2160 2819 2259 2889 τὴν
2285 2817 2376 2871 τοῦ
2402 2817 2656 2890 δευτέρου
2705 2818 2779 2888 μὴ
2830 2819 3264 2891 παραδεχόμενος
3325 2820 3585 2890 συστολὴν
3611 2838 3624 2850 ·
3655 2822 3737 2874 ἵνα

2163 2911 2237 2981 μὴ
2293 2909 2370 2980 τῷ
2426 2911 2640 2980 φυσικῷ
2689 2911 2883 2982 πλήθει
2929 2913 3354 2965 στασιαστικόνο
3429 2913 3738 2982 Ἑλληνικὸν

2157 3003 2265 3072 γὰρ
2292 3003 2325 3073 ἢ
2351 3002 2428 3073 τῷ
2454 3003 2576 3056 καθ’
2613 3003 2910 3057 ὑπόστασιν
2939 3005 3102 3076 ἑνικῷ
3135 3005 3397 3074 παθητόν
3441 3005 3739 3059 Ἰουδαϊκὸν

2157 3095 2286 3165 γὰρ,
2315 3095 2392 3158 ὡς
2427 3095 2601 3163 Λόγου
2627 3097 2722 3148 καὶ
2751 3095 3071 3166 Πνεὺματος
3099 3097 3483 3170 ἐστερημένον,
3531 3098 3740 3170 ἢΔόγῳ

2159 3185 2252 3238 καὶ
2277 3184 2552 3256 Πνεὺματι
2604 3185 3013 3256 πεποιωμένον·
3063 3185 3181 3239 ἀλλ’
3239 3188 3339 3240 οὑκ
3367 3186 3430 3240 ὃν
3474 3187 3599 3252 νοῦς
3647 3187 3740 3241 καὶ

2160 3277 2332 3345 Λόγος
2355 3276 2450 3330 καὶ
2478 3274 2704 3347 Πνεῦμα
2737 3276 2798 3329 τὸ
2846 3277 2988 3329 θεῖον
3036 3277 3431 3348 πρεσϐεύεται·
3476 3279 3572 3334 καὶ
3601 3277 3743 3333 διδάο

2161 3383 2308 3424 σκων
2339 3369 2508 3439 ἡμᾶς,
2537 3368 2666 3432 τοὺς
2709 3367 2902 3438 κλήσει
2925 3368 3148 3441 χάριτος
3174 3368 3317 3424 κατά
3349 3368 3531 3423 πίστιν
3561 3371 3742 3423 εἰσπε-

2160 3459 2495 3530 ποιημένους
2544 3460 2624 3522 είς
2695 3459 2992 3527 ἐπίγνωσιν
3046 3460 3328 3532 ἀληθείας,
3376 3461 3507 3532 μίαν
3547 3462 3741 3516 εἰδέναι

2161 3553 2418 3626 θεότητος
2471 3554 2633 3625 φύσιν
2676 3556 2770 3608 καὶ
2807 3555 3072 3627 δύναμιν·
3129 3557 3321 3627 ἤγουν.
3369 3557 3466 3612 ἕνα
3510 3557 3642 3612 Θεὸν
3686 3559 3743 3612 ὲν

2161 3647 2337 3719 Harp!
2382 3647 2472 3700 καὶ
2529 3646 2644 3716 Υἱῷ
2673 3647 2766 3700 καὶ
2803 3648 2944 3718 άγίῳ
2993 3647 3272 3719 Πνεὺματι
3334 3649 3742 3720 θεωρούμενον·

2159 3733 2248 3794 οἶα
2273 3739 2337 3811 δὴ
2361 3739 2523 3809 μόνον
2554 3739 2794 3793 άναίτιον
2839 3740 2966 3794 νοῦν
3005 3739 3278 3805 οὑσιωδῶς
3308 3741 3615 3811 ὑφεστῶτα,
3649 3743 3743 3814 μό-

2161 3849 2251 3884 νου
2277 3831 2398 3884 κατ⁹
2423 3829 2610 3884 οὑσίαν
2629 3825 2937 3900 ὑφεστῶτος
2953 3831 3191 3904 άνάρχου
3214 3832 3387 3902 Λόγου
3421 3835 3743 3906 γεννήτορα,

2161 3923 2257 3978 καὶ
2314 3923 2484 3993 μόνης
2547 3922 2716 3976 ἀϊδίου
2779 3920 2927 3994 ζωῆς
2959 3923 3236 3987 οὑσιωδῶς
3289 3924 3630 3994 ὑφεστώσης.
3672 3923 3749 3990 ὡς

2165 4015 2484 4086 Πνεὺματος
2503 4015 2684 4083 ἀγίου,
2717 4015 2933 4086 πηγήν·
2976 4017 3033 4068 ὲν
3070 4017 3259 4085 μονάδι
3289 4017 3514 4090 Τριάδα,
3568 4018 3663 4071 καὶ
3691 4020 3747 4072 ὲν

2161 4105 2352 4178 Τριάδι
2370 4104 2572 4176 μονάδα
2591 4120 2604 4134 ο
2629 4104 2729 4158 οὑκ
2749 4103 2915 4174 ἄλλην
2937 4106 2994 4158 ἐν
3019 4103 3153 4176 ἄλλῃ
3173 4121 3186 4134 ·
3209 4106 3269 4158 οὑ
3298 4106 3406 4178 γὰρ
3421 4105 3498 4170 ὡς
3524 4106 3581 4159 ἐν
3595 4105 3750 4178 οὐσία

481 4199 554 4251 tis
589 4197 864 4268 principio
891 4197 1132 4252 carentis
1155 4200 1459 4268 aeternique
1484 4200 1649 4255 Verbi
1680 4209 1962 4270 parentem
1992 4216 2058 4257 ac

2161 4200 2228 4268 τῇ
2263 4197 2449 4268 μονάδι
2482 4195 2826 4267 συμϐεϐηκός
2856 4197 3003 4250 ἐστιν
3035 4198 3068 4267 ὴ
3095 4195 3264 4268 Τριάς
3293 4213 3308 4229 ο
3335 4197 3368 4268 ἦ
3401 4197 3462 4250 τὸ
3492 4198 3746 4268 ἔμπαλιν,

486 4288 844 4359 genitricem;
867 4288 1141 4358 uniusque
1171 4290 1520 4359 sempiterna:
1543 4290 1671 4345 vitae
1696 4291 2066 4348 essentialiter

487 4393 618 4434 vere
647 4379 963 4433 exsistentis
987 4377 1205 4448 (nempe
1230 4379 1468 4450 Spiritus
1500 4381 1698 4449 sancti)
1732 4381 1974 4437 fontem:
2007 4382 2064 4438 in

490 4467 701 4522 unitate
728 4464 1076 4530 Trinitatem,
1101 4476 1157 4521 et
1193 4467 1250 4522 in
1282 4469 1549 4523 Trinitate
1596 4469 1863 4524 unitatem
1897 4488 1911 4524 :
1950 4486 2061 4526 non

489 4560 652 4615 aliam
681 4559 734 4614 in
763 4559 869 4614 alia
898 4575 912 4612 :
942 4573 1051 4612 non
1080 4559 1228 4614 enim
1255 4559 1498 4614 Trinitas
1526 4559 1607 4614 sic
1634 4569 1719 4614 est
1771 4559 1825 4615 in
1855 4561 2067 4617 unitate

491 4654 646 4724 quasi
673 4653 932 4709 accidens
961 4651 1016 4705 in
1047 4652 1377 4717 substantia,
1396 4660 1490 4706 aut
1516 4651 1756 4706 vicissim
1794 4653 1978 4707 unitas
2014 4654 2068 4708 in

493 4745 762 4799 Trinitate
785 4761 799 4806 ;
821 4753 882 4798 ut
909 4760 1030 4814 quae
1061 4744 1133 4798 sit
1153 4744 1334 4798 omnis
1360 4743 1642 4812 qualitatis
1697 4759 1918 4814 expers.
1956 4743 2068 4799 Ne-

492 4853 597 4905 que
631 4849 690 4890 ut
716 4837 878 4891 aliam
909 4845 965 4890 et
1003 4835 1204 4889 aliam:
1235 4851 1346 4889 non
1384 4834 1533 4890 enim
1577 4835 1761 4889 unitas
1813 4851 1844 4889 a
1883 4835 2070 4889 Trini-

496 4934 605 4980 tate
639 4927 801 4997 356
829 4927 1018 4981 dili‘ert
1045 4925 1366 4981 diversitate
1394 4935 1626 4989 naturae,
1693 4941 1799 4980 una
1827 4941 1892 4981 ac
1936 4926 2070 4981 sim-

495 5019 617 5087 plex
644 5027 838 5072 natura
875 5019 1169 5075 exsistens.
1197 5018 1387 5088 Neque
1412 5026 1472 5072 ut
1500 5018 1662 5073 aliam
1675 5033 1787 5088 prae
1809 5019 1938 5085 alia;
1956 5033 2068 5074 non

495 5107 643 5158 enim
693 5107 933 5162 Trinitas
977 5108 1044 5162 ab
1099 5107 1313 5162 unitate
1350 5106 1509 5176 quasi
1553 5107 1769 5162 minore
1828 5109 2071 5176 potentia

496 5196 722 5266 ejusque
744 5198 916 5266 gradu
950 5198 1300 5253 submissiori
1329 5198 1571 5254 discreta
1592 5205 1678 5254 est
1707 5237 1724 5263 .
1763 5207 1856 5253 aut
1887 5199 2072 5256 unitas

497 5314 528 5351 a
556 5292 844 5354 Trinitate.
869 5301 939 5354 At
964 5317 1143 5370 neque
1169 5311 1229 5356 ut
1253 5316 1547 5356 commune
1568 5299 1704 5370 quid
1731 5315 1797 5356 ac
1843 5301 2071 5355 univer-

499 5389 632 5451 sale,
663 5390 809 5457 quod
835 5392 1022 5445 subtili
1053 5393 1232 5447 solum
1253 5395 1496 5464 cogitatu
1519 5408 1548 5448 a
1600 5392 2071 5464 singularibusLilli

499 5479 760 5549 subjectis
787 5481 1110 5537 distinctum
1135 5483 1494 5554 intelligatur,
1518 5500 1550 5539 a
1573 5483 1845 5539 Trinitate
1873 5483 2076 5539 distim-

501 5577 590 5624 cta
620 5571 802 5626 unitas
833 5579 938 5640 est,
964 5588 1086 5644 qua:
1113 5573 1187 5628 sit
1212 5590 1342 5629 vere
1365 5575 1481 5644 ipsa
1503 5590 1534 5629 a
1566 5589 1626 5630 se
1649 5575 1920 5630 exsistens
1946 5573 2077 5628 sub-

589 5679 788 5752 A'VC-ireg.
819 5693 958 5740 orat.
987 5687 1038 5750 l,
1068 5686 1157 5750 '55,
1200 5685 1288 5751 58,
1319 5685 1408 5740 42.

2169 4290 2227 4343 ὲν
2259 4289 2452 4360 Τριάδι
2502 4290 2670 4360 μονάς
2699 4304 2715 4322 ⁸
2763 4291 2954 4355 ἄποιος
3009 4291 3139 4362 γάρ.
3189 4292 3311 4346 Οὐδ’
3338 4292 3413 4356 ὡς
3463 4293 3630 4360 ἄλλην
3659 4295 3752 4348 καὶ

2168 4381 2336 4449 ἄλλην
2355 4395 2369 4409 '
2401 4379 2462 4432 οὑ
2495 4380 2604 4451 γὰρ
2620 4379 2898 4450 ἑτερότητι
2927 4379 3144 4450 φύσεως
3160 4383 3258 4452 τῆς
3284 4382 3513 4452 Τριάδος
3537 4385 3753 4455 ήμονάς

2167 4473 2471 4544 διενήνοχεν
2494 4471 2638 4542 ἁπλῆ
2668 4489 2729 4524 τε
2761 4473 2855 4526 καὶ
2906 4473 3004 4543 μία
3037 4472 3200 4542 φύσις
3240 4474 3602 4545 τυγχάνουσα.
3631 4478 3751 4530 Οὐδ’

2169 4565 2244 4628 ὡς
2272 4563 2439 4635 ἀλλην
2468 4565 2597 4634 παρ’
2629 4563 2817 4634 ἀλλην,
2843 4564 2905 4617 οὑ
2923 4564 3030 4635 γὰρ
3048 4564 3237 4633 ὑφέσει
3265 4565 3546 4638 δυνάμεως
3569 4568 3752 4622 διακέ-

2169 4672 2352 4728 κριται
2384 4655 2480 4726 τῆς
2510 4653 2785 4724 μονάδοςή
2825 4655 3018 4726 Τριάς,
3052 4655 3084 4727 ἢ
3113 4655 3210 4727 τῆς
3229 4657 3511 4728 Τριάδοςὴ
3545 4659 3711 4729 μονάς
3736 4676 3750 4691 ⁹

2169 4747 2203 4818 ἢ
2243 4746 2319 4808 ὡς
2343 4746 2522 4800 κοινόν
2550 4762 2604 4798 τι
2636 4745 2732 4798 καὶ
2781 4744 2999 4812 γενικὺν
3033 4745 3246 4818 ἐπινοίᾳ
3307 4747 3442 4821 μόνῃ
3481 4747 3755 4820 θεωρητὴν

2169 4840 2277 4892 τῶν
2336 4838 2427 4891 ὑπ’
2477 4837 2608 4891 αὐτὸ
2651 4836 2916 4907 μερικῶν,
2966 4837 3344 4909 παρήλλακται
3381 4841 3479 4909 τῆς
3527 4840 3755 4910 Τριάδος

2168 4933 2202 5002 ὴ
2235 4931 2420 5001 μονὰς,
2479 4929 2635 4984 οὑσία
2713 4928 2919 4998 κυρίως
2973 4929 3355 5001 ἀνθύπαρκτος
3422 4926 3578 4994 οὖσα,
3661 4933 3757 4986 καὶ

2170 5022 2398 5093 δύναμις
2423 5021 2589 5086 ὅντως
2626 5021 2972 5092 αὑτοσθενὴς.
3011 5023 3132 5076 Οὐδ’
3162 5023 3236 5086 ὡς
3257 5023 3321 5076 δι’
3346 5024 3513 5093 ἄλλης
3542 5024 3709 5096 ἄλλην
3738 5042 3754 5059 ο

2170 5117 2230 5168 οὐ
2261 5114 2368 5184 γὰρ
2415 5112 2758 5184 μεσιτεὺεται
2811 5114 2995 5184 σχέσει
3045 5113 3107 5167 τὸ
3169 5116 3370 5169 ταυτόν
3428 5118 3604 5186 πάντη
3662 5117 3758 5172 καὶ

2171 5203 2398 5274 ἄσχετον
2427 5202 2527 5273 (5),
2569 5204 2644 5266 ὡς
2689 5201 2828 5274 πρὸς
2881 5203 3053 5258 αῐτιον
3095 5207 3358 5260 αἰτιατόν.
3414 5207 3535 5262 Οὐδ’
3566 5208 3639 5271 ὡς
3699 5209 3759 5276 ἐξ

2175 5295 2340 5366 ἄλλης
2368 5294 2562 5365 άλληνο
2600 5295 2662 5348 οὐ
2693 5295 2801 5366 γάρ
2856 5295 2996 5348 κατά
3046 5297 3386 5367 παραγωγὴν
3436 5299 3500 5350 ἐκ
3533 5300 3758 5370 μονάδος

2177 5389 2349 5459 Τριὰς
2382 5428 2395 5450 ,
2478 5385 2743 5459 ἀγένητος
2793 5388 3116 5458 ὑπάρχουσα
3201 5390 3292 5442 καὶ
3346 5391 3756 5459 αὑτέκφαντος’

2179 5480 2315 5534 ἁλλά
2339 5479 2435 5551 τὴν
2463 5481 2634 5550 αὐτὴν
2667 5479 2743 5543 ὡς
2779 5479 2997 5550 ἀληθῶς
3036 5479 3242 5551 μονάδα.
3275 5482 3369 5535 καὶ
3401 5483 3628 5555 Τριάδα,
3667 5485 3761 5538 καὶ

2181 5573 2482 5645 λεγομένην
2507 5573 2601 5628 καὶ
2638 5573 2968 5645 νοουμένην
3024 5574 3086 5626 τὸ
3120 5573 3240 5646 μὲν,
3281 5575 3360 5646 τῷ
3419 5579 3537 5630 κατ’
3572 5577 3760 5629 οὐσίαν

581 5749 620 5771 "
657 5743 896 5810 Probant
943 5743 1059 5812 haec
1109 5743 1164 5812 in
1211 5743 1704 5827 vi'congruentiae;
1755 5773 1862 5812 non
1919 5768 2103 5813 autem
2151 5755 2536 5811 demonstrant
2566 5743 2854 5809 Trinitatis
2894 5754 3223 5825 mysterium
3257 5755 3369 5810 sola
3411 5755 3513 5813 iidc
3544 5767 3756 5813 notum.
