4070 6410
411 368 514 432 893

1398 369 1802 436 EXPOSITIO
1839 365 2254 428 ORATIONIS
2289 361 2703 424 DnMINICrE.

3561 344 3670 413 894

403 480 550 550 λόγῳ
574 494 587 508 ⁸
619 479 681 532 τὸ
719 479 796 545 δὲ,
821 479 900 552 τῷ
933 482 1055 536 καθ’
1077 480 1313 553 ὕπαρξιν
1343 481 1559 552 τρόπῳ·
1616 482 1748 552 ὃλην
1783 480 1987 551 μονάδα

2103 476 2295 533 stantia
2323 515 2338 541 ,
2397 490 2462 532 ac
2491 475 2672 528 virtus
2710 488 2808 541 per
2839 487 2897 527 se
2931 485 3062 525 vere
3090 468 3271 539 reipsa
3303 473 3520 536 potens.
3566 461 3672 516 Ne"

409 570 510 638 τὴν
542 569 733 640 αὐτὴν,
770 572 843 642 μὴ
898 572 1306 643 μεμερισμένην
1335 575 1457 635 ταῖς
1486 572 1851 626 ὑποστάσεσι·
1892 571 1989 624 καὶ

409 661 539 730 ὅλην
567 660 776 731 mea:
824 661 924 732 τὴν
956 661 1144 731 αὐτὴν,
1181 665 1246 733 τῇ
1279 663 1462 733 μονάδι
1521 663 1595 735 μὴ
1643 664 1990 732 συγκεχυμέ-

412 769 540 822 νην·
572 752 662 806 ἴνα
699 752 772 824 μὴ
803 753 883 823 τῷ
919 752 1172 824 μερισμῷ
1212 754 1274 806 τὸ
1304 753 1586 818 πολύθεον,
1625 753 1658 825 ἦ
1689 757 1755 824 τῇ
1788 754 1990 823 συγχύ-

414 861 499 898 σει
553 844 616 896 τδ
657 844 816 899 ἄθεον
862 846 1279 916 ιὶσκομίζηται·
1338 845 1482 916 ἅπερ
1512 844 1729 915 φεύγων
1769 848 1796 898 ό
1851 845 1995 899 κατὰ

414 937 648 1007 Χριστδι
716 936 1090 1007 λαμπρύνεται
1177 935 1352 1003 λόγος.
1408 937 1564 1004 Λέγω
1619 937 1676 990 δὲ
1752 935 1991 1006 Χριστοῦ

412 1025 592 1092 λόγον,
628 1025 688 1078 τὸ
712 1027 894 1078 καινὸν
922 1026 1179 1097 κήρυγμα
1207 1027 1306 1096 τῆς
1335 1025 1622 1097 ἀληθείας·
1683 1029 1739 1079 ὲν
1879 1029 1990 1080 οὐκ

413 1117 586 1170 ἔστιν·
624 1116 805 1184 ἇίρεν
833 1118 929 1170 καί
961 1115 1116 1184 θῆλυ
1136 1133 1148 1146 ·
1187 1121 1329 1187 φημὶ
1352 1117 1408 1169 δὲ
1440 1117 1510 1170 τὰ
1541 1119 1762 1187 σημεῖα,
1807 1116 1900 1168 καὶ
1928 1117 1995 1169 ri

415 1206 563 1277 παθη
582 1207 678 1276 τῆς
707 1207 811 1259 ὑπὸ
831 1206 1038 1278 φθορὰν
1069 1209 1161 1260 καὶ
1179 1207 1391 1276 γένεσιν
1409 1208 1630 1277 φύσεως
1657 1223 1672 1238 ·
1707 1209 1815 1276 οὐχ
1847 1206 1992 1260 ’Έλ-

414 1301 539 1366 λην
559 1298 657 1352 καὶ
704 1298 1010 1362 Ἰουδαῖος,
1043 1300 1092 1351 οἱ
1150 1300 1276 1370 περὶ
1323 1299 1572 1368 Θεὸτητος
1621 1297 1994 1368 ἀντικείμενοι

418 1389 608 1457 λόγοι·
663 1391 736 1444 οὺ
769 1390 1050 1460 περιτομὴ
1088 1391 1187 1443 καὶ
1239 1390 1626 1457 ἀκροϐυστία,
1684 1391 1740 1442 αἱ
1784 1388 1996 1450 τούτοις

418 1478 620 1549 δηλαδὴ
650 1479 975 1550 κατάλληλοι
995 1481 1240 1551 λατρεῖαι
1261 1497 1274 1509 ·
1317 1483 1349 1552 ἠ
1384 1481 1502 1549 μὲν,
1531 1479 1618 1533 διὰ
1649 1480 1718 1534 τὰ
1755 1478 1997 1550 σύμϐολα

420 1566 515 1620 τοῦ
568 1568 752 1638 νόμου,
801 1569 899 1638 τὴν
956 1571 1288 1641 φαινομένην
1325 1571 1499 1622 κτίσιν
1542 1571 1865 1634 κακίζουσα,
1901 1572 1997 1624 xu‘t

421 1658 515 1711 τὸν
553 1659 776 1730 κτίστην
805 1659 880 1722 ὡς
928 1660 1113 1714 κακῶν
1159 1662 1387 1731 ποιητὴν
1424 1661 1782 1715 διαόἑιλλουσα
1811 1679 1824 1692 ·
1855 1663 1887 1731 ἡ
1917 1661 1995 1724 δὲ,

423 1750 514 1804 διὰ
549 1751 616 1805 τὰ
674 1751 820 1822 παθη
879 1753 1082 1823 ταύτην
1143 1753 1485 1818 θεοποιοῦσα,
1534 1755 1630 1806 καὶ
1684 1754 1761 1822 τῷ
1805 1754 1996 1824 κτίστῃ

2093 585 2199 641 que
2219 579 2277 623 ut
2304 568 2467 622 aliam
2498 582 2598 636 per
2619 565 2816 627 aliam;
2844 578 2946 618 nec
2965 563 3115 617 enim
3142 561 3254 616 ulla
3299 570 3531 628 prorsus
3580 553 3670 607 in-

2091 659 2326 715 tercedit
2359 656 2553 712 relatio
2603 671 2698 710 seu
2752 653 3040 717 habitudo,
3085 652 3354 705 dirimens
3381 649 3456 712 id,
3522 645 3671 716 quod

2092 765 2322 821 prorsus
2347 749 2490 802 idem
2517 754 2573 800 et
2594 744 2909 799 absolutum
2935 750 3021 797 est
3043 758 3058 806 ;
3085 738 3394 809 cujusmodi
3441 737 3672 790 eﬂectus

2093 839 2163 893 ad
2196 852 2414 892 causam
2443 834 2708 890 habitudo
2739 841 2840 886 est.
2872 831 2985 886 Nec
3028 830 3172 884 sicut
3195 843 3263 883 ex
3312 827 3417 881 alia
3469 827 3630 880 aliam
3657 842 3670 889 ;

2091 946 2203 985 non
2230 929 2380 983 enim
2409 928 2652 982 Trinitas
2670 942 2768 996 per
2791 923 3214 995 productionem
3235 929 3322 974 est
3342 918 3411 972 ab
3438 919 3670 978 unitate,

2093 1039 2217 1092 quae
2233 1023 2306 1076 sit
2329 1022 2592 1084 increata,
2609 1035 2672 1073 ac
2696 1019 2854 1088 ipsaa
2873 1033 2930 1071 se
2955 1031 3074 1070 sese
3091 1013 3402 1082 explicans:
3431 1009 3527 1063 sed
3555 1024 3676 1076 qua:

2093 1115 2345 1170 eamdem
2372 1129 2501 1168 vere
2527 1113 2712 1166 unitas
2741 1119 2906 1178 atque
2958 1108 3202 1162 Trinitas
3239 1113 3296 1159 ct
3344 1104 3564 1157 dicatur
3621 1109 3678 1152 et

2095 1205 2468 1276 intelligatur;
2506 1205 2738 1257 alterum
2766 1200 2990 1271 quidem
3029 1196 3283 1252 essentia:
3328 1195 3562 1256 ratione,
3601 1191 3676 1244 al-

2093 1309 2276 1351 terum
2327 1302 2512 1348 autem
2549 1291 2714 1346 modo
2780 1287 3116 1344 exsistentite
3148 1303 3162 1338 τ
3199 1292 3366 1338 totam
3409 1280 3675 1334 unitatem

2093 1388 2366 1451 eamdem,
2402 1401 2527 1456 qua:
2575 1381 2830 1454 personis
2873 1397 2983 1435 non
3039 1377 3213 1432 divisa
3248 1376 3352 1440 sit;
3396 1380 3676 1438 totamque

2095 1480 2343 1534 eamdem
2371 1480 2544 1547 ipsam
2589 1476 2939 1537 Trinitatem,
2991 1471 3129 1524 nihil
3183 1469 3310 1523 inde
3369 1465 3676 1522 confusam,

2097 1572 2243 1642 quod
2271 1571 2452 1625 unitas
2481 1568 2742 1632 exsistit;
2780 1581 2848 1620 ne
2893 1563 3192 1619 scilicetex
3236 1558 3679 1618 divisione,deo—

2098 1678 2220 1716 rum
2252 1663 2412 1714 turba
2447 1662 2798 1728 importetur,
2834 1657 2920 1710 vel
2959 1671 3027 1709 ex
3051 1651 3398 1712 confusione,
3427 1649 3542 1716 ipsa
3575 1660 3678 1698 no-

2099 1754 2186 1806 bis
2207 1754 2468 1822 depereat
2491 1751 2674 1806 Deitas
2702 1747 2885 1816 :quod
2923 1755 3219 1814 utrumque
3257 1739 3559 1796 absurdum
3598 1736 3682 1789 vi-

423 1839 770 1894 lrravwztbca
797 1841 856 1893 τὸ
885 1842 1096 1911 ποίημα
1121 1859 1134 1872 ·
1169 1843 1264 1896 καὶ
1305 1843 1438 1912 πρδς
1469 1844 1581 1896 ἴσον
1627 1843 1795 1895 κακὸν
1835 1843 2000 1912 ἄμφω

2103 1852 2223 1898 tans
2254 1843 2505 1898 ciarescit
2525 1840 2838 1896 Christiana
2862 1838 3136 1892 doctrina.
3169 1833 3539 1890 Christianam
3575 1844 3679 1882 au-

422 1929 524 1999 τὴν
560 1928 708 1982 θείαν
737 1929 895 2002 ὕϐριν
921 1931 1175 2002 ἀλλήλαις
1210 1932 1571 2002 συλλήγουσαι
1622 1931 1833 2003 [νεηρι.
1876 1933 1999 1984 συλ-

421 2025 705 2094 λέγουσαι·
739 2025 836 2081 Fr.
875 2026 1250 2098 συνάγουσαι].
1289 2029 1370 2081 Οὺ
1403 2027 1706 2094 ,βάρϐαρος
1728 2027 1824 2079 καὶ
1851 2027 2002 2079 Σκεύ-

423 2119 536 2183 θης
561 2133 575 2147 ·
606 2117 902 2182 τουτέστιν,
944 2118 1125 2188 ήπρὸς
1155 2119 1353 2188 ἑαυτὴν
1377 2117 1730 2188 στασιαστικὴ
1756 2119 1853 2188 τῆς
1871 2119 2001 2188 μιᾶς

424 2205 640 2274 φύσεως
678 2207 816 2260 κατὰ
849 2207 1073 2278 γνώμην
1105 2209 1411 2271 διάστασις·
1454 2209 1574 2261 καθ’
1614 2209 1679 2280 ἢν
1713 2211 1741 2262 ὁ
1766 2210 1864 2278 τῆς
1911 2209 2002 2262 ἀλ-

423 2296 774 2366 ληλοκτονίας
818 2297 969 2367 παρὰ
1017 2297 1179 2367 φύσιν
1209 2301 1320 2361 τοῖς
1348 2296 1654 2369 ἀνθρώποις
1701 2299 2002 2374 εἰσεφθὰρη

423 2388 611 2457 νόμος.
633 2390 779 2443 Οὔτε
807 2389 1041 2461 δοῦλος.
1077 2391 1177 2448 καί
1220 2392 1560 2465 ἐλεύθερος·
1615 2397 1648 2466 ἡ
1691 2396 1790 2466 τῆς
1835 2397 2004 2466 αὐτῆς

425 2477 674 2554 δηλονότι
721 2483 874 2554 παρὰ
916 2483 1142 2556 γνώμην
1167 2485 1432 2556 διαίρεσις
1498 2485 1744 2554 φύσεως·
1811 2485 2004 2556 ἄτιμον

432 2575 729 2646 ποιουμένη
769 2575 858 2629 τὸν
879 2575 1020 2630 κατὰ
1059 2576 1219 2646 φύσιν
1249 2577 1541 2647 ὁμότιμον·
1586 2578 1748 2648 νόμον
1787 2579 2006 2632 ἐπίκου-

431 2685 528 2740 ρον
557 2667 778 2738 ἔχουσα,
805 2668 902 2739 τὴν
922 2667 1290 2737 τυραννοῦσαν
1313 2668 1374 2720 τὸ
1403 2669 1502 2738 τῆς
1529 2669 1737 2732 εἰκόνος
1765 2668 2001 2740 ἀξίωμα,

426 2757 541 2811 τῶν
573 2757 936 2824 δεσποζόντων
973 2759 1240 2812 διάθεσιν·
1312 2759 1496 2814 Ἀλλὰ
1552 2759 1747 2814 πάντα
1807 2761 1902 2815 καὶ
1935 2763 2006 2815 ἐν

426 2847 883 2918 πᾶσιοΧριστός,
909 2851 998 2905 διὰ
1024 2851 1132 2905 τῶν
1168 2851 1311 2923 ὑπὲρ
1342 2851 1500 2921 φύσιν
1533 2853 1626 2906 καὶ
1681 2853 1864 2925 νόμον,
1906 2853 2004 2925 τὴν

413 2939 534 3022 ,τῆς
557 2939 793 3010 ἀνάρχου
822 2940 1096 3010 βασιλείας
1123 2941 1466 3012 δημιουργῶν
1495 2943 1551 2996 ὲν
1583 2943 1850 3014 πνεύματι
1877 2944 2008 3015 μόρ-

413 3047 638 3110 ιφωσιν·
672 3033 759 3102 ἢν,
792 3032 864 3094 ὡς
897 3032 1289 3094 ἀποδέδεικται,
1321 3033 1529 3102 πέφυκε
1557 3035 2000 3105 χαρακτηρίζειν,

2103 1945 2211 1991 tem
2232 1934 2558 2006 (secundum
2587 1931 2870 1987 Christum
2895 1927 3130 1997 scilicet)
3163 1939 3302 1981 voco
3348 1937 3546 1978 novam
3586 1937 3681 1972 ve—

2104 2028 2283 2082 ritatis
2320 2025 2802 2096 prmdicationem;
2876 2022 2932 2076 in
2967 2036 3075 2091 qua
3134 2035 3238 2073 non
3298 2025 3372 2070 est
3417 2011 3680 2069 masculus

2102 2135 2268 2188 neque
2291 2119 2523 2188 femina;
2551 2116 2703 2189 signa
2739 2115 3002 2172 nimirum
3047 2131 3110 2170 ae
3133 2114 3416 2185 passiones
3475 2125 3571 2164 seu
3603 2109 3683 2162 af-

2103 2212 2278 2269 fectus
2306 2219 2515 2268 naturae
2539 2211 2846 2266 interitioni
2898 2210 3156 2279 ortuique
3213 2203 3499 2266 obnoxiae;
3572 2216 3681 2252 non

2105 2306 2316 2363 ercus
2341 2315 2388 2358 et
2411 2304 2629 2358 Judazus
2672 2319 2690 2355 :
2731 2301 3025 2356 contrariae
3080 2299 3293 2354 scilicet
3349 2296 3417 2350 de
3469 2295 3681 2348 Deitate

2103 2396 2390 2451 sententia:
2419 2394 2714 2464 opiniones
2739 2410 2752 2458 ;
2781 2409 2884 2446 non
2913 2391 3239 2445 circumcisio
3279 2402 3445 2458 neque
3468 2400 3683 2454 ιιι-ατρα-

2105 2489 2236 2542 tium
2268 2503 2286 2541 :
2310 2487 2493 2541 cultus
2514 2487 2778 2540 nimirum
2805 2485 3028 2554 utrique
3063 2491 3225 2537 sectze
3251 2478 3644 2535 convenientes
3669 2492 3681 2526 :

2105 2595 2340 2650 quarum
2375 2579 2569 2641 altera,
2605 2579 2676 2632 ob
2709 2577 2845 2647 legis
2876 2576 3144 2647 symbola,
3167 2581 3476 2628 creaturam
3509 2571 3684 2624 oculis

2104 2672 2496 2743 aspectabilem
2544 2671 2827 2741 sugillans,
2890 2670 3090 2739 ipsum,
3147 2681 3260 2736 quo
3318 2665 3407 2719 illa
3455 2672 3685 2718 auctore

2105 2764 2330 2820 condita
2355 2773 2459 2827 est,
2495 2772 2753 2832 tanquam
2782 2762 3049 2816 malorum
3077 2748 3446 2813 auctorem'in
3474 2755 3682 2808 crimen

2105 2867 2267 2914 vocat
2296 2858 2502 2925 ;altera
2535 2871 2690 2918 vero,
2716 2871 2826 2925 pra:
2853 2852 3084 2907 libidine
3121 2857 3177 2904 et
3214 2864 3322 2918 qua
3365 2846 3512 2900 vitiis
3558 2860 3681 2914 pro-

2107 2952 2304 3007 clivior
2325 2958 2429 3014 est,
2461 2965 2581 3003 eam
2606 2947 2811 3002 deitate
2861 2945 3094 3006 denans,
3145 2941 3410 2995 adversus
3460 2936 3688 2992 Creato-

2108 3058 2223 3098 rem
2259 3039 2577 3104 committit,
2599 3037 2747 3108 quod
2770 3037 2866 3091 illo
2893 3043 3120 3089 auctore
3144 3031 3454 3086 editumest
3479 3046 3492 3094 ;
3522 3028 3687 3096 inque

430 3123 662 3195 καρδίας
716 3123 1044 3187 ταπείνωσις
1096 3124 1190 3178 καὶ
1236 3125 1514 3194 πραότης·
1569 3119 1643 3178 ὧν
1697 3128 1730 3195 ἡ
1789 3125 2001 3190 σύνοδος

2112 3135 2316 3188 malum
2338 3131 2545 3201 mquale
2566 3130 2684 3199 (Dei
2713 3129 2904 3198 utique
2933 3120 3346 3193 contumeliam)
3381 3121 3546 3176 ambo
3589 3135 3689 3189 pa—

428 3216 633 3270 τέλειον
665 3215 756 3269 τὸν
772 3216 914 3270 κατὰ
925 3217 969 3269 Χ
977 3216 1155 3288 ριστὸν
1174 3216 1487 3286 κτιζόμενον
1516 3216 1894 3271 ἀποδείκνυσιν
1912 3218 2002 3272 ἄν-

433 3305 666 3378 θρωπον.
686 3307 799 3370 Πᾶς
811 3305 918 3378 γὰρ
933 3305 1327 3376 ταπεινόφρων,
1346 3306 1563 3369 πάντως
1589 3307 1680 3359 καὶ
1701 3307 1891 3377 πρᾶος.
1913 3305 2008 3359 καὶ

434 3398 544 3462 πᾶς
581 3398 778 3469 πρᾶοςι
816 3397 1033 3461 πάντως
1085 3398 1178 3450 καὶ
1217 3397 2009 3469 ταπεινόφρων·ταπεινόφρων

440 3487 558 3558 μιν,
581 3487 656 3552 ὡς
684 3488 846 3557 γνοὺς
879 3487 1068 3540 ἑαυτὸν
1089 3485 1278 3557 ἔχοντα
1309 3487 1370 3540 τὸ
1401 3484 1540 3541 εἶναι
1563 3487 1968 3556 δεδανεισμένον
1996 3512 2004 3518 -

438 3579 611 3648 πρᾷος
637 3577 799 3643 δὲ,ῶς
824 3578 1073 3646 διαγνοὺς
1090 3577 1197 3630 τῶν
1225 3576 1478 3630 δοθεισῶν
1497 3577 1643 3648 αὐτῴ
1677 3579 1817 3630 κατὰ
1849 3577 2008 3644 φύσιν

445 3667 722 3738 δυνάμεων
744 3669 838 3741 τὴν
867 3671 1082 3740 χρῆσιν·
1123 3669 1220 3723 καὶ
1251 3669 1328 3738 τῷ
1356 3669 1454 3740 μὲν
1477 3668 1622 3739 λόγῳ
1640 3669 1773 3738 πρὸς
1806 3669 2007 3738 ἀρετῆς

447 3760 656 3829 γένεσιν
707 3760 906 3816 τούτων
941 3763 1114 3826 διδοὺς
1155 3764 1252 3833 τὴν
1288 3761 1624 3833 ὑπηρεσίαν·
1668 3763 1766 3830 τῆς
1820 3762 2009 3831 αἰσθή-

442 3869 576 3918 σεως
600 3854 655 3907 δὲ
709 3854 927 3918 τελείως
977 3854 1075 3926 τὴν
1104 3855 1310 3908 τούτων
1354 3853 1657 3907 συστέλλων
1706 3854 2004 3923 ἐνέργειαν.

435 3944 546 3999 Καὶ
579 3943 666 3999 διὰ
701 3945 861 3998 τοῦτο
884 3945 1025 4000 κατᾶ
1077 3946 1174 4017 μὲν
1204 3945 1296 3998 τὸν
1325 3945 1470 4008 νοῦν,
1513 3945 1650 4015 πρὸς
1675 3945 1806 3998 Θεὸν
1837 3943 2008 3997 ἀεικί-

431 4052 592 4106 νητος
623 4034 719 4090 ὢν·
752 4036 894 4091 κατὰ
932 4037 987 4090 δὲ
1032 4037 1132 4108 τὴν
1170 4037 1442 4106 αἴσθησιν,
1472 4035 1593 4088 οὐδὲ
1627 4035 1841 4088 πάντων
1871 4033 2005 4104 ὁμοῦ

429 4124 542 4179 τῶν
589 4126 725 4194 πρὸς
775 4125 934 4196 σῶμα
969 4124 1226 4195 λυπηρῶν
1259 4125 1454 4194 πεῖραν
1483 4122 1778 4193 λαμϐάνων
1814 4139 2006 4176 παντε-

428 4215 543 4280 λῶς
571 4217 908 4288 κινούμενος,
951 4215 1190 4288 ἢλύπης
1236 4214 1380 4286 ῐχνος
1433 4213 1679 4268 ἔπυπῶν
1711 4217 1777 4284 τῇ
1839 4214 2004 4286 ψυχῇ,

431 4309 575 4379 πρὸς
615 4308 973 4380 παραλλαγὴν
1015 4307 1116 4378 τῆς
1175 4308 1233 4361 ἐν
1298 4307 1436 4377 αὐτῇ
1491 4304 1786 4376 χαροποιοῦ
1829 4305 2008 4360 διαθέ-

431 4415 576 4461 σεως
606 4399 721 4470 (ηι)·
745 4399 805 4452 ού
840 4398 950 4469 γὰρ
965 4399 1178 4467 ἡγεῖται
1212 4396 1465 4466 στέρησιν
1496 4394 1692 4466 ἡδονῆς
1717 4396 2004 4467 ὑπάρχειν,

2113 3226 2246 3280 riter
2265 3224 2495 3279 ducunt.
2535 3220 2654 3276 Non
2685 3220 2945 3274 barbarus
2975 3234 3038 3270 ac
3068 3215 3264 3287 Scytha
3299 3230 3317 3268 :
3342 3221 3554 3267 naturae
3579 3209 3689 3264 sci-

2107 3319 2261 3381 licet,
2299 3333 2421 3385 qua:
2459 3330 2569 3368 una
2605 3314 2698 3377 sit,
2735 3303 2926 3367 secum
2952 3309 3128 3380 ipsius
3156 3304 3478 3363 dissidentis
3517 3303 3688 3356 animi

2107 3407 2380 3464 sententia
2414 3421 2478 3461 ac
2505 3406 2792 3459 voluntate
2821 3400 3164 3465 divortium;
3201 3413 3311 3467 quo
3366 3406 3689 3450 mutuarum

2110 3497 2344 3553 aedium
2374 3494 2675 3548 adversans
2707 3497 2919 3545 natura:
2943 3488 3033 3542 lex
3065 3484 3382 3540 hominibus
3437 3481 3686 3536 inolevit.

2107 3585 2224 3640 Non
2255 3600 2434 3637 servus
2462 3592 2510 3636 et
2540 3581 2673 3635 liber
2696 3597 2714 3634 :
2749 3577 2997 3650 ejusdem
3030 3575 3290 3630 nimirum
3329 3580 3560 3638 naturae,
3601 3569 3690 3623 in-

2110 3675 2486 3731 vitisinducta
2514 3673 2751 3736 divisio;
2789 3671 2997 3724 honore
3045 3665 3290 3736 spolians
3343 3678 3407 3718 ac
3447 3662 3692 3717 dehone-

2111 3778 2287 3832 stans,
2311 3781 2460 3828 eum,
2489 3765 2584 3835 qui
2617 3763 2738 3834 pari
2783 3770 2978 3815 natura
3020 3759 3230 3812 honore
3275 3753 3540 3826 praaditus
3593 3751 3687 3814 sit,

2109 3873 2307 3926 nempe
2339 3855 2730 3926 suﬂ'ragantem
2762 3851 2938 3921 legem
2983 3848 3214 3911 habens,
3244 3860 3368 3915 quae
3407 3842 3690 3914 tyrannice

2108 3949 2404 4020 opprimat,
2436 3962 2545 4016 qua
2573 3943 2782 3999 conditi
2808 3956 3021 4004 sumus,
3057 3937 3314 4008 imaginis
3339 3933 3688 4005 dignitatem,

2106 4039 2268 4109 357
2318 4035 2727 4091 dominantium
2785 4033 3029 4088 animum
3065 4046 3130 4085 ac
3176 4029 3542 4084 voluntatem.
3587 4023 3691 4078 Sed

2109 4132 2310 4194 omnia,
2345 4137 2394 4182 et
2428 4129 2485 4182 in
2517 4125 2756 4182 omnibus
2779 4124 3019 4180 Christus
3043 4139 3061 4177 :
3089 4121 3182 4190 qui
3211 4135 3309 4190 per
3327 4134 3412 4185 ea,
3449 4132 3573 4186 qua:
3594 4129 3694 4168 na-

2111 4228 2250 4276 tura:
2276 4221 2525 4291 legisque
2555 4217 2864 4272 rationibus
2885 4214 3157 4279 eminent,
3182 4211 3373 4267 aeterni
3401 4209 3458 4262 in
3494 4208 3689 4278 spiritu

2108 4313 2262 4384 regni
2289 4313 2529 4382 speciem
2553 4310 2899 4378 formamque
2925 4318 3110 4374 creat;
3133 4306 3297 4376 cujus
3338 4303 3692 4359 characteres

2108 4413 2363 4474 notaeque
2392 4402 2776 4474 insignientes,
2818 4399 2900 4454 uti
2932 4399 3225 4470 probatum
3251 4402 3355 4459 est,
3410 4393 3693 4447 humilitas

425 4488 493 4543 τὺ
519 4489 638 4541 κατ’
674 4487 926 4559 αἴσθησιν
955 4488 1220 4557 ἀλγεινόν.
1260 4487 1482 4559 Ἡδονὴν
1503 4488 1612 4558 γὰρ
1644 4485 1771 4557 μίαν
1784 4487 2001 4542 ἐπίστα-

2109 4495 2296 4551 cordis
2329 4504 2386 4550 et
2436 4492 2806 4548 mansuetudo
2848 4506 2970 4546 esse
3025 4501 3364 4544 consuevere
3400 4503 3414 4538 :
3458 4497 3693 4554 quarum

421 4589 543 4640 ται,
567 4572 665 4644 τὴν
683 4574 780 4644 τῆς
809 4575 987 4644 ψυχῆς
1025 4575 1161 4645 πρὸς
1195 4574 1283 4628 τὸν
1323 4574 1480 4643 λόγον
1513 4571 1920 4648 συμὸίωσιν,ἦς
1966 4579 2000 4649 ή

423 4667 692 4740 στέρησις
747 4669 968 4732 κόλασίς
998 4671 1144 4724 ἐστιν
1191 4670 1565 4738 ἀτελεύτητος,
1595 4670 1808 4733 πάντας
1836 4687 2002 4739 φυσι-

421 4756 546 4821 κῶς
575 4758 989 4830 περιγράφουσα
1017 4759 1143 4822 τοὺς
1171 4760 1392 4824 αἰῶνας.
1427 4759 1536 4812 Καὶ
1585 4759 1672 4814 διὰ
1719 4759 1898 4825 τοῦτο,
1941 4758 2004 4812 τό

419 4865 489 4902 τε
522 4849 701 4919 σῶμα,
761 4852 853 4904 καὶ
893 4852 1068 4904 πάντα
1109 4851 1177 4903 τὰ.
1217 4850 1308 4904 τοῦ
1367 4850 1614 4921 σώματος
1643 4852 1840 4920 ἀφεὶς,
1869 4851 2004 4924 πρὸς

416 4941 532 5010 τὴν
562 4939 711 4994 Θείαν
747 4941 973 5014 φέρεται
996 4941 1244 5005 σύντονος
1272 4943 1574 5013 συμϐίωσιν
1603 4961 1627 5001 ·,
1650 4944 1781 5014 μίαν
1802 4944 2006 5016 ζημίαν

419 5030 753 5108 ἡγούμενος,
795 5033 898 5086 κᾶν
930 5033 1147 5088 πάντων
1173 5034 1412 5107 δεσπόζῃ
1442 5034 1550 5087 τῶν
1601 5035 1694 5087 ἐπὶ
1746 5036 1872 5106 γῆς,
1906 5034 2006 5106 τὴν

416 5123 532 5193 τῆς
578 5125 1034 5197 προσδοκωμένης
1094 5126 1234 5181 κατὰ
1303 5127 1459 5198 χάριν
1508 5125 1756 5192 Θεώσεως
1803 5130 2009 5181 ἀποτυ-

418 5215 578 5286 χίαν.

2109 4602 2434 4651 coneursus,
2465 4602 2614 4652 eum,
2655 4585 2753 4655 qui
2793 4582 3098 4639 secundum
3156 4579 3438 4636 Christum
3474 4585 3693 4631 creatus

2103 4688 2212 4743 est,
2261 4679 2568 4749 perfectum
2611 4678 2889 4732 hominem
2927 4681 3079 4730 certo
3136 4671 3381 4727 exhibet.
3432 4667 3694 4736 Quisquis

2107 4772 2261 4826 enim
2294 4772 2480 4826 animo
2511 4770 2739 4824 humilis
2777 4781 3055 4836 sensuque
3105 4763 3392 4818 modestus
3434 4769 3538 4825 est,
3575 4776 3694 4813 om-

2104 4861 2237 4917 nino
2249 4863 2413 4916 etiam
2435 4861 2576 4917 lenis
2597 4873 2654 4916 et
2679 4868 2999 4915 mansuetus
3019 4866 3102 4912 est
3121 4873 3138 4923 ;
3159 4854 3512 4922 vicissimque
3542 4852 3691 4921 quis-

2107 4951 2234 5022 quis
2256 4952 2398 5007 lenis
2431 4960 2518 5008 est
2546 4962 2603 5008 et
2629 4959 2979 5014 mansuetus,
3011 4962 3240 5018 prorsus
3271 4945 3438 5000 etiam
3503 4943 3691 4997 animo

2111 5041 2344 5098 humilis
2378 5059 2658 5114 sensuque
2720 5041 3006 5096 modestus
3064 5047 3171 5094 est.
3204 5037 3404 5092 Animo
3465 5035 3692 5105 quidem

2111 5131 2338 5188 humilis
2365 5149 2431 5188 ac
2459 5149 2626 5188 sensu
2683 5131 2986 5196 modestus,
3032 5127 3180 5200 quod
3227 5142 3286 5182 se
3336 5124 3585 5196 precario
3629 5139 3694 5178 ac

2113 5223 2460 5277 commodato
2486 5223 2690 5278 habere
2719 5227 2999 5292 agnoscat,
3031 5219 3178 5289 quod
3211 5233 3332 5272 esse
3355 5224 3552 5270 nactus
3572 5220 3690 5277 est;

423 5311 578 5366 lenis
612 5327 746 5367 vero
779 5326 844 5366 ac
884 5319 1225 5374 mansuetus,
1257 5318 1317 5365 ut
1339 5309 1434 5381 qui
1468 5310 1670 5365 virium
1711 5311 1762 5365 ei
1813 5317 2011 5365 natura
2047 5324 2434 5368 concessarum
2459 5330 2620 5369 usum
2678 5330 2789 5368 non
2849 5311 3080 5376 nesciat,
3128 5319 3295 5380 atque
3340 5309 3440 5363 has
3468 5307 3693 5377 quidem

423 5401 668 5457 rationis
697 5401 963 5470 obsequio
987 5401 1054 5456 ad
1081 5401 1324 5456 virtutes
1364 5401 1769 5472 progignendas
1825 5401 2065 5465 addicat,
2105 5419 2136 5458 a
2166 5418 2331 5460 sensu
2357 5421 2490 5460 vero
2520 5419 2712 5459 earum
2741 5419 2972 5472 prorsus
2992 5403 3373 5472 operationem
3425 5399 3689 5452 retrahat-

424 5491 689 5562 llincque
713 5494 851 5548 adeo
868 5501 974 5558 est,
1003 5501 1065 5547 ut
1108 5501 1292 5547 mente
1322 5491 1567 5561 quidem,
1608 5492 1722 5565 jugi
1749 5492 1806 5546 in
1844 5493 2018 5548 Deum
2049 5504 2204 5550 motu
2235 5495 2532 5562 incitetur;
2572 5511 2735 5550 sensu
2773 5510 2924 5561 vero,
2989 5509 3094 5550 nec
3152 5492 3199 5549 si
3243 5491 3450 5557 omnia,
3493 5490 3694 5560 quibus

507 5648 603 5720 (m)
622 5650 954 5718 Χαροποιοῦ
976 5649 1316 5713 διαθέσεως.
1339 5649 1490 5720 Alter
1511 5649 1642 5719 Reg.
1662 5649 1788 5704 eod.
1805 5649 2009 5719 χάριτι·

423 5735 552 5848 τηε
580 5735 672 5789 per
699 5721 930 5790 gratiam
952 5722 1006 5804 i‘n
1027 5736 1089 5772 ea
1112 5729 1208 5773 est.
1235 5719 1375 5799 Quid
1392 5721 1678 5800 verovelit
1709 5722 2012 5789 τὺ,χαρτῆς

480 5796 633 5848 enet.
660 5789 796 5847 Cod.
835 5799 890 5846 et
940 5790 1030 5844 ιον.
1065 5804 1177 5843 non
1201 5804 1398 5848 capto;
1440 5804 1546 5844 ms:
1604 5790 2010 5846 breviationem

480 5796 633 5848 enet.
660 5789 796 5847 Cod.
835 5799 890 5846 et
940 5789 1030 5844 Fr.
1065 5804 1177 5843 non
1201 5789 1398 5858 capio;
1440 5789 1546 5844 nisi
1604 5790 2010 5846 breviationem

2117 5653 2260 5778 rqale
2289 5652 2648 5776 intellectam,
2681 5651 2762 5708 sic
2791 5650 3050 5724 imperite
3087 5645 3384 5720 antiquarii
3406 5644 3570 5702 ambo
3599 5661 3694 5703 ex-

2120 5739 2152 5778 n
2181 5739 2369 5778 umrun
2401 5762 2416 5777 .

2119 5739 2416 5794 ptumum.
