4070 6412
1664 317 1726 377 S.
1765 316 2051 378 MAXIM!
2087 315 2229 379 CON
2237 313 2596 375 FESSORIS
3649 313 3756 376 896

505 324 612 387 895

462 451 706 509 corpus
763 434 1011 490 molestia
1066 431 1206 488 allici
1278 430 1438 497 solet,
1488 430 1652 487 simul
1726 431 2008 503 ingruant,
2063 443 2370 499 eorumque
2402 428 2711 498 periculum
2774 426 2964 492 iaciat,
3012 426 3314 498 quidquam
3367 426 3590 497 penitus
3628 440 3757 481 mo-

507 536 715 592 veatur,
748 524 925 581 ullovc
950 524 1189 580 tristitiae
1219 522 1450 594 vestigio
1507 524 1692 579 animo
1739 521 2086 585 informetur,
2160 528 2220 574 ut
2244 520 2376 574 hinc
2412 518 2599 590 gaudii
2643 518 2804 589 plena
2875 515 3094 573 aflectio
3138 532 3205 573 ac
3252 517 3542 589 dispositio
3570 516 3629 575 in
3686 533 3760 573 eo

504 621 847 674 immutetur.
886 615 1004 672 Non
1060 616 1207 672 enim
1264 615 1532 679 dolorem,
1561 614 1656 686 qui
1692 628 1915 669 sensum
1961 611 2265 676 excruciat,
2299 610 2596 680 voluptatis
2658 609 2961 667 carentiam
3009 609 3332 665 arbitratur.
3396 609 3754 680 Voluptatem

501 722 685 770 autem
714 727 879 767 unam
899 712 1070 775 novit,
1103 709 1271 765 animi
1308 724 1434 764 cum
1492 709 1706 764 ratione
1751 706 2107 770 convictum;
2148 704 2307 775 cujus
2349 700 2608 773 privatio,
2646 701 2955 758 immortale
3024 701 3353 772 supplicium
3398 709 3505 767 est,
3557 697 3783 758 cuneta

503 806 826 863 naturaliter
887 802 1085 858 saacula
1124 801 1335 855 ambitu
1388 799 1783 870 complectens.
1833 796 2067 860 Idcirco,
2108 803 2227 858 tum,
2246 790 2516 864 corporis,
2550 801 2668 848 tum
2705 808 2829 863 qua:
2884 799 3017 846 sunt
3042 790 3310 860 corporis,
3372 791 3632 847 omnibus
3660 808 3762 849 va-

502 902 614 954 lere
633 896 823 969 jussis,
861 894 929 949 ad
950 892 1374 948 divinumenixe
1405 889 1711 946 connititur
1763 885 2108 952 convictum;
2149 898 2317 939 unam
2375 882 2601 940 demum
2647 884 2920 955 iacturam
2951 889 3237 952 reputans,
3288 881 3374 938 vel
3402 881 3450 937 si
3509 890 3761 940 terreno-

504 1005 624 1044 rum
657 987 905 1044 omnium
964 984 1210 1039 dominio
1272 984 1498 1054 polleat,
1529 982 1669 1054 ejus,
1735 995 1857 1051 quae
1911 994 2010 1050 per
2063 977 2299 1049 gratiam
2318 975 2627 1048 praestanda
2654 984 3030 1047 exspectatur,
3085 973 3453 1030 deiﬁcationis
3494 973 3760 1032 frustrata

503 1090 624 1138 νοω
653 1095 717 1135 ac
733 1094 887 1149 spem
916 1093 1148 1134 (33553111.

570 1174 760 1242 Itaque
789 1172 1157 1227 emundemus
1191 1184 1294 1225 nos
1324 1152 1474 1240 ipsos
1494 1168 1564 1225 ab
1610 1169 1759 1223 omni
1820 1167 2080 1239 inquina-
2108 1170 2156 1225 Δ

502 1273 690 1320 mento
723 1263 907 1319 carnis
964 1278 1029 1318 ac
1090 1263 1320 1334 spiritus
1346 1261 1413 1328 ³⁸,
1478 1272 1542 1317 ut
1582 1261 1943 1332 cupiditatem
1995 1260 2053 1315 in

500 1355 703 1411 decore
732 1354 1022 1410 aﬂ‘cctibus
1043 1355 1419 1411 lascivientem
1453 1355 1890 1425 exstinguentes,
1933 1353 2077 1408 divi-

501 1458 635 1501 num
674 1462 876 1501 nomen
939 1446 1364 1512 sanctificemus,
1421 1446 1669 1515 iramque
1722 1453 1893 1500 castro
1942 1459 2081 1514 quo-

500 1540 627 1595 dam
655 1539 1018 1609 incomposite
1052 1537 1431 1607 voluptatibus
1478 1530 1781 1592 inhiantem
1825 1549 2079 1604 compes-

498 1646 728 1697 camus;
770 1638 852 1696 ut,
877 1628 1144 1699 quodper
1176 1629 1654 1684 mansuetudinem
1704 1627 1931 1682 advenit
1986 1642 2078 1683 re-

498 1738 668 1792 gnum
714 1722 808 1776 Dei
837 1736 902 1777 ac
932 1721 1129 1786 Patris,
1175 1720 1557 1790 suscipiamus.
1615 1719 1885 1788 Deinceps
1947 1732 2078 1772 vero

501 1815 824 1877 sequentem
870 1806 1139 1862 orationis
1200 1814 1431 1872 textum,
1479 1806 1566 1861 bis
1620 1821 1744 1876 quas
1799 1804 2079 1859 anteriora

501 1906 651 1963 sunt,
678 1897 1061 1968 adjungamus.

635 2011 756 2066 Fiat
776 2011 1022 2067 voluntas
1047 2022 1164 2081 tua,
1188 2014 1320 2068 sicut
1342 2012 1398 2067 in
1434 2020 1585 2080 οωιο,
1613 2021 1661 2067 et
1685 2012 1741 2067 in
1768 2020 1933 2066 terra.

571 2209 677 2277 Qui
717 2211 834 2267 sola
868 2211 1100 2268 rationis
1127 2211 1181 2269 vi
1226 2226 1257 2268 a
1304 2214 1610 2284 cupiditate
1650 2222 1816 2284 atque
1858 2214 1941 2268 ira
1990 2228 2079 2269 se-

498 2308 669 2365 creta,
704 2301 933 2374 mystice
959 2302 1073 2358 Deo
1131 2302 1340 2358 cultum
1388 2303 1556 2375 358
1621 2304 1867 2369 adhibet,
1922 2303 1971 2358 is
2020 2304 2078 2359 in

501 2399 667 2459 terra,
692 2407 821 2448 eum
857 2395 913 2449 in
945 2395 1170 2449 modum
1191 2411 1301 2466 quo
1325 2396 1382 2450 in
1435 2397 1576 2453 ctelo
1635 2395 1869 2467 angelici
1922 2395 2075 2451 ordi-

501 2498 620 2551 nes,
645 2484 885 2541 divinam
909 2486 1247 2542 voluntatem
1274 2488 1552 2559 implevit;
1578 2503 1679 2558 per
1719 2488 1902 2543 omnia
1920 2486 2076 2542 simi-
2107 2508 2148 2563 Β

499 2576 567 2632 lis
587 2578 796 2649 angelis
817 2579 1095 2645 adorator,
1122 2581 1297 2652 iisque
1340 2581 1771 2646 contubernalis,
1807 2581 2075 2652 quemad-

498 2668 721 2725 modum
749 2672 986 2755 quodam
1027 2672 1149 2728 loco
1199 2688 1428 2745 magnus
1468 2673 1763 2744 Apostolus
1806 2672 1884 2729 ait
1917 2691 1932 2727 :
1962 2671 2075 2728 No-

495 2772 609 2817 stra
636 2770 810 2816 autent
831 2765 1153 2819 conversatio
1173 2764 1227 2818 in
1255 2766 1396 2820 satis
1424 2775 1499 2820 est
1524 2765 1604 2833 ";
1635 2766 1778 2837 apud
1804 2781 1943 2837 quos
1963 2779 2075 2820 non

496 2861 585 2908 est
606 2852 899 2923 cupiditas,
929 2869 1051 2924 qua:
1086 2854 1431 2925 voluptatum
1485 2857 1538 2911 vi
1587 2858 1831 2928 vigorem
1875 2857 2076 2912 mentis

498 2943 947 2999 dissolvatmon
975 2945 1057 3000 ira
1086 2945 1295 3013 furens,
1342 2946 1746 3017 adversumque
1792 2957 2074 3018 cognatos,

496 3050 566 3093 ac
605 3050 746 3107 quos
793 3037 961 3091 unius
992 3038 1212 3108 generis
1282 3038 1518 3093 societas
1570 3047 1774 3105 teneat,
1819 3047 2077 3109 proterve

501 3126 805 3195 oblatrans,
835 3129 930 3184 sed
965 3128 1398 3201 singularissima
1418 3130 1580 3197 ratio,
1611 3129 1679 3185 ad
1709 3130 1944 3201 primam
1990 3146 2079 3185 ra-
2110 3148 2116 3153 ·

501 3218 732 3285 tionem,
767 3234 864 3275 eos
914 3221 1012 3290 qui
1069 3219 1280 3275 ratione
1313 3227 1560 3284 utantur,
1596 3230 1795 3275 natura
1830 3220 2075 3288 ducens;

500 3326 610 3382 qua
647 3312 762 3366 sola
794 3311 997 3382 gaudet
1026 3312 1190 3378 Deus,
1222 3320 1279 3367 et
1311 3326 1342 3366 a
1367 3312 1530 3368 nobis
1560 3312 1734 3368 servis
1757 3314 1874 3368 suis
1924 3312 2078 3368 efﬂa-

496 3403 656 3477 gitat.
680 3403 849 3472 quue
878 3403 1171 3475 signiﬁcat,
1206 3417 1333 3459 cum
1366 3404 1422 3459 in
1473 3403 1591 3460 haec
1622 3404 1790 3460 verba
1819 3416 2079 3476 magnum

501 3493 764 3550 Davidem
807 3494 1148 3565 alloquitur:
1203 3494 1343 3560 Quid
1369 3496 1509 3550 enim
1540 3497 1671 3551 mihi
1719 3496 1878 3550 estin
1929 3495 2076 3562 σωίο,

500 3598 552 3643 ει
581 3596 691 3644 ate
718 3589 846 3660 quid
872 3588 1017 3646 volui
1038 3604 1197 3660 super
1225 3596 1428 3643 terram
1461 3586 1547 3643 ³³9
1576 3589 1726 3644 Nihil
1778 3596 1964 3643 autem
2021 3588 2079 3644 in

498 3682 658 3738 cmlis
680 3681 857 3737 sancti
898 3681 1076 3753 angeli
1109 3681 1222 3737 Deo
1261 3679 1524 3749 oderunt,
1575 3691 1778 3753 praeter
1838 3682 2082 3737 rationa-

2268 1156 2725 1233 'A7vla¢op.sv_o§v
2773 1161 3004 1225 ἑαυτοὺς
3048 1161 3251 1227 παντὸς
3297 1161 3578 1233 μολυσμοῦ
3615 1178 3758 1234 σαρ·

2180 1251 2273 1314 κὸς
2302 1252 2396 1305 καὶ
2429 1250 2760 1322 πνεύματος,
2810 1252 2898 1306 ἴνα
2930 1253 2991 1307 τὸ
3019 1252 3165 1306 θετον
3196 1253 3523 1322 ἀγιάσωμεν
3552 1253 3752 1325 ὄνομα,

2179 1341 2551 1411 ἀκκιζομένην
2587 1344 2701 1405 τοῖς
2740 1342 2970 1397 πάθεσιν
3004 1344 3272 1415 ἀπρεπῶς
3311 1345 3412 1415 τὴν
3456 1343 3760 1415 ἐπιθυμίαν

2179 1433 2621 1498 κατασϐέσαντες
2645 1451 2658 1465 ο
2697 1434 2793 1488 καὶ
2845 1433 2987 1505 λόγῳ
3013 1475 3030 1501 ,
3081 1436 3201 1498 ταῖς
3252 1434 3470 1505 ἡδοναῖς
3501 1435 3759 1500 ἀτάκτοις

2178 1525 2601 1597 ὲπιμαινόμενον
2626 1528 2716 1582 τὸν
2744 1526 2934 1597 θυμὸν,
2964 1526 3361 1598 καταδήσωμεν
3383 1538 3399 1556 ⁸
3428 1525 3518 1579 ἵνα
3546 1525 3636 1580 διὰ
3657 1527 3761 1596 τῆς

2180 1617 2487 1689 πραότητος
2548 1619 2997 1690 παραγινομένην
3053 1616 3441 1688 ὑπώεξὼμεθα
3496 1618 3596 1688 τὴν
3657 1618 3758 1671 τοῦ

2177 1707 2314 1762 Θεοῦ
2350 1709 2446 1762 καὶ
2483 1711 2698 1782 Πατρὸς
2749 1710 3047 1781 βασιλείαν.
3108 1711 3217 1764 Καὶ⁵
3247 1710 3340 1763 τὸν
3367 1709 3568 1781 ἐφεξῆς
3599 1710 3760 1779 λόγον

2176 1802 2277 1871 τῆς
2355 1805 2665 1873 προσευχῆς
2709 1806 2823 1868 τοῖς
2891 1803 3179 1875 προτέροις
3242 1803 3607 1874 ἀρμόσωμεν,
3671 1803 3761 1858 λέ-

2178 1908 2365 1960 γοντες
2396 1910 2411 1925 ·

2245 2004 2568 2074 Γενηθήτω
2603 2004 2668 2060 τὸ
2699 2007 2931 2077 θέλημὰ
2956 2024 3093 2077 σου,
3132 2009 3214 2079 ὡς
3240 2011 3311 2066 ἐν
3339 2008 3607 2077 οὐρανῷ.
3658 2009 3759 2066 και

2174 2096 2275 2150 ἐπὶ
2310 2096 2423 2166 τῆς
2450 2095 2586 2167 τῆςο

2259 2211 2316 2265 Ὀ
2352 2212 2493 2266 κατὰ
2534 2213 2705 2283 μόνην
2739 2211 2838 2283 τὴν
2881 2212 3110 2285 λογικὴν
3146 2213 3413 2286 δύναμιν,
3454 2216 3757 2288 ἐπιθυμίας

2175 2320 2236 2357 τε
2266 2302 2361 2356 καὶ
2396 2301 2568 2375 θυμοῦ
2597 2305 3010 2376 κεχωρισμένην
3043 2307 3319 2377 μυστικῶς
3340 2308 3639 2380 προσάγων
3675 2309 3755 2381 τῷ

2174 2393 2296 2465 Θεῷ
2328 2394 2430 2466 τὴν
2475 2395 2768 2467 λατρείαν,
2804 2392 2959 2462 οὗτος
3001 2398 3095 2451 ἐπὶ
3127 2398 3266 2469 γῆς,
3314 2399 3391 2464 ὡς
3437 2403 3496 2455 ἑν
3540 2401 3757 2472 οὐρανῷ

2174 2484 2285 2538 τῶν
2343 2485 2590 2555 ἀγγέλων
2624 2489 2680 2540 αἱ
2740 2488 2959 2554 τάξεις,
3011 2489 3072 2542 τὸ
3112 2487 3258 2543 θεῖον
3296 2490 3629 2562 πεπλήρωκε
3665 2490 3758 2545 θέ-

2177 2574 2355 2645 λημα·
2404 2576 2492 2631 διά
2524 2578 2746 2631 πάντων
2788 2581 2902 2643 τοῖς
2964 2578 3221 2648 ἀγγέλοις
3256 2581 3571 2655 ὀμολάτρης
3603 2582 3758 2652 γενό-

2180 2680 2343 2736 μενος
2399 2666 2495 2720 καὶ
2547 2667 2895 2738 ὁμοδίαιτος,
2947 2670 3094 2725 καθά
3130 2671 3234 2724 πού
3285 2690 3453 2744 φησιν
3499 2675 3529 2728 ό
3583 2674 3756 2744 μέγας

2190 2756 2529 2825 ’Δπόστολος,
2572 2754 2761 2829 Ἡμῶν
2786 2758 2856 2813 δὲ
2895 2761 2962 2816 τὸ
2995 2763 3329 2833 πολίτευμα
3362 2764 3432 2818 ἐν
3473 2763 3755 2834 οὐρανοῖς

2176 2848 2435 2918 ὑπάρχει
2459 2865 2473 2881 .
2511 2852 2642 2920 παρ’
2677 2843 2760 2915 οἷς
2799 2852 2899 2905 οὒκ
2931 2851 3081 2906 ἐστιν
3126 2854 3417 2927 ἐπιθυμία,
3462 2852 3532 2910 δι’
3560 2857 3756 2928 ἡδονῆς

2176 2941 2302 3003 τοὺς
2364 2942 2585 3012 νοεροὺς
2655 2943 3015 3014 παραλύουσα
3073 2946 3262 3011 τόνους
3288 2964 3304 2978 ο
3331 2951 3349 2971 ⁶
3402 2947 3527 3002 οὕτε
3583 2948 3754 3022 ουμδς

2176 3028 2423 3097 λυσσῶν,
2476 3035 2572 3086 καὶ
2624 3033 2685 3087 τὸ
2740 3037 3004 3105 συγγενὲς
3053 3038 3305 3109 ἀσέμνως
3355 3039 3713 3095 καθυλακτῶν
3737 3058 3751 3073 '

2178 3123 2316 3179 ἀλλά
2369 3123 2526 3194 λόγος
2585 3126 2892 3196 μονώτατος
2912 3170 2926 3193 ,
3004 3130 3140 3201 πρὸς
3190 3131 3281 3185 τὸν
3333 3132 3550 3204 πρῶτον
3599 3131 3754 3203 λόγον

2179 3215 2424 3283 φυσικῶς
2506 3217 2656 3286 ἀγων
2727 3219 2856 3283 τοὺς
2913 3220 3161 3287 λογικούς
3187 3239 3201 3252 ο
3253 3215 3298 3291 ᾧ
3368 3222 3514 3295 μόνῳ
3575 3224 3754 3296 χαίρει

2179 3302 2335 3374 Θεὸς,
2380 3306 2477 3361 καὶ
2511 3310 2642 3381 παρ’
2672 3310 2831 3382 ήμῶν
2860 3313 3002 3365 aitet
3031 3311 3140 3365 τῶν
3174 3312 3341 3367 αὑτοῦ
3375 3312 3599 3370 δούλων.
3646 3312 3755 3371 Καὶ

2179 3401 2341 3459 τοῦτο
2367 3404 2518 3474 δηλοῖ
2552 3404 2689 3477 πρὸς
2720 3405 2812 3460 τὸν
2847 3406 3022 3478 μέγαν
3055 3407 3280 3477 φάσκων
3321 3408 3513 3465 Δαϐίδ·
3552 3412 3615 3465 Τί
3645 3411 3753 3482 γάρ

2174 3512 2278 3566 μοι
2302 3495 2557 3564 ὑπάρχει
2581 3497 2650 3552 ὲν
2677 3497 2757 3563 τῷ
2788 3498 3044 3567 οὐρανῷ,
3078 3498 3178 3554 καὶ
3206 3502 3366 3570 παρὰ
3397 3502 3514 3558 σοῦ
3540 3506 3598 3558 τί
3625 3505 3756 3572 ἠθέ-

2181 3591 2350 3657 λησα
2380 3588 2476 3643 ἐπὶ
2518 3587 2630 3659 τῆς
2664 3586 2778 3660 γῆς
2805 3606 2828 3654 ;
2895 3591 3160 3663 ’Υπάρχει
3199 3592 3257 3647 δὲ
3297 3593 3374 3664 τῷ
3407 3593 3528 3666 Θεῷ
3567 3595 3626 3648 έν
3664 3596 3754 3649 οὑ-

2180 3680 2369 3750 ρανοῖς
2423 3679 2836 3750 προσαγόμενον
2895 3681 3047 3753 παρὰ
3108 3678 3218 3737 τῶν
3269 3682 3439 3753 ἀγίων
3485 3685 3752 3754 ἀγγέλων,

499 3774 608 3829 lem
635 3774 885 3839 cultum;
912 3788 1079 3843 quem
1122 3772 1302 3843 ipsum
1346 3788 1374 3827 a
1429 3772 1591 3828 nobis
1638 3775 1889 3846 exigens,
1933 3779 2080 3830 inter

2182 3765 2322 3837 πλὴν
2344 3767 2443 3839 τῆς
2468 3767 2690 3839 λογικῆς
2716 3767 2972 3841 λατρείας
3000 3771 3152 3826 οὐδέν
3176 3788 3190 3801 ⁸
3217 3773 3286 3843 ῆν
3319 3775 3411 3827 καὶ
3438 3778 3571 3846 παρ’
3598 3776 3766 3847 ήμῶν-

499 3865 772 3922 orandum
809 3865 995 3922 dicere
1023 3865 1251 3922 docuit:
1278 3864 1401 3921 Fiat
1422 3866 1668 3922 voluntas
1691 3844 1807 3934 tua,
1863 3869 1995 3922 sicut
2022 3868 2076 3923 in

2181 3857 2475 3928 ἐπιζητῶν,
2513 3862 2986 3933 προσευχομένους
3034 3862 3212 3933 λέγειν
3274 3862 3482 3934 ἐδίδαξε
3507 3844 3534 3899 ί
3563 3844 3753 3937 Pern-

498 3959 650 4027 calo,
666 3968 716 4015 et
736 3960 795 4015 in
823 3968 992 4015 terra.

570 4133 939 4204 lgiturnostra
963 4148 1185 4204 quoque
1214 4132 1284 4189 ad
1311 4133 1482 4188 Deum
1513 4134 1907 4205 inquirendum
1933 4137 2077 4193 ratio

498 4234 806 4298 moveatur,
831 4225 1029 4295 visque
1059 4225 1376 4295 cupiditatis
1400 4226 1678 4282 desiderio
1700 4228 1758 4283 in
1804 4242 1933 4283 eum
1984 4242 2079 4284 ra-

501 4317 720 4394 piatur;
758 4317 853 4370 irae
874 4316 1112 4386 denique
1171 4318 1424 4384 facultas,
1469 4321 1591 4390 ejus
1641 4320 2080 4377 conservationis

499 4409 698 4483 ardore
731 4424 910 4480 pugna
953 4410 1263 4465 concitetur
1293 4429 1306 4466 :
1332 4412 1439 4478 vel,
1470 4419 1532 4467 ut
1562 4412 1752 4483 verius
1800 4428 1865 4468 ac
1906 4413 2080 4483 magis

501 4503 724 4570 proprie
744 4500 960 4569 loquar,
977 4514 1134 4555 mens
1149 4508 1261 4556 tota
1286 4502 1341 4556 in
1362 4500 1532 4557 Deum
1556 4503 1895 4567 intendatur,
1913 4516 2078 4573 quam

506 4576 637 4669 tono
670 4591 906 4661 quodam
933 4591 1183 4648 iracundi
1204 4608 1387 4650 mores
1420 4591 1805 4660 eorroborent,
1834 4609 2077 4649 summa-

501 4697 608 4755 que
637 4681 901 4737 desiderii
928 4683 979 4738 vi
1001 4683 1237 4753 cupidus
1258 4700 1415 4739 amor
1446 4682 1730 4740 accendat.
1786 4683 1877 4740 Sic
1928 4684 2077 4740 enim

501 4776 820 4850 angelorum
854 4775 911 4829 in
940 4775 1081 4831 emlo
1103 4775 1428 4841 imitatione,
1453 4776 1547 4832 Dei
1577 4791 1675 4847 per
1700 4776 1885 4831 omnia
1903 4777 2082 4832 culto-

502 4881 591 4931 res
617 4866 1003 4934 inveniemur;
1026 4866 1123 4937 qui
1151 4866 1414 4921 nimirum
1447 4866 1701 4923 eamdem
1731 4881 1857 4922 cum
1914 4883 2081 4939 ange-

502 4959 570 5033 lis
601 4959 728 5014 vita}
755 4959 1020 5014 rationem
1055 4960 1112 5014 in
1145 4968 1290 5015 terra
1337 4958 1726 5024 exhibeamus';
1756 4958 1838 5015 sic
1881 4974 2080 5041 nempe

501 5051 821 5119 comparati,
845 5059 905 5106 ut
933 5050 1162 5121 perinde
1195 5064 1260 5104 ac
1291 5048 1392 5113 illi,
1429 5048 1487 5103 in
1499 5047 1646 5103 nulla
1671 5047 1885 5116 eorum,
1908 5064 2030 5120 qua:
2049 5064 2081 5105 a

502 5141 615 5215 Deo
639 5140 880 5196 secunda
909 5147 1059 5205 sunt,
1082 5139 1267 5194 animo
1288 5155 1516 5210 prorsus
1548 5154 1888 5196 moveamur.
1918 5141 2079 5197 Acci-

503 5231 718 5306 piemus
744 5230 895 5286 enim
917 5244 987 5285 ex
1012 5239 1264 5286 votorum
1299 5231 1534 5297 ratione,
1586 5231 1665 5286 sic
1705 5232 1874 5289 vitam
1915 5233 2076 5289 insti—

506 5327 744 5395 tuentes,
771 5318 923 5375 velut
956 5332 1174 5388 panem,
1200 5319 1472 5373 ἐπιούσιον
1496 5320 1850 5393 vitalemque,
1889 5323 1945 5377 in
1975 5323 2077 5378 ali-

505 5411 746 5487 moniam
774 5409 1085 5472 animarum
1105 5418 1443 5479 nostrarum,
1478 5419 1534 5466 et
1560 5421 1621 5466 ut
1653 5421 1849 5485 vegeta
1907 5412 2077 5470 bene-

2178 3949 2334 4016 θήτω
2359 3951 2424 4005 τὸ
2454 3950 2683 4023 θέλημά
2712 3968 2852 4020 σου,
2896 3955 2976 4020 ὡς
3000 3955 3072 4010 ἐν
3094 3955 3347 4027 οὐρανῷ,
3378 3958 3479 4013 καὶ
3520 3960 3623 4015 ἐπὶ
3649 3961 3754 4032 τῆς

2176 4057 2310 4110 τηςο
2616 4100 2623 4108 .

2249 4131 2461 4188 υὺκοῦν
2507 4134 2766 4191 κινείσθω
2811 4135 2907 4191 καὶ
2952 4136 3109 4208 ἡμῶν
3147 4137 3285 4211 πρὸς
3334 4134 3436 4208 τὴν
3482 4136 3576 4194 τοῦ
3616 4140 3751 4195 Θεοῦ

2178 4223 2407 4298 ζήτησιν
2442 4229 2471 4281 ὁ
2521 4228 2715 4298 λόγος,
2767 4229 2904 4301 πρός
2938 4248 2998 4284 τε
3041 4231 3132 4284 τὸν
3169 4229 3333 4285 αὑτοῦ
3372 4231 3538 4285 πόθον
3568 4234 3602 4303 ὴ
3636 4234 3752 4288 κατ’

2178 4314 2474 4386 ἐπιθυμίαν
2506 4316 2770 4388 δύναμις,
2821 4320 2918 4373 καὶ
2972 4320 3110 4390 πρὸς
3143 4322 3247 4392 τὴν
3294 4320 3460 4376 αὐτοῦ
3504 4322 3752 4396 φυλακὴν

2180 4402 2534 4476 ἀγωνιζέσθω
2585 4409 2648 4463 τὸ
2703 4404 2931 4482 θυμικόν
2960 4429 2974 4442 ο
3044 4412 3248 4483 μᾶλλον
3308 4413 3365 4468 δὲ
3415 4415 3752 4488 κυριώτερον

2179 4496 2378 4562 εἰπεῖν,
2411 4497 2440 4550 ὁ
2477 4498 2577 4569 μὲν
2612 4496 2740 4564 νοῦς
2768 4499 3021 4555 τετάσθω
3050 4502 3161 4566 πᾶς
3191 4501 3331 4574 πρὸς
3367 4501 3500 4558 Θεόν
3527 4520 3541 4536 ·
3591 4507 3756 4559 οἱονεὶ

2178 4588 2318 4659 τόνῳ
2369 4589 2477 4643 τινὶ
2534 4590 2613 4663 τῷ
2668 4591 2888 4664 θυμικῷ
2954 4594 3143 4666 τρόπῳ
3200 4594 3604 4667 νευρούμενος,
3663 4601 3756 4653 καὶ

2180 4678 2333 4751 πόοῳ
2370 4682 2433 4751 τῇ
2467 4683 2590 4735 κατ’
2630 4681 2799 4753 ἀκρον
2848 4681 3035 4753 ἐφέσει
3074 4684 3174 4755 τῆς
3214 4684 3514 4757 ἐπιθυμίας
3552 4688 3755 4759 πυρού-

2184 4787 2364 4842 μενος.
2403 4771 2559 4827 Οὖτω
2584 4774 2694 4846 γὰρ
2728 4773 2857 4838 τοὺς
2893 4774 3017 4827 κατ’
3062 4774 3292 4846 οὐρανὸν
3364 4777 3631 4847 ἀγγέλους
3664 4797 3757 4851 μι-

2184 4864 2467 4937 μούμενοι,
2498 4865 2587 4938 τῷ
2609 4866 2732 4939 Θεῷ
2764 4866 2853 4921 διὰ
2886 4864 3106 4922 πάντων
3143 4867 3498 4939 λατρεύοντες
3525 4872 3756 4945 εὑρεθη-

2182 4957 2424 5027 σόμεθα*
2482 4958 2580 5029 τὴν
2636 4958 2808 5031 αὐτὴν
2866 4958 2980 5022 τοῖς
3066 4959 3326 5029 ἀγγέλοις
3375 4963 3470 5017 ἐπὶ
3518 4963 3619 5034 τῆς
3652 4963 3756 5035 γῆς

2182 5048 2462 5103 πολιτείαν
2517 5051 2988 5121 ἐπιδεικνύμενον
3052 5053 3189 5124 πρὸς
3237 5053 3390 5108 οὐδὲν
3448 5055 3558 5110 τῶν
3619 5056 3759 5127 μετά

2180 5141 2315 5194 Θεὸν
2372 5140 2505 5205 ἴσως
2549 5141 2780 5206 ἐκείνοις
2825 5141 3043 5214 ἔχοντες
3087 5143 3179 5197 τὸν
3214 5143 3340 5198 νοῦν
3381 5143 3443 5198 τὸ
3494 5147 3758 5217 παράπαν

2181 5231 2521 5302 κινούμενον.
2573 5232 2852 5303 Δεξόμεθα
2902 5234 3012 5305 γὰρ
3049 5234 3167 5288 κατ’
3212 5232 3378 5305 εὐχὰς
3428 5233 3570 5289 οὕτω
3607 5239 3755 5288 πολι-
3831 5221 3844 5230 ’

2179 5324 2492 5397 τευόμενοι,
2534 5323 2789 5397 καθάπερ
2824 5326 2988 5397 ἄρτον
3029 5326 3304 5381 ὲπιούσιόν
3350 5344 3412 5380 τε
3465 5328 3562 5381 καὶ
3601 5326 3760 5390 ζωτι-

2181 5414 2277 5469 κδν
2322 5416 2402 5481 είς
2432 5415 2749 5492 ἀποτροιρὴν
2780 5417 2891 5474 τῶν
2937 5417 3226 5491 ἡμετέρων
3255 5416 3468 5492 ψυχῶν,
3503 5419 3599 5476 καὶ
3632 5434 3756 5479 συντ

575 5568 618 5611 ιε
648 5566 695 5623 ιι
723 5563 852 5625 Cor.
882 5580 975 5635 vn,
1002 5563 1053 5621 l.
1129 5563 1197 5596 ”‘
1220 5564 1459 5636 Philipp.
1487 5582 1566 5632 Ill,
1593 5566 1681 5622 ΞΟ.
1757 5568 1801 5601 ³³
1827 5567 1971 5624 Psal.
2009 5583 2170 5637 vau,
2200 5567 2290 5625 25.

575 5729 597 5766 ε
628 5723 754 5807 μειερ
786 5722 1029 5784 breviter
1063 5722 1326 5795 denotata
1357 5722 1412 5778 in
1441 5734 1650 5781 catena.
