4070 6406
353 290 356 292 δ
377 342 478 406 897

1376 350 1778 413 EXPOSITIO
1815 349 2149 410 ORATION
2161 350 2230 409 IS
2271 349 2657 412 DOMINICAS

3515 360 3626 423 808

379 463 614 535 τήρησιν
645 464 745 536 τῆς
769 465 878 520 τῶν
908 468 1281 540 χαρισθέντων
1307 471 1440 542 ἡμῖν
1468 471 1690 540 ἀγαθῶν
1713 469 1949 534 εὐεξίας,

2059 484 2160 537 que
2187 468 2445 524 habentia
2505 485 2766 526 concessa
2813 471 2975 528 nobis
3017 473 3159 530 dona
3202 486 3626 542 conserventur,-

375 575 391 587 '
409 558 468 610 δν
495 559 716 614 εἰπόντα
744 563 916 630 Λόγον
937 579 951 595 ο
999 563 1147 634 Ἐγώ
1189 567 1306 634 ειμι
1335 568 1368 618 ὁ
1397 566 1595 631 ἄρτος.
1648 564 1682 616 ό
1733 563 1802 616 ἐκ
1841 563 1950 616 τοῦ

377 651 641 717 οὐρανοῦ
674 655 966 722 καταϐὰς,
1015 655 1115 710 καὶ
1148 654 1301 723 ζωὴν
1336 655 1544 721 διδοὺς
1583 654 1664 719 τῷ
1706 655 1912 722 κόσμῳ
1932 671 1948 686 σ

377 744 659 813 ἀναλόγως
685 747 818 817 ἡμῖν
849 751 962 811 τοῖς
993 749 1352 820 τρεφομένοις
1396 749 1464 801 δι’
1497 749 1698 818 ἀρετῆς
1727 747 1820 799 καὶ
1859 763 1945 799 σο·

379 831 530 899 φίας,
565 836 743 888 πάντα
775 837 1057 906 γινόμενον
1100 853 1114 868 ο
1146 838 1240 889 καὶ
1277 837 1347 890 δι’
1381 837 1608 889 ἑκάστου
1637 835 1744 888 τῶν
1780 833 1951 898 σωζο-

379 927 561 994 μένων
632 930 927 995 ποικίλως,
986 931 1062 995 ὡς
1119 927 1260 986 οἶδεν
1328 933 1525 994 αὐτὸς,
1593 929 1953 999 σωματοῦμε-

373 1035 503 1071 νον·
571 1018 651 1072 ἔτι
723 1022 865 1076 κατὰ
921 1021 1014 1075 τὸν
1074 1023 1248 1077 αἰῶνα
1317 1023 1506 1076 τοῦτον
1577 1021 1950 1092 ὑπάρχοντες,

373 1110 524 1164 κατὰ
574 1113 675 1184 τὴν
726 1113 820 1167 τοῦ
870 1115 1037 1185 ῥητοῦ
1083 1118 1182 1186 τῆς
1233 1115 1545 1187 προσευχῆς
1597 1113 1826 1182 δύναμιν
1857 1113 1950 1167 τοῦ

372 1199 628 1268 λέγοντος
933 1227 936 1231 ~

455 1397 567 1450 Τέν
597 1396 779 1464 ἄρτον
818 1396 986 1466 ήμῶν
1034 1399 1140 1452 τὸν
1167 1399 1483 1452 ἐπιούσιον
1527 1399 1628 1465 δὸς
1665 1399 1806 1469 ἡμῖν
1841 1399 1953 1466 σή-

373 1506 581 1557 uapor.

448 1579 655 1632 Τοῦτον
693 1577 803 1648 γὰρ
849 1573 1003 1647 οἶμαι
1049 1577 1338 1648 δηλοῦσθαι
1372 1580 1464 1634 τὸν
1515 1580 1686 1635 αἰῶνα
1738 1581 1825 1636 διὰ
1858 1581 1952 1636 τοῦ

373 1671 678 1739 σήμερον’
709 1669 784 1733 ὡς
813 1671 970 1733 εἴτις
1003 1671 1095 1724 ἐπὶ
1124 1671 1182 1724 τὸ
1208 1672 1539 1745 σαφέστερον
1573 1672 1835 1738 ἐκλαϐὼν,
1874 1674 1954 1726 εἴ-

373 1780 493 1828 ποι,
532 1763 622 1816 τὸν
661 1763 826 1816 τόπον
863 1762 964 1832 τῆς
1018 1765 1350 1835 προσευχῆς,
1397 1767 1507 1819 Τὸν
1545 1765 1727 1834 ἄρτον
1762 1763 1950 1835 ἡμῶν,

371 1854 432 1906 δν
485 1855 767 1924 καταρχὰς
799 1854 886 1906 ἐπ’
933 1853 1203 1926 ἀθανασίᾳ
1235 1855 1334 1925 τῆς
1378 1856 1593 1924 φύσεως
1629 1856 1951 1926 ἡτοίμασας,

371 1944 488 2012 δὸς
521 1945 666 2016 ἡμῖν
689 1946 979 2015 σήμερον,
1017 1946 1158 1999 κατὰ
1192 1949 1290 2019 τὴν
1327 1949 1605 2017 παροῦσαν
1636 1948 1781 2018 ζωὴν
1805 1944 1954 2002 οὖσιν

371 2039 483 2108 τῆς
538 2038 985 2109 θνητότητος(η)
1015 2055 1028 2069 ·
1081 2038 1168 2091 ἵνα
1212 2041 1410 2111 νικήσῃ
1453 2039 1543 2092 τὸν
1584 2039 1816 2093 θάνατον
1856 2040 1958 2110 τῆς

372 2130 694 2202 ἁμαρτίας,
734 2130 768 2201 ἠ
820 2129 995 2201 τροφὴ
1029 2129 1121 2182 τοῦ
1173 2129 1342 2202 ἄρτου
1391 2133 1492 2203 τῆς
1540 2131 1682 2201 ζωῆς
1733 2133 1958 2202 καὶτῆς

375 2219 768 2290 ἰπιγνώσεως’
817 2218 886 2294 ἦς
918 2223 1146 2294 μέτοχον
1185 2223 1437 2292 γενέσθαι
1491 2224 1581 2277 τὸν
1625 2225 1840 2295 πρῶτον
1865 2223 1959 2277 ἄν·

375 2315 641 2388 Θρωπον,
691 2315 726 2386 ἡ
785 2315 1099 2387 παράϐασις
1140 2316 1242 2386 τῆς
1278 2315 1426 2382 Θείας
1476 2316 1698 2385 ἐντολῆς
1734 2317 1794 2370 οὑ
1829 2333 1958 2370 συν·

375 2407 686 2480 εχὼρησεν.
734 2407 822 2471 Ὠς
869 2407 984 2477 εἴγε
1043 2407 1248 2479 ταύτης
1299 2407 1602 2480 ὲνεφορήθη
1651 2408 1752 2478 τῆς
1809 2407 1961 2472 θείας

280 2554 287 2558 .
373 2499 619 2571 τροφῆς.
677 2499 777 2554 οὐκ
836 2499 901 2554 ἂν
958 2499 1038 2571 τῷ
1091 2499 1311 2570 Θανάτῳ
1363 2501 1464 2572 τῆς
1518 2500 1794 2572 ἁμαρτίας
1841 2500 1960 2572 ἠλί-

379 2612 566 2650 σκετο.

456 2687 602 2758 Πλὴν
646 2689 674 2742 ὁ
716 2686 808 2740 τὸν
861 2685 1027 2756 ἄρτον
1061 2684 1246 2738 τοῦτον
1299 2684 1486 2739 λαϐεῖν
1532 2684 1826 2756 εὐχόμενος
1868 2684 1960 2738 τὸν

382 2779 682 2843 ἐπιούσιον,
726 2778 788 2831 οὐ
835 2776 1051 2842 πάντως
1098 2776 1219 2831 ὅλον
1266 2777 1478 2847 δέχεται
1513 2775 1698 2840 καθὼς
1738 2777 1901 2840 αῦτῦς
1931 2776 1960 2828 ὁ

384 2874 547 2942 ἄρτος
598 2871 745 2923 ἐστίν
767 2885 781 2898 ·
841 2869 973 2922 ἀλλᾶ
1005 2867 1187 2933 καθὼς
1233 2868 1394 2929 αὐτὸς
1429 2870 1456 2921 ὁ
1484 2868 1772 2938 δεχόμενος
1799 2869 1961 2922 δύνα-

382 2977 492 3015 ται.
520 2961 663 3013 Πᾶσι
694 2960 795 3029 μὲν
823 2957 933 3029 γὰρ
956 2958 1150 3011 ἑαυτὸν
1183 2957 1364 3010 δίδωσι
1390 2959 1502 3020 τοῖς
1537 2957 1781 3012 αἰτοῦσιν
1807 2960 1834 3011 ὁ
1857 2959 1959 3028 τῆς

385 3053 533 3123 ζωῆς
565 3052 730 3124 ἄρτος
751 3093 766 3116 ,
809 3051 885 3113 ὡς
927 3050 1341 3122 φιλάνθρωπος,
1373 3051 1433 3102 οὐ
1476 3050 1617 3104 κατὰ
1651 3051 1713 3104 τὸ
1742 3051 1872 3104 αὐτὸ
1902 3052 1960 3106 δὲ

2053 560 2231 628 ipsum
2269 559 2529 618 Verbum.
2557 562 2703 631 quod
2734 562 2811 616 ait
2841 581 2854 616 :
2886 564 2999 634 Ego
3046 582 3165 619 sum
3215 569 3391 638 panis,
3425 570 3517 636 qui
3555 572 3619 623 de

2051 651 2178 704 caelo
2237 652 2498 715 descendi,
2570 663 2619 706 et
2645 654 2711 708 do
2753 657 2915 709 vitam
2947 659 3138 713 mundo
3179 661 3222 692 "
3254 661 3422 731 (quod
3462 664 3628 718 nimi-

2051 758 2174 795 rum
2225 757 2325 811 pro
2375 743 2538 796 modo
2587 753 2860 814 captuque
2912 757 3122 812 nostro,
3177 752 3271 818 qui
3326 754 3624 816 nutrimur,

2052 835 2233 888 omnia
2261 835 2418 889 nobis
2454 851 2552 905 per
2607 839 2868 892 virtutem
2899 855 2960 893 ac
3003 841 3328 909 sapientiam
3385 843 3497 909 ﬁat,
3535 862 3628 899 va-

2052 925 2242 994 rieque
2267 940 2366 994 per
2405 927 2940 998 quoslibet'quorum
2966 931 3130 986 saluti
3153 934 3469 988 consultum
3527 936 3622 998 sit,

2053 1031 2159 1086 qua
2203 1017 2380 1086 ipsum
2415 1019 2570 1072 novit
2605 1020 2838 1084 ratione,
2869 1023 3244 1091 corporetur),
3281 1024 3447 1094 idque
3469 1026 3628 1089 adeo,

2053 1104 2183 1158 dum
2217 1113 2273 1160 et
2300 1105 2481 1161 adhuc
2504 1107 2561 1161 in
2589 1109 2846 1177 praesenti
2869 1111 3068 1165 samulo
3101 1111 3387 1202 constituti
3418 1129 3630 1180 sumus,

2049 1197 2204 1267 juxta
2237 1198 2346 1250 vim
2373 1200 2663 1255 sentcntiae
2690 1210 2982 1272 textusque
3041 1197 3342 1272 orationis,
3387 1204 3486 1275 qui
3544 1205 3635 1260 sic

2055 1289 2222 1343 habet
2251 1306 2266 1342 :

2124 1399 2331 1456 Panem
2368 1412 2608 1458 nostrum
2637 1405 3003 1474 quotidianum
3033 1407 3100 1460 da
3120 1407 3265 1462 nobis
3290 1409 3463 1464 hodie.
3541 1397 3554 1413 “

2125 1575 2380 1631 Arbitror
2396 1577 2564 1641 enim,
2590 1577 2737 1648 quod
2765 1578 2986 1644 dicitur,
3008 1579 3180 1645 hodie,
3209 1580 3372 1652 359
3397 1596 3638 1651 praesens

2057 1670 2315 1723 szrculum
2351 1669 2679 1741 designare;
2723 1685 2788 1725 ac
2863 1671 2909 1726 si
2970 1673 3096 1741 quis
3146 1673 3325 1727 locum
3372 1675 3638 1729 orationis

2055 1761 2300 1830 apertius
2324 1776 2624 1830 exponens,
2672 1763 2838 1825 dicat,
2890 1763 3092 1817 Panem
3147 1771 3406 1828 nostrum,
3467 1780 3632 1834 quem

2058 1851 2128 1906 ab
2153 1852 2333 1917 initio,
2359 1853 2424 1907 ad
2477 1854 2944 1909 immortalitatem
3002 1863 3214 1909 natura:
3265 1855 3635 1925 praastandam

2057 1946 2286 2014 parasti,
2329 1945 2398 2000 da
2422 1946 2569 2000 nobis
2591 1947 2760 2010 hodie,
2792 1946 3035 2016 quandiu
3055 1947 3109 2001 in
3140 1947 3358 2001 mortali
3385 1947 3490 2003 hac
3522 1949 3634 2002 vita

2056 2052 2374 2104 versamur;
2403 2053 2514 2106 quo
2535 2039 2794 2092 nimirum
2823 2039 2981 2108 panis
3001 2038 3126 2093 vita:
3149 2054 3214 2094 ac
3251 2040 3495 2094 scientiae
3537 2040 3639 2094 ali—

2056 2129 2496 2198 monia,peccati
2520 2137 2752 2183 mortem
2799 2131 2985 2182 vincat
3029 2147 3042 2182 :
3089 2129 3246 2198 cujus
3287 2144 3356 2183 ne
3409 2144 3639 2198 compos

2057 2217 2215 2273 ﬁeret
2237 2219 2452 2288 primus
2481 2219 2670 2281 homo,
2703 2217 2877 2272 divini
2913 2218 3128 2273 obstitit
3163 2217 3406 2272 mandati
3460 2227 3640 2274 trans-

2057 2310 2288 2380 gressio.
2339 2310 2570 2380 Itaque,
2652 2311 2700 2363 si
2766 2309 2952 2364 divina
3000 2309 3105 2365 hac
3173 2325 3296 2365 esca
3356 2316 3644 2365 saturatas

2056 2403 2272 2470 fuisset,
2297 2419 2581 2476 nunquam
2610 2405 2820 2475 peccati
2849 2415 3026 2462 morte
3051 2413 3246 2477 captus
3272 2414 3439 2463 esset.

2128 2683 2421 2744 Caeterum,
2441 2683 2532 2754 qui
2562 2700 2758 2756 panem
2783 2685 2932 2742 hunc
2954 2687 3336 2745 substantialis
3360 2690 3640 2746 alimonia:

2059 2782 2214 2842 optat
2269 2789 2511 2838 sumere,
2547 2790 2655 2829 non
2709 2792 2935 2846 prorsus
2987 2786 3162 2833 totum
3207 2781 3428 2851 accipit,
3494 2783 3644 2839 sicut

2059 2864 2176 2934 ipse
2203 2864 2358 2934 panis
2383 2873 2498 2932 est;
2535 2865 2630 2920 sed
2661 2876 2863 2935 quanta
2897 2871 3018 2938 ejus
3040 2869 3133 2938 qui
3165 2871 3366 2941 accipit
3409 2872 3644 2929 facultas

2058 2965 2164 3011 est.
2193 2956 2420 3012 Cunctis
2451 2957 2600 3012 enim
2627 2960 2948 3027 petentibus
3001 2976 3057 3014 se
3112 2961 3320 3032 praebet
3377 2971 3639 3034 tanquam

2060 3048 2401 3104 humanitate
2425 3049 2888 3119 propensissimus
2915 3052 3074 3121 panis
3107 3054 3251 3120 vitze,
3291 3071 3402 3109 non
3455 3069 3640 3112 autem

387 3145 554 3198 πᾶσιν
581 3161 593 3171 ·
648 3142 786 3196 ἀλλὰ
835 3143 948 3204 τοῖς
1001 3142 1100 3214 μὲν
1157 3141 1368 3214 μεγάλα
1420 3140 1556 3212 ἔργα
1610 3142 1958 3214 πεποιηκόσι.

2065 3141 2296 3210 perinde
2327 3141 2588 3196 omnibus
2617 3159 2632 3208 ;
2662 3142 2756 3197 sed
2789 3143 2876 3208 iis,
2912 3144 3005 3214 qui
3028 3146 3234 3216 majora
3260 3149 3649 3217 praastiterint,

389 3233 647 3295 πλειόνως
673 3247 686 3263 ⁸
742 3232 855 3294 τοῖς
898 3230 956 3282 δὲ
997 3230 1204 3283 τούτων
1244 3231 1466 3300 ἥττοσι,
1503 3231 1743 3301 ἡττόνως
1771 3247 1786 3262 ·
1833 3233 1960 3287 ἐκά-

390 3342 500 3396 στῳ
535 3323 633 3394 μὲν
674 3317 770 3376 οῦν
799 3320 979 3385 καθὼς
1009 3322 1042 3393 ἡ
1084 3321 1229 3375 κατὰ
1263 3321 1387 3376 νοῦν
1417 3321 1544 3389 ἀξία
1587 3321 1842 3390 δέξασθαι
1872 3321 1961 3376 δῦ-

391 3433 522 3470 νατα
529 3434 565 3470 ι.

460 3507 601 3576 [ιὼς
628 3505 834 3575 ταύτην
861 3504 919 3557 δέ
955 3521 1023 3575 με
1053 3503 1146 3558 τοῦ
1193 3504 1465 3575 παρόντος
1515 3505 1680 3575 ῥητοῦ
1732 3504 1832 3576 τὴν
1875 3503 1960 3557 ἕν-

395 3616 541 3651 νοιαν
565 3599 766 3668 ἢγαγεν
795 3598 824 3650 ὁ
864 3597 1073 3668 Σωτὴρ,
1107 3597 1468 3668 προστάσσων
1511 3596 1814 3667 διαρρήδην
1849 3598 1961 3660 τοῖς

413 3689 678 3759 μαθηταῖς
719 3689 920 3761 τροφῆς
969 3688 1234 3760 αἰσθητῆς
1268 3687 1549 3750 παντελῶς
1586 3689 1661 3757 μὴ
1691 3688 1960 3741 ποιεῖσθαι

402 3781 568 3849 λόγον,
613 3780 800 3843 εἰπὼν,
846 3779 938 3847 Μὴ
981 3777 1302 3848 μεριμνᾶτε
1349 3775 1424 3845 τῇ
1475 3775 1649 3847 ψυχῇ
1686 3777 1856 3846 ὑμῶν
1906 3777 1964 3831 τι

343 3906 346 3908 ~
393 3876 636 3944 φάγητε,
673 3872 712 3942 ἦ
758 3873 817 3926 τί
848 3873 1059 3940 πίητεο
1103 3871 1257 3939 μήτε
1292 3869 1371 3936 τῷ
1409 3869 1636 3939 σώματι
1687 3869 1857 3942 ὑμῶν
1904 3870 1964 3924 τί

391 3964 799 4033 περιϐάλησθε
823 3977 838 3992 ·
888 3961 1078 4017 ταῦτα
1123 3963 1233 4030 τὰρ
1287 3962 1486 4016 πάντα
1537 3961 1608 4015 τὰ
1661 3963 1806 4030 ἔθνη
1855 3963 1963 4019 τοῦ

388 4058 624 4126 κόσμου
671 4053 1059 4122 ἐπιζητοῦσιν
1083 4069 1098 4085 ο
1140 4051 1300 4106 ἀλλὰ
1329 4051 1549 4119 ζητεῖτε
1580 4050 1818 4121 πρῶτον
1847 4051 1964 4121 τὴν

385 4149 722 4219 βασιλείαν
738 4147 845 4200 τοῦ
875 4145 1043 4210 Θεοῦ,
1069 4145 1165 4197 καὶ
1193 4142 1309 4211 τὴν
1328 4143 1724 4212 δικαιοσύνην
1751 4144 1963 4212 αὐτοῦ,

382 4241 489 4296 καὶ
526 4241 714 4296 ταῦτα
767 4238 965 4292 πάντα
1001 4235 1477 4306 προστεθήσεται
1519 4236 1679 4306 ὑμῖν.
1712 4236 1838 4299 Πῶς
1870 4231 1963 4290 οῦν

381 4333 630 4387 διδάσκει
671 4331 1069 4403 προσεύχεσθαι
1097 4371 1111 4392 ,
1150 4331 1282 4401 περὶ
1317 4324 1392 4384 ὧν
1439 4329 1513 4401 μὴ
1549 4330 1729 4401 ζητεῖν
1763 4329 1964 4402 προλαο

383 4425 503 4478 ϐὼν
531 4426 870 4492 ἐνετείλατο;
901 4425 1059 4496 δῆλον
1086 4423 1194 4494 γὰρ
1222 4423 1304 4478 ὅτι
1331 4424 1419 4477 διὰ
1461 4424 1769 4494 προσευχῆς
1794 4426 1965 4477 αἰτεῖν

2060 3233 2390 3290 liberalius:
2427 3233 2514 3289 his
2544 3235 2786 3306 veroqui
2818 3238 3052 3302 minora,
3103 3240 3362 3308 parcius;
3415 3243 3639 3297 unicui-

2061 3341 2168 3398 que
2189 3334 2390 3392 tamen,
2419 3335 2687 3396 quantum
2711 3343 2810 3398 pro
2843 3328 3014 3383 animi
3068 3329 3338 3401 dignitate
3385 3334 3641 3404 accipere

2062 3417 2282 3490 suﬂicit.

2132 3509 2338 3564 Textus
2375 3510 2540 3580 hujus
2597 3509 2925 3566 sententiam
2976 3519 3038 3566 ut
3094 3511 3178 3567 sic
3215 3513 3524 3584 acciperem
3578 3530 3644 3570 ac

2061 3599 2685 3668 exponerem,Salvator
2712 3602 2952 3672 impulit,
2983 3601 3076 3670 qui
3135 3601 3342 3657 diserte
3401 3603 3646 3674 discupu-

2057 3691 2356 3762 lisjubeat,
2383 3707 2452 3746 ne
2483 3693 2647 3746 ullam
2696 3709 2924 3763 prorsus
2953 3695 3222 3751 rationem
3246 3696 3485 3750 habeant
3526 3698 3644 3768 ejus

2063 3788 2195 3852 cibi,
2221 3788 2314 3858 qui
2339 3803 2502 3844 sensu
2529 3790 2854 3862 percipitur,
2879 3790 3070 3846 dicens
3089 3837 3106 3853 ,
3149 3791 3228 3846 Ne
3260 3790 3472 3846 solliciti
3529 3791 3644 3846 sitis

2063 3879 2255 3932 anima:
2281 3887 2466 3933 vestra:
2495 3881 2621 3950 quid
2643 3880 2992 3948 manducetis,
3026 3891 3119 3935 aut
3153 3885 3276 3952 quid
3309 3883 3532 3948 bibatis;
3555 3899 3647 3935 ne—

2063 3986 2163 4042 que
2191 3973 2399 4042 corpori
2430 3980 2596 4026 vestro
2618 3974 2744 4043 quid
2772 3975 3088 4029 induamini.
3125 3975 3248 4029 Harc
3275 3977 3414 4030 enim
3464 3977 3642 4029 omnia

2063 4058 2249 4112 mundi
2278 4067 2451 4128 gentes
2498 4060 2796 4129 inquirunt.
2829 4059 2934 4115 Sed
3005 4063 3222 4132 quwrile
3278 4062 3510 4132 primum
3564 4079 3648 4115 rc-

2063 4165 2226 4220 gnum
2251 4147 2346 4202 Dei
2377 4158 2424 4201 et
2443 4149 2710 4220 justitiam
2743 4151 2877 4221 ejus,
2905 4159 2952 4204 et
2981 4152 3088 4205 hwc
3117 4168 3294 4204 omma
3319 4152 3647 4220 adjicientur

2063 4241 2206 4295 vobis
2239 4241 2305 4294 ³⁵.
2337 4240 2625 4307 Quomodo
2645 4242 2811 4313 igitur
2846 4244 2901 4296 in
2932 4243 3180 4297 oratione
3203 4242 3438 4313 petenda
3462 4243 3650 4309 docet,

2065 4336 2187 4404 qua:
2217 4349 2325 4388 non
2356 4335 2648 4405 qumrcnda
2675 4335 2828 4408 prius
2857 4335 3248 4390 mandaverat?
3279 4334 3478 4403 Liquet
3499 4335 3650 4390 enim

2064 4425 2252 4480 verbis
2281 4425 2547 4480 orationis
2572 4441 2681 4479 non
2710 4426 3038 4496 praecepisse
3069 4425 3328 4495 petenda,
3381 4442 3504 4494 qua:
3551 4441 3656 4496 per
3698 4429 3708 4435 ’

377 4520 449 4573 οὐ
509 4518 909 4588 προσέταττεν,
948 4518 1090 4588 ἆπερ
1135 4517 1205 4569 δι’
1249 4516 1467 4584 ἐντολῆς
1500 4513 1683 4587 ζητεῖν
1721 4517 1782 4568 οὐ
1819 4533 1959 4587 παρ-

2070 4513 2384 4570 mandatum
2410 4515 2702 4585 qumrenda
2727 4532 2837 4570 non
2877 4514 3184 4569 admonuit.
3238 4514 3296 4568 Id
3350 4515 3498 4567 enim
3561 4530 3655 4569 so.

377 4611 572 4684 ῄνεσε.
609 4611 708 4664 Διά
757 4611 1069 4682 προσευχῆς
1098 4608 1208 4679 γὰρ
1242 4608 1404 4679 μόνον
1434 4609 1582 4660 ἐστὶν
1616 4608 1856 4680 αἰτητδν,
1903 4607 1966 4661 τὸ

378 4705 512 4758 κατ’
542 4703 764 4773 ἐντολὴν
798 4700 1051 4773 ζητητόν.
1094 4701 1272 4772 Ὅπερ
1298 4697 1391 4754 οῦν
1430 4697 1613 4769 ζητεῖν
1639 4699 1706 4751 δι’
1745 4699 1965 4768 ἐντολῆς

374 4796 490 4851 οὐκ
546 4794 983 4863 ἐπετράπημεν,
1041 4793 1130 4846 διὰ
1189 4793 1499 4862 προσευχῆς
1540 4792 1744 4857 αἰτεῖν,
1803 4791 1965 4861 τυχὸν

375 4884 613 4954 θεμιτὸν
661 4885 723 4937 οὐ
774 4883 1136 4953 καθέστηκεν.
1197 4881 1260 4936 El
1310 4879 1367 4935 δὲ
1421 4881 1590 4952 μόνην
1630 4882 1814 4952 ζητεῖν
1866 4881 1965 4953 τὴν

377 4977 673 5047 βασιλείαν
700 4977 796 5030 τοῦ
822 4975 957 5028 Θεοῦ
985 5018 1000 5042 ,
1045 4976 1142 5029 καὶ
1175 4975 1278 5048 τὴν
1321 4974 1672 5044 δικαιοσύνην
1714 4975 1742 5025 ὁ
1769 4973 1962 5044 Σωτὴρ

377 5066 695 5120 ἐνετείλατο
720 5083 742 5097 ν
776 5065 980 5137 ταύτην
1008 5065 1235 5129 εἰκότως
1282 5064 1378 5118 καὶ
1424 5063 1510 5118 διὰ
1543 5063 1851 5135 προσευχῆς
1876 5065 1961 5116 αἱ·

376 5161 528 5223 τεῖν,
559 5159 686 5222 τοὺς
723 5157 832 5212 τῶν
875 5157 1036 5211 θείων
1074 5157 1400 5228 ἐφιεμένους
1431 5155 1620 5226 δώρων
1649 5156 1914 5226 ἐνήγαγεν
1939 5167 1955 5183 ⁶

463 5289 508 5320 ³⁸
533 5289 692 5346 Joan.
723 5305 797 5354 va,
821 5288 912 5344 55.
988 5288 1036 5322 ³⁸
1063 5286 1256 5342 Matth.
1285 5302 1362 5353 vr,
1390 5285 1480 5341 25.
1506 5285 1597 5346 26.

467 5406 546 5477 (η)
579 5405 689 5477 Γῆς
717 5405 1100 5477 θνητρτητος.
1126 5401 1306 5477 Ϋίιιιῐη
1339 5398 1651 5477 mortalem,
1671 5414 1836 5477 quam
1861 5398 1963 5452 ho-

376 5470 502 5541 dié,
528 5476 592 5530 id
619 5470 724 5539 est,
743 5470 842 5545 per
867 5475 972 5528 hoc
1003 5472 1263 5528 smeulum
1297 5470 1744 5545 agimuspeccati
1771 5479 1924 5545 reatu
1945 5509 1961 5533 ,

379 5539 497 5607 ι’ἐό
533 5539 1038 5616 accepit-Maximus
1066 5561 1079 5596 :
1113 5551 1170 5596 at
1191 5557 1278 5596 me
1330 5539 1464 5598 scite
1488 5539 1655 5616 Curti.
1702 5539 1966 5616 Δθεότητος

377 5610 1097 5688 reposuit;re(_ldirlitque,
1163 5622 1474 5688 prementem
1529 5610 1740 5688 deitatis
1782 5611 1965 5688 vitam.

377 5681 690 5757 sequentia
741 5686 809 5757 ab
861 5685 953 5757 illa
972 5681 1135 5757 'vocc,
1163 5681 1303 5752 πλὴν
1332 5686 1361 5736 ὁ
1403 5682 1502 5757 τὸν.
1549 5681 1714 5757 dator;
1757 5681 1967 5757 τοῦτον,

382 5750 571 5827 usdne
615 5756 682 5812 ad
708 5754 956 5820 δέξασθαι
1015 5750 1267 5817 δύναται,
1304 5768 1428 5822 quae
1473 5750 1789 5806 desiderant
1835 5750 1969 5819 Reg.

2061 4606 2343 4661 lummodo
2370 4622 2469 4676 per
2517 4608 2828 4662 orationem
2877 4616 3129 4675 petamus
3184 4619 3364 4673 opera:
3408 4605 3655 4672 pretium

2061 4709 2167 4764 est,
2199 4700 2356 4769 cujus
2418 4699 2701 4768 quaerendi
2756 4698 2963 4752 indicta
3026 4697 3284 4750 mandato
3351 4711 3481 4749 cura
3540 4705 3653 4751 est.

2063 4791 2220 4858 Quod
2249 4791 2417 4861 igitur
2451 4801 2842 4860 utquaaramus
2902 4790 3161 4843 mandato
3215 4789 3470 4842 hortatus
3530 4801 3649 4842 non

2062 4892 2168 4950 est,
2200 4883 2255 4937 id
2282 4882 2421 4938 forte
2455 4881 2640 4936 verbis
2664 4880 2932 4936 orationis
2984 4889 3044 4933 ut
3092 4889 3344 4950 petamus
3399 4879 3481 4933 fas
3531 4895 3651 4933 non!

2067 4980 2172 5028 est.
2202 4973 2296 5028 Sin
2320 4981 2502 5026 autem
2537 4971 2712 5026 solum
2742 4986 2972 5041 regnum
3001 4971 3097 5024 Dei
3151 4979 3207 5024 et
3233 4969 3504 5039 justitiam
3529 4970 3661 5040 ejusS

2067 5063 2360 5134 quaerenda
2387 5063 2636 5117 Salvator
2663 5063 2844 5134 jussit,
2882 5061 2950 5116 ad
3005 5061 3122 5116 htec
3169 5059 3378 5115 merito
3420 5075 3655 5130 quoque-

2064 5167 2164 5223 per
2196 5155 2504 5210 orationem
2537 5152 2793 5220 petenda,
2825 5168 2940 5215 eos,
2979 5151 3073 5222 qui
3118 5150 3433 5205 divinorum
3471 5151 3658 5206 dono-«

2057 5399 2195 5453 Ven.
2241 5398 2357 5461 Fr.,
2391 5411 2458 5451 ex
2484 5403 2675 5453 catena
2705 5403 3062 5456 mutuamur:
3093 5411 3194 5451 nec
3231 5398 3366 5451 forte.
3396 5399 3505 5452 sint
3535 5397 3660 5452 Μελ-

2060 5469 2198 5524 xitni
2224 5475 2428 5538 textus,
2481 5467 2582 5521 sed
2616 5466 2714 5538 vel
2755 5466 2984 5538 alterius
3032 5467 3293 5529 auctoris,
3335 5469 3420 5538 vel
3477 5468 3662 5538 ipsius

2063 5538 2279 5593 Maximi
2319 5537 2579 5592 usitatum
2641 5536 2914 5590 scholium
2945 5577 2966 5607 ,ξ
3007 5552 3118 5605 quo
3171 5537 3436 5606 spiritalis
3483 5536 3652 5607 hujus~

2063 5608 2227 5690 panis
2271 5607 2596 5690 qualitatem
2624 5607 2905 5690 exponit,
2957 5605 3014 5661 id
3048 5619 3154 5690 est“,
3187 5605 3416 5667 Christi,
3443 5607 3539 5690 qui
3561 5605 3647 5690 se

2066 5675 2184 5746 ipse
2222 5675 2570 5733 suinentibus
2624 5675 2906 5746 indulgeat
2945 5693 3044 5745 pro
3091 5676 3312 5733 illorum
3359 5675 3558 5734 merito
3588 5683 3652 5731 et

2110 5749 2199 5814 de,
2219 5763 2326 5813 seu
2352 5746 2599 5816 subjecta
2630 5745 3017 5817 dispositione.
