4070 6468
493 373 602 436 839

1665 369 1728 428 ‘S.
1770 367 2054 430 MAXIM!
2097 367 2602 428 CONFESSORIS

3657 365 3765 429 900

490 497 608 535 rum
637 479 914 536 desiderio
965 487 1282 543 teneantur,
1343 479 1608 544 induxit;
1654 496 1765 548 quo
1809 480 2061 533 nimirum

2179 477 2266 530 ἵνα
2307 477 2416 530 τῶν
2458 478 2613 546 φύσει
2665 475 2916 547 ζητητῶν
2953 476 3040 528 διὰ
3102 475 3413 545 προσευχῆς
3457 475 3560 544 τὴν
3597 475 3764 545 χάριν

485 588 676 626 eorum
697 587 817 640 qum
847 571 1117 624 orationis
1152 571 1417 625 instantia
1447 580 1646 624 natura
1679 570 1914 639 petenda
1938 578 2068 624 sunt

485 663 714 731 gratiam
743 663 1017 724 sanciens,
1044 662 1351 731 petentium
1395 662 1663 723 animum,
1709 662 1881 730 ipsius
1930 677 2069 730 prte-

485 752 668 805 hentis
709 751 917 805 donum
958 752 1230 805 voluntati
1293 753 1536 821 copulet,
1585 751 1819 806 allectus
1857 752 2067 807 unione

485 856 656 894 unum
683 856 809 894 cum
840 841 960 910 ipso
989 840 1270 896 eﬂ‘ectnm.

563 933 660 988 Sin
686 941 869 986 autem
899 934 1065 987 etiam
1098 949 1297 1002 panem
1331 933 1742 1004 quotidianum,
1782 949 1894 1003 quo
1929 952 2070 1006 pra:-

483 1041 611 1078 sens
641 1023 752 1078 vita
795 1032 985 1077 nostra
1043 1031 1388 1078 sustentatur
1433 1041 1498 1079 ac
1536 1035 1924 1087 conservatur,
1969 1039 2070 1093 per

482 1115 787 1170 orationem
812 1122 1001 1183 petere
1031 1115 1312 1185 jubemnr,
1350 1131 1420 1170 ne
1473 1116 1742 1170 orationis
1803 1117 2070 1170 terminos

480 1204 644 1276 360
675 1206 1070 1272 transiliamus,
1098 1207 1300 1261 multas
1329 1207 1491 1261 nobis
1550 1223 1823 1262 annorum
1881 1207 2067 1276 perio-

481 1298 581 1351 dos
609 1313 773 1351 avaro
802 1297 986 1351 animo
1017 1307 1413 1367 proponentcs,
1472 1313 1535 1353 ac
1590 1297 1748 1352 obliti
1799 1313 1903 1352 nos
1945 1311 2067 1352 esse

483 1390 767 1452 mortales,
801 1389 1029 1457 ejusque
1057 1389 1279 1459 generis
1305 1389 1417 1443 vita
1456 1389 1740 1459 praeditos,
1772 1403 1895 1458 qua:
1945 1402 2070 1440 um-

481 1477 592 1532 bra:
619 1478 794 1532 instar
822 1487 1093 1543 transeat;
1122 1478 1216 1532 sed
1245 1493 1441 1547 panem
1487 1478 1580 1548 qui
1611 1478 1664 1531 in
1719 1478 1866 1532 diem
1917 1475 2070 1530 sum-

481 1569 592 1623 ciat
624 1570 776 1623 nulla
800 1570 1173 1625 sollicitudine
1202 1569 1411 1624 orando
1435 1569 1747 1640 ﬂagitemus
1771 1587 1786 1636 ;
1823 1570 2071 1638 talesque

479 1677 583 1716 nos
619 1678 688 1716 ex
741 1661 1071 1717 Christianm
1114 1660 1484 1731 philosophiae
1543 1675 1738 1715 norma
1795 1659 2066 1714 exhibea-

481 1771 625 1818 mus,
674 1757 766 1822 qui
817 1756 985 1810 vitam
1031 1756 1226 1810 mortis
1285 1755 1704 1810 meditationem
1772 1754 2062 1819 faciamus,

2170 567 2524 639 ὲπικυρώσας
2548 608 2562 629 ,
2599 569 2698 636 τὴν
2731 567 2839 619 τῶν
2886 567 3182 620 αἰτούντων
3226 565 3490 637 γνώμην,
3535 565 3614 635 τῷ
3663 565 3758 619 τοῦ

2174 659 2552 729 παρεχομένου
2575 659 2673 729 τὴν
2689 661 2849 732 χάριν
2873 660 3084 731 συνάψῃ
3106 659 3393 732 θελήματι,
3415 659 3482 713 δι’
3509 658 3759 722 ἑνώσεως

2173 750 2434 820 σχετικῆς
2464 753 2633 804 ταυτὺ
2665 752 3014 823 ποιουμένην.

2241 927 2304 980 Et
2353 926 2411 980 δὲ
2464 925 2561 980 καὶ
2611 926 2701 980 τὸν
2755 927 3034 997 ἐφήμερον
3069 927 3143 997 (ο)
3202 927 3389 997 ἄρτον,
3432 924 3477 997 ᾧ
3512 947 3763 1000 συγκρα-

2171 1017 2384 1072 τεῖσθαι
2438 1019 2682 1086 πέφυκεν
2726 1019 2948 1089 ἡμῶνή
2993 1019 3244 1088 παροῦσα
3283 1021 3419 1090 ζωὴ,
3452 1021 3541 1075 διὰ
3588 1039 3760 1092 προσ-

2171 1108 2338 1178 ευχῆς
2365 1112 2536 1164 αἰτεῖν
2565 1110 2926 1180 κελευόμεθα,
2952 1110 3026 1181 μὴ
3049 1111 3412 1181 παρέλθωμεν
3437 1113 3563 1176 τοὺς
3594 1114 3756 1185 ὄρους

2171 1200 2273 1268 τῆς
2305 1201 2652 1272 προσευχῆς,
2708 1201 2907 1264 πολλάς
2939 1201 3079 1254 ἐτῶν
3125 1203 3407 1273 περιόδους
3443 1203 3759 1258 πλεονεκτι-

2172 1290 2286 1354 κῶς
2321 1291 2807 1361 περισκοποῦντες,
2833 1292 2924 1346 καὶ
2952 1291 3206 1364 λάθωμεν
3231 1294 3384 1357 ὅντες
3417 1294 3627 1367 θνητοὶ,
3662 1299 3760 1352 καὶ

2172 1384 2331 1446 σκιᾶς
2369 1383 2525 1452 δίκην
2573 1383 2674 1454 τὴν
2710 1385 2855 1454 ζωὴν
2890 1386 3299 1454 παροδεύουσαν
3325 1387 3542 1457 ἔχοντες
3570 1406 3583 1420 ·
3617 1388 3760 1442 ἀλλά

2170 1473 2261 1528 τὶν
2290 1475 2424 1540 προς
2458 1475 2675 1546 ἡμέραν
2708 1477 3162 1549 ἀπεριμερίμνως
3189 1478 3278 1532 διὰ
3313 1480 3413 1550 τῆς
3446 1485 3759 1553 προσευχῆς

2169 1567 2484 1638 αἰτήσωμέν
2521 1568 2685 1639 ἄρτον
2706 1585 2719 1598 ·
2744 1571 2838 1623 καὶ
2853 1570 3126 1640 δείξωμεν
3161 1571 3244 1624 ὅτι
3274 1571 3581 1641 φιλοσόφως
3612 1575 3758 1628 κατὰ

2169 1659 2408 1731 Χριστὸν
2445 1661 2678 1734 μελέτην
2709 1662 2943 1716 θανάτου
2993 1663 3082 1715 τὸν
3137 1663 3252 1733 βίον
3297 1663 3634 1734 ποιούμεθα,
3683 1669 3755 1737 τῇ

2171 1751 2366 1826 γνώμῃ
2396 1752 2691 1821 φθάνοντες
2719 1753 2820 1826 τὴν
2847 1755 3029 1824 φύσιν,
3064 1754 3162 1808 καὶ
3193 1756 3324 1826 πρὶν
3353 1756 3641 1828 ἐπιστῆναι
3663 1757 3757 1811 τὸν

478 1848 661 1901 animo
689 1848 1000 1918 mentisque
1054 1847 1328 1903 sententia
1387 1855 1727 1916 occupantes
1772 1853 2061 1910 naturam;

2174 1841 2405 1896 θάνατον
2426 1884 2440 1909 ,
2485 1844 2586 1914 τῆς
2617 1846 2726 1898 τῶν
2772 1847 3104 1916 σωματικῶν
3149 1847 3420 1919 μερίμνης
3450 1848 3549 1920 τὴν
3578 1847 3757 1921 ςυχην

476 1954 541 1994 ac
572 1938 892 2008 priusquam
926 1954 1075 1992 mors
1107 1938 1383 2000 adveniat,
1423 1952 1454 1991 a
1483 1937 1630 1991 curis
1681 1936 2068 2006 corporalibus

476 2029 722 2083 animum
751 2029 1156 2092 abseiudentes,
1181 2044 1249 2082 ne
1279 2028 1368 2082 ille
1401 2027 1568 2082 rebus
1616 2042 1736 2097 qua:
1789 2028 2068 2081 intereunt

477 2119 824 2184 inhzerescat,
864 2119 1132 2175 naturalis
1162 2134 1322 2173 usum
1356 2117 1677 2188 cupiditatis
1716 2126 2064 2172 terrenorum

475 2210 755 2266 desiderio
831 2219 1214 2274 commutans;
1276 2208 1675 2277 avaritiamque
1741 2204 2062 2267 condiscat,

475 2281 585 2372 qua
634 2301 949 2356 divinorum
978 2301 1138 2355 nobis
1162 2301 1432 2355 bonorum
1468 2298 1746 2354 allluentia
1787 2297 2062 2352 dematur.

549 2406 846 2476 Fugiamus
878 2419 1057 2475 ergo,
1115 2414 1320 2473 quanta
1367 2403 1528 2457 nobis
1582 2400 1831 2465 facultas,
1881 2414 2065 2456 rerum

479 2507 830 2554 terrenarum
856 2511 1124 2559 amorem,
1152 2510 1453 2562 carumque
1489 2495 1878 2565 procliviorem
1933 2491 2066 2547 aﬂ‘e—

475 2597 626 2643 etum
653 2588 827 2641 instar
861 2585 1108 2656 pulveris
1133 2585 1202 2640 ab
1223 2584 1392 2638 animi
1433 2587 1611 2640 oculis
1637 2585 2018 2654 abstergamus
2044 2599 2059 2648 ;

474 2689 641 2748 atque
666 2679 734 2733 iis
753 2677 885 2732 solis
909 2676 1156 2734 contenti
1183 2676 1376 2740 simus,
1409 2693 1531 2746 quze
1570 2685 1897 2746 praesentem
1929 2691 2058 2730 sus-

479 2778 697 2825 tentant
742 2769 937 2844 yitam,
970 2783 1079 2823 non
1104 2768 1310 2836 quibus
1365 2768 1455 2821 illa
1489 2767 1557 2822 ad
1593 2768 1865 2822 luxuriam
1912 2765 2063 2819 dele-

472 2870 688 2926 ctatur;
712 2875 813 2930 pro
830 2859 1125 2931 ejusmodi,
1153 2859 1229 2913 ita
1249 2868 1307 2913 ut
1333 2859 1478 2914 docti
1507 2875 1717 2923 sumus,
1737 2860 1908 2915 Deum
1939 2875 2063 2914 ore-

473 2967 617 3014 mus,
651 2965 760 3019 quo
792 2949 1030 3003 liberum
1057 2949 1253 3018 suique
1276 2949 1502 3004 omnino
1533 2949 1693 3019 juris,
1729 2950 1864 3003 nulli
1902 2966 2062 3020 pror-

473 3061 569 3098 sus
599 3043 677 3097 rei
718 3041 1044 3111 aspectahili
1077 3043 1326 3111 corporis
1352 3042 1660 3096 sollicitiori
1688 3058 1820 3096 cura
1863 3042 2058 3096 devin-

473 3145 624 3190 ctum
651 3149 715 3188 ac
743 3133 1138 3202 mancipatum,
1165 3133 1411 3187 animum
1461 3147 1684 3188 servare
1727 3133 2004 3203 possimus
2038 3152 2053 3189 :
2082 3155 2126 3214 ο

473 3225 886 3296 prodamurque
914 3238 982 3278 eo
1012 3223 1180 3278 edere
1207 3231 1268 3278 ut
1294 3222 1565 3285 vivamus,
1593 3239 1706 3278 non
1731 3231 1792 3277 ut
1825 3223 2058 3279 edamus

472 3315 656 3372 vivere
687 3327 981 3383 arguamur
1018 3329 1032 3366 :
1065 3313 1300 3367 alterum
1326 3327 1564 3382 namque
1585 3314 1707 3383 ejus
1738 3321 1952 3367 naturae
1974 3319 2060 3367 est

472 3416 638 3476 atque
661 3405 766 3469 vis,
789 3420 911 3474 quae
941 3405 1155 3460 ratione
1176 3405 1422 3476 regitur;
1446 3405 1684 3458 alterum
1705 3405 1826 3475 ejus
1847 3404 2061 3474 perspi-

471 3517 575 3556 cue
600 3498 886 3570 proprium
909 3506 1015 3564 est,
1034 3513 1156 3568 qua:
1175 3496 1389 3550 nullum
1411 3493 1640 3549 rationis
1667 3491 1928 3564 agnoscat
1959 3493 2062 3546 im—

471 3591 705 3663 perium.
722 3591 1017 3660 Simusquo
1031 3589 1299 3644 orationis
1316 3587 1607 3658 diligentes
1626 3586 1904 3651 cnstodes,
1926 3585 2061 3655 ipsis

471 3684 770 3755 prodentes
784 3683 1067 3754 operibus,
1087 3697 1252 3736 unam
1277 3696 1380 3736 nos
1398 3697 1462 3736 ac
1485 3680 1655 3734 solam
1685 3679 1934 3734 tenacius
1945 3693 2060 3734 am-

473 3776 637 3846 plecti
657 3776 848 3840 vitam,
901 3789 1022 3844 quae
1066 3772 1366 3843 in'spiritu
1396 3773 1614 3843 agitur;
1661 3771 1873 3841 haeque
1918 3770 2059 3825 adeo

471 3868 606 3941 (vita
646 3849 878 3938 scilicet)
910 3867 1122 3936 :evique
1150 3866 1337 3937 hujus,
1367 3864 1472 3928 uti,
1501 3873 1565 3919 ut
1601 3864 1750 3919 illam
1773 3878 2060 3934 compare-

469 3974 630 4025 mus;
654 3961 816 4029 cujus
837 3957 1033 4028 gratia,
1063 3956 1212 4010 illius
1247 3957 1520 4012 hactenus
1551 3955 1877 4010 adamamus
1925 3971 2060 4009 usu-

470 4066 610 4114 ram,
642 4059 703 4104 ut
726 4049 845 4105 solo
869 4062 990 4104 eam
1015 4063 1155 4118 pane
1187 4058 1500 4104 sustentare
1547 4061 1660 4100 non
1710 4060 2053 4112 recusemus,

469 4146 525 4191 et
554 4144 616 4190 ut
641 4137 817 4207 ipsius
851 4136 1080 4191 illaisam
1123 4137 1522 4199 valetudinem,
1575 4143 1842 4204 quantum
1892 4135 2058 4191 licue<

469 4229 544 4282 rit
565 4243 880 4294 servemus;
899 4243 1012 4282 non
1048 4235 1108 4282 ut
1128 4228 1400 4292 vivamus,
1423 4226 1520 4282 sed
1551 4235 1612 4280 ut
1633 4227 1748 4281 Deo
1768 4226 2052 4293 vivamus;

468 4335 674 4390 corpus
692 4320 981 4384 nimirum,
1018 4319 1242 4373 virtutis
1281 4319 1458 4389 probe
1485 4318 1793 4372 rationibus
1831 4317 2052 4373 institu-

403 4441 414 4451 -
470 4424 609 4478 tum,
642 4413 838 4466 animae
865 4412 1124 4466 nuntium
1179 4411 1508 4478 eﬂicientes;
1547 4411 1895 4481 animamque
1955 4412 2056 4466 ho-

2171 1935 2576 2004 ἀποτέμνοντες
2603 1952 2616 1966 ·
2654 1937 2742 1990 ἵνα
2790 1936 2865 2008 μὴ
2914 1937 3244 2018 προσηλωθῇ
3291 1942 3406 2001 τοῖς
3460 1939 3756 2012 φθειρομέ-

2170 2045 2303 2091 νοις,
2331 2027 2617 2098 ἀμείψασα
2652 2029 2789 2100 πρὸς
2820 2029 2916 2100 τὴν
2957 2029 3090 2101 ὓλην
3122 2031 3221 2103 τὴν
3257 2032 3455 2103 χρῆσιν
3485 2035 3584 2104 τῆς
3613 2034 3756 2088 κατὰ

2171 2119 2335 2188 φύσιν
2370 2121 2632 2188 ἐφέσεως,
2666 2121 2762 2174 καὶ
2812 2123 2959 2194 μάθῃ
2993 2123 3308 2192 πλεονεξίαν
3329 2125 3429 2196 τῆς
3455 2125 3564 2181 τῶν
3591 2126 3754 2182 θείων

2169 2209 2392 2280 ἀγαθῶν
2421 2213 2740 2284 περιουσίας
2787 2217 3136 2288 στερητικήν.
3248 2220 3250 2222 ⁷

2239 2389 2508 2458 Φύγωμεν
2531 2385 2646 2451 οὖν,
2684 2389 2784 2460 ὅση
2818 2388 3070 2460 δύναμις,
3098 2391 3198 2463 τὴν
3241 2393 3422 2462 φιλίαν
3462 2394 3562 2463 τῆς
3591 2395 3746 2466 ὕλης,

2172 2480 2266 2534 καὶ
2288 2479 2388 2552 τὴν
2419 2477 2590 2550 αὐτῆς
2617 2481 2803 2551 σχέσιν
2829 2481 3080 2554 καθάπερ
3106 2487 3382 2556 κονιορτὸν
3407 2486 3518 2539 τῶν
3543 2488 3747 2558 νοερῶν

2166 2572 2434 2643 ὀμμάτων
2486 2571 2920 2644 ἀπονιψώμεθα’
2991 2575 3088 2628 καὶ⁵
3150 2576 3333 2646 μόνοις
3387 2578 3747 2650 ἀρκεσθῶμεν

2165 2667 2279 2728 τοῖς
2308 2664 2653 2731 συνιστῶσιν,
2699 2666 2834 2720 ἀλλὰ
2867 2667 2942 2738 μὴ
2971 2670 3086 2732 τοῖς
3133 2668 3415 2739 ἡδύνουσιν
3458 2669 3616 2742 ἡμῶν
3646 2671 3742 2744 τὴν

2166 2751 2446 2824 παροῦσαν
2478 2751 2654 2826 ζωήν·
2700 2757 2796 2808 καὶ
2831 2755 2974 2828 ὑπὲρ
3012 2759 3194 2813 αὐτῶν
3225 2761 3316 2814 τὸν
3340 2760 3496 2827 Θεὸν,
3532 2762 3608 2825 ὼς
3637 2763 3744 2816 ὲδιο

2163 2845 2476 2916 δάχθημεν,
2530 2849 2894 2921 ἀξιώσωμεν,
2949 2853 3039 2906 ἴνα
3089 2853 3406 2926 δυνηθῶμεν
3440 2856 3740 2912 ἀδούλωτον

2165 2936 2396 3005 φυλάξαι
2430 2939 2527 3010 τὴν
2574 2939 2756 3011 ψυχὴν
2779 2982 2794 3007 ,
2845 2943 3038 3014 μηδενὶ
3071 2944 3180 2998 τῶν
3227 2935 3522 3018 ὁρωμένων
3554 2950 3642 3003 διὰ
3681 2950 3742 3004 τδ

2165 3029 2324 3100 σῶμα
2366 3031 2644 3096 παντελῶς
2676 3037 3090 3108 κρατουμένην·
3142 3041 3238 3092 καὶ
3287 3040 3380 3094 τοῦ
3410 3041 3510 3114 ζῇν
3556 3043 3741 3097 ἕνεκεν

2162 3123 2465 3195 δειχθῶμεν
2502 3127 2812 3194 ἐσθίοντες,
2866 3130 3004 3184 ἀλλά
3049 3133 3123 3203 μὴ
3182 3133 3276 3187 τοῦ
3325 3135 3527 3190 ἐσθίειν
3581 3138 3741 3208 χάριν

2163 3214 2370 3281 ζῶντες
2400 3209 2769 3291 ἐλεγχθῶμεν.
2809 3221 2882 3275 Τὸ
2921 3223 3020 3294 μὲν
3049 3224 3158 3297 γὰρ
3185 3225 3435 3298 λογικῆς,
3463 3228 3525 3282 τὸ
3558 3229 3616 3282 δὲ
3644 3230 3742 3300 τῆς

2163 3307 2362 3375 ἀλόγου
2397 3310 2586 3377 σαφῶς
2619 3311 2750 3364 ἴδιον
2799 3314 3107 3387 καθέστηκε
3150 3316 3386 3385 φύσεως.
3429 3321 3540 3372 Καὶ
3570 3321 3740 3389 φύλα-

2163 3414 2258 3460 κες
2303 3391 2458 3468 ὦμεν
2496 3400 2596 3471 τῆς
2633 3405 2943 3476 προσευχῆς
2980 3407 3229 3475 ἀκριϐεῖς
3253 3449 3267 3473 ,
3305 3411 3374 3463 δι’
3403 3411 3584 3465 αὐτῶν
3628 3413 3740 3467 δει-

2161 3489 2421 3560 κνύμενοι
2445 3491 2558 3545 τῶν
2585 3495 2950 3565 πραγμάτων,
2982 3497 3064 3552 ὅτι
3095 3501 3226 3570 μιᾶς
3252 3503 3348 3556 καὶ
3374 3504 3544 3575 μόνης
3572 3505 3738 3576 ἀπρὶξ

2160 3580 2499 3654 ἀντεχόμεθα
2529 3584 2632 3654 τῆς
2679 3589 2736 3640 ἐν
2781 3589 3056 3659 πνεύματι
3101 3593 3287 3664 ζωῆς,
3340 3596 3436 3649 καὶ
3474 3597 3610 3669 πρὸς
3642 3599 3738 3669 τὴν

2160 3672 2332 3745 αὐτὴν
2362 3675 2558 3746 κτῆσιν
2586 3678 2686 3746 τῆς
2727 3680 3009 3752 παρούσης
3041 3682 3245 3756 [marg.
3289 3685 3436 3756 ζωῆς
3459 3687 3736 3763 δηλονότι]

2160 3764 2259 3836 τὴν
2296 3767 2493 3838 χρῆσιν
2523 3769 2829 3842 ποιούμεθα
2855 3788 2868 3800 °
2903 3773 2972 3826 δι’
3015 3775 3082 3845 ἢν
3110 3777 3366 3832 τοσοῦτον
3409 3778 3508 3850 τὴν
3536 3781 3738 3853 ταύτης

2162 3856 2464 3928 στέργομεν
2507 3861 2724 3932 χρῆσιν,
2769 3863 2895 3918 ὅσον
2931 3866 3083 3938 ἄρτῳ
3112 3869 3316 3942 ταύτην
3353 3873 3500 3943 μόνῳ
3545 3877 3736 3945 στηρί-

2159 3945 2299 4038 ζειν
2333 3948 2409 4020 μὴ
2471 3953 2901 4024 παραιτεῖσθαι,
2955 3960 3052 4012 καὶ
3114 3960 3213 4033 τὴν
3260 3962 3434 4033 αὐτῆς
3501 3966 3736 4038 φυσικὴν

2157 4037 2370 4103 εὐεξίαν
2423 4041 2714 4110 φυλάττειν
2767 4045 2892 4100 ὅσον
2943 4047 3004 4102 τὸ
3052 4050 3139 4120 ἐφ’
3191 4053 3324 4123 ἡμῖν
3375 4037 3732 4129 ἀδιάφθορον·

2157 4131 2258 4202 οὐχ
2287 4132 2374 4187 ἵνα
2419 4133 2603 4204 ζῶμεν
2622 4177 2637 4202 ,
2679 4136 2796 4191 ἀλλ’
2823 4139 2912 4194 ἵνα
2949 4140 3069 4213 Θεῷ
3101 4142 3285 4215 ζῶμεν
3308 4161 3324 4177 °
3356 4147 3538 4218 ψυχῆς
3568 4149 3733 4216 ἀγγε-

2157 4220 2248 4278 λον
2273 4223 2335 4276 τὸ
2361 4223 2523 4296 σῶμα
2548 4227 2918 4294 καθιστῶντες
2939 4230 3324 4305 λελογισμένον
3345 4241 3468 4303 ταῖς
3491 4241 3730 4312 ἀρεταῖς,

2159 4312 2252 4366 καὶ
2278 4314 2482 4386 ταύτην
2502 4317 2638 4370 Θεοῦ
2669 4319 2890 4391 κήρυκα
2921 4323 3203 4389 ποιοῦντες
3230 4330 3295 4399 τῇ
3327 4331 3456 4399 περὶ
3484 4331 3546 4384 τὸ
3573 4332 3734 4387 καλὸν

2158 4408 2448 4478 παγιότητι
2494 4412 2922 4484 πεποιωμένην·
2959 4416 3055 4469 καὶ
3100 4417 3288 4473 τοῦτον
3336 4423 3436 4492 μιᾷ
3487 4424 3732 4492 φυσικῶς

469 4505 611 4560 nesti
647 4504 956 4560 constantia
985 4503 1273 4568 imbutam,
1301 4503 1397 4558 Dei
1432 4518 1739 4572 praeconem
1786 4513 2052 4574 praestanv

2163 4499 2340 4571 ἡμέρᾳ
2397 4501 2801 4572 περικλείοντες
2843 4505 2935 4558 τὸν
2978 4506 3145 4579 ἄρτον
3170 4525 3184 4540 ο
3237 4486 3377 4582 ὑπὲρ
3410 4486 3600 4568 ἀὑτοῦ
3655 4486 3728 4588 μῆ

472 4602 556 4649 tes
583 4613 594 4648 :
624 4602 789 4663 atque
821 4593 971 4647 hunc
1006 4592 1172 4646 unico
1201 4592 1291 4647 die
1319 4607 1522 4662 panem
1573 4599 1773 4647 natura
1830 4594 2056 4648 conclu-

465 4685 701 4751 dentes;
733 4685 874 4754 ejus,
914 4684 1009 4754 qui
1039 4685 1348 4738 orationem
1401 4682 1629 4738 tradidit
1678 4684 1892 4753 pudore
1952 4684 2052 4740 de-

469 4773 671 4838 territi,
697 4790 765 4828 ne
803 4773 858 4828 in
883 4773 1117 4828 alterum
1151 4773 1295 4828 diem
1343 4773 1802 4844 supplicationem
1861 4781 2055 4828 exten-

468 4865 681 4920 damus.
711 4865 802 4920 Sic
827 4865 974 4920 euim
993 4865 1199 4935 reipsa,
1236 4881 1338 4934 pro
1365 4881 1433 4920 eo
1453 4881 1517 4920 ac
1556 4865 1829 4919 orationis
1873 4865 2053 4920 virtus

467 4957 638 5028 exigit
682 4973 783 5012 nos
839 4957 987 5027 ipsos
1050 4957 1430 5026 disponendo,
1493 4956 1562 5012 ad
1587 4956 1828 5026 reliquas
1883 4956 2052 5012 etiam

469 5049 615 5102 clare
657 5049 964 5104 sententias
1039 5049 1232 5104 licebit
1269 5049 1593 5118 procedere,
1653 5057 1716 5103 ut
1746 5047 1998 5102 dicamus
2032 5065 2047 5102 :

537 5140 695 5210 361
734 5140 802 5194 Et
836 5141 1040 5195 dimitte
1071 5139 1217 5195 nobis
1251 5139 1424 5194 debita
1460 5149 1678 5207 nostra,
1707 5140 1840 5194 sicut
1871 5147 1920 5192 et
1955 5155 2050 5196 nos

468 5230 776 5286 dimittimus
808 5233 1121 5286 debitoribus
1151 5234 1365 5288 nostris.

537 5322 642 5388 Qui
682 5322 836 5392 juxta
860 5323 1118 5393 priorem
1162 5323 1462 5394 superioris
1501 5322 1790 5380 sententize
1823 5337 2045 5380 sensum

539 5498 611 5570 (ο)
641 5499 750 5552 Καὶ
779 5499 891 5572 Δτῷν·
933 5499 1250 5570 ἐφήμερον.
1313 5502 1500 5557 Altera
1531 5501 1824 5572 expositio,
1861 5509 1923 5557 ut
1973 5501 2046 5557 sit

469 5571 636 5642 etiam
682 5569 877 5642 petitio
923 5569 1103 5642 panis,
1134 5587 1241 5642 quo
1291 5569 1632 5628 sustentatur
1679 5573 2044 5642 corporaliter

464 5641 574 5712 vita
611 5641 890 5706 mortalis;
923 5641 1016 5694 sed
1043 5641 1434 5712 itaduntaxat,
1466 5653 1526 5698 ut
1554 5642 1624 5697 sit
1661 5641 1996 5712 quotidianus
2025 5659 2044 5711 ;

468 5708 520 5761 id
543 5718 662 5784 _est,
693 5718 774 5784 u_t_
784 5726 890 5784 nos
903 5725 1024 5784 non
1037 5711 1217 5784 trahat
1233 5711 1288 5766 in
1310 5714 1481 5784 longa
1495 5708 1741 5783 tempora
1753 5715 1874 5784 ejus
1885 5708 2040 5778 cura,

463 5777 559 5832 sed
585 5779 832 5847 quotidie
858 5780 953 5836 illo
973 5781 1140 5836 obvio
1172 5777 1638 5850 contenti'simus',
1679 5777 2040 5852 qui'mortem

2153 4591 2462 4662 τολμῶντες
2507 4593 2588 4658 εἰς
2625 4595 2885 4666 δευτέραν
2917 4597 3133 4669 ἡμέραν
3157 4601 3246 4655 διὰ
3277 4603 3367 4658 τὸν
3403 4604 3608 4677 δοτῆρα
3630 4609 3730 4679 τῆς

2155 4686 2466 4758 προσευχῆς
2520 4687 2831 4742 ἐπεκτεῖναι
2880 4689 2982 4761 τὴν
3029 4691 3235 4763 δέησιν.
3297 4695 3454 4750 Οὕτω
3508 4697 3617 4770 γὰρ
3667 4699 3732 4754 ἂν

2157 4777 2560 4848 πραγματικῶς
2611 4779 2756 4833 κατά
2810 4780 2909 4851 τὴν
2969 4781 3199 4854 δύναμιν
3252 4785 3356 4856 τῆς
3421 4791 3736 4861 προσευχῆς

2154 4869 2382 4933 ἑαυτοὺς
2409 4870 2710 4936 διαθέντες,
2729 4872 3092 4945 δυνηθείημεν
3122 4877 3218 4930 καὶ
3245 4880 3361 4944 τοῖς
3389 4880 3735 4954 λειπομένοις

2155 4961 2409 5034 καθαρῶς
2437 4963 2742 5035 προσϐῆναι
2771 4965 2978 5035 ῥητοῖς,
3011 4967 3343 5036 φάσκοντες·

2225 5136 2336 5192 Καὶ
2373 5136 2523 5207 ἄφες
2560 5136 2705 5207 ἡμῖν
2749 5138 2824 5193 τὰ
2851 5138 3226 5211 ὀφειλήματα
3258 5143 3456 5214 ἡμῶν,
3504 5147 3587 5214 ὡς
3637 5149 3736 5204 και

2153 5228 2328 5298 ἡμεῖς
2353 5229 2606 5298 ἀφίεμεν
2633 5227 2760 5295 τοῖς
2789 5229 3126 5298 ὀφειλέταις
3153 5231 3344 5301 ἡμῶν.

2236 5320 2296 5375 '0
2322 5320 2467 5375 κατὰ
2497 5317 2597 5374 τὴν
2649 5319 2876 5394 πρώτην
2915 5322 3018 5394 τῆς
3043 5322 3138 5377 τοῦ
3169 5325 3536 5397 προλαϐόντος
3563 5329 3734 5402 ρητοῦ

2148 5498 2888 5589 interessem-ﬁat:
2930 5503 3198 5589 mendose.
3232 5505 3738 5589 θάίεοιιιλιεεειιίνα

2151 5570 2377 5647 εεῂειιιη
2407 5570 2630 5640 penitus
2660 5570 2914 5637 destruit,
2943 5589 3021 5647 _ae
3043 5577 3203 5644 quasi
3252 5570 3415 5647 neget
3441 5570 3734 5644 Maximus,

2150 5641 2319 5717 etiam
2343 5655 2473 5717 eum
2501 5656 2722 5717 panem,
2752 5657 2818 5697 ea
2835 5641 3213 5717 moderatione
3242 5658 3299 5702 et
3327 5641 3688 5717 philosophia
3712 5641 3728 5712 ,

2151 5711 2489 5836 aerari-mione
2521 5713 2820 5783 petendum
2846 5731 2860 5768 :
2887 5715 3035 5784 quod
3066 5731 3231 5773 nemo
3261 5711 3429 5773 sanus
3459 5711 3630 5784 dicat,
3666 5731 3730 5772 ac

2305 5796 2460 5836 onus.

2152 5789 2460 5852 theologus.
