4070 6412
401 333 496 398 θἩ

1395 331 1800 393 EXPOSITIO
1837 330 2252 392 ORATIOle
2283 332 2675 394 DOMINICE
2687 382 2700 394 .

3547 342 3655 404 θθὲ

399 444 630 515 θεωρίας
679 445 958 516 ἐπιδοῖην,
987 453 1130 499 κατὰ
1165 446 1256 498 τὸν
1288 444 1460 498 αἰῶνα
1489 444 1699 506 τοῦτον,
1729 440 1791 498 οὗ
1823 445 1963 514 σύμ-

2073 458 2132 499 ae
2171 445 2598 515 expositionem,
2637 449 2691 502 in
2737 447 2938 503 sayculo
2978 450 3112 515 hoc,
3149 452 3307 523 cujus
3345 453 3650 525 symbolum

397 535 550 590 ϐολον
579 532 719 591 εἶναι
749 537 808 590 τὸ
841 539 1080 609 σήμερον
1111 537 1345 607 ἔφαμεν,
1376 537 1468 590 τὸν
1498 536 1776 606 ἄφθαρτον
1807 536 1972 606 ἄρτον

394 632 492 697 τῆς
527 628 737 698 σοφίας,
785 623 847 684 οῦ
882 629 1162 700 καταρχὰς
1194 628 1511 698 διετείχισεν
1555 629 1700 698 ἡμᾶς
1729 629 1760 696 ἡ
1797 627 1974 698 παρά-

394 721 571 784 ϐασις,
599 721 686 775 διὰ
718 724 1024 792 προσευχῆς
1057 721 1350 792 ἐπιζητῶν,
1384 720 1478 774 ἆτε
1512 720 1574 789 δὴ
1622 721 1750 789 μίαν
1779 720 1972 792 ἡδονὴν

394 812 758 881 ἐπιστάμενος
789 811 886 881 τὴν
913 811 1021 863 τῶν
1047 809 1210 863 θείων
1239 809 1549 880 ἐπιτυχίαν,
1579 806 1645 882 ἦς
1680 809 1845 880 δοτὴρ
1873 809 1971 880 μέν

393 903 534 956 κατά
565 904 728 971 φύσιν
768 903 916 956 ἐστὶν
945 905 972 956 ό
1000 902 1130 966 Θεός
1157 918 1170 933 ο
1207 902 1384 972 φύλαξ
1411 903 1468 954 δέ
1513 902 1654 955 κατά
1691 901 1910 970 θέλησιν
1937 904 1970 972 ὴ

391 995 487 1046 τοῦ
536 993 796 1057 λαϐόντος
839 994 1197 1065 προαίρεσις·
1242 993 1336 1046 καὶ
1389 993 1517 1062 μίαν
1561 992 1755 1061 ὀδύνην
1793 992 1968 1054 εἰδὼς,

389 1086 490 1155 τὴν
530 1085 738 1139 τούτων
793 1086 1128 1156 ἀποτυχίαν,
1183 1079 1252 1156 ἦς
1293 1084 1596 1146 ὑποϐολεὺς
1631 1085 1731 1155 μέν
1765 1086 1915 1136 ἐστιν
1943 1087 1970 1138 ὁ

389 1176 633 1240 διάϐολος
655 1195 668 1208 ·
697 1178 999 1248 αὐτουργὸς
1024 1178 1100 1240 δέ,
1128 1179 1237 1241 πᾶς
1263 1178 1291 1230 ὁ
1319 1177 1427 1230 τῶν
1455 1176 1613 1228 θείων
1652 1176 1718 1229 δι’
1752 1176 1970 1229 ἀτονίαν

387 1269 616 1340 γνώμης
641 1269 1092 1339 ἁποκαμνόμενος
1115 1268 1134 1340 Ῐ
1152 1268 1279 1322 Ven.
1299 1278 1346 1323 et
1367 1267 1458 1321 Fr.
1484 1267 1966 1340 ἀποκναιόμενος]’

391 1359 472 1430 μὴ
507 1359 790 1428 φυλάττων
833 1359 892 1412 τὸ
921 1359 1102 1430 τίμιον
1132 1360 1357 1431 γνώμης
1398 1359 1635 1414 διαθέσει
1671 1361 1970 1430 στεργόμε-

387 1469 518 1506 νον·
564 1451 700 1521 πρὸς
745 1449 897 1504 οὐδὲν
941 1449 1079 1521 ἔχων
1115 1449 1226 1503 τῶν
1279 1449 1571 1521 ὁρωμένων
1604 1449 1877 1519 ῥέπουσαν
1911 1449 1969 1501 τὸ

389 1541 614 1596 σύνολον
642 1541 740 1612 τὴν
770 1515 1091 1611 προαίρεσιν
1117 1581 1133 1606 ,
1172 1541 1274 1594 καὶ
1314 1538 1402 1592 διὰ
1451 1537 1610 1591 τοῦτο
1639 1541 1749 1600 τοῖς
1783 1554 1969 1608 σωμα-

387 1633 560 1696 τικῶς
609 1633 758 1704 αὑτῷ
806 1631 1165 1702 συμϐαίνουσι
1221 1631 1486 1700 λυπηροῖς
1540 1631 1638 1700 οὐχ
1688 1630 1969 1699 ὑπαγόμε-

390 1740 484 1787 νος
506 1722 580 1793 (ϐ)
603 1738 617 1753 ⁸
649 1714 804 1786 οὗτος
847 1723 922 1786 ώς
962 1719 1180 1792 άληθῶς
1203 1761 1217 1786 ,
1249 1721 1478 1783 ἀπαθῶς
1508 1721 1700 1792 ἀφίησι
1735 1723 1846 1783 τοῖς
1888 1723 1968 1782 είς

384 1815 556 1871 αὑτὸν
589 1813 995 1891 ἁμαρτάνουσιν
1019 1829 1034 1846 ο
1073 1813 1156 1871 ὅτι
1188 1811 1324 1888 μηδὲ
1351 1812 1411 1865 τὸ
1446 1812 1567 1869 κατ’
1602 1811 1788 1884 ἔφεσιν
1815 1811 1962 1882 αὑτῷ

385 1909 833 1981 σπουδαζόμενον
872 1908 1094 1963 δύναταί
1123 1926 1206 1972 τις
1237 1909 1297 1961 τὸ
1341 1907 1602 1980 παράπαν
1650 1905 1964 1977 χειροῦσθαι

386 2001 599 2068 καλὸν,
656 2001 931 2054 ἀνάλωτον
983 1998 1127 2054 κατὰ
1162 1999 1324 2068 φύσιν
1369 1999 1636 2068 ὑπάρχειν
1668 2013 1966 2049 πεπιστευ-

391 2094 580 2162 μένον.
625 2094 738 2147 Καὶ
766 2093 844 2165 τῷ
871 2093 990 2162 Θεῷ
1037 2093 1358 2162 καθίστησιν
1404 2092 1596 2144 ἐαυτὸν
1637 2091 1838 2161 ἀρετῆς
1881 2088 1967 2155 ἐξ·

391 2183 742 2254 εμπλάριον,
800 2185 850 2236 εί
895 2181 1056 2235 τοῦτο
1090 2181 1248 2251 Θέμις
1289 2183 1505 2243 εἰπεῖν,
1549 2181 1685 2251 πρὸς
1733 2181 1966 2251 μίμησιν

391 2275 592 2328 ἑαυτοῦ
625 2273 717 2327 τὸν
745 2274 1022 2344 ἀμίμητον
1067 2274 1243 2326 ἐλθεῖν
1271 2273 1721 2344 ἐγκελευόμενος,
1769 2274 1963 2337 λέγων’

389 2369 582 2434 Ἄφες
605 2365 751 2435 ἡμῖν
777 2367 848 2418 τὰ
895 2364 1262 2434 ὀφειλήματα
1303 2362 1473 2433 ἡμῶν
1497 2405 1512 2430 ,
1554 2365 1634 2429 ὡς
1661 2363 1759 2416 καὶ
1797 2363 1968 2434 ἡμεῖς

385 2457 650 2526 ἀφίεμεν
697 2459 822 2522 τοῖς
859 2455 1195 2525 ὀφειλέταις
1229 2457 1434 2525 ἡμῶνο
1492 2456 1588 2509 καὶ¹
1645 2453 1757 2518 οἷος
1804 2456 1969 2519 αὐτὸς

387 2544 587 2613 γέγονε
609 2545 721 2607 τοῖς
748 2543 940 2606 πέλας,
972 2537 1030 2596 οἵ
1051 2543 1304 2612 γενέσθαι
1333 2544 1672 2614 παρακαλῶν
1701 2545 1790 2596 τὸν
1811 2543 1964 2597 θεόν.

390 2637 460 2690 Εἰ
489 2636 599 2708 γὰρ
624 2635 698 2699 ώς
725 2635 888 2698 αὐτδς
904 2637 1084 2706 ἀφῆκε
1111 2635 1182 2688 τὰ
1201 2635 1546 2706 ὀφειλήματα
1565 2639 1678 2699 τοῖς
1703 2637 1782 2699 είς
1807 2635 1969 2689 αὐτὸν

390 2730 780 2801 ἡμαρτηκόσι,
839 2727 1090 2797 βούλεται
1157 2729 1254 2781 καὶ
1305 2726 1454 2797 αὑτῴ
1498 2728 1764 2798 ἀφεθῆναι
1819 2725 1971 2797 παρά

391 2820 531 2875 Θεοῦ
554 2860 569 2886 ,
603 2819 849 2892 δηλονότι
894 2817 1083 2889 ῶσπερ
1111 2819 1139 2871 ό
1175 2817 1307 2880 Θεὸς
1357 2817 1583 2880 ἀπαθῶς
1621 2817 1845 2888 ἀφίησιν
1890 2811 1970 2880 οἷς

395 2910 622 2980 ἀφίησιν
643 2948 656 2972 ,
686 2908 859 2972 οὕτως
901 2909 996 2960 καὶ
1025 2907 1186 2971 αὐτὸς
1225 2907 1442 2978 ἀπαθὴς
1470 2909 1562 2960 ἐπὶ
1589 2910 1701 2971 τοῖς
1733 2907 1968 2977 συμϐαί-

397 3020 548 3056 νουσι
598 3002 890 3072 διαμένων,
937 3001 1132 3070 ἀφίησι
1188 3004 1300 3064 τοῖς
1372 3001 1839 3070 πλημμελήσασιο
1897 2999 1972 3071 μὴ

399 3094 692 3166 συγχωρῶν
725 3095 914 3164 μνήμῃ
946 3091 1067 3163 [Fr.
1103 3091 1346 3163 μνήμην]
1377 3092 1483 3146 τινὶ
1523 3092 1628 3144 τῶν
1653 3091 1973 3160 φθασάντων
2000 3116 2043 3172 c

305 3254 310 3259 .
398 3186 653 3258 λυπηρῶν
696 3184 997 3238 τυποῦσθαι
1046 3185 1139 3238 τὸν
1181 3184 1346 3251 νοῦν,
1392 3185 1479 3237 ἴνα
1522 3184 1596 3255 μὴ
1642 3183 1855 3255 τέμνων
1902 3186 1968 3253 τῇ

401 3276 592 3348 τνώμί]
633 3275 733 3347 τὴν
769 3276 929 3345 φύσιν
961 3276 1270 3347 ἐλέγχηται,
1305 3277 1441 3348 πρός
1475 3293 1596 3328 τινα
1627 3275 1733 3328 τῶν
1763 3275 1972 3345 ἀνθρώ-

404 3385 519 3420 πων
553 3366 874 3434 διεστηκώς,
914 3367 1196 3438 ἄνθρωπος
1236 3365 1332 3420 ῶν.
1381 3365 1542 3419 Οὕτω
1591 3366 1700 3438 γὰρ
1745 3366 1811 3420 ἂν
1843 3368 1972 3419 ἐνω-

403 3455 588 3527 θείςης
642 3460 742 3528 τῆς
785 3456 1010 3526 γνώμης
1063 3457 1140 3527 τῷ
1191 3457 1338 3526 λόγῳ
1396 3460 1495 3526 τῆς
1529 3456 1766 3525 φύσεως,
1811 3457 1972 3530 ήτοῦ

407 3547 540 3601 Θεοῦ
591 3549 724 3618 πρὸς
754 3549 853 3620 τὴν
883 3549 1043 3618 φύσιν
1073 3549 1387 3618 καταλλαγὴ
1433 3549 1675 3616 γίνεσθαι
1712 3551 1972 3619 πέφυκεν,

414 3640 498 3691 ὅτι
563 3642 695 3713 μήτε
721 3641 948 3698 δυνατὶν
992 3641 1192 3714 ἑτέρως
1239 3640 1381 3696 κατὰ
1422 3641 1520 3714 τὴν
1564 3641 1789 3715 γνώμην
1837 3643 1975 3713 πρὸς

417 3732 609 3804 ἑαυτὴν
643 3737 1036 3800 στασιάζουσαν
1063 3734 1162 3805 τὴν
1201 3734 1385 3803 φύσιν,
1418 3734 1518 3806 τὴν
1549 3735 1705 3788 θείαν
1755 3737 1850 3789 καὶ
1881 3737 1976 3790 ἀν-

411 3824 696 3892 εκλάλητον
744 3826 1107 3890 ὑποδέξασθαι
1178 3826 1610 3894 συγκατὰϐασιν.
1647 3827 1756 3880 Καὶ
1808 3828 1972 3897 τυχὸν

401 3915 492 3968 διὰ
522 3916 679 3970 τοῦτο
721 3919 985 3990 πρότερον
1031 3920 1177 3989 ἡμᾶς
1211 3918 1462 3988 βούλεται
1494 3921 1592 3984 τὰς
1639 3922 1774 3990 πρὸς
1809 3921 1970 3991 ἀλλή-

399 4008 526 4074 λους
565 4010 835 4064 ποιεῖσθαι
887 4012 1233 4080 καταλλαγὰς
1271 4014 1298 4064 ὁ
1336 4013 1506 4078 Θεὸς,
1557 4014 1653 4083 οὐχ
1702 4015 1789 4068 ἵνα
1842 4015 1969 4085 παρ’

395 4099 556 4172 ήμῶν
591 4100 737 4173 μάθῃ
787 4103 1251 4156 καταλλάττεσθαι
1299 4106 1410 4167 τοῖς
1449 4105 1845 4176 ἁμαρτάνουσι,
1877 4105 1973 4158 καὶ

390 4191 508 4244 τῶν
558 4192 768 4245 πολλῶν
806 4197 1110 4264 συγχωρεῖν
1164 4195 1257 4248 καὶ
1311 4195 1556 4268 φοϐερῶν
1609 4197 1972 4267 ἐγκλημάτων

388 4283 494 4356 τὴν
522 4283 753 4349 ἔκτισιν,
779 4285 897 4339 ἀλλ’
927 4287 1012 4338 ἵνα
1040 4287 1186 4357 ἡμᾶς
1214 4286 1432 4358 καθάρη
1459 4289 1668 4353 παθῶν,
1703 4289 1972 4363 καὶ-δείξῃ

387 4377 802 4449 συμϐαίνουσαν
833 4380 904 4448 τῇ
949 4378 1133 4447 σχέσει
1171 4381 1271 4449 τῆς
1305 4379 1526 4450 χάριτος
1571 4379 1670 4448 τὴν
1705 4378 1817 4431 τῶν
1843 4397 1974 4448 συγ-

1929 1788 2039 1842 3.8

2072 549 2193 589 csse
2221 536 2460 591 diximus
2482 538 2810 592 hodiernum
2839 541 3004 605 diem,
3032 543 3406 613 incorruptum
3439 548 3656 616 sapien-

2073 627 2162 680 tite
2195 642 2422 695 panem,
2461 644 2490 681 a
2524 645 2632 698 quo
2667 646 2767 682 nos
2802 631 2964 699 primi
3001 636 3258 703 temporis
3295 641 3653 708 transgressio

2074 717 2332 782 exclusit,
2365 719 2632 774 orationis
2660 721 2918 791 suiiragio
2949 723 3178 792 inquirit
3205 727 3286 797 (λι
3311 731 3402 797 qui
3434 733 3650 787 unicam

2073 807 2218 861 hanc
2251 809 2584 877 voluptatem
2621 813 2863 876 noverit,
2891 828 3011 881 qua:
3042 814 3351 870 divinormn
3391 835 3652 875 consecu-

2073 897 2219 951 tione
2262 899 2552 964 consistit;
2591 901 2749 971 cujus
2781 903 3002 971 quidem
3039 903 3230 960 dand:e
3267 908 3410 961 Deus
3445 911 3651 964 arbiter

2070 995 2267 1042 natura
2292 990 2542 1053 exsistit;
2574 1002 2760 1047 custos
2789 1003 2972 1048 autem
3004 996 3182 1050 libero
3206 998 3502 1053 voluntatis
3528 1016 3654 1068 pro-

2069 1078 2286 1147 posito,
2328 1079 2442 1149 ipse
2494 1091 2616 1146 est,
2659 1085 2754 1153 qui
2801 1087 3012 1154 accepit
3062 1104 3074 1140 :
3123 1087 3379 1158 huncque
3431 1091 3650 1144 unicmn

2069 1169 2318 1224 dolorem
2371 1172 2671 1243 intelligat,
2713 1177 2859 1244 quod
2912 1186 2996 1230 est
3042 1176 3110 1230 iis
3155 1178 3440 1244 frustrari;
3497 1180 3654 1249 cujus

2070 1259 2254 1314 damni
2285 1272 2571 1332 suggeslor
2597 1265 2817 1334 quidem
2848 1267 3100 1322 diabolus
3129 1279 3242 1334 est;
3276 1277 3471 1323 auctor
3495 1286 3652 1334 vero,

2068 1351 2324 1422 quisquis
2359 1370 2457 1423 per
2492 1356 2657 1410 animi
2698 1357 3000 1428 ignaviam,
3035 1375 3099 1414 ac
3140 1361 3426 1414 mollitiem
3467 1361 3654 1415 divina

2069 1445 2438 1498 consectando
2474 1443 2704 1516 fatiscit)
2748 1447 2800 1500 id
2839 1448 3187 1512 custodiens,
3223 1450 3493 1519 enixeque
3531 1466 3651 1505 ser-

2069 1550 2226 1599 vans,
2249 1535 2396 1604 quod
2425 1537 2594 1591 animi
2629 1538 2830 1592 alfectu
2861 1539 3246 1594 cbarissimum
3279 1542 3458 1610 ducit;
3495 1545 3656 1614 cujus

2068 1628 2324 1682 voluntas
2359 1630 2492 1683 nulli
2529 1646 2786 1699 prorsus,
2822 1631 2887 1685 iis
2922 1647 2988 1684 ex
3021 1632 3187 1688 rebus
3219 1649 3339 1702 qua:
3373 1635 3426 1688 in
3461 1636 3651 1690 oculos

2071 1719 2384 1783 incurrunt,
2410 1723 2710 1791 proclivior
2734 1723 2968 1790 luereat;
2995 1725 3199 1794 quique
3229 1726 3368 1781 adeo
3400 1727 3473 1781 ita
3501 1744 3652 1782 com-

2068 1821 2292 1881 paratus
2331 1813 2422 1879 sit,
2458 1824 2518 1868 ut
2560 1814 2763 1883 quibus
2801 1830 3004 1884 corpus
3044 1817 3292 1871 molestis
3331 1817 3584 1883 adicitur,
3618 1836 3650 1875 a

2066 1904 2202 1959 recti
2233 1906 2450 1960 tramite
2478 1905 2704 1959 minime
2731 1905 3064 1970 abducatur;
3097 1907 3144 1959 is
3170 1907 3329 1976 plane
3358 1909 3650 1978 tranquillo

2066 1996 2272 2061 animo,
2307 1997 2582 2066 nullisque
2620 2007 2942 2066 exasperato
2983 1997 3294 2062 aﬂ'cctibus,
3331 1998 3420 2064 iis,
3454 2000 3547 2069 qui
3593 2000 3649 2054 in

2068 2085 2245 2156 ipsum
2287 2095 2546 2156 peccant,
2584 2088 2843 2153 dimittit;
2889 2087 3035 2157 quod
3076 2104 3304 2157 nempe,
3342 2089 3488 2158 quod
3532 2091 3651 2159 ipse

2067 2177 2273 2232 donum
2331 2179 2609 2234 desiderio
2669 2179 2834 2243 colit,
2889 2193 3052 2233 nemo
3105 2195 3332 2249 prorsus
3395 2180 3650 2251 subigere

2068 2268 2262 2338 possit,
2294 2277 2506 2323 tantum
2543 2269 2678 2322 illud
2719 2285 2782 2323 ac
2815 2268 2942 2330 tale,
2974 2277 3036 2322 ut
3066 2268 3185 2338 ejus
3219 2269 3442 2323 omnino
3479 2271 3653 2326 robur

2073 2367 2268 2411 natura
2302 2357 2726 2430 inexpugnabile
2750 2358 3117 2412 existimetur.
3139 2357 3280 2424 Quin
3314 2375 3371 2413 se
3401 2359 3515 2430 ipse
3539 2361 3653 2416 Deo

2073 2447 2243 2520 (absit
2276 2448 2447 2501 verbo
2484 2448 2709 2518 invidia)
2744 2448 2966 2502 virtutis
3000 2449 3290 2503 constituit
3319 2451 3650 2520 exemplum,

2071 2540 2140 2594 ad
2165 2541 2249 2594 sui
2281 2540 2641 2594 imitationem
2685 2557 2836 2606 eum,
2855 2541 2949 2611 qui
2977 2541 3124 2596 omni
3149 2542 3324 2612 major
3346 2542 3654 2598 imitatione

2070 2639 2177 2695 est,
2211 2632 2364 2686 hisce
2400 2633 2585 2686 verbis
2620 2634 2980 2704 compellans,
3005 2634 3266 2704 velutque
3302 2635 3600 2690 adhortans
3635 2653 3650 2689 :

2071 2721 2289 2776 Dimitte
2333 2723 2476 2777 nobis
2510 2724 2682 2776 debita
2720 2733 2932 2789 nostra,
2967 2727 3100 2778 sicut
3133 2733 3182 2778 et
3216 2742 3310 2779 nos
3341 2725 3652 2780 dimittimus

2071 2814 2383 2868 debitoribus
2411 2817 2632 2879 nostris;
2665 2815 2825 2869 talem
2857 2815 3156 2870 obsecrans
3182 2816 3286 2870 sibi
3317 2815 3432 2870 fore
3456 2817 3650 2882 Deum,

2074 2905 2254 2973 qualis
2301 2907 2418 2974 ipse
2459 2906 2724 2975 proximis
2765 2906 2888 2959 fuit.
2922 2907 3055 2960 Nam
3099 2908 3144 2961 si
3184 2922 3245 2960 ea
3286 2907 3518 2973 ratione,
3545 2925 3654 2978 qua

2075 2996 2191 3066 ipse
2229 2998 2282 3049 in
2316 3013 2441 3050 eum
2475 2999 2834 3066 peccantibus
2857 2997 3085 3062 dimisit,
3113 2999 3284 3052 Deum
3308 3015 3525 3068 quoque
3551 2999 3654 3069 ipsi

2077 3088 2354 3142 dimittere
2411 3089 2600 3158 cupit;
2654 3089 2814 3158 plane
2871 3090 3014 3144 sicut
3058 3089 3202 3144 Deus
3252 3089 3458 3160 absque
3505 3089 3656 3144 omni

2077 3179 2495 3249 perturbatione
2544 3179 2807 3243 dimittit,
2852 3180 3054 3250 quibus
3104 3179 3367 3245 dimittit,
3409 3180 3490 3236 sic
3540 3180 3657 3250 ipse

2077 3287 2294 3341 quoque
2323 3271 2376 3325 in
2404 3272 2471 3326 iis
2495 3287 2615 3341 quae
2643 3272 2920 3336 accidunt,
2947 3273 3383 3342 imperturbatus
3421 3289 3485 3328 ac
3510 3282 3660 3328 tran-

2076 3363 2258 3432 quillae
2295 3364 2495 3417 mentis
2529 3379 2778 3427 manens,
2812 3364 2959 3433 quod
2992 3363 3236 3418 oﬂensus
3267 3373 3370 3428 est,
3405 3364 3658 3429 dimittit,

2077 3449 2249 3503 nullis
2281 3466 2472 3504 corum
2500 3467 2620 3520 quae
2651 3451 2829 3506 tristia
2862 3452 2916 3505 in
2948 3469 3075 3507 eum
3109 3464 3507 3523 prreeesserunt
3535 3455 3658 3509 ani-

2075 3557 2225 3594 mum
2270 3541 2550 3595 informari
2590 3542 2807 3607 sinens,
2842 3543 3166 3613 nequando,
3199 3544 3294 3613 qui
3336 3544 3451 3614 ipse
3492 3545 3659 3600 homo

2075 3634 2166 3697 sit,
2190 3635 2275 3688 vel
2304 3634 2371 3688 ab
2401 3649 2509 3687 uno
2534 3635 2718 3704 aliquo
2749 3635 3031 3689 hominum
3058 3636 3350 3700 dissidens,
3375 3637 3659 3691 voluntate

2076 3725 2356 3795 animique
2391 3725 2665 3780 sententia
2702 3735 2952 3780 naturam
2988 3725 3240 3781 scindere
3275 3727 3656 3783 convincatur.

2075 3815 2165 3870 Sic
2204 3833 2440 3885 namque
2479 3818 2760 3870 voluntate
2801 3831 2926 3870 cum
2977 3825 3188 3871 natura:
3226 3817 3439 3870 ratione
3482 3816 3656 3883 unita,

2075 3918 2473 3978 comparatum,
2501 3917 2562 3963 ut
2594 3908 2690 3963 Dei
2727 3923 2852 3963 cum
2886 3917 3084 3962 natura
3112 3907 3489 3962 reconciliatio
3520 3924 3658 3977 pra»

2074 4020 2272 4066 stetur.
2303 4011 2519 4082 Alioqui
2547 4012 2695 4066 enim
2727 4011 2955 4066 minime
2991 4011 3108 4066 ﬁeri
3142 4020 3350 4082 potest,
3379 4021 3442 4067 ut
3469 4011 3563 4066 Dei
3599 4027 3658 4067 se

2073 4104 2266 4168 nobis,
2317 4105 2483 4173 inque
2535 4103 2758 4158 modum
2800 4113 3051 4157 nostrum
3099 4102 3447 4167 inclinantis,
3490 4103 3662 4158 nullis

2074 4197 2265 4251 verbis
2313 4196 2696 4266 explicabilcm
2742 4197 2902 4266 362
2951 4195 3321 4266 dignationem
3372 4194 3656 4264 suscipiat.

2075 4288 2245 4358 quue
2286 4287 2514 4342 forsitan
2568 4289 2621 4341 in
2669 4304 2834 4342 causa
2885 4288 2977 4351 sit,
3014 4303 3112 4342 cur
3156 4301 3256 4340 nos
3304 4286 3451 4356 ipsos
3488 4287 3656 4348 Deus.

2075 4379 2235 4448 prius
2261 4379 2400 4433 alios
2431 4379 2551 4433 aliis
2581 4380 2928 4436 reconciliari
2957 4380 3111 4445 velit,
3145 4394 3207 4433 ae
3238 4394 3359 4449 qua:
3392 4378 3534 4433 inter
3558 4393 3663 4432 nos

384 4468 762 4537 χωρουμένων
793 4467 1031 4520 διάθεσιν
1056 4469 1155 4537 (7).
1201 4468 1396 4535 Σαφῶς
1441 4469 1495 4521 δὲ
1543 4469 1852 4540 καθέστηκε
1879 4473 1971 4542 δῆ-

2078 4470 2388 4526 simultatcs
2414 4471 2620 4541 vigent,
2647 4472 2874 4526 omnino
2902 4487 3259 4542 componere,
3280 4488 3390 4526 non
3417 4480 3479 4525 ut
3503 4471 3658 4540 quasi

379 4559 502 4621 λον,
531 4559 614 4612 ὅτι
638 4562 734 4630 τῆς
759 4557 984 4630 γνώμης
1015 4559 1310 4628 ἐνωθείσης
1339 4559 1416 4630 τῷ
1442 4560 1584 4631 λόγῳ
1607 4564 1704 4632 τῆς
1733 4561 1970 4630 φύσεως,

379 4652 760 4714 ἀστασίαστος
814 4651 969 4705 ἔσται
1025 4651 1162 4722 πρὸς
1206 4651 1298 4704 τὸν
1353 4653 1488 4705 Θεὸν
1551 4655 1586 4722 ἡ
1664 4655 1772 4706 τῶν
1815 4654 1976 4709 τοῦτο

377 4742 841 4812 κατωρθωκότων
902 4744 1264 4815 προαίρεσις·
1326 4744 1486 4816 εἴπερ
1539 4746 1691 4798 οὐδὲν
1731 4748 1974 4817 πέφυκεν

377 4833 782 4907 ἐνθεωρεῖσθαι
814 4835 1125 4906 παράλογον
1172 4837 1251 4906 τῷ
1298 4835 1442 4908 λόγῳ
1479 4839 1578 4907 τῆς
1615 4838 1828 4905 φύσεως
1855 4883 1870 4902 ,
1914 4839 1975 4903 ὃς

375 4929 483 4981 καὶ
519 4927 685 4996 νόμος
726 4927 844 4979 ἐστὶ
875 4928 1102 4995 φυσικός
1149 4945 1210 4980 τε
1255 4929 1350 4980 καὶ
1386 4928 1526 4992 θεῖος
1556 4929 1654 4999 (8),
1689 4931 1816 4984 ὅταν
1849 4931 1973 4984 καθ’

375 5021 587 5076 ἑαυτὸν
617 5020 1018 5092 ἐνεργουμένην
1046 5021 1189 5095 λάϐῃ
1217 5024 1315 5093 τῆς
1345 5021 1573 5093 γνώμης
1605 5023 1704 5095 τὴν
1735 5025 1971 5097 κίνησιν.

376 5116 447 5168 Εἰ
482 5113 544 5166 δέ
579 5114 890 5183 παράλογον
932 5112 1084 5165 οὐδέν
1130 5115 1277 5166 ἐστιν
1311 5115 1368 5166 ἐν
1419 5113 1498 5184 τῷ
1551 5113 1698 5186 λόγῳ
1741 5117 1842 5186 τῆς
1866 5113 1974 5182 ,φύ-

382 5221 555 5267 σεως,
602 5203 827 5267 εἰκότως
859 5203 894 5273 ἡ
931 5201 1123 5272 γνώμη
1160 5203 1302 5257 κατά
1341 5203 1431 5256 τὸν
1469 5204 1625 5272 λόγον
1669 5205 1968 5276 κινουμένη

369 5299 483 5368 τῆς
523 5297 762 5364 φῦσεως,
799 5294 1204 5364 συμϐαίνουσαν
1231 5295 1342 5359 ἕξει
1385 5295 1475 5348 διὰ
1503 5295 1721 5351 πάντων
1748 5297 1825 5367 τῷ
1853 5297 1972 5367 Θεῷ

369 5392 487 5461 τὴν
522 5387 806 5458 ἐνέργειαν
835 5403 848 5416 '
886 5387 1009 5456 ἥτις
1039 5387 1156 5438 ἐστὶ
1189 5384 1316 5457 [ΡΥ.
1348 5387 1473 5457 ἥτις
1509 5385 1704 5458 ἔσται]
1731 5386 1973 5450 διάθεσις

371 5481 736 5551 ἑμπρακτος,
764 5481 832 5551 τῇ
860 5479 1046 5550 χάριτι
1075 5477 1170 5531 τοῦ
1197 5472 1357 5547 φύσει
1389 5478 1559 5538 καλοῦ
1599 5479 1735 5550 πρὸς
1767 5481 1972 5552 ἀρετῆς

367 5573 609 5642 γένεσιν
641 5569 1022 5642 πεποιωμένη.

2075 4562 2253 4617 nostri
2287 4563 2554 4633 przeludio
2586 4564 2701 4634 ipse
2731 4565 3115 4634 peccatoribus
3147 4565 3490 4619 reconciliari
3529 4580 3661 4618 con-

2075 4652 2273 4718 discat,
2292 4655 2701 4723 multorumque
2721 4671 2785 4710 ac
2804 4655 3123 4708 immanium
3146 4655 3414 4709 scelerum
3438 4669 3659 4722 poenam

2076 4742 2423 4808 condonare;
2453 4743 2547 4796 sed
2579 4751 2638 4795 ut
2666 4759 2766 4798 nos
2796 4760 2826 4798 a
2860 4744 3376 4813 perturbationibus
3397 4743 3661 4812 vitiisque

2075 4834 2360 4898 emundct,
2395 4850 2720 4904 eorumque,
2750 4835 2954 4905 quibus
2981 4835 3138 4889 venia
3176 4835 3511 4904 indulgetur,
3540 4836 3662 4888 ani-

2076 4944 2226 4982 mum
2262 4928 2406 4982 haud
2437 4928 2738 4982 abhorrere
2763 4944 2792 4982 a
2823 4914 3232 4983 necessitudine
3260 4926 3445 4997 gratia:
3473 4936 3663 4982 osten-

2077 5019 2193 5074 dat.
2220 5020 2404 5074 Palam
2441 5020 2589 5074 enim
2626 5020 2977 5090 perspicuum
3010 5028 3118 5082 est,
3148 5019 3428 5072 voluntate
3463 5019 3661 5072 animi-

2078 5127 2186 5182 que
2230 5113 2503 5168 sententia
2545 5129 2671 5169 eum
2713 5122 2924 5167 natura:
2981 5112 3195 5168 ratione
3240 5111 3415 5173 unita,
3451 5110 3567 5164 fore
3599 5120 3662 5163 ut

2081 5215 2287 5287 quibus
2321 5215 2374 5270 id
2409 5215 2630 5282 demum
2666 5215 2958 5287 obtigerit,
2993 5213 3131 5268 nihil
3169 5230 3199 5268 a
3235 5215 3346 5268 Deo
3378 5213 3663 5268 voluntate

2079 5305 2390 5374 animisque
2422 5304 2760 5371 dissideant;
2791 5305 2995 5375 quippe
3025 5320 3149 5359 eum
3183 5303 3322 5358 nihil
3352 5303 3665 5358 abhorrens

2079 5412 2111 5452 a
2156 5397 2372 5453 ratione
2412 5405 2580 5468 atque
2619 5397 2892 5451 absonum
2935 5396 2988 5450 in
3035 5405 3246 5450 natura:
3286 5396 3402 5464 ipsa
3447 5395 3665 5448 ratione

2078 5488 2313 5558 intelligi
2342 5496 2537 5558 queat,
2563 5504 2684 5559 quae
2710 5496 2766 5542 et
2794 5489 2879 5542 lex
2916 5489 3181 5543 naturalis
3212 5497 3266 5544 et
3297 5486 3479 5540 divina
3513 5485 3664 5540 exsi-

2075 5587 2204 5642 stat,
2237 5595 2360 5634 eum
2399 5586 2609 5634 motum
2633 5579 2934 5634 voluntatis
2963 5596 3029 5634 ex
3059 5580 3174 5633 suis
3205 5579 3318 5647 ipsa
3349 5577 3662 5630 rationibus

367 5666 731 5734 exercitum,
779 5674 1319 5737 consentaneumque
1369 5668 1666 5738 acceperit.
1715 5669 1871 5736 Quod
1925 5673 1968 5728 si
2007 5674 2149 5728 nihil
2215 5675 2577 5730 abhorrensa
2604 5674 2817 5730 ratione
2845 5683 3006 5744 atque
3068 5674 3333 5727 absonum
3365 5670 3417 5724 in
3449 5679 3663 5724 naturae

373 5761 610 5818 ratione
646 5759 885 5828 exsistit,
919 5760 1118 5815 merito
1187 5760 1443 5816 voluntas
1505 5777 1626 5834 qua:
1659 5775 1948 5822 moveatur
1981 5773 2042 5823 ut
2078 5774 2292 5824 natura:
2337 5767 2536 5825 rationi
2583 5777 2961 5838 comparatum
3012 5775 3127 5834 est,
3170 5764 3550 5836 operationem
3604 5763 3661 5818 in
