  <div class='ocr_page' id='page_1' title='image "/cluster/home/n/w/nwhite01/storage/ocr_20150623/90:no.1/coo.31924054869940/468.png"; bbox 0 0 4070 6408; ppageno 0'>
   <div class='ocr_carea' id='block_1_1' title="bbox 423 303 534 366">
    <p class='ocr_par' dir='ltr' id='par_1_1' title="bbox 423 303 534 366">
     <span class='ocr_line' id='line_1_1' title="bbox 423 303 534 366; baseline 0 -1"><span class='ocrx_word' id='word_1_1' title='bbox 423 303 534 366; x_wconf 74' lang='grc' dir='ltr'>9θῦ</span> 
     </span>
    </p>
   </div>
   <div class='ocr_carea' id='block_1_2' title="bbox 1395 311 2704 372">
    <p class='ocr_par' dir='ltr' id='par_1_2' title="bbox 1395 311 2704 372">
     <span class='ocr_line' id='line_1_2' title="bbox 1395 311 2704 372; baseline 0.002 -3"><span class='ocrx_word' id='word_1_2' title='bbox 1395 311 1796 371; x_wconf 78' lang='lat' dir='ltr'><strong>EXPOSITIO</strong></span> <span class='ocrx_word' id='word_1_3' title='bbox 1835 311 2247 372; x_wconf 73' lang='lat' dir='ltr'><strong>ORATIOle</strong></span> <span class='ocrx_word' id='word_1_4' title='bbox 2291 312 2704 372; x_wconf 63' lang='grc' dir='ltr'><strong>ΒΟΜΙΝΙΟίΕ.</strong></span> 
     </span>
    </p>
   </div>
   <div class='ocr_carea' id='block_1_3' title="bbox 3580 319 3688 381">
    <p class='ocr_par' dir='ltr' id='par_1_3' title="bbox 3580 319 3688 381">
     <span class='ocr_line' id='line_1_3' title="bbox 3580 319 3688 381; baseline 0.037 -4"><span class='ocrx_word' id='word_1_5' title='bbox 3580 319 3688 381; x_wconf 82' lang='grc' dir='ltr'><strong>9θὸ</strong></span> 
     </span>
    </p>
   </div>
   <div class='ocr_carea' id='block_1_4' title="bbox 419 411 2004 493">
    <p class='ocr_par' dir='ltr' id='par_1_4' title="bbox 419 411 2004 489">
     <span class='ocr_line' id='line_1_4' title="bbox 419 411 2004 489; baseline 0.003 -23"><span class='ocrx_word' id='word_1_6' title='bbox 419 414 523 483; x_wconf 79' lang='grc' dir='ltr'><strong>τῆς</strong></span> <span class='ocrx_word' id='word_1_7' title='bbox 579 413 697 464; x_wconf 82' lang='grc' dir='ltr'>κατ’</span> <span class='ocrx_word' id='word_1_8' title='bbox 734 411 874 466; x_wconf 75' lang='grc' dir='ltr'><strong>αὑτά</strong></span> <span class='ocrx_word' id='word_1_9' title='bbox 915 413 1205 480; x_wconf 75' lang='grc' dir='ltr'><strong>διαθέσεως</strong></span> <span class='ocrx_word' id='word_1_10' title='bbox 1239 419 1298 471; x_wconf 64' lang='grc' dir='ltr'>οὔ</span> <span class='ocrx_word' id='word_1_11' title='bbox 1333 421 1653 489; x_wconf 79' lang='grc' dir='ltr'>λυτροῦται’</span> <span class='ocrx_word' id='word_1_12' title='bbox 1711 423 1792 472; x_wconf 80' lang='grc' dir='ltr'><strong>ὃτι</strong></span> <span class='ocrx_word' id='word_1_13' title='bbox 1824 418 2004 472; x_wconf 79' lang='grc' dir='ltr'>παθῶν</span> 
     </span>
    </p>
   </div>
   <div class='ocr_carea' id='block_1_5' title="bbox 2107 411 3693 493">
    <p class='ocr_par' dir='ltr' id='par_1_5' title="bbox 2115 421 3693 493">
     <span class='ocr_line' id='line_1_5' title="bbox 2115 421 3693 493; baseline 0.006 -19"><span class='ocrx_word' id='word_1_14' title='bbox 2115 421 2524 490; x_wconf 74' lang='lat' dir='ltr'><strong>compleantur;</strong></span> <span class='ocrx_word' id='word_1_15' title='bbox 2549 424 2693 491; x_wconf 88' lang='lat' dir='ltr'><strong>quod</strong></span> <span class='ocrx_word' id='word_1_16' title='bbox 2713 421 2973 477; x_wconf 86' lang='lat' dir='ltr'><strong>nimirum</strong></span> <span class='ocrx_word' id='word_1_17' title='bbox 2995 424 3506 493; x_wconf 77' lang='lat' dir='ltr'><strong>perturbationibus</strong></span> <span class='ocrx_word' id='word_1_18' title='bbox 3525 445 3544 481; x_wconf 62' lang='grc' dir='ltr'><strong>κ</strong></span> <span class='ocrx_word' id='word_1_19' title='bbox 3560 429 3693 485; x_wconf 81' lang='lat' dir='ltr'><strong>iliis-</strong></span> 
     </span>
    </p>
   </div>
   <div class='ocr_carea' id='block_1_6' title="bbox 420 506 2009 583">
    <p class='ocr_par' dir='ltr' id='par_1_6' title="bbox 420 506 2009 583">
     <span class='ocr_line' id='line_1_6' title="bbox 420 506 2009 583; baseline 0.004 -24"><span class='ocrx_word' id='word_1_20' title='bbox 420 506 813 559; x_wconf 80' lang='grc' dir='ltr'>ἀνυποστάτων</span> <span class='ocrx_word' id='word_1_21' title='bbox 877 506 1076 576; x_wconf 81' lang='grc' dir='ltr'>ἥττονα</span> <span class='ocrx_word' id='word_1_22' title='bbox 1131 511 1230 580; x_wconf 78' lang='grc' dir='ltr'><strong>τὴν</strong></span> <span class='ocrx_word' id='word_1_23' title='bbox 1285 511 1446 578; x_wconf 64' lang='grc' dir='ltr'>φύσιν</span> <span class='ocrx_word' id='word_1_24' title='bbox 1497 513 1882 583; x_wconf 76' lang='grc' dir='ltr'><strong>ἡγησάμενος,</strong></span> <span class='ocrx_word' id='word_1_25' title='bbox 1945 515 2009 582; x_wconf 83' lang='grc' dir='ltr'>τῇ</span> 
     </span>
    </p>
   </div>
   <div class='ocr_carea' id='block_1_7' title="bbox 417 594 2006 672">
    <p class='ocr_par' dir='ltr' id='par_1_7' title="bbox 417 594 2006 672">
     <span class='ocr_line' id='line_1_7' title="bbox 417 594 2006 672; baseline 0.004 -24"><span class='ocrx_word' id='word_1_26' title='bbox 417 597 553 666; x_wconf 79' lang='grc' dir='ltr'>περὶ</span> <span class='ocrx_word' id='word_1_27' title='bbox 607 594 781 647; x_wconf 73' lang='grc' dir='ltr'>ταῦτα</span> <span class='ocrx_word' id='word_1_28' title='bbox 832 598 1076 666; x_wconf 76' lang='grc' dir='ltr'>σπουδῇ,</span> <span class='ocrx_word' id='word_1_29' title='bbox 1139 600 1229 651; x_wconf 79' lang='grc' dir='ltr'><strong>τὸν</strong></span> <span class='ocrx_word' id='word_1_30' title='bbox 1275 602 1477 672; x_wconf 78' lang='grc' dir='ltr'><strong>ταύτης</strong></span> <span class='ocrx_word' id='word_1_31' title='bbox 1526 603 1682 670; x_wconf 76' lang='grc' dir='ltr'>λόγον</span> <span class='ocrx_word' id='word_1_32' title='bbox 1729 601 1964 672; x_wconf 76' lang='grc' dir='ltr'>ἠγνόησε</span> <span class='ocrx_word' id='word_1_33' title='bbox 1994 617 2006 630; x_wconf 78' lang='grc'><strong><em>⁸</em></strong></span> 
     </span>
    </p>
   </div>
   <div class='ocr_carea' id='block_1_8' title="bbox 416 686 2010 763">
    <p class='ocr_par' dir='ltr' id='par_1_8' title="bbox 416 686 2010 763">
     <span class='ocr_line' id='line_1_8' title="bbox 416 686 2010 763; baseline 0.003 -21"><span class='ocrx_word' id='word_1_34' title='bbox 416 686 544 742; x_wconf 79' lang='grc' dir='ltr'>καθ’</span> <span class='ocrx_word' id='word_1_35' title='bbox 568 687 626 739; x_wconf 81' lang='grc' dir='ltr'>ὃν</span> <span class='ocrx_word' id='word_1_36' title='bbox 654 687 760 738; x_wconf 75' lang='grc' dir='ltr'>ἔδει</span> <span class='ocrx_word' id='word_1_37' title='bbox 789 689 1078 758; x_wconf 73' lang='grc' dir='ltr'><strong>κινηθέντα</strong></span> <span class='ocrx_word' id='word_1_38' title='bbox 1107 691 1308 758; x_wconf 84' lang='grc' dir='ltr'>γνῶναι</span> <span class='ocrx_word' id='word_1_39' title='bbox 1341 695 1424 756; x_wconf 84' lang='grc' dir='ltr'><strong>τίς</strong></span> <span class='ocrx_word' id='word_1_40' title='bbox 1452 695 1550 763; x_wconf 78' lang='grc' dir='ltr'>μὲν</span> <span class='ocrx_word' id='word_1_41' title='bbox 1577 693 1792 761; x_wconf 79' lang='grc' dir='ltr'>φύσεως</span> <span class='ocrx_word' id='word_1_42' title='bbox 1823 693 2010 763; x_wconf 86' lang='grc' dir='ltr'>νόμος,</span> 
     </span>
    </p>
   </div>
   <div class='ocr_carea' id='block_1_9' title="bbox 414 778 2010 855">
    <p class='ocr_par' dir='ltr' id='par_1_9' title="bbox 414 778 2010 855">
     <span class='ocr_line' id='line_1_9' title="bbox 414 778 2010 855; baseline 0.004 -25"><span class='ocrx_word' id='word_1_43' title='bbox 414 779 505 841; x_wconf 82' lang='grc' dir='ltr'><strong>τίς</strong></span> <span class='ocrx_word' id='word_1_44' title='bbox 549 778 604 830; x_wconf 85' lang='grc' dir='ltr'><strong>δὲ</strong></span> <span class='ocrx_word' id='word_1_45' title='bbox 647 778 835 832; x_wconf 85' lang='grc' dir='ltr'>παθῶν</span> <span class='ocrx_word' id='word_1_46' title='bbox 875 782 906 850; x_wconf 78' lang='grc' dir='ltr'><strong>ἡ</strong></span> <span class='ocrx_word' id='word_1_47' title='bbox 949 781 1068 833; x_wconf 84' lang='grc' dir='ltr'>καθ’</span> <span class='ocrx_word' id='word_1_48' title='bbox 1092 783 1301 853; x_wconf 79' lang='grc' dir='ltr'>αἵρεσιν</span> <span class='ocrx_word' id='word_1_49' title='bbox 1328 786 1659 855; x_wconf 80' lang='grc' dir='ltr'><strong>γνωμικῶς,</strong></span> <span class='ocrx_word' id='word_1_50' title='bbox 1692 786 1805 838; x_wconf 88' lang='grc' dir='ltr'>ἀλλ’</span> <span class='ocrx_word' id='word_1_51' title='bbox 1823 785 1882 837; x_wconf 79' lang='grc' dir='ltr'><strong>οὐ</strong></span> <span class='ocrx_word' id='word_1_52' title='bbox 1916 801 2010 854; x_wconf 85' lang='grc' dir='ltr'>φυ-</span> 
     </span>
    </p>
   </div>
   <div class='ocr_carea' id='block_1_10' title="bbox 418 869 2010 952">
    <p class='ocr_par' dir='ltr' id='par_1_10' title="bbox 418 869 2010 952">
     <span class='ocr_line' id='line_1_10' title="bbox 418 869 2010 952; baseline 0.004 -30"><span class='ocrx_word' id='word_1_53' title='bbox 418 869 589 952; x_wconf 79' lang='grc' dir='ltr'>σικῶς</span> <span class='ocrx_word' id='word_1_54' title='bbox 617 870 1092 940; x_wconf 79' lang='grc' dir='ltr'>ἐπισυμϐαίνουσα</span> <span class='ocrx_word' id='word_1_55' title='bbox 1119 875 1356 945; x_wconf 78' lang='grc' dir='ltr'>κατέστη</span> <span class='ocrx_word' id='word_1_56' title='bbox 1380 875 1652 946; x_wconf 84' lang='grc' dir='ltr'>τυραννίς·</span> <span class='ocrx_word' id='word_1_57' title='bbox 1685 876 1888 929; x_wconf 76' lang='grc' dir='ltr'>καὶτὸν</span> <span class='ocrx_word' id='word_1_58' title='bbox 1912 876 2010 946; x_wconf 80' lang='grc' dir='ltr'><strong>μὲν</strong></span> 
     </span>
    </p>
   </div>
   <div class='ocr_carea' id='block_1_11' title="bbox 415 961 2010 1038">
    <p class='ocr_par' dir='ltr' id='par_1_11' title="bbox 415 961 2010 1038">
     <span class='ocr_line' id='line_1_11' title="bbox 415 961 2010 1038; baseline 0.004 -27"><span class='ocrx_word' id='word_1_59' title='bbox 415 961 884 1030; x_wconf 76' lang='grc' dir='ltr'><strong>περιποιήσασθαι</strong></span> <span class='ocrx_word' id='word_1_60' title='bbox 933 966 1054 1026; x_wconf 88' lang='grc' dir='ltr'>ταῖς</span> <span class='ocrx_word' id='word_1_61' title='bbox 1096 970 1353 1034; x_wconf 73' lang='grc' dir='ltr'><strong>φυσικαῖς</strong></span> <span class='ocrx_word' id='word_1_62' title='bbox 1397 967 1832 1038; x_wconf 82' lang='grc' dir='ltr'>συντηρούμενον</span> <span class='ocrx_word' id='word_1_63' title='bbox 1861 969 2010 1037; x_wconf 75' lang='grc' dir='ltr'>ἐνερ-</span> 
     </span>
    </p>
   </div>
   <div class='ocr_carea' id='block_1_12' title="bbox 413 1053 2009 1130">
    <p class='ocr_par' dir='ltr' id='par_1_12' title="bbox 413 1053 2009 1130">
     <span class='ocr_line' id='line_1_12' title="bbox 413 1053 2009 1130; baseline 0.007 -27"><span class='ocrx_word' id='word_1_64' title='bbox 413 1053 630 1121; x_wconf 82' lang='grc' dir='ltr'>γείαις,</span> <span class='ocrx_word' id='word_1_65' title='bbox 663 1053 761 1123; x_wconf 80' lang='grc' dir='ltr'><strong>τὴν</strong></span> <span class='ocrx_word' id='word_1_66' title='bbox 786 1053 842 1106; x_wconf 80' lang='grc' dir='ltr'><strong>δὲ</strong></span> <span class='ocrx_word' id='word_1_67' title='bbox 885 1056 984 1124; x_wconf 88' lang='grc' dir='ltr'><strong>τῆς</strong></span> <span class='ocrx_word' id='word_1_68' title='bbox 1031 1058 1257 1129; x_wconf 81' lang='grc' dir='ltr'><strong>γνώμης</strong></span> <span class='ocrx_word' id='word_1_69' title='bbox 1286 1059 1560 1113; x_wconf 76' lang='grc' dir='ltr'>ἀπελάσαι</span> <span class='ocrx_word' id='word_1_70' title='bbox 1594 1059 1816 1130; x_wconf 79' lang='grc' dir='ltr'>μακρὰν</span> <span class='ocrx_word' id='word_1_71' title='bbox 1842 1100 1856 1125; x_wconf 92' lang='grc'><strong>,</strong></span> <span class='ocrx_word' id='word_1_72' title='bbox 1917 1062 2009 1114; x_wconf 72' lang='grc' dir='ltr'><strong>καὶ</strong></span> 
     </span>
    </p>
   </div>
   <div class='ocr_carea' id='block_1_13' title="bbox 410 1143 2007 1220">
    <p class='ocr_par' dir='ltr' id='par_1_13' title="bbox 410 1143 2007 1220">
     <span class='ocr_line' id='line_1_13' title="bbox 410 1143 2007 1220; baseline 0.004 -24"><span class='ocrx_word' id='word_1_73' title='bbox 410 1143 493 1214; x_wconf 81' lang='grc' dir='ltr'><strong>τῷ</strong></span> <span class='ocrx_word' id='word_1_74' title='bbox 518 1144 660 1213; x_wconf 84' lang='grc' dir='ltr'>λόγῳ</span> <span class='ocrx_word' id='word_1_75' title='bbox 689 1145 1022 1216; x_wconf 77' lang='grc' dir='ltr'>διατηρῆσαι</span> <span class='ocrx_word' id='word_1_76' title='bbox 1049 1148 1146 1218; x_wconf 80' lang='grc' dir='ltr'>τὴν</span> <span class='ocrx_word' id='word_1_77' title='bbox 1172 1149 1335 1217; x_wconf 78' lang='grc' dir='ltr'>φύσιν</span> <span class='ocrx_word' id='word_1_78' title='bbox 1359 1189 1372 1211; x_wconf 89' lang='grc'><strong>,</strong></span> <span class='ocrx_word' id='word_1_79' title='bbox 1429 1151 1513 1217; x_wconf 83' lang='grc' dir='ltr'><strong>ἐφ’</strong></span> <span class='ocrx_word' id='word_1_80' title='bbox 1534 1151 1730 1220; x_wconf 80' lang='grc' dir='ltr'>ἑαυτῆς</span> <span class='ocrx_word' id='word_1_81' title='bbox 1764 1150 2007 1203; x_wconf 83' lang='grc' dir='ltr'>ἑστῶσαν</span> 
     </span>
    </p>
   </div>
   <div class='ocr_carea' id='block_1_14' title="bbox 412 1237 2009 1312">
    <p class='ocr_par' dir='ltr' id='par_1_14' title="bbox 412 1237 2009 1312">
     <span class='ocr_line' id='line_1_14' title="bbox 412 1237 2009 1312; baseline 0.004 -25"><span class='ocrx_word' id='word_1_82' title='bbox 412 1237 667 1303; x_wconf 71' lang='grc' dir='ltr'>καθαρὰν</span> <span class='ocrx_word' id='word_1_83' title='bbox 701 1239 794 1289; x_wconf 78' lang='grc' dir='ltr'><strong>καὶ</strong></span> <span class='ocrx_word' id='word_1_84' title='bbox 827 1239 1130 1310; x_wconf 83' lang='grc' dir='ltr'>ἀμώμητον</span> <span class='ocrx_word' id='word_1_85' title='bbox 1164 1240 1464 1312; x_wconf 83' lang='grc' dir='ltr'>[ἀμωμον],</span> <span class='ocrx_word' id='word_1_86' title='bbox 1496 1243 1665 1312; x_wconf 78' lang='grc' dir='ltr'>χωρὶς</span> <span class='ocrx_word' id='word_1_87' title='bbox 1696 1243 1888 1312; x_wconf 80' lang='grc' dir='ltr'>μίσους</span> <span class='ocrx_word' id='word_1_88' title='bbox 1915 1245 2009 1295; x_wconf 71' lang='grc' dir='ltr'><strong>καὶ</strong></span> 
     </span>
    </p>
   </div>
   <div class='ocr_carea' id='block_1_15' title="bbox 409 1327 2006 1404">
    <p class='ocr_par' dir='ltr' id='par_1_15' title="bbox 409 1327 2006 1404">
     <span class='ocr_line' id='line_1_15' title="bbox 409 1327 2006 1404; baseline 0.004 -24"><span class='ocrx_word' id='word_1_89' title='bbox 409 1327 780 1391; x_wconf 74' lang='grc' dir='ltr'>διαστάσεωςο</span> <span class='ocrx_word' id='word_1_90' title='bbox 837 1332 930 1382; x_wconf 69' lang='grc' dir='ltr'><strong>καὶ</strong></span> <span class='ocrx_word' id='word_1_91' title='bbox 981 1334 1046 1401; x_wconf 83' lang='grc' dir='ltr'>τῇ</span> <span class='ocrx_word' id='word_1_92' title='bbox 1095 1331 1255 1400; x_wconf 83' lang='grc' dir='ltr'>φύσει</span> <span class='ocrx_word' id='word_1_93' title='bbox 1312 1334 1473 1386; x_wconf 86' lang='grc' dir='ltr'>πάλιν</span> <span class='ocrx_word' id='word_1_94' title='bbox 1521 1334 1863 1404; x_wconf 81' lang='grc' dir='ltr'>καταστῆσαι</span> <span class='ocrx_word' id='word_1_95' title='bbox 1909 1334 2006 1404; x_wconf 84' lang='grc' dir='ltr'><strong>τὴν</strong></span> 
     </span>
    </p>
   </div>
   <div class='ocr_carea' id='block_1_16' title="bbox 411 1417 2002 1496">
    <p class='ocr_par' dir='ltr' id='par_1_16' title="bbox 411 1417 2002 1496">
     <span class='ocr_line' id='line_1_16' title="bbox 411 1417 2002 1496; baseline 0.005 -26"><span class='ocrx_word' id='word_1_96' title='bbox 411 1417 642 1488; x_wconf 84' lang='grc' dir='ltr'>γνώμην</span> <span class='ocrx_word' id='word_1_97' title='bbox 671 1419 1031 1490; x_wconf 84' lang='grc' dir='ltr'>συνέμπορον,</span> <span class='ocrx_word' id='word_1_98' title='bbox 1068 1424 1234 1493; x_wconf 80' lang='grc' dir='ltr'>μηδὲν</span> <span class='ocrx_word' id='word_1_99' title='bbox 1261 1425 1542 1489; x_wconf 83' lang='grc' dir='ltr'>παντελῶς</span> <span class='ocrx_word' id='word_1_100' title='bbox 1574 1427 1734 1494; x_wconf 81' lang='grc' dir='ltr'>ὲπιφε</span> <span class='ocrx_word' id='word_1_101' title='bbox 1747 1426 2002 1496; x_wconf 86' lang='grc' dir='ltr'>ρομένην,</span> 
     </span>
    </p>
   </div>
   <div class='ocr_carea' id='block_1_17' title="bbox 408 1507 2005 1587">
    <p class='ocr_par' dir='ltr' id='par_1_17' title="bbox 408 1507 2005 1587">
     <span class='ocr_line' id='line_1_17' title="bbox 408 1507 2005 1587; baseline 0.004 -23"><span class='ocrx_word' id='word_1_102' title='bbox 408 1507 488 1565; x_wconf 83' lang='grc' dir='ltr'>ὧν</span> <span class='ocrx_word' id='word_1_103' title='bbox 514 1515 542 1565; x_wconf 86' lang='grc' dir='ltr'>ὁ</span> <span class='ocrx_word' id='word_1_104' title='bbox 567 1517 663 1584; x_wconf 86' lang='grc' dir='ltr'><strong>τῆς</strong></span> <span class='ocrx_word' id='word_1_105' title='bbox 690 1513 906 1582; x_wconf 81' lang='grc' dir='ltr'>φύσεως</span> <span class='ocrx_word' id='word_1_106' title='bbox 936 1517 1035 1569; x_wconf 81' lang='grc' dir='ltr'><strong>οὐκ</strong></span> <span class='ocrx_word' id='word_1_107' title='bbox 1061 1518 1341 1572; x_wconf 80' lang='grc' dir='ltr'>ἐπιδίδωσι</span> <span class='ocrx_word' id='word_1_108' title='bbox 1367 1519 1522 1587; x_wconf 80' lang='grc' dir='ltr'>λόγος</span> <span class='ocrx_word' id='word_1_109' title='bbox 1540 1534 1553 1547; x_wconf 81' lang='grc'><strong><em>⁸</em></strong></span> <span class='ocrx_word' id='word_1_110' title='bbox 1610 1521 1704 1572; x_wconf 75' lang='grc' dir='ltr'><strong>καὶ</strong></span> <span class='ocrx_word' id='word_1_111' title='bbox 1729 1519 1817 1571; x_wconf 75' lang='grc' dir='ltr'><strong>διὰ</strong></span> <span class='ocrx_word' id='word_1_112' title='bbox 1849 1519 2005 1571; x_wconf 75' lang='grc' dir='ltr'>τοῦτο</span> 
     </span>
    </p>
   </div>
   <div class='ocr_carea' id='block_1_18' title="bbox 413 1607 2005 1680">
    <p class='ocr_par' dir='ltr' id='par_1_18' title="bbox 413 1607 2005 1680">
     <span class='ocr_line' id='line_1_18' title="bbox 413 1607 2005 1680; baseline 0.004 -23"><span class='ocrx_word' id='word_1_113' title='bbox 413 1607 573 1675; x_wconf 87' lang='grc' dir='ltr'>μῖσος</span> <span class='ocrx_word' id='word_1_114' title='bbox 622 1607 769 1659; x_wconf 80' lang='grc' dir='ltr'>ἅπαν</span> <span class='ocrx_word' id='word_1_115' title='bbox 795 1645 809 1670; x_wconf 83' lang='grc'><strong>,</strong></span> <span class='ocrx_word' id='word_1_116' title='bbox 871 1610 963 1660; x_wconf 77' lang='grc' dir='ltr'><strong>καὶ</strong></span> <span class='ocrx_word' id='word_1_117' title='bbox 1008 1612 1190 1664; x_wconf 83' lang='grc' dir='ltr'>πᾶσαν</span> <span class='ocrx_word' id='word_1_118' title='bbox 1221 1613 1316 1664; x_wconf 83' lang='grc' dir='ltr'><strong>τοῦ</strong></span> <span class='ocrx_word' id='word_1_119' title='bbox 1351 1611 1490 1664; x_wconf 88' lang='grc' dir='ltr'><strong>κατά</strong></span> <span class='ocrx_word' id='word_1_120' title='bbox 1520 1611 1680 1680; x_wconf 80' lang='grc' dir='ltr'>φύσιν</span> <span class='ocrx_word' id='word_1_121' title='bbox 1710 1611 2005 1680; x_wconf 76' lang='grc' dir='ltr'>συγγενοῦς</span> 
     </span>
    </p>
   </div>
   <div class='ocr_carea' id='block_1_19' title="bbox 409 1698 2004 1776">
    <p class='ocr_par' dir='ltr' id='par_1_19' title="bbox 409 1698 2004 1776">
     <span class='ocr_line' id='line_1_19' title="bbox 409 1698 2004 1776; baseline 0.004 -26"><span class='ocrx_word' id='word_1_122' title='bbox 409 1698 721 1768; x_wconf 69' lang='grc' dir='ltr'>ἀποστῆσαι</span> <span class='ocrx_word' id='word_1_123' title='bbox 751 1699 1058 1767; x_wconf 84' lang='grc' dir='ltr'>διάστασιν,</span> <span class='ocrx_word' id='word_1_124' title='bbox 1097 1703 1181 1756; x_wconf 80' lang='grc' dir='ltr'><strong>ἵνα</strong></span> <span class='ocrx_word' id='word_1_125' title='bbox 1208 1706 1415 1774; x_wconf 81' lang='grc' dir='ltr'>ταύτην</span> <span class='ocrx_word' id='word_1_126' title='bbox 1439 1705 1609 1773; x_wconf 80' lang='grc' dir='ltr'>λέγων</span> <span class='ocrx_word' id='word_1_127' title='bbox 1642 1704 1740 1776; x_wconf 83' lang='grc' dir='ltr'>τὴν</span> <span class='ocrx_word' id='word_1_128' title='bbox 1769 1722 2004 1776; x_wconf 88' lang='grc' dir='ltr'>προσευ-</span> 
     </span>
    </p>
   </div>
   <div class='ocr_carea' id='block_1_20' title="bbox 408 1790 2003 1868">
    <p class='ocr_par' dir='ltr' id='par_1_20' title="bbox 408 1790 2003 1868">
     <span class='ocr_line' id='line_1_20' title="bbox 408 1790 2003 1868; baseline 0.004 -27"><span class='ocrx_word' id='word_1_129' title='bbox 408 1790 515 1859; x_wconf 82' lang='grc' dir='ltr'>χὴν</span> <span class='ocrx_word' id='word_1_130' title='bbox 565 1791 939 1862; x_wconf 82' lang='grc' dir='ltr'>είσακούηται,</span> <span class='ocrx_word' id='word_1_131' title='bbox 994 1796 1088 1848; x_wconf 77' lang='grc' dir='ltr'><strong>καὶ</strong></span> <span class='ocrx_word' id='word_1_132' title='bbox 1135 1796 1329 1866; x_wconf 85' lang='grc' dir='ltr'>διπλῆν</span> <span class='ocrx_word' id='word_1_133' title='bbox 1375 1796 1490 1851; x_wconf 88' lang='grc' dir='ltr'>ἀνθ’</span> <span class='ocrx_word' id='word_1_134' title='bbox 1516 1797 1697 1867; x_wconf 84' lang='grc' dir='ltr'>ἁπλῆς</span> <span class='ocrx_word' id='word_1_135' title='bbox 1726 1798 1876 1868; x_wconf 84' lang='grc' dir='ltr'><strong>παρά</strong></span> <span class='ocrx_word' id='word_1_136' title='bbox 1908 1796 2003 1850; x_wconf 78' lang='grc' dir='ltr'><strong>τοῦ</strong></span> 
     </span>
    </p>
   </div>
   <div class='ocr_carea' id='block_1_21' title="bbox 407 1881 2004 1959">
    <p class='ocr_par' dir='ltr' id='par_1_21' title="bbox 407 1881 2004 1959">
     <span class='ocr_line' id='line_1_21' title="bbox 407 1881 2004 1959; baseline 0.006 -25"><span class='ocrx_word' id='word_1_137' title='bbox 407 1881 549 1935; x_wconf 74' lang='grc' dir='ltr'>Θεοῦ</span> <span class='ocrx_word' id='word_1_138' title='bbox 583 1883 805 1954; x_wconf 81' lang='grc' dir='ltr'>δέχηται</span> <span class='ocrx_word' id='word_1_139' title='bbox 834 1885 994 1957; x_wconf 83' lang='grc' dir='ltr'>χάριν</span> <span class='ocrx_word' id='word_1_140' title='bbox 1017 1930 1032 1954; x_wconf 84' lang='grc'><strong>,</strong></span> <span class='ocrx_word' id='word_1_141' title='bbox 1098 1890 1200 1958; x_wconf 88' lang='grc' dir='ltr'><strong>τήν</strong></span> <span class='ocrx_word' id='word_1_142' title='bbox 1229 1906 1289 1942; x_wconf 88' lang='grc' dir='ltr'><strong>τε</strong></span> <span class='ocrx_word' id='word_1_143' title='bbox 1317 1890 1427 1944; x_wconf 83' lang='grc' dir='ltr'><strong>τῶν</strong></span> <span class='ocrx_word' id='word_1_144' title='bbox 1459 1890 1788 1959; x_wconf 81' lang='grc' dir='ltr'>φθασάντων</span> <span class='ocrx_word' id='word_1_145' title='bbox 1820 1888 2004 1958; x_wconf 82' lang='grc' dir='ltr'>πλημ-</span> 
     </span>
    </p>
   </div>
   <div class='ocr_carea' id='block_1_22' title="bbox 409 1971 2003 2050">
    <p class='ocr_par' dir='ltr' id='par_1_22' title="bbox 409 1971 2003 2050">
     <span class='ocr_line' id='line_1_22' title="bbox 409 1971 2003 2050; baseline 0.006 -30"><span class='ocrx_word' id='word_1_146' title='bbox 409 1971 746 2042; x_wconf 86' lang='grc' dir='ltr'>μελημάτων</span> <span class='ocrx_word' id='word_1_147' title='bbox 776 1975 1145 2048; x_wconf 77' lang='grc' dir='ltr'>συγχώρησιν,</span> <span class='ocrx_word' id='word_1_148' title='bbox 1184 1981 1279 2034; x_wconf 69' lang='grc' dir='ltr'><strong>καὶ</strong></span> <span class='ocrx_word' id='word_1_149' title='bbox 1306 1980 1405 2050; x_wconf 84' lang='grc' dir='ltr'>τὴν</span> <span class='ocrx_word' id='word_1_150' title='bbox 1449 1980 1544 2033; x_wconf 75' lang='grc' dir='ltr'>ἐπὶ</span> <span class='ocrx_word' id='word_1_151' title='bbox 1587 1981 1701 2041; x_wconf 88' lang='grc' dir='ltr'>τοῖς</span> <span class='ocrx_word' id='word_1_152' title='bbox 1749 1978 2003 2048; x_wconf 87' lang='grc' dir='ltr'>μέλλουσι</span> 
     </span>
    </p>
   </div>
   <div class='ocr_carea' id='block_1_23' title="bbox 409 2063 2004 2140">
    <p class='ocr_par' dir='ltr' id='par_1_23' title="bbox 409 2063 2004 2140">
     <span class='ocr_line' id='line_1_23' title="bbox 409 2063 2004 2140; baseline -0.018 10"><span class='ocrx_word' id='word_1_153' title='bbox 409 2063 624 2134; x_wconf 72' lang='grc' dir='ltr'><strong>σκέπην</strong></span> <span class='ocrx_word' id='word_1_154' title='bbox 681 2067 774 2120; x_wconf 54' lang='grc' dir='ltr'><strong>καὶ</strong></span> <span class='ocrx_word' id='word_1_155' title='bbox 825 2068 1132 2139; x_wconf 69' lang='grc' dir='ltr'>λύτρωσιν·</span> <span class='ocrx_word' id='word_1_156' title='bbox 1221 2071 1300 2133; x_wconf 74' lang='grc' dir='ltr'><strong>εἷς</strong></span> <span class='ocrx_word' id='word_1_157' title='bbox 1350 2088 1410 2124; x_wconf 83' lang='grc' dir='ltr'><strong>τε</strong></span> <span class='ocrx_word' id='word_1_158' title='bbox 1471 2069 1777 2140; x_wconf 67' lang='grc' dir='ltr'>πειρασμὸν</span> <span class='ocrx_word' id='word_1_159' title='bbox 1831 2069 2004 2122; x_wconf 77' lang='grc' dir='ltr'>ἐλθεῖν</span> 
     </span>
    </p>
   </div>
   <div class='ocr_carea' id='block_1_24' title="bbox 412 2153 2004 2234">
    <p class='ocr_par' dir='ltr' id='par_1_24' title="bbox 412 2153 2004 2234">
     <span class='ocr_line' id='line_1_24' title="bbox 412 2153 2004 2234; baseline 0.018 -29"><span class='ocrx_word' id='word_1_160' title='bbox 412 2153 492 2224; x_wconf 85' lang='grc' dir='ltr'><strong>μὴ</strong></span> <span class='ocrx_word' id='word_1_161' title='bbox 544 2158 1036 2229; x_wconf 80' lang='grc' dir='ltr'>συγχωρούμενος,</span> <span class='ocrx_word' id='word_1_162' title='bbox 1121 2164 1215 2216; x_wconf 75' lang='grc' dir='ltr'>καὶ</span> <span class='ocrx_word' id='word_1_163' title='bbox 1269 2162 1348 2234; x_wconf 82' lang='grc' dir='ltr'><strong>τῷ</strong></span> <span class='ocrx_word' id='word_1_164' title='bbox 1398 2163 1620 2233; x_wconf 75' lang='grc' dir='ltr'>πονηρῷ</span> <span class='ocrx_word' id='word_1_165' title='bbox 1670 2161 2004 2232; x_wconf 69' lang='grc' dir='ltr'>δουλωθῆναι</span> 
     </span>
    </p>
   </div>
   <div class='ocr_carea' id='block_1_25' title="bbox 409 2248 2000 2324">
    <p class='ocr_par' dir='ltr' id='par_1_25' title="bbox 409 2248 2000 2324">
     <span class='ocr_line' id='line_1_25' title="bbox 409 2248 2000 2324; baseline 0.006 -26"><span class='ocrx_word' id='word_1_166' title='bbox 409 2248 490 2316; x_wconf 79' lang='grc' dir='ltr'><strong>μὴ</strong></span> <span class='ocrx_word' id='word_1_167' title='bbox 533 2249 853 2318; x_wconf 86' lang='grc' dir='ltr'>ἀφιέμενος,</span> <span class='ocrx_word' id='word_1_168' title='bbox 889 2254 1028 2324; x_wconf 83' lang='grc' dir='ltr'>ὑπὲρ</span> <span class='ocrx_word' id='word_1_169' title='bbox 1074 2255 1214 2320; x_wconf 79' lang='grc' dir='ltr'>ἐνὸς,</span> <span class='ocrx_word' id='word_1_170' title='bbox 1266 2251 1364 2308; x_wconf 71' lang='grc' dir='ltr'>τοῦ</span> <span class='ocrx_word' id='word_1_171' title='bbox 1397 2258 1510 2318; x_wconf 88' lang='grc' dir='ltr'>τοῖς</span> <span class='ocrx_word' id='word_1_172' title='bbox 1556 2256 1724 2317; x_wconf 84' lang='grc' dir='ltr'>πέλας</span> <span class='ocrx_word' id='word_1_173' title='bbox 1768 2255 2000 2324; x_wconf 79' lang='grc' dir='ltr'>ἑτοίμως</span> 
     </span>
    </p>
   </div>
   <div class='ocr_carea' id='block_1_26' title="bbox 402 2339 1119 2414">
    <p class='ocr_par' dir='ltr' id='par_1_26' title="bbox 402 2339 1119 2414">
     <span class='ocr_line' id='line_1_26' title="bbox 402 2339 1119 2414; baseline 0.008 -21"><span class='ocrx_word' id='word_1_174' title='bbox 402 2339 627 2407; x_wconf 81' lang='grc' dir='ltr'>ἀφιέναι</span> <span class='ocrx_word' id='word_1_175' title='bbox 658 2341 728 2394; x_wconf 83' lang='grc' dir='ltr'>τὰ</span> <span class='ocrx_word' id='word_1_176' title='bbox 754 2342 1119 2414; x_wconf 80' lang='grc' dir='ltr'>ὀφειλήματα.</span> 
     </span>
    </p>
   </div>
   <div class='ocr_carea' id='block_1_27' title="bbox 400 2435 2003 2508">
    <p class='ocr_par' dir='ltr' id='par_1_27' title="bbox 400 2435 2003 2508">
     <span class='ocr_line' id='line_1_27' title="bbox 400 2435 2003 2508; baseline 0.005 -20"><span class='ocrx_word' id='word_1_177' title='bbox 400 2447 514 2488; x_wconf 88' lang='lat' dir='ltr'><strong>nec</strong></span> <span class='ocrx_word' id='word_1_178' title='bbox 545 2435 945 2505; x_wconf 81' lang='lat' dir='ltr'><strong>mancipandus</strong></span> <span class='ocrx_word' id='word_1_179' title='bbox 974 2439 1118 2495; x_wconf 89' lang='lat' dir='ltr'><strong>malo</strong></span> <span class='ocrx_word' id='word_1_180' title='bbox 1145 2439 1465 2508; x_wconf 76' lang='lat' dir='ltr'><strong>deseratur;</strong></span> <span class='ocrx_word' id='word_1_181' title='bbox 1499 2459 1610 2498; x_wconf 92' lang='lat' dir='ltr'><strong>uno</strong></span> <span class='ocrx_word' id='word_1_182' title='bbox 1641 2445 1747 2499; x_wconf 89' lang='lat' dir='ltr'><strong>hoc</strong></span> <span class='ocrx_word' id='word_1_183' title='bbox 1778 2443 2003 2499; x_wconf 89' lang='lat' dir='ltr'><strong>nomine</strong></span> 
     </span>
    </p>
   </div>
   <div class='ocr_carea' id='block_1_28' title="bbox 402 2523 615 2579">
    <p class='ocr_par' dir='ltr' id='par_1_28' title="bbox 402 2523 615 2579">
     <span class='ocr_line' id='line_1_28' title="bbox 402 2523 615 2579; baseline 0.009 -2"><span class='ocrx_word' id='word_1_184' title='bbox 402 2523 615 2579; x_wconf 87' lang='lat' dir='ltr'><strong>mittat.</strong></span> 
     </span>
    </p>
   </div>
   <div class='ocr_carea' id='block_1_29' title="bbox 479 2617 2006 2698">
    <p class='ocr_par' dir='ltr' id='par_1_29' title="bbox 479 2617 2006 2698">
     <span class='ocr_line' id='line_1_29' title="bbox 479 2617 2006 2698; baseline 0.007 -29"><span class='ocrx_word' id='word_1_185' title='bbox 479 2617 780 2688; x_wconf 76' lang='grc' dir='ltr'>Τοιγαροῦν</span> <span class='ocrx_word' id='word_1_186' title='bbox 812 2621 905 2673; x_wconf 75' lang='grc' dir='ltr'><strong>καὶ</strong></span> <span class='ocrx_word' id='word_1_187' title='bbox 933 2622 1115 2691; x_wconf 80' lang='grc' dir='ltr'>ἡμεῖς,</span> <span class='ocrx_word' id='word_1_188' title='bbox 1177 2623 1266 2677; x_wconf 81' lang='grc' dir='ltr'>ἵνα</span> <span class='ocrx_word' id='word_1_189' title='bbox 1298 2627 1490 2698; x_wconf 74' lang='grc' dir='ltr'>μικρὸν</span> <span class='ocrx_word' id='word_1_190' title='bbox 1515 2627 1853 2692; x_wconf 83' lang='grc' dir='ltr'>ἀναποδίζων</span> <span class='ocrx_word' id='word_1_191' title='bbox 1885 2631 2006 2682; x_wconf 77' lang='grc' dir='ltr'>ἐπι-</span> 
     </span>
    </p>
   </div>
   <div class='ocr_carea' id='block_1_30' title="bbox 401 2709 2006 2792">
    <p class='ocr_par' dir='ltr' id='par_1_30' title="bbox 401 2709 2006 2792">
     <span class='ocr_line' id='line_1_30' title="bbox 401 2709 2006 2792; baseline 0.006 -30"><span class='ocrx_word' id='word_1_192' title='bbox 401 2709 591 2779; x_wconf 82' lang='grc' dir='ltr'>τόμως</span> <span class='ocrx_word' id='word_1_193' title='bbox 639 2712 849 2767; x_wconf 83' lang='grc' dir='ltr'>ἐπέλθω</span> <span class='ocrx_word' id='word_1_194' title='bbox 902 2714 1008 2767; x_wconf 87' lang='grc' dir='ltr'><strong>τῶν</strong></span> <span class='ocrx_word' id='word_1_195' title='bbox 1049 2717 1358 2786; x_wconf 79' lang='grc' dir='ltr'>εἰρημένων</span> <span class='ocrx_word' id='word_1_196' title='bbox 1404 2720 1504 2790; x_wconf 83' lang='grc' dir='ltr'>τὴν</span> <span class='ocrx_word' id='word_1_197' title='bbox 1533 2720 1783 2791; x_wconf 78' lang='grc' dir='ltr'>δύναμιν,</span> <span class='ocrx_word' id='word_1_198' title='bbox 1848 2719 2006 2792; x_wconf 79' lang='grc' dir='ltr'>εἴπερ</span> 
     </span>
    </p>
   </div>
   <div class='ocr_carea' id='block_1_31' title="bbox 403 2801 2004 2882">
    <p class='ocr_par' dir='ltr' id='par_1_31' title="bbox 403 2801 2004 2882">
     <span class='ocr_line' id='line_1_31' title="bbox 403 2801 2004 2882; baseline 0.006 -27"><span class='ocrx_word' id='word_1_199' title='bbox 403 2801 506 2856; x_wconf 76' lang='grc' dir='ltr'><strong>τοῦ</strong></span> <span class='ocrx_word' id='word_1_200' title='bbox 531 2805 772 2875; x_wconf 74' lang='grc' dir='ltr'>πονηροῦ</span> <span class='ocrx_word' id='word_1_201' title='bbox 808 2806 1074 2878; x_wconf 79' lang='grc' dir='ltr'>ρυσθῆναι</span> <span class='ocrx_word' id='word_1_202' title='bbox 1098 2848 1113 2872; x_wconf 93' lang='grc'><strong>,</strong></span> <span class='ocrx_word' id='word_1_203' title='bbox 1173 2810 1268 2862; x_wconf 68' lang='grc' dir='ltr'><strong>καὶ</strong></span> <span class='ocrx_word' id='word_1_204' title='bbox 1302 2811 1381 2873; x_wconf 78' lang='grc' dir='ltr'><strong>είς</strong></span> <span class='ocrx_word' id='word_1_205' title='bbox 1411 2813 1720 2882; x_wconf 73' lang='grc' dir='ltr'>πειρασμὸν</span> <span class='ocrx_word' id='word_1_206' title='bbox 1743 2811 2004 2864; x_wconf 83' lang='grc' dir='ltr'>εἰσελθεῖν</span> 
     </span>
    </p>
   </div>
   <div class='ocr_carea' id='block_1_32' title="bbox 403 2892 2003 2970">
    <p class='ocr_par' dir='ltr' id='par_1_32' title="bbox 403 2892 2003 2970">
     <span class='ocr_line' id='line_1_32' title="bbox 403 2892 2003 2970; baseline 0.005 -25"><span class='ocrx_word' id='word_1_207' title='bbox 403 2893 470 2945; x_wconf 82' lang='grc' dir='ltr'>οὺ</span> <span class='ocrx_word' id='word_1_208' title='bbox 517 2892 856 2964; x_wconf 85' lang='grc' dir='ltr'>βουλόμεθα,</span> <span class='ocrx_word' id='word_1_209' title='bbox 908 2897 1290 2970; x_wconf 88' lang='grc' dir='ltr'>πιστεύσωμεν</span> <span class='ocrx_word' id='word_1_210' title='bbox 1333 2900 1410 2970; x_wconf 82' lang='grc' dir='ltr'>τῷ</span> <span class='ocrx_word' id='word_1_211' title='bbox 1443 2901 1581 2970; x_wconf 81' lang='grc' dir='ltr'>Θεῷ,</span> <span class='ocrx_word' id='word_1_212' title='bbox 1637 2902 1732 2954; x_wconf 68' lang='grc' dir='ltr'><strong>καὶ</strong></span> <span class='ocrx_word' id='word_1_213' title='bbox 1774 2901 2003 2970; x_wconf 80' lang='grc' dir='ltr'>ἀφῶμεν</span> 
     </span>
    </p>
   </div>
   <div class='ocr_carea' id='block_1_33' title="bbox 401 2984 2074 3092">
    <p class='ocr_par' dir='ltr' id='par_1_33' title="bbox 401 2984 2074 3092">
     <span class='ocr_line' id='line_1_33' title="bbox 401 2984 2074 3092; baseline 0.005 -56"><span class='ocrx_word' id='word_1_214' title='bbox 401 2984 479 3036; x_wconf 73' lang='grc' dir='ltr'>τὰ</span> <span class='ocrx_word' id='word_1_215' title='bbox 530 2985 872 3056; x_wconf 74' lang='grc' dir='ltr'>ὀφειλήματα</span> <span class='ocrx_word' id='word_1_216' title='bbox 920 2991 1034 3051; x_wconf 84' lang='grc' dir='ltr'>τοῖς</span> <span class='ocrx_word' id='word_1_217' title='bbox 1085 2989 1390 3057; x_wconf 78' lang='grc' dir='ltr'>ὀφειλέταις</span> <span class='ocrx_word' id='word_1_218' title='bbox 1437 2991 1635 3061; x_wconf 86' lang='grc' dir='ltr'>ἡμῶν·</span> <span class='ocrx_word' id='word_1_219' title='bbox 1685 2991 1827 3046; x_wconf 85' lang='grc' dir='ltr'><strong>Ἐὰν</strong></span> <span class='ocrx_word' id='word_1_220' title='bbox 1870 2993 1999 3061; x_wconf 73' lang='grc' dir='ltr'>γὰρ,</span> <span class='ocrx_word' id='word_1_221' title='bbox 2030 3032 2074 3092; x_wconf 75' lang='lat' dir='ltr'><strong>C</strong></span> 
     </span>
    </p>
   </div>
   <div class='ocr_carea' id='block_1_34' title="bbox 406 3078 2004 3152">
    <p class='ocr_par' dir='ltr' id='par_1_34' title="bbox 406 3078 2004 3152">
     <span class='ocr_line' id='line_1_34' title="bbox 406 3078 2004 3152; baseline 0.005 -23"><span class='ocrx_word' id='word_1_222' title='bbox 406 3078 578 3148; x_wconf 71' lang='grc' dir='ltr'>φησὶ,</span> <span class='ocrx_word' id='word_1_223' title='bbox 627 3078 715 3147; x_wconf 80' lang='grc' dir='ltr'>μὴ</span> <span class='ocrx_word' id='word_1_224' title='bbox 757 3078 952 3148; x_wconf 68' lang='grc' dir='ltr'>ἀφῆτε</span> <span class='ocrx_word' id='word_1_225' title='bbox 1003 3079 1128 3146; x_wconf 82' lang='grc' dir='ltr'>τοῖς</span> <span class='ocrx_word' id='word_1_226' title='bbox 1151 3081 1488 3150; x_wconf 72' lang='grc' dir='ltr'>ἀνθρώποις</span> <span class='ocrx_word' id='word_1_227' title='bbox 1514 3083 1586 3136; x_wconf 84' lang='grc' dir='ltr'>τὰ</span> <span class='ocrx_word' id='word_1_228' title='bbox 1615 3082 2004 3152; x_wconf 75' lang='grc' dir='ltr'>ἁμαρτήματα</span> 
     </span>
    </p>
   </div>
   <div class='ocr_carea' id='block_1_35' title="bbox 403 3167 2004 3245">
    <p class='ocr_par' dir='ltr' id='par_1_35' title="bbox 403 3167 2004 3245">
     <span class='ocr_line' id='line_1_35' title="bbox 403 3167 2004 3245; baseline 0.003 -21"><span class='ocrx_word' id='word_1_229' title='bbox 403 3169 624 3236; x_wconf 81' lang='grc' dir='ltr'>αὐτῶν,</span> <span class='ocrx_word' id='word_1_230' title='bbox 681 3172 822 3225; x_wconf 80' lang='grc' dir='ltr'>οὔτε</span> <span class='ocrx_word' id='word_1_231' title='bbox 873 3176 905 3224; x_wconf 82' lang='grc' dir='ltr'><em>ὀ</em></span> <span class='ocrx_word' id='word_1_232' title='bbox 954 3173 1158 3242; x_wconf 77' lang='grc' dir='ltr'>Πατὴρ</span> <span class='ocrx_word' id='word_1_233' title='bbox 1196 3174 1364 3243; x_wconf 79' lang='grc' dir='ltr'>ὑμῶν</span> <span class='ocrx_word' id='word_1_234' title='bbox 1394 3167 1442 3228; x_wconf 85' lang='grc' dir='ltr'><strong>¹ό</strong></span> <span class='ocrx_word' id='word_1_235' title='bbox 1477 3175 1755 3245; x_wconf 74' lang='grc' dir='ltr'>οὐράνιος</span> <span class='ocrx_word' id='word_1_236' title='bbox 1781 3175 2004 3244; x_wconf 56' lang='grc' dir='ltr'>ἀφήσει</span> 
     </span>
    </p>
   </div>
   <div class='ocr_carea' id='block_1_36' title="bbox 403 3260 2003 3336">
    <p class='ocr_par' dir='ltr' id='par_1_36' title="bbox 403 3260 2003 3336">
     <span class='ocr_line' id='line_1_36' title="bbox 403 3260 2003 3336; baseline 0 -18"><span class='ocrx_word' id='word_1_237' title='bbox 403 3263 578 3332; x_wconf 57' lang='grc' dir='ltr'>ὑμῖν</span> <span class='ocrx_word' id='word_1_238' title='bbox 635 3263 722 3315; x_wconf 78' lang='grc' dir='ltr'><strong>ἵνα</strong></span> <span class='ocrx_word' id='word_1_239' title='bbox 780 3263 854 3335; x_wconf 80' lang='grc' dir='ltr'>μὴ</span> <span class='ocrx_word' id='word_1_240' title='bbox 903 3265 1062 3334; x_wconf 73' lang='grc' dir='ltr'>μόνον</span> <span class='ocrx_word' id='word_1_241' title='bbox 1111 3265 1303 3333; x_wconf 80' lang='grc' dir='ltr'>ἄφεσιν</span> <span class='ocrx_word' id='word_1_242' title='bbox 1346 3266 1603 3336; x_wconf 77' lang='grc' dir='ltr'>λάϐωμεν</span> <span class='ocrx_word' id='word_1_243' title='bbox 1646 3260 1719 3319; x_wconf 80' lang='grc' dir='ltr'>ὧν</span> <span class='ocrx_word' id='word_1_244' title='bbox 1748 3266 2003 3336; x_wconf 72' lang='grc' dir='ltr'>πεπλημ-</span> 
     </span>
    </p>
   </div>
   <div class='ocr_carea' id='block_1_37' title="bbox 409 3355 2006 3429">
    <p class='ocr_par' dir='ltr' id='par_1_37' title="bbox 409 3355 2006 3429">
     <span class='ocr_line' id='line_1_37' title="bbox 409 3355 2006 3429; baseline 0.003 -23"><span class='ocrx_word' id='word_1_245' title='bbox 409 3356 752 3427; x_wconf 87' lang='grc' dir='ltr'>μελήκαμεν,</span> <span class='ocrx_word' id='word_1_246' title='bbox 789 3355 925 3409; x_wconf 80' lang='grc' dir='ltr'><strong>ἀλλά</strong></span> <span class='ocrx_word' id='word_1_247' title='bbox 949 3357 1043 3409; x_wconf 74' lang='grc' dir='ltr'><strong>καὶ</strong></span> <span class='ocrx_word' id='word_1_248' title='bbox 1065 3356 1157 3409; x_wconf 70' lang='grc' dir='ltr'><strong>τὸν</strong></span> <span class='ocrx_word' id='word_1_249' title='bbox 1181 3358 1344 3428; x_wconf 82' lang='grc' dir='ltr'>νόμον</span> <span class='ocrx_word' id='word_1_250' title='bbox 1369 3360 1685 3429; x_wconf 81' lang='grc' dir='ltr'>νικήσωμεν</span> <span class='ocrx_word' id='word_1_251' title='bbox 1709 3360 1808 3426; x_wconf 88' lang='grc' dir='ltr'><strong>τῆς</strong></span> <span class='ocrx_word' id='word_1_252' title='bbox 1833 3360 2006 3428; x_wconf 85' lang='grc' dir='ltr'>ἁμαρ-</span> 
     </span>
    </p>
   </div>
   <div class='ocr_carea' id='block_1_38' title="bbox 402 3446 2002 3519">
    <p class='ocr_par' dir='ltr' id='par_1_38' title="bbox 402 3446 2002 3519">
     <span class='ocr_line' id='line_1_38' title="bbox 402 3446 2002 3519; baseline 0.002 -20"><span class='ocrx_word' id='word_1_253' title='bbox 402 3446 550 3510; x_wconf 81' lang='grc' dir='ltr'>τίας,</span> <span class='ocrx_word' id='word_1_254' title='bbox 611 3449 692 3510; x_wconf 75' lang='grc' dir='ltr'>εἰς</span> <span class='ocrx_word' id='word_1_255' title='bbox 733 3447 832 3519; x_wconf 79' lang='grc' dir='ltr'><strong>τήν</strong></span> <span class='ocrx_word' id='word_1_256' title='bbox 877 3447 1042 3502; x_wconf 78' lang='grc' dir='ltr'>αὐτοῦ</span> <span class='ocrx_word' id='word_1_257' title='bbox 1089 3451 1286 3519; x_wconf 88' lang='grc' dir='ltr'>πεῖραν</span> <span class='ocrx_word' id='word_1_258' title='bbox 1334 3449 1597 3503; x_wconf 80' lang='grc' dir='ltr'>εἰσελθεῖν</span> <span class='ocrx_word' id='word_1_259' title='bbox 1644 3451 1743 3504; x_wconf 80' lang='grc' dir='ltr'><strong>οὐκ</strong></span> <span class='ocrx_word' id='word_1_260' title='bbox 1769 3453 2002 3519; x_wconf 84' lang='grc' dir='ltr'>ἐγκατα-</span> 
     </span>
    </p>
   </div>
   <div class='ocr_carea' id='block_1_39' title="bbox 404 3539 2002 3615">
    <p class='ocr_par' dir='ltr' id='par_1_39' title="bbox 404 3539 2002 3615">
     <span class='ocr_line' id='line_1_39' title="bbox 404 3539 2002 3615; baseline 0.003 -24"><span class='ocrx_word' id='word_1_261' title='bbox 404 3539 765 3608; x_wconf 72' lang='grc' dir='ltr'>λειπόμενοιο</span> <span class='ocrx_word' id='word_1_262' title='bbox 830 3541 924 3593; x_wconf 75' lang='grc' dir='ltr'><strong>καὶ</strong></span> <span class='ocrx_word' id='word_1_263' title='bbox 977 3541 1067 3594; x_wconf 75' lang='grc' dir='ltr'><strong>τὸν</strong></span> <span class='ocrx_word' id='word_1_264' title='bbox 1141 3542 1332 3595; x_wconf 73' lang='grc' dir='ltr'>τούτου</span> <span class='ocrx_word' id='word_1_265' title='bbox 1402 3545 1704 3615; x_wconf 79' lang='grc' dir='ltr'>γεννήτορά</span> <span class='ocrx_word' id='word_1_266' title='bbox 1767 3544 2002 3615; x_wconf 76' lang='grc' dir='ltr'>πονηρὸν</span> 
     </span>
    </p>
   </div>
   <div class='ocr_carea' id='block_1_40' title="bbox 413 3627 1998 3704">
    <p class='ocr_par' dir='ltr' id='par_1_40' title="bbox 413 3627 1998 3704">
     <span class='ocr_line' id='line_1_40' title="bbox 413 3627 1998 3704; baseline 0.004 -25"><span class='ocrx_word' id='word_1_267' title='bbox 413 3631 748 3698; x_wconf 81' lang='grc' dir='ltr'>πατήσωμεν</span> <span class='ocrx_word' id='word_1_268' title='bbox 791 3631 932 3700; x_wconf 76' lang='grc' dir='ltr'>ὅφιν,</span> <span class='ocrx_word' id='word_1_269' title='bbox 990 3632 1083 3700; x_wconf 83' lang='grc' dir='ltr'>ἀφ’</span> <span class='ocrx_word' id='word_1_270' title='bbox 1111 3627 1172 3686; x_wconf 78' lang='grc' dir='ltr'>οὗ</span> <span class='ocrx_word' id='word_1_271' title='bbox 1220 3633 1485 3703; x_wconf 82' lang='grc' dir='ltr'>ρυσθῆναι</span> <span class='ocrx_word' id='word_1_272' title='bbox 1532 3633 1998 3704; x_wconf 77' lang='grc' dir='ltr'>παρακαλοῦμεν·</span> 
     </span>
    </p>
   </div>
   <div class='ocr_carea' id='block_1_41' title="bbox 421 3722 2003 3797">
    <p class='ocr_par' dir='ltr' id='par_1_41' title="bbox 421 3722 2003 3797">
     <span class='ocr_line' id='line_1_41' title="bbox 421 3722 2003 3797; baseline 0.004 -26"><span class='ocrx_word' id='word_1_273' title='bbox 421 3722 847 3790; x_wconf 68' lang='grc' dir='ltr'>στρατηγοῦντος</span> <span class='ocrx_word' id='word_1_274' title='bbox 901 3726 1032 3793; x_wconf 78' lang='grc' dir='ltr'>ἡμῖν</span> <span class='ocrx_word' id='word_1_275' title='bbox 1105 3723 1199 3777; x_wconf 82' lang='grc' dir='ltr'>τοῦ</span> <span class='ocrx_word' id='word_1_276' title='bbox 1276 3724 1367 3776; x_wconf 75' lang='grc' dir='ltr'><strong>τὸν</strong></span> <span class='ocrx_word' id='word_1_277' title='bbox 1425 3724 1629 3796; x_wconf 77' lang='grc' dir='ltr'>κόσμον</span> <span class='ocrx_word' id='word_1_278' title='bbox 1681 3726 2003 3797; x_wconf 83' lang='grc' dir='ltr'>νικήσαντος</span> 
     </span>
    </p>
   </div>
   <div class='ocr_carea' id='block_1_42' title="bbox 413 3811 1998 3886">
    <p class='ocr_par' dir='ltr' id='par_1_42' title="bbox 413 3811 1998 3886">
     <span class='ocr_line' id='line_1_42' title="bbox 413 3811 1998 3886; baseline 0.006 -24"><span class='ocrx_word' id='word_1_279' title='bbox 413 3811 673 3882; x_wconf 79' lang='grc' dir='ltr'>Χριστοῦ,</span> <span class='ocrx_word' id='word_1_280' title='bbox 703 3813 792 3866; x_wconf 71' lang='grc' dir='ltr'><strong>καὶ</strong></span> <span class='ocrx_word' id='word_1_281' title='bbox 820 3817 933 3878; x_wconf 86' lang='grc' dir='ltr'>τοῖς</span> <span class='ocrx_word' id='word_1_282' title='bbox 960 3816 1147 3886; x_wconf 79' lang='grc' dir='ltr'>νόμοις</span> <span class='ocrx_word' id='word_1_283' title='bbox 1169 3815 1278 3868; x_wconf 87' lang='grc' dir='ltr'><strong>τῶν</strong></span> <span class='ocrx_word' id='word_1_284' title='bbox 1302 3816 1533 3870; x_wconf 81' lang='grc' dir='ltr'>ἐντολῶν</span> <span class='ocrx_word' id='word_1_285' title='bbox 1560 3817 1998 3882; x_wconf 78' lang='grc' dir='ltr'>καθοπλίζοντος,</span> 
     </span>
    </p>
   </div>
   <div class='ocr_carea' id='block_1_43' title="bbox 409 3905 2002 3980">
    <p class='ocr_par' dir='ltr' id='par_1_43' title="bbox 409 3905 2002 3980">
     <span class='ocr_line' id='line_1_43' title="bbox 409 3905 2002 3980; baseline 0.004 -24"><span class='ocrx_word' id='word_1_286' title='bbox 409 3905 508 3957; x_wconf 78' lang='grc' dir='ltr'><strong>καὶ</strong></span> <span class='ocrx_word' id='word_1_287' title='bbox 545 3905 789 3975; x_wconf 84' lang='grc' dir='ltr'>νομίμως</span> <span class='ocrx_word' id='word_1_288' title='bbox 821 3910 887 3978; x_wconf 79' lang='grc' dir='ltr'>τῇ</span> <span class='ocrx_word' id='word_1_289' title='bbox 918 3907 1028 3959; x_wconf 87' lang='grc' dir='ltr'><strong>τῶν</strong></span> <span class='ocrx_word' id='word_1_290' title='bbox 1055 3907 1246 3961; x_wconf 86' lang='grc' dir='ltr'>παθῶν</span> <span class='ocrx_word' id='word_1_291' title='bbox 1281 3908 1575 3973; x_wconf 82' lang='grc' dir='ltr'>ἀποθέσει,</span> <span class='ocrx_word' id='word_1_292' title='bbox 1633 3909 1770 3980; x_wconf 69' lang='grc' dir='ltr'>πρὸς</span> <span class='ocrx_word' id='word_1_293' title='bbox 1803 3911 2002 3980; x_wconf 77' lang='grc' dir='ltr'>ἑαυτὴν</span> 
     </span>
    </p>
   </div>
   <div class='ocr_carea' id='block_1_44' title="bbox 404 3997 2003 4070">
    <p class='ocr_par' dir='ltr' id='par_1_44' title="bbox 404 3997 2003 4070">
     <span class='ocr_line' id='line_1_44' title="bbox 404 3997 2003 4070; baseline 0.001 -20"><span class='ocrx_word' id='word_1_294' title='bbox 404 3997 475 4050; x_wconf 83' lang='grc' dir='ltr'>δι’</span> <span class='ocrx_word' id='word_1_295' title='bbox 501 3998 724 4068; x_wconf 85' lang='grc' dir='ltr'>ἀγάπης</span> <span class='ocrx_word' id='word_1_296' title='bbox 777 3999 876 4070; x_wconf 75' lang='grc' dir='ltr'>τὴν</span> <span class='ocrx_word' id='word_1_297' title='bbox 919 3998 1082 4068; x_wconf 83' lang='grc' dir='ltr'>φύσιν</span> <span class='ocrx_word' id='word_1_298' title='bbox 1116 3999 1422 4064; x_wconf 85' lang='grc' dir='ltr'>συνδέοντος</span> <span class='ocrx_word' id='word_1_299' title='bbox 1447 4016 1460 4030; x_wconf 86' lang='grc'><strong>·</strong></span> <span class='ocrx_word' id='word_1_300' title='bbox 1524 4001 1618 4053; x_wconf 81' lang='grc' dir='ltr'>κα¹ι</span> <span class='ocrx_word' id='word_1_301' title='bbox 1650 4000 1785 4070; x_wconf 85' lang='grc' dir='ltr'>πρὸς</span> <span class='ocrx_word' id='word_1_302' title='bbox 1814 4001 2003 4054; x_wconf 75' lang='grc' dir='ltr'>ἑαυτὸν</span> 
     </span>
    </p>
   </div>
   <div class='ocr_carea' id='block_1_45' title="bbox 403 4090 2000 4162">
    <p class='ocr_par' dir='ltr' id='par_1_45' title="bbox 403 4090 2000 4162">
     <span class='ocr_line' id='line_1_45' title="bbox 403 4090 2000 4162; baseline -0.001 -16"><span class='ocrx_word' id='word_1_303' title='bbox 403 4091 572 4162; x_wconf 78' lang='grc' dir='ltr'>ἄρτον</span> <span class='ocrx_word' id='word_1_304' title='bbox 597 4093 726 4144; x_wconf 82' lang='grc' dir='ltr'>ὄντα</span> <span class='ocrx_word' id='word_1_305' title='bbox 757 4090 926 4161; x_wconf 81' lang='grc' dir='ltr'>ζωῆς,</span> <span class='ocrx_word' id='word_1_306' title='bbox 949 4093 1143 4161; x_wconf 85' lang='grc' dir='ltr'>σοφίας</span> <span class='ocrx_word' id='word_1_307' title='bbox 1168 4109 1225 4144; x_wconf 83' lang='grc' dir='ltr'><strong>τε</strong></span> <span class='ocrx_word' id='word_1_308' title='bbox 1255 4092 1349 4145; x_wconf 76' lang='grc' dir='ltr'><strong>καὶ</strong></span> <span class='ocrx_word' id='word_1_309' title='bbox 1376 4092 1632 4160; x_wconf 81' lang='grc' dir='ltr'>γνώσεως</span> <span class='ocrx_word' id='word_1_310' title='bbox 1670 4094 1761 4144; x_wconf 79' lang='grc' dir='ltr'><strong>καὶ</strong></span> <span class='ocrx_word' id='word_1_311' title='bbox 1792 4093 2000 4145; x_wconf 86' lang='grc' dir='ltr'>δικαιο-</span> 
     </span>
    </p>
   </div>
   <div class='ocr_carea' id='block_1_46' title="bbox 408 4182 2004 4254">
    <p class='ocr_par' dir='ltr' id='par_1_46' title="bbox 408 4182 2004 4254">
     <span class='ocr_line' id='line_1_46' title="bbox 408 4182 2004 4254; baseline 0.001 -20"><span class='ocrx_word' id='word_1_312' title='bbox 408 4182 599 4254; x_wconf 80' lang='grc' dir='ltr'>σύνης,</span> <span class='ocrx_word' id='word_1_313' title='bbox 648 4183 923 4247; x_wconf 82' lang='grc' dir='ltr'>κινοῦντος</span> <span class='ocrx_word' id='word_1_314' title='bbox 972 4184 1129 4254; x_wconf 81' lang='grc' dir='ltr'>ἡμῶν</span> <span class='ocrx_word' id='word_1_315' title='bbox 1178 4183 1495 4254; x_wconf 87' lang='grc' dir='ltr'>ἀκορέστως</span> <span class='ocrx_word' id='word_1_316' title='bbox 1526 4184 1626 4254; x_wconf 82' lang='grc' dir='ltr'><strong>τὴν</strong></span> <span class='ocrx_word' id='word_1_317' title='bbox 1655 4184 1870 4254; x_wconf 60' lang='grc' dir='ltr'>ὄρεξιν</span> <span class='ocrx_word' id='word_1_318' title='bbox 1908 4184 2004 4236; x_wconf 83' lang='grc' dir='ltr'>καὶ</span> 
     </span>
    </p>
   </div>
   <div class='ocr_carea' id='block_1_47' title="bbox 404 4274 2002 4346">
    <p class='ocr_par' dir='ltr' id='par_1_47' title="bbox 404 4274 2002 4346">
     <span class='ocr_line' id='line_1_47' title="bbox 404 4274 2002 4346; baseline 0.002 -20"><span class='ocrx_word' id='word_1_319' title='bbox 404 4277 474 4346; x_wconf 79' lang='grc' dir='ltr'>τῇ</span> <span class='ocrx_word' id='word_1_320' title='bbox 510 4274 790 4344; x_wconf 87' lang='grc' dir='ltr'>πληρώσει</span> <span class='ocrx_word' id='word_1_321' title='bbox 820 4275 914 4328; x_wconf 79' lang='grc' dir='ltr'>τοῦ</span> <span class='ocrx_word' id='word_1_322' title='bbox 947 4275 1224 4346; x_wconf 80' lang='grc' dir='ltr'>Πατρικοῦ</span> <span class='ocrx_word' id='word_1_323' title='bbox 1257 4275 1565 4346; x_wconf 85' lang='grc' dir='ltr'>θελήματος</span> <span class='ocrx_word' id='word_1_324' title='bbox 1599 4279 1713 4340; x_wconf 87' lang='grc' dir='ltr'>τοῖς</span> <span class='ocrx_word' id='word_1_325' title='bbox 1747 4276 2002 4345; x_wconf 87' lang='grc' dir='ltr'>ἀγγέλοις</span> 
     </span>
    </p>
   </div>
   <div class='ocr_carea' id='block_1_48' title="bbox 410 4367 2002 4440">
    <p class='ocr_par' dir='ltr' id='par_1_48' title="bbox 410 4367 2002 4440">
     <span class='ocr_line' id='line_1_48' title="bbox 410 4367 2002 4440; baseline 0.001 -20"><span class='ocrx_word' id='word_1_326' title='bbox 410 4367 722 4438; x_wconf 83' lang='grc' dir='ltr'>ὸμολάτρας</span> <span class='ocrx_word' id='word_1_327' title='bbox 778 4369 931 4438; x_wconf 77' lang='grc' dir='ltr'>ἡμᾶς</span> <span class='ocrx_word' id='word_1_328' title='bbox 987 4368 1396 4433; x_wconf 85' lang='grc' dir='ltr'>καθιστῶντος,</span> <span class='ocrx_word' id='word_1_329' title='bbox 1443 4371 1512 4439; x_wconf 84' lang='grc' dir='ltr'>τῇ</span> <span class='ocrx_word' id='word_1_330' title='bbox 1557 4368 1697 4421; x_wconf 79' lang='grc' dir='ltr'>κατὰ</span> <span class='ocrx_word' id='word_1_331' title='bbox 1747 4368 1838 4421; x_wconf 66' lang='grc' dir='ltr'>τὸν</span> <span class='ocrx_word' id='word_1_332' title='bbox 1887 4369 2002 4440; x_wconf 84' lang='grc' dir='ltr'>βίον</span> 
     </span>
    </p>
   </div>
   <div class='ocr_carea' id='block_1_49' title="bbox 407 4461 1997 4533">
    <p class='ocr_par' dir='ltr' id='par_1_49' title="bbox 407 4461 1997 4533">
     <span class='ocr_line' id='line_1_49' title="bbox 407 4461 1997 4533; baseline 0.001 -21"><span class='ocrx_word' id='word_1_333' title='bbox 407 4461 602 4531; x_wconf 82' lang='grc' dir='ltr'>ἀγωγῇ</span> <span class='ocrx_word' id='word_1_334' title='bbox 642 4461 749 4532; x_wconf 79' lang='grc' dir='ltr'>’τὴν</span> <span class='ocrx_word' id='word_1_335' title='bbox 795 4462 1116 4532; x_wconf 76' lang='grc' dir='ltr'>ἐπουράνιον</span> <span class='ocrx_word' id='word_1_336' title='bbox 1160 4461 1480 4533; x_wconf 87' lang='grc' dir='ltr'>εὐμιμήτως</span> <span class='ocrx_word' id='word_1_337' title='bbox 1514 4461 1880 4531; x_wconf 74' lang='grc' dir='ltr'>ἐμφαίνοντας</span> <span class='ocrx_word' id='word_1_338' title='bbox 1905 4462 1997 4514; x_wconf 78' lang='grc' dir='ltr'>εὐο</span> 
     </span>
    </p>
   </div>
   <div class='ocr_carea' id='block_1_50' title="bbox 406 4552 2001 4624">
    <p class='ocr_par' dir='ltr' id='par_1_50' title="bbox 406 4552 2001 4624">
     <span class='ocr_line' id='line_1_50' title="bbox 406 4552 2001 4624; baseline 0.001 -19"><span class='ocrx_word' id='word_1_339' title='bbox 406 4553 739 4624; x_wconf 54' lang='grc' dir='ltr'>αρέστησινλ·</span> <span class='ocrx_word' id='word_1_340' title='bbox 799 4553 1057 4607; x_wconf 88' lang='grc' dir='ltr'>κάκεῖθεν</span> <span class='ocrx_word' id='word_1_341' title='bbox 1105 4554 1269 4606; x_wconf 88' lang='grc' dir='ltr'>πάλιν</span> <span class='ocrx_word' id='word_1_342' title='bbox 1312 4554 1404 4606; x_wconf 70' lang='grc' dir='ltr'>ἐπὶ</span> <span class='ocrx_word' id='word_1_343' title='bbox 1431 4552 1529 4623; x_wconf 81' lang='grc' dir='ltr'>τὴν</span> <span class='ocrx_word' id='word_1_344' title='bbox 1555 4553 1864 4624; x_wconf 85' lang='grc' dir='ltr'>ἀκροτάτην</span> <span class='ocrx_word' id='word_1_345' title='bbox 1892 4555 2001 4607; x_wconf 86' lang='grc' dir='ltr'><strong>τῶν</strong></span> 
     </span>
    </p>
   </div>
   <div class='ocr_carea' id='block_1_51' title="bbox 407 4645 2002 4719">
    <p class='ocr_par' dir='ltr' id='par_1_51' title="bbox 407 4645 2002 4719">
     <span class='ocr_line' id='line_1_51' title="bbox 407 4645 2002 4719; baseline 0.001 -21"><span class='ocrx_word' id='word_1_346' title='bbox 407 4646 569 4700; x_wconf 85' lang='grc' dir='ltr'>θείων</span> <span class='ocrx_word' id='word_1_347' title='bbox 603 4647 866 4701; x_wconf 78' lang='grc' dir='ltr'>ἀνάϐασιν</span> <span class='ocrx_word' id='word_1_348' title='bbox 897 4648 1033 4719; x_wconf 76' lang='grc' dir='ltr'>πρὸς</span> <span class='ocrx_word' id='word_1_349' title='bbox 1061 4647 1152 4700; x_wconf 78' lang='grc' dir='ltr'><strong>τὸν</strong></span> <span class='ocrx_word' id='word_1_350' title='bbox 1181 4647 1403 4718; x_wconf 88' lang='grc' dir='ltr'>Πατέρα</span> <span class='ocrx_word' id='word_1_351' title='bbox 1431 4648 1540 4701; x_wconf 88' lang='grc' dir='ltr'><strong>τῶν</strong></span> <span class='ocrx_word' id='word_1_352' title='bbox 1566 4645 1760 4714; x_wconf 88' lang='grc' dir='ltr'>φώτων</span> <span class='ocrx_word' id='word_1_353' title='bbox 1789 4648 2002 4715; x_wconf 75' lang='grc' dir='ltr'>ἐνάγον-</span> 
     </span>
    </p>
   </div>
   <div class='ocr_carea' id='block_1_52' title="bbox 404 4738 1999 4810">
    <p class='ocr_par' dir='ltr' id='par_1_52' title="bbox 404 4738 1999 4810">
     <span class='ocr_line' id='line_1_52' title="bbox 404 4738 1999 4810; baseline 0.001 -20"><span class='ocrx_word' id='word_1_354' title='bbox 404 4755 538 4804; x_wconf 86' lang='grc' dir='ltr'>τος,</span> <span class='ocrx_word' id='word_1_355' title='bbox 607 4739 701 4791; x_wconf 75' lang='grc' dir='ltr'><strong>καῖ</strong></span> <span class='ocrx_word' id='word_1_356' title='bbox 752 4739 903 4802; x_wconf 87' lang='grc' dir='ltr'>θείας</span> <span class='ocrx_word' id='word_1_357' title='bbox 951 4739 1403 4810; x_wconf 77' lang='grc' dir='ltr'>ἀπεργαζομένου</span> <span class='ocrx_word' id='word_1_358' title='bbox 1444 4738 1658 4808; x_wconf 80' lang='grc' dir='ltr'>φύσεως</span> <span class='ocrx_word' id='word_1_359' title='bbox 1690 4740 1999 4804; x_wconf 79' lang='grc' dir='ltr'>κοινωνοὺς,</span> 
     </span>
    </p>
   </div>
   <div class='ocr_carea' id='block_1_53' title="bbox 403 4832 2000 4907">
    <p class='ocr_par' dir='ltr' id='par_1_53' title="bbox 403 4832 2000 4907">
     <span class='ocr_line' id='line_1_53' title="bbox 403 4832 2000 4907; baseline -0.004 -18"><span class='ocrx_word' id='word_1_360' title='bbox 403 4837 475 4906; x_wconf 79' lang='grc' dir='ltr'>τῇ</span> <span class='ocrx_word' id='word_1_361' title='bbox 532 4835 674 4888; x_wconf 86' lang='grc' dir='ltr'><strong>κατά</strong></span> <span class='ocrx_word' id='word_1_362' title='bbox 726 4836 887 4907; x_wconf 80' lang='grc' dir='ltr'>χάριν</span> <span class='ocrx_word' id='word_1_363' title='bbox 950 4837 1163 4906; x_wconf 74' lang='grc' dir='ltr'>μεθέξει</span> <span class='ocrx_word' id='word_1_364' title='bbox 1222 4835 1313 4888; x_wconf 79' lang='grc' dir='ltr'>τοῦ</span> <span class='ocrx_word' id='word_1_365' title='bbox 1360 4833 1715 4904; x_wconf 81' lang='grc' dir='ltr'>Πνεύματος,</span> <span class='ocrx_word' id='word_1_366' title='bbox 1779 4832 1898 4887; x_wconf 78' lang='grc' dir='ltr'>καθ’</span> <span class='ocrx_word' id='word_1_367' title='bbox 1935 4833 2000 4903; x_wconf 74' lang='grc' dir='ltr'>ἢν</span> 
     </span>
    </p>
   </div>
   <div class='ocr_carea' id='block_1_54' title="bbox 405 4920 1994 4998">
    <p class='ocr_par' dir='ltr' id='par_1_54' title="bbox 405 4920 1994 4998">
     <span class='ocr_line' id='line_1_54' title="bbox 405 4920 1994 4998; baseline -0.003 -20"><span class='ocrx_word' id='word_1_368' title='bbox 405 4928 576 4981; x_wconf 82' lang='grc' dir='ltr'>τέκνα</span> <span class='ocrx_word' id='word_1_369' title='bbox 618 4928 752 4980; x_wconf 83' lang='grc' dir='ltr'>Θεοῦ</span> <span class='ocrx_word' id='word_1_370' title='bbox 807 4927 1261 4998; x_wconf 82' lang='grc' dir='ltr'>χρηματίσωμεν,</span> <span class='ocrx_word' id='word_1_371' title='bbox 1319 4925 1482 4978; x_wconf 76' lang='grc' dir='ltr'>αὑτὸν</span> <span class='ocrx_word' id='word_1_372' title='bbox 1525 4924 1615 4976; x_wconf 74' lang='grc' dir='ltr'>τὸν</span> <span class='ocrx_word' id='word_1_373' title='bbox 1661 4923 1872 4995; x_wconf 83' lang='lat' dir='ltr'><strong>[marg.</strong></span> <span class='ocrx_word' id='word_1_374' title='bbox 1901 4920 1994 4974; x_wconf 87' lang='lat' dir='ltr'><strong>Fr.</strong></span> 
     </span>
    </p>
   </div>
   <div class='ocr_carea' id='block_1_55' title="bbox 410 5015 2000 5092">
    <p class='ocr_par' dir='ltr' id='par_1_55' title="bbox 410 5015 2000 5092">
     <span class='ocr_line' id='line_1_55' title="bbox 410 5015 2000 5092; baseline -0.004 -20"><span class='ocrx_word' id='word_1_375' title='bbox 410 5020 636 5083; x_wconf 79' lang='grc' dir='ltr'>’Λκουε,</span> <span class='ocrx_word' id='word_1_376' title='bbox 667 5019 852 5092; x_wconf 83' lang='grc' dir='ltr'>Νεῖλε]</span> <span class='ocrx_word' id='word_1_377' title='bbox 905 5020 1110 5089; x_wconf 80' lang='grc' dir='ltr'>ταύτης</span> <span class='ocrx_word' id='word_1_378' title='bbox 1157 5019 1456 5088; x_wconf 71' lang='grc' dir='ltr'>αὐτουργὸν</span> <span class='ocrx_word' id='word_1_379' title='bbox 1503 5019 1600 5086; x_wconf 87' lang='grc' dir='ltr'><strong>τῆς</strong></span> <span class='ocrx_word' id='word_1_380' title='bbox 1631 5017 1870 5086; x_wconf 81' lang='grc' dir='ltr'>χάριτος,</span> <span class='ocrx_word' id='word_1_381' title='bbox 1905 5015 2000 5069; x_wconf 77' lang='grc' dir='ltr'><strong>καὶ</strong></span> 
     </span>
    </p>
   </div>
   <div class='ocr_carea' id='block_1_56' title="bbox 407 5109 1998 5181">
    <p class='ocr_par' dir='ltr' id='par_1_56' title="bbox 407 5109 1998 5181">
     <span class='ocr_line' id='line_1_56' title="bbox 407 5109 1998 5181; baseline -0.003 -16"><span class='ocrx_word' id='word_1_382' title='bbox 407 5112 550 5165; x_wconf 84' lang='grc' dir='ltr'><strong>κατά</strong></span> <span class='ocrx_word' id='word_1_383' title='bbox 579 5111 740 5181; x_wconf 80' lang='grc' dir='ltr'>φύσιν</span> <span class='ocrx_word' id='word_1_384' title='bbox 769 5113 864 5166; x_wconf 81' lang='grc' dir='ltr'><strong>τοῦ</strong></span> <span class='ocrx_word' id='word_1_385' title='bbox 890 5113 1103 5180; x_wconf 61' lang='grc' dir='ltr'>Πατρδς</span> <span class='ocrx_word' id='word_1_386' title='bbox 1124 5111 1274 5175; x_wconf 73' lang='grc' dir='ltr'>Υῖδν,</span> <span class='ocrx_word' id='word_1_387' title='bbox 1299 5111 1416 5164; x_wconf 73' lang='grc' dir='ltr'>ὅλον</span> <span class='ocrx_word' id='word_1_388' title='bbox 1447 5109 1554 5162; x_wconf 81' lang='grc' dir='ltr'>ὅλοι</span> <span class='ocrx_word' id='word_1_389' title='bbox 1584 5111 1706 5178; x_wconf 76' lang='grc' dir='ltr'>δίχα</span> <span class='ocrx_word' id='word_1_390' title='bbox 1732 5124 1998 5178; x_wconf 82' lang='grc' dir='ltr'>περιγρα-</span> 
     </span>
    </p>
   </div>
   <div class='ocr_carea' id='block_1_57' title="bbox 409 5194 2002 5272">
    <p class='ocr_par' dir='ltr' id='par_1_57' title="bbox 409 5194 2002 5272">
     <span class='ocr_line' id='line_1_57' title="bbox 409 5194 2002 5272; baseline -0.002 -19"><span class='ocrx_word' id='word_1_391' title='bbox 409 5201 518 5270; x_wconf 77' lang='grc' dir='ltr'><strong>φῆς</strong></span> <span class='ocrx_word' id='word_1_392' title='bbox 552 5202 836 5272; x_wconf 80' lang='grc' dir='ltr'>ἀχράντως</span> <span class='ocrx_word' id='word_1_393' title='bbox 866 5200 1318 5272; x_wconf 75' lang='grc' dir='ltr'>περικομίζοντες</span> <span class='ocrx_word' id='word_1_394' title='bbox 1338 5218 1350 5230; x_wconf 85' lang='lat'><strong><em>°</em></strong></span> <span class='ocrx_word' id='word_1_395' title='bbox 1388 5201 1447 5263; x_wconf 81' lang='grc' dir='ltr'>ἐξ</span> <span class='ocrx_word' id='word_1_396' title='bbox 1478 5194 1559 5264; x_wconf 70' lang='grc' dir='ltr'><strong>οὗ,</strong></span> <span class='ocrx_word' id='word_1_397' title='bbox 1595 5201 1687 5253; x_wconf 76' lang='grc' dir='ltr'><strong>καὶ</strong></span> <span class='ocrx_word' id='word_1_398' title='bbox 1717 5196 1881 5259; x_wconf 72' lang='grc' dir='ltr'>διὀὖ.</span> <span class='ocrx_word' id='word_1_399' title='bbox 1909 5200 2002 5253; x_wconf 70' lang='grc' dir='ltr'>καὶ</span> 
     </span>
    </p>
   </div>
   <div class='ocr_carea' id='block_1_58' title="bbox 406 5286 2001 5363">
    <p class='ocr_par' dir='ltr' id='par_1_58' title="bbox 406 5286 2001 5363">
     <span class='ocr_line' id='line_1_58' title="bbox 406 5286 2001 5363; baseline 0 -18"><span class='ocrx_word' id='word_1_400' title='bbox 406 5295 467 5346; x_wconf 81' lang='grc' dir='ltr'>ὲν</span> <span class='ocrx_word' id='word_1_401' title='bbox 603 5295 661 5346; x_wconf 77' lang='grc' dir='ltr'>τὸ</span> <span class='ocrx_word' id='word_1_402' title='bbox 698 5291 836 5347; x_wconf 82' lang='grc' dir='ltr'>εἷναί</span> <span class='ocrx_word' id='word_1_403' title='bbox 865 5312 923 5346; x_wconf 87' lang='grc' dir='ltr'><strong>τε</strong></span> <span class='ocrx_word' id='word_1_404' title='bbox 959 5295 1050 5348; x_wconf 73' lang='grc' dir='ltr'>καὶ</span> <span class='ocrx_word' id='word_1_405' title='bbox 1081 5293 1382 5357; x_wconf 80' lang='grc' dir='ltr'>κινεῖσθαι,</span> <span class='ocrx_word' id='word_1_406' title='bbox 1453 5294 1548 5346; x_wconf 75' lang='grc' dir='ltr'>καὶ</span> <span class='ocrx_word' id='word_1_407' title='bbox 1591 5291 1689 5363; x_wconf 78' lang='grc' dir='ltr'><strong>ζῇν</strong></span> <span class='ocrx_word' id='word_1_408' title='bbox 1719 5292 1914 5363; x_wconf 77' lang='grc' dir='ltr'>ἔχομέν</span> <span class='ocrx_word' id='word_1_409' title='bbox 1943 5311 2001 5345; x_wconf 86' lang='grc' dir='ltr'><strong>τε</strong></span> 
     </span>
    </p>
   </div>
   <div class='ocr_carea' id='block_1_59' title="bbox 407 5385 753 5456">
    <p class='ocr_par' dir='ltr' id='par_1_59' title="bbox 407 5385 753 5456">
     <span class='ocr_line' id='line_1_59' title="bbox 407 5385 753 5456; baseline 0.006 -18"><span class='ocrx_word' id='word_1_410' title='bbox 407 5385 507 5439; x_wconf 73' lang='grc' dir='ltr'>καὶ</span> <span class='ocrx_word' id='word_1_411' title='bbox 539 5385 753 5456; x_wconf 76' lang='grc' dir='ltr'>ἕξομεν.</span> 
     </span>
    </p>
   </div>
   <div class='ocr_carea' id='block_1_60' title="bbox 484 5475 2004 5549">
    <p class='ocr_par' dir='ltr' id='par_1_60' title="bbox 484 5475 2004 5549">
     <span class='ocr_line' id='line_1_60' title="bbox 484 5475 2004 5549; baseline -0.001 -19"><span class='ocrx_word' id='word_1_412' title='bbox 484 5479 628 5547; x_wconf 87' lang='grc' dir='ltr'>Πρὸς</span> <span class='ocrx_word' id='word_1_413' title='bbox 675 5478 834 5531; x_wconf 73' lang='grc' dir='ltr'>τοῦτο</span> <span class='ocrx_word' id='word_1_414' title='bbox 865 5479 921 5530; x_wconf 82' lang='grc' dir='ltr'>δὲ</span> <span class='ocrx_word' id='word_1_415' title='bbox 965 5479 1062 5549; x_wconf 86' lang='grc' dir='ltr'><strong>τῆς</strong></span> <span class='ocrx_word' id='word_1_416' title='bbox 1095 5476 1344 5538; x_wconf 88' lang='grc' dir='ltr'>θεώσεως</span> <span class='ocrx_word' id='word_1_417' title='bbox 1377 5475 1435 5528; x_wconf 77' lang='grc' dir='ltr'><strong>τὸ</strong></span> <span class='ocrx_word' id='word_1_418' title='bbox 1467 5475 1764 5546; x_wconf 77' lang='grc' dir='ltr'>μυστήριον</span> <span class='ocrx_word' id='word_1_419' title='bbox 1794 5475 2004 5544; x_wconf 79' lang='grc' dir='ltr'>βλέπων</span> 
     </span>
    </p>
   </div>
   <div class='ocr_carea' id='block_1_61' title="bbox 407 5568 2004 5641">
    <p class='ocr_par' dir='ltr' id='par_1_61' title="bbox 407 5568 2004 5641">
     <span class='ocr_line' id='line_1_61' title="bbox 407 5568 2004 5641; baseline -0.001 -20"><span class='ocrx_word' id='word_1_420' title='bbox 407 5570 542 5638; x_wconf 81' lang='grc' dir='ltr'>ἡμῖν</span> <span class='ocrx_word' id='word_1_421' title='bbox 594 5568 734 5623; x_wconf 80' lang='grc' dir='ltr'>ἔστω</span> <span class='ocrx_word' id='word_1_422' title='bbox 777 5573 876 5640; x_wconf 84' lang='grc' dir='ltr'><strong>τῆς</strong></span> <span class='ocrx_word' id='word_1_423' title='bbox 923 5569 1232 5641; x_wconf 78' lang='grc' dir='ltr'>προσευχῆς</span> <span class='ocrx_word' id='word_1_424' title='bbox 1281 5570 1308 5619; x_wconf 85' lang='grc' dir='ltr'>ὁ</span> <span class='ocrx_word' id='word_1_425' title='bbox 1353 5568 1584 5630; x_wconf 81' lang='grc' dir='ltr'>σκοπὸς,</span> <span class='ocrx_word' id='word_1_426' title='bbox 1648 5568 1733 5620; x_wconf 80' lang='grc' dir='ltr'><strong>ἵνα</strong></span> <span class='ocrx_word' id='word_1_427' title='bbox 1764 5568 2004 5638; x_wconf 89' lang='grc' dir='ltr'>γνῶμεν,</span> 
     </span>
    </p>
   </div>
   <div class='ocr_carea' id='block_1_62' title="bbox 479 5708 1501 5773">
    <p class='ocr_par' dir='ltr' id='par_1_62' title="bbox 479 5708 1501 5773">
     <span class='ocr_line' id='line_1_62' title="bbox 479 5708 1501 5773; baseline -0.004 -8"><span class='ocrx_word' id='word_1_428' title='bbox 479 5713 526 5744; x_wconf 83' lang='grc'><strong>³⁸</strong></span> <span class='ocrx_word' id='word_1_429' title='bbox 560 5710 752 5765; x_wconf 83' lang='lat' dir='ltr'><strong>Matth.</strong></span> <span class='ocrx_word' id='word_1_430' title='bbox 781 5725 852 5773; x_wconf 83' lang='lat' dir='ltr'><strong>vt,</strong></span> <span class='ocrx_word' id='word_1_431' title='bbox 895 5710 974 5762; x_wconf 59' lang='lat' dir='ltr'><strong>l4.</strong></span> <span class='ocrx_word' id='word_1_432' title='bbox 1093 5710 1135 5738; x_wconf 69' lang='grc'><strong>³⁵</strong></span> <span class='ocrx_word' id='word_1_433' title='bbox 1164 5708 1300 5762; x_wconf 86' lang='lat' dir='ltr'><strong>Gen.</strong></span> <span class='ocrx_word' id='word_1_434' title='bbox 1335 5725 1412 5773; x_wconf 85' lang='lat' dir='ltr'><strong>In,</strong></span> <span class='ocrx_word' id='word_1_435' title='bbox 1452 5710 1501 5761; x_wconf 84' lang='lat' dir='ltr'><strong>l.</strong></span> 
     </span>
    </p>
   </div>
   <div class='ocr_carea' id='block_1_63' title="bbox 775 5798 1360 5858">
    <p class='ocr_par' dir='ltr' id='par_1_63' title="bbox 775 5798 1360 5858">
     <span class='ocr_line' id='line_1_63' title="bbox 775 5798 1360 5858; baseline -0.002 -1"><span class='ocrx_word' id='word_1_436' title='bbox 775 5799 1047 5858; x_wconf 76' lang='lat' dir='ltr'><strong>PATROL.</strong></span> <span class='ocrx_word' id='word_1_437' title='bbox 1094 5798 1207 5857; x_wconf 78' lang='lat' dir='ltr'><strong>Gn.</strong></span> <span class='ocrx_word' id='word_1_438' title='bbox 1263 5798 1360 5856; x_wconf 78' lang='lat' dir='ltr'><strong>XC</strong></span> 
     </span>
    </p>
   </div>
   <div class='ocr_carea' id='block_1_64' title="bbox 1614 5708 2092 5773">
    <p class='ocr_par' dir='ltr' id='par_1_64' title="bbox 1614 5708 2092 5773">
     <span class='ocr_line' id='line_1_64' title="bbox 1614 5708 2092 5773; baseline -0.004 -9"><span class='ocrx_word' id='word_1_439' title='bbox 1614 5708 1658 5738; x_wconf 78' lang='lat'><strong>&quot;°</strong></span> <span class='ocrx_word' id='word_1_440' title='bbox 1685 5709 1844 5764; x_wconf 84' lang='lat' dir='ltr'><strong>Joan.</strong></span> <span class='ocrx_word' id='word_1_441' title='bbox 1877 5723 1987 5773; x_wconf 71' lang='lat' dir='ltr'><strong>xvn,</strong></span> <span class='ocrx_word' id='word_1_442' title='bbox 2024 5708 2092 5763; x_wconf 80' lang='grc'><strong>55</strong></span> 
     </span>
    </p>
   </div>
   <div class='ocr_carea' id='block_1_65' title="bbox 2117 513 3693 588">
    <p class='ocr_par' dir='ltr' id='par_1_65' title="bbox 2117 513 3693 588">
     <span class='ocr_line' id='line_1_65' title="bbox 2117 513 3693 588; baseline 0.007 -22"><span class='ocrx_word' id='word_1_443' title='bbox 2117 529 2243 578; x_wconf 90' lang='lat' dir='ltr'><strong>que,</strong></span> <span class='ocrx_word' id='word_1_444' title='bbox 2272 530 2393 583; x_wconf 75' lang='lat' dir='ltr'><strong>qua:</strong></span> <span class='ocrx_word' id='word_1_445' title='bbox 2421 530 2523 569; x_wconf 89' lang='lat' dir='ltr'><strong>nec</strong></span> <span class='ocrx_word' id='word_1_446' title='bbox 2554 513 2664 567; x_wconf 86' lang='lat' dir='ltr'><strong>sint</strong></span> <span class='ocrx_word' id='word_1_447' title='bbox 2688 513 2930 582; x_wconf 83' lang='lat' dir='ltr'><strong>quidem,</strong></span> <span class='ocrx_word' id='word_1_448' title='bbox 2960 530 3023 570; x_wconf 87' lang='lat' dir='ltr'><strong>ac.</strong></span> <span class='ocrx_word' id='word_1_449' title='bbox 3052 517 3187 570; x_wconf 87' lang='lat' dir='ltr'><strong>nihil</strong></span> <span class='ocrx_word' id='word_1_450' title='bbox 3221 519 3349 583; x_wconf 88' lang='lat' dir='ltr'><strong>sint,</strong></span> <span class='ocrx_word' id='word_1_451' title='bbox 3378 521 3693 588; x_wconf 81' lang='lat' dir='ltr'><strong>posthabita</strong></span> 
     </span>
    </p>
   </div>
   <div class='ocr_carea' id='block_1_66' title="bbox 2115 603 3689 676">
    <p class='ocr_par' dir='ltr' id='par_1_66' title="bbox 2115 603 3689 676">
     <span class='ocr_line' id='line_1_66' title="bbox 2115 603 3689 676; baseline 0.004 -18"><span class='ocrx_word' id='word_1_452' title='bbox 2115 612 2334 670; x_wconf 89' lang='lat' dir='ltr'><strong>natura,</strong></span> <span class='ocrx_word' id='word_1_453' title='bbox 2364 620 2476 673; x_wconf 89' lang='lat' dir='ltr'><strong>quo</strong></span> <span class='ocrx_word' id='word_1_454' title='bbox 2510 620 2568 658; x_wconf 89' lang='lat' dir='ltr'><strong>se</strong></span> <span class='ocrx_word' id='word_1_455' title='bbox 2604 603 2714 657; x_wconf 82' lang='lat' dir='ltr'><strong>illis</strong></span> <span class='ocrx_word' id='word_1_456' title='bbox 2747 604 2930 657; x_wconf 89' lang='lat' dir='ltr'><strong>studio</strong></span> <span class='ocrx_word' id='word_1_457' title='bbox 2965 605 3192 668; x_wconf 75' lang='lat' dir='ltr'><strong>addixit,</strong></span> <span class='ocrx_word' id='word_1_458' title='bbox 3226 607 3390 676; x_wconf 88' lang='lat' dir='ltr'><strong>hujus</strong></span> <span class='ocrx_word' id='word_1_459' title='bbox 3417 610 3689 665; x_wconf 89' lang='lat' dir='ltr'><strong>rationem</strong></span> 
     </span>
    </p>
   </div>
   <div class='ocr_carea' id='block_1_67' title="bbox 2116 698 3690 774">
    <p class='ocr_par' dir='ltr' id='par_1_67' title="bbox 2116 698 3690 774">
     <span class='ocr_line' id='line_1_67' title="bbox 2116 698 3690 774; baseline 0.005 -23"><span class='ocrx_word' id='word_1_460' title='bbox 2116 698 2422 768; x_wconf 91' lang='lat' dir='ltr'><strong>ignoravit;</strong></span> <span class='ocrx_word' id='word_1_461' title='bbox 2479 713 2583 766; x_wconf 91' lang='lat' dir='ltr'><strong>qua</strong></span> <span class='ocrx_word' id='word_1_462' title='bbox 2634 707 2845 750; x_wconf 91' lang='lat' dir='ltr'><strong>motum</strong></span> <span class='ocrx_word' id='word_1_463' title='bbox 2895 707 3060 766; x_wconf 87' lang='lat' dir='ltr'><strong>atque</strong></span> <span class='ocrx_word' id='word_1_464' title='bbox 3114 699 3468 767; x_wconf 86' lang='lat' dir='ltr'><strong>instinctum,</strong></span> <span class='ocrx_word' id='word_1_465' title='bbox 3516 703 3690 774; x_wconf 89' lang='lat' dir='ltr'><strong>legem</strong></span> 
     </span>
    </p>
   </div>
   <div class='ocr_carea' id='block_1_68' title="bbox 2113 789 3691 861">
    <p class='ocr_par' dir='ltr' id='par_1_68' title="bbox 2113 789 3691 861">
     <span class='ocr_line' id='line_1_68' title="bbox 2113 789 3691 861; baseline 0.004 -19"><span class='ocrx_word' id='word_1_466' title='bbox 2113 799 2344 852; x_wconf 75' lang='lat' dir='ltr'><strong>naturze,</strong></span> <span class='ocrx_word' id='word_1_467' title='bbox 2372 805 2621 859; x_wconf 76' lang='lat' dir='ltr'><strong>quaenam</strong></span> <span class='ocrx_word' id='word_1_468' title='bbox 2656 789 2744 852; x_wconf 90' lang='lat' dir='ltr'><strong>sit,</strong></span> <span class='ocrx_word' id='word_1_469' title='bbox 2781 803 2940 842; x_wconf 88' lang='lat' dir='ltr'><strong>nosse</strong></span> <span class='ocrx_word' id='word_1_470' title='bbox 2972 803 3096 842; x_wconf 91' lang='lat' dir='ltr'><strong>eum</strong></span> <span class='ocrx_word' id='word_1_471' title='bbox 3133 793 3404 857; x_wconf 73' lang='lat' dir='ltr'><strong>oportuit;</strong></span> <span class='ocrx_word' id='word_1_472' title='bbox 3442 809 3691 861; x_wconf 67' lang='lat' dir='ltr'><strong>quaenam</strong></span> 
     </span>
    </p>
   </div>
   <div class='ocr_carea' id='block_1_69' title="bbox 2115 879 3689 951">
    <p class='ocr_par' dir='ltr' id='par_1_69' title="bbox 2115 879 3689 951">
     <span class='ocr_line' id='line_1_69' title="bbox 2115 879 3689 951; baseline 0.003 -18"><span class='ocrx_word' id='word_1_473' title='bbox 2115 880 2248 934; x_wconf 87' lang='lat' dir='ltr'><strong>item</strong></span> <span class='ocrx_word' id='word_1_474' title='bbox 2285 879 2766 949; x_wconf 86' lang='lat' dir='ltr'><strong>perturbationum</strong></span> <span class='ocrx_word' id='word_1_475' title='bbox 2801 880 3175 948; x_wconf 90' lang='lat' dir='ltr'><strong>vitiorumque</strong></span> <span class='ocrx_word' id='word_1_476' title='bbox 3208 880 3289 933; x_wconf 90' lang='lat' dir='ltr'><strong>vis</strong></span> <span class='ocrx_word' id='word_1_477' title='bbox 3325 895 3387 934; x_wconf 86' lang='lat' dir='ltr'><strong>ac.</strong></span> <span class='ocrx_word' id='word_1_478' title='bbox 3423 885 3689 951; x_wconf 80' lang='lat' dir='ltr'><strong>tyrannis,</strong></span> 
     </span>
    </p>
   </div>
   <div class='ocr_carea' id='block_1_70' title="bbox 2111 971 3694 1041">
    <p class='ocr_par' dir='ltr' id='par_1_70' title="bbox 2111 971 3694 1041">
     <span class='ocr_line' id='line_1_70' title="bbox 2111 971 3694 1041; baseline 0.003 -16"><span class='ocrx_word' id='word_1_479' title='bbox 2111 986 2236 1041; x_wconf 85' lang='lat' dir='ltr'><strong>quae</strong></span> <span class='ocrx_word' id='word_1_480' title='bbox 2261 987 2372 1025; x_wconf 89' lang='lat' dir='ltr'><strong>non</strong></span> <span class='ocrx_word' id='word_1_481' title='bbox 2401 982 2618 1034; x_wconf 88' lang='lat' dir='ltr'><strong>natura,</strong></span> <span class='ocrx_word' id='word_1_482' title='bbox 2650 971 2744 1026; x_wconf 91' lang='lat' dir='ltr'><strong>sed</strong></span> <span class='ocrx_word' id='word_1_483' title='bbox 2773 971 3056 1025; x_wconf 81' lang='lat' dir='ltr'><strong>voluntate</strong></span> <span class='ocrx_word' id='word_1_484' title='bbox 3089 986 3151 1024; x_wconf 92' lang='lat' dir='ltr'><strong>ac</strong></span> <span class='ocrx_word' id='word_1_485' title='bbox 3183 971 3414 1025; x_wconf 91' lang='lat' dir='ltr'><strong>arbitrio</strong></span> <span class='ocrx_word' id='word_1_486' title='bbox 3444 973 3494 1026; x_wconf 91' lang='lat' dir='ltr'><strong>ei</strong></span> <span class='ocrx_word' id='word_1_487' title='bbox 3521 974 3694 1029; x_wconf 82' lang='lat' dir='ltr'><strong>inole-</strong></span> 
     </span>
    </p>
   </div>
   <div class='ocr_carea' id='block_1_71' title="bbox 2111 1063 3694 1134">
    <p class='ocr_par' dir='ltr' id='par_1_71' title="bbox 2111 1063 3694 1134">
     <span class='ocr_line' id='line_1_71' title="bbox 2111 1063 3694 1134; baseline 0.003 -18"><span class='ocrx_word' id='word_1_488' title='bbox 2111 1063 2189 1117; x_wconf 89' lang='lat' dir='ltr'><strong>vit</strong></span> <span class='ocrx_word' id='word_1_489' title='bbox 2230 1081 2241 1116; x_wconf 90' lang='lat'>:</span> <span class='ocrx_word' id='word_1_490' title='bbox 2285 1078 2349 1117; x_wconf 88' lang='lat' dir='ltr'><strong>ac</strong></span> <span class='ocrx_word' id='word_1_491' title='bbox 2390 1063 2538 1116; x_wconf 90' lang='lat' dir='ltr'><strong>illam</strong></span> <span class='ocrx_word' id='word_1_492' title='bbox 2578 1063 2800 1131; x_wconf 86' lang='lat' dir='ltr'><strong>quidem</strong></span> <span class='ocrx_word' id='word_1_493' title='bbox 2843 1063 3062 1133; x_wconf 86' lang='lat' dir='ltr'><strong>(nempe</strong></span> <span class='ocrx_word' id='word_1_494' title='bbox 3103 1073 3312 1117; x_wconf 76' lang='lat' dir='ltr'><strong>naturae</strong></span> <span class='ocrx_word' id='word_1_495' title='bbox 3349 1065 3544 1134; x_wconf 81' lang='lat' dir='ltr'><strong>legem)</strong></span> <span class='ocrx_word' id='word_1_496' title='bbox 3586 1066 3694 1120; x_wconf 83' lang='lat' dir='ltr'><strong>sibi</strong></span> 
     </span>
    </p>
   </div>
   <div class='ocr_carea' id='block_1_72' title="bbox 2110 1153 3690 1222">
    <p class='ocr_par' dir='ltr' id='par_1_72' title="bbox 2110 1153 3690 1222">
     <span class='ocr_line' id='line_1_72' title="bbox 2110 1153 3690 1222; baseline 0.001 -14"><span class='ocrx_word' id='word_1_497' title='bbox 2110 1154 2402 1217; x_wconf 90' lang='lat' dir='ltr'><strong>asciscere,</strong></span> <span class='ocrx_word' id='word_1_498' title='bbox 2436 1169 2600 1222; x_wconf 89' lang='lat' dir='ltr'><strong>quam</strong></span> <span class='ocrx_word' id='word_1_499' title='bbox 2633 1153 2914 1208; x_wconf 88' lang='lat' dir='ltr'><strong>naturales</strong></span> <span class='ocrx_word' id='word_1_500' title='bbox 2947 1154 3297 1222; x_wconf 89' lang='lat' dir='ltr'><strong>operationes</strong></span> <span class='ocrx_word' id='word_1_501' title='bbox 3329 1165 3690 1222; x_wconf 85' lang='lat' dir='ltr'><strong>conservant;</strong></span> 
     </span>
    </p>
   </div>
   <div class='ocr_carea' id='block_1_73' title="bbox 2111 1241 3695 1314">
    <p class='ocr_par' dir='ltr' id='par_1_73' title="bbox 2111 1241 3695 1314">
     <span class='ocr_line' id='line_1_73' title="bbox 2111 1241 3695 1314; baseline 0.001 -15"><span class='ocrx_word' id='word_1_502' title='bbox 2111 1247 2254 1299; x_wconf 86' lang='lat' dir='ltr'><strong>hanc</strong></span> <span class='ocrx_word' id='word_1_503' title='bbox 2276 1260 2405 1298; x_wconf 86' lang='lat' dir='ltr'><strong>vero</strong></span> <span class='ocrx_word' id='word_1_504' title='bbox 2431 1245 2560 1313; x_wconf 87' lang='lat' dir='ltr'><strong>(vim</strong></span> <span class='ocrx_word' id='word_1_505' title='bbox 2585 1245 2794 1298; x_wconf 87' lang='lat' dir='ltr'><strong>scilicet</strong></span> <span class='ocrx_word' id='word_1_506' title='bbox 2817 1260 2881 1297; x_wconf 85' lang='lat' dir='ltr'><strong>ac</strong></span> <span class='ocrx_word' id='word_1_507' title='bbox 2907 1241 3272 1314; x_wconf 72' lang='lat' dir='ltr'><strong>tyrannidem)</strong></span> <span class='ocrx_word' id='word_1_508' title='bbox 3295 1246 3488 1314; x_wconf 83' lang='lat' dir='ltr'><strong>procul</strong></span> <span class='ocrx_word' id='word_1_509' title='bbox 3511 1247 3695 1301; x_wconf 80' lang='lat' dir='ltr'><strong>animo</strong></span> 
     </span>
    </p>
   </div>
   <div class='ocr_carea' id='block_1_74' title="bbox 2111 1337 3692 1408">
    <p class='ocr_par' dir='ltr' id='par_1_74' title="bbox 2111 1337 3692 1408">
     <span class='ocr_line' id='line_1_74' title="bbox 2111 1337 3692 1408; baseline 0 -16"><span class='ocrx_word' id='word_1_510' title='bbox 2111 1338 2386 1406; x_wconf 81' lang='lat' dir='ltr'><strong>ablegare,</strong></span> <span class='ocrx_word' id='word_1_511' title='bbox 2417 1348 2581 1405; x_wconf 86' lang='lat' dir='ltr'><strong>atque</strong></span> <span class='ocrx_word' id='word_1_512' title='bbox 2605 1337 2818 1390; x_wconf 90' lang='lat' dir='ltr'><strong>ratione</strong></span> <span class='ocrx_word' id='word_1_513' title='bbox 2851 1337 3138 1390; x_wconf 89' lang='lat' dir='ltr'><strong>continere</strong></span> <span class='ocrx_word' id='word_1_514' title='bbox 3173 1347 3450 1399; x_wconf 89' lang='lat' dir='ltr'><strong>naturam,</strong></span> <span class='ocrx_word' id='word_1_515' title='bbox 3482 1354 3604 1408; x_wconf 86' lang='lat' dir='ltr'><strong>quae</strong></span> <span class='ocrx_word' id='word_1_516' title='bbox 3639 1338 3692 1392; x_wconf 89' lang='lat' dir='ltr'><strong>in</strong></span> 
     </span>
    </p>
   </div>
   <div class='ocr_carea' id='block_1_75' title="bbox 2112 1429 3695 1501">
    <p class='ocr_par' dir='ltr' id='par_1_75' title="bbox 2112 1429 3695 1501">
     <span class='ocr_line' id='line_1_75' title="bbox 2112 1429 3695 1501; baseline 0 -16"><span class='ocrx_word' id='word_1_517' title='bbox 2112 1447 2169 1485; x_wconf 87' lang='lat' dir='ltr'><strong>se</strong></span> <span class='ocrx_word' id='word_1_518' title='bbox 2194 1431 2398 1484; x_wconf 90' lang='lat' dir='ltr'><strong>munda</strong></span> <span class='ocrx_word' id='word_1_519' title='bbox 2424 1446 2487 1484; x_wconf 91' lang='lat' dir='ltr'><strong>ac</strong></span> <span class='ocrx_word' id='word_1_520' title='bbox 2510 1430 2674 1501; x_wconf 60' lang='lat'><strong>365.</strong></span> <span class='ocrx_word' id='word_1_521' title='bbox 2697 1429 2836 1484; x_wconf 87' lang='lat' dir='ltr'><strong>labis</strong></span> <span class='ocrx_word' id='word_1_522' title='bbox 2864 1445 3021 1498; x_wconf 89' lang='lat' dir='ltr'><strong>pura,</strong></span> <span class='ocrx_word' id='word_1_523' title='bbox 3047 1430 3166 1484; x_wconf 88' lang='lat' dir='ltr'><strong>sine</strong></span> <span class='ocrx_word' id='word_1_524' title='bbox 3190 1430 3317 1482; x_wconf 89' lang='lat' dir='ltr'><strong>odio</strong></span> <span class='ocrx_word' id='word_1_525' title='bbox 3342 1430 3695 1500; x_wconf 89' lang='lat' dir='ltr'><strong>divortioque</strong></span> 
     </span>
    </p>
   </div>
   <div class='ocr_carea' id='block_1_76' title="bbox 2110 1521 3694 1590">
    <p class='ocr_par' dir='ltr' id='par_1_76' title="bbox 2110 1521 3694 1590">
     <span class='ocr_line' id='line_1_76' title="bbox 2110 1521 3694 1590; baseline 0.001 -14"><span class='ocrx_word' id='word_1_526' title='bbox 2110 1523 2404 1588; x_wconf 87' lang='lat' dir='ltr'><strong>consistat;</strong></span> <span class='ocrx_word' id='word_1_527' title='bbox 2445 1537 2748 1590; x_wconf 86' lang='lat' dir='ltr'><strong>rursusque</strong></span> <span class='ocrx_word' id='word_1_528' title='bbox 2783 1530 2994 1576; x_wconf 83' lang='lat' dir='ltr'><strong>naturae</strong></span> <span class='ocrx_word' id='word_1_529' title='bbox 3015 1521 3352 1576; x_wconf 88' lang='lat' dir='ltr'><strong>voluntatem</strong></span> <span class='ocrx_word' id='word_1_530' title='bbox 3389 1539 3496 1576; x_wconf 92' lang='lat' dir='ltr'><strong>una</strong></span> <span class='ocrx_word' id='word_1_531' title='bbox 3523 1524 3694 1577; x_wconf 89' lang='lat' dir='ltr'><strong>comi—</strong></span> 
     </span>
    </p>
   </div>
   <div class='ocr_carea' id='block_1_77' title="bbox 2109 1611 3692 1682">
    <p class='ocr_par' dir='ltr' id='par_1_77' title="bbox 2109 1611 3692 1682">
     <span class='ocr_line' id='line_1_77' title="bbox 2109 1611 3692 1682; baseline 0.001 -16"><span class='ocrx_word' id='word_1_532' title='bbox 2109 1622 2219 1667; x_wconf 86' lang='lat' dir='ltr'><strong>tem</strong></span> <span class='ocrx_word' id='word_1_533' title='bbox 2252 1613 2486 1676; x_wconf 90' lang='lat' dir='ltr'><strong>sociare,</strong></span> <span class='ocrx_word' id='word_1_534' title='bbox 2513 1627 2634 1681; x_wconf 75' lang='lat' dir='ltr'><strong>qua:</strong></span> <span class='ocrx_word' id='word_1_535' title='bbox 2668 1611 2806 1664; x_wconf 87' lang='lat' dir='ltr'><strong>nihil</strong></span> <span class='ocrx_word' id='word_1_536' title='bbox 2839 1626 3064 1680; x_wconf 86' lang='lat' dir='ltr'><strong>prorsus</strong></span> <span class='ocrx_word' id='word_1_537' title='bbox 3099 1611 3316 1675; x_wconf 82' lang='lat' dir='ltr'><strong>inferat,</strong></span> <span class='ocrx_word' id='word_1_538' title='bbox 3350 1628 3513 1681; x_wconf 90' lang='lat' dir='ltr'><strong>quam</strong></span> <span class='ocrx_word' id='word_1_539' title='bbox 3545 1613 3692 1682; x_wconf 88' lang='lat' dir='ltr'><strong>quod</strong></span> 
     </span>
    </p>
   </div>
   <div class='ocr_carea' id='block_1_78' title="bbox 2108 1701 3694 1771">
    <p class='ocr_par' dir='ltr' id='par_1_78' title="bbox 2108 1701 3694 1771">
     <span class='ocr_line' id='line_1_78' title="bbox 2108 1701 3694 1771; baseline -0.001 -13"><span class='ocrx_word' id='word_1_540' title='bbox 2108 1712 2318 1758; x_wconf 73' lang='lat' dir='ltr'><strong>natura:</strong></span> <span class='ocrx_word' id='word_1_541' title='bbox 2360 1702 2499 1756; x_wconf 89' lang='lat' dir='ltr'><strong>ratio</strong></span> <span class='ocrx_word' id='word_1_542' title='bbox 2541 1701 2765 1765; x_wconf 90' lang='lat' dir='ltr'><strong>tribuit;</strong></span> <span class='ocrx_word' id='word_1_543' title='bbox 2811 1717 2873 1755; x_wconf 91' lang='lat' dir='ltr'><strong>ac</strong></span> <span class='ocrx_word' id='word_1_544' title='bbox 2911 1701 3143 1771; x_wconf 90' lang='lat' dir='ltr'><strong>proinde</strong></span> <span class='ocrx_word' id='word_1_545' title='bbox 3182 1717 3344 1755; x_wconf 90' lang='lat' dir='ltr'><strong>omne</strong></span> <span class='ocrx_word' id='word_1_546' title='bbox 3387 1702 3596 1765; x_wconf 91' lang='lat' dir='ltr'><strong>odium,</strong></span> <span class='ocrx_word' id='word_1_547' title='bbox 3630 1718 3694 1758; x_wconf 89' lang='lat' dir='ltr'><strong>ac</strong></span> 
     </span>
    </p>
   </div>
   <div class='ocr_carea' id='block_1_79' title="bbox 2109 1792 3696 1863">
    <p class='ocr_par' dir='ltr' id='par_1_79' title="bbox 2109 1792 3696 1863">
     <span class='ocr_line' id='line_1_79' title="bbox 2109 1792 3696 1863; baseline 0.002 -16"><span class='ocrx_word' id='word_1_548' title='bbox 2109 1792 2378 1863; x_wconf 88' lang='lat' dir='ltr'><strong>quidquid</strong></span> <span class='ocrx_word' id='word_1_549' title='bbox 2412 1792 2626 1848; x_wconf 89' lang='lat' dir='ltr'><strong>dissidii</strong></span> <span class='ocrx_word' id='word_1_550' title='bbox 2667 1800 2770 1855; x_wconf 89' lang='lat' dir='ltr'><strong>est,</strong></span> <span class='ocrx_word' id='word_1_551' title='bbox 2802 1793 2870 1846; x_wconf 87' lang='lat' dir='ltr'><strong>ab</strong></span> <span class='ocrx_word' id='word_1_552' title='bbox 2912 1793 2980 1846; x_wconf 89' lang='lat' dir='ltr'><strong>iis</strong></span> <span class='ocrx_word' id='word_1_553' title='bbox 3017 1808 3157 1861; x_wconf 92' lang='lat' dir='ltr'><strong>quos</strong></span> <span class='ocrx_word' id='word_1_554' title='bbox 3196 1792 3446 1863; x_wconf 86' lang='lat' dir='ltr'><strong>ejusdem</strong></span> <span class='ocrx_word' id='word_1_555' title='bbox 3482 1801 3696 1850; x_wconf 74' lang='lat' dir='ltr'><strong>natura:</strong></span> 
     </span>
    </p>
   </div>
   <div class='ocr_carea' id='block_1_80' title="bbox 2104 1884 3694 1948">
    <p class='ocr_par' dir='ltr' id='par_1_80' title="bbox 2104 1884 3694 1948">
     <span class='ocr_line' id='line_1_80' title="bbox 2104 1884 3694 1948; baseline -0.001 -8"><span class='ocrx_word' id='word_1_556' title='bbox 2104 1885 2458 1945; x_wconf 83' lang='lat' dir='ltr'><strong>necessitudo</strong></span> <span class='ocrx_word' id='word_1_557' title='bbox 2489 1885 2790 1948; x_wconf 89' lang='lat' dir='ltr'><strong>consociat,</strong></span> <span class='ocrx_word' id='word_1_558' title='bbox 2816 1884 3169 1947; x_wconf 87' lang='lat' dir='ltr'><strong>submovere,</strong></span> <span class='ocrx_word' id='word_1_559' title='bbox 3197 1895 3257 1938; x_wconf 88' lang='lat' dir='ltr'><strong>ut</strong></span> <span class='ocrx_word' id='word_1_560' title='bbox 3281 1884 3423 1938; x_wconf 87' lang='lat' dir='ltr'><strong>hanc</strong></span> <span class='ocrx_word' id='word_1_561' title='bbox 3453 1886 3694 1940; x_wconf 89' lang='lat' dir='ltr'><strong>recitaus</strong></span> 
     </span>
    </p>
   </div>
   <div class='ocr_carea' id='block_1_81' title="bbox 2105 1976 3695 2046">
    <p class='ocr_par' dir='ltr' id='par_1_81' title="bbox 2105 1976 3695 2046">
     <span class='ocr_line' id='line_1_81' title="bbox 2105 1976 3695 2046; baseline -0.001 -14"><span class='ocrx_word' id='word_1_562' title='bbox 2105 1979 2413 2032; x_wconf 88' lang='lat' dir='ltr'><strong>orationem</strong></span> <span class='ocrx_word' id='word_1_563' title='bbox 2444 1977 2791 2041; x_wconf 74' lang='lat' dir='ltr'><strong>exaudiatur,</strong></span> <span class='ocrx_word' id='word_1_564' title='bbox 2821 1976 3208 2046; x_wconf 89' lang='lat' dir='ltr'><strong>duplicemque</strong></span> <span class='ocrx_word' id='word_1_565' title='bbox 3234 1991 3263 2029; x_wconf 90' lang='lat' dir='ltr'><strong>a</strong></span> <span class='ocrx_word' id='word_1_566' title='bbox 3293 1977 3406 2030; x_wconf 91' lang='lat' dir='ltr'><strong>Deo</strong></span> <span class='ocrx_word' id='word_1_567' title='bbox 3435 1992 3534 2046; x_wconf 91' lang='lat' dir='ltr'><strong>pro</strong></span> <span class='ocrx_word' id='word_1_568' title='bbox 3563 1977 3695 2030; x_wconf 90' lang='lat' dir='ltr'><strong>sim-</strong></span> 
     </span>
    </p>
   </div>
   <div class='ocr_carea' id='block_1_82' title="bbox 2106 2067 3695 2140">
    <p class='ocr_par' dir='ltr' id='par_1_82' title="bbox 2106 2067 3695 2140">
     <span class='ocr_line' id='line_1_82' title="bbox 2106 2067 3695 2140; baseline -0.001 -16"><span class='ocrx_word' id='word_1_569' title='bbox 2106 2071 2236 2138; x_wconf 89' lang='lat' dir='ltr'><strong>plici</strong></span> <span class='ocrx_word' id='word_1_570' title='bbox 2271 2069 2499 2140; x_wconf 76' lang='lat' dir='ltr'><strong>gratiam</strong></span> <span class='ocrx_word' id='word_1_571' title='bbox 2533 2076 2934 2138; x_wconf 86' lang='lat' dir='ltr'><strong>consequatur;</strong></span> <span class='ocrx_word' id='word_1_572' title='bbox 2973 2077 3088 2121; x_wconf 90' lang='lat' dir='ltr'><strong>tum</strong></span> <span class='ocrx_word' id='word_1_573' title='bbox 3128 2067 3341 2122; x_wconf 87' lang='lat' dir='ltr'><strong>scilicet</strong></span> <span class='ocrx_word' id='word_1_574' title='bbox 3373 2077 3435 2121; x_wconf 92' lang='lat' dir='ltr'><strong>ut</strong></span> <span class='ocrx_word' id='word_1_575' title='bbox 3467 2077 3695 2137; x_wconf 75' lang='lat' dir='ltr'><strong>przeter-</strong></span> 
     </span>
    </p>
   </div>
   <div class='ocr_carea' id='block_1_83' title="bbox 2107 2159 3695 2222">
    <p class='ocr_par' dir='ltr' id='par_1_83' title="bbox 2107 2159 3695 2222">
     <span class='ocr_line' id='line_1_83' title="bbox 2107 2159 3695 2222; baseline -0.003 -4"><span class='ocrx_word' id='word_1_576' title='bbox 2107 2165 2309 2218; x_wconf 89' lang='lat' dir='ltr'><strong>itorum</strong></span> <span class='ocrx_word' id='word_1_577' title='bbox 2339 2163 2496 2216; x_wconf 87' lang='lat' dir='ltr'><strong>venia</strong></span> <span class='ocrx_word' id='word_1_578' title='bbox 2527 2161 2853 2214; x_wconf 85' lang='lat' dir='ltr'><strong>delictorum</strong></span> <span class='ocrx_word' id='word_1_579' title='bbox 2886 2160 3142 2222; x_wconf 89' lang='lat' dir='ltr'><strong>donetur,</strong></span> <span class='ocrx_word' id='word_1_580' title='bbox 3179 2169 3294 2212; x_wconf 89' lang='lat' dir='ltr'><strong>tum</strong></span> <span class='ocrx_word' id='word_1_581' title='bbox 3331 2168 3392 2212; x_wconf 90' lang='lat' dir='ltr'><strong>ut</strong></span> <span class='ocrx_word' id='word_1_582' title='bbox 3426 2159 3695 2214; x_wconf 88' lang='lat' dir='ltr'><strong>adversus</strong></span> 
     </span>
    </p>
   </div>
   <div class='ocr_carea' id='block_1_84' title="bbox 2107 2249 3690 2321">
    <p class='ocr_par' dir='ltr' id='par_1_84' title="bbox 2107 2249 3690 2321">
     <span class='ocr_line' id='line_1_84' title="bbox 2107 2249 3690 2321; baseline -0.003 -13"><span class='ocrx_word' id='word_1_583' title='bbox 2107 2255 2294 2308; x_wconf 76' lang='lat' dir='ltr'><strong>futura</strong></span> <span class='ocrx_word' id='word_1_584' title='bbox 2344 2253 2439 2307; x_wconf 92' lang='lat' dir='ltr'><strong>Dei</strong></span> <span class='ocrx_word' id='word_1_585' title='bbox 2493 2251 2750 2321; x_wconf 61' lang='lat' dir='ltr'><strong>praisidio</strong></span> <span class='ocrx_word' id='word_1_586' title='bbox 2801 2258 2953 2304; x_wconf 88' lang='lat' dir='ltr'><strong>tutus</strong></span> <span class='ocrx_word' id='word_1_587' title='bbox 3003 2249 3077 2303; x_wconf 91' lang='lat' dir='ltr'><strong>sit</strong></span> <span class='ocrx_word' id='word_1_588' title='bbox 3128 2250 3306 2319; x_wconf 87' lang='lat' dir='ltr'><strong>iisque</strong></span> <span class='ocrx_word' id='word_1_589' title='bbox 3359 2249 3628 2305; x_wconf 87' lang='lat' dir='ltr'><strong>liberetur</strong></span> <span class='ocrx_word' id='word_1_590' title='bbox 3677 2268 3690 2303; x_wconf 90' lang='lat'><strong>:</strong></span> 
     </span>
    </p>
   </div>
   <div class='ocr_carea' id='block_1_85' title="bbox 2107 2340 3692 2413">
    <p class='ocr_par' dir='ltr' id='par_1_85' title="bbox 2107 2340 3692 2413">
     <span class='ocr_line' id='line_1_85' title="bbox 2107 2340 3692 2413; baseline -0.003 -15"><span class='ocrx_word' id='word_1_591' title='bbox 2107 2353 2272 2413; x_wconf 90' lang='lat' dir='ltr'><strong>atque</strong></span> <span class='ocrx_word' id='word_1_592' title='bbox 2317 2353 2378 2397; x_wconf 93' lang='lat' dir='ltr'><strong>ut</strong></span> <span class='ocrx_word' id='word_1_593' title='bbox 2423 2358 2536 2396; x_wconf 91' lang='lat' dir='ltr'><strong>non</strong></span> <span class='ocrx_word' id='word_1_594' title='bbox 2581 2340 2931 2410; x_wconf 88' lang='lat' dir='ltr'><strong>permittatur</strong></span> <span class='ocrx_word' id='word_1_595' title='bbox 2967 2341 3158 2394; x_wconf 89' lang='lat' dir='ltr'><strong>venire</strong></span> <span class='ocrx_word' id='word_1_596' title='bbox 3207 2341 3262 2393; x_wconf 90' lang='lat' dir='ltr'><strong>in</strong></span> <span class='ocrx_word' id='word_1_597' title='bbox 3308 2341 3692 2404; x_wconf 89' lang='lat' dir='ltr'><strong>tentationem,</strong></span> 
     </span>
    </p>
   </div>
   <div class='ocr_carea' id='block_1_86' title="bbox 2042 2435 3697 2507">
    <p class='ocr_par' dir='ltr' id='par_1_86' title="bbox 2042 2435 3697 2507">
     <span class='ocr_line' id='line_1_86' title="bbox 2042 2435 3697 2507; baseline -0.004 -11"><span class='ocrx_word' id='word_1_598' title='bbox 2042 2458 2105 2496; x_wconf 89' lang='lat' dir='ltr'><strong>ac</strong></span> <span class='ocrx_word' id='word_1_599' title='bbox 2137 2439 2316 2503; x_wconf 91' lang='lat' dir='ltr'><strong>titulo,</strong></span> <span class='ocrx_word' id='word_1_600' title='bbox 2383 2437 2531 2507; x_wconf 91' lang='lat' dir='ltr'><strong>quod</strong></span> <span class='ocrx_word' id='word_1_601' title='bbox 2599 2444 2856 2506; x_wconf 88' lang='lat' dir='ltr'><strong>prompto</strong></span> <span class='ocrx_word' id='word_1_602' title='bbox 2887 2437 3070 2489; x_wconf 90' lang='lat' dir='ltr'><strong>animo</strong></span> <span class='ocrx_word' id='word_1_603' title='bbox 3102 2435 3366 2504; x_wconf 78' lang='lat' dir='ltr'><strong>proximis</strong></span> <span class='ocrx_word' id='word_1_604' title='bbox 3395 2436 3581 2490; x_wconf 91' lang='lat' dir='ltr'><strong>debita</strong></span> <span class='ocrx_word' id='word_1_605' title='bbox 3609 2451 3697 2490; x_wconf 85' lang='lat' dir='ltr'><strong>re-</strong></span> 
     </span>
    </p>
   </div>
   <div class='ocr_carea' id='block_1_87' title="bbox 2180 2623 3692 2696">
    <p class='ocr_par' dir='ltr' id='par_1_87' title="bbox 2180 2623 3692 2696">
     <span class='ocr_line' id='line_1_87' title="bbox 2180 2623 3692 2696; baseline 0 -17"><span class='ocrx_word' id='word_1_606' title='bbox 2180 2627 2324 2696; x_wconf 84' lang='lat' dir='ltr'><strong>Ergo</strong></span> <span class='ocrx_word' id='word_1_607' title='bbox 2354 2640 2453 2678; x_wconf 90' lang='lat' dir='ltr'><strong>nos</strong></span> <span class='ocrx_word' id='word_1_608' title='bbox 2485 2639 2728 2692; x_wconf 88' lang='lat' dir='ltr'><strong>quoque,</strong></span> <span class='ocrx_word' id='word_1_609' title='bbox 2756 2630 2836 2688; x_wconf 90' lang='lat' dir='ltr'><strong>ut,</strong></span> <span class='ocrx_word' id='word_1_610' title='bbox 2870 2624 3142 2693; x_wconf 86' lang='lat' dir='ltr'><strong>tantisper</strong></span> <span class='ocrx_word' id='word_1_611' title='bbox 3164 2623 3391 2677; x_wconf 87' lang='lat' dir='ltr'><strong>reducta</strong></span> <span class='ocrx_word' id='word_1_612' title='bbox 3419 2625 3692 2689; x_wconf 89' lang='lat' dir='ltr'><strong>oratione,</strong></span> 
     </span>
    </p>
   </div>
   <div class='ocr_carea' id='block_1_88' title="bbox 2105 2713 3694 2784">
    <p class='ocr_par' dir='ltr' id='par_1_88' title="bbox 2105 2713 3694 2784">
     <span class='ocr_line' id='line_1_88' title="bbox 2105 2713 3694 2784; baseline -0.001 -13"><span class='ocrx_word' id='word_1_613' title='bbox 2105 2717 2381 2772; x_wconf 91' lang='lat' dir='ltr'><strong>dictorum</strong></span> <span class='ocrx_word' id='word_1_614' title='bbox 2429 2715 2538 2769; x_wconf 89' lang='lat' dir='ltr'><strong>vim</strong></span> <span class='ocrx_word' id='word_1_615' title='bbox 2600 2715 2929 2784; x_wconf 87' lang='lat' dir='ltr'><strong>compendio</strong></span> <span class='ocrx_word' id='word_1_616' title='bbox 2979 2728 3286 2783; x_wconf 75' lang='lat' dir='ltr'><strong>exponam,</strong></span> <span class='ocrx_word' id='word_1_617' title='bbox 3339 2713 3612 2782; x_wconf 88' lang='lat' dir='ltr'><strong>siquidem</strong></span> <span class='ocrx_word' id='word_1_618' title='bbox 3663 2731 3694 2769; x_wconf 86' lang='lat' dir='ltr'><strong>a</strong></span> 
     </span>
    </p>
   </div>
   <div class='ocr_carea' id='block_1_89' title="bbox 2104 2807 3696 2876">
    <p class='ocr_par' dir='ltr' id='par_1_89' title="bbox 2104 2807 3696 2876">
     <span class='ocr_line' id='line_1_89' title="bbox 2104 2807 3696 2876; baseline -0.001 -13"><span class='ocrx_word' id='word_1_619' title='bbox 2104 2810 2249 2864; x_wconf 91' lang='lat' dir='ltr'><strong>malo</strong></span> <span class='ocrx_word' id='word_1_620' title='bbox 2297 2807 2523 2863; x_wconf 90' lang='lat' dir='ltr'><strong>liberari</strong></span> <span class='ocrx_word' id='word_1_621' title='bbox 2564 2808 2851 2871; x_wconf 90' lang='lat' dir='ltr'><strong>volumus,</strong></span> <span class='ocrx_word' id='word_1_622' title='bbox 2892 2807 3006 2860; x_wconf 90' lang='lat' dir='ltr'><strong>Deo</strong></span> <span class='ocrx_word' id='word_1_623' title='bbox 3052 2819 3261 2858; x_wconf 90' lang='lat' dir='ltr'><strong>morem</strong></span> <span class='ocrx_word' id='word_1_624' title='bbox 3305 2820 3584 2876; x_wconf 86' lang='lat' dir='ltr'><strong>geramus,</strong></span> <span class='ocrx_word' id='word_1_625' title='bbox 3629 2821 3696 2862; x_wconf 89' lang='lat' dir='ltr'><strong>ac</strong></span> 
     </span>
    </p>
   </div>
   <div class='ocr_carea' id='block_1_90' title="bbox 2104 2895 3695 2956">
    <p class='ocr_par' dir='ltr' id='par_1_90' title="bbox 2104 2895 3695 2956">
     <span class='ocr_line' id='line_1_90' title="bbox 2104 2895 3695 2956; baseline -0.004 0"><span class='ocrx_word' id='word_1_626' title='bbox 2104 2901 2456 2956; x_wconf 89' lang='lat' dir='ltr'><strong>debitoribus</strong></span> <span class='ocrx_word' id='word_1_627' title='bbox 2483 2899 2688 2953; x_wconf 89' lang='lat' dir='ltr'><strong>nostris</strong></span> <span class='ocrx_word' id='word_1_628' title='bbox 2714 2898 2900 2952; x_wconf 88' lang='lat' dir='ltr'><strong>debita</strong></span> <span class='ocrx_word' id='word_1_629' title='bbox 2930 2897 3274 2950; x_wconf 87' lang='lat' dir='ltr'><strong>dimittamus</strong></span> <span class='ocrx_word' id='word_1_630' title='bbox 3299 2915 3311 2949; x_wconf 91' lang='lat'>:</span> <span class='ocrx_word' id='word_1_631' title='bbox 3345 2895 3402 2949; x_wconf 82' lang='lat' dir='ltr'><strong>Si</strong></span> <span class='ocrx_word' id='word_1_632' title='bbox 3425 2898 3562 2950; x_wconf 82' lang='lat' dir='ltr'><strong>enim</strong></span> <span class='ocrx_word' id='word_1_633' title='bbox 3591 2913 3695 2950; x_wconf 84' lang='lat' dir='ltr'><strong>non</strong></span> 
     </span>
    </p>
   </div>
   <div class='ocr_carea' id='block_1_91' title="bbox 2105 2989 3697 3060">
    <p class='ocr_par' dir='ltr' id='par_1_91' title="bbox 2105 2989 3697 3060">
     <span class='ocr_line' id='line_1_91' title="bbox 2105 2989 3697 3060; baseline -0.003 -13"><span class='ocrx_word' id='word_1_634' title='bbox 2105 2994 2437 3055; x_wconf 79' lang='lat' dir='ltr'><strong>dimiseritis,</strong></span> <span class='ocrx_word' id='word_1_635' title='bbox 2483 2989 2698 3060; x_wconf 89' lang='lat' dir='ltr'><strong>inquit,</strong></span> <span class='ocrx_word' id='word_1_636' title='bbox 2740 2989 3034 3043; x_wconf 79' lang='lat' dir='ltr'><strong>hominibus</strong></span> <span class='ocrx_word' id='word_1_637' title='bbox 3082 2996 3294 3058; x_wconf 77' lang='lat' dir='ltr'><strong>peccata</strong></span> <span class='ocrx_word' id='word_1_638' title='bbox 3345 3005 3557 3054; x_wconf 73' lang='lat' dir='ltr'><strong>eorum,</strong></span> <span class='ocrx_word' id='word_1_639' title='bbox 3593 3005 3697 3044; x_wconf 72' lang='lat' dir='ltr'><strong>nec</strong></span> 
     </span>
    </p>
   </div>
   <div class='ocr_carea' id='block_1_92' title="bbox 2107 3080 3696 3144">
    <p class='ocr_par' dir='ltr' id='par_1_92' title="bbox 2107 3080 3696 3144">
     <span class='ocr_line' id='line_1_92' title="bbox 2107 3080 3696 3144; baseline -0.002 -6"><span class='ocrx_word' id='word_1_640' title='bbox 2107 3085 2270 3139; x_wconf 85' lang='lat' dir='ltr'><strong>Pater</strong></span> <span class='ocrx_word' id='word_1_641' title='bbox 2295 3091 2464 3137; x_wconf 81' lang='lat' dir='ltr'><strong>vester</strong></span> <span class='ocrx_word' id='word_1_642' title='bbox 2491 3081 2710 3135; x_wconf 74' lang='lat' dir='ltr'><strong>caelestis</strong></span> <span class='ocrx_word' id='word_1_643' title='bbox 2745 3080 2970 3134; x_wconf 80' lang='lat' dir='ltr'><strong>dimittet</strong></span> <span class='ocrx_word' id='word_1_644' title='bbox 3008 3080 3145 3132; x_wconf 80' lang='lat' dir='ltr'><strong>vobis</strong></span> <span class='ocrx_word' id='word_1_645' title='bbox 3165 3081 3240 3144; x_wconf 76' lang='lat'><strong>88;</strong></span> <span class='ocrx_word' id='word_1_646' title='bbox 3281 3089 3343 3134; x_wconf 90' lang='lat' dir='ltr'><strong>ut</strong></span> <span class='ocrx_word' id='word_1_647' title='bbox 3373 3096 3483 3133; x_wconf 91' lang='lat' dir='ltr'><strong>non</strong></span> <span class='ocrx_word' id='word_1_648' title='bbox 3518 3081 3696 3135; x_wconf 89' lang='lat' dir='ltr'><strong>solum</strong></span> 
     </span>
    </p>
   </div>
   <div class='ocr_carea' id='block_1_93' title="bbox 2108 3173 3698 3243">
    <p class='ocr_par' dir='ltr' id='par_1_93' title="bbox 2108 3173 3698 3243">
     <span class='ocr_line' id='line_1_93' title="bbox 2108 3173 3698 3243; baseline -0.002 -12"><span class='ocrx_word' id='word_1_649' title='bbox 2108 3177 2437 3231; x_wconf 87' lang='lat' dir='ltr'><strong>delictorum</strong></span> <span class='ocrx_word' id='word_1_650' title='bbox 2462 3175 2681 3229; x_wconf 88' lang='lat' dir='ltr'><strong>veniam</strong></span> <span class='ocrx_word' id='word_1_651' title='bbox 2708 3188 3135 3242; x_wconf 85' lang='lat' dir='ltr'><strong>consequamur,</strong></span> <span class='ocrx_word' id='word_1_652' title='bbox 3160 3188 3351 3226; x_wconf 87' lang='lat' dir='ltr'><strong>verum</strong></span> <span class='ocrx_word' id='word_1_653' title='bbox 3377 3173 3542 3227; x_wconf 91' lang='lat' dir='ltr'><strong>etiam</strong></span> <span class='ocrx_word' id='word_1_654' title='bbox 3571 3189 3698 3243; x_wconf 88' lang='lat' dir='ltr'><strong>pec-</strong></span> 
     </span>
    </p>
   </div>
   <div class='ocr_carea' id='block_1_94' title="bbox 2109 3265 3698 3338">
    <p class='ocr_par' dir='ltr' id='par_1_94' title="bbox 2109 3265 3698 3338">
     <span class='ocr_line' id='line_1_94' title="bbox 2109 3265 3698 3338; baseline -0.001 -17"><span class='ocrx_word' id='word_1_655' title='bbox 2109 3269 2214 3322; x_wconf 89' lang='lat' dir='ltr'><strong>cati</strong></span> <span class='ocrx_word' id='word_1_656' title='bbox 2249 3269 2425 3338; x_wconf 85' lang='lat' dir='ltr'><strong>legem</strong></span> <span class='ocrx_word' id='word_1_657' title='bbox 2457 3268 2765 3330; x_wconf 87' lang='lat' dir='ltr'><strong>vincamus,</strong></span> <span class='ocrx_word' id='word_1_658' title='bbox 2798 3279 2939 3334; x_wconf 88' lang='lat' dir='ltr'><strong>quos</strong></span> <span class='ocrx_word' id='word_1_659' title='bbox 2968 3265 3114 3318; x_wconf 88' lang='lat' dir='ltr'><strong>Deus</strong></span> <span class='ocrx_word' id='word_1_660' title='bbox 3148 3279 3259 3318; x_wconf 87' lang='lat' dir='ltr'><strong>non</strong></span> <span class='ocrx_word' id='word_1_661' title='bbox 3293 3265 3513 3319; x_wconf 90' lang='lat' dir='ltr'><strong>deserat</strong></span> <span class='ocrx_word' id='word_1_662' title='bbox 3546 3276 3607 3318; x_wconf 90' lang='lat' dir='ltr'><strong>ut</strong></span> <span class='ocrx_word' id='word_1_663' title='bbox 3642 3266 3698 3319; x_wconf 89' lang='lat' dir='ltr'><strong>in</strong></span> 
     </span>
    </p>
   </div>
   <div class='ocr_carea' id='block_1_95' title="bbox 2107 3357 3698 3427">
    <p class='ocr_par' dir='ltr' id='par_1_95' title="bbox 2107 3357 3698 3427">
     <span class='ocr_line' id='line_1_95' title="bbox 2107 3357 3698 3427; baseline -0.001 -14"><span class='ocrx_word' id='word_1_664' title='bbox 2107 3359 2255 3414; x_wconf 90' lang='lat' dir='ltr'><strong>illius</strong></span> <span class='ocrx_word' id='word_1_665' title='bbox 2297 3361 2655 3414; x_wconf 87' lang='lat' dir='ltr'><strong>teutationem</strong></span> <span class='ocrx_word' id='word_1_666' title='bbox 2692 3359 2992 3421; x_wconf 88' lang='lat' dir='ltr'><strong>intremus;</strong></span> <span class='ocrx_word' id='word_1_667' title='bbox 3035 3357 3264 3427; x_wconf 85' lang='lat' dir='ltr'><strong>ejusque</strong></span> <span class='ocrx_word' id='word_1_668' title='bbox 3295 3357 3698 3426; x_wconf 88' lang='lat' dir='ltr'><strong>ncquissimum</strong></span> 
     </span>
    </p>
   </div>
   <div class='ocr_carea' id='block_1_96' title="bbox 2107 3448 3698 3522">
    <p class='ocr_par' dir='ltr' id='par_1_96' title="bbox 2107 3448 3698 3522">
     <span class='ocr_line' id='line_1_96' title="bbox 2107 3448 3698 3522; baseline -0.003 -17"><span class='ocrx_word' id='word_1_669' title='bbox 2107 3460 2395 3522; x_wconf 90' lang='lat' dir='ltr'><strong>parentem</strong></span> <span class='ocrx_word' id='word_1_670' title='bbox 2430 3452 2764 3522; x_wconf 89' lang='lat' dir='ltr'><strong>(serpentem</strong></span> <span class='ocrx_word' id='word_1_671' title='bbox 2801 3450 3011 3502; x_wconf 89' lang='lat' dir='ltr'><strong>scilicet</strong></span> <span class='ocrx_word' id='word_1_672' title='bbox 3034 3448 3098 3512; x_wconf 83' lang='grc'><strong>³⁹,</strong></span> <span class='ocrx_word' id='word_1_673' title='bbox 3128 3463 3157 3500; x_wconf 94' lang='lat' dir='ltr'><strong>a</strong></span> <span class='ocrx_word' id='word_1_674' title='bbox 3187 3463 3298 3517; x_wconf 91' lang='lat' dir='ltr'><strong>quo</strong></span> <span class='ocrx_word' id='word_1_675' title='bbox 3333 3462 3436 3502; x_wconf 88' lang='lat' dir='ltr'><strong>nos</strong></span> <span class='ocrx_word' id='word_1_676' title='bbox 3470 3448 3698 3501; x_wconf 90' lang='lat' dir='ltr'><strong>liberari</strong></span> 
     </span>
    </p>
   </div>
   <div class='ocr_carea' id='block_1_97' title="bbox 2107 3538 3696 3612">
    <p class='ocr_par' dir='ltr' id='par_1_97' title="bbox 2107 3538 3696 3612">
     <span class='ocr_line' id='line_1_97' title="bbox 2107 3538 3696 3612; baseline -0.001 -18"><span class='ocrx_word' id='word_1_677' title='bbox 2107 3543 2384 3612; x_wconf 87' lang='lat' dir='ltr'><strong>rogamus)</strong></span> <span class='ocrx_word' id='word_1_678' title='bbox 2407 3550 2785 3610; x_wconf 86' lang='lat' dir='ltr'><strong>proteramus;</strong></span> <span class='ocrx_word' id='word_1_679' title='bbox 2808 3538 3050 3604; x_wconf 86' lang='lat' dir='ltr'><strong>Christo,</strong></span> <span class='ocrx_word' id='word_1_680' title='bbox 3070 3539 3164 3608; x_wconf 92' lang='lat' dir='ltr'><strong>qui</strong></span> <span class='ocrx_word' id='word_1_681' title='bbox 3186 3539 3452 3592; x_wconf 90' lang='lat' dir='ltr'><strong>mundum</strong></span> <span class='ocrx_word' id='word_1_682' title='bbox 3475 3539 3608 3593; x_wconf 84' lang='lat' dir='ltr'><strong>vicit</strong></span> <span class='ocrx_word' id='word_1_683' title='bbox 3626 3539 3696 3606; x_wconf 68' lang='lat'><strong>‘°,</strong></span> 
     </span>
    </p>
   </div>
   <div class='ocr_carea' id='block_1_98' title="bbox 2105 3631 3694 3701">
    <p class='ocr_par' dir='ltr' id='par_1_98' title="bbox 2105 3631 3694 3701">
     <span class='ocr_line' id='line_1_98' title="bbox 2105 3631 3694 3701; baseline -0.001 -14"><span class='ocrx_word' id='word_1_684' title='bbox 2105 3634 2268 3687; x_wconf 90' lang='lat' dir='ltr'><strong>nobis</strong></span> <span class='ocrx_word' id='word_1_685' title='bbox 2321 3633 2460 3687; x_wconf 89' lang='lat' dir='ltr'><strong>duce</strong></span> <span class='ocrx_word' id='word_1_686' title='bbox 2513 3649 2576 3686; x_wconf 89' lang='lat' dir='ltr'><strong>ac</strong></span> <span class='ocrx_word' id='word_1_687' title='bbox 2630 3633 2998 3701; x_wconf 86' lang='lat' dir='ltr'><strong>imperatore,</strong></span> <span class='ocrx_word' id='word_1_688' title='bbox 3040 3646 3257 3684; x_wconf 89' lang='lat' dir='ltr'><strong>necnon</strong></span> <span class='ocrx_word' id='word_1_689' title='bbox 3311 3631 3694 3685; x_wconf 89' lang='lat' dir='ltr'><strong>mandatorum</strong></span> 
     </span>
    </p>
   </div>
   <div class='ocr_carea' id='block_1_99' title="bbox 2106 3721 3698 3795">
    <p class='ocr_par' dir='ltr' id='par_1_99' title="bbox 2106 3721 3698 3795">
     <span class='ocr_line' id='line_1_99' title="bbox 2106 3721 3698 3795; baseline -0.003 -16"><span class='ocrx_word' id='word_1_690' title='bbox 2106 3725 2262 3780; x_wconf 87' lang='lat' dir='ltr'><strong>scitis</strong></span> <span class='ocrx_word' id='word_1_691' title='bbox 2297 3725 2454 3795; x_wconf 90' lang='lat' dir='ltr'><strong>quasi</strong></span> <span class='ocrx_word' id='word_1_692' title='bbox 2491 3723 2660 3778; x_wconf 91' lang='lat' dir='ltr'><strong>armis</strong></span> <span class='ocrx_word' id='word_1_693' title='bbox 2694 3723 3036 3786; x_wconf 86' lang='lat' dir='ltr'><strong>instruente;</strong></span> <span class='ocrx_word' id='word_1_694' title='bbox 3077 3721 3428 3791; x_wconf 76' lang='lat' dir='ltr'><strong>legitimoque</strong></span> <span class='ocrx_word' id='word_1_695' title='bbox 3466 3722 3698 3792; x_wconf 88' lang='lat' dir='ltr'><strong>abjectis</strong></span> 
     </span>
    </p>
   </div>
   <div class='ocr_carea' id='block_1_100' title="bbox 2106 3812 3696 3885">
    <p class='ocr_par' dir='ltr' id='par_1_100' title="bbox 2106 3812 3696 3885">
     <span class='ocr_line' id='line_1_100' title="bbox 2106 3812 3696 3885; baseline -0.001 -15"><span class='ocrx_word' id='word_1_696' title='bbox 2106 3815 2623 3885; x_wconf 86' lang='lat' dir='ltr'><strong>perturbationibus</strong></span> <span class='ocrx_word' id='word_1_697' title='bbox 2668 3824 2832 3883; x_wconf 88' lang='lat' dir='ltr'><strong>atque</strong></span> <span class='ocrx_word' id='word_1_698' title='bbox 2877 3812 3056 3876; x_wconf 81' lang='lat' dir='ltr'><strong>vitiis,</strong></span> <span class='ocrx_word' id='word_1_699' title='bbox 3100 3812 3415 3867; x_wconf 87' lang='lat' dir='ltr'><strong>dilectionis</strong></span> <span class='ocrx_word' id='word_1_700' title='bbox 3460 3813 3696 3868; x_wconf 88' lang='lat' dir='ltr'><strong>vinculis</strong></span> 
     </span>
    </p>
   </div>
   <div class='ocr_carea' id='block_1_101' title="bbox 2105 3904 3698 3975">
    <p class='ocr_par' dir='ltr' id='par_1_101' title="bbox 2105 3904 3698 3975">
     <span class='ocr_line' id='line_1_101' title="bbox 2105 3904 3698 3975; baseline -0.001 -15"><span class='ocrx_word' id='word_1_701' title='bbox 2105 3915 2361 3961; x_wconf 92' lang='lat' dir='ltr'><strong>naturam</strong></span> <span class='ocrx_word' id='word_1_702' title='bbox 2411 3907 2518 3961; x_wconf 90' lang='lat' dir='ltr'><strong>sibi</strong></span> <span class='ocrx_word' id='word_1_703' title='bbox 2563 3905 2922 3975; x_wconf 85' lang='lat' dir='ltr'><strong>astringente,</strong></span> <span class='ocrx_word' id='word_1_704' title='bbox 2961 3916 3124 3974; x_wconf 88' lang='lat' dir='ltr'><strong>atque</strong></span> <span class='ocrx_word' id='word_1_705' title='bbox 3171 3904 3239 3958; x_wconf 91' lang='lat' dir='ltr'><strong>ad</strong></span> <span class='ocrx_word' id='word_1_706' title='bbox 3277 3915 3366 3969; x_wconf 90' lang='lat' dir='ltr'><strong>&#39;se,</strong></span> <span class='ocrx_word' id='word_1_707' title='bbox 3401 3905 3494 3973; x_wconf 89' lang='lat' dir='ltr'><strong>qui</strong></span> <span class='ocrx_word' id='word_1_708' title='bbox 3539 3904 3698 3973; x_wconf 87' lang='lat' dir='ltr'><strong>panis</strong></span> 
     </span>
    </p>
   </div>
   <div class='ocr_carea' id='block_1_102' title="bbox 2105 3994 3695 4066">
    <p class='ocr_par' dir='ltr' id='par_1_102' title="bbox 2105 3994 3695 4066">
     <span class='ocr_line' id='line_1_102' title="bbox 2105 3994 3695 4066; baseline -0.002 -15"><span class='ocrx_word' id='word_1_709' title='bbox 2105 3997 2250 4061; x_wconf 81' lang='lat' dir='ltr'><strong>vitae,</strong></span> <span class='ocrx_word' id='word_1_710' title='bbox 2278 3997 2674 4066; x_wconf 54' lang='lat' dir='ltr'><strong>sapientiaeque</strong></span> <span class='ocrx_word' id='word_1_711' title='bbox 2703 4004 2760 4050; x_wconf 88' lang='lat' dir='ltr'><strong>et</strong></span> <span class='ocrx_word' id='word_1_712' title='bbox 2793 3995 3038 4050; x_wconf 74' lang='lat' dir='ltr'><strong>scientia:</strong></span> <span class='ocrx_word' id='word_1_713' title='bbox 3067 4011 3130 4048; x_wconf 91' lang='lat' dir='ltr'><strong>ac</strong></span> <span class='ocrx_word' id='word_1_714' title='bbox 3162 3994 3390 4064; x_wconf 78' lang='lat' dir='ltr'><strong>justitize</strong></span> <span class='ocrx_word' id='word_1_715' title='bbox 3424 3996 3516 4061; x_wconf 91' lang='lat' dir='ltr'><strong>sit,</strong></span> <span class='ocrx_word' id='word_1_716' title='bbox 3547 3995 3695 4049; x_wconf 84' lang='lat' dir='ltr'><strong>insa-</strong></span> 
     </span>
    </p>
   </div>
   <div class='ocr_carea' id='block_1_103' title="bbox 2107 4088 3694 4158">
    <p class='ocr_par' dir='ltr' id='par_1_103' title="bbox 2107 4088 3694 4158">
     <span class='ocr_line' id='line_1_103' title="bbox 2107 4088 3694 4158; baseline 0 -16"><span class='ocrx_word' id='word_1_717' title='bbox 2107 4089 2285 4143; x_wconf 90' lang='lat' dir='ltr'><strong>tiabili</strong></span> <span class='ocrx_word' id='word_1_718' title='bbox 2319 4089 2599 4143; x_wconf 90' lang='lat' dir='ltr'><strong>desiderio</strong></span> <span class='ocrx_word' id='word_1_719' title='bbox 2633 4088 2934 4158; x_wconf 88' lang='lat' dir='ltr'><strong>appetitum</strong></span> <span class='ocrx_word' id='word_1_720' title='bbox 2970 4096 3222 4142; x_wconf 91' lang='lat' dir='ltr'><strong>nostrum</strong></span> <span class='ocrx_word' id='word_1_721' title='bbox 3259 4088 3559 4151; x_wconf 88' lang='lat' dir='ltr'><strong>illicientc;</strong></span> <span class='ocrx_word' id='word_1_722' title='bbox 3597 4102 3694 4151; x_wconf 89' lang='lat' dir='ltr'><strong>ac,</strong></span> 
     </span>
    </p>
   </div>
   <div class='ocr_carea' id='block_1_104' title="bbox 2107 4177 3698 4248">
    <p class='ocr_par' dir='ltr' id='par_1_104' title="bbox 2107 4177 3698 4248">
     <span class='ocr_line' id='line_1_104' title="bbox 2107 4177 3698 4248; baseline -0.001 -15"><span class='ocrx_word' id='word_1_723' title='bbox 2107 4179 2202 4248; x_wconf 89' lang='lat' dir='ltr'><strong>qui</strong></span> <span class='ocrx_word' id='word_1_724' title='bbox 2239 4180 2418 4234; x_wconf 83' lang='lat' dir='ltr'><strong>Patris</strong></span> <span class='ocrx_word' id='word_1_725' title='bbox 2451 4179 2791 4233; x_wconf 88' lang='lat' dir='ltr'><strong>voluntatem</strong></span> <span class='ocrx_word' id='word_1_726' title='bbox 2827 4177 3261 4248; x_wconf 87' lang='lat' dir='ltr'><strong>adimpleamus,</strong></span> <span class='ocrx_word' id='word_1_727' title='bbox 3295 4193 3456 4248; x_wconf 89' lang='lat' dir='ltr'><strong>pares</strong></span> <span class='ocrx_word' id='word_1_728' title='bbox 3490 4178 3698 4248; x_wconf 86' lang='lat' dir='ltr'><strong>angelis</strong></span> 
     </span>
    </p>
   </div>
   <div class='ocr_carea' id='block_1_105' title="bbox 2109 4268 3697 4334">
    <p class='ocr_par' dir='ltr' id='par_1_105' title="bbox 2109 4268 3697 4334">
     <span class='ocr_line' id='line_1_105' title="bbox 2109 4268 3697 4334; baseline 0 -10"><span class='ocrx_word' id='word_1_729' title='bbox 2109 4271 2354 4326; x_wconf 90' lang='lat' dir='ltr'><strong>cultores</strong></span> <span class='ocrx_word' id='word_1_730' title='bbox 2383 4287 2448 4325; x_wconf 89' lang='lat' dir='ltr'><strong>ac</strong></span> <span class='ocrx_word' id='word_1_731' title='bbox 2480 4271 2804 4325; x_wconf 88' lang='lat' dir='ltr'><strong>adoratores</strong></span> <span class='ocrx_word' id='word_1_732' title='bbox 2837 4269 3127 4334; x_wconf 88' lang='lat' dir='ltr'><strong>reddente,</strong></span> <span class='ocrx_word' id='word_1_733' title='bbox 3159 4268 3428 4324; x_wconf 89' lang='lat' dir='ltr'><strong>institutis</strong></span> <span class='ocrx_word' id='word_1_734' title='bbox 3451 4270 3576 4323; x_wconf 84' lang='lat' dir='ltr'><strong>vitae</strong></span> <span class='ocrx_word' id='word_1_735' title='bbox 3607 4285 3697 4324; x_wconf 88' lang='lat' dir='ltr'><strong>ra-</strong></span> 
     </span>
    </p>
   </div>
   <div class='ocr_carea' id='block_1_106' title="bbox 2109 4361 3697 4432">
    <p class='ocr_par' dir='ltr' id='par_1_106' title="bbox 2109 4361 3697 4432">
     <span class='ocr_line' id='line_1_106' title="bbox 2109 4361 3697 4432; baseline -0.001 -16"><span class='ocrx_word' id='word_1_736' title='bbox 2109 4363 2356 4417; x_wconf 90' lang='lat' dir='ltr'><strong>tionibus</strong></span> <span class='ocrx_word' id='word_1_737' title='bbox 2378 4378 2705 4432; x_wconf 88' lang='lat' dir='ltr'><strong>morumque</strong></span> <span class='ocrx_word' id='word_1_738' title='bbox 2729 4361 3044 4431; x_wconf 89' lang='lat' dir='ltr'><strong>disciplina,</strong></span> <span class='ocrx_word' id='word_1_739' title='bbox 3067 4378 3176 4431; x_wconf 90' lang='lat' dir='ltr'><strong>qua</strong></span> <span class='ocrx_word' id='word_1_740' title='bbox 3206 4361 3285 4415; x_wconf 90' lang='lat' dir='ltr'><strong>illi</strong></span> <span class='ocrx_word' id='word_1_741' title='bbox 3309 4361 3520 4432; x_wconf 89' lang='lat' dir='ltr'><strong>accepti</strong></span> <span class='ocrx_word' id='word_1_742' title='bbox 3547 4370 3697 4427; x_wconf 91' lang='lat' dir='ltr'><strong>sunt,</strong></span> 
     </span>
    </p>
   </div>
   <div class='ocr_carea' id='block_1_107' title="bbox 2107 4455 3700 4525">
    <p class='ocr_par' dir='ltr' id='par_1_107' title="bbox 2107 4455 3700 4525">
     <span class='ocr_line' id='line_1_107' title="bbox 2107 4455 3700 4525; baseline 0.001 -16"><span class='ocrx_word' id='word_1_743' title='bbox 2107 4455 2388 4510; x_wconf 61' lang='lat' dir='ltr'><strong>caelestem</strong></span> <span class='ocrx_word' id='word_1_744' title='bbox 2417 4455 2544 4509; x_wconf 75' lang='lat' dir='ltr'><strong>vitae</strong></span> <span class='ocrx_word' id='word_1_745' title='bbox 2576 4455 2847 4509; x_wconf 90' lang='lat' dir='ltr'><strong>rationem</strong></span> <span class='ocrx_word' id='word_1_746' title='bbox 2883 4455 3147 4524; x_wconf 68' lang='lat' dir='ltr'><strong>prwclare</strong></span> <span class='ocrx_word' id='word_1_747' title='bbox 3179 4456 3500 4510; x_wconf 72' lang='lat' dir='ltr'><strong>mmulantes</strong></span> <span class='ocrx_word' id='word_1_748' title='bbox 3533 4466 3700 4525; x_wconf 90' lang='lat' dir='ltr'><strong>atque</strong></span> 
     </span>
    </p>
   </div>
   <div class='ocr_carea' id='block_1_108' title="bbox 2109 4546 3698 4617">
    <p class='ocr_par' dir='ltr' id='par_1_108' title="bbox 2109 4546 3698 4617">
     <span class='ocr_line' id='line_1_108' title="bbox 2109 4546 3698 4617; baseline -0.001 -16"><span class='ocrx_word' id='word_1_749' title='bbox 2109 4548 2417 4602; x_wconf 89' lang='lat' dir='ltr'><strong>imitatione</strong></span> <span class='ocrx_word' id='word_1_750' title='bbox 2444 4546 2768 4612; x_wconf 89' lang='lat' dir='ltr'><strong>reddentes;</strong></span> <span class='ocrx_word' id='word_1_751' title='bbox 2802 4547 3042 4617; x_wconf 89' lang='lat' dir='ltr'><strong>indeque</strong></span> <span class='ocrx_word' id='word_1_752' title='bbox 3069 4562 3261 4602; x_wconf 90' lang='lat' dir='ltr'><strong>rursus</strong></span> <span class='ocrx_word' id='word_1_753' title='bbox 3284 4547 3351 4600; x_wconf 92' lang='lat' dir='ltr'><strong>ad</strong></span> <span class='ocrx_word' id='word_1_754' title='bbox 3379 4563 3698 4616; x_wconf 90' lang='lat' dir='ltr'><strong>supremum</strong></span> 
     </span>
    </p>
   </div>
   <div class='ocr_carea' id='block_1_109' title="bbox 2111 4637 3696 4708">
    <p class='ocr_par' dir='ltr' id='par_1_109' title="bbox 2111 4637 3696 4708">
     <span class='ocr_line' id='line_1_109' title="bbox 2111 4637 3696 4708; baseline -0.002 -16"><span class='ocrx_word' id='word_1_755' title='bbox 2111 4639 2426 4693; x_wconf 89' lang='lat' dir='ltr'><strong>divinorum</strong></span> <span class='ocrx_word' id='word_1_756' title='bbox 2459 4655 2752 4693; x_wconf 90' lang='lat' dir='ltr'><strong>ascensum</strong></span> <span class='ocrx_word' id='word_1_757' title='bbox 2784 4640 3037 4708; x_wconf 89' lang='lat' dir='ltr'><strong>(Patrem</strong></span> <span class='ocrx_word' id='word_1_758' title='bbox 3073 4639 3286 4693; x_wconf 85' lang='lat' dir='ltr'><strong>scilicet</strong></span> <span class='ocrx_word' id='word_1_759' title='bbox 3317 4638 3591 4691; x_wconf 88' lang='lat' dir='ltr'><strong>luminum</strong></span> <span class='ocrx_word' id='word_1_760' title='bbox 3616 4637 3696 4706; x_wconf 74' lang='lat'><strong>“)</strong></span> 
     </span>
    </p>
   </div>
   <div class='ocr_carea' id='block_1_110' title="bbox 2112 4727 3698 4795">
    <p class='ocr_par' dir='ltr' id='par_1_110' title="bbox 2112 4727 3698 4795">
     <span class='ocr_line' id='line_1_110' title="bbox 2112 4727 3698 4795; baseline 0.001 -13"><span class='ocrx_word' id='word_1_761' title='bbox 2112 4727 2430 4795; x_wconf 90' lang='lat' dir='ltr'><strong>inducente,</strong></span> <span class='ocrx_word' id='word_1_762' title='bbox 2463 4746 2528 4785; x_wconf 90' lang='lat' dir='ltr'><strong>ac</strong></span> <span class='ocrx_word' id='word_1_763' title='bbox 2567 4729 2766 4784; x_wconf 84' lang='lat' dir='ltr'><strong>divinae</strong></span> <span class='ocrx_word' id='word_1_764' title='bbox 2807 4739 3092 4784; x_wconf 80' lang='lat' dir='ltr'><strong>consortes</strong></span> <span class='ocrx_word' id='word_1_765' title='bbox 3135 4737 3343 4782; x_wconf 73' lang='lat' dir='ltr'><strong>naturze</strong></span> <span class='ocrx_word' id='word_1_766' title='bbox 3364 4727 3429 4790; x_wconf 64' lang='grc' dir='ltr'><strong>δ’,</strong></span> <span class='ocrx_word' id='word_1_767' title='bbox 3462 4727 3698 4795; x_wconf 88' lang='lat' dir='ltr'><strong>Spiritus</strong></span> 
     </span>
    </p>
   </div>
   <div class='ocr_carea' id='block_1_111' title="bbox 2109 4819 3697 4892">
    <p class='ocr_par' dir='ltr' id='par_1_111' title="bbox 2109 4819 3697 4892">
     <span class='ocr_line' id='line_1_111' title="bbox 2109 4819 3697 4892; baseline -0.001 -18"><span class='ocrx_word' id='word_1_768' title='bbox 2109 4823 2297 4892; x_wconf 67' lang='lat' dir='ltr'><strong>gratia:</strong></span> <span class='ocrx_word' id='word_1_769' title='bbox 2343 4823 2746 4892; x_wconf 87' lang='lat' dir='ltr'><strong>impartitioue,</strong></span> <span class='ocrx_word' id='word_1_770' title='bbox 2787 4821 3088 4885; x_wconf 86' lang='lat' dir='ltr'><strong>reddente;</strong></span> <span class='ocrx_word' id='word_1_771' title='bbox 3141 4836 3248 4888; x_wconf 88' lang='lat' dir='ltr'><strong>qua</strong></span> <span class='ocrx_word' id='word_1_772' title='bbox 3299 4819 3558 4873; x_wconf 86' lang='lat' dir='ltr'><strong>nimirum</strong></span> <span class='ocrx_word' id='word_1_773' title='bbox 3600 4819 3697 4873; x_wconf 87' lang='lat' dir='ltr'><strong>Dei</strong></span> 
     </span>
    </p>
   </div>
   <div class='ocr_carea' id='block_1_112' title="bbox 2111 4911 3697 4985">
    <p class='ocr_par' dir='ltr' id='par_1_112' title="bbox 2111 4911 3697 4985">
     <span class='ocr_line' id='line_1_112' title="bbox 2111 4911 3697 4985; baseline -0.001 -17"><span class='ocrx_word' id='word_1_774' title='bbox 2111 4915 2208 4969; x_wconf 78' lang='lat' dir='ltr'><strong>filii</strong></span> <span class='ocrx_word' id='word_1_775' title='bbox 2246 4931 2467 4979; x_wconf 84' lang='lat' dir='ltr'><strong>sumus,</strong></span> <span class='ocrx_word' id='word_1_776' title='bbox 2500 4916 2675 4985; x_wconf 92' lang='lat' dir='ltr'><strong>ipsum</strong></span> <span class='ocrx_word' id='word_1_777' title='bbox 2720 4916 2839 4984; x_wconf 86' lang='lat' dir='ltr'><strong>ejus</strong></span> <span class='ocrx_word' id='word_1_778' title='bbox 2879 4914 3010 4967; x_wconf 89' lang='lat' dir='ltr'><strong>doni</strong></span> <span class='ocrx_word' id='word_1_779' title='bbox 3059 4924 3374 4974; x_wconf 81' lang='lat' dir='ltr'><strong>auctorem,</strong></span> <span class='ocrx_word' id='word_1_780' title='bbox 3407 4911 3697 4981; x_wconf 80' lang='lat' dir='ltr'><strong>Patrisque</strong></span> 
     </span>
    </p>
   </div>
   <div class='ocr_carea' id='block_1_113' title="bbox 2110 5004 3699 5061">
    <p class='ocr_par' dir='ltr' id='par_1_113' title="bbox 2110 5004 3699 5061">
     <span class='ocr_line' id='line_1_113' title="bbox 2110 5004 3699 5061; baseline -0.001 -1"><span class='ocrx_word' id='word_1_781' title='bbox 2110 5014 2304 5061; x_wconf 90' lang='lat' dir='ltr'><strong>natura</strong></span> <span class='ocrx_word' id='word_1_782' title='bbox 2335 5008 2533 5061; x_wconf 89' lang='lat' dir='ltr'><strong>Filium</strong></span> <span class='ocrx_word' id='word_1_783' title='bbox 2569 5017 2743 5061; x_wconf 92' lang='lat' dir='ltr'><strong>totum</strong></span> <span class='ocrx_word' id='word_1_784' title='bbox 2781 5007 2880 5061; x_wconf 90' lang='lat' dir='ltr'><strong>toti</strong></span> <span class='ocrx_word' id='word_1_785' title='bbox 2913 5007 3050 5060; x_wconf 86' lang='lat' dir='ltr'><strong>citra</strong></span> <span class='ocrx_word' id='word_1_786' title='bbox 3086 5020 3306 5058; x_wconf 89' lang='lat' dir='ltr'><strong>omnem</strong></span> <span class='ocrx_word' id='word_1_787' title='bbox 3346 5004 3699 5058; x_wconf 83' lang='lat' dir='ltr'><strong>circumscri-</strong></span> 
     </span>
    </p>
   </div>
   <div class='ocr_carea' id='block_1_114' title="bbox 2111 5098 3697 5170">
    <p class='ocr_par' dir='ltr' id='par_1_114' title="bbox 2111 5098 3697 5170">
     <span class='ocr_line' id='line_1_114' title="bbox 2111 5098 3697 5170; baseline -0.004 -15"><span class='ocrx_word' id='word_1_788' title='bbox 2111 5101 2356 5170; x_wconf 89' lang='lat' dir='ltr'><strong>ptionem</strong></span> <span class='ocrx_word' id='word_1_789' title='bbox 2391 5101 2717 5154; x_wconf 84' lang='lat' dir='ltr'><strong>intemerate</strong></span> <span class='ocrx_word' id='word_1_790' title='bbox 2743 5098 3230 5161; x_wconf 76' lang='lat' dir='ltr'><strong>cireun&#39;il‘ereutcs;</strong></span> <span class='ocrx_word' id='word_1_791' title='bbox 3265 5114 3329 5152; x_wconf 82' lang='lat' dir='ltr'><strong>ex</strong></span> <span class='ocrx_word' id='word_1_792' title='bbox 3357 5111 3487 5166; x_wconf 91' lang='lat' dir='ltr'><strong>quo,</strong></span> <span class='ocrx_word' id='word_1_793' title='bbox 3515 5107 3570 5149; x_wconf 94' lang='lat' dir='ltr'><strong>et</strong></span> <span class='ocrx_word' id='word_1_794' title='bbox 3599 5111 3697 5164; x_wconf 90' lang='lat' dir='ltr'><strong>per</strong></span> 
     </span>
    </p>
   </div>
   <div class='ocr_carea' id='block_1_115' title="bbox 2112 5187 3698 5262">
    <p class='ocr_par' dir='ltr' id='par_1_115' title="bbox 2112 5187 3698 5262">
     <span class='ocr_line' id='line_1_115' title="bbox 2112 5187 3698 5262; baseline -0.004 -15"><span class='ocrx_word' id='word_1_795' title='bbox 2112 5209 2296 5262; x_wconf 88' lang='lat' dir='ltr'><strong>quem,</strong></span> <span class='ocrx_word' id='word_1_796' title='bbox 2321 5203 2378 5247; x_wconf 89' lang='lat' dir='ltr'><strong>et</strong></span> <span class='ocrx_word' id='word_1_797' title='bbox 2408 5194 2463 5246; x_wconf 92' lang='lat' dir='ltr'><strong>in</strong></span> <span class='ocrx_word' id='word_1_798' title='bbox 2488 5207 2619 5262; x_wconf 91' lang='lat' dir='ltr'><strong>quo,</strong></span> <span class='ocrx_word' id='word_1_799' title='bbox 2646 5200 2705 5246; x_wconf 88' lang='lat' dir='ltr'><strong>ut</strong></span> <span class='ocrx_word' id='word_1_800' title='bbox 2733 5192 2905 5246; x_wconf 89' lang='lat' dir='ltr'><strong>simus</strong></span> <span class='ocrx_word' id='word_1_801' title='bbox 2931 5198 2986 5245; x_wconf 91' lang='lat' dir='ltr'><strong>et</strong></span> <span class='ocrx_word' id='word_1_802' title='bbox 3010 5203 3328 5242; x_wconf 88' lang='lat' dir='ltr'><strong>moveamur</strong></span> <span class='ocrx_word' id='word_1_803' title='bbox 3362 5196 3523 5256; x_wconf 89' lang='lat' dir='ltr'><strong>atque</strong></span> <span class='ocrx_word' id='word_1_804' title='bbox 3546 5187 3698 5241; x_wconf 89' lang='lat' dir='ltr'><strong>viva-</strong></span> 
     </span>
    </p>
   </div>
   <div class='ocr_carea' id='block_1_116' title="bbox 2112 5282 3275 5341">
    <p class='ocr_par' dir='ltr' id='par_1_116' title="bbox 2112 5282 3275 5341">
     <span class='ocr_line' id='line_1_116' title="bbox 2112 5282 3275 5341; baseline -0.003 -4"><span class='ocrx_word' id='word_1_805' title='bbox 2112 5301 2235 5340; x_wconf 93' lang='lat' dir='ltr'><strong>mus</strong></span> <span class='ocrx_word' id='word_1_806' title='bbox 2255 5285 2300 5316; x_wconf 72' lang='grc'><strong>’⁵³</strong></span> <span class='ocrx_word' id='word_1_807' title='bbox 2327 5295 2381 5339; x_wconf 90' lang='lat' dir='ltr'><strong>et</strong></span> <span class='ocrx_word' id='word_1_808' title='bbox 2412 5285 2679 5341; x_wconf 88' lang='lat' dir='ltr'><strong>habemus</strong></span> <span class='ocrx_word' id='word_1_809' title='bbox 2710 5293 2764 5339; x_wconf 89' lang='lat' dir='ltr'><strong>et</strong></span> <span class='ocrx_word' id='word_1_810' title='bbox 2791 5282 3032 5338; x_wconf 88' lang='lat' dir='ltr'><strong>habituri</strong></span> <span class='ocrx_word' id='word_1_811' title='bbox 3065 5296 3275 5334; x_wconf 87' lang='lat' dir='ltr'><strong>sumus.</strong></span> 
     </span>
    </p>
   </div>
   <div class='ocr_carea' id='block_1_117' title="bbox 2185 5473 3697 5542">
    <p class='ocr_par' dir='ltr' id='par_1_117' title="bbox 2185 5473 3697 5542">
     <span class='ocr_line' id='line_1_117' title="bbox 2185 5473 3697 5542; baseline -0.007 -11"><span class='ocrx_word' id='word_1_812' title='bbox 2185 5477 2265 5531; x_wconf 87' lang='lat' dir='ltr'><strong>Ad</strong></span> <span class='ocrx_word' id='word_1_813' title='bbox 2299 5478 2404 5532; x_wconf 87' lang='lat' dir='ltr'><strong>hoc</strong></span> <span class='ocrx_word' id='word_1_814' title='bbox 2431 5485 2616 5531; x_wconf 89' lang='lat' dir='ltr'><strong>autem</strong></span> <span class='ocrx_word' id='word_1_815' title='bbox 2646 5476 2808 5530; x_wconf 91' lang='lat' dir='ltr'><strong>nobis</strong></span> <span class='ocrx_word' id='word_1_816' title='bbox 2833 5473 3196 5531; x_wconf 83' lang='lat' dir='ltr'><strong>deiﬁcationis</strong></span> <span class='ocrx_word' id='word_1_817' title='bbox 3226 5473 3542 5542; x_wconf 77' lang='lat' dir='ltr'><strong>mysterium</strong></span> <span class='ocrx_word' id='word_1_818' title='bbox 3579 5483 3697 5536; x_wconf 82' lang='lat' dir='ltr'><strong>spe.-</strong></span> 
     </span>
    </p>
   </div>
   <div class='ocr_carea' id='block_1_118' title="bbox 2118 5563 3698 5637">
    <p class='ocr_par' dir='ltr' id='par_1_118' title="bbox 2118 5563 3698 5637">
     <span class='ocr_line' id='line_1_118' title="bbox 2118 5563 3698 5637; baseline -0.006 -14"><span class='ocrx_word' id='word_1_819' title='bbox 2118 5578 2229 5623; x_wconf 90' lang='lat' dir='ltr'><strong>ctet</strong></span> <span class='ocrx_word' id='word_1_820' title='bbox 2255 5569 2527 5624; x_wconf 83' lang='lat' dir='ltr'><strong>orationis</strong></span> <span class='ocrx_word' id='word_1_821' title='bbox 2545 5584 2764 5637; x_wconf 73' lang='lat' dir='ltr'><strong>scepus,</strong></span> <span class='ocrx_word' id='word_1_822' title='bbox 2793 5578 2853 5623; x_wconf 92' lang='lat' dir='ltr'><strong>ut</strong></span> <span class='ocrx_word' id='word_1_823' title='bbox 2882 5567 3205 5622; x_wconf 86' lang='lat' dir='ltr'><strong>noverimus</strong></span> <span class='ocrx_word' id='word_1_824' title='bbox 3232 5565 3392 5637; x_wconf 81' lang='lat'><strong>365</strong></span> <span class='ocrx_word' id='word_1_825' title='bbox 3417 5563 3603 5634; x_wconf 88' lang='lat' dir='ltr'><strong>quales</strong></span> <span class='ocrx_word' id='word_1_826' title='bbox 3631 5576 3698 5616; x_wconf 77' lang='lat' dir='ltr'><strong>ex</strong></span> 
     </span>
    </p>
   </div>
   <div class='ocr_carea' id='block_1_119' title="bbox 2192 5704 3694 5787">
    <p class='ocr_par' dir='ltr' id='par_1_119' title="bbox 2192 5704 3694 5787">
     <span class='ocr_line' id='line_1_119' title="bbox 2192 5704 3694 5787; baseline 0.003 -23"><span class='ocrx_word' id='word_1_827' title='bbox 2192 5710 2233 5787; x_wconf 78' lang='lat'><strong>_“</strong></span> <span class='ocrx_word' id='word_1_828' title='bbox 2272 5710 2387 5766; x_wconf 80' lang='lat' dir='ltr'><strong>Jac.</strong></span> <span class='ocrx_word' id='word_1_829' title='bbox 2425 5725 2460 5777; x_wconf 86' lang='grc' dir='ltr'><strong>ι,</strong></span> <span class='ocrx_word' id='word_1_830' title='bbox 2489 5712 2576 5766; x_wconf 81' lang='grc'><strong>17.</strong></span> <span class='ocrx_word' id='word_1_831' title='bbox 2677 5712 2720 5744; x_wconf 73' lang='grc' dir='ltr'><strong>δ’</strong></span> <span class='ocrx_word' id='word_1_832' title='bbox 2753 5710 2798 5766; x_wconf 91' lang='lat' dir='ltr'><strong>ll</strong></span> <span class='ocrx_word' id='word_1_833' title='bbox 2828 5711 2976 5765; x_wconf 90' lang='lat' dir='ltr'><strong>Petr.</strong></span> <span class='ocrx_word' id='word_1_834' title='bbox 3008 5726 3044 5774; x_wconf 82' lang='grc' dir='ltr'><strong>ι,</strong></span> <span class='ocrx_word' id='word_1_835' title='bbox 3073 5709 3125 5763; x_wconf 74' lang='grc'><strong>4.</strong></span> <span class='ocrx_word' id='word_1_836' title='bbox 3205 5707 3394 5760; x_wconf 76' lang='lat' dir='ltr'><strong>&quot;Act.</strong></span> <span class='ocrx_word' id='word_1_837' title='bbox 3431 5719 3556 5769; x_wconf 66' lang='lat' dir='ltr'><strong>XVII.</strong></span> <span class='ocrx_word' id='word_1_838' title='bbox 3599 5704 3694 5757; x_wconf 68' lang='lat'><strong>‘33-</strong></span> 
     </span>
    </p>
   </div>
   <div class='ocr_carea' id='block_1_120' title="bbox 3274 5797 3352 5861">
    <p class='ocr_par' dir='ltr' id='par_1_120' title="bbox 3274 5797 3352 5861">
     <span class='ocr_line' id='line_1_120' title="bbox 3274 5797 3352 5861; baseline 0.026 -2"><span class='ocrx_word' id='word_1_839' title='bbox 3274 5797 3352 5861; x_wconf 76' lang='lat'><strong>29</strong></span> 
     </span>
    </p>
   </div>
  </div>
