  <div class='ocr_page' id='page_1' title='image "/cluster/home/n/w/nwhite01/storage/ocr_20150623/90:no.1/coo.31924054869940/469.png"; bbox 0 0 4070 6410; ppageno 0'>
   <div class='ocr_carea' id='block_1_1' title="bbox 507 294 613 350">
    <p class='ocr_par' dir='ltr' id='par_1_1' title="bbox 507 294 613 350">
     <span class='ocr_line' id='line_1_1' title="bbox 507 294 613 350; baseline 0 0"><span class='ocrx_word' id='word_1_1' title='bbox 507 294 613 350; x_wconf 81' lang='lat'><strong>907</strong></span> 
     </span>
    </p>
   </div>
   <div class='ocr_carea' id='block_1_2' title="bbox 1680 293 2622 358">
    <p class='ocr_par' dir='ltr' id='par_1_2' title="bbox 1680 293 2622 358">
     <span class='ocr_line' id='line_1_2' title="bbox 1680 293 2622 358; baseline 0.003 -3"><span class='ocrx_word' id='word_1_2' title='bbox 1680 295 1741 355; x_wconf 93' lang='lat' dir='ltr'><strong>S.</strong></span> <span class='ocrx_word' id='word_1_3' title='bbox 1782 294 2072 356; x_wconf 83' lang='lat' dir='ltr'><strong>MAXIMI</strong></span> <span class='ocrx_word' id='word_1_4' title='bbox 2109 293 2622 358; x_wconf 85' lang='lat' dir='ltr'><strong>CONFESSORIS</strong></span> 
     </span>
    </p>
   </div>
   <div class='ocr_carea' id='block_1_3' title="bbox 3685 300 3788 366">
    <p class='ocr_par' dir='ltr' id='par_1_3' title="bbox 3685 300 3788 366">
     <span class='ocr_line' id='line_1_3' title="bbox 3685 300 3788 366; baseline -0.01 0"><span class='ocrx_word' id='word_1_5' title='bbox 3685 300 3788 366; x_wconf 75' lang='lat'><strong>908</strong></span> 
     </span>
    </p>
   </div>
   <div class='ocr_carea' id='block_1_4' title="bbox 502 395 2083 479">
    <p class='ocr_par' dir='ltr' id='par_1_4' title="bbox 502 395 2083 470">
     <span class='ocr_line' id='line_1_4' title="bbox 502 395 2083 470; baseline 0.003 -19"><span class='ocrx_word' id='word_1_6' title='bbox 502 397 712 468; x_wconf 80' lang='lat' dir='ltr'><strong>quibus</strong></span> <span class='ocrx_word' id='word_1_7' title='bbox 741 395 1021 469; x_wconf 81' lang='lat' dir='ltr'><strong>Unigenlti</strong></span> <span class='ocrx_word' id='word_1_8' title='bbox 1055 412 1158 455; x_wconf 89' lang='lat' dir='ltr'><strong>nos</strong></span> <span class='ocrx_word' id='word_1_9' title='bbox 1188 412 1289 470; x_wconf 87' lang='lat' dir='ltr'><strong>per</strong></span> <span class='ocrx_word' id='word_1_10' title='bbox 1319 413 1547 456; x_wconf 88' lang='lat' dir='ltr'><strong>carnem</strong></span> <span class='ocrx_word' id='word_1_11' title='bbox 1575 400 1884 457; x_wconf 79' lang='lat' dir='ltr'><strong>exinanitio</strong></span> <span class='ocrx_word' id='word_1_12' title='bbox 1910 400 2083 459; x_wconf 85' lang='lat' dir='ltr'><strong>reddi-</strong></span> 
     </span>
    </p>
   </div>
   <div class='ocr_carea' id='block_1_5' title="bbox 2183 395 3783 479">
    <p class='ocr_par' dir='ltr' id='par_1_5' title="bbox 2203 400 3783 479">
     <span class='ocr_line' id='line_1_5' title="bbox 2203 400 3783 479; baseline 0.006 -24"><span class='ocrx_word' id='word_1_13' title='bbox 2203 400 2320 457; x_wconf 82' lang='grc' dir='ltr'>ἀνθ’</span> <span class='ocrx_word' id='word_1_14' title='bbox 2344 402 2508 467; x_wconf 79' lang='grc' dir='ltr'>οἵων,</span> <span class='ocrx_word' id='word_1_15' title='bbox 2563 402 2710 467; x_wconf 84' lang='grc' dir='ltr'>οῐους</span> <span class='ocrx_word' id='word_1_16' title='bbox 2761 404 2911 473; x_wconf 80' lang='grc' dir='ltr'>ἡμᾶς</span> <span class='ocrx_word' id='word_1_17' title='bbox 2960 407 2995 478; x_wconf 88' lang='grc' dir='ltr'><strong>ἡ</strong></span> <span class='ocrx_word' id='word_1_18' title='bbox 3037 405 3127 462; x_wconf 85' lang='grc' dir='ltr'><strong>διά</strong></span> <span class='ocrx_word' id='word_1_19' title='bbox 3171 406 3372 479; x_wconf 84' lang='grc' dir='ltr'>σαρκὸς</span> <span class='ocrx_word' id='word_1_20' title='bbox 3412 408 3647 473; x_wconf 78' lang='grc' dir='ltr'><strong>κένωσις</strong></span> <span class='ocrx_word' id='word_1_21' title='bbox 3690 410 3783 464; x_wconf 89' lang='grc' dir='ltr'><strong>τοῦ</strong></span> 
     </span>
    </p>
   </div>
   <div class='ocr_carea' id='block_1_6' title="bbox 503 489 2094 565">
    <p class='ocr_par' dir='ltr' id='par_1_6' title="bbox 503 489 2094 565">
     <span class='ocr_line' id='line_1_6' title="bbox 503 489 2094 565; baseline 0.001 -18"><span class='ocrx_word' id='word_1_22' title='bbox 503 489 680 555; x_wconf 83' lang='lat' dir='ltr'><strong>derit,</strong></span> <span class='ocrx_word' id='word_1_23' title='bbox 711 505 777 545; x_wconf 87' lang='lat' dir='ltr'><strong>ac</strong></span> <span class='ocrx_word' id='word_1_24' title='bbox 800 489 968 556; x_wconf 90' lang='lat' dir='ltr'><strong>unde,</strong></span> <span class='ocrx_word' id='word_1_25' title='bbox 992 505 1104 561; x_wconf 90' lang='lat' dir='ltr'><strong>quo</strong></span> <span class='ocrx_word' id='word_1_26' title='bbox 1136 489 1254 561; x_wconf 87' lang='lat' dir='ltr'><strong>(qui</strong></span> <span class='ocrx_word' id='word_1_27' title='bbox 1282 490 1527 547; x_wconf 80' lang='lat' dir='ltr'><strong>inﬁmam</strong></span> <span class='ocrx_word' id='word_1_28' title='bbox 1556 507 1747 548; x_wconf 90' lang='lat' dir='ltr'><strong>rerum</strong></span> <span class='ocrx_word' id='word_1_29' title='bbox 1772 492 1939 565; x_wconf 82' lang='lat' dir='ltr'><strong>hujus</strong></span> <span class='ocrx_word' id='word_1_30' title='bbox 1968 494 2094 548; x_wconf 88' lang='lat' dir='ltr'><strong>uni-</strong></span> 
     </span>
    </p>
   </div>
   <div class='ocr_carea' id='block_1_7' title="bbox 504 581 2092 655">
    <p class='ocr_par' dir='ltr' id='par_1_7' title="bbox 504 581 2092 655">
     <span class='ocr_line' id='line_1_7' title="bbox 504 581 2092 655; baseline 0.002 -17"><span class='ocrx_word' id='word_1_31' title='bbox 504 581 652 638; x_wconf 84' lang='lat' dir='ltr'><strong>versi</strong></span> <span class='ocrx_word' id='word_1_32' title='bbox 687 581 908 649; x_wconf 84' lang='lat' dir='ltr'><strong>sedem,</strong></span> <span class='ocrx_word' id='word_1_33' title='bbox 935 583 1089 654; x_wconf 80' lang='lat' dir='ltr'><strong>gravi</strong></span> <span class='ocrx_word' id='word_1_34' title='bbox 1119 599 1224 639; x_wconf 92' lang='lat' dir='ltr'><strong>nos</strong></span> <span class='ocrx_word' id='word_1_35' title='bbox 1260 584 1472 655; x_wconf 77' lang='lat' dir='ltr'><strong>peccati</strong></span> <span class='ocrx_word' id='word_1_36' title='bbox 1512 600 1682 641; x_wconf 89' lang='lat' dir='ltr'><strong>onere</strong></span> <span class='ocrx_word' id='word_1_37' title='bbox 1714 584 2092 655; x_wconf 82' lang='lat' dir='ltr'><strong>deprimente,</strong></span> 
     </span>
    </p>
   </div>
   <div class='ocr_carea' id='block_1_8' title="bbox 502 658 2096 746">
    <p class='ocr_par' dir='ltr' id='par_1_8' title="bbox 502 658 2096 746">
     <span class='ocr_line' id='line_1_8' title="bbox 502 658 2096 746; baseline 0.001 -17"><span class='ocrx_word' id='word_1_38' title='bbox 502 658 917 745; x_wconf 81' lang='lat' dir='ltr'><strong>receperamus)</strong></span> <span class='ocrx_word' id='word_1_39' title='bbox 965 673 1379 745; x_wconf 70' lang='lat' dir='ltr'><strong>benignissimae</strong></span> <span class='ocrx_word' id='word_1_40' title='bbox 1424 690 1527 732; x_wconf 88' lang='lat' dir='ltr'><strong>nos</strong></span> <span class='ocrx_word' id='word_1_41' title='bbox 1568 676 1809 732; x_wconf 57' lang='lat' dir='ltr'><strong>dexterae</strong></span> <span class='ocrx_word' id='word_1_42' title='bbox 1848 676 2096 746; x_wconf 90' lang='lat' dir='ltr'><strong>potentia</strong></span> 
     </span>
    </p>
   </div>
   <div class='ocr_carea' id='block_1_9' title="bbox 502 767 2095 839">
    <p class='ocr_par' dir='ltr' id='par_1_9' title="bbox 502 767 2095 839">
     <span class='ocr_line' id='line_1_9' title="bbox 502 767 2095 839; baseline 0.002 -18"><span class='ocrx_word' id='word_1_43' title='bbox 502 767 784 830; x_wconf 78' lang='lat' dir='ltr'><strong>evexerit,</strong></span> <span class='ocrx_word' id='word_1_44' title='bbox 822 767 1238 837; x_wconf 89' lang='lat' dir='ltr'><strong>impensiusque</strong></span> <span class='ocrx_word' id='word_1_45' title='bbox 1278 782 1409 823; x_wconf 89' lang='lat' dir='ltr'><strong>eum</strong></span> <span class='ocrx_word' id='word_1_46' title='bbox 1452 768 1779 839; x_wconf 80' lang='lat' dir='ltr'><strong>diligamus,</strong></span> <span class='ocrx_word' id='word_1_47' title='bbox 1815 768 1911 838; x_wconf 91' lang='lat' dir='ltr'><strong>qui</strong></span> <span class='ocrx_word' id='word_1_48' title='bbox 1953 768 2095 824; x_wconf 89' lang='lat' dir='ltr'><strong>hanc</strong></span> 
     </span>
    </p>
   </div>
   <div class='ocr_carea' id='block_1_10' title="bbox 501 857 2091 928">
    <p class='ocr_par' dir='ltr' id='par_1_10' title="bbox 501 857 2091 928">
     <span class='ocr_line' id='line_1_10' title="bbox 501 857 2091 928; baseline 0.001 -16"><span class='ocrx_word' id='word_1_49' title='bbox 501 857 669 914; x_wconf 89' lang='lat' dir='ltr'><strong>nobis</strong></span> <span class='ocrx_word' id='word_1_50' title='bbox 722 857 957 912; x_wconf 90' lang='lat' dir='ltr'><strong>salutem</strong></span> <span class='ocrx_word' id='word_1_51' title='bbox 1013 859 1250 928; x_wconf 78' lang='lat' dir='ltr'><strong>sapienti</strong></span> <span class='ocrx_word' id='word_1_52' title='bbox 1305 858 1446 914; x_wconf 88' lang='lat' dir='ltr'><strong>adeo</strong></span> <span class='ocrx_word' id='word_1_53' title='bbox 1496 859 1731 915; x_wconf 90' lang='lat' dir='ltr'><strong>consilio</strong></span> <span class='ocrx_word' id='word_1_54' title='bbox 1790 860 2091 927; x_wconf 75' lang='lat' dir='ltr'><strong>struxerit;</strong></span> 
     </span>
    </p>
   </div>
   <div class='ocr_carea' id='block_1_11' title="bbox 501 950 2094 1022">
    <p class='ocr_par' dir='ltr' id='par_1_11' title="bbox 501 950 2094 1022">
     <span class='ocr_line' id='line_1_11' title="bbox 501 950 2094 1022; baseline 0.001 -17"><span class='ocrx_word' id='word_1_55' title='bbox 501 950 821 1021; x_wconf 82' lang='lat' dir='ltr'><strong>nostrisque</strong></span> <span class='ocrx_word' id='word_1_56' title='bbox 853 950 993 1006; x_wconf 89' lang='lat' dir='ltr'><strong>adeo</strong></span> <span class='ocrx_word' id='word_1_57' title='bbox 1024 951 1125 1021; x_wconf 86' lang='lat' dir='ltr'><strong>ipsi</strong></span> <span class='ocrx_word' id='word_1_58' title='bbox 1161 951 1495 1017; x_wconf 86' lang='lat' dir='ltr'><strong>actionibus,</strong></span> <span class='ocrx_word' id='word_1_59' title='bbox 1526 953 1753 1022; x_wconf 91' lang='lat' dir='ltr'><strong>plenum</strong></span> <span class='ocrx_word' id='word_1_60' title='bbox 1785 951 2094 1007; x_wconf 87' lang='lat' dir='ltr'><strong>orationem</strong></span> 
     </span>
    </p>
   </div>
   <div class='ocr_carea' id='block_1_12' title="bbox 501 1043 2093 1114">
    <p class='ocr_par' dir='ltr' id='par_1_12' title="bbox 501 1043 2093 1114">
     <span class='ocr_line' id='line_1_12' title="bbox 501 1043 2093 1114; baseline 0 -15"><span class='ocrx_word' id='word_1_61' title='bbox 501 1043 764 1099; x_wconf 83' lang='lat' dir='ltr'><strong>eil‘ectum</strong></span> <span class='ocrx_word' id='word_1_62' title='bbox 795 1050 1174 1108; x_wconf 83' lang='lat' dir='ltr'><strong>consecutam,</strong></span> <span class='ocrx_word' id='word_1_63' title='bbox 1200 1052 1596 1108; x_wconf 87' lang='lat' dir='ltr'><strong>monstremus,</strong></span> <span class='ocrx_word' id='word_1_64' title='bbox 1625 1054 1792 1114; x_wconf 88' lang='lat' dir='ltr'><strong>atque</strong></span> <span class='ocrx_word' id='word_1_65' title='bbox 1821 1059 1971 1110; x_wconf 90' lang='lat' dir='ltr'><strong>eum,</strong></span> <span class='ocrx_word' id='word_1_66' title='bbox 1996 1043 2093 1114; x_wconf 85' lang='lat' dir='ltr'><strong>qui</strong></span> 
     </span>
    </p>
   </div>
   <div class='ocr_carea' id='block_1_13' title="bbox 501 1133 2091 1205">
    <p class='ocr_par' dir='ltr' id='par_1_13' title="bbox 501 1133 2091 1205">
     <span class='ocr_line' id='line_1_13' title="bbox 501 1133 2091 1205; baseline 0.001 -16"><span class='ocrx_word' id='word_1_67' title='bbox 501 1150 633 1190; x_wconf 88' lang='lat' dir='ltr'><strong>vere</strong></span> <span class='ocrx_word' id='word_1_68' title='bbox 672 1149 772 1205; x_wconf 89' lang='lat' dir='ltr'><strong>per</strong></span> <span class='ocrx_word' id='word_1_69' title='bbox 805 1133 1039 1204; x_wconf 81' lang='lat' dir='ltr'><strong>gratiam</strong></span> <span class='ocrx_word' id='word_1_70' title='bbox 1070 1133 1235 1189; x_wconf 89' lang='lat' dir='ltr'><strong>Pater</strong></span> <span class='ocrx_word' id='word_1_71' title='bbox 1267 1140 1382 1199; x_wconf 89' lang='lat' dir='ltr'><strong>est,</strong></span> <span class='ocrx_word' id='word_1_72' title='bbox 1415 1134 1590 1189; x_wconf 85' lang='lat' dir='ltr'><strong>Deum</strong></span> <span class='ocrx_word' id='word_1_73' title='bbox 1620 1150 1726 1190; x_wconf 92' lang='lat' dir='ltr'><strong>nos</strong></span> <span class='ocrx_word' id='word_1_74' title='bbox 1756 1134 2091 1205; x_wconf 81' lang='lat' dir='ltr'><strong>praedicare,</strong></span> 
     </span>
    </p>
   </div>
   <div class='ocr_carea' id='block_1_14' title="bbox 500 1224 2092 1299">
    <p class='ocr_par' dir='ltr' id='par_1_14' title="bbox 500 1224 2092 1299">
     <span class='ocr_line' id='line_1_14' title="bbox 500 1224 2092 1299; baseline 0 -17"><span class='ocrx_word' id='word_1_75' title='bbox 500 1226 715 1297; x_wconf 88' lang='lat' dir='ltr'><strong>liquido</strong></span> <span class='ocrx_word' id='word_1_76' title='bbox 753 1224 1141 1292; x_wconf 83' lang='lat' dir='ltr'><strong>ostendamus;</strong></span> <span class='ocrx_word' id='word_1_77' title='bbox 1183 1239 1297 1281; x_wconf 90' lang='lat' dir='ltr'><strong>non</strong></span> <span class='ocrx_word' id='word_1_78' title='bbox 1337 1239 1472 1281; x_wconf 84' lang='lat' dir='ltr'><strong>vero</strong></span> <span class='ocrx_word' id='word_1_79' title='bbox 1506 1240 1658 1291; x_wconf 89' lang='lat' dir='ltr'><strong>eum,</strong></span> <span class='ocrx_word' id='word_1_80' title='bbox 1688 1227 1786 1297; x_wconf 88' lang='lat' dir='ltr'><strong>qui</strong></span> <span class='ocrx_word' id='word_1_81' title='bbox 1825 1243 1925 1299; x_wconf 90' lang='lat' dir='ltr'><strong>per</strong></span> <span class='ocrx_word' id='word_1_82' title='bbox 1958 1243 2092 1298; x_wconf 74' lang='lat' dir='ltr'><strong>pro-</strong></span> 
     </span>
    </p>
   </div>
   <div class='ocr_carea' id='block_1_15' title="bbox 502 1318 2092 1392">
    <p class='ocr_par' dir='ltr' id='par_1_15' title="bbox 502 1318 2092 1392">
     <span class='ocr_line' id='line_1_15' title="bbox 502 1318 2092 1392; baseline 0.001 -17"><span class='ocrx_word' id='word_1_83' title='bbox 502 1320 859 1376; x_wconf 86' lang='lat' dir='ltr'><strong>brosissimos</strong></span> <span class='ocrx_word' id='word_1_84' title='bbox 905 1318 1139 1374; x_wconf 80' lang='lat' dir='ltr'><strong>aﬂectus</strong></span> <span class='ocrx_word' id='word_1_85' title='bbox 1178 1318 1457 1389; x_wconf 87' lang='lat' dir='ltr'><strong>vitiaque,</strong></span> <span class='ocrx_word' id='word_1_86' title='bbox 1502 1329 1759 1376; x_wconf 89' lang='lat' dir='ltr'><strong>naturam</strong></span> <span class='ocrx_word' id='word_1_87' title='bbox 1803 1320 2092 1392; x_wconf 85' lang='lat' dir='ltr'><strong>tyrannice</strong></span> 
     </span>
    </p>
   </div>
   <div class='ocr_carea' id='block_1_16' title="bbox 503 1411 2089 1486">
    <p class='ocr_par' dir='ltr' id='par_1_16' title="bbox 503 1411 2089 1486">
     <span class='ocr_line' id='line_1_16' title="bbox 503 1411 2089 1486; baseline 0.001 -17"><span class='ocrx_word' id='word_1_88' title='bbox 503 1420 738 1469; x_wconf 89' lang='lat' dir='ltr'><strong>conatur</strong></span> <span class='ocrx_word' id='word_1_89' title='bbox 760 1411 1074 1483; x_wconf 81' lang='lat' dir='ltr'><strong>Opprimere</strong></span> <span class='ocrx_word' id='word_1_90' title='bbox 1099 1425 1165 1466; x_wconf 90' lang='lat' dir='ltr'><strong>ac</strong></span> <span class='ocrx_word' id='word_1_91' title='bbox 1185 1411 1291 1467; x_wconf 90' lang='lat' dir='ltr'><strong>sibi</strong></span> <span class='ocrx_word' id='word_1_92' title='bbox 1318 1411 1576 1467; x_wconf 86' lang='lat' dir='ltr'><strong>addicere</strong></span> <span class='ocrx_word' id='word_1_93' title='bbox 1602 1412 1831 1485; x_wconf 87' lang='lat' dir='ltr'><strong>(malum</strong></span> <span class='ocrx_word' id='word_1_94' title='bbox 1856 1413 2089 1486; x_wconf 88' lang='lat' dir='ltr'><strong>scilicet)</strong></span> 
     </span>
    </p>
   </div>
   <div class='ocr_carea' id='block_1_17' title="bbox 505 1502 2093 1575">
    <p class='ocr_par' dir='ltr' id='par_1_17' title="bbox 505 1502 2093 1575">
     <span class='ocr_line' id='line_1_17' title="bbox 505 1502 2093 1575; baseline 0.002 -16"><span class='ocrx_word' id='word_1_95' title='bbox 505 1504 635 1560; x_wconf 84' lang='lat' dir='ltr'><strong>vitae</strong></span> <span class='ocrx_word' id='word_1_96' title='bbox 665 1519 770 1560; x_wconf 87' lang='lat' dir='ltr'><strong>nos</strong></span> <span class='ocrx_word' id='word_1_97' title='bbox 800 1511 1085 1574; x_wconf 89' lang='lat' dir='ltr'><strong>parentem</strong></span> <span class='ocrx_word' id='word_1_98' title='bbox 1115 1502 1324 1559; x_wconf 88' lang='lat' dir='ltr'><strong>habere</strong></span> <span class='ocrx_word' id='word_1_99' title='bbox 1354 1502 1645 1559; x_wconf 84' lang='lat' dir='ltr'><strong>manifeste</strong></span> <span class='ocrx_word' id='word_1_100' title='bbox 1676 1503 2007 1575; x_wconf 82' lang='lat' dir='ltr'><strong>prodamur,</strong></span> <span class='ocrx_word' id='word_1_101' title='bbox 2027 1520 2093 1562; x_wconf 89' lang='lat' dir='ltr'><strong>ac</strong></span> 
     </span>
    </p>
   </div>
   <div class='ocr_carea' id='block_1_18' title="bbox 507 1594 2090 1666">
    <p class='ocr_par' dir='ltr' id='par_1_18' title="bbox 507 1594 2090 1666">
     <span class='ocr_line' id='line_1_18' title="bbox 507 1594 2090 1666; baseline 0.001 -16"><span class='ocrx_word' id='word_1_102' title='bbox 507 1595 912 1666; x_wconf 85' lang='lat' dir='ltr'><strong>imprudentes,</strong></span> <span class='ocrx_word' id='word_1_103' title='bbox 943 1594 1111 1649; x_wconf 88' lang='lat' dir='ltr'><strong>vitam</strong></span> <span class='ocrx_word' id='word_1_104' title='bbox 1140 1602 1322 1650; x_wconf 90' lang='lat' dir='ltr'><strong>morte</strong></span> <span class='ocrx_word' id='word_1_105' title='bbox 1344 1600 1785 1662; x_wconf 87' lang='lat' dir='ltr'><strong>commutemus;</strong></span> <span class='ocrx_word' id='word_1_106' title='bbox 1817 1594 2090 1665; x_wconf 90' lang='lat' dir='ltr'><strong>siquidem</strong></span> 
     </span>
    </p>
   </div>
   <div class='ocr_carea' id='block_1_19' title="bbox 506 1685 2091 1757">
    <p class='ocr_par' dir='ltr' id='par_1_19' title="bbox 506 1685 2091 1757">
     <span class='ocr_line' id='line_1_19' title="bbox 506 1685 2091 1757; baseline 0.001 -15"><span class='ocrx_word' id='word_1_107' title='bbox 506 1687 580 1742; x_wconf 88' lang='lat' dir='ltr'><strong>ita</strong></span> <span class='ocrx_word' id='word_1_108' title='bbox 617 1695 1018 1756; x_wconf 83' lang='lat' dir='ltr'><strong>comparatum,</strong></span> <span class='ocrx_word' id='word_1_109' title='bbox 1051 1693 1114 1740; x_wconf 89' lang='lat' dir='ltr'><strong>ut</strong></span> <span class='ocrx_word' id='word_1_110' title='bbox 1147 1694 1382 1756; x_wconf 82' lang='lat' dir='ltr'><strong>uterque</strong></span> <span class='ocrx_word' id='word_1_111' title='bbox 1417 1685 1651 1742; x_wconf 88' lang='lat' dir='ltr'><strong>clientes</strong></span> <span class='ocrx_word' id='word_1_112' title='bbox 1682 1699 1815 1741; x_wconf 89' lang='lat' dir='ltr'><strong>suos</strong></span> <span class='ocrx_word' id='word_1_113' title='bbox 1847 1685 1936 1740; x_wconf 90' lang='lat' dir='ltr'><strong>his</strong></span> <span class='ocrx_word' id='word_1_114' title='bbox 1967 1701 2091 1757; x_wconf 87' lang='lat' dir='ltr'><strong>quae</strong></span> 
     </span>
    </p>
   </div>
   <div class='ocr_carea' id='block_1_20' title="bbox 2196 489 3783 564">
    <p class='ocr_par' dir='ltr' id='par_1_20' title="bbox 2196 489 3783 564">
     <span class='ocr_line' id='line_1_20' title="bbox 2196 489 3783 564; baseline 0.009 -23"><span class='ocrx_word' id='word_1_115' title='bbox 2196 489 2476 558; x_wconf 85' lang='grc' dir='ltr'>Μονογενο</span> <span class='ocrx_word' id='word_1_116' title='bbox 2511 508 2540 553; x_wconf 88' lang='grc' dir='ltr'>ς</span> <span class='ocrx_word' id='word_1_117' title='bbox 2578 493 2982 564; x_wconf 82' lang='grc' dir='ltr'>ἀπειργάσατο·</span> <span class='ocrx_word' id='word_1_118' title='bbox 3020 496 3116 550; x_wconf 83' lang='grc' dir='ltr'>καὶ</span> <span class='ocrx_word' id='word_1_119' title='bbox 3140 495 3339 562; x_wconf 83' lang='grc' dir='ltr'>πόθεν,</span> <span class='ocrx_word' id='word_1_120' title='bbox 3392 497 3528 564; x_wconf 88' lang='grc' dir='ltr'>ποῦ,</span> <span class='ocrx_word' id='word_1_121' title='bbox 3563 500 3696 564; x_wconf 77' lang='grc' dir='ltr'>τοὺς</span> <span class='ocrx_word' id='word_1_122' title='bbox 3719 501 3783 556; x_wconf 81' lang='grc' dir='ltr'><strong>τὸ</strong></span> 
     </span>
    </p>
   </div>
   <div class='ocr_carea' id='block_1_21' title="bbox 2195 579 3784 667">
    <p class='ocr_par' dir='ltr' id='par_1_21' title="bbox 2195 579 3784 667">
     <span class='ocr_line' id='line_1_21' title="bbox 2195 579 3784 667; baseline 0.009 -34"><span class='ocrx_word' id='word_1_123' title='bbox 2195 579 2509 635; x_wconf 77' lang='grc' dir='ltr'><strong>κατώτατον</strong></span> <span class='ocrx_word' id='word_1_124' title='bbox 2551 583 2645 638; x_wconf 90' lang='grc' dir='ltr'><strong>τοῦ</strong></span> <span class='ocrx_word' id='word_1_125' title='bbox 2686 584 2887 649; x_wconf 86' lang='grc' dir='ltr'>παντὸς</span> <span class='ocrx_word' id='word_1_126' title='bbox 2918 586 3211 658; x_wconf 76' lang='grc' dir='ltr'><strong>εἰληφότας</strong></span> <span class='ocrx_word' id='word_1_127' title='bbox 3249 591 3481 662; x_wconf 82' lang='grc' dir='ltr'><strong>χωρίον,</strong></span> <span class='ocrx_word' id='word_1_128' title='bbox 3538 594 3620 657; x_wconf 81' lang='grc' dir='ltr'><strong>είς</strong></span> <span class='ocrx_word' id='word_1_129' title='bbox 3644 589 3784 667; x_wconf 79' lang='grc' dir='ltr'>ὅπερ</span> 
     </span>
    </p>
   </div>
   <div class='ocr_carea' id='block_1_22' title="bbox 2196 673 3785 757">
    <p class='ocr_par' dir='ltr' id='par_1_22' title="bbox 2196 673 3785 757">
     <span class='ocr_line' id='line_1_22' title="bbox 2196 673 3785 757; baseline 0.009 -31"><span class='ocrx_word' id='word_1_130' title='bbox 2196 673 2345 744; x_wconf 85' lang='grc' dir='ltr'>ἡμᾶς</span> <span class='ocrx_word' id='word_1_131' title='bbox 2375 675 2438 728; x_wconf 87' lang='grc' dir='ltr'><strong>τὸ</strong></span> <span class='ocrx_word' id='word_1_132' title='bbox 2466 677 2565 749; x_wconf 84' lang='grc' dir='ltr'><strong>τῆς</strong></span> <span class='ocrx_word' id='word_1_133' title='bbox 2595 679 2870 749; x_wconf 83' lang='grc' dir='ltr'>ἁμαρτίας</span> <span class='ocrx_word' id='word_1_134' title='bbox 2899 680 3066 752; x_wconf 82' lang='grc' dir='ltr'>βάρος</span> <span class='ocrx_word' id='word_1_135' title='bbox 3095 682 3371 747; x_wconf 82' lang='grc' dir='ltr'>κατέωσε,</span> <span class='ocrx_word' id='word_1_136' title='bbox 3404 684 3635 756; x_wconf 81' lang='grc' dir='ltr'><strong>δυνάμει</strong></span> <span class='ocrx_word' id='word_1_137' title='bbox 3662 687 3785 757; x_wconf 83' lang='grc' dir='ltr'>φιλ-</span> 
     </span>
    </p>
   </div>
   <div class='ocr_carea' id='block_1_23' title="bbox 2194 764 3784 849">
    <p class='ocr_par' dir='ltr' id='par_1_23' title="bbox 2194 764 3784 849">
     <span class='ocr_line' id='line_1_23' title="bbox 2194 764 3784 849; baseline 0.009 -31"><span class='ocrx_word' id='word_1_138' title='bbox 2194 764 2489 837; x_wconf 75' lang='grc' dir='ltr'>ανθρώπου</span> <span class='ocrx_word' id='word_1_139' title='bbox 2523 770 2708 840; x_wconf 85' lang='grc' dir='ltr'>χειρὸς</span> <span class='ocrx_word' id='word_1_140' title='bbox 2735 770 3046 825; x_wconf 82' lang='grc' dir='ltr'>ἀνεϐίϐασε’</span> <span class='ocrx_word' id='word_1_141' title='bbox 3086 776 3184 827; x_wconf 81' lang='grc' dir='ltr'><strong>καὶ</strong></span> <span class='ocrx_word' id='word_1_142' title='bbox 3217 773 3381 829; x_wconf 75' lang='grc' dir='ltr'>πλέον</span> <span class='ocrx_word' id='word_1_143' title='bbox 3405 775 3784 849; x_wconf 82' lang='grc' dir='ltr'>ἀγαπήσωμεν</span> 
     </span>
    </p>
   </div>
   <div class='ocr_carea' id='block_1_24' title="bbox 2192 855 3785 938">
    <p class='ocr_par' dir='ltr' id='par_1_24' title="bbox 2192 855 3785 938">
     <span class='ocr_line' id='line_1_24' title="bbox 2192 855 3785 938; baseline 0.009 -29"><span class='ocrx_word' id='word_1_144' title='bbox 2192 855 2287 909; x_wconf 87' lang='grc' dir='ltr'><strong>τὸν</strong></span> <span class='ocrx_word' id='word_1_145' title='bbox 2315 857 2520 930; x_wconf 87' lang='grc' dir='ltr'>ταύτην</span> <span class='ocrx_word' id='word_1_146' title='bbox 2546 858 2689 915; x_wconf 80' lang='grc' dir='ltr'>οὕτω</span> <span class='ocrx_word' id='word_1_147' title='bbox 2716 860 2896 930; x_wconf 82' lang='grc' dir='ltr'>σοφῶς</span> <span class='ocrx_word' id='word_1_148' title='bbox 2916 864 3051 934; x_wconf 83' lang='grc' dir='ltr'>ἡμῖν</span> <span class='ocrx_word' id='word_1_149' title='bbox 3076 863 3176 934; x_wconf 86' lang='grc' dir='ltr'><strong>τὴν</strong></span> <span class='ocrx_word' id='word_1_150' title='bbox 3199 864 3476 936; x_wconf 83' lang='grc' dir='ltr'><strong>σωτηρίαν</strong></span> <span class='ocrx_word' id='word_1_151' title='bbox 3499 868 3785 938; x_wconf 82' lang='grc' dir='ltr'>ἑτοιμασά-</span> 
     </span>
    </p>
   </div>
   <div class='ocr_carea' id='block_1_25' title="bbox 2198 936 3785 1031">
    <p class='ocr_par' dir='ltr' id='par_1_25' title="bbox 2198 936 3785 1031">
     <span class='ocr_line' id='line_1_25' title="bbox 2198 936 3785 1031; baseline 0.007 -28"><span class='ocrx_word' id='word_1_152' title='bbox 2198 966 2360 1020; x_wconf 91' lang='grc' dir='ltr'>μενον</span> <span class='ocrx_word' id='word_1_153' title='bbox 2380 967 2394 983; x_wconf 90' lang='grc'><strong>·</strong></span> <span class='ocrx_word' id='word_1_154' title='bbox 2455 950 2550 1005; x_wconf 72' lang='grc' dir='ltr'><strong>καὶ</strong></span> <span class='ocrx_word' id='word_1_155' title='bbox 2591 951 2660 1021; x_wconf 85' lang='grc' dir='ltr'>δι’</span> <span class='ocrx_word' id='word_1_156' title='bbox 2678 945 2756 1007; x_wconf 84' lang='grc' dir='ltr'>ὧν</span> <span class='ocrx_word' id='word_1_157' title='bbox 2785 953 3098 1026; x_wconf 85' lang='grc' dir='ltr'>πράττομεν</span> <span class='ocrx_word' id='word_1_158' title='bbox 3123 995 3138 1019; x_wconf 94' lang='grc'><strong>,</strong></span> <span class='ocrx_word' id='word_1_159' title='bbox 3194 954 3458 1027; x_wconf 79' lang='grc' dir='ltr'>δείξωμεν</span> <span class='ocrx_word' id='word_1_160' title='bbox 3486 959 3588 1029; x_wconf 84' lang='grc' dir='ltr'><strong>τὴν</strong></span> <span class='ocrx_word' id='word_1_161' title='bbox 3616 936 3785 1031; x_wconf 82' lang='grc' dir='ltr'>προσ-</span> 
     </span>
    </p>
   </div>
   <div class='ocr_carea' id='block_1_26' title="bbox 2195 1041 3784 1120">
    <p class='ocr_par' dir='ltr' id='par_1_26' title="bbox 2195 1041 3784 1120">
     <span class='ocr_line' id='line_1_26' title="bbox 2195 1041 3784 1120; baseline 0.006 -27"><span class='ocrx_word' id='word_1_162' title='bbox 2195 1041 2363 1113; x_wconf 80' lang='grc' dir='ltr'>ευχὴν</span> <span class='ocrx_word' id='word_1_163' title='bbox 2415 1041 2842 1114; x_wconf 80' lang='grc' dir='ltr'><strong>πληρουμένην,</strong></span> <span class='ocrx_word' id='word_1_164' title='bbox 2898 1044 2995 1098; x_wconf 77' lang='grc' dir='ltr'>καὶ</span> <span class='ocrx_word' id='word_1_165' title='bbox 3036 1044 3128 1098; x_wconf 88' lang='grc' dir='ltr'><strong>τὸν</strong></span> <span class='ocrx_word' id='word_1_166' title='bbox 3176 1045 3392 1118; x_wconf 85' lang='grc' dir='ltr'>ἀληθῶς</span> <span class='ocrx_word' id='word_1_167' title='bbox 3441 1049 3585 1103; x_wconf 87' lang='grc' dir='ltr'><strong>κατά</strong></span> <span class='ocrx_word' id='word_1_168' title='bbox 3626 1049 3784 1120; x_wconf 80' lang='grc' dir='ltr'>χάριν</span> 
     </span>
    </p>
   </div>
   <div class='ocr_carea' id='block_1_27' title="bbox 2193 1132 3786 1212">
    <p class='ocr_par' dir='ltr' id='par_1_27' title="bbox 2193 1132 3786 1212">
     <span class='ocr_line' id='line_1_27' title="bbox 2193 1132 3786 1212; baseline 0.006 -27"><span class='ocrx_word' id='word_1_169' title='bbox 2193 1132 2418 1205; x_wconf 85' lang='grc' dir='ltr'><strong>Πατέρα</strong></span> <span class='ocrx_word' id='word_1_170' title='bbox 2462 1133 2598 1187; x_wconf 86' lang='grc' dir='ltr'>Θεὸν</span> <span class='ocrx_word' id='word_1_171' title='bbox 2643 1134 2904 1205; x_wconf 85' lang='grc' dir='ltr'>φανῶμεν</span> <span class='ocrx_word' id='word_1_172' title='bbox 2947 1138 3345 1208; x_wconf 80' lang='grc' dir='ltr'>κηρύττοντες·</span> <span class='ocrx_word' id='word_1_173' title='bbox 3399 1139 3538 1194; x_wconf 79' lang='grc' dir='ltr'>ἀλλὰ</span> <span class='ocrx_word' id='word_1_174' title='bbox 3587 1142 3661 1212; x_wconf 87' lang='grc' dir='ltr'><strong>μὴ</strong></span> <span class='ocrx_word' id='word_1_175' title='bbox 3695 1141 3786 1196; x_wconf 78' lang='grc' dir='ltr'>διὰ</span> 
     </span>
    </p>
   </div>
   <div class='ocr_carea' id='block_1_28' title="bbox 2191 1224 3785 1303">
    <p class='ocr_par' dir='ltr' id='par_1_28' title="bbox 2191 1224 3785 1303">
     <span class='ocr_line' id='line_1_28' title="bbox 2191 1224 3785 1303; baseline 0.008 -27"><span class='ocrx_word' id='word_1_176' title='bbox 2191 1224 2303 1278; x_wconf 88' lang='grc' dir='ltr'><strong>τῶν</strong></span> <span class='ocrx_word' id='word_1_177' title='bbox 2331 1224 2524 1280; x_wconf 90' lang='grc' dir='ltr'>παθῶν</span> <span class='ocrx_word' id='word_1_178' title='bbox 2553 1227 2656 1298; x_wconf 82' lang='grc' dir='ltr'>τῆς</span> <span class='ocrx_word' id='word_1_179' title='bbox 2678 1226 2936 1298; x_wconf 83' lang='grc' dir='ltr'><strong>ἀτιμίας,</strong></span> <span class='ocrx_word' id='word_1_180' title='bbox 2986 1229 3079 1282; x_wconf 91' lang='grc' dir='ltr'><strong>τὸν</strong></span> <span class='ocrx_word' id='word_1_181' title='bbox 3107 1231 3196 1284; x_wconf 78' lang='grc' dir='ltr'>ἀεὶ</span> <span class='ocrx_word' id='word_1_182' title='bbox 3219 1232 3560 1303; x_wconf 81' lang='grc' dir='ltr'>τυραννικῶς</span> <span class='ocrx_word' id='word_1_183' title='bbox 3588 1233 3785 1288; x_wconf 86' lang='grc' dir='ltr'>δεσπό-</span> 
     </span>
    </p>
   </div>
   <div class='ocr_carea' id='block_1_29' title="bbox 2193 1314 3784 1397">
    <p class='ocr_par' dir='ltr' id='par_1_29' title="bbox 2193 1314 3784 1397">
     <span class='ocr_line' id='line_1_29' title="bbox 2193 1314 3784 1397; baseline 0.008 -29"><span class='ocrx_word' id='word_1_184' title='bbox 2193 1314 2309 1379; x_wconf 82' lang='grc' dir='ltr'>ζειν</span> <span class='ocrx_word' id='word_1_185' title='bbox 2374 1316 2760 1389; x_wconf 86' lang='grc' dir='ltr'>ἐπιχειροῦντα</span> <span class='ocrx_word' id='word_1_186' title='bbox 2825 1320 2925 1391; x_wconf 80' lang='grc' dir='ltr'>τῆς</span> <span class='ocrx_word' id='word_1_187' title='bbox 2974 1321 3191 1390; x_wconf 86' lang='grc' dir='ltr'>φύσεως</span> <span class='ocrx_word' id='word_1_188' title='bbox 3236 1324 3510 1396; x_wconf 87' lang='grc' dir='ltr'>πονηρὸν,</span> <span class='ocrx_word' id='word_1_189' title='bbox 3567 1324 3784 1397; x_wconf 70' lang='grc' dir='ltr'>ἔχοντες</span> 
     </span>
    </p>
   </div>
   <div class='ocr_carea' id='block_1_30' title="bbox 2191 1406 3784 1491">
    <p class='ocr_par' dir='ltr' id='par_1_30' title="bbox 2191 1406 3784 1491">
     <span class='ocr_line' id='line_1_30' title="bbox 2191 1406 3784 1491; baseline 0.009 -31"><span class='ocrx_word' id='word_1_190' title='bbox 2191 1407 2287 1460; x_wconf 88' lang='grc' dir='ltr'><strong>τοῦ</strong></span> <span class='ocrx_word' id='word_1_191' title='bbox 2319 1406 2437 1478; x_wconf 84' lang='grc' dir='ltr'>βίου</span> <span class='ocrx_word' id='word_1_192' title='bbox 2463 1408 2678 1481; x_wconf 79' lang='grc' dir='ltr'><strong>πατέρα</strong></span> <span class='ocrx_word' id='word_1_193' title='bbox 2711 1410 2900 1479; x_wconf 81' lang='grc' dir='ltr'>σαφῶς</span> <span class='ocrx_word' id='word_1_194' title='bbox 2928 1413 3358 1485; x_wconf 84' lang='grc' dir='ltr'>ἀποδειχθῶμεν,</span> <span class='ocrx_word' id='word_1_195' title='bbox 3409 1417 3504 1470; x_wconf 70' lang='grc' dir='ltr'><strong>καὶ</strong></span> <span class='ocrx_word' id='word_1_196' title='bbox 3531 1417 3784 1491; x_wconf 83' lang='grc' dir='ltr'>λάθωμεν</span> 
     </span>
    </p>
   </div>
   <div class='ocr_carea' id='block_1_31' title="bbox 2193 1497 3784 1582">
    <p class='ocr_par' dir='ltr' id='par_1_31' title="bbox 2193 1497 3784 1582">
     <span class='ocr_line' id='line_1_31' title="bbox 2193 1497 3784 1582; baseline 0.01 -31"><span class='ocrx_word' id='word_1_197' title='bbox 2193 1497 2341 1569; x_wconf 81' lang='grc' dir='ltr'>ζωῆς</span> <span class='ocrx_word' id='word_1_198' title='bbox 2386 1499 2969 1570; x_wconf 82' lang='grc' dir='ltr'>ἀντικαταλλάττοντες</span> <span class='ocrx_word' id='word_1_199' title='bbox 3014 1504 3277 1560; x_wconf 85' lang='grc' dir='ltr'>θάνατον·</span> <span class='ocrx_word' id='word_1_200' title='bbox 3328 1508 3630 1582; x_wconf 76' lang='grc' dir='ltr'>ἐπειδήπερ</span> <span class='ocrx_word' id='word_1_201' title='bbox 3673 1510 3784 1567; x_wconf 90' lang='grc' dir='ltr'><strong>τῶν</strong></span> 
     </span>
    </p>
   </div>
   <div class='ocr_carea' id='block_1_32' title="bbox 2192 1588 3781 1671">
    <p class='ocr_par' dir='ltr' id='par_1_32' title="bbox 2192 1588 3781 1671">
     <span class='ocr_line' id='line_1_32' title="bbox 2192 1588 3781 1671; baseline 0.01 -30"><span class='ocrx_word' id='word_1_202' title='bbox 2192 1588 2508 1655; x_wconf 85' lang='grc' dir='ltr'>προσόντων</span> <span class='ocrx_word' id='word_1_203' title='bbox 2560 1592 2824 1664; x_wconf 78' lang='grc' dir='ltr'>ἑκάτερος</span> <span class='ocrx_word' id='word_1_204' title='bbox 2880 1591 3094 1666; x_wconf 81' lang='lat' dir='ltr'><strong>[marg.</strong></span> <span class='ocrx_word' id='word_1_205' title='bbox 3128 1596 3157 1650; x_wconf 99' lang='lat'><strong>6</strong></span> <span class='ocrx_word' id='word_1_206' title='bbox 3184 1596 3318 1661; x_wconf 87' lang='grc' dir='ltr'>Θεὸς</span> <span class='ocrx_word' id='word_1_207' title='bbox 3349 1598 3629 1671; x_wconf 83' lang='grc' dir='ltr'>δηλονότι,</span> <span class='ocrx_word' id='word_1_208' title='bbox 3686 1605 3781 1658; x_wconf 75' lang='grc' dir='ltr'>καὶ</span> 
     </span>
    </p>
   </div>
   <div class='ocr_carea' id='block_1_33' title="bbox 2190 1681 3781 1762">
    <p class='ocr_par' dir='ltr' id='par_1_33' title="bbox 2190 1681 3781 1762">
     <span class='ocr_line' id='line_1_33' title="bbox 2190 1681 3781 1762; baseline 0.009 -27"><span class='ocrx_word' id='word_1_209' title='bbox 2190 1681 2221 1735; x_wconf 89' lang='lat'><strong>6</strong></span> <span class='ocrx_word' id='word_1_210' title='bbox 2239 1681 2510 1755; x_wconf 88' lang='grc' dir='ltr'>διάϐολος]</span> <span class='ocrx_word' id='word_1_211' title='bbox 2531 1687 2644 1748; x_wconf 87' lang='grc' dir='ltr'>τοῖς</span> <span class='ocrx_word' id='word_1_212' title='bbox 2667 1686 3051 1760; x_wconf 79' lang='grc' dir='ltr'>προσχωροῦσι</span> <span class='ocrx_word' id='word_1_213' title='bbox 3074 1688 3347 1744; x_wconf 80' lang='grc' dir='ltr'>ποιεῖσθαι</span> <span class='ocrx_word' id='word_1_214' title='bbox 3376 1692 3663 1762; x_wconf 79' lang='grc' dir='ltr'>μετάδοσιν</span> <span class='ocrx_word' id='word_1_215' title='bbox 3685 1694 3781 1749; x_wconf 80' lang='grc' dir='ltr'><strong>πέ-</strong></span> 
     </span>
    </p>
   </div>
   <div class='ocr_carea' id='block_1_34' title="bbox 503 1763 2083 1858">
    <p class='ocr_par' dir='ltr' id='par_1_34' title="bbox 503 1763 2083 1858">
     <span class='ocr_line' id='line_1_34' title="bbox 503 1763 2083 1858; baseline -0.003 -24"><span class='ocrx_word' id='word_1_216' title='bbox 503 1787 807 1850; x_wconf 85' lang='lat' dir='ltr'><strong>suppetunt</strong></span> <span class='ocrx_word' id='word_1_217' title='bbox 828 1776 1210 1849; x_wconf 87' lang='lat' dir='ltr'><strong>impartiatur;</strong></span> <span class='ocrx_word' id='word_1_218' title='bbox 1232 1776 1327 1858; x_wconf 0' lang='lat' dir='ltr'><strong>psic</strong></span> <span class='ocrx_word' id='word_1_219' title='bbox 1351 1776 1617 1832; x_wconf 89' lang='lat' dir='ltr'><strong>nimirum</strong></span> <span class='ocrx_word' id='word_1_220' title='bbox 1644 1763 1713 1832; x_wconf 82' lang='lat' dir='ltr'><strong>ut</strong></span> <span class='ocrx_word' id='word_1_221' title='bbox 1742 1776 1835 1833; x_wconf 89' lang='lat' dir='ltr'><strong>ille</strong></span> <span class='ocrx_word' id='word_1_222' title='bbox 1863 1775 2083 1848; x_wconf 86' lang='lat' dir='ltr'><strong>quidem</strong></span> 
     </span>
    </p>
   </div>
   <div class='ocr_carea' id='block_1_35' title="bbox 2183 1763 3781 1858">
    <p class='ocr_par' dir='ltr' id='par_1_35' title="bbox 2192 1775 3781 1855">
     <span class='ocr_line' id='line_1_35' title="bbox 2192 1775 3781 1855; baseline 0.009 -30"><span class='ocrx_word' id='word_1_223' title='bbox 2192 1787 2385 1840; x_wconf 86' lang='grc' dir='ltr'>φυκεν·</span> <span class='ocrx_word' id='word_1_224' title='bbox 2419 1776 2447 1827; x_wconf 98' lang='lat'><strong>6</strong></span> <span class='ocrx_word' id='word_1_225' title='bbox 2475 1775 2594 1844; x_wconf 74' lang='grc' dir='ltr'>μὲν,</span> <span class='ocrx_word' id='word_1_226' title='bbox 2648 1775 2819 1830; x_wconf 79' lang='grc' dir='ltr'>ἀΐδιον</span> <span class='ocrx_word' id='word_1_227' title='bbox 2842 1777 2987 1849; x_wconf 80' lang='grc' dir='ltr'>ζωὴν</span> <span class='ocrx_word' id='word_1_228' title='bbox 3014 1780 3129 1843; x_wconf 81' lang='grc' dir='ltr'>τοῖς</span> <span class='ocrx_word' id='word_1_229' title='bbox 3153 1779 3443 1853; x_wconf 82' lang='grc' dir='ltr'>ἀγαπῶσιν</span> <span class='ocrx_word' id='word_1_230' title='bbox 3469 1782 3632 1837; x_wconf 81' lang='grc' dir='ltr'>αὑτὸν</span> <span class='ocrx_word' id='word_1_231' title='bbox 3656 1801 3781 1855; x_wconf 84' lang='grc' dir='ltr'>χορ-</span> 
     </span>
    </p>
   </div>
   <div class='ocr_carea' id='block_1_36' title="bbox 501 1866 2089 1940">
    <p class='ocr_par' dir='ltr' id='par_1_36' title="bbox 501 1866 2089 1940">
     <span class='ocr_line' id='line_1_36' title="bbox 501 1866 2089 1940; baseline -0.003 -14"><span class='ocrx_word' id='word_1_232' title='bbox 501 1873 678 1927; x_wconf 88' lang='lat' dir='ltr'><strong>vitam</strong></span> <span class='ocrx_word' id='word_1_233' title='bbox 709 1881 997 1935; x_wconf 86' lang='lat' dir='ltr'><strong>aeternam,</strong></span> <span class='ocrx_word' id='word_1_234' title='bbox 1031 1869 1140 1936; x_wconf 92' lang='lat' dir='ltr'><strong>his,</strong></span> <span class='ocrx_word' id='word_1_235' title='bbox 1177 1869 1273 1939; x_wconf 89' lang='lat' dir='ltr'><strong>qui</strong></span> <span class='ocrx_word' id='word_1_236' title='bbox 1309 1868 1491 1940; x_wconf 89' lang='lat' dir='ltr'><strong>ipsum</strong></span> <span class='ocrx_word' id='word_1_237' title='bbox 1522 1868 1783 1940; x_wconf 79' lang='lat' dir='ltr'><strong>diligunt,</strong></span> <span class='ocrx_word' id='word_1_238' title='bbox 1814 1866 2089 1924; x_wconf 89' lang='lat' dir='ltr'><strong>submini-</strong></span> 
     </span>
    </p>
   </div>
   <div class='ocr_carea' id='block_1_37' title="bbox 500 1957 2090 2029">
    <p class='ocr_par' dir='ltr' id='par_1_37' title="bbox 500 1957 2090 2029">
     <span class='ocr_line' id='line_1_37' title="bbox 500 1957 2090 2029; baseline -0.002 -14"><span class='ocrx_word' id='word_1_239' title='bbox 500 1968 665 2028; x_wconf 90' lang='lat' dir='ltr'><strong>stret;</strong></span> <span class='ocrx_word' id='word_1_240' title='bbox 693 1960 785 2015; x_wconf 89' lang='lat' dir='ltr'><strong>hic</strong></span> <span class='ocrx_word' id='word_1_241' title='bbox 807 1974 963 2024; x_wconf 90' lang='lat' dir='ltr'><strong>vero,</strong></span> <span class='ocrx_word' id='word_1_242' title='bbox 980 1957 1090 2024; x_wconf 87' lang='lat' dir='ltr'><strong>his,</strong></span> <span class='ocrx_word' id='word_1_243' title='bbox 1113 1957 1208 2028; x_wconf 91' lang='lat' dir='ltr'><strong>qui</strong></span> <span class='ocrx_word' id='word_1_244' title='bbox 1234 1957 1303 2013; x_wconf 92' lang='lat' dir='ltr'><strong>ad</strong></span> <span class='ocrx_word' id='word_1_245' title='bbox 1330 1958 1511 2029; x_wconf 88' lang='lat' dir='ltr'><strong>ipsum</strong></span> <span class='ocrx_word' id='word_1_246' title='bbox 1537 1957 1831 2023; x_wconf 88' lang='lat' dir='ltr'><strong>accedunt,</strong></span> <span class='ocrx_word' id='word_1_247' title='bbox 1853 1964 2090 2013; x_wconf 89' lang='lat' dir='ltr'><strong>mortem</strong></span> 
     </span>
    </p>
   </div>
   <div class='ocr_carea' id='block_1_38' title="bbox 499 2050 2089 2123">
    <p class='ocr_par' dir='ltr' id='par_1_38' title="bbox 499 2050 2089 2123">
     <span class='ocr_line' id='line_1_38' title="bbox 499 2050 2089 2123; baseline 0.001 -15"><span class='ocrx_word' id='word_1_248' title='bbox 499 2053 785 2123; x_wconf 87' lang='lat' dir='ltr'><strong>importet,</strong></span> <span class='ocrx_word' id='word_1_249' title='bbox 808 2066 1000 2107; x_wconf 86' lang='lat' dir='ltr'><strong>earum</strong></span> <span class='ocrx_word' id='word_1_250' title='bbox 1029 2050 1381 2122; x_wconf 81' lang='lat' dir='ltr'><strong>suggestione</strong></span> <span class='ocrx_word' id='word_1_251' title='bbox 1409 2050 1803 2120; x_wconf 87' lang='lat' dir='ltr'><strong>tentationum,</strong></span> <span class='ocrx_word' id='word_1_252' title='bbox 1826 2066 1951 2123; x_wconf 78' lang='lat' dir='ltr'><strong>quae</strong></span> <span class='ocrx_word' id='word_1_253' title='bbox 1975 2063 2089 2109; x_wconf 83' lang='lat' dir='ltr'><strong>non</strong></span> 
     </span>
    </p>
   </div>
   <div class='ocr_carea' id='block_1_39' title="bbox 497 2140 1440 2213">
    <p class='ocr_par' dir='ltr' id='par_1_39' title="bbox 497 2140 1440 2213">
     <span class='ocr_line' id='line_1_39' title="bbox 497 2140 1440 2213; baseline -0.003 -14"><span class='ocrx_word' id='word_1_254' title='bbox 497 2142 863 2200; x_wconf 85' lang='lat' dir='ltr'><strong>illubentibus</strong></span> <span class='ocrx_word' id='word_1_255' title='bbox 892 2141 1058 2198; x_wconf 90' lang='lat' dir='ltr'><strong>nobis</strong></span> <span class='ocrx_word' id='word_1_256' title='bbox 1091 2140 1440 2213; x_wconf 79' lang='lat' dir='ltr'><strong>ingeruntur.</strong></span> 
     </span>
    </p>
   </div>
   <div class='ocr_carea' id='block_1_40' title="bbox 566 2229 2092 2303">
    <p class='ocr_par' dir='ltr' id='par_1_40' title="bbox 566 2229 2092 2303">
     <span class='ocr_line' id='line_1_40' title="bbox 566 2229 2092 2303; baseline -0.001 -15"><span class='ocrx_word' id='word_1_257' title='bbox 566 2232 782 2303; x_wconf 71' lang='lat' dir='ltr'><strong>Duplex</strong></span> <span class='ocrx_word' id='word_1_258' title='bbox 827 2230 977 2286; x_wconf 88' lang='lat' dir='ltr'><strong>enim</strong></span> <span class='ocrx_word' id='word_1_259' title='bbox 1014 2239 1102 2286; x_wconf 90' lang='lat' dir='ltr'><strong>est</strong></span> <span class='ocrx_word' id='word_1_260' title='bbox 1150 2229 1442 2302; x_wconf 89' lang='lat' dir='ltr'><strong>(quantum</strong></span> <span class='ocrx_word' id='word_1_261' title='bbox 1490 2244 1559 2286; x_wconf 83' lang='lat' dir='ltr'><strong>ex</strong></span> <span class='ocrx_word' id='word_1_262' title='bbox 1598 2229 1886 2302; x_wconf 88' lang='lat' dir='ltr'><strong>Scriptura</strong></span> <span class='ocrx_word' id='word_1_263' title='bbox 1918 2229 2092 2288; x_wconf 83' lang='lat' dir='ltr'><strong>disci-</strong></span> 
     </span>
    </p>
   </div>
   <div class='ocr_carea' id='block_1_41' title="bbox 497 2320 2089 2395">
    <p class='ocr_par' dir='ltr' id='par_1_41' title="bbox 497 2320 2089 2395">
     <span class='ocr_line' id='line_1_41' title="bbox 497 2320 2089 2395; baseline -0.001 -15"><span class='ocrx_word' id='word_1_264' title='bbox 497 2321 646 2395; x_wconf 86' lang='lat' dir='ltr'><strong>mus)</strong></span> <span class='ocrx_word' id='word_1_265' title='bbox 702 2320 1025 2378; x_wconf 87' lang='lat' dir='ltr'><strong>tentationis</strong></span> <span class='ocrx_word' id='word_1_266' title='bbox 1076 2335 1294 2392; x_wconf 75' lang='lat' dir='ltr'><strong>genus:</strong></span> <span class='ocrx_word' id='word_1_267' title='bbox 1356 2336 1595 2391; x_wconf 91' lang='lat' dir='ltr'><strong>quorum</strong></span> <span class='ocrx_word' id='word_1_268' title='bbox 1648 2322 1913 2387; x_wconf 90' lang='lat' dir='ltr'><strong>alterum,</strong></span> <span class='ocrx_word' id='word_1_269' title='bbox 1957 2323 2089 2379; x_wconf 89' lang='lat' dir='ltr'><strong>libi-</strong></span> 
     </span>
    </p>
   </div>
   <div class='ocr_carea' id='block_1_42' title="bbox 495 2410 2087 2480">
    <p class='ocr_par' dir='ltr' id='par_1_42' title="bbox 495 2410 2087 2480">
     <span class='ocr_line' id='line_1_42' title="bbox 495 2410 2087 2480; baseline -0.001 -10"><span class='ocrx_word' id='word_1_270' title='bbox 495 2414 688 2470; x_wconf 89' lang='lat' dir='ltr'><strong>dinem</strong></span> <span class='ocrx_word' id='word_1_271' title='bbox 726 2411 936 2478; x_wconf 87' lang='lat' dir='ltr'><strong>habet;</strong></span> <span class='ocrx_word' id='word_1_272' title='bbox 997 2411 1258 2476; x_wconf 89' lang='lat' dir='ltr'><strong>alterum,</strong></span> <span class='ocrx_word' id='word_1_273' title='bbox 1311 2410 1561 2479; x_wconf 83' lang='lat' dir='ltr'><strong>dolorem</strong></span> <span class='ocrx_word' id='word_1_274' title='bbox 1617 2426 1683 2468; x_wconf 91' lang='lat' dir='ltr'><strong>ac</strong></span> <span class='ocrx_word' id='word_1_275' title='bbox 1736 2413 2087 2480; x_wconf 89' lang='lat' dir='ltr'><strong>cruciatum;</strong></span> 
     </span>
    </p>
   </div>
   <div class='ocr_carea' id='block_1_43' title="bbox 495 2502 2084 2576">
    <p class='ocr_par' dir='ltr' id='par_1_43' title="bbox 495 2502 2084 2576">
     <span class='ocr_line' id='line_1_43' title="bbox 495 2502 2084 2576; baseline -0.001 -14"><span class='ocrx_word' id='word_1_276' title='bbox 495 2515 663 2576; x_wconf 89' lang='lat' dir='ltr'><strong>atque</strong></span> <span class='ocrx_word' id='word_1_277' title='bbox 694 2503 951 2567; x_wconf 79' lang='lat' dir='ltr'><strong>alterum,</strong></span> <span class='ocrx_word' id='word_1_278' title='bbox 994 2518 1033 2557; x_wconf 74' lang='lat' dir='ltr'><strong>&#39;a</strong></span> <span class='ocrx_word' id='word_1_279' title='bbox 1078 2502 1254 2559; x_wconf 88' lang='lat' dir='ltr'><strong>libera</strong></span> <span class='ocrx_word' id='word_1_280' title='bbox 1299 2503 1586 2559; x_wconf 84' lang='lat' dir='ltr'><strong>voluntate</strong></span> <span class='ocrx_word' id='word_1_281' title='bbox 1637 2514 1765 2570; x_wconf 88' lang='lat' dir='ltr'><strong>est;</strong></span> <span class='ocrx_word' id='word_1_282' title='bbox 1813 2505 2084 2572; x_wconf 84' lang='lat' dir='ltr'><strong>alterum,</strong></span> 
     </span>
    </p>
   </div>
   <div class='ocr_carea' id='block_1_44' title="bbox 497 2593 2087 2667">
    <p class='ocr_par' dir='ltr' id='par_1_44' title="bbox 497 2593 2087 2667">
     <span class='ocr_line' id='line_1_44' title="bbox 497 2593 2087 2667; baseline -0.001 -14"><span class='ocrx_word' id='word_1_283' title='bbox 497 2595 689 2653; x_wconf 77' lang='lat' dir='ltr'><strong>invitis</strong></span> <span class='ocrx_word' id='word_1_284' title='bbox 737 2593 996 2651; x_wconf 83' lang='lat' dir='ltr'><strong>infertur.</strong></span> <span class='ocrx_word' id='word_1_285' title='bbox 1038 2593 1116 2649; x_wconf 85' lang='lat' dir='ltr'><strong>Ac</strong></span> <span class='ocrx_word' id='word_1_286' title='bbox 1162 2593 1299 2650; x_wconf 90' lang='lat' dir='ltr'><strong>illud</strong></span> <span class='ocrx_word' id='word_1_287' title='bbox 1344 2594 1593 2667; x_wconf 89' lang='lat' dir='ltr'><strong>quidem,</strong></span> <span class='ocrx_word' id='word_1_288' title='bbox 1622 2595 1835 2666; x_wconf 88' lang='lat' dir='ltr'><strong>peccati</strong></span> <span class='ocrx_word' id='word_1_289' title='bbox 1883 2611 2087 2666; x_wconf 88' lang='lat' dir='ltr'><strong>parens</strong></span> 
     </span>
    </p>
   </div>
   <div class='ocr_carea' id='block_1_45' title="bbox 494 2684 2087 2758">
    <p class='ocr_par' dir='ltr' id='par_1_45' title="bbox 494 2684 2087 2758">
     <span class='ocr_line' id='line_1_45' title="bbox 494 2684 2087 2758; baseline -0.002 -12"><span class='ocrx_word' id='word_1_290' title='bbox 494 2697 602 2754; x_wconf 86' lang='lat' dir='ltr'><strong>est,</strong></span> <span class='ocrx_word' id='word_1_291' title='bbox 647 2687 703 2743; x_wconf 92' lang='lat' dir='ltr'><strong>in</strong></span> <span class='ocrx_word' id='word_1_292' title='bbox 776 2685 925 2757; x_wconf 88' lang='lat' dir='ltr'><strong>quod</strong></span> <span class='ocrx_word' id='word_1_293' title='bbox 963 2700 1126 2741; x_wconf 87' lang='lat' dir='ltr'><strong>orare</strong></span> <span class='ocrx_word' id='word_1_294' title='bbox 1167 2684 1330 2742; x_wconf 89' lang='lat' dir='ltr'><strong>nobis</strong></span> <span class='ocrx_word' id='word_1_295' title='bbox 1379 2694 1716 2757; x_wconf 81' lang='lat' dir='ltr'><strong>praeceptum</strong></span> <span class='ocrx_word' id='word_1_296' title='bbox 1775 2693 1884 2752; x_wconf 91' lang='lat' dir='ltr'><strong>est,</strong></span> <span class='ocrx_word' id='word_1_297' title='bbox 1926 2687 2087 2758; x_wconf 74' lang='lat' dir='ltr'><strong>juxta</strong></span> 
     </span>
    </p>
   </div>
   <div class='ocr_carea' id='block_1_46' title="bbox 493 2776 2086 2845">
    <p class='ocr_par' dir='ltr' id='par_1_46' title="bbox 493 2776 2086 2845">
     <span class='ocr_line' id='line_1_46' title="bbox 493 2776 2086 2845; baseline -0.001 -9"><span class='ocrx_word' id='word_1_298' title='bbox 493 2778 715 2836; x_wconf 87' lang='lat' dir='ltr'><strong>Domini</strong></span> <span class='ocrx_word' id='word_1_299' title='bbox 764 2777 1098 2843; x_wconf 87' lang='lat' dir='ltr'><strong>doctrinam,</strong></span> <span class='ocrx_word' id='word_1_300' title='bbox 1143 2791 1216 2832; x_wconf 92' lang='lat' dir='ltr'><strong>ne</strong></span> <span class='ocrx_word' id='word_1_301' title='bbox 1247 2776 1540 2845; x_wconf 89' lang='lat' dir='ltr'><strong>intremus,</strong></span> <span class='ocrx_word' id='word_1_302' title='bbox 1579 2793 1707 2833; x_wconf 90' lang='lat' dir='ltr'><strong>cum</strong></span> <span class='ocrx_word' id='word_1_303' title='bbox 1742 2779 1822 2835; x_wconf 86' lang='lat' dir='ltr'><strong>ait</strong></span> <span class='ocrx_word' id='word_1_304' title='bbox 1856 2796 1871 2834; x_wconf 91' lang='lat'><strong>:</strong></span> <span class='ocrx_word' id='word_1_305' title='bbox 1922 2779 1991 2837; x_wconf 84' lang='lat' dir='ltr'><strong>Et</strong></span> <span class='ocrx_word' id='word_1_306' title='bbox 2020 2796 2086 2835; x_wconf 84' lang='lat' dir='ltr'><strong>ne</strong></span> 
     </span>
    </p>
   </div>
   <div class='ocr_carea' id='block_1_47' title="bbox 492 2870 2087 2943">
    <p class='ocr_par' dir='ltr' id='par_1_47' title="bbox 492 2870 2087 2943">
     <span class='ocr_line' id='line_1_47' title="bbox 492 2870 2087 2943; baseline -0.001 -13"><span class='ocrx_word' id='word_1_307' title='bbox 492 2890 590 2930; x_wconf 77' lang='lat' dir='ltr'><strong>nos</strong></span> <span class='ocrx_word' id='word_1_308' title='bbox 629 2872 833 2943; x_wconf 74' lang='lat' dir='ltr'><strong>inferas</strong></span> <span class='ocrx_word' id='word_1_309' title='bbox 886 2871 943 2925; x_wconf 85' lang='lat' dir='ltr'><strong>in</strong></span> <span class='ocrx_word' id='word_1_310' title='bbox 991 2870 1355 2925; x_wconf 82' lang='lat' dir='ltr'><strong>tentationem.</strong></span> <span class='ocrx_word' id='word_1_311' title='bbox 1407 2870 1479 2926; x_wconf 92' lang='lat' dir='ltr'><strong>Et</strong></span> <span class='ocrx_word' id='word_1_312' title='bbox 1520 2889 1533 2924; x_wconf 89' lang='lat'>:</span> <span class='ocrx_word' id='word_1_313' title='bbox 1569 2870 1813 2943; x_wconf 81' lang='lat' dir='ltr'><strong>Vigilate,</strong></span> <span class='ocrx_word' id='word_1_314' title='bbox 1866 2883 1925 2927; x_wconf 87' lang='lat' dir='ltr'><strong>ut</strong></span> <span class='ocrx_word' id='word_1_315' title='bbox 1979 2889 2087 2929; x_wconf 80' lang='lat' dir='ltr'><strong>non</strong></span> 
     </span>
    </p>
   </div>
   <div class='ocr_carea' id='block_1_48' title="bbox 492 2960 2085 3033">
    <p class='ocr_par' dir='ltr' id='par_1_48' title="bbox 492 2960 2085 3033">
     <span class='ocr_line' id='line_1_48' title="bbox 492 2960 2085 3033; baseline 0.001 -15"><span class='ocrx_word' id='word_1_316' title='bbox 492 2963 702 3019; x_wconf 74' lang='lat' dir='ltr'><strong>intretis</strong></span> <span class='ocrx_word' id='word_1_317' title='bbox 727 2962 785 3016; x_wconf 85' lang='lat' dir='ltr'><strong>in</strong></span> <span class='ocrx_word' id='word_1_318' title='bbox 830 2961 1179 3016; x_wconf 81' lang='lat' dir='ltr'><strong>tentatiouem</strong></span> <span class='ocrx_word' id='word_1_319' title='bbox 1202 2960 1280 3027; x_wconf 48' lang='grc' dir='ltr'>δὴ</span> <span class='ocrx_word' id='word_1_320' title='bbox 1315 2961 1463 3017; x_wconf 86' lang='lat' dir='ltr'><strong>istud</strong></span> <span class='ocrx_word' id='word_1_321' title='bbox 1494 2964 1901 3033; x_wconf 87' lang='lat' dir='ltr'><strong>vero,_peccati</strong></span> <span class='ocrx_word' id='word_1_322' title='bbox 1936 2965 2085 3021; x_wconf 91' lang='lat' dir='ltr'><strong>ultor</strong></span> 
     </span>
    </p>
   </div>
   <div class='ocr_carea' id='block_1_49' title="bbox 494 3050 2081 3124">
    <p class='ocr_par' dir='ltr' id='par_1_49' title="bbox 494 3050 2081 3124">
     <span class='ocr_line' id='line_1_49' title="bbox 494 3050 2081 3124; baseline 0.003 -15"><span class='ocrx_word' id='word_1_323' title='bbox 494 3060 602 3121; x_wconf 90' lang='lat' dir='ltr'><strong>est,</strong></span> <span class='ocrx_word' id='word_1_324' title='bbox 652 3053 764 3118; x_wconf 85' lang='lat' dir='ltr'><strong>his,</strong></span> <span class='ocrx_word' id='word_1_325' title='bbox 816 3066 957 3122; x_wconf 89' lang='lat' dir='ltr'><strong>quos</strong></span> <span class='ocrx_word' id='word_1_326' title='bbox 994 3050 1185 3107; x_wconf 84' lang='lat' dir='ltr'><strong>invitis</strong></span> <span class='ocrx_word' id='word_1_327' title='bbox 1238 3051 1496 3109; x_wconf 89' lang='lat' dir='ltr'><strong>inductos</strong></span> <span class='ocrx_word' id='word_1_328' title='bbox 1530 3054 1892 3124; x_wconf 88' lang='lat' dir='ltr'><strong>sustinemus,</strong></span> <span class='ocrx_word' id='word_1_329' title='bbox 1921 3056 2081 3114; x_wconf 84' lang='lat' dir='ltr'><strong>labo-</strong></span> 
     </span>
    </p>
   </div>
   <div class='ocr_carea' id='block_1_50' title="bbox 2190 1863 3779 1950">
    <p class='ocr_par' dir='ltr' id='par_1_50' title="bbox 2190 1863 3779 1950">
     <span class='ocr_line' id='line_1_50' title="bbox 2190 1863 3779 1950; baseline 0.01 -34"><span class='ocrx_word' id='word_1_330' title='bbox 2190 1863 2364 1933; x_wconf 79' lang='grc' dir='ltr'>ηγῶνο</span> <span class='ocrx_word' id='word_1_331' title='bbox 2396 1867 2424 1918; x_wconf 91' lang='lat'><strong>6</strong></span> <span class='ocrx_word' id='word_1_332' title='bbox 2449 1865 2525 1931; x_wconf 85' lang='grc' dir='ltr'>δὲ,</span> <span class='ocrx_word' id='word_1_333' title='bbox 2557 1864 2788 1921; x_wconf 88' lang='grc' dir='ltr'>θάνατον</span> <span class='ocrx_word' id='word_1_334' title='bbox 2811 1870 2877 1940; x_wconf 80' lang='grc' dir='ltr'>τῇ</span> <span class='ocrx_word' id='word_1_335' title='bbox 2900 1868 3010 1924; x_wconf 89' lang='grc' dir='ltr'><strong>τῶν</strong></span> <span class='ocrx_word' id='word_1_336' title='bbox 3033 1869 3300 1927; x_wconf 77' lang='grc' dir='ltr'>ἑκουσίων</span> <span class='ocrx_word' id='word_1_337' title='bbox 3322 1873 3563 1947; x_wconf 77' lang='grc' dir='ltr'>ὑποϐολῇ</span> <span class='ocrx_word' id='word_1_338' title='bbox 3589 1892 3779 1950; x_wconf 84' lang='grc' dir='ltr'>πειρα-</span> 
     </span>
    </p>
   </div>
   <div class='ocr_carea' id='block_1_51' title="bbox 2195 1954 3229 2031">
    <p class='ocr_par' dir='ltr' id='par_1_51' title="bbox 2195 1954 3229 2031">
     <span class='ocr_line' id='line_1_51' title="bbox 2195 1954 3229 2031; baseline 0.009 -23"><span class='ocrx_word' id='word_1_339' title='bbox 2195 1954 2351 2026; x_wconf 89' lang='grc' dir='ltr'>σμῶν</span> <span class='ocrx_word' id='word_1_340' title='bbox 2375 1956 2488 2021; x_wconf 79' lang='grc' dir='ltr'>τοῖς</span> <span class='ocrx_word' id='word_1_341' title='bbox 2517 1955 2830 2026; x_wconf 73' lang='grc' dir='ltr'>ἐγγίζουσιν</span> <span class='ocrx_word' id='word_1_342' title='bbox 2851 1958 3114 2031; x_wconf 83' lang='grc' dir='ltr'>ἐμποιῶν.</span> <span class='ocrx_word' id='word_1_343' title='bbox 3224 2022 3229 2030; x_wconf 56' lang='grc'><strong>,</strong></span> 
     </span>
    </p>
   </div>
   <div class='ocr_carea' id='block_1_52' title="bbox 2260 2226 3777 2309">
    <p class='ocr_par' dir='ltr' id='par_1_52' title="bbox 2260 2226 3777 2309">
     <span class='ocr_line' id='line_1_52' title="bbox 2260 2226 3777 2309; baseline 0.009 -29"><span class='ocrx_word' id='word_1_344' title='bbox 2260 2226 2447 2292; x_wconf 83' lang='grc' dir='ltr'>Διττὸς</span> <span class='ocrx_word' id='word_1_345' title='bbox 2498 2226 2612 2300; x_wconf 84' lang='grc' dir='ltr'><strong>γὰρ</strong></span> <span class='ocrx_word' id='word_1_346' title='bbox 2690 2226 2834 2284; x_wconf 79' lang='grc' dir='ltr'>κατὰ</span> <span class='ocrx_word' id='word_1_347' title='bbox 2880 2227 2979 2300; x_wconf 83' lang='grc' dir='ltr'>τὴν</span> <span class='ocrx_word' id='word_1_348' title='bbox 3021 2229 3246 2305; x_wconf 83' lang='grc' dir='ltr'>Γραφὴν</span> <span class='ocrx_word' id='word_1_349' title='bbox 3299 2232 3411 2288; x_wconf 89' lang='grc' dir='ltr'><strong>τῶν</strong></span> <span class='ocrx_word' id='word_1_350' title='bbox 3455 2236 3777 2309; x_wconf 81' lang='grc' dir='ltr'>πειρασμῶν</span> 
     </span>
    </p>
   </div>
   <div class='ocr_carea' id='block_1_53' title="bbox 2187 2317 3772 2403">
    <p class='ocr_par' dir='ltr' id='par_1_53' title="bbox 2187 2317 3772 2403">
     <span class='ocr_line' id='line_1_53' title="bbox 2187 2317 3772 2403; baseline 0.008 -29"><span class='ocrx_word' id='word_1_351' title='bbox 2187 2317 2218 2374; x_wconf 79' lang='grc'>6</span> <span class='ocrx_word' id='word_1_352' title='bbox 2238 2319 2459 2390; x_wconf 86' lang='grc' dir='ltr'>τρόπος·</span> <span class='ocrx_word' id='word_1_353' title='bbox 2495 2322 2524 2374; x_wconf 92' lang='lat'><strong>6</strong></span> <span class='ocrx_word' id='word_1_354' title='bbox 2551 2320 2672 2391; x_wconf 80' lang='grc' dir='ltr'>μὲν,</span> <span class='ocrx_word' id='word_1_355' title='bbox 2708 2322 2977 2392; x_wconf 89' lang='grc' dir='ltr'>ἡδονικὸς,</span> <span class='ocrx_word' id='word_1_356' title='bbox 3004 2325 3033 2377; x_wconf 89' lang='lat'><strong>6</strong></span> <span class='ocrx_word' id='word_1_357' title='bbox 3056 2323 3135 2390; x_wconf 81' lang='grc' dir='ltr'>δὲ,</span> <span class='ocrx_word' id='word_1_358' title='bbox 3165 2324 3443 2397; x_wconf 78' lang='grc' dir='ltr'>ὀδυνηρό;’</span> <span class='ocrx_word' id='word_1_359' title='bbox 3476 2329 3570 2384; x_wconf 75' lang='grc' dir='ltr'>καὶ</span> <span class='ocrx_word' id='word_1_360' title='bbox 3597 2331 3627 2384; x_wconf 88' lang='lat'><strong>6</strong></span> <span class='ocrx_word' id='word_1_361' title='bbox 3652 2332 3772 2403; x_wconf 82' lang='grc' dir='ltr'>μὲν,</span> 
     </span>
    </p>
   </div>
   <div class='ocr_carea' id='block_1_54' title="bbox 2189 2410 3776 2495">
    <p class='ocr_par' dir='ltr' id='par_1_54' title="bbox 2189 2410 3776 2495">
     <span class='ocr_line' id='line_1_54' title="bbox 2189 2410 3776 2495; baseline 0.011 -34"><span class='ocrx_word' id='word_1_362' title='bbox 2189 2410 2614 2481; x_wconf 83' lang='grc' dir='ltr'>προαιρετικὸς,</span> <span class='ocrx_word' id='word_1_363' title='bbox 2649 2413 2678 2466; x_wconf 93' lang='lat'><strong>6</strong></span> <span class='ocrx_word' id='word_1_364' title='bbox 2726 2411 2813 2478; x_wconf 74' lang='grc' dir='ltr'>δὲ,</span> <span class='ocrx_word' id='word_1_365' title='bbox 2861 2413 3248 2487; x_wconf 82' lang='grc' dir='ltr'>ἀπροαίρετος.</span> <span class='ocrx_word' id='word_1_366' title='bbox 3302 2418 3415 2472; x_wconf 75' lang='grc' dir='ltr'><strong>Καὶ</strong></span> <span class='ocrx_word' id='word_1_367' title='bbox 3455 2420 3485 2474; x_wconf 87' lang='lat'><strong>6</strong></span> <span class='ocrx_word' id='word_1_368' title='bbox 3529 2422 3631 2492; x_wconf 84' lang='grc' dir='ltr'>μὲν</span> <span class='ocrx_word' id='word_1_369' title='bbox 3675 2424 3776 2495; x_wconf 81' lang='grc' dir='ltr'>τῆς</span> 
     </span>
    </p>
   </div>
   <div class='ocr_carea' id='block_1_55' title="bbox 2188 2498 3773 2585">
    <p class='ocr_par' dir='ltr' id='par_1_55' title="bbox 2188 2498 3773 2585">
     <span class='ocr_line' id='line_1_55' title="bbox 2188 2498 3773 2585; baseline 0.011 -33"><span class='ocrx_word' id='word_1_370' title='bbox 2188 2498 2467 2570; x_wconf 83' lang='grc' dir='ltr'>ἁμαρτίας</span> <span class='ocrx_word' id='word_1_371' title='bbox 2511 2504 2812 2575; x_wconf 81' lang='grc' dir='ltr'>γεννήτωρ,</span> <span class='ocrx_word' id='word_1_372' title='bbox 2839 2504 2919 2568; x_wconf 79' lang='grc' dir='ltr'><strong>είς</strong></span> <span class='ocrx_word' id='word_1_373' title='bbox 2962 2504 3022 2559; x_wconf 81' lang='grc' dir='ltr'>ὃν</span> <span class='ocrx_word' id='word_1_374' title='bbox 3061 2506 3346 2576; x_wconf 75' lang='grc' dir='ltr'>εἰσελθεῖν,</span> <span class='ocrx_word' id='word_1_375' title='bbox 3391 2511 3535 2575; x_wconf 86' lang='grc' dir='ltr'><strong>κατὰ</strong></span> <span class='ocrx_word' id='word_1_376' title='bbox 3558 2512 3658 2585; x_wconf 90' lang='grc' dir='ltr'><strong>τὴν</strong></span> <span class='ocrx_word' id='word_1_377' title='bbox 3679 2515 3773 2570; x_wconf 87' lang='grc' dir='ltr'><strong>τοῦ</strong></span> 
     </span>
    </p>
   </div>
   <div class='ocr_carea' id='block_1_56' title="bbox 2187 2592 3775 2673">
    <p class='ocr_par' dir='ltr' id='par_1_56' title="bbox 2187 2592 3775 2673">
     <span class='ocr_line' id='line_1_56' title="bbox 2187 2592 3775 2673; baseline 0.011 -29"><span class='ocrx_word' id='word_1_378' title='bbox 2187 2592 2394 2665; x_wconf 81' lang='grc' dir='ltr'>Κυρίου</span> <span class='ocrx_word' id='word_1_379' title='bbox 2423 2592 2667 2665; x_wconf 84' lang='grc' dir='ltr'>διδαχὴν,</span> <span class='ocrx_word' id='word_1_380' title='bbox 2696 2594 3033 2667; x_wconf 81' lang='grc' dir='ltr'>ἀπεύχεσθαι</span> <span class='ocrx_word' id='word_1_381' title='bbox 3062 2599 3519 2673; x_wconf 84' lang='grc' dir='ltr'>προσετάγημεν,</span> <span class='ocrx_word' id='word_1_382' title='bbox 3542 2606 3775 2673; x_wconf 85' lang='grc' dir='ltr'>φάσκον-</span> 
     </span>
    </p>
   </div>
   <div class='ocr_carea' id='block_1_57' title="bbox 2185 2684 3769 2768">
    <p class='ocr_par' dir='ltr' id='par_1_57' title="bbox 2185 2684 3769 2768">
     <span class='ocr_line' id='line_1_57' title="bbox 2185 2684 3769 2768; baseline 0.009 -31"><span class='ocrx_word' id='word_1_383' title='bbox 2185 2699 2300 2748; x_wconf 86' lang='grc' dir='ltr'>τος·</span> <span class='ocrx_word' id='word_1_384' title='bbox 2331 2685 2439 2739; x_wconf 79' lang='lat' dir='ltr'><strong>Kal</strong></span> <span class='ocrx_word' id='word_1_385' title='bbox 2463 2684 2552 2756; x_wconf 80' lang='grc' dir='ltr'><strong>μὴ</strong></span> <span class='ocrx_word' id='word_1_386' title='bbox 2575 2687 2929 2758; x_wconf 77' lang='grc' dir='ltr'>εισενέγκῃς</span> <span class='ocrx_word' id='word_1_387' title='bbox 2954 2687 3116 2760; x_wconf 77' lang='grc' dir='ltr'>ἡμᾶς</span> <span class='ocrx_word' id='word_1_388' title='bbox 3141 2694 3231 2759; x_wconf 70' lang='grc' dir='ltr'>εἰς</span> <span class='ocrx_word' id='word_1_389' title='bbox 3254 2698 3610 2767; x_wconf 79' lang='grc' dir='ltr'>πειρασμόν.</span> <span class='ocrx_word' id='word_1_390' title='bbox 3641 2700 3769 2768; x_wconf 73' lang='grc' dir='ltr'><strong>Καὶ,</strong></span> 
     </span>
    </p>
   </div>
   <div class='ocr_carea' id='block_1_58' title="bbox 2185 2776 3772 2861">
    <p class='ocr_par' dir='ltr' id='par_1_58' title="bbox 2185 2776 3772 2861">
     <span class='ocr_line' id='line_1_58' title="bbox 2185 2776 3772 2861; baseline 0.012 -33"><span class='ocrx_word' id='word_1_391' title='bbox 2185 2776 2545 2846; x_wconf 55' lang='grc' dir='ltr'>Γρηγορεῖτε</span> <span class='ocrx_word' id='word_1_392' title='bbox 2560 2817 2577 2844; x_wconf 92' lang='grc'><strong>,</strong></span> <span class='ocrx_word' id='word_1_393' title='bbox 2608 2778 2707 2833; x_wconf 77' lang='grc' dir='ltr'>καὶ</span> <span class='ocrx_word' id='word_1_394' title='bbox 2743 2781 3180 2850; x_wconf 78' lang='grc' dir='ltr'>προσεύχεσθε,</span> <span class='ocrx_word' id='word_1_395' title='bbox 3224 2785 3325 2839; x_wconf 80' lang='grc' dir='ltr'><strong>ἵνα</strong></span> <span class='ocrx_word' id='word_1_396' title='bbox 3347 2785 3434 2856; x_wconf 81' lang='grc' dir='ltr'>μὴ</span> <span class='ocrx_word' id='word_1_397' title='bbox 3463 2790 3772 2861; x_wconf 70' lang='grc' dir='ltr'>εἰσέλθητε</span> 
     </span>
    </p>
   </div>
   <div class='ocr_carea' id='block_1_59' title="bbox 2184 2866 3770 2950">
    <p class='ocr_par' dir='ltr' id='par_1_59' title="bbox 2184 2866 3770 2950">
     <span class='ocr_line' id='line_1_59' title="bbox 2184 2866 3770 2950; baseline 0.012 -31"><span class='ocrx_word' id='word_1_398' title='bbox 2184 2866 2273 2931; x_wconf 82' lang='grc' dir='ltr'>εις</span> <span class='ocrx_word' id='word_1_399' title='bbox 2294 2869 2651 2937; x_wconf 60' lang='grc' dir='ltr'>πειρασμόν</span> <span class='ocrx_word' id='word_1_400' title='bbox 2684 2870 2714 2923; x_wconf 88' lang='lat'><strong>6</strong></span> <span class='ocrx_word' id='word_1_401' title='bbox 2737 2869 2817 2937; x_wconf 80' lang='grc' dir='ltr'><strong>δὲ,</strong></span> <span class='ocrx_word' id='word_1_402' title='bbox 2860 2871 2963 2942; x_wconf 84' lang='grc' dir='ltr'>τῆς</span> <span class='ocrx_word' id='word_1_403' title='bbox 2992 2872 3272 2945; x_wconf 81' lang='grc' dir='ltr'>ἁμαρτίας</span> <span class='ocrx_word' id='word_1_404' title='bbox 3298 2878 3562 2950; x_wconf 77' lang='grc' dir='ltr'>τιμωρός,</span> <span class='ocrx_word' id='word_1_405' title='bbox 3608 2881 3770 2937; x_wconf 86' lang='grc' dir='ltr'>ἀκου-</span> 
     </span>
    </p>
   </div>
   <div class='ocr_carea' id='block_1_60' title="bbox 2186 2953 3769 3036">
    <p class='ocr_par' dir='ltr' id='par_1_60' title="bbox 2186 2953 3769 3036">
     <span class='ocr_line' id='line_1_60' title="bbox 2186 2953 3769 3036; baseline 0.011 -28"><span class='ocrx_word' id='word_1_406' title='bbox 2186 2953 2325 3019; x_wconf 90' lang='grc' dir='ltr'>σίοις</span> <span class='ocrx_word' id='word_1_407' title='bbox 2372 2955 2551 3010; x_wconf 88' lang='grc' dir='ltr'>πόνων</span> <span class='ocrx_word' id='word_1_408' title='bbox 2588 2957 2879 3030; x_wconf 76' lang='grc' dir='ltr'>ἐπιφοραῖς</span> <span class='ocrx_word' id='word_1_409' title='bbox 2911 2960 3010 3031; x_wconf 80' lang='grc' dir='ltr'>τὴν</span> <span class='ocrx_word' id='word_1_410' title='bbox 3042 2961 3500 3036; x_wconf 85' lang='grc' dir='ltr'>φιλαμαρτὴμονα</span> <span class='ocrx_word' id='word_1_411' title='bbox 3534 2969 3769 3035; x_wconf 83' lang='grc' dir='ltr'>κολάζων</span> 
     </span>
    </p>
   </div>
   <div class='ocr_carea' id='block_1_61' title="bbox 2182 3043 3769 3131">
    <p class='ocr_par' dir='ltr' id='par_1_61' title="bbox 2182 3043 3769 3131">
     <span class='ocr_line' id='line_1_61' title="bbox 2182 3043 3769 3131; baseline 0.014 -33"><span class='ocrx_word' id='word_1_412' title='bbox 2182 3043 2459 3101; x_wconf 69' lang='grc' dir='ltr'><strong>διάθεσιν⁵</strong></span> <span class='ocrx_word' id='word_1_413' title='bbox 2515 3047 2575 3102; x_wconf 79' lang='grc' dir='ltr'>ὃν</span> <span class='ocrx_word' id='word_1_414' title='bbox 2605 3048 2659 3102; x_wconf 82' lang='grc' dir='ltr'><strong>εί</strong></span> <span class='ocrx_word' id='word_1_415' title='bbox 2698 3065 2785 3114; x_wconf 86' lang='grc' dir='ltr'><strong>τις</strong></span> <span class='ocrx_word' id='word_1_416' title='bbox 2832 3051 3139 3125; x_wconf 81' lang='grc' dir='ltr'>ὑπομείνῃ,</span> <span class='ocrx_word' id='word_1_417' title='bbox 3175 3056 3271 3111; x_wconf 77' lang='grc' dir='ltr'>καὶ</span> <span class='ocrx_word' id='word_1_418' title='bbox 3309 3059 3547 3128; x_wconf 84' lang='grc' dir='ltr'>μάλιστα</span> <span class='ocrx_word' id='word_1_419' title='bbox 3575 3063 3769 3131; x_wconf 87' lang='grc' dir='ltr'>κακίας</span> 
     </span>
    </p>
   </div>
   <div class='ocr_carea' id='block_1_62' title="bbox 492 3109 2083 3224">
    <p class='ocr_par' dir='ltr' id='par_1_62' title="bbox 492 3143 2079 3218">
     <span class='ocr_line' id='line_1_62' title="bbox 492 3143 2079 3218; baseline 0.003 -18"><span class='ocrx_word' id='word_1_420' title='bbox 492 3144 674 3210; x_wconf 81' lang='lat' dir='ltr'><strong>ribus,</strong></span> <span class='ocrx_word' id='word_1_421' title='bbox 699 3143 909 3214; x_wconf 87' lang='lat' dir='ltr'><strong>peccati</strong></span> <span class='ocrx_word' id='word_1_422' title='bbox 938 3150 1214 3198; x_wconf 90' lang='lat' dir='ltr'><strong>amantem</strong></span> <span class='ocrx_word' id='word_1_423' title='bbox 1242 3143 1490 3199; x_wconf 89' lang='lat' dir='ltr'><strong>animum</strong></span> <span class='ocrx_word' id='word_1_424' title='bbox 1547 3145 1853 3218; x_wconf 81' lang='lat' dir='ltr'><strong>castigans;</strong></span> <span class='ocrx_word' id='word_1_425' title='bbox 1884 3146 2079 3204; x_wconf 80' lang='lat' dir='ltr'><strong>istius-</strong></span> 
     </span>
    </p>
   </div>
   <div class='ocr_carea' id='block_1_63' title="bbox 2183 3109 3768 3224">
    <p class='ocr_par' dir='ltr' id='par_1_63' title="bbox 2183 3109 3768 3224">
     <span class='ocr_line' id='line_1_63' title="bbox 2183 3109 3768 3224; baseline 0.014 -35"><span class='ocrx_word' id='word_1_426' title='bbox 2183 3136 2334 3207; x_wconf 71' lang='grc' dir='ltr'>ἥλοις</span> <span class='ocrx_word' id='word_1_427' title='bbox 2386 3137 2487 3191; x_wconf 86' lang='grc' dir='ltr'><strong>οὐκ</strong></span> <span class='ocrx_word' id='word_1_428' title='bbox 2529 3109 2996 3213; x_wconf 77' lang='grc' dir='ltr'>ἐμπεπαρμένος,</span> <span class='ocrx_word' id='word_1_429' title='bbox 3057 3109 3349 3204; x_wconf 65' lang='grc' dir='ltr'>ἀκούσεται</span> <span class='ocrx_word' id='word_1_430' title='bbox 3391 3152 3489 3206; x_wconf 88' lang='grc' dir='ltr'><strong>τοῦ</strong></span> <span class='ocrx_word' id='word_1_431' title='bbox 3535 3109 3768 3224; x_wconf 71' lang='grc' dir='ltr'>μεγάλοῦ</span> 
     </span>
    </p>
   </div>
   <div class='ocr_carea' id='block_1_64' title="bbox 490 3234 2082 3310">
    <p class='ocr_par' dir='ltr' id='par_1_64' title="bbox 490 3234 2082 3310">
     <span class='ocr_line' id='line_1_64' title="bbox 490 3234 2082 3310; baseline 0.002 -18"><span class='ocrx_word' id='word_1_432' title='bbox 490 3235 645 3292; x_wconf 88' lang='lat' dir='ltr'><strong>modi</strong></span> <span class='ocrx_word' id='word_1_433' title='bbox 691 3234 1052 3291; x_wconf 84' lang='lat' dir='ltr'><strong>tentationem</strong></span> <span class='ocrx_word' id='word_1_434' title='bbox 1097 3234 1141 3290; x_wconf 88' lang='lat' dir='ltr'><strong>si</strong></span> <span class='ocrx_word' id='word_1_435' title='bbox 1176 3234 1303 3305; x_wconf 91' lang='lat' dir='ltr'><strong>quis</strong></span> <span class='ocrx_word' id='word_1_436' title='bbox 1347 3235 1679 3293; x_wconf 88' lang='lat' dir='ltr'><strong>sustinuerit</strong></span> <span class='ocrx_word' id='word_1_437' title='bbox 1728 3239 1797 3310; x_wconf 91' lang='lat' dir='ltr'><strong>(is</strong></span> <span class='ocrx_word' id='word_1_438' title='bbox 1844 3239 2082 3295; x_wconf 78' lang='lat' dir='ltr'><strong>maxime</strong></span> 
     </span>
    </p>
   </div>
   <div class='ocr_carea' id='block_1_65' title="bbox 492 3323 2083 3396">
    <p class='ocr_par' dir='ltr' id='par_1_65' title="bbox 492 3323 2083 3396">
     <span class='ocr_line' id='line_1_65' title="bbox 492 3323 2083 3396; baseline 0.003 -17"><span class='ocrx_word' id='word_1_439' title='bbox 492 3325 589 3396; x_wconf 90' lang='lat' dir='ltr'><strong>qui</strong></span> <span class='ocrx_word' id='word_1_440' title='bbox 633 3325 894 3379; x_wconf 77' lang='lat' dir='ltr'><strong>vitiorum</strong></span> <span class='ocrx_word' id='word_1_441' title='bbox 928 3336 994 3380; x_wconf 89' lang='lat' dir='ltr'><strong>ac</strong></span> <span class='ocrx_word' id='word_1_442' title='bbox 1041 3323 1305 3395; x_wconf 56' lang='lat' dir='ltr'><strong>nequitia”:</strong></span> <span class='ocrx_word' id='word_1_443' title='bbox 1346 3324 1516 3380; x_wconf 84' lang='lat' dir='ltr'><strong>clavis</strong></span> <span class='ocrx_word' id='word_1_444' title='bbox 1548 3325 1775 3382; x_wconf 89' lang='lat' dir='ltr'><strong>minime</strong></span> <span class='ocrx_word' id='word_1_445' title='bbox 1830 3327 2083 3383; x_wconf 80' lang='lat' dir='ltr'><strong>conﬁxus</strong></span> 
     </span>
    </p>
   </div>
   <div class='ocr_carea' id='block_1_66' title="bbox 491 3414 2081 3489">
    <p class='ocr_par' dir='ltr' id='par_1_66' title="bbox 491 3414 2081 3489">
     <span class='ocr_line' id='line_1_66' title="bbox 491 3414 2081 3489; baseline 0.001 -17"><span class='ocrx_word' id='word_1_446' title='bbox 491 3415 586 3489; x_wconf 86' lang='lat' dir='ltr'><strong>sit)</strong></span> <span class='ocrx_word' id='word_1_447' title='bbox 610 3416 840 3472; x_wconf 82' lang='lat' dir='ltr'><strong>beatum</strong></span> <span class='ocrx_word' id='word_1_448' title='bbox 864 3414 1131 3471; x_wconf 87' lang='lat' dir='ltr'><strong>Jacobum</strong></span> <span class='ocrx_word' id='word_1_449' title='bbox 1168 3414 1377 3471; x_wconf 87' lang='lat' dir='ltr'><strong>diserte</strong></span> <span class='ocrx_word' id='word_1_450' title='bbox 1414 3416 1747 3473; x_wconf 89' lang='lat' dir='ltr'><strong>clamantem</strong></span> <span class='ocrx_word' id='word_1_451' title='bbox 1783 3417 2081 3475; x_wconf 89' lang='lat' dir='ltr'><strong>auditurus</strong></span> 
     </span>
    </p>
   </div>
   <div class='ocr_carea' id='block_1_67' title="bbox 491 3506 2082 3579">
    <p class='ocr_par' dir='ltr' id='par_1_67' title="bbox 491 3506 2082 3579">
     <span class='ocr_line' id='line_1_67' title="bbox 491 3506 2082 3579; baseline 0.001 -16"><span class='ocrx_word' id='word_1_452' title='bbox 491 3517 623 3564; x_wconf 89' lang='lat' dir='ltr'><strong>est:</strong></span> <span class='ocrx_word' id='word_1_453' title='bbox 665 3506 838 3563; x_wconf 79' lang='lat' dir='ltr'><strong>Omne</strong></span> <span class='ocrx_word' id='word_1_454' title='bbox 894 3507 1154 3579; x_wconf 79' lang='lat' dir='ltr'><strong>gaudium</strong></span> <span class='ocrx_word' id='word_1_455' title='bbox 1207 3507 1529 3576; x_wconf 68' lang='lat' dir='ltr'><strong>existimate,</strong></span> <span class='ocrx_word' id='word_1_456' title='bbox 1582 3509 1798 3579; x_wconf 75' lang='lat' dir='ltr'><strong>fratres,</strong></span> <span class='ocrx_word' id='word_1_457' title='bbox 1852 3527 1972 3566; x_wconf 85' lang='lat' dir='ltr'><strong>cum</strong></span> <span class='ocrx_word' id='word_1_458' title='bbox 2024 3512 2082 3565; x_wconf 86' lang='lat' dir='ltr'><strong>in</strong></span> 
     </span>
    </p>
   </div>
   <div class='ocr_carea' id='block_1_68' title="bbox 492 3600 2083 3674">
    <p class='ocr_par' dir='ltr' id='par_1_68' title="bbox 492 3600 2083 3674">
     <span class='ocr_line' id='line_1_68' title="bbox 492 3600 2083 3674; baseline 0.001 -18"><span class='ocrx_word' id='word_1_459' title='bbox 492 3603 807 3656; x_wconf 73' lang='lat' dir='ltr'><strong>tentatioues</strong></span> <span class='ocrx_word' id='word_1_460' title='bbox 865 3602 1047 3656; x_wconf 81' lang='lat' dir='ltr'><strong>varias</strong></span> <span class='ocrx_word' id='word_1_461' title='bbox 1096 3600 1421 3667; x_wconf 75' lang='lat' dir='ltr'><strong>incideritis;</strong></span> <span class='ocrx_word' id='word_1_462' title='bbox 1482 3602 1611 3673; x_wconf 83' lang='lat' dir='ltr'><strong>quia</strong></span> <span class='ocrx_word' id='word_1_463' title='bbox 1666 3603 1908 3674; x_wconf 82' lang='lat' dir='ltr'><strong>probatio</strong></span> <span class='ocrx_word' id='word_1_464' title='bbox 1954 3603 2083 3673; x_wconf 82' lang='lat' dir='ltr'><strong>ﬁdei</strong></span> 
     </span>
    </p>
   </div>
   <div class='ocr_carea' id='block_1_69' title="bbox 488 3693 2078 3766">
    <p class='ocr_par' dir='ltr' id='par_1_69' title="bbox 488 3693 2078 3766">
     <span class='ocr_line' id='line_1_69' title="bbox 488 3693 2078 3766; baseline -0.001 -16"><span class='ocrx_word' id='word_1_465' title='bbox 488 3701 675 3750; x_wconf 72' lang='lat' dir='ltr'><strong>uestra:</strong></span> <span class='ocrx_word' id='word_1_466' title='bbox 720 3694 1037 3765; x_wconf 82' lang='lat' dir='ltr'><strong>patientiam</strong></span> <span class='ocrx_word' id='word_1_467' title='bbox 1081 3700 1372 3764; x_wconf 85' lang='lat' dir='ltr'><strong>operatur;</strong></span> <span class='ocrx_word' id='word_1_468' title='bbox 1415 3693 1678 3765; x_wconf 83' lang='lat' dir='ltr'><strong>patientia</strong></span> <span class='ocrx_word' id='word_1_469' title='bbox 1722 3703 1903 3749; x_wconf 87' lang='lat' dir='ltr'><strong>autem</strong></span> <span class='ocrx_word' id='word_1_470' title='bbox 1952 3710 2078 3766; x_wconf 89' lang='lat' dir='ltr'><strong>pro-</strong></span> 
     </span>
    </p>
   </div>
   <div class='ocr_carea' id='block_1_70' title="bbox 489 3786 2076 3859">
    <p class='ocr_par' dir='ltr' id='par_1_70' title="bbox 489 3786 2076 3859">
     <span class='ocr_line' id='line_1_70' title="bbox 489 3786 2076 3859; baseline 0.001 -18"><span class='ocrx_word' id='word_1_471' title='bbox 489 3787 794 3852; x_wconf 83' lang='lat' dir='ltr'><strong>bationem;</strong></span> <span class='ocrx_word' id='word_1_472' title='bbox 824 3786 1063 3859; x_wconf 88' lang='lat' dir='ltr'><strong>probatio</strong></span> <span class='ocrx_word' id='word_1_473' title='bbox 1106 3793 1285 3840; x_wconf 85' lang='lat' dir='ltr'><strong>autem</strong></span> <span class='ocrx_word' id='word_1_474' title='bbox 1318 3802 1449 3858; x_wconf 79' lang='lat' dir='ltr'><strong>opus</strong></span> <span class='ocrx_word' id='word_1_475' title='bbox 1487 3786 1777 3858; x_wconf 80' lang='lat' dir='ltr'><strong>perfectum</strong></span> <span class='ocrx_word' id='word_1_476' title='bbox 1799 3787 1990 3842; x_wconf 84' lang='lat' dir='ltr'><strong>habeat</strong></span> <span class='ocrx_word' id='word_1_477' title='bbox 2011 3787 2076 3842; x_wconf 71' lang='grc'><strong>⁸⁸.</strong></span> 
     </span>
    </p>
   </div>
   <div class='ocr_carea' id='block_1_71' title="bbox 489 3876 2081 3950">
    <p class='ocr_par' dir='ltr' id='par_1_71' title="bbox 489 3876 2081 3950">
     <span class='ocr_line' id='line_1_71' title="bbox 489 3876 2081 3950; baseline -0.001 -14"><span class='ocrx_word' id='word_1_478' title='bbox 489 3878 799 3950; x_wconf 83' lang='lat' dir='ltr'><strong>Utrumque</strong></span> <span class='ocrx_word' id='word_1_479' title='bbox 847 3888 1033 3934; x_wconf 88' lang='lat' dir='ltr'><strong>autem</strong></span> <span class='ocrx_word' id='word_1_480' title='bbox 1074 3877 1451 3934; x_wconf 85' lang='lat' dir='ltr'><strong>tentationum</strong></span> <span class='ocrx_word' id='word_1_481' title='bbox 1480 3892 1658 3949; x_wconf 83' lang='lat' dir='ltr'><strong>genus</strong></span> <span class='ocrx_word' id='word_1_482' title='bbox 1701 3877 1841 3949; x_wconf 90' lang='lat' dir='ltr'><strong>(tum</strong></span> <span class='ocrx_word' id='word_1_483' title='bbox 1867 3876 2081 3934; x_wconf 83' lang='lat' dir='ltr'><strong>scilicet</strong></span> 
     </span>
    </p>
   </div>
   <div class='ocr_carea' id='block_1_72' title="bbox 488 3969 2078 4041">
    <p class='ocr_par' dir='ltr' id='par_1_72' title="bbox 488 3969 2078 4041">
     <span class='ocr_line' id='line_1_72' title="bbox 488 3969 2078 4041; baseline -0.001 -13"><span class='ocrx_word' id='word_1_484' title='bbox 488 3986 681 4028; x_wconf 86' lang='lat' dir='ltr'><strong>earum</strong></span> <span class='ocrx_word' id='word_1_485' title='bbox 736 3985 859 4041; x_wconf 67' lang='lat' dir='ltr'><strong>quae</strong></span> <span class='ocrx_word' id='word_1_486' title='bbox 913 3985 947 4025; x_wconf 85' lang='lat' dir='ltr'><strong>a</strong></span> <span class='ocrx_word' id='word_1_487' title='bbox 993 3969 1279 4026; x_wconf 76' lang='lat' dir='ltr'><strong>veluntate</strong></span> <span class='ocrx_word' id='word_1_488' title='bbox 1325 3977 1489 4036; x_wconf 90' lang='lat' dir='ltr'><strong>sunt,</strong></span> <span class='ocrx_word' id='word_1_489' title='bbox 1523 3979 1641 4026; x_wconf 90' lang='lat' dir='ltr'><strong>tum</strong></span> <span class='ocrx_word' id='word_1_490' title='bbox 1680 3985 1802 4039; x_wconf 72' lang='lat' dir='ltr'><strong>quae</strong></span> <span class='ocrx_word' id='word_1_491' title='bbox 1829 3969 2078 4026; x_wconf 78' lang='lat' dir='ltr'><strong>exterius</strong></span> 
     </span>
    </p>
   </div>
   <div class='ocr_carea' id='block_1_73' title="bbox 489 4059 2076 4134">
    <p class='ocr_par' dir='ltr' id='par_1_73' title="bbox 489 4059 2076 4134">
     <span class='ocr_line' id='line_1_73' title="bbox 489 4059 2076 4134; baseline -0.002 -16"><span class='ocrx_word' id='word_1_492' title='bbox 489 4060 839 4134; x_wconf 80' lang='lat' dir='ltr'><strong>ingeruntur)</strong></span> <span class='ocrx_word' id='word_1_493' title='bbox 879 4060 1116 4132; x_wconf 84' lang='lat' dir='ltr'><strong>maligne</strong></span> <span class='ocrx_word' id='word_1_494' title='bbox 1162 4075 1444 4132; x_wconf 88' lang='lat' dir='ltr'><strong>pravoque</strong></span> <span class='ocrx_word' id='word_1_495' title='bbox 1471 4059 1701 4117; x_wconf 91' lang='lat' dir='ltr'><strong>consilio</strong></span> <span class='ocrx_word' id='word_1_496' title='bbox 1730 4061 1910 4116; x_wconf 90' lang='lat' dir='ltr'><strong>malus</strong></span> <span class='ocrx_word' id='word_1_497' title='bbox 1945 4076 2076 4132; x_wconf 82' lang='lat' dir='ltr'><strong>per-</strong></span> 
     </span>
    </p>
   </div>
   <div class='ocr_carea' id='block_1_74' title="bbox 490 4148 2076 4224">
    <p class='ocr_par' dir='ltr' id='par_1_74' title="bbox 490 4148 2076 4224">
     <span class='ocr_line' id='line_1_74' title="bbox 490 4148 2076 4224; baseline -0.003 -15"><span class='ocrx_word' id='word_1_498' title='bbox 490 4153 743 4224; x_wconf 84' lang='lat' dir='ltr'><strong>sequitur</strong></span> <span class='ocrx_word' id='word_1_499' title='bbox 803 4150 1074 4220; x_wconf 82' lang='lat' dir='ltr'><strong>enixeque</strong></span> <span class='ocrx_word' id='word_1_500' title='bbox 1141 4157 1330 4215; x_wconf 85' lang='lat' dir='ltr'><strong>curat;</strong></span> <span class='ocrx_word' id='word_1_501' title='bbox 1373 4148 1618 4219; x_wconf 89' lang='lat' dir='ltr'><strong>primum</strong></span> <span class='ocrx_word' id='word_1_502' title='bbox 1678 4148 1905 4219; x_wconf 90' lang='lat' dir='ltr'><strong>quidem</strong></span> <span class='ocrx_word' id='word_1_503' title='bbox 1957 4148 2076 4220; x_wconf 90' lang='lat' dir='ltr'><strong>ipse</strong></span> 
     </span>
    </p>
   </div>
   <div class='ocr_carea' id='block_1_75' title="bbox 490 4235 2074 4307">
    <p class='ocr_par' dir='ltr' id='par_1_75' title="bbox 490 4235 2074 4307">
     <span class='ocr_line' id='line_1_75' title="bbox 490 4235 2074 4307; baseline -0.003 -12"><span class='ocrx_word' id='word_1_504' title='bbox 490 4237 836 4304; x_wconf 87' lang='lat' dir='ltr'><strong>seminando,</strong></span> <span class='ocrx_word' id='word_1_505' title='bbox 893 4235 1251 4307; x_wconf 89' lang='lat' dir='ltr'><strong>corporisque</strong></span> <span class='ocrx_word' id='word_1_506' title='bbox 1277 4235 1624 4305; x_wconf 85' lang='lat' dir='ltr'><strong>voluptatum</strong></span> <span class='ocrx_word' id='word_1_507' title='bbox 1656 4235 1919 4292; x_wconf 88' lang='lat' dir='ltr'><strong>illecebra</strong></span> <span class='ocrx_word' id='word_1_508' title='bbox 1951 4236 2074 4291; x_wconf 74' lang='lat' dir='ltr'><strong>ani~</strong></span> 
     </span>
    </p>
   </div>
   <div class='ocr_carea' id='block_1_76' title="bbox 486 4325 2074 4399">
    <p class='ocr_par' dir='ltr' id='par_1_76' title="bbox 486 4325 2074 4399">
     <span class='ocr_line' id='line_1_76' title="bbox 486 4325 2074 4399; baseline 0 -16"><span class='ocrx_word' id='word_1_509' title='bbox 486 4343 641 4384; x_wconf 86' lang='lat' dir='ltr'><strong>mum</strong></span> <span class='ocrx_word' id='word_1_510' title='bbox 688 4326 1033 4399; x_wconf 84' lang='lat' dir='ltr'><strong>proliciendo</strong></span> <span class='ocrx_word' id='word_1_511' title='bbox 1077 4340 1141 4381; x_wconf 89' lang='lat' dir='ltr'><strong>ac</strong></span> <span class='ocrx_word' id='word_1_512' title='bbox 1189 4325 1479 4391; x_wconf 89' lang='lat' dir='ltr'><strong>irritando,</strong></span> <span class='ocrx_word' id='word_1_513' title='bbox 1514 4335 1576 4382; x_wconf 89' lang='lat' dir='ltr'><strong>ut</strong></span> <span class='ocrx_word' id='word_1_514' title='bbox 1627 4342 1656 4382; x_wconf 92' lang='lat' dir='ltr'><strong>a</strong></span> <span class='ocrx_word' id='word_1_515' title='bbox 1711 4327 1901 4383; x_wconf 88' lang='lat' dir='ltr'><strong>divina</strong></span> <span class='ocrx_word' id='word_1_516' title='bbox 1931 4327 2074 4384; x_wconf 91' lang='lat' dir='ltr'><strong>dile-</strong></span> 
     </span>
    </p>
   </div>
   <div class='ocr_carea' id='block_1_77' title="bbox 2179 3228 3771 3319">
    <p class='ocr_par' dir='ltr' id='par_1_77' title="bbox 2179 3228 3771 3319">
     <span class='ocr_line' id='line_1_77' title="bbox 2179 3228 3771 3319; baseline 0.012 -36"><span class='ocrx_word' id='word_1_517' title='bbox 2179 3228 2476 3301; x_wconf 72' lang='grc' dir='ltr'>διαρρήδην</span> <span class='ocrx_word' id='word_1_518' title='bbox 2525 3230 2756 3302; x_wconf 85' lang='grc' dir='ltr'>βοῶντος</span> <span class='ocrx_word' id='word_1_519' title='bbox 2785 3234 3080 3291; x_wconf 67' lang='grc' dir='ltr'>Ἰακώϐουθ</span> <span class='ocrx_word' id='word_1_520' title='bbox 3131 3240 3349 3296; x_wconf 75' lang='grc' dir='ltr'>Πᾶσαν</span> <span class='ocrx_word' id='word_1_521' title='bbox 3390 3246 3586 3314; x_wconf 86' lang='grc' dir='ltr'>χαρὰν</span> <span class='ocrx_word' id='word_1_522' title='bbox 3627 3249 3771 3319; x_wconf 76' lang='grc' dir='ltr'>ἡγή-</span> 
     </span>
    </p>
   </div>
   <div class='ocr_carea' id='block_1_78' title="bbox 2181 3319 3769 3410">
    <p class='ocr_par' dir='ltr' id='par_1_78' title="bbox 2181 3319 3769 3410">
     <span class='ocr_line' id='line_1_78' title="bbox 2181 3319 3769 3410; baseline 0.016 -39"><span class='ocrx_word' id='word_1_523' title='bbox 2181 3324 2397 3382; x_wconf 86' lang='grc' dir='ltr'>σασθε.</span> <span class='ocrx_word' id='word_1_524' title='bbox 2421 3319 2675 3391; x_wconf 69' lang='grc' dir='ltr'>ἀδελφοί</span> <span class='ocrx_word' id='word_1_525' title='bbox 2690 3342 2831 3395; x_wconf 85' lang='grc' dir='ltr'>μου,</span> <span class='ocrx_word' id='word_1_526' title='bbox 2862 3326 3008 3381; x_wconf 81' lang='grc' dir='ltr'><strong>ὅταν</strong></span> <span class='ocrx_word' id='word_1_527' title='bbox 3034 3334 3386 3403; x_wconf 79' lang='grc' dir='ltr'>πειρασμοῖς</span> <span class='ocrx_word' id='word_1_528' title='bbox 3416 3339 3769 3410; x_wconf 80' lang='grc' dir='ltr'>περιπέσητε</span> 
     </span>
    </p>
   </div>
   <div class='ocr_carea' id='block_1_79' title="bbox 2182 3412 3769 3500">
    <p class='ocr_par' dir='ltr' id='par_1_79' title="bbox 2182 3412 3769 3500">
     <span class='ocr_line' id='line_1_79' title="bbox 2182 3412 3769 3500; baseline 0.014 -36"><span class='ocrx_word' id='word_1_529' title='bbox 2182 3412 2513 3480; x_wconf 75' lang='grc' dir='ltr'>ποικίλοις,</span> <span class='ocrx_word' id='word_1_530' title='bbox 2570 3412 2661 3469; x_wconf 82' lang='grc' dir='ltr'>ὅτι</span> <span class='ocrx_word' id='word_1_531' title='bbox 2707 3416 2774 3470; x_wconf 85' lang='grc' dir='ltr'>τὸ</span> <span class='ocrx_word' id='word_1_532' title='bbox 2822 3417 3094 3490; x_wconf 80' lang='grc' dir='ltr'>δοκίμιον</span> <span class='ocrx_word' id='word_1_533' title='bbox 3140 3423 3311 3493; x_wconf 79' lang='grc' dir='ltr'>ὑμῶν</span> <span class='ocrx_word' id='word_1_534' title='bbox 3353 3426 3464 3495; x_wconf 82' lang='grc' dir='ltr'>τῆς</span> <span class='ocrx_word' id='word_1_535' title='bbox 3510 3431 3769 3500; x_wconf 74' lang='grc' dir='ltr'>πίστεως</span> 
     </span>
    </p>
   </div>
   <div class='ocr_carea' id='block_1_80' title="bbox 2182 3504 3765 3595">
    <p class='ocr_par' dir='ltr' id='par_1_80' title="bbox 2182 3504 3765 3595">
     <span class='ocr_line' id='line_1_80' title="bbox 2182 3504 3765 3595; baseline 0.002 -20"><span class='ocrx_word' id='word_1_536' title='bbox 2182 3504 2508 3595; x_wconf 64' lang='grc' dir='ltr'><strong>ὑπομονὴν</strong></span> <span class='ocrx_word' id='word_1_537' title='bbox 2535 3508 2975 3579; x_wconf 74' lang='grc' dir='ltr'><strong>κατεργάζεται·</strong></span> <span class='ocrx_word' id='word_1_538' title='bbox 3007 3513 3046 3582; x_wconf 79' lang='grc' dir='ltr'><strong>ἡ</strong></span> <span class='ocrx_word' id='word_1_539' title='bbox 3071 3512 3139 3567; x_wconf 84' lang='grc' dir='ltr'>δὲ</span> <span class='ocrx_word' id='word_1_540' title='bbox 3160 3517 3456 3588; x_wconf 79' lang='grc' dir='ltr'>ὑπομονὴ.</span> <span class='ocrx_word' id='word_1_541' title='bbox 3484 3520 3765 3595; x_wconf 57' lang='grc' dir='ltr'>δοκιμήν</span> 
     </span>
    </p>
   </div>
   <div class='ocr_carea' id='block_1_81' title="bbox 2179 3594 3766 3686">
    <p class='ocr_par' dir='ltr' id='par_1_81' title="bbox 2179 3594 3766 3686">
     <span class='ocr_line' id='line_1_81' title="bbox 2179 3594 3766 3686; baseline 0.016 -39"><span class='ocrx_word' id='word_1_542' title='bbox 2179 3594 2219 3663; x_wconf 78' lang='grc' dir='ltr'><strong><em>ἠ</em></strong></span> <span class='ocrx_word' id='word_1_543' title='bbox 2246 3595 2315 3649; x_wconf 76' lang='grc' dir='ltr'>δὲ</span> <span class='ocrx_word' id='word_1_544' title='bbox 2342 3596 2581 3671; x_wconf 73' lang='grc' dir='ltr'>δοκιμὴ,</span> <span class='ocrx_word' id='word_1_545' title='bbox 2615 3602 2793 3670; x_wconf 76' lang='grc' dir='ltr'>ἔργον</span> <span class='ocrx_word' id='word_1_546' title='bbox 2816 3602 3051 3657; x_wconf 78' lang='grc' dir='ltr'>τέλειον</span> <span class='ocrx_word' id='word_1_547' title='bbox 3074 3605 3279 3676; x_wconf 78' lang='grc' dir='ltr'>ἐχέτω.</span> <span class='ocrx_word' id='word_1_548' title='bbox 3323 3594 3688 3686; x_wconf 81' lang='grc' dir='ltr'>’Δμφοτέρους</span> <span class='ocrx_word' id='word_1_549' title='bbox 3709 3617 3766 3672; x_wconf 82' lang='grc' dir='ltr'>δὲ</span> 
     </span>
    </p>
   </div>
   <div class='ocr_carea' id='block_1_82' title="bbox 2179 3688 3763 3777">
    <p class='ocr_par' dir='ltr' id='par_1_82' title="bbox 2179 3688 3763 3777">
     <span class='ocr_line' id='line_1_82' title="bbox 2179 3688 3763 3777; baseline 0.015 -37"><span class='ocrx_word' id='word_1_550' title='bbox 2179 3688 2309 3751; x_wconf 81' lang='grc' dir='ltr'>τοὺς</span> <span class='ocrx_word' id='word_1_551' title='bbox 2339 3692 2702 3761; x_wconf 82' lang='grc' dir='ltr'>πειρασμοὺς,</span> <span class='ocrx_word' id='word_1_552' title='bbox 2747 3693 2840 3749; x_wconf 90' lang='grc' dir='ltr'><strong>τὸν</strong></span> <span class='ocrx_word' id='word_1_553' title='bbox 2867 3695 3117 3753; x_wconf 76' lang='grc' dir='ltr'>ἑκούσιόν</span> <span class='ocrx_word' id='word_1_554' title='bbox 3140 3717 3199 3754; x_wconf 91' lang='grc' dir='ltr'><strong>τε</strong></span> <span class='ocrx_word' id='word_1_555' title='bbox 3246 3703 3343 3756; x_wconf 76' lang='grc' dir='ltr'>καὶ</span> <span class='ocrx_word' id='word_1_556' title='bbox 3367 3703 3459 3758; x_wconf 87' lang='grc' dir='ltr'><strong>τὸν</strong></span> <span class='ocrx_word' id='word_1_557' title='bbox 3490 3706 3763 3777; x_wconf 81' lang='grc' dir='ltr'>ἀκούσιον,</span> 
     </span>
    </p>
   </div>
   <div class='ocr_carea' id='block_1_83' title="bbox 2181 3777 3765 3871">
    <p class='ocr_par' dir='ltr' id='par_1_83' title="bbox 2181 3777 3765 3871">
     <span class='ocr_line' id='line_1_83' title="bbox 2181 3777 3765 3871; baseline 0.016 -42"><span class='ocrx_word' id='word_1_558' title='bbox 2181 3777 2435 3871; x_wconf 59' lang='grc' dir='ltr'>περιέπει</span> <span class='ocrx_word' id='word_1_559' title='bbox 2470 3780 2810 3871; x_wconf 84' lang='grc' dir='ltr'>κακούργως</span> <span class='ocrx_word' id='word_1_560' title='bbox 2848 3786 2877 3839; x_wconf 93' lang='lat'><strong>6</strong></span> <span class='ocrx_word' id='word_1_561' title='bbox 2917 3788 3183 3861; x_wconf 74' lang='grc' dir='ltr'>πονηρόςο</span> <span class='ocrx_word' id='word_1_562' title='bbox 3240 3791 3333 3845; x_wconf 91' lang='grc' dir='ltr'><strong>τὸν</strong></span> <span class='ocrx_word' id='word_1_563' title='bbox 3361 3792 3481 3865; x_wconf 86' lang='grc' dir='ltr'>μὲν,</span> <span class='ocrx_word' id='word_1_564' title='bbox 3530 3798 3765 3871; x_wconf 87' lang='grc' dir='ltr'>σπείρων</span> 
     </span>
    </p>
   </div>
   <div class='ocr_carea' id='block_1_84' title="bbox 2180 3869 3763 3964">
    <p class='ocr_par' dir='ltr' id='par_1_84' title="bbox 2180 3869 3763 3964">
     <span class='ocr_line' id='line_1_84' title="bbox 2180 3869 3763 3964; baseline 0.015 -43"><span class='ocrx_word' id='word_1_565' title='bbox 2180 3869 2276 3924; x_wconf 79' lang='grc' dir='ltr'>καὶ</span> <span class='ocrx_word' id='word_1_566' title='bbox 2309 3869 2627 3964; x_wconf 72' lang='grc' dir='ltr'>διερεθίζων</span> <span class='ocrx_word' id='word_1_567' title='bbox 2653 3873 2753 3945; x_wconf 81' lang='grc' dir='ltr'><strong>τὴν</strong></span> <span class='ocrx_word' id='word_1_568' title='bbox 2779 3874 2959 3949; x_wconf 79' lang='grc' dir='ltr'>ψυχὴν</span> <span class='ocrx_word' id='word_1_569' title='bbox 2980 3879 3196 3951; x_wconf 81' lang='grc' dir='ltr'>ἡδοναῖς</span> <span class='ocrx_word' id='word_1_570' title='bbox 3219 3882 3492 3955; x_wconf 83' lang='grc' dir='ltr'>σώματος,</span> <span class='ocrx_word' id='word_1_571' title='bbox 3524 3869 3763 3964; x_wconf 84' lang='grc' dir='ltr'>ἀποστῆ-</span> 
     </span>
    </p>
   </div>
   <div class='ocr_carea' id='block_1_85' title="bbox 2181 3961 3762 4051">
    <p class='ocr_par' dir='ltr' id='par_1_85' title="bbox 2181 3961 3762 4051">
     <span class='ocr_line' id='line_1_85' title="bbox 2181 3961 3762 4051; baseline 0.001 -37"><span class='ocrx_word' id='word_1_572' title='bbox 2181 3977 2272 4015; x_wconf 90' lang='grc' dir='ltr'><strong>σαι</strong></span> <span class='ocrx_word' id='word_1_573' title='bbox 2324 3961 2425 4033; x_wconf 83' lang='grc' dir='ltr'>τῆς</span> <span class='ocrx_word' id='word_1_574' title='bbox 2479 3962 2630 4028; x_wconf 87' lang='grc' dir='ltr'>Θείας</span> <span class='ocrx_word' id='word_1_575' title='bbox 2674 3966 2894 4038; x_wconf 80' lang='grc' dir='ltr'>ἀγάπης</span> <span class='ocrx_word' id='word_1_576' title='bbox 2955 3969 3054 4041; x_wconf 80' lang='grc' dir='ltr'><strong>τὴν</strong></span> <span class='ocrx_word' id='word_1_577' title='bbox 3101 3971 3287 4043; x_wconf 76' lang='grc' dir='ltr'>ἔφεσιν</span> <span class='ocrx_word' id='word_1_578' title='bbox 3332 3961 3762 4051; x_wconf 49' lang='grc' dir='ltr'><strong>μηχανώμενοςζ</strong></span> 
     </span>
    </p>
   </div>
   <div class='ocr_carea' id='block_1_86' title="bbox 2177 4052 3763 4144">
    <p class='ocr_par' dir='ltr' id='par_1_86' title="bbox 2177 4052 3763 4144">
     <span class='ocr_line' id='line_1_86' title="bbox 2177 4052 3763 4144; baseline 0.014 -39"><span class='ocrx_word' id='word_1_579' title='bbox 2177 4052 2269 4107; x_wconf 89' lang='grc' dir='ltr'><strong>τὸν</strong></span> <span class='ocrx_word' id='word_1_580' title='bbox 2296 4053 2353 4108; x_wconf 83' lang='grc' dir='ltr'>δὲ</span> <span class='ocrx_word' id='word_1_581' title='bbox 2389 4057 2722 4125; x_wconf 82' lang='grc' dir='ltr'>σοφιστικῶς</span> <span class='ocrx_word' id='word_1_582' title='bbox 2754 4056 3080 4129; x_wconf 79' lang='grc' dir='ltr'>ἐξαιτεῖται,</span> <span class='ocrx_word' id='word_1_583' title='bbox 3116 4064 3184 4117; x_wconf 85' lang='grc' dir='ltr'>δι’</span> <span class='ocrx_word' id='word_1_584' title='bbox 3201 4064 3393 4136; x_wconf 77' lang='grc' dir='ltr'>ὀδύνης</span> <span class='ocrx_word' id='word_1_585' title='bbox 3423 4068 3641 4142; x_wconf 78' lang='grc' dir='ltr'>φθεῖραι</span> <span class='ocrx_word' id='word_1_586' title='bbox 3669 4073 3763 4144; x_wconf 83' lang='grc' dir='ltr'>τὴν</span> 
     </span>
    </p>
   </div>
   <div class='ocr_carea' id='block_1_87' title="bbox 2179 4144 3763 4237">
    <p class='ocr_par' dir='ltr' id='par_1_87' title="bbox 2179 4144 3763 4237">
     <span class='ocr_line' id='line_1_87' title="bbox 2179 4144 3763 4237; baseline 0.014 -41"><span class='ocrx_word' id='word_1_587' title='bbox 2179 4144 2339 4214; x_wconf 83' lang='grc' dir='ltr'>φύσιν</span> <span class='ocrx_word' id='word_1_588' title='bbox 2389 4144 2731 4217; x_wconf 82' lang='grc' dir='ltr'>βουλόμενος,</span> <span class='ocrx_word' id='word_1_589' title='bbox 2791 4150 2877 4205; x_wconf 81' lang='grc' dir='ltr'>ἵνα</span> <span class='ocrx_word' id='word_1_590' title='bbox 2928 4151 3184 4225; x_wconf 85' lang='grc' dir='ltr'>βιάσηται</span> <span class='ocrx_word' id='word_1_591' title='bbox 3221 4156 3320 4228; x_wconf 83' lang='grc' dir='ltr'>τὴν</span> <span class='ocrx_word' id='word_1_592' title='bbox 3350 4158 3549 4232; x_wconf 79' lang='grc' dir='ltr'>ψυχὴν,</span> <span class='ocrx_word' id='word_1_593' title='bbox 3576 4164 3763 4237; x_wconf 65' lang='grc' dir='ltr'>ἀτονία</span> 
     </span>
    </p>
   </div>
   <div class='ocr_carea' id='block_1_88' title="bbox 2177 4237 3763 4321">
    <p class='ocr_par' dir='ltr' id='par_1_88' title="bbox 2177 4237 3763 4321">
     <span class='ocr_line' id='line_1_88' title="bbox 2177 4237 3763 4321; baseline 0.014 -32"><span class='ocrx_word' id='word_1_594' title='bbox 2177 4237 2356 4293; x_wconf 90' lang='grc' dir='ltr'>πόνων</span> <span class='ocrx_word' id='word_1_595' title='bbox 2385 4240 2822 4311; x_wconf 83' lang='grc' dir='ltr'>καταϐληθεῖσαν</span> <span class='ocrx_word' id='word_1_596' title='bbox 2842 4283 2858 4309; x_wconf 94' lang='grc'><strong>,</strong></span> <span class='ocrx_word' id='word_1_597' title='bbox 2917 4247 3057 4317; x_wconf 88' lang='grc' dir='ltr'>πρὸς</span> <span class='ocrx_word' id='word_1_598' title='bbox 3082 4250 3182 4321; x_wconf 82' lang='grc' dir='ltr'><strong>τὴν</strong></span> <span class='ocrx_word' id='word_1_599' title='bbox 3210 4249 3305 4304; x_wconf 85' lang='grc' dir='ltr'><strong>τοῦ</strong></span> <span class='ocrx_word' id='word_1_600' title='bbox 3333 4251 3617 4320; x_wconf 84' lang='grc' dir='ltr'>κτίσαντος</span> <span class='ocrx_word' id='word_1_601' title='bbox 3644 4255 3763 4311; x_wconf 84' lang='grc' dir='ltr'>δια-</span> 
     </span>
    </p>
   </div>
   <div class='ocr_carea' id='block_1_89' title="bbox 2178 4327 3097 4407">
    <p class='ocr_par' dir='ltr' id='par_1_89' title="bbox 2178 4327 3097 4407">
     <span class='ocr_line' id='line_1_89' title="bbox 2178 4327 3097 4407; baseline 0.015 -27"><span class='ocrx_word' id='word_1_602' title='bbox 2178 4327 2342 4400; x_wconf 88' lang='grc' dir='ltr'>ϐολὴν</span> <span class='ocrx_word' id='word_1_603' title='bbox 2376 4330 2596 4401; x_wconf 76' lang='grc' dir='ltr'>κινῆσαι</span> <span class='ocrx_word' id='word_1_604' title='bbox 2625 4332 2752 4395; x_wconf 84' lang='grc' dir='ltr'>τοὺς</span> <span class='ocrx_word' id='word_1_605' title='bbox 2781 4334 3097 4407; x_wconf 82' lang='grc' dir='ltr'>λογισμούς.</span> 
     </span>
    </p>
   </div>
   <div class='ocr_carea' id='block_1_90' title="bbox 394 4416 3764 4508">
    <p class='ocr_par' dir='ltr' id='par_1_90' title="bbox 394 4416 3764 4508">
     <span class='ocr_line' id='line_1_90' title="bbox 394 4416 3764 4508; baseline 0.007 -37"><span class='ocrx_word' id='word_1_606' title='bbox 394 4448 440 4481; x_wconf 61' lang='grc' dir='ltr'><strong>ρ</strong></span> <span class='ocrx_word' id='word_1_607' title='bbox 489 4418 672 4474; x_wconf 86' lang='lat' dir='ltr'><strong>ctione</strong></span> <span class='ocrx_word' id='word_1_608' title='bbox 731 4416 1093 4489; x_wconf 87' lang='lat' dir='ltr'><strong>cupiditatem</strong></span> <span class='ocrx_word' id='word_1_609' title='bbox 1139 4423 1371 4483; x_wconf 87' lang='lat' dir='ltr'><strong>avocet;</strong></span> <span class='ocrx_word' id='word_1_610' title='bbox 1431 4417 1667 4473; x_wconf 91' lang='lat' dir='ltr'><strong>alterum</strong></span> <span class='ocrx_word' id='word_1_611' title='bbox 1719 4432 1888 4483; x_wconf 87' lang='lat' dir='ltr'><strong>vero,</strong></span> <span class='ocrx_word' id='word_1_612' title='bbox 1950 4424 2072 4472; x_wconf 89' lang='lat' dir='ltr'><strong>astu</strong></span> <span class='ocrx_word' id='word_1_613' title='bbox 2145 4416 2311 4490; x_wconf 75' lang='lat'><strong>366</strong></span> <span class='ocrx_word' id='word_1_614' title='bbox 2352 4418 2662 4491; x_wconf 80' lang='lat' dir='ltr'><strong>fraudcque</strong></span> <span class='ocrx_word' id='word_1_615' title='bbox 2753 4422 3133 4495; x_wconf 88' lang='lat' dir='ltr'><strong>deposcendo,</strong></span> <span class='ocrx_word' id='word_1_616' title='bbox 3204 4430 3310 4487; x_wconf 91' lang='lat' dir='ltr'><strong>hoc</strong></span> <span class='ocrx_word' id='word_1_617' title='bbox 3360 4445 3646 4508; x_wconf 76' lang='lat' dir='ltr'><strong>satagens,</strong></span> <span class='ocrx_word' id='word_1_618' title='bbox 3702 4448 3764 4496; x_wconf 89' lang='lat' dir='ltr'><strong>ut</strong></span> 
     </span>
    </p>
   </div>
   <div class='ocr_carea' id='block_1_91' title="bbox 487 4507 3761 4598">
    <p class='ocr_par' dir='ltr' id='par_1_91' title="bbox 487 4507 3761 4598">
     <span class='ocr_line' id='line_1_91' title="bbox 487 4507 3761 4598; baseline 0.006 -30"><span class='ocrx_word' id='word_1_619' title='bbox 487 4512 678 4568; x_wconf 85' lang='lat' dir='ltr'><strong>dolore</strong></span> <span class='ocrx_word' id='word_1_620' title='bbox 723 4525 791 4565; x_wconf 90' lang='lat' dir='ltr'><strong>ac</strong></span> <span class='ocrx_word' id='word_1_621' title='bbox 851 4507 1102 4565; x_wconf 89' lang='lat' dir='ltr'><strong>cruciatu</strong></span> <span class='ocrx_word' id='word_1_622' title='bbox 1165 4507 1489 4566; x_wconf 84' lang='lat' dir='ltr'><strong>labefactata</strong></span> <span class='ocrx_word' id='word_1_623' title='bbox 1518 4519 1737 4575; x_wconf 88' lang='lat' dir='ltr'><strong>natura,</strong></span> <span class='ocrx_word' id='word_1_624' title='bbox 1781 4510 2024 4565; x_wconf 90' lang='lat' dir='ltr'><strong>animum</strong></span> <span class='ocrx_word' id='word_1_625' title='bbox 2089 4512 2372 4569; x_wconf 88' lang='lat' dir='ltr'><strong>laboribus</strong></span> <span class='ocrx_word' id='word_1_626' title='bbox 2438 4513 2786 4570; x_wconf 84' lang='lat' dir='ltr'><strong>fatiscentem</strong></span> <span class='ocrx_word' id='word_1_627' title='bbox 2829 4517 2897 4573; x_wconf 84' lang='lat' dir='ltr'><strong>ad</strong></span> <span class='ocrx_word' id='word_1_628' title='bbox 2955 4519 3234 4578; x_wconf 86' lang='lat' dir='ltr'><strong>Creatoris</strong></span> <span class='ocrx_word' id='word_1_629' title='bbox 3275 4525 3533 4598; x_wconf 89' lang='lat' dir='ltr'><strong>injuriam</strong></span> <span class='ocrx_word' id='word_1_630' title='bbox 3576 4546 3641 4586; x_wconf 92' lang='lat' dir='ltr'><strong>ac</strong></span> <span class='ocrx_word' id='word_1_631' title='bbox 3667 4547 3761 4588; x_wconf 79' lang='lat' dir='ltr'><strong>ca-</strong></span> 
     </span>
    </p>
   </div>
   <div class='ocr_carea' id='block_1_92' title="bbox 489 4603 993 4673">
    <p class='ocr_par' dir='ltr' id='par_1_92' title="bbox 489 4603 993 4673">
     <span class='ocr_line' id='line_1_92' title="bbox 489 4603 993 4673; baseline -0.002 -15"><span class='ocrx_word' id='word_1_632' title='bbox 489 4603 759 4660; x_wconf 87' lang='lat' dir='ltr'><strong>lumniam</strong></span> <span class='ocrx_word' id='word_1_633' title='bbox 815 4610 993 4673; x_wconf 75' lang='lat' dir='ltr'><strong>cogat.</strong></span> 
     </span>
    </p>
   </div>
   <div class='ocr_carea' id='block_1_93' title="bbox 556 4693 2151 4774">
    <p class='ocr_par' dir='ltr' id='par_1_93' title="bbox 556 4693 2151 4774">
     <span class='ocr_line' id='line_1_93' title="bbox 556 4693 2151 4774; baseline 0.003 -26"><span class='ocrx_word' id='word_1_634' title='bbox 556 4693 669 4748; x_wconf 86' lang='lat' dir='ltr'><strong>Nos</strong></span> <span class='ocrx_word' id='word_1_635' title='bbox 717 4708 875 4757; x_wconf 84' lang='lat' dir='ltr'><strong>vero,</strong></span> <span class='ocrx_word' id='word_1_636' title='bbox 919 4707 1061 4762; x_wconf 90' lang='lat' dir='ltr'><strong>quos</strong></span> <span class='ocrx_word' id='word_1_637' title='bbox 1104 4709 1216 4749; x_wconf 88' lang='lat' dir='ltr'><strong>non</strong></span> <span class='ocrx_word' id='word_1_638' title='bbox 1264 4694 1474 4749; x_wconf 88' lang='lat' dir='ltr'><strong>lateant</strong></span> <span class='ocrx_word' id='word_1_639' title='bbox 1517 4695 1646 4751; x_wconf 89' lang='lat' dir='ltr'><strong>mali</strong></span> <span class='ocrx_word' id='word_1_640' title='bbox 1697 4695 1949 4761; x_wconf 90' lang='lat' dir='ltr'><strong>consilia,</strong></span> <span class='ocrx_word' id='word_1_641' title='bbox 2014 4696 2070 4753; x_wconf 89' lang='lat' dir='ltr'><strong>id</strong></span> <span class='ocrx_word' id='word_1_642' title='bbox 2100 4713 2151 4774; x_wconf 77' lang='grc' dir='ltr'><strong>ι)</strong></span> 
     </span>
    </p>
   </div>
   <div class='ocr_carea' id='block_1_94' title="bbox 485 4784 2068 4857">
    <p class='ocr_par' dir='ltr' id='par_1_94' title="bbox 485 4784 2068 4857">
     <span class='ocr_line' id='line_1_94' title="bbox 485 4784 2068 4857; baseline 0.003 -17"><span class='ocrx_word' id='word_1_643' title='bbox 485 4784 711 4857; x_wconf 88' lang='lat' dir='ltr'><strong>quidem</strong></span> <span class='ocrx_word' id='word_1_644' title='bbox 755 4798 931 4855; x_wconf 82' lang='lat' dir='ltr'><strong>genus</strong></span> <span class='ocrx_word' id='word_1_645' title='bbox 966 4785 1290 4841; x_wconf 85' lang='lat' dir='ltr'><strong>tentationis</strong></span> <span class='ocrx_word' id='word_1_646' title='bbox 1333 4785 1481 4856; x_wconf 90' lang='lat' dir='ltr'><strong>quod</strong></span> <span class='ocrx_word' id='word_1_647' title='bbox 1518 4786 1803 4842; x_wconf 88' lang='lat' dir='ltr'><strong>voluntate</strong></span> <span class='ocrx_word' id='word_1_648' title='bbox 1864 4788 2068 4846; x_wconf 90' lang='lat' dir='ltr'><strong>comite</strong></span> 
     </span>
    </p>
   </div>
   <div class='ocr_carea' id='block_1_95' title="bbox 483 4875 2067 4946">
    <p class='ocr_par' dir='ltr' id='par_1_95' title="bbox 483 4875 2067 4946">
     <span class='ocr_line' id='line_1_95' title="bbox 483 4875 2067 4946; baseline 0.002 -13"><span class='ocrx_word' id='word_1_649' title='bbox 483 4885 591 4946; x_wconf 86' lang='lat' dir='ltr'><strong>est,</strong></span> <span class='ocrx_word' id='word_1_650' title='bbox 614 4875 1001 4946; x_wconf 86' lang='lat' dir='ltr'><strong>deprecemur,</strong></span> <span class='ocrx_word' id='word_1_651' title='bbox 1026 4891 1096 4932; x_wconf 91' lang='lat' dir='ltr'><strong>ne</strong></span> <span class='ocrx_word' id='word_1_652' title='bbox 1129 4892 1161 4931; x_wconf 88' lang='lat' dir='ltr'><strong>a</strong></span> <span class='ocrx_word' id='word_1_653' title='bbox 1188 4876 1376 4932; x_wconf 85' lang='lat' dir='ltr'><strong>divina</strong></span> <span class='ocrx_word' id='word_1_654' title='bbox 1401 4877 1697 4934; x_wconf 88' lang='lat' dir='ltr'><strong>dilectione</strong></span> <span class='ocrx_word' id='word_1_655' title='bbox 1729 4878 2067 4936; x_wconf 89' lang='lat' dir='ltr'><strong>desiderium</strong></span> 
     </span>
    </p>
   </div>
   <div class='ocr_carea' id='block_1_96' title="bbox 483 4964 2064 5036">
    <p class='ocr_par' dir='ltr' id='par_1_96' title="bbox 483 4964 2064 5036">
     <span class='ocr_line' id='line_1_96' title="bbox 483 4964 2064 5036; baseline 0.002 -15"><span class='ocrx_word' id='word_1_656' title='bbox 483 4965 655 5021; x_wconf 88' lang='lat' dir='ltr'><strong>animi</strong></span> <span class='ocrx_word' id='word_1_657' title='bbox 703 4964 1092 5020; x_wconf 88' lang='lat' dir='ltr'><strong>abstrahamus</strong></span> <span class='ocrx_word' id='word_1_658' title='bbox 1128 4983 1142 5018; x_wconf 90' lang='lat'><strong>:</strong></span> <span class='ocrx_word' id='word_1_659' title='bbox 1176 4966 1324 5035; x_wconf 92' lang='lat' dir='ltr'><strong>quod</strong></span> <span class='ocrx_word' id='word_1_660' title='bbox 1372 4976 1557 5022; x_wconf 91' lang='lat' dir='ltr'><strong>autem</strong></span> <span class='ocrx_word' id='word_1_661' title='bbox 1601 4967 1906 5023; x_wconf 81' lang='lat' dir='ltr'><strong>violentum</strong></span> <span class='ocrx_word' id='word_1_662' title='bbox 1959 4979 2064 5036; x_wconf 89' lang='lat' dir='ltr'><strong>est,</strong></span> 
     </span>
    </p>
   </div>
   <div class='ocr_carea' id='block_1_97' title="bbox 483 5056 2067 5130">
    <p class='ocr_par' dir='ltr' id='par_1_97' title="bbox 483 5056 2067 5130">
     <span class='ocr_line' id='line_1_97' title="bbox 483 5056 2067 5130; baseline 0.004 -17"><span class='ocrx_word' id='word_1_663' title='bbox 483 5072 608 5113; x_wconf 90' lang='lat' dir='ltr'><strong>cum</strong></span> <span class='ocrx_word' id='word_1_664' title='bbox 674 5056 774 5112; x_wconf 91' lang='lat' dir='ltr'><strong>Dei</strong></span> <span class='ocrx_word' id='word_1_665' title='bbox 831 5057 1106 5127; x_wconf 89' lang='lat' dir='ltr'><strong>permissu</strong></span> <span class='ocrx_word' id='word_1_666' title='bbox 1159 5067 1409 5128; x_wconf 87' lang='lat' dir='ltr'><strong>nutuque</strong></span> <span class='ocrx_word' id='word_1_667' title='bbox 1471 5059 1779 5130; x_wconf 87' lang='lat' dir='ltr'><strong>advenerit,</strong></span> <span class='ocrx_word' id='word_1_668' title='bbox 1840 5072 2067 5119; x_wconf 90' lang='lat' dir='ltr'><strong>strenue</strong></span> 
     </span>
    </p>
   </div>
   <div class='ocr_carea' id='block_1_98' title="bbox 481 5147 2064 5219">
    <p class='ocr_par' dir='ltr' id='par_1_98' title="bbox 481 5147 2064 5219">
     <span class='ocr_line' id='line_1_98' title="bbox 481 5147 2064 5219; baseline 0.005 -16"><span class='ocrx_word' id='word_1_669' title='bbox 481 5147 723 5219; x_wconf 80' lang='lat' dir='ltr'><strong>fortique</strong></span> <span class='ocrx_word' id='word_1_670' title='bbox 753 5148 939 5204; x_wconf 90' lang='lat' dir='ltr'><strong>animo</strong></span> <span class='ocrx_word' id='word_1_671' title='bbox 977 5150 1387 5217; x_wconf 89' lang='lat' dir='ltr'><strong>sustineamus,</strong></span> <span class='ocrx_word' id='word_1_672' title='bbox 1423 5159 1484 5205; x_wconf 91' lang='lat' dir='ltr'><strong>ut</strong></span> <span class='ocrx_word' id='word_1_673' title='bbox 1522 5158 1733 5207; x_wconf 65' lang='lat' dir='ltr'><strong>naturae</strong></span> <span class='ocrx_word' id='word_1_674' title='bbox 1767 5154 2064 5211; x_wconf 86' lang='lat' dir='ltr'><strong>Auctorem</strong></span> 
     </span>
    </p>
   </div>
   <div class='ocr_carea' id='block_1_99' title="bbox 483 5239 2062 5310">
    <p class='ocr_par' dir='ltr' id='par_1_99' title="bbox 483 5239 2062 5310">
     <span class='ocr_line' id='line_1_99' title="bbox 483 5239 2062 5310; baseline 0.004 -15"><span class='ocrx_word' id='word_1_675' title='bbox 483 5239 588 5310; x_wconf 89' lang='lat' dir='ltr'><strong>ipsi</strong></span> <span class='ocrx_word' id='word_1_676' title='bbox 642 5240 791 5295; x_wconf 86' lang='lat' dir='ltr'><strong>clare</strong></span> <span class='ocrx_word' id='word_1_677' title='bbox 861 5249 1075 5295; x_wconf 75' lang='lat' dir='ltr'><strong>natura:</strong></span> <span class='ocrx_word' id='word_1_678' title='bbox 1127 5255 1230 5296; x_wconf 89' lang='lat' dir='ltr'><strong>nos</strong></span> <span class='ocrx_word' id='word_1_679' title='bbox 1289 5243 1604 5310; x_wconf 60' lang='lat' dir='ltr'><strong>praetulisse</strong></span> <span class='ocrx_word' id='word_1_680' title='bbox 1666 5252 2062 5302; x_wconf 88' lang='lat' dir='ltr'><strong>monstremur.</strong></span> 
     </span>
    </p>
   </div>
   <div class='ocr_carea' id='block_1_100' title="bbox 480 5329 2062 5399">
    <p class='ocr_par' dir='ltr' id='par_1_100' title="bbox 480 5329 2062 5399">
     <span class='ocr_line' id='line_1_100' title="bbox 480 5329 2062 5399; baseline 0.003 -13"><span class='ocrx_word' id='word_1_681' title='bbox 480 5329 703 5386; x_wconf 87' lang='lat' dir='ltr'><strong>Utinam</strong></span> <span class='ocrx_word' id='word_1_682' title='bbox 740 5344 876 5384; x_wconf 85' lang='lat' dir='ltr'><strong>vero</strong></span> <span class='ocrx_word' id='word_1_683' title='bbox 907 5344 1102 5385; x_wconf 89' lang='lat' dir='ltr'><strong>omnes</strong></span> <span class='ocrx_word' id='word_1_684' title='bbox 1130 5329 1226 5399; x_wconf 89' lang='lat' dir='ltr'><strong>qui</strong></span> <span class='ocrx_word' id='word_1_685' title='bbox 1253 5344 1452 5385; x_wconf 87' lang='lat' dir='ltr'><strong>nomen</strong></span> <span class='ocrx_word' id='word_1_686' title='bbox 1483 5330 1703 5386; x_wconf 87' lang='lat' dir='ltr'><strong>Domini</strong></span> <span class='ocrx_word' id='word_1_687' title='bbox 1731 5333 1907 5389; x_wconf 89' lang='lat' dir='ltr'><strong>nostri</strong></span> <span class='ocrx_word' id='word_1_688' title='bbox 1933 5335 2062 5390; x_wconf 87' lang='lat' dir='ltr'><strong>Jesu</strong></span> 
     </span>
    </p>
   </div>
   <div class='ocr_carea' id='block_1_101' title="bbox 474 5420 2061 5494">
    <p class='ocr_par' dir='ltr' id='par_1_101' title="bbox 474 5420 2061 5494">
     <span class='ocr_line' id='line_1_101' title="bbox 474 5420 2061 5494; baseline 0.003 -17"><span class='ocrx_word' id='word_1_689' title='bbox 474 5420 684 5477; x_wconf 84' lang='lat' dir='ltr'><strong>Christi</strong></span> <span class='ocrx_word' id='word_1_690' title='bbox 724 5421 1065 5485; x_wconf 86' lang='lat' dir='ltr'><strong>invocamus,</strong></span> <span class='ocrx_word' id='word_1_691' title='bbox 1101 5431 1218 5477; x_wconf 86' lang='lat' dir='ltr'><strong>tum</strong></span> <span class='ocrx_word' id='word_1_692' title='bbox 1266 5438 1297 5477; x_wconf 90' lang='lat' dir='ltr'><strong>a</strong></span> <span class='ocrx_word' id='word_1_693' title='bbox 1330 5423 1457 5479; x_wconf 86' lang='lat' dir='ltr'><strong>vitae</strong></span> <span class='ocrx_word' id='word_1_694' title='bbox 1508 5423 1673 5494; x_wconf 84' lang='lat' dir='ltr'><strong>hujus</strong></span> <span class='ocrx_word' id='word_1_695' title='bbox 1713 5425 2061 5482; x_wconf 87' lang='lat' dir='ltr'><strong>delectabili-</strong></span> 
     </span>
    </p>
   </div>
   <div class='ocr_carea' id='block_1_102' title="bbox 482 5511 2061 5586">
    <p class='ocr_par' dir='ltr' id='par_1_102' title="bbox 482 5511 2061 5586">
     <span class='ocr_line' id='line_1_102' title="bbox 482 5511 2061 5586; baseline 0.006 -18"><span class='ocrx_word' id='word_1_696' title='bbox 482 5511 742 5584; x_wconf 81' lang='lat' dir='ltr'><strong>bus,quae</strong></span> <span class='ocrx_word' id='word_1_697' title='bbox 768 5513 899 5568; x_wconf 88' lang='lat' dir='ltr'><strong>mali</strong></span> <span class='ocrx_word' id='word_1_698' title='bbox 919 5513 1266 5585; x_wconf 75' lang='lat' dir='ltr'><strong>suggestione</strong></span> <span class='ocrx_word' id='word_1_699' title='bbox 1280 5515 1629 5586; x_wconf 79' lang='lat' dir='ltr'><strong>ingeruntur,</strong></span> <span class='ocrx_word' id='word_1_700' title='bbox 1659 5527 1773 5572; x_wconf 91' lang='lat' dir='ltr'><strong>tum</strong></span> <span class='ocrx_word' id='word_1_701' title='bbox 1796 5534 1830 5573; x_wconf 92' lang='lat' dir='ltr'><strong>a</strong></span> <span class='ocrx_word' id='word_1_702' title='bbox 1857 5518 2061 5578; x_wconf 67' lang='lat' dir='ltr'><strong>futura:</strong></span> 
     </span>
    </p>
   </div>
   <div class='ocr_carea' id='block_1_103' title="bbox 550 5686 1910 5761">
    <p class='ocr_par' dir='ltr' id='par_1_103' title="bbox 550 5686 1910 5761">
     <span class='ocr_line' id='line_1_103' title="bbox 550 5686 1910 5761; baseline 0.005 -18"><span class='ocrx_word' id='word_1_703' title='bbox 550 5686 593 5718; x_wconf 73' lang='lat'>“</span> <span class='ocrx_word' id='word_1_704' title='bbox 620 5686 810 5744; x_wconf 68' lang='lat' dir='ltr'><strong>Matth.</strong></span> <span class='ocrx_word' id='word_1_705' title='bbox 840 5703 984 5755; x_wconf 73' lang='lat' dir='ltr'><strong>XXVI,</strong></span> <span class='ocrx_word' id='word_1_706' title='bbox 1018 5690 1107 5745; x_wconf 72' lang='grc'><strong>41.</strong></span> <span class='ocrx_word' id='word_1_707' title='bbox 1187 5691 1231 5725; x_wconf 69' lang='grc'><strong>⁵⁸</strong></span> <span class='ocrx_word' id='word_1_708' title='bbox 1264 5691 1380 5748; x_wconf 75' lang='lat' dir='ltr'><strong>Jac.</strong></span> <span class='ocrx_word' id='word_1_709' title='bbox 1412 5708 1450 5757; x_wconf 78' lang='grc' dir='ltr'><strong>ι,</strong></span> <span class='ocrx_word' id='word_1_710' title='bbox 1478 5692 1545 5760; x_wconf 70' lang='grc'><strong>2;</strong></span> <span class='ocrx_word' id='word_1_711' title='bbox 1581 5693 1740 5751; x_wconf 87' lang='lat' dir='ltr'><strong>Rom.</strong></span> <span class='ocrx_word' id='word_1_712' title='bbox 1771 5710 1826 5761; x_wconf 81' lang='grc' dir='ltr'><strong>ν,</strong></span> <span class='ocrx_word' id='word_1_713' title='bbox 1854 5695 1910 5750; x_wconf 78' lang='grc'><strong>4.</strong></span> 
     </span>
    </p>
   </div>
   <div class='ocr_carea' id='block_1_104' title="bbox 2259 4697 3760 4786">
    <p class='ocr_par' dir='ltr' id='par_1_104' title="bbox 2259 4697 3760 4786">
     <span class='ocr_line' id='line_1_104' title="bbox 2259 4697 3760 4786; baseline 0.013 -35"><span class='ocrx_word' id='word_1_714' title='bbox 2259 4697 2399 4752; x_wconf 84' lang='grc' dir='ltr'>Ἀλλ’</span> <span class='ocrx_word' id='word_1_715' title='bbox 2418 4698 2795 4769; x_wconf 79' lang='grc' dir='ltr'>ἐπεγνωκότες</span> <span class='ocrx_word' id='word_1_716' title='bbox 2819 4704 2981 4775; x_wconf 81' lang='grc' dir='ltr'>ἡμεῖς</span> <span class='ocrx_word' id='word_1_717' title='bbox 3007 4705 3102 4759; x_wconf 86' lang='grc' dir='ltr'><strong>τοῦ</strong></span> <span class='ocrx_word' id='word_1_718' title='bbox 3135 4708 3373 4780; x_wconf 89' lang='grc' dir='ltr'>πονηροῦ</span> <span class='ocrx_word' id='word_1_719' title='bbox 3402 4712 3470 4767; x_wconf 82' lang='grc' dir='ltr'>τὰ</span> <span class='ocrx_word' id='word_1_720' title='bbox 3493 4716 3760 4786; x_wconf 82' lang='grc' dir='ltr'>νοήματα,</span> 
     </span>
    </p>
   </div>
   <div class='ocr_carea' id='block_1_105' title="bbox 2168 4788 3762 4881">
    <p class='ocr_par' dir='ltr' id='par_1_105' title="bbox 2168 4788 3762 4881">
     <span class='ocr_line' id='line_1_105' title="bbox 2168 4788 3762 4881; baseline 0.013 -39"><span class='ocrx_word' id='word_1_721' title='bbox 2168 4788 2261 4843; x_wconf 83' lang='grc' dir='ltr'><strong>τὸν</strong></span> <span class='ocrx_word' id='word_1_722' title='bbox 2305 4790 2404 4862; x_wconf 86' lang='grc' dir='ltr'>μὲν</span> <span class='ocrx_word' id='word_1_723' title='bbox 2452 4791 2699 4847; x_wconf 82' lang='grc' dir='ltr'>ἑκούσιον</span> <span class='ocrx_word' id='word_1_724' title='bbox 2746 4794 3118 4867; x_wconf 79' lang='grc' dir='ltr'>ἁπευξώμεθα</span> <span class='ocrx_word' id='word_1_725' title='bbox 3167 4803 3505 4874; x_wconf 84' lang='grc' dir='ltr'>πειρασμὸν,</span> <span class='ocrx_word' id='word_1_726' title='bbox 3564 4806 3650 4861; x_wconf 83' lang='grc' dir='ltr'>ἵνα</span> <span class='ocrx_word' id='word_1_727' title='bbox 3684 4809 3762 4881; x_wconf 79' lang='grc' dir='ltr'>μὴ</span> 
     </span>
    </p>
   </div>
   <div class='ocr_carea' id='block_1_106' title="bbox 2167 4881 3761 4973">
    <p class='ocr_par' dir='ltr' id='par_1_106' title="bbox 2167 4881 3761 4973">
     <span class='ocr_line' id='line_1_106' title="bbox 2167 4881 3761 4973; baseline 0.012 -39"><span class='ocrx_word' id='word_1_728' title='bbox 2167 4881 2269 4973; x_wconf 81' lang='grc' dir='ltr'>τῆς</span> <span class='ocrx_word' id='word_1_729' title='bbox 2296 4881 2443 4947; x_wconf 84' lang='grc' dir='ltr'>θείας</span> <span class='ocrx_word' id='word_1_730' title='bbox 2488 4884 2710 4955; x_wconf 86' lang='grc' dir='ltr'>ἀγάπης</span> <span class='ocrx_word' id='word_1_731' title='bbox 2739 4884 2838 4957; x_wconf 85' lang='grc' dir='ltr'>τὴν</span> <span class='ocrx_word' id='word_1_732' title='bbox 2866 4887 3053 4959; x_wconf 76' lang='grc' dir='ltr'>ἔφεσιν</span> <span class='ocrx_word' id='word_1_733' title='bbox 3083 4891 3485 4973; x_wconf 84' lang='grc' dir='ltr'>ἀποστήσωμεν</span> <span class='ocrx_word' id='word_1_734' title='bbox 3504 4913 3518 4929; x_wconf 75' lang='grc' dir='ltr'><strong>ο</strong></span> <span class='ocrx_word' id='word_1_735' title='bbox 3579 4899 3672 4953; x_wconf 87' lang='grc' dir='ltr'><strong>τὸν</strong></span> <span class='ocrx_word' id='word_1_736' title='bbox 3703 4901 3761 4956; x_wconf 85' lang='grc' dir='ltr'>δὲ</span> 
     </span>
    </p>
   </div>
   <div class='ocr_carea' id='block_1_107' title="bbox 2168 4972 3758 5060">
    <p class='ocr_par' dir='ltr' id='par_1_107' title="bbox 2168 4972 3758 5060">
     <span class='ocr_line' id='line_1_107' title="bbox 2168 4972 3758 5060; baseline 0.014 -35"><span class='ocrx_word' id='word_1_737' title='bbox 2168 4972 2425 5028; x_wconf 81' lang='grc' dir='ltr'>ἀκούσιον</span> <span class='ocrx_word' id='word_1_738' title='bbox 2485 4977 2852 5047; x_wconf 81' lang='grc' dir='ltr'>ἐπερχόμενον</span> <span class='ocrx_word' id='word_1_739' title='bbox 2908 4984 3257 5055; x_wconf 85' lang='grc' dir='ltr'>συγχωρήσει</span> <span class='ocrx_word' id='word_1_740' title='bbox 3303 4972 3438 5042; x_wconf 86' lang='grc' dir='ltr'>Θεοῦ</span> <span class='ocrx_word' id='word_1_741' title='bbox 3488 4994 3758 5060; x_wconf 80' lang='grc' dir='ltr'>γενναίως</span> 
     </span>
    </p>
   </div>
   <div class='ocr_carea' id='block_1_108' title="bbox 2167 5065 3759 5155">
    <p class='ocr_par' dir='ltr' id='par_1_108' title="bbox 2167 5065 3759 5155">
     <span class='ocr_line' id='line_1_108' title="bbox 2167 5065 3759 5155; baseline 0.011 -37"><span class='ocrx_word' id='word_1_742' title='bbox 2167 5065 2572 5138; x_wconf 76' lang='grc' dir='ltr'>ὑπομείνωμεν,</span> <span class='ocrx_word' id='word_1_743' title='bbox 2626 5071 2714 5124; x_wconf 76' lang='grc' dir='ltr'>ἵνα</span> <span class='ocrx_word' id='word_1_744' title='bbox 2740 5071 3000 5144; x_wconf 85' lang='grc' dir='ltr'>φανῶμεν</span> <span class='ocrx_word' id='word_1_745' title='bbox 3030 5080 3496 5150; x_wconf 85' lang='grc' dir='ltr'>προτετιμηκότες</span> <span class='ocrx_word' id='word_1_746' title='bbox 3525 5084 3625 5155; x_wconf 79' lang='grc' dir='ltr'>τῆς</span> <span class='ocrx_word' id='word_1_747' title='bbox 3652 5086 3759 5153; x_wconf 75' lang='grc' dir='ltr'>φύ-</span> 
     </span>
    </p>
   </div>
   <div class='ocr_carea' id='block_1_109' title="bbox 2167 5159 3761 5242">
    <p class='ocr_par' dir='ltr' id='par_1_109' title="bbox 2167 5159 3761 5242">
     <span class='ocr_line' id='line_1_109' title="bbox 2167 5159 3761 5242; baseline 0.014 -32"><span class='ocrx_word' id='word_1_748' title='bbox 2167 5174 2305 5221; x_wconf 84' lang='grc' dir='ltr'>σεως</span> <span class='ocrx_word' id='word_1_749' title='bbox 2325 5199 2341 5225; x_wconf 91' lang='grc'><strong>,</strong></span> <span class='ocrx_word' id='word_1_750' title='bbox 2391 5159 2482 5213; x_wconf 89' lang='grc' dir='ltr'><strong>τὸν</strong></span> <span class='ocrx_word' id='word_1_751' title='bbox 2521 5160 2744 5232; x_wconf 88' lang='grc' dir='ltr'>κτίστην</span> <span class='ocrx_word' id='word_1_752' title='bbox 2784 5163 2885 5234; x_wconf 87' lang='grc' dir='ltr'>τῆς</span> <span class='ocrx_word' id='word_1_753' title='bbox 2921 5165 3156 5233; x_wconf 85' lang='grc' dir='ltr'>φύσεως.</span> <span class='ocrx_word' id='word_1_754' title='bbox 3219 5169 3435 5226; x_wconf 85' lang='grc' dir='ltr'>Γένοιτο</span> <span class='ocrx_word' id='word_1_755' title='bbox 3462 5173 3520 5226; x_wconf 84' lang='grc' dir='ltr'>δὲ</span> <span class='ocrx_word' id='word_1_756' title='bbox 3552 5177 3761 5242; x_wconf 83' lang='grc' dir='ltr'>πάντας</span> 
     </span>
    </p>
   </div>
   <div class='ocr_carea' id='block_1_110' title="bbox 2166 5250 3761 5339">
    <p class='ocr_par' dir='ltr' id='par_1_110' title="bbox 2166 5250 3761 5339">
     <span class='ocr_line' id='line_1_110' title="bbox 2166 5250 3761 5339; baseline 0.014 -38"><span class='ocrx_word' id='word_1_757' title='bbox 2166 5250 2313 5320; x_wconf 85' lang='grc' dir='ltr'>ἡμᾶς</span> <span class='ocrx_word' id='word_1_758' title='bbox 2339 5251 2466 5315; x_wconf 83' lang='grc' dir='ltr'>τοὺς</span> <span class='ocrx_word' id='word_1_759' title='bbox 2490 5253 2953 5325; x_wconf 87' lang='grc' dir='ltr'>ἐπικαλουμένους</span> <span class='ocrx_word' id='word_1_760' title='bbox 2972 5257 3032 5312; x_wconf 84' lang='grc' dir='ltr'><strong>τὸ</strong></span> <span class='ocrx_word' id='word_1_761' title='bbox 3059 5259 3229 5331; x_wconf 81' lang='grc' dir='ltr'>ὄνομα</span> <span class='ocrx_word' id='word_1_762' title='bbox 3254 5262 3349 5316; x_wconf 86' lang='grc' dir='ltr'><strong>τοῦ</strong></span> <span class='ocrx_word' id='word_1_763' title='bbox 3373 5265 3577 5332; x_wconf 74' lang='grc' dir='ltr'>Κυρίου</span> <span class='ocrx_word' id='word_1_764' title='bbox 3602 5270 3761 5339; x_wconf 86' lang='grc' dir='ltr'>ἡμῶν</span> 
     </span>
    </p>
   </div>
   <div class='ocr_carea' id='block_1_111' title="bbox 2178 5341 3759 5431">
    <p class='ocr_par' dir='ltr' id='par_1_111' title="bbox 2178 5341 3759 5431">
     <span class='ocr_line' id='line_1_111' title="bbox 2178 5341 3759 5431; baseline 0.014 -38"><span class='ocrx_word' id='word_1_765' title='bbox 2178 5341 2355 5412; x_wconf 83' lang='grc' dir='ltr'>Ἰησοῦ</span> <span class='ocrx_word' id='word_1_766' title='bbox 2386 5344 2625 5415; x_wconf 80' lang='grc' dir='ltr'>Χριστοῦ</span> <span class='ocrx_word' id='word_1_767' title='bbox 2651 5388 2666 5412; x_wconf 94' lang='grc'><strong>,</strong></span> <span class='ocrx_word' id='word_1_768' title='bbox 2723 5346 2832 5403; x_wconf 85' lang='grc' dir='ltr'><strong>τῶν</strong></span> <span class='ocrx_word' id='word_1_769' title='bbox 2863 5367 2923 5403; x_wconf 88' lang='grc' dir='ltr'><strong>τε</strong></span> <span class='ocrx_word' id='word_1_770' title='bbox 2950 5350 3045 5405; x_wconf 92' lang='grc' dir='ltr'><strong>νῦν</strong></span> <span class='ocrx_word' id='word_1_771' title='bbox 3075 5352 3248 5424; x_wconf 84' lang='grc' dir='ltr'>ἡδέων</span> <span class='ocrx_word' id='word_1_772' title='bbox 3275 5355 3368 5409; x_wconf 85' lang='grc' dir='ltr'><strong>τοῦ</strong></span> <span class='ocrx_word' id='word_1_773' title='bbox 3394 5360 3632 5431; x_wconf 88' lang='grc' dir='ltr'>πονηροῦ</span> <span class='ocrx_word' id='word_1_774' title='bbox 3660 5361 3759 5415; x_wconf 86' lang='grc' dir='ltr'>λυ-</span> 
     </span>
    </p>
   </div>
   <div class='ocr_carea' id='block_1_112' title="bbox 2162 5435 3759 5525">
    <p class='ocr_par' dir='ltr' id='par_1_112' title="bbox 2162 5435 3759 5525">
     <span class='ocr_line' id='line_1_112' title="bbox 2162 5435 3759 5525; baseline 0.013 -37"><span class='ocrx_word' id='word_1_775' title='bbox 2162 5435 2437 5525; x_wconf 83' lang='grc' dir='ltr'>τρωθῆναι</span> <span class='ocrx_word' id='word_1_776' title='bbox 2458 5477 2472 5500; x_wconf 92' lang='grc'><strong>,</strong></span> <span class='ocrx_word' id='word_1_777' title='bbox 2530 5440 2626 5493; x_wconf 80' lang='grc' dir='ltr'><strong>καὶ</strong></span> <span class='ocrx_word' id='word_1_778' title='bbox 2663 5439 2775 5496; x_wconf 91' lang='grc' dir='ltr'><strong>τῶν</strong></span> <span class='ocrx_word' id='word_1_779' title='bbox 2814 5442 3113 5513; x_wconf 87' lang='grc' dir='ltr'>μελλόντων</span> <span class='ocrx_word' id='word_1_780' title='bbox 3150 5447 3414 5517; x_wconf 82' lang='grc' dir='ltr'>ἀλγεινῶν</span> <span class='ocrx_word' id='word_1_781' title='bbox 3451 5451 3759 5525; x_wconf 82' lang='grc' dir='ltr'>ἐλευθερω-</span> 
     </span>
    </p>
   </div>
   <div class='ocr_carea' id='block_1_113' title="bbox 2165 5523 3758 5611">
    <p class='ocr_par' dir='ltr' id='par_1_113' title="bbox 2165 5523 3758 5611">
     <span class='ocr_line' id='line_1_113' title="bbox 2165 5523 3758 5611; baseline 0.014 -34"><span class='ocrx_word' id='word_1_782' title='bbox 2165 5523 2358 5595; x_wconf 85' lang='grc' dir='ltr'>θῆναι,</span> <span class='ocrx_word' id='word_1_783' title='bbox 2421 5529 2484 5599; x_wconf 77' lang='grc' dir='ltr'><strong>τῇ</strong></span> <span class='ocrx_word' id='word_1_784' title='bbox 2540 5529 2759 5601; x_wconf 80' lang='grc' dir='ltr'>μεθέξει</span> <span class='ocrx_word' id='word_1_785' title='bbox 2806 5532 2906 5605; x_wconf 85' lang='grc' dir='ltr'>τῆς</span> <span class='ocrx_word' id='word_1_786' title='bbox 2952 5535 3072 5589; x_wconf 78' lang='grc' dir='ltr'>κατ’</span> <span class='ocrx_word' id='word_1_787' title='bbox 3101 5531 3241 5603; x_wconf 81' lang='grc' dir='ltr'>είδος</span> <span class='ocrx_word' id='word_1_788' title='bbox 3291 5539 3401 5595; x_wconf 83' lang='grc' dir='ltr'><strong>τῶν</strong></span> <span class='ocrx_word' id='word_1_789' title='bbox 3448 5523 3758 5611; x_wconf 77' lang='grc' dir='ltr'>μελλόντων</span> 
     </span>
    </p>
   </div>
  </div>
