4070 6398
376 349 485 417 909

1300 351 1703 412 ΕΚΡΟΞΙΤΙΟ
1760 351 2172 414 ORATIONIS
2229 350 2639 417 DOMINICE.

3528 358 3632 423 910

377 469 601 534 ἀγαθων
623 460 971 524 ὑποστάσεως
988 501 1003 527 ,
1058 461 1386 534 ὲποφθείσης
1409 467 1542 534 ἡμῖν
1566 466 1624 518 ἐν
1651 465 1799 536 αύτῷ
1824 467 1959 537 Χρι-

2064 466 2316 522 tristibus
2341 482 2405 522 ac
2445 466 2833 523 cruciamentis
2873 482 3152 535 eruamur,
3195 467 3315 539 ipso
3368 482 3469 538 per
3507 483 3633 539 spe-

380 556 492 627 στῴ
522 555 600 624 τῷ
630 553 819 624 Κυρίῳ
847 552 1034 623 ἡμῶν,
1080 554 1159 625 τῷ
1192 554 1336 625 μόνῳ
1372 555 1467 609 σὺν
1494 557 1668 628 Πατρὶ
1701 558 1795 609 καὶ
1820 556 1961 627 ἁγίῳ

377 647 659 717 Πνεύματι
707 644 1048 716 δοξαζομένῳ
1127 646 1277 718 παρά
1334 646 1513 720 πάσης
1562 648 1663 719 τῆς
1706 648 1957 713 κτίσεως.

390 741 579 812 Ἀμήν-

1026 940 1301 994 ΣΧΟΛΙΑ.

444 1029 516 1086 α’.
551 1030 642 1085 Fr.
674 1032 882 1086 Ταυτδν
910 1031 1000 1085 ἐπὶ
1029 1031 1164 1083 Θεοῦ
1191 1030 1352 1101 βουλὴ
1377 1030 1470 1083 καὶ
1496 1028 1765 1100 βούλησις.

449 1124 516 1193 β’.
565 1124 841 1189 Ἐπαίνου,
895 1126 1048 1194 φησι,
1100 1123 1193 1177 καὶ
1227 1123 1394 1192 ψόγου
1430 1123 1572 1175 κατὰ
1600 1121 1759 1188 φύσιν
1784 1120 1958 1193 ὑπάρ-

374 1234 487 1290 χων
520 1218 549 1270 6
574 1216 731 1284 λόγος
757 1216 1041 1287 ἐλεύθερος
1064 1256 1078 1280 ,
1125 1215 1313 1285 ἀπαθῆ
1347 1216 1493 1267 ποιεῖ
1520 1213 1611 1265 τὸν
1647 1214 1791 1282 μόνῳ
1818 1212 1958 1282 λόγῳ

376 1312 477 1382 ζῇν
502 1308 953 1379 προαιρούμενονο
988 1306 1242 1377 χωρίζειν
1267 1306 1466 1360 πείθων
1488 1305 1597 1359 τῶν
1621 1292 1960 1376 φθοροποιῶν

375 1401 478 1469 τῆς
522 1400 704 1471 ψυχῆς
754 1400 853 1470 τὴν
901 1399 1231 1469 ἐπιθυμίανο
1295 1394 1363 1470 ἧς
1409 1397 1820 1468 ἀπογενομένης
1850 1396 1960 1451 τῶν

376 1493 577 1547 ὑλικῶν
598 1533 613 1558 ,
668 1492 791 1546 οὔτε
821 1492 930 1545 τῶν
955 1490 1347 1555 ἐπαινούντων,
1401 1488 1524 1543 οὔτε
1553 1489 1663 1543 τῶν
1683 1489 1959 1560 ψεγόντων

374 1586 450 1650 ὡς
472 1586 716 1656 πάσχων,
752 1586 781 1637 ό
808 1584 930 1637 καθ’
948 1583 1061 1649 ἕξιν
1084 1584 1256 1653 πρᾶος
1287 1580 1621 1647 αἰσθάνεται,

442 1864 478 1915 γ
499 1886 513 1900 .
551 1845 679 1901 Ven.
707 1854 757 1899 et
782 1844 877 1900 Fr.
925 1843 1168 1907 Ἀνίσους
1194 1841 1463 1904 διαθέσεις
1501 1839 1671 1907 λέγει,
1694 1837 1793 1901 τὰς
1822 1837 1961 1908 πρὸς

372 1938 578 2002 ἑαυτὰς
610 1938 710 2009 τὴν
736 1937 914 2009 ψυχὴν
948 1934 1285 2007 μορφούσας,
1337 1932 1431 1985 τοῦ
1455 1948 1514 1984 τε
1540 1928 1713 1999 θυμοῦ
1744 1930 1837 1982 καὶ
1861 1929 1960 1998 τῆς

372 2031 670 2101 ἐπιθυμίας
696 2031 968 2100 κινήσεις’
1008 2022 1082 2082 ὧν
1112 2025 1394 2096 ἐλεύθερον
1426 2018 1566 2076 εῖναι
1595 2023 1675 2075 δεῖ
1707 2020 1798 2075 τὸν
1821 2022 1961 2091 Χρι-

374 2120 501 2175 στοῦ
534 2121 805 2192 μαθητήψ
844 2122 982 2191 μήτε
1012 2119 1167 2189 χύσει
1196 2116 1291 2169 τοῦ
1328 2116 1458 2185 περὶ
1481 2113 1707 2186 καρδίαν
1732 2113 1961 2182 αἵματος

373 2214 511 2285 πρὸς
537 2213 732 2283 ἡδονὰς
762 2212 1159 2276 ὀλισθαίνοντα,
1198 2210 1336 2279 μήτε
1368 2206 1518 2271 ζέσει
1548 2203 1643 2259 τοῦ
1677 2205 1806 2276 περῖ⁹
1829 2221 1963 2274 καρ-

370 2308 489 2360 δίαν
524 2306 751 2375 αϊματος
784 2304 920 2374 πρὸς
939 2303 1109 2373 ὀργὰς
1139 2300 1554 2369 ὲκμαινόμενον.

441 2395 502 2450 δ’.
543 2394 633 2448 Fr.
669 2395 859 2461 Λόγων
890 2393 1135 2464 δηλονότι
1169 2389 1487 2461 Ἑλληνικοῦ
1522 2390 1616 2442 καὶ
1644 2386 1958 2441 Ἰουδαϊκοῦ⁰

369 2481 447 2543 ὧν
494 2489 553 2542 ὲν
596 2485 820 2558 Χριστῷ
873 2484 1153 2547 παντελῶς
1197 2482 1393 2545 οὐδείς.
1443 2481 1670 2551 Ἐπίσης
1704 2483 1813 2550 γὰρ
1862 2478 1963 2548 τῆς

370 2579 712 2649 πυλυαρχίας
734 2618 749 2645 ,
803 2577 900 2631 καὶ
931 2578 1029 2649 τῆς
1060 2577 1141 2630 ἐνὶ
1170 2575 1447 2647 προσώπῳ
1478 2573 1962 2645 περιγραφομένης

372 2674 692 2744 μοναρχίας,
733 2672 761 2724 6
790 2670 883 2724 τοῦ
909 2668 1147 2742 Χριστοῦ
1179 2667 1478 2740 καθαρεύει
1508 2667 1688 2736 λόγος.

443 2863 503 2911 ε’.
535 2854 626 2909 Fr.
650 2854 727 2907 Οὐ
753 2853 863 2925 γὰρ
897 2851 1044 2907 κατὰ
1067 2849 1345 2921 γέννησιν,
1380 2849 1415 2921 ἢ
1445 2849 1692 2921 πρόοδον,
1725 2850 1845 2920 ἦτοι
1870 2849 1962 2902 ἐκ·

370 2966 588 3022 φανσιν.

446 3048 518 3106 ς’.
556 3040 646 3094 Fr.
685 3039 810 3102 Πῶς
850 3054 937 3101 τις
982 3035 1206 3091 δύναται
1254 3035 1471 3106 ἀφιέναι
1516 3035 1627 3097 τοῖς
1660 3034 1963 3103 ὀφειλέταις

368 3134 439 3188 τὰ
466 3133 844 3203 ὀφειλήματα;

444 3228 508 3292 ξ’.
559 3225 650 3279 Fr.
701 3225 833 3287 Ταῖς
876 3222 984 3277 τῶν
1011 3222 1198 3292 ψυχῶν
1238 3221 1398 3292 ἡμῶν
1443 3219 1745 3274 διαθέσεσιν
1777 3221 1811 3290 ἡ
1839 3218 1961 3273 θεία

371 3318 599 3381 δεόντως
630 3316 1006 3386 ὲφαρμόζεται
1030 3315 1369 3385 δικαιοσύνη,
1401 3313 1624 3384 τοιαύτη
1653 3314 1783 3383 ἡμῖν
1816 3329 1962 3380 γινο-

376 3410 536 3480 μένη,
554 3410 699 3473 οἵους
730 3409 984 3480 ἀλλήλοις
1002 3408 1227 3471 ἑαυτοὺς
1250 3404 1598 3477 πεποιήμεθα
1619 3419 1633 3435 '
1662 3405 1756 3459 καὶ
1785 3404 1961 3458 τοιοῦ-

373 3519 466 3554 τον
495 3506 631 3573 ἡμῖν
652 3502 835 3565 αὐτοῖς
869 3501 961 3554 τὸν
998 3500 1131 3555 Θεὸν
1168 3499 1505 3562 καθιστῶσα,
1540 3498 1686 3561 οἵους
1716 3496 1959 3567 φθάσαν-

382 3609 475 3655 τες
504 3594 613 3655 τοῖς
636 3590 1023 3661 ὁμοιοπαθέσιν
1054 3589 1280 3651 ἑαυτοὺς
1303 3586 1655 3658 διεθήκαμεν.
1731 3590 1747 3603 ’

456 3769 523 3840 η’.
573 3768 627 3822 Ὀ
662 3768 757 3839 τῆς
780 3768 993 3838 φύσεως
1022 3766 1198 3834 λόγος,
1230 3764 1385 3835 φησὶ,
1435 3763 1529 3817 καὶ
1557 3762 1720 3833 νόμος
1752 3761 1959 3831 γίνεται

378 3861 613 3933 φύσεως,
649 3863 943 3933 λαμϐάνων
972 3857 1369 3930 συμφωνοῦσαν
1398 3856 1498 3927 τὴν
1524 3854 1750 3926 γνώμην
1776 3856 1853 3918 εἰς
1877 3856 1961 3907 ὲν-

372 3954 592 4027 ἐργειαν
625 3954 734 4008 τῶν
768 3954 909 4008 κατὰ
938 3953 1099 4022 φύσιν
1128 3950 1429 4021 δυνάμεων.

2064 558 2203 613 ciem
2235 559 2421 613 donati
2444 558 2765 614 substantiae
2799 558 3069 612 bonorum
3092 558 3444 621 commercio,
3478 573 3637 628 cuius

2063 659 2285 719 aspectu
2334 648 2605 715 fruamur,
2662 649 2715 703 in
2748 650 2868 718 ipso
2894 649 3113 704 Christo
3160 650 3393 703 Domino
3420 658 3632 715 nostro,

2062 740 2159 809 qui
2209 740 2360 794 solus
2391 754 2516 794 cum
2544 740 2706 795 Patre
2747 749 2801 795 et
2853 740 3063 809 Spiritu
3113 751 3305 795 sancto
3353 755 3384 795 a
3434 741 3635 796 creatis

2062 830 2319 884 omnibus
2369 830 2640 885 laudatur.
2693 832 2880 886 Amen.

2716 928 3029 994 SC‘HOLIA.

2134 1029 2185 1081 1.
2226 1028 2323 1083 Dei
2355 1029 2501 1084 idem
2533 1028 2828 1083 consilium
2882 1036 2966 1082 est
3014 1042 3080 1081 ac
3126 1028 3399 1084 voluntas.

2130 1120 2185 1175 2.
2225 1118 2364 1175 Cum
2397 1120 2545 1174 enim
2576 1121 2718 1173 ratio
2742 1129 2940 1173 natura
2966 1135 2996 1173 a
3030 1118 3191 1173 laude
3219 1129 3383 1190 atque
3423 1121 3639 1193 vitupe-

2062 1209 2146 1265 rio
2173 1209 2349 1265 libera
2372 1211 2475 1276 sit;
2502 1225 2627 1265 eum
2656 1211 2725 1265 ab
2745 1210 3033 1265 aﬂ'ectibus
3068 1211 3367 1267 immunem
3395 1223 3635 1283 praestat,

2062 1301 2157 1372 qui
2182 1309 2245 1357 ut
2270 1302 2385 1357 sola
2408 1302 2557 1356 vivat
2579 1302 2791 1357 ratione
2820 1302 2877 1355 in
2901 1302 3145 1356 animum
3172 1303 3414 1370 inducit;
3439 1320 3637 1377 nempe

2061 1393 2299 1449 suadens
2330 1401 2389 1448 ut
2416 1393 2585 1448 animi
2615 1393 2971 1463 cupiditatem
3001 1394 3070 1448 ab
3094 1393 3162 1448 iis
3189 1394 3490 1461 abstrahat,
3518 1413 3640 1467 quae

2062 1486 2472 1556 corruptionem
2511 1486 2802 1556 labemque
2834 1486 3123 1540 inducunt.
3167 1485 3303 1552 Qua,
3343 1500 3375 1540 a
3405 1490 3641 1544 terrenis

2060 1575 2341 1647 abjuneta,
2391 1575 2488 1644 qui
2543 1574 2736 1629 habitu
2784 1574 2936 1629 mitis
2980 1587 3084 1639 est,
3138 1590 3319 1645 neque
3353 1576 3641 1631 laudantes

2060 1666 2231 1721 sentit
2287 1680 2470 1734 neque
2520 1664 2918 1736 vituperantes,
2973 1665 3131 1735 quasi
3190 1657 3460 1722 alterutro
3527 1666 3644 1722 alli-

2062 1758 2262 1813 ciatur.

2132 1851 2187 1905 5.
2228 1849 2526 1921 lnaequales
2574 1847 2897 1904 all'ectiones
2938 1857 3121 1913 vocat,
3170 1849 3268 1904 irze
3318 1849 3529 1905 scilicet
3578 1866 3643 1905 ac

2062 1940 2384 2010 cupiditatis
2436 1950 2641 2006 motus,
2689 1955 2757 1993 ex
2800 1939 2886 1993 sui
2939 1939 3152 1995 ratione
3188 1941 3432 1994 animum
3472 1941 3635 1995 infor-

2062 2038 2297 2097 mantes,
2331 2048 2362 2087 a
2398 2030 2858 2102 quibusliberum
2881 2046 3004 2087 esse
3038 2040 3257 2101 oportet
3299 2032 3505 2087 Christi
3552 2033 3633 2087 di-

2063 2122 2369 2191 scipulum;
2418 2130 2478 2175 ut
2499 2136 2681 2190 neque
2732 2120 3013 2191 sanguinis
3040 2121 3187 2175 circa
3218 2137 3313 2175 cor
3347 2122 3642 2179 diﬂ‘usione

2063 2211 2131 2265 ad
2161 2212 2420 2266 libidines
2448 2212 2789 2281 prolabatur,
2821 2227 3001 2280 neque
3052 2212 3335 2283 sanguinis
3368 2213 3515 2270 circa
3546 2229 3643 2269 cor

2062 2303 2389 2357 accensioue
2434 2304 2527 2357 irae
2566 2302 2754 2357 furore
2788 2302 3114 2357 concitetur.

2132 2394 2187 2447 4.
2231 2393 2459 2457 Horum,
2505 2392 2803 2448 Graecanici
2835 2392 3043 2447 scilicet
3083 2407 3147 2446 ac
3180 2393 3396 2449 Judaici
3426 2412 3637 2451 sermo-

2062 2483 2186 2548 nis,
2234 2490 2433 2538 neuter
2479 2499 2708 2553 prorsus
2744 2484 2800 2538 in
2836 2483 3059 2541 Christo
3095 2494 3199 2541 est.
3236 2487 3471 2543 Perinde
3498 2489 3646 2543 enim

2062 2575 2269 2632 Christi
2304 2592 2488 2631 sermo
2527 2592 2592 2631 ac
2632 2576 2883 2632 doctrina
2908 2593 2939 2631 a
2974 2578 3285 2649 principatu
3316 2579 3473 2635 abest
3498 2581 3644 2637 inter

2062 2670 2267 2724 multos
2297 2669 2497 2734 diviso,
2527 2680 2582 2723 et
2608 2668 2676 2723 ab
2713 2685 2802 2736 eo,
2845 2671 2939 2741 qui
2976 2671 3091 2741 ipse
3130 2687 3293 2739 unus,
3320 2673 3483 2728 unius
3515 2690 3642 2745 per-

2063 2772 2212 2812 sonae
2242 2756 2509 2827 angustiis
2558 2766 2823 2813 arctatur.

2134 2846 2185 2901 5.
2226 2846 2348 2901 Non
2382 2847 2531 2900 enim
2573 2848 2948 2917 generatione,
2992 2858 3088 2904 aut
3128 2852 3481 2920 processione
3525 2855 3644 2911 sive

2063 2945 2190 2992 ortu
2224 2951 2289 2992 ac
2337 2936 2485 3006 quod
2515 2937 2771 2992 eluxerit.

2137 3028 2191 3081 6.
2232 3028 2484 3094 Quonam
2534 3029 2699 3084 modo
2741 3037 2926 3099 potest
2969 3031 3094 3100 quis
3138 3032 3420 3092 dimittere
3457 3037 3643 3092 debita

1988 3133 2036 3193 ο
2067 3122 2450 3179 debitoribus?

2130 3214 2182 3267 7.
2224 3213 2419 3268 Divina
2456 3214 2854 3269 convenienter
2879 3216 3111 3287 justitia,
3152 3219 3317 3273 animi
3358 3221 3529 3275 nostri
3560 3222 3643 3277 af-

2060 3302 2297 3359 fectibus
2324 3312 2577 3372 aptatur;
2616 3305 2740 3358 talis
2763 3306 2977 3361 scilicet
3008 3307 3124 3377 ipsa
3156 3309 3317 3364 nobis
3348 3311 3641 3377 exsistens,

2061 3394 2253 3464 quales
2281 3395 2373 3448 alii
2401 3394 2524 3449 aliis
2543 3411 2643 3449 nos
2669 3396 2771 3465 ipsi
2795 3398 3143 3465 exsistimus;
3174 3400 3453 3471 Deumque
3479 3404 3643 3459 talem

2060 3485 2220 3539 nobis
2251 3487 2615 3551 constituens,
2652 3488 2843 3559 quales
2888 3504 3018 3559 erga
3059 3491 3309 3561 ejusdem
3345 3495 3511 3549 sortis
3534 3496 3640 3550 mi-

2061 3577 2227 3632 sellus
2267 3577 2520 3633 homines
2562 3589 2727 3649 atque
2778 3580 3039 3637 mortales
3086 3597 3191 3637 nos
3232 3583 3337 3654 ipsi
3383 3586 3638 3642 exhibui-

2062 3683 2202 3724 mus.

2131 3763 2183 3818 8.
2226 3764 2445 3820 Natura:
2474 3766 2613 3820 ratio
2648 3766 2704 3820 in
2727 3777 2937 3823 natura;
2983 3769 3155 3839 ipsam
3183 3768 3357 3840 legem
3385 3772 3639 3839 vertitur,

2060 3857 2400 3913 voluntatem
2433 3874 2722 3914 assumens
2765 3876 2887 3929 quae
2938 3877 3221 3917 assensum
3268 3864 3508 3932 prtebeat
3540 3880 3638 3919 na-

2063 3946 2321 4001 turalium
2363 3948 2670 4018 operationi
2714 3949 2917 4005 virium
2948 3967 3011 4006 ac
3047 3950 3385 4007 facultatum.

3222 4148 3626 4177 επὶ-’ἐξ

1327 4294 1681 4356 MONITUM
1722 4294 1821 4353 AD
1861 4294 2156 4355 LIBRUM
2199 4294 2637 4356 ASCETICUM.

467 4450 720 4515 Maximi
794 4449 1015 4510 librum
1077 4445 1416 4508 asceticum
1464 4443 1567 4522 (id
1618 4450 1747 4515 est,
1800 4442 1882 4503 ad
1915 4444 2210 4521 pietatem
2252 4453 2669 4517 exercentem,
2718 4450 2784 4505 ut
2823 4444 2975 4505 dixit
3013 4444 3298 4506 Nobilius
3348 4446 3457 4524 qui
3500 4447 3519 4506 i
3572 4464 3640 4508 se

467 4534 589 4583 tina
622 4526 1111 4583 renrmsentavit.
1152 4531 1213 4583 et
1242 4526 1460 4583 Romae
1496 4540 1637 4583 cum
1674 4522 1914 4583 aliquot
1943 4520 2370 4583 Chrvsostomi
2407 4528 2467 4582 et
2508 4522 2749 4583 duabus
2787 4522 2997 4583 Basilii
3028 4523 3309 4583 epistolis
3349 4540 3452 4583 an.
3490 4463 3639 4583 £78

362 4534 589 4596 Latine
622 4526 1111 4609 repraesentavit,
1152 4531 1213 4585 et
1242 4520 1637 4609 Boium-cum
1674 4520 2370 4609 aliquot‘Chrysostomi
2407 4528 2467 4609 et
2508 4522 2749 4609 duabus
2787 4522 2997 4609 Basilii
3028 4523 3311 4609 epistolis
3349 4520 3452 4609 an.
3490 4520 3639 4609 l578

363 4612 591 4689 edidit)
645 4599 828 4689 nullo
871 4606 994 4667 alio
1041 4603 1434 4689 commodius
1460 4601 1621 4689 _loc_o
1658 4599 1859 4661 visum
1909 4599 2080 4689 dare,
2123 4617 2312 4679 quam
2357 4601 2907 4689 ut__subnecterem
2952 4599 3229 4689 Orationi
3275 4602 3635 4689 Dominicte,

359 4692 467 4753 sic
507 4678 629 4768 pie,
669 4686 1039 4756 luculenter,
1074 4690 1134 4768 et
1174 4683 1252 4768 ad
1303 4680 1620 4768 charitatis
1665 4696 1945 4768 sensum,
1984 4679 2063 4767 ab
2108 4695 2184 4740 eo
2229 4679 2573 4768 expositae:
2611 4697 2800 4768 quam
2843 4678 3207 4768 charitate_m
3243 4697 3313 4740 ac
3345 4680 3638 4768 dilectio-

357 4756 545 4841 nem,
574 4756 707 4828 toto
751 4774 978 4825 nostrae
1012 4761 1226 4823 salutis
1257 4759 1513 4841 negotio
1549 4759 1793 4841 cunctis
1829 4756 2171 4841 dominam,
2207 4763 2269 4819 et
2310 4775 2575 4841 scopum
2619 4756 2944 4841 adﬁnem,
2984 4758 3392 4841 omniumque
3432 4758 3635 4841 admi-

357 4834 633 4909 randam
665 4841 1196 4922 complexionem,
1230 4846 1291 4922 et
1319 4834 1659 4922 sanctitatis
1686 4854 1757 4899 ac
1788 4834 2208 4922 perfectionis,
2234 4834 2461 4922 metam
2490 4838 2556 4922 in
2587 4850 2662 4922 eo
2694 4836 2996 4922 Maximus
3032 4834 3597 4922 miriﬁcellaudavit
3613 4855 3633 4909 ;

356 4925 740 5005 liquideque
790 4913 949 5005 adeo
994 4919 1164 5005 nulla
1209 4917 1647 5005 allegoriarum
1688 4913 1975 5005 ambage,
2015 4921 2121 4975 aut
2162 4914 2307 5005 styli
2351 4914 3111 5005 productiorjs_anfractu,
3144 4913 3431 5005 familiari
3471 4916 3633 5005 du_o-_

356 4992 513 5067 runt
566 4992 887 5091 colloquio
937 5015 1048 5088 sua
1096 4997 1197 5059 hic
1238 4992 1517 5091 digessit,
1551 5001 1621 5055 ut
1664 4994 1867 5091 pullas
1914 5001 2317 5091 meas‘notas‘
2344 4993 2621 5091 primum
2652 4992 3042 5081 adhibendas
3084 4992 3429 5091 putaverint
3468 5012 3482 5053 :
3519 4995 3636 5055 etsi

356 5086 512 5173 ipsa
546 5071 775 5145 Nobilii
808 5071 1359 5173 versio,'unusqu'e
1400 5074 1534 5173 fere
1579 5079 1685 5135 aut
1702 5073 1887 5173 Jalter
1934 5072 2258 5173 scripturas
2304 5072 2536 5173 locusb
2560 5077 2628 5161 ut
2664 5088 2743 5133 ne
2783 5071 3041 5173 omnino
3080 5071 3155 5173 iis
3194 5072 3495 5173 intactum
3531 5090 3636 5173 re:

356 5150 1171 5240 'linquerem,_suasit.fHoc
1203 5150 1372 5240 certe
1415 5152 1654 5240 audens
1692 5152 1897 5240 dicam
1940 5151 2005 5240 in
2052 5154 2323 5240 Patrum
2348 5151 2659 5222 asceticis,
2714 5168 2860 5240 quae
2899 5155 3064 5240 tanta
3095 5150 3631 5240 Graecishexstant,

358 5259 447 5303 ac
492 5228 634 5311 qua)
678 5228 883 5300 adhuc
932 5252 1157 5311 magna
1201 5238 1434 5309 segete,
1477 5232 1747 5292 necdum
1794 5231 2047 5311 vulgata
2093 5228 2349 5311 possint
2386 5229 3289 5311 repraesentari,pascetamque
3337 5228 3632 5311 formant,

360 5259 447 5303 ac
538 5259 634 5301 uae
678 5259 883 5300 aunuc
932 5259 1157 5311 magna
1201 5259 1434 5309 segete,
1477 5259 1747 5292 HUUUUHI
1801 5259 2039 5306 νυιδαιῑι
2093 5259 2333 5307 pusum.
2388 5259 2846 5307 rcprwauumu,
2888 5259 3289 5307 aauctuuttluu
3338 5259 3632 5303 turtuaut,

360 5259 535 5403 nihil
579 5332 911 5379 occurrere
946 5314 1121 5403 quod
1150 5311 1343 5403 ‘in'eo
1382 5326 1613 5403 genere
1661 5310 1913 5399 majoris
1945 5308 2146 5403 videri
2184 5308 2404 5403 plossit,
2440 5314 2554 5403 aut.
2582 5308 2749 5387 quod
2791 5308 3027 5403 utilius,
3070 5310 3348 5403 omnium
3393 5309 3635 5403 virtutis

362 5386 1096 5479 palaastramercntium
1144 5392 1261 5452 teri
1311 5386 1635 5479 @jni‘bus,
1687 5386 1883 5479 inque
1938 5386 2092 5458 illis,
2144 5386 2239 5446 vel
2289 5386 3016 5479 monasticesreligiosa
3070 5387 3489 5479 institutione,
3538 5387 3633 5479 vel

359 5464 699 5539 communi
746 5476 881 5552 ipsa
920 5479 1307 5552 augustaque
1351 5468 1693 5552 Christiana
1737 5464 1904 5528 serte
1945 5482 2016 5527 ac
2036 5466 2551 5552 nuncupatione,
2589 5464 2838 5552 assidue
2874 5465 3127 5552 versari.
3166 5466 3376 5545 Prodit
3405 5482 3481 5552 ett
3517 5464 3633 5526 du-

358 5554 530 5636 plici
576 5556 712 5636 Em‘.
759 5543 1247 5636 éa_rd._ltl'azaritii
1281 5547 1422 5607 cod.
1454 5546 1958 5636 membranaceo,
1999 5543 2195 5606 altero
2233 5543 2513 5622 antiquo,
2561 5544 2757 5606 altero
2810 5544 3216 5622 bombycino,
3260 5543 3506 5607 cmend.
3554 5559 3628 5605 ex

360 5624 638 5697 ineliore
686 5631 888 5710 Raph.
929 5627 1229 5703 Dufrenii,
1263 5642 1431 5690 nunc
1467 5624 1687 5704 Regio.
