4070 6400
424 365 522 434 9H

442 540 2475 576 ___________________________________...._._.

1604 353 1664 414 S.
1706 349 1994 413 ΜΑΧΙΜΙ
2029 344 2539 409 CONFESSORIS

3608 336 3721 402 912

2481 540 2845 553 WG

1499 686 1639 744 ΤΟΥ
1694 682 1787 742 ΕΝ
1843 678 2071 740 ΑΓΙΟῙΣ
2124 676 2400 739 HATPOZ
2454 678 2655 738 ΗΜΩΝ

954 847 1689 986 ΜΑΞΙΜΟΥ
1743 848 2048 967 ΤΟΥ
2111 841 3218 967 ΟΜΟΛΟΓΗΤΟΥ

1505 1073 1876 1165 ΛΟΓΟΣ
1953 1066 2599 1159 ΑΣΚΗΤΙΚΟΣ

1632 1254 1794 1311 Κατὰ
1818 1248 2041 1308 πεῦσιν
2071 1249 2168 1306 καί
2195 1251 2543 1319 ἀπόκρισιν.

832 1569 962 1698 s.
1063 1568 1200 1693 P.
1298 1564 1446 1687 N.
1542 1551 2152 1684 MAXIM]
2246 1504 3314 1721 CONFESSORIS

1430 1818 1851 1935 LIBER
1950 1810 2552 1971 ASCETIC
2579 1809 2743 1926 US

1570 2041 1636 2123 (ι.
1674 2059 1735 2102 Ε.
1784 2054 1869 2101 AD
1900 2051 2211 2101 PIETATEM
2255 2035 2607 2116 EXERCENS)

1410 2211 1531 2271 Per
1554 2203 2123 2282 interrogationem
2158 2211 2220 2264 et
2252 2200 2759 2280 responsionem.

825 2510 986 2585 367
1052 2507 1356 2572 FRATER,
1392 2504 1642 2562 SENEX.

513 2614 565 2671 ι.
604 2611 798 2668 Frater
828 2603 1194 2675 interrogavit
1217 2615 1406 2659 senem
1433 2599 1524 2655 bis
1545 2597 1736 2655 verbis
1772 2613 1786 2650 :
1818 2594 2034 2651 Amabo

2066 2378 2133 2391 -

2069 2508 2112 2564 Α

2559 2494 2892 2560 ΑΔΕΛΦΟΣ,
2927 2496 2969 2548 Ο
3000 2490 3246 2547 ΓΕΡΩΝ.

2209 2600 2279 2648 α’.
2324 2591 2581 2661 Ἀδελφὺς
2613 2587 2869 2662 ἠρώτησε
2904 2586 3161 2658 γέροντα,
3179 2582 3357 2653 λέγων
3378 2584 3731 2657 ’Παρακαλῶ

441 2716 517 2773 te,
552 2705 628 2760 mi
673 2703 859 2766 Pater,
894 2698 986 2754 dic
1032 2673 1192 2760 mihi,
1226 2709 1337 2766 quo
1385 2699 1620 2765 spectet.
1669 2691 1865 2761 quisve
1915 2689 2036 2761 ejus

2145 2704 2221 2754 σε,
2239 2687 2636 2758 Πάτερ,είπεῖν
2656 2698 2767 2755 μοι,
2790 2680 2874 2744 τίς
2894 2682 2922 2734 6
2949 2678 3151 2743 σκοπὸς
3174 2673 3246 2750 ἦν
3274 2681 3375 2751 τῆς
3399 2677 3495 2733 τοῦ
3517 2679 3728 2752 Κυρίου

440 2796 567 2852 linis
613 2791 762 2865 quod
798 2788 1067 2845 Dominus
1096 2785 1265 2841 homo
1305 2782 1485 2837 factus
1522 2776 1777 2835 est?Cui
1804 2790 2037 2847 respon-

442 2888 526 2943 dit
570 2899 781 2941 senex:
814 2881 984 2937 Miror
1021 2885 1097 2942 te,
1132 2876 1325 2941 frater,
1352 2873 1450 2945 qui
1506 2870 1757 2943 quotidie
1804 2867 2038 2941 Symbo-

441 2975 559 3031 lum
601 2970 729 3027 ildei
777 2967 991 3031 audias,
1039 2962 1189 3034 quod
1230 2976 1320 3016 me
1377 2974 1441 3014 ea
1488 2958 1557 3013 de
1610 2970 1671 3011 re
1703 2954 2033 3025 interrogas.

442 3060 841 3116 Verumtamen
890 3051 1041 3109 istud
1092 3050 1319 3115 habeto,
1369 3046 1519 3117 quod
1550 3040 1821 3100 Dominus
1868 3043 2039 3097 homo

441 3154 622 3210 factus
650 3151 743 3216 sit,
774 3147 921 3211 finis,
956 3152 1149 3200 nostra
1192 3142 1342 3198 salus
1378 3138 1505 3194 fuit.
1536 3136 1621 3192 Ad
1652 3151 1817 3207 quem
1845 3134 2038 3202 frater,

446 3244 675 3301 Modum
733 3237 971 3311 explica,
1027 3235 1213 3293 Pater.
1275 3226 1586 3304 Respondit
1640 3242 1842 3285 senex:
1879 3225 2040 3294 Quod

402 3334 707 3393 -nimirum
749 3332 919 3387 homo
960 3327 1029 3384 ab
1060 3325 1221 3382 initio
1251 3339 1283 3380 a
1312 3324 1429 3379 Deo
1473 3330 1715 3387 creatus,
1764 3328 1822 3375 et
1857 3319 1915 3374 in
1944 3335 2043 3390 pa-

445 3427 635 3484 radiso
651 3424 975 3489 collocatus,
1007 3419 1129 3491 ejus
1148 3415 1609 3488 transgressione,
1634 3411 1782 3484 quod
1812 3411 1865 3465 in
1886 3426 2043 3465 man-

443 3520 595 3577 datis
625 3522 937 3589 acceperat,
986 3509 1295 3568 interitioni
1333 3508 1613 3577 mortique
1657 3504 1935 3561 obnoxius
1964 3503 2043 3558 fa-

444 3617 572 3664 ctus
598 3612 752 3673 erat;
791 3611 1019 3674 tumque
1064 3599 1222 3656 varia
1263 3596 1364 3654 Dei
1404 3590 1756 3668 providentia
1802 3608 1904 3665 per
1932 3607 2043 3648 om-

446 3725 548 3765 nes
576 3716 767 3763 aatates
814 3702 1194 3775 nequidquam
1227 3700 1567 3771 gubernatus
1605 3706 1770 3767 atque
1796 3696 2040 3766 adjutus,

449 3801 721 3871 nequiore
743 3810 963 3867 semper
987 3784 1135 3851 {tatu
1157 3792 1464 3864 maiorique
1488 3790 1735 3860 nequitia
1761 3789 2039 3856 manebat,

449 3907 614 3965 quem
662 3890 831 3944 varize
874 3886 1060 3944 carnis
1098 3882 1378 3942 illecebrae
1436 3896 1502 3939 ac
1543 3881 1809 3937 libidines
1836 3880 1903 3936 ad
1946 3879 2044 3936 de-

448 3981 787 4058 sperationis
826 3990 1111 4053 postremo
1154 3974 1482 4033 barathrum
1528 3973 1819 4045 adigerent
1861 3990 1875 4026 :
1918 3984 2041 4027 eam

447 4076 521 4132 ob
548 4089 687 4139 rem,
739 4071 1061 4142 unigenitus
1102 4067 1204 4123 Dei
1260 4067 1454 4133 Filius,
1498 4066 1717 4121 saeculis
1760 4063 2044 4134 antiquius

447 4167 693 4224 Verbum
740 4181 808 4221 ex
838 4165 951 4219 Deo
979 4163 1145 4218 Patre
1192 4160 1489 4224 exsistens,
1536 4157 1664 4213 fons
1706 4157 1798 4212 ille
1826 4156 1953 4211 vitae
1979 4170 2044 4211 ac

449 4256 904 4321 immortalitatis,
950 4253 1117 4309 nobis
1160 4250 1437 4321 apparuit,
1491 4249 1587 4320 qui
1619 4247 1950 4305 scdebamus
1986 4248 2045 4303 in

450 4346 697 4406 tenebris
728 4354 786 4401 et
813 4344 1007 4398 umbra
1036 4341 1233 4395 mortis
1269 4339 1319 4405 ¹;
1359 4339 1680 4394 incarnatus
1725 4336 1795 4394 de
1833 4337 2045 4409 Spiritu

450 4444 646 4493 sancto
677 4446 856 4503 exque
882 4439 1073 4487 sancta
1092 4426 1343 4498 Virgine,
1367 4427 1496 4482 vitae
1522 4426 1686 4481 nobis
1711 4426 1810 4482 Dei
1833 4426 2048 4482 aemula:

448 4528 722 4589 rationem
787 4521 1070 4589 ostendit;
1136 4519 1458 4590 sanctisque
1516 4516 1793 4575 mandatis
1821 4528 2047 4574 contra-

451 4621 605 4685 ditis,
674 4632 740 4675 ac
794 4616 1073 4673 caelorum
1138 4627 1372 4685 regnum
1422 4612 1727 4683 pollicitus,
1782 4611 1891 4678 his,
1949 4611 2044 4682 qui

450 4714 671 4769 illorum
692 4708 988 4781 disciplina
1005 4706 1284 4772 viverent,
1307 4713 1688 4774 aeternumque
1713 4701 2047 4773 supplicium

450 4821 647 4861 eorum
690 4803 913 4858 violatae
970 4797 1262 4871 religionis
1310 4802 1471 4852 reatu
1515 4795 1930 4851 comminatus:
1963 4808 2050 4850 sa-

450 4895 620 4954 lutari
662 4894 908 4965 denique
960 4891 1296 4964 perfunctus
1327 4887 1609 4961 passione.
1662 4903 1841 4957 exque
1901 4902 2051 4940 mor-

456 4989 570 5045 tuis
602 4987 928 5051 suscitatus,
945 4981 1379 5040 resurrectionis
1400 4988 1729 5048 retcrnzeque
1748 4977 1873 5033 vita:
1894 4994 2049 5049 spem

452 5080 615 5136 nobis
630 5078 940 5134 liberaliter
958 5073 1270 5141 concessit;
1295 5071 1716 5144 progenitorum
1745 5078 1850 5124 trai
1871 5085 2051 5141 egres-

2137 2777 2639 2849 ὲνανθρωπήσεως;
2659 2774 2771 2828 Καὶ
2800 2776 2828 2827 ὁ
2853 2771 3033 2843 γέρων
3059 2771 3383 2843 ἀποκριθεὶς
3420 2766 3565 2824 εἶπε’
3587 2771 3729 2826 Θαυ-

2141 2868 2301 2942 μάζω
2331 2885 2390 2923 σε
2410 2910 2425 2933 ,
2464 2866 2688 2937 Ἀδελφε
2708 2909 2727 2935 ,
2759 2867 2843 2920 ὅτι
2894 2863 3017 2918 καθ’
3044 2864 3257 2935 ἡμέραν
3302 2862 3398 2917 τοῦ
3455 2863 3728 2935 συμϐόλου

2137 2963 2354 3019 ἀκούων
2389 2963 2488 3032 τῆς
2519 2961 2781 3023 πίστεως,
2819 2957 2949 3030 περὶ
2978 2956 3170 3010 τούτου
3205 2974 3271 3027 με
3313 2958 3546 3030 ἐρωτᾷς.
3582 2957 3729 3029 Πλὴν

2137 3055 2282 3125 λέγω
2303 3068 2405 3118 σοι,
2424 3054 2504 3108 ὅτι
2524 3054 2554 3106 6
2575 3052 2773 3115 σκοπὸς
2790 3048 2893 3122 τῆς
2907 3049 3000 3104 τοῦ
3018 3048 3224 3120 Κυρίου
3244 3050 3729 3122 ὲνανθρωπήσεως,

2140 3152 2175 3222 ἠ
2198 3148 2446 3221 ἡμετέρα
2492 3143 2561 3221 ἦν
2613 3145 2880 3217 σωτηρία.
2921 3144 3035 3198 Kal.
3068 3145 3096 3197 6
3150 3142 3408 3213 Ἀδελφὸς
3440 3140 3731 3207 εἷπε-Πῶς

2138 3244 2340 3313 λέγεις,
2364 3241 2584 3313 Πάτερ;
2618 3238 2731 3294 Kal.
2758 3236 3037 3308 ἀπεκρίθη
3063 3237 3093 3290 6
3131 3236 3343 3307 γέρων*
3372 3234 3593 3309 Ἐπειδὴ
3624 3239 3733 3315 γὰρ

2139 3330 2169 3392 6
2206 3334 2495 3406 ἄνθρωπος
2519 3331 2806 3403 ἀπ’ἁρχῆς
2834 3329 3074 3400 γεγονὼς
3101 3330 3207 3383 ὑπὸ
3231 3327 3327 3383 τοῦ
3362 3329 3518 3395 Θεοῦ,
3551 3331 3647 3385 καὶ
3676 3333 3734 3384 ὲν

2139 3422 2219 3497 τῷ
2239 3423 2553 3494 παραδείσῳ
2578 3421 2774 3485 τεθεὶς,
2797 3420 2894 3493 τὴν
2917 3420 3137 3492 ἐντολὴν
3156 3419 3433 3491 παραϐὰς,
3461 3423 3527 3493 τῇ
3562 3421 3737 3494 φθορᾷ

2140 3518 2238 3572 καὶ
2270 3515 2349 3586 τῷ
2379 3513 2595 3584 θανάτῳ
2627 3513 2931 3567 ὑπέπεσεν
2964 3508 3082 3565 εἶτα
3110 3512 3176 3585 τῇ
3213 3512 3434 3585 ποικίλῃ
3470 3514 3563 3568 τοῦ
3599 3513 3734 3568 Θεοῦ

2143 3608 2374 3680 προνοίᾳ
2402 3604 2545 3660 κατὰ
2573 3607 2756 3659 πᾶσαν
2805 3604 2999 3674 γενεὰν
3034 3607 3127 3659 καὶ
3156 3605 3351 3673 γενεὰν
3388 3606 3736 3678 κυϐερνώμε-

2143 3717 2268 3764 νος,
2306 3698 2574 3769 ἐπέμενεν
2616 3698 2710 3751 ἐπὶ
2747 3698 2808 3751 τὸ
2857 3701 3041 3768 χεῖρον
3080 3698 3404 3768 προκόπτων
3430 3742 3446 3766 ,
3477 3700 3583 3753 ὑπὸ
3630 3698 3738 3754 τῶν

2146 3791 2410 3847 ποικίλων
2431 3790 2535 3859 τῆς
2595 3790 2798 3862 σαρκὸς
2844 3789 3187 3862 παθημάτων
3233 3790 3502 3862 ἀγόμενος
3524 3791 3605 3863 τῷ
3636 3793 3740 3845 ἀπ-

2146 3883 2401 3955 ελπισμῷ
2443 3883 2566 3954 τῆς·
2601 3881 2781 3955 ζωῆς·
2817 3882 3011 3937 τούτου
3041 3883 3202 3955 χάριν
3235 3884 3263 3936 6
3313 3883 3609 3955 μονογενὴς
3646 3883 3738 3938 τοῦ

2146 3977 2282 4032 Θεοῦ
2314 3978 2467 4040 Υἱὸς,
2498 3978 2526 4029 6
2576 3973 2905 4048 προαιὼνιος
2934 3974 3105 4043 Λόγος
3153 3977 3181 4028 6
3219 3977 3285 4029 ὲκ
3317 3973 3454 4029 Θεοῦ
3484 3975 3736 4047 πατρὸς,

2147 4074 2181 4144 ἡ
2212 4070 2366 4143 πηγὴ
2401 4072 2503 4141 τῆς
2534 4069 2682 4140 ζωῆς
2707 4068 2801 4122 καὶ
2824 4071 2924 4139 τῆς
2948 4067 3253 4131 ἀθανασίας
3272 4108 3285 4131 ,
3306 4066 3578 4136 ὲπέφανεν
3612 4067 3739 4138 ἡμῖν

2147 4168 2259 4230 τοῖς
2292 4166 2349 4219 ὲν
2383 4163 2563 4216 σκότει
2590 4162 2683 4216 καὶ
2708 4162 2837 4232 σκιᾷ
2866 4160 3102 4215 θανάτου
3129 4159 3464 4232 καθημένοις
3482 4176 3496 4190 ο
3529 4178 3742 4229 σαρκω-

2148 4254 2262 4319 θεὶς
2294 4255 2361 4308 ὲκ
2385 4254 2702 4325 Πνεύματος
2738 4253 2923 4321 ἁγίου,
2957 4253 3054 4306 καὶ
3095 4254 3195 4320 τῆς
3228 4253 3389 4321 ἁγίας
3421 4253 3736 4325 Παρθένουο

2148 4345 2244 4399 καὶ
2272 4341 2550 4397 πολιτείαν
2581 4344 2714 4412 ἡμῖν
2744 4341 3014 4406 θεοειδοῢς
3039 4343 3185 4414 ζωῆς
3222 4342 3468 4408 ἐπέδειξε
3491 4360 3506 4373 ο
3537 4344 3631 4397 καὶ
3659 4345 3742 4396 ὲν-

2148 4433 2311 4498 τολὰς
2342 4432 2503 4502 ἁγίας
2526 4431 2795 4496 δεδωκὼς,
2825 4434 2923 4487 καὶ
2972 4433 3254 4505 βασιλείαν
3285 4434 3536 4506 οὐρανῶν
3570 4436 3743 4503 ἐπαγ-

2148 4523 2471 4594 γειλάμενος
2495 4524 2609 4585 τοῖς
2634 4521 2756 4576 κατ’
2792 4522 2962 4586 αὑτάς
3012 4523 3475 4594 πολιτευομένοις,
3508 4525 3603 4579 καὶ
3648 4525 3741 4579 κόκ-

2149 4614 2308 4669 λασιν
2356 4610 2577 4669 αίώνιον
2630 4614 2746 4678 τοῖς
2795 4614 3229 4686 παραϐαίνουσιν
3276 4614 3614 4688 ἀπειλήσας·
3648 4616 3742 4676 καὶ

2151 4703 2344 4759 παθὼν
2373 4703 2432 4757 τὸ
2469 4703 2738 4775 σωτήριον
2770 4704 2974 4770 πάθος,
3013 4705 3107 4758 καὶ
3145 4707 3209 4759 ἐκ
3237 4707 3449 4777 νεκρῶν
3478 4704 3739 4773 ἀναστὰς,

2149 4799 2249 4870 τὴν
2282 4795 2474 4850 ἐλπίδα
2518 4796 2623 4865 τῆς
2668 4796 3021 4861 ἀναστάσεως
3056 4797 3152 4851 καὶ
3201 4801 3300 4869 τῆς
3333 4800 3556 4853 αίωνίου
3595 4799 3743 4869 ζωῆς

2152 4890 2468 4963 ἐδωρήσατο
2501 4891 2632 4959 ἡμῖν
2664 4887 2784 4960 [ΡΤ.
2819 4889 3057 4960 alterque
3105 4888 3164 4944 Μ
3171 4931 3184 4944 .
3228 4892 3358 4961 ἡμῖν
3384 4892 3701 4965 ἐχαρίσατο]
3722 4909 3742 4929 ο

2151 4984 2214 5039 τὸ
2272 4981 2592 5053 κατάκριμα
2623 4981 2689 5034 δι’
2721 4979 2971 5052 ὑπακοῆς
3024 4980 3194 5045 λύσας
3250 4983 3349 5052 τῆς
3412 4986 3745 5056 προγονικῆς

2153 5075 2432 5149 ἁμαρτίας
2456 5091 2472 5109 ο
2501 5074 2676 5127 καὶτὸ
2703 5075 2906 5146 κράτος
2923 5074 3018 5128 τοῦ
3036 5074 3273 5130 θανάτου
3304 5074 3524 5147 θανάτῳ
3543 5095 3744 5150 καταρ-

452 5172 629 5229 sionis
677 5182 914 5235 reatum,
954 5165 1288 5224 obedientire
1334 5166 1557 5220 solvens
1596 5177 1826 5218 munere
1851 5201 1867 5225 ,
1899 5178 2043 5217 mor-

2154 5174 2328 5243 γήσας
2349 5188 2363 5202 ·
2400 5171 2518 5264 ἵνα,
2548 5168 2755 5241 ὥσπερ
2787 5171 2859 5225 ἐν
2886 5168 2966 5238 τῷ
3007 5172 3191 5243 Ἀδὰμ
3222 5173 3448 5241 πάντες
3482 5172 3745 5241 ἀποθνή-

454 5266 635 5335 tisque
688 5261 984 5334 imperium
1021 5265 1201 5315 morte
1259 5257 1553 5313 destruens
1582 5257 1644 5323 ²;
1678 5264 1757 5317 ut,
1802 5257 1937 5310 sicut
1989 5258 2043 5310 in

2153 5262 2643 5330 σκουσιν,οὕτως
2658 5264 2728 5317 ἐν
2747 5262 2905 5329 αὐτῷ
2931 5263 3154 5331 πάντες
3182 5264 3739 5333 ζωοποιηθήσονταυ

454 5359 628 5413 Adam
679 5372 857 5411 omnes
909 5352 1231 5415 moriuntur,
1276 5352 1353 5406 sic
1388 5353 1442 5405 in
1477 5367 1535 5404 eo
1577 5365 1757 5404 omnes
1785 5348 2049 5418 viviﬁcen-

2155 5357 2251 5412 καὶ
2279 5362 2361 5418 εἰς
2388 5356 2655 5425 οὐρανοὺς
2683 5354 2945 5421 ἀνελθὼν,
2982 5357 3078 5411 καὶ
3112 5359 3172 5412 ὲν
3215 5357 3362 5429 δεξιᾷ
3394 5356 3489 5410 τοῦ
3529 5357 3743 5430 Πατρὺς

456 5459 546 5505 tur
589 5451 648 5502 ἰ
682 5448 849 5550 369
902 5438 1318 5515 ascendensque
1351 5443 1412 5499 in
1454 5443 1624 5499 cmlos
1672 5450 1728 5497 et
1759 5442 1827 5497 ad
1869 5442 2043 5498 Patris

2154 5446 2466 5550 καθεσθεὶς,
2503 5446 2564 5500 τὸ
2603 5446 2827 5516 Πνεῦμα
2850 5448 2910 5502 τὸ
2949 5448 3107 5519 ἆγιον
3147 5447 3502 5519 κατέπεμψεν
3530 5449 3612 5513 είς
3640 5450 3741 5520 ἀῤ-

458 5545 741 5602 dexteram
768 5520 1019 5604 rrs'edens,
1056 5537 1328 5611 Spiritum
1377 5546 1629 5593 sanctum
1675 5538 1730 5591 in
1780 5536 1908 5591 vitae
1954 5553 2046 5591 ar-

2156 5535 2378 5607 ραϐῶνα
2406 5537 2504 5607 τῆς
2534 5536 2712 5608 ζωῆςσ
2743 5540 2839 5593 καὶ
2887 5541 2969 5603 είς
3021 5538 3302 5610 φωτισμὸν
3341 5540 3436 5594 καὶ
3469 5539 3744 5609 ἁγιασμδν

458 5635 764 5691 rhabonem
802 5631 957 5687 misit
1023 5638 1087 5686 ut
1116 5629 1323 5686 nostris
1350 5629 1553 5684 animis
1582 5628 2043 5685 illuminationem

2153 5627 2262 5681 τῶν
2292 5629 2580 5701 ἡμετέρων
2608 5630 2830 5702 ψυχῶνο
2869 5632 2962 5688 καὶ
2988 5633 3064 5696 είς,
3106 5630 3362 5703 βοήθειαν
3390 5630 3499 5684 τῶν
3544 5632 3745 5699 ἀγωνι-

534 5778 551 5811 ¹
580 5776 686 5831 lsa.
717 5789 792 5843 lx,
827 5775 892 5840 2;
927 5773 1121 5829 Matth.
1161 5789 1236 5839 iv,
1280 5773 1366 5828 16.
1446 5773 1466 5803 ¹
1501 5768 1673 5827 llebr.
1703 5787 1760 5837 ιι,
1793 5772 1878 5827 14.
1958 5771 2029 5825 ³Ι

2145 5786 2185 5823 r.
2220 5785 2309 5837 xv,
2355 5771 2428 5824 24
