4070 6408
424 361 530 424 913

1701 359 1933 420 LIBER
1969 357 2401 422 ASCETICUS.

3569 365 3674 430 914

419 477 664 548 ζομένωιν
713 475 852 547 ὑπὲρ
897 475 996 546 τῆς
1040 474 1250 529 ἑαυτῶν
1305 475 1576 545 σωτηρίας
1619 473 1854 543 φυλάξαι
1903 472 2000 536 τὰς

2103 488 2167 528 ac
2191 472 2610 527 sanctimoniam
2653 473 2880 538 tribuat,
2908 481 3242 545 praestetque
3267 474 3532 530 auxilium
3569 477 3678 542 his,

419 568 639 630 ἐντολὰς
677 567 865 623 αὐτοῦ.
895 561 1062 631 Οὗτος
1106 562 1173 637 ἦν
1209 569 1238 620 6
1267 567 1470 629 σκοπὸς
1516 569 1614 638 τῆς
1657 565 1753 619 τοῦ
1789 564 1996 637 Κυρίου

417 660 908 732 ἑνανθρωπήσεως,
939 659 1014 723 ὡς
1044 661 1104 713 ἐν
1138 658 1389 730 συντόμῳ
1422 659 1618 712 εἰπεῖν.

490 841 554 914 β’.
582 841 740 894 Καὶὸ
780 838 1036 908 Ἀδελφὸς
1057 834 1182 893 εἶτα
1199 855 1212 868 ο
1246 838 1411 902 Ποίας
1439 832 1532 892 οὖν
1560 836 1777 899 ἐντολὰς
1800 836 2000 906 ὀφείλω

414 935 646 1002 ποιῆσαι
674 972 689 996 ,
722 932 940 1000 Πάτερ,
979 931 1065 984 ἵνα
1099 931 1165 983 δι’
1200 930 1384 984 αὐτῶν
1436 929 1615 995 σωθῶ,
1649 929 1839 1000 ἤθελον
1877 947 1998 982 συν-

413 1024 601 1091 τόμως
653 1021 905 1075 ἀκοῦσαι.
954 1021 1065 1075 Καὶ
1109 1021 1384 1092 ἀπεκρίθη
1421 1023 1450 1074 6
1499 1021 1678 1092 γέρων
1715 1035 1728 1049 ⁸
1765 1019 1939 1081 Αὐτὸς
1971 1021 2000 1074 6

416 1113 624 1184 Κύριος
663 1108 785 1165 εἶπε
824 1113 963 1183 μετὰ
996 1113 1094 1182 τὴν
1140 1114 1439 1166 ἀνάστασιν
1489 1114 1602 1176 τοῖς
1656 1111 1994 1176 ἀποστόλοις

415 1203 838 1272 Πορευθέντες,
886 1205 1305 1272 μαθητεύσατε
1341 1203 1541 1258 πάντα
1579 1202 1651 1256 τὰ
1693 1203 1999 1268 ἐθνηοβα·

415 1296 725 1362 πτίζοντες
747 1296 970 1362 αὐτοὺς
1015 1297 1102 1362 εἰς
1134 1297 1199 1350 τὸ
1243 1295 1430 1364 ὄνομα
1468 1295 1574 1349 τοῦ
1629 1294 1861 1361 Πατρός
1899 1291 2010 1348 καί

414 1387 526 1441 τοῦ
560 1387 695 1442 Υίοῦ
726 1387 822 1440 καὶ
850 1387 954 1440 τοῦ
993 1387 1165 1457 ἁγίου
1209 1387 1554 1455 Πνεύματος
1577 1402 1590 1415 ο
1609 1382 2000 1448 διδάσκοντες

413 1478 641 1544 αὐτοὺς
661 1477 862 1546 τηρεῖν
877 1478 1072 1530 πάντα
1098 1478 1216 1531 ὅσα
1240 1475 1632 1546 ἐνετειλάμην
1652 1474 1813 1543 ὑμῖν.
1837 1473 2000 1526 Ὥστε

413 1565 510 1621 οὖν
531 1571 632 1623 ὅσα
665 1569 968 1623 ἐνετείλατο
1002 1570 1083 1622 δεῖ
1124 1571 1309 1640 τηρεῖν
1333 1609 1346 1632 ,
1369 1569 1546 1622 πάντα
1588 1567 1876 1638 ἄνθρωπον
1905 1564 2000 1636 βα-

413 1661 716 1715 πτισθέντα
753 1663 833 1724 εἰς
864 1661 924 1714 τὸ
959 1663 1132 1733 ὄνομα
1156 1664 1255 1733 τῆς
1283 1661 1549 1726 ζωοποιοῦ
1582 1663 1676 1716 καὶ
1701 1662 2000 1733 θεαρχικῆς

414 1754 673 1825 ⁷Γριάδος.
697 1754 902 1808 Τούτου
929 1755 1037 1826 γάρ
1065 1756 1226 1824 χάριν
1255 1759 1319 1826 τῇ
1354 1755 1488 1827 ὀρθῇ
1523 1755 1702 1808 πίστει
1737 1757 1764 1808 6
1797 1755 2000 1825 Κύριος

406 1846 517 1916 τὴν
550 1847 741 1900 πασῶν
769 1847 878 1900 τῶν
933 1847 1164 1900 ἐντολῶν
1216 1847 1502 1912 συνέζευξε
1535 1847 1768 1917 τήρησιν
1787 1861 1798 1876 ⁸
1827 1846 1902 1910 ὡς
1925 1847 2000 1900 εί-

404 1934 543 1998 ὂὼς,
583 1934 665 1988 ὅτι
698 1935 978 2004 ἀμήχανον
1005 1936 1104 2005 τὴν
1141 1937 1269 2007 μίαν
1301 1935 1711 2005 διαζευχθεῖσαν
1737 1935 1836 2005 τῆς
1871 1935 2001 2006 μιᾶς

409 2025 618 2088 σώζειν
661 2026 752 2078 τὸν
803 2027 1110 2096 ἄνθρωπον.
1151 2026 1249 2080 Διά
1291 2025 1451 2078 τοῦτο
1507 2027 1602 2079 καὶ
1645 2027 1673 2078 6
1710 2024 1873 2078 Δαϐὶδ
1902 2023 2000 2096 τὴν

405 2119 584 2188 ὀρθὴν
655 2118 836 2170 πίστιν
883 2117 1019 2188 ἔχων
1047 2158 1060 2181 ,
1097 2118 1234 2187 πρὸς
1289 2118 1379 2172 τὸν
1423 2118 1556 2170 Θεὸν
1611 2117 1764 2186 ἔλεγε
1792 2133 1806 2147 ο
1846 2116 2001 2184 Πρὸς

407 2207 623 2275 στάσας
656 2211 766 2273 τὰς
807 2210 1061 2276 ἐντολάς
1104 2226 1221 2264 σου
1284 2211 1750 2280 κατωρθούμην·
1795 2207 2002 2263 πᾶσαν

407 2299 563 2353 ὁδὸν
588 2300 798 2352 ἄδικον
812 2300 1096 2368 ἐμίσησα.
1116 2300 1271 2353 Κατά
1302 2302 1407 2372 γάρ
1438 2302 1617 2370 πάσης
1646 2301 1764 2354 ὁδοῦ
1792 2300 2000 2364 ἀδίκου,

405 2393 590 2447 πᾶσαι
619 2394 750 2462 ἡμῖν
779 2394 834 2446 αί
872 2393 1085 2446 ἐντολαὶ
1114 2393 1218 2446 ὑπὸ
1266 2393 1360 2446 τοῦ
1394 2393 1602 2463 Κυρίου
1633 2392 1965 2464 δεδώρηνται
1985 2411 1998 2424 ·

406 2486 512 2538 καὶ
553 2486 646 2538 ἐὰν
704 2485 1045 2556 παραλειφθῇ
1107 2485 1204 2555 μία
1233 2525 1248 2549 ,
1277 2486 1377 2556 τὴν
1426 2485 1811 2556 ἀντικειμένην
1862 2485 1999 2557 αὐτῇ

409 2577 536 2632 ὁδὸν
557 2576 655 2646 τῆς
677 2577 877 2638 κακίας
897 2576 1210 2645 ἀντεισάγει
1237 2576 1476 2640 πάντως.

492 2759 562 2820 γ’.
584 2752 692 2806 Καὶ
723 2749 877 2806 εἶπεν
901 2754 928 2806 6
972 2753 1246 2822 Ἀδελφὸς·
1281 2755 1389 2810 Καὶ
1421 2753 1503 2817 τίς
1527 2753 1769 2820 δύναται,
1795 2754 2000 2826 Πάτερ,

414 2846 621 2920 [πάσας
648 2847 746 2911 τὰς
771 2847 1007 2911 ἐντολὰς,
1025 2845 1290 2910 τοσαύτας
1317 2865 1378 2916 γε
1396 2845 1580 2912 θύσας,
1611 2849 1783 2902 ποιεῖν
1808 2865 1822 2914 ;
1859 2849 2000 2920 Ἔφη

413 2942 444 2994 6
479 2934 694 3011 γέρων’
739 2940 796 2992 Ὀ
841 2939 932 2992 τὸν
984 2939 1188 3010 Κύριον
1245 2939 1691 3011 ἐκμιμούμενος,
1730 2941 1824 2995 καὶ
1881 2939 2002 2995 κατ’

417 3032 563 3100 ἴχνος
594 3030 741 3100 αύτῷ
772 3027 1176 3084 ἐπακολουθῶν.
1210 3029 1320 3084 Καὶ
1342 3024 1496 3082 εἶπεν
1530 3031 1558 3083 6
1600 3030 1871 3098 ’Δδελφός⁹
1894 3031 2003 3084 Καὶ

414 3123 498 3187 τίς
519 3121 764 3193 δύναται]
796 3124 886 3175 τὸν
920 3121 1123 3190 Κύριον
1169 3121 1545 3194 μιμήσασθαι;
1569 3125 1594 3177 6
1640 3122 1748 3192 γὰρ
1796 3123 2000 3194 Κύριος
2025 3153 2074 3218 c

415 3212 482 3288 ἦν
511 3215 664 3280 Θεὸς,
701 3215 748 3268 εί
771 3215 865 3267 καὶ
895 3213 1178 3284 ἄνθρωπος
1205 3213 1456 3290 γέγονεν·
1489 3213 1599 3284 ἐγὼ
1625 3215 1681 3268 δέ
1707 3215 1999 3286 ἄνθρωπός

420 3310 532 3378 εἰμι
567 3306 911 3378 ἁμαρτωλὸς,
935 3305 1028 3359 καὶ
1065 3306 1282 3376 μυρίοις
1329 3305 1524 3359 πάθεσι
1562 3305 1957 3378 δεδουλωμένος
1981 3326 1995 3340 ·

421 3400 536 3460 πῶς
565 3395 658 3452 οὖν
687 3397 926 3468 δύναμαι
957 3397 1048 3450 τὸν
1101 3396 1306 3467 Κύριον
1352 3397 1730 3467 μιμήσασθαις
1757 3400 1865 3453 Καὶ
1894 3401 1999 3454 ἀπ-

421 3491 612 3562 εκρίθη
647 3493 675 3544 6
705 3490 882 3560 γέρων
907 3506 920 3519 ·
957 3487 1078 3564 Τῶν
1110 3490 1175 3560 τῇ
1206 3487 1325 3558 ,ὕλῃ
1355 3486 1448 3540 τοῦ
1492 3487 1696 3558 κόσμου
1738 3487 1998 3542 δεδουλω-

431 3583 621 3650 μένων,
655 3581 827 3642 οὐδεὶς
874 3579 1096 3633 δύναται
1148 3579 1238 3632 τὸν
1287 3579 1490 3648 Κύριον
1547 3579 1916 3649 μιμήσασθαι’
1947 3583 1996 3633 οί

431 3672 486 3725 δὲ
510 3672 786 3742 δυνάμενοι
817 3671 995 3740 λέγειν
1016 3689 1028 3702 ·
1059 3671 1215 3726 Ἰδοὺ
1246 3671 1414 3740 ἡμεῖς
1445 3671 1764 3739 ἀφήκαμεν
1779 3671 1995 3737 πάντα,

430 3765 520 3819 καί
552 3765 1053 3835 ἠκολουθήσαμέν
1075 3780 1172 3818 σοι
1197 3781 1209 3793 °
1237 3765 1436 3818 ἐκεῖνοι
1465 3763 1804 3834 λαμϐάνουσι
1847 3764 2001 3818 δύνα-

425 3875 516 3928 μιν
552 3856 644 3910 τοῦ
680 3875 738 3910 τε
784 3857 1131 3928 μιμήσασθαι
1168 3856 1353 3918 αὐτὸν,
1395 3856 1490 3910 καὶ
1522 3856 1616 3910 τοῦ
1652 3856 1787 3926 πρὸς
1820 3857 1999 3920 πάσας

419 3950 516 4014 τὰς
541 3950 761 4013 ἐντολὰς
792 3950 955 4004 αὐτοῦ
985 3948 1351 4014 κατορθῶσαι.
1379 3948 1488 4002 Καί
1513 3966 1676 4019 φησιν
1714 3949 1992 4016 ’Λδελφόςο

418 4044 583 4096 Ποίαν
621 4044 894 4115 δύναμιν;
935 4042 1208 4113 ἀπεκρίθη
1247 4043 1275 4095 6
1309 4042 1508 4113 γέρων·
1559 4040 1735 4095 Αὐτοῦ
1766 4042 1998 4096 ἄκουσον

418 4134 669 4202 λέγοντος
715 4152 728 4166 ο
788 4133 943 4190 ’ἰδοὺ
990 4133 1219 4188 δέδωκα
1264 4133 1407 4202 ὑμῖν
1439 4131 1734 4195 ἐξουσίαν
1787 4132 1999 4186 πατεῖν

414 4225 622 4280 ἐπάνω
655 4228 848 4294 ὄφεων
876 4227 974 4279 καί
1008 4226 1344 4291 σκορπίων,
1386 4225 1485 4278 καί
1515 4227 1613 4279 ἐπὶ
1649 4227 1860 4284 πᾶσαν
1885 4225 2003 4285 τὴν

416 4298 686 4362 δύναμιν
750 4298 854 4352 τοῦ
903 4297 1161 4365 ἐχθροῦ·
1215 4299 1317 4353 καί
1360 4297 1546 4352 οὐδὲν
1584 4299 1744 4367 ὑμᾶς
1794 4299 1867 4351 οὐ
1913 4297 2000 4366 μὴ

417 4367 725 4434 ἀδικήσει.

2099 567 2196 634 qui
2229 582 2330 637 pro
2367 581 2465 622 sua
2521 567 2698 622 salute
2740 569 3000 623 mandata
3050 583 3272 624 servare
3314 571 3676 628 contendunt.

2099 656 2200 714 llic
2247 657 2510 712 nimirum
2558 657 2704 724 ﬁnis,
2735 674 2914 728 coque
2943 667 3175 729 spectat,
3226 663 3373 730 quod
3414 664 3681 720 Dominus

2098 749 2264 804 homo
2315 750 2515 817 factus,
2578 759 2638 804 ut
2700 749 2781 805 sic
2828 749 3020 820 paucis
3066 751 3268 805 dicam.

2167 843 2222 896 Ξ.
2259 842 2512 912 Dixitque
2568 841 2740 895 frater
2783 859 2796 895 :
2834 841 3012 896 Velim
3045 856 3112 896 ex
3143 851 3217 907 te,
3245 843 3426 905 Pater,
3478 845 3670 913 paucis

2099 931 2326 996 audire,
2383 947 2632 1001 quaenam
2666 947 2751 987 me
2786 939 3041 1003 oporteat
3093 932 3353 987 mandata
3386 934 3587 999 facere,
3622 943 3681 992 ut

2099 1040 2198 1094 per
2233 1026 2324 1080 illa
2374 1040 2602 1095 compos
2643 1026 2836 1080 salutis
2864 1025 3089 1082 efﬁciar.
3136 1027 3446 1097 Respondit
3475 1045 3678 1086 senex:

2099 1115 2219 1184 Ipse
2244 1115 2527 1181 Dominus,
2563 1131 2688 1170 cum
2715 1132 2783 1171 ex
2823 1117 3059 1172 mortuis
3095 1118 3515 1182 resurrexissct,
3543 1117 3679 1171 dixit

2100 1206 2420 1275 discipulis:
2446 1206 2666 1272 Euntes,
2697 1207 2874 1260 docete
2907 1224 3086 1262 omnes
3123 1216 3324 1279 gentes,
3357 1209 3680 1278 baptizantes

2101 1311 2185 1350 eos
2238 1297 2291 1350 in
2338 1298 2548 1352 nomine
2609 1297 2790 1353 Patris
2834 1306 2886 1352 et
2935 1298 3059 1354 Filii
3112 1309 3161 1354 et
3213 1299 3444 1370 Spiritus
3488 1301 3680 1366 sancti,

2101 1387 2338 1448 docentes
2385 1405 2469 1444 eos
2494 1405 2706 1444 servare
2734 1391 2935 1455 omnia,
2965 1408 3284 1461 quazcunque
3312 1392 3559 1446 mandavi
3590 1408 3681 1445 νο-

2101 1480 2179 1534 bis
2209 1479 2250 1532 δ.
2275 1479 2642 1546 Quamobrem
2673 1481 2859 1537 omnia
2889 1498 3111 1538 servare
3145 1499 3372 1540 necesse
3402 1491 3504 1548 est,
3531 1499 3682 1552 qua:-

2101 1586 2320 1641 eunquc
2370 1573 2670 1636 mandavit,
2721 1573 2972 1643 quisquis
3001 1574 3316 1630 mortalium
3361 1573 3418 1627 in
3460 1574 3683 1629 nomine

2100 1662 2330 1718 vivificae
2376 1678 2440 1718 ac
2484 1664 2694 1719 deiﬁcze
2753 1663 3043 1720 Trinitatis
3099 1665 3409 1734 baptizatus
3448 1671 3553 1718 est.
3598 1663 3685 1717 ld-

2103 1754 2251 1808 circo
2287 1755 2437 1810 enim
2471 1755 2738 1811 Dominus
2777 1764 2940 1811 rectae
2968 1755 3094 1810 fidei
3133 1756 3380 1810 omnium
3420 1755 3681 1808 observa-

2105 1847 2306 1902 tionem
2353 1847 2736 1902 mandatorum
2784 1845 3083 1918 copulavit,
3119 1845 3324 1917 quippe
3360 1846 3453 1915 qui
3494 1846 3680 1909 sciret,

2102 1939 2225 1993 ﬁeri
2276 1954 2389 1994 non
2436 1956 2619 2008 posse,
2677 1947 2739 1994 ut
2797 1955 2970 1994 unum
3016 1939 3084 1994 ab
3118 1939 3293 1994 altero
3347 1939 3680 2010 disjunctum

2101 2029 2336 2090 salutem
2375 2029 2587 2084 homini
2624 2037 2930 2102 praestaret.
2963 2029 3263 2100 Pr0ptcrea
3291 2029 3454 2084 etiam
3487 2028 3679 2092 David,

2102 2120 2196 2192 qui
2245 2129 2398 2176 certa
2458 2121 2724 2190 praeditus
2768 2121 2876 2176 fide
2918 2127 3086 2185 esset,
3147 2120 3216 2174 ad
3260 2119 3551 2174 Dominum
3596 2118 3683 2171 di.

2103 2209 2261 2264 cebat
2291 2227 2302 2262 :
2351 2210 2432 2264 Ad
2479 2212 2662 2264 omnia
2719 2209 2976 2264 mandata
3011 2217 3103 2263 tua
3136 2209 3400 2280 dirigebar
3431 2225 3448 2266 .'
3475 2223 3683 2262 omnem

2106 2301 2249 2354 viam
2325 2301 2568 2371 iniquam
2641 2300 2760 2353 odio
2838 2298 2997 2353 habui
3043 2299 3086 2351 ⁵.
3171 2297 3449 2353 Adversus
3531 2296 3680 2352 enim

2103 2405 2323 2445 omnem
2370 2391 2515 2444 viam
2558 2389 2888 2460 iniquitatis,
2925 2389 3108 2444 omnia
3145 2389 3306 2442 nobis
3365 2403 3396 2441 a
3449 2386 3683 2440 Domino

2104 2482 2362 2536 mandata
2409 2482 2609 2536 donata
2661 2490 2836 2538 sunt:
2873 2495 2936 2535 ac
2977 2480 3021 2534 si
3063 2479 3148 2534 vel
3210 2493 3380 2533 unum
3422 2477 3680 2542 defuerit,

2103 2574 2370 2630 contrarii
2419 2574 2541 2629 vitii
2591 2573 2736 2630 viam
2795 2589 2861 2628 ac
2908 2572 3130 2628 malitias
3174 2572 3400 2628 omnino
3442 2571 3686 2628 vicissim

2103 2665 2336 2722 inducit.

2172 2755 2224 2810 5.
2256 2754 2512 2824 Dixitque
2577 2754 2748 2810 frater
2804 2755 3196 2826 :Ecquisnam,
3259 2754 3442 2819 Pater,
3501 2754 3684 2810 omnia

2103 2847 2380 2913 mandata,
2412 2861 2534 2916 quae
2569 2854 2675 2901 tam
2717 2847 2891 2902 multa
2925 2846 3056 2911 sint,
3093 2845 3319 2916 exsequi
3351 2845 3574 2915 potest?
3601 2844 3684 2900 Ad

2103 2953 2266 3008 quem
2300 2954 2508 2994 senex:
2548 2937 2654 3003 Qui
2695 2937 2991 2993 Dominum
3033 2938 3304 3002 imitatur,
3336 2945 3502 3006 atque
3538 2935 3686 2991 illius

2102 3029 2337 3101 vestigia
2374 3029 2648 3100 sequitur.
2697 3029 2836 3084 Tum
2864 3029 3036 3083 frater
3079 3045 3092 3081 :
3125 3027 3388 3094 Quisnam
3418 3041 3551 3081 vero
3582 3027 3688 3080 Do-

2103 3121 2314 3178 minum
2345 3120 2551 3176 imitari
2589 3120 2808 3190 potest?
2860 3120 3127 3175 Dominus
3153 3119 3303 3174 enim
3347 3120 3494 3174 Deus
3545 3123 3683 3184 erat,

2104 3214 2321 3272 tametsi
2363 3213 2529 3269 homo
2576 3213 2758 3268 factus
2808 3219 2968 3268 erat:
3005 3228 3108 3282 ego
3138 3220 3323 3268 autem
3362 3211 3528 3266 homo
3557 3225 3686 3280 pec-

2099 3313 2255 3360 cator
2299 3318 2443 3368 sum,
2476 3302 2897 3372 innumerisque
2943 3301 3096 3358 vitiis
3124 3315 3188 3357 ac
3215 3300 3505 3356 affectibus
3529 3315 3687 3354 man-

2100 3397 2330 3467 cipatus.
2375 3395 2621 3462 Quanam
2665 3393 2835 3464 igitur
2873 3393 3087 3447 ratione
3133 3391 3427 3448 Dominum
3482 3390 3686 3446 imitari

2098 3488 2343 3560 possim?
2402 3486 2712 3557 Respondit
2769 3493 2954 3539 autem
2999 3499 3203 3538 senex:
3271 3483 3442 3537 Nemo
3492 3497 3687 3537 eorum

2098 3580 2192 3649 qui
2234 3579 2464 3634 terrenis
2497 3577 2682 3632 saeculi
2735 3575 2904 3630 rebus
2937 3574 3140 3630 addicti
3176 3572 3360 3628 animo
3399 3580 3548 3638 sunt,
3578 3574 3686 3627 Do-

2099 3672 2309 3726 minum
2341 3671 2542 3725 imitari
2588 3677 2798 3742 potest;
2847 3667 2944 3722 sed
2979 3667 3038 3732 ii,
3081 3664 3287 3736 quibus
3330 3664 3569 3719 liberum
3602 3672 3688 3718 est

2099 3763 2282 3819 dicere
2321 3781 2333 3816 :
2366 3760 2498 3817 Ecce
2520 3779 2613 3816 nos
2648 3760 2959 3830 reliquimus
2993 3759 3194 3822 omnia,
3235 3763 3283 3810 et
3306 3756 3470 3809 secuti
3504 3772 3686 3809 smnus

2101 3865 2150 3910 te
2202 3855 2256 3920 ⁶;
2296 3855 2375 3910 illi
2422 3854 2686 3908 virtutem
2719 3848 3020 3919 accipiunt,
3065 3856 3182 3902 tum
3232 3861 3359 3901 eum
3411 3846 3684 3910 imitandi,

2103 3954 2218 4000 tum
2271 3951 2331 3998 ut
2375 3945 2495 4012 ejus
2541 3941 2726 3996 omnia
2782 3940 3040 3994 mandata
3089 3938 3444 4008 adimpleant.
3490 3935 3688 4005 Aitquc

2099 4031 2312 4087 frater:
2380 4031 2684 4098 Quamnam
2748 4028 3058 4082 virtutem?
3103 4026 3412 4097 Respondit
3472 4040 3684 4080 senex:

2099 4122 2240 4180 Audi
2265 4137 2391 4178 cum
2423 4120 2698 4175 dicentem
2722 4138 2733 4173 :
2761 4118 2887 4173 Ecce
2914 4118 3032 4172 dedi
3055 4117 3195 4171 vobis
3223 4125 3541 4188 potestatem
3572 4115 3686 4168 cal-

2100 4212 2256 4266 candi
2283 4228 2442 4282 super
2471 4219 2737 4278 serpentes
2771 4217 2822 4264 et
2860 4210 3180 4279 scorpiones,
3216 4217 3264 4262 et
3293 4224 3452 4278 super
3483 4223 3687 4262 omnem

2080 4303 2347 4360 uirtutem
2385 4302 2629 4357 inimici:
2669 4308 2717 4354 et
2749 4299 2881 4355 nihil
2933 4301 3070 4355 vobis
3122 4297 3319 4353 nocebit
3363 4299 3406 4350 ⁷.

488 4493 552 4549 δ’.
594 4492 810 4564 Ταύτην
840 4492 940 4564 τὴν
968 4493 1197 4564 δύναμιν
1232 4495 1326 4548 καὶ
1357 4494 1457 4566 τὴν
1481 4493 1726 4560 ἐξουσίαν
1754 4493 1935 4549 λαϐὼν
1969 4498 1996 4550 6

2171 4497 2337 4569 369
2367 4498 2422 4552 4.
2447 4496 2560 4551 Ilac
2582 4496 2789 4551 virtute
2817 4510 2882 4552 ac
2907 4501 3179 4566 potestate
3220 4500 3470 4564 accepta,
3507 4491 3691 4546 aiebat

415 4584 655 4649 Παῦλος,
683 4585 836 4652 ἔλεγε
855 4585 1145 4654 ’Μιμηταὶ
1165 4602 1284 4654 μου
1313 4584 1576 4654 γίνεσθε,
1610 4585 1804 4651 καθὼς
1837 4586 1999 4658 κάγὼ

417 4675 701 4742 Χριστοῦ.
729 4675 839 4728 Καὶ
884 4675 1079 4727 πάλῐνο
1115 4675 1237 4726 Οὐκ
1294 4672 1428 4726 ἔστι
1492 4673 1610 4726 νῦν
1669 4673 2000 4744 κατάκριμα

415 4765 546 4827 τοῖς
577 4767 645 4819 ἐν
697 4764 929 4834 Χριστῷ
969 4763 1206 4832 Ἰησοῦ,
1244 4763 1328 4831 μὴ
1379 4764 1530 4818 κατὰ
1585 4764 1782 4834 σάρκα
1839 4781 2000 4834 περι-

419 4857 740 4922 πατοῦσιν,
769 4857 932 4911 ἀλλὰ
975 4856 1123 4910 κατὰ
1149 4855 1404 4926 πνεῦμα.
1453 4856 1562 4909 Καὶ
1617 4855 1805 4912 πάλινο
1838 4860 1901 4913 Ol
1933 4857 2001 4910 δὲ

422 4949 527 5004 τοῦ
575 4947 835 5017 Χριστοῦ
858 4990 872 5012 ,
906 4947 1020 5014 τὴν
1045 4945 1242 5014 σάρκα
1277 4945 1675 5012 ἐσταύρωσαν
1724 4947 1845 5000 σὺν
1877 4947 2001 5012 τοῖς

415 5041 740 5109 παθήμασι
772 5038 871 5091 καί
917 5037 1045 5102 ταῖς
1079 5036 1437 5106 ἐπιθυμίαις.
1468 5036 1575 5089 Καὶ
1607 5037 1767 5091 πάλιν
1789 5055 1800 5067 ·
1836 5039 2000 5108 Ἐμοὶ

420 5133 648 5200 κόσμος
675 5129 1074 5196 ἐσταύρωται,
1106 5126 1267 5197 κάγὼ
1296 5127 1374 5192 τῷ
1399 5129 1625 5197 κόσμῳ.

492 5224 708 5296 ε’.Περὶ
746 5223 950 5292 ταύτης
975 5221 1074 5291 τῆς
1101 5221 1352 5286 ἐξουσίας
1382 5224 1476 5273 καὶ
1508 5221 1760 5292 βοηθείας
1795 5239 2005 5294 προφη-

420 5313 594 5367 τεύων
621 5317 647 5368 6
673 5313 856 5378 Δαϐίδ,
881 5312 1034 5382 ἔλεγε
1065 5330 1080 5345 ο
1148 5317 1190 5366 0
1221 5312 1514 5367 κατοικῶν
1543 5314 1612 5367 ἐν
1626 5314 1877 5382 ,ϐοηθείᾳ
1899 5315 2004 5370 τοῦ

432 5405 750 5473 ’Υψίστοψ
785 5404 856 5457 ἐν
882 5404 1083 5472 σκέπῃ
1128 5403 1235 5457 τοῦ
1278 5403 1428 5480 Θεοῦ
1458 5403 1563 5458 τοῦ
1608 5405 1870 5472 οὐρανοῦ
1901 5407 2006 5461 αὺ-

419 5497 798 5563 λισθιῖσεται.
844 5498 1003 5564 Ἐρεῖ
1057 5495 1136 5562 τῷ
1190 5497 1404 5564 Κυρίῳο
1441 5498 1844 5567 Ἀντιλήπτωρ
1885 5517 2006 5568 μου

421 5585 619 5655 εἶ,καί
663 5587 977 5659 καταφυγή
1028 5607 1169 5658 μου,
1207 5592 1238 5641 ό
1283 5590 1427 5654 Θεός
1469 5607 1590 5658 μου
1621 5630 1636 5654 ,
1669 5591 1767 5644 καί
1822 5590 2007 5644 ἑλπιῶ

495 5711 516 5742 ⁵
551 5711 741 5766 Matth.
779 5727 962 5777 ιιιινιιι,
997 5710 1083 5772 19,
1114 5710 1202 5764 20.
1315 5712 1335 5742 ³
1371 5711 1510 5764 Psal.
1548 5727 1727 5773 cxvm,
1802 5712 1920 5766 1‘29.

421 5783 443 5814 ’
482 5782 638 5837 Rom.
680 5798 791 5846 vm,
826 5784 873 5836 i.
956 5782 998 5812 ¹⁰
1025 5780 1199 5835 Galat.
1236 5797 1288 5844 v,
1313 5781 1404 5835 Ἠ.
1483 5782 1520 5811 ¹¹
1549 5782 1723 5836 Galat.
1761 5799 1831 5848 vt,
1873 5784 1957 5837 Η.

2037 5715 2056 5745 ⁶
2084 5714 2226 5767 Psal.
2271 5730 2395 5777 xvn,
2432 5714 2521 5766 27.

2039 5785 2078 5817 ¹²
2113 5785 2254 5838 l’sal.
2297 5800 2378 5848 xc,
2418 5783 2466 5846 i,
2513 5785 2564 5838 2.

2099 4590 2302 4646 Paulus
2338 4607 2352 4643 :
2389 4589 2692 4646 Imitatores
2723 4587 2825 4642 mei
2855 4593 3037 4653 estote,
3057 4587 3191 4639 sicut
3220 4591 3269 4637 et
3294 4601 3386 4654 ego
3417 4583 3612 4638 Christi
3639 4583 3683 4634 ⁸.

2099 4680 2168 4736 Ει
2198 4681 2402 4735 iterum
2438 4697 2450 4734 :
2493 4679 2657 4733 Nulla
2688 4681 2812 4749 jam
2849 4679 3126 4733 damnatio
3167 4686 3243 4730 est
3281 4676 3392 4740 his,
3429 4676 3520 4746 qui
3566 4686 3689 4728 sunt

2100 4775 2155 4826 in
2187 4772 2390 4828 Christo
2422 4771 2584 4837 Iesu;
2619 4773 2708 4842 qui
2751 4787 2855 4826 non
2887 4770 3177 4824 secundum
3228 4783 3444 4822 carnem
3500 4767 3686 4820 ambu-

2104 4862 2257 4928 lant,
2315 4862 2406 4915 sed
2452 4861 2741 4916 secundum
2798 4861 3045 4931 spiritum
3072 4861 3114 4915 θ.
3139 4858 3217 4914 Ac
3281 4872 3476 4911 rursus
3527 4873 3540 4910 :
3583 4854 3688 4921 Qui

2101 4965 2224 5012 sunt
2273 4954 2488 5020 Christi,
2523 4970 2739 5008 carnem
2785 4969 2940 5010 suam
2980 4950 3354 5018 cruciﬁxerunt
3383 4965 3503 5004 cum
3551 4950 3688 5004 vitiis

2102 5059 2152 5104 et
2179 5050 2610 5122 concupiscentiis
2629 5049 2695 5102 ¹⁰.
2723 5049 3039 5119 lterumquc
3059 5064 3071 5099 :
3095 5045 3221 5099 Mihi
3252 5045 3475 5102 mundus
3514 5047 3687 5100 cruci—

2102 5143 2240 5212 ﬁxus
2270 5151 2366 5207 est,
2397 5151 2445 5198 et
2472 5159 2563 5213 ego
2595 5141 2788 5196 mundo
2812 5141 2874 5194 “.

2174 5234 2227 5288 5.
2269 5234 2347 5288 De
2378 5233 2483 5288 hac
2510 5240 2781 5302 potestate
2817 5239 2875 5286 et
2906 5230 3114 5285 auxilio
3145 5229 3454 5285 vaticinans
3490 5227 3684 5292 David,

2106 5324 2325 5379 aiebat:
2368 5322 2472 5389 Qui
2515 5322 2718 5378 habitat
2749 5323 2804 5376 in
2845 5321 3115 5393 adjutorio
3146 5320 3427 5385 Altissimi,
3465 5321 3519 5374 in
3560 5337 3685 5391 pro-

2107 5417 2327 5470 tectione
2349 5415 2444 5469 Dei
2470 5414 2583 5470 caeli
2613 5413 3044 5468 commorabitur.
3081 5412 3222 5466 Dicet
3271 5413 3495 5467 Domino
3525 5428 3544 5465 :
3574 5410 3686 5465 Ad-

2101 5505 2251 5576 jutor
2282 5521 2427 5558 meus
2461 5519 2511 5557 es
2541 5512 2618 5569 tu,
2643 5511 2691 5556 et
2727 5501 2990 5572 refugium
3025 5517 3214 5566 meum
3263 5502 3400 5555 Deus
3442 5517 3608 5558 meus.
3638 5509 3686 5553 et

2109 5595 2331 5664 sperabo
2379 5595 2435 5647 in
2509 5594 2716 5646 cum“.
2763 5591 3071 5661 Paucisque
3135 5590 3473 5660 interjcctis,
3517 5587 3689 5662 Super

2636 5714 2655 5744 "
2683 5711 2814 5768 Luc.
2852 5723 2906 5780 κ,
2957 5711 3041 5765 19.
3153 5711 3173 5741 ⁸
3209 5709 3442 5778 Philipp.
3485 5723 3567 5776 ιιι,
3599 5709 3686 5766 17.
