4070 6472
344 371 448 437 915
1521 369 1582 430 S.
1623 368 1911 431 ΜΑΧΙΜΙ

2042 368 2455 432 NFESSORIS
3505 368 3615 437 916

345 482 584 552 aspidem
615 488 665 534 et
691 476 992 534 basiliscum
1046 476 1340 542 tmoendes,
1385 481 1434 528 et
1457 473 1786 529 conculcabis
1816 474 1922 530 leo-

2040 476 2116 530 ἐπ’
2139 476 2351 530 αὐτόν.
2396 473 2508 528 Καὶ
2537 474 2653 544 μετ’
2704 472 2893 543 ὀλίγαο
2924 474 3052 529 Ἐπὶ
3090 474 3323 531 ἀσπίδα
3361 477 3461 530 καὶ
3492 479 3617 542 βα·-

345 589 466 629 nem
491 580 543 627 et
570 572 854 627 draconem
881 588 900 625 :
935 571 1186 632 quoniam
1206 567 1407 639 angelis
1440 570 1548 623 suis
1569 568 1846 622 mandavit
1861 568 1927 621 de

345 672 417 728 te,
450 669 511 716 ut
529 661 831 716 custodiant
876 668 927 713 te
950 662 1007 714 in
1037 658 1278 713 omnibus
1300 658 1396 712 viis
1424 657 1529 711 tuis
1548 655 1613 710 ¹³.
1643 654 1711 710 lli
1738 663 1925 709 autem

344 751 442 822 qui
465 766 619 806 carm
642 750 826 805 animo
846 749 1054 805 addicti
1086 757 1236 813 sunt,
1268 761 1331 801 ac
1364 756 1712 801 terrenarum
1737 758 1927 800 amore

344 852 636 909 tenentur,
671 841 800 899 vide
823 857 893 897 ex
938 842 1034 896 illo
1054 840 1187 911 quid
1219 839 1467 904 audiant,
1513 837 1615 903 Qui
1650 845 1797 892 amat
1831 855 1928 907 pa-

345 943 483 988 trem
506 941 602 988 aut
634 941 864 988 matrem
888 928 1169 1001 plusquam
1209 944 1313 993 me,
1332 943 1438 982 non
1461 936 1535 981 est
1558 942 1641 980 me
1653 927 1839 997 dignus
1859 926 1924 979 ιδ.

344 1024 656 1094 Paucisque
695 1020 1001 1091 interiectis
1035 1035 1054 1074 :
1078 1018 1149 1073 Et
1189 1019 1281 1089 qui
1325 1034 1431 1072 non
1487 1017 1675 1086 accipit
1721 1031 1930 1069 crucem

343 1124 523 1183 suum,
561 1123 613 1170 et
645 1122 764 1186 post
794 1130 877 1168 me
902 1114 1162 1183 sequitur,
1186 1128 1291 1165 non
1334 1120 1411 1165 est
1459 1126 1543 1164 me
1568 1109 1782 1180 dignus.
1833 1108 1926 1175 Et,

347 1205 455 1272 Qui
487 1222 594 1261 non
624 1204 895 1260 renuntiat
920 1203 1162 1258 omnibus
1183 1240 1197 1268 ,
1240 1217 1358 1272 qua:
1388 1201 1641 1272 possidet,
1694 1214 1801 1253 non
1829 1213 1927 1269 po-

348 1305 449 1352 test
477 1313 625 1352 meus
655 1312 766 1351 esse
788 1293 1078 1364 discipulus
1102 1293 1167 1346 ¹⁵.
1203 1291 1309 1359 Qui
1334 1305 1466 1361 ergo
1500 1289 1654 1345 illius
1680 1287 1931 1358 discipu-

345 1385 438 1441 lus
470 1385 591 1441 ﬂeri
629 1384 855 1456 cogitat,
902 1385 1135 1455 ejusque
1175 1382 1377 1453 dignus
1405 1380 1679 1446 inveniri,
1712 1392 1932 1434 necnon

348 1478 421 1532 ab
447 1491 516 1533 eo
538 1477 805 1533 virtutem
833 1475 1089 1546 accipere
1126 1475 1421 1530 adversum
1462 1472 1692 1543 Spiritus
1731 1468 1932 1541 nequi-

349 1569 461 1635 tiae,
490 1570 540 1625 is
587 1568 659 1625 ab
679 1568 830 1624 omni
860 1567 1069 1625 carnali
1110 1567 1403 1623 aﬂ‘ectione
1435 1564 1702 1629 abscedit,
1728 1562 1933 1618 nudat-

349 1677 461 1733 que
511 1662 755 1734 seipsum
786 1661 937 1716 omni
990 1666 1342 1716 terrenorum
1390 1673 1611 1725 amore;
1661 1662 1825 1726 atque
1876 1654 1935 1709 in

2027 569 2317 623 σιλίσκον
2336 565 2620 635 ἐπισήσῃ,
2658 564 2758 619 καί
2784 566 3233 633 καταπατήσεις
3265 566 3489 622 λέοντα
3508 568 3614 624 καὶ

2026 660 2330 730 δράκοντα
2349 675 2363 691 ⁸
2397 659 2489 712 ὅτι
2540 657 2668 724 τοῖς
2721 657 3003 728 ἀγγέλοις
3046 658 3234 715 αὐτοῦ
3283 659 3617 714 ἐντελεῖται

2028 751 2162 820 περὶ
2195 749 2313 804 σοῦ
2341 788 2356 815 ,
2387 748 2494 803 τοῦ
2531 746 2898 817 διαφυλάξαι
2947 760 3024 800 σε
3082 746 3152 800 ἐν
3202 746 3432 814 πάσαις
3477 747 3615 817 ταῖς

2028 845 2192 911 ὁδοῖς
2238 860 2376 899 σου.
2416 844 2481 897 Ol
2511 843 2570 897 δὲ
2597 844 2663 913 τῇ
2708 842 2873 911 σαρκὶ
2919 841 3341 912 προσκείμενοι,
3383 843 3480 896 καὶ
3511 843 3614 915 τὴν

2031 934 2165 1005 ῦλην
2199 932 2523 1002 ἀγαπῶντες
2549 931 2641 985 τοῦ
2669 931 2901 1001 κόσμου,
2936 930 3102 985 ἄκουε
3149 932 3278 984 ποία
3313 933 3445 1002 παρ’
3470 931 3611 1004 [ML

2030 1027 2262 1082 ἄκουσον
2297 1026 2347 1080 τί
2387 1027 2543 1097 παρ’.
2588 1024 2688 1081 Fr.
2735 1024 2900 1079 ἄκουε
2932 1019 3043 1096 οἷα]
3074 1024 3237 1079 αὐτοῦ
3279 1025 3571 1079 ἀκούουσιν
3594 1042 3613 1060 ο

2041 1116 2106 1170 'O
2136 1114 2330 1186 φιλῶν
2379 1117 2604 1185 πατέρα
2628 1115 2668 1185 ἢ
2691 1115 2919 1186 μητέρα
2968 1115 3124 1186 ὑπὲρ
3154 1114 3294 1184 ἐμὲ,
3335 1118 3448 1170 οὐκ
3479 1116 3619 1171 ἐστι

2025 1226 2147 1280 μου
2173 1208 2363 1275 ἄξιος.
2397 1210 2507 1263 Καὶ
2547 1207 2664 1278 μετ’
2696 1207 2853 1276 ὀλίγα
2883 1224 2897 1239 ο
2931 1207 3045 1261 Kal
3092 1206 3162 1273 ὃς
3207 1209 3281 1262 οὐ
3323 1207 3620 1278 λαμϐάνει

2030 1300 2140 1355 τὸν
2166 1298 2435 1367 σταυρὸν
2486 1299 2674 1355 αὑτοῦ
2719 1299 2815 1354 καὶ
2858 1297 3187 1354 ἀκολουθεῖ
3233 1298 3428 1352 ὀπίσω
3469 1317 3617 1369 μου,

2032 1393 2147 1447 οὐκ
2178 1390 2313 1444 ἐστι
2338 1407 2458 1461 μου
2479 1389 2670 1463 ἄξιος.
2697 1391 2830 1455 Kal,
2851 1391 3053 1457 Ὅστις
3075 1392 3187 1445 οὐκ
3206 1391 3621 1447 ἀποτάσσεται

2034 1482 2187 1540 πᾶσι
2236 1482 2361 1549 τοῖς
2407 1482 2793 1552 ὑπάρχουσιν
2841 1482 3034 1549 αὐτῷ,
3087 1483 3161 1536 οὐ
3198 1481 3452 1537 δύναταί
3498 1501 3622 1553 μου

2033 1567 2186 1628 εἶναι
2210 1570 2504 1641 μαθητής.
2550 1570 2610 1625 '0
2636 1567 2729 1625 οὖν
2752 1571 2922 1626 θέλων
2958 1570 3217 1640 γενέσθαι
3246 1570 3412 1625 αὐτοῦ
3443 1572 3624 1643 μαθη-

2033 1664 2153 1735 τὴς,
2189 1666 2283 1717 καὶ
2316 1664 2465 1731 ἄξιος
2509 1664 2678 1719 αὑτοῦ
2727 1663 3018 1735 εὑρεθῆναι
3049 1679 3064 1695 ’
3102 1664 3196 1717 καὶ
3226 1662 3459 1735 δύναμιν
3486 1665 3623 1736 παρ’

349 1754 503 1810 hunc
531 1754 755 1810 modum
792 1754 1060 1808 adversus
1095 1751 1406 1807 invisibiles
1435 1750 1624 1806 hostes
1648 1756 1932 1805 certamen

2040 1734 2203 1811 αὺτοῦ
2252 1756 2440 1811 λαϐεῖν
2491 1756 2632 1811 κατὰ
2674 1734 2805 1812 τῶν
2835 1734 3164 1828 πνευμάτων
3192 1757 3294 1826 τῆς
3329 1734 3622 1829 πονηρίας,

348 1863 452 1919 pro
483 1848 632 1904 illius
662 1847 935 1903 mandatis
964 1847 1088 1912 init,
1119 1844 1268 1900 haud
1300 1845 1464 1901 aliter
1492 1859 1556 1901 ac
1590 1844 1708 1914 ipse
1741 1842 1932 1898 Domi-

2040 1848 2265 1920 χωρίζει
2294 1849 2488 1904 ἑαυτὸν
2505 1850 2685 1921 πάσης
2721 1814 2991 1922 σαρκικῆς
3008 1814 3289 1921 σχέσεωςτ
3302 1850 3398 1904 καὶ

348 1956 458 1998 nus
484 1957 544 1998 se
586 1941 752 1997 nobis
780 1940 1097 2009 exemplum
1126 1937 1383 1994 exhibuit
1404 1977 1419 2005 ,
1452 1946 1572 1992 tum
1620 1937 1679 1991 in
1709 1934 1933 1991 deserto

348 2034 421 2089 ab
453 2033 676 2089 illorum
715 2034 857 2091 duce
883 2042 1148 2103 tentatus,
1181 2043 1298 2091 tum
1350 2034 1409 2090 in
1435 2025 1663 2090 deserto
1707 2032 1778 2087 ab
1806 2031 1933 2087 illo-

345 2138 474 2179 rum
500 2122 642 2180 duce
693 2131 956 2192 tentatus,
985 2134 1125 2192 tum,
1160 2141 1286 2181 cum
1325 2140 1384 2181 se
1425 2125 1638 2181 mundo
1670 2123 1934 2189 dedisset,

348 2213 420 2270 ab
459 2213 548 2281 iis,
581 2215 681 2285 qui
713 2216 864 2272 illius
893 2217 1201 2287 agebantur
1227 2215 1435 2272 afﬂatu.

2040 1939 2236 1993 ἑαυτὸν
2268 1939 2448 2010 πάσης
2486 1940 2677 2011 ὑλικῆς
2706 1941 3118 2011 προσπαθείαςσ
3152 1941 3248 1996 καὶ
3275 1940 3449 2005 οὕτως
3484 1941 3630 2013 πρὸς

2042 2031 2169 2095 τοὺς
2208 2033 2483 2106 ,ἀοράτους
2536 2031 2765 2102 ἐχθροὺς
2815 2033 2956 2105 ὑπὲρ
3008 2034 3117 2087 τῶν
3180 2032 3414 2087 ἐντολῶν
3454 2031 3629 2088 αὐτοῦ

2043 2120 2371 2192 ἀγωνίζεται
2393 2138 2407 2153 ο
2436 2120 2705 2186 ὡςάὐτὸς
2736 2123 2764 2175 6
2801 2124 3011 2194 Κύριος
3057 2123 3250 2177 ἑαυτὸν
3292 2122 3465 2177 τύπον
3489 2124 3630 2193 ἡμῖν

2046 2214 2344 2285 παρέσχεν,
2378 2214 2436 2267 ἔν
2464 2231 2522 2267 τε
2555 2217 2624 2286 τῇ
2659 2215 2853 2287 ἐρήμῳ
2887 2215 2992 2269 ὑπὸ
3023 2214 3119 2270 τοῦ
3162 2214 3410 2289 ἀρχηγοῦ
3441 2213 3632 2270 αὐτῶν

347 2305 751 2378 πειραζόμενος
768 2324 783 2337 ο
819 2309 914 2362 καὶ
940 2308 998 2362 ὲν
1019 2310 1085 2380 τῇ
1128 2307 1420 2379 οἰκουμένῃ
1474 2307 1666 2375 ἐλθὼν,
1687 2306 1794 2360 ὑπὸ
1820 2304 1932 2359 τῶν
1970 2303 2063 2359 ὑπ’
2088 2303 2255 2358 αὐτοῦ
2286 2305 2716 2377 ἐνεργουμένων.

419 2400 473 2457 6.
500 2402 641 2457 Tum
680 2402 852 2458 frater
895 2420 908 2457 :
946 2403 1015 2458 At
1048 2403 1221 2458 multa
1263 2410 1414 2469 sunt,
1463 2402 1674 2474 inquit,
1710 2400 1931 2457 Domini

348 2491 640 2558 mandata;
671 2501 728 2547 et
756 2493 883 2563 quis
911 2492 1096 2548 animo
1137 2507 1325 2548 coram
1370 2491 1556 2548 omnia
1586 2491 1792 2548 habere
1835 2505 1935 2562 po-

347 2592 478 2650 test,
515 2592 578 2639 ut
599 2599 702 2657 pro
724 2585 985 2640 omnibus
1019 2584 1324 2641 certamine
1351 2583 1683 2651 contendat;
1720 2584 1809 2639 vel
1833 2598 1937 2653 ego

348 2676 614 2743 maxime,
647 2678 745 2746 qui
789 2676 1001 2748 fragilis
1029 2675 1316 2732 memoriae
1346 2691 1492 2741 sum,
1549 2690 1655 2731 nec
1683 2674 1933 2746 plurium

348 2781 579 2840 possum
630 2766 1185 2824 meminisseHIelim
1239 2766 1433 2823 audire
1479 2765 1935 2838 compendiosum

349 2874 686 2927 sermonem,
744 2869 804 2914 ut
831 2875 958 2915 eum
985 2868 1172 2916 mente
1194 2867 1413 2925 tenens,
1457 2859 1609 2914 illius
1645 2874 1749 2930 ope
1787 2873 1926 2914 meae

350 2950 473 3019 ipse
529 2948 691 3007 saluti
750 2949 1120 3004 consulerem.
1171 2946 1478 3017 Respondit
1510 2961 1680 3002 senex
1720 2947 1935 3002 :Multa

353 3041 581 3113 quidem
615 3050 767 3105 sunt,
818 3039 895 3095 mi
948 3039 1140 3105 frater,
1196 3039 1255 3094 in
1281 3052 1395 3093 uno
1445 3045 1632 3093 tamen
1678 3050 1935 3092 sermone

2110 2399 2615 2470 ς¹.Καὶὸ’Δδελφὸς
2637 2394 2789 2455 εἴπεν
2807 2416 2823 2432 ⁸
2860 2401 3020 2456 Ἀλλά
3047 2402 3243 2457 πολλαί
3266 2404 3394 2466 εἰσι,
3418 2403 3623 2475 Πάτερ,

2039 2493 2096 2546 ai
2123 2490 2218 2544 τοῦ
2248 2492 2455 2563 Κυρίου
2487 2490 2729 2545 ὲντολαί·
2759 2492 2855 2547 καὶ
2886 2492 2971 2557 τίς
3004 2492 3229 2547 δύναται
3263 2494 3448 2559 πάσας
3482 2493 3626 2566 ἔχειν

2041 2581 2184 2634 κατά
2213 2580 2358 2647 νοῦν,
2383 2580 2471 2635 ἵνα
2498 2581 2651 2652 ὑπὲρ
2682 2582 2872 2637 πασῶν
2903 2583 3243 2653 ἀγωνίσηται
3265 2601 3280 2650 ;
3304 2585 3418 2654 ἐγὼ
3444 2587 3501 2638 δὲ
3530 2586 3633 2657 μά-

2037 2671 2218 2737 λιστα,
2255 2670 2536 2740 όλιγόνους
2589 2673 2886 2743 ὑπάρχων;
2938 2674 3204 2746 σύντομον
3245 2675 3405 2744 λόγον
3438 2676 3632 2748 ἤθελον

2040 2761 2295 2828 ἀκοῦσαι,
2330 2762 2416 2817 ἵνα
2448 2763 2611 2817 αὑτὸν
2639 2765 2879 2836 κρατῶν,
2900 2765 2970 2819 δι’
2991 2764 3157 2820 αὐτοῦ
3187 2766 3493 2837 ἐσωζόμην.
3520 2767 3633 2821 Kal

2032 2853 2305 2927 ἀπεκρίθη
2333 2855 2362 2909 6
2392 2854 2595 2927 γέρων*
2613 2856 2678 2909 Et
2701 2857 2796 2910 καὶ
2821 2855 3012 2911 πολλαί
3039 2858 3199 2922 εἰσιν,
3239 2857 3481 2928 Ἀδελφὲ,
3513 2856 3631 2911 ἀλλ’

2043 2947 2125 3001 ἑνὶ
2179 2947 2323 3018 λόγῳ
2383 2947 2934 3017 ἀνακεφαλαιοῦνται,
3001 2948 3061 3003 ἐν
3094 2947 3207 3020 τῷ,
3266 2950 3633 3020 ’Δφαπήσεις

2043 3038 2270 3107 Κύριον
2302 3037 2412 3092 τὸν
2471 3039 2622 3093 Θεόν
2665 3053 2783 3094 σου
2829 3038 2900 3105 ἐξ
2946 3039 3097 3108 ὅλης
3128 3039 3242 3109 τῆς
3274 3040 3487 3109 ἰσχύος
3512 3055 3632 3095 σου

354 3149 572 3189 summa
598 3132 971 3205 colliguntur;
1003 3130 1153 3203 quod
1200 3130 1415 3186 scilicet
1441 3128 1647 3185 dicitur
1681 3145 1700 3183 :
1733 3125 1936 3199 Diliges

2044 3128 2145 3185 καὶ
2173 3128 2243 3194 ἐξ
2272 3128 2418 3198 ὅλης
2445 3128 2556 3198 τῆς
2583 3128 2857 3198 διανοίας
2880 3144 2997 3185 σου
3030 3147 3046 3163 ο
3074 3131 3173 3185 καὶ
3204 3131 3314 3186 τόν
3358 3132 3633 3201 πλησίον

352 3226 639 3282 Dominum
672 3225 841 3281 Deum
891 3233 1040 3279 tuum
1077 3238 1141 3279 ea:
1172 3232 1283 3279 tota
1330 3222 1635 3293 fortitudine
1666 3227 1759 3275 tua
1787 3230 1836 3275 et
1875 3236 1941 3276 ea:

358 3325 470 3374 tota
507 3326 678 3373 mente
712 3325 834 3383 tua;
862 3324 912 3371 et
936 3315 1237 3388 proximum
1269 3322 1420 3368 tuum
1456 3314 1595 3366 sicut
1624 3311 1935 3383 teipsum":

358 3425 445 3477 ac,
481 3410 578 3480 qui
610 3423 782 3464 unum
827 3409 980 3464 hunc
1025 3422 1343 3465 sermonem
1377 3420 1600 3461 servare
1629 3403 1937 3471 contendit,

358 3501 547 3555 omnia
591 3500 755 3557 simul
804 3498 1066 3555 mandata
1102 3498 1316 3568 implet.
1350 3497 1473 3555 Non
1510 3504 1695 3569 potest
1733 3505 1937 3563 autem,

357 3591 441 3645 uti
466 3591 580 3663 jam
603 3591 662 3645 in
694 3590 1080 3668 superioribus
1111 3589 1321 3645 dictum
1352 3597 1460 3655 est,
1501 3589 1597 3659 qui
1628 3604 1659 3643 a
1687 3596 1941 3645 terreno-

357 3699 485 3743 rum
515 3682 808 3740 affectione
834 3682 1081 3739 animum
1114 3697 1228 3738 non
1275 3681 1610 3754 abjunxerit,
1661 3689 1758 3737 aut
1780 3680 1944 3752 37o

357 3776 535 3831 Deum
583 3790 716 3831 vere
762 3775 994 3847 diligere
1045 3782 1142 3831 aut
1191 3773 1544 3854 proximum;
1577 3772 1726 3843 quod
1777 3771 1943 3827 simul

360 3864 606 3920 terrenis
634 3863 799 3931 allici,
851 3865 1141 3935 Deumque
1192 3863 1448 3935 diligere,
1504 3863 1653 3919 haud
1699 3878 1943 3933 unquam

361 3951 679 4023 contigerit.
733 3950 892 4019 Quod
927 3952 1005 4008 ita
1039 3951 1308 4008 Dominus
1336 3951 1666 4024 designavit,
1695 3952 1942 4009 cumait:

358 4041 528 4099 Nemo
568 4052 736 4115 potest
767 4044 965 4101 duobus
1007 4044 1233 4100 dominis
1282 4045 1479 4100 servire
1503 4045 1569 4099 ".
1616 4045 1724 4102 Et:
1752 4044 1945 4101 Nullus

361 4144 528 4206 potest
576 4136 680 4196 Deo
716 4138 911 4193 servire
946 4146 999 4192 et
1049 4153 1365 4193 mammona
1386 4137 1452 4194 ίδ.
1482 4136 1763 4205 Quantum
1796 4137 1947 4193 enim

362 4239 525 4280 mens
544 4231 735 4279 nostra
756 4223 959 4280 affectu
988 4223 1228 4279 terrenis
1265 4222 1436 4281 rebus
1456 4222 1804 4291 adhaerescit,
1838 4223 1949 4280 illis

363 4315 738 4388 mancipatur,
787 4315 1111 4388 spernitque
1162 4316 1265 4372 Dei
1293 4315 1752 4388 transgrediendo
1788 4331 1948 4372 man-

365 4406 578 4463 datum.

365 4588 593 4660 spondit
620 4582 787 4645 δεηεέ
815 4607 827 4644 :
859 4588 1032 4657 Cibis,
1057 4589 1331 4661 pecuniis,
1355 4588 1598 4659 praediis,
1624 4589 1820 4661 gloria,
1853 4605 1949 4645 co-

367 4682 551 4751 gnatis
578 4696 676 4736 seu
710 4680 988 4747 atlinibus,
1018 4690 1075 4738 et
1118 4682 1413 4753 ejusmodi.
1436 4682 1519 4737 Ad
1545 4697 1712 4752 quem
1734 4682 1943 4739 frater:

367 4771 566 4838 Quaeso
597 4781 650 4827 te
670 4813 685 4838 ,
728 4772 912 4839 Pater,
944 4773 1196 4843 nunquid
1233 4788 1342 4828 non
1393 4789 1458 4829 ea
1487 4775 1635 4829 Deus
1680 4774 1948 4843 condidit,

370 4873 536 4935 atque
580 4865 901 4921 hominibus
939 4866 1145 4922 utenda
1174 4867 1496 4922 concessit?
1525 4867 1831 4938 Respondit
1859 4884 1951 4926 se-

371 4970 477 5009 nex
501 4973 516 5010 :
554 4956 698 5012 Sane
727 4957 904 5028 liquet
927 4957 1102 5013 Deum
1126 4973 1191 5013 ea
1214 4959 1548 5026 condidisse,
1579 4967 1745 5030 atque
1769 4960 1950 5016 homi-

371 5044 540 5101 nibus
561 5048 768 5104 utenda
818 5048 1136 5105 tradidisse.
1170 5048 1367 5107 Omnia
1403 5049 1553 5105 enim
1593 5067 1626 5105 a
1658 5052 1774 5108 Deo
1806 5053 1953 5109 bona

374 5138 596 5193 condita
625 5144 836 5209 sunt”,
872 5150 935 5197 ut
964 5143 1107 5200 bene
1143 5144 1254 5199 illis
1287 5145 1519 5213 utendo,
1556 5145 1671 5201 Deo
1704 5146 1952 5217 placere-

374 5241 518 5282 mus.
553 5228 665 5284 Nos
721 5232 1005 5289 enimvero
1036 5234 1131 5305 qui
1176 5233 1380 5291 inﬁrmi
1423 5252 1489 5293 ac
1534 5237 1739 5292 terreni
1770 5236 1955 5293 animo

375 5316 571 5382 simus,
604 5335 697 5375 res
740 5331 992 5380 terrenas
1024 5326 1341 5383 dilectionis
1389 5337 1669 5399 praecepto
1708 5329 1956 5398 praetuli-

376 5425 529 5478 mus;
567 5409 789 5481 illisque
819 5413 1027 5482 affecti,
1083 5419 1407 5476 hominibus
1459 5435 1799 5492 pugnamus;
1827 5430 1956 5476 cum

373 5520 475 5576 par
506 5511 673 5573 esset,
709 5514 772 5560 ut
792 5505 861 5561 iis
890 5508 1149 5565 omnibus
1181 5526 1303 5582 quae
1334 5512 1391 5569 in
1419 5520 1700 5583 aspectum
1726 5511 1953 5581 cadunt,

451 5739 495 5770 ¹³
525 5738 670 5795 Psal.
692 5737 984 5803 inedi-15.
1064 5728 1107 5770 “
1142 5736 1410 5808 Mattb.'x,
1447 5742 1535 5797 57.
1617 5745 1660 5777 ’⁵
1694 5751 1829 5801 Luc.
1864 5762 1954 5804 xw

378 5820 485 5875 ινι,
529 5809 615 5863 15.
694 5810 737 5843 ¹⁹
770 5810 907 5866 Gen.
945 5824 982 5876 ι,
1018 5808 1107 5864 51.

2043 3233 2164 3276 σου
2191 3219 2273 3286 ὡς
2301 3219 2539 3275 ἑαυτόν.
2560 3220 2673 3274 Kal
2696 3221 2724 3274 6
2751 3218 3156 3291 ἀγωνιζόμενος
3179 3219 3371 3275 τοῦτον
3404 3223 3631 3293 κρατεῖν

2043 3310 2136 3366 τὸν
2165 3309 2323 3380 λόγον
2348 3351 2365 3377 ,
2399 3311 2580 3374 πάσας
2616 3309 2753 3382 ὁμοῦ
2811 3310 2913 3375 τάς
2963 3311 3187 3375 ἐντολὰς
3229 3312 3506 3384 κατορθοῖ.
3553 3312 3630 3367 Οὐ

2043 3402 2268 3458 δύναται
2294 3401 2355 3457 δέ
2385 3419 2470 3466 τις
2517 3402 2593 3475 μὴ
2631 3403 2871 3475 χωρίσας
2903 3402 3095 3456 ἑαυτὸν
3116 3443 3130 3470 ,
3161 3401 3237 3466 ὠς
3282 3402 3629 3474 προείρηται,

2044 3494 2147 3566 τῆς
2173 3493 2282 3549 τῶν
2327 3494 2530 3549 ὑλικῶν
2582 3494 2983 3566 προσπαθείας,
3013 3493 3138 3549 οὔτε
3185 3493 3278 3549 τὸν
3315 3494 3471 3558 Θεὸν,
3503 3493 3632 3548 οὕτε

2044 3586 2138 3641 τὸν
2199 3587 2428 3659 πλησίον
2480 3586 2769 3658 ἀγαπῆσαι
2815 3585 3054 3659 γνησίως
3097 3599 3113 3615 ·
3143 3584 3333 3657 ἐπειδὴ
3382 3584 3518 3655 ὁμοῦ
3562 3586 3627 3655 τῇ

2047 3677 2151 3752 ὕλῃ
2180 3677 2537 3749 προσκεῖσθαι
2567 3717 2583 3742 ,
2612 3676 2709 3731 καὶ
2745 3676 2837 3731 τὸν
2887 3676 3019 3731 Θεὸν
3062 3674 3346 3745 ἀγαπῆσαι
3372 3714 3387 3738 ,
3416 3674 3631 3744 ἀμήχαο

2047 3786 2158 3824 νον.
2178 3770 2291 3825 Kal
2320 3769 2481 3824 τοῦτό
2515 3770 2665 3823 ἐστιν
2701 3766 2731 3821 6
2754 3767 2903 3837 λέγει
2931 3767 2959 3820 6
2992 3765 3234 3837 Κύριος·
3275 3764 3486 3832 Οὐδεὶς
3527 3765 3630 3818 δύ-

2046 3880 2223 3919 ναται
2254 3863 2399 3917 δυσὶ
2432 3862 2664 3930 κυρίοις
2689 3859 3021 3916 δουλεύειν.
3042 3858 3152 3913 Καί
3173 3874 3187 3890 °
3219 3857 3432 3925 Οὐδεὶς
3455 3857 3632 3913 dura-

2047 3973 2144 4011 ται
2166 3954 2287 4021 Θεῷ
2314 3955 2632 4009 δουλεύειν
2659 3951 2760 4009 καί
2797 3949 3072 4023 μαμωνᾷ.
3105 3950 3272 4006 Ὅσον
3310 3951 3419 4023 γὰρ
3451 3953 3480 4004 6
3507 3951 3629 4015 νοῦς

2047 4046 2211 4120 ἡμῶν
2238 4046 2348 4100 τῶν
2369 4044 2463 4100 τοῦ
2495 4045 2702 4116 κόσμου
2729 4044 3014 4114 ἀντέχεται
3056 4043 3424 4114 πραγμάτων,
3454 4042 3629 4097 δεδού-

2048 4140 2219 4195 λωται
2242 4141 2461 4210 αὐτοῖςξ,
2496 4139 2593 4196 καὶ
2621 4138 2958 4210 καταφρονεῖ
2975 4135 3075 4208 τὴν
3104 4135 3325 4208 ἐντολὴν
3362 4135 3459 4192 τοῦ
3494 4135 3628 4191 Θεοῦ

2051 4230 2424 4304 παραϐαίνων.

476 4539 491 4555 .
530 4498 620 4554 Ait
666 4499 878 4554 frater:
908 4498 1121 4566 Quibus
1177 4498 1347 4555 rebus
1392 4498 1564 4566 dicis,
1613 4499 1814 4555 Pater?
1842 4499 1938 4554 Re-

2127 4507 2192 4573 C'.
2232 4507 2343 4561 Kal
2371 4507 2401 4560 6
2450 4505 2704 4577 Ἀδελφὸς
2738 4502 2893 4561 εἴπεο
2931 4504 3108 4561 Ποίων
3151 4505 3498 4577 πραγμάτων
3543 4504 3632 4560 λέ-

2055 4616 2191 4670 γεις,
2225 4599 2457 4670 Πάτερ;
2498 4600 2610 4654 Kal
2641 4601 2670 4653 6
2712 4599 2893 4670 γέρων
2934 4597 3240 4678 ἀπεκρίθη·
3292 4598 3630 4669 Βρωμάτων,

2054 4691 2391 4763 χρημάτων,
2432 4692 2766 4762 κτημάτων,
2796 4690 2975 4759 δόξης,
3035 4689 3337 4759 συγγενῶν,
3394 4690 3491 4744 καὶ
3524 4689 3633 4745 τῶν

2052 4779 2202 4850 ἑξῆς.
2227 4777 2338 4832 Καὶ
2359 4780 2387 4833 6
2420 4777 2674 4849 Ἀδελφὸς
2693 4774 2865 4832 εἶπεν⁸
2900 4779 3055 4844 Εἰπὲ,
3079 4779 3280 4850 Πάτερ,
3303 4776 3421 4848 οὐχὶ
3449 4780 3477 4830 6
3501 4778 3635 4841 Θεὸς

2054 4868 2196 4923 αὐτὰ
2231 4868 2436 4938 ἔκτισε,
2454 4871 2549 4925 καὶ
2585 4872 2697 4934 τοῖς
2722 4869 3033 4941 ἀνθρώποις
3061 4873 3141 4935 εἰς
3164 4872 3360 4943 χρῆσιν
3390 4870 3590 4924 δέδωκε
3616 4888 3632 4937 ;

2052 4963 2147 5018 καὶ
2191 4962 2310 5027 πῶς
2360 4962 2577 5017 κελεύει
2630 4963 2811 5017 αὐτῶν
2845 4962 2921 5034 μὴ
2953 4964 3275 5035 ἀντέχεσθαι
3307 4961 3428 5037 [alt.
3467 4963 3635 5018 ἀπτε-

2055 5054 2224 5127 σθαι];
2250 5055 2362 5109 Kal
2389 5054 2662 5126 ἀπεκρίθη
2691 5056 2720 5108 6
2750 5054 2927 5127 γέρων
2947 5071 2960 5086 ·
2979 5054 3149 5125 Δῆλον
3176 5055 3259 5111 ὅτι
3279 5056 3308 5108 6
3342 5056 3474 5120 Θεὸς
3495 5054 3635 5110 uorat

2053 5146 2257 5213 ἔκτισε,
2288 5146 2381 5200 καὶ
2410 5145 2644 5199 δέδωκεν
2664 5146 2744 5210 εἰς
2772 5147 2970 5218 χρῆσιν
2998 5148 3111 5209 τοῖς
3148 5145 3478 5217 ἀνθρώποις.
3502 5146 3632 5213 Kal,

2055 5238 2199 5293 καλὰ
2232 5238 2410 5292 πάντα
2445 5238 2512 5292 τὰ
2551 5236 2657 5291 ὑπὸ
2704 5237 2800 5291 τοῦ
2836 5238 2971 5291 Θεοῦ
3020 5237 3302 5307 γεγονότα,
3328 5237 3415 5293 ἵνα
3455 5238 3636 5303 καλῶς

2056 5330 2240 5393 αὐτοῖς
2296 5327 2666 5400 χρησάμενοι,
2699 5328 2779 5400 τῷ
2832 5328 2952 5400 Θεῷ
2997 5329 3489 5401 εὐαρεστὴσωμεψ
3521 5329 3636 5384 ἀλλ’

2056 5422 2220 5493 ἡμεῖς
2240 5420 2487 5484 ἀσθενεῖς
2514 5419 2805 5485 όντεςνκοιῖ⁵
2826 5421 3001 5474 ὑλικοὶ
3025 5423 3089 5491 τῇ
3108 5419 3318 5493 διανοίᾳ
3344 5419 3415 5493 [ἀ
3425 5423 3510 5475 ιλ.
3537 5419 3637 5491 τὴν

2059 5513 2301 5568 διάνοιαν
2323 5511 2368 5586 ].
2406 5514 2859 5585 προετιμήσαμεν
2911 5513 2983 5569 τὰ
3041 5512 3201 5569 ὑλικὰ
3243 5513 3346 5585 τῆς
3418 5513 3637 5584 ἐντολῆς

1959 5785 1975 5813 ,
2007 5745 2096 5817 '63,
2126 5746 2219 5803 54.
2297 5747 2342 5782 ³⁸
2365 5746 2530 5805 Marc.
2564 5762 2660 5816 ιιι,
2686 5746 2776 5803 50.
2857 5748 2900 5782 "
2932 5746 3124 5805 Matth.
3160 5762 3236 5817 v1,
3256 5748 3346 5806 24.
3423 5749 3466 5783 ίθ
3495 5747 3631 5806 Luc.
