4070 6394
624 5059 967 5127 συγγένειαν,
1005 5054 1277 5126 ὓπαρξιν,
1312 5057 1546 5130 τρυφὴν,
1587 5058 1682 5110 καὶ
1738 5057 1838 5129 τὴν
1886 5057 1974 5110 66-

219 5171 240 5194 -.
295 5145 409 5198 τηε-ἑ

355 363 474 432 917

1641 360 1878 422 LIBER
1912 361 2346 424 ASCETICUS.

3522 356 3637 424 918

347 478 463 545 τῆς
508 470 729 542 ἀγάπης
750 487 764 502 °
798 470 892 525 κιὶ
928 468 1106 524 αὐτῶν
1152 468 1502 540 ἀντεχόμενοι
1522 507 1537 534 ,
1570 472 1681 533 τοῖς
1731 468 1946 542 ἀνθρώ-

2061 473 2280 541 Lpsoque
2325 483 2579 540 corpore,
2647 469 2888 542 cujusvis
2942 470 3233 526 hominum
3282 469 3638 527 dilectionem

351 580 490 628 ποις
529 561 818 633 μαχόμεθα.
842 577 857 592 ο
889 561 1009 614 δέον
1067 561 1289 614 πάντων
1336 559 1446 613 τῶν
1488 560 1804 632 ὁρωμένων,
1847 561 1944 616 καὶ

350 655 531 708 αὐτοῦ
559 653 654 708 τοῦ
681 652 951 723 σώματος,
978 652 1078 722 τὴν
1107 652 1311 715 παντὸς
1348 651 1638 723 ἀνθρώπου
1670 654 1945 722 προτιμῆ-

353 763 456 798 σαι
484 744 707 814 ἀγάπην
725 759 742 776 ο
771 743 894 814 ἣτις
923 743 1070 795 ἐστὶν
1094 740 1382 812 γνώρισμα
1403 743 1502 812 τῆς
1533 742 1613 806 εἰς
1643 741 1775 795 Θεὸν
1803 742 1945 810 ἀγά-

351 855 502 908 πης,
535 835 722 900 καθὼς
751 836 912 899 αὐτὸς
960 837 988 890 6
1019 835 1220 906 Κύριος
1252 837 1310 888 ὲν
1343 833 1697 904 Εὐαγγξλίοις
1738 833 1948 888 δείκνυ-

354 944 476 983 σιν·
516 929 570 981 '0
601 925 851 998 ἀγαπῶν
879 928 984 996 ἐμὲ
1006 967 1022 994 ,
1057 928 1231 998 φησὶ,
1259 929 1367 994 τὰς
1408 926 1662 994 ἐντολάς
1695 943 1817 996 μου
1847 943 1948 994 τη-

342 1019 560 1090 ρήσει.
587 1021 697 1073 Καὶ
728 1019 812 1084 τίς
841 1022 990 1074 ἐστιν
1021 1020 1054 1090 η
1110 1018 1299 1090 ἐντολὴ
1347 1019 1416 1089 ἢν
1451 1019 1813 1090 τηρήσαντες,
1846 1019 1946 1072 αύ-

349 1115 458 1168 τὸν
513 1113 918 1182 ἀγαπήσωμεν,
971 1110 1136 1164 αὑτοῦ
1187 1110 1438 1173 ἄκουσον,
1465 1110 1752 1178 λέγοντος’
1789 1109 1949 1179 Αὕτη

349 1205 430 1257 δέ
456 1205 629 1258 ἐστιν
657 1205 696 1272 ἡ
725 1203 946 1270 ἐντολὴ
971 1205 1009 1273 ἠ
1037 1202 1175 1273 ἐμὴ.
1197 1203 1298 1256 ἵνα
1323 1201 1592 1272 ἀγαπᾶτε
1612 1202 1946 1270 ἀλλήλους.

363 1302 542 1372 Ὁρᾷς
588 1301 670 1354 ὅτι
719 1301 747 1368 ἡ
799 1299 1047 1369 ἀλλήλων
1100 1298 1328 1368 ἀγάπη,
1356 1295 1454 1368 τὴν
1498 1298 1578 1360 εἰς
1628 1297 1761 1350 Θεὸν
1813 1295 1953 1363 ἀγά-

351 1411 476 1464 πην
518 1392 853 1462 συνίστησιν,
871 1391 995 1461 ἥτις
1040 1392 1158 1444 ἐστὶ
1188 1392 1464 1462 πλήρωμα
1494 1383 1676 1460 πάσης
1709 1388 1844 1442 Θεοῦ
1869 1391 1954 1441 ὲν-

351 1483 558 1553 τολῆς;
587 1481 686 1535 Διὰ
717 1479 876 1533 τοῦτο
909 1473 1002 1532 οὖν
1031 1479 1247 1532 κελεύει
1275 1479 1457 1533 αὐτῶν
1488 1477 1562 1549 μὴ
1593 1476 1915 1549 ἀντέχεσθαι
1935 1491 1949 1506 ο

351 1576 504 1629 ἀλλά
534 1573 628 1628 καὶ
665 1572 1037 1639 ἀποτάξασθαι
1086 1573 1220 1625 πᾶσι
1252 1573 1365 1634 τοῖς
1407 1570 1747 1639 ὑπάρχουσιν
1780 1567 1951 1638 αὐτῷ,

353 1668 546 1722 πάντα
575 1665 852 1736 τὸν-αὐτῷ
899 1664 1230 1736 μαθητεύειν
1269 1661 1685 1734 ἐπιθυμητικῶς
1737 1661 1950 1731 ἔχοντα.

437 1766 510 1832 η’.
530 1761 640 1812 Καὶ
663 1761 700 1813 ό·
727 1759 980 1826 Ἀδελφὸς
1007 1753 1182 1811 εἶπεν·
1211 1757 1429 1827 Ἐπειδὴ
1453 1751 1624 1818 εἶπες,
1656 1753 1954 1823 Πάτερ,ὃτι

2052 562 2232 634 pluris
2281 551 2626 628 faceremus;
2652 577 2774 632 quae
2803 561 3064 618 videlicet
3104 563 3311 619 indicio
3359 573 3448 621 est
3493 563 3642 618 illius

2058 653 2372 724 charitatis,
2403 669 2526 722 qua:
2555 653 2624 707 ad
2653 654 2826 707 Deum
2863 661 2968 718 est,
2999 655 3079 708 uti
3108 655 3226 724 ipse
3266 655 3533 709 Dominus
3582 653 3640 708 in

2054 744 2368 816 Evangeliis
2391 745 2667 800 ostendit:
2701 743 2805 810 Qui
2826 744 2998 816 diligit
3022 761 3123 811 me,
3147 746 3346 814 inquit,
3381 746 3641 801 mandata

2054 855 2174 893 mea
2201 838 2428 892 servabit
2445 839 2511 892 ὀ.
2555 837 2842 904 Quodnam
2868 851 3001 892 vero
3028 837 3350 891 mandatum
3382 837 3473 901 sit,
3493 837 3642 907 quod

2056 930 2329 986 servando
2360 930 2539 1000 ipsum
2581 929 2980 995 dilexerimus,
3015 929 3144 983 audi
3183 929 3365 997 ipsum
3407 927 3642 996 loquen-

2056 1029 2212 1078 tem:
2245 1021 2357 1076 Hoc
2409 1029 2486 1076 est
2529 1031 2850 1093 prwceptum
2899 1038 3098 1088 meum,
3144 1028 3203 1074 ut
3232 1019 3468 1089 diligatis
3512 1020 3646 1073 invi-

2056 1131 2166 1168 cem
2188 1113 2256 1166 ’1.
2275 1113 2618 1183 Vides,quod
2643 1113 2738 1167 alii
2773 1114 2912 1168 alios
2933 1113 3258 1184 diligamus,
3283 1111 3644 1167 dilectionem

2057 1205 2116 1260 in
2148 1205 2322 1259 Deum
2367 1203 2606 1259 conflare
2658 1220 2722 1259 ac
2776 1205 3186 1267 commendare,
3215 1219 3341 1275 quae
3391 1203 3644 1257 omnium

2059 1297 2156 1352 Dei
2185 1304 2588 1368 praeceptorum
2620 1297 2911 1366 plenitudo
2953 1305 3040 1352 est
3055 1299 3099 1329 “
3122 1297 3144 1350 ?
3171 1297 3229 1352 1d
3272 1296 3442 1366 igitur
3464 1310 3650 1350 causm

2058 1397 2143 1444 est
2170 1404 2271 1443 cur
2287 1389 2483 1460 jubeat
2517 1388 2606 1442 his
2639 1404 2751 1442 non
2785 1388 3205 1453 adhaerescere;
3235 1388 3329 1443 sed
3360 1395 3422 1442 ut
3445 1387 3511 1451 is,
3547 1387 3644 1456 qui

2058 1482 2178 1551 ejus
2200 1481 2352 1550 cupit
2381 1496 2502 1536 esse
2538 1480 2844 1550 discipulus
2865 1521 2880 1547 ,
2921 1482 3206 1536 renuntiet
3237 1481 3496 1536 omnibus
3522 1496 3646 1550 quae

2060 1569 2332 1639 possidet.

2133 1746 2186 1802 8.
2253 1747 2392 1802 Tum
2446 1747 2617 1804 frater
2661 1747 3168 1821 :Quandoquidem
3203 1749 3415 1815 dixisti,
3457 1749 3642 1813 Pater,

350 1851 486 1905 δέον
509 1851 726 1904 πάντων
752 1849 864 1902 τῶν
896 1847 1324 1919 ὁρωμένων,κιύ¹
1351 1844 1518 1900 αὑτοῦ
1557 1844 1652 1898 τοῦ
1680 1844 1954 1914 σώματος,

2062 1854 2162 1909 par
2188 1853 2345 1906 esse,
2396 1847 2460 1894 ut
2501 1840 2671 1896 rebus
2713 1842 3008 1908 omnibus,
3044 1858 3168 1912 quae
3213 1843 3316 1897 sub
3359 1850 3648 1913 aspectum

350 1940 466 2011 τὴν
501 1939 702 2002 παντὸς
741 1938 1032 2008 ἀνθρώπου
1083 1937 1422 2008 προτιμῆσαι
1443 1935 1688 2004 ἀγάπην,
1720 1934 1838 1996 πῶς
1870 1931 1957 1986 δύ-

351 2050 542 2104 ναμαι
588 2032 682 2084 τὸν
721 2031 986 2101 μισοῦντά
1031 2047 1096 2101 με
1138 2028 1232 2082 καὶ
1285 2028 1768 2100 ἀποστρεφόμενον
1813 2025 1954 2094 ἀγα-

353 2125 565 2194 πῆσαι;
595 2125 657 2177 Εἰ
683 2124 739 2177 δὲ
782 2124 876 2177 καὶ
929 2122 1115 2191 φθονεί
1167 2139 1278 2191 μοι,
1313 2119 1409 2174 καὶ
1449 2119 1740 2190 λοιδορίαις
1788 2134 1956 2172 κατα-

352 2215 599 2282 τοξεύει,
632 2216 727 2270 καὶ
760 2215 944 2277 δόλους
971 2212 1374 2277 κατασκευάζει
1402 2251 1416 2275 ,
1446 2210 1543 2264 καὶ
1581 2209 1957 2263 ἐπιϐουλεύειν

354 2309 660 2379 ἐπιχειρεῖ,
689 2307 807 2369 πῶς
844 2306 1082 2375 δύναμαι
1115 2303 1278 2358 αὑτὸν
1311 2303 1624 2373 ἀγαπῆσαι;
1649 2300 1815 2354 Φύσει
1841 2317 1954 2371 μοι,

354 2401 576 2470 Πάτερ,
618 2398 870 2469 φαίνεται
933 2396 1092 2450 τοῦτο
1142 2393 1427 2461 ἀδύνατον,
1471 2394 1568 2447 τοῦ
1615 2391 1823 2455 πάθους
1855 2391 1958 2461 τῆς

356 2493 548 2564 λύπης
574 2491 822 2562 φυσικῶς
851 2489 943 2542 τὸν
976 2488 1294 2560 λυπήσαντα
1317 2484 1760 2555 ἀποστρέφεσθαι
1792 2484 1960 2550 ἀναγ-

356 2581 652 2646 κάζοντος.
689 2580 798 2632 Καὶ
825 2577 1096 2649 ἀπεκρίθη
1128 2578 1156 2629 6
1189 2576 1388 2646 γέρωνο
1440 2575 1564 2627 Ἐπὶ
1596 2574 1695 2644 μὲν
1718 2573 1829 2626 τῶν
1861 2573 1954 2643 ἐρ-

358 2674 549 2728 πετῶν
583 2672 678 2726 καὶ
713 2670 823 2724 τῶν
853 2669 1059 2740 θηρίων
1093 2667 1202 2721 τῶν
1247 2667 1352 2721 ὑπὸ
1398 2666 1614 2736 φύσεως
1647 2663 1954 2734 ἀγομένων,

359 2766 450 2836 τῷ
467 2765 581 2820 ὄντι
611 2763 872 2818 ἀδύνατον
913 2760 986 2830 μὴ
1026 2758 1247 2822 πάντως
1293 2756 1605 2828 ἀμύνασθαι
1637 2755 1762 2808 ὅσον
1798 2754 1959 2808 δύνα-

360 2875 463 2914 ται
515 2856 579 2909 τὸ
615 2853 961 2910 καταπονοῦν
992 2869 1004 2882 ·
1036 2853 1130 2905 ἐπὶ
1172 2851 1231 2905 δὲ
1262 2851 1372 2905 τῶν
1423 2850 1544 2903 κατ’
1589 2847 1776 2902 εἰκόνα
1819 2845 1957 2900 Θεοῦ

366 2948 724 3012 κτισθέντων,
757 2946 853 3000 καὶ
881 2945 1026 3015 λόγῳ
1059 2943 1344 3015 ἀγομένων
1362 2960 1377 2975 ο
1403 2942 1500 2995 καὶ
1529 2940 1783 3010 γνώσεως
1820 2939 1958 2994 Θεοῦ

367 3039 840 3106 καταξιωθέντων,
879 3037 975 3089 καὶ
1012 3037 1178 3104 νόμον
1226 3035 1356 3106 παρ’
1409 3033 1577 3088 αὐτοῦ
1624 3032 1957 3104 δεξαμένων,

369 3132 602 3188 δυνατὸν
629 3131 757 3193 τοὺς
781 3129 1090 3192 λυποῦντας
1119 3127 1194 3199 μὴ
1223 3125 1684 3196 ἀποστρέφεσθαι,
1716 3125 1963 3189 καὶτοὺς

2063 1932 2288 2000 cadunt,
2331 1933 2560 2003 ipsoque
2606 1949 2858 2004 corpore,
2898 1927 3144 2006 cujusvis
3180 1935 3468 1990 hominum
3509 1935 3648 1990 dile-

2063 2029 2305 2082 ctionem
2338 2027 2520 2097 pluris
2574 2026 2869 2095 faciamus;
2907 2029 3132 2097 quinam
3187 2029 3307 2084 ﬁeri
3352 2037 3536 2100 potest
3583 2037 3648 2084 ut

2063 2134 2189 2174 eum
2204 2120 2430 2190 diligam
2449 2120 2545 2189 qui
2562 2136 2650 2174 me
2667 2121 2834 2174 habet
2851 2120 2979 2175 odio
2995 2128 3053 2175 et
3073 2129 3361 2176 aversatur
3377 2121 3401 2174 ?
3415 2119 3574 2187 Quod
3597 2121 3647 2176 si

2063 2211 2233 2266 etiam
2291 2211 2501 2266 invidia
2567 2212 2768 2281 agitur,
2819 2213 3071 2282 petitque
3104 2214 3362 2268 convitiis
3392 2221 3450 2268 et
3489 2213 3649 2268 dolos

2065 2303 2231 2357 struit
2263 2317 2328 2358 ac
2356 2302 2586 2358 insidias
2612 2303 2966 2359 machinatur
2996 2305 3180 2360 :hunc
3203 2306 3484 2376 quomodo
3515 2307 3646 2362 dili—

2063 2411 2193 2466 gere
2216 2411 2443 2466 possum
2465 2398 2488 2451 ?
2507 2398 2765 2462 Videtur,
2791 2397 2981 2464 Pater,
3013 2397 3122 2453 hoc
3149 2398 3206 2453 in
3237 2399 3322 2454 eis
3355 2415 3651 2455 numeran-

2063 2487 2218 2555 dum,
2244 2504 2366 2558 quae
2415 2497 2613 2544 natura
2657 2489 2778 2544 fieri
2820 2504 2933 2544 non
2969 2499 3222 2560 possunt,
3269 2490 3418 2560 quod
3450 2506 3651 2560 nempe

1981 2625 1998 2636 κ
2063 2580 2340 2648 passionis
2396 2580 2558 2635 dolor
2603 2580 2881 2650 illamque
2933 2595 3131 2637 sensus
3178 2581 3395 2652 injuriae
3449 2588 3649 2634 natura

2064 2676 2242 2738 cogat,
2275 2676 2335 2723 ut
2379 2669 2596 2724 infenso
2630 2671 2814 2724 animo
2855 2670 2912 2725 in
2949 2686 3076 2726 eum
3111 2672 3286 2727 simus
3308 2713 3322 2738 ,
3356 2671 3453 2741 qui
3499 2670 3650 2725 illius

2063 2768 2259 2814 auctor
2287 2759 2535 2814 exsistat.
2566 2760 2988 2832 Responditque
3039 2777 3210 2816 senex
3243 2762 3342 2817 :ln
3375 2760 3653 2832 serpenti-

2063 2849 2171 2905 bus
2200 2851 2430 2920 quidem
2458 2859 2515 2906 ct
2553 2851 2770 2920 bestiis,
2807 2869 2929 2923 quae
2955 2862 3154 2908 natura
3184 2865 3424 2925 aguntur
3450 2895 3465 2917 ,
3498 2854 3649 2909 haud

2064 2942 2228 3012 plane
2259 2943 2380 2997 fieri
2420 2944 2616 3014 possit,
2659 2954 2721 3000 ut
2749 2945 2909 3016 3'71
2935 2961 3049 3001 non
3079 2949 3329 3014 omnino,
3361 2947 3542 3015 quoad
3579 2947 3648 3000 li-

2066 3042 2212 3102 ceat,
2257 3035 2620 3104 ulciscantur,
2648 3037 2798 3107 quod
2824 3039 3134 3094 molestiam
3168 3039 3340 3094 facit:
3367 3037 3425 3092 in
3459 3039 3650 3093 iis-au-

2068 3136 2202 3195 tem,
2227 3129 2323 3198 qui
2350 3128 2417 3184 ad
2440 3129 2540 3184 Dei
2582 3130 2876 3201 imaginem
2933 3132 3142 3187 conditi
3187 3140 3314 3188 sunt
3345 3142 3402 3187 et
3440 3131 3652 3186 ratione

375 3222 671 3294 μισοῦντας
719 3221 963 3292 ἀγαπᾷν.
1018 3219 1112 3273 Διδ
1149 3220 1244 3274 καὶ
1293 3221 1323 3273 6
1362 3219 1571 3290 Κύριος
1591 3257 1608 3285 ,
1651 3215 1958 3287 Ἀγαπᾶτε,

2072 3217 2376 3286 ducuntur,
2423 3220 2636 3291 Deique
2670 3221 2904 3278 scientia
2947 3222 3160 3294 dignati
3206 3231 3356 3290 sunt,
3401 3231 3458 3278 et
3488 3222 3558 3276 ab
3585 3236 3653 3276 eo

374 3313 570 3384 λέγων,
600 3310 747 3378 τοὺς
773 3309 1032 3380 ἐχθροὺς
1083 3308 1256 3381 ὑμῶν
1281 3326 1296 3341 ·
1331 3310 1534 3376 καλῶς
1566 3308 1811 3375 ποιεῖτε,
1837 3307 1963 3374 τοῖς

371 3404 667 3478 μισοῦσιν
686 3402 866 3474 ὑμᾶς,
879 3402 974 3456 καὶ
1007 3402 1078 3456 τὰ
1105 3401 1254 3472 ἑξῆς,
1281 3401 1381 3473 οὐχ
1413 3400 1490 3466 ὡς
1515 3401 1753 3457 ἀδύνατα
1783 3399 1963 3456 ἐντέλο

377 3498 553 3566 λεται,
572 3496 690 3552 ἀλλ’
711 3494 788 3559 ὡς
815 3494 1020 3548 δυνατά
1046 3493 1292 3566 δηλονότι
1312 3511 1325 3526 ο
1348 3493 1474 3548 ἐπεὶ
1499 3493 1603 3548 οὐκ
1645 3494 1710 3549 ἂν
1735 3492 1964 3547 ἐκόλασε

385 3590 478 3644 τδν
501 3587 926 3659 παραϐαίνοντα.
952 3587 1114 3657 Δηλοῖ
1145 3587 1202 3642 δὲ
1230 3585 1391 3650 αὐτὸς
1420 3587 1449 3639 6
1481 3585 1719 3658 Κύριος,
1775 3584 1965 3647 αὐτοῖς

389 3681 502 3742 τοῖς
529 3675 706 3750 ἔργοις
727 3678 861 3749 ἡμῖν
881 3677 1091 3742 δείξας·
1130 3675 1295 3730 καὶοὶ
1339 3673 1585 3746 μαθηταὶ
1619 3673 1785 3728 αὐτοῦ
1822 3673 1978 3728 πάν-⁷

387 3787 480 3835 τες
498 3769 636 3841 ὑπὲρ
658 3769 758 3840 τῆς
792 3771 871 3833 είς
903 3769 994 3822 τὸν
1028 3767 1257 3838 πλησίον
1293 3767 1514 3838 ἀγάπης
1539 3766 1702 3838 μέχρι
1729 3765 1963 3820 θανάτου

382 3861 806 3933 ἀγωνισάμενοι,
839 3863 932 3916 καὶ¹
963 3861 1105 3931 ὑπὲρ
1133 3861 1242 3915 τῶν
1278 3860 1722 3915 ἀποκτεινάντων
1743 3857 1965 3930 θερμῶς

383 3956 836 4029 προσευξάμενοι.
889 3954 1031 4008 Ἀλλ’
1081 3954 1272 4025 ἐπειδὴ
1306 3955 1468 4024 ἡμεῖς
1517 3952 1684 4024 ἐσμὲν
1725 3950 1966 4020 φιλόῦλοι

379 4047 480 4102 καὶ
512 4048 810 4120 φιλήδονοι,
839 4048 938 4102 καὶ
969 4047 1148 4103 ταῦτα
1200 4047 1300 4117 τῆς
1335 4045 1557 4116 ἐντολῆς
1600 4043 1801 4113 μᾶλλον
1827 4058 1966 4115 προ-

377 4137 679 4208 τιμῶντες,
700 4138 790 4192 διά
836 4137 1000 4192 τοῦτο
1045 4138 1173 4200 τοὺς
1230 4136 1526 4208 μισοῦντας
1574 4134 1860 4205 ἀγαπῆσαι
1902 4135 1964 4187 οὐ

377 4226 693 4298 δυνάμεθα’
717 4225 854 4280 ἀλλά
881 4227 978 4280 καὶ
1002 4224 1128 4288 τοὺς
1154 4223 1483 4292 ἀγαπῶντας
1516 4221 1605 4276 διά
1636 4221 1811 4275 ταῦτα
1841 4219 1970 4272 πολ-

377 4317 544 4381 λάκις
598 4315 1078 4386 ἀποστρεφόμεθα,
1111 4313 1318 4382 θηρίων
1352 4313 1446 4366 καὶ
1497 4309 1745 4382 ἑρπετῶν
1787 4310 1969 4380 χεῖρον

376 4409 721 4480 διακείμενοι
751 4424 765 4438 ·
799 4408 894 4461 καὶ
942 4406 1029 4459 διὰ
1082 4405 1239 4459 τοῦτο
1297 4406 1409 4469 τοῖς
1460 4403 1632 4473 τχνεσι
1687 4401 1782 4456 τοῦ
1831 4400 1967 4454 Θεοῦ

376 4499 752 4572 ἀκολουθῆσαι
815 4497 890 4570 μὴ
939 4496 1250 4567 δυνάμενοι,
1277 4496 1401 4550 οὐδὲ
1443 4495 1534 4550 τὸν
1573 4494 1776 4548 σκοπὸν
1799 4493 1966 4546 αὐτοῦ

377 4593 590 4663 γνῶναι
619 4591 922 4663 δυνάμεθα,
944 4591 1032 4642 ἵνα
1070 4589 1328 4658 λάϐωμεν
1361 4587 1612 4658 δύναμιν.

2065 3309 2636 3382 legem-acceperunt,
2665 3312 2858 3383 utique
2891 3312 3011 3370 fieri
3035 3323 3240 3384 potest,
3289 3323 3352 3368 ut
3389 3313 3530 3367 nihil
3565 3313 3652 3368 in-

2065 3401 2223 3458 fenso
2251 3403 2438 3459 animo
2461 3403 2573 3459 sint
2593 3403 2650 3459 in
2671 3419 2789 3470 eos,
2813 3405 2908 3475 qui
2950 3406 3167 3477 injuria
3201 3413 3461 3460 auctores
3485 3413 3651 3470 sunt,

2063 3501 2122 3548 et
2147 3501 2209 3548 ut
2240 3509 2339 3550 eos
2368 3494 2616 3566 diligant,
2639 3495 2738 3565 qui
2767 3495 3030 3550 oderunt.
3065 3495 3436 3561 Quamobrem
3483 3495 3654 3549 etiam

2064 3583 2355 3650 Dominus,
2397 3585 2529 3640 dum
2571 3586 2652 3640 ait
2695 3603 2708 3638 :
2746 3585 2966 3658 Diligite
2994 3587 3235 3641 inimicos
3276 3594 3474 3641 vestros
3512 3603 3530 3642 :
3562 3587 3652 3640 be-

2065 3676 2293 3746 nefacite
2328 3677 2415 3741 iis,
2450 3677 2540 3747 qui
2563 3677 2786 3731 oderunt
2837 3693 2928 3732 vos
2945 3677 3013 3742 ”,
3045 3685 3103 3734 et
3155 3693 3280 3746 quae
3318 3686 3653 3748 sequuntur,

2066 3783 2178 3823 non
2208 3767 2326 3823 haec
2374 3775 2634 3838 tanquam
2689 3769 3052 3839 impossibilia
3076 3771 3256 3841 jubet,
3287 3771 3383 3826 sed
3431 3782 3493 3826 ut
3533 3788 3654 3840 qua:

2065 3860 2328 3916 nimirum
2357 3860 2476 3915 ﬁeri
2507 3861 2740 3931 possint.
2787 3862 3084 3932 Palamquc
3130 3863 3261 3919 facit
3299 3863 3415 3934 ipse
3462 3864 3651 3919 Domi-

2067 3966 2192 4018 nus,
2223 3951 2344 4022 ejus
2364 3951 2528 4005 nobis
2553 3951 2870 4007 dilectionis
2895 3952 3063 4008 rebus
3084 3953 3217 4023 ipsis
3255 3953 3599 4008 luculentum
3621 3969 3652 4008 a

2067 4055 2126 4096 se
2171 4040 2462 4115 specimen,
2487 4039 2697 4108 factus;
2729 4043 2851 4113 ejus
2879 4058 3101 4114 quoque
3143 4058 3336 4097 omnes
3365 4042 3649 4114 discipuli,

2071 4131 2206 4187 dum
2255 4132 2325 4186 ad
2378 4141 2617 4188 mortem
2661 4149 2836 4204 usque
2870 4134 3186 4189 dilectionis
3219 4135 3455 4204 proximi
3488 4151 3652 4190 causa

2069 4222 2444 4292 decertarunt,
2473 4233 2529 4281 et
2555 4240 2654 4295 pro
2679 4225 2770 4280 his
2813 4226 2910 4297 qui
2954 4225 3285 4281 occiderunt
3335 4225 3506 4280 animi
3541 4225 3653 4280 fer—

2067 4328 2202 4369 vore
2233 4323 2556 4370 oraverunt.
2605 4314 2765 4382 Quod
2788 4316 3078 4371 enimvero
3111 4316 3349 4372 terrenis
3390 4316 3560 4371 rebus
3590 4333 3655 4372 ac

2069 4404 2341 4474 voluptati
2387 4421 2577 4460 amore
2608 4405 2843 4476 impensi
2887 4422 3100 4473 sumus,
3133 4406 3362 4477 haecque
3397 4407 3656 4462 mandato

2070 4495 2248 4565 pluris
2279 4494 2538 4562 facimus,
2581 4494 2791 4552 ideirco
2819 4511 2917 4552 eos
2965 4497 3063 4566 qui
3090 4511 3193 4550 nos
3233 4496 3474 4550 oderunt
3505 4496 3654 4550 haud

1998 4577 2045 4634 D
2073 4585 2306 4656 diligere
2339 4601 2674 4655 possumus;
2702 4586 2837 4656 quin
2862 4595 2920 4641 et
2953 4601 3147 4641 eorum
3173 4601 3337 4641 causa
3367 4587 3421 4640 in
3441 4601 3537 4641 eos
3557 4586 3654 4656 qui

378 4685 640 4756 diligant,
684 4683 835 4739 haud
901 4698 1050 4748 raro,
1118 4681 1316 4737 bestiis
1383 4696 1448 4736 ac
1511 4679 1867 4752 serpentibus
1915 4678 2161 4735 deterius
2216 4679 2422 4744 affecti,
2485 4680 2702 4736 infenso
2756 4681 2942 4734 animo
2997 4695 3234 4736 sumus:
3295 4679 3654 4749 quamobrem

377 4777 552 4834 etiam
613 4777 714 4831 Dei
749 4775 977 4846 vestigia
1027 4773 1184 4843 sequi
1248 4788 1359 4828 non
1393 4773 1662 4840 valentes,
1733 4789 1805 4830 ne
1836 4774 1958 4846 ejus
1979 4773 2203 4844 quidem
2241 4789 2493 4844 scopum,
2552 4790 2617 4830 ac
2662 4774 2788 4844 quis
2816 4775 2894 4829 illi
2929 4772 3056 4830 ﬁnis
3088 4773 3178 4841 sit,
3231 4788 3429 4843 capere
3463 4788 3655 4842 possu-

257 4921 332 4940 ὼ,
361 4885 532 4940 Jnus,
560 4879 623 4925 ut
650 4870 917 4924 virtutem
955 4869 1243 4937 roburque
1277 4867 1635 4936 accipiamus.

457 4965 522 5021 θ’.
547 4967 660 5020 Καὶ
691 4967 720 5019 6
765 4964 1019 5034 Ἀδελφδς
1045 4961 1219 5017 εἷπεψ
1238 4963 1396 5029 Ἰδοὺ,
1425 4963 1630 5034 Πάτερ,
1675 4964 1971 5020 κατέλιπον

219 5171 240 5194 ._
641 5152 870 5222 κόσμου,
905 5149 1005 5254 3(a):
1026 5149 1180 5254 esse?
1207 5148 1490 5254 κέκτημαι
1508 5147 1668 5254 ὲνιτῷ
1700 5147 1802 5254 βίω
1830 5148 1970 5254 πλὴν

510 5242 764 5314 σώματος
783 5258 798 5273 ’
832 5241 928 5296 καὶ
957 5241 1048 5295 τὸν
1069 5239 1297 5308 ἀδελφὺν
1330 5239 1592 5310 μισοῦντά
1621 5257 1686 5310 με
1717 5241 1812 5294 καὶ
1834 5241 1968 5294 ἀπο-

191 5325 757 5410 ῗῗηὲἧρὲῂηρεφόμενον
788 5332 1071 5403 ἀγαπῆσαι
1099 5332 1160 5385 ού
1189 5331 1427 5403 δύναμαι
1451 5347 1464 5360 '
1489 5332 1538 5384 εί
1587 5331 1682 5385 καὶ
1713 5331 1970 5402 βιάζομαι

217 5489 228 5498 π.

594 5393 715 5479 ἀντὶ
764 5393 936 5478 κακοῦ
964 5393 1086 5477 κατ’
1119 5393 1401 5492 ἐνέργειαν
1438 5422 1512 5493 μὴ
1557 5393 1966 5478 ἀνταποδοῦναι.

275 5443 562 5558 έ-ᾷ-κακον
594 5443 715 5479 αντι
764 5443 936 5478 κακου
964 5443 1068 5477 κατ
1119 5443 1401 5492 ενεργειαν
1438 5443 1512 5493 μη
1557 5443 1966 5478 ανταποοουναι.

285 5517 362 5576 *ἕπει
387 5512 524 5572 Eine
553 5512 646 5570 οὖν
695 5516 749 5570 τί
789 5516 990 5586 ὀφείλω
1031 5516 1289 5586 ποιῆσαι,
1319 5515 1407 5569 ἵνα
1455 5514 1667 5586 δυνηθῶ
1699 5515 1864 5568 αὐτὸν
1903 5518 1969 5569 ὲκ

389 5608 618 5680 καρδίας
649 5608 1012 5680 ἀγαπῆσαι,ἦ
1054 5610 1149 5661 καὶ
1189 5608 1279 5663 τὸν
1323 5608 1740 5680 καθοιονδήποτε
1769 5610 1969 5680 τρόπον

392 5700 646 5755 θλίϐοντα
678 5700 775 5754 καὶ
804 5701 1244 5754 ἐπιϐουλεύοντα.
1409 5698 1415 5707 ’

464 5813 510 5845 ’⁸
541 5811 698 5868 Joan.
733 5829 841 5882 xw,
872 5814 956 5869 15.

2149 4964 2202 5019 9.
2257 4965 2515 5035 Dixitque
2564 4965 2732 5019 frater
2762 4981 2775 5017 :
2806 4965 2944 5019 Ecce
2965 5004 2978 5029 ,
3006 4964 3187 5028 Pater,
3219 4962 3417 5032 reliqui
3444 4961 3650 5026 omnia,

2077 5056 2478 5127 cognationem,
2505 5055 2888 5119 substantiam,
2911 5054 3157 5118 delicias,
3192 5052 3380 5107 mundi
3401 5051 3652 5123 gloriam,

2075 5165 2181 5205 nec
2208 5158 2407 5220 praeter
2435 5165 2636 5220 COl‘fllS
2672 5149 2728 5202 in
2747 5149 2860 5202 vita
2890 5147 3095 5218 aliquid
3128 5147 3407 5217 possideo,
3435 5163 3538 5201 nec
3570 5155 3654 5201 ta-

2076 5258 2201 5297 men
2238 5241 2458 5296 fratrem
2483 5241 2578 5310 qui
2604 5240 2734 5294 odio
2765 5239 2963 5294 habeat
2989 5255 3053 5293 ac
3089 5247 3395 5304 aversetur,
3428 5238 3654 5309 diligere

2075 5335 2262 5401 valeo;
2301 5348 2615 5403 quanquam
2643 5347 2714 5386 ne
2757 5332 2936 5400 reipsa
2967 5330 3168 5384 malum
3203 5346 3304 5400 pro
3345 5331 3488 5384 malo
3527 5329 3654 5382 red-

2076 5427 2224 5491 dam,
2256 5442 2342 5481 me
2373 5425 2490 5495 ipse
2524 5425 2759 5479 cohibeo
2783 5432 2950 5493 atque
2980 5440 3167 5479 caveo.
3203 5423 3302 5477 Dic
3329 5438 3478 5492 ergo,
3522 5420 3656 5492 quid

2075 5518 2211 5572 mihi
2252 5518 2394 5572 facto
2422 5533 2582 5585 opus,
2610 5524 2672 5569 ut
2699 5533 2766 5570 ex
2805 5517 2991 5570 animo
3029 5515 3255 5585 diligere
3284 5515 3516 5576 valeam,
3541 5513 3656 5568 sive

2075 5609 2243 5664 etiam
2267 5607 2360 5678 qui
2407 5607 2518 5661 ullo
2547 5606 2712 5661 modo
2744 5607 3050 5662 molestiam
3087 5605 3252 5662 faciat
3283 5613 3338 5661 ct
3362 5603 3562 5675 afﬂigat
3593 5619 3656 5659 ac

2079 5701 2239 5755 insidi
2257 5715 2304 5755 is
2330 5707 2525 5754 struat.

1034 5815 1077 5846 “
1109 5813 1262 5869 Joan.
1297 5830 1382 5880 xv,
1415 5813 1498 5868 ’2'.
1579 5814 1620 5845 υ
1649 5813 1805 5868 Rom.
1843 5828 1952 5879 xm,
1993 5811 2071 5867 l0.
2152 5813 2194 5845 ¹³
2229 5812 2416 5867 Matth.
2453 5830 2504 5881 v,
2535 5814 2635 5884 .u;
2666 5813 2798 5870 Luc.
2835 5829 2905 5879 vr,
2930 5813 3018 5867 27.
