4070 6404
429 364 534 430 919

1622 364 1680 424 S.
1724 361 2012 425 MAXIM!
2050 361 2561 425 CONFESSORIS

3594 360 3705 425 92)

498 471 807 543 Respondit
859 487 1025 528 senex
1056 490 1068 527 :
1096 472 1242 528 Fieri
1274 488 1384 529 non
1428 481 1609 544 potest
1647 482 1712 528 ut
1755 488 1882 528 eum
1922 471 2012 542 qui

2192 473 2306 526 Kal.
2335 471 2610 543 ἀπεκρίθη
2637 472 2665 527 6
2694 472 2892 542 γέρωνο
2937 469 3226 526 Ἀδύνατόν
3261 487 3384 526 τινα
3409 470 3697 541 ἀγαπῆσαι

425 565 617 637 aﬂiigit
644 574 950 636 auctorque
995 567 1263 623 molestiae
1294 576 1398 632 est,
1435 567 1564 637 quis
1595 567 1806 638 diligat,
1837 580 2016 635 quan-

426 656 632 712 tumvis
656 656 895 712 terrenis
922 658 1107 712 seaculi
1144 659 1313 713 rebus
1335 659 1592 714 nuntium
1624 656 1901 712 remisisse
1930 655 2017 710 vi-

426 749 621 807 detur.
653 749 761 803 nisi
795 749 1017 805 Domini
1057 764 1286 821 scopum
1333 766 1464 807 vere
1518 748 1863 820 cognoverit.
1917 748 2014 803 Sin

425 849 614 896 autem
663 841 760 897 illo
806 841 1047 898 donante
1081 858 1245 899 nosse
1279 843 1555 913 potuerit,
1589 841 1918 911 studeatque
1948 856 2015 895 ex

425 932 548 1005 ejus
569 934 784 995 ratione
824 934 1127 1001 ambulare,
1151 950 1280 989 eum
1299 934 1392 1004 qui
1416 934 1547 990 odio
1563 934 1765 988 habeat
1789 943 1846 988 et
1874 932 2014 988 allii—

426 1032 542 1097 gat,
567 1041 637 1081 ex
665 1027 854 1087 animo
874 1025 1106 1096 diligere
1140 1027 1365 1096 poterit,
1397 1034 1536 1081 utet
1559 1024 1795 1095 apostoli
1820 1024 2014 1093 dilige-

427 1117 586 1181 bant,
618 1116 713 1185 qui
737 1116 891 1170 illum
929 1117 1335 1187 cognovissent.
2002 1138 2005 1141 ·

499 1207 587 1262 10.
626 1207 767 1263 Tum
807 1207 980 1263 frater
1014 1226 1028 1260 :
1062 1208 1214 1277 Rogo
1242 1217 1316 1274 te,
1351 1210 1535 1275 Pater,
1576 1209 1720 1265 scire
1757 1210 2011 1279 quisnam

425 1299 647 1354 Domini
684 1314 885 1371 scopus
930 1300 1226 1356 exstiterit.
1267 1301 1348 1358 Ad
1366 1316 1543 1371 quem
1577 1316 1746 1356 senex
1773 1318 1786 1353 :
1817 1300 1874 1355 Si
1902 1301 2011 1354 Do-

424 1391 561 1446 mini
596 1368 1023 1461 scopumwnosse
1050 1392 1155 1459 vis,
1188 1397 1423 1448 solerter
1444 1392 1596 1447 audi.
1619 1392 1793 1463 Igitur
1822 1392 2010 1446 Domi-

422 1496 533 1539 nus
566 1491 758 1539 noster
783 1482 944 1538 Jesus
966 1482 1245 1545 Christus,
1272 1499 1397 1538 cum
1428 1484 1575 1538 Deus
1608 1491 1808 1539 natura
1841 1489 2010 1545 esset,

424 1589 491 1631 ac
528 1589 629 1646 per
666 1590 937 1631 summam
984 1576 1337 1631 clementiam
1371 1575 1772 1645 hominumque
1818 1589 2009 1629 amore

422 1666 594 1723 homo
624 1667 744 1721 fieri
773 1667 1030 1737 dignatus
1070 1666 1233 1736 372
1266 1676 1433 1730 esset,
1471 1672 1634 1721 natus
1662 1680 1729 1719 ex
1754 1665 2007 1725 muliere.

424 1758 532 1813 sub
583 1758 704 1829 lege
739 1758 916 1813 factus
962 1768 1069 1823 est,
1117 1766 1179 1811 ut
1219 1766 1415 1812 auctor
1450 1757 1674 1811 divinus
1714 1756 2010 1826 Apostolus

423 1856 510 1903 est
530 1849 610 1915 ";
641 1864 751 1919 quo
804 1849 1068 1903 nimirum
1105 1857 1166 1902 ut
1223 1849 1425 1911 homo,
1477 1848 1718 1903 mandati
1754 1849 2013 1903 observa-

423 1937 598 2002 tione,
664 1946 909 1993 veterem
964 1938 1159 1992 Adami
1200 1940 1645 1995 maledictionem
1702 1954 2012 2009 noxamque

422 2037 719 2084 everteret.
744 2029 882 2084 Cum
926 2031 1111 2099 itaque
1146 2030 1225 2084 illi
1256 2032 1601 2102 esploratum
1624 2038 1806 2096 eSSet,
1843 2038 2011 2086 totam

420 2119 601 2191 legem
631 2135 696 2175 ac
723 2122 1020 2191 prephetas
1061 2122 1117 2177 in
1150 2123 1372 2179 duobus
1402 2123 1540 2193 legis
1567 2121 1840 2176 mandatis
1871 2137 2010 2191 pen-

423 2210 593 2277 dere;
630 2210 761 2266 hinc
790 2214 1086 2268 nimirum:
1123 2214 1322 2285 Diliges
1359 2215 1641 2269 Dominum
1673 2214 1839 2267 Deum
1864 2223 2012 2268 tuum

425 2318 491 2358 ex
518 2311 626 2358 toto
648 2306 805 2358 corde
833 2315 1012 2370 tuo,et
1036 2309 1342 2377 proximum
1379 2310 1513 2363 sicut
1541 2306 1801 2371 teipsum;
1831 2305 1949 2360 haec
1980 2320 2011 2358 a

424 2394 703 2464 principio
728 2405 785 2449 et
818 2396 874 2449 in
917 2395 1080 2451 finem
1112 2413 1286 2466 usque
1317 2413 1385 2455 ex
1418 2397 1662 2452 lntmana
1688 2397 1902 2452 studuit
1925 2412 2014 2452 ra-

429 2487 584 2542 tione
617 2502 859 2543 scrvare.
902 2488 1007 2555 Qui
1035 2498 1219 2544 autem
1256 2505 1285 2543 a
1321 2489 1597 2559 principio
1621 2489 1900 2545 hominem
1930 2506 2014 2545 se-

424 2579 608 2645 duxit,
655 2581 887 2651 ejusque
940 2581 1172 2636 victoria
1228 2583 1425 2639 mortis
1455 2583 1751 2653 imperium
1791 2583 2013 2653 (nempe

423 2670 697 2742 diabolus)
735 2672 967 2742 accepit,
992 2688 1116 2727 cum
1154 2672 1401 2739 vidisset,
1431 2690 1543 2743 quo
1570 2682 1817 2744 tempore
1834 2674 2016 2744 bapti-

422 2779 544 2820 smo
570 2765 774 2820 tinctus
800 2774 905 2832 est,
944 2766 1125 2823 Patris
1168 2768 1485 2823 testimonio
1512 2768 1870 2833 celebratum,
1916 2784 2011 2824 eo—

423 2863 766 2927 gnatumque
809 2858 1079 2927 Spiritum
1128 2867 1416 2924 sanetum,
1459 2875 1567 2930 qua
1607 2860 1775 2923 homo
1802 2868 1942 2926 erat,
1982 2877 2013 2917 e

423 2947 583 3003 caelis
610 2948 909 3017 accepisse,
942 2958 1108 3019 atque
1153 2951 1210 3007 in
1240 2951 1520 3008 desertum
1547 2962 1608 3009 ut
1649 2954 1719 3011 ab
1740 2968 1807 3008 eo
1833 2962 2014 3008 tenta-

422 3048 581 3095 retur
601 3040 840 3105 venisse,
868 3056 1087 3095 omnem
1114 3041 1171 3094 in
1194 3057 1321 3097 eum
1351 3042 1481 3099 belli
1502 3045 1701 3099 molem
1719 3044 2012 3110 convertit,

2118 563 2211 617 τὸν
2261 562 2514 618 θλίϐοντα
2533 602 2549 626 ,
2580 563 2685 618 κᾶν
2738 565 2804 635 τῇ
2836 562 2936 634 ὕλῃ
2969 562 3066 617 τοῦ
3103 563 3311 633 κόσμου
3337 562 3516 629 ἔδοξεν
3563 562 3704 617 6m-

2117 654 2404 720 τάξασθαι,
2434 654 2533 709 ὲὰν
2568 654 2643 725 μὴ
2696 654 2787 708 τὸν
2842 654 3045 709 σκοπὸν
3085 652 3183 708 τοῦ
3232 653 3441 723 Κυρίου
3474 654 3534 707 ἐν
3562 654 3701 723 ἁλη-

2118 747 2240 819 θειᾳ
2267 746 2548 818 γινώσκῃο
2583 746 2680 801 ἐὰν
2711 747 2769 801 δέ
2815 747 2911 800 τοῦ
2964 747 3173 817 Κυρίου
3213 745 3361 817 αὐτῷ
3400 747 3703 817 χαριζομέ-

2115 857 2209 893 νου
2242 838 2444 910 δυνηθῇ
2494 837 2732 910 γνῶναι,
2761 840 2855 893 καὶ
2908 840 3114 911 σπεύδῃ
3153 841 3272 894 κατ’
3322 838 3485 895 αὐτὸν
3537 855 3703 909 περι-

2117 934 2330 995 πατεῖν,
2356 931 2582 986 δύναται
2628 934 2692 986 ἐκ
2725 932 2955 1003 καρδίας
2995 934 3281 1003 ἀγαπῆσαι
3316 931 3407 986 τὸν
3436 932 3701 1002 μισοῦντα

2090 1024 2213 1078 καὶ
2245 1023 2519 1090 θλίϐοντα,
2547 1024 2739 1096 ὥσπερ
2799 1024 2894 1079 καὶ
2950 1025 3000 1078 οί
3053 1024 3347 1079 ἀπόστολοι
3396 1024 3701 1092 ἐγνωκότες

2114 1116 2367 1186 ἠγάπων.

2188 1214 2239 1260 ι’.
2281 1208 2393 1261 Καὶ
2438 1202 2591 1261 εἶπεν
2631 1207 2660 1259 6
2703 1206 2992 1274 Ἀδελφόςο
3021 1205 3133 1260 Καὶ
3174 1204 3261 1269 τίς
3291 1206 3320 1258 ό
3361 1205 3564 1268 σκοπδς
3603 1204 3698 1257 τοῦ

2114 1298 2320 1367 Κυρίου
2351 1292 2442 1367 ἦν,
2480 1296 2790 1367 παρακαλῶ
2822 1297 3059 1364 γνῶναι,
3094 1296 3298 1367 Πάτερ.
3337 1293 3450 1348 Καὶ
3480 1288 3636 1347 εἴπεν
3671 1294 3702 1348 6

2113 1392 2311 1463 γέρων·
2353 1390 2478 1444 Ἐὰν
2510 1389 2601 1444 τὸν
2643 1388 2845 1444 σκοπὸν
2879 1389 2976 1443 τοῦ
3005 1388 3213 1460 Κυρίου
3258 1387 3465 1456 γνῶναι
3514 1387 3700 1457 θέλῃς,

2115 1481 2351 1546 συνετῶς
2378 1482 2630 1536 ἄκουσον.
2663 1481 2723 1534 Ὀ
2766 1476 2860 1534 οὖν
2890 1481 3097 1551 Κύριος
3131 1479 3289 1552 ἡμῶν
3325 1477 3533 1548 Ἰησοῦς
3561 1479 3699 1548 Χρι-

2115 1574 2259 1639 στὸς,
2299 1572 2458 1644 φύσει
2507 1573 2639 1637 Θεὸς
2680 1572 2778 1635 ῶν,
2817 1571 2913 1625 καὶ
2945 1570 3234 1641 ἄνθρωπος
3272 1570 3361 1623 διὰ
3396 1567 3702 1638 φιλανθρω-

2113 1664 2244 1718 πίαν
2273 1663 2529 1732 γενέσθαι
2551 1660 2918 1726 καταξιώσας,
2949 1663 3014 1714 ἐκ
3035 1659 3295 1730 γυναικὸς
3331 1656 3547 1729 τεχθεὶς
3572 1648 3700 1728 [Fr.

2113 1756 2349 1825 alterque
2377 1751 2456 1807 Η.
2486 1751 2815 1824 γεννηθεὶς],
2836 1752 2943 1805 ὑπὸ
2975 1752 3140 1820 νόμον
3170 1751 3412 1819 ἐγένετο,
3437 1748 3579 1803 κατὰ
3608 1748 3701 1803 τὸν

2115 1851 2260 1904 θεῖον
2305 1846 2627 1901 Ἀπόστολον
2664 1861 2678 1873 ⁸
2713 1846 2801 1900 ἵνα
2855 1845 2932 1909 ὡς
2985 1844 3276 1915 ἄνθρωπος
3328 1842 3427 1913 τὴν
3481 1840 3701 1911 ἐντολὴν

2116 1941 2380 2011 φυλάξας,
2414 1938 2512 2009 τὴν
2533 1936 2769 2008 ἀρχαίαν
2788 1936 2882 1990 τοῦ
2925 1935 3097 2005 Ἀδὰμ
3122 1933 3405 2003 ἀνατρέψῃ
3428 1931 3698 2000 κατάραν.

2114 2035 2292 2099 Εἰδὼς
2316 2030 2409 2088 οὖν
2437 2035 2466 2087 6
2504 2030 2733 2101 Κύριος,
2757 2030 2842 2085 ὅτι
2870 2030 2990 2093 ὅλος
3013 2031 3041 2082 6
3069 2028 3233 2097 νόμος
3270 2028 3364 2080 καὶ
3402 2026 3452 2080 οἱ
3482 2025 3702 2096 προφῆ-

2113 2145 2203 2181 ται
2227 2130 2285 2181 ἐν
2318 2129 2439 2189 ταῖς
2470 2125 2594 2178 δυσὶ
2639 2123 2734 2178 τοῦ
2785 2124 2951 2193 νόμου
2995 2121 3301 2191 κρέμανται
3349 2118 3609 2183 ἐντολαῖς,
3641 2118 3703 2170 ἐν

2114 2222 2228 2293 τῷ,
2267 2220 2631 2290 Ἀγαπήσεις
2684 2218 2907 2285 Κύριον
2939 2215 3046 2270 τὸν
3096 2214 3243 2269 Θεόν
3267 2226 3384 2267 σου
3430 2212 3500 2276 ἐξ
3550 2211 3704 2278 ὅλης

2115 2314 2227 2383 τῆς
2275 2313 2526 2381 καρδίας
2579 2326 2718 2374 σου,
2744 2307 2841 2362 καὶ
2891 2307 3000 2363 τὸν
3027 2307 3296 2373 πλησίον
3320 2307 3402 2371 ὡς
3445 2305 3699 2360 ἑαυτόνο

2113 2406 2288 2463 ταῦτα
2316 2406 2412 2459 ἀπ’
2462 2405 2639 2475 ἀρχῆς
2676 2402 2962 2472 καὶμέχρι
3000 2400 3186 2464 τέλους
3234 2398 3465 2467 φυλάξαι
3496 2396 3705 2469 ἀνθρω-

2116 2499 2417 2569 ποπρεπῶς
2448 2498 2732 2551 ἔσπευσεν.
2777 2496 2835 2550 ’0
2863 2495 2919 2548 δὲ
2953 2494 3049 2548 ἀπ’
3073 2492 3248 2565 ἀρχῆς
3290 2492 3578 2561 ἀπατήσας
3607 2489 3705 2541 τὸν

2115 2590 2420 2662 ἄνθρωπον,
2450 2590 2544 2642 καὶ
2571 2588 2659 2642 διὰ
2692 2587 2853 2640 τοῦτο
2881 2586 3082 2657 κράτος
3116 2581 3365 2655 ἐσχηκὼς
3402 2580 3497 2636 τοῦ
3528 2579 3701 2635 θανά-

2115 2701 2231 2749 του,
2266 2683 2532 2749 διάϐολος,
2558 2681 2683 2735 ἰδὼν
2733 2681 2894 2735 αὐτὸν
2920 2681 3014 2734 ἐπὶ
3059 2678 3154 2733 τοῦ
3184 2676 3561 2748 βαπτίσματος
3594 2674 3702 2730 ὑπὸ

2116 2772 2210 2830 τοῦ
2243 2774 2456 2847 Πατρὸς
2501 2772 2974 2845 μαρτυρούμενον,
3008 2770 3104 2824 καὶ
3147 2770 3209 2823 τὸ
3249 2767 3511 2837 συγγενὲς
3543 2767 3699 2837 ἆγιον

2116 2867 2342 2938 Πνεῦμα
2382 2868 2459 2931 ὡς
2487 2867 2774 2937 ἄνθρωπον
2822 2864 2917 2918 ἀπ’
2953 2862 3199 2933 οὐρανῶν
3244 2861 3570 2932 δεχόμενον,
3602 2859 3700 2915 καὶ

2116 2961 2197 3025 είς
2217 2959 2315 3031 τὴν
2340 2960 2545 3031 ἔρημον
2569 2958 2704 3029 πρὸς
2718 2958 2780 3010 τὸ
2807 2956 3170 3026 πειρασθῆναι
3196 2954 3285 3008 ὑπ’
3320 2952 3485 3007 αὑτοῦ
3509 2951 3697 3021 ἐληλυο

2118 3048 2270 3104 θότα’
2289 3049 2409 3103 ὅλον
2432 3048 2597 3102 αὐτοῦ
2628 3049 2717 3102 τὸν
2745 3049 2982 3117 πόλεμον
3012 3049 3134 3101 κατ’
3164 3044 3332 3101 αὐτοῦ
3356 3045 3695 3115 συνεκρότει,

424 3130 473 3185 si
501 3129 647 3186 forte
682 3131 829 3186 hunc
859 3148 1080 3203 quoque
1130 3134 1396 3192 inducere
1438 3145 1653 3204 posset,
1678 3143 1740 3191 ut
1790 3144 2011 3193 terrena

2119 3139 2174 3195 εῐ
2198 3157 2315 3204 πως
2344 3138 2545 3210 δυνηθῇ
2593 3138 2689 3192 καὶ
2726 3138 2888 3193 αὐτὸν
2914 3140 3160 3203 ’ποιῆσαι
3198 3137 3298 3207 τὴν
3348 3136 3443 3190 τοῦ
3490 3135 3695 3204 κόσμου

425 3221 621 3278 mundi
655 3222 856 3278 divinae
902 3224 1184 3282 dilectioni
1232 3227 1553 3284 anteferret.
1602 3230 1794 3286 Sciens
1823 3230 2012 3301 itaque

425 3311 686 3369 diabolus
714 3315 816 3371 tria
851 3316 967 3371 hrec
1013 3332 1156 3383 esse,
1202 3319 1258 3373 in
1294 3320 1499 3391 quibus
1535 3322 1774 3377 humana
1812 3332 2014 3379 cuncta

424 3412 742 3472 vertuntur,
769 3408 926 3463 cibos
952 3409 1238 3476 nimirum,
1274 3413 1541 3481 pecunias
1576 3414 1814 3484 vitatque
1848 3413 2014 3468 clari-

426 3502 619 3560 tatem,
668 3497 873 3567 quibus
925 3499 1094 3555 etiam
1146 3516 1431 3572 nunquam
1486 3518 1599 3558 non
1635 3504 1920 3559 hominem
1955 3503 2013 3559 in

424 3588 758 3659 perditionis
788 3591 1106 3648 barathrum
1148 3595 1290 3650 solet
1324 3595 1645 3662 detrudere,
1676 3596 1881 3667 triplici
1907 3597 2016 3652 hoc

426 3698 607 3739 cuneo
630 3699 758 3738 eum
791 3685 848 3739 in
874 3684 1096 3741 deserto
1136 3685 1368 3743 adortus
1392 3694 1478 3743 est
1509 3706 1522 3742 :
1558 3704 1797 3759 quorum
1827 3689 2016 3744 Domi-

426 3788 533 3829 nus
563 3775 739 3831 victor
771 3775 1025 3841 ell‘ectus,
1058 3777 1343 3833 diabolum
1373 3786 1523 3833 retro
1542 3780 1707 3850 jussit
1726 3780 1901 3834 abire.

498 4059 586 4113 ll.
625 4058 739 4114 lloc
763 4060 932 4130 igitur
960 4060 1055 4115 Dei
1079 4062 1395 4119 dilectionis
1417 4064 1651 4135 insigne,
1689 4058 1845 4136 cujus
1871 4081 2012 4135 prae-

425 4160 650 4219 ceptum
682 4151 1263 4222 uttransgrederetur,
1291 4168 1419 4207 cum
1444 4154 2011 4223 nulla‘promissorum

424 4243 479 4297 vi
504 4241 757 4297 obtinere
790 4243 859 4297 ab
915 4258 983 4298 eo
1012 4251 1254 4299 tentatur
1298 4246 1599 4314 potuisset;
1627 4254 1689 4300 ut
1724 4248 1835 4317 jam
1878 4246 2016 4301 dile-

426 4333 632 4388 ctionis
675 4333 912 4402 proximi
961 4345 1299 4405 praeceptum
1346 4335 1582 4391 violaret
1626 4337 1681 4390 in
1725 4336 2012 4392 hominum

425 4422 796 4492 frequentiam
857 4424 1121 4491 veniens,
1154 4424 1672 4482 seeleslissimorum
1696 4426 2010 4483 Iudaeorum

2117 3229 2459 3302 προτιμῆσαι
2495 3228 2629 3298 ὓλην
2674 3229 2772 3298 τῆς
2805 3229 2888 3291 είς
2931 3227 3063 3281 Θεὸν
3107 3228 3351 3298 ἀγάπης.
3387 3224 3556 3288 Εἰδὼς
3603 3220 3698 3279 οὖν

2112 3326 2142 3379 ό
2169 3323 2415 3386 διάϐολος
2456 3323 2567 3375 ⁴ὅτι·
2595 3321 2664 3375 τά
2709 3321 2840 3390 τρία
2872 3319 3048 3374 ταῦτά
3081 3320 3255 3387 εἰσιν,
3292 3321 3352 3372 ἐν
3384 3315 3467 3381 οἷς
3517 3317 3697 3374 πάντα

2111 3416 2339 3469 δονεῖται
2370 3413 2437 3467 τὰ
2461 3410 2778 3483 ἀνθρώπινα
2796 3410 2894 3483 [αι.
2922 3413 3030 3465 πᾶν
3062 3414 3125 3464 τὸ
3145 3409 3535 3482 ἁνθρὼπινον],

2116 3522 2264 3579 ματα
2281 3545 2296 3570 ,
2324 3506 2492 3574 λέγω,
2519 3505 2929 3576 καιχρήματα,
2955 3504 3053 3557 καὶ
3080 3503 3207 3567 δόξα
3227 3543 3243 3565 ,
3267 3502 3337 3556 δι’
3374 3495 3450 3556 ὧν
3481 3502 3577 3559 καὶ
3616 3502 3696 3564 εἰς

2112 3598 2173 3655 τὸ
2209 3597 2482 3670 βάραθρον
2526 3597 2625 3667 τῆς
2676 3594 2952 3658 ἀπωλείας
2981 3594 3069 3649 ἀεὶ
3114 3596 3398 3664 κατήγαγε
3425 3592 3525 3656 [aL
3561 3610 3696 3649 κατ-

2114 3691 2256 3761 άγει.
2292 3688 2390 3745 Fr.
2418 3688 2652 3762 κατῆγε]
2675 3688 2766 3742 τὸν
2795 3688 3084 3756 ἄνθρωπον
3106 3703 3119 3717 ·
3146 3689 3224 3750 είς
3263 3687 3439 3741 ταῦτα
3459 3686 3530 3742 τὰ
3568 3686 3696 3757 τρία

2114 3783 2278 3837 αὐτὸν
2307 3784 2365 3836 ἐν
2394 3784 2464 3853 τῇ
2513 3782 2708 3852 ἐρήμῳ
2758 3780 3055 3849 ἐπείρασεν
3076 3817 3090 3839 ,
3115 3771 3193 3833 ὧν
3240 3782 3268 3831 6
3306 3778 3511 3848 Κύριος
3537 3777 3696 3847 ἡμῶν

2114 3876 2377 3948 κρείττων
2421 3876 2649 3943 φανεὶς,
2685 3876 2767 3937 είς
2821 3873 3065 3927 τούπίσω
3097 3874 3298 3944 χωρεῖν
3348 3871 3425 3942 τῷ
3460 3869 3694 3940 διαϐόλῳ

2116 3967 2213 4038 Iul.
2237 3968 2329 4021 τὸν
2366 3964 2636 4037 διάϐολονι
2661 3965 3016 4038 προσέταττε.

2187 4066 2274 4114 ια’.
2316 4059 2487 4114 Τοῦτο
2521 4054 2615 4115 οὖν
2640 4060 2701 4123 τὸ
2728 4057 3020 4130 γνώρισμα
3047 4060 3144 4129 τῆς
3172 4059 3251 4121 είς
3270 4057 3403 4111 Θεὸν
3440 4057 3693 4127 ἀγάπης,

2112 4149 2182 4224 ἧς
2214 4153 2312 4222 τὴν
2340 4150 2559 4221 ἐντολὴν
2588 4150 2657 4204 δι’
2672 4143 2747 4205 ὧν
2777 4149 3088 4220 ἐπήγγελτο
3116 4151 3303 4202 πεῖσαι
3323 4147 3487 4203 αὐτὸν
3522 4164 3698 4218 παρα-

2115 4243 2277 4314 ϐῆναι
2310 4244 2386 4314 μὴ
2409 4242 2678 4314 δυνηθεὶς,
2713 4245 2814 4315 τῆς
2834 4244 2916 4307 είς
2945 4243 3035 4296 τὸν
3070 4241 3297 4313 πλησίον
3324 4241 3511 4295 λοιπὸν
3559 4240 3697 4308 ἁγά-

2116 4348 2224 4402 πης
2251 4332 2354 4402 τὴν
2398 4331 2638 4402 ἐντολὴν,
2687 4333 2769 4395 είς
2804 4331 2898 4402 τὴν
2951 4330 3279 4400 οἰκουμένην
3322 4329 3569 4395 ἐλθόντα,
3609 4328 3697 4381 διὰ

2114 4424 2224 4478 ⁴τῶν
2275 4425 2609 4495 παρανόμων
2673 4423 2946 4479 Ἰουδαίων
3022 4421 3300 4492 ἐνεργῶν,
3333 4421 3697 4493 παραϐαίνειν
3782 4418 3788 4422 ’

427 4528 564 4568 usus
594 4519 797 4583 opera,
835 4516 1054 4569 cunctis
1104 4515 1321 4571 artibus
1371 4517 1608 4573 adnixus
1647 4528 1750 4574 est.
1799 4517 2011 4575 Idcirco

2118 4516 2282 4573 αὐτὸν
2326 4517 2395 4570 δι’
2451 4511 2527 4572 ὧν
2560 4518 2877 4587 ἐμηχανᾶτο
2926 4517 3241 4585 ἠγωνίζετο.
3290 4514 3493 4568 Τούτου
3536 4514 3696 4585 χάριν

428 4606 598 4678 igitur
643 4607 868 4661 interim
912 4607 1046 4663 dum
1070 4609 1187 4665 vias
1218 4611 1345 4665 vita:
1366 4610 1611 4678 doceret,
1660 4627 1725 4667 ac
1774 4613 2015 4668 caelestis

426 4700 556 4755 vita:
579 4700 928 4769 disciplinam
958 4716 1127 4771 opere
1160 4711 1514 4771 monstraret,
1556 4704 2013 4760 resurrectionis-

426 4805 535 4859 que
579 4801 928 4846 mortuorum
959 4807 1159 4861 praeco,
1207 4794 1377 4848 vitam
1425 4802 1686 4850 atternam
1738 4810 1804 4850 ac
1843 4796 2014 4850 casio-

429 4897 555 4935 rum
585 4897 820 4952 regnum
854 4881 1113 4938 fidelibus
1143 4884 1515 4954 promitteret,
1548 4894 1864 4956 aeternaque
1886 4900 2016 4956 sup-

426 4973 595 5043 plicia
623 4973 928 5029 incredulis
960 4975 1106 5029 serio
1149 4976 1468 5042 intentaret,
1495 4985 1664 5047 atque
1696 4977 1761 5032 ad
1798 4984 2009 5031 certam

428 5065 695 5119 doctrinae
729 5064 915 5130 ﬁdem,
940 5065 1213 5135 stupenda
1240 5082 1305 5121 ac
1359 5066 1606 5121 inaudita
1633 5065 1821 5120 divina
1859 5065 2012 5137 signa

427 5153 644 5219 ederet,
676 5170 741 5210 ac
777 5155 969 5210 turbas
1016 5155 1084 5210 ad
1129 5156 1293 5211 [idem
1323 5157 1604 5220 invitaret,
1639 5157 2011 5227 nequissimos

429 5246 719 5301 hominum
750 5247 1059 5302 Pharismos
1104 5263 1168 5302 ac
1202 5247 1443 5313 Scribas,
1478 5248 1549 5303 ad
1583 5248 1765 5304 varias
1801 5248 1856 5302 in
1879 5263 2005 5303 eum

429 5339 722 5395 struendas
764 5340 1027 5405 insidias,
1082 5341 1394 5396 concitabat
1439 5358 1453 5395 :
1490 5336 1601 5411 quo
1645 5341 1858 5398 scilicet
1904 5342 2015 5397 vim

428 5446 551 5485 eam
583 5431 948 5486 tentationum
977 5430 1120 5485 ferre
1156 5446 1266 5485 non
1290 5431 1503 5497 valens,
1528 5442 1590 5488 ut
1621 5432 1847 5503 quidem
1869 5434 2019 5491 vide-

428 5522 612 5587 batur,
648 5522 705 5576 in
719 5536 912 5576 eorum
936 5521 1030 5590 qui
1056 5521 1138 5575 sic
1161 5536 1255 5576 eas
1284 5530 1589 5588 necterent,
1621 5523 1809 5579 odium
1839 5535 2018 5582 verte-

429 5625 535 5681 ret,
573 5624 737 5682 atque
773 5614 829 5667 in
865 5629 993 5669 eum
1022 5613 1246 5668 modum
1284 5615 1555 5670 intentum
1607 5616 1769 5672 linem
1835 5621 2012 5675 scele-

508 5794 553 5824 ‘l
585 5794 761 5847 Galat.
792 5810 864 5859 ιν,
902 5796 953 5849 4.
1031 5797 1073 5827 ³⁵
1110 5792 1299 5849 Matth.
1336 5809 1423 5857 xx,
1466 5794 1551 5846 57.

2116 4608 2438 4662 διδάσκοντα
2485 4607 2650 4661 αὐτὸν
2687 4607 2787 4671 τὰς
2832 4606 2985 4669 ὁδοὺς
3031 4605 3134 4675 τῆς
3190 4604 3367 4674 ζωῆς,
3407 4605 3504 4691 19l-
3550 4603 3697 4674 ἔργῳ

2117 4700 2539 4754 ὑποδεικνύοντα
2574 4698 2676 4769 τὴν
2713 4698 2963 4769 οὐράνιον
3003 4696 3303 4760 πολιτείαν,
3334 4695 3428 4748 καὶ
3462 4694 3699 4750 ἀνάστα·

2117 4809 2203 4847 σιν
2231 4791 2442 4863 νεκρῶν
2493 4790 2933 4859 καταγγέλλοντα
2960 4829 2975 4853 ,
3009 4789 3104 4841 καὶ
3155 4787 3301 4857 ζωὴν
3356 4785 3574 4841 αἰώνιον
3603 4786 3699 4841 καὶ

2117 4882 2397 4954 βασιλείαν
2421 4882 2670 4953 οὐρανῶν
2692 4883 2804 4944 τοῖς
2827 4879 3177 4934 πιστεύουσιν
3203 4877 3694 4947 ἐπαγγελλόμενον·

2113 4979 2226 5040 τοῖς
2273 4974 2329 5029 δὲ
2374 4974 2624 5037 ἀπίστοις
2676 4972 2898 5027 κόλασιν
2944 4969 3161 5026 αίὼνιον
3210 4968 3559 5031 ἀπειλοῦντα,
3602 4968 3697 5023 καὶ

2113 5068 2251 5140 πρὸς
2288 5067 2582 5139 βεϐαίωσιν
2613 5065 2722 5119 τῶν
2755 5064 3066 5135 λεγομένων
3089 5064 3188 5125 τὰς
3210 5061 3545 5132 παραδόξους
3577 5058 3698 5112 θεο-

2119 5162 2322 5232 σημίας
2359 5158 2819 5229 ἐπιδεικνύμενον,
2846 5157 2938 5210 καὶ
2989 5157 3070 5219 είς
3117 5154 3300 5211 πίστιν
3328 5153 3456 5216 τοὺς
3506 5151 3698 5223 ὄχλους

2118 5252 2598 5325 προσκαλούμενον
2623 5291 2639 5317 ,
2675 5240 2940 5304 συνεκίνει
2983 5249 3110 5311 τοὺς
3155 5245 3506 5317 παρανόμους
3536 5245 3698 5312 Φαρι-

2116 5345 2302 5407 σαίους
2327 5344 2423 5397 καὶ
2450 5343 2490 5395 Γ
2495 5342 2837 5413 ραμματεῖς,
2867 5341 2948 5401 είς
2977 5338 3075 5401 τὰς
3107 5337 3228 5392 κατ’
3256 5334 3423 5389 αὐτοῦ
3447 5334 3697 5392 ποικίλας

2113 5436 2403 5499 ἐπιϐουλάς
2418 5451 2433 5465 ’
2451 5435 2537 5489 ἵνα
2559 5435 2686 5496 τοὺς
2716 5431 3055 5505 πειρασμοὺς
3077 5430 3420 5497 ὑπενεγκεῖν,
3439 5426 3514 5489 ὡς
3537 5423 3696 5495 ᾤετο,

2117 5526 2190 5599 μὴ
2211 5511 2525 5595 δυνάμενος,
2566 5527 2647 5589 είς
2688 5527 2842 5596 μῖσος
2873 5523 2984 5577 τῶν
3031 5519 3488 5575 ἐπιϐουλευόντων
3518 5532 3698 5587 παρα-

2113 5622 2330 5691 τραπῇο
2365 5619 2456 5673 καὶ
2499 5618 2673 5681 οὕτως
2703 5618 2795 5671 τοῦ
2847 5615 3051 5671 σκοποῦ
3086 5616 3113 5668 ό
3143 5614 3395 5683 ἀλάστωρ
3443 5608 3696 5680 ἐπιτύχῃ,
