4070 6396
378 357 475 424 921

1636 366 1867 428 LIBER
1905 365 2327 428 ASCETICUS.

3511 367 3619 436 922

379 465 703 538 παραϐάτην
732 468 834 539 τῆς
859 469 1079 541 ἐντολῆς
1111 471 1211 542 τῆς
1244 473 1322 536 είς
1354 473 1444 527 τὸν
1476 474 1701 545 πλησίον
1723 477 1935 547 ἀγάπης

2045 476 2318 532 stissimus
2344 477 2641 543 obtineret,
2665 479 2759 548 qui
2792 478 3106 536 dilectionis
3137 477 3377 552 proximi
3406 480 3621 536 violatae

378 561 679 631 ἀποφήνας.

450 653 535 724 ιβ’.
563 653 622 706 '0
646 653 703 707 δέ
724 653 948 725 Κύριος,
976 653 1070 708 ἆτε
1082 654 1234 719 Θεὸς,
1252 655 1405 720 εἰδὼς
1422 657 1585 712 αὐτοῦ
1608 659 1676 712 τά
1693 657 1942 730 ἐνθύμια,

2040 582 2202 623 reum
2233 568 2453 624 tandem
2488 568 2783 625 eﬁ‘ecissct.

2116 658 2203 713 12.
2235 659 2501 715 Dominus
2520 667 2725 726 autem,
2752 662 2845 733 qui
2877 671 2938 716 ut
2959 664 3104 718 Deus
3151 662 3299 717 illius
3348 661 3620 733 cogitatus

378 745 440 798 οὗ
460 744 587 807 τοὺς
611 744 877 798 ὑπἀὐτοῦ
909 745 1333 817 ἐνεργουμένους
1349 748 1577 817 ἐμίσησε
1620 749 1935 819 Φαρισαίους

2041 763 2105 809 ac
2137 750 2365 805 consilia
2406 766 2517 805 non
2549 753 2811 817 nesciret,
2854 753 3015 822 373
3051 752 3261 806 aﬂlatos
3284 751 3351 805 ab
3380 768 3445 806 eo
3474 752 3620 806 Pha-

381 836 520 907 (πῶς
539 836 647 906 γὰρ
677 835 837 905 φύσει
864 836 1066 905 ἀγαθὸς
1090 836 1238 909 lim),
1261 839 1395 893 ἀλλὰ
1411 839 1502 894 διὰ
1525 840 1623 909 τῆς
1651 843 1731 905 εἰς
1749 841 1935 904 αὐτοὺς

2042 840 2231 895 τὶεςεοε
2274 841 2417 897 nihil
2468 842 2601 896 odio
2648 851 2975 912 prosecutus
3003 850 3087 897 est
3120 859 3133 896 :
3164 843 3440 911 quomodo
3468 843 3618 897 enim

375 926 753 996 ἀγάπης,τὸν
807 927 1136 999 ἐνεργοῦντα
1187 929 1426 998 ἠμύνετο
1460 945 1475 959 ⁸
1510 930 1604 984 καὶ
1665 931 1790 994 τοὺς
1843 930 1943 1001 μὲν

374 1018 838 1086 ἐνεργουμένους,
879 1018 976 1073 ἆτε
1042 1019 1372 1088 δυναμένους
1424 1021 1498 1091 μὴ
1553 1021 1938 1092 ἐνεργεῖσθαι·

371 1106 634 1169 ἑκουσίως
660 1106 715 1159 δὲ
744 1107 838 1161 τοῦ
874 1108 1221 1179 ἐνεργοῦντος
1253 1111 1341 1167 διὰ
1374 1111 1642 1181 ρᾳθυμίαν
1676 1113 1940 1183 ἀνεχομέ-

370 1215 515 1261 νους,
551 1199 842 1265 ἐνουθέτει,
876 1201 1125 1271 ἤλεγχεν,
1155 1202 1451 1268 ὠνείδιζεν,
1485 1204 1818 1270 ἐταλάνιςεν,
1847 1207 1939 1273 £6;-

368 1289 606 1358 εργετῶν
631 1290 731 1342 οὐκ
762 1291 1013 1353 ἐπαύετο,
1032 1292 1518 1363 βλασφημούμενος
1546 1295 1939 1367 ἐμακροθύμει,

368 1377 594 1448 πάσχων
624 1379 884 1448 ὑπέμενε,
917 1381 1095 1435 πάντα
1146 1382 1216 1436 τὰ
1259 1384 1359 1453 τῆς
1409 1385 1632 1456 ἀγάπης
1674 1386 1811 1457 ἔργα
1860 1388 1940 1453 εἰς

366 1464 565 1528 αὐτοὺς
598 1468 933 1523 ἐνεδείκνυτο
956 1486 970 1501 ο
990 1471 1083 1525 τὸν
1137 1472 1193 1526 δὲ
1226 1473 1573 1543 ἐνεργοῦντα,
1599 1478 1665 1547 τῇ
1695 1480 1775 1541 είς
1812 1479 1938 1545 τοὺς

366 1554 792 1626 ἐνεργουμένους
840 1559 1223 1634 φιλανθρωπίᾳ
1251 1564 1520 1633 ἠμύνετο·
1552 1566 1598 1620 ὣ
1633 1567 1934 1638 παραδόξου

366 1645 634 1716 πολέμουλ
676 1650 797 1703 ἀντὶ
825 1652 917 1704 τοῦ
960 1653 1185 1734 μίσους,
1225 1655 1324 1727 τὴν
1376 1658 1598 1730 ἀγάπην
1633 1660 1938 1714 ἐπιδεικνύ-

365 1752 548 1805 μενος,
570 1742 663 1793 καὶ
692 1742 989 1815 ἀγαθότητι
1011 1744 1219 1814 βάλλων
1239 1747 1330 1802 τὸν
1358 1749 1458 1819 τῆς
1481 1751 1680 1816 κακίας
1700 1753 1932 1824 πατέρα.

2040 930 2134 999 qui
2159 937 2355 985 natura
2382 932 2560 986 bonus
2581 934 2763 987 esset?
2784 932 2900 998 sed,
2932 947 3039 1003 qua
3055 948 3152 986 eos
3174 931 3468 986 dilectione
3491 947 3619 1001 pro-

2039 1020 2395 1088 sequebatur,
2432 1020 2703 1075 alllantem
2732 1037 2827 1075 eos
2850 1021 3245 1075 ulciscebatur.
3277 1021 3353 1073 Ac
3390 1019 3615 1087 quidem

2038 1110 2366 1179 recipientes
2402 1110 2664 1174 amatum,
2713 1120 2774 1165 ut
2799 1111 3001 1182 quibus
3032 1110 3272 1163 liberum
3305 1117 3452 1163 esset
3504 1124 3615 1161 non

2038 1200 2309 1267 recipere,
2346 1207 2655 1271 sponteque
2689 1217 2785 1256 sua
2839 1217 2940 1271 per
2977 1201 3308 1265 socordiam,
3348 1198 3619 1253 amantem

2038 1292 2415 1358 sustinerent,
2462 1293 2820 1363 corripiebat,
2862 1294 3152 1364 arguebat,
3209 1291 3616 1362 exprobrabat,

2036 1382 2376 1452 deplorabat,
2403 1384 2723 1439 demerendi
2754 1385 2965 1438 nullum
2998 1383 3162 1437 ﬁnem
3188 1381 3427 1437 faciebat
3454 1398 3467 1434 :
3504 1395 3620 1433 ma-

2033 1469 2254 1527 ledictis
2281 1473 2577 1542 appetitus,
2610 1473 2806 1528 leviter
2842 1473 3075 1534 ferebat,
3103 1472 3340 1542 irrogata
3378 1470 3619 1527 sustine-

2034 1558 2129 1614 bat
2165 1562 2344 1626 ,mala,
2377 1562 2525 1615 nulla
2555 1576 2667 1615 non
2698 1562 3015 1616 dilectionis
3040 1576 3207 1630 opera
3244 1561 3300 1639 in
3332 1575 3428 1614 eos
3464 1558 3620 1613 exhi-

2034 1650 2198 1706 bebat
2236 1670 2249 1704 :
2280 1653 2336 1706 in
2368 1652 2666 1715 amantem,
2696 1653 3025 1707 humaniore
3053 1666 3220 1705 sensu
3249 1650 3304 1703 in
3346 1663 3444 1702 eos
3478 1661 3619 1718 quos

2032 1742 2262 1808 aﬁlaret,
2302 1744 2452 1798 ultor
2501 1744 2761 1799 sceriebat
2812 1744 2881 1816 (ο
2918 1743 3219 1798 inauditam
3274 1741 3407 1795 belli
3449 1740 3620 1793 ratio-

363 1825 569 1882 Τούτου
616 1832 776 1902 χάριν
826 1834 896 1888 τά
941 1836 1177 1890 τοσαῦτα
1222 1839 1365 1894 κακά
1410 1841 1541 1911 παρ’
1580 1843 1758 1897 αὐτῶν
1801 1846 1935 1898 ὑπο-

2036 1849 2160 1888 nem
2187 1833 2246 1903 l),
2289 1834 2383 1904 qui
2412 1850 2609 1905 nempe
2635 1834 2747 1887 odii
2772 1834 2891 1888 loco
2924 1833 3278 1887 dilectionem
3306 1826 3614 1895 exhiberet,

365 1921 577 1988 μείνας,
631 1925 829 1995 μᾶλλον
867 1928 923 1982 δέ
970 1929 1333 2000 ἀληθέστερον
1382 1934 1595 1997 εἰπεῖν,
1626 1934 1933 2002 διἀύτοὺς,

365 2009 529 2081 μέχρι
552 2011 784 2069 θανάτου
811 2018 951 2089 ὑπὲρ
980 2020 1079 2089 τῆς
1112 2020 1331 2090 ἐντολῆς
1362 2023 1460 2092 τῆς
1487 2025 1708 2096 ἀγάπης
1732 2026 1938 2096 ἀνθρω·

359 2106 661 2173 ποπρεπῶς
713 2109 1049 2178 ἠγωνίσατο·
1076 2114 1171 2167 καὶ
1214 2114 1313 2185 τὴν
1354 2116 1562 2170 τελείαν
1589 2118 1743 2190 νίκην
1790 2123 1933 2175 κατά

353 2194 449 2246 τοῦ
478 2196 722 2252 διαϐόλου
757 2201 1047 2272 ἀράμενος,
1065 2205 1157 2257 τὸν
1189 2207 1446 2274 στέφανον
1465 2209 1563 2277 τῆς
1587 2210 1934 2274 ἀναστάσεως

355 2283 500 2356 ὑπὲρ
534 2289 689 2357 ἡμῶν
723 2292 1020 2363 ἀνεδήσατο
1041 2313 1054 2327 ⁸
1094 2295 1188 2349 καὶ
1214 2296 1386 2361 οὕτως
1411 2300 1439 2352 6
1467 2299 1585 2364 νέος
1622 2301 1812 2370 Ἀδὰμ,
1841 2302 1932 2354 τὸν

352 2376 586 2430 παλαιὸν
609 2381 965 2439 ἀνενεώσατο.
990 2387 1100 2439 Καὶ
1121 2386 1276 2440 τοῦτό
1311 2393 1457 2443 ἐστιν
1485 2390 1513 2443 ὃ
1550 2391 1697 2459 λέγει
1725 2394 1753 2444 6
1792 2392 1931 2456 θεῖος

362 2465 686 2534 ’Λτὲόστολος
711 2488 728 2506 ·
763 2476 943 2530 Τοῦτο
967 2479 1300 2544 φρονείσθω
1337 2482 1409 2536 ἐν
1451 2482 1676 2551 {mima
1715 2485 1813 2537 καὶ
1861 2484 1931 2538 ἐν

348 2559 586 2627 Χριστῷ
616 2563 809 2631 Ἰησοῦ
852 2584 906 2622 κ.
945 2585 995 2622 τ.
1027 2568 1104 2632 ἐξ.

419 2745 512 2808 ιγ’.
542 2735 708 2805 Οὗτος
725 2740 819 2796 οὖν
841 2739 909 2816 ἦν
935 2747 963 2799 6
994 2746 1194 2810 σκοπὸς
1218 2747 1312 2801 τοῦ
1338 2750 1567 2820 Κυρίου,
1609 2750 1695 2805 ἵνα
1721 2750 1800 2822 τῷ
1826 2752 1925 2822 μὲν

351 2828 526 2895 Πατρὶ
555 2833 841 2907 ὑπακούσῃ
892 2835 1052 2906 μέχρι
1088 2826 1430 2902 θανάτουώς
1460 2839 1744 2911 ἅνθρωπος
1784 2841 1925 2912 ὑπὲρ

350 2921 528 2990 ἡμῶν,
570 2924 855 2992 φυλάττων
912 2927 1011 2998 τὴν
1049 2927 1268 2997 ἐντολὴν
1321 2930 1420 2997 τῆς
1447 2931 1666 3001 ἀγάπης
1689 2947 1703 2961 '
1733 2932 1825 2985 τὸν
1867 2932 1924 2985 δὲ

349 3009 593 3067 διάϐολον
642 3016 917 3086 ἀμύνηται
950 3017 1028 3089 τῷ
1070 3019 1302 3090 πάσχειν
1350 3020 1442 3073 ὑπ’
1472 3021 1659 3085 αὑτοῦ,
1695 3021 1785 3075 διὰ
1816 3022 1922 3075 τῶν

2035 1922 2264 1993 vitiique
2322 1932 2603 1993 parentem
2652 1940 2716 1978 ac
2767 1924 3009 1987 malitiae,
3058 1922 3301 1979 bonitate
3356 1921 3613 1975 euaderet.

2035 2013 2247 2069 Idcirco
2288 2023 2434 2068 tanta
2483 2016 2551 2069 ab
2582 2016 2684 2078 eis,
2719 2015 2833 2069 sive
2868 2015 2953 2086 (ut
2982 2014 3169 2068 verius
3218 2011 3436 2082 loquar)
3490 2010 3615 2063 illo-

2034 2121 2156 2158 rum
2194 2121 2379 2168 causa,
2414 2121 2709 2174 perpessus
2742 2106 2904 2170 mala,
2938 2105 3002 2159 ad
3038 2113 3272 2159 mortem
3303 2118 3474 2173 usque
3509 2118 3612 2172 pro

2034 2191 2348 2247 dilectionis
2399 2194 2658 2248 mandato
2721 2194 3102 2258 concertavit,
3141 2193 3492 2264 perfectaque
3542 2192 3610 2246 de

2033 2282 2255 2337 diabolo
2304 2293 2461 2353 parta
2509 2284 2763 2349 victoria,
2793 2286 2970 2339 nostri
2998 2300 3228 2344 munere
3248 2285 3613 2337 resurrectio-

2030 2372 2117 2426 nis
2140 2386 2398 2427 coronam
2426 2374 2728 2442 reportavit
2758 2392 2772 2428 :
2804 2375 2969 2443 idque
3000 2390 3125 2428 eum
3150 2374 3394 2439 modum,
3436 2388 3612 2428 novus

2029 2464 2226 2529 Adam,
2259 2472 2503 2518 veterem
2544 2465 2840 2533 reparavit.
2886 2465 3055 2534 quue
3082 2472 3165 2519 est
3193 2464 3340 2534 quod
3365 2465 3444 2518 ait
3471 2463 3613 2518 divi-

2026 2570 2151 2610 nus.
2177 2554 2477 2625 Apostolus
2520 2573 2533 2607 :
2570 2556 2677 2608 Hoc
2733 2557 2921 2609 sentite
2961 2557 3016 2610 in
3074 2558 3237 2618 vobis,
3266 2556 3404 2626 quod
3462 2563 3514 2608 et
3553 2556 3611 2609 in

2027 2644 2234 2701 Christo
2260 2646 2385 2699 Jesu
2404 2647 2469 2709 ",
2504 2654 2702 2719 etquae
2728 2656 3055 2715 sequuntur.

2098 2738 2184 2791 15.
2221 2735 2377 2790 Hunc
2408 2753 2539 2805 ergo
2565 2738 2827 2791 Dominus
2857 2752 3081 2806 scopum
3109 2737 3211 2791 sibi
3246 2737 3608 2791 constitutum

2023 2827 2217 2893 voluit,
2251 2836 2312 2881 ut
2339 2827 2487 2882 Patri
2520 2829 2741 2897 quidem
2775 2829 2841 2883 ad
2875 2836 3106 2883 mortem
3138 2843 3311 2898 usque
3350 2835 3408 2881 ut
3442 2828 3608 2883 homo

2024 2935 2124 2988 pro
2150 2919 2312 2973 nobis
2338 2919 2601 2974 obcdiens
2636 2918 2797 2983 foret,
2829 2918 3099 2974 servando
3131 2919 3440 2973 dilectionis
3468 2935 3607 2989 pra:-

2024 3018 2277 3079 ceptum;
2317 3011 2596 3065 diabolum
2640 3026 2773 3066 vero
2808 3011 3192 3073 ulcisceretur,
3237 3011 3306 3064 ab
3350 3026 3417 3065 eo
3464 3012 3606 3065 mala

352 3101 439 3154 ὑπ’
462 3103 629 3157 αὐτοῦ
656 3106 1061 3177 ἐνεργουμένων
1082 3110 1121 3161 Γ
1125 3110 1454 3181 ραμματέων
1476 3112 1569 3165 καὶ
1588 3113 1915 3183 Φαρισαίων’

2022 3101 2402 3171 perpetiendo,
2437 3103 2656 3155 illorum
2689 3117 2875 3171 opera,
2902 3101 2995 3171 qui
3020 3102 3140 3171 ejus
3168 3101 3349 3154 atllatu
3374 3116 3606 3170 ageren-

353 3194 439 3246 καὶ
471 3195 645 3259 οὕτως
674 3198 894 3268 ἐνίκησε
927 3199 1005 3269 τῷ
1028 3201 1281 3254 νικᾶσθαι
1326 3201 1608 3266 ἑκουσίως,
1650 3202 1741 3254 τὸν
1765 3204 1920 3274 νικᾷν

354 3284 662 3348 ἐλπίσαντα,
693 3289 786 3340 καὶ
807 3289 895 3341 τὸν
916 3290 1121 3358 κόσμον
1152 3290 1423 3361 ἐρρύσατο
1451 3291 1546 3359 τῆς
1571 3292 1732 3344 αὑτοῦ
1758 3293 1919 3346 δυνα-

355 3374 551 3438 στείας.
608 3377 810 3431 Τοῦτον
856 3378 946 3433 τὸν
1239 3383 1266 3435 ὁ
1290 3381 1523 3451 Χριστὸς
1547 3381 1607 3447 ἐξ
1636 3383 1921 3446 ἀσθενείας

354 3468 697 3541 ἐσταυρώθη·
830 3465 894 3542 ἧς
923 3473 1208 3536 ἀσθενείας
1236 3474 1327 3527 τὸν
1361 3472 1587 3527 θάνατον
1625 3474 1917 3545 ἐνέκρωσε,

357 3560 447 3612 καὶ
473 3562 560 3614 τὸν
590 3563 650 3615 τὸ
696 3564 897 3634 κράτος
944 3563 1135 3634 ἔχοντα
1184 3564 1276 3617 τοῦ
1305 3565 1535 3619 θανάτου
1579 3566 1916 3637 κατήργησε.

362 3645 557 3706 Τοῦτον
583 3653 668 3707 τὸν
699 3657 897 3724 τρόπον
930 3657 1021 3708 καὶ
1046 3658 1073 3708 6
1102 3656 1311 3718 Παῦλος
1352 3658 1409 3708 ἐν
1455 3655 1632 3726 ἐαυτῷ
1677 3656 1915 3726 ἠσθένει,

361 3741 450 3794 καὶ
478 3744 743 3815 ἐκαυχᾶτο
771 3750 828 3800 ἐν
851 3751 971 3811 ταῖς
997 3749 1323 3813 ἀσθενείαις,
1349 3749 1435 3804 ἵνα
1474 3749 1824 3823 ἐπισκηνώσῃ
1859 3753 1914 3804 ἐν

353 3831 493 3902 αὐτῷ
522 3834 553 3904 ἡ
585 3834 813 3906 δύναμις
845 3837 939 3891 τοῦ
970 3837 1228 3908 Χριστοῦ.

414 4005 494 4059 ιδ’.
536 4006 751 4079 Ταύτης
769 4010 868 4079 τῆς
898 4011 1052 4081 νίκης
1090 4011 1178 4065 τὸν
1221 4012 1423 4085 τρόπον
1466 4012 1688 4084 μαθὼν,
1728 4012 1914 4081 ἔλεγεν

355 4094 619 4165 Ἐφεσίοις
650 4100 875 4170 γράφων
896 4117 909 4130 ο
941 4104 1060 4155 Οὐκ
1095 4103 1265 4156 ἔστιν
1291 4102 1430 4172 ὑμῖν
1474 4103 1512 4171 ἡ
1555 4102 1718 4169 πάλη
1764 4105 1912 4171 πρὸς

326 4185 482 4259 alga
507 4190 602 4244 καὶ
633 4191 829 4259 σάρκα
857 4209 870 4221 ⁸
907 4193 1067 4248 ἀλλὰ
1100 4192 1250 4263 πρὸς
1274 4197 1380 4261 τὰς
1401 4195 1608 4264 ἀρχὰς,
1641 4196 1788 4264 πρὸς
1805 4196 1912 4263 τὰς

337 4282 645 4348 ἐξουσίας,
678 4283 772 4337 καὶ
806 4283 874 4337 τὰ
907 4283 1051 4355 ἑξῆς.
1089 4288 1191 4339 Τόν
1216 4302 1274 4338 τε
1306 4286 1529 4358 θώρακα
1558 4287 1654 4358 τῆς
1704 4287 1910 4341 δικαιο-

338 4366 519 4445 σύνης
558 4374 846 4428 ἀναλαϐεῖν
892 4393 1046 4447 φησι,
1084 4379 1178 4430 καὶ
1218 4380 1316 4447 τὴν
1362 4379 1788 4451 περικεφαλαίαν
1822 4379 1911 4431 ἐλ-

336 4464 512 4528 πίδος,
542 4466 634 4518 καὶ
655 4466 745 4518 τὸν
770 4466 958 4537 θυρεὸν
984 4469 1082 4538 τῆς
1107 4469 1356 4534 πίστεως,
1391 4470 1483 4524 καὶ
1508 4470 1604 4541 τὴν
1638 4471 1909 4542 μάχαιραν

332 4557 426 4609 τοῦ
456 4557 793 4627 πνεύματος,
828 4559 913 4613 ἵνα
942 4560 1211 4630 δυνηθῶσι
1244 4564 1416 4618 πάντα
1440 4563 1507 4616 τὰ
1535 4563 1662 4633 βέλη
1688 4564 1780 4616 τοῦ
1810 4582 1906 4617 πο-

329 4648 500 4718 νηροῦ
527 4648 592 4700 τά
609 4651 979 4720 πεπυρωμένα
1004 4652 1211 4716 σϐέσαι,
1242 4654 1290 4705 el
1321 4654 1455 4724 πρὸς
1487 4656 1614 4717 τοὺς
1643 4657 1908 4724 ἀοράτους

325 4740 562 4811 ἐχθροὺς
592 4740 681 4793 τὸν
706 4741 936 4812 πόλεμον
965 4742 1177 4814 ἔχοντες
1207 4763 1219 4777 ·
1249 4745 1393 4815 ἔργῳ
1422 4744 1542 4818 [Ιθν.
1568 4748 1639 4801 al.
1663 4751 1738 4800 Μ.
1761 4748 1902 4802 Nob.

327 4830 540 4902 ἔργοις]
594 4832 651 4884 δέ
709 4832 799 4884 τὸν
830 4832 1032 4903 τρόπον
1066 4837 1166 4905 τῆς
1199 4838 1377 4905 πάλης
1426 4838 1903 4908 ἐπιδεικνύμενος,

326 4918 547 4989 ἔλεγεν·
592 4921 740 4989 Ἐγὼ
772 4916 886 4976 οὖν
914 4921 1103 4987 οὕτως
1134 4922 1342 4992 τρέχω,
1380 4923 1457 4987 ὡς
1496 4926 1606 4977 οὐκ
1626 4924 1866 4991 ἀδήλως
1886 4942 1900 4955 ·

325 5012 521 5077 οὕτως
559 5015 852 5073 πυκτεύω,
886 5013 967 5079 ὡς
1003 5016 1114 5067 οὐκ
1139 5014 1287 5081 ἀέρα
1313 5015 1570 5084 δαίρων·
1602 5016 1904 5070 ἀλλ’ὺπο-

324 5101 511 5161 πράξω
539 5120 659 5171 μου
690 5103 756 5156 τὸ
785 5102 957 5173 σῶμα
994 5104 1094 5158 καί
1126 5104 1485 5174 δουλαγωγῶ
1506 5147 1520 5171 ,
1552 5107 1766 5175 μήπως
1794 5108 1899 5161 ἀλ-

323 5192 465 5257 λοις
492 5191 780 5258 κηρύξας,
814 5192 997 5258 αὐτὸς
1026 5192 1309 5261 ἀδόκιμος
1334 5194 1609 5264 γένωμαι.
1645 5196 1756 5249 Καὶ
1800 5198 1904 5250 πά-

324 5279 442 5335 λιν·
492 5283 655 5351 Ἄχρι
687 5282 795 5349 τῆς
829 5281 959 5350 ἄρτι
980 5282 1134 5349 ὧρας
1155 5284 1254 5336 καὶ
1279 5284 1575 5353 πεινῶμεν
1602 5286 1699 5339 καί
1729 5284 1907 5353 διψῶέ

318 5390 439 5443 μεν
488 5376 586 5426 καὶ
635 5375 1104 5442 γυμνητεύομεν,
1158 5375 1257 5428 καὶ
1312 5375 1762 5444 κολαφιζόμεθα.
1796 5377 1905 5430 Καὶ

324 5464 494 5518 πᾶλιν
515 5480 529 5493 ·
583 5466 682 5518 Ἐν
707 5466 870 5532 κόπῳ
898 5469 992 5519 καὶ
1022 5465 1229 5534 μόχθῳ
1247 5483 1261 5496 ο
1281 5467 1349 5519 ἐν
1373 5468 1730 5536 ἀγρυπνίαις
1756 5471 1905 5520 πολ-

2024 3200 2112 3246 tur
2141 3193 2479 3263 (Scribarum
2520 3194 2729 3248 scilicet
2758 3191 3255 3261 etPharisamrum)
3291 3209 3304 3245 :
3342 3199 3506 3260 atque
3532 3192 3606 3246 ita

2020 3299 2127 3353 qua
2172 3292 2367 3363 sponte
2410 3286 2745 3350 vinceretur,
2780 3284 3132 3353 pollicentem
3177 3283 3283 3336 sibi
3317 3282 3605 3338 victoriam

2021 3375 2174 3441 vicit,
2218 3390 2393 3445 exque
2428 3376 2578 3430 illius
2620 3376 2864 3444 potentia
2909 3375 3175 3429 mundum
3223 3375 3498 3428 liberavit.
3546 3375 3604 3429 In

2018 3467 2168 3522 hunc
2193 3469 2417 3522 modum
2444 3468 2693 3524 Christus
2715 3485 2781 3524 ex
2813 3467 3127 3522 inﬁrmitate
3152 3466 3209 3522 in
3224 3481 3443 3520 crucem
3468 3465 3603 3519 sub-

2015 3558 2159 3613 latus
2212 3566 2295 3613 est
2327 3559 2402 3623 '7;
2435 3575 2608 3628 eaque
2640 3558 2957 3612 inﬁrmitate
2979 3565 3211 3611 mortem
3234 3557 3514 3619 exstinxit,
3539 3571 3601 3612 ac

2015 3663 2162 3713 eum,
2187 3650 2280 3719 qui
2308 3651 2501 3704 mortis
2526 3649 2765 3704 habebat
2800 3649 3111 3717 imperium,
3143 3647 3424 3702 dextruxit
3448 3647 3515 3698 ³⁸.
3542 3646 3600 3699 1η

2016 3742 2164 3796 hunc
2197 3741 2419 3795 modum
2449 3750 2503 3796 et
2534 3742 2735 3796 Paulus
2767 3741 2822 3794 in
2855 3740 3055 3810 seipse
3090 3740 3361 3804 inﬁrmus,
3395 3738 3601 3809 gloria-

2014 3832 2179 3886 batur
2212 3832 2267 3885 in
2297 3830 2727 3896 inﬁrmitatibus,
2760 3840 2819 3885 ut
2851 3831 3186 3885 inhabitaret
3216 3830 3273 3883 in
3311 3845 3379 3883 eo
3422 3829 3599 3884 virtus

2012 3921 2217 3977 Christi
2258 3924 2326 3975 ’9.

2086 4016 2173 4069 14.
2212 4014 2385 4084 Hujus
2429 4013 2675 4069 victoriae
2715 4012 2942 4073 modum
2973 4012 3314 4081 exploratum
3349 4009 3593 4075 habens,

2011 4086 2069 4161 ἰιι
2098 4106 2216 4161 haec
2244 4106 2409 4160 verba
2439 4105 2507 4159 ad
2540 4105 2807 4173 Ephesios
2837 4103 3114 4158 scribebat
3145 4120 3157 4155 ε
3189 4102 3308 4157 Non
3344 4110 3419 4155 est
3450 4100 3597 4155 nobis

2013 4196 2314 4252 colluctatio
2359 4195 2605 4249 adversus
2635 4213 2851 4249 carnem
2896 4202 2943 4248 et
2985 4194 3321 4265 sanguinem,
3370 4193 3460 4246 sed
3503 4192 3587 4247 ad-

2008 4305 2189 4343 versus
2230 4288 2555 4358 principatus
2603 4295 2651 4339 et
2684 4294 2964 4356 potestates
3000 4286 3067 4352 ⁸ο,
3116 4293 3171 4339 et
3204 4301 3324 4354 quae
3355 4300 3594 4353 sequun-

2012 4390 2126 4446 tur;
2152 4380 2417 4451 jubetque
2448 4387 2508 4433 ut
2545 4379 2775 4447 justitiae
2821 4380 3100 4433 thoracem
3134 4385 3437 4441 assumant,
3482 4376 3597 4445 spei

1942 4498 1989 4558 υ
2013 4472 2242 4542 galeam,
2273 4479 2490 4526 scutum
2520 4470 2668 4537 fidei,
2695 4470 2936 4541 gladium
2968 4468 3200 4539 spiritus
3228 4470 3294 4534 ³³,
3322 4478 3383 4523 ιιι
3412 4469 3596 4524 omnia

2015 4564 2122 4619 tela
2164 4564 2488 4633 nequissimi
2537 4565 2696 4632 ignea
2741 4564 3094 4633 exstinguere
3126 4564 3363 4625 valeant,
3395 4556 3597 4631 quibus

2011 4656 2275 4710 adversus
2303 4656 2490 4709 hostes
2532 4654 2838 4708 invisibiles
2883 4654 3086 4707 bellum
3120 4653 3265 4707 istud
3302 4652 3594 4705 incumbit.

2011 4747 2196 4800 Rebus
2219 4758 2400 4801 autem
2431 4746 2593 4800 luctae
2623 4746 2844 4798 modum
2882 4744 3200 4803 ostendens,
3226 4743 3406 4796 aiebat
3438 4759 3451 4794 :
3480 4742 3594 4813 Ego

2007 4838 2173 4906 igitur
2194 4838 2268 4890 sic
2293 4853 2464 4898 curro,
2488 4853 2589 4889 non
2608 4836 2761 4907 quasi
2787 4837 2843 4888 in
2870 4836 3128 4888 incertum
3148 4851 3165 4887 :
3184 4835 3258 4887 sic
3275 4849 3470 4903 pugno,
3488 4848 3592 4885 non

2008 4927 2163 4996 quasi
2206 4925 2371 4996 374.
2421 4940 2597 4978 aerem
2647 4924 2929 4978 verberans
2965 4939 2982 4975 :
3025 4921 3117 4975 sed
3155 4921 3351 4990 castigo
3404 4936 3592 4989 corpus

2009 5034 2179 5071 meum
2202 5026 2247 5070 et
2273 5017 2325 5069 in
2351 5018 2654 5069 servitutem
2685 5016 2884 5084 redigo,
2914 5031 2977 5067 ne
3001 5013 3134 5083 forte
3164 5030 3282 5065 cunt
3307 5011 3424 5065 aliis
3451 5026 3590 5080 pra:-

2000 5106 2322 5171 dicaverim,
2378 5109 2490 5176 ipse
2549 5106 2799 5177 reprobus
2849 5106 3042 5174 c/[z‘ciar
3100 5106 3163 5157 ³⁸.
3215 5104 3282 5157 Ει
3333 5102 3586 5156 iterum:

2006 5195 2177 5266 Usque
2211 5195 2267 5249 in
2301 5198 2437 5249 lianc
2476 5197 2663 5249 horam
2693 5204 2740 5249 et
2772 5194 3027 5248 currimus
3064 5203 3110 5247 et
3140 5196 3346 5248 sitimus
3381 5202 3428 5246 et
3463 5191 3589 5247 nudi

1998 5301 2202 5349 sumus,
2246 5293 2295 5338 et
2336 5282 2571 5353 colaphis
2606 5284 2859 5337 credimur
2904 5285 2967 5336 ³³.
3002 5284 3324 5353 Rursusque
3359 5300 3372 5336 :
3408 5282 3472 5336 In
3510 5282 3590 5336 la-

2004 5379 2126 5432 bore
2158 5386 2207 5430 et
2237 5393 2512 5442 (erumna;
2542 5377 2595 5428 in
2632 5374 2821 5444 vigiliis
2868 5374 3064 5436 multis,
3098 5377 3152 5428 in
3182 5376 3377 5445 frigore
3405 5382 3452 5427 et
3485 5390 3586 5427 nu-

2004 5472 2204 5536 ditate;
2237 5478 2428 5541 pra’ter
2460 5468 2557 5523 illa
2593 5484 2708 5539 qua?
2738 5477 2860 5521 sunt
2893 5469 3208 5521 extrinsecus
3241 5470 3306 5513 ³³.

320 5557 525 5623 λάλης,
568 5557 837 5628 ἐνψύχει
874 5559 972 5613 καὶ
1004 5562 1352 5628 γυμνότητι,
1390 5559 1568 5628 χωρίς
1603 5559 1721 5615 τῶν
1750 5564 2065 5630 παρεκτός.

395 5672 443 5701 ²⁶
476 5672 708 5742 Philipp.
744 5689 804 5737 ιι,
837 5674 889 5728 5.

326 5741 415 5794 15.
497 5744 537 5773 ³⁸
574 5741 742 5799 lCor.
772 5759 842 5801 ιχ.
877 5745 966 5805 26,
994 5745 1082 5799 27.
1158 5744 1202 5777 ³³
1232 5746 1250 5799 I
1275 5746 1400 5801 Cor.
1438 5762 1508 5809 Iv,
1553 5748 1629 5801 ll.

969 5675 1012 5705 '7
1042 5675 1086 5728 ll
1118 5673 1241 5730 Cor.
1274 5690 1387 5741 xm,
1416 5676 1469 5731 4.
1548 5677 1593 5707 ’⁸
1624 5678 1787 5732 llebr.
1815 5694 1872 5743 η,
1907 5679 1991 5733 id.
2069 5679 2114 5710 ‘9
2141 5679 2181 5731 ll
2208 5677 2329 5734 Cor.
2362 5692 2456 5744 xv,
2489 5676 2541 5732 9.

994 5745 1082 5799 27.
1158 5744 1202 5777 ³³
1232 5746 1250 5799 l
1275 5746 1400 5801 Cor.
1438 5762 1508 5809 Iv,
1553 5748 1629 5801 ll.
1709 5748 1753 5780 3*
1787 5748 1830 5801 ll
1863 5752 1986 5804 (lor.
2025 5765 2094 5814 xx,
2129 5750 2213 5801 ΞΤ.

2656 5675 2699 5707 ³ο
2727 5676 2922 5745 Ephes.
2956 5690 3027 5739 vi,
3063 5673 3150 5727 ιε.
3252 5670 3294 5703 ³⁸
3327 5667 3463 5724 ibid.
3489 5667 3576 5734 Η,
