4070 6452
480 421 588 487 923

1644 425 1703 491 S.
1749 425 2035 491 MAXIMI
2073 422 2583 487 CONFESSORIS

3645 420 3739 488 926

555 536 640 593 15.
675 535 855 608 Atque
899 537 1044 593 hanc
1086 539 1311 610 quidem
1356 541 1563 596 luctam
1608 542 1936 599 eolluCtatus
1982 557 2042 597 es

2238 545 2317 595 ιε’.
2348 539 2459 594 Καὶ
2486 538 2694 610 ταύτην
2723 537 2823 610 μὲν
2871 537 2969 611 τὴν
2994 538 3193 611 πάλην,
3222 535 3359 609 πρὸς
3383 537 3511 602 τοὺς
3551 537 3736 609 ἡδονὰς

479 625 743 682 adversus
771 628 1050 685 daemones
1074 632 1418 702 voluptatum
1444 632 1503 687 in
1532 647 1698 688 carne
1731 633 2064 701 incentores,

479 720 691 791 objecta
728 722 815 776 sui
850 726 1096 794 corporis
1122 725 1441 781 inﬁrmitate
1472 742 1568 782 eos
1598 726 1793 798 fugans
1824 746 1838 782 :
1866 728 2066 784 adver-

478 827 574 867 sus
605 824 789 869 autem
817 830 914 871 eos
942 818 1036 886 qui
1064 834 1260 890 pugnae
1288 835 1416 876 arce
1444 826 1699 888 suscepta
1726 818 1853 875 odia
1886 819 2066 876 susei-

478 913 621 972 tant,
654 921 885 977 eamque
931 909 1004 964 ob
1054 924 1191 977 rem,
1226 911 1323 982 qui
1364 912 1648 982 segniores
1687 913 1889 968 animis
1929 914 2062 982 sint,

477 995 742 1054 adversus
777 1000 899 1070 pios
927 1000 1180 1058 homines
1218 1004 1528 1069 concitant;
1566 1012 1628 1059 ut
1662 1003 1771 1061 illis
1800 1007 2064 1063 tentanti-

476 1088 582 1144 bus
618 1092 819 1147 animis
843 1092 1161 1150 fatiscentes
1192 1090 1342 1166 ipsos
1373 1096 1501 1152 odio
1532 1096 1793 1163 habeant,
1822 1098 2063 1171 indeque

475 1179 557 1233 rei
585 1180 775 1235 violati
808 1181 1124 1239 dilectionis
1168 1184 1415 1240 mandati
1457 1184 1622 1252 fiant;
1662 1186 1909 1245 victoria:
1939 1204 2061 1244 mo-

474 1267 606 1323 dum
648 1271 815 1326 rebus
858 1273 993 1343 ipsis
1034 1283 1368 1342 monstrans,
1416 1277 1600 1332 aiebat
1629 1295 1642 1331 :
1668 1277 2057 1348 Maledicimur,

473 1367 523 1411 ct
563 1359 944 1429 benedicimus;
981 1368 1396 1435 persecutionem
1437 1370 1693 1439 patimur,
1737 1378 1785 1424 et
1828 1373 2059 1426 sustine-

473 1466 621 1517 mus;
652 1452 1102 1525 blasphemamur,
1146 1466 1194 1511 et
1228 1460 1558 1516 obsecramus
1591 1477 1609 1517 :
1639 1471 1898 1534 tanquam
1937 1466 2059 1534 pia-

470 1539 590 1596 cula
641 1545 826 1599 mundi
879 1546 1008 1615 facti
1063 1565 1279 1617 sumus,
1337 1554 1572 1608 omnium
1622 1555 2058 1625 rejectamentum

467 1650 632 1704 usque
666 1637 721 1689 in
755 1638 892 1691 hunc
930 1640 1065 1693 diem
1096 1641 1161 1695 ³⁸.
1198 1642 1337 1697 Nam
1377 1642 1654 1700 daemones
1686 1646 1933 1717 quidem,
1968 1648 2056 1704 id-

467 1727 616 1805 circo
647 1727 940 1786 dicacitate
980 1732 1257 1801 mordere,
1301 1736 1570 1793 conviciis
1610 1747 1821 1808 petere,
1866 1755 2057 1811 perse-

464 1820 560 1887 qui
597 1821 924 1889 suadebant,
954 1831 1016 1880 ut
1048 1823 1105 1879 in
1145 1826 1472 1894 mordentis,
1515 1829 1896 1899 conviciantis,
1930 1849 2057 1905 per-

462 1911 748 1979 sequentis
770 1913 981 1980 odium,
1009 1918 1371 1986 apostolicum
1398 1929 1594 1989 pectus
1621 1921 1946 1991 incitarent;
1984 1940 2052 1981 eo
2082 1896 2127 1952 Β

460 2001 722 2057 nimirum
752 2003 880 2073 fine,
918 2016 978 2062 ut
1008 2008 1195 2064 violati
1241 2010 1555 2068 dilectionis
1600 2015 1847 2071 mandati
1893 2033 2054 2073 reum

458 2103 816 2164 peragerent;
860 2096 1154 2168 Apostolus
1202 2118 1336 2158 vero
1387 2120 1499 2175 quo
1548 2106 1771 2162 illorum
1821 2109 2057 2165 consilia

456 2195 772 2254 spectarent
814 2205 925 2244 non
974 2191 1255 2262 ignorans,
1296 2194 1602 2263 dicacibus,
1646 2198 2056 2258 benedictionis

456 2279 624 2336 verba
669 2284 1037 2353 rependebat;
1094 2299 1493 2360 persequentes
1532 2293 1877 2364 sustinebat;
1922 2312 2057 2353 con-

455 2371 617 2428 viciis
645 2382 896 2444 petentes
944 2378 1306 2449 obsecrabat;
1338 2390 1399 2438 ut
1426 2382 1693 2441 nimirum
1722 2404 1753 2443 a
1781 2388 2052 2446 daemoni-

455 2463 579 2532 bus,
609 2466 705 2537 qui
754 2468 944 2524 talium
994 2480 1232 2539 actores,
1260 2486 1468 2544 essent,
1512 2494 1634 2535 sese
1662 2480 2050 2555 abjungerent,

454 2569 521 2610 ac
551 2572 678 2612 cum
710 2559 1104 2632 benignissimo
1145 2566 1259 2622 Deo
1290 2570 1757 2628 neceSsitudinem
1792 2575 1999 2632 inirent
2033 2594 2048 2633 :

454 2644 765 2719 horumque
799 2651 1114 2711 incentores
1158 2656 1437 2716 daemones
1484 2661 1648 2719 luctze
1694 2663 1803 2720 hoc
1848 2646 2051 2737 genere

453 2738 771 2809 collidebat,
814 2745 1020 2801 malum
1062 2747 1119 2803 in
1160 2748 1308 2806 bono
1338 2752 1404 2819 ³⁸,
1436 2752 1738 2813 Salvatoris
1772 2761 2048 2830 exemplo,

450 2844 671 2901 semper
712 2834 961 2892 vincens.
995 2839 1168 2910 Inque
1212 2841 1362 2900 hunc
1402 2846 1627 2902 modum
1679 2849 1795 2919 ipse
1843 2852 2051 2923 pariter

450 2936 517 2977 ac
551 2925 751 2995 reliqui
796 2931 1032 2999 apostoli
1079 2941 1259 2988 totum
1310 2937 1581 2994 mundum
1630 2956 1663 2995 a
1704 2942 2049 3002 daemonibus

448 3016 795 3086 abjunctum,
839 3021 954 3077 Deo
987 3026 1391 3094 conciliarunt;
1443 3046 1544 3086 suo
1578 3032 1685 3102 ipsi
1733 3049 1932 3091 occasu
1981 3052 2049 3094 ac

448 3108 626 3174 clade,
658 3110 880 3169 illorum
907 3115 1169 3184 victores,
1189 3120 1283 3190 qui
1308 3131 1461 3179 certa
1486 3125 1595 3181 sibi
1624 3142 1721 3196 spe
1753 3128 2044 3186 victoriam

2167 633 2227 687 ἐν
2258 635 2325 704 τῇ
2363 631 2527 705 σαρκὶ
2557 630 2914 704 ἐνεργοῦντας
2949 632 3180 686 ἐπάλαιε
3213 630 3474 702 δαίμονας
3510 629 3601 685 διὰ
3642 628 3737 701 τῆς

2166 725 2451 790 ἀσθενείας
2499 723 2595 779 τοῦ
2649 724 2782 779 ἰδίου
2840 724 3093 796 σώματος
3152 721 3350 786 αὐτοὺς
3393 719 3731 775 ἐπελαύνων·

2165 817 2306 890 πρὸς
2332 816 2391 871 δέ
2416 816 2544 881 τοὺς
2575 816 2655 881 εἰς
2686 818 2845 887 μῖσος
2886 812 3282 885 πολεμοῦντας,
3314 814 3411 867 xui
3466 812 3557 867 διὰ
3587 811 3736 867 τοῦτο

2164 911 2292 975 τοὺς
2310 910 2420 965 τῶν
2450 908 2756 982 ἀνθρώπων
2783 906 3180 980 ἀμελεστέρους
3204 905 3349 963 κατὰ
3369 904 3480 959 τῶν
3502 904 3735 960 εὐσεϐῶν

2164 1004 2471 1069 κινοῦντας,
2503 1003 2591 1057 ἵνα
2622 1003 2691 1057 δι’
2738 1001 2921 1056 αοτῶν
2956 998 3345 1072 πειραζόμενοι
3368 1038 3384 1065 ,
3419 997 3620 1060 αὐτοὺς
3651 1014 3733 1066 μι-

2165 1098 2394 1168 σήσωσι,
2418 1096 2513 1151 xui.
2533 1095 2631 1167 τὴν
2665 1093 2885 1167 ἐντολὴν
2915 1093 3016 1164 τῆς
3037 1092 3259 1162 ἀγάπης
3279 1089 3570 1161 παραδῶσι
3594 1104 3608 1118 ⁸
3637 1088 3736 1144 πά-

2161 1186 2245 1241 λιν
2273 1186 2366 1240 τὸν
2392 1186 2596 1257 τρόπον
2623 1185 2724 1256 τῆς
2751 1184 2909 1252 νίκης
2935 1183 3119 1254 ἔργοις
3169 1183 3302 1252 ἡμῖν
3334 1179 3702 1235 ὑποδεικνύων
3719 1221 3732 1245 ,

2161 1277 2350 1347 ἔλεγεν
2372 1293 2386 1308 ·
2422 1275 2907 1345 Λοιδορούμενοι,
2927 1273 3328 1343 εὐλογοῦμεν·
3376 1270 3734 1341 διωκόμενοι,

2160 1368 2499 1439 ἀνεχόμεθα
2523 1380 2536 1395 ⁸
2603 1365 3175 1434 βλασφημούμενοι,
3239 1361 3732 1431 παρακαλοῦμεν·

2159 1455 2417 1527 ὡσπερεὶ
2443 1453 2791 1524 καθάρματα
2804 1452 2913 1509 τοῦ
2931 1453 3167 1521 κόσμου
3185 1450 3574 1520 ἐγενήθημεν,
3594 1451 3737 1504 πάν-

2156 1568 2278 1607 των
2296 1551 2608 1619 περίψημα
2638 1547 2752 1615 ἕως
2786 1546 2940 1616 ἄρτι.
2975 1547 3039 1599 Οἱ
3075 1544 3175 1616 μὲν
3206 1542 3316 1614 γὰρ
3347 1543 3615 1614 δαίμονες,
3655 1541 3737 1597 διὰ

2157 1644 2315 1699 τοῦτο
2337 1642 2598 1715 λοιδορεῖν
2622 1642 2719 1695 xui
2747 1639 3091 1712 βλασφημεῖν
3120 1638 3217 1692 xui
3248 1638 3463 1692 διώκειν
3505 1637 3736 1692 ὑπέϐαλε-

2154 1736 2269 1802 λον,
2308 1737 2397 1791 ἵνα
2429 1735 2508 1800 είς
2532 1735 2688 1806 μῖσος
2714 1731 2811 1787 τοῦ
2835 1729 3204 1813 λοιδοροῦντος
3239 1730 3334 1783 xui.
3359 1729 3737 1800 βλασφημοῦν-

2155 1846 2251 1894 τος
2277 1828 2374 1883 xui
2417 1825 2709 1890 διώκοντος
2757 1824 2923 1879 αὐτὸν
2971 1824 3272 1895 κινήσωσι·
3300 1824 3396 1877 τὸν
3432 1823 3635 1878 σκοπὸν
3661 1825 3736 1888 εἰς

2154 1920 2254 1992 τὴν
2304 1918 2622 1992 παράϐασιν
2651 1918 2753 1989 τῆς
2781 1916 3002 1991 ἐντολῆς
3038 1917 3138 1988 τῆς
3160 1917 3383 1988 ἀγάπης
3406 1916 3640 1987 ἔχοντες.
3683 1919 3738 1971 '0

2155 2012 2214 2067 δὲ
2254 2011 2579 2075 Ἀπόστολος
2612 2009 2689 2081 μὴ
2726 2009 2937 2080 ἀγνοῶν
2984 2006 3055 2063 τὰ
3089 2009 3340 2080 νοήματα
3362 2008 3562 2073 αὐτῶν,
3614 2008 3737 2074 τοὺς

2154 2102 2536 2174 λοιδοροῦντας
2580 2101 2822 2174 ηὐλόγει,
2855 2101 2952 2155 xui
2982 2100 3092 2154 τῶν
3134 2100 3440 2155 διωκόντων
3471 2101 3734 2172 ἠνείχετο.

2154 2197 2251 2251 xui
2273 2196 2402 2260 τοὺς
2433 2194 2893 2267 βλασφημοῦντας
2944 2193 3268 2264 παρεκάλει,
3298 2193 3410 2247 τῶν
3442 2192 3541 2264 μὲν
3567 2191 3737 2247 ταῦτα

2154 2287 2524 2358 ἐνεργούντων
2561 2284 2872 2355 ἀποστῆναι
2912 2283 3205 2354 δαιμόνων,
3255 2282 3333 2352 τῷ
3362 2282 3419 2335 δέ
3448 2282 3640 2353 ἀγαθῷ
3662 2283 3739 2335 oi-

2153 2375 2450 2446 κειωθῆναι
2467 2373 2608 2445 Θεῷ·
2633 2373 2765 2435 τοὺς
2793 2372 2850 2425 δὲ
2873 2370 3051 2426 ταῦτα
3078 2371 3437 2445 ἐνεργοῦντας
3458 2371 3736 2442 δαίμονας,

2151 2448 2330 2540 τούτω
2357 2467 2436 2539 τῷ
2467 2466 2656 2538 τρόπῳ
2694 2466 2795 2537 τῆς
2825 2465 3006 2536 πάλης
3040 2465 3298 2536 ἠμύνετο,
3329 2466 3389 2519 ἐν
3438 2466 3517 2538 τῷ
3550 2465 3737 2537 ἁγαθῷ

2151 2562 2242 2616 ἀεὶ
2275 2562 2441 2616 νικῶν
2473 2560 2534 2615 τό
2563 2559 2754 2626 κακὸν,
2780 2559 2924 2613 κατά
2956 2560 3055 2630 τὴν
3086 2561 3319 2632 μίμησιν
3340 2560 3435 2614 τοῦ
3462 2560 3734 2633 Σωτῆρος,

2151 2655 2248 2709 καὶ
2274 2653 2446 2717 οὕτως
2469 2653 2591 2706 ὅλον
2621 2652 2712 2705 τὸν
2737 2650 2943 2723 κόσμον
2963 2651 3072 2706 τῶν
3097 2650 3369 2722 δαιμόνων
3396 2653 3737 2722 ἀποστήσαν-

2150 2764 2243 2811 τες
2272 2746 2350 2818 τῷ
2381 2745 2502 2818 Θεῷ
2529 2744 2835 2817 ᾡκείωσαν,
2878 2743 3043 2808 αὐτός
3081 2761 3141 2797 τε
3171 2743 3269 2798 xui
3296 2744 3347 2797 οι
3380 2744 3557 2798 λοιποὶ
3604 2744 3734 2798 ἀπό-

2153 2841 2354 2906 στολοι,
2385 2838 2472 2893 διὰ
2505 2839 2677 2910 ἣττης
2702 2840 3028 2910 νικήσαντες
3064 2838 3191 2903 τοὺς
3224 2838 3384 2910 νικᾷν
3409 2837 3735 2901 ἐλπίσαντας

2150 2932 2251 3006 [αἱ.
2286 2932 2382 2987 καὶ
2428 2932 2828 3003 κρατήσαντες,
2861 2930 2990 2994 τοὺς
3022 2932 3247 3001 κρατεῖν
3280 2928 3405 2985 ἐλπ.
3440 2928 3541 2985 Fr.
3580 2932 3731 3000 νική-

2151 3043 2367 3089 σαντες,
2402 3024 2532 3087 τοὺς
2576 3027 2803 3095 κρατεῖν
2856 3022 3188 3095 ἐθέλοντας].
3245 3024 3374 3076 Ἐὰν
3399 3018 3495 3078 οὖν
3522 3024 3617 3077 καὶ
3644 3023 3731 3089 σὺ,

2159 3117 2413 3187 ’Δδελφὲ,
2448 3116 2636 3170 τοῦτον
2682 3117 2966 3188 κρατήσῃς
3001 3116 3094 3171 τὸν
3138 3116 3361 3183 σκοπὸν,
3393 3112 3618 3170 δύνασαι
3641 3117 3731 3170 καὶ

447 3198 844 3258 ariolabantur.
880 3205 1024 3278 Ergo
1052 3215 1109 3263 tu
1140 3226 1382 3282 quoque,
1415 3213 1609 3285 frater,
1640 3217 1789 3275 hunc
1814 3236 2041 3293 scopum

2149 3209 2212 3261 σὺ
2245 3209 2374 3273 τοὺς
2410 3206 2701 3278 μισοῦντας
2723 3207 2974 3278 ἀγαπᾷν·
3007 3206 3134 3261 εἰδὲ
3166 3207 3240 3279 μή
3271 3222 3356 3276 γε,
3388 3206 3564 3271 ἄλλως
3589 3206 3729 3277 ἀμή-

445 3291 492 3345 si
536 3296 802 3362 tenueris,
851 3300 1061 3367 poteris
1090 3311 1147 3357 et
1182 3301 1299 3373 ipse
1335 3305 1592 3365 inimicos
1636 3291 1927 3383 diligere;
1950 3315 2039 3372 sin

444 3391 631 3439 autem
671 3402 800 3454 non,
829 3390 981 3447 nulla
1017 3392 1072 3447 id
1101 3394 1314 3451 ratione
1344 3409 1606 3468 praestare
1634 3398 1866 3474 poteris.

515 3477 603 3532 16.
644 3476 845 3551 Aitque
888 3483 1102 3540 frater:
1130 3485 1223 3542 Sic
1255 3503 1451 3545 revera
1484 3501 1590 3560 est,
1620 3494 1805 3563 Pater,
1839 3508 1896 3555 et
1925 3515 2038 3556 non

444 3568 624 3635 aliter,
649 3586 716 3626 ac
740 3571 959 3631 loeutus
983 3591 1045 3631 es
1071 3594 1084 3632 :
1110 3593 1343 3650 eamque
1369 3583 1441 3637 ob
1464 3599 1582 3640 rem
1614 3586 1884 3646 Dominus
1908 3606 2037 3647 cum

442 3677 473 3717 a
498 3661 704 3721 Iudaeis
733 3666 1046 3725 maledictis
1086 3679 1391 3740 peteretur,
1428 3677 1677 3748 colaphis
1702 3681 2033 3754 caederetur,

440 3758 609 3822 atque
651 3755 757 3810 alia
790 3757 860 3812 ab
892 3758 977 3813 eis
1013 3768 1320 3830 pateretur,
1358 3767 1686 3836 sustinebat,
1724 3772 2034 3833 miseratio-

439 3842 531 3899 nis
557 3844 759 3901 ail‘ectu
796 3847 850 3903 in
884 3864 982 3906 eos
1014 3859 1219 3920 motus,
1249 3855 1403 3911 velut
1426 3858 1522 3928 qui
1551 3860 1931 3931 imprudentes
1954 3868 2035 3925 fa-

441 3946 632 3993 cerent
673 3954 738 3995 ac
762 3956 953 3998 errore
983 3944 1196 4001 seducti
1242 3957 1449 4004 essent.
1485 3951 1644 4008 Unde
1685 3964 1742 4010 et
1777 3957 1835 4013 in
1866 3974 2033 4019 cruce

440 4028 662 4088 dicebat
694 4050 707 4086 :
739 4032 925 4101 Pater,
954 4037 1160 4093 dimitte
1183 4040 1326 4108 illis,
1357 4045 1484 4114 quia
1519 4049 1757 4104 nesciunt
1793 4054 1922 4122 quid
1945 4055 2029 4125 fa-

439 4122 586 4217 ciunt
621 4124 666 4157 ³⁷
702 4141 716 4179 :
763 4125 928 4198 375
959 4128 1166 4186 diaboli
1214 4142 1401 4189 autem
1448 4144 1505 4192 et
1550 4139 1867 4212 principum
1911 4122 2032 4217 eju's

440 4213 790 4274 vaferrimam
833 4231 1075 4279 mentem
1117 4224 1483 4299 fraudemque
1521 4229 1579 4285 in
1626 4246 1792 4288 cruce
1832 4213 2030 4290 trium—

438 4307 651 4377 phans;
675 4326 778 4381 pro
805 4312 1118 4373 dilectionis
1147 4319 1428 4388 mandato,
1459 4322 1541 4378 uti
1559 4322 1767 4392 dixisti,
1791 4326 1860 4381 ad
1884 4343 2031 4384 mor-

440 4405 551 4453 tem
579 4416 753 4471 usque
779 4404 1046 4463 adversus
1073 4408 1196 4463 illos
1218 4418 1457 4477 certans,
1478 4414 1750 4488 nobisque
1777 4410 2029 4476 tribuens
2067 4426 2074 4434 ’

438 4490 509 4547 de
529 4491 640 4581 illis
661 4494 968 4564 victoriam,
986 4514 1052 4555 ac
1074 4503 1271 4560 mortis
1288 4504 1573 4564 destructo
1595 4507 1850 4581 imperio,
1869 4527 2025 4567 suam

2145 3317 2330 3372 χανον.

2218 3479 2315 3545 ις’.
2341 3477 2453 3532 Καὶ
2470 3479 2498 3532 6
2521 3475 2750 3545 ἀδελφὸς
2770 3473 2945 3531 εἶπεν·
2974 3477 3092 3531 Ἐπ’
3115 3476 3394 3549 ἀληθείας,
3422 3476 3625 3546 Πάτερ,
3642 3477 3725 3531 οὖ-

2142 3589 2253 3635 τως
2273 3571 2390 3625 ἐστὶ
2413 3570 2509 3625 καὶ
2526 3570 2627 3624 οὐκ
2650 3568 2828 3633 ἄλλως
2841 3584 2857 3600 ⁸
2886 3569 3089 3624 καὶδιά
3109 3569 3270 3625 τοῦτο
3290 3571 3320 3623 6
3342 3569 3547 3642 Κύριος
3569 3570 3728 3640 βλασ-

2143 3664 2496 3735 φημούμενος
2521 3662 2617 3717 xui
2646 3662 3096 3734 κολαφιζόμενος,
3123 3663 3220 3718 xui
3240 3661 3310 3718 τά
3324 3662 3459 3718 ἄλλα
3480 3663 3725 3735 πάσχων,

2142 3754 2287 3827 ἅπερ
2316 3753 2519 3808 ἔπαθεν
2567 3753 2672 3807 ὑπὸ
2700 3753 2812 3808 τῶν
2869 3753 3158 3817 Ἰουδαίων,
3197 3754 3465 3826 ἠνείχετο,
3501 3753 3727 3818 ἐκείνοις

2144 3847 2246 3917 μὲν
2280 3847 2623 3918 συμπάσχων
2658 3846 2737 3910 ὡς
2788 3845 3046 3915 ἀγνοοῦσι
3099 3848 3197 3900 xui
3245 3846 3683 3920 πεπλανημένοις
3709 3863 3725 3878 ·

2138 3939 2224 3994 διὸ
2250 3941 2344 3995 καὶ
2372 3939 2560 4010 ἔλεγεν
2581 3939 2676 3994 ἐπὶ
2691 3938 2789 3993 τοῦ
2812 3939 3067 4012 σταυροῦ·
3090 3940 3305 4011 Πάτερ,
3324 3940 3475 4010 ἄφες
3499 3939 3722 4008 αὐτοῖς,

2137 4034 2220 4088 ὅτι
2252 4034 2354 4087 οὐκ
2387 4031 2487 4105 [αι.
2526 4032 2589 4087 οὐ
2624 4030 2756 4104 γὰρ]
2808 4031 2987 4086 οἴδασι
3035 4033 3090 4085 τί
3117 4031 3368 4087 ποιοῦσι·
3394 4033 3489 4086 τοῦ
3521 4032 3579 4086 δὲ
3609 4032 3725 4086 δια-

2138 4126 2296 4182 ϐόλου
2322 4127 2414 4181 xui
2445 4125 2556 4181 τῶν
2580 4125 2861 4196 ἀρχόντων
2890 4122 3060 4179 αὐτοῦ
3082 4123 3432 4196 θριαμϐεύων
3461 4124 3558 4196 τὴν
3590 4141 3725 4177 παν-

2136 4218 2363 4291 ουργίαν
2389 4217 2482 4273 xui
2507 4217 2607 4289 τὴν
2635 4217 2857 4288 ἀπάτην
2885 4217 2979 4271 ἐπὶ
3002 4217 3098 4272 τοῦ
3145 4217 3378 4290 σταυροῦ
3399 4233 3413 4247 ·
3445 4218 3587 4290 ὑπὲρ
3624 4216 3724 4286 τῆς

2135 4312 2358 4384 ἐντολῆς
2410 4312 2513 4382 τῆς
2563 4312 2807 4382 ἀγάπης,
2842 4310 3024 4376 καθὼς
3064 4306 3245 4377 εἶπας,
3277 4311 3443 4382 μέχρι
3492 4310 3723 4365 θανάτου

2138 4404 2276 4476 πρὸς
2300 4405 2499 4467 αὐτοὺς
2521 4404 2955 4474 ἀγωνισάμενος,
2980 4403 3075 4458 xui
3094 4404 3194 4475 τὴν
3217 4404 3339 4458 κατ’
3362 4402 3541 4457 αὐτῶν
3567 4404 3724 4474 νίκην

2135 4497 2268 4567 ἡμῖν
2318 4496 2718 4568 χαρισάμενος·
2756 4495 2853 4549 καὶ
2900 4493 2995 4548 τοῦ
3039 4494 3271 4549 θανάτου
3323 4494 3636 4558 καταλύσας
3663 4492 3724 4546 τὸ

438 4581 496 4637 in
544 4575 673 4640 vitae
723 4602 926 4645 munus
972 4595 1437 4652 resurrectionem
1488 4598 1714 4657 donavit
1766 4603 2028 4660 universo

2145 4588 2356 4660 κράτος,
2390 4587 2491 4658 τὴν
2512 4587 2811 4642 ἀνάστασιν
2833 4585 2998 4639 αὐτοῦ
3039 4587 3121 4650 εἰς
3152 4585 3297 4658 ζωὴν
3330 4586 3494 4642 παντὶ
3520 4586 3600 4657 τῷ
3630 4585 3723 4640 κός

437 4674 664 4729 mundo.
698 4676 903 4733 Verum
939 4696 1034 4736 ora
1064 4698 1166 4753 pro
1188 4701 1296 4750 me,
1329 4687 1515 4756 Pater,
1548 4700 1611 4746 ut
1636 4692 1880 4762 perfecte
1910 4695 2022 4749 Do-

435 4764 572 4818 mini
617 4780 842 4838 scopum
879 4772 1109 4843 ejusque
1145 4780 1522 4847 apostolorum
1569 4782 1880 4855 intelligere
1926 4803 2023 4842 va-

433 4853 610 4922 leam;
642 4859 959 4931 possimque
991 4864 1141 4936 vigili
1174 4883 1238 4923 ac
1267 4870 1456 4926 sobrio
1493 4888 1617 4928 esse
1656 4853 1863 4941 animo,
1896 4892 2024 4933 cum

434 4949 771 5007 tentationes
798 4956 1131 5024 appetierint
1155 4999 1169 5025 ,
1196 4976 1302 5016 nec
1335 4962 1539 5019 diaboli
1565 4965 1795 5037 ejusque
1821 4968 2024 5027 daemo-

430 5053 565 5093 num
598 5043 813 5098 nescire
848 5047 1100 5102 consilia.

508 5130 591 5185 i7.
622 5133 929 5205 Respondit
951 5153 1119 5195 senex
1147 5158 1160 5194 :
1194 5141 1251 5197 Si
1272 5159 1336 5199 ea
1360 5160 1482 5215 quae
1505 5146 1652 5203 dicta
1682 5158 1811 5205 sunt
1838 5158 2020 5207 tecum

430 5218 616 5277 animo
642 5223 844 5294 jugiler
886 5230 1116 5294 recolas,
1157 5232 1367 5300 poteris
1399 5250 1507 5289 non
1541 5237 1759 5293 nescire
1786 5254 1800 5292 :
1832 5239 1931 5294 sed
1964 5249 2021 5297 et

430 5314 474 5369 si
510 5314 801 5388 intelligas,
845 5336 953 5389 qua
985 5322 1102 5393 ipse
1145 5324 1359 5380 ratione
1393 5330 1641 5397 tentaris,
1688 5346 1753 5385 ea
1796 5348 2019 5403 quoque

431 5408 632 5463 tentari
676 5409 902 5467 fratrem
948 5421 1137 5481 tuum;
1172 5423 1338 5486 atque
1382 5419 1433 5472 ei
1471 5420 1695 5489 quidem
1744 5422 2019 5494 ignoscas,

430 5499 524 5568 qui
568 5508 812 5557 tentetur
839 5520 852 5557 :
880 5506 1137 5560 tentatori
1167 5517 1373 5575 autem,
1398 5511 1493 5581 qui
1530 5513 1585 5567 in
1619 5515 1738 5583 ejus
1769 5516 1863 5586 qui
1896 5526 2018 5573 ten-

431 5596 581 5645 tatur
623 5593 816 5673 odium
841 5597 1150 5665 propellere
1194 5600 1333 5667 vult,
1374 5604 1617 5669 resistas,
1660 5623 1765 5662 nec
1793 5610 2023 5665 fraudu-

431 5678 583 5739 lento
621 5687 743 5757 ejus
769 5688 1003 5743 consilio
1043 5706 1256 5748 morem
1290 5697 1528 5765 gesseris
1591 5698 1703 5755 ΙΙοο
1744 5701 1892 5756 enim
1934 5711 2020 5758 est

505 5856 549 5888 "
582 5858 603 5912 l
633 5858 758 5916 Cor.
794 5879 865 5933 tv,
906 5866 988 5937 12,
1027 5869 1108 5923 15.
1197 5873 1241 5904 ³³
1277 5874 1434 5929 Rom.
1481 5892 1572 5944 xu,
1605 5878 1691 5932 2i.

2136 4698 2260 4751 σμῳ
2291 4680 2628 4751 ἐδωρήσατο.
2646 4679 2789 4733 Ἀλλ’
2828 4679 2988 4750 εὔχου
3017 4679 3160 4751 ὑπὲρ
3197 4678 3358 4749 ἐμοῦ,
3391 4679 3596 4749 Πάτερ,
3633 4677 3723 4731 ἵνα

2125 4767 2346 4832 τελείως
2375 4766 2647 4835 ἐξισχύσω
2698 4767 2904 4838 γνῶναι
2954 4769 3048 4821 τὸν
3088 4768 3294 4821 σκοπὸν
3342 4768 3436 4821 τοῦ
3483 4767 3716 4838 Κυρίου,

2124 4861 2221 4914 xui.
2270 4860 2379 4913 τῶν
2424 4860 2737 4915 ἀποστόλων
2798 4861 3002 4914 αὐτοῦ·
3036 4862 3131 4915 xui
3175 4860 3393 4932 δυνηθῶ
3426 4863 3621 4930 νήφειν
3660 4864 3721 4916 ἐν

2122 4956 2236 5017 τοῖς
2259 4956 2472 5025 καιροῖς
2497 4953 2606 5006 τῶν
2641 4953 2989 5025 πειρασμῶν,
3021 4954 3117 5007 xui
3147 4953 3223 5025 μὴ
3253 4955 3471 5022 ἀγνοεῖν
3499 4954 3568 5008 τά
3591 4956 3721 5027 νοή-

2128 5062 2275 5116 ματα
2304 5045 2399 5098 τοῠ
2429 5044 2681 5098 διαϐόλου
2717 5044 2814 5098 καὶ
2843 5043 2951 5098 τῶν
2981 5045 3256 5116 δαιμόνων
3290 5046 3475 5100 αὐτοῦ.

2197 5151 2281 5217 ιζ’.
2313 5151 2425 5204 Καὶ
2444 5152 2472 5204 ό
2498 5150 2677 5222 γέρων
2700 5150 3043 5222 ἀποκριθεὶς,
3075 5146 3249 5204 εἶπεν·
3291 5151 3414 5217 Ἐὰν
3435 5152 3546 5205 τῶν
3577 5169 3720 5222 προ-

2122 5239 2427 5311 ειρημένων
2452 5241 2597 5312 ἔχεις
2623 5242 2713 5295 ἀεὶ
2733 5242 2835 5311 τὴν
2854 5242 3106 5313 μελέτην,
3124 5242 3353 5298 δύνασαι
3373 5243 3445 5314 μὴ
3471 5244 3715 5312 ἀγνοεῖν.

2129 5331 2293 5386 Ἀλλά
2325 5334 2422 5387 καὶ
2448 5333 2544 5387 ἐὰν
2577 5334 2787 5403 συνιῇς,
2822 5334 2904 5387 ὄτι
2931 5333 3120 5405 ὥσπερ
3149 5333 3214 5403 σὺ
3245 5332 3502 5405 πειράζῃ,
3537 5332 3719 5397 οὕτως

2117 5425 2213 5478 xui
2241 5426 2270 5478 6
2298 5424 2524 5493 ἀδελφός
2559 5441 2655 5478 σου
2679 5423 3035 5496 πειράζεται·
3074 5427 3169 5479 xui
3201 5424 3279 5496 τῷ
3324 5426 3424 5496 μὲν
3448 5424 3718 5492 πειραζο-

2120 5519 2266 5589 μένῳ
2298 5518 2721 5588 συγγινώσκεις,
2759 5518 2838 5587 τῷ
2869 5518 2927 5572 δὲ
2956 5518 3274 5590 πειράζοντι
3302 5518 3508 5572 θέλοντί
3540 5536 3601 5571 σε
3630 5518 3719 5581 εἰς

2120 5612 2531 5682 μῖσοςάγαγεῖν
2572 5610 2668 5665 τοῦ
2708 5609 3111 5681 πειραζομένου
3167 5612 3448 5681 ἀντιστῇς,
3488 5609 3565 5681 μὴ
3600 5610 3716 5664 ῦπ-

2116 5702 2331 5758 ακούων
2384 5703 2552 5759 αὐτοῦ
2602 5703 2682 5776 τῷ
2724 5707 3101 5778 μηχανήματι.
3139 5704 3253 5759 Καὶ
3292 5702 3452 5758 τοῦτό
3497 5698 3712 5758 ἐστινὸ

1774 5881 1815 5909 ³⁷
1846 5881 1979 5935 Luc.
2017 5897 2163 5949 uti],
2196 5881 2282 5936 Si.
