4070 6412
343 411 456 475 925

1643 412 1877 473 LIBER
1914 413 2350 475 ASCETICUS.

3533 416 3641 478 926

333 527 488 595 λέγει
535 527 563 580 ὁ
607 523 928 594 ἀδελφόοεος
991 523 1248 589 Ἰάκωϐος
1289 525 1365 580 ἐν
1405 527 1525 590 ταῖς
1559 527 1927 591 Καθολικαῖςο

2063 529 2186 600 [uod
2219 529 2458 586 Jacobus
2483 529 2581 584 Det
2623 527 2792 584 frater
2825 527 2902 583 ait
2937 528 2995 581 in
3028 525 3332 582 Catholicis
3372 542 3388 582 :
3428 525 3636 581 Subditi

349 618 724 688 ’Υποτὰγητε
775 616 856 682 τῷ
903 617 1052 683 Θεῷ·
1082 618 1407 684 ἀντίστητε
1429 619 1498 673 δὲ
1532 619 1613 685 τῷ
1650 619 1930 688 διαϐόλῳ,

334 712 435 766 καὶ
467 711 751 782 φεύξεται
779 711 878 780 ἀφ’
904 710 1092 779 ὑμῶν.
1137 711 1262 765 Ἐὰν
1297 706 1405 776 σῦν,
1431 711 1506 775 ὡς
1530 711 1765 783 εἴρηται,
1792 712 1934 782 ἔχεις

335 804 621 876 νηφόντως
649 803 748 875 τὴν
773 802 882 855 τῶν
915 810 1334 875 προειρημένων
1373 803 1738 868 ἀδιαλείπτως
1775 804 1935 874 μελέ-

335 913 462 966 την,
488 895 714 949 δύνασαι
747 893 949 962 γνῶναι
977 893 1067 947 τὸν
1093 893 1295 947 σκοπὸν
1315 893 1409 946 τοῦ
1447 894 1678 966 Κυρίου,
1713 893 1935 948 καὶτῶν

337 988 658 1044 ἀποστόλων
681 987 845 1040 αὐτοῦ
867 1003 880 1015 '
914 986 1007 1038 καὶ
1035 987 1163 1049 τοὺς
1195 985 1293 1055 μὲν
1333 985 1661 1056 ἀνθρώπους
1689 985 1932 1057 ἀγαπᾷν,

339 1082 438 1134 καὶ
474 1080 821 1150 συμπάσχειν
877 1081 1062 1143 αὐτοῖς
1093 1078 1346 1132 πταίουσι
1369 1095 1384 1110 ο
1427 1079 1541 1141 τοῖς
1572 1079 1629 1132 δὲ
1676 1082 1937 1148 πονηροῖς

337 1174 592 1245 δαίμοσιν
618 1173 983 1234 ἀδιαλείπτως
1012 1170 1100 1224 διὰ
1124 1171 1222 1242 τῆς
1248 1170 1471 1241 ἀγάπης
1495 1170 1772 1242 πολεμεῖν.
1795 1170 1857 1223 El
1878 1171 1938 1223 δὲ

339 1267 511 1336 ἐσμὲν
535 1263 724 1336 χαῦνοι
757 1265 850 1317 καὶ
874 1263 1097 1334 ἀμελεῖς
1125 1265 1218 1316 καὶ
1247 1264 1503 1336 ρᾁυμοι,
1531 1264 1776 1334 καὶδταῖς
1806 1282 1938 1334 σαρ-

341 1360 529 1420 κικαῖς
557 1357 775 1426 ἡδοναῖς
808 1357 898 1408 τὸν
933 1357 1193 1424 λογισμὸν
1239 1355 1561 1426 ἐμφύρομεν
1585 1395 1599 1420 ,
1651 1355 1774 1426 οὐχὶ
1813 1356 1939 1418 τοὺς

339 1451 626 1522 δαίμονας,
648 1449 763 1506 ἀλλ’
794 1450 1021 1512 ἑαυτοὺς
1066 1449 1161 1500 καὶ
1203 1449 1329 1510 τοὺς
1367 1448 1634 1516 ἀδελφοὺς
1671 1447 1940 1518 πολεμοῦ-

345 1559 451 1614 μεν
473 1557 486 1572 ⁸
540 1543 669 1606 τοὺς
697 1541 753 1595 δὲ
794 1541 1056 1611 δαίμονας
1099 1541 1300 1610 μᾶλλον
1330 1541 1398 1594 δι’
1421 1540 1601 1595 αὐτῶν
1642 1540 1941 1612 Θεραπεύο-

347 1653 474 1707 μεν,
504 1636 644 1706 ὑπὲρ
677 1635 857 1689 αὐτῶν
886 1639 998 1697 τοῖς
1029 1634 1340 1705 ἀνθρώποις
1373 1635 1696 1707 μαχόμενοι.

423 1735 512 1800 ιη’.
541 1731 648 1784 Καὶ
669 1731 697 1782 6
728 1729 956 1798 ἀδελφὸς
985 1724 1140 1782 εἶπεν
1167 1745 1181 1759 ο
1219 1727 1408 1792 Οὕτως
1434 1729 1572 1799 ἔχει,
1596 1728 1783 1800 Πάτερ
1809 1745 1824 1760 ο
1846 1729 1940 1783 καὶ

342 1823 460 1893 γὰρ
489 1823 553 1876 ὲκ
571 1822 672 1892 τῆς
699 1822 959 1890 ἀμελείας
992 1839 1094 1890 μου
1132 1821 1220 1874 ἀεὶ
1273 1822 1642 1892 λαμϐάνουσιν
1688 1819 1944 1892 ἀφορμὰς

2039 631 2200 676 estote
2223 621 2366 688 Deo;
2388 622 2614 676 resistite
2638 631 2816 676 autem
2841 618 3071 685 diabolo,
3100 628 3147 673 et
3175 620 3338 690 fugiet
3360 637 3390 672 a
3412 619 3552 673 vobis
3575 618 3639 653 3"-

2041 713 2327 784 Siquidem
2356 713 2546 784 igitur,
2583 713 2663 768 uti
2708 713 2918 768 dictum
2951 720 3056 778 est,
3088 727 3281 767 eorum
3327 728 3449 780 qua:
3493 711 3644 765 dicta

2041 816 2172 864 sunt
2201 807 2525 862 memoriam
2554 807 2807 877 pervigili
2841 806 3026 859 animo
3052 806 3239 876 jugem
3271 813 3452 857 tecum
3495 803 3646 873 cogi-

2043 900 2418 970 tationemque
2441 898 2726 964 habueris,
2751 898 2967 952 Domini
2997 912 3227 966 scopum
3252 896 3482 966 ejusque
3507 911 3641 964 apo-

2041 992 2312 1047 stolorum
2352 1005 2515 1045 nosse
2560 991 2800 1060 poteris;
2838 1005 2902 1043 ac
2944 989 3201 1042 homines
3245 986 3471 1057 quidem
3514 985 3644 1039 dili~

2041 1100 2207 1156 gere,
2257 1099 2565 1154 eorumque
2599 1082 2824 1137 olfensze
2867 1082 3159 1146 misereri,
3211 1080 3489 1149 simulque
3512 1093 3646 1132 vero

2041 1177 2321 1233 daemones
2345 1175 2634 1232 charitatis
2665 1183 2804 1228 nutu
2834 1176 3040 1246 jugiter
3067 1174 3390 1243 impugnare
3429 1170 3643 1234 licebit.

2042 1269 2138 1324 Sin
2168 1275 2351 1341 autem
2390 1268 2584 1322 molles
2612 1283 2676 1322 ac
2706 1267 3046 1337 negligentes
3076 1279 3383 1335 segnesque
3419 1277 3633 1323 sumus,

2042 1362 2470 1431 carnalibusque
2517 1361 2895 1432 voluptatibus
2939 1358 3186 1412 animum
3240 1355 3641 1426 immergimus,

2041 1467 2154 1507 non
2181 1453 2293 1523 jam
2328 1451 2642 1517 daemones,
2680 1451 2776 1506 sed
2827 1449 2931 1520 ipsi
2980 1465 3082 1504 nos
3126 1448 3435 1516 fratresque
3465 1446 3644 1514 impu-

2043 1561 2275 1617 gnamus
2303 1563 2316 1598 :
2345 1553 2507 1614 atque
2532 1544 2621 1598 his
2649 1543 2824 1614 magis
2848 1542 3082 1596 colimus
3106 1541 3404 1603 daemones,
3433 1538 3488 1591 in
3511 1551 3648 1606 quo-

2045 1651 2168 1690 rum
2201 1635 2432 1706 gratiam
2470 1634 2525 1688 in
2555 1633 2812 1687 homines
2843 1645 3178 1702 grassamus.

2118 1726 2205 1781 18.
2235 1725 2325 1779 Ait
2350 1725 2522 1779 frater
2552 1741 2565 1776 :
2593 1724 2670 1777 lta
2697 1738 2755 1777 se
2784 1721 2900 1776 fere
2927 1736 3018 1775 res
3043 1720 3234 1783 habet,
3263 1717 3426 1772 Pater
3454 1732 3467 1768 :
3494 1729 3644 1768 sem-

2047 1834 2148 1890 per
2180 1818 2330 1872 enim
2379 1832 2447 1871 ex
2493 1832 2613 1871 mea
2655 1813 2986 1885 negligentia
3023 1811 3304 1866 daemones
3353 1797 3648 1862 adversum

347 1889 476 1967 κατ’
511 1889 645 1985 ἐμοῦ
681 1889 1018 1983 οἰῗδαίμονες
1046 1930 1059 1942 ·
1110 1913 1251 1967 ἀλλά
1287 1889 1595 1984 παρακαλῶ
1627 1931 1709 1976 σε,
1740 1889 1945 1984 Πάτερ,

2063 1923 2140 1963 me
2169 1915 2398 1963 sumunt
2419 1907 2756 1962 occasiones.
2783 1905 2890 1959 Sed
2916 1904 3113 1958 amabo
3140 1911 3214 1967 te,
3240 1900 3434 1964 dicito,
3457 1899 3646 1963 Pater,

343 2005 529 2057 εἰπεῖν
564 2021 676 2075 μοι,
719 2003 836 2067 πῶς
865 2005 1067 2071 ὀφείλω
1110 2003 1420 2075 κτήσασθαι
1464 2005 1648 2075 νῆψιν.
1696 2004 1805 2057 Καὶ
1846 2005 1952 2057 ἀπ-

345 2095 548 2167 εκρίθη
573 2096 600 2148 6
623 2095 928 2166 γέρωνοοἩ
954 2096 1226 2166 παντελὴς
1249 2097 1357 2150 τῶν
1388 2099 1594 2168 γηΐνων
1625 2097 1951 2169 ἀμεριμνία,

347 2188 452 2243 καὶ
483 2191 517 2259 ἡ
548 2188 779 2258 συνεχὴς
819 2186 942 2259 [Ισίο.
975 2189 1212 2258 alterque
1247 2187 1326 2242 Μ.
1378 2189 1571 2261 συχνὴ]
1624 2190 1824 2261 μελέτη
1853 2190 1954 2260 τῆς

350 2281 507 2346 θείας
549 2282 776 2352 Γραφῆς
814 2281 971 2351 φέρει
1005 2281 1100 2352 τὴν
1145 2281 1324 2352 ψυχὴν
1354 2283 1434 2344 εἰς
1467 2283 1632 2349 φόϐον
1660 2283 1828 2335 Θεοῦ·
1862 2283 1955 2336 καλ⁴

351 2376 388 2426 ὁ
413 2373 509 2427 τοῦ
552 2373 689 2426 Θεοῦ
721 2374 883 2442 φόϐος
925 2373 1078 2443 φέρει
1117 2373 1217 2444 τὴν
1252 2374 1415 2444 νῆψιν
1437 2391 1449 2405 ·
1477 2376 1571 2428 καὶ
1596 2375 1717 2428 τότε
1746 2378 1778 2444 ἡ
1811 2373 1957 2445 ψυχὴ

357 2462 590 2536 ἄρχεται
619 2463 841 2533 βλέπειν
870 2465 997 2527 τοὺς
1021 2463 1235 2516 διάτῶν
1263 2464 1542 2534 λογισμῶν
1583 2463 1956 2534 πολεμοῦντας

360 2555 534 2627 αὐτὴν
587 2555 867 2626 δαίμονας,
923 2556 1017 2606 καὶ
1073 2555 1420 2626 ἀμύνασθαι·
1458 2557 1586 2623 περὶ
1630 2549 1704 2608 ὧν
1736 2557 1763 2608 ὁ
1794 2555 1958 2608 Δαῦὶδ

363 2649 590 2718 ἔλεγεν
648 2648 759 2703 Kal
810 2648 1048 2702 ἐπεῖδεν
1107 2651 1139 2701 ό
1193 2649 1506 2718 ὀφθαλμός
1554 2666 1674 2717 μου
1718 2647 1790 2701 ἐν
1834 2647 1958 2713 τοῖς

363 2739 602 2811 ἐχθροῖς
637 2757 778 2809 μου.
814 2739 957 2810 Πρὸς
992 2739 1197 2810 ταύτην
1249 2740 1348 2809 τὴν
1384 2741 1562 2810 πάλην
1595 2739 1686 2792 καὶ
1730 2741 1758 2792 6
1791 2755 1958 2807 κορυ-

365 2832 528 2899 φαῖος
551 2829 659 2882 τῶν
699 2828 1016 2883 ἀποστόλων
1045 2830 1250 2900 Πέτρος
1280 2829 1565 2899 διεγείρων
1611 2829 1738 2890 τοὺς
1784 2827 1960 2898 μαθη-

360 2921 483 2988 τὰς,
515 2922 669 2990 ἔλεγε
692 2936 706 2951 ·
736 2920 1007 2990 Νήψατε,
1045 2919 1478 2990 γρηγορήσατε,
1515 2919 1606 2972 ὅτι
1659 2921 1692 2973 ό
1733 2917 1958 2972 ἀντίδι-

362 3030 475 3078 κος
506 3009 678 3081 ὑμῶν
707 3010 1014 3076 διάϐολος,
1050 3013 1130 3076 ὡς
1158 3011 1316 3065 λέων
1343 3010 1684 3080 ὠρυόμενος
1714 3023 1963 3077 περιπα-

361 3105 472 3167 τεῖ.
498 3105 690 3173 ζητῶν
753 3105 888 3158 τίνα
919 3105 1181 3171 καταπίῃ
1201 3120 1215 3133 ·
1259 3097 1308 3171 ᾧ
1337 3105 1664 3172 ἀντίστητε
1715 3103 1956 3171 στερεοὶ

2052 2017 2161 2072 qua
2185 2002 2399 2055 ratione
2430 1999 2696 2068 consequi
2719 1997 2882 2051 liceat
2908 2003 3149 2050 mentem
3173 1991 3411 2047 sobriam
3434 2005 3498 2044 ac
3519 2005 3649 2059 per-

2052 2092 2296 2161 vigilem.
2344 2091 2426 2144 Ad
2467 2106 2631 2160 quem
2683 2105 2886 2152 senex,
2934 2087 3214 2155 Abnegata
3261 2082 3444 2138 omnis
3489 2083 3650 2150 plane

2054 2192 2406 2238 terrenorum
2440 2198 2592 2246 cura,
2621 2181 2880 2253 jugisque
2908 2178 3109 2232 divina:
3138 2176 3438 2244 Scriptura:
3468 2171 3652 2226 medi-

2056 2275 2215 2341 tatio,
2243 2277 2298 2329 in
2322 2275 2420 2330 Dei
2451 2275 2706 2330 timorem
2734 2274 2954 2337 ferunt;
2983 2269 3194 2338 Deique
3228 2268 3394 2322 timor
3427 2265 3650 2334 vigilem

2056 2379 2222 2440 atque
2254 2369 2503 2424 sobrium
2531 2373 2753 2436 praestat
2785 2364 3030 2419 animum
3058 2380 3071 2414 :
3113 2361 3308 2429 hisque
3331 2359 3422 2412 ille
3457 2356 3652 2421 fultus,

2055 2467 2248 2522 videre
2280 2465 2476 2534 incipit
2500 2464 2778 2518 dremones
2813 2459 3214 2529 cogitationum
3248 2455 3364 2509 acie
3390 2454 3536 2507 bello
3570 2451 3655 2506 fa-

2058 2561 2316 2631 tigantes,
2344 2565 2510 2626 atque
2536 2569 2632 2608 eos
2655 2553 2878 2618 ulcisci;
2909 2551 2976 2605 de
2998 2549 3202 2620 quibus
3227 2546 3411 2600 aiebat
3440 2543 3611 2599 David
3638 2558 3652 2594 :

2061 2654 2128 2707 Et
2158 2667 2320 2721 super
2346 2650 2585 2703 inimicos
2630 2663 2768 2702 meos
2810 2644 3040 2713 inspexit
3071 2638 3251 2693 oculus
3287 2653 3434 2690 meus
3475 2636 3539 2687 ³⁹.
3573 2633 3657 2688 Ad

2059 2745 2205 2798 hanc
2238 2756 2459 2811 quoque
2496 2740 2697 2793 luctam
2732 2737 2930 2790 Petrus
2975 2732 3234 2801 princeps
3279 2726 3655 2797 apostolorum

2061 2833 2363 2902 discipulos
2383 2831 2653 2893 excitans,
2675 2830 2857 2898 ajebat
2883 2843 2896 2878 :
2927 2823 3098 2879 Sobrii
3125 2829 3307 2885 estote,
3333 2828 3382 2873 et
3408 2818 3658 2888 vigilate;

2062 2926 2186 2995 quia
2221 2923 2557 2976 adversarius
2591 2927 2760 2972 vester
2792 2916 3056 2979 diabolus,
3083 2914 3247 2984 376
3283 2922 3540 2982 tanquam
3579 2909 3660 2963 leo

2063 3018 2300 3087 rugiens,
2339 3014 2523 3067 circuit
2571 3026 2812 3082 quaerens
2857 3024 3016 3079 quem
3050 3008 3278 3070 devoret,
3317 3005 3399 3057 cui
3435 3004 3662 3056 resistite

2065 3109 2226 3179 fortes
2259 3109 2318 3162 in
2359 3106 2463 3174 ﬁde
2497 3105 2563 3158 "°.
2600 3104 2744 3170 Quin
2780 3101 2949 3157 etiam
2989 3099 3258 3154 Dominus
3287 3115 3299 3150 :
3332 3095 3576 3166 Vigilate,
3613 3101 3664 3146 et

362 3195 441 3266 τῇ
458 3198 682 3250 πίστει’
714 3196 808 3250 καὶ
835 3195 1082 3266 ὁΚύριος
1111 3195 1168 3248 δέ
1188 3211 1201 3224 ·
1237 3196 1598 3264 Γρηγορεῖτε
1644 3195 1741 3249 καὶ
1769 3210 1957 3265 προσ-

2067 3210 2235 3266 orate,
2264 3208 2320 3254 ut
2345 3216 2451 3254 non
2473 3198 2682 3252 intretis
2707 3197 2762 3250 in
2785 3195 3132 3248 tentationem
3158 3191 3227 3243 "l.
3253 3188 3359 3243 Sed
3381 3196 3437 3242 et
3468 3187 3663 3240 Eccle-

364 3289 640 3357 εὐχεσθε,
678 3289 780 3341 ἵνα
807 3288 893 3356 μὴ
922 3287 1237 3354 εἰσέλθητε
1275 3288 1362 3352 εἰς
1409 3287 1769 3356 πειρασμόν.
1813 3286 1871 3338 '0
1905 3286 1962 3339 δὲ

380 3381 810 3452 Ἐκκλησιαστής
869 3397 1053 3450 φησιν’
1117 3379 1260 3435 Ἐὰν
1282 3380 1521 3449 πνεῦμα
1549 3380 1656 3434 τοῦ
1679 3378 1962 3442 ἐξουσιά-

370 3471 572 3542 ζοντος
629 3472 824 3541 ἀναϐῇ
860 3472 958 3526 ἐπὶ
1014 3471 1110 3537 σὲ,
1152 3473 1342 3526 τόπον
1393 3486 1512 3526 σου
1537 3471 1624 3541 μὴ
1655 3471 1818 3541 ἀφῇς
1859 3469 1958 3544 [αι.

373 3566 572 3641 εὖροι].
599 3568 776 3632 Τόπος
807 3567 864 3620 δὲ
893 3567 988 3620 τοῦ
1030 3566 1121 3621 νοῦ
1157 3569 1362 3636 ἐστινὴ
1404 3567 1597 3638 ἀρετὴ,
1631 3567 1726 3619 καὶ
1753 3568 1787 3636 ἡ
1822 3565 1965 3634 γνῶ-

382 3673 489 3723 σις,
527 3657 625 3711 καὶ
659 3659 688 3710 6
719 3657 879 3727 φόϐος
910 3656 1003 3710 τοῦ
1030 3656 1190 3711 Θεοῦ.
1232 3657 1291 3710 '0
1314 3657 1373 3710 δὲ
1427 3654 1744 3725 θαυμαστὸς
1805 3655 1964 3707 Ἀπό-

386 3749 569 3815 στολος
605 3749 801 3822 σφόδρα
830 3751 1111 3821 νηφόντως
1137 3751 1233 3804 καὶ
1266 3735 1535 3819 γενναίως
1559 3749 1963 3819 ἀγωνιζόμενος

380 3841 596 3912 ἔλεγενο
645 3843 746 3898 Ἔν
785 3843 965 3912 σαρκὶ
1017 3845 1128 3913 γὰρ
1163 3841 1672 3912 περιπατοῦντες,
1711 3843 1782 3895 οὐ
1815 3841 1966 3896 κατὰ
2003 3827 2006 3836 ’

373 3935 572 4006 σάρκα
596 3937 1061 4006 στρατευόμεθα.
1101 3937 1177 3990 Τὰ
1198 3938 1306 4006 γὰρ
1332 3935 1494 3989 ὅπλα
1521 3933 1630 4002 τῆς
1649 3934 1968 4002 στρατείας

367 4029 542 4098 ’ἡμῶν
605 4032 679 4084 οὐ
727 4031 1015 4098 σαρκικὰ,
1063 4028 1226 4084 ἀλλὰ
1272 4028 1505 4082 δυνατὰ
1535 4027 1617 4094 τῷ
1649 4027 1772 4092 Θεῷ
1816 4028 1968 4096 πρὸς

366 4121 728 4189 καθαίρεσιν
765 4120 1198 4191 ὀχυρωμάτων
1239 4120 1574 4190 λογισμοὺς
1615 4120 1970 4190 καθαιροῦν-

364 4229 494 4280 τες,
527 4212 629 4266 καὶ
658 4211 782 4269 πᾶν
807 4214 1025 4282 ὕψωμα
1058 4213 1458 4282 ἐπαιρόμενον
1485 4211 1636 4275 κατὰ
1666 4211 1777 4281 τῆς
1818 4209 1968 4281 γνώ-

362 4321 531 4371 σεως
560 4305 670 4360 τοῦ
700 4305 848 4360 Θεοῦ
866 4323 880 4338 ο
927 4307 1026 4359 καὶ
1058 4303 1600 4375 αἰχμαλωτίζοντες
1622 4303 1748 4359 πᾶν
1774 4306 1973 4372 νόημα

359 4399 464 4465 εις
496 4396 612 4467 τὴν
639 4397 924 4466 ὑπακοὴν
976 4397 1084 4452 τοῦ
1127 4396 1389 4465 Χριστοῦ
1416 4412 1429 4425 ⁸
1486 4396 1588 4451 καὶ
1639 4397 1710 4450 ἐν
1759 4396 1974 4465 ἑτοίμῳ

360 4490 626 4561 ἔχοντες
659 4489 977 4559 ἐκδικῆσαι
1002 4489 1211 4545 πᾶσαν
1239 4489 1574 4558 παρακοήν.
1607 4489 1731 4542 Ἐὰν
1758 4484 1850 4543 οῦν
1881 4488 1975 4542 καὶ

2067 3294 2263 3349 siastes
2290 3293 2370 3346 ait
2398 3308 2412 3344 :
2441 3288 2498 3344 Si
2519 3290 2737 3359 spiritus
2766 3293 3078 3357 potestatem
3101 3282 3339 3336 habentis
3366 3278 3663 3333 ascenderit

2064 3403 2223 3457 super
2257 3394 2323 3450 te,
2357 3383 2529 3437 locum
2560 3389 2710 3434 tuum
2756 3395 2821 3432 ne
2863 3377 3122 3431 dimiseris
3157 3374 3224 3427 “.
3276 3373 3449 3427 Porro
3494 3368 3666 3424 animi

2064 3480 2241 3541 locus,
2269 3477 2450 3532 virtus
2485 3482 2570 3530 est
2612 3481 2670 3528 et
2699 3469 2954 3533 scientia,
2991 3483 3056 3522 ac
3100 3467 3266 3520 timor
3309 3463 3427 3518 Dei.
3475 3459 3667 3515 Admi-

2065 3570 2275 3626 randus
2303 3576 2488 3623 autem
2522 3563 2840 3635 Apostolus,
2862 3559 3046 3615 sobrie
3077 3557 3374 3612 admodum
3409 3562 3666 3608 strenue-

2067 3677 2176 3733 que
2221 3661 2534 3723 decertans,
2583 3655 2766 3710 aiebat
2794 3672 2807 3708 :
2834 3653 2897 3707 In
2938 3667 3098 3705 carne
3128 3649 3267 3703 enim
3310 3644 3664 3710 ambulantes,

2068 3771 2174 3809 non
2203 3751 2490 3806 secundum
2515 3763 2730 3803 carnem
2769 3744 3079 3799 militamus.
3109 3740 3248 3794 Nam
3280 3754 3432 3792 arma
3463 3735 3668 3790 militia:

2067 3852 2264 3899 nostra:
2307 3857 2411 3894 non
2445 3837 2689 3893 carnalia
2723 3842 2868 3899 sunt,
2900 3832 2991 3887 sed
3030 3830 3266 3902 potentia
3297 3827 3408 3882 Deo
3452 3826 3522 3880 ad
3573 3825 3667 3877 de-

2067 3935 2410 3992 structionem
2439 3929 2828 3990 munitionum;
2855 3919 3076 3976 consilia
3105 3920 3450 3981 destruentes,
3484 3924 3532 3969 et
3556 3931 3670 3968 om-

2068 4043 2191 4084 nem
2227 4011 2562 4080 altitudinem
2609 4015 2948 4072 extollentem
2996 4028 3051 4066 se
3098 4011 3348 4066 adversus
3393 4007 3670 4061 scientiam

2068 4119 2201 4183 Dei;
2236 4125 2285 4170 et
2308 4116 2362 4169 in
2393 4111 2753 4183 captivitatem
2783 4105 3076 4175 redigentes
3108 4117 3314 4156 onmem
3341 4097 3671 4152 intellectura

2069 4212 2126 4265 in
2159 4207 2460 4277 obsequium
2485 4201 2721 4256 Christi:
2749 4207 2797 4251 et
2837 4199 2894 4251 in
2918 4203 3165 4266 promptu
3201 4193 3448 4246 habentes
3489 4188 3671 4243 ulcisci

2072 4315 2281 4356 omnem
2307 4293 2714 4350 inobedientiam
2736 4288 2802 4343 "’.
2828 4288 2886 4342 Si
2915 4287 3084 4358 igitur
3120 4294 3178 4340 tu
3199 4285 3421 4354 quoque
3451 4287 3674 4336 sanctos

2074 4394 2322 4450 imitatus
2365 4387 2558 4453 fueris,
2605 4383 3008 4455 operosiusque
3055 4381 3172 4436 Deo
3202 4375 3507 4442 vacaveris,
3542 4373 3676 4445 vigil

2075 4495 2240 4557 atque
2273 4481 2493 4538 sobrius
2523 4478 2658 4535 eris.

362 4583 442 4637 σὺ
478 4573 694 4655 μιμῖήσῃ
745 4583 873 4647 τοὺς
913 4583 1124 4652 ἁγίους,
1165 4583 1260 4637 καὶ
1295 4583 1550 4654 ὲμπόνως
1583 4582 1854 4654 σχολάσῃς
1899 4582 1977 4654 τῷ
2007 4585 2056 4645 D

356 4673 522 4746 Θεῷ,
557 4675 660 4748 ἔσῃ
681 4676 819 4746 νηφό
826 4693 987 4746 μενος
998 4720 1012 4734 ,
1024 4693 1037 4716 ι

449 4767 541 4822 ιϐ’.
571 4769 732 4821 Καὶό
774 4769 1026 4838 Ἀδελφὸς
1051 4765 1174 4822 εἷπε
1197 4787 1210 4799 ·
1243 4770 1352 4822 Καὶ
1379 4769 1432 4821 τί
1449 4767 1648 4837 ὤφειλὲ
1678 4786 1760 4830 τις
1779 4771 1974 4836 ποιεῖν,

350 4863 587 4950 ηάτερ,
624 4862 716 4916 ἵνα
747 4861 1115 4925 ἀδιαλείπτως
1143 4863 1348 4932 δυνηθῇ
1385 4861 1670 4932 σχολάζειν
1713 4861 1791 4931 τῷ
1819 4861 1975 4931 Θεῷ;

349 4951 494 5016 Καὶ
544 4955 818 5026 ἀπεκρίθη
867 4957 894 5009 ὁ
937 4955 1136 5026 γέρωνο
1198 4955 1488 5008 Ἀδύνατον
1519 4954 1581 5006 τὸ
1605 4954 1730 5007 νοῦν
1757 4955 1979 5018 τελείως

261 5177 268 5180 .
348 5182 349 5187 η
456 5162 459 5165 “
486 5170 489 5171 ν
510 5151 559 5183 κβ,
615 5156 623 5170 ¹

286 5190 383 5215 δι”*’ἑπ
404 5196 429 5221 ’τί
448 5190 471 5223 ἐιι
486 5190 511 5213 7::

259 5229 268 5236 ,
335 5223 374 5234 ,...
412 5214 523 5233 ηιμ-επ

259 5239 262 5242 -
297 5237 316 5244 -
331 5235 340 5242 ο
440 5234 489 5255 ,4η
504 5234 527 5255 εί
541 5243 546 5248 .

281 5273 316 5294 ἀι’
422 5268 439 5293 ,u‘
450 5256 473 5291 κε
502 5260 539 5289 Ἢν
556 5258 612 5287 ’⁸1ὶο

306 5314 368 5338 ιμ’-’-
398 5314 403 5323 ³
444 5312 453 5317 ο
556 5301 588 5339 ’ἰ
621 5329 623 5339 l

261 5339 279 5352 '1'.

259 5413 272 5420 ιι

259 5045 651 5127 ζῇεΜαι
671 5046 749 5116 τῷ
783 5047 926 5116 Θεῷ,
951 5047 1044 5099 ἐὰν
1080 5046 1154 5115 μὴ
1187 5046 1284 5109 τὰς
1309 5049 1459 5115 τρεῖς
1480 5045 1684 5108 ταύτας
1707 5048 1978 5116 κτήσηται

615 5156 628 5170 ·
664 5139 764 5210 τὴν
801 5139 1021 5210 ἀγάπην
1054 5140 1218 5207 λέγω,
1260 5140 1354 5190 καὶ
1383 5140 1483 5208 τὴν
1509 5139 1837 5210 ἐγκράτειαν
1885 5141 1980 5194 καὶ

259 5224 848 5317 ᾖέὥοσευχήν.
894 5232 961 5284 Ἡ
995 5231 1094 5300 μὲν
1129 5232 1236 5302 γὰρ
1263 5231 1476 5301 ἀγάπη,
1524 5233 1724 5302 ἡμεροί
1755 5233 1846 5285 τὸν
1887 5233 1980 5285 Ου-

617 5326 675 5379 δὲ
699 5323 996 5395 ἐγκράτεια
1024 5323 1121 5394 (a),
1160 5323 1412 5394 μαραίνει
1438 5325 1535 5394 τὴν
1572 5325 1870 5395 ἐπιθυμίαν
1894 5341 1908 5356 ·
1944 5325 1977 5396 ἡ

480 5403 784 5490 προσευχὴν
825 5417 1048 5488 χωρίζει
1075 5416 1166 5472 τὸν
1201 5416 1324 5470 νοῦν
1376 5417 1594 5471 πάντων
1631 5418 1740 5470 τῶν
1772 5417 1979 5486 νοημάο

351 5637 403 5692 5
449 5560 508 5687 ἔ
532 5559 644 5614 Iac.
679 5577 752 5624 ιν,
787 5560 840 5613 7.
948 5558 992 5591 ³9
1021 5559 1166 5613 Psal.
1197 5574 1308 5622 LIII,
1342 5557 1395 5612 9.

590 5347 596 5396 ι

1495 5556 1540 5588 "°
1578 5557 1600 5611 Ι
1631 5558 1780 5612 Petr.
1809 5575 1863 5623 v,
1903 5558 1956 5614 8.

462 5745 550 5817 (a)
602 5744 760 5817 Quod
788 5745 882 5800 hic
914 5743 1209 5817 peculiaris
1233 5743 1412 5798 virtus
1440 5742 1668 5806 dicitur,
1693 5743 1810 5813 ipsa
1841 5759 1987 5798 mar-

360 5815 622 5880 cescere
665 5815 894 5880 faciens,
916 5815 1312 5884 ’edomansque
1337 5829 1401 5868 ac
1431 5828 1722 5868 maecrans
1773 5828 1983 5868 concu-

375 5886 754 5965 piscentiam,
812 5887 951 5944 nihil
1024 5885 1173 5944 aliud
1225 5893 1308 5942 est
1377 5899 1542 5955 quam
1591 5885 1860 5954 ieiunium
1928 5894 1983 5942 et

2151 4774 2237 4829 19.
2270 4772 2471 4842 Aitque
2513 4769 2685 4825 frater
2712 4783 2726 4821 :
2758 4766 3035 4833 Quidnam
3067 4775 3222 4824 vero,
3249 4761 3432 4822 Pater,
3477 4755 3679 4825 aliquis

2079 4867 2327 4924 facturus
2349 4867 2439 4928 sit,
2464 4873 2524 4918 ut
2553 4862 2775 4918 assidue
2797 4861 2911 4915 Deo
2937 4871 3133 4912 vacare
3164 4853 3377 4925 possit?
3406 4851 3483 4906 Ad
3513 4864 3679 4920 quem

2081 4975 2251 5015 senex
2285 4957 2471 5012 :Fieri
2520 4971 2634 5010 non
2685 4959 2871 5024 potest
2920 4959 2979 5005 ut
3029 4947 3246 5004 animus
3290 4945 3532 5016 perfecte
3569 4943 3680 4996 Deo

2079 5057 2258 5114 vacet,
2288 5047 2396 5102 nisi
2429 5057 2539 5101 tres
2572 5045 2706 5098 istas
2738 5043 2970 5096 virtutes
3002 5036 3314 5109 paraverit;
3355 5047 3551 5102 nempe
3592 5031 3681 5084 di-

2080 5141 2397 5205 lectionem,
2431 5136 2821 5192 abstinentiam
2867 5135 2988 5204 (seu
3033 5129 3328 5201 jejunium)
3373 5134 3429 5180 et
3470 5124 3681 5178 oratio-

2080 5248 2230 5287 nem.
2267 5230 2499 5286 Dilectio
2529 5230 2681 5283 enim
2727 5226 2866 5280 iram
2911 5224 3067 5278 lenit.
3116 5219 3399 5291 Jejunium
3433 5233 3527 5273 seu
3554 5215 3683 5269 abs-

2085 5324 2320 5381 tinentia
2357 5322 2715 5393 cupiditatem
2752 5319 2974 5374 edomat
3012 5325 3177 5384 atque
3204 5320 3474 5375 macerat;
3508 5307 3684 5363 oratio

2086 5420 2157 5475 ab
2195 5418 2457 5474 omnibus
2500 5414 2773 5470 abstrahit
2817 5407 3262 5482 cogitationibus,
3314 5405 3528 5474 ipsique
3573 5400 3685 5454 Deo

2057 5557 2100 5590 "‘
2152 5557 2345 5613 Matth.
2377 5571 2526 5625 xxvi,
2571 5553 2661 5608 4-1.
2772 5552 2817 5583 δ’
2855 5547 3041 5606 Eccle.
3073 5563 3128 5613 x,
3161 5545 3215 5599 4.
3321 5543 3364 5574 ⁸³
3399 5540 3443 5594 ll
3470 5538 3593 5594 Cor.
3629 5552 3684 5602 ς,

2094 5746 2465 5811 abstinentia;
2508 5758 2631 5814 qua:
2679 5741 2861 5814 virtus
2908 5736 3264 5811 potissimum
3312 5729 3532 5801 corpori
3569 5743 3686 5786 me-

2092 5820 2275 5885 detur,
2311 5827 2370 5873 ut
2391 5826 2448 5874 et
2477 5812 2656 5873 oratio
2677 5812 2884 5869 animo.
