4070 6420
461 367 567 423 9‘27

1624 367 1685 427 S.
1726 362 2015 426 ΜΑΧΙΜΙ
2055 354 2572 424 CONFESSORIS

3631 362 3756 426 923

452 475 664 530 nudum
703 475 867 532 sistit.
904 473 998 532 Hae
1027 475 1194 547 igitur
1224 482 1339 532 tres
1367 475 1620 544 virtutes,
1652 485 1882 532 cunctas
1909 476 2044 530 alias

2153 490 2276 538 των,
2307 473 2404 526 καὶ
2440 471 2591 543 αὐτῷ
2610 471 2772 527 αὐτὸν
2794 473 3090 546 παρίστησι
3122 471 3328 544 γυμνὸν
3354 471 3432 546 τῷ
3459 471 3598 544 Θεῷ.
3633 466 3758 528 Atio

453 567 686 622 virtutes
715 568 1176 638 complectuntur,
1209 586 1274 626 ac
1307 571 1413 627 nisi
1451 572 1560 626 illis
1602 571 1772 628 fultus
1801 571 2036 635 animus,

452 658 566 712 Deo
596 675 790 714 vacare
819 676 926 715 non
957 670 1158 732 potest.

521 828 610 882 20.
646 828 738 884 Ait
773 829 944 886 frater
968 848 982 884 :
1013 831 1185 904 Rogo,
1213 835 1395 901 Pater,
1421 843 1481 891 ut
1503 834 1708 892 discam
1733 851 1799 891 ex
1828 844 1902 903 te,
1933 853 2041 907 qua

452 920 662 976 ratione
683 922 908 977 dilectio
935 924 1072 978 iram
1101 926 1272 982 leniat
1295 935 1351 982 et
1383 924 1721 998 mitiget.’Ad
1757 944 1920 996 quem
1951 944 2042 984 se-

453 1027 557 1064 nex
580 1031 590 1064 :
611 1011 748 1077 Quia
771 1013 984 1069 scilicet
1005 1018 1126 1087 ejus
1141 1026 1226 1073 est
1245 1019 1522 1081 misereri,
1545 1018 2040 1090 inqudproximum

453 1102 719 1157 beneﬁcia
752 1103 1024 1170 conferre,
1053 1113 1111 1160 et
1137 1105 1204 1160 ad
1233 1107 1386 1160 illum
1414 1107 1595 1161 lenem
1621 1122 1740 1161 esse
1768 1121 1832 1160 ac
1857 1107 2044 1177 longa-

451 1195 678 1258 nimem,
706 1195 991 1266 illatasque
1019 1197 1089 1252 ab
1117 1214 1183 1252 eo
1214 1198 1462 1271 injurias,
1499 1207 1560 1253 ut
1603 1199 1802 1268 sepius
1833 1199 2042 1254 dictum

451 1295 555 1348 est,
590 1287 862 1356 patienter
893 1288 1056 1343 ferre.
1087 1289 1214 1344 llaec
1247 1306 1379 1361 ergo
1413 1307 1538 1345 cum
1570 1290 1792 1345 dilectio
1818 1289 2040 1356 habeat,

452 1377 592 1448 ejus,
627 1379 717 1446 qui
758 1379 847 1432 illa
896 1381 1202 1436 instructus
1235 1382 1326 1446 sit,
1370 1382 1507 1437 iram
1549 1382 1686 1437 lenit
1718 1392 1774 1436 et
1807 1382 2041 1452 mitigat.

454 1465 593 1520 Tum
628 1467 845 1522 frater:
891 1452 1012 1523 Non
1059 1471 1254 1541 exigua
1301 1479 1432 1526 sunt
1475 1471 1596 1542 ejus
1643 1485 1871 1525 munera
1903 1487 1916 1524 :
1946 1470 2044 1526 sed

453 1554 648 1611 beatus
697 1556 785 1610 cui
839 1557 999 1613 licuit
1049 1575 1170 1614 eam
1221 1561 1471 1630 adipisci.
1525 1561 1640 1632 Ego
1684 1576 1816 1616 sane
1867 1559 1936 1614 ab
1979 1575 2046 1615 ea

453 1649 647 1716 procul
683 1657 928 1703 remotus
958 1665 1101 1704 sum.
1131 1649 1424 1716 Czeterum,
1459 1667 1612 1719 rogo,
1648 1652 1834 1717 Pater,
1871 1660 1933 1707 ut
1963 1651 2046 1707 di-

372 1758 378 1764 ’
453 1752 547 1792 cas
577 1739 708 1807 quid
737 1741 810 1793 sit
841 1739 1219 1811 μακροθυμεῖν
1245 1745 1366 1809 (nos
1392 1741 1644 1796 dicamus
1671 1740 2048 1814 longanimiter

453 1841 612 1896 agere
640 1827 863 1897 lenique
887 1829 1152 1898 patientia
1182 1832 1348 1898 esse).

520 1917 612 1970 21.
643 1919 949 1988 Respondit
980 1935 1149 1975 senex
1181 1938 1196 1975 :
1228 1921 1436 1993 Nempe
1480 1922 1610 1978 forti
1645 1924 1830 1980 animo
1859 1923 1915 1979 in
1945 1925 2045 1980 ad-

448 2008 626 2062 versis
649 2023 790 2074 esse,
819 2025 884 2064 ac
914 2011 1055 2064 mala
1082 2011 1379 2079 sustinere,
1413 2012 1848 2084 tentationisque
1875 2029 2050 2084 oppe-

451 2099 550 2155 riri
597 2101 784 2166 linem,
825 2119 928 2159 nec
968 2104 1106 2159 iram
1153 2113 1362 2161 temere
1389 2107 1658 2176 proferre,
1701 2117 1799 2163 aut
1835 2123 2049 2163 sermo-

453 2207 578 2247 nem
624 2193 774 2262 loqui
809 2193 864 2247 in
915 2195 1255 2264 insipientia,
1300 2196 1387 2250 vel
1419 2198 1687 2268 suspicari
1718 2197 1925 2268 aliquid
1955 2205 2052 2254 aut

451 2281 725 2350 cogitare,
783 2283 932 2351 quod
981 2285 1165 2338 virum
1216 2285 1536 2355 religiosum
1586 2285 1770 2340 minus
1821 2285 2048 2352 deceat,

451 2373 917 2440 quemadmodum
945 2374 1023 2428 ait
1051 2373 1333 2445 Scriptura
1357 2394 1370 2430 :
1405 2375 1577 2447 Usque
1602 2378 1672 2431 ad
1696 2385 1902 2448 tempus
1931 2393 2050 2430 sus-

451 2463 635 2516 tinebit
669 2463 774 2518 leni
813 2466 1072 2534 patientia
1108 2466 1271 2536 3'77
1307 2468 1408 2533 vir,
1443 2476 1493 2520 et
1517 2477 1698 2538 postea
1732 2477 1970 2538 erumpet
2005 2471 2053 2523 ei

443 2551 756 2620 jucunditas
805 2573 824 2610 :
866 2573 1028 2628 usque
1071 2559 1126 2611 in
1177 2567 1382 2629 tempus
1419 2561 1577 2613 verba
1623 2561 1955 2634 comprimet,
2002 2568 2054 2614 et

453 2645 742 2701 multorum
768 2646 911 2702 labia
940 2650 1270 2704 enarrabunt
1301 2653 1416 2722 ejus
1443 2652 1785 2723 prudentiam
1807 2651 1872 2706 “.

518 2830 611 2886 22.
649 2830 777 2887 Haec
823 2832 992 2903 igitur
1029 2833 1464 2904 longanimitatis
1497 2833 1663 2906 (lenis
1695 2835 1912 2891 scilicet
1954 2851 2053 2906 pa-

453 2920 684 2991 tientiae)
729 2921 931 2976 indicia
974 2929 1102 2976 sunt
1141 2939 1370 2994 :neque
1416 2923 1472 2978 id
1505 2924 1692 2991 modo,
1729 2925 1825 2980 sed
1867 2935 1925 2982 et
1967 2941 2055 2980 se-

455 3010 638 3080 ipsum
679 3012 1005 3067 tentationis
1038 3028 1262 3068 causam
1302 3014 1643 3080 existimare,
1676 3016 1797 3087 ejus
1831 3016 2054 3072 virtutis

453 3109 540 3159 est
573 3104 878 3174 proprium.
919 3104 1246 3160 Forte-vero
1275 3105 1443 3159 etiam
1487 3105 1568 3160 sic
1609 3121 1669 3161 se
1717 3121 1805 3161 res
1848 3106 2046 3173 habet;

2143 580 2232 616 ται
2261 558 2356 616 οὖν
2377 563 2432 616 αἱ
2462 566 2610 635 τρεῖς
2637 563 2852 636 ἀρεταὶ,
2878 564 3386 636 συμπεριληπτικαί
3409 565 3518 616 εἱσι
3543 562 3746 616 πασῶν

2141 656 2252 707 τῶν
2284 655 2495 726 ἀρετῶν
2519 673 2533 688 ο
2560 657 2654 709 καὶ
2681 657 2810 712 ἄνευ
2840 656 3046 711 τούτων
3073 657 3102 708 6
3123 655 3251 720 νοῦς
3271 657 3331 710 οὐ
3355 655 3579 709 δύναται
3609 670 3749 725 σχο-

2142 744 2328 811 λάζειν
2359 745 2438 818 τῷ
2468 746 2609 818 Θεῷ.
3349 802 3352 803 ,

2215 845 2286 893 κ’.
2320 840 2482 892 Καὶό
2533 838 2790 907 Ἀδελφὺς
2835 839 2952 896 εἷπε
2979 853 2996 869 θ
3033 835 3346 909 Παρακαλῶ
3400 853 3481 901 σε,
3530 836 3745 908 Πάτερ,

2148 931 2365 1001 μαθεῖν,
2405 931 2523 996 πῶς
2559 933 2594 1004 ἡ
2651 932 2840 1006 ἀγάπη
2892 933 3090 1001 ἡμεροῖ
3118 931 3209 983 τὸν
3243 929 3436 1000 θυμόν.
3486 930 3598 982 Καὶ
3627 930 3750 982 ἀπ·-

2143 1024 2338 1097 εκρίθη
2367 1027 2395 1078 6
2419 1025 2621 1095 γέρωνο
2659 1024 2880 1094 Ἐπειδὴ
2904 1024 3019 1094 ἔχει
3057 1023 3117 1076 τὸ
3148 1023 3338 1086 ἐλεεῖν,
3365 1023 3460 1076 καὶ
3487 1022 3550 1074 τὸ
3578 1023 3751 1092 εὐερ-

2143 1115 2324 1181 γετεῖν
2352 1113 2443 1166 τὸν
2485 1112 2714 1184 πλησίον
2740 1129 2754 1144 ο
2796 1113 2889 1168 καὶ
2918 1114 2982 1166 τὸ
3017 1112 3392 1184 μακροθυμεῖν
3436 1110 3526 1165 ἐπ’
3552 1111 3748 1178 αὐτὸν,

2144 1205 2241 1259 καὶ
2264 1204 2324 1257 τὸ
2351 1204 2642 1275 ὑπομένειν
2667 1206 2736 1260 τὰ
2763 1206 2855 1258 ὑπ’
2878 1205 3044 1258 αὑτοῦ
3076 1204 3415 1274 ὲπαγόμενα,
3437 1203 3513 1266 ὡς
3535 1203 3748 1257 πολλά-

2145 1312 2234 1356 κις
2260 1297 2582 1368 εἰρήκαμεν.
2617 1297 2803 1352 Ταῦτα
2851 1293 2944 1351 οὖν
2971 1295 3171 1368 ἔχουσα
3206 1299 3239 1366 ἠ
3293 1296 3504 1368 ἀγάπη,
3538 1297 3751 1367 ὴμεροῖ

2144 1387 2237 1441 τὸν
2278 1387 2448 1460 θυμὸν
2499 1390 2594 1444 τοῦ
2644 1390 2983 1461 κεκτημένου
3020 1388 3214 1460 αὐτήν.
3254 1388 3366 1442 Καὶ
3411 1389 3440 1442 6
3485 1387 3751 1458 Ἀδελφδς

2147 1477 2300 1536 εἷπε·
2333 1483 2410 1536 Οὐ
2471 1483 2648 1555 μικρά
2699 1481 2769 1536 τὰ
2819 1482 2956 1554 ἔργα
2985 1481 3192 1550 αὐτῆς·
3227 1479 3364 1534 ἀλλὰ
3413 1480 3688 1552 μακάριος
3719 1481 3754 1534 6

2145 1573 2442 1645 δυνάμενος
2463 1575 2772 1647 κτήσασθαι
2811 1575 3006 1645 αὐτήν.
3051 1573 3195 1642 Ἐγὼ
3231 1571 3289 1626 δὲ
3322 1571 3492 1636 ὅντως
3524 1570 3754 1642 μακράν

2147 1670 2262 1740 εἰμι
2295 1669 2390 1722 ἀπ’
2423 1669 2616 1739 αὐτῆς.
2647 1667 2797 1738 Πλὴν
2841 1663 3151 1738 Παρακαλῶ
3191 1682 3274 1732 σε,
3321 1663 3520 1736 πάτερ,
3568 1663 3756 1716 εἰπεῖν

2151 1775 2264 1828 μοι,
2290 1757 2345 1811 τί
2367 1757 2485 1810 ἐστι
2513 1757 2575 1811 τὸ
2599 1757 3000 1828 μακροθυμεῖν.

2223 1939 2330 1994 καῖ
2368 1939 2478 1993 Kal
2512 1938 2788 2010 ἀπεκρίθη
2817 1938 2846 1992 6
2874 1937 3055 2010 γέρων
3078 1953 3092 1968 ·
3128 1936 3202 1990 Τὸ
3237 1935 3600 2006 ἐγκαρτερεῖν
3631 1934 3754 1998 τοῖς

2148 2032 2364 2094 δεινοῖς.
2397 2031 2491 2082 καὶ
2521 2030 2583 2084 τὸ
2617 2029 2913 2100 ὑπομένειν
2940 2026 3158 2098 πονηρὰ
3177 2044 3191 2056 ·
3222 2027 3317 2080 καὶ
3351 2026 3414 2078 τὸ
3453 2024 3754 2094 ἀναμένειν

2149 2123 2210 2176 τὸ
2241 2122 2392 2187 τέλος
2411 2123 2506 2175 τοῦ
2535 2120 2869 2192 πειρασμοῦ,
2904 2121 2999 2174 καὶ
3032 2119 3092 2172 τὸ
3117 2118 3190 2190 μὴ
3220 2102 3438 2186 ἐξάγειν
3463 2115 3638 2186 θυμὸν
3673 2115 3756 2178 ὡς

2151 2214 2330 2285 ἔτυχε,
2354 2213 2487 2284 μηδὲ
2509 2213 2666 2282 λόγον
2685 2213 2866 2266 λαλεῖν
2890 2213 2948 2264 ὲν
2985 2209 3288 2281 ἀφροσύνῃ,
3328 2208 3462 2279 μηδὲ
3503 2208 3756 2260 ὑπονοεῖν

2151 2321 2205 2358 τι
2228 2303 2261 2372 ἢ
2294 2305 2497 2356 ἐννοεῖν
2519 2303 2628 2356 τῶν
2658 2304 2734 2375 μὴ
2759 2301 3079 2373 πρεπόντων
3098 2299 3360 2359 θεοσεϐεῖ,
3389 2295 3574 2361 καθὼς
3595 2291 3754 2350 εἴπεν

2150 2396 2185 2466 ἡ
2219 2394 2410 2466 Γραφή
2435 2412 2448 2424 ·
2487 2396 2642 2462 Ἕως
2662 2396 2873 2464 καιροῦ
2903 2395 3220 2460 ἀνθέξεται
3240 2394 3627 2464 μακρόθυμος
3649 2392 3749 2462 (ὁ),

2154 2487 2251 2543 καὶ
2283 2487 2542 2555 ὕστερον
2565 2485 2865 2543 erucem
2891 2487 3053 2553 αὐτῷ
3077 2489 3453 2560 εὐφροσύνηο
3485 2486 3597 2552 ἕως
3622 2503 3752 2540 καις

2145 2577 2262 2647 poi)
2298 2580 2517 2647 κρύψει
2541 2578 2684 2645 τοὺς
2706 2581 2932 2648 λόγους
2965 2580 3152 2635 αὐτοῦ
3174 2595 3189 2610 ο
3241 2577 3340 2632 καὶ
3371 2577 3546 2648 χείλη
3602 2579 3757 2630 πολ-

2153 2665 2281 2720 λῶν
2316 2666 2486 2739 [Sixt.
2527 2667 2770 2732 πιστῶν,
2822 2666 3093 2740 ﬁdelium]
3125 2667 3551 2738 ἐκδιητήσεται
3593 2666 3754 2720 σύγο

2152 2772 2293 2811 amr
2326 2758 2536 2812 αὐτοῦ.

2227 2850 2334 2922 κβθ.
2369 2849 2557 2904 Ταῦτα
2587 2845 2680 2904 οὖν
2699 2851 2817 2904 ἐστι
2837 2851 2908 2904 τὰ
2929 2849 3290 2922 γνωρίσματα
3330 2851 3432 2922 τῆς
3476 2849 3756 2924 μακροθυ-

2158 2941 2287 3012 μίας
2306 2957 2320 2972 ⁸
2359 2942 2419 2995 οὐ
2452 2942 2614 3012 μόνον
2638 2941 2716 3006 δὲ,
2751 2941 2888 2996 ἀλλὰ
2917 2940 3012 2994 καὶ
3045 2939 3371 3010 λογίσασθαι
3393 2939 3585 2994 ἑαυτὸν
3610 2936 3752 2994 εἶναι

2155 3030 2334 3084 αἴτιον
2361 3030 2455 3084 τοῦ
2489 3029 2822 3101 πειρασμοῦ,
2853 3030 2956 3100 τῆς
2990 3029 3378 3101 μακροθυμίας
3411 3029 3558 3082 ἐστὶν
3596 3029 3748 3084 ἴδιον.

2159 3123 2323 3186 Ἴσως
2342 3122 2398 3174 δὲ
2425 3123 2521 3176 καὶ
2542 3121 2716 3185 οὕτως
2738 3121 2854 3192 ἔχει
2871 3137 2886 3153 ο
2930 3119 3117 3192 ἐπειδὴ
3159 3119 3231 3173 τὰ
3279 3119 3450 3174 πολλὰ
3479 3119 3590 3172 τῶν
3613 3136 3753 3189 συμ-

455 3197 605 3267 quod
632 3212 824 3267 magna
852 3213 978 3267 pars
1011 3213 1227 3264 eorum,
1259 3213 1382 3268 quae
1415 3199 1576 3254 nobis
1604 3200 1888 3265 eveniunt,
1920 3200 2049 3256 inde

2527 3172 3120 3282 μῖν,πρδὲπαίδευσιν
3157 3213 3190 3284 ή
3199 3211 3316 3282 μῶν
3337 3172 3752 3280 ὲπισυμϐαίνει,

453 3288 708 3344 accidant
752 3297 813 3342 ut
851 3289 960 3344 illis
1004 3292 1338 3362 eastigemur
1376 3308 1440 3348 ac
1483 3291 1832 3360 erudiamur,
1867 3309 1932 3348 ac
1962 3293 2050 3348 vel

453 3378 732 3448 praeterita
768 3378 967 3435 delicta
1001 3381 1280 3447 tollantur,
1308 3382 1394 3437 vel
1425 3397 1534 3452 qua
1566 3391 1852 3452 torpemus
1879 3384 2055 3454 negli-

455 3469 639 3538 gentia
678 3471 1028 3538 emendetur,
1073 3480 1170 3528 aut
1211 3473 1452 3545 denique
1481 3485 1544 3530 ut
1574 3474 1776 3530 futuris
1810 3477 2052 3546 peccatis

454 3559 546 3613 via
580 3561 969 3630 praecludatur.
1002 3563 1106 3630 Qui
1155 3563 1325 3634 igitur
1369 3565 1556 3620 animo
1595 3573 1814 3635 reputat
1854 3582 1923 3621 ex
1963 3567 2052 3624 his

455 3651 680 3720 aliquod
708 3652 764 3706 in
799 3669 1147 3721 causa'esse,
1179 3671 1281 3711 cur
1307 3657 1544 3713 tentatio
1571 3674 1709 3714 .eum
1747 3659 2046 3728 exceperit,

453 3743 770 3811 vapulando
814 3761 926 3800 non
969 3745 1313 3818 indignatur,
1349 3751 1657 3820 praesertim
1687 3765 1814 3804 eum
1846 3761 1903 3806 et
1933 3751 2054 3822 ipse

455 3835 564 3894 sibi
600 3839 808 3906 peccati
853 3840 1110 3895 conscius
1145 3841 1218 3897 sit
1252 3859 1265 3896 :
1306 3857 1412 3898 nec
1444 3852 1702 3899 causatur
1740 3844 1916 3910 illum,
1951 3861 2056 3915 per

455 3941 620 3996 quem
677 3929 911 3985 tentatio
967 3931 1168 3986 accidit
1225 3932 1387 4003 (nam
1439 3935 1556 3990 sive
1604 3937 1740 4001 hoc,
1777 3937 1894 3992 sive
1943 3937 2054 3994 alio

455 4044 682 4098 operam
717 4033 1056 4099 conferente,
1089 4035 1402 4090 divinorum
1441 4038 1781 4109 judiciorum
1821 4039 2051 4094 calicem

455 4120 684 4175 omnino
716 4122 908 4178 bibere
953 4139 1081 4178 eum
1126 4125 1416 4196 oportuit),
1455 4127 1550 4181 sed
1584 4128 1642 4181 in
1675 4127 1848 4182 Deum
1877 4129 2053 4185 oculis

457 4212 756 4283 animoque
788 4216 1057 4282 intentus,
1089 4218 1139 4272 ei
1181 4219 1384 4288 gratias
1419 4220 1531 4290 agit
1570 4221 1727 4292 cujus
1764 4219 2053 4290 indulgen-

457 4301 532 4356 tia
557 4303 778 4369 accidit,
810 4320 978 4374 seque
1011 4307 1125 4376 ipse
1151 4308 1359 4377 culpat,
1385 4324 1450 4363 ac
1477 4310 1646 4363 alacri
1673 4311 1858 4365 animo
1887 4312 2052 4366 disci-

458 4388 667 4458 plinam
723 4393 991 4462 suscipit,
1039 4395 1190 4450 velut
1243 4412 1304 4452 se
1356 4398 1527 4452 David
1567 4399 1622 4452 in
1671 4398 1851 4455 Semei
1888 4403 1956 4469 ",
1986 4419 2053 4459 ac

459 4479 603 4536 sicut
629 4482 734 4538 Job
765 4483 882 4552 ipse
913 4499 972 4540 se
1010 4485 1065 4538 in
1112 4502 1302 4553 uxore,
1336 4489 1594 4558 gessit“.
1641 4491 1912 4561 lnsipiens
1955 4510 2054 4549 au-

457 4579 592 4640 tem,
615 4575 752 4644 petit
781 4574 898 4645 ipse
925 4575 1149 4646 quidem
1181 4577 1327 4634 haud
1367 4594 1493 4633 raro
1527 4589 1587 4634 ut
1614 4581 1760 4636 Deus
1787 4583 2049 4641 miserea-

457 4670 586 4732 tur',
616 4666 1052 4723 misericordiam
1098 4677 1280 4726 tamen
1313 4671 1630 4728 venientem
1677 4689 1788 4728 non
1833 4677 2048 4750 recipit,

2153 3305 2358 3378 ἣπρὺς
2409 3305 2795 3376 παρελθόντων
2837 3303 3126 3374 ἁμαρτιῶν
3178 3303 3551 3375 ἀναίρεσιν,ῆ
3609 3303 3752 3374 πρὸς

2152 3397 2459 3468 ἐνεστώσης
2510 3396 2775 3467 ἀμελείας
2824 3395 3132 3468 διόρθωσιν,
3178 3396 3386 3467 ἢπρδς
3445 3395 3752 3465 μελλόντων

2155 3489 2574 3561 ἁμαρτημάτων
2608 3488 2718 3561 [αι.
2763 3487 3295 3560 πλημμελημάτων]
3337 3489 3641 3558 ἀνακοπὴν.
3689 3487 3748 3541 '0

2153 3578 2246 3638 οὖν
2269 3580 2640 3654 λογιζόμενος,
2671 3581 2756 3635 ὄτι
2803 3580 2872 3634 δι’
2917 3579 2976 3634 ἓν
3021 3579 3227 3633 τούτων
3253 3579 3452 3646 συνέϐη
3495 3581 3524 3632 6
3553 3593 3747 3648 πειρα-

2155 3675 2310 3745 σμὸς,
2336 3674 2436 3726 οὐκ
2467 3674 2770 3741 ἀγανακτεῖ
2805 3671 3168 3742 τυπτόμενος,
3214 3671 3452 3740 μάλιστα
3495 3671 3590 3724 καὶ
3621 3687 3746 3722 συν-

2153 3764 2313 3830 ειδὼς
2359 3764 2541 3835 ἑαυτῷ
2589 3763 2898 3836 ἁμαρτίας·
2951 3763 3072 3816 οὐδὲ
3110 3764 3350 3816 αἰτιᾶται
3381 3762 3492 3822 τὸν,
3525 3761 3594 3814 δι’
3634 3754 3694 3815 οὗ
3718 3763 3746 3814 6

2154 3855 2490 3928 πειρασμός·
2519 3854 2623 3909 κᾶν
2645 3855 2754 3926 γὰρ
2785 3853 2854 3906 δι’
2882 3852 3068 3916 αὐτοῦ,
3103 3853 3206 3907 κᾶν
3225 3853 3292 3906 δι’
3321 3852 3503 3914 ἄλλου,
3532 3853 3749 3915 πάντως

2153 3950 2303 4001 πιεῖν
2344 3943 2459 4017 εἶχε
2491 3946 2600 3998 τῶν
2627 3944 2790 3998 Θείων
2813 3944 3099 4016 κριμάτων
3117 3944 3178 3998 τὸ
3195 3945 3486 4016 ποτήριον⁶
3524 3943 3640 3997 ἀλλ’
3668 3945 3748 4006 είς

2151 4037 2245 4093 τὸν
2271 4037 2404 4092 Θεὸν
2429 4034 2748 4100 ἀποϐλέπει,
2778 4037 2872 4088 καὶ
2899 4035 3214 4107 εὐχαριστεῖ
3240 4033 3318 4106 τῷ
3349 4035 3747 4104 συγχωρήσαν-

2151 4147 2226 4194 τι,
2265 4128 2359 4182 καὶ
2413 4127 2608 4182 ἑαυτὸν
2667 4127 2931 4190 αἰτιᾶται,
2965 4129 3062 4181 καὶ
3109 4127 3324 4197 δέχεται
3357 4130 3458 4197 τὴν
3498 4125 3747 4179 παιδείαν

2153 4218 2475 4290 προθύμως,
2507 4217 2698 4290 ὥσπερ
2723 4218 2750 4270 6
2778 4219 2946 4272 Aa6‘:6
2976 4219 3068 4270 ἐπὶ
3089 4217 3184 4272 τοῦ
3213 4217 3402 4288 Σεμεῖ,
3437 4223 3534 4270 καὶ
3557 4216 3746 4286 ὥσπερ

2151 4313 2180 4364 6
2219 4310 2339 4363 Ἰὼϐ
2369 4309 2463 4364 ἐπὶ
2491 4312 2586 4382 τῆς
2608 4308 2893 4378 γυναικός’
2930 4311 2959 4362 6
2989 4309 3044 4363 δὲ
3074 4311 3286 4380 ἄφρων,
3315 4311 3458 4363 αἰτεῖ
3489 4307 3588 4378 μὲν
3614 4305 3744 4360 πολ-

2153 4401 2312 4467 λάκις
2338 4401 2428 4455 τὸν
2467 4401 2600 4455 Θεὸν
2633 4399 2926 4472 ἐλεηθῆναι
2948 4417 2963 4431 ·
2989 4401 3286 4473 ἐρχόμενον
3317 4401 3454 4454 δὲτὸ
3479 4400 3650 4463 ἔλεος,
3682 4399 3744 4452 οὐ

2081 4527 2127 4584 D
2155 4493 2544 4566 παραδέχεται,
2587 4491 2774 4562 ἐπειδὴ
2809 4492 2908 4562 οὺχ
2941 4491 3016 4554 ὡς
3049 4493 3256 4555 ἐκεῖνος
3291 4491 3506 4563 ἤθελεν,
3540 4487 3704 4571 ᾖλθεν
3728 4503 3744 4519 °

2159 4586 2276 4640 ἀλλ’
2301 4586 2377 4652 ὼς
2403 4586 2586 4657 ἰατρὸς
2617 4585 2725 4640 τῶν
2753 4585 2942 4656 ψυχῶν
2973 4587 3277 4658 συμφέρειν
3322 4587 3590 4658 ἡγήσατο.
3638 4585 3749 4638 Καὶ

2159 4679 2248 4734 διὰ
2276 4677 2436 4732 τοῦτο
2472 4676 2729 4751 ὀλιγωρεῖ
2785 4677 2879 4732 καὶ
2917 4677 3260 4750 θορυϐεῖται·
3312 4680 3408 4735 καὶ
3455 4678 3585 4731 ποτὲ
3626 4677 3746 4748 μὲν,

456 4847 506 4881 ⁵⁸
532 4848 714 4906 Eccle.
753 4866 791 4915 ι,
822 4851 913 4919 29,
945 4850 1034 4906 ὅθ.
1109 4851 1156 4884 ⁸³
1190 4853 1236 4908 ll
1273 4853 1407 4925 Reg.
1439 4871 1550 4920 1m,
1585 4855 1672 4913 10.
1747 4856 1796 4892 “
1827 4857 1952 4914 Job.
1985 4874 2046 4924 ιι,
2073 4857 2161 4914 10.

534 5007 608 5079 (b)
657 5009 986 5083 Ἀνθέξεται
1032 5015 1445 5083 μακρόθυμος.
1476 5015 1634 5070 Hunc
1667 5014 1851 5070 locum
1883 5015 2046 5074 nobis

461 5080 737 5159 iptegrum
770 5080 1426 5159 s_cryavit_\_l._C_l._Ra_ph.
1459 5085 1710 5159 Dufrenii
1741 5087 1866 5142 cod.
1897 5103 2048 5144 nunc

460 5149 686 5229 Regius,
708 5149 1009 5222 habuitque
1029 5153 1210 5229 Nobil.
1235 5154 1294 5208 In
1323 5149 1584 5229 Mazarin.
1611 5157 1738 5229 eod.
1762 5159 2049 5229 sequentia

459 5217 710 5296 breviata
743 5217 936 5296 erant,"
959 5239 1065 5296 nec
1101 5225 1236 5280 satis
1265 5241 1332 5280 ex
1361 5227 1503 5281 sacri
1543 5217 2051 5296 scriptoris'sensu,

464 5289 562 5369 καὶ
589 5287 826 5369 ,ἴητε-ρον
861 5293 1126 5369 ἀναδώσει
1150 5298 1282 5369 τοὺς
1303 5297 1494 5369 λόγους
1527 5287 2048 5369 μετ”εὑιρροσύνηςί

459 5358 552 5432 τὸΔ
577 5358 882 5432 ἀνθέξεται,
923 5363 1068 5416 idem
1104 5380 1168 5419 ac
1193 5407 1207 5428 ,
1259 5358 1539 5432 ἀνέξεταί
1579 5367 1717 5422 dicit
1753 5358 1946 5423 'Nobil.
1973 5358 2054 5424 'in

461 5427 788 5510 Sebol.,.sed
815 5430 974 5510 [tinge
1002 5433 1147 5510 istud
1175 5427 1266 5490 hic
1293 5427 1479 5507 aptius
1493 5454 1554 5492 ac
1577 5439 1898 5510 expressius
1929 5457 1940 5492 :
1969 5449 2052 5495 est

462 5499 611 5581 enim
643 5499 724 5553 sie
747 5499 1055 5581 collibere._
1077 5499 1342 5581 iramque
1363 5517 1551 5581 tenere
1573 5499 1965 5581 tie-infringere
1996 5519 2054 5565 et

461 5570 966 5650 sustinere.“\_lulg.
1035 5570 1288 5650 ἀνάδοσις
1327 5580 1666 5648 εὐφροσύνης
1716 5570 1867 5650 legit,
1903 5581 2052 5648 quod

463 5639 739 5717 reddi-dit,
767 5639 835 5694 Et
867 5639 1059 5717 postea
1085 5645 1307 5700 redditio
1334 5639 1682 5717 jueunditatis
1711 5667 1726 5704 :
1753 5639 1863 5705 nec
1887 5639 2052 5705 aliter

465 5703 558 5792 llic
583 5709 764 5792 l‘iobil.
797 5703 1099 5792 κακοζηλία
1142 5726 1297 5783 puto,
1327 5703 1524 5792 Latina
1547 5735 1645 5773 sua
1664 5703 1876 5776 Graecis
1892 5703 2051 5776 com-

396 5787 406 5792 ·
471 5789 709 5842 ponere;
748 5779 895 5844 quod
949 5779 1085 5836 mihi
1115 5779 1216 5838 uec
1255 5779 1608 5843 commodum
1653 5792 1810 5856 satis,
1855 5808 1956 5847 nec
1983 5808 2048 5845 ex

2154 5017 2262 5073 ﬁde
2298 5019 2634 5090 interpretis
2662 5014 3223 5090 est._UndeSixtin:e
3277 5018 3570 5088 interpres,
3633 5014 3745 5077 etsi

2153 5105 2258 5144 nec
2287 5089 2412 5161 ipse
2441 5087 2574 5161 satis
2603 5087 2859 5161 expedite
2882 5131 2895 5154 ,
2939 5089 3008 5161 Et
3054 5098 3230 5159 postea
3288 5087 3536 5144 reddetur
3579 5091 3627 5144 ei
3647 5093 3748 5161 Ια-

2155 5157 2419 5214 cunditas.
2451 5160 2570 5230 Vox
2598 5157 2889 5230 ἀναδώσει,
2919 5160 3000 5214 sic
3036 5157 3286 5216 absolute
3315 5161 3515 5230 posita,
3546 5157 3748 5217 neutra

2154 5239 2260 5293 est,
2287 5245 2390 5285 nec
2423 5229 2588 5284 aliter
2608 5229 2954 5298 exponenda,
2983 5246 3149 5299 quam
3181 5229 3328 5299 quod
3355 5231 3633 5287 Herodoto
3657 5233 3748 5288 di-

2155 5309 2362 5355 cuntur
2394 5301 2571 5369 πηγαὶ
2593 5299 2918 5371 ἀναδοῦναι,
2952 5317 3248 5371 erumpere,
3285 5309 3516 5366 exstare,
3566 5314 3750 5356 scutu-

2154 5373 2297 5443 rire;
2327 5379 2391 5425 ut
2417 5371 2567 5441 quod
2589 5370 2693 5425 lsa.
2723 5386 2870 5434 Lvm,
2895 5370 2928 5424 8
2953 5389 2966 5424 :
2991 5370 3132 5443 Tune
3159 5383 3396 5443 erumpet
3419 5373 3750 5427 matutinum

2156 5440 2332 5495 lumen
2381 5440 2564 5506 tuum;
2603 5457 2918 5512 quanquam
2986 5441 3061 5512 ibi
3113 5451 3217 5504 est,
3276 5440 3595 5512 ῥαγήσεται.
3633 5443 3744 5497 Sed

2151 5513 2462 5586 elegantius
2492 5511 2884 5586 .l-eStIsSirach.
2914 5511 3005 5580 qui
3041 5512 3157 5586 ipse
3202 5511 3424 5586 scripsit
3448 5512 3659 5577 Graece,
3685 5521 3749 5586 et

2154 5582 2207 5653 in
2240 5598 2350 5648 quo
2391 5583 2602 5637 lumina
2633 5581 2808 5637 Gra‘ei
2847 5585 3142 5644 sermonis,
3177 5582 3284 5638 alia
3308 5581 3465 5653 longe
3483 5599 3650 5653 quam
3683 5582 3748 5640 in

2153 5651 2297 5706 LXX
2331 5653 2658 5707 Senioribus
2695 5670 2706 5705 :
2743 5653 2801 5706 in
2833 5653 3037 5721 quibus
3065 5653 3233 5707 etiam
3261 5651 3534 5709 laboravit
3565 5657 3746 5710 inter-

2153 5739 2300 5792 pres,
2328 5733 2390 5778 ut
2418 5739 2529 5779 non
2554 5734 2811 5780 accurate
2835 5723 3024 5780 omnia
3059 5722 3338 5779 redderet.
