4070 6406
305 355 424 419 929

1590 357 1820 417 LIBER
1861 359 2296 419 ASCETICUS.

3471 371 3576 433 θέω

301 468 424 528 τοῖς
487 460 790 532 ἀνθρώποις
841 463 1149 533 θυμημαχεῖ
1176 479 1188 491 °
1245 462 1373 516 ποτὲ
1408 462 1484 526 δὲ,
1539 466 1617 526 είς
1650 465 1740 516 τὸν
1772 465 1884 517 Θεδε

2009 483 2073 521 co
2102 467 2247 536 quod
2275 483 2379 519 non
2418 483 2486 522 eo
2518 470 2678 522 modo
2707 486 2767 524 ac
2803 473 2890 526 ille
2927 473 3118 539 voluit,
3147 479 3324 542 venit;
3365 481 3458 534 sed
3485 498 3598 552 quo

301 554 521 624 βλασφη
531 556 622 624 μεῖ
636 569 648 582 ·

301 648 482 710 κνύει,
509 647 600 698 καὶ
631 646 778 716 παρὰ
824 645 1016 715 ῥάϐδον
1046 646 1114 713 (c)
1144 646 1202 697 οῦ
1236 645 1524 715 λαμϐάνει.

693 554 784 606 καὶ
835 554 934 622 μέν
973 570 1054 605 τοι
1105 554 1196 604 καὶ
1225 554 1322 621 τὴν
1368 554 1762 624 ἀγνωμοσύνην
1796 555 1904 607 δει-

2011 557 2320 610 animarum
2371 559 2618 613 medicus
2662 560 2719 613 in
2771 578 2884 614 rem
2940 566 3186 620 conferre
3241 569 3594 627 existimavit.

2007 648 2377 713 Quamobrem
2443 651 2606 704 etiam
2667 652 2926 721 negligit,
2985 669 3047 708 ac
3113 673 3223 724 prae
3285 662 3597 720 turbatione

299 744 530 802 aestuat;
577 751 641 789 ac
691 735 856 789 modo
901 735 1124 805 quidem
1177 737 1233 789 in
1276 737 1528 790 homines
1609 737 1691 791 ira
1765 739 2144 803 excandescit,
2225 740 2389 793 modo
2434 751 2618 796 autem
2668 745 2724 796 in
2773 743 2945 797 Deum
2992 745 3159 799 verba
3243 747 3597 818 blasphemia:

295 828 455 898 jacit,
489 837 650 896 atque
684 829 822 882 adeo
870 829 1105 898 improbi
1149 832 1314 884 animi
1351 831 1525 885 labem
1559 832 1762 900 prodit,
1795 848 1897 887 nec
1933 843 2131 904 praeter
2156 834 2368 904 virgam
2395 837 2544 890 aliud
2577 838 2792 907 recipit.

378 931 487 989 κγ’.
519 925 627 977 Καὶ
670 926 698 976 6
743 923 998 992 Ἀδελφὸς
1041 921 1194 976 sim“
1234 927 1430 990 Καλῶς
1479 923 1659 991 εἶπας,
1694 929 1893 1000 Πάτερ·

300 1015 441 1068 ἀλλὰ
481 1016 788 1086 παρακαλῶ
818 1018 993 1070 εἰπεῖν
1027 1036 1117 1087 μοι
1146 1019 1436 1083 καὶτοῦτο,
1476 1019 1592 1082 πῶς
1628 1022 1660 1090 ή
1692 1023 1896 1091 ἐγκρά-

298 1124 423 1158 τεια
454 1107 708 1177 μαραίνει
730 1106 828 1177 τὴν
858 1107 1174 1176 ἐπιθυμίαν.
1201 1108 1310 1162 Καὶ
1339 1109 1611 1180 ἀπεκρίθη
1639 1112 1665 1162 6
1694 1111 1896 1180 γέρων·

313 1200 540 1270 Ἐπειδὴ
573 1201 873 1270 ἀπέχεσθαι
906 1204 1051 1253 ποιεῖ
1081 1201 1319 1266 πάντων,
1342 1201 1450 1255 τῶν
1484 1202 1558 1273 μὴ
1594 1203 1782 1272 χρείαν
1808 1205 1900 1255 ἐκ-

299 1293 686 1364 πληρούντων,
719 1293 835 1347 ἀλλ’
870 1293 1062 1364 ἡδονὴν
1110 1295 1482 1363 ἐμποιούντων
1505 1313 1518 1326 ο
1553 1297 1648 1348 καὶ
1684 1295 1897 1360 οὐδενὸς

305 1385 560 1455 μετέχειν
601 1387 764 1448 ποιεῖ,
816 1384 955 1453 πλὴν
991 1387 1125 1454 πρὸς
1154 1385 1212 1436 τι
1242 1384 1342 1454 ζῇν
1393 1384 1710 1452 ἀναγκαίων
1738 1401 1749 1412 ·
1775 1383 1895 1437 οὐδὲ

300 1477 374 1529 τὰ
410 1477 543 1546 ἡδέα
575 1476 812 1542 διώκειν,
853 1475 988 1528 ἀλλὰ
1013 1477 1079 1528 τὰ
1111 1477 1364 1547 ὠφέλιμα
1389 1493 1402 1506 '
1440 1479 1531 1528 καὶ
1557 1477 1894 1546 συμμετρεῖν

299 1569 358 1620 δὲ
391 1571 460 1638 τῇ
495 1567 653 1637 χρείᾳ
683 1567 749 1620 τὰ
775 1565 1037 1637 βρώματα
1063 1569 1153 1620 καὶ
1183 1567 1252 1620 τὰ
1283 1567 1528 1636 πόματα⁶
1555 1568 1649 1619 καὶ
1676 1568 1776 1620 οῦκ
1800 1567 1894 1637 ὲᾷν

2077 929 2165 982 93.
2209 927 2278 984 Et
2325 930 2464 984 dixit
2513 931 2729 985 frater:
2766 932 2940 998 Bene,
2993 933 3172 998 Pater,
3225 933 3444 1001 dixisti;
3498 939 3592 992 sed

2005 1020 2203 1073 amabo
2246 1029 2317 1086 te,
2345 1021 2449 1075 hoc
2484 1037 2704 1091 quoque
2739 1023 2934 1088 addas,
2969 1040 3205 1093 quonam
3239 1026 3400 1080 modo
3429 1029 3593 1082 absti-

2005 1112 2194 1166 nentia
2219 1113 2719 1182 concupiscentiam
2750 1127 2990 1170 maceret
3016 1125 3180 1185 atque
3205 1118 3441 1170 edomet.
3485 1119 3586 1172 Rc-

2005 1204 2230 1273 spondit
2273 1222 2442 1260 senex
2474 1223 2486 1259 :
2519 1206 2652 1272 Quia
2702 1207 2766 1260 iis
2815 1208 3072 1262 omnibus
3121 1210 3397 1263 abstinere
3439 1209 3589 1274 facit,

2003 1311 2127 1364 qua:
2149 1311 2260 1349 non
2285 1305 2414 1349 sunt
2434 1297 2731 1350 necessarii
2756 1313 2906 1360 usus,
2937 1299 3031 1351 sed
3059 1299 3284 1352 delicias
3306 1299 3552 1368 praabcnt
3576 1317 3588 1352 :

2002 1401 2106 1438 nec
2152 1386 2358 1455 aliquid
2407 1387 2538 1440 sinit
2579 1401 2820 1452 sumere,
2857 1404 3019 1457 quam
3063 1389 3206 1457 quod
3248 1405 3470 1443 necesse
3509 1399 3594 1444 est

2001 1476 2067 1529 ad
2103 1478 2269 1530 vitam
2303 1478 2716 1532 sustentandam
2752 1489 2765 1532 ‘:
2794 1496 2897 1533 nec
2928 1479 3194 1548 permittit
3223 1496 3283 1533 ea
3313 1480 3588 1550 persequi,

2000 1556 2124 1636 quae
2175 1566 2356 1622 dulcia
2407 1575 2556 1632 sunt,
2589 1568 2682 1622 sed
2734 1584 2855 1637 quae
2909 1570 3084 1631 utilia,
3117 1579 3170 1623 et
3214 1579 3274 1622 ut
3313 1572 3498 1626 cibum
3537 1582 3594 1627 et

298 1659 380 1730 τῷ
408 1658 534 1730 [Ἐν.
569 1659 642 1730 μὴ
691 1661 874 1735 ὲᾷνεὲν
909 1657 1010 1730 τῷ]
1047 1657 1258 1728 σώματι
1292 1659 1552 1729 περιττὴν
1580 1659 1884 1728 ὑγρότητα⁴

2000 1666 2191 1726 potum
2242 1659 2307 1712 ad
2349 1659 2511 1729 justa:
2556 1660 2900 1714 necessitatis
2939 1661 3131 1714 modos
3176 1676 3590 1731 componamus,

299 1751 402 1805 xui.
459 1753 626 1822 μόνην
677 1753 962 1822 συντηρεῖν
995 1752 1095 1820 τὴν
1151 1750 1296 1822 ζωὴν
1346 1750 1439 1803 τοῦ
1498 1750 1770 1820 σώματος,
1803 1750 1899 1802 καὶ

295 1841 662 1912 ἀνενόχλητον
718 1841 849 1894 αὐτὸ
897 1841 1186 1910 φυλάττειν
1247 1843 1326 1903 εἰς
1376 1839 1552 1911 ὁρμὴν
1587 1841 1893 1902 συνουσίας.

296 1931 492 1994 Οὕτως
534 1927 626 1986 οὖν
655 1934 688 2002 ἡ
723 1931 1024 2002 ἐγκράτεια
1055 1932 1152 2002 τὴν
1187 1931 1482 2002 ἐπιθυμίαν
1519 1931 1802 2002 μαραίνειο
1859 1933 1891 2002 ἡ

291 2025 351 2076 δὲ
391 2025 574 2096 ἡδονὴ,
604 2027 698 2078 καὶ
724 2023 1008 2096 πλησμονὴ
1031 2025 1138 2077 τῶν
1167 2024 1470 2095 βρωμάτων
1494 2025 1587 2077 καὶ
1609 2023 1890 2093 πομάτων,

291 2115 658 2187 ὲκΟερμαίνει
685 2117 783 2187 τὴν
815 2116 1083 2186 γαστέρα,
1115 2117 1210 2169 καὶ
1243 2116 1538 2185 ἀναφλέγει
1568 2116 1665 2187 τὴν
1711 2115 1893 2187 ὄρεξιν

291 2211 442 2280 πρὸς
471 2210 701 2281 αίσχράν
749 2209 1064 2281 ἐπιθυμίαν,
1099 2211 1195 2262 καὶ
1243 2209 1364 2263 ὅλον
1395 2211 1626 2263 συνωθεῖ
1660 2209 1719 2263 τὸ
1755 2211 1894 2276 ζῶον

292 2304 442 2374 πρὸς
463 2305 562 2374 τὴν
583 2305 781 2373 ἄνομον
804 2302 1018 2376 [ἄλογον
1039 2305 1164 2373 fort.
1201 2303 1300 2372 leg.
1328 2303 1509 2356 Nobil.
1534 2304 1672 2374 quod
1703 2320 1893 2357 amen-

292 2404 406 2450 tem
445 2395 643 2468 recidit]
683 2395 850 2467 μίξιν.
880 2397 1012 2448 Τότε
1059 2397 1331 2467 ὀφθαλμοὶ
1363 2397 1621 2460 ἀναιδεῖς,
1653 2395 1747 2449 καὶ
1770 2395 1891 2465 χεὶρ

293 2485 658 2554 ἀχαλίνωτος,
689 2484 910 2558 γλῶσσα
932 2485 1176 2558 λαλοῦσα
1215 2485 1490 2558 θέλγητρα
1550 2485 1739 2554 ἀκοῆς,
1799 2485 1892 2537 καὶ

291 2570 391 2638 οὖς
423 2576 597 2644 ἀκοὴν
649 2575 884 2645 ματαίαν
933 2575 1400 2644 παραδεχόμενον’
1444 2574 1589 2638 νοῦς,
1630 2575 1722 2627 τοῦ
1754 2576 1890 2628 Θεοῦ

294 2667 689 2737 καταφρονῶνο
727 2667 1012 2738 καὶψυχὴ,
1061 2667 1202 2720 κατά
1235 2667 1474 2720 διάνοιαν
1521 2667 1766 2736 μοιχείαν
1796 2669 1889 2736 ὲρ-

293 2757 599 2828 γαζομὲνη,
655 2758 748 2810 καὶ
807 2757 866 2811 τὸ
920 2759 1078 2828 σῶμα
1117 2757 1252 2829 πρὸς
1304 2757 1402 2829 τὴν
1432 2755 1668 2826 ἄθεσμον
1693 2755 1888 2826 πρᾶξιν

296 2849 702 2920 ἐκκαλουμένη.

375 2943 474 2997 κδ’.
509 2944 617 2995 Καὶ
648 2945 675 2995 6
716 2941 968 3011 ’Λδελφὸς
1004 2940 1138 3011 ἔφη·
1187 2940 1305 2992 Ἐπ’
1345 2940 1622 3010 ἀληθείας,
1681 2941 1885 3014 Πάτερ,

1999 1763 2103 1802 nec
2130 1749 2437 1818 superﬂuos
2455 1750 2670 1819 corpori
2699 1750 2960 1804 humores
2982 1767 3362 1820 congeramus,
3387 1754 3586 1808 solam-

1997 1855 2104 1908 que
2159 1841 2408 1909 corporis
2458 1841 2624 1895 vitam
2680 1856 2900 1896 servare
2956 1842 3296 1908 Studeamus,
3337 1852 3505 1912 atque
3558 1860 3590 1899 ει

1996 1931 2252 1985 coitionis
2285 1933 2532 2001 appetitu
2579 1932 2817 1984 liberum
2853 1933 3248 1988 custodiamus.
3289 1933 3381 1987 Sic
3421 1934 3590 2003 igitur

1995 2021 2332 2077 abstinentia
2384 2021 2888 2092 concupiscentiam
2939 2032 3182 2076 macerat
3237 2033 3401 2092 atque
3458 2023 3590 2076 cdo-

1996 2123 2152 2168 mat:
2190 2116 2444 2186 voluptas
2503 2129 2670 2178 vero,
2719 2113 2940 2182 cibique
3001 2130 3065 2168 ac
3116 2124 3278 2183 potus
3328 2117 3590 2170 saturitas

1993 2206 2173 2260 ventri
2217 2208 2456 2261 calorem
2490 2205 2768 2270 conciliat,
2797 2214 2852 2259 et
2891 2205 2959 2260 ad
2997 2207 3172 2275 turpis
3209 2205 3589 2276 3781ihidi—

1993 2298 2082 2351 nis
2109 2298 2413 2366 appctitum
2442 2297 2714 2361 accendit,
2746 2305 3033 2366 totumque
3065 2297 3266 2350 animal
3303 2298 3369 2350 ad
3409 2296 3586 2366 illegi—

1994 2390 2143 2445 tima:
2187 2391 2399 2461 copula:
2441 2390 2598 2444 devia
2638 2391 2942 2444 contrudit.
2977 2389 3132 2444 Tunc
3176 2391 3366 2444 lascivi
3416 2391 3584 2456 oculi,

1993 2480 2219 2534 effrenis
2243 2495 2458 2545 manus,
2479 2480 2666 2550 lingua
2688 2481 2922 2549 loquens
2945 2496 3065 2548 qua:
3085 2496 3248 2534 aures
3273 2482 3584 2547 mulceant;

1992 2572 2142 2625 auris
2167 2572 2412 2625 inanium
2441 2571 2634 2637 avida;
2666 2587 2820 2625 mens
2847 2573 3017 2624 Deum
3042 2587 3344 2640 spernens;
3371 2573 3588 2626 animus

1993 2677 2177 2716 secum
2228 2663 2345 2731 ipse
2389 2662 2664 2732 cogitandi
2711 2671 2835 2715 actu
2880 2661 3209 2721 adulterium
3254 2672 3497 2730 patrans,
3529 2669 3586 2716 et

1991 2755 2058 2808 ad
2090 2753 2326 2808 nefanda
2359 2753 2582 2808 sceleris
2615 2754 2733 2823 ipso
2759 2769 2924 2823 Opere
2953 2768 3152 2823 corpus
3181 2769 3507 2822 provocans.

2058 2953 2149 3008 26.
2194 2954 2284 3008 Ait
2311 2953 2480 3010 frater
2512 2973 2524 3008 :
2554 2955 2696 3010 Vere
2728 2956 2801 3009 ita
2834 2972 2913 3020 se,
2958 2955 3138 3021 Pater,
3175 2971 3262 3010 res
3294 2955 3480 3022 habet,
3520 2966 3582 3011 ut

297 3031 475 3095 οὕτως
517 3032 661 3102 ἔχει.⁶
699 3030 836 3084 ἀλλὰ
893 3029 1197 3100 παρακαλῶ
1251 3030 1441 3099 μαθεῖν
1486 3032 1580 3083 καὶ
1631 3033 1884 3103 περὶτῆς

1990 3045 2160 3110 dicis;
2204 3062 2395 3099 verum
2444 3061 2576 3116 rogo
2619 3054 2680 3100 ut
2723 3057 2779 3101 et
2822 3046 2890 3101 de
2933 3031 3186 3100 oratione.
3220 3047 3439 3111 doceas,
3473 3065 3581 3118 qua

298 3125 627 3195 προσευχῆς,
655 3123 772 3185 πῶς
803 3123 1024 3194 χωρίζει
1048 3123 1135 3175 τὸν
1159 3121 1282 3174 νοῦν
1309 3123 1524 3176 πάντων
1550 3124 1658 3177 τῶν
1684 3126 1889 3195 νοημά-

302 3235 430 3272 των.
463 3218 574 3271 Καὶ
603 3216 876 3288 ἀπεκρίθη
904 3218 930 3268 6
955 3214 1131 3286 γέρων
1153 3232 1168 3246 ·
1197 3215 1278 3267 Τὰ
1309 3217 1581 3285 νοήματα,
1615 3217 1725 3270 τῶν
1749 3236 1888 3288 πραο

302 3309 524 3379 γμάτων
557 3311 664 3362 εἰσὶ
707 3309 955 3377 νοήματα
979 3321 992 3336 °
1043 3307 1152 3360 τῶν
1180 3307 1233 3360 δὲ
1278 3309 1641 3378 πραγμάτων,
1689 3309 1757 3361 τὰ
1787 3310 1885 3380 μὲν

301 3402 437 3451 εἰσιν
471 3400 724 3468 αἰσθητά·
759 3398 828 3450 τὰ
878 3397 954 3462 δὲ,
999 3398 1183 3468 νοητά.
1233 3398 1320 3450 Ἐν
1371 3398 1554 3462 αὐτοῖς
1583 3395 1674 3453 οὖν
1703 3402 1730 3454 6
1761 3401 1885 3464 νοῦς

301 3489 608 3559 διατρίϐων,
636 3490 701 3542 τὰ
733 3491 981 3558 νοήματα
1007 3487 1187 3542 αὐτῶν
1222 3487 1511 3558 περιφέρει
1532 3507 1544 3519 ⁸
1579 3491 1611 3560 ἡ
1645 3491 1700 3542 δὲ
1725 3494 1884 3562 χάρις

312 3582 405 3646 rei;
427 3581 747 3649 προσευχῆς,
810 3578 885 3648 τῷ
920 3578 1039 3648 Θεῷ
1069 3579 1326 3631 συνάπτει
1384 3579 1475 3631 τὸν
1530 3581 1686 3633 νοῦν’
1717 3581 1793 3650 τῷ
1827 3582 1883 3635 δὲ

312 3669 430 3738 Θεῷ
467 3671 820 3734 συνάπτουσα,
857 3670 1095 3740 χωρίζει.
1133 3671 1352 3722 πάντων
1403 3671 1512 3724 τῶν
1571 3674 1877 3742 νοημάτων.

313 3759 443 3810 Τότε
473 3761 499 3811 6
521 3759 637 3822 νοῦς
662 3759 866 3828 γυμνὸς
905 3761 1054 3830 αὐτῷ
1087 3759 1183 3832 [αί.
1219 3760 1295 3830 τῷ
1324 3761 1465 3833 Θεῷι
1508 3764 1876 3834 προσομιλῶν,

303 3848 540 3920 θεοειδὴς
560 3851 786 3918 γίνεται.
820 3851 1068 3914 Τοιοῦτος
1094 3852 1146 3905 δὲ
1170 3853 1472 3922 γινόμενος,
1504 3856 1571 3906 τά
1602 3857 1879 3925 πρέποντα

299 3943 428 4012 παρ’
456 3942 620 3994 αὐτοῦ
656 3945 816 4008 αἰτεῖ,
848 3944 942 3996 καὶ
966 3943 1066 4013 τῆς
1093 3944 1329 4013 δεήσεως
1355 3945 1518 3998 αὐτοῦ
1550 3947 1610 3999 οὐ
1641 3947 1875 4019 διαμαρ-

295 4033 442 4086 τάνει
467 4035 614 4087 ποτέ.
648 4035 748 4088 Διά
775 4035 932 4087 τοῦτο
955 4029 1050 4087 οὖν
1077 4037 1105 4088 6
1137 4035 1457 4101 Ἀπὸστολος
1484 4037 1879 4105 ἀδιαλείπτως

293 4122 508 4177 κελεύει
546 4125 967 4197 προσεύχεσθαι,
994 4127 1081 4177 ἵνα
1107 4126 1198 4178 τὸν
1228 4126 1352 4180 νοῦν
1390 4127 1467 4198 τῷ
1491 4128 1610 4199 Θεῷ
1637 4131 1876 4200 συνεχῶς

292 4217 679 4281 συνάπτοντες,
733 4215 872 4269 κατά
917 4217 1124 4287 ,μικρὸν
1184 4217 1586 4289 ἀπορρήξωμεν
1639 4223 1738 4291 τῆς
1765 4221 1874 4274 τῶν

289 4307 497 4360 ὑλικῶν
530 4307 928 4378 προσπαθείας.

1988 3137 2081 3191 illa
2139 3138 2351 3192 ratione
2409 3138 2477 3191 ab
2539 3138 2799 3192 omnibus
2850 3139 3278 3208 cogitationibus
3339 3150 3579 3194 mentem

1988 3230 2203 3284 avellat.
2269 3230 2574 3300 Respondit
2634 3246 2803 3284 senex
2855 3249 2868 3284 :
2919 3230 3292 3301 Cogitationes
3353 3249 3416 3287 ac
3490 3250 3579 3287 ra-

1987 3319 2196 3381 tiones,
2250 3336 2433 3373 rerum
2480 3321 2845 3390 cogitationes
2891 3330 3057 3390 atque
3111 3323 3356 3377 rationes
3410 3332 3575 3390 sunt;

1987 3425 2174 3463 rerum
2219 3420 2398 3464 autem
2440 3411 2560 3464 aliae
2610 3421 2737 3465 sunt
2777 3429 2897 3482 qua:
2939 3413 3042 3466 sub
3085 3429 3306 3467 sensum
3346 3413 3573 3479 cadunt,

1985 3500 2105 3554 alia:
2135 3516 2254 3569 quae
2299 3500 2482 3554 animo
2533 3501 2934 3572 intelliguntur.
2973 3504 3032 3556 ln
3073 3504 3158 3557 his
3205 3492 3370 3574 igitur
3421 3522 3578 3561 mens

1986 3607 2192 3645 moram
2244 3591 2488 3656 trahens,
2524 3607 2712 3644 eorum
2749 3591 3110 3662 cogitationes
3150 3594 3468 3648 circumfert
3511 3611 3578 3649 ac

1985 3681 2256 3746 rationes;
2289 3683 2555 3737 orationis
2586 3692 2768 3736 autem
2807 3684 3000 3753 gratia.
3034 3693 3270 3738 mentem
3302 3686 3414 3738 Deo
3445 3703 3578 3738 con-

1978 3773 2188 3843 jungit;
2221 3787 2394 3842 caque
2427 3773 2544 3841 ipsa
2583 3773 2796 3826 ratione
2833 3781 2886 3826 et
2919 3775 3065 3842 quod
3105 3775 3215 3827 Deo
3255 3776 3571 3844 conjungat,

1983 3879 2012 3916 a
2063 3863 2277 3917 cunctis
2330 3865 2758 3934 cogitationibus
2814 3881 2876 3919 ac
2937 3866 3246 3920 rationibus
3302 3866 3570 3935 abjnugit.

1981 3949 2137 4005 Tunc
2169 3952 2428 4008 nimirum
2461 3969 2616 4008 mens
2647 3955 2790 4009 nuda
2832 3971 2953 4008 cum
2984 3957 3096 4009 Deo
3126 3973 3352 4009 versans
3384 3957 3572 4025 illique

1980 4055 2324 4104 assuescens,
2362 4042 2646 4098 deiformis
2676 4044 2900 4114 (divinis
2934 4045 3145 4099 scilicet
3193 4061 3422 4100 corusca
3469 4047 3570 4100 do-

1979 4131 2165 4201 tibus)
2213 4132 2416 4186 evadit.
2469 4133 2587 4187 Jam
2639 4149 2770 4188 vero
2817 4152 2938 4203 (lure
2989 4137 3113 4190 talis
3157 4137 3414 4199 exsistat,
3449 4153 3571 4207 quae

1978 4224 2209 4279 honesta
2239 4226 2348 4280 sint
2383 4241 2446 4280 ac
2479 4227 2710 4280 deceant
2740 4227 2809 4281 ab
2844 4228 2936 4280 illo
2981 4225 3156 4296 petit,
3192 4244 3293 4282 nec
3324 4245 3567 4297 unquam

1977 4313 2276 4369 frustratur
2305 4317 2437 4386 quin
2477 4317 2730 4386 accipiat,
2769 4334 2890 4387 quae
2918 4320 3166 4372 oratione
3200 4320 3397 4373 oravit.
3432 4319 3571 4374 lliuc

285 4405 461 4476 igitur
491 4413 575 4459 est
611 4419 710 4458 cur
737 4405 1032 4474 Apostolus
1076 4405 1187 4458 sine
1234 4406 1623 4459 intermissione
1671 4422 1830 4465 orare
1863 4411 2091 4483 jusserit
2128 4412 2194 4479 ⁸⁷,
2226 4423 2288 4466 ut
2332 4429 2530 4484 nempe
2564 4414 2783 4469 assidue
2812 4415 2923 4468 Deo
2953 4423 3191 4468 mentem
3229 4415 3566 4483 copulantes,

279 4519 313 4556 a
352 4514 709 4556 terrenorum
743 4501 1002 4569 paulatim
1037 4500 1266 4556 libidine
1298 4501 1707 4572 abrumpamus.

353 4595 461 4648 κε’.
496 4595 605 4647 Καὶ
630 4597 657 4648 ὁ
699 4593 952 4662 Ἀδελφδς
985 4589 1126 4646 εἷπε·
1159 4595 1270 4648 Καὶ
1298 4596 1414 4659 πῶς
1441 4598 1469 4649 6
1491 4597 1618 4660 νοῦς
1646 4598 1869 4653 δύναται

2041 4602 2132 4656 25.
2173 4602 2264 4656 Ait
2301 4601 2471 4655 frater
2499 4619 2512 4654 :
2542 4602 2729 4670 Ecqua
2762 4615 2894 4655 vero
2925 4600 3138 4653 ratione
3172 4599 3282 4663 fiat,
3317 4607 3378 4652 ut
3413 4613 3567 4655 mens

277 4689 653 4751 ἀδιαλείπτως
684 4687 1116 4758 προσεύχεσθαι⁶
1167 4689 1262 4742 καὶ
1300 4689 1409 4760 γὰρ
1444 4689 1737 4758 ψάλλοντες
1786 4693 1880 4745 καὶ

275 4780 755 4850 ἀναγινώσκοντες
785 4780 878 4832 καὶ
920 4780 1379 4850 συντυγχάνοντες
1421 4783 1516 4834 καὶ
1563 4783 1879 4838 διακονοῦν-

272 4873 403 4937 τες,
461 4873 542 4936 εἰς
579 4871 748 4926 πολλὰ
801 4872 962 4924 αὐτὸν
997 4870 1355 4941 περισπῶμεν
1389 4873 1638 4942 νοήματά
1687 4893 1745 4927 τε
1785 4875 1881 4927 καὶ

275 4965 648 5034 θεωρήματα.
685 4964 794 5017 Καὶ
823 4963 1093 5035 ἀπεκρίθη
1122 4965 1149 5015 ὸ
1175 4963 1353 5033 γέρων
1377 4981 1390 4993 ·
1429 4965 1594 5017 Οὐδὲν
1617 4965 1724 5018 τῶν
1756 4967 1882 5020 ἀδυ-

273 5059 464 5109 νάτων
493 5059 526 5127 ἡ
561 5056 681 5109 θεία
736 5055 929 5126 Γραφὴ
965 5055 1336 5126 προστάσσειο
1374 5057 1495 5110 ἐπεὶ
1527 5060 1622 5110 καὶ
1663 5059 1824 5122 αὐτὸς
1853 5059 1881 5112 6

348 5213 402 5244 ⁸⁷
435 5212 456 5265 l
491 5212 688 5268 Thess.
725 5229 780 5274 ν.
811 5215 895 5268 17.

355 5350 431 5421 (ς)
465 5351 568 5406 Καὶ
597 5351 756 5419 παρά
800 5351 1047 5418 ῥάϐδον.
1094 5349 1278 5404 Nobil.
1326 5343 1531 5420 πατρἊς
1574 5349 1728 5421 legit,
1791 5350 1869 5404 sic

272 5420 485 5484 nempe
510 5422 755 5475 breviata
796 5422 1060 5483 dictione,
1112 5429 1167 5474 et
1215 5421 1269 5472 in
1303 5436 1408 5488 qua
1447 5422 1604 5474 facile
1636 5420 1739 5473 fuit
1770 5436 1868 5473 cx-

272 5491 789 5563 scribcntierrare.
821 5493 887 5546 Et
921 5504 1200 5563 paternam
1246 5491 1447 5559 virgam
1479 5500 1775 5563 aversatur.
1807 5491 1867 5543 In

272 5577 399 5629 quo
455 5561 595 5615 nihil
649 5561 928 5617 acuminis
970 5571 1084 5622 est,
1134 5569 1409 5628 certaeque
1464 5561 1759 5615 antithesis
1799 5575 1864 5614 ex

273 5632 506 5685 Maximi
548 5633 710 5701 genio
748 5651 760 5684 :
800 5634 939 5686 bene
977 5642 1162 5701 autem
1195 5631 1250 5683 in
1282 5630 1539 5701 lectione,
1573 5647 1737 5701 quam
1782 5647 1868 5683 se-

275 5717 450 5770 quor.
484 5700 762 5770 Significat
795 5703 941 5756 enim
976 5700 1114 5755 nihil
1162 5714 1344 5770 opera:
1383 5700 1600 5765 facere,
1649 5703 1742 5770 qui
1788 5701 1867 5754 sic

275 5769 516 5827 moleste
536 5769 720 5837 habet,
746 5773 892 5842 quod
914 5773 1227 5844 castigatur,
1257 5769 1352 5840 qui
1372 5778 1428 5825 et
1454 5769 1861 5842 improbitatem

1977 4695 2096 4748 sine
2143 4694 2553 4748 intermissione
2600 4694 2758 4747 oret?
2793 4693 3130 4745 Psalmorum
3186 4691 3330 4744 enim
3394 4707 3565 4759 penso

1975 4793 2033 4839 et
2059 4786 2317 4850 lectione,
2345 4793 2402 4838 et
2431 4799 2741 4839 sermonem
2772 4783 3054 4837 miscendo
3083 4797 3144 4834 ac
3179 4780 3561 4847 ministrando,

1977 4874 2035 4928 in
2087 4874 2288 4928 multos
2347 4890 2466 4928 eam
2529 4875 2800 4943 cogitatus
2859 4889 3124 4941 sensaquc
3183 4872 3560 4925 distrahimus.

1977 4966 2284 5035 Respondit
2323 4980 2489 5019 senex
2522 4983 2533 5016 :
2574 4963 2720 5022 Nihil
2760 4962 3030 5033 ejusmodi
3068 4961 3252 5014 divina
3281 4961 3562 5028 Scriptura

1979 5059 2245 5128 prmcipit,
2289 5055 2434 5127 quod
2484 5056 2731 5126 prmstari
2784 5071 2893 5109 non
2937 5055 3130 5124 possit.
3180 5054 3314 5106 Nam
3349 5062 3404 5107 ct
3443 5053 3560 5121 ipse

1973 5349 2191 5418 prodat,
2213 5367 2315 5404 nec
2339 5352 2486 5405 levet;
2511 5365 2686 5419 pmnrc
2711 5349 3090 5412 acerbitatem,
3111 5350 3207 5404 sed
3235 5351 3407 5419 magis
3434 5368 3558 5418 gra-

1973 5427 2083 5472 vet.
2112 5421 2268 5486 Quod
2305 5423 2427 5475 aliis
2461 5421 2767 5483 subditum,
2817 5421 3184 5490 παράκλησιν,
3216 5423 3393 5489 palam
3420 5425 3557 5487 glos-

1971 5505 2118 5560 sema
2145 5501 2246 5546 cst.
2281 5493 2460 5545 Nolim
2491 5491 2743 5560 pluribus
2782 5507 3013 5544 (morare.
3048 5494 3325 5552 chartam;
3355 5491 3553 5558 ipsum,

1969 5559 2165 5630 lector,
2226 5563 2270 5616 si
2326 5559 2518 5630 parato
2562 5561 2746 5614 animo
2801 5571 3086 5615 auctorem
3137 5561 3360 5618 adieris.
3407 5561 3552 5615 haud

1968 5629 2166 5682 leviter
2194 5648 2260 5684 ex
2302 5633 2394 5684 illo
2443 5632 2508 5685 ad
2552 5632 2879 5685 charitatem
2928 5641 2983 5686 et.
3023 5630 3503 5698 eoinpunctionem
3536 5671 3549 5693 ,

1967 5715 2087 5822 gum.
2140 5701 2252 5755 duo
2291 5704 2452 5758 nobis
2479 5703 2718 5757 maxima
2758 5702 2811 5756 in
2860 5703 2946 5756 via
2976 5701 3274 5772 spirituali,
3313 5700 3552 5755 aediﬁca-

2006 5785 2136 5822 eris.

2006 5785 2136 5825 Cl‘lS.
