4070 6396
507 314 609 382 931

1682 308 1744 374 s.
1784 310 2076 405 MAXIMI
2116 307 2633 373 CONFESSORIS

3695 315 3802 380 932

506 427 803 500 Apostolus
830 434 886 482 et
916 423 1185 497 psallebat
1211 431 1268 479 et
1294 422 1511 497 legebat
1547 431 1606 479 et
1642 423 2016 492 ministrabat,
2041 432 2099 479 et

2212 422 2537 486 ’Λπὸστολος
2564 421 2660 476 καὶ
2681 419 2911 492 ἔψαλλεν
2932 418 3030 477 καὶ
3046 422 3387 489 ἀνεγίνωσκε
3420 421 3518 476 καὶ
3537 421 3799 495 διηκόνει,

508 528 695 575 tamen
728 519 846 574 sine
889 516 1305 572 intermissione
1342 516 1559 572 orabat.
1595 515 1754 571 Tunc
1791 516 1943 571 enim
1982 515 2109 587 quis

506 609 629 666 sine
672 607 1081 664 intermissione
1122 616 1264 673 orat,
1304 622 1432 662 cum
1477 606 1648 661 multa
1688 606 2004 663 reverentia
2043 621 2109 662 ac

507 716 719 768 amore,
752 701 866 756 Deo
897 707 1082 755 mente
1119 699 1385 767 adhaeret,
1418 706 1582 769 atque
1614 697 1683 753 ab
1727 698 1849 769 ejus
1887 712 2110 769 semper

506 809 606 863 spe
638 794 871 865 pendet;
919 801 974 849 et
1005 791 1060 847 in
1099 791 1381 855 omnibus,
1427 789 1700 861 quidquid
1736 797 1912 861 gerat,
1940 790 2107 861 quid-

506 886 640 956 quid
672 886 902 953 aceidat,
934 885 989 940 in
1017 874 1113 939 illo
1139 883 1398 939 ﬁduciam
1426 882 1610 938 habet.
1641 882 1702 937 In
1722 896 1851 938 eum
1880 880 2106 937 modum

506 976 739 1032 allectus
788 976 1106 1046 Apostolus,
1154 975 1336 1029 aiebat
1376 992 1391 1028 :
1429 973 1556 1040 Quis
1610 989 1703 1028 nos
1753 972 2025 1045 separabit
2072 991 2106 1028 a

507 1071 767 1125 charitate
804 1068 1040 1124 Christi?
1083 1066 1397 1132 tribulatio,
1443 1084 1515 1120 an
1561 1066 1865 1136 angustiee?
1896 1072 1953 1119 ct
1984 1079 2107 1135 quae

512 1172 829 1232 sequuntur
859 1160 927 1215 ⁸⁸.
984 1161 1053 1215 Ει
1099 1169 1225 1232 post
1278 1176 1452 1231 pauca
1490 1177 1502 1214 :
1538 1158 1724 1215 Certus
1774 1175 1893 1214 sum
1940 1159 2103 1225 enim,

508 1256 637 1326 quia
696 1270 863 1325 neque
926 1270 1103 1320 mors,
1156 1270 1321 1324 neque
1378 1254 1522 1318 vita,
1592 1268 1757 1323 neque
1826 1251 2004 1322 angeli
2036 1251 2102 1308 ⁸⁸.

508 1345 579 1401 Ει
628 1345 830 1400 iterum
880 1363 893 1398 :
942 1344 1007 1399 In
1068 1345 1312 1399 omnibus
1371 1343 1773 1399 tribulationem
1830 1344 2102 1414 patimur,

506 1436 600 1491 sed
649 1452 755 1490 non
805 1437 1213 1507 angustiamur;
1276 1436 1615 1507 aporiamur,
1657 1433 1748 1488 sed
1783 1449 1890 1487 non
1940 1432 2103 1487 desti-

510 1531 743 1597 tuimur;
815 1530 1236 1599 persecutionem
1301 1527 1563 1598 patimur,
1624 1525 1716 1581 sed
1775 1541 1884 1579 non
1946 1524 2103 1579 dere-

509 1620 837 1692 linquimur;
906 1620 1223 1691 dejicimur,
1275 1620 1370 1674 sed
1425 1635 1530 1673 non
1582 1620 1837 1691 perimus.
1882 1615 2105 1688 Semper

508 1713 972 1783 mortiﬁcationem
1009 1711 1177 1785 379
1214 1712 1430 1767 Domini
1465 1712 1591 1767 Iesu
1631 1712 1690 1766 in
1733 1724 1955 1782 corpore
1992 1711 2101 1765 cir-

505 1806 877 1875 cumferentes,
903 1814 964 1859 ut
997 1783 1048 1860 et
1078 1805 1188 1865 vita
1227 1802 1356 1860 Jesu
1394 1803 1764 1875 manifestetur
1792 1805 1850 1859 in
1882 1804 2101 1869 mortali
2131 1783 2175 1840 Β

504 1910 668 1949 carne
700 1903 884 1948 nostra
920 1894 986 1948 ⁸ο.

574 1985 663 2041 26.
706 1986 765 2040 1n
810 1978 973 2040 hunc
1008 1984 1177 2056 igitur
1228 1984 1454 2041 modum
1501 1984 1733 2043 aﬁ‘eetus
1772 1987 2097 2058 Apostolus,

504 2078 626 2135 sine
666 2078 1082 2135 intermissione
1118 2078 1340 2146 orabat;
1384 2079 1480 2149 qui
1522 2080 1580 2134 in
1617 2080 1879 2135 omnibus
1911 2081 2100 2151 operi-

505 2169 630 2236 bus,
671 2171 751 2225 uti
786 2170 998 2225 dictum
1045 2178 1153 2237 est,
1192 2185 1257 2225 ac
1288 2169 1559 2240 quidquid
1598 2170 1911 2237 accidisset,
1937 2186 1969 2226 ε
2001 2171 2102 2228 Dei

503 2274 601 2329 spe
635 2260 924 2331 penderet.
964 2259 1098 2314 Eam
1135 2258 1207 2313 ob
1249 2273 1367 2313 rem
1408 2259 1585 2315 sancti
1623 2275 1815 2317 omnes
1852 2260 2104 2317 aﬁlictio-

503 2349 672 2405 nibus
708 2359 877 2422 atque
920 2349 1186 2405 aerumnis
1216 2363 1435 2419 semper
1468 2349 1802 2420 gaudebant,
1834 2359 1901 2406 ut
1930 2352 1986 2407 in
2017 2352 2105 2407 di-

503 2441 648 2496 vina:
678 2442 966 2496 eharitatis
995 2439 1247 2495 habitum
1268 2454 1337 2494 ex
1364 2440 1473 2496 illis
1500 2440 1854 2512 proﬁcerent.
1886 2442 2102 2500 Idcirco

504 2532 690 2588 aiebat
737 2531 1034 2603 Apostolus
1067 2546 1083 2586 :
1114 2529 1487 2586 Libentissime
1526 2533 1691 2603 igitur
1732 2532 2001 2605 gloriabor
2044 2535 2102 2589 in

503 2624 908 2692 inﬁrmitatibus
929 2624 1081 2689 meis,
1098 2630 1155 2676 ut
1177 2623 1432 2678 inhabitet
1450 2625 1505 2679 in
1526 2642 1608 2679 me
1623 2626 1791 2680 virtus
1815 2625 2013 2682 Christi
2029 2627 2097 2684 ".

504 2716 813 2787 Paucisque
858 2714 1165 2789 interiectis
1193 2729 1209 2767 :
1239 2712 1374 2772 Cum
1424 2716 1692 2786 inﬁrmor,
1741 2725 1866 2773 tunc
1915 2729 2100 2790 potens

503 2823 622 2861 sum
654 2808 718 2861 ⁸¹.
763 2807 870 2863 Sed
915 2826 993 2866 ιω
1037 2813 1202 2868 nobis
1242 2812 1480 2877 miseris,
1510 2809 1658 2881 quod
1702 2810 1892 2866 relicta
1937 2811 2102 2868 nobis

2210 514 2308 567 καὶ
2328 512 2687 577 ἀδιαλείπτως
2733 511 3079 585 προσηύχετο
3143 512 3514 578 Ἀδιάλειπτος
3539 515 3647 587 γάρ
3684 516 3802 570 ἐστι

2210 604 2512 678 προσευχὴ,
2553 606 2616 660 τὸ
2643 605 2732 661 τὸν
2760 605 2886 660 νοῦν
2919 605 3066 676 ἔχειν
3092 607 3151 661 ἐν
3185 605 3443 679 εὐλαϐείᾳ
3476 607 3645 681 πολλῇ
3704 609 3829 662 καὶ*

2209 695 2361 767 πόθῳ
2390 695 2788 767 προσκείμενον
2808 696 2890 767 τῷ
2926 695 2990 749 Θι
3010 695 3067 764 ἶ),
3100 696 3196 750 καὶ
3242 696 3341 767 τῆς
3390 697 3603 762 ἐλπίδος
3629 698 3798 753 αὐτοῦ

2208 788 2298 844 ἀεὶ
2350 787 2773 860 ἀποκρέμασθαι
2796 803 2810 818 ο
2849 788 2946 842 ual
2974 790 3055 852 είς
3086 787 3248 841 αὑτὸν
3293 788 3517 861 θαρρεῖν
3544 790 3603 844 ὲν
3634 792 3794 857 πᾶσι,

2207 882 2321 945 τοῖς
2357 897 2418 934 τε
2455 879 2640 952 ἔργοις
2672 880 2764 935 καὶ
2793 881 2905 944 τοῖς
2943 879 3354 950 συμϐαίνουσιν.
3380 879 3567 943 Οὕτως
3590 881 3798 935 διακεί-
3824 898 3829 903 ’

2212 990 2374 1045 μενος
2404 972 2432 1025 ὁ
2484 972 2827 1035 Ἀπόστολος,
2866 970 3021 1039 ἔλεγε
3043 987 3059 1002 θ
3101 973 3198 1037 Τίς
3220 970 3380 1041 ημᾶς
3408 970 3653 1038 χωρίσει
3677 971 3800 1025 ἀπὸ

2207 1063 2313 1133 τῆς
2338 1064 2578 1135 ἀγάπης
2608 1064 2715 1119 τοῦ
2735 1064 2997 1133 Χριστοῦ
3020 1079 3032 1092 ⁸
3057 1064 3265 1132 θλίψις
3280 1078 3301 1127 ;
3332 1062 3370 1132 ἢ
3393 1064 3799 1133 στενοχωρία;

2206 1157 2303 1211 καὶ
2341 1158 2410 1212 τὰ
2449 1144 2614 1230 ἑξῆς.
2637 1158 2748 1212 Kal
2779 1159 2898 1229 μετ’
2934 1157 3125 1227 ὀλίγα*
3162 1157 3497 1227 Πέπεισμαι
3543 1156 3676 1227 γὰρ,
3706 1156 3800 1211 ὅτι

2206 1250 2344 1305 οὔτε
2367 1248 2649 1317 θάνατος,
2684 1251 2825 1305 οὔτε
2852 1249 2986 1320 ζωὴ,
3008 1250 3149 1304 οὔτε
3176 1250 3445 1320 ἄγγελοι.
3474 1250 3588 1305 Καὶ
3609 1249 3796 1305 πάλιν·

2218 1342 2316 1395 Ἐν
2374 1341 2559 1397 παντὶ
2592 1343 2956 1413 θλιϐόμενοι,
2981 1340 3081 1397 καὶ
3109 1343 3182 1397 οὐ
3223 1343 3797 1412 στενοχωρούμενοιο

2204 1434 2625 1505 ἀπορούμενοι,
2664 1434 2763 1488 καί
2807 1430 2928 1489 οὐκ
2968 1433 3439 1504 ἐξαπορούμενοι
3461 1448 3475 1463 ·
3520 1432 3799 1503 διωκόμε-

2203 1540 2318 1588 νοι,
2358 1524 2499 1579 ἀλλ’
2551 1527 2624 1580 οὐ
2669 1527 3290 1596 καταλιμπανόμενοι·
3340 1525 3793 1595 καταϐαλλόμε-

2202 1635 2318 1686 νοι,
2348 1619 2489 1674 ἀλλ’
2524 1622 2636 1675 οὐκ
2657 1620 3088 1691 ἀπολλύμενοι.
3113 1618 3379 1674 Πάντοτε
3410 1618 3527 1687 τὴν
3572 1617 3807 1688 νέκρω--

2204 1729 2311 1768 σιν
2336 1712 2447 1767 τοῦ
2466 1714 2689 1782 Κυρίου
2736 1712 2945 1781 Ἰησοῦ
2970 1713 3043 1767 ἐν
3070 1710 3153 1778 τῷ
3174 1711 3404 1783 σώματι
3439 1710 3796 1781 περιφέρον-

2202 1821 2322 1872 τες,
2350 1805 2453 1859 ἵνα
2488 1795 2662 1874 καλὴ
2697 1802 2808 1874 ζωὴ
2849 1805 2957 1861 τοῦ
3000 1804 3206 1875 Ἰησοῦ
3238 1800 3556 1875 φανερωθῇ
3609 1802 3681 1858 ἐν
3722 1801 3799 1874 τῇ

2201 1892 2393 1964 θνητῇ
2418 1894 2601 1965 σαρκὶ
2624 1894 2816 1965 ἡμῶν.

2274 1992 2387 2051 κς’.
2423 1984 2614 2049 Οὕτως
2639 1981 2732 2040 οὖν
2761 1987 2791 2039 ὁ
2822 1984 3150 2050 Ἀπόστολος
3170 1984 3534 2056 διακείμενος,
3564 1983 3800 2039 ἀδιαλεί-

2202 2094 2356 2141 πτως
2393 2076 2497 2150 [αι.
2533 2077 2803 2151 διηνεκῶς
2834 2076 2930 2132 καὶ
2955 2076 3156 2150 ἁδιαλ.]
3185 2077 3548 2150 προσηύχετο*
3574 2078 3633 2129 ὲν
3660 2077 3797 2130 πᾶσι
3882 2117 3895 2127 .

2201 2168 2310 2241 γὰρ
2347 2172 2461 2234 τοῖς
2492 2171 2701 2243 ἔργοις,
2751 2170 2829 2235 ὡς
2869 2170 3105 2243 εἴρηται,
3132 2170 3226 2224 xal
3258 2172 3371 2233 τοῖς
3401 2168 3798 2240 συμϐαίνουσιν

2201 2260 2375 2333 αὐτῷ,
2419 2261 2521 2334 τῆς
2555 2261 2771 2327 ὲλπίδος
2818 2260 2914 2315 τοῦ
2939 2261 3074 2316 Θεοῦ
3098 2261 3478 2333 ἀπεκρέματο.
3509 2260 3611 2314 Διὰ
3638 2260 3798 2313 τοῦτο

2200 2354 2323 2418 ταῖς
2379 2352 2627 2425 θλίψεσιν
2684 2354 2774 2409 ἀεὶ
2818 2354 3041 2428 ἔχαιρον
3087 2355 3292 2420 πάντες
3323 2356 3374 2408 οἱ
3403 2354 3571 2424 ἅγιοι,
3598 2354 3686 2407 ἵνα
3715 2353 3798 2415 είς

2201 2444 2314 2511 ἕξιν
2341 2444 2536 2499 ἔλθωσι
2556 2446 2655 2516 τῆς
2689 2444 2840 2509 θείας
2868 2446 3111 2518 ἀγάπης.
3155 2445 3268 2500 Kal
3299 2444 3388 2499 διὰ
3416 2444 3577 2498 τοῦτο
3609 2443 3796 2511 ἔλεγεν

2201 2538 2230 2591 ὁ
2276 2535 2602 2599 Ἀπόστολος
2630 2552 2644 2566 ο
2666 2534 2919 2591 Ἥδιστα
2956 2531 3072 2591 οὖν
3115 2533 3505 2603 καυχήσομαι
3551 2533 3622 2587 ἐν
3666 2530 3796 2598 ταῖς

2201 2626 2547 2692 ἀσθενείαις
2563 2644 2707 2697 μου,
2730 2627 2832 2681 ἵνα
2855 2626 3250 2695 ἐπισκηνώσῃ
3278 2626 3371 2679 ἐπ’
3397 2625 3503 2695 ἐμὲ
3532 2624 3570 2694 ἦ
3613 2623 3798 2678 δύνα-

2196 2738 2300 2790 μις
2325 2720 2432 2775 τοῦ
2476 2718 2758 2789 Χριστοῦ.
2810 2719 2921 2773 Kal
2957 2721 3073 2789 μετ’
3099 2718 3255 2787 ὀλίγα
3275 2734 3290 2748 ’
3323 2719 3512 2772 Ὅταν
3534 2714 3795 2782 ἀσθενῶ,

2201 2812 2338 2865 τότε
2358 2810 2618 2878 δυνατός
2647 2813 2785 2880 ειμι.
2819 2809 2962 2863 Ἀλλ’
2993 2811 3119 2864 οὐαὶ
3146 2811 3281 2882 ἡμῖν
3313 2811 3428 2873 τοῖς
3456 2807 3685 2873 ἀθλίοις,
3711 2807 3796 2861 δτι

505 2909 823 2955 sanctorum
847 2902 1075 2959 Patrum
1096 2906 1241 2972 vita;
1274 2904 1439 2976 idque
1465 2904 1523 2959 in
1544 2918 1709 2960 causa
1731 2910 1837 2971 est,
1863 2913 1925 2959 ut
1948 2904 2099 2960 omni

2203 2901 2573 2974 κατελίπομεν
2622 2902 2722 2973 τὴν
2750 2902 2871 2958 ὁδὸν
2904 2902 3015 2956 τῶν
3054 2901 3226 2971 ἁγίων
3256 2899 3543 2973 Πατέρων,
3579 2899 3676 2955 καὶ
3708 2899 3796 2955 διὰ

506 2991 740 3061 spiritali
775 3006 943 3064 opere
975 2994 1314 3052 deﬁciamur.

2203 2994 2358 3049 τοῦτο
2385 2993 2584 3068 ἔρημοι
2612 2996 2778 3064 ἐσμεν
2810 2993 3011 3058 παντὸς
3039 2992 3202 3065 ἔργου
3250 2990 3653 3064 πνευματικοῦ.

574 3084 666 3138 27.
709 3085 777 3138 Et
803 3085 944 3141 dixit
977 3087 1147 3143 frater
1185 3106 1198 3142 :
1229 3086 1373 3155 Quid
1399 3102 1579 3143 causae
1604 3094 1709 3152 est,
1738 3087 1920 3155 Pater,
1951 3089 2098 3159 quod

2273 3087 2378 3155 κζ’.
2406 3089 2517 3143 Kal
2540 3089 2569 3142 ὁ
2597 3088 2828 3158 ἀδελφὸς
2872 3081 2995 3141 εἷπε
3014 3103 3030 3120 ο
3061 3086 3161 3141 Διὰ
3192 3086 3283 3153 τί,
3318 3087 3524 3157 Πάτερ,
3551 3086 3652 3139 οὐκ
3683 3084 3794 3157 ἔχω

507 3178 990 3247 compunetionem
1030 3196 1141 3235 non
1200 3181 1466 3236 habeam?
1520 3180 1829 3251 Respondit
1878 3197 2096 3238 senex:

2203 3179 2518 3247 κατάνυξινς
2549 3179 2660 3233 Kal
2690 3178 2969 3253 ἀπεκρίθη
2998 3180 3028 3234 ὁ
3055 3178 3254 3250 γέρων·
3293 3178 3514 3250 Ἐπειδὴ
3540 3179 3641 3232 οὐκ
3673 3176 3791 3233 ἐστι

505 3265 663 3333 Quod
694 3269 792 3324 Dei
824 3270 1082 3326 timorem
1111 3271 1183 3327 ob
1221 3272 1413 3328 oculos
1448 3288 1560 3328 non
1589 3273 1911 3330 habeamus.
1939 3274 2100 3343 Quod

2203 3272 2366 3343 φόϐος
2393 3270 2530 3327 Θεοῦ
2576 3271 2836 3326 ἀπέναντι
2868 3271 2977 3326 τῶν
3002 3272 3298 3344 ὀφθαλμῶν
3335 3256 3536 3343 ἡμῶν(
3574 3270 3792 3342 Ἐπειδὴ

504 3359 753 3417 omnium
784 3361 1053 3416 malorum
1095 3363 1311 3418 sentina
1350 3361 1480 3418 facti
1515 3378 1726 3431 sumus,
1764 3380 1998 3436 eamque
2026 3354 2100 3422 ob

2203 3365 2422 3419 πάντων
2450 3363 2561 3417 τῶν
2608 3363 2797 3418 κακῶν
2824 3363 3132 3436 γεγόναμεν
3176 3364 3543 3433 καταγώγιον,
3584 3363 3681 3417 καὶ
3706 3362 3794 3416 διὰ

507 3466 625 3505 rem
661 3453 1004 3507 tremendam
1036 3454 1135 3509 Dei
1169 3455 1437 3510 ultionem
1467 3455 1620 3510 velut
1651 3456 1857 3511 nudam
1894 3456 2104 3527 cogitaa

508 3540 716 3597 tionem
754 3558 818 3598 ac
848 3544 1082 3601 rationis
1117 3546 1438 3618 ﬁgmentum
1470 3548 1921 3618 contempsimus.
1949 3547 2096 3603 Alio-

505 3634 602 3703 qui
637 3634 763 3704 quis
801 3652 914 3691 non
957 3637 1145 3693 animo
1189 3647 1612 3710 compungatur,
1640 3639 1736 3709 qui
1763 3639 1985 3711 Moysen
2031 3656 2103 3696 ex

506 3723 605 3779 Dei
650 3740 889 3796 persona
921 3727 1112 3784 audiat
1149 3728 1206 3783 in
1245 3737 1566 3799 peccatores
1594 3728 1871 3785 dicentem
1908 3730 2100 3802 :Ignis

506 3833 756 3872 accensus
788 3828 863 3874 est
892 3820 950 3874 in
980 3820 1161 3890 furore
1192 3836 1305 3875 meo
1328 3836 1347 3875 :
1382 3820 1585 3876 ardebit
1619 3837 1783 3893 usque
1809 3820 1880 3875 ad
1905 3816 2106 3892 inferni

506 3910 813 3969 novissima.
838 3910 1119 3967 Devorabit
1143 3922 1344 3969 terram
1368 3921 1416 3968 et
1447 3914 1560 3985 ejus
1583 3914 1825 3985 germina
1853 3930 1871 3969 :
1900 3912 2098 3984 funda-

505 4008 684 4055 menta
740 4004 999 4058 montium
1050 4005 1338 4059 comburet.
1394 4004 1734 4078 Cougregabo
1789 4023 1951 4077 super
2011 4023 2099 4062 eos

504 4092 676 4156 mala,
726 4102 775 4147 et
812 4097 1040 4167 sagittas
1089 4114 1236 4152 meas
1272 4098 1538 4169 complebo
1573 4100 1628 4154 in
1663 4099 1735 4153 eis
1772 4097 1838 4153 ”.
1878 4099 1948 4154 Et
1979 4112 2100 4155 rur-

502 4200 626 4239 sum
662 4204 675 4239 :
713 4186 920 4243 Acuam
962 4198 1020 4242 ut
1056 4190 1237 4262 fulgur
1278 4191 1520 4262 gladium
1558 4208 1755 4257 meum,
1790 4199 1843 4246 et
1877 4193 2100 4264 arripiet

495 4275 759 4344 judicium
800 4293 991 4333 manus
1027 4297 1179 4347 mea;
1212 4288 1260 4335 et
1295 4281 1513 4335 reddam
1548 4280 1803 4336 ultionem
1842 4283 2095 4350 hostibus,

503 4373 553 4417 et
592 4367 693 4431 his,
722 4368 815 4437 qui
860 4369 1085 4423 oderunt
1134 4387 1236 4436 me,
1286 4369 1575 4426 retribuam
1614 4370 1681 4425 “.
1726 4371 1923 4426 Isaiam
1963 4386 2099 4428 vero

2198 3454 2377 3521 ⁸τοῦτο,
2404 3454 2481 3518 ὡς
2502 3453 2661 3525 ψιλοῦ
2686 3454 2961 3527 νοήματος
2987 3456 3478 3527 κατεφρονήσαμεν
3499 3454 3601 3525 τῆς
3631 3453 3791 3524 φοϐε-

2200 3548 2304 3618 ρᾶς
2334 3546 2427 3601 τοῦ
2471 3546 2609 3601 Θεοῦ
2661 3547 2958 3611 κολάσεως.
2998 3548 3151 3601 Ἐπεὶ
3189 3548 3273 3612 τίς
3296 3548 3357 3602 οὐ
3386 3547 3789 3617 κατανύγεται,

2194 3638 2437 3703 ἀκούων,
2473 3635 2568 3690 τοῦ
2603 3637 2702 3708 μὲν
2729 3636 3011 3700 Μωῦσέως
3034 3636 3101 3690 ὲκ
3138 3636 3436 3709 προσώπου
3483 3635 3621 3690 Θεοῦ
3663 3637 3793 3708 περὶ

2192 3729 2311 3785 »τῶν
2337 3729 2678 3802 ἁμαρτωλῶν
2712 3728 2968 3798 λέγοντος
2989 3766 3005 3792 ,
3045 3729 3129 3782 ὅτι
3157 3728 3284 3799 Πῦρ
3317 3728 3675 3784 ἐκκέκαυται
3721 3729 3792 3783 ἐκ

2199 3823 2307 3878 τοῦ
2338 3824 2530 3893 θυμοῦ
2548 3840 2669 3893 μου
2687 3837 2703 3854 ·
2728 3820 3100 3891 καυθήσεται
3117 3820 3230 3888 ἕως
3250 3820 3402 3889 ᾅδου
3423 3821 3785 3876 κατωτάτου.

2200 3914 2616 3984 Καταφάγεται
2637 3912 2778 3984 γῆν,
2813 3911 2912 3968 καὶ
2935 3912 3009 3967 τὰ
3045 3912 3351 3984 γενήματα
3394 3911 3618 3982 αὐτῆς·
3646 3912 3790 3983 φλέο

2199 4007 2290 4073 ξει
2324 4005 2568 4076 θεμέλια
2599 4003 2805 4074 όρέων.
2828 4003 3079 4070 Συνὰξω
3107 4006 3196 4071 εὶς
3227 4004 3454 4071 αὐτοὺς
3482 4004 3661 4070 κακὰ,
3688 4005 3790 4060 καὶ

2200 4101 2273 4153 τὰ
2295 4097 2455 4166 ,ϐέλη
2479 4114 2601 4166 μου
2646 4098 3019 4167 συντελέσω,
3039 4098 3129 4163 εὶς
3151 4098 3410 4163 αὐτούς;
3445 4097 3556 4152 Kal
3592 4097 3784 4151 πάλιν*

2203 4188 2528 4261 Παροξυνῶ
2550 4190 2633 4255 ώς
2658 4186 2983 4257 ἀστραπὴν
3024 4186 3141 4256 τὴν
3171 4187 3477 4258 μάχαιράν
3500 4206 3646 4259 μου,
3689 4189 3789 4244 real

2198 4281 2513 4347 ἀνθέξεται
2534 4280 2819 4350 κρίματος
2840 4281 2880 4349 ἠ
2911 4296 3041 4349 χειρ
3067 4296 3188 4349 μου
3209 4297 3223 4311 ο
3263 4280 3364 4335 καὶ
3381 4281 3788 4335 ἀνταποδώσω

2198 4374 2385 4443 δίκην
2405 4372 2532 4440 τοῖς
2564 4356 2825 4441 ἐχθροῖς,
2855 4371 2956 4425 καὶ
2992 4371 3119 4438 τοῖς
3137 4372 3399 4443 μισοῦσί
3420 4389 3499 4442 με
3522 4373 3787 4428 ἀνταπο-

503 4453 834 4511 clamantem
883 4459 1121 4528 accipiat
1156 4477 1171 4513 :
1213 4458 1344 4524 Quis
1394 4460 1733 4515 annuntiabit
1778 4461 1919 4515 vobis
1957 4477 2096 4532 quoa

2203 4464 2392 4520 δώσω.
2427 4463 2535 4517 Τοῦ
2555 4462 2612 4516 δὲ
2640 4462 2862 4516 Ἡσαΐου
2896 4462 3150 4533 βοῶντος,
3174 4462 3271 4530 Τίς
3303 4463 3629 4534 ἀναγγελεῖ
3648 4465 3788 4535 ὑμῖν

501 4545 640 4616 ignis
695 4547 886 4603 ardet?
937 4547 1067 4615 Quis
1127 4552 1466 4605 annuntiabit
1520 4551 1662 4605 vobis
1718 4551 1889 4606 locum
1945 4559 2101 4609 teter-

503 4652 632 4692 num
660 4638 736 4693 Iul?
764 4639 1049 4695 Ambulate
1082 4642 1139 4696 in
1177 4641 1289 4696 luce
1326 4641 1463 4713 ignis
1496 4640 1676 4708 vestri,
1706 4650 1756 4696 et
1778 4643 1834 4696 in
1852 4645 2097 4715 ﬂamma,

502 4745 664 4801 quam
709 4733 1050 4788 succendistis
1082 4733 1150 4789 ⁸⁸.
1216 4734 1285 4789 Et
1339 4734 1541 4789 iterum
1583 4751 1597 4788 :
1638 4733 2013 4807 Egredientur,
2050 4746 2102 4791 et

500 4822 745 4878 videbunt
771 4826 1035 4881 cadavera
1076 4826 1369 4895 hominum,
1407 4827 1497 4899 qui
1531 4828 1869 4899 pra'varicati
1893 4840 2015 4883 sunt
2042 4831 2099 4886 in

500 4931 603 4969 me.
645 4915 846 4972 Vermis
872 4920 1012 4974 enim
1035 4933 1218 4973 eorum
1244 4936 1349 4973 non
1379 4921 1655 4986 morietur,
1679 4930 1729 4975 et
1751 4922 1883 4992 ignis
1908 4939 2093 4978 eorum

500 5023 607 5062 non
637 5011 1000 5082 exstinguetur
1022 5028 1040 5067 :
1063 5022 1114 5067 et
1141 5021 1295 5066 erunt
1321 5013 1377 5067 in
1403 5013 1656 5067 visionem
1684 5014 1829 5068 omni
1846 5016 1999 5068 carni
2021 5015 2090 5071 ⁸⁷.

498 5099 793 5158 Jeremiam
824 5120 1047 5176 quoque
1073 5105 1350 5162 dicentem
1385 5122 1398 5160 :
1433 5106 1572 5160 Date
1607 5105 1836 5161 Domino
1862 5107 1971 5162 Deo
2007 5125 2093 5164 ue-

497 5201 609 5247 stro
639 5193 889 5264 gloriam,
924 5205 1214 5269 antequam
1247 5200 1690 5264 contenebrescat,
1719 5208 1769 5253 et
1802 5208 2092 5272 antequam

499 5282 767 5353 offendant
826 5288 980 5357 pedes
1034 5290 1195 5343 vestri
1241 5289 1312 5343 ad
1357 5298 1561 5344 montes
1590 5289 1906 5361 caliginosas
1931 5290 2092 5345 ".Et

500 5389 695 5430 rursus
726 5393 738 5429 :
768 5377 977 5445 Audite,
1003 5381 1229 5452 populus
1267 5381 1462 5436 stultus
1502 5392 1550 5436 et
1568 5384 1681 5437 sine
1719 5383 1874 5436 corde
1905 5399 1922 5437 :
1953 5383 2093 5437 oculi

498 5470 593 5533 eis,
631 5477 680 5522 et
723 5486 826 5525 non
863 5472 1071 5538 vident;
1113 5490 1270 5528 aures
1310 5475 1411 5540 eis,
1438 5484 1486 5529 et
1522 5492 1627 5530 non
1654 5475 1898 5529 audiunt.
1941 5474 2093 5530 Nun-

497 5559 625 5622 quid
670 5575 751 5614 me
788 5577 893 5614 non
929 5562 1197 5629 timebitis,
1234 5563 1362 5618 dicit
1405 5565 1702 5621 Dominus?
1745 5573 1838 5620 aut
1882 5582 1915 5619 a
1958 5566 2092 5632 (acie

571 5678 617 5711 ⁸⁸
644 5679 804 5734 Rom.
836 5697 953 5746 vm,
984 5680 1073 5736 55.
1151 5682 1194 5715 ⁸³
1227 5683 1362 5738 ibid.
1394 5685 1483 5742 58.
1560 5687 1607 5720 ⁸ο
1641 5685 1685 5741 ll
1710 5684 1818 5741 Cor
1869 5701 1943 5750 tv,
1975 5684 2063 5750 10,
2096 5685 2185 5739 Η.

2202 4556 2295 4612 ὅτι
2340 4556 2461 4625 πῦρ
2510 4555 2738 4625 καίεται
2751 4571 2771 4621 ;
2821 4555 2915 4622 τίς
2952 4555 3278 4625 ἀναγγελεῖ
3298 4556 3445 4626 ὑμῖν
3473 4556 3580 4611 τὸν
3600 4558 3789 4611 τόπον

2201 4648 2310 4703 τὸν
2327 4646 2573 4703 αἰώνιον
2589 4664 2607 4714 ;
2632 4649 2972 4717 Πορεύεσθε
2994 4635 3074 4714 τῷ
3095 4648 3242 4719 φωτὶ
3264 4648 3372 4703 τοῦ
3389 4649 3582 4718 πυρὸς
3599 4648 3785 4720 ὑμῶν,

2201 4742 2302 4797 καὶ
2338 4740 2412 4811 τῇ
2434 4741 2640 4812 φλογὶ,
2663 4736 2703 4814 ᾖ
2729 4741 3121 4807 ἐξεκαύσατε.
3147 4740 3257 4795 Kal
3287 4741 3449 4794 πάλιν
3472 4757 3486 4772 ·
3523 4741 3790 4806 Ἐξελεύ-

2200 4847 2432 4895 σονται,
2470 4832 2567 4885 καὶ
2597 4830 2854 4900 ὄψονται
2875 4830 2949 4884 τὰ
2971 4829 3136 4884 κῶλα
3159 4827 3279 4883 τῶν
3301 4829 3651 4900 ἀνθρώπων,
3672 4830 3790 4889 τῶν

2201 4924 2701 4994 παραϐεϐηκότων
2720 4924 2789 4977 ἐν
2810 4922 2961 4993 ἐμοι.
2999 4922 3062 4977 Ὃ
3087 4923 3199 4993 γὰρ
3224 4921 3475 4990 σκώληξ
3496 4921 3699 4976 αὐτῶν
3720 4923 3789 4976 οὐ

2199 5013 2578 5081 τελευτήσει,
2614 5013 2713 5068 καὶ
2755 5013 2819 5067 τὸ
2856 5013 2977 5081 πῦρ
3010 5011 3211 5067 αὐτῶν
3253 5015 3326 5069 οὐ
3355 5012 3786 5079 σϐεσθήσεταιο

2199 5104 2300 5159 καὶ
2334 5107 2582 5160 ἔσονται
2603 5107 2692 5170 είς
2721 5104 2939 5173 ὅρασιν
2962 5103 3133 5174 πάσῃ
3156 5103 3361 5173 σαρκί.
3392 5105 3500 5159 Τοῦ
3529 5105 3587 5158 δὲ
3629 5105 3789 5177 Ἱερε-

2203 5196 2325 5266 μίου
2352 5196 2607 5266 λέγοντος
2628 5214 2643 5229 ·
2673 5197 2817 5251 Δότε
2846 5195 2930 5263 τῷ
2977 5197 3177 5265 Κυρίῳ
3224 5193 3351 5268 [Fr.
3378 5198 3577 5266 Kvpltp
3595 5195 3787 5267 ὑμῶν]

2201 5287 2324 5355 Θεῷ
2351 5287 2523 5359 ὑμῶν
2546 5288 2737 5353 δόξαν
2762 5287 2877 5357 πρὸ
2920 5288 3028 5342 τοῦ
3049 5287 3373 5355 σκοτάσαι,
3407 5290 3506 5344 καὶ
3537 5289 3654 5359 πρὸ
3682 5288 3787 5343 τοῦ

2198 5383 2548 5450 προσκόψαι
2596 5380 2741 5448 τοὺς
2791 5380 2984 5447 πόδας
3005 5381 3172 5451 ὑμῶν
3203 5381 3298 5435 ἐπ’
3348 5383 3456 5452 ὄρη
3480 5382 3785 5437 σκοτεινά.

2198 5475 2311 5528 Kal
2351 5473 2519 5529 πάλιν
2536 5491 2548 5504 ι
2596 5473 2923 5529 Ἀκούσατε
2947 5472 3101 5539 λαός
3122 5473 3324 5543 μωρὸς
3344 5474 3443 5528 καὶ
3470 5472 3789 5541 ἀκάρδιος’

2200 5566 2496 5638 ὀφθαλμοὶ
2533 5566 2761 5634 αὐτοῖς,
2793 5567 2891 5622 καὶ
2921 5568 2993 5622 οὐ
3010 5566 3361 5632 ,ϐλέπουσιν
3378 5583 3392 5599 ·
3418 5562 3539 5622 ὦτα
3558 5564 3788 5633 αὐτοῖς,

2287 5686 2331 5718 ⁵¹
2366 5685 2412 5740 ll
2439 5684 2565 5741 Cor.
2595 5701 2692 5751 xu,
2723 5685 2777 5742 9.
2854 5685 2900 5718 "
2933 5684 3071 5741 ibid.
3147 5683 3235 5740 10.
3338 5684 3387 5720 ³³
3429 5685 3590 5743 Deut.
3619 5698 3789 5752 unt,

496 5748 589 5816 9-2,
620 5750 708 5804 ‘35.
785 5752 830 5783 ⁸⁵
867 5751 1002 5807 ibid.
1038 5753 1127 5808 41.
1202 5754 1248 5787 ⁸⁸
1278 5755 1381 5811 lsa.
1419 5757 1701 5826 sxum“.
1779 5757 1825 5790 ”
1851 5748 1955 5812 lsa.
1984 5748 2094 5826 L,‘

2233 5756 2278 5789 ⁸⁷
2308 5756 2414 5813 lsa.
2440 5772 2583 5826 ωινι,
2608 5748 2699 5813 24⁷.
2776 5756 2823 5790 ⁸⁸
2852 5756 3055 5813 Jerem.
3091 5772 3207 5827 xm,
3234 5754 3320 5813 16.
