  <div class='ocr_page' id='page_1' title='image "/cluster/home/n/w/nwhite01/storage/ocr_20150623/90:no.1/coo.31924054869940/482.png"; bbox 0 0 4070 6420; ppageno 0'>
   <div class='ocr_carea' id='block_1_1' title="bbox 322 344 424 410">
    <p class='ocr_par' dir='ltr' id='par_1_1' title="bbox 322 344 424 410">
     <span class='ocr_line' id='line_1_1' title="bbox 322 344 424 410; baseline -0.02 0"><span class='ocrx_word' id='word_1_1' title='bbox 322 344 424 410; x_wconf 85' lang='lat'><strong><em>933</em></strong></span> 
     </span>
    </p>
   </div>
   <div class='ocr_carea' id='block_1_2' title="bbox 1596 338 2295 403">
    <p class='ocr_par' dir='ltr' id='par_1_2' title="bbox 1596 338 2295 403">
     <span class='ocr_line' id='line_1_2' title="bbox 1596 338 2295 403; baseline 0 -3"><span class='ocrx_word' id='word_1_2' title='bbox 1596 338 1830 400; x_wconf 82' lang='lat' dir='ltr'><strong><em>LIBER</em></strong></span> <span class='ocrx_word' id='word_1_3' title='bbox 1866 339 2295 403; x_wconf 77' lang='lat' dir='ltr'><strong><em>ASCETICUS.</em></strong></span> 
     </span>
    </p>
   </div>
   <div class='ocr_carea' id='block_1_3' title="bbox 3469 350 3580 414">
    <p class='ocr_par' dir='ltr' id='par_1_3' title="bbox 3469 350 3580 414">
     <span class='ocr_line' id='line_1_3' title="bbox 3469 350 3580 414; baseline -0.018 0"><span class='ocrx_word' id='word_1_4' title='bbox 3469 350 3580 414; x_wconf 70' lang='lat' dir='ltr'><strong><em>9M</em></strong></span> 
     </span>
    </p>
   </div>
   <div class='ocr_carea' id='block_1_4' title="bbox 316 447 1900 525">
    <p class='ocr_par' dir='ltr' id='par_1_4' title="bbox 316 447 1887 520">
     <span class='ocr_line' id='line_1_4' title="bbox 316 447 1887 520; baseline -0.007 -9"><span class='ocrx_word' id='word_1_5' title='bbox 316 458 409 511; x_wconf 75' lang='grc' dir='ltr'><em>καὶ</em></span> <span class='ocrx_word' id='word_1_6' title='bbox 438 456 551 509; x_wconf 85' lang='grc' dir='ltr'><em>οὐκ</em></span> <span class='ocrx_word' id='word_1_7' title='bbox 579 451 933 509; x_wconf 75' lang='grc' dir='ltr'><em>ἀκούουσιν.</em></span> <span class='ocrx_word' id='word_1_8' title='bbox 979 449 1116 520; x_wconf 82' lang='grc' dir='ltr'><em>Ἐμὲ</em></span> <span class='ocrx_word' id='word_1_9' title='bbox 1145 450 1216 502; x_wconf 82' lang='grc' dir='ltr'><em>οὐ</em></span> <span class='ocrx_word' id='word_1_10' title='bbox 1247 447 1691 517; x_wconf 64' lang='grc' dir='ltr'><em>φοϐηθήσεσθε,</em></span> <span class='ocrx_word' id='word_1_11' title='bbox 1723 452 1887 517; x_wconf 63' lang='grc' dir='ltr'><em>λέγει</em></span> 
     </span>
    </p>
   </div>
   <div class='ocr_carea' id='block_1_5' title="bbox 2002 447 3583 525">
    <p class='ocr_par' dir='ltr' id='par_1_5' title="bbox 2002 450 3583 525">
     <span class='ocr_line' id='line_1_5' title="bbox 2002 450 3583 525; baseline 0.008 -23"><span class='ocrx_word' id='word_1_12' title='bbox 2002 466 2109 503; x_wconf 88' lang='lat' dir='ltr'><strong><em>mea</em></strong></span> <span class='ocrx_word' id='word_1_13' title='bbox 2157 467 2262 504; x_wconf 86' lang='lat' dir='ltr'><strong><em>non</em></strong></span> <span class='ocrx_word' id='word_1_14' title='bbox 2314 450 2660 506; x_wconf 86' lang='lat' dir='ltr'><strong><em>verebimini?</em></strong></span> <span class='ocrx_word' id='word_1_15' title='bbox 2700 457 2788 524; x_wconf 92' lang='lat' dir='ltr'><strong><em>qui</em></strong></span> <span class='ocrx_word' id='word_1_16' title='bbox 2835 458 2983 525; x_wconf 81' lang='lat' dir='ltr'><strong><em>posui</em></strong></span> <span class='ocrx_word' id='word_1_17' title='bbox 3028 473 3250 511; x_wconf 90' lang='lat' dir='ltr'><strong><em>arenam</em></strong></span> <span class='ocrx_word' id='word_1_18' title='bbox 3299 468 3583 515; x_wconf 73' lang='lat' dir='ltr'><strong><em>terminum</em></strong></span> 
     </span>
    </p>
   </div>
   <div class='ocr_carea' id='block_1_6' title="bbox 317 538 1890 616">
    <p class='ocr_par' dir='ltr' id='par_1_6' title="bbox 317 538 1890 616">
     <span class='ocr_line' id='line_1_6' title="bbox 317 538 1890 616; baseline -0.008 -14"><span class='ocrx_word' id='word_1_19' title='bbox 317 547 562 616; x_wconf 71' lang='grc' dir='ltr'><em>Κύριοςς</em></span> <span class='ocrx_word' id='word_1_20' title='bbox 601 545 638 612; x_wconf 78' lang='grc' dir='ltr'><em>ἢ</em></span> <span class='ocrx_word' id='word_1_21' title='bbox 671 543 791 598; x_wconf 82' lang='grc' dir='ltr'><em>ἀπὸ</em></span> <span class='ocrx_word' id='word_1_22' title='bbox 823 542 928 596; x_wconf 88' lang='grc' dir='ltr'><strong><em>τοῦ</em></strong></span> <span class='ocrx_word' id='word_1_23' title='bbox 967 538 1294 609; x_wconf 81' lang='grc' dir='ltr'><strong><em>προσώπου</em></strong></span> <span class='ocrx_word' id='word_1_24' title='bbox 1327 557 1447 609; x_wconf 87' lang='grc' dir='ltr'><strong><em>μου</em></strong></span> <span class='ocrx_word' id='word_1_25' title='bbox 1487 541 1598 594; x_wconf 83' lang='grc' dir='ltr'><em>οὐκ</em></span> <span class='ocrx_word' id='word_1_26' title='bbox 1631 541 1890 605; x_wconf 76' lang='grc' dir='ltr'><em>εὐλαϐη-</em></span> 
     </span>
    </p>
   </div>
   <div class='ocr_carea' id='block_1_7' title="bbox 317 628 1894 706">
    <p class='ocr_par' dir='ltr' id='par_1_7' title="bbox 317 628 1894 706">
     <span class='ocr_line' id='line_1_7' title="bbox 317 628 1894 706; baseline -0.006 -15"><span class='ocrx_word' id='word_1_27' title='bbox 317 638 605 706; x_wconf 82' lang='grc' dir='ltr'><em>θῄσεσθε;</em></span> <span class='ocrx_word' id='word_1_28' title='bbox 632 635 741 689; x_wconf 87' lang='grc' dir='ltr'><strong><em>τὸν</em></strong></span> <span class='ocrx_word' id='word_1_29' title='bbox 785 633 1128 699; x_wconf 86' lang='grc' dir='ltr'><em>ποιήσαντα</em></span> <span class='ocrx_word' id='word_1_30' title='bbox 1173 632 1338 700; x_wconf 79' lang='grc' dir='ltr'><em>ὅριον</em></span> <span class='ocrx_word' id='word_1_31' title='bbox 1387 630 1638 700; x_wconf 66' lang='grc' dir='ltr'><em>ψάμμον</em></span> <span class='ocrx_word' id='word_1_32' title='bbox 1669 628 1743 697; x_wconf 77' lang='grc' dir='ltr'><em>τῇ</em></span> <span class='ocrx_word' id='word_1_33' title='bbox 1790 637 1894 684; x_wconf 83' lang='grc' dir='ltr'><em>θα-</em></span> 
     </span>
    </p>
   </div>
   <div class='ocr_carea' id='block_1_8' title="bbox 315 722 1897 795">
    <p class='ocr_par' dir='ltr' id='par_1_8' title="bbox 315 722 1897 795">
     <span class='ocr_line' id='line_1_8' title="bbox 315 722 1897 795; baseline -0.006 -11"><span class='ocrx_word' id='word_1_34' title='bbox 315 728 543 795; x_wconf 80' lang='grc' dir='ltr'><em>λάσσῃ,</em></span> <span class='ocrx_word' id='word_1_35' title='bbox 577 729 934 794; x_wconf 78' lang='grc' dir='ltr'><strong><em>πρόσταγμα</em></strong></span> <span class='ocrx_word' id='word_1_36' title='bbox 967 723 1231 788; x_wconf 69' lang='grc' dir='ltr'><em>αἰώνιον,</em></span> <span class='ocrx_word' id='word_1_37' title='bbox 1265 723 1366 776; x_wconf 76' lang='grc' dir='ltr'><em>καὶ</em></span> <span class='ocrx_word' id='word_1_38' title='bbox 1415 725 1528 791; x_wconf 78' lang='grc' dir='ltr'><strong><em>οὐχ</em></strong></span> <span class='ocrx_word' id='word_1_39' title='bbox 1560 722 1897 789; x_wconf 78' lang='grc' dir='ltr'><em>ὑπερϐήσε-</em></span> 
     </span>
    </p>
   </div>
   <div class='ocr_carea' id='block_1_9' title="bbox 313 817 1892 885">
    <p class='ocr_par' dir='ltr' id='par_1_9' title="bbox 313 817 1892 885">
     <span class='ocr_line' id='line_1_9' title="bbox 313 817 1892 885; baseline -0.003 -9"><span class='ocrx_word' id='word_1_40' title='bbox 313 840 405 876; x_wconf 84' lang='grc' dir='ltr'><strong><em>ται</em></strong></span> <span class='ocrx_word' id='word_1_41' title='bbox 431 838 448 885; x_wconf 89' lang='grc'><strong><em>;</em></strong></span> <span class='ocrx_word' id='word_1_42' title='bbox 483 821 594 874; x_wconf 74' lang='grc' dir='ltr'><strong><em>Καὶ</em></strong></span> <span class='ocrx_word' id='word_1_43' title='bbox 618 819 779 872; x_wconf 73' lang='grc' dir='ltr'><em>πάλιν</em></span> <span class='ocrx_word' id='word_1_44' title='bbox 809 836 822 850; x_wconf 76' lang='grc' dir='ltr'><strong>ο</strong></span> <span class='ocrx_word' id='word_1_45' title='bbox 860 818 1180 871; x_wconf 79' lang='grc' dir='ltr'><em>Παιὸεὐσει</em></span> <span class='ocrx_word' id='word_1_46' title='bbox 1210 834 1283 871; x_wconf 89' lang='grc' dir='ltr'><strong><em>σε</em></strong></span> <span class='ocrx_word' id='word_1_47' title='bbox 1303 817 1340 884; x_wconf 74' lang='grc' dir='ltr'><strong>ἡ</strong></span> <span class='ocrx_word' id='word_1_48' title='bbox 1375 817 1722 872; x_wconf 78' lang='grc' dir='ltr'><em>ἀποστασία</em></span> <span class='ocrx_word' id='word_1_49' title='bbox 1753 834 1892 880; x_wconf 88' lang='grc' dir='ltr'><em>σου,</em></span> 
     </span>
    </p>
   </div>
   <div class='ocr_carea' id='block_1_10' title="bbox 315 894 1893 978">
    <p class='ocr_par' dir='ltr' id='par_1_10' title="bbox 315 894 1893 978">
     <span class='ocr_line' id='line_1_10' title="bbox 315 894 1893 978; baseline -0.004 -12"><span class='ocrx_word' id='word_1_50' title='bbox 315 913 408 966; x_wconf 82' lang='grc' dir='ltr'><em>καὶ</em></span> <span class='ocrx_word' id='word_1_51' title='bbox 441 911 482 978; x_wconf 75' lang='grc' dir='ltr'><em>ἠ</em></span> <span class='ocrx_word' id='word_1_52' title='bbox 514 912 694 963; x_wconf 82' lang='grc' dir='ltr'><strong><em>κακία</em></strong></span> <span class='ocrx_word' id='word_1_53' title='bbox 728 926 846 962; x_wconf 89' lang='grc' dir='ltr'><strong><em>σου</em></strong></span> <span class='ocrx_word' id='word_1_54' title='bbox 873 909 1105 977; x_wconf 79' lang='grc' dir='ltr'><strong><em>ἐλέγξει</em></strong></span> <span class='ocrx_word' id='word_1_55' title='bbox 1159 925 1251 962; x_wconf 89' lang='grc' dir='ltr'><em>σε.</em></span> <span class='ocrx_word' id='word_1_56' title='bbox 1283 894 1393 962; x_wconf 82' lang='grc' dir='ltr'><strong><em>Καὶ</em></strong></span> <span class='ocrx_word' id='word_1_57' title='bbox 1424 907 1623 976; x_wconf 70' lang='grc' dir='ltr'><em>γνῶθι,</em></span> <span class='ocrx_word' id='word_1_58' title='bbox 1653 908 1750 962; x_wconf 80' lang='grc' dir='ltr'><em>καὶ</em></span> <span class='ocrx_word' id='word_1_59' title='bbox 1783 907 1893 966; x_wconf 82' lang='grc' dir='ltr'><strong><em>ἴδε.</em></strong></span> 
     </span>
    </p>
   </div>
   <div class='ocr_carea' id='block_1_11' title="bbox 315 999 1897 1070">
    <p class='ocr_par' dir='ltr' id='par_1_11' title="bbox 315 999 1897 1070">
     <span class='ocr_line' id='line_1_11' title="bbox 315 999 1897 1070; baseline -0.003 -14"><span class='ocrx_word' id='word_1_60' title='bbox 315 1005 399 1057; x_wconf 81' lang='grc' dir='ltr'><strong><em>ὅτι</em></strong></span> <span class='ocrx_word' id='word_1_61' title='bbox 430 1005 646 1070; x_wconf 80' lang='grc' dir='ltr'><em>πικρόν</em></span> <span class='ocrx_word' id='word_1_62' title='bbox 671 1001 772 1054; x_wconf 82' lang='grc' dir='ltr'><strong><em>σοί</em></strong></span> <span class='ocrx_word' id='word_1_63' title='bbox 797 1000 926 1053; x_wconf 80' lang='grc' dir='ltr'><em>ἐστι</em></span> <span class='ocrx_word' id='word_1_64' title='bbox 965 1001 1030 1052; x_wconf 87' lang='grc' dir='ltr'><strong><em>τὸ</em></strong></span> <span class='ocrx_word' id='word_1_65' title='bbox 1069 999 1427 1054; x_wconf 76' lang='grc' dir='ltr'><strong><em>καταλιπεῖν</em></strong></span> <span class='ocrx_word' id='word_1_66' title='bbox 1468 1015 1542 1053; x_wconf 89' lang='grc' dir='ltr'><strong><em>σε</em></strong></span> <span class='ocrx_word' id='word_1_67' title='bbox 1569 999 1705 1068; x_wconf 82' lang='grc' dir='ltr'><em>ἐμὲ,</em></span> <span class='ocrx_word' id='word_1_68' title='bbox 1736 999 1897 1067; x_wconf 74' lang='grc' dir='ltr'><em>λέγει</em></span> 
     </span>
    </p>
   </div>
   <div class='ocr_carea' id='block_1_12' title="bbox 315 1087 1897 1158">
    <p class='ocr_par' dir='ltr' id='par_1_12' title="bbox 315 1087 1897 1158">
     <span class='ocr_line' id='line_1_12' title="bbox 315 1087 1897 1158; baseline -0.002 -15"><span class='ocrx_word' id='word_1_69' title='bbox 315 1092 546 1158; x_wconf 82' lang='grc' dir='ltr'><em>Κύριος.</em></span> <span class='ocrx_word' id='word_1_70' title='bbox 585 1089 730 1157; x_wconf 71' lang='grc' dir='ltr'><strong><em>Ἐγὼ</em></strong></span> <span class='ocrx_word' id='word_1_71' title='bbox 752 1089 1056 1156; x_wconf 49' lang='grc' dir='ltr'><em>ἐφύτευσα</em></span> <span class='ocrx_word' id='word_1_72' title='bbox 1079 1087 1352 1156; x_wconf 78' lang='grc' dir='ltr'><em>ἄμπελον</em></span> <span class='ocrx_word' id='word_1_73' title='bbox 1373 1090 1754 1156; x_wconf 52' lang='grc' dir='ltr'><em>καρποφόρον</em></span> <span class='ocrx_word' id='word_1_74' title='bbox 1783 1087 1897 1140; x_wconf 64' lang='lat' dir='ltr'><strong><em>m1-</em></strong></span> 
     </span>
    </p>
   </div>
   <div class='ocr_carea' id='block_1_13' title="bbox 314 1179 1899 1248">
    <p class='ocr_par' dir='ltr' id='par_1_13' title="bbox 314 1179 1899 1248">
     <span class='ocr_line' id='line_1_13' title="bbox 314 1179 1899 1248; baseline -0.003 -12"><span class='ocrx_word' id='word_1_75' title='bbox 314 1200 434 1236; x_wconf 88' lang='grc' dir='ltr'><strong><em>σαν</em></strong></span> <span class='ocrx_word' id='word_1_76' title='bbox 451 1180 767 1247; x_wconf 83' lang='grc' dir='ltr'><em>ἀληθινήν·</em></span> <span class='ocrx_word' id='word_1_77' title='bbox 790 1181 916 1245; x_wconf 83' lang='grc' dir='ltr'><strong><em>πῶς</em></strong></span> <span class='ocrx_word' id='word_1_78' title='bbox 941 1179 1250 1248; x_wconf 49' lang='grc' dir='ltr'><em>ἑστράθεης</em></span> <span class='ocrx_word' id='word_1_79' title='bbox 1275 1181 1363 1244; x_wconf 78' lang='grc' dir='ltr'><strong><em>εὶς</em></strong></span> <span class='ocrx_word' id='word_1_80' title='bbox 1391 1179 1636 1246; x_wconf 80' lang='grc' dir='ltr'><em>πικρίαν</em></span> <span class='ocrx_word' id='word_1_81' title='bbox 1651 1180 1688 1246; x_wconf 76' lang='grc' dir='ltr'><em>ὴ</em></span> <span class='ocrx_word' id='word_1_82' title='bbox 1713 1179 1899 1247; x_wconf 80' lang='grc' dir='ltr'><strong><em>ι’ἱμπε⁶</em></strong></span> 
     </span>
    </p>
   </div>
   <div class='ocr_carea' id='block_1_14' title="bbox 315 1270 1902 1341">
    <p class='ocr_par' dir='ltr' id='par_1_14' title="bbox 315 1270 1902 1341">
     <span class='ocr_line' id='line_1_14' title="bbox 315 1270 1902 1341; baseline -0.003 -13"><span class='ocrx_word' id='word_1_83' title='bbox 315 1278 421 1339; x_wconf 88' lang='grc' dir='ltr'><strong><em>λος</em></strong></span> <span class='ocrx_word' id='word_1_84' title='bbox 447 1274 484 1341; x_wconf 69' lang='grc' dir='ltr'><strong><em>νή</em></strong></span> <span class='ocrx_word' id='word_1_85' title='bbox 514 1272 802 1340; x_wconf 80' lang='grc' dir='ltr'><em>ἀλλοτρία</em></span> <span class='ocrx_word' id='word_1_86' title='bbox 820 1290 837 1336; x_wconf 88' lang='grc'><em>;</em></span> <span class='ocrx_word' id='word_1_87' title='bbox 855 1273 964 1324; x_wconf 77' lang='grc' dir='ltr'><strong><em>Καὶ</em></strong></span> <span class='ocrx_word' id='word_1_88' title='bbox 987 1271 1166 1324; x_wconf 78' lang='grc' dir='ltr'><em>πάλιν·</em></span> <span class='ocrx_word' id='word_1_89' title='bbox 1194 1273 1315 1324; x_wconf 78' lang='grc' dir='ltr'><strong><em>Οὐκ</em></strong></span> <span class='ocrx_word' id='word_1_90' title='bbox 1341 1270 1596 1323; x_wconf 68' lang='grc' dir='ltr'><em>ἐκάθισα</em></span> <span class='ocrx_word' id='word_1_91' title='bbox 1620 1270 1766 1336; x_wconf 83' lang='grc' dir='ltr'><em>μετὰ</em></span> <span class='ocrx_word' id='word_1_92' title='bbox 1791 1287 1902 1323; x_wconf 86' lang='grc' dir='ltr'><em>συ-</em></span> 
     </span>
    </p>
   </div>
   <div class='ocr_carea' id='block_1_15' title="bbox 316 1359 1894 1434">
    <p class='ocr_par' dir='ltr' id='par_1_15' title="bbox 316 1359 1894 1434">
     <span class='ocr_line' id='line_1_15' title="bbox 316 1359 1894 1434; baseline -0.003 -16"><span class='ocrx_word' id='word_1_93' title='bbox 316 1364 552 1431; x_wconf 87' lang='grc' dir='ltr'><em>νεδρίου</em></span> <span class='ocrx_word' id='word_1_94' title='bbox 579 1362 904 1422; x_wconf 66' lang='grc' dir='ltr'><em>παιζῦντων</em></span> <span class='ocrx_word' id='word_1_95' title='bbox 929 1361 1096 1434; x_wconf 67' lang='lat' dir='ltr'><strong><em>[Sia&#39;L</em></strong></span> <span class='ocrx_word' id='word_1_96' title='bbox 1145 1361 1444 1429; x_wconf 77' lang='grc' dir='ltr'><strong><em>συνεδρίῳ</em></strong></span> <span class='ocrx_word' id='word_1_97' title='bbox 1472 1360 1671 1415; x_wconf 84' lang='grc' dir='ltr'><em>αὐτῶν</em></span> <span class='ocrx_word' id='word_1_98' title='bbox 1695 1359 1894 1432; x_wconf 78' lang='grc' dir='ltr'><em>παιζ.]·</em></span> 
     </span>
    </p>
   </div>
   <div class='ocr_carea' id='block_1_16' title="bbox 317 1453 1896 1524">
    <p class='ocr_par' dir='ltr' id='par_1_16' title="bbox 317 1453 1896 1524">
     <span class='ocr_line' id='line_1_16' title="bbox 317 1453 1896 1524; baseline -0.003 -13"><span class='ocrx_word' id='word_1_99' title='bbox 317 1456 454 1511; x_wconf 80' lang='grc' dir='ltr'><em>ἀλλ’</em></span> <span class='ocrx_word' id='word_1_100' title='bbox 495 1456 886 1524; x_wconf 81' lang='grc' dir='ltr'><em>ηὐλαϐούμην</em></span> <span class='ocrx_word' id='word_1_101' title='bbox 951 1453 1072 1508; x_wconf 85' lang='grc' dir='ltr'><strong><em>άπὸ</em></strong></span> <span class='ocrx_word' id='word_1_102' title='bbox 1131 1454 1456 1520; x_wconf 78' lang='grc' dir='ltr'><em>προσώπου</em></span> <span class='ocrx_word' id='word_1_103' title='bbox 1505 1455 1705 1521; x_wconf 86' lang='grc' dir='ltr'><em>χειρός</em></span> <span class='ocrx_word' id='word_1_104' title='bbox 1759 1468 1896 1507; x_wconf 89' lang='grc' dir='ltr'><em>σου.</em></span> 
     </span>
    </p>
   </div>
   <div class='ocr_carea' id='block_1_17' title="bbox 317 1544 1897 1616">
    <p class='ocr_par' dir='ltr' id='par_1_17' title="bbox 317 1544 1897 1616">
     <span class='ocr_line' id='line_1_17' title="bbox 317 1544 1897 1616; baseline -0.003 -13"><span class='ocrx_word' id='word_1_105' title='bbox 317 1550 668 1616; x_wconf 82' lang='grc' dir='ltr'><em>Καταμόνας</em></span> <span class='ocrx_word' id='word_1_106' title='bbox 695 1545 1024 1616; x_wconf 84' lang='grc' dir='ltr'><em>ἐκαθήμην,</em></span> <span class='ocrx_word' id='word_1_107' title='bbox 1067 1545 1156 1598; x_wconf 85' lang='grc' dir='ltr'><em>ὅτι</em></span> <span class='ocrx_word' id='word_1_108' title='bbox 1215 1546 1454 1613; x_wconf 79' lang='grc' dir='ltr'><em>πικρίας</em></span> <span class='ocrx_word' id='word_1_109' title='bbox 1485 1544 1897 1612; x_wconf 79' lang='grc' dir='ltr'><em>ἐνεπλήσθην.</em></span> 
     </span>
    </p>
   </div>
   <div class='ocr_carea' id='block_1_18' title="bbox 317 1636 1897 1709">
    <p class='ocr_par' dir='ltr' id='par_1_18' title="bbox 317 1636 1897 1709">
     <span class='ocr_line' id='line_1_18' title="bbox 317 1636 1897 1709; baseline -0.003 -16"><span class='ocrx_word' id='word_1_110' title='bbox 317 1640 410 1702; x_wconf 86' lang='grc' dir='ltr'><em>Τίς</em></span> <span class='ocrx_word' id='word_1_111' title='bbox 437 1640 492 1692; x_wconf 72' lang='grc' dir='ltr'><strong><em>δὲ</em></strong></span> <span class='ocrx_word' id='word_1_112' title='bbox 525 1640 584 1691; x_wconf 84' lang='grc' dir='ltr'><em>οὐ</em></span> <span class='ocrx_word' id='word_1_113' title='bbox 612 1638 827 1709; x_wconf 76' lang='grc' dir='ltr'><em>φρίσσει</em></span> <span class='ocrx_word' id='word_1_114' title='bbox 857 1637 952 1690; x_wconf 78' lang='grc' dir='ltr'><strong><em>τοῦ</em></strong></span> <span class='ocrx_word' id='word_1_115' title='bbox 1011 1636 1274 1707; x_wconf 76' lang='grc' dir='ltr'><em>’ῐεζεκιὴλ</em></span> <span class='ocrx_word' id='word_1_116' title='bbox 1320 1636 1555 1702; x_wconf 83' lang='grc' dir='ltr'><em>ἀκούων,</em></span> <span class='ocrx_word' id='word_1_117' title='bbox 1613 1636 1863 1704; x_wconf 79' lang='grc' dir='ltr'><em>λέγοντος</em></span> <span class='ocrx_word' id='word_1_118' title='bbox 1882 1651 1897 1666; x_wconf 78' lang='grc'><strong>⁸</strong></span> 
     </span>
    </p>
   </div>
   <div class='ocr_carea' id='block_1_19' title="bbox 1999 541 3580 620">
    <p class='ocr_par' dir='ltr' id='par_1_19' title="bbox 1999 541 3580 620">
     <span class='ocr_line' id='line_1_19' title="bbox 1999 541 3580 620; baseline 0.008 -28"><span class='ocrx_word' id='word_1_119' title='bbox 1999 541 2168 605; x_wconf 88' lang='lat' dir='ltr'><strong><em>mari;</em></strong></span> <span class='ocrx_word' id='word_1_120' title='bbox 2209 551 2524 612; x_wconf 81' lang='lat' dir='ltr'><strong><em>prceceptum</em></strong></span> <span class='ocrx_word' id='word_1_121' title='bbox 2552 552 2828 609; x_wconf 67' lang='lat' dir='ltr'><strong><em>aeternum,</em></strong></span> <span class='ocrx_word' id='word_1_122' title='bbox 2852 557 2899 601; x_wconf 86' lang='lat' dir='ltr'><strong><em>et</em></strong></span> <span class='ocrx_word' id='word_1_123' title='bbox 2935 565 3038 602; x_wconf 83' lang='lat' dir='ltr'><strong><em>non</em></strong></span> <span class='ocrx_word' id='word_1_124' title='bbox 3059 553 3488 620; x_wconf 86' lang='lat' dir='ltr'><strong><em>supergredictur</em></strong></span> <span class='ocrx_word' id='word_1_125' title='bbox 3514 557 3580 606; x_wconf 52' lang='grc' dir='ltr'><strong><em>δέ.</em></strong></span> 
     </span>
    </p>
   </div>
   <div class='ocr_carea' id='block_1_20' title="bbox 1995 628 3581 704">
    <p class='ocr_par' dir='ltr' id='par_1_20' title="bbox 1995 628 3581 704">
     <span class='ocr_line' id='line_1_20' title="bbox 1995 628 3581 704; baseline 0.009 -22"><span class='ocrx_word' id='word_1_126' title='bbox 1995 628 2064 682; x_wconf 89' lang='lat' dir='ltr'><strong><em>Et</em></strong></span> <span class='ocrx_word' id='word_1_127' title='bbox 2105 630 2306 684; x_wconf 86' lang='lat' dir='ltr'><strong><em>iterum</em></strong></span> <span class='ocrx_word' id='word_1_128' title='bbox 2341 650 2354 683; x_wconf 91' lang='lat'>:</span> <span class='ocrx_word' id='word_1_129' title='bbox 2387 630 2647 702; x_wconf 90' lang='lat' dir='ltr'><strong><em>Corripiet</em></strong></span> <span class='ocrx_word' id='word_1_130' title='bbox 2680 643 2729 687; x_wconf 81' lang='lat' dir='ltr'><strong><em>te</em></strong></span> <span class='ocrx_word' id='word_1_131' title='bbox 2761 635 2977 704; x_wconf 88' lang='lat' dir='ltr'><strong><em>defectio</em></strong></span> <span class='ocrx_word' id='word_1_132' title='bbox 3015 648 3126 704; x_wconf 91' lang='lat' dir='ltr'><strong><em>tua,</em></strong></span> <span class='ocrx_word' id='word_1_133' title='bbox 3158 649 3206 692; x_wconf 89' lang='lat' dir='ltr'><strong><em>et</em></strong></span> <span class='ocrx_word' id='word_1_134' title='bbox 3251 641 3456 696; x_wconf 89' lang='lat' dir='ltr'><strong><em>malitia</em></strong></span> <span class='ocrx_word' id='word_1_135' title='bbox 3489 652 3581 698; x_wconf 88' lang='lat' dir='ltr'><strong><em>tua</em></strong></span> 
     </span>
    </p>
   </div>
   <div class='ocr_carea' id='block_1_21' title="bbox 1996 723 3581 800">
    <p class='ocr_par' dir='ltr' id='par_1_21' title="bbox 1996 723 3581 800">
     <span class='ocr_line' id='line_1_21' title="bbox 1996 723 3581 800; baseline 0.01 -27"><span class='ocrx_word' id='word_1_136' title='bbox 1996 730 2184 790; x_wconf 78' lang='lat' dir='ltr'><strong><em>arguet</em></strong></span> <span class='ocrx_word' id='word_1_137' title='bbox 2223 732 2290 776; x_wconf 89' lang='lat' dir='ltr'><strong><em>te.</em></strong></span> <span class='ocrx_word' id='word_1_138' title='bbox 2329 723 2398 776; x_wconf 89' lang='lat' dir='ltr'><strong><em>Et</em></strong></span> <span class='ocrx_word' id='word_1_139' title='bbox 2438 727 2590 788; x_wconf 89' lang='lat' dir='ltr'><strong><em>scito,</em></strong></span> <span class='ocrx_word' id='word_1_140' title='bbox 2626 734 2674 779; x_wconf 91' lang='lat' dir='ltr'><strong><em>et</em></strong></span> <span class='ocrx_word' id='word_1_141' title='bbox 2707 727 2841 790; x_wconf 89' lang='lat' dir='ltr'><strong><em>vide,</em></strong></span> <span class='ocrx_word' id='word_1_142' title='bbox 2877 731 3000 796; x_wconf 86' lang='lat' dir='ltr'><strong><em>quia</em></strong></span> <span class='ocrx_word' id='word_1_143' title='bbox 3051 747 3297 786; x_wconf 89' lang='lat' dir='ltr'><strong><em>amarum</em></strong></span> <span class='ocrx_word' id='word_1_144' title='bbox 3349 735 3441 788; x_wconf 85' lang='lat' dir='ltr'><strong><em>tibi</em></strong></span> <span class='ocrx_word' id='word_1_145' title='bbox 3485 745 3581 800; x_wconf 88' lang='lat' dir='ltr'><strong><em>est,</em></strong></span> 
     </span>
    </p>
   </div>
   <div class='ocr_carea' id='block_1_22' title="bbox 1996 813 3584 896">
    <p class='ocr_par' dir='ltr' id='par_1_22' title="bbox 1996 813 3584 896">
     <span class='ocr_line' id='line_1_22' title="bbox 1996 813 3584 896; baseline 0.011 -31"><span class='ocrx_word' id='word_1_146' title='bbox 1996 813 2136 883; x_wconf 89' lang='lat' dir='ltr'><strong><em>quod</em></strong></span> <span class='ocrx_word' id='word_1_147' title='bbox 2164 814 2439 885; x_wconf 75' lang='lat' dir='ltr'><strong><em>reliqueris</em></strong></span> <span class='ocrx_word' id='word_1_148' title='bbox 2479 834 2580 882; x_wconf 90' lang='lat' dir='ltr'><strong><em>me,</em></strong></span> <span class='ocrx_word' id='word_1_149' title='bbox 2610 819 2732 872; x_wconf 87' lang='lat' dir='ltr'><strong><em>dicit</em></strong></span> <span class='ocrx_word' id='word_1_150' title='bbox 2763 819 2928 889; x_wconf 76' lang='lat'><strong><em>380</em></strong></span> <span class='ocrx_word' id='word_1_151' title='bbox 2958 821 3233 876; x_wconf 83' lang='lat' dir='ltr'><strong><em>Dominus.</em></strong></span> <span class='ocrx_word' id='word_1_152' title='bbox 3285 825 3393 895; x_wconf 87' lang='lat' dir='ltr'><strong><em>Ego</em></strong></span> <span class='ocrx_word' id='word_1_153' title='bbox 3428 828 3584 896; x_wconf 87' lang='lat' dir='ltr'><strong><em>plan-</em></strong></span> 
     </span>
    </p>
   </div>
   <div class='ocr_carea' id='block_1_23' title="bbox 1998 907 3586 985">
    <p class='ocr_par' dir='ltr' id='par_1_23' title="bbox 1998 907 3586 985">
     <span class='ocr_line' id='line_1_23' title="bbox 1998 907 3586 985; baseline 0.009 -28"><span class='ocrx_word' id='word_1_154' title='bbox 1998 907 2106 959; x_wconf 91' lang='lat' dir='ltr'><strong><em>tavi</em></strong></span> <span class='ocrx_word' id='word_1_155' title='bbox 2160 907 2366 960; x_wconf 88' lang='lat' dir='ltr'><strong><em>vineam</em></strong></span> <span class='ocrx_word' id='word_1_156' title='bbox 2416 908 2745 978; x_wconf 90' lang='lat' dir='ltr'><strong><em>fructiferam</em></strong></span> <span class='ocrx_word' id='word_1_157' title='bbox 2802 927 2982 964; x_wconf 85' lang='lat' dir='ltr'><strong><em>veram</em></strong></span> <span class='ocrx_word' id='word_1_158' title='bbox 3033 928 3280 980; x_wconf 85' lang='lat' dir='ltr'><strong><em>omnem;</em></strong></span> <span class='ocrx_word' id='word_1_159' title='bbox 3328 920 3586 985; x_wconf 84' lang='lat' dir='ltr'><strong><em>quomodo</em></strong></span> 
     </span>
    </p>
   </div>
   <div class='ocr_carea' id='block_1_24' title="bbox 1997 998 3588 1064">
    <p class='ocr_par' dir='ltr' id='par_1_24' title="bbox 1997 998 3588 1064">
     <span class='ocr_line' id='line_1_24' title="bbox 1997 998 3588 1064; baseline 0.009 -16"><span class='ocrx_word' id='word_1_160' title='bbox 1997 1011 2149 1050; x_wconf 84' lang='lat' dir='ltr'><strong><em>versa</em></strong></span> <span class='ocrx_word' id='word_1_161' title='bbox 2197 1013 2248 1050; x_wconf 89' lang='lat' dir='ltr'><strong><em>es</em></strong></span> <span class='ocrx_word' id='word_1_162' title='bbox 2292 998 2348 1051; x_wconf 88' lang='lat' dir='ltr'><strong><em>in</em></strong></span> <span class='ocrx_word' id='word_1_163' title='bbox 2397 1000 2832 1064; x_wconf 81' lang='lat' dir='ltr'><strong><em>amaritudinem,</em></strong></span> <span class='ocrx_word' id='word_1_164' title='bbox 2879 1002 2998 1054; x_wconf 85' lang='lat' dir='ltr'><strong><em>vitis</em></strong></span> <span class='ocrx_word' id='word_1_165' title='bbox 3033 1001 3212 1056; x_wconf 87' lang='lat' dir='ltr'><strong><em>aliena</em></strong></span> <span class='ocrx_word' id='word_1_166' title='bbox 3241 1005 3321 1057; x_wconf 71' lang='lat'><strong><em>6°?</em></strong></span> <span class='ocrx_word' id='word_1_167' title='bbox 3354 1005 3588 1061; x_wconf 87' lang='lat' dir='ltr'><strong><em>lterum-</em></strong></span> 
     </span>
    </p>
   </div>
   <div class='ocr_carea' id='block_1_25' title="bbox 1997 1088 3590 1160">
    <p class='ocr_par' dir='ltr' id='par_1_25' title="bbox 1997 1088 3590 1160">
     <span class='ocr_line' id='line_1_25' title="bbox 1997 1088 3590 1160; baseline 0.005 -18"><span class='ocrx_word' id='word_1_168' title='bbox 1997 1105 2106 1158; x_wconf 89' lang='lat' dir='ltr'><strong><em>que</em></strong></span> <span class='ocrx_word' id='word_1_169' title='bbox 2139 1107 2152 1142; x_wconf 88' lang='lat'>:</span> <span class='ocrx_word' id='word_1_170' title='bbox 2180 1088 2299 1142; x_wconf 87' lang='lat' dir='ltr'><strong><em>Non</em></strong></span> <span class='ocrx_word' id='word_1_171' title='bbox 2328 1090 2436 1144; x_wconf 84' lang='lat' dir='ltr'><strong><em>sedi</em></strong></span> <span class='ocrx_word' id='word_1_172' title='bbox 2478 1109 2597 1144; x_wconf 88' lang='lat' dir='ltr'><strong><em>cum</em></strong></span> <span class='ocrx_word' id='word_1_173' title='bbox 2647 1092 2866 1159; x_wconf 82' lang='lat' dir='ltr'><strong><em>concilio</em></strong></span> <span class='ocrx_word' id='word_1_174' title='bbox 2895 1095 3224 1160; x_wconf 82' lang='lat' dir='ltr'><strong><em>ludentium;</em></strong></span> <span class='ocrx_word' id='word_1_175' title='bbox 3251 1096 3342 1148; x_wconf 88' lang='lat' dir='ltr'><strong><em>sed</em></strong></span> <span class='ocrx_word' id='word_1_176' title='bbox 3375 1098 3590 1150; x_wconf 87' lang='lat' dir='ltr'><strong><em>verebar</em></strong></span> 
     </span>
    </p>
   </div>
   <div class='ocr_carea' id='block_1_26' title="bbox 1999 1178 3592 1254">
    <p class='ocr_par' dir='ltr' id='par_1_26' title="bbox 1999 1178 3592 1254">
     <span class='ocr_line' id='line_1_26' title="bbox 1999 1178 3592 1254; baseline 0.004 -22"><span class='ocrx_word' id='word_1_177' title='bbox 1999 1196 2032 1232; x_wconf 88' lang='lat' dir='ltr'><strong><em>a</em></strong></span> <span class='ocrx_word' id='word_1_178' title='bbox 2076 1178 2211 1246; x_wconf 88' lang='lat' dir='ltr'><strong><em>facie</em></strong></span> <span class='ocrx_word' id='word_1_179' title='bbox 2253 1197 2443 1234; x_wconf 88' lang='lat' dir='ltr'><strong><em>ntanus</em></strong></span> <span class='ocrx_word' id='word_1_180' title='bbox 2489 1189 2612 1234; x_wconf 76' lang='lat' dir='ltr'><strong><em>tute.</em></strong></span> <span class='ocrx_word' id='word_1_181' title='bbox 2651 1181 2806 1235; x_wconf 89' lang='lat' dir='ltr'><strong><em>Solus</em></strong></span> <span class='ocrx_word' id='word_1_182' title='bbox 2842 1184 3114 1248; x_wconf 88' lang='lat' dir='ltr'><strong><em>sedebam,</em></strong></span> <span class='ocrx_word' id='word_1_183' title='bbox 3158 1187 3283 1254; x_wconf 85' lang='lat' dir='ltr'><strong><em>quia</em></strong></span> <span class='ocrx_word' id='word_1_184' title='bbox 3333 1189 3592 1240; x_wconf 85' lang='lat' dir='ltr'><strong><em>amaritu-</em></strong></span> 
     </span>
    </p>
   </div>
   <div class='ocr_carea' id='block_1_27' title="bbox 2001 1270 3590 1348">
    <p class='ocr_par' dir='ltr' id='par_1_27' title="bbox 2001 1270 3590 1348">
     <span class='ocr_line' id='line_1_27' title="bbox 2001 1270 3590 1348; baseline 0.006 -26"><span class='ocrx_word' id='word_1_185' title='bbox 2001 1270 2122 1323; x_wconf 83' lang='lat' dir='ltr'><strong><em>dine</em></strong></span> <span class='ocrx_word' id='word_1_186' title='bbox 2158 1270 2343 1340; x_wconf 83' lang='lat' dir='ltr'><strong><em>plenus</em></strong></span> <span class='ocrx_word' id='word_1_187' title='bbox 2378 1289 2527 1326; x_wconf 88' lang='lat' dir='ltr'><strong><em>eram</em></strong></span> <span class='ocrx_word' id='word_1_188' title='bbox 2551 1273 2614 1326; x_wconf 83' lang='lat'><strong><em>“.</em></strong></span> <span class='ocrx_word' id='word_1_189' title='bbox 2652 1274 2996 1328; x_wconf 77' lang='lat' dir='ltr'><strong><em>Ezceliielem</em></strong></span> <span class='ocrx_word' id='word_1_190' title='bbox 3019 1291 3148 1330; x_wconf 74' lang='lat' dir='ltr'><strong><em>vero</em></strong></span> <span class='ocrx_word' id='word_1_191' title='bbox 3175 1277 3428 1342; x_wconf 87' lang='lat' dir='ltr'><strong><em>audiens,</em></strong></span> <span class='ocrx_word' id='word_1_192' title='bbox 3463 1279 3590 1348; x_wconf 82' lang='lat' dir='ltr'><strong><em>quis</em></strong></span> 
     </span>
    </p>
   </div>
   <div class='ocr_carea' id='block_1_28' title="bbox 1999 1361 3590 1437">
    <p class='ocr_par' dir='ltr' id='par_1_28' title="bbox 1999 1361 3590 1437">
     <span class='ocr_line' id='line_1_28' title="bbox 1999 1361 3590 1437; baseline 0.004 -24"><span class='ocrx_word' id='word_1_193' title='bbox 1999 1374 2113 1414; x_wconf 88' lang='lat' dir='ltr'><strong><em>non</em></strong></span> <span class='ocrx_word' id='word_1_194' title='bbox 2150 1361 2381 1417; x_wconf 85' lang='lat' dir='ltr'><strong><em>horrore</em></strong></span> <span class='ocrx_word' id='word_1_195' title='bbox 2413 1364 2842 1418; x_wconf 80' lang='lat' dir='ltr'><strong><em>contremiscat?</em></strong></span> <span class='ocrx_word' id='word_1_196' title='bbox 2872 1366 3177 1436; x_wconf 81' lang='lat' dir='ltr'><strong><em>Effundam,</em></strong></span> <span class='ocrx_word' id='word_1_197' title='bbox 3214 1367 3412 1437; x_wconf 85' lang='lat' dir='ltr'><strong><em>inquit,</em></strong></span> <span class='ocrx_word' id='word_1_198' title='bbox 3448 1371 3590 1422; x_wconf 85' lang='lat' dir='ltr'><strong><em>iram</em></strong></span> 
     </span>
    </p>
   </div>
   <div class='ocr_carea' id='block_1_29' title="bbox 2001 1455 3591 1527">
    <p class='ocr_par' dir='ltr' id='par_1_29' title="bbox 2001 1455 3591 1527">
     <span class='ocr_line' id='line_1_29' title="bbox 2001 1455 3591 1527; baseline 0.007 -23"><span class='ocrx_word' id='word_1_199' title='bbox 2001 1468 2174 1505; x_wconf 89' lang='lat' dir='ltr'><strong><em>meam</em></strong></span> <span class='ocrx_word' id='word_1_200' title='bbox 2207 1469 2364 1524; x_wconf 81' lang='lat' dir='ltr'><strong><em>super</em></strong></span> <span class='ocrx_word' id='word_1_201' title='bbox 2391 1462 2458 1520; x_wconf 93' lang='lat' dir='ltr'><strong><em>te,</em></strong></span> <span class='ocrx_word' id='word_1_202' title='bbox 2501 1463 2550 1508; x_wconf 89' lang='lat' dir='ltr'><strong><em>et</em></strong></span> <span class='ocrx_word' id='word_1_203' title='bbox 2573 1455 2840 1525; x_wconf 75' lang='lat' dir='ltr'><strong><em>complebo</em></strong></span> <span class='ocrx_word' id='word_1_204' title='bbox 2865 1458 3097 1527; x_wconf 87' lang='lat' dir='ltr'><strong><em>furorem</em></strong></span> <span class='ocrx_word' id='word_1_205' title='bbox 3131 1475 3305 1512; x_wconf 88' lang='lat' dir='ltr'><strong><em>meum</em></strong></span> <span class='ocrx_word' id='word_1_206' title='bbox 3334 1459 3390 1512; x_wconf 86' lang='lat' dir='ltr'><strong><em>in</em></strong></span> <span class='ocrx_word' id='word_1_207' title='bbox 3418 1470 3469 1514; x_wconf 88' lang='lat' dir='ltr'><strong><em>te</em></strong></span> <span class='ocrx_word' id='word_1_208' title='bbox 3497 1477 3516 1515; x_wconf 90' lang='lat'><strong><em>:</em></strong></span> <span class='ocrx_word' id='word_1_209' title='bbox 3543 1471 3591 1514; x_wconf 90' lang='lat' dir='ltr'><strong><em>et</em></strong></span> 
     </span>
    </p>
   </div>
   <div class='ocr_carea' id='block_1_30' title="bbox 1991 1543 3592 1620">
    <p class='ocr_par' dir='ltr' id='par_1_30' title="bbox 1991 1543 3592 1620">
     <span class='ocr_line' id='line_1_30' title="bbox 1991 1543 3592 1620; baseline 0.007 -24"><span class='ocrx_word' id='word_1_210' title='bbox 1991 1543 2245 1613; x_wconf 89' lang='lat' dir='ltr'><strong><em>judicabo</em></strong></span> <span class='ocrx_word' id='word_1_211' title='bbox 2270 1555 2318 1600; x_wconf 92' lang='lat' dir='ltr'><strong><em>te</em></strong></span> <span class='ocrx_word' id='word_1_212' title='bbox 2338 1548 2393 1600; x_wconf 90' lang='lat' dir='ltr'><strong><em>in</em></strong></span> <span class='ocrx_word' id='word_1_213' title='bbox 2418 1549 2512 1601; x_wconf 86' lang='lat' dir='ltr'><strong><em>viis</em></strong></span> <span class='ocrx_word' id='word_1_214' title='bbox 2542 1548 2668 1616; x_wconf 86' lang='lat' dir='ltr'><strong><em>tuis,</em></strong></span> <span class='ocrx_word' id='word_1_215' title='bbox 2693 1560 2743 1604; x_wconf 88' lang='lat' dir='ltr'><strong><em>et</em></strong></span> <span class='ocrx_word' id='word_1_216' title='bbox 2769 1550 2902 1603; x_wconf 89' lang='lat' dir='ltr'><strong><em>dabo</em></strong></span> <span class='ocrx_word' id='word_1_217' title='bbox 2924 1567 3083 1620; x_wconf 86' lang='lat' dir='ltr'><strong><em>super</em></strong></span> <span class='ocrx_word' id='word_1_218' title='bbox 3107 1559 3155 1605; x_wconf 90' lang='lat' dir='ltr'><strong><em>te</em></strong></span> <span class='ocrx_word' id='word_1_219' title='bbox 3176 1569 3354 1607; x_wconf 88' lang='lat' dir='ltr'><strong><em>omnes</em></strong></span> <span class='ocrx_word' id='word_1_220' title='bbox 3387 1555 3592 1608; x_wconf 84' lang='lat' dir='ltr'><strong><em>abomi-</em></strong></span> 
     </span>
    </p>
   </div>
   <div class='ocr_carea' id='block_1_31' title="bbox 2001 1637 3592 1717">
    <p class='ocr_par' dir='ltr' id='par_1_31' title="bbox 2001 1637 3592 1717">
     <span class='ocr_line' id='line_1_31' title="bbox 2001 1637 3592 1717; baseline 0.008 -29"><span class='ocrx_word' id='word_1_221' title='bbox 2001 1637 2241 1690; x_wconf 86' lang='lat' dir='ltr'><strong><em>nationes</em></strong></span> <span class='ocrx_word' id='word_1_222' title='bbox 2267 1645 2385 1692; x_wconf 85' lang='lat' dir='ltr'><strong><em>tuas</em></strong></span> <span class='ocrx_word' id='word_1_223' title='bbox 2411 1656 2429 1693; x_wconf 91' lang='lat'><strong><em>:</em></strong></span> <span class='ocrx_word' id='word_1_224' title='bbox 2457 1648 2503 1693; x_wconf 89' lang='lat' dir='ltr'><strong><em>et</em></strong></span> <span class='ocrx_word' id='word_1_225' title='bbox 2531 1657 2634 1694; x_wconf 90' lang='lat' dir='ltr'><strong><em>non</em></strong></span> <span class='ocrx_word' id='word_1_226' title='bbox 2673 1652 2853 1713; x_wconf 86' lang='lat' dir='ltr'><strong><em>parcet</em></strong></span> <span class='ocrx_word' id='word_1_227' title='bbox 2887 1642 3071 1697; x_wconf 90' lang='lat' dir='ltr'><strong><em>oculus</em></strong></span> <span class='ocrx_word' id='word_1_228' title='bbox 3105 1661 3270 1710; x_wconf 84' lang='lat' dir='ltr'><strong><em>meus,</em></strong></span> <span class='ocrx_word' id='word_1_229' title='bbox 3302 1661 3468 1717; x_wconf 87' lang='lat' dir='ltr'><strong><em>neque</em></strong></span> <span class='ocrx_word' id='word_1_230' title='bbox 3501 1649 3592 1701; x_wconf 55' lang='lat' dir='ltr'><strong><em>mi.</em></strong></span> 
     </span>
    </p>
   </div>
   <div class='ocr_carea' id='block_1_32' title="bbox 328 1728 1900 1805">
    <p class='ocr_par' dir='ltr' id='par_1_32' title="bbox 328 1728 1900 1803">
     <span class='ocr_line' id='line_1_32' title="bbox 328 1728 1900 1803; baseline -0.003 -17"><span class='ocrx_word' id='word_1_231' title='bbox 328 1737 418 1786; x_wconf 85' lang='grc' dir='ltr'><em>Ἐκ</em></span> <span class='ocrx_word' id='word_1_232' title='bbox 425 1731 545 1803; x_wconf 87' lang='grc' dir='ltr'><em>χεῶ</em></span> <span class='ocrx_word' id='word_1_233' title='bbox 571 1733 688 1800; x_wconf 73' lang='grc' dir='ltr'><em>τὴν</em></span> <span class='ocrx_word' id='word_1_234' title='bbox 715 1729 900 1800; x_wconf 80' lang='grc' dir='ltr'><em>ὀργήν</em></span> <span class='ocrx_word' id='word_1_235' title='bbox 916 1748 1034 1800; x_wconf 91' lang='grc' dir='ltr'><strong><em>μου</em></strong></span> <span class='ocrx_word' id='word_1_236' title='bbox 1059 1731 1156 1783; x_wconf 77' lang='grc' dir='ltr'><em>ἐπὶ</em></span> <span class='ocrx_word' id='word_1_237' title='bbox 1181 1728 1276 1792; x_wconf 82' lang='grc' dir='ltr'><em>σὲ,</em></span> <span class='ocrx_word' id='word_1_238' title='bbox 1299 1729 1396 1783; x_wconf 75' lang='grc' dir='ltr'><em>καὶ</em></span> <span class='ocrx_word' id='word_1_239' title='bbox 1421 1729 1771 1783; x_wconf 86' lang='grc' dir='ltr'><em>συντελέσω</em></span> <span class='ocrx_word' id='word_1_240' title='bbox 1795 1729 1900 1782; x_wconf 87' lang='grc' dir='ltr'><strong><em>τὸν</em></strong></span> 
     </span>
    </p>
   </div>
   <div class='ocr_carea' id='block_1_33' title="bbox 2002 1728 3588 1805">
    <p class='ocr_par' dir='ltr' id='par_1_33' title="bbox 2002 1728 3588 1805">
     <span class='ocr_line' id='line_1_33' title="bbox 2002 1728 3588 1805; baseline 0.008 -25"><span class='ocrx_word' id='word_1_241' title='bbox 2002 1728 2286 1793; x_wconf 88' lang='lat' dir='ltr'><strong><em>serebitur;</em></strong></span> <span class='ocrx_word' id='word_1_242' title='bbox 2335 1738 2384 1783; x_wconf 85' lang='lat' dir='ltr'><strong><em>et</em></strong></span> <span class='ocrx_word' id='word_1_243' title='bbox 2427 1740 2550 1785; x_wconf 88' lang='lat' dir='ltr'><strong><em>tunc</em></strong></span> <span class='ocrx_word' id='word_1_244' title='bbox 2598 1749 2874 1803; x_wconf 80' lang='lat' dir='ltr'><strong><em>cognosces</em></strong></span> <span class='ocrx_word' id='word_1_245' title='bbox 2923 1736 3048 1804; x_wconf 87' lang='lat' dir='ltr'><strong><em>quia</em></strong></span> <span class='ocrx_word' id='word_1_246' title='bbox 3090 1750 3182 1805; x_wconf 85' lang='lat' dir='ltr'><strong><em>ego</em></strong></span> <span class='ocrx_word' id='word_1_247' title='bbox 3233 1735 3491 1792; x_wconf 86' lang='lat' dir='ltr'><strong><em>Dominus</em></strong></span> <span class='ocrx_word' id='word_1_248' title='bbox 3520 1740 3588 1792; x_wconf 70' lang='grc' dir='ltr'><strong><em>δ’.</em></strong></span> 
     </span>
    </p>
   </div>
   <div class='ocr_carea' id='block_1_34' title="bbox 317 1791 1900 1900">
    <p class='ocr_par' dir='ltr' id='par_1_34' title="bbox 317 1791 1898 1895">
     <span class='ocr_line' id='line_1_34' title="bbox 317 1791 1898 1895; baseline -0.006 -14"><span class='ocrx_word' id='word_1_249' title='bbox 317 1791 508 1895; x_wconf 53' lang='grc' dir='ltr'><em>θυμὲν</em></span> <span class='ocrx_word' id='word_1_250' title='bbox 534 1791 654 1893; x_wconf 78' lang='grc' dir='ltr'><strong><em>μου</em></strong></span> <span class='ocrx_word' id='word_1_251' title='bbox 685 1791 953 1876; x_wconf 36' lang='lat' dir='ltr'><strong><em>bellaci:</em></strong></span> <span class='ocrx_word' id='word_1_252' title='bbox 985 1820 1084 1875; x_wconf 78' lang='grc' dir='ltr'><em>καὶ</em></span> <span class='ocrx_word' id='word_1_253' title='bbox 1127 1821 1308 1889; x_wconf 88' lang='grc' dir='ltr'><em>κρινῶ</em></span> <span class='ocrx_word' id='word_1_254' title='bbox 1345 1836 1420 1874; x_wconf 89' lang='grc' dir='ltr'><strong><em>σε</em></strong></span> <span class='ocrx_word' id='word_1_255' title='bbox 1459 1821 1528 1874; x_wconf 86' lang='grc' dir='ltr'><strong><em>ἐν</em></strong></span> <span class='ocrx_word' id='word_1_256' title='bbox 1555 1820 1686 1886; x_wconf 80' lang='grc' dir='ltr'><em>ταῖς</em></span> <span class='ocrx_word' id='word_1_257' title='bbox 1735 1813 1898 1885; x_wconf 81' lang='grc' dir='ltr'><strong><em>ὁδοῖς</em></strong></span> 
     </span>
    </p>
   </div>
   <div class='ocr_carea' id='block_1_35' title="bbox 2002 1791 3587 1900">
    <p class='ocr_par' dir='ltr' id='par_1_35' title="bbox 2002 1817 3587 1900">
     <span class='ocr_line' id='line_1_35' title="bbox 2002 1817 3587 1900; baseline 0.006 -28"><span class='ocrx_word' id='word_1_258' title='bbox 2002 1817 2134 1884; x_wconf 83' lang='lat' dir='ltr'><strong><em>Quis</em></strong></span> <span class='ocrx_word' id='word_1_259' title='bbox 2180 1836 2311 1875; x_wconf 85' lang='lat' dir='ltr'><strong><em>vero</em></strong></span> <span class='ocrx_word' id='word_1_260' title='bbox 2359 1837 2428 1876; x_wconf 81' lang='lat' dir='ltr'><strong><em>ex</em></strong></span> <span class='ocrx_word' id='word_1_261' title='bbox 2482 1823 2725 1879; x_wconf 82' lang='lat' dir='ltr'><strong><em>Dauielis</em></strong></span> <span class='ocrx_word' id='word_1_262' title='bbox 2767 1825 2953 1880; x_wconf 83' lang='lat' dir='ltr'><strong><em>verbis</em></strong></span> <span class='ocrx_word' id='word_1_263' title='bbox 3001 1842 3112 1881; x_wconf 90' lang='lat' dir='ltr'><strong><em>non</em></strong></span> <span class='ocrx_word' id='word_1_264' title='bbox 3160 1839 3587 1900; x_wconf 83' lang='lat' dir='ltr'><strong><em>compungatur,</em></strong></span> 
     </span>
    </p>
   </div>
   <div class='ocr_carea' id='block_1_36' title="bbox 313 1913 1894 1983">
    <p class='ocr_par' dir='ltr' id='par_1_36' title="bbox 313 1913 1894 1983">
     <span class='ocr_line' id='line_1_36' title="bbox 313 1913 1894 1983; baseline -0.004 -11"><span class='ocrx_word' id='word_1_265' title='bbox 313 1936 452 1982; x_wconf 89' lang='grc' dir='ltr'><em>σου,</em></span> <span class='ocrx_word' id='word_1_266' title='bbox 487 1917 581 1970; x_wconf 79' lang='grc' dir='ltr'><em>καὶ</em></span> <span class='ocrx_word' id='word_1_267' title='bbox 604 1915 778 1969; x_wconf 85' lang='grc' dir='ltr'><em>δώσω</em></span> <span class='ocrx_word' id='word_1_268' title='bbox 799 1916 895 1969; x_wconf 78' lang='grc' dir='ltr'><em>ἐπὶ</em></span> <span class='ocrx_word' id='word_1_269' title='bbox 929 1915 1004 1968; x_wconf 81' lang='grc' dir='ltr'><em>σὲ</em></span> <span class='ocrx_word' id='word_1_270' title='bbox 1032 1915 1227 1967; x_wconf 85' lang='grc' dir='ltr'><em>πάντα</em></span> <span class='ocrx_word' id='word_1_271' title='bbox 1251 1913 1324 1967; x_wconf 85' lang='grc' dir='ltr'><em>τὰ</em></span> <span class='ocrx_word' id='word_1_272' title='bbox 1338 1913 1730 1983; x_wconf 64' lang='grc' dir='ltr'><em>βδελύγμλιτά</em></span> <span class='ocrx_word' id='word_1_273' title='bbox 1755 1925 1894 1966; x_wconf 76' lang='grc' dir='ltr'><em>σουο</em></span> 
     </span>
    </p>
   </div>
   <div class='ocr_carea' id='block_1_37' title="bbox 314 2004 1894 2079">
    <p class='ocr_par' dir='ltr' id='par_1_37' title="bbox 314 2004 1894 2079">
     <span class='ocr_line' id='line_1_37' title="bbox 314 2004 1894 2079; baseline -0.005 -13"><span class='ocrx_word' id='word_1_274' title='bbox 314 2011 411 2066; x_wconf 75' lang='grc' dir='ltr'><em>καὶ</em></span> <span class='ocrx_word' id='word_1_275' title='bbox 435 2012 509 2065; x_wconf 86' lang='grc' dir='ltr'><em>οὐ</em></span> <span class='ocrx_word' id='word_1_276' title='bbox 538 2011 808 2079; x_wconf 70' lang='grc' dir='ltr'><em>φείσεται</em></span> <span class='ocrx_word' id='word_1_277' title='bbox 832 2013 864 2064; x_wconf 83' lang='grc' dir='ltr'><em>ὀ</em></span> <span class='ocrx_word' id='word_1_278' title='bbox 885 2008 1191 2078; x_wconf 65' lang='grc' dir='ltr'><em>ὀφθαλμός</em></span> <span class='ocrx_word' id='word_1_279' title='bbox 1206 2024 1348 2076; x_wconf 89' lang='grc' dir='ltr'><em>μου,</em></span> <span class='ocrx_word' id='word_1_280' title='bbox 1369 2005 1494 2060; x_wconf 81' lang='grc' dir='ltr'><strong><em>οὐδ’</em></strong></span> <span class='ocrx_word' id='word_1_281' title='bbox 1521 2008 1592 2060; x_wconf 83' lang='grc' dir='ltr'><em>οὺ</em></span> <span class='ocrx_word' id='word_1_282' title='bbox 1607 2005 1692 2076; x_wconf 80' lang='grc' dir='ltr'><em>μὴ</em></span> <span class='ocrx_word' id='word_1_283' title='bbox 1719 2004 1894 2074; x_wconf 73' lang='grc' dir='ltr'><em>ἐλεήι</em></span> 
     </span>
    </p>
   </div>
   <div class='ocr_carea' id='block_1_38' title="bbox 313 2096 1898 2169">
    <p class='ocr_par' dir='ltr' id='par_1_38' title="bbox 313 2096 1898 2169">
     <span class='ocr_line' id='line_1_38' title="bbox 313 2096 1898 2169; baseline -0.004 -13"><span class='ocrx_word' id='word_1_284' title='bbox 313 2115 433 2157; x_wconf 86' lang='grc' dir='ltr'><em>σω·</em></span> <span class='ocrx_word' id='word_1_285' title='bbox 470 2102 568 2155; x_wconf 80' lang='grc' dir='ltr'><em>καὶ</em></span> <span class='ocrx_word' id='word_1_286' title='bbox 599 2104 731 2155; x_wconf 84' lang='grc' dir='ltr'><em>τότε</em></span> <span class='ocrx_word' id='word_1_287' title='bbox 767 2098 1074 2169; x_wconf 77' lang='grc' dir='ltr'><em>ἐπιγνώσῃ</em></span> <span class='ocrx_word' id='word_1_288' title='bbox 1137 2099 1225 2150; x_wconf 84' lang='grc' dir='ltr'><em>ὅτι</em></span> <span class='ocrx_word' id='word_1_289' title='bbox 1288 2097 1402 2164; x_wconf 75' lang='grc' dir='ltr'><strong><em>ἐγὼ</em></strong></span> <span class='ocrx_word' id='word_1_290' title='bbox 1437 2098 1671 2165; x_wconf 81' lang='grc' dir='ltr'><em>Κύριος.</em></span> <span class='ocrx_word' id='word_1_291' title='bbox 1716 2096 1812 2160; x_wconf 80' lang='grc' dir='ltr'><em>Τίς</em></span> <span class='ocrx_word' id='word_1_292' title='bbox 1840 2096 1898 2149; x_wconf 77' lang='grc' dir='ltr'><strong><em>δὲ</em></strong></span> 
     </span>
    </p>
   </div>
   <div class='ocr_carea' id='block_1_39' title="bbox 313 2187 1898 2263">
    <p class='ocr_par' dir='ltr' id='par_1_39' title="bbox 313 2187 1898 2263">
     <span class='ocr_line' id='line_1_39' title="bbox 313 2187 1898 2263; baseline -0.005 -16"><span class='ocrx_word' id='word_1_293' title='bbox 313 2193 403 2247; x_wconf 82' lang='grc' dir='ltr'><strong><em>τοῦ</em></strong></span> <span class='ocrx_word' id='word_1_294' title='bbox 460 2193 657 2263; x_wconf 73' lang='grc' dir='ltr'><em>Δανιὴλ</em></span> <span class='ocrx_word' id='word_1_295' title='bbox 707 2191 918 2246; x_wconf 77' lang='grc' dir='ltr'><em>ἀκούων</em></span> <span class='ocrx_word' id='word_1_296' title='bbox 967 2191 1028 2244; x_wconf 86' lang='grc' dir='ltr'><em>οὐ</em></span> <span class='ocrx_word' id='word_1_297' title='bbox 1077 2189 1475 2255; x_wconf 74' lang='grc' dir='ltr'><em>κατανύγεταιο</em></span> <span class='ocrx_word' id='word_1_298' title='bbox 1505 2187 1898 2260; x_wconf 82' lang='grc' dir='ltr'><strong><em>διαγράφοντος</em></strong></span> 
     </span>
    </p>
   </div>
   <div class='ocr_carea' id='block_1_40' title="bbox 313 2273 1900 2356">
    <p class='ocr_par' dir='ltr' id='par_1_40' title="bbox 313 2273 1900 2356">
     <span class='ocr_line' id='line_1_40' title="bbox 313 2273 1900 2356; baseline -0.004 -19"><span class='ocrx_word' id='word_1_299' title='bbox 313 2283 610 2356; x_wconf 73' lang='grc' dir='ltr'><em>διαρρήδην</em></span> <span class='ocrx_word' id='word_1_300' title='bbox 640 2282 738 2354; x_wconf 77' lang='grc' dir='ltr'><em>τὴν</em></span> <span class='ocrx_word' id='word_1_301' title='bbox 759 2283 972 2353; x_wconf 78' lang='grc' dir='ltr'><em>ἡμέραν</em></span> <span class='ocrx_word' id='word_1_302' title='bbox 1003 2281 1101 2350; x_wconf 85' lang='grc' dir='ltr'><em>τῆς</em></span> <span class='ocrx_word' id='word_1_303' title='bbox 1140 2280 1376 2351; x_wconf 77' lang='grc' dir='ltr'><em>φοϐερᾶς</em></span> <span class='ocrx_word' id='word_1_304' title='bbox 1413 2281 1646 2349; x_wconf 84' lang='grc' dir='ltr'><em>κρίσεως</em></span> <span class='ocrx_word' id='word_1_305' title='bbox 1665 2320 1680 2344; x_wconf 90' lang='grc'><strong><em>,</em></strong></span> <span class='ocrx_word' id='word_1_306' title='bbox 1733 2281 1791 2332; x_wconf 84' lang='grc' dir='ltr'><em>ὲν</em></span> <span class='ocrx_word' id='word_1_307' title='bbox 1817 2273 1900 2342; x_wconf 72' lang='grc' dir='ltr'><em>οἷς</em></span> 
     </span>
    </p>
   </div>
   <div class='ocr_carea' id='block_1_41' title="bbox 314 2367 1902 2446">
    <p class='ocr_par' dir='ltr' id='par_1_41' title="bbox 314 2367 1902 2446">
     <span class='ocr_line' id='line_1_41' title="bbox 314 2367 1902 2446; baseline -0.004 -17"><span class='ocrx_word' id='word_1_308' title='bbox 314 2393 502 2446; x_wconf 79' lang='grc' dir='ltr'><em>φησιν’</em></span> <span class='ocrx_word' id='word_1_309' title='bbox 540 2375 688 2444; x_wconf 77' lang='grc' dir='ltr'><strong><em>Ἐγὼ</em></strong></span> <span class='ocrx_word' id='word_1_310' title='bbox 712 2375 938 2443; x_wconf 82' lang='grc' dir='ltr'><em>Δανιὴλ</em></span> <span class='ocrx_word' id='word_1_311' title='bbox 961 2372 1276 2441; x_wconf 80' lang='grc' dir='ltr'><em>ἐθεώρουν,</em></span> <span class='ocrx_word' id='word_1_312' title='bbox 1311 2372 1423 2437; x_wconf 75' lang='grc' dir='ltr'><em>ἕως</em></span> <span class='ocrx_word' id='word_1_313' title='bbox 1458 2367 1529 2426; x_wconf 88' lang='grc' dir='ltr'><em>οὗ</em></span> <span class='ocrx_word' id='word_1_314' title='bbox 1561 2372 1761 2439; x_wconf 89' lang='grc' dir='ltr'><em>θρόνοι</em></span> <span class='ocrx_word' id='word_1_315' title='bbox 1783 2369 1902 2423; x_wconf 81' lang='grc' dir='ltr'><em>ἐτέ-</em></span> 
     </span>
    </p>
   </div>
   <div class='ocr_carea' id='block_1_42' title="bbox 315 2463 1901 2536">
    <p class='ocr_par' dir='ltr' id='par_1_42' title="bbox 315 2463 1901 2536">
     <span class='ocr_line' id='line_1_42' title="bbox 315 2463 1901 2536; baseline -0.004 -13"><span class='ocrx_word' id='word_1_316' title='bbox 315 2472 534 2536; x_wconf 85' lang='grc' dir='ltr'><em>θησαν.</em></span> <span class='ocrx_word' id='word_1_317' title='bbox 568 2467 677 2521; x_wconf 74' lang='lat' dir='ltr'><strong><em>Kal</em></strong></span> <span class='ocrx_word' id='word_1_318' title='bbox 709 2467 970 2532; x_wconf 86' lang='grc' dir='ltr'><em>Παλαιὸς</em></span> <span class='ocrx_word' id='word_1_319' title='bbox 993 2464 1228 2534; x_wconf 81' lang='grc' dir='ltr'><em>ἡμερῶν</em></span> <span class='ocrx_word' id='word_1_320' title='bbox 1264 2463 1583 2531; x_wconf 84' lang='grc' dir='ltr'><em>ὲκάθησεν.</em></span> <span class='ocrx_word' id='word_1_321' title='bbox 1624 2463 1692 2517; x_wconf 86' lang='grc' dir='ltr'><em>Τὸ</em></span> <span class='ocrx_word' id='word_1_322' title='bbox 1726 2463 1901 2516; x_wconf 79' lang='grc' dir='ltr'><em>ἐνδυ-</em></span> 
     </span>
    </p>
   </div>
   <div class='ocr_carea' id='block_1_43' title="bbox 315 2545 1898 2635">
    <p class='ocr_par' dir='ltr' id='par_1_43' title="bbox 315 2545 1898 2635">
     <span class='ocr_line' id='line_1_43' title="bbox 315 2545 1898 2635; baseline -0.003 -22"><span class='ocrx_word' id='word_1_323' title='bbox 315 2576 390 2629; x_wconf 83' lang='grc' dir='ltr'><strong><em>μα</em></strong></span> <span class='ocrx_word' id='word_1_324' title='bbox 408 2559 603 2613; x_wconf 81' lang='grc' dir='ltr'><em>αὑτοῦ</em></span> <span class='ocrx_word' id='word_1_325' title='bbox 631 2558 861 2613; x_wconf 86' lang='grc' dir='ltr'><em>λευκὸν</em></span> <span class='ocrx_word' id='word_1_326' title='bbox 891 2559 1034 2612; x_wconf 75' lang='grc' dir='ltr'><em>ὡσεὶ</em></span> <span class='ocrx_word' id='word_1_327' title='bbox 1075 2557 1221 2628; x_wconf 85' lang='grc' dir='ltr'><em>χιών</em></span> <span class='ocrx_word' id='word_1_328' title='bbox 1244 2574 1258 2590; x_wconf 78' lang='grc' dir='ltr'><strong>ο</strong></span> <span class='ocrx_word' id='word_1_329' title='bbox 1293 2545 1390 2610; x_wconf 69' lang='grc' dir='ltr'><em>Ξῖαὶ</em></span> <span class='ocrx_word' id='word_1_330' title='bbox 1417 2557 1454 2624; x_wconf 76' lang='grc' dir='ltr'><strong><em>η</em></strong></span> <span class='ocrx_word' id='word_1_331' title='bbox 1487 2555 1619 2635; x_wconf 73' lang='grc' dir='ltr'><em>θρὶξ</em></span> <span class='ocrx_word' id='word_1_332' title='bbox 1654 2554 1765 2624; x_wconf 84' lang='grc' dir='ltr'><em>τῆς</em></span> <span class='ocrx_word' id='word_1_333' title='bbox 1797 2571 1898 2608; x_wconf 87' lang='grc' dir='ltr'><em>κε-</em></span> 
     </span>
    </p>
   </div>
   <div class='ocr_carea' id='block_1_44' title="bbox 315 2648 1901 2722">
    <p class='ocr_par' dir='ltr' id='par_1_44' title="bbox 315 2648 1901 2722">
     <span class='ocr_line' id='line_1_44' title="bbox 315 2648 1901 2722; baseline -0.005 -15"><span class='ocrx_word' id='word_1_334' title='bbox 315 2651 518 2722; x_wconf 75' lang='grc' dir='ltr'><em>φαλῆς</em></span> <span class='ocrx_word' id='word_1_335' title='bbox 571 2650 759 2706; x_wconf 82' lang='grc' dir='ltr'><em>αὑτοῦ</em></span> <span class='ocrx_word' id='word_1_336' title='bbox 798 2652 878 2718; x_wconf 89' lang='grc' dir='ltr'><em>ὡς</em></span> <span class='ocrx_word' id='word_1_337' title='bbox 912 2652 1076 2719; x_wconf 81' lang='grc' dir='ltr'><em>ἔριον</em></span> <span class='ocrx_word' id='word_1_338' title='bbox 1119 2651 1406 2717; x_wconf 86' lang='grc' dir='ltr'><em>καθαρόν.</em></span> <span class='ocrx_word' id='word_1_339' title='bbox 1454 2648 1563 2702; x_wconf 74' lang='grc' dir='ltr'><strong><em>Καὶ</em></strong></span> <span class='ocrx_word' id='word_1_340' title='bbox 1611 2651 1643 2702; x_wconf 84' lang='grc' dir='ltr'><em>ό</em></span> <span class='ocrx_word' id='word_1_341' title='bbox 1685 2648 1901 2715; x_wconf 85' lang='grc' dir='ltr'><em>θρόνος</em></span> 
     </span>
    </p>
   </div>
   <div class='ocr_carea' id='block_1_45' title="bbox 317 2738 1896 2814">
    <p class='ocr_par' dir='ltr' id='par_1_45' title="bbox 317 2738 1896 2814">
     <span class='ocr_line' id='line_1_45' title="bbox 317 2738 1896 2814; baseline -0.006 -15"><span class='ocrx_word' id='word_1_342' title='bbox 317 2746 503 2800; x_wconf 86' lang='grc' dir='ltr'><em>αὑτοῦ</em></span> <span class='ocrx_word' id='word_1_343' title='bbox 535 2745 696 2814; x_wconf 67' lang='grc' dir='ltr'><em>φλὸξ</em></span> <span class='ocrx_word' id='word_1_344' title='bbox 720 2745 910 2811; x_wconf 83' lang='grc' dir='ltr'><em>πυρός</em></span> <span class='ocrx_word' id='word_1_345' title='bbox 938 2761 950 2774; x_wconf 84' lang='grc'><em>’</em></span> <span class='ocrx_word' id='word_1_346' title='bbox 977 2746 1031 2797; x_wconf 87' lang='lat' dir='ltr'><strong><em>ol</em></strong></span> <span class='ocrx_word' id='word_1_347' title='bbox 1058 2742 1258 2811; x_wconf 74' lang='grc' dir='ltr'><em>τροχοὶ</em></span> <span class='ocrx_word' id='word_1_348' title='bbox 1287 2740 1474 2796; x_wconf 80' lang='grc' dir='ltr'><em>αὑτοῦ</em></span> <span class='ocrx_word' id='word_1_349' title='bbox 1497 2740 1617 2808; x_wconf 88' lang='grc' dir='ltr'><em>πῦρ</em></span> <span class='ocrx_word' id='word_1_350' title='bbox 1647 2738 1896 2808; x_wconf 70' lang='grc' dir='ltr'><em>φλέγον.</em></span> 
     </span>
    </p>
   </div>
   <div class='ocr_carea' id='block_1_46' title="bbox 319 2833 1901 2906">
    <p class='ocr_par' dir='ltr' id='par_1_46' title="bbox 319 2833 1901 2906">
     <span class='ocr_line' id='line_1_46' title="bbox 319 2833 1901 2906; baseline -0.006 -13"><span class='ocrx_word' id='word_1_351' title='bbox 319 2839 588 2906; x_wconf 88' lang='grc' dir='ltr'><em>Ποταμὸς</em></span> <span class='ocrx_word' id='word_1_352' title='bbox 615 2837 805 2904; x_wconf 86' lang='grc' dir='ltr'><em>πυρὸς</em></span> <span class='ocrx_word' id='word_1_353' title='bbox 825 2833 1048 2898; x_wconf 78' lang='grc' dir='ltr'><em>εἷλκεν,</em></span> <span class='ocrx_word' id='word_1_354' title='bbox 1067 2835 1542 2903; x_wconf 82' lang='grc' dir='ltr'><em>ἐκπορευόμενος</em></span> <span class='ocrx_word' id='word_1_355' title='bbox 1561 2833 1901 2901; x_wconf 79' lang='grc' dir='ltr'><em>ἔμπροσθεν</em></span> 
     </span>
    </p>
   </div>
   <div class='ocr_carea' id='block_1_47' title="bbox 319 2919 1899 2993">
    <p class='ocr_par' dir='ltr' id='par_1_47' title="bbox 319 2919 1899 2993">
     <span class='ocr_line' id='line_1_47' title="bbox 319 2919 1899 2993; baseline -0.004 -15"><span class='ocrx_word' id='word_1_356' title='bbox 319 2924 524 2978; x_wconf 81' lang='grc' dir='ltr'><em>αὐτοῦ.</em></span> <span class='ocrx_word' id='word_1_357' title='bbox 572 2926 770 2977; x_wconf 89' lang='grc' dir='ltr'><em>Χίλιαι</em></span> <span class='ocrx_word' id='word_1_358' title='bbox 813 2923 1080 2993; x_wconf 82' lang='grc' dir='ltr'><em>χιλιάδες</em></span> <span class='ocrx_word' id='word_1_359' title='bbox 1133 2923 1556 2989; x_wconf 72' lang='grc' dir='ltr'><em>ἐλειτούργουν</em></span> <span class='ocrx_word' id='word_1_360' title='bbox 1587 2920 1768 2984; x_wconf 84' lang='grc' dir='ltr'><em>αὐτῷ,</em></span> <span class='ocrx_word' id='word_1_361' title='bbox 1799 2919 1899 2973; x_wconf 74' lang='grc' dir='ltr'><em>καὶ</em></span> 
     </span>
    </p>
   </div>
   <div class='ocr_carea' id='block_1_48' title="bbox 317 3011 1899 3086">
    <p class='ocr_par' dir='ltr' id='par_1_48' title="bbox 317 3011 1899 3086">
     <span class='ocr_line' id='line_1_48' title="bbox 317 3011 1899 3086; baseline -0.005 -16"><span class='ocrx_word' id='word_1_362' title='bbox 317 3018 516 3086; x_wconf 78' lang='grc' dir='ltr'><em>μύριαι</em></span> <span class='ocrx_word' id='word_1_363' title='bbox 536 3015 823 3084; x_wconf 85' lang='grc' dir='ltr'><em>μυριάδες</em></span> <span class='ocrx_word' id='word_1_364' title='bbox 856 3013 1369 3082; x_wconf 76' lang='grc' dir='ltr'><em>παρειστήκεισαν</em></span> <span class='ocrx_word' id='word_1_365' title='bbox 1402 3012 1746 3080; x_wconf 79' lang='grc' dir='ltr'><em>ἔμπροσθεν</em></span> <span class='ocrx_word' id='word_1_366' title='bbox 1788 3011 1899 3063; x_wconf 82' lang='grc' dir='ltr'><strong><em>αὑ-</em></strong></span> 
     </span>
    </p>
   </div>
   <div class='ocr_carea' id='block_1_49' title="bbox 2000 1909 3592 1992">
    <p class='ocr_par' dir='ltr' id='par_1_49' title="bbox 2000 1909 3592 1992">
     <span class='ocr_line' id='line_1_49' title="bbox 2000 1909 3592 1992; baseline 0.008 -29"><span class='ocrx_word' id='word_1_367' title='bbox 2000 1909 2134 1964; x_wconf 90' lang='lat' dir='ltr'><strong><em>dum</em></strong></span> <span class='ocrx_word' id='word_1_368' title='bbox 2184 1915 2532 1968; x_wconf 86' lang='lat' dir='ltr'><strong><em>tremendum</em></strong></span> <span class='ocrx_word' id='word_1_369' title='bbox 2580 1915 2773 1986; x_wconf 87' lang='lat' dir='ltr'><strong><em>judicii</em></strong></span> <span class='ocrx_word' id='word_1_370' title='bbox 2821 1916 2968 1970; x_wconf 89' lang='lat' dir='ltr'><strong><em>diem</em></strong></span> <span class='ocrx_word' id='word_1_371' title='bbox 3012 1917 3088 1972; x_wconf 87' lang='lat' dir='ltr'><strong><em>ita</em></strong></span> <span class='ocrx_word' id='word_1_372' title='bbox 3133 1918 3440 1974; x_wconf 78' lang='lat' dir='ltr'><strong><em>describit?</em></strong></span> <span class='ocrx_word' id='word_1_373' title='bbox 3475 1920 3592 1992; x_wconf 88' lang='lat' dir='ltr'><strong><em>Ego</em></strong></span> 
     </span>
    </p>
   </div>
   <div class='ocr_carea' id='block_1_50' title="bbox 2000 2001 3592 2082">
    <p class='ocr_par' dir='ltr' id='par_1_50' title="bbox 2000 2001 3592 2082">
     <span class='ocr_line' id='line_1_50' title="bbox 2000 2001 3592 2082; baseline 0.008 -27"><span class='ocrx_word' id='word_1_374' title='bbox 2000 2001 2193 2056; x_wconf 84' lang='lat' dir='ltr'><strong><em>Daniel</em></strong></span> <span class='ocrx_word' id='word_1_375' title='bbox 2211 2004 2467 2068; x_wconf 87' lang='lat' dir='ltr'><strong><em>videbam,</em></strong></span> <span class='ocrx_word' id='word_1_376' title='bbox 2492 2007 2656 2060; x_wconf 86' lang='lat' dir='ltr'><strong><em>donec</em></strong></span> <span class='ocrx_word' id='word_1_377' title='bbox 2675 2009 2850 2062; x_wconf 87' lang='lat' dir='ltr'><strong><em>throni</em></strong></span> <span class='ocrx_word' id='word_1_378' title='bbox 2871 2010 3028 2079; x_wconf 87' lang='lat' dir='ltr'><strong><em>positi</em></strong></span> <span class='ocrx_word' id='word_1_379' title='bbox 3055 2019 3179 2063; x_wconf 88' lang='lat' dir='ltr'><strong><em>sunt</em></strong></span> <span class='ocrx_word' id='word_1_380' title='bbox 3203 2027 3221 2066; x_wconf 93' lang='lat'><em>:</em></span> <span class='ocrx_word' id='word_1_381' title='bbox 3243 2020 3293 2066; x_wconf 88' lang='lat' dir='ltr'><strong><em>et</em></strong></span> <span class='ocrx_word' id='word_1_382' title='bbox 3328 2011 3592 2082; x_wconf 80' lang='lat' dir='ltr'><strong><em>Antiquus</em></strong></span> 
     </span>
    </p>
   </div>
   <div class='ocr_carea' id='block_1_51' title="bbox 2000 2094 3592 2174">
    <p class='ocr_par' dir='ltr' id='par_1_51' title="bbox 2000 2094 3592 2174">
     <span class='ocr_line' id='line_1_51' title="bbox 2000 2094 3592 2174; baseline 0.007 -27"><span class='ocrx_word' id='word_1_383' title='bbox 2000 2094 2206 2149; x_wconf 89' lang='lat' dir='ltr'><strong><em>dierum</em></strong></span> <span class='ocrx_word' id='word_1_384' title='bbox 2234 2098 2389 2150; x_wconf 85' lang='lat' dir='ltr'><strong><em>sedit.</em></strong></span> <span class='ocrx_word' id='word_1_385' title='bbox 2423 2098 2802 2158; x_wconf 80' lang='lat' dir='ltr'><strong><em>Vestimentum</em></strong></span> <span class='ocrx_word' id='word_1_386' title='bbox 2833 2103 2946 2169; x_wconf 82' lang='lat' dir='ltr'><strong><em>eius</em></strong></span> <span class='ocrx_word' id='word_1_387' title='bbox 2975 2102 3257 2157; x_wconf 87' lang='lat' dir='ltr'><strong><em>candidum</em></strong></span> <span class='ocrx_word' id='word_1_388' title='bbox 3281 2105 3435 2174; x_wconf 86' lang='lat' dir='ltr'><strong><em>quasi</em></strong></span> <span class='ocrx_word' id='word_1_389' title='bbox 3462 2105 3592 2170; x_wconf 76' lang='lat' dir='ltr'><strong><em>nix;</em></strong></span> 
     </span>
    </p>
   </div>
   <div class='ocr_carea' id='block_1_52' title="bbox 2001 2187 3592 2264">
    <p class='ocr_par' dir='ltr' id='par_1_52' title="bbox 2001 2187 3592 2264">
     <span class='ocr_line' id='line_1_52' title="bbox 2001 2187 3592 2264; baseline 0.007 -26"><span class='ocrx_word' id='word_1_390' title='bbox 2001 2195 2050 2238; x_wconf 89' lang='lat' dir='ltr'><strong><em>et</em></strong></span> <span class='ocrx_word' id='word_1_391' title='bbox 2072 2187 2298 2257; x_wconf 84' lang='lat' dir='ltr'><strong><em>capillus</em></strong></span> <span class='ocrx_word' id='word_1_392' title='bbox 2328 2190 2516 2258; x_wconf 87' lang='lat' dir='ltr'><strong><em>capitis</em></strong></span> <span class='ocrx_word' id='word_1_393' title='bbox 2547 2191 2661 2262; x_wconf 84' lang='lat' dir='ltr'><strong><em>ejus</em></strong></span> <span class='ocrx_word' id='word_1_394' title='bbox 2685 2193 2838 2261; x_wconf 88' lang='lat' dir='ltr'><strong><em>quasi</em></strong></span> <span class='ocrx_word' id='word_1_395' title='bbox 2869 2190 2997 2246; x_wconf 87' lang='lat' dir='ltr'><strong><em>lana</em></strong></span> <span class='ocrx_word' id='word_1_396' title='bbox 3034 2192 3180 2246; x_wconf 88' lang='lat' dir='ltr'><strong><em>alba.</em></strong></span> <span class='ocrx_word' id='word_1_397' title='bbox 3217 2193 3452 2248; x_wconf 86' lang='lat' dir='ltr'><strong><em>Thronus</em></strong></span> <span class='ocrx_word' id='word_1_398' title='bbox 3478 2196 3592 2264; x_wconf 85' lang='lat' dir='ltr'><strong><em>ejus</em></strong></span> 
     </span>
    </p>
   </div>
   <div class='ocr_carea' id='block_1_53' title="bbox 1999 2279 3590 2356">
    <p class='ocr_par' dir='ltr' id='par_1_53' title="bbox 1999 2279 3590 2356">
     <span class='ocr_line' id='line_1_53' title="bbox 1999 2279 3590 2356; baseline 0.007 -26"><span class='ocrx_word' id='word_1_399' title='bbox 1999 2279 2219 2347; x_wconf 82' lang='lat' dir='ltr'><strong><em>ﬂamma</em></strong></span> <span class='ocrx_word' id='word_1_400' title='bbox 2241 2281 2402 2349; x_wconf 84' lang='lat' dir='ltr'><strong><em>ignis,</em></strong></span> <span class='ocrx_word' id='word_1_401' title='bbox 2429 2291 2476 2334; x_wconf 93' lang='lat' dir='ltr'><strong><em>et</em></strong></span> <span class='ocrx_word' id='word_1_402' title='bbox 2512 2289 2642 2336; x_wconf 71' lang='lat' dir='ltr'><strong><em>rota:</em></strong></span> <span class='ocrx_word' id='word_1_403' title='bbox 2665 2283 2778 2352; x_wconf 84' lang='lat' dir='ltr'><strong><em>ejus</em></strong></span> <span class='ocrx_word' id='word_1_404' title='bbox 2800 2285 2938 2354; x_wconf 88' lang='lat' dir='ltr'><strong><em>ignis</em></strong></span> <span class='ocrx_word' id='word_1_405' title='bbox 2966 2285 3180 2339; x_wconf 89' lang='lat' dir='ltr'><strong><em>ardens.</em></strong></span> <span class='ocrx_word' id='word_1_406' title='bbox 3203 2285 3430 2340; x_wconf 88' lang='lat' dir='ltr'><strong><em>&#39;Fluvius</em></strong></span> <span class='ocrx_word' id='word_1_407' title='bbox 3457 2287 3590 2356; x_wconf 82' lang='lat' dir='ltr'><strong><em>ignis</em></strong></span> 
     </span>
    </p>
   </div>
   <div class='ocr_carea' id='block_1_54' title="bbox 2002 2368 3595 2445">
    <p class='ocr_par' dir='ltr' id='par_1_54' title="bbox 2002 2368 3595 2445">
     <span class='ocr_line' id='line_1_54' title="bbox 2002 2368 3595 2445; baseline 0.008 -25"><span class='ocrx_word' id='word_1_408' title='bbox 2002 2368 2265 2434; x_wconf 82' lang='lat' dir='ltr'><strong><em>trahebat,</em></strong></span> <span class='ocrx_word' id='word_1_409' title='bbox 2300 2371 2570 2440; x_wconf 88' lang='lat' dir='ltr'><strong><em>egrediens</em></strong></span> <span class='ocrx_word' id='word_1_410' title='bbox 2608 2373 2662 2426; x_wconf 88' lang='lat' dir='ltr'><strong><em>in</em></strong></span> <span class='ocrx_word' id='word_1_411' title='bbox 2699 2383 2976 2442; x_wconf 89' lang='lat' dir='ltr'><strong><em>conspectu</em></strong></span> <span class='ocrx_word' id='word_1_412' title='bbox 3019 2377 3153 2445; x_wconf 86' lang='lat' dir='ltr'><strong><em>ejus.</em></strong></span> <span class='ocrx_word' id='word_1_413' title='bbox 3195 2376 3389 2430; x_wconf 78' lang='lat' dir='ltr'><strong><em>Millies</em></strong></span> <span class='ocrx_word' id='word_1_414' title='bbox 3421 2377 3595 2432; x_wconf 88' lang='lat' dir='ltr'><strong><em>millia</em></strong></span> 
     </span>
    </p>
   </div>
   <div class='ocr_carea' id='block_1_55' title="bbox 2002 2461 3593 2529">
    <p class='ocr_par' dir='ltr' id='par_1_55' title="bbox 2002 2461 3593 2529">
     <span class='ocr_line' id='line_1_55' title="bbox 2002 2461 3593 2529; baseline 0.01 -17"><span class='ocrx_word' id='word_1_415' title='bbox 2002 2461 2378 2516; x_wconf 87' lang='lat' dir='ltr'><strong><em>ministrabant</em></strong></span> <span class='ocrx_word' id='word_1_416' title='bbox 2405 2465 2472 2529; x_wconf 90' lang='lat' dir='ltr'><strong><em>ei,</em></strong></span> <span class='ocrx_word' id='word_1_417' title='bbox 2508 2473 2556 2518; x_wconf 91' lang='lat' dir='ltr'><strong><em>et</em></strong></span> <span class='ocrx_word' id='word_1_418' title='bbox 2590 2465 2781 2520; x_wconf 88' lang='lat' dir='ltr'><strong><em>millies</em></strong></span> <span class='ocrx_word' id='word_1_419' title='bbox 2817 2470 3007 2524; x_wconf 88' lang='lat' dir='ltr'><strong><em>centies</em></strong></span> <span class='ocrx_word' id='word_1_420' title='bbox 3041 2477 3260 2525; x_wconf 88' lang='lat' dir='ltr'><strong><em>centena</em></strong></span> <span class='ocrx_word' id='word_1_421' title='bbox 3296 2472 3463 2526; x_wconf 89' lang='lat' dir='ltr'><strong><em>millia</em></strong></span> <span class='ocrx_word' id='word_1_422' title='bbox 3503 2490 3593 2527; x_wconf 87' lang='lat' dir='ltr'><strong><em>as-</em></strong></span> 
     </span>
    </p>
   </div>
   <div class='ocr_carea' id='block_1_56' title="bbox 2000 2556 3596 2637">
    <p class='ocr_par' dir='ltr' id='par_1_56' title="bbox 2000 2556 3596 2637">
     <span class='ocr_line' id='line_1_56' title="bbox 2000 2556 3596 2637; baseline 0.008 -28"><span class='ocrx_word' id='word_1_423' title='bbox 2000 2556 2254 2609; x_wconf 84' lang='lat' dir='ltr'><strong><em>sistebant</em></strong></span> <span class='ocrx_word' id='word_1_424' title='bbox 2305 2574 2489 2612; x_wconf 91' lang='lat' dir='ltr'><strong><em>coram</em></strong></span> <span class='ocrx_word' id='word_1_425' title='bbox 2533 2575 2612 2612; x_wconf 90' lang='lat' dir='ltr'><strong><em>eo.</em></strong></span> <span class='ocrx_word' id='word_1_426' title='bbox 2654 2560 2923 2615; x_wconf 75' lang='lat' dir='ltr'><strong><em>Iudicium</em></strong></span> <span class='ocrx_word' id='word_1_427' title='bbox 2962 2563 3114 2628; x_wconf 90' lang='lat' dir='ltr'><strong><em>sedit,</em></strong></span> <span class='ocrx_word' id='word_1_428' title='bbox 3159 2571 3209 2616; x_wconf 88' lang='lat' dir='ltr'><strong><em>et</em></strong></span> <span class='ocrx_word' id='word_1_429' title='bbox 3253 2564 3375 2620; x_wconf 88' lang='lat' dir='ltr'><strong><em>libri</em></strong></span> <span class='ocrx_word' id='word_1_430' title='bbox 3421 2569 3596 2637; x_wconf 84' lang='lat' dir='ltr'><strong><em>aperti</em></strong></span> 
     </span>
    </p>
   </div>
   <div class='ocr_carea' id='block_1_57' title="bbox 1999 2646 3594 2726">
    <p class='ocr_par' dir='ltr' id='par_1_57' title="bbox 1999 2646 3594 2726">
     <span class='ocr_line' id='line_1_57' title="bbox 1999 2646 3594 2726; baseline 0.008 -28"><span class='ocrx_word' id='word_1_431' title='bbox 1999 2655 2122 2699; x_wconf 87' lang='lat' dir='ltr'><strong><em>sunt</em></strong></span> <span class='ocrx_word' id='word_1_432' title='bbox 2158 2646 2203 2678; x_wconf 82' lang='grc'>⁸³</span> <span class='ocrx_word' id='word_1_433' title='bbox 2239 2665 2252 2701; x_wconf 90' lang='lat'>:</span> <span class='ocrx_word' id='word_1_434' title='bbox 2291 2649 2724 2721; x_wconf 79' lang='lat' dir='ltr'><strong><em>uniuscujusque</em></strong></span> <span class='ocrx_word' id='word_1_435' title='bbox 2775 2652 2986 2708; x_wconf 90' lang='lat' dir='ltr'><strong><em>scilicet</em></strong></span> <span class='ocrx_word' id='word_1_436' title='bbox 3016 2662 3174 2709; x_wconf 88' lang='lat' dir='ltr'><strong><em>actus</em></strong></span> <span class='ocrx_word' id='word_1_437' title='bbox 3213 2664 3267 2709; x_wconf 88' lang='lat' dir='ltr'><strong><em>et</em></strong></span> <span class='ocrx_word' id='word_1_438' title='bbox 3303 2672 3490 2726; x_wconf 85' lang='lat' dir='ltr'><strong><em>opera.</em></strong></span> <span class='ocrx_word' id='word_1_439' title='bbox 3525 2657 3594 2711; x_wconf 88' lang='lat' dir='ltr'><strong><em>Et</em></strong></span> 
     </span>
    </p>
   </div>
   <div class='ocr_carea' id='block_1_58' title="bbox 2002 2739 3593 2811">
    <p class='ocr_par' dir='ltr' id='par_1_58' title="bbox 2002 2739 3593 2811">
     <span class='ocr_line' id='line_1_58' title="bbox 2002 2739 3593 2811; baseline 0.006 -19"><span class='ocrx_word' id='word_1_440' title='bbox 2002 2739 2203 2793; x_wconf 84' lang='lat' dir='ltr'><strong><em>iterum</em></strong></span> <span class='ocrx_word' id='word_1_441' title='bbox 2240 2757 2252 2793; x_wconf 91' lang='lat'><strong>:</strong></span> <span class='ocrx_word' id='word_1_442' title='bbox 2289 2740 2618 2809; x_wconf 81' lang='lat' dir='ltr'><strong><em>Aspiciebam</em></strong></span> <span class='ocrx_word' id='word_1_443' title='bbox 2656 2743 2711 2796; x_wconf 88' lang='lat' dir='ltr'><strong><em>in</em></strong></span> <span class='ocrx_word' id='word_1_444' title='bbox 2750 2745 2948 2798; x_wconf 90' lang='lat' dir='ltr'><strong><em>visione</em></strong></span> <span class='ocrx_word' id='word_1_445' title='bbox 2987 2747 3184 2811; x_wconf 87' lang='lat' dir='ltr'><strong><em>noctis;</em></strong></span> <span class='ocrx_word' id='word_1_446' title='bbox 3223 2755 3273 2800; x_wconf 91' lang='lat' dir='ltr'><strong><em>et</em></strong></span> <span class='ocrx_word' id='word_1_447' title='bbox 3312 2763 3427 2800; x_wconf 88' lang='lat' dir='ltr'><strong><em>ecce</em></strong></span> <span class='ocrx_word' id='word_1_448' title='bbox 3472 2765 3593 2802; x_wconf 87' lang='lat' dir='ltr'><strong><em>cum</em></strong></span> 
     </span>
    </p>
   </div>
   <div class='ocr_carea' id='block_1_59' title="bbox 2001 2828 3593 2905">
    <p class='ocr_par' dir='ltr' id='par_1_59' title="bbox 2001 2828 3593 2905">
     <span class='ocr_line' id='line_1_59' title="bbox 2001 2828 3593 2905; baseline 0.004 -24"><span class='ocrx_word' id='word_1_449' title='bbox 2001 2828 2221 2882; x_wconf 87' lang='lat' dir='ltr'><strong><em>nubibus</em></strong></span> <span class='ocrx_word' id='word_1_450' title='bbox 2251 2828 2365 2882; x_wconf 72' lang='lat' dir='ltr'><strong><em>cazli</em></strong></span> <span class='ocrx_word' id='word_1_451' title='bbox 2389 2832 2540 2900; x_wconf 87' lang='lat' dir='ltr'><strong><em>quasi</em></strong></span> <span class='ocrx_word' id='word_1_452' title='bbox 2585 2830 2748 2885; x_wconf 85' lang='lat' dir='ltr'><strong><em>Filius</em></strong></span> <span class='ocrx_word' id='word_1_453' title='bbox 2785 2833 3010 2887; x_wconf 84' lang='lat' dir='ltr'><strong><em>hominis</em></strong></span> <span class='ocrx_word' id='word_1_454' title='bbox 3045 2834 3304 2897; x_wconf 76' lang='lat' dir='ltr'><strong><em>veniebat,</em></strong></span> <span class='ocrx_word' id='word_1_455' title='bbox 3333 2843 3382 2888; x_wconf 90' lang='lat' dir='ltr'><strong><em>et</em></strong></span> <span class='ocrx_word' id='word_1_456' title='bbox 3424 2851 3593 2905; x_wconf 89' lang='lat' dir='ltr'><strong><em>usque</em></strong></span> 
     </span>
    </p>
   </div>
   <div class='ocr_carea' id='block_1_60' title="bbox 2002 2918 3594 2995">
    <p class='ocr_par' dir='ltr' id='par_1_60' title="bbox 2002 2918 3594 2995">
     <span class='ocr_line' id='line_1_60' title="bbox 2002 2918 3594 2995; baseline 0.005 -23"><span class='ocrx_word' id='word_1_457' title='bbox 2002 2918 2072 2972; x_wconf 90' lang='lat' dir='ltr'><strong><em>ad</em></strong></span> <span class='ocrx_word' id='word_1_458' title='bbox 2099 2919 2390 2988; x_wconf 79' lang='lat' dir='ltr'><strong><em>Antiquam</em></strong></span> <span class='ocrx_word' id='word_1_459' title='bbox 2435 2920 2639 2974; x_wconf 87' lang='lat' dir='ltr'><strong><em>dierum</em></strong></span> <span class='ocrx_word' id='word_1_460' title='bbox 2671 2925 2927 2990; x_wconf 87' lang='lat' dir='ltr'><strong><em>pervenit,</em></strong></span> <span class='ocrx_word' id='word_1_461' title='bbox 2975 2933 3022 2976; x_wconf 90' lang='lat' dir='ltr'><strong><em>et</em></strong></span> <span class='ocrx_word' id='word_1_462' title='bbox 3063 2924 3116 2976; x_wconf 90' lang='lat' dir='ltr'><strong><em>in</em></strong></span> <span class='ocrx_word' id='word_1_463' title='bbox 3163 2932 3437 2994; x_wconf 88' lang='lat' dir='ltr'><strong><em>conspectu</em></strong></span> <span class='ocrx_word' id='word_1_464' title='bbox 3480 2927 3594 2995; x_wconf 86' lang='lat' dir='ltr'><strong><em>ejus</em></strong></span> 
     </span>
    </p>
   </div>
   <div class='ocr_carea' id='block_1_61' title="bbox 2002 3010 3596 3087">
    <p class='ocr_par' dir='ltr' id='par_1_61' title="bbox 2002 3010 3596 3087">
     <span class='ocr_line' id='line_1_61' title="bbox 2002 3010 3596 3087; baseline 0.004 -24"><span class='ocrx_word' id='word_1_465' title='bbox 2002 3010 2209 3065; x_wconf 86' lang='lat' dir='ltr'><strong><em>oblatus</em></strong></span> <span class='ocrx_word' id='word_1_466' title='bbox 2251 3019 2325 3065; x_wconf 87' lang='lat' dir='ltr'><strong><em>est</em></strong></span> <span class='ocrx_word' id='word_1_467' title='bbox 2360 3015 2435 3077; x_wconf 90' lang='lat' dir='ltr'><strong><em>ei;</em></strong></span> <span class='ocrx_word' id='word_1_468' title='bbox 2477 3022 2526 3066; x_wconf 89' lang='lat' dir='ltr'><strong><em>et</em></strong></span> <span class='ocrx_word' id='word_1_469' title='bbox 2564 3013 2720 3067; x_wconf 87' lang='lat' dir='ltr'><strong><em>datus</em></strong></span> <span class='ocrx_word' id='word_1_470' title='bbox 2747 3025 2824 3068; x_wconf 89' lang='lat' dir='ltr'><strong><em>est</em></strong></span> <span class='ocrx_word' id='word_1_471' title='bbox 2860 3017 2960 3086; x_wconf 85' lang='lat' dir='ltr'><strong><em>ipsi</em></strong></span> <span class='ocrx_word' id='word_1_472' title='bbox 2985 3017 3313 3087; x_wconf 84' lang='lat' dir='ltr'><strong><em>principatus</em></strong></span> <span class='ocrx_word' id='word_1_473' title='bbox 3347 3025 3394 3070; x_wconf 92' lang='lat' dir='ltr'><strong><em>et</em></strong></span> <span class='ocrx_word' id='word_1_474' title='bbox 3430 3019 3596 3070; x_wconf 89' lang='lat' dir='ltr'><strong><em>honor</em></strong></span> 
     </span>
    </p>
   </div>
   <div class='ocr_carea' id='block_1_62' title="bbox 323 3102 1900 3186">
    <p class='ocr_par' dir='ltr' id='par_1_62' title="bbox 323 3102 1895 3177">
     <span class='ocr_line' id='line_1_62' title="bbox 323 3102 1895 3177; baseline -0.005 -15"><span class='ocrx_word' id='word_1_475' title='bbox 323 3110 442 3162; x_wconf 90' lang='grc' dir='ltr'><em>τοῦ.</em></span> <span class='ocrx_word' id='word_1_476' title='bbox 470 3108 787 3177; x_wconf 64' lang='grc' dir='ltr'><em>Ιιριτήριον</em></span> <span class='ocrx_word' id='word_1_477' title='bbox 815 3105 1077 3168; x_wconf 76' lang='grc' dir='ltr'><em>ἐκάθισε,</em></span> <span class='ocrx_word' id='word_1_478' title='bbox 1113 3106 1211 3159; x_wconf 73' lang='grc' dir='ltr'><em>καὶ</em></span> <span class='ocrx_word' id='word_1_479' title='bbox 1235 3107 1442 3170; x_wconf 75' lang='grc' dir='ltr'><em>βίϐλοι</em></span> <span class='ocrx_word' id='word_1_480' title='bbox 1473 3102 1895 3172; x_wconf 70' lang='grc' dir='ltr'><em>νιίνεῲχθησανο</em></span> 
     </span>
    </p>
   </div>
   <div class='ocr_carea' id='block_1_63' title="bbox 2002 3102 3597 3186">
    <p class='ocr_par' dir='ltr' id='par_1_63' title="bbox 2003 3103 3597 3177">
     <span class='ocr_line' id='line_1_63' title="bbox 2003 3103 3597 3177; baseline 0.004 -23"><span class='ocrx_word' id='word_1_481' title='bbox 2003 3110 2052 3155; x_wconf 90' lang='lat' dir='ltr'><strong><em>et</em></strong></span> <span class='ocrx_word' id='word_1_482' title='bbox 2080 3119 2322 3172; x_wconf 85' lang='lat' dir='ltr'><strong><em>regnum.</em></strong></span> <span class='ocrx_word' id='word_1_483' title='bbox 2357 3103 2429 3158; x_wconf 85' lang='lat' dir='ltr'><strong><em>Et</em></strong></span> <span class='ocrx_word' id='word_1_484' title='bbox 2456 3121 2634 3158; x_wconf 86' lang='lat' dir='ltr'><strong><em>omnes</em></strong></span> <span class='ocrx_word' id='word_1_485' title='bbox 2663 3106 2864 3176; x_wconf 86' lang='lat' dir='ltr'><strong><em>populi,</em></strong></span> <span class='ocrx_word' id='word_1_486' title='bbox 2913 3107 3099 3170; x_wconf 87' lang='lat' dir='ltr'><strong><em>tribus,</em></strong></span> <span class='ocrx_word' id='word_1_487' title='bbox 3126 3107 3320 3177; x_wconf 79' lang='lat' dir='ltr'><strong><em>lingua:</em></strong></span> <span class='ocrx_word' id='word_1_488' title='bbox 3345 3109 3444 3177; x_wconf 90' lang='lat' dir='ltr'><strong><em>ipsi</em></strong></span> <span class='ocrx_word' id='word_1_489' title='bbox 3485 3125 3597 3161; x_wconf 85' lang='lat' dir='ltr'><strong><em>ser-</em></strong></span> 
     </span>
    </p>
   </div>
   <div class='ocr_carea' id='block_1_64' title="bbox 325 3192 1903 3271">
    <p class='ocr_par' dir='ltr' id='par_1_64' title="bbox 325 3192 1903 3271">
     <span class='ocr_line' id='line_1_64' title="bbox 325 3192 1903 3271; baseline -0.003 -22"><span class='ocrx_word' id='word_1_490' title='bbox 325 3199 390 3252; x_wconf 75' lang='grc' dir='ltr'><em>τὰ</em></span> <span class='ocrx_word' id='word_1_491' title='bbox 409 3198 771 3271; x_wconf 81' lang='grc' dir='ltr'><em>πεπραγμένα</em></span> <span class='ocrx_word' id='word_1_492' title='bbox 790 3198 1020 3251; x_wconf 78' lang='grc' dir='ltr'><em>ἑκάστου</em></span> <span class='ocrx_word' id='word_1_493' title='bbox 1049 3196 1207 3267; x_wconf 80' lang='grc' dir='ltr'><em>δῆλον</em></span> <span class='ocrx_word' id='word_1_494' title='bbox 1225 3198 1326 3250; x_wconf 80' lang='grc' dir='ltr'><em>ὅτι.</em></span> <span class='ocrx_word' id='word_1_495' title='bbox 1354 3196 1464 3249; x_wconf 77' lang='grc' dir='ltr'><strong><em>Καὶ</em></strong></span> <span class='ocrx_word' id='word_1_496' title='bbox 1487 3195 1668 3248; x_wconf 80' lang='grc' dir='ltr'><em>πάλινο</em></span> <span class='ocrx_word' id='word_1_497' title='bbox 1699 3192 1903 3249; x_wconf 84' lang='grc' dir='ltr'><em>Ἐθεώ-</em></span> 
     </span>
    </p>
   </div>
   <div class='ocr_carea' id='block_1_65' title="bbox 321 3283 1903 3358">
    <p class='ocr_par' dir='ltr' id='par_1_65' title="bbox 321 3283 1903 3358">
     <span class='ocr_line' id='line_1_65' title="bbox 321 3283 1903 3358; baseline -0.003 -16"><span class='ocrx_word' id='word_1_498' title='bbox 321 3306 467 3357; x_wconf 86' lang='grc' dir='ltr'><em>ρουν</em></span> <span class='ocrx_word' id='word_1_499' title='bbox 497 3291 566 3342; x_wconf 79' lang='grc' dir='ltr'><strong><em>ἐν</em></strong></span> <span class='ocrx_word' id='word_1_500' title='bbox 603 3289 852 3358; x_wconf 75' lang='grc' dir='ltr'><em>ὁράματι</em></span> <span class='ocrx_word' id='word_1_501' title='bbox 882 3287 988 3355; x_wconf 82' lang='grc' dir='ltr'><em>τῆς</em></span> <span class='ocrx_word' id='word_1_502' title='bbox 1025 3288 1267 3358; x_wconf 76' lang='grc' dir='ltr'><em>νυκτὸς,</em></span> <span class='ocrx_word' id='word_1_503' title='bbox 1320 3288 1417 3340; x_wconf 76' lang='grc' dir='ltr'><em>καὶ</em></span> <span class='ocrx_word' id='word_1_504' title='bbox 1453 3285 1582 3340; x_wconf 79' lang='grc' dir='ltr'><strong><em>ἰδοὺ</em></strong></span> <span class='ocrx_word' id='word_1_505' title='bbox 1607 3285 1761 3354; x_wconf 83' lang='grc' dir='ltr'><em>μετὰ</em></span> <span class='ocrx_word' id='word_1_506' title='bbox 1785 3283 1903 3338; x_wconf 85' lang='grc' dir='ltr'><strong><em>τῶν</em></strong></span> 
     </span>
    </p>
   </div>
   <div class='ocr_carea' id='block_1_66' title="bbox 327 3376 1903 3451">
    <p class='ocr_par' dir='ltr' id='par_1_66' title="bbox 327 3376 1903 3451">
     <span class='ocr_line' id='line_1_66' title="bbox 327 3376 1903 3451; baseline -0.003 -17"><span class='ocrx_word' id='word_1_507' title='bbox 327 3381 590 3451; x_wconf 66' lang='grc' dir='ltr'><em>νεφελῶν</em></span> <span class='ocrx_word' id='word_1_508' title='bbox 613 3381 719 3436; x_wconf 89' lang='grc' dir='ltr'><strong><em>τοῦ</em></strong></span> <span class='ocrx_word' id='word_1_509' title='bbox 744 3383 1028 3450; x_wconf 84' lang='grc' dir='ltr'><em>οὐρανοῦ,</em></span> <span class='ocrx_word' id='word_1_510' title='bbox 1054 3383 1134 3447; x_wconf 89' lang='grc' dir='ltr'><em>ὡς</em></span> <span class='ocrx_word' id='word_1_511' title='bbox 1161 3381 1294 3446; x_wconf 71' lang='grc' dir='ltr'><em>Υἱὸς</em></span> <span class='ocrx_word' id='word_1_512' title='bbox 1313 3378 1628 3446; x_wconf 83' lang='grc' dir='ltr'><em>ἀνθρώπου</em></span> <span class='ocrx_word' id='word_1_513' title='bbox 1658 3376 1903 3446; x_wconf 83' lang='grc' dir='ltr'><em>ἐρχόμε-</em></span> 
     </span>
    </p>
   </div>
   <div class='ocr_carea' id='block_1_67' title="bbox 327 3469 1898 3545">
    <p class='ocr_par' dir='ltr' id='par_1_67' title="bbox 327 3469 1898 3545">
     <span class='ocr_line' id='line_1_67' title="bbox 327 3469 1898 3545; baseline -0.004 -19"><span class='ocrx_word' id='word_1_514' title='bbox 327 3491 429 3539; x_wconf 86' lang='grc' dir='ltr'><strong><em>νος</em></strong></span> <span class='ocrx_word' id='word_1_515' title='bbox 454 3472 569 3545; x_wconf 82' lang='grc' dir='ltr'><strong><em>’ἦν-</em></strong></span> <span class='ocrx_word' id='word_1_516' title='bbox 600 3475 698 3528; x_wconf 79' lang='grc' dir='ltr'><em>καὶ</em></span> <span class='ocrx_word' id='word_1_517' title='bbox 736 3474 847 3540; x_wconf 83' lang='grc' dir='ltr'><em>ἕως</em></span> <span class='ocrx_word' id='word_1_518' title='bbox 879 3474 984 3528; x_wconf 90' lang='grc' dir='ltr'><strong><em>τοῦ</em></strong></span> <span class='ocrx_word' id='word_1_519' title='bbox 1016 3471 1285 3527; x_wconf 88' lang='grc' dir='ltr'><em>Παλαιοῦ</em></span> <span class='ocrx_word' id='word_1_520' title='bbox 1326 3469 1564 3538; x_wconf 81' lang='grc' dir='ltr'><em>ἡμερῶν</em></span> <span class='ocrx_word' id='word_1_521' title='bbox 1588 3469 1855 3537; x_wconf 62' lang='grc' dir='ltr'><em>ἔφθασεν</em></span> <span class='ocrx_word' id='word_1_522' title='bbox 1881 3483 1898 3500; x_wconf 77' lang='grc' dir='ltr'><strong><em>ο</em></strong></span> 
     </span>
    </p>
   </div>
   <div class='ocr_carea' id='block_1_68' title="bbox 2009 3194 3596 3268">
    <p class='ocr_par' dir='ltr' id='par_1_68' title="bbox 2009 3194 3596 3268">
     <span class='ocr_line' id='line_1_68' title="bbox 2009 3194 3596 3268; baseline 0.003 -22"><span class='ocrx_word' id='word_1_523' title='bbox 2009 3194 2150 3247; x_wconf 86' lang='lat' dir='ltr'><strong><em>vient</em></strong></span> <span class='ocrx_word' id='word_1_524' title='bbox 2186 3210 2204 3247; x_wconf 89' lang='lat'><em>:</em></span> <span class='ocrx_word' id='word_1_525' title='bbox 2245 3202 2292 3248; x_wconf 91' lang='lat' dir='ltr'><strong><em>et</em></strong></span> <span class='ocrx_word' id='word_1_526' title='bbox 2332 3197 2562 3264; x_wconf 84' lang='lat' dir='ltr'><strong><em>potestas</em></strong></span> <span class='ocrx_word' id='word_1_527' title='bbox 2598 3197 2709 3266; x_wconf 85' lang='lat' dir='ltr'><strong><em>ejus</em></strong></span> <span class='ocrx_word' id='word_1_528' title='bbox 2746 3205 2975 3267; x_wconf 74' lang='lat' dir='ltr'><strong><em>potestas</em></strong></span> <span class='ocrx_word' id='word_1_529' title='bbox 3021 3206 3220 3251; x_wconf 77' lang='lat' dir='ltr'><strong><em>(eterna</em></strong></span> <span class='ocrx_word' id='word_1_530' title='bbox 3240 3214 3260 3263; x_wconf 87' lang='lat'><em>;</em></span> <span class='ocrx_word' id='word_1_531' title='bbox 3294 3206 3343 3250; x_wconf 92' lang='lat' dir='ltr'><strong><em>et</em></strong></span> <span class='ocrx_word' id='word_1_532' title='bbox 3374 3214 3596 3268; x_wconf 88' lang='lat' dir='ltr'><strong><em>regnum</em></strong></span> 
     </span>
    </p>
   </div>
   <div class='ocr_carea' id='block_1_69' title="bbox 2008 3285 3598 3361">
    <p class='ocr_par' dir='ltr' id='par_1_69' title="bbox 2008 3285 3598 3361">
     <span class='ocr_line' id='line_1_69' title="bbox 2008 3285 3598 3361; baseline 0.004 -23"><span class='ocrx_word' id='word_1_533' title='bbox 2008 3285 2122 3354; x_wconf 88' lang='lat' dir='ltr'><strong><em>ejus</em></strong></span> <span class='ocrx_word' id='word_1_534' title='bbox 2155 3303 2374 3356; x_wconf 88' lang='lat' dir='ltr'><strong><em>regnum</em></strong></span> <span class='ocrx_word' id='word_1_535' title='bbox 2411 3301 2693 3341; x_wconf 75' lang='lat' dir='ltr'><strong><em>ceternum.</em></strong></span> <span class='ocrx_word' id='word_1_536' title='bbox 2740 3287 2957 3342; x_wconf 84' lang='lat' dir='ltr'><strong><em>Horruit</em></strong></span> <span class='ocrx_word' id='word_1_537' title='bbox 3007 3289 3226 3359; x_wconf 85' lang='lat' dir='ltr'><strong><em>spiritus</em></strong></span> <span class='ocrx_word' id='word_1_538' title='bbox 3276 3306 3456 3355; x_wconf 88' lang='lat' dir='ltr'><strong><em>meus,</em></strong></span> <span class='ocrx_word' id='word_1_539' title='bbox 3504 3307 3598 3361; x_wconf 83' lang='lat' dir='ltr'><strong><em>ego</em></strong></span> 
     </span>
    </p>
   </div>
   <div class='ocr_carea' id='block_1_70' title="bbox 2011 3375 3599 3450">
    <p class='ocr_par' dir='ltr' id='par_1_70' title="bbox 2011 3375 3599 3450">
     <span class='ocr_line' id='line_1_70' title="bbox 2011 3375 3599 3450; baseline 0.004 -22"><span class='ocrx_word' id='word_1_540' title='bbox 2011 3375 2221 3441; x_wconf 87' lang='lat' dir='ltr'><strong><em>Daniel,</em></strong></span> <span class='ocrx_word' id='word_1_541' title='bbox 2251 3377 2305 3429; x_wconf 90' lang='lat' dir='ltr'><strong><em>in</em></strong></span> <span class='ocrx_word' id='word_1_542' title='bbox 2339 3378 2518 3430; x_wconf 88' lang='lat' dir='ltr'><strong><em>habitu</em></strong></span> <span class='ocrx_word' id='word_1_543' title='bbox 2571 3394 2706 3444; x_wconf 84' lang='lat' dir='ltr'><strong><em>meo,</em></strong></span> <span class='ocrx_word' id='word_1_544' title='bbox 2745 3387 2794 3431; x_wconf 90' lang='lat' dir='ltr'><strong><em>et</em></strong></span> <span class='ocrx_word' id='word_1_545' title='bbox 2837 3380 3058 3433; x_wconf 88' lang='lat' dir='ltr'><strong><em>visiones</em></strong></span> <span class='ocrx_word' id='word_1_546' title='bbox 3103 3380 3290 3450; x_wconf 88' lang='lat' dir='ltr'><strong><em>capitis</em></strong></span> <span class='ocrx_word' id='word_1_547' title='bbox 3335 3382 3438 3434; x_wconf 89' lang='lat' dir='ltr'><strong><em>mei</em></strong></span> <span class='ocrx_word' id='word_1_548' title='bbox 3479 3399 3599 3435; x_wconf 78' lang='lat' dir='ltr'><strong><em>eon-</em></strong></span> 
     </span>
    </p>
   </div>
   <div class='ocr_carea' id='block_1_71' title="bbox 2008 3469 2559 3522">
    <p class='ocr_par' dir='ltr' id='par_1_71' title="bbox 2008 3469 2559 3522">
     <span class='ocr_line' id='line_1_71' title="bbox 2008 3469 2559 3522; baseline 0.002 -2"><span class='ocrx_word' id='word_1_549' title='bbox 2008 3469 2352 3522; x_wconf 87' lang='lat' dir='ltr'><strong><em>turbaverunt</em></strong></span> <span class='ocrx_word' id='word_1_550' title='bbox 2386 3486 2466 3522; x_wconf 91' lang='lat' dir='ltr'><strong><em>me</em></strong></span> <span class='ocrx_word' id='word_1_551' title='bbox 2493 3470 2559 3521; x_wconf 76' lang='lat'><strong><em>“.</em></strong></span> 
     </span>
    </p>
   </div>
   <div class='ocr_carea' id='block_1_72' title="bbox 330 3557 3585 3636">
    <p class='ocr_par' dir='ltr' id='par_1_72' title="bbox 330 3557 3585 3636">
     <span class='ocr_line' id='line_1_72' title="bbox 330 3557 3585 3636; baseline -0.001 -16"><span class='ocrx_word' id='word_1_552' title='bbox 330 3568 426 3620; x_wconf 79' lang='grc' dir='ltr'><em>καὶ</em></span> <span class='ocrx_word' id='word_1_553' title='bbox 453 3565 703 3622; x_wconf 80' lang='grc' dir='ltr'><em>ἐνώπιον</em></span> <span class='ocrx_word' id='word_1_554' title='bbox 737 3569 923 3623; x_wconf 86' lang='grc' dir='ltr'><em>αὐτοῦ</em></span> <span class='ocrx_word' id='word_1_555' title='bbox 972 3564 1364 3636; x_wconf 84' lang='grc' dir='ltr'><em>προσηνέχθη</em></span> <span class='ocrx_word' id='word_1_556' title='bbox 1408 3561 1598 3628; x_wconf 81' lang='grc' dir='ltr'><em>αὐτῷ·</em></span> <span class='ocrx_word' id='word_1_557' title='bbox 1638 3561 1737 3615; x_wconf 69' lang='grc' dir='ltr'><em>καὶ</em></span> <span class='ocrx_word' id='word_1_558' title='bbox 1773 3557 1934 3625; x_wconf 84' lang='grc' dir='ltr'><em>αὐτῷ</em></span> <span class='ocrx_word' id='word_1_559' title='bbox 1969 3559 2146 3627; x_wconf 78' lang='grc' dir='ltr'><em>ἐδόθη</em></span> <span class='ocrx_word' id='word_1_560' title='bbox 2203 3561 2242 3626; x_wconf 80' lang='grc' dir='ltr'>ἡ</span> <span class='ocrx_word' id='word_1_561' title='bbox 2287 3561 2444 3630; x_wconf 82' lang='grc' dir='ltr'><strong><em>ἀρχὴ</em></strong></span> <span class='ocrx_word' id='word_1_562' title='bbox 2490 3561 2587 3614; x_wconf 75' lang='grc' dir='ltr'><em>καὶ</em></span> <span class='ocrx_word' id='word_1_563' title='bbox 2640 3563 2679 3629; x_wconf 73' lang='grc' dir='ltr'><em>ἠ</em></span> <span class='ocrx_word' id='word_1_564' title='bbox 2728 3562 2864 3630; x_wconf 81' lang='grc' dir='ltr'><em>τιμὴ</em></span> <span class='ocrx_word' id='word_1_565' title='bbox 2908 3563 3005 3616; x_wconf 83' lang='grc' dir='ltr'><em>καὶ</em></span> <span class='ocrx_word' id='word_1_566' title='bbox 3053 3563 3090 3630; x_wconf 78' lang='grc' dir='ltr'><strong><em>ή</em></strong></span> <span class='ocrx_word' id='word_1_567' title='bbox 3127 3563 3440 3626; x_wconf 76' lang='grc' dir='ltr'><em>βασιλεία.</em></span> <span class='ocrx_word' id='word_1_568' title='bbox 3474 3564 3585 3618; x_wconf 81' lang='grc' dir='ltr'><strong><em>Καὶ</em></strong></span> 
     </span>
    </p>
   </div>
   <div class='ocr_carea' id='block_1_73' title="bbox 338 3651 3592 3728">
    <p class='ocr_par' dir='ltr' id='par_1_73' title="bbox 338 3651 3592 3728">
     <span class='ocr_line' id='line_1_73' title="bbox 338 3651 3592 3728; baseline -0.001 -18"><span class='ocrx_word' id='word_1_569' title='bbox 338 3657 552 3724; x_wconf 85' lang='grc' dir='ltr'><em>πάντες</em></span> <span class='ocrx_word' id='word_1_570' title='bbox 577 3662 631 3712; x_wconf 82' lang='grc' dir='ltr'><strong><em>οι</em></strong></span> <span class='ocrx_word' id='word_1_571' title='bbox 657 3659 812 3724; x_wconf 79' lang='grc' dir='ltr'><em>λαοὶ,</em></span> <span class='ocrx_word' id='word_1_572' title='bbox 869 3659 1077 3728; x_wconf 71' lang='grc' dir='ltr'><em>φυλαὶ,</em></span> <span class='ocrx_word' id='word_1_573' title='bbox 1127 3655 1400 3726; x_wconf 72' lang='grc' dir='ltr'><em>γλῶσσαι</em></span> <span class='ocrx_word' id='word_1_574' title='bbox 1451 3654 1612 3720; x_wconf 85' lang='grc' dir='ltr'><strong><em>αὺτῷ</em></strong></span> <span class='ocrx_word' id='word_1_575' title='bbox 1686 3651 2142 3709; x_wconf 78' lang='grc' dir='ltr'><em>δουλεύσουσιο</em></span> <span class='ocrx_word' id='word_1_576' title='bbox 2178 3651 2274 3704; x_wconf 80' lang='grc' dir='ltr'><em>καὶ</em></span> <span class='ocrx_word' id='word_1_577' title='bbox 2339 3654 2377 3720; x_wconf 75' lang='grc' dir='ltr'><em>ἠ</em></span> <span class='ocrx_word' id='word_1_578' title='bbox 2443 3653 2697 3716; x_wconf 80' lang='grc' dir='ltr'><em>ἐξουσία</em></span> <span class='ocrx_word' id='word_1_579' title='bbox 2763 3654 2971 3716; x_wconf 75' lang='grc' dir='ltr'><em>αὑτοῦ,</em></span> <span class='ocrx_word' id='word_1_580' title='bbox 3013 3653 3266 3716; x_wconf 77' lang='grc' dir='ltr'><em>ἐξουσιά</em></span> <span class='ocrx_word' id='word_1_581' title='bbox 3317 3653 3592 3720; x_wconf 72' lang='grc' dir='ltr'><em>αἰώνιος·</em></span> 
     </span>
    </p>
   </div>
   <div class='ocr_carea' id='block_1_74' title="bbox 341 3745 3593 3820">
    <p class='ocr_par' dir='ltr' id='par_1_74' title="bbox 341 3745 3593 3820">
     <span class='ocr_line' id='line_1_74' title="bbox 341 3745 3593 3820; baseline -0.002 -13"><span class='ocrx_word' id='word_1_582' title='bbox 341 3751 436 3807; x_wconf 74' lang='grc' dir='ltr'><em>καὶ</em></span> <span class='ocrx_word' id='word_1_583' title='bbox 462 3754 791 3820; x_wconf 72' lang='grc' dir='ltr'><em>ήβασιλεία</em></span> <span class='ocrx_word' id='word_1_584' title='bbox 817 3755 1026 3819; x_wconf 82' lang='grc' dir='ltr'><em>αὑτοῦ,</em></span> <span class='ocrx_word' id='word_1_585' title='bbox 1045 3753 1338 3818; x_wconf 84' lang='grc' dir='ltr'><em>,βασιλεία</em></span> <span class='ocrx_word' id='word_1_586' title='bbox 1380 3750 1636 3816; x_wconf 73' lang='grc' dir='ltr'><em>αἰώνιος.</em></span> <span class='ocrx_word' id='word_1_587' title='bbox 1679 3745 1928 3817; x_wconf 70' lang='grc' dir='ltr'><em>Ἐφριξε</em></span> <span class='ocrx_word' id='word_1_588' title='bbox 1964 3747 2030 3800; x_wconf 91' lang='grc' dir='ltr'><strong><em>τὸ</em></strong></span> <span class='ocrx_word' id='word_1_589' title='bbox 2057 3745 2293 3815; x_wconf 85' lang='grc' dir='ltr'><em>πνεῦμά</em></span> <span class='ocrx_word' id='word_1_590' title='bbox 2317 3764 2468 3816; x_wconf 82' lang='grc' dir='ltr'><em>μου,</em></span> <span class='ocrx_word' id='word_1_591' title='bbox 2495 3747 2610 3818; x_wconf 76' lang='grc' dir='ltr'><strong><em>ἐγὼ</em></strong></span> <span class='ocrx_word' id='word_1_592' title='bbox 2655 3747 2903 3816; x_wconf 81' lang='grc' dir='ltr'><em>Δανιὴλ,</em></span> <span class='ocrx_word' id='word_1_593' title='bbox 2943 3747 3013 3800; x_wconf 87' lang='grc' dir='ltr'><strong><em>ἐν</em></strong></span> <span class='ocrx_word' id='word_1_594' title='bbox 3050 3747 3126 3817; x_wconf 76' lang='grc' dir='ltr'><em>τῇ</em></span> <span class='ocrx_word' id='word_1_595' title='bbox 3155 3747 3277 3812; x_wconf 81' lang='grc' dir='ltr'><em>ἔξει</em></span> <span class='ocrx_word' id='word_1_596' title='bbox 3299 3766 3441 3818; x_wconf 81' lang='grc' dir='ltr'><em>μου,</em></span> <span class='ocrx_word' id='word_1_597' title='bbox 3495 3747 3593 3802; x_wconf 77' lang='grc' dir='ltr'><em>καὶ</em></span> 
     </span>
    </p>
   </div>
   <div class='ocr_carea' id='block_1_75' title="bbox 334 3843 1837 3920">
    <p class='ocr_par' dir='ltr' id='par_1_75' title="bbox 334 3843 1837 3920">
     <span class='ocr_line' id='line_1_75' title="bbox 334 3843 1837 3920; baseline -0.005 -18"><span class='ocrx_word' id='word_1_598' title='bbox 334 3849 396 3902; x_wconf 80' lang='grc' dir='ltr'><strong><em>αἱ</em></strong></span> <span class='ocrx_word' id='word_1_599' title='bbox 421 3847 654 3916; x_wconf 69' lang='grc' dir='ltr'><em>ὁράσεις</em></span> <span class='ocrx_word' id='word_1_600' title='bbox 681 3850 791 3920; x_wconf 85' lang='grc' dir='ltr'><em>τῆς</em></span> <span class='ocrx_word' id='word_1_601' title='bbox 822 3847 1092 3918; x_wconf 60' lang='grc' dir='ltr'><em>κεφαλῆς</em></span> <span class='ocrx_word' id='word_1_602' title='bbox 1107 3866 1227 3918; x_wconf 87' lang='grc' dir='ltr'><strong><em>μου</em></strong></span> <span class='ocrx_word' id='word_1_603' title='bbox 1254 3843 1722 3912; x_wconf 83' lang='grc' dir='ltr'><em>συνετάρασσόν</em></span> <span class='ocrx_word' id='word_1_604' title='bbox 1740 3859 1837 3912; x_wconf 89' lang='grc' dir='ltr'><em>με.</em></span> 
     </span>
    </p>
   </div>
   <div class='ocr_carea' id='block_1_76' title="bbox 399 3933 1895 4012">
    <p class='ocr_par' dir='ltr' id='par_1_76' title="bbox 399 3933 1895 4012">
     <span class='ocr_line' id='line_1_76' title="bbox 399 3933 1895 4012; baseline -0.007 -18"><span class='ocrx_word' id='word_1_605' title='bbox 399 3948 502 4012; x_wconf 82' lang='grc' dir='ltr'><em>κη’.</em></span> <span class='ocrx_word' id='word_1_606' title='bbox 541 3941 636 4004; x_wconf 84' lang='grc' dir='ltr'><em>Τίς</em></span> <span class='ocrx_word' id='word_1_607' title='bbox 665 3942 722 3994; x_wconf 81' lang='grc' dir='ltr'><strong><em>δὲ</em></strong></span> <span class='ocrx_word' id='word_1_608' title='bbox 753 3941 844 3994; x_wconf 81' lang='grc' dir='ltr'><strong><em>τοῦ</em></strong></span> <span class='ocrx_word' id='word_1_609' title='bbox 878 3941 1041 3994; x_wconf 70' lang='grc' dir='ltr'><strong><em>Δαὸὶδ</em></strong></span> <span class='ocrx_word' id='word_1_610' title='bbox 1080 3941 1294 3993; x_wconf 81' lang='grc' dir='ltr'><em>ἁκούων</em></span> <span class='ocrx_word' id='word_1_611' title='bbox 1327 3937 1388 3990; x_wconf 81' lang='grc' dir='ltr'><em>οὐ</em></span> <span class='ocrx_word' id='word_1_612' title='bbox 1417 3935 1683 4006; x_wconf 79' lang='grc' dir='ltr'><em>φοϐεῖται,</em></span> <span class='ocrx_word' id='word_1_613' title='bbox 1716 3933 1895 4001; x_wconf 81' lang='grc' dir='ltr'><em>λέγον-</em></span> 
     </span>
    </p>
   </div>
   <div class='ocr_carea' id='block_1_77' title="bbox 326 4027 1900 4100">
    <p class='ocr_par' dir='ltr' id='par_1_77' title="bbox 326 4027 1900 4100">
     <span class='ocr_line' id='line_1_77' title="bbox 326 4027 1900 4100; baseline -0.006 -12"><span class='ocrx_word' id='word_1_614' title='bbox 326 4051 414 4099; x_wconf 82' lang='grc' dir='ltr'><strong><em>τος</em></strong></span> <span class='ocrx_word' id='word_1_615' title='bbox 438 4053 450 4064; x_wconf 90' lang='grc'><strong>·</strong></span> <span class='ocrx_word' id='word_1_616' title='bbox 485 4035 674 4099; x_wconf 81' lang='grc' dir='ltr'><em>Ἀπαξ</em></span> <span class='ocrx_word' id='word_1_617' title='bbox 705 4034 1014 4100; x_wconf 83' lang='grc' dir='ltr'><em>ἐλάλησεν</em></span> <span class='ocrx_word' id='word_1_618' title='bbox 1043 4037 1074 4088; x_wconf 88' lang='lat' dir='ltr'><strong><em>o&#39;</em></strong></span> <span class='ocrx_word' id='word_1_619' title='bbox 1103 4032 1269 4097; x_wconf 83' lang='grc' dir='ltr'><em>Θεὸς,</em></span> <span class='ocrx_word' id='word_1_620' title='bbox 1294 4031 1402 4084; x_wconf 79' lang='grc' dir='ltr'><strong><em>δύο</em></strong></span> <span class='ocrx_word' id='word_1_621' title='bbox 1437 4029 1622 4083; x_wconf 85' lang='grc' dir='ltr'><em>ταῦτα</em></span> <span class='ocrx_word' id='word_1_622' title='bbox 1643 4027 1900 4095; x_wconf 80' lang='grc' dir='ltr'><em>ἤκουσα,</em></span> 
     </span>
    </p>
   </div>
   <div class='ocr_carea' id='block_1_78' title="bbox 324 4117 1898 4192">
    <p class='ocr_par' dir='ltr' id='par_1_78' title="bbox 324 4117 1898 4192">
     <span class='ocr_line' id='line_1_78' title="bbox 324 4117 1898 4192; baseline -0.005 -16"><span class='ocrx_word' id='word_1_623' title='bbox 324 4123 412 4178; x_wconf 86' lang='grc' dir='ltr'><em>ὅτι</em></span> <span class='ocrx_word' id='word_1_624' title='bbox 440 4125 506 4179; x_wconf 87' lang='grc' dir='ltr'><strong><em>τὸ</em></strong></span> <span class='ocrx_word' id='word_1_625' title='bbox 538 4123 756 4192; x_wconf 87' lang='grc' dir='ltr'><em>κράτος</em></span> <span class='ocrx_word' id='word_1_626' title='bbox 781 4124 887 4177; x_wconf 84' lang='grc' dir='ltr'><strong><em>τοῦ</em></strong></span> <span class='ocrx_word' id='word_1_627' title='bbox 923 4124 1092 4184; x_wconf 79' lang='grc' dir='ltr'><em>Θεοῦ,</em></span> <span class='ocrx_word' id='word_1_628' title='bbox 1112 4122 1208 4176; x_wconf 73' lang='grc' dir='ltr'><em>καὶ</em></span> <span class='ocrx_word' id='word_1_629' title='bbox 1233 4121 1371 4184; x_wconf 86' lang='grc' dir='ltr'><em>σοῦ,</em></span> <span class='ocrx_word' id='word_1_630' title='bbox 1399 4120 1598 4186; x_wconf 84' lang='grc' dir='ltr'><em>Κύριε,</em></span> <span class='ocrx_word' id='word_1_631' title='bbox 1617 4117 1681 4170; x_wconf 87' lang='grc' dir='ltr'><strong><em>τὸ</em></strong></span> <span class='ocrx_word' id='word_1_632' title='bbox 1703 4117 1898 4180; x_wconf 65' lang='grc' dir='ltr'><em>ἕλεος*</em></span> 
     </span>
    </p>
   </div>
   <div class='ocr_carea' id='block_1_79' title="bbox 321 4207 1898 4282">
    <p class='ocr_par' dir='ltr' id='par_1_79' title="bbox 321 4207 1898 4282">
     <span class='ocr_line' id='line_1_79' title="bbox 321 4207 1898 4282; baseline -0.005 -13"><span class='ocrx_word' id='word_1_633' title='bbox 321 4215 410 4270; x_wconf 83' lang='grc' dir='ltr'><em>ὅτι</em></span> <span class='ocrx_word' id='word_1_634' title='bbox 439 4217 521 4271; x_wconf 85' lang='grc' dir='ltr'><em>σὺ</em></span> <span class='ocrx_word' id='word_1_635' title='bbox 551 4216 886 4282; x_wconf 77' lang='grc' dir='ltr'><em>ἀποδώσεις</em></span> <span class='ocrx_word' id='word_1_636' title='bbox 936 4214 1172 4278; x_wconf 77' lang='grc' dir='ltr'><em>ἑκάστῳ</em></span> <span class='ocrx_word' id='word_1_637' title='bbox 1194 4213 1344 4267; x_wconf 81' lang='grc' dir='ltr'><em>κατὰ</em></span> <span class='ocrx_word' id='word_1_638' title='bbox 1392 4211 1463 4265; x_wconf 84' lang='grc' dir='ltr'><em>τὰ</em></span> <span class='ocrx_word' id='word_1_639' title='bbox 1512 4211 1655 4279; x_wconf 75' lang='grc' dir='ltr'><em>ἔργα</em></span> <span class='ocrx_word' id='word_1_640' title='bbox 1692 4207 1898 4263; x_wconf 80' lang='grc' dir='ltr'><em>αὐτοῦ.</em></span> 
     </span>
    </p>
   </div>
   <div class='ocr_carea' id='block_1_80' title="bbox 319 4298 1905 4374">
    <p class='ocr_par' dir='ltr' id='par_1_80' title="bbox 319 4298 1905 4374">
     <span class='ocr_line' id='line_1_80' title="bbox 319 4298 1905 4374; baseline -0.005 -15"><span class='ocrx_word' id='word_1_641' title='bbox 319 4307 431 4360; x_wconf 77' lang='grc' dir='ltr'><strong><em>Καὶ</em></strong></span> <span class='ocrx_word' id='word_1_642' title='bbox 491 4308 656 4362; x_wconf 84' lang='grc' dir='ltr'><em>πάλιν</em></span> <span class='ocrx_word' id='word_1_643' title='bbox 736 4307 831 4360; x_wconf 82' lang='grc' dir='ltr'><strong><em>τοῦ</em></strong></span> <span class='ocrx_word' id='word_1_644' title='bbox 906 4303 1336 4374; x_wconf 82' lang='grc' dir='ltr'><em>Ἐκκλησιαστοῦ</em></span> <span class='ocrx_word' id='word_1_645' title='bbox 1396 4301 1675 4370; x_wconf 77' lang='grc' dir='ltr'><em>λέγοντος¹</em></span> <span class='ocrx_word' id='word_1_646' title='bbox 1727 4298 1905 4364; x_wconf 85' lang='grc' dir='ltr'><em>Τέλος</em></span> 
     </span>
    </p>
   </div>
   <div class='ocr_carea' id='block_1_81' title="bbox 315 4388 1905 4467">
    <p class='ocr_par' dir='ltr' id='par_1_81' title="bbox 315 4388 1905 4467">
     <span class='ocr_line' id='line_1_81' title="bbox 315 4388 1905 4467; baseline -0.007 -15"><span class='ocrx_word' id='word_1_647' title='bbox 315 4400 532 4467; x_wconf 71' lang='grc' dir='ltr'><em>λόγου,</em></span> <span class='ocrx_word' id='word_1_648' title='bbox 594 4398 661 4452; x_wconf 88' lang='grc' dir='ltr'><strong><em>τὸ</em></strong></span> <span class='ocrx_word' id='word_1_649' title='bbox 693 4398 816 4452; x_wconf 85' lang='grc' dir='ltr'><strong><em>πᾶν</em></strong></span> <span class='ocrx_word' id='word_1_650' title='bbox 844 4395 1058 4450; x_wconf 76' lang='grc' dir='ltr'><em>ἄκουεο</em></span> <span class='ocrx_word' id='word_1_651' title='bbox 1102 4395 1208 4448; x_wconf 90' lang='grc' dir='ltr'><strong><em>τὸν</em></strong></span> <span class='ocrx_word' id='word_1_652' title='bbox 1249 4391 1625 4461; x_wconf 70' lang='grc' dir='ltr'><em>Θεὸνφοϐοῦ,</em></span> <span class='ocrx_word' id='word_1_653' title='bbox 1670 4389 1769 4443; x_wconf 76' lang='grc' dir='ltr'><em>καὶ</em></span> <span class='ocrx_word' id='word_1_654' title='bbox 1798 4388 1905 4452; x_wconf 87' lang='grc' dir='ltr'><strong><em>τὰς</em></strong></span> 
     </span>
    </p>
   </div>
   <div class='ocr_carea' id='block_1_82' title="bbox 2081 3931 3595 3999">
    <p class='ocr_par' dir='ltr' id='par_1_82' title="bbox 2081 3931 3595 3999">
     <span class='ocr_line' id='line_1_82' title="bbox 2081 3931 3595 3999; baseline -0.001 -12"><span class='ocrx_word' id='word_1_655' title='bbox 2081 3932 2169 3987; x_wconf 74' lang='grc'><strong><em>28.</em></strong></span> <span class='ocrx_word' id='word_1_656' title='bbox 2210 3931 2344 3999; x_wconf 85' lang='lat' dir='ltr'><strong><em>Quis</em></strong></span> <span class='ocrx_word' id='word_1_657' title='bbox 2369 3947 2503 3987; x_wconf 80' lang='lat' dir='ltr'><strong><em>vero</em></strong></span> <span class='ocrx_word' id='word_1_658' title='bbox 2532 3932 2792 3986; x_wconf 79' lang='lat' dir='ltr'><strong><em>Davidem</em></strong></span> <span class='ocrx_word' id='word_1_659' title='bbox 2829 3932 3062 3987; x_wconf 82' lang='lat' dir='ltr'><strong><em>audiens</em></strong></span> <span class='ocrx_word' id='word_1_660' title='bbox 3091 3948 3197 3986; x_wconf 90' lang='lat' dir='ltr'><strong><em>non</em></strong></span> <span class='ocrx_word' id='word_1_661' title='bbox 3226 3931 3431 3996; x_wconf 86' lang='lat' dir='ltr'><strong><em>timeat,</em></strong></span> <span class='ocrx_word' id='word_1_662' title='bbox 3463 3931 3595 3986; x_wconf 90' lang='lat' dir='ltr'><strong><em>dum</em></strong></span> 
     </span>
    </p>
   </div>
   <div class='ocr_carea' id='block_1_83' title="bbox 2009 4022 3595 4094">
    <p class='ocr_par' dir='ltr' id='par_1_83' title="bbox 2009 4022 3595 4094">
     <span class='ocr_line' id='line_1_83' title="bbox 2009 4022 3595 4094; baseline 0 -16"><span class='ocrx_word' id='word_1_663' title='bbox 2009 4025 2087 4079; x_wconf 85' lang='lat' dir='ltr'><strong><em>ait</em></strong></span> <span class='ocrx_word' id='word_1_664' title='bbox 2125 4043 2138 4078; x_wconf 90' lang='lat'>:</span> <span class='ocrx_word' id='word_1_665' title='bbox 2169 4022 2343 4078; x_wconf 87' lang='lat' dir='ltr'><strong><em>Semel</em></strong></span> <span class='ocrx_word' id='word_1_666' title='bbox 2383 4023 2585 4077; x_wconf 87' lang='lat' dir='ltr'><strong><em>locutus</em></strong></span> <span class='ocrx_word' id='word_1_667' title='bbox 2615 4032 2691 4077; x_wconf 85' lang='lat' dir='ltr'><strong><em>est</em></strong></span> <span class='ocrx_word' id='word_1_668' title='bbox 2727 4024 2888 4088; x_wconf 90' lang='lat' dir='ltr'><strong><em>Deus,</em></strong></span> <span class='ocrx_word' id='word_1_669' title='bbox 2923 4025 3024 4078; x_wconf 88' lang='lat' dir='ltr'><strong><em>duo</em></strong></span> <span class='ocrx_word' id='word_1_670' title='bbox 3065 4026 3173 4079; x_wconf 64' lang='lat' dir='ltr'><strong><em>hare</em></strong></span> <span class='ocrx_word' id='word_1_671' title='bbox 3214 4025 3390 4077; x_wconf 84' lang='lat' dir='ltr'><strong><em>audivi</em></strong></span> <span class='ocrx_word' id='word_1_672' title='bbox 3419 4042 3436 4078; x_wconf 89' lang='grc'><strong><em>.·</em></strong></span> <span class='ocrx_word' id='word_1_673' title='bbox 3469 4026 3595 4094; x_wconf 82' lang='lat' dir='ltr'><strong><em>quia</em></strong></span> 
     </span>
    </p>
   </div>
   <div class='ocr_carea' id='block_1_84' title="bbox 2008 4116 3594 4188">
    <p class='ocr_par' dir='ltr' id='par_1_84' title="bbox 2008 4116 3594 4188">
     <span class='ocr_line' id='line_1_84' title="bbox 2008 4116 3594 4188; baseline 0.002 -19"><span class='ocrx_word' id='word_1_674' title='bbox 2008 4125 2239 4187; x_wconf 87' lang='lat' dir='ltr'><strong><em>potestas</em></strong></span> <span class='ocrx_word' id='word_1_675' title='bbox 2269 4116 2365 4169; x_wconf 89' lang='lat' dir='ltr'><strong><em>Dei</em></strong></span> <span class='ocrx_word' id='word_1_676' title='bbox 2397 4123 2493 4179; x_wconf 88' lang='lat' dir='ltr'><strong><em>est,</em></strong></span> <span class='ocrx_word' id='word_1_677' title='bbox 2536 4125 2585 4168; x_wconf 89' lang='lat' dir='ltr'><strong><em>et</em></strong></span> <span class='ocrx_word' id='word_1_678' title='bbox 2630 4124 2743 4182; x_wconf 90' lang='lat' dir='ltr'><strong><em>tua,</em></strong></span> <span class='ocrx_word' id='word_1_679' title='bbox 2772 4117 3015 4180; x_wconf 89' lang='lat' dir='ltr'><strong><em>Domine,</em></strong></span> <span class='ocrx_word' id='word_1_680' title='bbox 3042 4118 3431 4182; x_wconf 82' lang='lat' dir='ltr'><strong><em>misericordia;</em></strong></span> <span class='ocrx_word' id='word_1_681' title='bbox 3468 4122 3594 4188; x_wconf 84' lang='lat' dir='ltr'><strong><em>quia</em></strong></span> 
     </span>
    </p>
   </div>
   <div class='ocr_carea' id='block_1_85' title="bbox 2008 4208 3598 4278">
    <p class='ocr_par' dir='ltr' id='par_1_85' title="bbox 2008 4208 3598 4278">
     <span class='ocr_line' id='line_1_85' title="bbox 2008 4208 3598 4278; baseline 0.001 -16"><span class='ocrx_word' id='word_1_682' title='bbox 2008 4218 2064 4262; x_wconf 87' lang='lat' dir='ltr'><strong><em>tu</em></strong></span> <span class='ocrx_word' id='word_1_683' title='bbox 2104 4208 2286 4261; x_wconf 91' lang='lat' dir='ltr'><strong><em>reddes</em></strong></span> <span class='ocrx_word' id='word_1_684' title='bbox 2327 4209 2606 4278; x_wconf 84' lang='lat' dir='ltr'><strong><em>unicuique</em></strong></span> <span class='ocrx_word' id='word_1_685' title='bbox 2636 4208 2798 4278; x_wconf 69' lang='lat' dir='ltr'><strong><em>juxta</em></strong></span> <span class='ocrx_word' id='word_1_686' title='bbox 2837 4225 2996 4277; x_wconf 90' lang='lat' dir='ltr'><strong><em>opera</em></strong></span> <span class='ocrx_word' id='word_1_687' title='bbox 3033 4225 3129 4260; x_wconf 86' lang='lat' dir='ltr'><strong><em>sua</em></strong></span> <span class='ocrx_word' id='word_1_688' title='bbox 3163 4209 3226 4261; x_wconf 73' lang='grc'><strong><em>⁸⁵.</em></strong></span> <span class='ocrx_word' id='word_1_689' title='bbox 3275 4209 3598 4278; x_wconf 77' lang='lat' dir='ltr'><strong><em>Rursusque</em></strong></span> 
     </span>
    </p>
   </div>
   <div class='ocr_carea' id='block_1_86' title="bbox 2008 4297 3596 4361">
    <p class='ocr_par' dir='ltr' id='par_1_86' title="bbox 2008 4297 3596 4361">
     <span class='ocr_line' id='line_1_86' title="bbox 2008 4297 3596 4361; baseline 0.001 -9"><span class='ocrx_word' id='word_1_690' title='bbox 2008 4298 2395 4352; x_wconf 83' lang='lat' dir='ltr'><strong><em>Ecclesiastem</em></strong></span> <span class='ocrx_word' id='word_1_691' title='bbox 2437 4315 2450 4350; x_wconf 92' lang='lat'><strong>:</strong></span> <span class='ocrx_word' id='word_1_692' title='bbox 2486 4297 2627 4350; x_wconf 83' lang='lat' dir='ltr'><strong><em>Finis</em></strong></span> <span class='ocrx_word' id='word_1_693' title='bbox 2674 4299 2951 4361; x_wconf 85' lang='lat' dir='ltr'><strong><em>sermonis,</em></strong></span> <span class='ocrx_word' id='word_1_694' title='bbox 2999 4306 3167 4351; x_wconf 89' lang='lat' dir='ltr'><strong><em>totum</em></strong></span> <span class='ocrx_word' id='word_1_695' title='bbox 3219 4298 3392 4352; x_wconf 82' lang='lat' dir='ltr'><strong><em>audi:</em></strong></span> <span class='ocrx_word' id='word_1_696' title='bbox 3429 4300 3596 4354; x_wconf 81' lang='lat' dir='ltr'><strong><em>Deum</em></strong></span> 
     </span>
    </p>
   </div>
   <div class='ocr_carea' id='block_1_87' title="bbox 2007 4389 3596 4460">
    <p class='ocr_par' dir='ltr' id='par_1_87' title="bbox 2007 4389 3596 4460">
     <span class='ocr_line' id='line_1_87' title="bbox 2007 4389 3596 4460; baseline 0.003 -19"><span class='ocrx_word' id='word_1_697' title='bbox 2007 4391 2154 4453; x_wconf 88' lang='lat' dir='ltr'><strong><em>time,</em></strong></span> <span class='ocrx_word' id='word_1_698' title='bbox 2193 4397 2241 4442; x_wconf 90' lang='lat' dir='ltr'><strong><em>et</em></strong></span> <span class='ocrx_word' id='word_1_699' title='bbox 2288 4389 2546 4443; x_wconf 87' lang='lat' dir='ltr'><strong><em>mandata</em></strong></span> <span class='ocrx_word' id='word_1_700' title='bbox 2594 4391 2706 4460; x_wconf 89' lang='lat' dir='ltr'><strong><em>ejus</em></strong></span> <span class='ocrx_word' id='word_1_701' title='bbox 2750 4390 2987 4455; x_wconf 87' lang='lat' dir='ltr'><strong><em>custodi;</em></strong></span> <span class='ocrx_word' id='word_1_702' title='bbox 3031 4391 3125 4443; x_wconf 85' lang='lat' dir='ltr'><strong><em>hoc</em></strong></span> <span class='ocrx_word' id='word_1_703' title='bbox 3165 4392 3299 4443; x_wconf 87' lang='lat' dir='ltr'><strong><em>enim</em></strong></span> <span class='ocrx_word' id='word_1_704' title='bbox 3346 4401 3418 4444; x_wconf 87' lang='lat' dir='ltr'><strong><em>est</em></strong></span> <span class='ocrx_word' id='word_1_705' title='bbox 3460 4401 3596 4445; x_wconf 84' lang='lat' dir='ltr'><strong><em>totus</em></strong></span> 
     </span>
    </p>
   </div>
   <div class='ocr_carea' id='block_1_88' title="bbox 315 4461 1900 4559">
    <p class='ocr_par' dir='ltr' id='par_1_88' title="bbox 315 4461 1900 4559">
     <span class='ocr_line' id='line_1_88' title="bbox 315 4461 1900 4559; baseline -0.006 -15"><span class='ocrx_word' id='word_1_706' title='bbox 315 4461 576 4557; x_wconf 79' lang='grc' dir='ltr'><em>ἐντολὰς</em></span> <span class='ocrx_word' id='word_1_707' title='bbox 598 4491 784 4547; x_wconf 85' lang='grc' dir='ltr'><em>αὑτοῦ</em></span> <span class='ocrx_word' id='word_1_708' title='bbox 801 4491 1107 4559; x_wconf 72' lang='grc' dir='ltr'><em>φύλασσε,</em></span> <span class='ocrx_word' id='word_1_709' title='bbox 1127 4487 1215 4540; x_wconf 79' lang='grc' dir='ltr'><em>ὅτι</em></span> <span class='ocrx_word' id='word_1_710' title='bbox 1235 4486 1410 4540; x_wconf 85' lang='grc' dir='ltr'><em>τοῦτο</em></span> <span class='ocrx_word' id='word_1_711' title='bbox 1429 4483 1548 4549; x_wconf 80' lang='grc' dir='ltr'><em>πᾶς</em></span> <span class='ocrx_word' id='word_1_712' title='bbox 1577 4483 1900 4550; x_wconf 79' lang='grc' dir='ltr'><em>ἅνθρωπος·</em></span> 
     </span>
    </p>
   </div>
   <div class='ocr_carea' id='block_1_89' title="bbox 2002 4461 3595 4559">
    <p class='ocr_par' dir='ltr' id='par_1_89' title="bbox 2012 4482 3595 4552">
     <span class='ocr_line' id='line_1_89' title="bbox 2012 4482 3595 4552; baseline 0.001 -18"><span class='ocrx_word' id='word_1_713' title='bbox 2012 4483 2206 4535; x_wconf 84' lang='lat' dir='ltr'><strong><em>homo:</em></strong></span> <span class='ocrx_word' id='word_1_714' title='bbox 2237 4482 2361 4551; x_wconf 87' lang='lat' dir='ltr'><strong><em>quia</em></strong></span> <span class='ocrx_word' id='word_1_715' title='bbox 2393 4499 2546 4535; x_wconf 88' lang='lat' dir='ltr'><strong><em>omne</em></strong></span> <span class='ocrx_word' id='word_1_716' title='bbox 2589 4482 2786 4552; x_wconf 87' lang='lat' dir='ltr'><strong><em>factum</em></strong></span> <span class='ocrx_word' id='word_1_717' title='bbox 2819 4482 3040 4536; x_wconf 89' lang='lat' dir='ltr'><strong><em>adducet</em></strong></span> <span class='ocrx_word' id='word_1_718' title='bbox 3071 4482 3210 4535; x_wconf 76' lang='lat' dir='ltr'><strong><em>Deus</em></strong></span> <span class='ocrx_word' id='word_1_719' title='bbox 3238 4484 3290 4535; x_wconf 89' lang='lat' dir='ltr'><strong><em>in</em></strong></span> <span class='ocrx_word' id='word_1_720' title='bbox 3310 4484 3595 4552; x_wconf 87' lang='lat' dir='ltr'><strong><em>judicium,</em></strong></span> 
     </span>
    </p>
   </div>
   <div class='ocr_carea' id='block_1_90' title="bbox 313 4575 1911 4652">
    <p class='ocr_par' dir='ltr' id='par_1_90' title="bbox 313 4575 1911 4652">
     <span class='ocr_line' id='line_1_90' title="bbox 313 4575 1911 4652; baseline -0.006 -16"><span class='ocrx_word' id='word_1_721' title='bbox 313 4582 403 4636; x_wconf 82' lang='grc' dir='ltr'><em>ὅτι</em></span> <span class='ocrx_word' id='word_1_722' title='bbox 435 4587 694 4652; x_wconf 84' lang='grc' dir='ltr'><em>σύμπαν</em></span> <span class='ocrx_word' id='word_1_723' title='bbox 720 4584 784 4636; x_wconf 89' lang='grc' dir='ltr'><strong><em>τὸ</em></strong></span> <span class='ocrx_word' id='word_1_724' title='bbox 828 4582 1055 4650; x_wconf 88' lang='grc' dir='ltr'><em>ποίημα</em></span> <span class='ocrx_word' id='word_1_725' title='bbox 1094 4579 1222 4644; x_wconf 75' lang='grc' dir='ltr'><em>ἄξει</em></span> <span class='ocrx_word' id='word_1_726' title='bbox 1263 4582 1293 4632; x_wconf 86' lang='grc' dir='ltr'><strong><em>ό</em></strong></span> <span class='ocrx_word' id='word_1_727' title='bbox 1333 4578 1476 4643; x_wconf 86' lang='grc' dir='ltr'><em>Θεὸς</em></span> <span class='ocrx_word' id='word_1_728' title='bbox 1514 4577 1582 4630; x_wconf 82' lang='grc' dir='ltr'><strong><em>ἐν</em></strong></span> <span class='ocrx_word' id='word_1_729' title='bbox 1615 4576 1810 4642; x_wconf 89' lang='grc' dir='ltr'><em>κρίσει</em></span> <span class='ocrx_word' id='word_1_730' title='bbox 1841 4575 1911 4628; x_wconf 85' lang='grc' dir='ltr'><em>ἑν</em></span> 
     </span>
    </p>
   </div>
   <div class='ocr_carea' id='block_1_91' title="bbox 312 4668 1909 4743">
    <p class='ocr_par' dir='ltr' id='par_1_91' title="bbox 312 4668 1909 4743">
     <span class='ocr_line' id='line_1_91' title="bbox 312 4668 1909 4743; baseline -0.004 -17"><span class='ocrx_word' id='word_1_731' title='bbox 312 4678 496 4729; x_wconf 75' lang='grc' dir='ltr'><em>παντὶ</em></span> <span class='ocrx_word' id='word_1_732' title='bbox 519 4675 977 4743; x_wconf 83' lang='grc' dir='ltr'><em>παρεωραμένῳ,</em></span> <span class='ocrx_word' id='word_1_733' title='bbox 1004 4673 1112 4726; x_wconf 85' lang='grc' dir='ltr'><strong><em>ἐὰν</em></strong></span> <span class='ocrx_word' id='word_1_734' title='bbox 1142 4670 1388 4740; x_wconf 78' lang='grc' dir='ltr'><em>ἀγαθὸν,</em></span> <span class='ocrx_word' id='word_1_735' title='bbox 1436 4669 1534 4723; x_wconf 72' lang='grc' dir='ltr'><em>καὶ</em></span> <span class='ocrx_word' id='word_1_736' title='bbox 1577 4668 1685 4722; x_wconf 79' lang='grc' dir='ltr'><em>ἐὰν</em></span> <span class='ocrx_word' id='word_1_737' title='bbox 1721 4681 1909 4735; x_wconf 84' lang='grc' dir='ltr'><em>πονη-</em></span> 
     </span>
    </p>
   </div>
   <div class='ocr_carea' id='block_1_92' title="bbox 347 4769 440 4823">
    <p class='ocr_par' dir='ltr' id='par_1_92' title="bbox 347 4769 440 4823">
     <span class='ocr_line' id='line_1_92' title="bbox 347 4769 440 4823; baseline 0.011 -1"><span class='ocrx_word' id='word_1_738' title='bbox 347 4769 440 4823; x_wconf 84' lang='grc' dir='ltr'><strong><em>όν.</em></strong></span> 
     </span>
    </p>
   </div>
   <div class='ocr_carea' id='block_1_93' title="bbox 313 4785 1910 4926">
    <p class='ocr_par' dir='ltr' id='par_1_93' title="bbox 313 4785 1910 4926">
     <span class='ocr_line' id='line_1_93' title="bbox 313 4785 440 4837; baseline 0.008 -15"><span class='ocrx_word' id='word_1_739' title='bbox 313 4785 440 4837; x_wconf 73' lang='grc' dir='ltr'><em>ρον.</em></span> 
     </span>
     <span class='ocr_line' id='line_1_94' title="bbox 379 4853 1910 4926; baseline -0.005 -13"><span class='ocrx_word' id='word_1_740' title='bbox 379 4859 488 4914; x_wconf 82' lang='grc' dir='ltr'><em>κθ’.</em></span> <span class='ocrx_word' id='word_1_741' title='bbox 529 4859 630 4922; x_wconf 84' lang='grc' dir='ltr'><em>Τίς</em></span> <span class='ocrx_word' id='word_1_742' title='bbox 673 4859 728 4911; x_wconf 81' lang='grc' dir='ltr'><strong><em>δὲ</em></strong></span> <span class='ocrx_word' id='word_1_743' title='bbox 773 4859 840 4910; x_wconf 80' lang='grc' dir='ltr'><em>τὰ</em></span> <span class='ocrx_word' id='word_1_744' title='bbox 866 4859 1028 4926; x_wconf 82' lang='grc' dir='ltr'><em>ὅμοια</em></span> <span class='ocrx_word' id='word_1_745' title='bbox 1057 4856 1275 4910; x_wconf 78' lang='grc' dir='ltr'><em>ἀκούων</em></span> <span class='ocrx_word' id='word_1_746' title='bbox 1316 4855 1411 4908; x_wconf 79' lang='grc' dir='ltr'><strong><em>τοῦ</em></strong></span> <span class='ocrx_word' id='word_1_747' title='bbox 1467 4854 1793 4907; x_wconf 82' lang='grc' dir='ltr'><em>Ἀποστόλου</em></span> <span class='ocrx_word' id='word_1_748' title='bbox 1821 4853 1910 4906; x_wconf 85' lang='grc' dir='ltr'><strong><em>λέ-</em></strong></span> 
     </span>
    </p>
   </div>
   <div class='ocr_carea' id='block_1_94' title="bbox 308 4943 1906 5019">
    <p class='ocr_par' dir='ltr' id='par_1_94' title="bbox 308 4943 1906 5019">
     <span class='ocr_line' id='line_1_95' title="bbox 308 4943 1906 5019; baseline -0.004 -16"><span class='ocrx_word' id='word_1_749' title='bbox 308 4965 526 5018; x_wconf 86' lang='grc' dir='ltr'><em>γοντος,</em></span> <span class='ocrx_word' id='word_1_750' title='bbox 557 4949 620 5001; x_wconf 83' lang='grc' dir='ltr'><em>οὐ</em></span> <span class='ocrx_word' id='word_1_751' title='bbox 642 4949 832 5019; x_wconf 78' lang='grc' dir='ltr'><em>τρέμει</em></span> <span class='ocrx_word' id='word_1_752' title='bbox 857 4964 870 4978; x_wconf 76' lang='grc' dir='ltr'><strong>ο</strong></span> <span class='ocrx_word' id='word_1_753' title='bbox 898 4947 997 5001; x_wconf 86' lang='grc' dir='ltr'><strong><em>Δεῖ</em></strong></span> <span class='ocrx_word' id='word_1_754' title='bbox 1016 4947 1127 5017; x_wconf 76' lang='grc' dir='ltr'><strong><em>γὰρ</em></strong></span> <span class='ocrx_word' id='word_1_755' title='bbox 1153 4947 1381 5012; x_wconf 81' lang='grc' dir='ltr'><em>πάντας</em></span> <span class='ocrx_word' id='word_1_756' title='bbox 1416 4943 1573 5014; x_wconf 70' lang='grc' dir='ltr'><em>ἡμᾶς</em></span> <span class='ocrx_word' id='word_1_757' title='bbox 1598 4943 1906 5014; x_wconf 81' lang='grc' dir='ltr'><em>παραστῆ-</em></span> 
     </span>
    </p>
   </div>
   <div class='ocr_carea' id='block_1_95' title="bbox 306 5036 1902 5107">
    <p class='ocr_par' dir='ltr' id='par_1_95' title="bbox 306 5036 1902 5107">
     <span class='ocr_line' id='line_1_96' title="bbox 306 5036 1902 5107; baseline -0.001 -15"><span class='ocrx_word' id='word_1_758' title='bbox 306 5056 409 5095; x_wconf 88' lang='grc' dir='ltr'><strong><em>ναι</em></strong></span> <span class='ocrx_word' id='word_1_759' title='bbox 435 5039 522 5105; x_wconf 87' lang='grc' dir='ltr'><em>τῷ</em></span> <span class='ocrx_word' id='word_1_760' title='bbox 540 5037 774 5107; x_wconf 76' lang='grc' dir='ltr'><em>βήματι</em></span> <span class='ocrx_word' id='word_1_761' title='bbox 822 5037 928 5091; x_wconf 89' lang='grc' dir='ltr'><strong><em>τοῦ</em></strong></span> <span class='ocrx_word' id='word_1_762' title='bbox 968 5037 1250 5105; x_wconf 82' lang='grc' dir='ltr'><em>Χριστοῦ,</em></span> <span class='ocrx_word' id='word_1_763' title='bbox 1271 5037 1372 5091; x_wconf 84' lang='grc' dir='ltr'><em>ἵνα</em></span> <span class='ocrx_word' id='word_1_764' title='bbox 1411 5037 1731 5106; x_wconf 82' lang='grc' dir='ltr'><em>κομίσηται</em></span> <span class='ocrx_word' id='word_1_765' title='bbox 1764 5036 1902 5090; x_wconf 79' lang='grc' dir='ltr'><em>ἐκα-</em></span> 
     </span>
    </p>
   </div>
   <div class='ocr_carea' id='block_1_96' title="bbox 306 5129 1907 5201">
    <p class='ocr_par' dir='ltr' id='par_1_96' title="bbox 306 5129 1907 5201">
     <span class='ocr_line' id='line_1_97' title="bbox 306 5129 1907 5201; baseline -0.001 -17"><span class='ocrx_word' id='word_1_766' title='bbox 306 5145 461 5199; x_wconf 82' lang='grc' dir='ltr'><em>στος</em></span> <span class='ocrx_word' id='word_1_767' title='bbox 487 5131 664 5201; x_wconf 77' lang='grc' dir='ltr'><em>ἡμῶν</em></span> <span class='ocrx_word' id='word_1_768' title='bbox 699 5131 772 5185; x_wconf 86' lang='grc' dir='ltr'><em>τὰ</em></span> <span class='ocrx_word' id='word_1_769' title='bbox 794 5131 890 5185; x_wconf 83' lang='grc' dir='ltr'><strong><em>διὰ</em></strong></span> <span class='ocrx_word' id='word_1_770' title='bbox 913 5131 1018 5185; x_wconf 93' lang='grc' dir='ltr'><strong><em>τοῦ</em></strong></span> <span class='ocrx_word' id='word_1_771' title='bbox 1045 5130 1341 5200; x_wconf 88' lang='grc' dir='ltr'><em>σώματος,</em></span> <span class='ocrx_word' id='word_1_772' title='bbox 1366 5130 1487 5183; x_wconf 84' lang='grc' dir='ltr'><em>εἴτε</em></span> <span class='ocrx_word' id='word_1_773' title='bbox 1516 5129 1760 5198; x_wconf 77' lang='grc' dir='ltr'><em>ἀγαθὸν,</em></span> <span class='ocrx_word' id='word_1_774' title='bbox 1785 5129 1907 5183; x_wconf 81' lang='grc' dir='ltr'><em>εἴτε</em></span> 
     </span>
    </p>
   </div>
   <div class='ocr_carea' id='block_1_97' title="bbox 306 5221 1909 5294">
    <p class='ocr_par' dir='ltr' id='par_1_97' title="bbox 306 5221 1909 5294">
     <span class='ocr_line' id='line_1_98' title="bbox 306 5221 1909 5294; baseline -0.002 -16"><span class='ocrx_word' id='word_1_775' title='bbox 306 5226 531 5280; x_wconf 82' lang='grc' dir='ltr'><em>κακόν.</em></span> <span class='ocrx_word' id='word_1_776' title='bbox 556 5225 654 5288; x_wconf 76' lang='grc' dir='ltr'><em>Τίς</em></span> <span class='ocrx_word' id='word_1_777' title='bbox 683 5221 776 5279; x_wconf 75' lang='grc' dir='ltr'><em>οὖν</em></span> <span class='ocrx_word' id='word_1_778' title='bbox 806 5225 867 5276; x_wconf 76' lang='grc' dir='ltr'><em>οὐ</em></span> <span class='ocrx_word' id='word_1_779' title='bbox 901 5225 1164 5294; x_wconf 77' lang='grc' dir='ltr'><em>ορηνήσει</em></span> <span class='ocrx_word' id='word_1_780' title='bbox 1195 5225 1295 5292; x_wconf 83' lang='grc' dir='ltr'><em>τὴν</em></span> <span class='ocrx_word' id='word_1_781' title='bbox 1317 5221 1573 5276; x_wconf 76' lang='grc' dir='ltr'><em>ἀπιστίαν</em></span> <span class='ocrx_word' id='word_1_782' title='bbox 1602 5222 1778 5293; x_wconf 79' lang='grc' dir='ltr'><em>ἡμῶν,</em></span> <span class='ocrx_word' id='word_1_783' title='bbox 1813 5222 1909 5275; x_wconf 77' lang='grc' dir='ltr'><em>καὶ</em></span> 
     </span>
    </p>
   </div>
   <div class='ocr_carea' id='block_1_98' title="bbox 305 5316 1908 5391">
    <p class='ocr_par' dir='ltr' id='par_1_98' title="bbox 305 5316 1908 5391">
     <span class='ocr_line' id='line_1_99' title="bbox 305 5316 1908 5391; baseline -0.004 -18"><span class='ocrx_word' id='word_1_784' title='bbox 305 5319 411 5391; x_wconf 82' lang='grc' dir='ltr'><em>τὴν</em></span> <span class='ocrx_word' id='word_1_785' title='bbox 438 5318 721 5388; x_wconf 81' lang='grc' dir='ltr'><em>τύφλωσιν</em></span> <span class='ocrx_word' id='word_1_786' title='bbox 755 5318 855 5387; x_wconf 84' lang='grc' dir='ltr'><em>τῆς</em></span> <span class='ocrx_word' id='word_1_787' title='bbox 882 5316 1061 5388; x_wconf 79' lang='grc' dir='ltr'><em>ψυχῆς</em></span> <span class='ocrx_word' id='word_1_788' title='bbox 1111 5316 1269 5387; x_wconf 78' lang='grc' dir='ltr'><em>ήμῶν</em></span> <span class='ocrx_word' id='word_1_789' title='bbox 1289 5334 1301 5348; x_wconf 93' lang='grc'>·</span> <span class='ocrx_word' id='word_1_790' title='bbox 1331 5317 1413 5370; x_wconf 83' lang='grc' dir='ltr'><em>ὅτι</em></span> <span class='ocrx_word' id='word_1_791' title='bbox 1438 5316 1643 5369; x_wconf 82' lang='grc' dir='ltr'><em>τούτων</em></span> <span class='ocrx_word' id='word_1_792' title='bbox 1689 5316 1908 5370; x_wconf 84' lang='grc' dir='ltr'><em>πάντων</em></span> 
     </span>
    </p>
   </div>
   <div class='ocr_carea' id='block_1_99' title="bbox 308 5407 1907 5480">
    <p class='ocr_par' dir='ltr' id='par_1_99' title="bbox 308 5407 1907 5480">
     <span class='ocr_line' id='line_1_100' title="bbox 308 5407 1907 5480; baseline -0.002 -17"><span class='ocrx_word' id='word_1_793' title='bbox 308 5411 634 5476; x_wconf 80' lang='grc' dir='ltr'><em>ἀκούοντες,</em></span> <span class='ocrx_word' id='word_1_794' title='bbox 664 5411 725 5464; x_wconf 82' lang='grc' dir='ltr'><em>οὐ</em></span> <span class='ocrx_word' id='word_1_795' title='bbox 759 5409 1148 5480; x_wconf 85' lang='grc' dir='ltr'><em>μετανοοῦμεν,</em></span> <span class='ocrx_word' id='word_1_796' title='bbox 1174 5409 1267 5463; x_wconf 75' lang='grc' dir='ltr'><em>καὶ</em></span> <span class='ocrx_word' id='word_1_797' title='bbox 1292 5408 1506 5480; x_wconf 85' lang='grc' dir='ltr'><em>πικρῶς</em></span> <span class='ocrx_word' id='word_1_798' title='bbox 1528 5408 1789 5478; x_wconf 80' lang='grc' dir='ltr'><em>κλαίομεν</em></span> <span class='ocrx_word' id='word_1_799' title='bbox 1814 5407 1907 5460; x_wconf 75' lang='grc' dir='ltr'><strong><em>ἐπὶ</em></strong></span> 
     </span>
    </p>
   </div>
   <div class='ocr_carea' id='block_1_100' title="bbox 307 5498 1908 5579">
    <p class='ocr_par' dir='ltr' id='par_1_100' title="bbox 307 5498 1908 5579">
     <span class='ocr_line' id='line_1_101' title="bbox 307 5498 1908 5579; baseline -0.007 -18"><span class='ocrx_word' id='word_1_800' title='bbox 307 5508 376 5579; x_wconf 74' lang='grc' dir='ltr'><em>τῇ</em></span> <span class='ocrx_word' id='word_1_801' title='bbox 408 5505 657 5579; x_wconf 82' lang='grc' dir='ltr'><em>τοσαύτῃ</em></span> <span class='ocrx_word' id='word_1_802' title='bbox 680 5507 836 5578; x_wconf 76' lang='grc' dir='ltr'><em>ἡμῶν</em></span> <span class='ocrx_word' id='word_1_803' title='bbox 861 5503 1094 5575; x_wconf 79' lang='grc' dir='ltr'><em>ἀμελείᾳ</em></span> <span class='ocrx_word' id='word_1_804' title='bbox 1128 5501 1222 5556; x_wconf 79' lang='grc' dir='ltr'><em>καὶ</em></span> <span class='ocrx_word' id='word_1_805' title='bbox 1257 5500 1532 5572; x_wconf 57' lang='lat' dir='ltr'><strong><em>patienia;</em></strong></span> <span class='ocrx_word' id='word_1_806' title='bbox 1566 5500 1632 5572; x_wconf 81' lang='grc' dir='ltr'><em>ἢν</em></span> <span class='ocrx_word' id='word_1_807' title='bbox 1663 5498 1908 5568; x_wconf 78' lang='grc' dir='ltr'><em>προῢεω-</em></span> 
     </span>
    </p>
   </div>
   <div class='ocr_carea' id='block_1_101' title="bbox 381 5703 1690 5776">
    <p class='ocr_par' dir='ltr' id='par_1_101' title="bbox 381 5703 1690 5776">
     <span class='ocr_line' id='line_1_102' title="bbox 381 5703 1690 5776; baseline -0.01 -7"><span class='ocrx_word' id='word_1_808' title='bbox 381 5715 431 5747; x_wconf 77' lang='grc'><strong><em>⁸³</em></strong></span> <span class='ocrx_word' id='word_1_809' title='bbox 466 5712 677 5768; x_wconf 82' lang='lat' dir='ltr'><strong><em>Jerem.</em></strong></span> <span class='ocrx_word' id='word_1_810' title='bbox 707 5729 762 5776; x_wconf 73' lang='grc' dir='ltr'><strong><em>ν,</em></strong></span> <span class='ocrx_word' id='word_1_811' title='bbox 791 5711 882 5776; x_wconf 75' lang='grc'><strong>21,</strong></span> <span class='ocrx_word' id='word_1_812' title='bbox 912 5709 1003 5763; x_wconf 67' lang='lat'><strong><em>22.</em></strong></span> <span class='ocrx_word' id='word_1_813' title='bbox 1081 5707 1126 5740; x_wconf 79' lang='grc' dir='ltr'><strong>⁸ο</strong></span> <span class='ocrx_word' id='word_1_814' title='bbox 1169 5705 1373 5762; x_wconf 81' lang='lat' dir='ltr'><strong><em>Jerem.</em></strong></span> <span class='ocrx_word' id='word_1_815' title='bbox 1407 5720 1466 5770; x_wconf 88' lang='grc' dir='ltr'><strong><em>ιι,</em></strong></span> <span class='ocrx_word' id='word_1_816' title='bbox 1491 5703 1690 5776; x_wconf 7' lang='lat' dir='ltr'><strong><em>gift-2|,</em></strong></span> 
     </span>
    </p>
   </div>
   <div class='ocr_carea' id='block_1_102' title="bbox 1771 5701 2289 5767">
    <p class='ocr_par' dir='ltr' id='par_1_102' title="bbox 1771 5701 2289 5767">
     <span class='ocr_line' id='line_1_103' title="bbox 1771 5701 2289 5767; baseline -0.008 -9"><span class='ocrx_word' id='word_1_817' title='bbox 1771 5704 1812 5733; x_wconf 75' lang='grc'><strong><em>⁸³</em></strong></span> <span class='ocrx_word' id='word_1_818' title='bbox 1844 5701 2050 5757; x_wconf 84' lang='lat' dir='ltr'><strong><em>Jerem.</em></strong></span> <span class='ocrx_word' id='word_1_819' title='bbox 2081 5719 2171 5767; x_wconf 74' lang='lat' dir='ltr'><strong><em>xv,</em></strong></span> <span class='ocrx_word' id='word_1_820' title='bbox 2205 5703 2289 5755; x_wconf 86' lang='grc'><strong><em>17.</em></strong></span> 
     </span>
    </p>
   </div>
   <div class='ocr_carea' id='block_1_103' title="bbox 2006 4573 3597 4655">
    <p class='ocr_par' dir='ltr' id='par_1_103' title="bbox 2006 4573 3597 4655">
     <span class='ocr_line' id='line_1_104' title="bbox 2006 4573 3597 4655; baseline 0.001 -29"><span class='ocrx_word' id='word_1_821' title='bbox 2006 4573 2061 4626; x_wconf 89' lang='lat' dir='ltr'><strong><em>in</em></strong></span> <span class='ocrx_word' id='word_1_822' title='bbox 2097 4575 2241 4627; x_wconf 91' lang='lat' dir='ltr'><strong><em>omni</em></strong></span> <span class='ocrx_word' id='word_1_823' title='bbox 2286 4573 2425 4644; x_wconf 89' lang='lat' dir='ltr'><strong><em>quod</em></strong></span> <span class='ocrx_word' id='word_1_824' title='bbox 2465 4574 2759 4645; x_wconf 89' lang='lat' dir='ltr'><strong><em>neglectum</em></strong></span> <span class='ocrx_word' id='word_1_825' title='bbox 2793 4584 2888 4641; x_wconf 86' lang='lat' dir='ltr'><strong><em>est,</em></strong></span> <span class='ocrx_word' id='word_1_826' title='bbox 2921 4577 3028 4628; x_wconf 87' lang='lat' dir='ltr'><strong><em>sive</em></strong></span> <span class='ocrx_word' id='word_1_827' title='bbox 3071 4574 3282 4637; x_wconf 86' lang='lat' dir='ltr'><strong><em>bonum,</em></strong></span> <span class='ocrx_word' id='word_1_828' title='bbox 3329 4575 3434 4627; x_wconf 82' lang='lat' dir='ltr'><strong><em>sive</em></strong></span> <span class='ocrx_word' id='word_1_829' title='bbox 3481 4593 3597 4655; x_wconf 81' lang='lat' dir='ltr'><strong><em>ma-</em></strong></span> 
     </span>
    </p>
   </div>
   <div class='ocr_carea' id='block_1_104' title="bbox 2009 4664 2218 4719">
    <p class='ocr_par' dir='ltr' id='par_1_104' title="bbox 2009 4664 2218 4719">
     <span class='ocr_line' id='line_1_105' title="bbox 2009 4664 2218 4719; baseline 0.005 -2"><span class='ocrx_word' id='word_1_830' title='bbox 2009 4664 2122 4719; x_wconf 87' lang='lat' dir='ltr'><strong><em>lum</em></strong></span> <span class='ocrx_word' id='word_1_831' title='bbox 2151 4665 2218 4718; x_wconf 80' lang='lat'><strong><em>“.</em></strong></span> 
     </span>
    </p>
   </div>
   <div class='ocr_carea' id='block_1_105' title="bbox 2076 4853 3594 4924">
    <p class='ocr_par' dir='ltr' id='par_1_105' title="bbox 2076 4853 3594 4924">
     <span class='ocr_line' id='line_1_106' title="bbox 2076 4853 3594 4924; baseline 0.001 -14"><span class='ocrx_word' id='word_1_832' title='bbox 2076 4855 2167 4911; x_wconf 74' lang='lat'><strong><em>29.</em></strong></span> <span class='ocrx_word' id='word_1_833' title='bbox 2195 4855 2332 4922; x_wconf 89' lang='lat' dir='ltr'><strong><em>Quis</em></strong></span> <span class='ocrx_word' id='word_1_834' title='bbox 2361 4870 2494 4910; x_wconf 79' lang='lat' dir='ltr'><strong><em>vero</em></strong></span> <span class='ocrx_word' id='word_1_835' title='bbox 2518 4854 2647 4909; x_wconf 92' lang='lat' dir='ltr'><strong><em>dum</em></strong></span> <span class='ocrx_word' id='word_1_836' title='bbox 2675 4869 2742 4907; x_wconf 81' lang='lat' dir='ltr'><strong><em>ex</em></strong></span> <span class='ocrx_word' id='word_1_837' title='bbox 2771 4853 3034 4924; x_wconf 80' lang='lat' dir='ltr'><strong><em>Apostolo</em></strong></span> <span class='ocrx_word' id='word_1_838' title='bbox 3066 4853 3156 4909; x_wconf 83' lang='lat' dir='ltr'><strong><em>his</em></strong></span> <span class='ocrx_word' id='word_1_839' title='bbox 3188 4855 3385 4910; x_wconf 86' lang='lat' dir='ltr'><strong><em>similia</em></strong></span> <span class='ocrx_word' id='word_1_840' title='bbox 3418 4857 3594 4924; x_wconf 80' lang='lat' dir='ltr'><strong><em>audit,</em></strong></span> 
     </span>
    </p>
   </div>
   <div class='ocr_carea' id='block_1_106' title="bbox 2008 4945 3598 5016">
    <p class='ocr_par' dir='ltr' id='par_1_106' title="bbox 2008 4945 3598 5016">
     <span class='ocr_line' id='line_1_107' title="bbox 2008 4945 3598 5016; baseline 0.001 -14"><span class='ocrx_word' id='word_1_841' title='bbox 2008 4964 2115 5002; x_wconf 89' lang='lat' dir='ltr'><strong><em>non</em></strong></span> <span class='ocrx_word' id='word_1_842' title='bbox 2152 4947 2574 5001; x_wconf 85' lang='lat' dir='ltr'><strong><em>contremiseat:</em></strong></span> <span class='ocrx_word' id='word_1_843' title='bbox 2608 4945 2822 5016; x_wconf 87' lang='lat' dir='ltr'><strong><em>Oportet</em></strong></span> <span class='ocrx_word' id='word_1_844' title='bbox 2853 4947 2990 4998; x_wconf 86' lang='lat' dir='ltr'><strong><em>enim</em></strong></span> <span class='ocrx_word' id='word_1_845' title='bbox 3031 4963 3124 5000; x_wconf 90' lang='lat' dir='ltr'><strong><em>nos</em></strong></span> <span class='ocrx_word' id='word_1_846' title='bbox 3153 4964 3332 5000; x_wconf 88' lang='lat' dir='ltr'><strong><em>omnes</em></strong></span> <span class='ocrx_word' id='word_1_847' title='bbox 3360 4949 3472 5002; x_wconf 84' lang='lat' dir='ltr'><strong><em>sisti</em></strong></span> <span class='ocrx_word' id='word_1_848' title='bbox 3503 4952 3598 5004; x_wconf 86' lang='lat' dir='ltr'><strong><em>tri-</em></strong></span> 
     </span>
    </p>
   </div>
   <div class='ocr_carea' id='block_1_107' title="bbox 2007 5037 3598 5112">
    <p class='ocr_par' dir='ltr' id='par_1_107' title="bbox 2007 5037 3598 5112">
     <span class='ocr_line' id='line_1_108' title="bbox 2007 5037 3598 5112; baseline 0.001 -20"><span class='ocrx_word' id='word_1_849' title='bbox 2007 5039 2192 5092; x_wconf 87' lang='lat' dir='ltr'><strong><em>bunali</em></strong></span> <span class='ocrx_word' id='word_1_850' title='bbox 2209 5037 2423 5103; x_wconf 84' lang='lat' dir='ltr'><strong><em>Chr-isti,</em></strong></span> <span class='ocrx_word' id='word_1_851' title='bbox 2439 5048 2494 5090; x_wconf 87' lang='lat' dir='ltr'><strong><em>ut</em></strong></span> <span class='ocrx_word' id='word_1_852' title='bbox 2519 5038 2712 5106; x_wconf 83' lang='lat' dir='ltr'><strong><em>referat</em></strong></span> <span class='ocrx_word' id='word_1_853' title='bbox 2731 5039 3088 5108; x_wconf 75' lang='lat' dir='ltr'><strong><em>unusquisque</em></strong></span> <span class='ocrx_word' id='word_1_854' title='bbox 3107 5048 3490 5110; x_wconf 74' lang='lat' dir='ltr'><strong><em>nostrum,qure</em></strong></span> <span class='ocrx_word' id='word_1_855' title='bbox 3507 5059 3598 5112; x_wconf 82' lang='lat' dir='ltr'><strong><em>per</em></strong></span> 
     </span>
    </p>
   </div>
   <div class='ocr_carea' id='block_1_108' title="bbox 2005 5132 3600 5205">
    <p class='ocr_par' dir='ltr' id='par_1_108' title="bbox 2005 5132 3600 5205">
     <span class='ocr_line' id='line_1_109' title="bbox 2005 5132 3600 5205; baseline 0 -18"><span class='ocrx_word' id='word_1_856' title='bbox 2005 5150 2196 5204; x_wconf 89' lang='lat' dir='ltr'><strong><em>corpus</em></strong></span> <span class='ocrx_word' id='word_1_857' title='bbox 2226 5133 2403 5203; x_wconf 83' lang='lat' dir='ltr'><strong><em>gessit,</em></strong></span> <span class='ocrx_word' id='word_1_858' title='bbox 2440 5133 2547 5186; x_wconf 85' lang='lat' dir='ltr'><strong><em>sive</em></strong></span> <span class='ocrx_word' id='word_1_859' title='bbox 2583 5132 2797 5196; x_wconf 87' lang='lat' dir='ltr'><strong><em>bonum,</em></strong></span> <span class='ocrx_word' id='word_1_860' title='bbox 2826 5134 2932 5185; x_wconf 88' lang='lat' dir='ltr'><strong><em>sive</em></strong></span> <span class='ocrx_word' id='word_1_861' title='bbox 2976 5132 3180 5188; x_wconf 87' lang='lat' dir='ltr'><strong><em>malum</em></strong></span> <span class='ocrx_word' id='word_1_862' title='bbox 3207 5135 3270 5186; x_wconf 65' lang='grc' dir='ltr'><strong><em>ετ.</em></strong></span> <span class='ocrx_word' id='word_1_863' title='bbox 3305 5134 3438 5200; x_wconf 85' lang='lat' dir='ltr'><strong><em>Quis</em></strong></span> <span class='ocrx_word' id='word_1_864' title='bbox 3469 5151 3600 5205; x_wconf 76' lang='lat' dir='ltr'><strong><em>erga</em></strong></span> 
     </span>
    </p>
   </div>
   <div class='ocr_carea' id='block_1_109' title="bbox 2009 5223 3587 5294">
    <p class='ocr_par' dir='ltr' id='par_1_109' title="bbox 2009 5223 3587 5294">
     <span class='ocr_line' id='line_1_110' title="bbox 2009 5223 3587 5294; baseline 0.002 -17"><span class='ocrx_word' id='word_1_865' title='bbox 2009 5239 2119 5278; x_wconf 86' lang='lat' dir='ltr'><strong><em>nou</em></strong></span> <span class='ocrx_word' id='word_1_866' title='bbox 2160 5224 2344 5294; x_wconf 80' lang='lat' dir='ltr'><strong><em>lugeat</em></strong></span> <span class='ocrx_word' id='word_1_867' title='bbox 2374 5223 2815 5277; x_wconf 78' lang='lat' dir='ltr'><strong><em>incredulitatem</em></strong></span> <span class='ocrx_word' id='word_1_868' title='bbox 2847 5233 3090 5277; x_wconf 83' lang='lat' dir='ltr'><strong><em>nostram</em></strong></span> <span class='ocrx_word' id='word_1_869' title='bbox 3122 5240 3185 5280; x_wconf 81' lang='lat' dir='ltr'><strong><em>ac</em></strong></span> <span class='ocrx_word' id='word_1_870' title='bbox 3220 5229 3418 5280; x_wconf 81' lang='lat' dir='ltr'><strong><em>mentis</em></strong></span> <span class='ocrx_word' id='word_1_871' title='bbox 3444 5229 3587 5282; x_wconf 60' lang='lat' dir='ltr'><strong><em>cumi-</em></strong></span> 
     </span>
    </p>
   </div>
   <div class='ocr_carea' id='block_1_110' title="bbox 2011 5315 3597 5386">
    <p class='ocr_par' dir='ltr' id='par_1_110' title="bbox 2011 5315 3597 5386">
     <span class='ocr_line' id='line_1_111' title="bbox 2011 5315 3597 5386; baseline 0.004 -18"><span class='ocrx_word' id='word_1_872' title='bbox 2011 5324 2201 5382; x_wconf 83' lang='lat' dir='ltr'><strong><em>tatem,</em></strong></span> <span class='ocrx_word' id='word_1_873' title='bbox 2234 5315 2378 5385; x_wconf 86' lang='lat' dir='ltr'><strong><em>quod</em></strong></span> <span class='ocrx_word' id='word_1_874' title='bbox 2425 5315 2540 5369; x_wconf 74' lang='lat' dir='ltr'><strong><em>lucc</em></strong></span> <span class='ocrx_word' id='word_1_875' title='bbox 2583 5315 2765 5369; x_wconf 86' lang='lat' dir='ltr'><strong><em>omnia</em></strong></span> <span class='ocrx_word' id='word_1_876' title='bbox 2798 5315 3087 5370; x_wconf 83' lang='lat' dir='ltr'><strong><em>audientes</em></strong></span> <span class='ocrx_word' id='word_1_877' title='bbox 3116 5319 3442 5386; x_wconf 77' lang='lat' dir='ltr'><strong><em>pcenitcntia</em></strong></span> <span class='ocrx_word' id='word_1_878' title='bbox 3489 5337 3597 5375; x_wconf 81' lang='lat' dir='ltr'><strong><em>non</em></strong></span> 
     </span>
    </p>
   </div>
   <div class='ocr_carea' id='block_1_111' title="bbox 2015 5407 3599 5480">
    <p class='ocr_par' dir='ltr' id='par_1_111' title="bbox 2015 5407 3599 5480">
     <span class='ocr_line' id='line_1_112' title="bbox 2015 5407 3599 5480; baseline 0.003 -19"><span class='ocrx_word' id='word_1_879' title='bbox 2015 5407 2289 5470; x_wconf 78' lang='lat' dir='ltr'><strong><em>ducimur,</em></strong></span> <span class='ocrx_word' id='word_1_880' title='bbox 2319 5422 2422 5461; x_wconf 86' lang='lat' dir='ltr'><strong><em>nec</em></strong></span> <span class='ocrx_word' id='word_1_881' title='bbox 2464 5422 2564 5475; x_wconf 90' lang='lat' dir='ltr'><strong><em>pro</em></strong></span> <span class='ocrx_word' id='word_1_882' title='bbox 2604 5414 2751 5460; x_wconf 79' lang='lat' dir='ltr'><strong><em>tanta</em></strong></span> <span class='ocrx_word' id='word_1_883' title='bbox 2803 5417 2988 5461; x_wconf 84' lang='lat' dir='ltr'><strong><em>nostra</em></strong></span> <span class='ocrx_word' id='word_1_884' title='bbox 3029 5409 3362 5480; x_wconf 80' lang='lat' dir='ltr'><strong><em>negligentia</em></strong></span> <span class='ocrx_word' id='word_1_885' title='bbox 3396 5425 3457 5464; x_wconf 80' lang='lat' dir='ltr'><strong><em>ac</em></strong></span> <span class='ocrx_word' id='word_1_886' title='bbox 3491 5421 3599 5465; x_wconf 86' lang='lat' dir='ltr'><strong><em>lor-</em></strong></span> 
     </span>
    </p>
   </div>
   <div class='ocr_carea' id='block_1_112' title="bbox 2015 5497 3597 5572">
    <p class='ocr_par' dir='ltr' id='par_1_112' title="bbox 2015 5497 3597 5572">
     <span class='ocr_line' id='line_1_113' title="bbox 2015 5497 3597 5572; baseline 0.003 -18"><span class='ocrx_word' id='word_1_887' title='bbox 2015 5516 2149 5570; x_wconf 87' lang='lat' dir='ltr'><strong><em>pore</em></strong></span> <span class='ocrx_word' id='word_1_888' title='bbox 2176 5500 2334 5570; x_wconf 78' lang='lat'><strong><em>381</em></strong></span> <span class='ocrx_word' id='word_1_889' title='bbox 2365 5515 2550 5554; x_wconf 84' lang='lat' dir='ltr'><strong><em>amare</em></strong></span> <span class='ocrx_word' id='word_1_890' title='bbox 2583 5499 2808 5553; x_wconf 81' lang='lat' dir='ltr'><strong><em>ﬂemus?</em></strong></span> <span class='ocrx_word' id='word_1_891' title='bbox 2838 5497 2983 5554; x_wconf 80' lang='lat' dir='ltr'><strong><em>Hanc</em></strong></span> <span class='ocrx_word' id='word_1_892' title='bbox 3001 5499 3269 5556; x_wconf 82' lang='lat' dir='ltr'><strong><em>Jeremias</em></strong></span> <span class='ocrx_word' id='word_1_893' title='bbox 3301 5503 3492 5572; x_wconf 81' lang='lat' dir='ltr'><strong><em>procul</em></strong></span> <span class='ocrx_word' id='word_1_894' title='bbox 3520 5505 3597 5558; x_wconf 67' lang='grc' dir='ltr'><strong><em>νὶ-</em></strong></span> 
     </span>
    </p>
   </div>
   <div class='ocr_carea' id='block_1_113' title="bbox 2368 5701 3576 5770">
    <p class='ocr_par' dir='ltr' id='par_1_113' title="bbox 2368 5701 3576 5770">
     <span class='ocr_line' id='line_1_114' title="bbox 2368 5701 3576 5770; baseline 0.003 -16"><span class='ocrx_word' id='word_1_895' title='bbox 2368 5703 2412 5732; x_wconf 78' lang='lat'>“</span> <span class='ocrx_word' id='word_1_896' title='bbox 2460 5701 2658 5754; x_wconf 76' lang='lat' dir='ltr'><strong><em>Ezeclt.</em></strong></span> <span class='ocrx_word' id='word_1_897' title='bbox 2690 5716 2783 5762; x_wconf 78' lang='lat' dir='ltr'><strong><em>vn,</em></strong></span> <span class='ocrx_word' id='word_1_898' title='bbox 2818 5703 2871 5763; x_wconf 72' lang='lat'><strong><em>4,</em></strong></span> <span class='ocrx_word' id='word_1_899' title='bbox 2903 5702 2958 5755; x_wconf 80' lang='lat'><strong><em>9.</em></strong></span> <span class='ocrx_word' id='word_1_900' title='bbox 3067 5701 3111 5734; x_wconf 77' lang='grc'><strong><em>⁸³</em></strong></span> <span class='ocrx_word' id='word_1_901' title='bbox 3143 5703 3274 5757; x_wconf 80' lang='lat' dir='ltr'><strong><em>Dan.</em></strong></span> <span class='ocrx_word' id='word_1_902' title='bbox 3303 5718 3394 5769; x_wconf 85' lang='lat' dir='ltr'><strong><em>vn,</em></strong></span> <span class='ocrx_word' id='word_1_903' title='bbox 3425 5703 3479 5770; x_wconf 91' lang='lat'><strong><em>9,</em></strong></span> <span class='ocrx_word' id='word_1_904' title='bbox 3512 5703 3576 5758; x_wconf 88' lang='grc'><strong>10</strong></span> 
     </span>
    </p>
   </div>
   <div class='ocr_carea' id='block_1_114' title="bbox 308 5770 1900 5844">
    <p class='ocr_par' dir='ltr' id='par_1_114' title="bbox 308 5770 1900 5844">
     <span class='ocr_line' id='line_1_115' title="bbox 308 5770 1900 5844; baseline -0.011 -3"><span class='ocrx_word' id='word_1_905' title='bbox 308 5786 352 5818; x_wconf 67' lang='grc'><strong><em>⁸³</em></strong></span> <span class='ocrx_word' id='word_1_906' title='bbox 383 5785 533 5840; x_wconf 87' lang='lat' dir='ltr'><strong><em>ibid.</em></strong></span> <span class='ocrx_word' id='word_1_907' title='bbox 565 5770 758 5837; x_wconf 33' lang='lat'><strong><em>12-15..</em></strong></span> <span class='ocrx_word' id='word_1_908' title='bbox 823 5770 1033 5835; x_wconf 41' lang='lat' dir='ltr'><strong><em>6°&#39;Psal.</em></strong></span> <span class='ocrx_word' id='word_1_909' title='bbox 1063 5793 1170 5843; x_wconf 75' lang='lat' dir='ltr'><strong><em>ut,</em></strong></span> <span class='ocrx_word' id='word_1_910' title='bbox 1201 5777 1290 5844; x_wconf 75' lang='grc'><strong>12,</strong></span> <span class='ocrx_word' id='word_1_911' title='bbox 1320 5776 1405 5831; x_wconf 81' lang='grc'><strong><em>15.</em></strong></span> <span class='ocrx_word' id='word_1_912' title='bbox 1484 5775 1526 5806; x_wconf 79' lang='grc'><strong>⁶⁶</strong></span> <span class='ocrx_word' id='word_1_913' title='bbox 1553 5773 1736 5830; x_wconf 83' lang='lat' dir='ltr'><strong><em>Eccle.</em></strong></span> <span class='ocrx_word' id='word_1_914' title='bbox 1767 5789 1857 5840; x_wconf 75' lang='lat' dir='ltr'><strong><em>xtl,</em></strong></span> <span class='ocrx_word' id='word_1_915' title='bbox 1894 5786 1900 5802; x_wconf 62' lang='grc' dir='ltr'><em>λ</em></span> 
     </span>
    </p>
   </div>
   <div class='ocr_carea' id='block_1_115' title="bbox 2002 5770 3133 5844">
    <p class='ocr_par' dir='ltr' id='par_1_115' title="bbox 2019 5770 3133 5839">
     <span class='ocr_line' id='line_1_116' title="bbox 2019 5770 3133 5839; baseline -0.002 -13"><span class='ocrx_word' id='word_1_916' title='bbox 2019 5775 2102 5827; x_wconf 63' lang='lat' dir='ltr'><strong><em>ib.</em></strong></span> <span class='ocrx_word' id='word_1_917' title='bbox 2180 5774 2220 5802; x_wconf 74' lang='grc'><strong><em>⁵⁷</em></strong></span> <span class='ocrx_word' id='word_1_918' title='bbox 2252 5772 2293 5826; x_wconf 88' lang='lat' dir='ltr'><strong><em>ll</em></strong></span> <span class='ocrx_word' id='word_1_919' title='bbox 2325 5770 2454 5826; x_wconf 83' lang='lat' dir='ltr'><strong><em>Cor.</em></strong></span> <span class='ocrx_word' id='word_1_920' title='bbox 2487 5787 2540 5834; x_wconf 70' lang='grc' dir='ltr'><strong><em>ν,</em></strong></span> <span class='ocrx_word' id='word_1_921' title='bbox 2583 5771 2678 5833; x_wconf 82' lang='grc'><strong><em>10;</em></strong></span> <span class='ocrx_word' id='word_1_922' title='bbox 2712 5771 2872 5826; x_wconf 76' lang='lat' dir='ltr'><strong><em>Rom.</em></strong></span> <span class='ocrx_word' id='word_1_923' title='bbox 2902 5786 3009 5839; x_wconf 76' lang='lat' dir='ltr'><strong><em>xxv,</em></strong></span> <span class='ocrx_word' id='word_1_924' title='bbox 3046 5771 3133 5825; x_wconf 89' lang='grc'><strong>10.</strong></span> 
     </span>
    </p>
   </div>
  </div>
