4070 6398
494 314 602 370 9'55

1664 314 1721 372 S.
1758 313 2043 373 MAXIMI
2084 312 2593 373 CONFESSORIS

3649 314 3749 381 938

496 428 656 491 dens,
687 424 866 479 aiebat
908 463 921 476 .
958 421 1270 477 Malediclus
1310 421 1402 490 qui
1435 420 1559 489 facit
1594 436 1753 489 opera.
1788 420 1880 473 Dei
1915 418 2080 489 neglio

2192 419 2300 487 ρῶν
2353 418 2642 487 Ἱερεμίας,
2683 418 2901 486 ἔλεγεν⁵
2969 416 3434 487 Ἐπικατάρατος
3478 420 3513 472 d
3567 420 3752 475 ποιῶν

496 527 679 590 genter
708 518 772 570 ⁸⁸.
810 514 865 569 Si
899 515 1047 569 enim
1077 530 1178 568 nos
1206 513 1520 567 animorum
1550 513 1743 566 salutis
1771 527 1902 566 cura
1934 513 2081 567 serio

496 617 768 678 tangeret,
808 606 1026 662 Domini
1068 619 1379 661 sermonem
1426 612 1810 668 tremeremus,
1851 604 2081 673 ejusque

497 697 773 760 mandata,
823 694 1027 765 quibus
1071 702 1298 766 paratur
1338 693 1507 759 salus,
1553 693 1783 760 implere
1831 691 2083 746 studere-

496 805 642 843 mus.
679 788 999 851 Enimvero,
1037 802 1164 842 cum
1211 786 1504 840 Dominum
1542 782 1850 845 audiamus.
1896 783 2084 838 dicen-

498 887 609 932 tem
644 896 656 931 :
687 878 896 932 Intrate
948 894 1040 947 per
1085 886 1368 947 angustant
1410 883 1640 947 portam,
1670 890 1787 945 qua:
1825 873 1967 929 ducit
2013 873 2083 927 ad

496 970 662 1023 vitam
701 968 785 1032 “;
832 968 996 1022 latam
1049 976 1106 1020 et
1139 967 1463 1036 spatiosum,
1509 981 1631 1034 quae
1682 964 1749 1019 ad
1796 964 2083 1018 interitum

497 1062 672 1127 ducit,
701 1062 752 1116 ei
782 1062 1145 1131 prwtulimus.
1179 1059 1549 1137 Quamobrem
1580 1056 1823 1112 audituri
1853 1071 2045 1111 sumus
2066 1095 2080 1119 ,

499 1168 627 1207 cum
656 1168 686 1206 e
718 1152 875 1205 caelis
893 1149 1503 1219 adveneritjudicatum
1534 1147 1688 1201 vivos
1709 1156 1765 1202 et
1790 1154 2039 1199 mortuos
2065 1161 2081 1199 :

496 1244 578 1299 Ite
603 1263 635 1298 a
666 1260 769 1309 me,
801 1242 1091 1307 maledicti,
1122 1244 1177 1295 in
1212 1242 1387 1311 ignem
1428 1249 1705 1305 (uernum,
1742 1238 1831 1309 qui
1862 1245 2084 1308 paratus

500 1346 575 1391 est
602 1336 810 1391 diabolo
842 1344 891 1390 et
926 1334 1129 1405 angelis
1161 1335 1273 1404 ejus
1298 1334 1361 1387 7°.

568 1609 661 1663 50.
705 1608 1087 1677 Futurumque
1110 1614 1198 1661 est
1224 1614 1284 1660 ut
1311 1605 1428 1660 haec
1457 1605 1771 1668 audiamus,
1798 1617 1908 1658 non
1925 1601 2086 1670 quasi

502 1700 643 1753 male
667 1699 964 1769 egerimus,
993 1698 1089 1751 sed
1129 1712 1197 1751 eo
1222 1697 1444 1750 nomine
1469 1695 1617 1765 quod
1654 1695 1798 1749 bona
1841 1693 2087 1763 neglexi-

502 1807 645 1856 mus,
677 1799 733 1845 et
766 1790 1077 1859 proximum
1105 1805 1217 1844 non
1239 1789 1555 1843 dileximus.
1583 1787 1680 1842 Sin
1710 1796 1893 1842 autem
1920 1787 2087 1840 etiam

503 1884 642 1938 mala
673 1882 1134 1951 perpetravimus,
1174 1881 1454 1951 quomodo
1484 1881 1579 1950 qui
1625 1880 1704 1936 sic
1745 1880 2089 1951 negligenter

499 1974 681 2030 allecti
714 1974 907 2038 simus,
937 1973 1084 2028 diem
1134 1973 1294 2027 illum
1342 1974 1788 2028 sustinebimus?
1817 1973 2089 2029 Caeterum

500 2065 709 2117 dictum
732 2073 815 2117 est
835 2061 1080 2132 antiquis
1115 2077 1213 2130 per
1236 2063 1479 2133 Moysem
1517 2079 1530 2115 :
1572 2062 1693 2135 Non
1724 2062 2086 2127 mazchaberis,

498 2156 619 2209 Non
644 2155 845 2224 furtum
878 2155 1059 2225 facies,
1093 2154 1212 2208 Non
1248 2156 1450 2208 occides
1472 2155 1541 2220 ⁷¹,
1573 2164 1632 2209 et
1671 2170 1795 2224 qua:
1843 2170 2089 2225 sequun-

501 2257 623 2313 tur;
674 2247 942 2301 Dominus
967 2256 1174 2312 autem,
1210 2246 1308 2316 qui
1356 2247 1475 2301 haec
1503 2245 1620 2301 sola
1661 2261 1885 2301 servare
1930 2245 2092 2302 Chri-

501 2344 704 2405 stiano,
730 2348 789 2394 ut
818 2341 892 2396 sit
921 2340 1223 2410 perfectus,
1261 2355 1373 2393 non
1395 2338 1648 2393 suiIieere
1682 2338 1928 2400 noverit.
1976 2337 2093 2392 aie-

502 2435 598 2489 bat
626 2452 638 2487 :
675 2434 792 2488 Nisi
821 2433 1165 2487 abundaverit
1195 2433 1415 2500 justitia
1442 2442 1612 2485 vestra
1637 2430 1755 2499 plus
1769 2446 1928 2503 quam
1945 2427 2090 2483 Scri-

500 2527 687 2583 barum
711 2537 757 2580 et
785 2526 1205 2591 Pharisarorum,
1236 2542 1341 2578 non
1366 2523 1637 2578 intrabitis
1666 2525 1721 2577 in
1740 2537 1957 2593 regnum
1986 2538 2088 2574 c03-

502 2616 675 2670 lorum
694 2617 762 2670 ⁷².
790 2617 922 2671 Eam
947 2617 1017 2671 ob
1050 2632 1165 2671 rem
1194 2632 1290 2671 sus
1316 2615 1495 2685 deque
1518 2615 1781 2685 omnique
1802 2614 2091 2668 occasione

499 2708 670 2762 animi
728 2707 1173 2773 sanctimoniam,
1213 2724 1322 2778 qua
1372 2717 1428 2763 et
1474 2723 1679 2776 corpus
1734 2706 2091 2761 sanctitatem

501 2802 801 2866 contrahit,
823 2817 1126 2871 veramque
1176 2801 1245 2856 ad
1286 2816 1449 2856 omne
1479 2800 1768 2854 hominum
1799 2813 1973 2869 genus
2000 2797 2090 2852 di-

500 2893 1192 2963 lectionem-praescribit,
1225 2893 1430 2962 quibus
1478 2900 1536 2946 et
1565 2891 1800 2948 adeum
1836 2891 2094 2946 dilectio-

502 2996 632 3035 nem
668 2982 833 3035 liceat
866 2981 1114 3036 nancisci
1156 2997 1169 3034 :
1216 2995 1387 3050 seque
1419 2980 1537 3049 ipse
1564 2995 1629 3034 ac
1673 2979 1977 3049 discipulos
2021 2978 2092 3034 ad

2180 506 2251 561 τὰ
2280 507 2424 575 ἔργα
2470 509 2693 576 Κυρίου
2723 508 2978 578 ἀμελῶς.
3020 508 3082 562 Εἰ
3114 509 3223 579 γὰρ
3251 507 3470 579 εἴχομεν
3502 511 3753 580 φροντίδα

2182 600 2309 666 περὶ
2341 598 2440 666 τῆς
2466 598 2738 667 σωτηρίας
2767 598 2873 651 τῶν
2900 598 3087 668 ψυχῶν
3126 597 3303 668 ἡμῶν,
3345 598 3649 670 ἐτρέμομεν
3689 600 3754 655 ἂν

2178 688 2273 742 τὸν
2308 688 2465 757 λόγον
2498 688 2594 742 τοῦ
2640 690 2869 760 Κυρίου,
2922 690 3018 743 καὶ
3053 690 3388 762 ἐσπεύδομεν
3413 691 3757 762 κατορθῶσαι

2180 780 2280 843 τὰς
2324 776 2546 844 ἐντολάς
2600 781 2785 846 αὐτοῦ,
2835 781 2906 835 δι’
2939 773 3015 836 ὧν
3069 782 3164 835 καὶ
3215 779 3552 852 ὲσωζόμεθα.
3616 781 3756 835 Ἀλλ’

2182 872 2345 942 ἡμεῖς
2381 871 2671 936 ἀκούοντες
2728 872 2822 926 τοῦ
2863 873 3090 944 Κυρίου,
3125 872 3406 941 λέγοντος·
3435 873 3759 929 Εἰσέλθετε

2182 962 2283 1018 διὰ
2306 962 2417 1033 τῆς
2469 963 2695 1032 στενῆς
2727 965 2952 1032 πύλης,
2975 963 3089 1033 τῆς
3112 964 3481 1034 εὶσαγούσης
3527 967 3618 1031 εἰς
3647 966 3759 1033 τὴν

2183 1054 2337 1124 ζωήν
2358 1074 2372 1087 ο
2408 1057 2862 1127 προετιμήσαμεν
2886 1057 2986 1126 τὴν
3015 1056 3275 1110 πλατεῖαν
3305 1056 3399 1109 καὶ
3426 1056 3757 1129 εὐρύχωρον,

2183 1147 2280 1217 τὴν
2307 1147 2626 1216 ἀπάγουσαν
2655 1150 2734 1211 εἰς
2763 1149 2861 1220 τὴν
2890 1148 3189 1204 ἀπώλειαν.
3234 1148 3334 1202 Διά
3377 1147 3535 1203 τοῦτο
3571 1150 3763 1204 ἀκούο-

2189 1258 2312 1311 μεν,
2357 1242 2528 1296 Ὅταν
2579 1243 2644 1295 ἐκ
2690 1242 2797 1296 τῶν
2846 1242 3096 1312 οὐρανῶν
3153 1242 3531 1312 παραγίνηται
3578 1244 3762 1314 κρῖναι

2186 1331 2395 1395 ζῶντας
2431 1332 2527 1385 καὶ
2569 1334 2830 1403 νεκρούςο
2874 1332 3151 1402 Ὑπάγετε
3182 1331 3282 1387 ἀπ’
3324 1331 3495 1400 ἐμοῦ,
3534 1334 3588 1386 οἱ
3624 1348 3763 1386 κατ-

2184 1425 2491 1494 ηραμένοι,
2518 1425 2608 1490 είς
2636 1424 2702 1477 τὸ
2732 1423 2853 1491 πῦρ
2880 1423 2945 1476 τὸ
2974 1423 3216 1477 αἰώνιον
3237 1458 3251 1485 ,
3292 1424 3358 1477 τὸ
3399 1422 3762 1494 ἡτοιμασμέ-

2185 1532 2296 1570 νον
2319 1515 2397 1581 τῷ
2416 1515 2673 1580 διαϐόλῳ
2700 1515 2799 1568 καὶ
2826 1516 2949 1579 τοῖς
2975 1515 3253 1584 ἀγγέλοις
3279 1517 3487 1569 αὐτοῦ.

2256 1606 2322 1661 λ’.
2365 1607 2473 1662 Καὶ
2514 1607 2688 1660 ταῦτα
2719 1606 3010 1676 ἀκούομεν,
3041 1608 3139 1676 οὐχ
3171 1606 3246 1669 ὡς
3282 1607 3469 1671 κακῶς
3518 1607 3764 1678 πράξαν-

2186 1715 2298 1764 τες,
2330 1699 2447 1754 ἀλλ’
2480 1699 2554 1763 ὡς
2597 1698 2705 1752 τῶν
2738 1698 2918 1753 καλῶν
2949 1699 3347 1769 ἀμελήσαντες,
3377 1700 3473 1753 καὶ
3509 1699 3602 1753 τὸν
3629 1699 3767 1767 πλη-

2191 1791 2304 1845 σίον
2333 1790 2408 1861 μὴ
2433 1790 2839 1861 ἀγαπήσαντες.
2855 1791 2991 1843 Είδὲ
3009 1791 3103 1844 καὶ
3120 1791 3265 1844 κακά
3291 1790 3634 1863 ἐπράξαμεν,
3651 1790 3767 1854 πῶς

2190 1884 2487 1953 ὑποίσομεν
2514 1882 2614 1953 τὴν
2640 1883 2853 1953 ἡμέραν
2885 1884 3126 1952 ἐκείνην,
3170 1882 3345 1947 οὓτως
3390 1882 3610 1953 ἀμελῶς
3650 1881 3768 1936 auc

2189 1976 2452 2045 κείμενοι;
2498 1974 2646 2045 Πλὴν
2693 1974 2785 2040 τὸ,
2835 1976 2916 2029 Οὐ
2962 1975 3331 2043 μοιχεύσεις,
3390 1977 3464 2029 οὐ
3498 1974 3768 2043 κλέψεις,

2189 2070 2261 2122 οὐ
2300 2068 2648 2136 φονεύσεις,
2680 2070 2775 2119 καὶ
2829 2066 2894 2119 τὰ
2936 2066 3089 2136 ἑξῆς,
3122 2070 3232 2129 τοῖς
3275 2063 3524 2138 ἀρχαίοις
3566 2066 3769 2137 ἐρρέθη

2188 2161 2279 2215 διὰ
2307 2161 2590 2224 Μωῡσέως
2609 2176 2623 2190 ⁸
2652 2158 2681 2211 ὁ
2708 2160 2763 2212 δὲ
2807 2158 3038 2229 Κύριος,
3070 2158 3227 2223 εἰδὼς
3256 2160 3337 2211 ὅτι
3368 2159 3467 2212 οὐκ
3501 2158 3661 2228 ἀρκεῖ
3692 2156 3770 2228 τῷ

2188 2252 2554 2322 Χριστιανῷὴ
2586 2252 2794 2305 τούτων
2822 2252 2985 2322 μόνον
3031 2251 3265 2323 τήρησις
3300 2249 3437 2320 πρὸς
3467 2248 3767 2314 τελείωσιν,

2188 2341 2407 2411 ἔλεγενο
2450 2341 2630 2411 Ἀμὴν
2665 2341 2820 2410 λέγω
2854 2341 3019 2411 ὑμῖν,
3058 2342 3139 2395 ὅτι
3173 2342 3308 2395 Ἐὰν
3327 2340 3414 2409 μὴ
3449 2340 3770 2408 περισσεύ-

2189 2448 2273 2503 σῃ
2312 2432 2481 2503 ὑμῶν
2514 2436 2554 2502 ἠ
2592 2434 2947 2501 δικαιοσύνη
2975 2432 3167 2487 πλέον
3212 2432 3332 2485 τῶν
3371 2432 3771 2501 Γραμματέων

2191 2528 2294 2581 καί
2330 2527 2694 2595 Φαρισαίων,
2723 2528 2795 2581 οὐ
2834 2526 2923 2596 μὴ
2957 2526 3272 2593 εἰσέλθητε
3311 2528 3402 2591 εις
3445 2525 3561 2593 τὴν
3590 2524 3772 2589 βασι-

2190 2620 2366 2674 λείαν
2400 2617 2519 2672 τῶν
2548 2617 2844 2686 οὐρανῶν.
2878 2618 2975 2671 Διά
3013 2618 3171 2671 τοῦτο
3213 2618 3324 2671 ἄνω
3361 2618 3456 2671 καὶ
3485 2617 3640 2671 κάτω
3679 2616 3772 2670 τὸν

2190 2713 2290 2784 τῆς
2310 2711 2491 2783 ψυχῆς
2524 2711 2817 2782 ἁγιασμὸν,
2843 2710 2911 2765 δι’
2942 2711 3009 2782 ἢν
3048 2710 3142 2764 καὶ
3172 2710 3232 2764 τὸ
3263 2710 3422 2781 σῶμα
3451 2708 3769 2779 ἁγιάζεται,

2190 2806 2289 2859 καὶ
2316 2805 2415 2875 τὴν
2447 2788 2583 2875 πρὸς
2618 2805 2831 2867 πάντας
2876 2801 3196 2875 ἀνθρώπους
3251 2802 3519 2873 εἰλικρινῆ
3549 2801 3772 2870 ἀγάπην

2191 2895 2574 2968 ἐνομοθέτησε,
2597 2896 2667 2950 δι’
2698 2889 2774 2951 ῶν
2817 2896 2911 2949 καὶ
2942 2894 3040 2965 τὴν
3062 2896 3143 2958 εἰς
3176 2895 3339 2948 αὑτὸν
3384 2894 3607 2963 ἀγάπην
3639 2894 3774 2963 κτή-

2192 2986 2393 3041 σασθαι
2419 2986 2699 3056 δυνάμεθα
2717 3002 2732 3017 ⁸
2775 2986 2872 3039 καὶ
2902 2986 3094 3040 ἑαυτὸν
3120 2985 3289 3039 τύπον
3322 2985 3484 3056 μέχρι
3514 2982 3772 3052 Θανάτου,

505 3080 741 3126 mortem
774 3087 949 3141 usque
981 3073 1295 3141 exemplum
1325 3088 1389 3127 ac
1427 3086 1679 3127 normam
1713 3071 1889 3137 dedit,
1939 3071 2022 3127 uti
2051 3086 2085 3127 a

2196 3078 2293 3132 καὶ
2344 3077 2474 3142 τοὺς
2509 3076 2676 3131 αὐτοῦ
2710 3077 2961 3149 μαθητὰς
3004 3080 3136 3150 ⁴ἡμῖν
3188 3077 3493 3149 παρέσχεν,
3531 3076 3611 3139 ὡς
3647 3075 3773 3129 πολο

503 3162 667 3217 nobis
690 3163 890 3232 saepius
911 3163 1120 3218 dictum
1146 3174 1253 3218 est.

575 3281 664 3335 5|.
706 3280 879 3347 Quam
911 3296 1043 3351 ergo
1066 3282 1481 3336 excusationem
1532 3282 1589 3335 in
1618 3281 1708 3336 die
1734 3282 1827 3336 illo
1857 3281 2092 3336 habebi-

506 3388 649 3435 mus,
680 3373 773 3441 qui
826 3373 920 3426 tali
964 3374 1217 3442 exemplo
1250 3373 1370 3427 fulti
1401 3374 1479 3427 sic
1531 3373 1751 3427 desides
1785 3387 2093 3441 segnesque

506 3464 741 3518 sumus?
770 3464 989 3533 Lugens
1024 3479 1126 3518 nos
1157 3464 1445 3528 Jeremias,
1485 3465 1580 3533 qui
1609 3472 1760 3518 tanta
1795 3464 1969 3534 gratia
1991 3464 2093 3517 do-

507 3555 644 3618 nati,
672 3570 847 3624 usque
875 3553 1015 3609 adeo
1062 3556 1394 3625 negligentia
1437 3564 1749 3625 torpemus;
1787 3571 1883 3610 seu
1906 3556 2095 3624 potius

432 3682 437 3685 -
507 3645 900 3699 malitiaomni
929 3646 1075 3715 pleni
1099 3662 1311 3711 smnus,
1348 3647 1532 3701 aiebat
1557 3664 1570 3699 :
1595 3645 1724 3711 Quis
1758 3646 1904 3699 dabit
1932 3647 2096 3716 capiti

508 3753 622 3791 meo
656 3753 874 3806 aquam,
917 3747 964 3791 et
994 3737 1161 3792 oculis
1196 3739 1321 3792 meis
1354 3739 1553 3808 fontem
1586 3738 1951 3808 lacrymarum
1979 3778 1993 3803 ,
2043 3748 2093 3791 et

507 3828 727 3899 plorabo
787 3829 1043 3900 populant
1096 3831 1231 3883 hunc
1275 3815 1357 3883 die
1388 3848 1453 3885 ac
1505 3840 1652 3883 nocte
1676 3831 1771 3883 7’?
1819 3830 1998 3884 Audio
2040 3838 2097 3883 et

512 3918 750 3989 Moysem
785 3919 854 3971 de
884 3917 1049 3972 nobis
1096 3917 1416 3987 loquentem
1450 3936 1463 3971 :
1500 3918 1566 3972 Et
1597 3918 1820 3972 comedit
1849 3917 2012 3971 Iacob
2047 3926 2097 3971 et

506 4017 781 4064 saturatas
826 4019 934 4076 est;
964 4018 1014 4063 et
1044 4010 1400 4065 recalcitravit
1436 4011 1678 4067 dilectus.
1722 4012 2095 4082 Impinguatus

508 4110 605 4167 est,
631 4104 959 4158 incrassatus
994 4111 1091 4168 est,
1124 4103 1385 4158 dilatatus
1417 4114 1516 4169 est,
1556 4113 1605 4158 et
1628 4103 1904 4173 dereliquit
1929 4103 2097 4157 Deum

510 4194 765 4263 factorem
787 4210 965 4258 suum,
1020 4205 1070 4249 et
1124 4196 1335 4250 recessit
1379 4212 1412 4250 a
1463 4195 1573 4250 Deo
1604 4195 1872 4250 salvatore
1901 4210 1997 4248 sua
2025 4194 2095 4248 ".

508 4284 794 4339 Michream
842 4301 1065 4355 quoque
1111 4288 1391 4358 lugentem
1430 4297 1597 4357 atque
1631 4286 1910 4341 dicentem
1947 4302 1961 4340 :
2010 4284 2098 4341 Va:

510 4378 639 4430 mihi
677 4378 879 4444 anima,
925 4381 1049 4449 quia
1078 4382 1233 4451 periit
1281 4382 1399 4451 pius
1444 4377 1701 4445 de‘terra,
1753 4387 1802 4433 et
1838 4381 1928 4450 qui
1955 4377 2097 4434 colat

2197 3168 2353 3232 λάκις
2386 3170 2630 3239 εἴρηται.

2264 3282 2369 3337 λα’.
2406 3281 2574 3336 Ποίαν
2622 3275 2716 3336 οὗν
2765 3282 3062 3351 ἀπολογίαν
3109 3281 3306 3352 ἕξομεν
3355 3282 3413 3333 ὲν
3468 3282 3534 3351 τῇ
3588 3281 3776 3355 ἡμέρᾳ

2195 3376 2402 3446 ἐκείνῃ,
2437 3374 2679 3428 τοιοῦτον
2712 3374 3019 3445 ὑπόδειγμα
3052 3373 3289 3444 ἔχοντες,
3321 3374 3414 3426 καὶ
3446 3372 3618 3436 οὕτως
3643 3375 3777 3444 ἀμε·

2193 3466 2446 3534 λοῦντες;
2499 3468 2677 3537 Ἠμᾶς
2729 3465 2945 3537 θρηνῶν
3006 3465 3277 3535 Ἱερεμίας
3327 3466 3455 3529 τοὺς
3502 3465 3778 3536 τοσαύτης

2195 3560 2416 3631 χάριτος
2455 3557 2813 3625 ἀξιωθέντας,
2864 3558 2960 3611 καὶ
3015 3557 3187 3621 οὓτως
3242 3556 3460 3627 ἀμελῶς
3497 3556 3777 3626 διακειμέ-

2195 3668 2348 3715 νους,
2414 3650 2613 3720 μᾶλλον
2651 3650 2731 3716 δὲ,
2789 3650 2972 3719 πάσης
3019 3649 3215 3710 κακίας
3266 3647 3778 3718 πεπληρωμένους,

2195 3740 2381 3809 ἔλεγε·
2421 3742 2516 3806 Τίς
2547 3739 2724 3793 δώσει
2756 3739 2833 3806 τῇ
2875 3736 3111 3807 κεφαλῇ
3136 3755 3255 3806 μου
3300 3737 3477 3806 ὕδωρ,
3508 3736 3607 3793 καὶ
3650 3736 3780 3803 τοῖς

2196 3835 2526 3903 ὀφθαλμοῖς
2553 3850 2673 3902 μου
2708 3832 2913 3901 πηγὴν
2942 3832 3238 3899 δακρύων,
3283 3831 3381 3885 καὶ
3430 3831 3779 3900 κλαύσομαι

2194 3925 2303 3979 τὸν
2329 3924 2486 3979 λαὸν
2516 3926 2732 3979 τοῦτον
2761 3924 2988 3993 ἡμέρας
3023 3922 3120 3977 καί
3159 3925 3421 3988 νυκτός;
3451 3923 3586 3994 Περὶ
3629 3924 3779 3994 ἡμᾶς

2195 4013 2321 4089 [Ρτ.
2353 4014 2482 4085 περὶ
2520 4012 2702 4086 ήμῶν]
2754 4011 2867 4081 ἐγὼ
2906 4011 3092 4066 ἀκούω
3122 4014 3219 4067 καὶ¹
3250 4011 3346 4066 τοῦ
3375 4013 3655 4076 Μωῦσέως
3686 4014 3777 4065 λέ-

2197 4123 2387 4175 γοντος
2407 4121 2422 4137 ο
2454 4106 2565 4160 Καὶ
2594 4105 2822 4174 ἔφαγεν
2869 4103 3097 4167 Ἰακὼϐ,
3135 4104 3234 4158 καὶ
3262 4105 3611 4172 ἐνεπλήσθη
3633 4119 3648 4135 ο
3677 4104 3780 4158 καὶ

2196 4194 2606 4250 ἀπελάκτισεν
2635 4198 2669 4248 ό
2690 4194 3095 4263 ἠγαπημένος
3110 4194 3423 4265 emat-en,
3438 4195 3776 4263 ἐπαχύνθη,

2196 4285 2541 4353 sumere"
2568 4327 2582 4351 ,
2613 4284 2711 4339 καί
2738 4286 3093 4355 ἐγκατέλιπε
3126 4286 3274 4341 Θεὸν
3298 4287 3406 4341 τὸν
3435 4286 3783 4355 ποιήσαντα

2198 4377 2523 4442 aestimata!
2552 4376 2789 4445 ἀπέστη
2808 4377 2929 4433 ἀπὸ
2962 4378 3112 4433 Θεοῦ
3139 4378 3411 4447 σωτῆρος
3431 4378 3638 4433 αὑτοῦ.
3668 4378 3784 4431 Καὶ

511 4470 756 4523 uirtutem
777 4472 832 4524 in
859 4472 1152 4527 hominibus
1175 4489 1276 4527 non
1300 4482 1396 4537 est.
1422 4455 1784 4543 Unusquisque
1798 4473 2097 4541 proximum

2201 4468 2297 4523 τοῦ
2330 4468 2568 4539 Μιχαίου
2601 4467 2924 4540 θρηνοῦντος
2948 4470 3046 4523 καὶ
3072 4469 3343 4537 λέγοντοςο
3374 4469 3543 4539 Οῖμοι
3563 4465 3739 4537 ψυχή
3762 4468 3783 4520 .'

510 4578 666 4617 suum
692 4562 934 4617 elidendo
969 4563 1121 4620 elidit
1146 4582 1163 4620 :
1196 4567 1253 4619 in
1281 4564 1484 4619 malum
1525 4582 1718 4619 manus
1739 4581 1863 4619 suas
1886 4580 2099 4636 praepa-

514 4663 638 4709 rant
656 4656 725 4708 ⁷³.
756 4655 1025 4711 Similiter
1042 4656 1206 4726 332
1226 4672 1447 4726 quoque
1472 4657 1814 4713 Psalmistam
1846 4657 1915 4712 de
1939 4657 2101 4712 nobis

512 4743 790 4800 dicentem
821 4762 835 4797 :
860 4744 1082 4799 Salvum
1104 4761 1185 4799 me
1223 4746 1330 4816 fac,
1356 4746 1596 4813 Domine,
1626 4748 1878 4818 quoniam
1915 4747 2103 4816 defecit

513 4846 768 4890 sanctus:
801 4838 1054 4907 quoniam
1084 4836 1359 4892 diminuta:
1394 4846 1519 4892 sunt
1540 4841 1837 4894 veritatcsa
1861 4838 1989 4908 ﬁliis
2002 4838 2102 4891 lto-

515 4925 809 4991 minum",
839 4934 896 4980 et
927 4941 1051 4996 quae
1089 4936 1416 4997 sequuntur.

588 5201 678 5256 32.
719 5203 1010 5272 Propheta:
1041 5220 1263 5274 quoque
1303 5204 1492 5259 verbis
1523 5219 1626 5258 nos
1654 5204 1849 5273 lugens
1869 5201 2103 5272 Aposto-

519 5292 628 5357 lus,
659 5292 841 5354 aiebat
870 5312 883 5346 :
916 5294 1037 5349 Non
1068 5297 1251 5365 estqui
1279 5294 1445 5363 faciat
1473 5296 1687 5360 bonum,
1716 5310 1821 5347 non
1838 5304 1913 5347 est
1934 5309 2100 5363 usque

520 5384 590 5439 ad
627 5402 816 5439 unum.
850 5384 1175 5456 Sepulcrum
1210 5395 1396 5459 patens
1433 5396 1508 5441 est
1538 5395 1721 5458 guttur
1747 5401 1964 5451 eorum;
1999 5385 2105 5439 lin-

517 5480 636 5550 guis
673 5479 786 5533 suis
816 5477 995 5533 dolose
1025 5480 1271 5550 agebant.
1306 5479 1575 5534 Venenum
1615 5477 1862 5549 aspidum
1895 5478 1988 5533 sub
2023 5479 2109 5532 la-

591 5681 637 5713 ⁸⁸
667 5680 872 5737 Jerem.
904 5694 1087 5743 xum,
1118 5681 1203 5736 10.
1280 5680 1324 5711 θ’
1353 5680 1544 5735 Matth.
1576 5688 1634 5746 ν,
1663 5679 1753 5735 28.

614 5750 666 5803 1.
745 5751 791 5783 ⁷⁴
823 5752 981 5803 Deut.
1012 5764 1177 5803 xxx".
1209 5751 1297 5803 15.
1373 5752 1418 5783 ⁷⁵
1449 5751 1613 5803 Micb.
1642 5766 1736 5803 vn.

521 5770 581 5817 χ,
614 5770 666 5803 ι.

1855 5680 1899 5712 ⁷⁰
1933 5679 2123 5733 Matth.
2160 5696 2285 5745 xxv,
2317 5681 2404 5735 «Η.

745 5751 791 5783 ⁷⁴
823 5752 981 5806 Deut.
1012 5764 1177 5819 χχχιι,
1209 5751 1297 5807 15.
1373 5752 1418 5783 ⁷⁵
1449 5751 1613 5806 Micb.
1642 5766 1736 5815 vn,
1773 5751 1827 5805 2.
1906 5752 1950 5783 ⁷⁸
1986 5750 2130 5806 Psal.
2157 5766 2231 5810 ιιι.
2262 5751 2316 5804 2.

2196 4560 2287 4615 ὅτι
2311 4561 2632 4615 ἀπόλωλεν
2654 4559 2922 4627 εὐλαϐὴς
2948 4560 3069 4615 ἀπὸ
3099 4560 3207 4629 τῆς
3228 4560 3361 4631 γῆς,
3385 4560 3485 4615 καὶ
3509 4563 3543 4613 ό
3565 4574 3786 4627 κατορ-

2196 4652 2318 4709 θῶν
2343 4652 2416 4707 ἐν
2451 4652 2789 4722 ἀνθρώποις
2833 4654 2947 4721 οὐχ
2990 4651 3265 4721 ὑπάρχει.
3305 4654 3609 4716 Ἕκαστος
3664 4649 3782 4703 τὸν

2198 4746 2472 4813 πλησίον
2494 4746 2681 4800 αὑτοῦ
2709 4745 3029 4799 θλίϐουσιν
3059 4740 3325 4812 ἐκθλιϐῇ·
3363 4744 3462 4796 ἐπὶ
3490 4744 3558 4795 τὸ
3588 4741 3791 4795 κακὸν

2200 4835 2309 4901 τὰς
2333 4836 2541 4906 χεῖρας
2564 4836 2766 4891 αὐτῶν
2793 4834 3190 4907 ἑτοιμάζουσι.
3219 4836 3330 4889 Καὶ
3352 4835 3445 4887 τοῦ
3472 4832 3793 4903 Ψαλμῳδοῦ

2202 4928 2408 4998 ὁμοίως
2442 4929 2569 4999 περὶ
2593 4928 2751 4999 ἡμῶν
2780 4928 3060 4996 λέγοντος
3102 4925 3312 4981 Σῶσόν
3328 4943 3425 4996 με,
3462 4927 3666 4992 Κύριε,
3696 4924 3796 4985 ὅτι

2203 5018 2561 5073 ἐκλέλοιπεν
2602 5018 2803 5085 ὅσιος*
2840 5017 2928 5072 ὅτι
2960 5017 3356 5087 ὠλιγώθησαν
3391 5018 3452 5069 αἱ
3504 5015 3797 5086 ἀλήθειαι

2123 5132 2137 5153 κ
2203 5108 2324 5163 ἀπὸ
2354 5107 2474 5162 τῶν
2503 5108 2653 5163 υἱῶν
2678 5108 2797 5162 τῶν
2819 5108 3166 5177 ἀνθρώπων,
3202 5108 3295 5161 καὶ
3322 5107 3392 5160 τὰ
3419 5104 3604 5160 λοιπά.

2273 5200 2374 5270 λβ’.
2424 5200 2786 5271 Προφητικῶς
2815 5202 2909 5255 καὶ
2933 5203 2962 5253 ὁ
3009 5199 3330 5262 Ἀπόστολος
3360 5197 3575 5269 θρηνῶν
3612 5197 3797 5266 ἡμᾶς,

2206 5292 2428 5359 ἔλεγεν*
2458 5294 2582 5346 Οὐκ
2619 5292 2755 5346 ἐστι
2803 5291 2991 5347 ποιῶν
3019 5291 3422 5360 χρηστότητα,
3460 5290 3575 5343 οὐκ
3614 5288 3800 5341 ἐστιν

2203 5384 2315 5450 ἕως
2344 5384 2503 5449 ἑνός.
2554 5383 2747 5453 Τάφος
2789 5382 3165 5453 ἀνεῳγμένος
3196 5383 3229 5435 ό
3276 5378 3512 5449 λάρυγξ
3546 5375 3798 5434 αὑτῶν-⁸

2207 5477 2337 5544 ταῖς
2359 5476 2670 5547 γλώσσαις
2701 5476 2899 5532 αὐτῶν
2933 5474 3321 5530 ἐδολιοῦσαν.
3356 5472 3472 5539 ἰὀς
3505 5469 3802 5527 ἀσπίδων

2508 5682 2553 5713 τί
2594 5679 2784 5735 Matth.
2815 5696 2870 5746 ν,
2899 5677 2989 5735 28.
3082 5677 3127 5710 ⁷³
3164 5675 3299 5732 ibid.
3337 5674 3429 5730 20.
3501 5672 3547 5704 ⁷³
3578 5670 3804 5730 Jerem.
