4070 6392
484 348 590 411 939

1682 346 1744 406 S.
1782 342 2074 406 ΜΑΧῙΜΙ
2110 340 2616 406 CONFESSORIS

3636 336 3746 402 94.0

485 462 703 533 parenti
722 461 901 517 simile
925 470 1029 518 est.
1056 458 1342 532 Significat
1377 468 1559 516 autem
1581 460 1748 517 etiam
1780 460 2060 526 Dominus,

2170 459 2595 530 γεγεννημένον.
2618 458 2805 528 ὅμοιον
2826 455 2925 510 τοῦ
2936 453 3326 526 γεγεννηκότος
3346 450 3483 505 ἐστί.
3510 448 3672 519 Δηλοῖ
3683 447 3744 502 δὲ

486 554 556 610 iis
587 553 766 609 verbis
795 571 807 608 :
840 552 991 620 Quod
1015 563 1204 608 natum
1234 563 1393 608 estea:
1418 551 1641 624 Spiritu,
1667 554 1885 625 spiritus
1907 552 2064 619 est“;

481 659 585 700 nos
613 653 796 700 autem
826 660 1019 701 carnes
1048 644 1176 700 facti
1210 661 1424 711 sumus,
1455 645 1549 715 qui
1576 644 1865 700 desideriis
1886 644 2068 699 carnis

484 731 750 788 adversus
766 732 1024 804 spiritum
1047 742 1367 798 :estuemus,
1392 732 1750 803 quamobrem
1771 732 1936 786 etiam
1954 746 2069 787 me-

481 822 591 879 rito
612 839 678 879 ex
705 824 798 878 illo
843 824 1098 879 audimus
1127 842 1140 878 :
1166 824 1282 878 Non
1307 825 1632 896 permanebit
1661 821 1891 895 Spiritus
1922 841 2066 878 meus

482 917 538 967 in
593 914 886 968 (conﬁnibus
930 915 1065 980 istis,
1107 916 1231 985 quia
1275 930 1461 968 carnes
1487 910 1696 967 sunt”.
1727 913 1867 980 Quia
1901 914 2067 985 igitur

485 1004 701 1060 ratione
745 1003 1046 1061 Christiani
1091 1005 1282 1060 audire
1334 1020 1659 1076 possumus,
1692 1006 1787 1076 qui
1821 1005 1877 1059 in
1904 1005 2069 1062 nobis

484 1094 633 1165 quod
662 1093 867 1151 Christi
898 1095 969 1152 sit
997 1095 1139 1151 nihil
1160 1095 1464 1152 habeamus
1491 1096 1515 1150 ?

558 1299 648 1353 '54.
692 1299 761 1353 At
789 1298 936 1353 dicet
973 1299 1205 1355 fortasse
1248 1301 1449 1373 aliquis
1478 1321 1491 1357 :
1529 1302 1715 1357 Fidem
1739 1303 1937 1369 habeo,
1970 1320 2066 1360 ea-

484 1396 590 1458 que
617 1389 671 1444 in
702 1406 827 1445 cum
858 1389 996 1446 ﬁdes
1015 1392 1149 1446 satis
1178 1401 1264 1448 est
1296 1392 1363 1447 ad
1398 1394 1649 1449 salutem.
1678 1395 1749 1449 At
1772 1395 2069 1465 respondet

482 1476 720 1533 Iacobus
746 1479 827 1533 sic
859 1480 1154 1550 argutanti,
1183 1480 1404 1546 dicens:
1436 1482 1506 1537 Et
1533 1484 1795 1538 dwmones
1824 1485 2063 1552 credunt,

483 1576 534 1622 et
558 1571 967 1624 contremiscunt
995 1569 1061 1624 ⁸⁸.
1096 1571 1165 1627 Et
1197 1574 1399 1628 iterum
1441 1592 1454 1628 :
1486 1574 1638 1629 Fides
1671 1577 1787 1630 sine
1821 1577 2067 1647 operibus

481 1662 694 1714 inerma
718 1669 793 1715 est
821 1662 878 1716 in
905 1663 1218 1735 semetipsa;
1243 1673 1299 1717 ut
1340 1674 1391 1719 et
1419 1682 1578 1737 Opera
1606 1669 1719 1722 sine
1735 1666 1840 1736 ﬁde
1860 1666 1927 1724 ⁸⁷.
1949 1668 2068 1736 Qua

480 1767 616 1807 vero
649 1752 859 1807 ratione
882 1753 1050 1809 etiam
1092 1754 1148 1809 in
1177 1772 1304 1811 eum
1336 1758 1635 1826 credimus,
1669 1771 1765 1816 aut
1794 1760 1846 1816 ei
1882 1760 1950 1818 de
1980 1761 2068 1817 lu-

2171 551 2266 604 καὶ
2292 550 2522 622 Κύριος,
2547 550 2724 618 λέγων
2741 564 2755 577 ·
2784 547 2855 604 Τὸ
2874 544 3316 618 γεγεννημένον
3334 544 3402 598 ἑκ
3430 541 3539 597 τοῦ
3565 542 3750 595 Hreu-

2168 660 2374 714 ματος,
2407 642 2648 714 πνεῦμά
2668 642 2861 697 ἐστιν.
2887 641 3085 712 Ἡμεῖς
3111 638 3168 692 δὲ
3198 637 3506 707 γεγόναμεν
3546 632 3746 703 σάρκες

2169 736 2570 808 ἐπιθυμοῦντες
2616 737 2760 790 κατὰ
2790 733 2886 788 τοῦ
2936 733 3274 803 [Ινεύματος.
3305 729 3402 783 καὶ
3461 726 3552 781 διὰ
3588 725 3748 779 τοῦτο

2168 825 2396 890 δικαίως
2419 823 2691 896 ἀκούομεν
2726 824 2857 898 παρ’
2888 821 3085 877 αὑτοῦ·
3123 821 3205 875 οὐ
3226 818 3315 890 μὴ
3351 816 3749 887 ἐγκαταμείνῃ

2168 917 2237 972 τὸ
2266 915 2513 989 Πνεῦμά
2555 934 2676 988 μου
2705 918 2777 972 ὲν
2808 915 2933 988 τοῖς
2987 914 3323 983 ἀνθρώποις
3371 911 3624 975 τούτοις,
3649 909 3750 964 διὰ

2167 1009 2236 1063 τὸ
2309 1004 2466 1063 εἶναι
2538 1008 2761 1075 αὐτοὺς
2821 1008 3074 1077 σάρκας.
3129 1004 3256 1069 Πῶς
3328 999 3424 1057 οὖν
3473 999 3753 1071 δυνάμεθα

2167 1102 2389 1156 ἀκούειν
2412 1102 2756 1174 Χριστιανοὶ,
2788 1100 2841 1155 τί
2875 1117 3010 1155 ποτε
3031 1096 3128 1154 τοῦ
3157 1095 3400 1152 Χοιστοῦ
3444 1097 3503 1149 ὲν
3534 1094 3751 1156 ἑαυτοῖς

2171 1191 2248 1264 μὴ
2275 1192 2491 1264 ἔχοντες
2526 1209 2540 1258 ;

2240 1284 2333 1340 λδ’.
2382 1285 2524 1338 Ἀλλ’
2561 1286 2677 1357 ἐρεῖ
2700 1301 2783 1348 τις
2812 1285 2965 1350 ἴσως,
3001 1283 3084 1336 ὅτι
3116 1279 3268 1352 Ἔχω
3287 1280 3387 1350 τὴν
3425 1278 3631 1345 πίστιν,
3657 1279 3754 1332 καὶ

2168 1377 2331 1449 ἀρκεῖ
2360 1396 2453 1448 μοι
2483 1379 2517 1444 ὴ
2551 1377 2735 1441 πίστις
2765 1377 2798 1446 ἡ
2822 1379 2903 1440 εἰς
2932 1374 3096 1429 αὐτὸν
3121 1373 3261 1445 πρὸς
3288 1372 3588 1444 σωτηρίαν.
3609 1371 3753 1424 Ἀλλ’

2169 1469 2591 1538 ἀντιφθέγγεται
2628 1467 2780 1540 αὐτῷ
2831 1468 2861 1521 ὁ
2923 1466 3203 1533 Ἰάκωϐος,
3273 1464 3475 1534 λέγων,
3526 1464 3607 1518 ὅτι
3641 1461 3754 1519 Kal

2171 1559 2244 1615 τὰ
2304 1559 2586 1631 δαιμόνια
2632 1559 3000 1615 πιστεύουσι
3025 1599 3042 1624 ,
3081 1558 3180 1614 καὶ
3230 1558 3587 1629 φρίσσουσι.
3641 1556 3759 1609 Καὶ

2168 1653 2359 1707 πάλιν·
2403 1654 2468 1709 Ἠ
2506 1653 2715 1718 πίστις
2767 1651 2949 1722 χωρὶς
2994 1651 3111 1705 τῶν
3132 1652 3342 1720 ἔργων,
3387 1646 3573 1718 νεκρά
3620 1647 3757 1702 ἐστι

2168 1748 2300 1800 καθ’
2330 1745 2561 1814 ἑαυτήν
2580 1759 2594 1773 °
2623 1745 2705 1812 ὡς
2736 1745 2836 1798 καὶ
2870 1743 2944 1798 τὰ
2969 1743 3114 1813 ἔργα
3134 1743 3277 1811 δίχα
3306 1743 3586 1808 πίστεως.
3626 1740 3757 1805 Πῶς

481 1844 624 1899 turis
652 1853 975 1914 praestamus
1004 1845 1190 1913 ﬁdem,
1215 1847 1309 1918 qui
1337 1865 1406 1904 ne
1440 1849 1507 1904 de
1539 1853 1907 1922 temporaneis
1937 1854 2060 1925 qui-

2168 1831 2227 1886 es
2252 1831 2348 1887 καὶ
2374 1833 2705 1903 πιστεύομεν
2730 1834 2809 1896 εἰς
2836 1831 3020 1894 αὑτὸν,
3068 1832 3103 1903 ἦ
3146 1833 3278 1903 περὶ
3309 1831 3418 1925 τῶν
3448 1830 3756 1903 μελλόντων

479 1934 604 1990 dem
642 1950 707 1991 ac
757 1951 879 2005 quae
915 1935 1081 2008 hujus
1125 1937 1252 1994 vita:
1293 1948 1444 2006 sunt,
1470 1941 1631 1997 [idem
1657 1943 1734 1998 illi
1762 1944 2065 2001 habemus?

478 2025 843 2093 Quamobrem
886 2028 1054 2084 etiam
1099 2031 1333 2087 terrenis
1376 2033 1543 2089 rebus
1572 2035 1776 2092 affectu
1810 2037 2063 2109 implica-

478 2132 624 2182 mur,
654 2133 719 2174 ac
749 2118 843 2189 qui
874 2119 1027 2174 carni
1053 2120 1323 2188 vivamus,
1364 2122 1630 2180 adversus
1669 2126 1927 2197 spiritum
1958 2131 2064 2185 mi-

476 2208 721 2264 litamus.
747 2210 853 2277 Qui
879 2218 1065 2267 autem
1099 2215 1229 2268 vere'
1255 2213 1478 2271 Christo
1507 2216 1882 2285 crediderant,
1908 2237 2065 2277 eum-

476 2314 585 2370 que
615 2308 812 2367 totum,
840 2303 1093 2358 mandata
1118 2304 1414 2375 implendo,
1443 2309 1644 2369 mentis
1673 2309 1795 2365 sinu
1830 2328 2064 2384 excepe-

479 2400 625 2457 rant,
653 2392 736 2448 sic
770 2393 1034 2448 nimirum
1064 2394 1323 2453 dicebant
1359 2416 1371 2451 :
1404 2398 1525 2453 Vivo
1563 2411 1763 2476 autem,
1799 2404 1922 2475 jam
1956 2423 2063 2460 non

478 2498 572 2554 ego
596 2500 609 2513 ’
637 2485 762 2539 vivit
787 2492 964 2539 autem
998 2486 1054 2539 in
1101 2503 1182 2541 me
1228 2486 1482 2545 Christus.
1517 2490 1670 2558 Quod
1717 2503 1896 2550 autem
1924 2515 2064 2552 nunc

477 2574 592 2629 vivo
611 2575 667 2629 in
696 2591 891 2641 carne,
918 2575 1024 2644 ﬁde
1052 2579 1163 2632 vivo
1199 2577 1320 2635 Filii
1353 2580 1474 2648 Dei,
1517 2586 1606 2655 qui
1663 2585 1850 2641 dilexit
1880 2606 1983 2657 me,
2012 2600 2062 2645 et

480 2665 701 2720 tradidit
738 2667 1077 2738 semetipsum
1122 2686 1218 2740 pro
1251 2686 1334 2725 me
1356 2669 1421 2726 ³⁸.
1456 2672 1667 2731 Idcirco
1693 2692 1819 2732 cum
1843 2695 1945 2750 pro
1965 2681 2061 2739 illo

478 2763 800 2823 paterentur
822 2755 891 2810 ad
930 2756 1181 2812 omnium
1212 2758 1446 2815 salutem
1478 2766 1904 2834 procurandam,
1937 2778 2060 2825 tan-

477 2860 644 2916 quam
671 2846 793 2917 ejus
814 2848 991 2902 exacti
1021 2848 1349 2917 imitatores,
1372 2852 1599 2924 verique
1629 2854 1803 2925 ipsius
1831 2862 2058 2917 manda-

478 2943 660 2989 torum
681 2936 956 3003 cultores,
1007 2936 1267 2994 dicebant
1300 2957 1313 2993 :
1354 2939 1455 3005 Qui
1481 2942 1723 3000 conviciis
1754 2965 2055 3018 oneremur,

478 3026 829 3082 benedicimus
849 3046 867 3095 ;
898 3028 990 3100 qui
1030 3033 1444 3101 persecutionem
1503 3038 1796 3105 patiamur,
1824 3044 2056 3097 sustine-

479 3136 631 3187 mus;
657 3121 747 3191 qui
764 3121 1055 3177 maledictis
1078 3131 1343 3194 petantur,
1363 3126 1692 3183 obsecramus
1707 3132 1750 3163 ⁸⁹
1768 3149 1782 3198 ;
1801 3133 1967 3205 384
1990 3151 2056 3190 eo
2085 3161 2130 3219 ο

478 3212 689 3267 scilicet
713 3212 860 3283 quod
895 3229 1021 3269 eum
1057 3213 1357 3270 audiebant
1378 3216 1683 3274 dicentem:
1709 3220 1929 3294 Diligite
1950 3227 2057 3279 ini-

366 3306 370 3311 ’
477 3305 637 3358 micas
662 3313 879 3369 vestros,
906 3304 1189 3375 benefacite
1240 3306 1325 3370 iis,
1360 3308 1451 3378 qui
1486 3311 1710 3365 oderunt
1734 3329 1822 3367 vos
1850 3330 1868 3368 :
1903 3314 2058 3370 bene-

477 3396 631 3450 dicite
654 3395 1084 3453 maledicentibus
1108 3400 1249 3454 vobis
1284 3417 1302 3454 :
1333 3410 1482 3455 orate
1511 3420 1607 3474 pro
1636 3406 1720 3471 iis,
1754 3410 1841 3477 qui
1861 3406 2061 3464 [cedunt

475 3486 678 3556 injuria
691 3488 761 3554 ’°,
786 3495 842 3543 et
870 3505 993 3559 quas
1023 3499 1373 3560 sequuntur;
1404 3502 1519 3548 tum
1535 3511 1603 3551 ex
1624 3497 1828 3563 verbis,
1856 3506 1970 3553 tum
1993 3516 2061 3555 ex

475 3576 740 3646 operibus
764 3618 779 3643 ,
825 3578 919 3649 qui
964 3579 1021 3634 in
1053 3581 1136 3636 eis
1181 3582 1537 3653 operabatur,
1590 3602 1656 3642 ac
1680 3588 1840 3659 cujus
1874 3589 2059 3646 alllatu

477 3664 802 3736 agebantur,
833 3668 1046 3738 liquido
1072 3670 1325 3727 Christus
1347 3674 1706 3744 prodebatur.
1731 3677 1844 3733 Nos
1873 3691 2059 3734 autem

476 3758 572 3827 qui
595 3759 855 3815 omnibus
877 3761 997 3832 ejus
1020 3764 1295 3820 mandatis
1317 3776 1506 3822 contra
1536 3769 1841 3824 obnitimur
1862 3772 2060 3828 adver-

475 3856 646 3920 saque
678 3863 1021 3922 prmstamus,
1058 3855 1264 3914 idcirco
1289 3859 1441 3914 omni
1483 3860 1829 3919 immunditia
1865 3880 1930 3919 ac
1959 3881 2052 3920 ne-

476 3943 650 4011 quitia
703 3945 899 4014 repleti
940 3962 1152 4003 sumus.
1201 3947 1570 4017 Quamobrem
1608 3954 1778 4009 etiam
1826 3972 1927 4026 pro
1963 3957 2060 4013 Dei

478 4031 703 4101 templo,
736 4032 934 4089 domus
967 4037 1358 4108 negotiationis
1398 4040 1580 4097 eﬂ‘ecti
1614 4058 1839 4111 sumus;
1872 4053 1927 4099 et
1960 4061 2059 4115 pro

473 4122 641 4178 domo
677 4125 945 4181 orationis
967 4166 983 4193 ,
1027 4129 1289 4199 spelunca
1328 4131 1603 4188 latronum
1626 4135 1670 4166 "
1707 4152 1721 4189 :
1754 4151 1858 4206 pro
1899 4148 2057 4207 gente

474 4224 665 4269 sancta
687 4215 755 4281 ",
783 4233 917 4287 gens
939 4221 1220 4288 peccatrix
1254 4239 1267 4275 :
1293 4238 1393 4292 pro
1422 4224 1519 4279 Dei
1554 4225 1735 4295 plebe,
1764 4225 1923 4297 plebs
1958 4229 2026 4285 de

472 4306 620 4360 lictis
655 4306 815 4374 plena
847 4323 985 4377 :pro
1036 4318 1224 4366 sancto
1257 4311 1495 4380 semine,
1547 4331 1733 4370 semen
1778 4333 2054 4387 nequam:

472 4411 572 4464 pro
601 4396 727 4450 tiliis
749 4396 868 4462 Dei,
893 4396 987 4451 lilii
1018 4399 1271 4456 scelerati
1297 4403 1365 4470 ’3;
1391 4419 1459 4458 eo
1482 4404 1632 4475 quod
1658 4405 2059 4478 dereliquimus

2167 1923 2318 1997 αύτῷ
2337 1924 2693 1997 πιστεύομεν,
2724 1925 2774 1978 οἱ
2807 1924 2938 1998 περὶ
2963 1925 3072 1980 τῶν
3097 1911 3454 1997 προσχώρων
3479 1925 3575 1978 καὶ¹
3608 1940 3757 1993 παρ-

2165 2015 2334 2072 όντων
2355 2017 2503 2089 αύτῷ
2517 2018 2593 2089 μὴ
2613 2015 2986 2080 πιστεύοντεςο
3003 2018 3098 2070 καὶ
3119 2015 3208 2069 διά
3231 2014 3394 2070 τοῦτο
3409 2017 3520 2079 τοῖς
3547 2014 3756 2078 ὑλικοῖς

2170 2111 2615 2182 συμφυρόμενοι,
2651 2109 2747 2164 καὶ
2774 2111 2840 2182 τῇ
2876 2110 3041 2181 σαρκὶ
3076 2107 3279 2173 ζῶντες
3302 2123 3317 2138 ·
3359 2107 3454 2162 καὶ
3487 2105 3632 2161 κατά
3654 2105 3754 2160 τοῦ

2168 2203 2489 2273 Πνεύματος
2547 2203 3015 2275 στρατευόμενοι;
3077 2204 3141 2255 Ol
3175 2203 3232 2255 δὲ
3278 2201 3357 2273 τῷ
3409 2200 3634 2273 Χριστῷ
3692 2201 3754 2253 ἐν

2167 2295 2395 2368 ἀληθείᾳ
2426 2297 2841 2360 πιστεύσαντες,
2872 2296 2966 2347 καὶ
2988 2292 3110 2347 ὅλον
3131 2293 3294 2347 αὐτὸν
3325 2295 3383 2346 ὲν
3415 2295 3631 2355 ἑαυτοῖς
3658 2290 3754 2347 διὰ

2164 2387 2276 2441 τῶν
2306 2387 2538 2441 ἐντολῶν
2577 2386 2995 2450 είσοικίσαντες,
3044 2383 3216 2450 οὕτως
3259 2385 3477 2453 ἔλεγονο
3525 2380 3619 2437 Ζῶ
3655 2381 3752 2450 δὲ,

2166 2478 2370 2534 οὐκέτι
2397 2477 2534 2549 ἐγὼ,
2590 2476 2659 2548 ζῇ
2682 2478 2841 2533 δὲέν
2871 2477 3000 2548 ἐμοὶ
3037 2479 3068 2531 ό
3111 2477 3388 2546 Χριστός.
3423 2477 3493 2529 Ὃ
3524 2474 3592 2528 δὲ
3631 2473 3754 2529 νῦν

2166 2568 2239 2631 ζῶ
2289 2571 2362 2625 ἐν
2393 2570 2597 2639 σαρκὶ,
2633 2570 2707 2639 τῇ
2740 2570 2942 2624 πίστει
2987 2567 3058 2630 ζῶ
3087 2569 3194 2638 τοῦ
3238 2567 3376 2622 Υἱοῦ
3419 2567 3529 2634 τοῦ
3570 2566 3785 2633 88017,-

2166 2661 2273 2718 τοῦ
2308 2660 2744 2732 ἀγαπήσαντός
2767 2679 2866 2731 με,
2913 2661 3014 2717 καὶ
3062 2660 3278 2729 δόντος
3322 2660 3542 2715 ἑαυτὸν
3589 2659 3752 2729 ὑπὲρ

2163 2753 2333 2824 ἐμοῦ.
2384 2752 2486 2807 Διά
2530 2754 2689 2807 τοῦτο
2744 2755 3051 2824 πάσχοντες
3097 2752 3237 2824 ὑπὲρ
3290 2750 3456 2807 αὑτοῦ
3505 2751 3593 2806 διὰ
3648 2751 3753 2823 τὴν

2165 2845 2386 2917 πάντων
2423 2846 2722 2917 σωτηρίαν,
2759 2846 2835 2911 ὡς
2875 2847 3129 2918 ἀκριϐεῖς
3159 2845 3325 2899 αὐτοῦ
3362 2844 3618 2917 μιμηταὶ,
3651 2844 3753 2899 καὶ

2166 2935 2273 2989 τῶν
2303 2934 2534 2989 ἐντολῶν
2564 2935 2729 2988 αὐτοῦ
2760 2936 2973 3006 γνήσιοι
2999 2934 3262 3004 φύλακες,
3294 2934 3511 3003 ἔλεγονο
3538 2932 3751 2989 Λοιδο-

2155 3030 2442 3097 ρούμενοι
2504 3028 2916 3098 εὐλογοῦμεν,
2977 3026 3324 3096 διωκόμενοι
3385 3028 3750 3097 ἀνεχομεθα,

2156 3120 2710 3189 βλασφημούμενοι
2756 3118 3258 3188 παρακαλοῦμενο
3311 3118 3500 3190 ἐπειδὴ
3546 3118 3752 3189 ἢκουον

2162 3211 2327 3265 αὐτοῦ
2361 3210 2644 3280 λέγοντος’
2717 3208 3008 3278 Ἀγαπᾶτε
3051 3211 3195 3275 τοὺς
3241 3209 3488 3278 ἐχθροὺς
3534 3209 3744 3280 ὑμῶν’

2159 3299 2360 3366 καλῶς
2412 3298 2634 3353 ποιεῖτε
2690 3297 2816 3364 τοῖς
2853 3297 3151 3368 μισοῦσιν
3186 3298 3389 3368 ὑμᾶς’
3440 3298 3749 3367 εὐλογεῖτε

2157 3392 2303 3457 τοὺς
2328 3371 2784 3461 καταρωμένους
2806 3390 2982 3461 ὑμᾶς·
3003 3393 3420 3460 προσεύχεσθε
3439 3390 3593 3460 ὑπὲρ
3623 3390 3749 3446 τῶν

2158 3480 2608 3551 ἐπηρεαζόντων
2640 3480 2821 3552 ὑμᾶς,
2860 3484 2955 3537 καί
2989 3484 3056 3538 τά
3088 3483 3215 3555 ἑξῆς
3237 3499 3252 3512 °
3289 3483 3386 3536 καὶ
3422 3484 3489 3538 ἐκ
3521 3483 3631 3536 τῶν
3663 3482 3750 3536 λόο

2159 3590 2272 3645 γων
2307 3572 2402 3627 καὶ
2447 3573 2557 3627 τῶν
2600 3572 2780 3647 ἔργων
2812 3576 2842 3629 ό
2892 3574 3132 3645 ἐνεργῶν
3175 3574 3233 3628 ἐν
3275 3576 3456 3638 αὐτοῖς
3506 3574 3748 3645 Χριστὸς

2159 3664 2517 3738 ἐφανεροῦτο·
2557 3668 2717 3738 ἡμεῖς
2761 3666 2841 3735 δὲ,
2903 3667 3091 3738 ἐπειδὴ
3121 3667 3320 3731 πάσαις
3346 3666 3467 3731 ταῖς
3501 3665 3747 3730 ἐντολαῖς

2158 3760 2326 3816 αὑτοῦ
2361 3763 2826 3833 ἀντιπράττομεν,
2859 3762 2946 3817 διά
2985 3763 3146 3816 τοῦτο
3176 3764 3358 3835 πάσης
3400 3761 3747 3834 ἀκαθαρσίας

2159 3856 2246 3909 ὲνε
2259 3854 2467 3925 πλήσθη
2479 3870 2598 3922 μεν.
2641 3853 2754 3906 Καὶ
2781 3854 2870 3908 διὰ
2910 3854 3071 3907 τοῦτο
3099 3855 3423 3926 γεγόναμεν,
3457 3855 3580 3909 ἀντὶ
3612 3853 3747 3909 ναοῦ

2158 3944 2317 4011 Θεοῦ,
2336 3943 2481 4009 οἶκος
2502 3944 2771 4016 ἐμπορίου
2787 3958 2803 3971 ⁸
2828 3946 2923 3998 καὶ
2942 3945 3061 3998 ἀντὶ
3087 3947 3238 3999 οἴκου
3265 3945 3747 4017 προσευχῆςβπή-

2158 4035 2306 4090 λαιον
2321 4036 2555 4109 λῃστῶν·
2577 4037 2698 4091 ἀντὶ
2723 4037 2908 4101 ἔθνους
2929 4038 3263 4107 ἀγίου,ἐθνος
3286 4039 3625 4110 ἀμαρτωλόν’
3650 4040 3747 4094 καὶ

2158 4128 2281 4184 ἀντὶ
2295 4129 2427 4182 λαοῦ
2446 4127 2602 4194 Θεοῦ,
2621 4128 2749 4193 λαὸς
2771 4129 2987 4202 πλήρης
3018 4130 3325 4202 ἁμαρτιῶν
3343 4132 3465 4185 ἀντὶ
3497 4133 3747 4204 σπέρμα-

2158 4239 2249 4285 τος
2281 4219 2458 4288 ἁγίου,
2491 4219 2713 4291 σπέρμα
2738 4221 2992 4293 πονηρόν·
3021 4221 3116 4276 καὶ
3134 4221 3255 4275 ἀντὶ
3277 4221 3408 4274 υἱῶν
3430 4220 3592 4286 Θεοῦ,
3637 4221 3745 4275 υἱοὶ

2158 4312 2374 4382 ἄνομοι,
2416 4313 2606 4381 ἐπειδὴ
2646 4311 3087 4385 ὲγκατελίπομεν
3129 4314 3229 4378 τάς
3260 4312 3482 4376 ὲντολάς
3509 4314 3600 4367 τοῦ
3632 4316 3745 4368 Ku-

2163 4404 2302 4473 ρίου,
2350 4401 2446 4456 καὶ
2500 4402 2826 4474 δουλεύομεν
2859 4406 2972 4468 τοῖς
3014 4407 3276 4477 πονηροῖς
3325 4405 3603 4474 πνεύμασι
3654 4404 3743 4459 διὰ

472 4486 728 4540 mandata
771 4488 1024 4555 Domini,
1081 4489 1491 4564 immundisque
1539 4496 1687 4553 vitiis
1723 4514 1788 4554 ac
1834 4500 2053 4557 libidini

2162 4494 2267 4547 τῶν
2294 4493 2620 4565 ἀκαθάρτων
2652 4495 2866 4561 παθῶν,
2890 4497 2985 4550 καὶ
3009 4498 3446 4570 παρωργίσαμεν
3468 4497 3558 4551 τὸν
3588 4497 3743 4569 ἅγιον

472 4578 794 4648 mancipati,
826 4581 1184 4650 aequissimis
1215 4584 1509 4656 spiritibus
1536 4590 1858 4647 servitutem
1883 4593 2060 4649 servi-

470 4683 616 4733 mus,
644 4682 710 4723 ac
741 4666 1005 4724 Sanctum
1039 4671 1206 4729 Israel
1226 4678 1703 4734 exacerbavimus.

425 4787 437 4816 ;
539 4757 628 4813 35.
671 4758 803 4813 Eam
832 4759 904 4816 ob
932 4774 1048 4816 rem
1077 4763 1275 4835 lugens
1306 4783 1410 4824 nos
1450 4785 1682 4841 magnus
1723 4770 1912 4838 Isaias,
1940 4773 2056 4829 cla-

470 4857 606 4916 mat,
628 4851 723 4922 qui
752 4859 809 4907 et
839 4863 1043 4910 nostra:
1086 4856 1260 4912 ruinae
1284 4858 1446 4915 simul
1488 4876 1651 4931 opem
1688 4860 1836 4919 ferre
1875 4874 2052 4932 aveat,

468 4940 655 5010 aitque
684 4960 698 4996 :
729 4938 874 5007 Quid
911 4943 1081 4999 adhuc
1126 4948 1497 5016 percutiamini
1524 4949 1774 5005 addentes
1798 4952 2053 5023 iniquita-

471 5032 809 5090 temZOmne
846 5047 1008 5109 caput
1045 5038 1102 5092 in
1129 5039 1344 5106 dolore,
1408 5049 1459 5095 et
1520 5058 1611 5096 cor
1636 5059 1791 5098 omne
1822 5046 1879 5098 in
1928 5063 2053 5101 mae-

469 5139 590 5180 rore
613 5141 635 5180 :
657 5143 689 5180 a
709 5128 924 5198 pedibus
951 5120 1114 5201 usque
1135 5132 1205 5185 ad
1221 5141 1382 5204 caput
1410 5144 1607 5189 nonest
1637 5135 1694 5189 in
1723 5151 1783 5190 co
1811 5141 2051 5200 sanitas:

471 5234 637 5287 neque
666 5220 879 5289 uulnus,
911 5241 1077 5295 neque
1096 5225 1251 5295 livor,
1292 5245 1458 5300 neque
1487 5228 1648 5302 plaga
1674 5242 1899 5287 tumens.
1930 5234 2051 5289 Non

468 5319 542 5363 est
575 5310 845 5382 malagma
878 5315 1178 5387 imponere,
1221 5337 1388 5392 neque
1422 5320 1617 5389 oleum,
1651 5339 1815 5395 neque
1858 5324 2052 5397 alliga-

471 5413 621 5458 tnras
644 5405 713 5459 9‘.
741 5404 879 5459 Tum
906 5423 1039 5463 vero
1097 5412 1229 5482 quid
1272 5411 1402 5468 hinc
1432 5415 1684 5483 sequitur
1714 5433 1727 5469 :
1764 5415 2050 5488 Relinque-

471 5496 557 5547 tur
589 5491 706 5563 ﬁlia
766 5491 893 5549 Sion
924 5497 1059 5552 sicut
1092 5499 1495 5555 tabernaculum
1523 5503 1579 5557 in
1615 5505 1790 5570 uinea,
1834 5514 1882 5560 et
1914 5507 2049 5561 sicut

2155 4587 2253 4642 τοῦ
2288 4588 2533 4660 Ἰσραήλ.

2223 4769 2319 4826 λε’.
2344 4773 2440 4826 Διά
2468 4770 2631 4826 τοῦτο
2651 4772 2866 4844 θρηνῶν
2895 4774 3041 4844 ἡμᾶς
3067 4773 3097 4827 ὁ
3128 4774 3570 4846 μέγαςἨσαῖας.
3604 4775 3745 4848 κρά-

2155 4864 2261 4929 ζει,
2313 4864 2582 4935 βοηθῆσαι
2633 4865 2752 4935 ἅμα
2804 4865 3133 4937 βουλόμενος
3179 4869 3245 4939 τῇ
3299 4866 3509 4923 πτώσει
3558 4869 3740 4941 ἡμῶν,

2161 4955 2367 5023 λέγων’
2406 4956 2468 5009 Tl
2514 4956 2601 5010 ἐτι
2654 4956 2928 5025 πληγῆτε
2988 4960 3417 5026 προστιθέντες
3457 4960 3739 5029 ἀνομίαν;

2162 5045 2341 5103 Πᾶσα
2379 5048 2617 5117 κεφαλὴ
2648 5050 2737 5114 είς
2781 5048 2994 5116 πόνον,
3046 5048 3144 5104 καὶ
3190 5049 3360 5107 πᾶσα
3393 5050 3608 5120 καρδία
3651 5055 3740 5121 εἰς

2160 5141 2399 5209 λύπην
2435 5140 2552 5194 ἀπὸ
2601 5138 2806 5193 ποδῶν
2834 5139 2947 5205 ἕως
2993 5139 3266 5211 κεφαλῆς
3303 5142 3414 5195 οὐκ
3453 5141 3629 5196 ἐστιν
3670 5142 3738 5196 ἐν

2159 5230 2320 5298 αὐτῷ
2375 5231 2739 5299 όλοκληρία·
2793 5231 2931 5286 οὔτε
2974 5232 3237 5304 τραῦμα,
3288 5234 3428 5288 οὔτε
3476 5234 3734 5304 pexae,

2159 5326 2297 5379 οὔτε
2327 5324 2532 5394 πληγὴ
2579 5325 3074 5395 φλεγμαίνουσα·
3127 5329 3239 5381 οὐκ
3277 5328 3410 5380 ἐστι
3449 5325 3737 5396 μάλαγμα

2158 5416 2468 5491 ἐπιθεῖναι,
2512 5418 2653 5471 οὒτε
2683 5418 2913 5483 ἔλαιον,
2950 5419 3088 5473 οὔτε
3131 5407 3566 5488 καταδέσμουξ.
3604 5412 3739 5471 Εἶτα

2155 5509 2209 5561 τί
2238 5508 2298 5562 τὸ
2321 5509 2414 5561 ἐπὶ
2433 5507 2669 5577 τούτοις;
2708 5494 3357 5581 Ἐγκαταλειερθήσεται
3404 5512 3443 5580 ἡ
3476 5508 3739 5580 θυγάτηρ

500 5698 509 5705 ’
540 5695 582 5777 δέ
598 5694 766 5777 _Joat_1‘.
793 5698 960 5777 itali.
1037 5698 1083 5730 ⁸⁸
1109 5699 1245 5777 Gen.
1282 5717 1355 5777 vt,
1392 5700 1445 5756 3.
1522 5703 1709 5777 "qlae.
1741 5705 1928 5777 Ir,_l§l.
1999 5706 2044 5740 ⁸⁷

2162 5707 2211 5762 [Ι.
2240 5706 2330 5760 ελο.
2371 5708 2418 5741 ⁸⁸
2449 5705 2623 5762 Galat.
2653 5723 2710 5770 ιι,
2743 5706 2832 5763 20.
2910 5708 2955 5743 ⁸³
2990 5709 3011 5763 l
3043 5682 3170 5765 Cor.
3204 5726 3277 5777 Iv,
3301 5710 3388 5765 £2.
3464 5714 3510 5745 "
3540 5713 3731 5769 Matth.

468 5779 522 5829 γ,
551 5765 640 5821 44.
717 5765 758 5795 ⁹¹
793 5766 983 5822 Matth.
1020 5786 1126 5835 xxi,
1167 5771 1264 5837 A15;
1291 5765 1447 5826 lean.
1481 5789 1538 5839 ll,
1577 5774 1661 5827 16.
1740 5765 1830 5829 "l
1868 5775 2014 5830 Petr.
2049 5797 2060 5830 ι

2162 5782 2192 5832 t.
2268 5778 2314 5809 "
2345 5776 2449 5833 Isa.
2483 5793 2519 5841 ι,
2554 5778 2609 5831 4.
2686 5765 2729 5809 έδ
2760 5778 2862 5831 lsa.
2890 5794 2928 5843 ι,
2959 5779 3011 5840 5,
3044 5780 3095 5834 6.
