4070 6402
455 344 550 408 9-41

1743 346 1970 404 LIBER
2005 344 2431 405 ASCETICUS.

3611 336 3713 401 EH2

457 453 611 507 Σιὼν
643 453 720 518 ὡς
742 450 945 520 σκηνὴ
969 452 1040 506 ἐν
1070 451 1398 521 ἀμπελῶνι,
1425 453 1518 505 καὶ
1538 453 1615 516 ὡς
1634 449 2026 518 (Meropum-

2138 466 2389 521 ponorum
2438 448 2672 502 custmz'ia
2716 448 2766 499 in
2803 444 3186 508 cucumerario,
3220 445 3352 498 sicut
3384 444 3503 496 urbs
3535 461 3698 513 expu-

456 559 591 598 κιον
639 545 709 596 ἐν
777 542 1144 610 σικυηλάτῳ.
1189 542 1270 606 ὡς
1315 544 1496 608 πόλις
1527 542 2026 611 πολιορκουμένη.

458 635 672 703 Ταύτην
700 634 857 703 ἡμῶν
886 634 984 702 τῆς
1010 633 1190 703 ψυχῆς
1234 634 1332 704 τὴν
1367 634 1646 703 ἐρήμωσιν
1676 634 1770 685 καὶ
1799 634 1828 686 ὁ
1871 632 2031 685 Ἀπό-

459 727 641 789 ora)»;
663 726 861 793 δηλῶν,
883 726 1068 793 ἔλεγε·
1103 725 1216 780 Καὶ
1263 725 1459 790 καθὼς
1499 727 1612 779 οὐκ
1658 725 2032 793 ἐδοκίμασαν

457 817 561 870 τὸν
599 816 750 870 Θεὸν
777 817 945 885 ἐχειν
970 817 1042 870 έν
1069 815 1406 888 ἐπιγνώσει,
1444 813 1789 884 παρέδωκεν
1807 815 2032 882 αὐτοὺς

456 911 489 961 ό
538 908 684 972 Θεὸς
729 911 819 973 εὶς
871 908 1160 977 ἀδόκιμον
1198 908 1382 970 νοῦν,
1429 907 1623 960 ποιεῖν
1667 907 1742 960 τὰ
1774 906 1860 976 μὴ
1891 910 2032 961 καθ-

455 999 718 1066 ήκοντα·
777 998 1286 1067 πεπληρωμένους
1328 997 1499 1066 πάσῃ
1557 998 1778 1065 ἀδικίᾳ,
1827 998 2028 1064 κακίᾳ,

455 1093 738 1160 πονηρίᾳ,
788 1089 1132 1158 πλεονεξίᾳο
1190 1089 1458 1160 μεστοὺς
1507 1091 1758 1158 φθόνου,
1816 1089 2028 1158 φόνου,

455 1181 684 1248 ἔριδος,
725 1181 934 1248 δόλου,
993 1183 1382 1250 κακοηθείας,
1419 1180 1818 1249 ψιθυριστάς,
1862 1196 2033 1233 κατα-

453 1273 718 1339 λάλους,
783 1273 1162 1344 θεοστυγεῖς,
1214 1272 1523 1340 ὑϐριστὰς,
1579 1270 2029 1341 ὑπερηφάνους,

454 1365 772 1430 ἀλαζόνας,
803 1366 1130 1434 ἐφευρετὰς
1175 1365 1399 1428 κακῶν,
1431 1365 1719 1435 γονεῦσιν
1745 1362 2030 1429 ἀπειθεῖς,

454 1457 816 1524 ἀσυνέτους,
839 1459 1235 1524 ἀσυνθέτους,
1267 1459 1624 1528 ἀστόργους,
1656 1457 2030 1522 ἀσπόνδους,

455 1548 900 1618 ἀ-›·ελεήμονας’
956 1550 1178 1614 οἵτινες
1232 1549 1298 1603 τὸ
1363 1548 1653 1618 δικαίωμα
1698 1548 1805 1602 τοῦ
1881 1546 2034 1602 Θεοῦ

457 1642 837 1710 ἐπιγνόντες,
860 1641 948 1695 ὅτι
968 1644 1024 1695 οἱ
1061 1644 1134 1695 τὰ
1192 1641 1438 1695 τοιαῦτα
1464 1639 1848 1708 πράσσοντες
1878 1637 2034 1702 ἄξιοι

456 1728 719 1784 θανάτου
768 1731 949 1796 εἰσιν,
993 1734 1064 1784 οὺ
1095 1733 1290 1800 μόνον
1316 1730 1471 1784 αὐτὰ
1509 1730 1814 1794 ποιοῦσιν,
1868 1728 2033 1784 ἀλλά

2131 555 2297 617 gnata
2328 545 2395 597 9³.
2421 544 2568 598 lianc
2598 542 2791 596 anima:
2815 551 3014 595 nostrm
3046 538 3440 593 desolationem
3480 541 3712 606 Aposto-

2133 637 2220 692 lus
2245 652 2464 707 quoque
2493 635 2827 707 signiﬁcans,
2861 634 3044 687 aiebat
3081 651 3092 684 :
3134 632 3200 685 Et
3227 632 3361 685 sicut
3391 647 3492 684 non
3521 630 3711 699 proba-

2133 738 2320 782 verunt
2356 728 2546 782 habere
2575 727 2740 781 Deum
2776 726 2834 779 in
2861 725 3068 788 notitia,
3091 724 3307 776 tradidit
3330 722 3448 774 illos
3483 722 3620 774 Deus
3657 724 3710 772 in

2134 820 2412 891 reprobum
2434 836 2667 884 sensum,
2697 828 2753 872 ut
2775 819 2974 887 faciant
3000 833 3064 869 ea
3116 831 3229 886 qua:
3249 831 3352 867 non
3377 817 3712 873 conveniunt;

2134 911 2358 982 repletos
2385 913 2528 964 omni
2552 909 2853 980 iniquitate,
2890 907 3118 967 malitia,
3151 906 3406 975 nequitia,
3438 905 3662 957 avaritia
3694 944 3709 958 .

2134 1001 2314 1073 plenos
2345 1001 2565 1064 invidia,
2593 1001 2751 1064 ccede,
2791 1001 2931 1063 rixa,
2964 997 3106 1063 dolo,
3140 995 3715 1065 malignitate;susur-

2134 1109 2308 1158 rones,
2357 1091 2697 1155 detractores,
2730 1090 2838 1144 Deo
2878 1087 3114 1152 odibiles,
3163 1083 3584 1148 contumeliosos,
3623 1101 3720 1136 su-

2134 1185 2339 1254 perbos,
2376 1185 2518 1254 fastu
2548 1182 2733 1246 elatos,
2767 1181 3030 1235 malorum
3061 1177 3375 1242 inventores,
3412 1177 3718 1248 parentibus

2132 1278 2515 1347 immorigeros,
2550 1277 2876 1345 insipientes,
2905 1272 3293 1342 incompositos,
3346 1271 3459 1324 sine
3509 1271 3718 1340 affectu,

2134 1367 2347 1435 inﬁdos,
2393 1367 2850 1420 immisericordes.
2904 1363 3005 1429 Qui
3041 1379 3158 1416 cum
3190 1362 3460 1431 justitiam
3508 1360 3604 1412 Dei
3631 1376 3720 1413 co-

2133 1461 2466 1529 gnovissent;
2522 1459 2661 1530 quod
2696 1459 2780 1521 hi,
2844 1459 2931 1527 qui
2990 1454 3123 1509 talia
3166 1463 3364 1525 agunt.
3411 1453 3557 1524 digni
3614 1454 3720 1505 sint

2135 1559 2323 1614 morte,
2361 1567 2464 1606 non
2489 1551 2660 1604 solum
2691 1566 2752 1602 ea
2787 1549 3018 1617 faciunt,
3063 1549 3153 1602 sed
3202 1549 3363 1600 etiam
3389 1546 3723 1599 consentiunt

2135 1641 2469 1709 facientibus.
2504 1640 2793 1710 Propterea
2830 1639 3047 1692 tradidit
3093 1637 3214 1691 illos
3251 1636 3390 1690 Deus
3426 1638 3477 1689 in
3507 1634 3724 1706 probro-

2134 1749 2218 1788 sos
2242 1734 2482 1803 affectus,
2509 1741 2564 1785 ut
2594 1733 2884 1803 ignominia
2905 1733 3137 1801 afﬁciant
3164 1745 3386 1799 corpora
3424 1743 3522 1781 sua
3551 1726 3605 1780 in
3637 1742 3724 1780 se-

455 1817 559 1873 καὶ
613 1820 1062 1875 συνευδοκοῦσι
1106 1821 1232 1887 τοῖς
1276 1821 1651 1890 πράσσουσι.
1697 1821 1802 1873 Διά
1851 1818 2030 1872 τοῦτο

2138 1825 2366 1895 metipsis
2391 1825 2458 1877 “.
2493 1825 2590 1878 llis
2627 1841 2754 1878 vero
2788 1823 2920 1893 quid
2945 1823 3166 1878 comes?
3196 1817 3721 1888 Revelatur,inquit,

454 1914 801 1983 παρέδωκεν
820 1917 1043 1984 αὐτοὺς
1071 1921 1104 1971 ό
1144 1917 1286 1984 Θεὸς
1331 1919 1418 1983 εις
1447 1916 1604 1984 πάθη
1635 1915 1892 1985 ἀτιμίας,
1921 1912 2030 1967 τοῦ

453 2006 835 2076 ἀτιμάζεσθαι
874 2010 947 2064 τὰ
984 2009 1232 2079 σώματα
1284 2009 1483 2064 αὐτῶν
1517 2009 1588 2062 ἐν
1627 2007 1882 2073 ἑαυτοῖς.
1920 2007 2031 2062 Καὶ

2135 1918 2220 1970 ira
2250 1915 2352 1970 Dei
2387 1917 2449 1969 de
2474 1916 2619 1978 carlo,
2647 1933 2804 1987 super
2833 1932 3039 1969 onmem
3061 1915 3386 1983 impietatem
3434 1921 3483 1964 et
3509 1909 3725 1980 injusti-

2139 2008 2269 2060 tiam
2290 2007 2559 2060 hominum
2585 2007 2653 2069 ",
2683 2016 2738 2061 et
2758 2021 2879 2075 qua:
2907 2012 3231 2073 sequuntur.

453 2097 593 2152 τιτδ
635 2099 729 2151 ἐπὶ
771 2100 1021 2167 sedeone;
1071 2101 1608 2166 Ἀποκαλύπτεται,
1650 2101 1836 2172 φησιν,
1883 2100 2030 2170 ὀργὴ
2075 2097 2221 2150 Θεοῦ
2281 2098 2383 2151 ἀπ’
2451 2098 2713 2166 οὐρανοῦ
2742 2098 2839 2150 ἐπὶ
2883 2095 3093 2150 πᾶσαν
3126 2095 3410 2149 ἀσέϐειαν
3445 2092 3544 2145 καὶ
3597 2090 3726 2145 ἁδι-

455 2192 599 2245 κίαν
622 2193 975 2261 ἀνθρώπων,
1011 2193 1104 2248 καὶ
1134 2195 1206 2248 τὰ
1241 2193 1388 2265 ἑξῆς.

495 2313 506 2325 -
527 2283 636 2349 λς’.
668 2284 883 2355 Ταύτην
909 2289 1010 2357 τῆς
1027 2285 1203 2357 ψυχῆς
1231 2287 1507 2358 ἐρήμωσιν
1529 2285 1622 2338 καὶ
1640 2285 1668 2338 ὁ
1702 2283 1904 2355 Κύριος
1935 2298 2034 2353 μη·

455 2376 620 2444 νὺων,
652 2376 838 2446 ἔλεγεν
861 2395 874 2408 ·
917 2379 1340 2448 Ἰερουσαλὴμ,
1400 2376 1791 2446 Ἰερουσαλὴμ
1821 2377 1858 2443 ἡ
1881 2377 2033 2429 ἀπο-

455 2470 785 2524 κτείνουσα
805 2471 949 2536 τοὺς
976 2470 1306 2539 προφήτας,
1330 2471 1428 2525 καὶ
1456 2469 1863 2525 λιθοϐολοῦσα
1890 2468 2032 2532 τοῖνς

454 2559 957 2630 ἀπεσταλμένους
983 2562 1135 2629 πρὸς
1175 2562 1401 2631 αὐτήν·
1449 2561 1707 2626 ποσάκις
1756 2559 2034 2627 ἠθέλησα

452 2652 922 2721 ἐπισυναγαγεῖν
942 2655 1014 2706 τὰ
1035 2655 1213 2706 τέκνα
1242 2668 1381 2718 σου,
1403 2653 1483 2716 ὡς
1498 2652 1674 2719 ,ὄρνις
1703 2653 1774 2705 τίι
1806 2651 2032 2704 νοσσία

454 2741 649 2808 αὐτῆς
685 2742 801 2796 ὑπὸ
826 2743 931 2810 τὰς
983 2743 1304 2812 πτέρυγας,
1348 2744 1446 2798 καὶ
1499 2746 1611 2798 οὐκ
1643 2742 2029 2811 ἡθελήσατε;

471 2831 615 2885 Ἰδοὺ
640 2833 871 2900 ἀφίεται
898 2835 931 2886 ό
954 2828 1120 2897 οἶκος
1147 2831 1315 2902 ὑμῶν
1341 2833 1580 2900 ἕρημος.
1619 2834 1678 2886 '0
1713 2832 1769 2884 δὲ
1804 2831 2032 2894 Ἡσαΐας

459 2923 648 2976 πάλιν·
695 2923 880 2992 Ὀρῶν
923 2923 1085 2992 ἡμᾶς
1142 2923 1284 2990 τοὺς
1336 2923 1522 2991 δῆθεν
1571 2921 1878 2992 μοναχοὺς
1923 2921 2031 2985 τὰς

457 3013 801 3082 σωματικὰς
831 3013 1205 3082 λειτουργίας
1235 3011 1662 3076 ἐπιτελοῦντας
1679 3011 1891 3079 μόνον,
1921 3026 2030 3062 κα-

455 3104 907 3174 ταφρονοῦντας
925 3102 992 3156 δὲ
1017 3103 1136 3156 τῶν
1153 3101 1592 3171 πνευματικῶν,
1612 3101 1709 3153 καὶ
1734 3099 1831 3152 διὰ
1855 3097 2032 3151 τοῦτο

457 3195 931 3266 τετυφωμένους,
956 3196 1187 3264 ἔλεγεν,
1227 3194 1553 3246 Ἀκούσατε
1585 3191 1770 3259 λόγον
1791 3189 2032 3256 Κυρίου,

457 3288 749 3356 ἄρχοντες
772 3285 1048 3352 Σοδόμων
1073 3300 1088 3314 ·
1117 3281 1443 3351 προσέχετε
1470 3282 1658 3351 νόμον
1689 3281 1858 3344 Θεοῦ,
1887 3279 2038 3343 λαὸς

459 3378 787 3446 Γομόρρας.
846 3375 906 3428 Τί
946 3390 1048 3443 μοι
1091 3371 1324 3440 πλῆθος
1369 3371 1489 3426 τῶν
1548 3370 1779 3427 θυσιῶν
1831 3367 2036 3438 ὑμῶν;

459 3469 711 3536 Πλήρης
753 3466 870 3534 εἰμὶ
940 3465 1060 3518 τῶν
1113 3462 1626 3532 ὁλοκαυτωμάτων
1671 3460 1887 3529 κριῶνο
1938 3459 2038 3513 καὶ

460 3558 644 3626 στέαρ
687 3555 906 3625 ἀρνῶν,
940 3556 1038 3609 καὶ
1083 3552 1225 3625 αἷμα
1284 3555 1518 3622 ταύρων
1560 3553 1661 3606 καὶ
1688 3551 1918 3621 τράγων
1965 3551 2036 3604 οὐ

461 3651 778 3718 βούλομαι.
821 3649 916 3713 Τίς
953 3649 1063 3717 γάρ
1096 3645 1416 3715 ἐξεζήτησε
1445 3645 1631 3698 ταῦτα
1657 3645 1723 3696 ἐκ
1764 3642 1881 3696 τῶν
1912 3659 2036 3710 χει-

458 3739 588 3808 ρῶν
620 3739 819 3810 ὐμῶν;
847 3738 1060 3792 Πατεῖν
1089 3737 1204 3805 τὴν
1242 3735 1445 3801 αὐλήν
1485 3752 1607 3804 μου
1666 3735 1739 3787 οὐ
1770 3731 2037 3801 προσθή-

465 3816 668 3886 ἇεσθε.
709 3831 844 3884 Ἐὰν
870 3830 1086 3899 φέρητε
1126 3828 1462 3897 σεμίδαλιν,
1488 3826 1773 3896 μάταιον’
1824 3824 2038 3892 θυμία-

457 3940 544 3992 μα
570 3921 736 3993 [Sixt.
766 3921 990 3990 μάταιον
1021 3918 1294 3989 θυμίαμα,
1332 3934 1434 3972 non
1469 3917 1602 3972 satis
1635 3913 2039 3987 αριε],,ϐδέλυ-

465 4010 584 4081 γμά
605 4013 709 4080 μοί
727 4011 879 4064 ἐστι.
929 4009 1039 4075 Τὰς
1081 4008 1411 4076 νουμηνίας
1436 4006 1600 4076 ὑμῶν
1629 4007 1727 4062 καὶ
1772 4007 1844 4060 τὰ
1894 4005 2040 4059 σάϐ-

466 4091 636 4163 ϐάτα,
675 4102 773 4156 καὶ
821 4101 1049 4170 ἡμέραν
1077 4098 1354 4169 μεγάλην
1393 4103 1503 4153 οὐκ
1561 4098 1865 4168 ἀνέχομαι.
1921 4100 2039 4164 Νη·

464 4193 678 4246 στείαν
709 4193 807 4245 καὶ
838 4193 1051 4260 ἀργίαν
1073 4192 1168 4243 καὶ
1204 4190 1310 4255 τὰς
1342 4188 1550 4256 ἑορτὰς
1581 4189 1764 4256 ὑμῶν,
1804 4187 1975 4257 μισεῖ
1999 4188 2038 4252 ἡ

465 4283 638 4352 ⁴ψυχή
669 4267 808 4351 μου.
862 4281 1216 4351 Ἐγενήθητέ
1245 4297 1346 4348 μοι
1378 4283 1464 4346 εὶς
1489 4280 1876 4348 πλησμονήν·
1908 4280 2042 4332 οὐκ-

465 4376 556 4428 ἐτι
587 4378 656 4430 οὺ
693 4375 778 4444 μὴ
813 4375 1053 4429 ἀνοίσω.
1112 4374 1299 4425 ’Ὅταν
1338 4373 1442 4438 τὰς
1490 4374 1691 4440 χεῖρας
1739 4374 2043 4440 ἐκτείνητε

2209 2279 2298 2333 56.
2348 2278 2497 2333 lianc
2537 2295 2753 2348 quoque
2792 2279 2988 2333 auium
3025 2277 3417 2331 desolationem
3464 2272 3729 2328 Dominus

2140 2368 2486 2439 signiﬁcans,
2541 2369 2768 2423 aiebat:
2813 2368 3135 2431 Jerusalem,
3179 2366 3342 2436 385
3395 2363 3726 2427 Jerusalem,

2138 2477 2255 2530 qua’
2288 2460 2473 2513 occidis
2491 2461 2792 2530 prophetas,
2842 2469 2888 2513 et
2923 2458 3131 2529 lapides
3163 2475 3270 2522 eos,
3298 2457 3388 2526 qui
3418 2456 3487 2509 ad
3512 2463 3560 2507 te
3586 2453 3731 2506 missi

2135 2561 2290 2616 sunt,
2321 2553 2524 2622 quoties
2566 2551 2706 2605 volui
2755 2567 3076 2621 congregare
3127 2549 3268 2617 ﬁlios
3303 2557 3439 2610 tuos,
3476 2544 3731 2616 quemad-

2138 2643 2350 2697 modum
2398 2643 2602 2714 gallina
2649 2649 2930 2712 congregat
2983 2641 3154 2712 pullos
3200 2657 3320 2695 suos
3367 2640 3461 2693 sub
3501 2637 3640 2702 alas,
3678 2643 3728 2689 et

2138 2739 2353 2794 noluisti
2382 2739 2408 2792 .9
2442 2737 2576 2792 Ecce
2613 2737 2942 2808 relinquetur
2979 2736 3162 2789 domus
3215 2743 3389 2788 vestra
3435 2732 3641 2785 deserta
3659 2729 3726 2783 ".

2137 2826 2349 2880 Rursus
2378 2838 2510 2878 vero
2530 2823 2716 2886 lsaias,
2736 2838 2840 2878 nos
2862 2822 3121 2876 videlicet
3140 2819 3458 2882 monachos,
3489 2817 3583 2888 qui
3609 2831 3730 2871 cor-

2135 2917 2342 2987 poralia
2373 2916 2638 2969 duntaxat
2662 2914 2846 2967 munia
2873 2914 3158 2977 obeamus,
3183 2920 3599 2967 contemnamus
3627 2924 3729 2962 au-

2138 3020 2246 3064 tem
2272 3007 2558 3078 spiritalia,
2599 3014 2764 3074 atque
2802 3022 2868 3060 eo
2912 3005 3134 3060 nomine
3183 3003 3353 3057 inflati
3391 3003 3583 3066 simus,
3613 3001 3728 3070 spi-

2061 3127 2103 3186 c
2137 3105 2246 3158 ritu
2284 3104 2540 3168 intuens,
2582 3102 2764 3157 aiebat
2801 3120 2812 3155 :
2847 3102 3034 3156 Audite
3076 3102 3286 3156 verbum
3321 3097 3550 3163 Domini,
3583 3098 3733 3168 prin-

2143 3198 2281 3266 cipes
2304 3194 2688 3258 Sodomorum;
2721 3195 2974 3248 attendite
3003 3194 3103 3265 legi
3131 3192 3246 3256 Dei,
3272 3190 3494 3262 populus
3512 3189 3732 3246 Gomor-

2143 3288 2269 3339 rhw.
2312 3284 2426 3350 Quo
2474 3287 2606 3340 mihi
2665 3284 2946 3338 multitudo
2998 3283 3330 3337 victimarum
3378 3273 3733 3335 vestrarum?

2143 3375 2342 3429 Plenus
2364 3392 2483 3428 sum
2508 3375 2824 3428 holocaustis
2844 3376 3110 3438 arietum;
3139 3382 3188 3426 et
3212 3373 3419 3443 adipem
3443 3388 3729 3442 agnorum,

2143 3473 2192 3518 et
2217 3467 2531 3534 sanguinem
2555 3473 2836 3518 taurorum
2869 3472 2918 3516 et
2944 3465 3210 3516 hircorum
3249 3461 3390 3516 nolo.
3420 3460 3547 3526 Quis
3589 3463 3732 3514 enim

2143 3555 2420 3624 acquisivit
2473 3555 2582 3608 hazc
2632 3554 2694 3606 de
2743 3553 2982 3606 manibus
3013 3554 3240 3607 vestris?
3270 3551 3495 3607 Calcare
3531 3555 3732 3606 atrium

2143 3662 2320 3700 meum
2373 3662 2478 3700 non
2517 3647 2819 3715 apponatis.
2863 3644 2921 3699 Si
2956 3646 3189 3716 offeratis
3231 3643 3486 3709 similam,
3527 3645 3732 3714 frustra

2143 3746 2262 3792 est:
2289 3740 2577 3802 incensum,
2614 3738 2937 3790 abominatio
2985 3739 3110 3790 mihi
3145 3745 3240 3791 est.
3291 3736 3602 3790 Neomenias
3647 3753 3734 3790 ve-

2142 3840 2281 3883 stras
2307 3837 2354 3882 et
2377 3827 2630 3892 Sabbata,
2665 3837 2714 3882 et
2733 3830 2870 3882 diem
2898 3846 3149 3900 magnum
3173 3847 3274 3882 non
3307 3829 3436 3898 fero.
3455 3827 3732 3898 Jejunium

2141 3930 2190 3974 et
2221 3921 2379 3990 ferias
2418 3929 2467 3974 et
2505 3921 2810 3990 festivitates
2833 3929 3033 3974 vestras
3056 3922 3162 3973 odit
3197 3922 3378 3974 (mima
3411 3937 3548 3974 mea.
3583 3920 3732 3975 Facti

2140 4013 2260 4066 estis
2307 4013 2434 4065 mihi
2469 4013 2523 4066 in
2557 4013 2878 4065 satietatem.
2931 4011 3052 4066 Non
3099 4011 3247 4066 ultra
3283 4013 3569 4066 dimittam.
3598 4011 3731 4067 Cum

2143 4105 2478 4158 extenderitis
2542 4122 2729 4158 manus
2762 4104 2831 4158 ad
2886 4121 2986 4168 me,
3034 4115 3276 4158 avertam
3311 4103 3486 4158 oculos
3528 4120 3668 4157 meos
3696 4121 3731 4158 a

2143 4197 2304 4261 vobis,
2331 4205 2380 4249 et
2427 4194 3037 4266 cummultiplicaveritis
3068 4197 3382 4264 orationem,
3406 4212 3511 4249 non
3566 4212 3732 4248 exau-

2145 4288 2310 4342 diam.
2343 4287 2615 4354 Quorsum
2646 4288 2822 4342 vero?
2869 4287 3059 4342 Manus
3093 4290 3231 4341 enim
3260 4293 3464 4351 vestrm,
3509 4287 3729 4355 inquit,

2143 4379 2404 4449 sanguine
2434 4378 2604 4448 plenre
2641 4387 2762 4432 sunt
2795 4379 2864 4444 9°;
2900 4378 3107 4433 idcirco
3155 4378 3440 4442 nimirum,
3471 4378 3598 4448 quia
3643 4384 3734 4447 qui

466 4467 618 4534 πρός
668 4483 764 4534 με,
819 4461 1180 4530 ἀποστρέφω
1225 4463 1364 4526 τοὺς
1399 4461 1743 4530 ὀφθαλμούς
1786 4478 1906 4529 μου
1940 4460 2035 4529 ἀφ’

2148 4470 2256 4523 odit
2284 4471 2505 4538 fratrem
2537 4488 2714 4535 suum,
2767 4471 3031 4525 homicida
3095 4479 3169 4525 est
3199 4473 3239 4528 ⁸.
3291 4470 3527 4525 Proinde
3568 4470 3733 4539 quid-

465 4553 635 4624 ὑμῶν
655 4572 667 4585 ·
706 4556 803 4608 καὶ
846 4553 951 4606 ἐὰν
976 4553 1323 4620 πληθύνητε
1351 4551 1466 4618 τὴν
1501 4550 1734 4618 δέησιν,
1778 4553 1890 4604 οὐκ
1917 4552 2043 4604 εισ-

467 4648 807 4715 ακούσομαι
845 4641 1031 4713 ὑμῶν.
1097 4642 1282 4708 Διατί;
1328 4645 1399 4696 At
1459 4640 1570 4710 γὰρ
1627 4641 1822 4710 χεῖρες
1848 4639 2036 4710 ὑμῶν,

2147 4561 2281 4631 quid
2346 4570 2430 4616 est
2501 4563 2828 4632 disciplinae,
2887 4564 3266 4632 religiosaque
3318 4563 3734 4618 exercitationis

2145 4649 2414 4703 cbaritate
2455 4665 2565 4704 non
2590 4650 2808 4715 fultum,
2838 4651 3076 4705 alienum
3107 4667 3136 4704 a
3176 4646 3288 4706 Deo
3307 4659 3411 4706 est.

471 4739 662 4809 φησὶν,
718 4739 966 4806 αἵματος
1029 4735 1314 4804 πλήρειςσ
1379 4735 1565 4806 ἐπειδὴ
1620 4739 1654 4789 ό
1701 4735 1899 4804 μισῶν
1942 4737 2050 4791 τὸν
2087 4739 2358 4810 ἀδελφὸν
2418 4744 2629 4808 αὐτοῦ,
2666 4745 3179 4812 ἀνθρωποκτόνος
3225 4743 3379 4797 ἐστί.
3429 4741 3527 4795 Διὰ
3573 4741 3732 4794 τοῦτο

472 4837 626 4889 πᾶσα
657 4837 888 4901 ἄσκησις
917 4833 1138 4902 ἀγάπην
1205 4832 1278 4902 μὴ
1319 4832 1516 4902 ἔχουσα
1547 4831 1800 4901 ἀλλοτρία
1823 4832 1916 4885 τοῦ
1981 4833 2114 4889 Θεσῦ
2154 4838 2500 4893 καθίσταται.

546 4927 610 4991 ζ’.
661 4928 763 4982 Διὰ
813 4928 970 4981 τοῦτο
1003 4927 1098 4981 καὶ
1147 4927 1244 4998 τὴν
1281 4927 1569 4999 ὑπόκρισιν
1606 4929 1765 4998 ἡμῶν
1805 4929 2042 5000 ἐλέγχων

473 5018 758 5088 πόρρωθεν
800 5017 1002 5084 ἔλεγεν·
1048 5017 1110 5070 ἿΟ
1131 5016 1279 5082 λαὸς
1312 5012 1510 5082 οὗτος,
1545 5017 1668 5084 τοῖς
1695 5019 1928 5085 χείλεσι
1967 5035 2044 5088 με

470 5108 630 5178 τιμᾷ·
659 5111 695 5177 ἡ
726 5107 793 5162 δὲ
815 5109 1027 5177 καρδιά
1055 5107 1254 5163 αὐτῶν
1282 5110 1480 5177 πόρρω
1500 5109 1709 5178 ἀπέχει
1740 5111 1857 5164 ἀπ’.
1874 5112 2042 5181 ἐμοῦ,

463 5200 668 5270 μάτην
691 5199 758 5253 δὲ
783 5199 1063 5254 σέϐονταί
1077 5217 1173 5268 με,
1203 5201 1297 5254 καὶ
1319 5201 1387 5254 τὰ
1413 5200 1560 5269 ἑξῆς.
1591 5203 1701 5255 Καὶ
1723 5203 1864 5274 ἆπερ
1920 5205 1977 5258 δὲ
2018 5208 2046 5260 6

475 5291 679 5360 Κύριος
711 5291 868 5360 ἡμῶν
893 5291 1046 5358 ἔλεγε
1071 5290 1369 5355 ταλανίζων
1393 5293 1519 5354 τοὺς
1541 5293 1890 5362 Φαρισαίους,
1917 5296 2047 5364 περὶ

477 5381 634 5452 ἡμῶν
655 5380 766 5450 ἐγὼ
791 5381 994 5446 ἀκούω,
1023 5381 1132 5435 τῶν
1153 5381 1248 5434 νῦν
1281 5382 1610 5452 ὑποκριτῶν,
1640 5382 1750 5436 τῶν
1781 5385 2050 5457 τοσαύτης

477 5470 695 5541 χάριτος
716 5470 1075 5538 ἀξιωθέντων,
1103 5472 1197 5525 καὶ
1225 5470 1392 5541 χείρω
1417 5471 1639 5524 ἐκείνων
1661 5472 2044 5542 διακειμένων.

2221 4933 2309 4987 57.
2336 4933 2549 4988 Idcirco
2583 4933 2749 4988 etiam
2773 4941 3017 4988 nostram
3043 4933 3236 5007 procul
3267 4932 3608 5003 hypocrisim
3639 4949 3731 4987 ar-

2152 5039 2344 5092 guens,
2381 5023 2600 5077 aiebat:
2637 5023 2868 5094 Populus
2905 5026 2985 5077 hic
3020 5025 3171 5078 labiis
3215 5040 3295 5077 me
3326 5025 3571 5088 honorat,
3639 5041 3730 5076 cor

2153 5123 2330 5167 autem
2367 5130 2545 5168 eorum
2583 5113 2734 5185 longe
2762 5123 2836 5169 est
2864 5133 2895 5168 a
2933 5131 3057 5170 me:
3088 5117 3200 5170 sine
3229 5132 3392 5169 causa
3428 5125 3604 5185 autem
3639 5133 3730 5169 co-

2155 5202 2268 5255 lunt
2302 5219 2383 5257 me
2408 5204 2452 5267 ¹,
2477 5211 2532 5258 et
2569 5183 2691 5274 quin
2726 5213 3052 5274 sequuntur.
3090 5204 3235 5271 Quin
3267 5213 3323 5259 et
3355 5221 3440 5269 ea,
3468 5183 3589 5274 quae
3625 5206 3729 5258 llo-

2154 5295 2339 5350 minus
2386 5305 2574 5351 noster
2618 5298 2834 5352 locutus
2863 5305 2950 5351 est
2980 5297 3273 5366 deplorans
3313 5298 3638 5361 Pharisteos,
3676 5298 3729 5351 in

2151 5401 2253 5440 nos
2288 5385 2433 5440 dicta
2461 5402 2561 5457 ego
2593 5387 2780 5454 audio,
2808 5389 2904 5458 qui
2923 5404 3073 5443 nunc
3105 5389 3515 5460 bypocritarum
3546 5389 3729 5442 album

2156 5476 2486 5546 implemus:
2523 5478 2615 5548 qui
2653 5486 2800 5534 tanta
2837 5480 3046 5552 dignati
3086 5482 3283 5553 gratia,
3315 5481 3471 5551 pejus
3512 5479 3620 5534 illis
3657 5480 3732 5533 la-

549 5653 594 5732 ξι
623 5655 726 5709 lsa.
749 5669 788 5716 ι,
817 5653 902 5736 8..-
945 5652 1180 5736 Ἴρῳ.
1209 5668 1247 5715 ι,
1275 5653 1458 5736 esse.
1535 5655 1578 5687 οτ
1622 5654 1751 5709 ibid.
1783 5655 1867 5710 ts.
1945 5659 2035 5712 οε]

2138 5658 2212 5712 th.
2238 5675 2388 5723 xxtn,
2422 5661 2509 5726 57,
2541 5661 2627 5715 58.
2709 5663 2751 5694 ’⁵
2787 5663 2952 5736 lsa._t,
2986 5662 3174 5718 10-15.
3251 5663 3318 5722 ’.Ι
3353 5662 3508 5718 Joan.
3537 5678 3614 5729 tu,
3644 5662 3733 5718 15.

479 5723 503 5758 ⁸
533 5724 634 5778 lsa.
664 5739 808 5788 nix,
840 5724 937 5786 1'5;
969 5722 1155 5776 Matth.
1188 5738 1272 5788 xv,
1309 5724 1358 5776 8.
