4070 6458
390 327 495 394 943

1556 323 1624 384 S.
1657 323 1947 384 ΜΛΧΙΜΙ
1987 322 2500 384 CONFESSORIS

3593 327 3702 393 91L

385 447 671 503 boramus.
712 443 855 499 Num
910 451 966 498 et
1003 457 1106 498 nos
1143 442 1435 514 adigamus
1477 446 1646 497 one‘ra
1687 443 1874 513 gravia
1925 450 1982 497 et

2099 443 2156 494 Ἡ
2185 443 2307 514 οὐχὶ
2337 444 2434 496 καὶ
2481 443 2640 513 ἡμεῖς
2671 439 2980 513 δεσμοῦμεν
3019 444 3213 515 φορτία
3246 444 3424 515 βαρέα
3449 445 3551 498 καὶ
3576 446 3712 497 δυσ-

387 535 780 608 importabilia,
808 543 865 590 et
894 535 1232 606 imponimus
1269 535 1326 588 in
1359 535 1624 590 humeros
1666 534 1974 599 hominum,

386 637 443 683 et
473 627 732 682 nolumus
754 625 927 696 digito
957 641 1020 680 ea
1051 640 1273 680 movere
1302 625 1360 678 8?
1392 625 1532 679 Num
1568 634 1624 679 et
1659 640 1760 679 nos
1793 625 1978 678 omnia

389 734 556 788 opera
587 727 777 773 nostra
801 718 1063 782 facimus,
1086 726 1144 772 ut
1170 719 1460 772 videamur
1488 717 1557 772 ab
1581 717 1908 772 hominibus
1928 715 1979 768 ‘?

386 811 529 865 Num
562 818 618 865 et
651 825 754 864 nos
792 826 1041 863 amamus
1078 809 1286 880 primos
1322 809 1604 863 recubitus
1642 808 1694 862 in
1721 811 1896 864 caenis
1923 815 1980 862 et

387 901 598 970 primas
641 900 803 954 sedes
852 900 908 954 in
953 900 1241 953 hominum
1284 900 1543 965 ccetibus,
1582 915 1647 954 ac
1686 898 1874 954 vocari
1909 899 1979 954 ab

390 993 713 1047 hominibus
760 993 958 1057 Rabbi,
1007 993 1220 1047 Rabbi?
1249 1008 1313 1047 ac
1353 993 1449 1063 qui
1496 994 1614 1048 haec
1652 1009 1762 1049 non
1811 993 1978 1049 etiam

391 1092 556 1154 alque
583 1085 750 1139 etiam
783 1085 1048 1150 tribuant,
1069 1085 1137 1139 ad
1169 1095 1402 1140 mortem
1435 1101 1610 1156 usque
1634 1086 1978 1156 insequimur

392 1193 456 1231 ac
490 1178 787 1231 vexamus?
816 1177 958 1231 Num
992 1184 1048 1232 et
1075 1193 1178 1232 nos
1212 1178 1441 1232 tulimus
1471 1178 1680 1234 clavem
1711 1179 1976 1243 scientiaa,

391 1275 444 1322 et
480 1268 790 1322 claudimus
832 1284 1059 1339 regnum
1097 1270 1364 1324 cmlorum
1411 1284 1598 1324 coram
1635 1270 1976 1337 hominibus,

393 1366 456 1412 ut
479 1374 581 1412 nec
605 1358 708 1428 ipsi
734 1358 1130 1428 ingrediantur,
1162 1375 1265 1412 nec
1296 1359 1422 1414 illos
1448 1359 1660 1429 ingredi
1680 1360 1980 1414 faciamus?

393 1452 534 1505 Num
559 1460 615 1504 et
647 1467 748 1505 nos
772 1451 1077 1506 circuimus
1108 1467 1258 1506 mare
1298 1461 1354 1506 et
1384 1453 1593 1506 aridam
1627 1463 1688 1508 ut
1712 1453 1978 1508 faciamus

394 1557 566 1595 unum
583 1541 943 1613 proselytum,
961 1541 1126 1611 386
1141 1551 1196 1596 et
1215 1558 1339 1595 cum
1354 1543 1530 1596 factus
1549 1543 1732 1608 fuerit,
1752 1543 1982 1599 facimus

395 1648 522 1687 eum
536 1633 801 1704 gehennae
816 1631 988 1686 ﬁlium
1002 1633 1172 1702 duplo
1186 1649 1347 1702 quam
1369 1635 1493 1688 nos?
1523 1635 1663 1688 Num
1685 1644 1740 1690 et
1758 1651 1858 1690 nos
1875 1634 1980 1689 du-

395 1739 489 1780 ces
534 1725 664 1779 caeci
705 1740 917 1787 sumus,
951 1724 1045 1794 qui
1070 1726 1316 1778 colemus
1333 1725 1587 1791 culicem,
1619 1736 1672 1780 et
1710 1728 1980 1781 camelum

2087 532 2391 601 ϐάστακτα,
2451 537 2547 586 καὶ
2600 533 2918 604 ὲπιτίθεμεν
2951 535 3043 588 ἐπὶ
3075 536 3202 598 τοὺς
3235 535 3426 606 ὤμους
3461 535 3578 590 τῶν
3603 540 3701 592 ἀν-

2087 621 2351 693 θρώπων,
2382 621 2460 692 τῷ
2501 622 2558 676 δὲ
2609 622 2860 695 δακτύλῳ
2903 625 3063 696 ἡμῶν
3091 625 3154 678 ού
3201 625 3436 696 θέλομεν
3467 626 3702 697 κινῆσαι

2086 715 2264 782 αὑτά;
2322 716 2395 768 Ἦ
2454 715 2576 784 ούχὶ
2633 715 2728 770 καὶ
2779 718 2977 788 ἡμεῖς,
3025 719 3207 772 πάντα
3241 721 3308 772 τὰ
3335 720 3488 789 ἔργα
3537 721 3702 790 ἡμῶν

2087 806 2352 878 ποιοῦμεν
2383 809 2521 878 πρὸς
2555 809 2618 861 τὸ
2647 808 2910 880 θεαθῆναι
2936 811 3050 873 τοῖς
3078 809 3433 881 ἀνθρώποις;
3471 813 3549 864 Ἢ
3579 813 3707 882 οὐχὶ

2087 898 2186 951 καὶ⁹
2209 901 2373 969 ἡμεῖς
2401 897 2666 969 φιλοῦμεν
2683 898 2782 969 τὴν
2804 899 3211 971 πρωτοκλισίαν
3234 902 3291 954 ὲν
3311 904 3434 965 τοῖς
3457 901 3709 966 δείπνοις

2087 989 2315 1053 καὶτὰς
2361 991 2847 1062 πρωτοκαθεδρίας
2901 992 2958 1044 ὲν
3011 993 3131 1056 ταῖς
3171 997 3555 1061 συναγωγαῖς,
3609 995 3708 1048 καὶ

2087 1082 2374 1137 καλεῖσθαι
2421 1083 2526 1136 ὑπὸ
2562 1083 2670 1137 τῶν
2721 1081 3026 1152 ἀνθρώπων
3089 1082 3297 1150 Ῥα66ὶ,
3343 1084 3570 1137 Ῥα66ί·
3609 1087 3708 1140 καὶ

2086 1175 2216 1238 τοὺς
2241 1173 2415 1227 ταῦτα
2441 1176 2574 1244 ἡμῖν
2608 1174 2682 1243 μὴ
2715 1174 2920 1246 σφόδρα
2951 1174 3351 1243 ἀπονέμοντας,
3384 1175 3498 1238 ἓως
3535 1173 3709 1229 θανά-

2085 1285 2180 1321 του
2208 1266 2577 1338 πολεμοῦμεν;
2611 1268 2684 1320 Ἦ
2699 1267 2821 1337 ούχὶ
2847 1267 2940 1319 καὶ
2969 1267 3131 1337 ἡμεῖς
3159 1267 3374 1338 ἡραμεν
3409 1268 3519 1339 τὴν
3549 1267 3706 1321 κλεῖ-

2087 1359 2155 1414 δα
2183 1359 2286 1430 τῆς
2326 1359 2606 1428 γνώσεως,
2649 1359 2746 1412 καὶ
2782 1358 3040 1430 κλείομεν
3085 1359 3186 1431 τὴν
3235 1358 3526 1428 βασιλείαν
3593 1361 3706 1413 τῶν

2088 1451 2334 1522 οὐρανῶν
2367 1449 2683 1522 ἔμπροσθεν
2713 1448 2822 1503 τῶν
2849 1449 3174 1520 ἀνθρώπων,
3212 1450 3347 1520 μηδὲ
3368 1434 3538 1505 αὐτοὶ
3589 1452 3706 1504 είσο

2090 1545 2399 1614 ερχόμενοι,
2445 1541 2579 1614 μηδὲ
2609 1542 2810 1606 αὐτοὺς
2835 1542 3119 1606 ποιοῦντες
3136 1541 3440 1608 είσελθεῖν;
3472 1543 3549 1595 Ἦ
3579 1543 3706 1613 οὐχὶ

2089 1635 2186 1688 καὶ
2217 1635 2378 1705 ἡμεῖς
2411 1635 2750 1706 περιάγομεν
2790 1633 2894 1703 τὴν
2934 1633 3209 1687 θάλασσαν
3255 1633 3351 1686 καὶ
3374 1632 3480 1703 τὴν
3525 1633 3704 1704 ξηρὰν

2092 1725 2324 1794 ποιῆσαι
2368 1723 2465 1778 ἕνα
2521 1723 2885 1794 προσήλυτον,
2915 1725 3012 1776 καὶ
3050 1725 3180 1777 ὅταν
3223 1723 3476 1796 γένηται,
3514 1723 3706 1777 ποιοῦ-

395 1814 728 1883 glutiamus?
752 1814 892 1868 Num
925 1822 979 1867 et
1006 1829 1107 1866 nos
1127 1814 1458 1868 mundamus
1482 1815 1629 1884 quod
1665 1815 1873 1870 deforis
1900 1822 1986 1870 est

2099 1831 2200 1885 μεν
2233 1814 2397 1869 αὐτὸν
2437 1814 2551 1868 υἱὸν
2581 1812 2808 1882 γεέννης
2853 1814 3171 1884 διπλότερον
3221 1815 3420 1885 ἡμῶν;
3469 1816 3546 1867 Ἦ
3580 1815 3707 1884 οὐχὶ

395 1904 586 1960 calicis
627 1913 685 1959 ct
725 1904 1073 1976 paropsidis;
1114 1905 1263 1974 quod
1302 1916 1485 1960 autem
1527 1917 1779 1961 nostrum
1834 1907 1984 1963 intus

400 2004 489 2050 est
515 1990 760 2065 ’plenum
807 2004 893 2050 est
934 1996 1126 2065 rapina
1170 2003 1226 2049 et
1261 1995 1584 2065 iniquitate?
1621 1999 1870 2067 quinimo
1902 1998 1986 2051 in-

396 2086 741 2141 continentia
783 2087 1042 2157 turpique
1077 2085 1342 2140 libidine?
1376 2086 1516 2140 Num
1538 2095 1711 2141 etnos
1746 2088 1986 2142 decima-

395 2194 522 2233 mus
559 2188 739 2232 rutam
762 2189 819 2234 et
849 2188 1116 2245 mentam,
1156 2193 1432 2247 omneque
1458 2179 1601 2240 olus,
1632 2189 1687 2232 et
1713 2179 1984 2248 judicium

395 2285 462 2324 ac
497 2269 856 2324 dilectionem
900 2268 998 2322 Dei
1040 2259 1552 2338 praetermittimus?
1572 2267 1726 2320 'Num
1778 2275 1835 2320 et
1883 2281 1987 2321 nos

397 2373 592 2412 sumus
637 2358 785 2412 sicut
831 2356 1087 2426 sepulcra
1131 2356 1392 2420 obscura,
1436 2355 1532 2425 qui
1579 2355 1717 2409 foris
1760 2356 1985 2425 quidem

393 2448 529 2520 justi
555 2446 876 2500 hominibus
909 2461 1222 2516 pareamus,
1256 2445 1407 2499 intus
1437 2454 1618 2498 autem
1644 2445 1790 2514 pleni
1814 2445 1988 2500 simus

399 2539 679 2612 hypocrisi
703 2546 759 2594 et
788 2538 1244 2608 improbitate'et
1283 2536 1434 2590 omni
1472 2538 1738 2606 spurcitia
1761 2539 1780 2568 ³
1801 2537 1822 2588 ?
1844 2537 1986 2590 Num

397 2639 456 2686 et
493 2645 595 2685 nos
623 2630 963 2684 tedilicamus
1000 2628 1254 2698 sepulcra
1296 2638 1604 2699 martyrum
1633 2635 1693 2682 et
1726 2643 1989 2682 ornamus

397 2731 755 2776 monumenta
783 2721 1184 2790 apostolorum,
1215 2727 1380 2790 atque
1413 2719 1523 2774 illis
1563 2720 1772 2774 similes
1798 2735 1990 2776 sumus

399 2816 494 2886 qui
529 2831 626 2870 eos
661 2813 1022 2869 occiderunt?
1051 2813 1186 2880 Quis
1230 2828 1362 2884 ergo
1406 2829 1517 2867 non
1548 2814 1749 2884 lugeat,
1786 2813 1880 2884 qui
1910 2813 1991 2868 sic

399 2907 583 2962 aﬁ‘ecti
630 2908 806 2962 simus
840 2916 897 2961 et
934 2906 1290 2961 laboremus?
1327 2905 1462 2972 Quis
1499 2912 1990 2981 tantam_nostram

399 2999 778 3069 captivitatem
812 2998 1074 3069 Iacrymis
1110 3013 1220 3052 non
1255 2997 1654 3067 prosequatur?
1695 2998 1992 3065 Propterea

401 3091 594 3161 inclyti
621 3090 715 3143 ﬁlii
747 3091 844 3144 Dei
880 3089 1120 3159 reputati
1144 3097 1274 3142 sunt
1304 3089 1360 3142 in
1389 3104 1516 3142 vasa
1549 3097 1741 3142 testea.
1771 3087 1988 3142 Idcirco

401 3181 760 3235 obscuratum
802 3186 888 3232 est
930 3192 1157 3239 aurum,
1208 3175 1556 3229 immutatum
1598 3183 1684 3229 est
1718 3175 1989 3243 optimum

403 3278 691 3340 argentum
720 3269 760 3322 ⁸.
786 3267 999 3322 Idcirco
1017 3262 1258 3321 Nazaraei
1277 3264 1408 3318 Sion
1436 3265 1563 3318 nive
1588 3265 1994 3334 splendidiores

402 3363 534 3418 facti
564 3377 756 3416 sumus
790 3361 947 3431 quasi
980 3358 1302 3427 ZEthiopes;
1332 3359 1426 3427 qui
1463 3357 1606 3411 lacte
1639 3357 1995 3412 candidiores

403 3460 584 3515 erant,
631 3465 798 3520 super
843 3457 1213 3503 atramentum
1262 3447 1534 3518 denigrali
1585 3455 1734 3500 sunt.
1783 3447 1995 3500 Idcirco

405 3543 766 3598 obtenebrata
795 3549 879 3596 est
902 3556 1069 3610 supra
1095 3539 1381 3610 fuliginem
1403 3539 1619 3609 species
1641 3546 1861 3592 nostra.
1889 3537 1995 3604 Qui

403 3634 790 3697 nutriebamur
828 3633 881 3686 in
929 3630 1235 3696 coccineis,
1278 3630 1573 3700 amplexati
1619 3645 1810 3684 sumus
1850 3639 1996 3684 ster-

406 3744 538 3784 cora
566 3745 577 3781 :
609 3737 665 3782 et
698 3728 873 3797 major
895 3726 1039 3780 facta
1069 3733 1153 3781 est
1178 3725 1445 3796 iniquitas
1473 3732 1666 3779 nostra
1696 3739 1862 3794 super
1894 3723 1998 3777 ini-

406 3817 676 3888 quitatem
718 3815 1107 3871 Sodomorum.
1153 3815 1367 3870 Idcirco
1417 3815 1514 3869 ﬁlii
1554 3814 1666 3869 diei
1723 3822 1781 3869 et
1831 3813 1996 3878 lucis,

405 3911 537 3966 facti
565 3925 756 3965 sumus
790 3909 887 3963 ﬁlii
912 3908 1092 3963 noctis
1121 3917 1177 3963 et
1207 3907 1562 3962 tenebrarum
1591 3907 1632 3961 ⁷.
1668 3905 1881 3961 Idcirco
1900 3904 2000 3960 ﬁlii

408 4017 586 4090 regni,
629 4017 685 4071 in
731 4015 872 4070 ﬁlios
901 4015 1179 4088 gehennt‘e
1208 4014 1509 4068 evasimus.
1558 4012 1859 4081 Propterea
1902 4009 1999 4064 ﬁlii

407 4111 648 4175 Excelsi,
691 4109 838 4164 sicut
882 4108 1139 4163 homines
1177 4107 1467 4169 morimur,
1504 4114 1561 4160 et
1587 4103 1732 4160 sicut
1762 4119 1905 4158 unus
1933 4118 2000 4157 ex

408 4199 760 4273 principibus
787 4198 1038 4265 cadimus
1079 4197 1122 4250 ⁸.
1163 4197 1462 4267 Propterea
1496 4194 1686 4248 traditi
1720 4209 1914 4248 sumus
1944 4193 2001 4246 in

411 4307 609 4346 manus
641 4291 888 4346 hostium
919 4289 1237 4358 iniquorum
1269 4287 1560 4358 (Stevorum
1588 4285 1802 4341 scilicet
1829 4300 1893 4338 ac
1925 4284 2004 4338 fe-

411 4381 629 4435 rocium
659 4379 993 4449 daemonum)
1024 4378 1253 4448 regique
1287 4378 1494 4448 injusto
1518 4386 1576 4432 et
1603 4375 2001 4432 scelestissimo

2087 1908 2183 1960 καὶ
2213 1908 2377 1977 ἡμεῖς
2414 1909 2586 1977 ἐσμεν
2645 1907 2832 1977 ὁδηγοὶ
2868 1905 3082 1974 τυφλοὶ,
3111 1904 3204 1958 τὸν
3257 1906 3488 1960 κόνωπα
3530 1905 3705 1961 διυλί-

2087 2000 2294 2066 ζοντες,
2323 2000 2415 2054 καὶ
2445 2001 2543 2070 τὴν
2577 2000 2827 2071 κάμηλον
2867 1998 3302 2065 καταπίνοντες;
3341 1999 3416 2051 Ἦ
3458 2000 3587 2069 οὐχὶ
3609 2000 3706 2052 καὶ

2088 2093 2249 2163 ἡμεῖς
2273 2092 2650 2164 καθαρίζομεν
2679 2093 2738 2146 τὸ
2771 2091 2972 2158 ἔξωθεν
3011 2091 3107 2145 τοῦ
3144 2090 3412 2162 ποτηρίου
3465 2091 3570 2144 καὶ¹
3603 2090 3702 2162 τῆς

2090 2184 2408 2256 παροψίδος·
2464 2184 2526 2237 τὸ
2579 2185 2634 2237 δὲ
2683 2182 2884 2237 ἔσωθεν
2913 2182 3070 2255 ἡμῶν
3104 2183 3266 2255 γέμει
3297 2183 3574 2254 ἁρπαγῆς
3607 2182 3704 2235 καὶ

2089 2280 2403 2344 πλεονεξίας
2449 2279 2564 2353 [Fr.
2606 2282 2700 2336 καὶ
2739 2279 3130 2352 ἀκαθαρσίας]ο
3171 2279 3372 2349 μᾶλλον
3423 2279 3483 2332 δὲ
3523 2281 3704 2350 ἀκρα-

2091 2371 2212 2436 σίας
2237 2389 2252 2436 ;
2283 2375 2353 2426 Ἣ
2382 2375 2503 2443 οὐχὶ
2533 2375 2628 2427 καὶ
2653 2375 2819 2446 ἡμεῖς
2850 2372 3303 2444 ἀποδεκατοῦμεν
3345 2372 3408 2426 τὸ
3443 2374 3703 2442 πήγανον

2091 2464 2187 2518 καί⁵
2215 2464 2274 2518 τὸ
2304 2464 2593 2536 ἡδύοσμον,
2622 2466 2716 2519 καὶ
2744 2467 2853 2518 πᾶν
2877 2465 3130 2536 λάχανον·
3163 2466 3258 2518 καὶ
3282 2463 3689 2535 παρερχόμεθα

2095 2556 2196 2625 τὴν
2248 2555 2430 2626 κρίσιν
2486 2556 2583 2610 καὶ
2613 2556 2710 2623 τὴν
2745 2557 2967 2627 ἀγάπην
2997 2556 3090 2611 τοῦ
3115 2555 3292 2625 Θεοῦς
3321 2558 3395 2609 ’Ἦ
3429 2557 3559 2627 οὐχὶ
3605 2555 3702 2610 καὶ

2093 2648 2257 2716 ἡμεῖς
2292 2647 2462 2717 ἐσμεν
2491 2647 2567 2710 ὼς
2599 2647 2669 2712 τὰ
2696 2651 2945 2719 ,μνημεῖα
2989 2649 3057 2702 τὰ
3093 2649 3283 2720 ἄδηλα,
3341 2648 3550 2713 ἔξωθεν
3597 2647 3698 2718 μὲν

2093 2740 2410 2810 φαινόμενοι
2444 2742 2558 2802 τοῖς
2594 2740 2909 2812 ἀνθρώποις
2953 2742 3174 2805 δίκαιοι,
3209 2740 3418 2794 ἔσωθεν
3455 2741 3518 2794 δὲ
3543 2740 3698 2802 ὄντες

2097 2830 2286 2898 μεστοὶ
2314 2829 2661 2899 ὑποκρίσεως
2691 2828 2789 2882 καὶ
2822 2829 3054 2900 ἀνομίας
3099 2829 3194 2883 καὶ
3229 2831 3406 2899 πάσης
3442 2830 3696 2899 ἀκαθαρ-

2096 2921 2243 2982 σίας;
2286 2922 2356 2973 Ἦ
2397 2921 2518 2991 οὐχ).
2564 2921 2658 2974 καὶ
2707 2922 2869 2992 ἡμεῖς
2913 2921 3304 2992 οἰκοδομοῦμεν
3329 2923 3462 2986 τοὺς
3486 2921 3698 2991 τάφους

2094 3012 2203 3065 τῶν
2244 3011 2577 3083 Μαρτύρων,
2635 3012 2733 3065 καὶ
2785 3010 3102 3082 κοσμοῦμεν
3155 3013 3226 3064 τά
3285 3015 3537 3083 μνημεῖα
3591 3011 3698 3064 τῶν

2106 3105 2470 3169 Ἀποστόλων,
2517 3103 2612 3156 καὶ
2643 3102 2809 3172 ὲσμὲν
2863 3103 3039 3173 ὅμοιοι
3081 3101 3190 3156 τῶν
3241 3103 3702 3156 ἀποκτεινάντων

2097 3195 2334 3261 αὐτούς;
2388 3194 2472 3258 τίς
2528 3189 2621 3248 οὖν
2659 3193 2721 3246 ού
2759 3192 2982 3247 κλαύσει
3025 3194 3172 3262 ἡμᾶς
3205 3192 3380 3256 οὕτως
3410 3193 3708 3262 διακειμέ-

2097 3304 2248 3348 νους.
2275 3286 2369 3349 Τίς
2401 3286 2460 3338 ού
2500 3284 2763 3356 θρηνήσει
2816 3285 2918 3356 τὴν
2950 3284 3289 3355 τηλικαύτην
3322 3286 3477 3355 ἡμῶν
3544 3286 3708 3355 αίχμ-

2098 3379 2371 3443 αλωσίαν;
2415 3378 2513 3431 Διά
2542 3376 2700 3430 τοῦτο
2736 3375 2840 3430 υἱοὶ
2868 3375 3003 3430 Θεοῦ
3035 3378 3084 3429 οί
3110 3377 3304 3447 τίμιοι,
3329 3377 3706 3448 ἐλογίσθημεν

2099 3469 2172 3531 ὼς
2211 3470 2409 3536 ἀγγεῖα
2441 3468 2762 3538 ὀστράκινα.
2801 3465 2902 3519 Διὰ
2930 3464 3089 3518 τοῦτο
3123 3464 3431 3536 ἡμαυρὼθη
3463 3465 3538 3518 τὸ
3572 3482 3704 3536 χρυ-

2102 3561 2235 3613 σίον·
2269 3560 2536 3631 ἠλλοιώθη
2565 3559 2627 3612 τὸ
2657 3558 2920 3630 ἀργύριον
2962 3557 3024 3611 τὸ
3055 3557 3280 3626 ἀγαθόν.
3319 3555 3418 3610 Διὰ
3455 3556 3626 3611 τοῦτο
3654 3556 3705 3609 οί

2100 3650 2413 3721 Ναζωραῖοι
2454 3651 2616 3716 Σιὼν,
2651 3651 2703 3704 οί
2733 3650 2875 3722 ὑπὲρ
2917 3649 3072 3722 χιόνα
3100 3649 3439 3720 λάμψαντες,
3467 3650 3704 3719 γεγόνα-

2105 3763 2208 3815 μεν
2263 3745 2338 3809 ὼς
2374 3744 2650 3809 Αἰθίοπεςο
2681 3745 2732 3798 ot
2759 3745 2899 3815 ὑπὲρ
2932 3742 3074 3812 γάλα
3105 3741 3518 3806 λευκανθέντεςν
3558 3741 3698 3811 ὑπὲρ

2107 3836 2272 3907 μέλαν
2302 3836 2682 3908 ἐζοφώθησαν.
2711 3835 2810 3889 Διά
2839 3835 3000 3888 τοῦτο
3021 3835 3316 3889 ὲσκότασεν
3350 3835 3492 3906 ὑπὲρ
3536 3835 3700 3890 ἀσϐό-

2102 3928 2202 3998 λην
2254 3927 2315 3979 τὸ
2366 3923 2505 3990 εἶδος
2555 3927 2730 3996 ἡμῶν.
2784 3929 2849 3980 Ol
2893 3926 3273 3998 τιθηνούμενοι
3320 3926 3414 3979 ἐπὶ
3455 3926 3698 3990 κόκκων,

2105 4017 2542 4090 περιεὸαλόμεθα
2574 4017 2828 4090 κοπρίας·
2871 4018 2966 4072 καὶ
3011 4017 3356 4089 ὲμεγαλύνθη
3403 4019 3438 4089 ἡ
3494 4017 3702 4089 ἀνομία

2105 4108 2285 4180 ἡμῶν,
2318 4109 2460 4180 ὑπὲρ
2493 4109 2735 4180 ἀνομιῶν
2770 4109 3041 4181 Σοδόμων.
3071 4109 3170 4162 Διά
3199 4109 3356 4163 τοῦτο
3382 4111 3432 4162 οί
3467 4111 3580 4164 υίοὶ
3603 4110 3702 4180 τῆς

2104 4199 2320 4268 ἡμέρας
2363 4199 2454 4252 καὶ
2500 4199 2594 4252 τοῦ
2623 4199 2821 4268 φωτὸς,
2865 4199 2972 4252 υίοὶ
3023 4200 3331 4270 γεγόναμεν
3379 4199 3577 4264 νυκτὸς
3607 4197 3702 4252 καὶ

2108 4293 2365 4354 σκότους.
2395 4291 2495 4343 Διά
2519 4290 2678 4344 τοῦτο
2707 4291 2811 4344 υίοὶ
2843 4291 2941 4360 της
2987 4290 3286 4360 βασιλείας,
3312 4291 3426 4360 υἱοὶ
3468 4291 3701 4359 γεέννης

2109 4382 2443 4452 γεγόναμεν.
2477 4382 2578 4435 Διά
2597 4380 2755 4435 τοῦτο
2775 4383 2824 4434 οἱ
2859 4381 2965 4435 υἱοὶ
3010 4381 3287 4450 Ὑψίστου,
3318 4381 3394 4446 ὡς
3422 4382 3699 4450 ἄνθρωποι

415 4488 561 4542 ultra
609 4501 828 4540 omnem
883 4492 1088 4538 terram
1131 4483 1381 4553 (illorum
1427 4482 1691 4536 nimirum
1744 4481 1992 4553 principi:

2116 4474 2554 4545 ἀποθνήσκομεν,
2589 4474 2680 4526 καὶ
2708 4473 2785 4536 ὡς
2834 4468 2916 4537 εἷς
2948 4472 3056 4525 τῶν
3088 4473 3364 4546 ἀρχόντων
3404 4473 3698 4551 πίπτομεν.

413 4581 542 4652 quia
564 4577 920 4650 peccavimus
940 4592 1004 4632 ac
1028 4577 1216 4646 inique
1241 4577 1481 4646 egimus,
1504 4574 1764 4629 violando
1786 4575 2005 4629 Domini

415 4672 515 4728 Dei
564 4671 739 4725 nostri
787 4669 1046 4724 mandata
1074 4669 1118 4734 9,
1151 4676 1208 4722 et
1245 4666 1624 4722 conculcando
1651 4667 1854 4721 Filium
1886 4666 2005 4732 Dei,

419 4779 486 4820 ac
509 4777 863 4820 communem
897 4760 1152 4815 ducendo
1195 4760 1518 4830 sanguinem
1569 4756 1886 4813 testamenti
1940 4757 2004 4811 ¹⁰.

421 4858 528 4914 Sed
554 4874 621 4912 ne
645 4855 942 4911 tradideris
961 4869 1060 4908 nos
1082 4853 1137 4907 in
1161 4852 1325 4906 ﬁnem
1351 4857 1580 4921 propter
1597 4864 1800 4904 nomen
1827 4857 2005 4913 tuum,

419 4950 674 5014 Domine,
727 4964 796 5002 ne
847 4946 1109 5015 dissipes.
1135 4951 1529 4999 testamentum
1585 4948 1776 5003 tuum;
1824 4955 2007 5009 neque

422 5049 636 5095 avertas
675 5037 1110 5093 misericordiam
1137 5045 1285 5089 tuam
1313 5049 1343 5088 a
1371 5032 1553 5096 nobis,
1582 5039 1808 5102 propter
1841 5031 2009 5086 mise-

422 5131 668 5184 rationes
699 5138 821 5184 tuas
851 5129 916 5195 “,
958 5129 1120 5188 Pater
1161 5135 1370 5190 noster,
1413 5124 1505 5194 qui
1533 5139 1593 5178 es
1635 5124 1692 5176 in
1735 5122 1920 5188 caelis;
1956 5129 2015 5176 et

422 5228 650 5290 propter
679 5219 893 5274 viscera
918 5218 1185 5288 unigeniti
1216 5216 1341 5271 Filii
1366 5215 1484 5284 tuif,
1526 5225 1867 5284 propterque
1905 5213 2013 5266 mi—

425 5309 787 5366 sericordiam
815 5309 1058 5379 Spiritus
1082 5309 1278 5363 sancti.
1321 5307 1399 5361 Ne
1429 5305 1732 5360 memineris
1758 5305 2015 5374 iniquita—

427 5410 539 5457 tum
575 5409 879 5455 nostrarum
909 5402 1292 5467 antiquarum;
1331 5399 1428 5455 sed
1471 5400 1572 5452 cito
1607 5397 1894 5466 anticipent
1923 5411 2017 5450 nos

427 5493 798 5549 misericordia:
850 5501 976 5556 tuw,
1032 5495 1157 5562 quia
1213 5506 1471 5562 pauperes
1529 5489 1655 5559 facti
1706 5504 1889 5557 sumus
1939 5487 2021 5540 ni-

2113 4567 2211 4619 Διά
2253 4565 2410 4618 τοῦτο
2463 4564 2843 4636 παρεδόθημεν
2878 4565 2960 4628 είς
2996 4566 3186 4635 χεῖρας
3216 4563 3424 4634 ἐχθρῶν
3456 4564 3697 4635 ἀνόμων,

2113 4654 2224 4707 τῶν
2266 4655 2476 4725 ἀγρίων
2516 4652 2661 4722 λέγω
2701 4653 2990 4724 δαιμόνων,
3022 4653 3116 4706 καὶ
3147 4652 3360 4723 βασιλεῖ
3396 4653 3568 4724 ἀδίκῳ
3607 4653 3701 4706 καὶ

2115 4746 2488 4817 πονηρωτάτῳ
2519 4745 2673 4815 παρὰ
2717 4746 2901 4798 πᾶσαν
2936 4744 3037 4815 τὴν
3079 4747 3202 4814 γῆν,
3235 4743 3438 4814 δηλαδὴ
3466 4745 3546 4815 τῷ
3577 4743 3701 4799 τού-

2111 4856 2220 4892 των
2251 4839 2494 4908 ἄρχοντι,
2523 4837 2606 4889 ὅτι
2631 4836 2951 4907 ἡμάρτομεν
2985 4837 3080 4890 καὶ
3109 4837 3488 4907 ἡνομὴσαμεν,
3521 4851 3700 4907 παρα-

2115 4930 2308 4992 ϐάντες
2363 4928 2462 4992 τὰς
2543 4928 2764 4991 ὲντολάς
2810 4927 3015 4998 Κυρίου
3106 4926 3199 4980 τοῦ
3274 4925 3410 4980 Θεοῦ
3499 4925 3657 4997 ἡμῶν
3683 4961 3702 4991 ,

2117 5022 2211 5078 καὶ
2237 5015 2720 5090 καταπατήσαντες
2742 5019 2833 5072 τὸν
2863 5019 2988 5072 Υίὸν
3018 5017 3110 5071 τοῦ
3151 5018 3285 5072 Θεοῦ
3316 5018 3412 5072 καὶ
3453 5018 3516 5072 τὸ
3561 5013 3702 5089 αἷμα

2119 5115 2217 5186 τῆς
2244 5112 2508 5184 διαθήκης
2559 5112 2738 5164 κοινὸν
2800 5111 3166 5181 ἡγησάμενοι.
3210 5110 3373 5164 Ἀ)λά
3417 5110 3492 5182 μὴ
3523 5127 3702 5181 παρα-

2119 5208 2246 5276 δόης
2280 5205 2395 5278 [Fr.
2443 5202 2722 5276 παραδῴς]
2775 5205 2926 5274 ἡμᾶς
2976 5205 3057 5267 είς
3085 5204 3240 5267 τέλος
3295 5201 3386 5255 διὰ
3424 5199 3704 5272 τὸδνομά

2124 5316 2244 5366 σου,
2279 5297 2474 5368 Κύριε,
2507 5297 2602 5349 καὶ
2640 5295 2716 5366 μὴ
2760 5295 3118 5367 διασκεδάσῃς
3163 5294 3261 5366 τὴν
3289 5292 3552 5365 διαθήκην
3587 5307 3700 5347 σου⁶
3753 5286 3756 5288 ⁷

2126 5393 2223 5447 καὶ
2259 5391 2333 5463 μὴ
2387 5391 2706 5462 ἀποστήσῃς
2746 5387 2806 5440 τὸ
2839 5387 2990 5450 ἔλεός
3021 5403 3116 5440 σου
3143 5386 3238 5457 ἀφ’
3264 5386 3544 5457 ἡμῶν,διά
3580 5387 3703 5446 τοὺς

2125 5482 2447 5553 ,οίκτιρμούς
2475 5497 2593 5544 σου,
2627 5480 2812 5550 Πάτερ
2842 5477 2997 5549 ἡμῶν
3025 5479 3055 5530 ό
3086 5480 3142 5531 ὲν
3173 5479 3284 5541 τοῖς
3311 5477 3579 5547 οὐρανοῖςο
3606 5472 3700 5528 καὶ

502 5714 525 5746 ⁸
557 5712 691 5767 Luc.
719 5727 794 5773 χι.
832 5711 917 5764 46.
995 5709 1015 5740 ⁸
1043 5709 1233 5764 Matth.
1267 5724 1339 5770 τι,
1371 5707 1422 5761 5.
1464 5708 1484 5739 ⁵
1519 5704 1707 5759 Matth.
1737 5720 1885 5767 χχιιι,
1913 5703 1992 5758 ὅνξ

2113 5701 2347 5773 Lucilii,
2379 5696 2581 5773 δεῇ-52.
2659 5695 2680 5726 ⁸
2704 5695 2972 5773 Threng,
3003 5695 3065 5764 ὃς
3099 5696 3242 5764 Iv,I,
3272 5697 3328 5753 2.
3404 5697 3426 5729 '
3461 5696 3482 5752 I
3515 5693 3697 5750 Thess.

429 5799 488 5849 ν,
519 5781 570 5837 5.
646 5783 666 5812 '
699 5782 822 5836 Psal
881 5795 1036 5846 Lxxx,
1067 5781 1118 5833 7.
1195 5779 1215 5808 ’
1248 5778 1381 5831 Dan.
1432 5793 1510 5840 ιιι,
1543 5776 1604 5828 ’51
1636 5790 1789 5842 seqq.

1871 5776 1911 5806 ³ο
1948 5767 2114 5828 Hebr.
2149 5788 2202 5838 x,
2233 5770 2326 5825 28.
2405 5771 2444 5799 “
2478 5769 2614 5822 Dan.
2643 5781 2720 5834 ιιι,
2746 5767 2835 5835 54,
2870 5767 2958 5822 55.
